Poker Hand #HD1718565210: Hold'em No Limit ($0.02/$0.05) - 2024/04/06 19:30:42
Table 'NLHBlue27' 6-max Seat #1 is the button
Seat 1: f06a60d0 ($6.59 in chips)
Seat 2: 36c29fb3 ($4.95 in chips)
Seat 3: 7099f010 ($7.05 in chips)
Seat 4: Hero ($6.34 in chips)
Seat 5: 938cd9e0 ($4.5 in chips)
Seat 6: 6ae8fce6 ($3.4 in chips)
36c29fb3: posts small blind $0.02
7099f010: posts big blind $0.05
*** HOLE CARDS ***
Dealt to f06a60d0 
Dealt to 36c29fb3 
Dealt to 7099f010 
Dealt to Hero [3d 9d]
Dealt to 938cd9e0 
Dealt to 6ae8fce6 
Hero: folds
938cd9e0: folds
6ae8fce6: raises $0.06 to $0.11
f06a60d0: folds
36c29fb3: folds
7099f010: calls $0.06
*** FLOP *** [7s 9c 3h]
7099f010: checks
6ae8fce6: bets $0.1
7099f010: calls $0.1
*** TURN *** [7s 9c 3h] [3c]
7099f010: checks
6ae8fce6: checks
*** RIVER *** [7s 9c 3h 3c] [4c]
7099f010: bets $0.21
6ae8fce6: folds
Uncalled bet ($0.21) returned to 7099f010
*** SHOWDOWN ***
7099f010 collected $0.42 from pot
*** SUMMARY ***
Total pot $0.44 | Rake $0.02 | Jackpot $0 | Bingo $0 | Fortune $0 | Tax $0
Board [7s 9c 3h 3c 4c]
Seat 1: f06a60d0 (button) folded before Flop (didn't bet)
Seat 2: 36c29fb3 (small blind) folded before Flop
Seat 3: 7099f010 (big blind) won ($0.42)
Seat 4: Hero folded before Flop (didn't bet)
Seat 5: 938cd9e0 folded before Flop (didn't bet)
Seat 6: 6ae8fce6 folded on the River


Poker Hand #HD1718565160: Hold'em No Limit ($0.02/$0.05) - 2024/04/06 19:30:17
Table 'NLHBlue27' 6-max Seat #6 is the button
Seat 1: f06a60d0 ($6.61 in chips)
Seat 2: 36c29fb3 ($5 in chips)
Seat 3: 7099f010 ($7.05 in chips)
Seat 4: Hero ($6.34 in chips)
Seat 5: 938cd9e0 ($4.5 in chips)
Seat 6: 6ae8fce6 ($3.33 in chips)
f06a60d0: posts small blind $0.02
36c29fb3: posts big blind $0.05
*** HOLE CARDS ***
Dealt to f06a60d0 
Dealt to 36c29fb3 
Dealt to 7099f010 
Dealt to Hero [Th 2s]
Dealt to 938cd9e0 
Dealt to 6ae8fce6 
7099f010: folds
Hero: folds
938cd9e0: folds
6ae8fce6: raises $0.07 to $0.12
f06a60d0: folds
36c29fb3: folds
Uncalled bet ($0.07) returned to 6ae8fce6
*** SHOWDOWN ***
6ae8fce6 collected $0.12 from pot
*** SUMMARY ***
Total pot $0.12 | Rake $0 | Jackpot $0 | Bingo $0 | Fortune $0 | Tax $0
Seat 1: f06a60d0 (small blind) folded before Flop
Seat 2: 36c29fb3 (big blind) folded before Flop
Seat 3: 7099f010 folded before Flop (didn't bet)
Seat 4: Hero folded before Flop (didn't bet)
Seat 5: 938cd9e0 folded before Flop (didn't bet)
Seat 6: 6ae8fce6 (button) collected ($0.12)


Poker Hand #HD1718565117: Hold'em No Limit ($0.02/$0.05) - 2024/04/06 19:29:54
Table 'NLHBlue27' 6-max Seat #5 is the button
Seat 1: f06a60d0 ($6.66 in chips)
Seat 2: 36c29fb3 ($5 in chips)
Seat 3: 7099f010 ($7.05 in chips)
Seat 4: Hero ($6.27 in chips)
Seat 5: 938cd9e0 ($4.5 in chips)
Seat 6: 6ae8fce6 ($3.35 in chips)
6ae8fce6: posts small blind $0.02
f06a60d0: posts big blind $0.05
*** HOLE CARDS ***
Dealt to f06a60d0 
Dealt to 36c29fb3 
Dealt to 7099f010 
Dealt to Hero [9s Ac]
Dealt to 938cd9e0 
Dealt to 6ae8fce6 
36c29fb3: folds
7099f010: folds
Hero: raises $0.08 to $0.13
938cd9e0: folds
6ae8fce6: folds
f06a60d0: folds
Uncalled bet ($0.08) returned to Hero
*** SHOWDOWN ***
Hero collected $0.12 from pot
*** SUMMARY ***
Total pot $0.12 | Rake $0 | Jackpot $0 | Bingo $0 | Fortune $0 | Tax $0
Seat 1: f06a60d0 (big blind) folded before Flop
Seat 2: 36c29fb3 folded before Flop (didn't bet)
Seat 3: 7099f010 folded before Flop (didn't bet)
Seat 4: Hero collected ($0.12)
Seat 5: 938cd9e0 (button) folded before Flop (didn't bet)
Seat 6: 6ae8fce6 (small blind) folded before Flop


Poker Hand #HD1718564993: Hold'em No Limit ($0.02/$0.05) - 2024/04/06 19:28:49
Table 'NLHBlue27' 6-max Seat #4 is the button
Seat 1: f06a60d0 ($6.66 in chips)
Seat 2: 36c29fb3 ($5 in chips)
Seat 3: 7099f010 ($6.44 in chips)
Seat 4: Hero ($6.27 in chips)
Seat 5: 938cd9e0 ($4.83 in chips)
Seat 6: 6ae8fce6 ($3.68 in chips)
938cd9e0: posts small blind $0.02
6ae8fce6: posts big blind $0.05
*** HOLE CARDS ***
Dealt to f06a60d0 
Dealt to 36c29fb3 
Dealt to 7099f010 
Dealt to Hero [8s 3s]
Dealt to 938cd9e0 
Dealt to 6ae8fce6 
f06a60d0: folds
36c29fb3: folds
7099f010: raises $0.08 to $0.13
Hero: folds
938cd9e0: calls $0.11
6ae8fce6: calls $0.08
*** FLOP *** [9d 7h Tc]
938cd9e0: checks
6ae8fce6: checks
7099f010: bets $0.2
938cd9e0: calls $0.2
6ae8fce6: calls $0.2
*** TURN *** [9d 7h Tc] [5d]
938cd9e0: checks
6ae8fce6: checks
7099f010: checks
*** RIVER *** [9d 7h Tc 5d] [2s]
938cd9e0: checks
6ae8fce6: checks
7099f010: bets $0.7
938cd9e0: folds
6ae8fce6: folds
Uncalled bet ($0.7) returned to 7099f010
*** SHOWDOWN ***
7099f010 collected $0.94 from pot
*** SUMMARY ***
Total pot $0.99 | Rake $0.05 | Jackpot $0 | Bingo $0 | Fortune $0 | Tax $0
Board [9d 7h Tc 5d 2s]
Seat 1: f06a60d0 folded before Flop (didn't bet)
Seat 2: 36c29fb3 folded before Flop (didn't bet)
Seat 3: 7099f010 won ($0.94)
Seat 4: Hero (button) folded before Flop (didn't bet)
Seat 5: 938cd9e0 (small blind) folded on the River
Seat 6: 6ae8fce6 (big blind) folded on the River


Poker Hand #HD1718564980: Hold'em No Limit ($0.02/$0.05) - 2024/04/06 19:28:40
Table 'NLHBlue27' 6-max Seat #3 is the button
Seat 1: f06a60d0 ($6.66 in chips)
Seat 2: 36c29fb3 ($5 in chips)
Seat 3: 7099f010 ($6.44 in chips)
Seat 4: Hero ($6.29 in chips)
Seat 5: 938cd9e0 ($4.81 in chips)
Seat 6: 6ae8fce6 ($3.68 in chips)
Hero: posts small blind $0.02
938cd9e0: posts big blind $0.05
*** HOLE CARDS ***
Dealt to f06a60d0 
Dealt to 36c29fb3 
Dealt to 7099f010 
Dealt to Hero [6c Th]
Dealt to 938cd9e0 
Dealt to 6ae8fce6 
6ae8fce6: folds
f06a60d0: folds
36c29fb3: folds
7099f010: folds
Hero: folds
Uncalled bet ($0.03) returned to 938cd9e0
*** SHOWDOWN ***
938cd9e0 collected $0.04 from pot
*** SUMMARY ***
Total pot $0.04 | Rake $0 | Jackpot $0 | Bingo $0 | Fortune $0 | Tax $0
Seat 1: f06a60d0 folded before Flop (didn't bet)
Seat 2: 36c29fb3 folded before Flop (didn't bet)
Seat 3: 7099f010 (button) folded before Flop (didn't bet)
Seat 4: Hero (small blind) folded before Flop
Seat 5: 938cd9e0 (big blind) collected ($0.04)
Seat 6: 6ae8fce6 folded before Flop (didn't bet)


Poker Hand #HD1718564947: Hold'em No Limit ($0.02/$0.05) - 2024/04/06 19:28:22
Table 'NLHBlue27' 6-max Seat #2 is the button
Seat 1: f06a60d0 ($6.66 in chips)
Seat 2: 36c29fb3 ($5 in chips)
Seat 3: 7099f010 ($6.46 in chips)
Seat 4: Hero ($6.34 in chips)
Seat 5: 938cd9e0 ($4.74 in chips)
Seat 6: 6ae8fce6 ($3.68 in chips)
7099f010: posts small blind $0.02
Hero: posts big blind $0.05
*** HOLE CARDS ***
Dealt to f06a60d0 
Dealt to 36c29fb3 
Dealt to 7099f010 
Dealt to Hero [3c 2d]
Dealt to 938cd9e0 
Dealt to 6ae8fce6 
938cd9e0: raises $0.08 to $0.13
6ae8fce6: folds
f06a60d0: folds
36c29fb3: folds
7099f010: folds
Hero: folds
Uncalled bet ($0.08) returned to 938cd9e0
*** SHOWDOWN ***
938cd9e0 collected $0.12 from pot
*** SUMMARY ***
Total pot $0.12 | Rake $0 | Jackpot $0 | Bingo $0 | Fortune $0 | Tax $0
Seat 1: f06a60d0 folded before Flop (didn't bet)
Seat 2: 36c29fb3 (button) folded before Flop (didn't bet)
Seat 3: 7099f010 (small blind) folded before Flop
Seat 4: Hero (big blind) folded before Flop
Seat 5: 938cd9e0 collected ($0.12)
Seat 6: 6ae8fce6 folded before Flop (didn't bet)


Poker Hand #HD1718564858: Hold'em No Limit ($0.02/$0.05) - 2024/04/06 19:27:39
Table 'NLHBlue27' 6-max Seat #1 is the button
Seat 1: f06a60d0 ($6.66 in chips)
Seat 2: 36c29fb3 ($5.26 in chips)
Seat 3: 7099f010 ($6.19 in chips)
Seat 4: Hero ($6.34 in chips)
Seat 5: 938cd9e0 ($4.74 in chips)
Seat 6: 6ae8fce6 ($3.68 in chips)
36c29fb3: posts small blind $0.02
7099f010: posts big blind $0.05
*** HOLE CARDS ***
Dealt to f06a60d0 
Dealt to 36c29fb3 
Dealt to 7099f010 
Dealt to Hero [Kh 4c]
Dealt to 938cd9e0 
Dealt to 6ae8fce6 
Hero: folds
938cd9e0: folds
6ae8fce6: folds
f06a60d0: folds
36c29fb3: raises $0.05 to $0.1
7099f010: raises $0.2 to $0.3
36c29fb3: calls $0.2
*** FLOP *** [6s Th 8s]
36c29fb3: checks
7099f010: bets $0.3
36c29fb3: folds
Uncalled bet ($0.3) returned to 7099f010
*** SHOWDOWN ***
7099f010 collected $0.57 from pot
*** SUMMARY ***
Total pot $0.6 | Rake $0.03 | Jackpot $0 | Bingo $0 | Fortune $0 | Tax $0
Board [6s Th 8s]
Seat 1: f06a60d0 (button) folded before Flop (didn't bet)
Seat 2: 36c29fb3 (small blind) folded on the Flop
Seat 3: 7099f010 (big blind) won ($0.57)
Seat 4: Hero folded before Flop (didn't bet)
Seat 5: 938cd9e0 folded before Flop (didn't bet)
Seat 6: 6ae8fce6 folded before Flop (didn't bet)


Poker Hand #HD1718564744: Hold'em No Limit ($0.02/$0.05) - 2024/04/06 19:26:50
Table 'NLHBlue27' 6-max Seat #6 is the button
Seat 1: f06a60d0 ($6.68 in chips)
Seat 2: 36c29fb3 ($5.48 in chips)
Seat 3: 7099f010 ($6.19 in chips)
Seat 4: Hero ($6.34 in chips)
Seat 5: 938cd9e0 ($4.74 in chips)
Seat 6: 6ae8fce6 ($3.46 in chips)
f06a60d0: posts small blind $0.02
36c29fb3: posts big blind $0.05
*** HOLE CARDS ***
Dealt to f06a60d0 
Dealt to 36c29fb3 
Dealt to 7099f010 
Dealt to Hero [9d Jc]
Dealt to 938cd9e0 
Dealt to 6ae8fce6 
7099f010: folds
Hero: folds
938cd9e0: folds
6ae8fce6: raises $0.07 to $0.12
f06a60d0: folds
36c29fb3: calls $0.07
*** FLOP *** [Kd Ks 3s]
36c29fb3: checks
6ae8fce6: checks
*** TURN *** [Kd Ks 3s] [Qs]
36c29fb3: checks
6ae8fce6: checks
*** RIVER *** [Kd Ks 3s Qs] [4d]
36c29fb3: checks
6ae8fce6: bets $0.1
36c29fb3: calls $0.1
6ae8fce6: shows [5s 5h] (Pair of Kings and Pair of Fives)
36c29fb3: shows [4c Ah] (Pair of Kings and Pair of Fours)
*** SHOWDOWN ***
6ae8fce6 collected $0.44 from pot
*** SUMMARY ***
Total pot $0.46 | Rake $0.02 | Jackpot $0 | Bingo $0 | Fortune $0 | Tax $0
Board [Kd Ks 3s Qs 4d]
Seat 1: f06a60d0 (small blind) folded before Flop
Seat 2: 36c29fb3 (big blind) showed [4c Ah] and lost with Pair of Kings and Pair of Fours
Seat 3: 7099f010 folded before Flop (didn't bet)
Seat 4: Hero folded before Flop (didn't bet)
Seat 5: 938cd9e0 folded before Flop (didn't bet)
Seat 6: 6ae8fce6 (button) showed [5s 5h] and won ($0.44) with Pair of Kings and Pair of Fives


Poker Hand #HD1718564683: Hold'em No Limit ($0.02/$0.05) - 2024/04/06 19:26:16
Table 'NLHBlue27' 6-max Seat #5 is the button
Seat 1: f06a60d0 ($6.73 in chips)
Seat 2: 36c29fb3 ($5.07 in chips)
Seat 3: 7099f010 ($6.57 in chips)
Seat 4: Hero ($6.34 in chips)
Seat 5: 938cd9e0 ($4.74 in chips)
Seat 6: 6ae8fce6 ($3.48 in chips)
6ae8fce6: posts small blind $0.02
f06a60d0: posts big blind $0.05
*** HOLE CARDS ***
Dealt to f06a60d0 
Dealt to 36c29fb3 
Dealt to 7099f010 
Dealt to Hero [3s 4d]
Dealt to 938cd9e0 
Dealt to 6ae8fce6 
36c29fb3: raises $0.05 to $0.1
7099f010: raises $0.28 to $0.38
Hero: folds
938cd9e0: folds
6ae8fce6: folds
f06a60d0: folds
36c29fb3: raises $0.65 to $1.03
7099f010: folds
Uncalled bet ($0.65) returned to 36c29fb3
*** SHOWDOWN ***
36c29fb3 collected $0.79 from pot
*** SUMMARY ***
Total pot $0.83 | Rake $0.04 | Jackpot $0 | Bingo $0 | Fortune $0 | Tax $0
Seat 1: f06a60d0 (big blind) folded before Flop
Seat 2: 36c29fb3 collected ($0.79)
Seat 3: 7099f010 folded before Flop
Seat 4: Hero folded before Flop (didn't bet)
Seat 5: 938cd9e0 (button) folded before Flop (didn't bet)
Seat 6: 6ae8fce6 (small blind) folded before Flop


Poker Hand #HD1718564655: Hold'em No Limit ($0.02/$0.05) - 2024/04/06 19:26:03
Table 'NLHBlue27' 6-max Seat #4 is the button
Seat 1: f06a60d0 ($6.73 in chips)
Seat 2: 36c29fb3 ($5.07 in chips)
Seat 3: 7099f010 ($6.57 in chips)
Seat 4: Hero ($6.27 in chips)
Seat 5: 938cd9e0 ($4.76 in chips)
Seat 6: 6ae8fce6 ($3.53 in chips)
938cd9e0: posts small blind $0.02
6ae8fce6: posts big blind $0.05
*** HOLE CARDS ***
Dealt to f06a60d0 
Dealt to 36c29fb3 
Dealt to 7099f010 
Dealt to Hero [Ac 6h]
Dealt to 938cd9e0 
Dealt to 6ae8fce6 
f06a60d0: folds
36c29fb3: folds
7099f010: folds
Hero: raises $0.08 to $0.13
938cd9e0: folds
6ae8fce6: folds
Uncalled bet ($0.08) returned to Hero
*** SHOWDOWN ***
Hero collected $0.12 from pot
*** SUMMARY ***
Total pot $0.12 | Rake $0 | Jackpot $0 | Bingo $0 | Fortune $0 | Tax $0
Seat 1: f06a60d0 folded before Flop (didn't bet)
Seat 2: 36c29fb3 folded before Flop (didn't bet)
Seat 3: 7099f010 folded before Flop (didn't bet)
Seat 4: Hero (button) collected ($0.12)
Seat 5: 938cd9e0 (small blind) folded before Flop
Seat 6: 6ae8fce6 (big blind) folded before Flop


Poker Hand #HD1718564635: Hold'em No Limit ($0.02/$0.05) - 2024/04/06 19:25:51
Table 'NLHBlue27' 6-max Seat #3 is the button
Seat 1: f06a60d0 ($6.73 in chips)
Seat 2: 36c29fb3 ($5 in chips)
Seat 3: 7099f010 ($6.57 in chips)
Seat 4: Hero ($6.29 in chips)
Seat 5: 938cd9e0 ($4.81 in chips)
Seat 6: 6ae8fce6 ($3.53 in chips)
Hero: posts small blind $0.02
938cd9e0: posts big blind $0.05
*** HOLE CARDS ***
Dealt to f06a60d0 
Dealt to 36c29fb3 
Dealt to 7099f010 
Dealt to Hero [7h Th]
Dealt to 938cd9e0 
Dealt to 6ae8fce6 
6ae8fce6: folds
f06a60d0: folds
36c29fb3: raises $0.05 to $0.1
7099f010: folds
Hero: folds
938cd9e0: folds
Uncalled bet ($0.05) returned to 36c29fb3
*** SHOWDOWN ***
36c29fb3 collected $0.12 from pot
*** SUMMARY ***
Total pot $0.12 | Rake $0 | Jackpot $0 | Bingo $0 | Fortune $0 | Tax $0
Seat 1: f06a60d0 folded before Flop (didn't bet)
Seat 2: 36c29fb3 collected ($0.12)
Seat 3: 7099f010 (button) folded before Flop (didn't bet)
Seat 4: Hero (small blind) folded before Flop
Seat 5: 938cd9e0 (big blind) folded before Flop
Seat 6: 6ae8fce6 folded before Flop (didn't bet)


Poker Hand #HD1718564612: Hold'em No Limit ($0.02/$0.05) - 2024/04/06 19:25:41
Table 'NLHBlue27' 6-max Seat #2 is the button
Seat 1: f06a60d0 ($6.73 in chips)
Seat 2: 36c29fb3 ($5 in chips)
Seat 3: 7099f010 ($6.59 in chips)
Seat 4: Hero ($6.27 in chips)
Seat 5: 938cd9e0 ($4.81 in chips)
Seat 6: 6ae8fce6 ($3.53 in chips)
7099f010: posts small blind $0.02
Hero: posts big blind $0.05
*** HOLE CARDS ***
Dealt to f06a60d0 
Dealt to 36c29fb3 
Dealt to 7099f010 
Dealt to Hero [9d 5s]
Dealt to 938cd9e0 
Dealt to 6ae8fce6 
938cd9e0: folds
6ae8fce6: folds
f06a60d0: folds
36c29fb3: folds
7099f010: folds
Uncalled bet ($0.03) returned to Hero
*** SHOWDOWN ***
Hero collected $0.04 from pot
*** SUMMARY ***
Total pot $0.04 | Rake $0 | Jackpot $0 | Bingo $0 | Fortune $0 | Tax $0
Seat 1: f06a60d0 folded before Flop (didn't bet)
Seat 2: 36c29fb3 (button) folded before Flop (didn't bet)
Seat 3: 7099f010 (small blind) folded before Flop
Seat 4: Hero (big blind) collected ($0.04)
Seat 5: 938cd9e0 folded before Flop (didn't bet)
Seat 6: 6ae8fce6 folded before Flop (didn't bet)


Poker Hand #HD1718564493: Hold'em No Limit ($0.02/$0.05) - 2024/04/06 19:24:44
Table 'NLHBlue27' 6-max Seat #1 is the button
Seat 1: f06a60d0 ($6.73 in chips)
Seat 2: 36c29fb3 ($5 in chips)
Seat 3: 7099f010 ($5 in chips)
Seat 4: Hero ($6.27 in chips)
Seat 5: 938cd9e0 ($6.6 in chips)
Seat 6: 6ae8fce6 ($3.53 in chips)
36c29fb3: posts small blind $0.02
7099f010: posts big blind $0.05
*** HOLE CARDS ***
Dealt to f06a60d0 
Dealt to 36c29fb3 
Dealt to 7099f010 
Dealt to Hero [5d As]
Dealt to 938cd9e0 
Dealt to 6ae8fce6 
Hero: folds
938cd9e0: raises $0.08 to $0.13
6ae8fce6: folds
f06a60d0: folds
36c29fb3: folds
7099f010: calls $0.08
*** FLOP *** [7s 9s 8s]
7099f010: checks
938cd9e0: bets $0.1
7099f010: calls $0.1
*** TURN *** [7s 9s 8s] [4c]
7099f010: checks
938cd9e0: bets $0.36
7099f010: calls $0.36
*** RIVER *** [7s 9s 8s 4c] [8d]
7099f010: bets $1.2
938cd9e0: calls $1.2
7099f010: shows [6s Th] (Tens-High Straight)
938cd9e0: shows [Kc Ks] (Pair of Kings and Pair of Eights)
*** SHOWDOWN ***
7099f010 collected $3.38 from pot
*** SUMMARY ***
Total pot $3.6 | Rake $0.17 | Jackpot $0.05 | Bingo $0 | Fortune $0 | Tax $0
Board [7s 9s 8s 4c 8d]
Seat 1: f06a60d0 (button) folded before Flop (didn't bet)
Seat 2: 36c29fb3 (small blind) folded before Flop
Seat 3: 7099f010 (big blind) showed [6s Th] and won ($3.38) with Tens-High Straight
Seat 4: Hero folded before Flop (didn't bet)
Seat 5: 938cd9e0 showed [Kc Ks] and lost with Pair of Kings and Pair of Eights
Seat 6: 6ae8fce6 folded before Flop (didn't bet)


Poker Hand #HD1718564447: Hold'em No Limit ($0.02/$0.05) - 2024/04/06 19:24:17
Table 'NLHBlue27' 6-max Seat #6 is the button
Seat 1: f06a60d0 ($6.75 in chips)
Seat 2: 36c29fb3 ($5 in chips)
Seat 4: Hero ($6.2 in chips)
Seat 5: 938cd9e0 ($6.6 in chips)
Seat 6: 6ae8fce6 ($3.53 in chips)
f06a60d0: posts small blind $0.02
36c29fb3: posts big blind $0.05
*** HOLE CARDS ***
Dealt to f06a60d0 
Dealt to 36c29fb3 
Dealt to Hero [Ah 9c]
Dealt to 938cd9e0 
Dealt to 6ae8fce6 
Hero: raises $0.05 to $0.1
938cd9e0: folds
6ae8fce6: folds
f06a60d0: folds
36c29fb3: folds
Uncalled bet ($0.05) returned to Hero
*** SHOWDOWN ***
Hero collected $0.12 from pot
*** SUMMARY ***
Total pot $0.12 | Rake $0 | Jackpot $0 | Bingo $0 | Fortune $0 | Tax $0
Seat 1: f06a60d0 (small blind) folded before Flop
Seat 2: 36c29fb3 (big blind) folded before Flop
Seat 4: Hero collected ($0.12)
Seat 5: 938cd9e0 folded before Flop (didn't bet)
Seat 6: 6ae8fce6 (button) folded before Flop (didn't bet)


Poker Hand #HD1718564433: Hold'em No Limit ($0.02/$0.05) - 2024/04/06 19:24:10
Table 'NLHBlue27' 6-max Seat #5 is the button
Seat 1: f06a60d0 ($6.73 in chips)
Seat 2: 36c29fb3 ($5 in chips)
Seat 4: Hero ($6.2 in chips)
Seat 5: 938cd9e0 ($6.6 in chips)
Seat 6: 6ae8fce6 ($3.55 in chips)
6ae8fce6: posts small blind $0.02
f06a60d0: posts big blind $0.05
*** HOLE CARDS ***
Dealt to f06a60d0 
Dealt to 36c29fb3 
Dealt to Hero [9d 7h]
Dealt to 938cd9e0 
Dealt to 6ae8fce6 
36c29fb3: folds
Hero: folds
938cd9e0: folds
6ae8fce6: folds
Uncalled bet ($0.03) returned to f06a60d0
*** SHOWDOWN ***
f06a60d0 collected $0.04 from pot
*** SUMMARY ***
Total pot $0.04 | Rake $0 | Jackpot $0 | Bingo $0 | Fortune $0 | Tax $0
Seat 1: f06a60d0 (big blind) collected ($0.04)
Seat 2: 36c29fb3 folded before Flop (didn't bet)
Seat 4: Hero folded before Flop (didn't bet)
Seat 5: 938cd9e0 (button) folded before Flop (didn't bet)
Seat 6: 6ae8fce6 (small blind) folded before Flop


Poker Hand #HD1718564319: Hold'em No Limit ($0.02/$0.05) - 2024/04/06 19:23:14
Table 'NLHBlue27' 6-max Seat #4 is the button
Seat 1: f06a60d0 ($6.44 in chips)
Seat 2: 36c29fb3 ($5.07 in chips)
Seat 3: 46a86b3c ($5 in chips)
Seat 4: Hero ($6.2 in chips)
Seat 5: 938cd9e0 ($6.62 in chips)
Seat 6: 6ae8fce6 ($3.6 in chips)
938cd9e0: posts small blind $0.02
6ae8fce6: posts big blind $0.05
*** HOLE CARDS ***
Dealt to f06a60d0 
Dealt to 36c29fb3 
Dealt to 46a86b3c 
Dealt to Hero [Kh 8c]
Dealt to 938cd9e0 
Dealt to 6ae8fce6 
f06a60d0: raises $0.08 to $0.13
36c29fb3: calls $0.13
46a86b3c: folds
Hero: folds
938cd9e0: folds
6ae8fce6: folds
*** FLOP *** [Jh 8h Kd]
f06a60d0: bets $0.11
36c29fb3: calls $0.11
*** TURN *** [Jh 8h Kd] [7h]
f06a60d0: checks
36c29fb3: checks
*** RIVER *** [Jh 8h Kd 7h] [9s]
f06a60d0: checks
36c29fb3: checks
f06a60d0: shows [Qd Qc] (Pair of Queens)
36c29fb3: shows [2s 2c] (Pair of Twos)
*** SHOWDOWN ***
f06a60d0 collected $0.53 from pot
*** SUMMARY ***
Total pot $0.55 | Rake $0.02 | Jackpot $0 | Bingo $0 | Fortune $0 | Tax $0
Board [Jh 8h Kd 7h 9s]
Seat 1: f06a60d0 showed [Qd Qc] and won ($0.53) with Pair of Queens
Seat 2: 36c29fb3 showed [2s 2c] and lost with Pair of Twos
Seat 3: 46a86b3c folded before Flop (didn't bet)
Seat 4: Hero (button) folded before Flop (didn't bet)
Seat 5: 938cd9e0 (small blind) folded before Flop
Seat 6: 6ae8fce6 (big blind) folded before Flop


Poker Hand #HD1718564304: Hold'em No Limit ($0.02/$0.05) - 2024/04/06 19:23:04
Table 'NLHBlue27' 6-max Seat #3 is the button
Seat 1: f06a60d0 ($6.44 in chips)
Seat 2: 36c29fb3 ($5 in chips)
Seat 3: 46a86b3c ($5 in chips)
Seat 4: Hero ($6.22 in chips)
Seat 5: 938cd9e0 ($6.67 in chips)
Seat 6: 6ae8fce6 ($3.6 in chips)
Hero: posts small blind $0.02
938cd9e0: posts big blind $0.05
*** HOLE CARDS ***
Dealt to f06a60d0 
Dealt to 36c29fb3 
Dealt to 46a86b3c 
Dealt to Hero [8s 2d]
Dealt to 938cd9e0 
Dealt to 6ae8fce6 
6ae8fce6: folds
f06a60d0: folds
36c29fb3: raises $0.05 to $0.1
46a86b3c: folds
Hero: folds
938cd9e0: folds
Uncalled bet ($0.05) returned to 36c29fb3
*** SHOWDOWN ***
36c29fb3 collected $0.12 from pot
*** SUMMARY ***
Total pot $0.12 | Rake $0 | Jackpot $0 | Bingo $0 | Fortune $0 | Tax $0
Seat 1: f06a60d0 folded before Flop (didn't bet)
Seat 2: 36c29fb3 collected ($0.12)
Seat 3: 46a86b3c (button) folded before Flop (didn't bet)
Seat 4: Hero (small blind) folded before Flop
Seat 5: 938cd9e0 (big blind) folded before Flop
Seat 6: 6ae8fce6 folded before Flop (didn't bet)


Poker Hand #HD1718564247: Hold'em No Limit ($0.02/$0.05) - 2024/04/06 19:22:38
Table 'NLHBlue27' 6-max Seat #2 is the button
Seat 1: f06a60d0 ($6.27 in chips)
Seat 2: 36c29fb3 ($5 in chips)
Seat 3: 46a86b3c ($5 in chips)
Seat 4: Hero ($6.27 in chips)
Seat 5: 938cd9e0 ($6.67 in chips)
Seat 6: 6ae8fce6 ($3.71 in chips)
46a86b3c: posts small blind $0.02
Hero: posts big blind $0.05
*** HOLE CARDS ***
Dealt to f06a60d0 
Dealt to 36c29fb3 
Dealt to 46a86b3c 
Dealt to Hero [Kh 4h]
Dealt to 938cd9e0 
Dealt to 6ae8fce6 
938cd9e0: folds
6ae8fce6: raises $0.06 to $0.11
f06a60d0: raises $0.26 to $0.37
36c29fb3: folds
46a86b3c: folds
Hero: folds
6ae8fce6: folds
Uncalled bet ($0.26) returned to f06a60d0
*** SHOWDOWN ***
f06a60d0 collected $0.28 from pot
*** SUMMARY ***
Total pot $0.29 | Rake $0.01 | Jackpot $0 | Bingo $0 | Fortune $0 | Tax $0
Seat 1: f06a60d0 collected ($0.28)
Seat 2: 36c29fb3 (button) folded before Flop (didn't bet)
Seat 3: 46a86b3c (small blind) folded before Flop
Seat 4: Hero (big blind) folded before Flop
Seat 5: 938cd9e0 folded before Flop (didn't bet)
Seat 6: 6ae8fce6 folded before Flop


Poker Hand #HD1718564166: Hold'em No Limit ($0.02/$0.05) - 2024/04/06 19:21:55
Table 'NLHBlue27' 6-max Seat #1 is the button
Seat 1: f06a60d0 ($6.27 in chips)
Seat 2: 36c29fb3 ($5.02 in chips)
Seat 3: 46a86b3c ($5 in chips)
Seat 4: Hero ($6.27 in chips)
Seat 5: 938cd9e0 ($6.53 in chips)
Seat 6: 6ae8fce6 ($3.71 in chips)
36c29fb3: posts small blind $0.02
46a86b3c: posts big blind $0.05
*** HOLE CARDS ***
Dealt to f06a60d0 
Dealt to 36c29fb3 
Dealt to 46a86b3c 
Dealt to Hero [Tc 5h]
Dealt to 938cd9e0 
Dealt to 6ae8fce6 
Hero: folds
938cd9e0: raises $0.08 to $0.13
6ae8fce6: folds
f06a60d0: folds
36c29fb3: folds
46a86b3c: calls $0.08
*** FLOP *** [7h 5c Jh]
46a86b3c: checks
938cd9e0: checks
*** TURN *** [7h 5c Jh] [Kc]
46a86b3c: checks
938cd9e0: bets $0.14
46a86b3c: folds
Uncalled bet ($0.14) returned to 938cd9e0
*** SHOWDOWN ***
938cd9e0 collected $0.27 from pot
*** SUMMARY ***
Total pot $0.28 | Rake $0.01 | Jackpot $0 | Bingo $0 | Fortune $0 | Tax $0
Board [7h 5c Jh Kc]
Seat 1: f06a60d0 (button) folded before Flop (didn't bet)
Seat 2: 36c29fb3 (small blind) folded before Flop
Seat 3: 46a86b3c (big blind) folded on the Turn
Seat 4: Hero folded before Flop (didn't bet)
Seat 5: 938cd9e0 won ($0.27)
Seat 6: 6ae8fce6 folded before Flop (didn't bet)


Poker Hand #HD1718564130: Hold'em No Limit ($0.02/$0.05) - 2024/04/06 19:21:38
Table 'NLHBlue27' 6-max Seat #6 is the button
Seat 1: f06a60d0 ($6.22 in chips)
Seat 2: 36c29fb3 ($5.07 in chips)
Seat 3: 46a86b3c ($5 in chips)
Seat 4: Hero ($6.27 in chips)
Seat 5: 938cd9e0 ($6.53 in chips)
Seat 6: 6ae8fce6 ($3.71 in chips)
f06a60d0: posts small blind $0.02
36c29fb3: posts big blind $0.05
*** HOLE CARDS ***
Dealt to f06a60d0 
Dealt to 36c29fb3 
Dealt to 46a86b3c 
Dealt to Hero [4c Kc]
Dealt to 938cd9e0 
Dealt to 6ae8fce6 
46a86b3c: folds
Hero: folds
938cd9e0: folds
6ae8fce6: folds
f06a60d0: raises $0.08 to $0.13
36c29fb3: folds
Uncalled bet ($0.08) returned to f06a60d0
*** SHOWDOWN ***
f06a60d0 collected $0.1 from pot
*** SUMMARY ***
Total pot $0.1 | Rake $0 | Jackpot $0 | Bingo $0 | Fortune $0 | Tax $0
Seat 1: f06a60d0 (small blind) collected ($0.1)
Seat 2: 36c29fb3 (big blind) folded before Flop
Seat 3: 46a86b3c folded before Flop (didn't bet)
Seat 4: Hero folded before Flop (didn't bet)
Seat 5: 938cd9e0 folded before Flop (didn't bet)
Seat 6: 6ae8fce6 (button) folded before Flop (didn't bet)


Poker Hand #HD1718564092: Hold'em No Limit ($0.02/$0.05) - 2024/04/06 19:21:21
Table 'NLHBlue27' 6-max Seat #5 is the button
Seat 1: f06a60d0 ($6.27 in chips)
Seat 2: 36c29fb3 ($5 in chips)
Seat 3: 46a86b3c ($5 in chips)
Seat 4: Hero ($6.27 in chips)
Seat 5: 938cd9e0 ($6.53 in chips)
Seat 6: 6ae8fce6 ($3.73 in chips)
6ae8fce6: posts small blind $0.02
f06a60d0: posts big blind $0.05
*** HOLE CARDS ***
Dealt to f06a60d0 
Dealt to 36c29fb3 
Dealt to 46a86b3c 
Dealt to Hero [2h Kh]
Dealt to 938cd9e0 
Dealt to 6ae8fce6 
36c29fb3: raises $0.05 to $0.1
46a86b3c: folds
Hero: folds
938cd9e0: folds
6ae8fce6: folds
f06a60d0: folds
Uncalled bet ($0.05) returned to 36c29fb3
*** SHOWDOWN ***
36c29fb3 collected $0.12 from pot
*** SUMMARY ***
Total pot $0.12 | Rake $0 | Jackpot $0 | Bingo $0 | Fortune $0 | Tax $0
Seat 1: f06a60d0 (big blind) folded before Flop
Seat 2: 36c29fb3 collected ($0.12)
Seat 3: 46a86b3c folded before Flop (didn't bet)
Seat 4: Hero folded before Flop (didn't bet)
Seat 5: 938cd9e0 (button) folded before Flop (didn't bet)
Seat 6: 6ae8fce6 (small blind) folded before Flop


Poker Hand #HD1718564061: Hold'em No Limit ($0.02/$0.05) - 2024/04/06 19:21:09
Table 'NLHBlue27' 6-max Seat #4 is the button
Seat 1: f06a60d0 ($6.27 in chips)
Seat 2: 36c29fb3 ($5 in chips)
Seat 3: 46a86b3c ($5 in chips)
Seat 4: Hero ($6.27 in chips)
Seat 5: 938cd9e0 ($6.48 in chips)
Seat 6: 6ae8fce6 ($3.78 in chips)
938cd9e0: posts small blind $0.02
6ae8fce6: posts big blind $0.05
*** HOLE CARDS ***
Dealt to f06a60d0 
Dealt to 36c29fb3 
Dealt to 46a86b3c 
Dealt to Hero [5h Td]
Dealt to 938cd9e0 
Dealt to 6ae8fce6 
f06a60d0: folds
36c29fb3: folds
46a86b3c: folds
Hero: folds
938cd9e0: raises $0.08 to $0.13
6ae8fce6: folds
Uncalled bet ($0.08) returned to 938cd9e0
*** SHOWDOWN ***
938cd9e0 collected $0.1 from pot
*** SUMMARY ***
Total pot $0.1 | Rake $0 | Jackpot $0 | Bingo $0 | Fortune $0 | Tax $0
Seat 1: f06a60d0 folded before Flop (didn't bet)
Seat 2: 36c29fb3 folded before Flop (didn't bet)
Seat 3: 46a86b3c folded before Flop (didn't bet)
Seat 4: Hero (button) folded before Flop (didn't bet)
Seat 5: 938cd9e0 (small blind) collected ($0.1)
Seat 6: 6ae8fce6 (big blind) folded before Flop


Poker Hand #HD1718563986: Hold'em No Limit ($0.02/$0.05) - 2024/04/06 19:20:32
Table 'NLHBlue27' 6-max Seat #3 is the button
Seat 1: f06a60d0 ($6.27 in chips)
Seat 2: 36c29fb3 ($5 in chips)
Seat 3: 46a86b3c ($5 in chips)
Seat 4: Hero ($5.77 in chips)
Seat 5: 938cd9e0 ($6.53 in chips)
Seat 6: 6ae8fce6 ($4.28 in chips)
Hero: posts small blind $0.02
938cd9e0: posts big blind $0.05
*** HOLE CARDS ***
Dealt to f06a60d0 
Dealt to 36c29fb3 
Dealt to 46a86b3c 
Dealt to Hero [Js Jh]
Dealt to 938cd9e0 
Dealt to 6ae8fce6 
6ae8fce6: raises $0.06 to $0.11
f06a60d0: folds
36c29fb3: folds
46a86b3c: folds
Hero: raises $0.39 to $0.5
938cd9e0: folds
6ae8fce6: calls $0.39
*** FLOP *** [Ah Qc 4d]
Hero: bets $0.35
6ae8fce6: folds
Uncalled bet ($0.35) returned to Hero
*** SHOWDOWN ***
Hero collected $1 from pot
*** SUMMARY ***
Total pot $1.05 | Rake $0.05 | Jackpot $0 | Bingo $0 | Fortune $0 | Tax $0
Board [Ah Qc 4d]
Seat 1: f06a60d0 folded before Flop (didn't bet)
Seat 2: 36c29fb3 folded before Flop (didn't bet)
Seat 3: 46a86b3c (button) folded before Flop (didn't bet)
Seat 4: Hero (small blind) won ($1)
Seat 5: 938cd9e0 (big blind) folded before Flop
Seat 6: 6ae8fce6 folded on the Flop


Poker Hand #HD1718563927: Hold'em No Limit ($0.02/$0.05) - 2024/04/06 19:20:02
Table 'NLHBlue27' 6-max Seat #2 is the button
Seat 1: f06a60d0 ($6.27 in chips)
Seat 2: 36c29fb3 ($5 in chips)
Seat 3: 46a86b3c ($5 in chips)
Seat 4: Hero ($5.82 in chips)
Seat 5: 938cd9e0 ($6.1 in chips)
Seat 6: 6ae8fce6 ($4.68 in chips)
46a86b3c: posts small blind $0.02
Hero: posts big blind $0.05
*** HOLE CARDS ***
Dealt to f06a60d0 
Dealt to 36c29fb3 
Dealt to 46a86b3c 
Dealt to Hero [6d 5s]
Dealt to 938cd9e0 
Dealt to 6ae8fce6 
938cd9e0: raises $0.08 to $0.13
6ae8fce6: raises $0.27 to $0.4
f06a60d0: folds
36c29fb3: folds
46a86b3c: folds
Hero: folds
938cd9e0: calls $0.27
*** FLOP *** [Tc 9d 5h]
938cd9e0: checks
6ae8fce6: checks
*** TURN *** [Tc 9d 5h] [8c]
938cd9e0: bets $0.29
6ae8fce6: folds
Uncalled bet ($0.29) returned to 938cd9e0
*** SHOWDOWN ***
938cd9e0 collected $0.83 from pot
*** SUMMARY ***
Total pot $0.87 | Rake $0.04 | Jackpot $0 | Bingo $0 | Fortune $0 | Tax $0
Board [Tc 9d 5h 8c]
Seat 1: f06a60d0 folded before Flop (didn't bet)
Seat 2: 36c29fb3 (button) folded before Flop (didn't bet)
Seat 3: 46a86b3c (small blind) folded before Flop
Seat 4: Hero (big blind) folded before Flop
Seat 5: 938cd9e0 won ($0.83)
Seat 6: 6ae8fce6 folded on the Turn


Poker Hand #HD1718563757: Hold'em No Limit ($0.02/$0.05) - 2024/04/06 19:18:39
Table 'NLHBlue27' 6-max Seat #1 is the button
Seat 1: f06a60d0 ($6.27 in chips)
Seat 2: 36c29fb3 ($5 in chips)
Seat 3: 46a86b3c ($5.52 in chips)
Seat 4: Hero ($5.82 in chips)
Seat 5: 938cd9e0 ($3.07 in chips)
Seat 6: 6ae8fce6 ($4.68 in chips)
36c29fb3: posts small blind $0.02
46a86b3c: posts big blind $0.05
*** HOLE CARDS ***
Dealt to f06a60d0 
Dealt to 36c29fb3 
Dealt to 46a86b3c 
Dealt to Hero [5s 3s]
Dealt to 938cd9e0 
Dealt to 6ae8fce6 
Hero: folds
938cd9e0: raises $0.08 to $0.13
6ae8fce6: folds
f06a60d0: folds
36c29fb3: calls $0.11
46a86b3c: raises $0.59 to $0.72
938cd9e0: calls $0.59
36c29fb3: calls $0.59
*** FLOP *** [5c 5d Th]
36c29fb3: checks
46a86b3c: checks
938cd9e0: bets $2.35 and is all-in
36c29fb3: calls $2.35
46a86b3c: folds
938cd9e0: shows [Js Jc] (Pair of Jacks and Pair of Fives)
36c29fb3: shows [8s 8c] (Pair of Eights and Pair of Fives)
*** TURN *** [5c 5d Th] [6c]
938cd9e0: Chooses to EV Cashout 
*** RIVER *** [5c 5d Th 6c] [5h]
938cd9e0: Pays Cashout Risk ($0.37)
*** SHOWDOWN ***
938cd9e0 collected $6.47 from pot
*** SUMMARY ***
Total pot $6.86 | Rake $0.34 | Jackpot $0.05 | Bingo $0 | Fortune $0 | Tax $0
Board [5c 5d Th 6c 5h]
Seat 1: f06a60d0 (button) folded before Flop (didn't bet)
Seat 2: 36c29fb3 (small blind) showed [8s 8c] and lost with Fives Full over Eights
Seat 3: 46a86b3c (big blind) folded on the Flop
Seat 4: Hero folded before Flop (didn't bet)
Seat 5: 938cd9e0 showed [Js Jc] and won ($6.47) with Fives Full over Jacks, Cashout Risk ($0.37)
Seat 6: 6ae8fce6 folded before Flop (didn't bet)


Poker Hand #HD1718563703: Hold'em No Limit ($0.02/$0.05) - 2024/04/06 19:18:12
Table 'NLHBlue27' 6-max Seat #6 is the button
Seat 1: f06a60d0 ($6.29 in chips)
Seat 2: 36c29fb3 ($5 in chips)
Seat 3: 46a86b3c ($5.07 in chips)
Seat 4: Hero ($5.82 in chips)
Seat 5: 938cd9e0 ($3.07 in chips)
Seat 6: 6ae8fce6 ($5.1 in chips)
f06a60d0: posts small blind $0.02
36c29fb3: posts big blind $0.05
*** HOLE CARDS ***
Dealt to f06a60d0 
Dealt to 36c29fb3 
Dealt to 46a86b3c 
Dealt to Hero [7d 3c]
Dealt to 938cd9e0 
Dealt to 6ae8fce6 
46a86b3c: raises $0.09 to $0.14
Hero: folds
938cd9e0: folds
6ae8fce6: raises $0.28 to $0.42
f06a60d0: folds
36c29fb3: folds
46a86b3c: raises $0.61 to $1.03
6ae8fce6: folds
Uncalled bet ($0.61) returned to 46a86b3c
*** SHOWDOWN ***
46a86b3c collected $0.87 from pot
*** SUMMARY ***
Total pot $0.91 | Rake $0.04 | Jackpot $0 | Bingo $0 | Fortune $0 | Tax $0
Seat 1: f06a60d0 (small blind) folded before Flop
Seat 2: 36c29fb3 (big blind) folded before Flop
Seat 3: 46a86b3c collected ($0.87)
Seat 4: Hero folded before Flop (didn't bet)
Seat 5: 938cd9e0 folded before Flop (didn't bet)
Seat 6: 6ae8fce6 (button) folded before Flop


Poker Hand #HD1718563570: Hold'em No Limit ($0.02/$0.05) - 2024/04/06 19:17:02
Table 'NLHBlue27' 6-max Seat #5 is the button
Seat 1: f06a60d0 ($6.48 in chips)
Seat 2: 36c29fb3 ($5 in chips)
Seat 3: 46a86b3c ($5.27 in chips)
Seat 4: Hero ($5.82 in chips)
Seat 5: 938cd9e0 ($3.21 in chips)
Seat 6: 6ae8fce6 ($5.12 in chips)
6ae8fce6: posts small blind $0.02
f06a60d0: posts big blind $0.05
*** HOLE CARDS ***
Dealt to f06a60d0 
Dealt to 36c29fb3 
Dealt to 46a86b3c 
Dealt to Hero [7c 2h]
Dealt to 938cd9e0 
Dealt to 6ae8fce6 
36c29fb3: folds
46a86b3c: raises $0.09 to $0.14
Hero: folds
938cd9e0: calls $0.14
6ae8fce6: folds
f06a60d0: raises $0.49 to $0.63
46a86b3c: raises $0.94 to $1.57
938cd9e0: folds
f06a60d0: raises $4.91 to $6.48 and is all-in
46a86b3c: calls $3.7 and is all-in
Uncalled bet ($1.21) returned to f06a60d0
f06a60d0: shows [As Ah]
46a86b3c: shows [Qd Qs]
*** FIRST FLOP *** [4c 3c 4d]
*** FIRST TURN *** [4c 3c 4d] [8s]
*** FIRST RIVER *** [4c 3c 4d 8s] [Qh]
*** SECOND FLOP *** [Tc 5d Ad]
*** SECOND TURN *** [Tc 5d Ad] [8h]
*** SECOND RIVER *** [Tc 5d Ad 8h] [9s]
*** FIRST SHOWDOWN ***
46a86b3c collected $5.07 from pot
*** SECOND SHOWDOWN ***
f06a60d0 collected $5.08 from pot
*** SUMMARY ***
Total pot $10.7 | Rake $0.5 | Jackpot $0.05 | Bingo $0 | Fortune $0 | Tax $0
Hand was run two times
FIRST Board [4c 3c 4d 8s Qh]
SECOND Board [Tc 5d Ad 8h 9s]
Seat 1: f06a60d0 (big blind) showed [As Ah] and lost with Pair of Aces and Pair of Fours, and won ($5.08) with Three Aces
Seat 2: 36c29fb3 folded before Flop (didn't bet)
Seat 3: 46a86b3c showed [Qd Qs] and won ($5.07) with Queens Full over Fours, and lost with Pair of Queens
Seat 4: Hero folded before Flop (didn't bet)
Seat 5: 938cd9e0 (button) folded before Flop
Seat 6: 6ae8fce6 (small blind) folded before Flop


Poker Hand #HD1718563551: Hold'em No Limit ($0.02/$0.05) - 2024/04/06 19:16:52
Table 'NLHBlue27' 6-max Seat #4 is the button
Seat 1: f06a60d0 ($6.48 in chips)
Seat 2: 36c29fb3 ($5 in chips)
Seat 3: 46a86b3c ($5.27 in chips)
Seat 4: Hero ($5.75 in chips)
Seat 5: 938cd9e0 ($3.23 in chips)
Seat 6: 6ae8fce6 ($5.17 in chips)
938cd9e0: posts small blind $0.02
6ae8fce6: posts big blind $0.05
*** HOLE CARDS ***
Dealt to f06a60d0 
Dealt to 36c29fb3 
Dealt to 46a86b3c 
Dealt to Hero [8d Ac]
Dealt to 938cd9e0 
Dealt to 6ae8fce6 
f06a60d0: folds
36c29fb3: folds
46a86b3c: folds
Hero: raises $0.08 to $0.13
938cd9e0: folds
6ae8fce6: folds
Uncalled bet ($0.08) returned to Hero
*** SHOWDOWN ***
Hero collected $0.12 from pot
*** SUMMARY ***
Total pot $0.12 | Rake $0 | Jackpot $0 | Bingo $0 | Fortune $0 | Tax $0
Seat 1: f06a60d0 folded before Flop (didn't bet)
Seat 2: 36c29fb3 folded before Flop (didn't bet)
Seat 3: 46a86b3c folded before Flop (didn't bet)
Seat 4: Hero (button) collected ($0.12)
Seat 5: 938cd9e0 (small blind) folded before Flop
Seat 6: 6ae8fce6 (big blind) folded before Flop


Poker Hand #HD1718563510: Hold'em No Limit ($0.02/$0.05) - 2024/04/06 19:16:32
Table 'NLHBlue27' 6-max Seat #3 is the button
Seat 1: f06a60d0 ($6.48 in chips)
Seat 2: 36c29fb3 ($5 in chips)
Seat 3: 46a86b3c ($5.27 in chips)
Seat 4: Hero ($5.8 in chips)
Seat 5: 938cd9e0 ($3.18 in chips)
Seat 6: 6ae8fce6 ($5.17 in chips)
Hero: posts small blind $0.02
938cd9e0: posts big blind $0.05
*** HOLE CARDS ***
Dealt to f06a60d0 
Dealt to 36c29fb3 
Dealt to 46a86b3c 
Dealt to Hero [9d 4d]
Dealt to 938cd9e0 
Dealt to 6ae8fce6 
6ae8fce6: folds
f06a60d0: folds
36c29fb3: folds
46a86b3c: folds
Hero: calls $0.03
938cd9e0: raises $0.15 to $0.2
Hero: folds
Uncalled bet ($0.15) returned to 938cd9e0
*** SHOWDOWN ***
938cd9e0 collected $0.1 from pot
*** SUMMARY ***
Total pot $0.1 | Rake $0 | Jackpot $0 | Bingo $0 | Fortune $0 | Tax $0
Seat 1: f06a60d0 folded before Flop (didn't bet)
Seat 2: 36c29fb3 folded before Flop (didn't bet)
Seat 3: 46a86b3c (button) folded before Flop (didn't bet)
Seat 4: Hero (small blind) folded before Flop
Seat 5: 938cd9e0 (big blind) collected ($0.1)
Seat 6: 6ae8fce6 folded before Flop (didn't bet)


Poker Hand #HD1718563421: Hold'em No Limit ($0.02/$0.05) - 2024/04/06 19:15:50
Table 'NLHBlue27' 6-max Seat #2 is the button
Seat 1: f06a60d0 ($6.07 in chips)
Seat 2: 36c29fb3 ($5 in chips)
Seat 3: 46a86b3c ($5.29 in chips)
Seat 4: Hero ($5.85 in chips)
Seat 5: 938cd9e0 ($3.56 in chips)
Seat 6: 6ae8fce6 ($5.17 in chips)
46a86b3c: posts small blind $0.02
Hero: posts big blind $0.05
*** HOLE CARDS ***
Dealt to f06a60d0 
Dealt to 36c29fb3 
Dealt to 46a86b3c 
Dealt to Hero [3c Qd]
Dealt to 938cd9e0 
Dealt to 6ae8fce6 
938cd9e0: raises $0.08 to $0.13
6ae8fce6: folds
f06a60d0: raises $0.25 to $0.38
36c29fb3: folds
46a86b3c: folds
Hero: folds
938cd9e0: calls $0.25
*** FLOP *** [7s 6d As]
938cd9e0: checks
f06a60d0: bets $0.28
938cd9e0: folds
Uncalled bet ($0.28) returned to f06a60d0
*** SHOWDOWN ***
f06a60d0 collected $0.79 from pot
*** SUMMARY ***
Total pot $0.83 | Rake $0.04 | Jackpot $0 | Bingo $0 | Fortune $0 | Tax $0
Board [7s 6d As]
Seat 1: f06a60d0 won ($0.79)
Seat 2: 36c29fb3 (button) folded before Flop (didn't bet)
Seat 3: 46a86b3c (small blind) folded before Flop
Seat 4: Hero (big blind) folded before Flop
Seat 5: 938cd9e0 folded on the Flop
Seat 6: 6ae8fce6 folded before Flop (didn't bet)


Poker Hand #HD1718563343: Hold'em No Limit ($0.02/$0.05) - 2024/04/06 19:15:11
Table 'NLHBlue27' 6-max Seat #1 is the button
Seat 1: f06a60d0 ($6.07 in chips)
Seat 2: 36c29fb3 ($5.02 in chips)
Seat 3: 46a86b3c ($5.42 in chips)
Seat 4: Hero ($5.85 in chips)
Seat 5: 938cd9e0 ($3.42 in chips)
Seat 6: 6ae8fce6 ($5.17 in chips)
36c29fb3: posts small blind $0.02
46a86b3c: posts big blind $0.05
*** HOLE CARDS ***
Dealt to f06a60d0 
Dealt to 36c29fb3 
Dealt to 46a86b3c 
Dealt to Hero [8h 8s]
Dealt to 938cd9e0 
Dealt to 6ae8fce6 
Hero: folds
938cd9e0: raises $0.08 to $0.13
6ae8fce6: folds
f06a60d0: folds
36c29fb3: folds
46a86b3c: calls $0.08
*** FLOP *** [9c 5d 6c]
46a86b3c: checks
938cd9e0: checks
*** TURN *** [9c 5d 6c] [Kc]
46a86b3c: checks
938cd9e0: bets $0.14
46a86b3c: folds
Uncalled bet ($0.14) returned to 938cd9e0
*** SHOWDOWN ***
938cd9e0 collected $0.27 from pot
*** SUMMARY ***
Total pot $0.28 | Rake $0.01 | Jackpot $0 | Bingo $0 | Fortune $0 | Tax $0
Board [9c 5d 6c Kc]
Seat 1: f06a60d0 (button) folded before Flop (didn't bet)
Seat 2: 36c29fb3 (small blind) folded before Flop
Seat 3: 46a86b3c (big blind) folded on the Turn
Seat 4: Hero folded before Flop (didn't bet)
Seat 5: 938cd9e0 won ($0.27)
Seat 6: 6ae8fce6 folded before Flop (didn't bet)


Poker Hand #HD1718563258: Hold'em No Limit ($0.02/$0.05) - 2024/04/06 19:14:30
Table 'NLHBlue27' 6-max Seat #6 is the button
Seat 1: f06a60d0 ($5.56 in chips)
Seat 2: 36c29fb3 ($5.07 in chips)
Seat 3: 46a86b3c ($5.42 in chips)
Seat 4: Hero ($5.85 in chips)
Seat 5: 938cd9e0 ($3.42 in chips)
Seat 6: 6ae8fce6 ($5.68 in chips)
f06a60d0: posts small blind $0.02
36c29fb3: posts big blind $0.05
*** HOLE CARDS ***
Dealt to f06a60d0 
Dealt to 36c29fb3 
Dealt to 46a86b3c 
Dealt to Hero [Th 6h]
Dealt to 938cd9e0 
Dealt to 6ae8fce6 
46a86b3c: folds
Hero: folds
938cd9e0: folds
6ae8fce6: raises $0.07 to $0.12
f06a60d0: raises $0.39 to $0.51
36c29fb3: folds
6ae8fce6: calls $0.39
*** FLOP *** [Qd Jh 2s]
f06a60d0: bets $0.36
6ae8fce6: folds
Uncalled bet ($0.36) returned to f06a60d0
*** SHOWDOWN ***
f06a60d0 collected $1.02 from pot
*** SUMMARY ***
Total pot $1.07 | Rake $0.05 | Jackpot $0 | Bingo $0 | Fortune $0 | Tax $0
Board [Qd Jh 2s]
Seat 1: f06a60d0 (small blind) won ($1.02)
Seat 2: 36c29fb3 (big blind) folded before Flop
Seat 3: 46a86b3c folded before Flop (didn't bet)
Seat 4: Hero folded before Flop (didn't bet)
Seat 5: 938cd9e0 folded before Flop (didn't bet)
Seat 6: 6ae8fce6 (button) folded on the Flop


Poker Hand #HD1718563090: Hold'em No Limit ($0.02/$0.05) - 2024/04/06 19:13:05
Table 'NLHBlue27' 6-max Seat #5 is the button
Seat 1: f06a60d0 ($5.42 in chips)
Seat 2: 36c29fb3 ($5.07 in chips)
Seat 3: 46a86b3c ($5.42 in chips)
Seat 4: Hero ($5.85 in chips)
Seat 5: 938cd9e0 ($3.55 in chips)
Seat 6: 6ae8fce6 ($5.7 in chips)
6ae8fce6: posts small blind $0.02
f06a60d0: posts big blind $0.05
*** HOLE CARDS ***
Dealt to f06a60d0 
Dealt to 36c29fb3 
Dealt to 46a86b3c 
Dealt to Hero [5h Ts]
Dealt to 938cd9e0 
Dealt to 6ae8fce6 
36c29fb3: folds
46a86b3c: folds
Hero: folds
938cd9e0: raises $0.08 to $0.13
6ae8fce6: folds
f06a60d0: calls $0.08
*** FLOP *** [5s 6c Th]
f06a60d0: checks
938cd9e0: checks
*** TURN *** [5s 6c Th] [5d]
f06a60d0: checks
938cd9e0: checks
*** RIVER *** [5s 6c Th 5d] [Ad]
f06a60d0: checks
938cd9e0: checks
f06a60d0: shows [4s As] (Pair of Aces and Pair of Fives)
938cd9e0: shows [2s Qs] (Pair of Fives)
*** SHOWDOWN ***
f06a60d0 collected $0.27 from pot
*** SUMMARY ***
Total pot $0.28 | Rake $0.01 | Jackpot $0 | Bingo $0 | Fortune $0 | Tax $0
Board [5s 6c Th 5d Ad]
Seat 1: f06a60d0 (big blind) showed [4s As] and won ($0.27) with Pair of Aces and Pair of Fives
Seat 2: 36c29fb3 folded before Flop (didn't bet)
Seat 3: 46a86b3c folded before Flop (didn't bet)
Seat 4: Hero folded before Flop (didn't bet)
Seat 5: 938cd9e0 (button) showed [2s Qs] and lost with Pair of Fives
Seat 6: 6ae8fce6 (small blind) folded before Flop


Poker Hand #HD1718563027: Hold'em No Limit ($0.02/$0.05) - 2024/04/06 19:12:37
Table 'NLHBlue27' 6-max Seat #4 is the button
Seat 1: f06a60d0 ($5.42 in chips)
Seat 2: 36c29fb3 ($5.07 in chips)
Seat 3: 46a86b3c ($5.53 in chips)
Seat 4: Hero ($5.68 in chips)
Seat 5: 938cd9e0 ($3.57 in chips)
Seat 6: 6ae8fce6 ($5.75 in chips)
938cd9e0: posts small blind $0.02
6ae8fce6: posts big blind $0.05
*** HOLE CARDS ***
Dealt to f06a60d0 
Dealt to 36c29fb3 
Dealt to 46a86b3c 
Dealt to Hero [Ad Jc]
Dealt to 938cd9e0 
Dealt to 6ae8fce6 
f06a60d0: folds
36c29fb3: folds
46a86b3c: raises $0.06 to $0.11
Hero: raises $0.24 to $0.35
938cd9e0: folds
6ae8fce6: folds
46a86b3c: folds
Uncalled bet ($0.24) returned to Hero
*** SHOWDOWN ***
Hero collected $0.28 from pot
*** SUMMARY ***
Total pot $0.29 | Rake $0.01 | Jackpot $0 | Bingo $0 | Fortune $0 | Tax $0
Seat 1: f06a60d0 folded before Flop (didn't bet)
Seat 2: 36c29fb3 folded before Flop (didn't bet)
Seat 3: 46a86b3c folded before Flop
Seat 4: Hero (button) collected ($0.28)
Seat 5: 938cd9e0 (small blind) folded before Flop
Seat 6: 6ae8fce6 (big blind) folded before Flop


Poker Hand #HD1718562996: Hold'em No Limit ($0.02/$0.05) - 2024/04/06 19:12:21
Table 'NLHBlue27' 6-max Seat #3 is the button
Seat 1: f06a60d0 ($5.42 in chips)
Seat 2: 36c29fb3 ($5.07 in chips)
Seat 3: 46a86b3c ($5.53 in chips)
Seat 4: Hero ($5.63 in chips)
Seat 5: 938cd9e0 ($3.62 in chips)
Seat 6: 6ae8fce6 ($5.75 in chips)
Hero: posts small blind $0.02
938cd9e0: posts big blind $0.05
*** HOLE CARDS ***
Dealt to f06a60d0 
Dealt to 36c29fb3 
Dealt to 46a86b3c 
Dealt to Hero [6s 6c]
Dealt to 938cd9e0 
Dealt to 6ae8fce6 
6ae8fce6: folds
f06a60d0: folds
36c29fb3: folds
46a86b3c: folds
Hero: raises $0.1 to $0.15
938cd9e0: folds
Uncalled bet ($0.1) returned to Hero
*** SHOWDOWN ***
Hero collected $0.1 from pot
*** SUMMARY ***
Total pot $0.1 | Rake $0 | Jackpot $0 | Bingo $0 | Fortune $0 | Tax $0
Seat 1: f06a60d0 folded before Flop (didn't bet)
Seat 2: 36c29fb3 folded before Flop (didn't bet)
Seat 3: 46a86b3c (button) folded before Flop (didn't bet)
Seat 4: Hero (small blind) collected ($0.1)
Seat 5: 938cd9e0 (big blind) folded before Flop
Seat 6: 6ae8fce6 folded before Flop (didn't bet)


Poker Hand #HD1718562953: Hold'em No Limit ($0.02/$0.05) - 2024/04/06 19:11:59
Table 'NLHBlue27' 6-max Seat #2 is the button
Seat 1: f06a60d0 ($5.42 in chips)
Seat 2: 36c29fb3 ($5 in chips)
Seat 3: 46a86b3c ($5.55 in chips)
Seat 4: Hero ($5.68 in chips)
Seat 5: 938cd9e0 ($3.62 in chips)
Seat 6: 6ae8fce6 ($5.75 in chips)
46a86b3c: posts small blind $0.02
Hero: posts big blind $0.05
*** HOLE CARDS ***
Dealt to f06a60d0 
Dealt to 36c29fb3 
Dealt to 46a86b3c 
Dealt to Hero [3c Qs]
Dealt to 938cd9e0 
Dealt to 6ae8fce6 
938cd9e0: folds
6ae8fce6: folds
f06a60d0: folds
36c29fb3: raises $0.05 to $0.1
46a86b3c: folds
Hero: folds
Uncalled bet ($0.05) returned to 36c29fb3
*** SHOWDOWN ***
36c29fb3 collected $0.12 from pot
*** SUMMARY ***
Total pot $0.12 | Rake $0 | Jackpot $0 | Bingo $0 | Fortune $0 | Tax $0
Seat 1: f06a60d0 folded before Flop (didn't bet)
Seat 2: 36c29fb3 (button) collected ($0.12)
Seat 3: 46a86b3c (small blind) folded before Flop
Seat 4: Hero (big blind) folded before Flop
Seat 5: 938cd9e0 folded before Flop (didn't bet)
Seat 6: 6ae8fce6 folded before Flop (didn't bet)


Poker Hand #HD1718562807: Hold'em No Limit ($0.02/$0.05) - 2024/04/06 19:10:43
Table 'NLHBlue27' 6-max Seat #1 is the button
Seat 1: f06a60d0 ($6.01 in chips)
Seat 2: 36c29fb3 ($5 in chips)
Seat 3: 46a86b3c ($5 in chips)
Seat 4: Hero ($5.68 in chips)
Seat 5: 938cd9e0 ($3.62 in chips)
Seat 6: 6ae8fce6 ($5.75 in chips)
36c29fb3: posts small blind $0.02
46a86b3c: posts big blind $0.05
*** HOLE CARDS ***
Dealt to f06a60d0 
Dealt to 36c29fb3 
Dealt to 46a86b3c 
Dealt to Hero [4s Td]
Dealt to 938cd9e0 
Dealt to 6ae8fce6 
Hero: folds
938cd9e0: folds
6ae8fce6: folds
f06a60d0: raises $0.06 to $0.11
36c29fb3: folds
46a86b3c: calls $0.06
*** FLOP *** [6c 6h 2d]
46a86b3c: checks
f06a60d0: bets $0.12
46a86b3c: calls $0.12
*** TURN *** [6c 6h 2d] [5h]
46a86b3c: checks
f06a60d0: bets $0.36
46a86b3c: calls $0.36
*** RIVER *** [6c 6h 2d 5h] [7d]
46a86b3c: bets $0.54
f06a60d0: folds
Uncalled bet ($0.54) returned to 46a86b3c
*** SHOWDOWN ***
46a86b3c collected $1.14 from pot
*** SUMMARY ***
Total pot $1.2 | Rake $0.06 | Jackpot $0 | Bingo $0 | Fortune $0 | Tax $0
Board [6c 6h 2d 5h 7d]
Seat 1: f06a60d0 (button) folded on the River
Seat 2: 36c29fb3 (small blind) folded before Flop
Seat 3: 46a86b3c (big blind) won ($1.14)
Seat 4: Hero folded before Flop (didn't bet)
Seat 5: 938cd9e0 folded before Flop (didn't bet)
Seat 6: 6ae8fce6 folded before Flop (didn't bet)


Poker Hand #HD1718562765: Hold'em No Limit ($0.02/$0.05) - 2024/04/06 19:10:23
Table 'NLHBlue27' 6-max Seat #6 is the button
Seat 1: f06a60d0 ($5.84 in chips)
Seat 2: 36c29fb3 ($5 in chips)
Seat 4: Hero ($5.68 in chips)
Seat 5: 938cd9e0 ($3.75 in chips)
Seat 6: 6ae8fce6 ($5.75 in chips)
f06a60d0: posts small blind $0.02
36c29fb3: posts big blind $0.05
*** HOLE CARDS ***
Dealt to f06a60d0 
Dealt to 36c29fb3 
Dealt to Hero [6h Tc]
Dealt to 938cd9e0 
Dealt to 6ae8fce6 
Hero: folds
938cd9e0: raises $0.08 to $0.13
6ae8fce6: folds
f06a60d0: raises $0.42 to $0.55
36c29fb3: folds
938cd9e0: folds
Uncalled bet ($0.42) returned to f06a60d0
*** SHOWDOWN ***
f06a60d0 collected $0.3 from pot
*** SUMMARY ***
Total pot $0.31 | Rake $0.01 | Jackpot $0 | Bingo $0 | Fortune $0 | Tax $0
Seat 1: f06a60d0 (small blind) collected ($0.3)
Seat 2: 36c29fb3 (big blind) folded before Flop
Seat 4: Hero folded before Flop (didn't bet)
Seat 5: 938cd9e0 folded before Flop
Seat 6: 6ae8fce6 (button) folded before Flop (didn't bet)


Poker Hand #HD1718562680: Hold'em No Limit ($0.02/$0.05) - 2024/04/06 19:09:41
Table 'NLHBlue27' 6-max Seat #5 is the button
Seat 1: f06a60d0 ($5.89 in chips)
Seat 4: Hero ($5.68 in chips)
Seat 5: 938cd9e0 ($4.23 in chips)
Seat 6: 6ae8fce6 ($5.27 in chips)
6ae8fce6: posts small blind $0.02
f06a60d0: posts big blind $0.05
*** HOLE CARDS ***
Dealt to f06a60d0 
Dealt to Hero [Jd 4d]
Dealt to 938cd9e0 
Dealt to 6ae8fce6 
Hero: folds
938cd9e0: raises $0.08 to $0.13
6ae8fce6: raises $0.35 to $0.48
f06a60d0: folds
938cd9e0: calls $0.35
*** FLOP *** [4h 8c Ad]
6ae8fce6: bets $0.4
938cd9e0: folds
Uncalled bet ($0.4) returned to 6ae8fce6
*** SHOWDOWN ***
6ae8fce6 collected $0.96 from pot
*** SUMMARY ***
Total pot $1.01 | Rake $0.05 | Jackpot $0 | Bingo $0 | Fortune $0 | Tax $0
Board [4h 8c Ad]
Seat 1: f06a60d0 (big blind) folded before Flop
Seat 4: Hero folded before Flop (didn't bet)
Seat 5: 938cd9e0 (button) folded on the Flop
Seat 6: 6ae8fce6 (small blind) won ($0.96)


Poker Hand #HD1718562556: Hold'em No Limit ($0.02/$0.05) - 2024/04/06 19:08:41
Table 'NLHBlue27' 6-max Seat #4 is the button
Seat 1: f06a60d0 ($6.16 in chips)
Seat 4: Hero ($5.68 in chips)
Seat 5: 938cd9e0 ($4.25 in chips)
Seat 6: 6ae8fce6 ($5 in chips)
938cd9e0: posts small blind $0.02
6ae8fce6: posts big blind $0.05
*** HOLE CARDS ***
Dealt to f06a60d0 
Dealt to Hero [6h 2h]
Dealt to 938cd9e0 
Dealt to 6ae8fce6 
f06a60d0: raises $0.08 to $0.13
Hero: folds
938cd9e0: folds
6ae8fce6: calls $0.08
*** FLOP *** [Tc 7s 3h]
6ae8fce6: checks
f06a60d0: checks
*** TURN *** [Tc 7s 3h] [8s]
6ae8fce6: bets $0.14
f06a60d0: calls $0.14
*** RIVER *** [Tc 7s 3h 8s] [Ks]
6ae8fce6: bets $0.42
f06a60d0: folds
Uncalled bet ($0.42) returned to 6ae8fce6
*** SHOWDOWN ***
6ae8fce6 collected $0.54 from pot
*** SUMMARY ***
Total pot $0.56 | Rake $0.02 | Jackpot $0 | Bingo $0 | Fortune $0 | Tax $0
Board [Tc 7s 3h 8s Ks]
Seat 1: f06a60d0 folded on the River
Seat 4: Hero (button) folded before Flop (didn't bet)
Seat 5: 938cd9e0 (small blind) folded before Flop
Seat 6: 6ae8fce6 (big blind) won ($0.54)


Poker Hand #HD1718562453: Hold'em No Limit ($0.02/$0.05) - 2024/04/06 19:07:56
Table 'NLHBlue27' 6-max Seat #1 is the button
Seat 1: f06a60d0 ($5.66 in chips)
Seat 4: Hero ($6.18 in chips)
Seat 5: 938cd9e0 ($4.3 in chips)
Hero: posts small blind $0.02
938cd9e0: posts big blind $0.05
*** HOLE CARDS ***
Dealt to f06a60d0 
Dealt to Hero [Ts Th]
Dealt to 938cd9e0 
f06a60d0: raises $0.06 to $0.11
Hero: raises $0.39 to $0.5
938cd9e0: folds
f06a60d0: calls $0.39
*** FLOP *** [Js 3d Qc]
Hero: checks
f06a60d0: bets $0.35
Hero: folds
Uncalled bet ($0.35) returned to f06a60d0
*** SHOWDOWN ***
f06a60d0 collected $1 from pot
*** SUMMARY ***
Total pot $1.05 | Rake $0.05 | Jackpot $0 | Bingo $0 | Fortune $0 | Tax $0
Board [Js 3d Qc]
Seat 1: f06a60d0 (button) won ($1)
Seat 4: Hero (small blind) folded on the Flop
Seat 5: 938cd9e0 (big blind) folded before Flop


Poker Hand #HD1718562390: Hold'em No Limit ($0.02/$0.05) - 2024/04/06 19:07:24
Table 'NLHBlue27' 6-max Seat #5 is the button
Seat 1: f06a60d0 ($5.68 in chips)
Seat 4: Hero ($5.92 in chips)
Seat 5: 938cd9e0 ($4.56 in chips)
f06a60d0: posts small blind $0.02
Hero: posts big blind $0.05
*** HOLE CARDS ***
Dealt to f06a60d0 
Dealt to Hero [8d Ad]
Dealt to 938cd9e0 
938cd9e0: raises $0.1 to $0.15
f06a60d0: folds
Hero: calls $0.1
*** FLOP *** [8c 6d 9h]
Hero: checks
938cd9e0: checks
*** TURN *** [8c 6d 9h] [6c]
Hero: bets $0.11
938cd9e0: calls $0.11
*** RIVER *** [8c 6d 9h 6c] [3h]
Hero: checks
938cd9e0: checks
Hero: shows [8d Ad] (Pair of Eights and Pair of Sixes)
938cd9e0: shows [Ac 5c] (Pair of Sixes)
*** SHOWDOWN ***
Hero collected $0.52 from pot
*** SUMMARY ***
Total pot $0.54 | Rake $0.02 | Jackpot $0 | Bingo $0 | Fortune $0 | Tax $0
Board [8c 6d 9h 6c 3h]
Seat 1: f06a60d0 (small blind) folded before Flop
Seat 4: Hero (big blind) showed [8d Ad] and won ($0.52) with Pair of Eights and Pair of Sixes
Seat 5: 938cd9e0 (button) showed [Ac 5c] and lost with Pair of Sixes


Poker Hand #HD1718562362: Hold'em No Limit ($0.02/$0.05) - 2024/04/06 19:07:09
Table 'NLHBlue27' 6-max Seat #4 is the button
Seat 1: f06a60d0 ($5.73 in chips)
Seat 4: Hero ($5.85 in chips)
Seat 5: 938cd9e0 ($4.58 in chips)
938cd9e0: posts small blind $0.02
f06a60d0: posts big blind $0.05
*** HOLE CARDS ***
Dealt to f06a60d0 
Dealt to Hero [5h Kh]
Dealt to 938cd9e0 
Hero: raises $0.1 to $0.15
938cd9e0: folds
f06a60d0: folds
Uncalled bet ($0.1) returned to Hero
*** SHOWDOWN ***
Hero collected $0.12 from pot
*** SUMMARY ***
Total pot $0.12 | Rake $0 | Jackpot $0 | Bingo $0 | Fortune $0 | Tax $0
Seat 1: f06a60d0 (big blind) folded before Flop
Seat 4: Hero (button) collected ($0.12)
Seat 5: 938cd9e0 (small blind) folded before Flop


Poker Hand #HD1718562352: Hold'em No Limit ($0.02/$0.05) - 2024/04/06 19:07:04
Table 'NLHBlue27' 6-max Seat #1 is the button
Seat 1: f06a60d0 ($5.73 in chips)
Seat 4: Hero ($5.87 in chips)
Seat 5: 938cd9e0 ($4.56 in chips)
Hero: posts small blind $0.02
938cd9e0: posts big blind $0.05
*** HOLE CARDS ***
Dealt to f06a60d0 
Dealt to Hero [Ad 2s]
Dealt to 938cd9e0 
f06a60d0: folds
Hero: folds
Uncalled bet ($0.03) returned to 938cd9e0
*** SHOWDOWN ***
938cd9e0 collected $0.04 from pot
*** SUMMARY ***
Total pot $0.04 | Rake $0 | Jackpot $0 | Bingo $0 | Fortune $0 | Tax $0
Seat 1: f06a60d0 (button) folded before Flop (didn't bet)
Seat 4: Hero (small blind) folded before Flop
Seat 5: 938cd9e0 (big blind) collected ($0.04)


Poker Hand #HD1718562214: Hold'em No Limit ($0.02/$0.05) - 2024/04/06 19:05:52
Table 'NLHBlue27' 6-max Seat #5 is the button
Seat 1: f06a60d0 ($6.01 in chips)
Seat 4: Hero ($5.59 in chips)
Seat 5: 938cd9e0 ($4.56 in chips)
Seat 6: 18fd9c6d ($3.8 in chips)
18fd9c6d: posts small blind $0.02
f06a60d0: posts big blind $0.05
*** HOLE CARDS ***
Dealt to f06a60d0 
Dealt to Hero [Jd Qh]
Dealt to 938cd9e0 
Dealt to 18fd9c6d 
Hero: raises $0.08 to $0.13
938cd9e0: folds
18fd9c6d: folds
f06a60d0: calls $0.08
*** FLOP *** [4h 3h 8d]
f06a60d0: checks
Hero: checks
*** TURN *** [4h 3h 8d] [Kh]
f06a60d0: checks
Hero: bets $0.15
f06a60d0: calls $0.15
*** RIVER *** [4h 3h 8d Kh] [Jc]
f06a60d0: checks
Hero: checks
f06a60d0: shows [2h 2c] (Pair of Twos)
Hero: shows [Jd Qh] (Pair of Jacks)
*** SHOWDOWN ***
Hero collected $0.56 from pot
*** SUMMARY ***
Total pot $0.58 | Rake $0.02 | Jackpot $0 | Bingo $0 | Fortune $0 | Tax $0
Board [4h 3h 8d Kh Jc]
Seat 1: f06a60d0 (big blind) showed [2h 2c] and lost with Pair of Twos
Seat 4: Hero showed [Jd Qh] and won ($0.56) with Pair of Jacks
Seat 5: 938cd9e0 (button) folded before Flop (didn't bet)
Seat 6: 18fd9c6d (small blind) folded before Flop


Poker Hand #HD1718562186: Hold'em No Limit ($0.02/$0.05) - 2024/04/06 19:05:37
Table 'NLHBlue27' 6-max Seat #4 is the button
Seat 1: f06a60d0 ($6.01 in chips)
Seat 4: Hero ($5.52 in chips)
Seat 5: 938cd9e0 ($4.58 in chips)
Seat 6: 18fd9c6d ($3.85 in chips)
938cd9e0: posts small blind $0.02
18fd9c6d: posts big blind $0.05
*** HOLE CARDS ***
Dealt to f06a60d0 
Dealt to Hero [Jc Ts]
Dealt to 938cd9e0 
Dealt to 18fd9c6d 
f06a60d0: folds
Hero: raises $0.08 to $0.13
938cd9e0: folds
18fd9c6d: folds
Uncalled bet ($0.08) returned to Hero
*** SHOWDOWN ***
Hero collected $0.12 from pot
*** SUMMARY ***
Total pot $0.12 | Rake $0 | Jackpot $0 | Bingo $0 | Fortune $0 | Tax $0
Seat 1: f06a60d0 folded before Flop (didn't bet)
Seat 4: Hero (button) collected ($0.12)
Seat 5: 938cd9e0 (small blind) folded before Flop
Seat 6: 18fd9c6d (big blind) folded before Flop


Poker Hand #HD1718562162: Hold'em No Limit ($0.02/$0.05) - 2024/04/06 19:05:28
Table 'NLHBlue27' 6-max Seat #1 is the button
Seat 1: f06a60d0 ($6.01 in chips)
Seat 4: Hero ($5.54 in chips)
Seat 5: 938cd9e0 ($4.56 in chips)
Seat 6: 18fd9c6d ($3.85 in chips)
Hero: posts small blind $0.02
938cd9e0: posts big blind $0.05
*** HOLE CARDS ***
Dealt to f06a60d0 
Dealt to Hero [Kd 4h]
Dealt to 938cd9e0 
Dealt to 18fd9c6d 
18fd9c6d: folds
f06a60d0: folds
Hero: folds
Uncalled bet ($0.03) returned to 938cd9e0
*** SHOWDOWN ***
938cd9e0 collected $0.04 from pot
*** SUMMARY ***
Total pot $0.04 | Rake $0 | Jackpot $0 | Bingo $0 | Fortune $0 | Tax $0
Seat 1: f06a60d0 (button) folded before Flop (didn't bet)
Seat 4: Hero (small blind) folded before Flop
Seat 5: 938cd9e0 (big blind) collected ($0.04)
Seat 6: 18fd9c6d folded before Flop (didn't bet)


Poker Hand #HD1718562134: Hold'em No Limit ($0.02/$0.05) - 2024/04/06 19:05:16
Table 'NLHBlue27' 6-max Seat #6 is the button
Seat 1: f06a60d0 ($6.03 in chips)
Seat 4: Hero ($5.59 in chips)
Seat 5: 938cd9e0 ($4.56 in chips)
Seat 6: 18fd9c6d ($3.78 in chips)
f06a60d0: posts small blind $0.02
Hero: posts big blind $0.05
*** HOLE CARDS ***
Dealt to f06a60d0 
Dealt to Hero [3d 3c]
Dealt to 938cd9e0 
Dealt to 18fd9c6d 
938cd9e0: folds
18fd9c6d: raises $0.05 to $0.1
f06a60d0: folds
Hero: folds
Uncalled bet ($0.05) returned to 18fd9c6d
*** SHOWDOWN ***
18fd9c6d collected $0.12 from pot
*** SUMMARY ***
Total pot $0.12 | Rake $0 | Jackpot $0 | Bingo $0 | Fortune $0 | Tax $0
Seat 1: f06a60d0 (small blind) folded before Flop
Seat 4: Hero (big blind) folded before Flop
Seat 5: 938cd9e0 folded before Flop (didn't bet)
Seat 6: 18fd9c6d (button) collected ($0.12)


Poker Hand #HD1718562103: Hold'em No Limit ($0.02/$0.05) - 2024/04/06 19:04:58
Table 'NLHBlue27' 6-max Seat #5 is the button
Seat 1: f06a60d0 ($6.08 in chips)
Seat 4: Hero ($5.59 in chips)
Seat 5: 938cd9e0 ($4.49 in chips)
Seat 6: 18fd9c6d ($3.8 in chips)
18fd9c6d: posts small blind $0.02
f06a60d0: posts big blind $0.05
*** HOLE CARDS ***
Dealt to f06a60d0 
Dealt to Hero [Jd 8s]
Dealt to 938cd9e0 
Dealt to 18fd9c6d 
Hero: folds
938cd9e0: raises $0.08 to $0.13
18fd9c6d: folds
f06a60d0: folds
Uncalled bet ($0.08) returned to 938cd9e0
*** SHOWDOWN ***
938cd9e0 collected $0.12 from pot
*** SUMMARY ***
Total pot $0.12 | Rake $0 | Jackpot $0 | Bingo $0 | Fortune $0 | Tax $0
Seat 1: f06a60d0 (big blind) folded before Flop
Seat 4: Hero folded before Flop (didn't bet)
Seat 5: 938cd9e0 (button) collected ($0.12)
Seat 6: 18fd9c6d (small blind) folded before Flop


Poker Hand #HD1718562084: Hold'em No Limit ($0.02/$0.05) - 2024/04/06 19:04:49
Table 'NLHBlue27' 6-max Seat #4 is the button
Seat 1: f06a60d0 ($6.08 in chips)
Seat 4: Hero ($5.59 in chips)
Seat 5: 938cd9e0 ($4.51 in chips)
Seat 6: 18fd9c6d ($3.78 in chips)
938cd9e0: posts small blind $0.02
18fd9c6d: posts big blind $0.05
*** HOLE CARDS ***
Dealt to f06a60d0 
Dealt to Hero [5d Ah]
Dealt to 938cd9e0 
Dealt to 18fd9c6d 
f06a60d0: folds
Hero: folds
938cd9e0: folds
Uncalled bet ($0.03) returned to 18fd9c6d
*** SHOWDOWN ***
18fd9c6d collected $0.04 from pot
*** SUMMARY ***
Total pot $0.04 | Rake $0 | Jackpot $0 | Bingo $0 | Fortune $0 | Tax $0
Seat 1: f06a60d0 folded before Flop (didn't bet)
Seat 4: Hero (button) folded before Flop (didn't bet)
Seat 5: 938cd9e0 (small blind) folded before Flop
Seat 6: 18fd9c6d (big blind) collected ($0.04)


Poker Hand #HD1718561999: Hold'em No Limit ($0.02/$0.05) - 2024/04/06 19:04:05
Table 'NLHBlue27' 6-max Seat #1 is the button
Seat 1: f06a60d0 ($6.08 in chips)
Seat 4: Hero ($5.84 in chips)
Seat 5: 938cd9e0 ($4.28 in chips)
Seat 6: 18fd9c6d ($3.78 in chips)
Hero: posts small blind $0.02
938cd9e0: posts big blind $0.05
*** HOLE CARDS ***
Dealt to f06a60d0 
Dealt to Hero [Qd Qs]
Dealt to 938cd9e0 
Dealt to 18fd9c6d 
18fd9c6d: folds
f06a60d0: folds
Hero: raises $0.1 to $0.15
938cd9e0: calls $0.1
*** FLOP *** [Ad Ks 4c]
Hero: checks
938cd9e0: checks
*** TURN *** [Ad Ks 4c] [6c]
Hero: bets $0.1
938cd9e0: calls $0.1
*** RIVER *** [Ad Ks 4c 6c] [4d]
Hero: checks
938cd9e0: bets $0.3
Hero: folds
Uncalled bet ($0.3) returned to 938cd9e0
*** SHOWDOWN ***
938cd9e0 collected $0.48 from pot
*** SUMMARY ***
Total pot $0.5 | Rake $0.02 | Jackpot $0 | Bingo $0 | Fortune $0 | Tax $0
Board [Ad Ks 4c 6c 4d]
Seat 1: f06a60d0 (button) folded before Flop (didn't bet)
Seat 4: Hero (small blind) folded on the River
Seat 5: 938cd9e0 (big blind) won ($0.48)
Seat 6: 18fd9c6d folded before Flop (didn't bet)


Poker Hand #HD1718561972: Hold'em No Limit ($0.02/$0.05) - 2024/04/06 19:03:53
Table 'NLHBlue27' 6-max Seat #6 is the button
Seat 1: f06a60d0 ($6.1 in chips)
Seat 4: Hero ($5.89 in chips)
Seat 5: 938cd9e0 ($4.21 in chips)
Seat 6: 18fd9c6d ($3.78 in chips)
f06a60d0: posts small blind $0.02
Hero: posts big blind $0.05
*** HOLE CARDS ***
Dealt to f06a60d0 
Dealt to Hero [3s Ah]
Dealt to 938cd9e0 
Dealt to 18fd9c6d 
938cd9e0: raises $0.08 to $0.13
18fd9c6d: folds
f06a60d0: folds
Hero: folds
Uncalled bet ($0.08) returned to 938cd9e0
*** SHOWDOWN ***
938cd9e0 collected $0.12 from pot
*** SUMMARY ***
Total pot $0.12 | Rake $0 | Jackpot $0 | Bingo $0 | Fortune $0 | Tax $0
Seat 1: f06a60d0 (small blind) folded before Flop
Seat 4: Hero (big blind) folded before Flop
Seat 5: 938cd9e0 collected ($0.12)
Seat 6: 18fd9c6d (button) folded before Flop (didn't bet)


Poker Hand #HD1718561908: Hold'em No Limit ($0.02/$0.05) - 2024/04/06 19:03:23
Table 'NLHBlue27' 6-max Seat #5 is the button
Seat 1: f06a60d0 ($6.15 in chips)
Seat 2: 3a79998b ($2.51 in chips)
Seat 4: Hero ($5.82 in chips)
Seat 5: 938cd9e0 ($4.21 in chips)
Seat 6: 18fd9c6d ($3.8 in chips)
18fd9c6d: posts small blind $0.02
f06a60d0: posts big blind $0.05
*** HOLE CARDS ***
Dealt to f06a60d0 
Dealt to 3a79998b 
Dealt to Hero [Jc Ks]
Dealt to 938cd9e0 
Dealt to 18fd9c6d 
3a79998b: folds
Hero: raises $0.08 to $0.13
938cd9e0: folds
18fd9c6d: folds
f06a60d0: folds
Uncalled bet ($0.08) returned to Hero
*** SHOWDOWN ***
Hero collected $0.12 from pot
*** SUMMARY ***
Total pot $0.12 | Rake $0 | Jackpot $0 | Bingo $0 | Fortune $0 | Tax $0
Seat 1: f06a60d0 (big blind) folded before Flop
Seat 2: 3a79998b folded before Flop (didn't bet)
Seat 4: Hero collected ($0.12)
Seat 5: 938cd9e0 (button) folded before Flop (didn't bet)
Seat 6: 18fd9c6d (small blind) folded before Flop


Poker Hand #HD1718561872: Hold'em No Limit ($0.02/$0.05) - 2024/04/06 19:03:05
Table 'NLHBlue27' 6-max Seat #4 is the button
Seat 1: f06a60d0 ($6.15 in chips)
Seat 2: 3a79998b ($2.44 in chips)
Seat 4: Hero ($5.82 in chips)
Seat 5: 938cd9e0 ($4.23 in chips)
Seat 6: 18fd9c6d ($3.85 in chips)
938cd9e0: posts small blind $0.02
18fd9c6d: posts big blind $0.05
*** HOLE CARDS ***
Dealt to f06a60d0 
Dealt to 3a79998b 
Dealt to Hero [Qh 9h]
Dealt to 938cd9e0 
Dealt to 18fd9c6d 
f06a60d0: folds
3a79998b: raises $0.05 to $0.1
Hero: folds
938cd9e0: folds
18fd9c6d: folds
Uncalled bet ($0.05) returned to 3a79998b
*** SHOWDOWN ***
3a79998b collected $0.12 from pot
*** SUMMARY ***
Total pot $0.12 | Rake $0 | Jackpot $0 | Bingo $0 | Fortune $0 | Tax $0
Seat 1: f06a60d0 folded before Flop (didn't bet)
Seat 2: 3a79998b collected ($0.12)
Seat 4: Hero (button) folded before Flop (didn't bet)
Seat 5: 938cd9e0 (small blind) folded before Flop
Seat 6: 18fd9c6d (big blind) folded before Flop


Poker Hand #HD1718561823: Hold'em No Limit ($0.02/$0.05) - 2024/04/06 19:02:44
Table 'NLHBlue27' 6-max Seat #2 is the button
Seat 1: f06a60d0 ($6.08 in chips)
Seat 2: 3a79998b ($2.44 in chips)
Seat 4: Hero ($5.84 in chips)
Seat 5: 938cd9e0 ($4.28 in chips)
Seat 6: 18fd9c6d ($3.85 in chips)
Hero: posts small blind $0.02
938cd9e0: posts big blind $0.05
*** HOLE CARDS ***
Dealt to f06a60d0 
Dealt to 3a79998b 
Dealt to Hero [6h 5h]
Dealt to 938cd9e0 
Dealt to 18fd9c6d 
18fd9c6d: folds
f06a60d0: raises $0.06 to $0.11
3a79998b: folds
Hero: folds
938cd9e0: folds
Uncalled bet ($0.06) returned to f06a60d0
*** SHOWDOWN ***
f06a60d0 collected $0.12 from pot
*** SUMMARY ***
Total pot $0.12 | Rake $0 | Jackpot $0 | Bingo $0 | Fortune $0 | Tax $0
Seat 1: f06a60d0 collected ($0.12)
Seat 2: 3a79998b (button) folded before Flop (didn't bet)
Seat 4: Hero (small blind) folded before Flop
Seat 5: 938cd9e0 (big blind) folded before Flop
Seat 6: 18fd9c6d folded before Flop (didn't bet)


Poker Hand #HD1718561793: Hold'em No Limit ($0.02/$0.05) - 2024/04/06 19:02:30
Table 'NLHBlue27' 6-max Seat #1 is the button
Seat 1: f06a60d0 ($6.08 in chips)
Seat 2: 3a79998b ($2.46 in chips)
Seat 4: Hero ($5.82 in chips)
Seat 5: 938cd9e0 ($4.28 in chips)
Seat 6: 18fd9c6d ($3.85 in chips)
3a79998b: posts small blind $0.02
Hero: posts big blind $0.05
*** HOLE CARDS ***
Dealt to f06a60d0 
Dealt to 3a79998b 
Dealt to Hero [Kd 2h]
Dealt to 938cd9e0 
Dealt to 18fd9c6d 
938cd9e0: folds
18fd9c6d: folds
f06a60d0: folds
3a79998b: folds
Uncalled bet ($0.03) returned to Hero
*** SHOWDOWN ***
Hero collected $0.04 from pot
*** SUMMARY ***
Total pot $0.04 | Rake $0 | Jackpot $0 | Bingo $0 | Fortune $0 | Tax $0
Seat 1: f06a60d0 (button) folded before Flop (didn't bet)
Seat 2: 3a79998b (small blind) folded before Flop
Seat 4: Hero (big blind) collected ($0.04)
Seat 5: 938cd9e0 folded before Flop (didn't bet)
Seat 6: 18fd9c6d folded before Flop (didn't bet)


Poker Hand #HD1718561752: Hold'em No Limit ($0.02/$0.05) - 2024/04/06 19:02:05
Table 'NLHBlue27' 6-max Seat #6 is the button
Seat 1: f06a60d0 ($6.1 in chips)
Seat 2: 3a79998b ($2.35 in chips)
Seat 4: Hero ($5.82 in chips)
Seat 5: 938cd9e0 ($4.28 in chips)
Seat 6: 18fd9c6d ($3.95 in chips)
f06a60d0: posts small blind $0.02
3a79998b: posts big blind $0.05
*** HOLE CARDS ***
Dealt to f06a60d0 
Dealt to 3a79998b 
Dealt to Hero [Jd 5h]
Dealt to 938cd9e0 
Dealt to 18fd9c6d 
Hero: folds
938cd9e0: folds
18fd9c6d: raises $0.05 to $0.1
f06a60d0: folds
3a79998b: raises $0.11 to $0.21
18fd9c6d: folds
Uncalled bet ($0.11) returned to 3a79998b
*** SHOWDOWN ***
3a79998b collected $0.21 from pot
*** SUMMARY ***
Total pot $0.22 | Rake $0.01 | Jackpot $0 | Bingo $0 | Fortune $0 | Tax $0
Seat 1: f06a60d0 (small blind) folded before Flop
Seat 2: 3a79998b (big blind) collected ($0.21)
Seat 4: Hero folded before Flop (didn't bet)
Seat 5: 938cd9e0 folded before Flop (didn't bet)
Seat 6: 18fd9c6d (button) folded before Flop


Poker Hand #HD1718561721: Hold'em No Limit ($0.02/$0.05) - 2024/04/06 19:01:51
Table 'NLHBlue27' 6-max Seat #5 is the button
Seat 1: f06a60d0 ($6.15 in chips)
Seat 2: 3a79998b ($2.28 in chips)
Seat 4: Hero ($5.82 in chips)
Seat 5: 938cd9e0 ($4.28 in chips)
Seat 6: 18fd9c6d ($3.97 in chips)
18fd9c6d: posts small blind $0.02
f06a60d0: posts big blind $0.05
*** HOLE CARDS ***
Dealt to f06a60d0 
Dealt to 3a79998b 
Dealt to Hero [8c Qd]
Dealt to 938cd9e0 
Dealt to 18fd9c6d 
3a79998b: raises $0.05 to $0.1
Hero: folds
938cd9e0: folds
18fd9c6d: folds
f06a60d0: folds
Uncalled bet ($0.05) returned to 3a79998b
*** SHOWDOWN ***
3a79998b collected $0.12 from pot
*** SUMMARY ***
Total pot $0.12 | Rake $0 | Jackpot $0 | Bingo $0 | Fortune $0 | Tax $0
Seat 1: f06a60d0 (big blind) folded before Flop
Seat 2: 3a79998b collected ($0.12)
Seat 4: Hero folded before Flop (didn't bet)
Seat 5: 938cd9e0 (button) folded before Flop (didn't bet)
Seat 6: 18fd9c6d (small blind) folded before Flop


Poker Hand #HD1718561670: Hold'em No Limit ($0.02/$0.05) - 2024/04/06 19:01:27
Table 'NLHBlue27' 6-max Seat #4 is the button
Seat 1: f06a60d0 ($6.15 in chips)
Seat 2: 3a79998b ($2.12 in chips)
Seat 4: Hero ($5.82 in chips)
Seat 5: 938cd9e0 ($4.3 in chips)
Seat 6: 18fd9c6d ($4.12 in chips)
938cd9e0: posts small blind $0.02
18fd9c6d: posts big blind $0.05
*** HOLE CARDS ***
Dealt to f06a60d0 
Dealt to 3a79998b 
Dealt to Hero [9d 7h]
Dealt to 938cd9e0 
Dealt to 18fd9c6d 
f06a60d0: folds
3a79998b: raises $0.05 to $0.1
Hero: folds
938cd9e0: folds
18fd9c6d: calls $0.05
*** FLOP *** [8d 4s 4c]
18fd9c6d: bets $0.05
3a79998b: raises $0.29 to $0.34
18fd9c6d: folds
Uncalled bet ($0.29) returned to 3a79998b
*** SHOWDOWN ***
3a79998b collected $0.31 from pot
*** SUMMARY ***
Total pot $0.32 | Rake $0.01 | Jackpot $0 | Bingo $0 | Fortune $0 | Tax $0
Board [8d 4s 4c]
Seat 1: f06a60d0 folded before Flop (didn't bet)
Seat 2: 3a79998b won ($0.31)
Seat 4: Hero (button) folded before Flop (didn't bet)
Seat 5: 938cd9e0 (small blind) folded before Flop
Seat 6: 18fd9c6d (big blind) folded on the Flop


Poker Hand #HD1718561623: Hold'em No Limit ($0.02/$0.05) - 2024/04/06 19:01:09
Table 'NLHBlue27' 6-max Seat #2 is the button
Seat 1: f06a60d0 ($6.15 in chips)
Seat 2: 3a79998b ($1.96 in chips)
Seat 4: Hero ($5.84 in chips)
Seat 5: 938cd9e0 ($4.35 in chips)
Seat 6: 18fd9c6d ($4.22 in chips)
Hero: posts small blind $0.02
938cd9e0: posts big blind $0.05
*** HOLE CARDS ***
Dealt to f06a60d0 
Dealt to 3a79998b 
Dealt to Hero [Jc 6d]
Dealt to 938cd9e0 
Dealt to 18fd9c6d 
18fd9c6d: raises $0.05 to $0.1
f06a60d0: folds
3a79998b: raises $0.25 to $0.35
Hero: folds
938cd9e0: folds
18fd9c6d: folds
Uncalled bet ($0.25) returned to 3a79998b
*** SHOWDOWN ***
3a79998b collected $0.26 from pot
*** SUMMARY ***
Total pot $0.27 | Rake $0.01 | Jackpot $0 | Bingo $0 | Fortune $0 | Tax $0
Seat 1: f06a60d0 folded before Flop (didn't bet)
Seat 2: 3a79998b (button) collected ($0.26)
Seat 4: Hero (small blind) folded before Flop
Seat 5: 938cd9e0 (big blind) folded before Flop
Seat 6: 18fd9c6d folded before Flop


Poker Hand #HD1718561568: Hold'em No Limit ($0.02/$0.05) - 2024/04/06 19:00:45
Table 'NLHBlue27' 6-max Seat #1 is the button
Seat 1: f06a60d0 ($6.08 in chips)
Seat 2: 3a79998b ($1.98 in chips)
Seat 4: Hero ($5.89 in chips)
Seat 5: 938cd9e0 ($4.35 in chips)
Seat 6: 18fd9c6d ($4.22 in chips)
3a79998b: posts small blind $0.02
Hero: posts big blind $0.05
*** HOLE CARDS ***
Dealt to f06a60d0 
Dealt to 3a79998b 
Dealt to Hero [Tc 9d]
Dealt to 938cd9e0 
Dealt to 18fd9c6d 
938cd9e0: folds
18fd9c6d: folds
f06a60d0: raises $0.06 to $0.11
3a79998b: folds
Hero: folds
Uncalled bet ($0.06) returned to f06a60d0
*** SHOWDOWN ***
f06a60d0 collected $0.12 from pot
*** SUMMARY ***
Total pot $0.12 | Rake $0 | Jackpot $0 | Bingo $0 | Fortune $0 | Tax $0
Seat 1: f06a60d0 (button) collected ($0.12)
Seat 2: 3a79998b (small blind) folded before Flop
Seat 4: Hero (big blind) folded before Flop
Seat 5: 938cd9e0 folded before Flop (didn't bet)
Seat 6: 18fd9c6d folded before Flop (didn't bet)


Poker Hand #HD1718561501: Hold'em No Limit ($0.02/$0.05) - 2024/04/06 19:00:17
Table 'NLHBlue27' 6-max Seat #6 is the button
Seat 1: f06a60d0 ($6.1 in chips)
Seat 2: 3a79998b ($2.03 in chips)
Seat 4: Hero ($5.89 in chips)
Seat 5: 938cd9e0 ($4.35 in chips)
Seat 6: 18fd9c6d ($4.15 in chips)
f06a60d0: posts small blind $0.02
3a79998b: posts big blind $0.05
*** HOLE CARDS ***
Dealt to f06a60d0 
Dealt to 3a79998b 
Dealt to Hero [7c 6c]
Dealt to 938cd9e0 
Dealt to 18fd9c6d 
Hero: folds
938cd9e0: folds
18fd9c6d: raises $0.05 to $0.1
f06a60d0: folds
3a79998b: folds
Uncalled bet ($0.05) returned to 18fd9c6d
*** SHOWDOWN ***
18fd9c6d collected $0.12 from pot
*** SUMMARY ***
Total pot $0.12 | Rake $0 | Jackpot $0 | Bingo $0 | Fortune $0 | Tax $0
Seat 1: f06a60d0 (small blind) folded before Flop
Seat 2: 3a79998b (big blind) folded before Flop
Seat 4: Hero folded before Flop (didn't bet)
Seat 5: 938cd9e0 folded before Flop (didn't bet)
Seat 6: 18fd9c6d (button) collected ($0.12)


Poker Hand #HD1718561450: Hold'em No Limit ($0.02/$0.05) - 2024/04/06 18:59:54
Table 'NLHBlue27' 6-max Seat #5 is the button
Seat 1: f06a60d0 ($6.15 in chips)
Seat 2: 3a79998b ($1.96 in chips)
Seat 4: Hero ($5.89 in chips)
Seat 5: 938cd9e0 ($4.35 in chips)
Seat 6: 18fd9c6d ($4.17 in chips)
18fd9c6d: posts small blind $0.02
f06a60d0: posts big blind $0.05
*** HOLE CARDS ***
Dealt to f06a60d0 
Dealt to 3a79998b 
Dealt to Hero [Jd Ts]
Dealt to 938cd9e0 
Dealt to 18fd9c6d 
3a79998b: raises $0.05 to $0.1
Hero: folds
938cd9e0: folds
18fd9c6d: folds
f06a60d0: folds
Uncalled bet ($0.05) returned to 3a79998b
*** SHOWDOWN ***
3a79998b collected $0.12 from pot
*** SUMMARY ***
Total pot $0.12 | Rake $0 | Jackpot $0 | Bingo $0 | Fortune $0 | Tax $0
Seat 1: f06a60d0 (big blind) folded before Flop
Seat 2: 3a79998b collected ($0.12)
Seat 4: Hero folded before Flop (didn't bet)
Seat 5: 938cd9e0 (button) folded before Flop (didn't bet)
Seat 6: 18fd9c6d (small blind) folded before Flop


Poker Hand #HD1718561326: Hold'em No Limit ($0.02/$0.05) - 2024/04/06 18:58:59
Table 'NLHBlue27' 6-max Seat #4 is the button
Seat 1: f06a60d0 ($6.19 in chips)
Seat 2: 3a79998b ($1.96 in chips)
Seat 4: Hero ($5.89 in chips)
Seat 5: 938cd9e0 ($4.39 in chips)
Seat 6: 18fd9c6d ($4.22 in chips)
938cd9e0: posts small blind $0.02
18fd9c6d: posts big blind $0.05
*** HOLE CARDS ***
Dealt to f06a60d0 
Dealt to 3a79998b 
Dealt to Hero [7c 4c]
Dealt to 938cd9e0 
Dealt to 18fd9c6d 
f06a60d0: raises $0.08 to $0.13
3a79998b: folds
Hero: folds
938cd9e0: calls $0.11
18fd9c6d: folds
*** FLOP *** [Qh 9s Ad]
938cd9e0: checks
f06a60d0: bets $0.11
938cd9e0: calls $0.11
*** TURN *** [Qh 9s Ad] [5c]
938cd9e0: checks
f06a60d0: bets $0.23
938cd9e0: calls $0.23
*** RIVER *** [Qh 9s Ad 5c] [Kd]
938cd9e0: checks
f06a60d0: bets $0.5
938cd9e0: calls $0.5
f06a60d0: shows [Kc Qc] (Pair of Kings and Pair of Queens)
938cd9e0: shows [Kh Qd] (Pair of Kings and Pair of Queens)
*** SHOWDOWN ***
938cd9e0 collected $0.93 from pot
f06a60d0 collected $0.93 from pot
*** SUMMARY ***
Total pot $1.99 | Rake $0.08 | Jackpot $0.05 | Bingo $0 | Fortune $0 | Tax $0
Board [Qh 9s Ad 5c Kd]
Seat 1: f06a60d0 showed [Kc Qc] and won ($0.93) with Pair of Kings and Pair of Queens
Seat 2: 3a79998b folded before Flop (didn't bet)
Seat 4: Hero (button) folded before Flop (didn't bet)
Seat 5: 938cd9e0 (small blind) showed [Kh Qd] and won ($0.93) with Pair of Kings and Pair of Queens
Seat 6: 18fd9c6d (big blind) folded before Flop


Poker Hand #HD1718561295: Hold'em No Limit ($0.02/$0.05) - 2024/04/06 18:58:46
Table 'NLHBlue27' 6-max Seat #2 is the button
Seat 1: f06a60d0 ($6.19 in chips)
Seat 2: 3a79998b ($1.89 in chips)
Seat 4: Hero ($5.91 in chips)
Seat 5: 938cd9e0 ($4.44 in chips)
Seat 6: 18fd9c6d ($4.22 in chips)
Hero: posts small blind $0.02
938cd9e0: posts big blind $0.05
*** HOLE CARDS ***
Dealt to f06a60d0 
Dealt to 3a79998b 
Dealt to Hero [5h 3c]
Dealt to 938cd9e0 
Dealt to 18fd9c6d 
18fd9c6d: folds
f06a60d0: folds
3a79998b: raises $0.05 to $0.1
Hero: folds
938cd9e0: folds
Uncalled bet ($0.05) returned to 3a79998b
*** SHOWDOWN ***
3a79998b collected $0.12 from pot
*** SUMMARY ***
Total pot $0.12 | Rake $0 | Jackpot $0 | Bingo $0 | Fortune $0 | Tax $0
Seat 1: f06a60d0 folded before Flop (didn't bet)
Seat 2: 3a79998b (button) collected ($0.12)
Seat 4: Hero (small blind) folded before Flop
Seat 5: 938cd9e0 (big blind) folded before Flop
Seat 6: 18fd9c6d folded before Flop (didn't bet)


Poker Hand #HD1718561210: Hold'em No Limit ($0.02/$0.05) - 2024/04/06 18:58:10
Table 'NLHBlue27' 6-max Seat #1 is the button
Seat 1: f06a60d0 ($6.3 in chips)
Seat 2: 3a79998b ($1.74 in chips)
Seat 4: Hero ($5.96 in chips)
Seat 5: 938cd9e0 ($4.44 in chips)
Seat 6: 18fd9c6d ($4.22 in chips)
3a79998b: posts small blind $0.02
Hero: posts big blind $0.05
*** HOLE CARDS ***
Dealt to f06a60d0 
Dealt to 3a79998b 
Dealt to Hero [9s 7d]
Dealt to 938cd9e0 
Dealt to 18fd9c6d 
938cd9e0: folds
18fd9c6d: folds
f06a60d0: raises $0.06 to $0.11
3a79998b: calls $0.09
Hero: folds
*** FLOP *** [Js 4h 3c]
3a79998b: bets $0.55
f06a60d0: folds
Uncalled bet ($0.55) returned to 3a79998b
*** SHOWDOWN ***
3a79998b collected $0.26 from pot
*** SUMMARY ***
Total pot $0.27 | Rake $0.01 | Jackpot $0 | Bingo $0 | Fortune $0 | Tax $0
Board [Js 4h 3c]
Seat 1: f06a60d0 (button) folded on the Flop
Seat 2: 3a79998b (small blind) won ($0.26)
Seat 4: Hero (big blind) folded before Flop
Seat 5: 938cd9e0 folded before Flop (didn't bet)
Seat 6: 18fd9c6d folded before Flop (didn't bet)


Poker Hand #HD1718561171: Hold'em No Limit ($0.02/$0.05) - 2024/04/06 18:57:52
Table 'NLHBlue27' 6-max Seat #6 is the button
Seat 1: f06a60d0 ($6.32 in chips)
Seat 2: 3a79998b ($1.72 in chips)
Seat 4: Hero ($5.96 in chips)
Seat 5: 938cd9e0 ($4.44 in chips)
Seat 6: 18fd9c6d ($4.22 in chips)
f06a60d0: posts small blind $0.02
3a79998b: posts big blind $0.05
*** HOLE CARDS ***
Dealt to f06a60d0 
Dealt to 3a79998b 
Dealt to Hero [7d 4d]
Dealt to 938cd9e0 
Dealt to 18fd9c6d 
Hero: folds
938cd9e0: folds
18fd9c6d: folds
f06a60d0: folds
Uncalled bet ($0.03) returned to 3a79998b
*** SHOWDOWN ***
3a79998b collected $0.04 from pot
*** SUMMARY ***
Total pot $0.04 | Rake $0 | Jackpot $0 | Bingo $0 | Fortune $0 | Tax $0
Seat 1: f06a60d0 (small blind) folded before Flop
Seat 2: 3a79998b (big blind) collected ($0.04)
Seat 4: Hero folded before Flop (didn't bet)
Seat 5: 938cd9e0 folded before Flop (didn't bet)
Seat 6: 18fd9c6d (button) folded before Flop (didn't bet)


Poker Hand #HD1718561127: Hold'em No Limit ($0.02/$0.05) - 2024/04/06 18:57:28
Table 'NLHBlue27' 6-max Seat #5 is the button
Seat 1: f06a60d0 ($6.37 in chips)
Seat 2: 3a79998b ($1.65 in chips)
Seat 4: Hero ($5.96 in chips)
Seat 5: 938cd9e0 ($4.44 in chips)
Seat 6: 18fd9c6d ($4.24 in chips)
18fd9c6d: posts small blind $0.02
f06a60d0: posts big blind $0.05
*** HOLE CARDS ***
Dealt to f06a60d0 
Dealt to 3a79998b 
Dealt to Hero [7c As]
Dealt to 938cd9e0 
Dealt to 18fd9c6d 
3a79998b: raises $0.05 to $0.1
Hero: folds
938cd9e0: folds
18fd9c6d: folds
f06a60d0: folds
Uncalled bet ($0.05) returned to 3a79998b
*** SHOWDOWN ***
3a79998b collected $0.12 from pot
*** SUMMARY ***
Total pot $0.12 | Rake $0 | Jackpot $0 | Bingo $0 | Fortune $0 | Tax $0
Seat 1: f06a60d0 (big blind) folded before Flop
Seat 2: 3a79998b collected ($0.12)
Seat 4: Hero folded before Flop (didn't bet)
Seat 5: 938cd9e0 (button) folded before Flop (didn't bet)
Seat 6: 18fd9c6d (small blind) folded before Flop


Poker Hand #HD1718561091: Hold'em No Limit ($0.02/$0.05) - 2024/04/06 18:57:10
Table 'NLHBlue27' 6-max Seat #4 is the button
Seat 1: f06a60d0 ($6.37 in chips)
Seat 2: 3a79998b ($1.65 in chips)
Seat 4: Hero ($5.89 in chips)
Seat 5: 938cd9e0 ($4.46 in chips)
Seat 6: 18fd9c6d ($4.29 in chips)
938cd9e0: posts small blind $0.02
18fd9c6d: posts big blind $0.05
*** HOLE CARDS ***
Dealt to f06a60d0 
Dealt to 3a79998b 
Dealt to Hero [Qd Qc]
Dealt to 938cd9e0 
Dealt to 18fd9c6d 
f06a60d0: folds
3a79998b: folds
Hero: raises $0.08 to $0.13
938cd9e0: folds
18fd9c6d: folds
Uncalled bet ($0.08) returned to Hero
*** SHOWDOWN ***
Hero collected $0.12 from pot
*** SUMMARY ***
Total pot $0.12 | Rake $0 | Jackpot $0 | Bingo $0 | Fortune $0 | Tax $0
Seat 1: f06a60d0 folded before Flop (didn't bet)
Seat 2: 3a79998b folded before Flop (didn't bet)
Seat 4: Hero (button) collected ($0.12)
Seat 5: 938cd9e0 (small blind) folded before Flop
Seat 6: 18fd9c6d (big blind) folded before Flop


Poker Hand #HD1718561057: Hold'em No Limit ($0.02/$0.05) - 2024/04/06 18:56:59
Table 'NLHBlue27' 6-max Seat #2 is the button
Seat 1: f06a60d0 ($6.37 in chips)
Seat 2: 3a79998b ($1.65 in chips)
Seat 4: Hero ($5.91 in chips)
Seat 5: 938cd9e0 ($4.44 in chips)
Seat 6: 18fd9c6d ($4.29 in chips)
Hero: posts small blind $0.02
938cd9e0: posts big blind $0.05
*** HOLE CARDS ***
Dealt to f06a60d0 
Dealt to 3a79998b 
Dealt to Hero [6c 8s]
Dealt to 938cd9e0 
Dealt to 18fd9c6d 
18fd9c6d: folds
f06a60d0: folds
3a79998b: folds
Hero: folds
Uncalled bet ($0.03) returned to 938cd9e0
*** SHOWDOWN ***
938cd9e0 collected $0.04 from pot
*** SUMMARY ***
Total pot $0.04 | Rake $0 | Jackpot $0 | Bingo $0 | Fortune $0 | Tax $0
Seat 1: f06a60d0 folded before Flop (didn't bet)
Seat 2: 3a79998b (button) folded before Flop (didn't bet)
Seat 4: Hero (small blind) folded before Flop
Seat 5: 938cd9e0 (big blind) collected ($0.04)
Seat 6: 18fd9c6d folded before Flop (didn't bet)


Poker Hand #HD1718561016: Hold'em No Limit ($0.02/$0.05) - 2024/04/06 18:56:39
Table 'NLHBlue27' 6-max Seat #1 is the button
Seat 1: f06a60d0 ($6.37 in chips)
Seat 2: 3a79998b ($1.6 in chips)
Seat 4: Hero ($5.96 in chips)
Seat 5: 938cd9e0 ($4.44 in chips)
Seat 6: 18fd9c6d ($4.29 in chips)
3a79998b: posts small blind $0.02
Hero: posts big blind $0.05
*** HOLE CARDS ***
Dealt to f06a60d0 
Dealt to 3a79998b 
Dealt to Hero [Qh 5s]
Dealt to 938cd9e0 
Dealt to 18fd9c6d 
938cd9e0: folds
18fd9c6d: folds
f06a60d0: folds
3a79998b: raises $0.05 to $0.1
Hero: folds
Uncalled bet ($0.05) returned to 3a79998b
*** SHOWDOWN ***
3a79998b collected $0.1 from pot
*** SUMMARY ***
Total pot $0.1 | Rake $0 | Jackpot $0 | Bingo $0 | Fortune $0 | Tax $0
Seat 1: f06a60d0 (button) folded before Flop (didn't bet)
Seat 2: 3a79998b (small blind) collected ($0.1)
Seat 4: Hero (big blind) folded before Flop
Seat 5: 938cd9e0 folded before Flop (didn't bet)
Seat 6: 18fd9c6d folded before Flop (didn't bet)


Poker Hand #HD1718560832: Hold'em No Limit ($0.02/$0.05) - 2024/04/06 18:55:15
Table 'NLHBlue27' 6-max Seat #6 is the button
Seat 1: f06a60d0 ($6.39 in chips)
Seat 2: 3a79998b ($2.5 in chips)
Seat 4: Hero ($5.17 in chips)
Seat 5: 938cd9e0 ($4.44 in chips)
Seat 6: 18fd9c6d ($4.29 in chips)
f06a60d0: posts small blind $0.02
3a79998b: posts big blind $0.05
*** HOLE CARDS ***
Dealt to f06a60d0 
Dealt to 3a79998b 
Dealt to Hero [Th Kd]
Dealt to 938cd9e0 
Dealt to 18fd9c6d 
Hero: raises $0.05 to $0.1
938cd9e0: folds
18fd9c6d: folds
f06a60d0: folds
3a79998b: calls $0.05
*** FLOP *** [Td 4s 8d]
3a79998b: checks
Hero: checks
*** TURN *** [Td 4s 8d] [6d]
3a79998b: bets $0.3
Hero: calls $0.3
*** RIVER *** [Td 4s 8d 6d] [9d]
3a79998b: bets $0.5
Hero: raises $4.27 to $4.77 and is all-in
3a79998b: folds
Uncalled bet ($4.27) returned to Hero
*** SHOWDOWN ***
Hero collected $1.69 from pot
*** SUMMARY ***
Total pot $1.82 | Rake $0.08 | Jackpot $0.05 | Bingo $0 | Fortune $0 | Tax $0
Board [Td 4s 8d 6d 9d]
Seat 1: f06a60d0 (small blind) folded before Flop
Seat 2: 3a79998b (big blind) folded on the River
Seat 4: Hero won ($1.69)
Seat 5: 938cd9e0 folded before Flop (didn't bet)
Seat 6: 18fd9c6d (button) folded before Flop (didn't bet)


Poker Hand #HD1718560650: Hold'em No Limit ($0.02/$0.05) - 2024/04/06 18:53:45
Table 'NLHBlue27' 6-max Seat #5 is the button
Seat 1: f06a60d0 ($6.52 in chips)
Seat 2: 1534a7b ($6.9 in chips)
Seat 4: Hero ($5.03 in chips)
Seat 5: 938cd9e0 ($4.44 in chips)
Seat 6: 18fd9c6d ($4.31 in chips)
18fd9c6d: posts small blind $0.02
f06a60d0: posts big blind $0.05
*** HOLE CARDS ***
Dealt to f06a60d0 
Dealt to 1534a7b 
Dealt to Hero [Kc Td]
Dealt to 938cd9e0 
Dealt to 18fd9c6d 
1534a7b: folds
Hero: raises $0.08 to $0.13
938cd9e0: folds
18fd9c6d: folds
f06a60d0: calls $0.08
*** FLOP *** [2c Jd 5s]
f06a60d0: checks
Hero: checks
*** TURN *** [2c Jd 5s] [Kd]
f06a60d0: checks
Hero: bets $0.15
f06a60d0: folds
Uncalled bet ($0.15) returned to Hero
*** SHOWDOWN ***
Hero collected $0.27 from pot
*** SUMMARY ***
Total pot $0.28 | Rake $0.01 | Jackpot $0 | Bingo $0 | Fortune $0 | Tax $0
Board [2c Jd 5s Kd]
Seat 1: f06a60d0 (big blind) folded on the Turn
Seat 2: 1534a7b folded before Flop (didn't bet)
Seat 4: Hero won ($0.27)
Seat 5: 938cd9e0 (button) folded before Flop (didn't bet)
Seat 6: 18fd9c6d (small blind) folded before Flop


Poker Hand #HD1718560597: Hold'em No Limit ($0.02/$0.05) - 2024/04/06 18:53:20
Table 'NLHBlue27' 6-max Seat #4 is the button
Seat 1: f06a60d0 ($6.52 in chips)
Seat 2: 1534a7b ($6.9 in chips)
Seat 3: c37f3d70 ($0.58 in chips)
Seat 4: Hero ($5.03 in chips)
Seat 5: 938cd9e0 ($4.46 in chips)
Seat 6: 18fd9c6d ($4.29 in chips)
938cd9e0: posts small blind $0.02
18fd9c6d: posts big blind $0.05
*** HOLE CARDS ***
Dealt to f06a60d0 
Dealt to 1534a7b 
Dealt to c37f3d70 
Dealt to Hero [9s 4s]
Dealt to 938cd9e0 
Dealt to 18fd9c6d 
f06a60d0: folds
1534a7b: folds
c37f3d70: folds
Hero: folds
938cd9e0: folds
Uncalled bet ($0.03) returned to 18fd9c6d
*** SHOWDOWN ***
18fd9c6d collected $0.04 from pot
*** SUMMARY ***
Total pot $0.04 | Rake $0 | Jackpot $0 | Bingo $0 | Fortune $0 | Tax $0
Seat 1: f06a60d0 folded before Flop (didn't bet)
Seat 2: 1534a7b folded before Flop (didn't bet)
Seat 3: c37f3d70 folded before Flop (didn't bet)
Seat 4: Hero (button) folded before Flop (didn't bet)
Seat 5: 938cd9e0 (small blind) folded before Flop
Seat 6: 18fd9c6d (big blind) collected ($0.04)


Poker Hand #HD1718560432: Hold'em No Limit ($0.02/$0.05) - 2024/04/06 18:52:06
Table 'NLHBlue27' 6-max Seat #3 is the button
Seat 1: f06a60d0 ($5.53 in chips)
Seat 2: 1534a7b ($7.84 in chips)
Seat 3: c37f3d70 ($0.71 in chips)
Seat 4: Hero ($5.05 in chips)
Seat 5: 938cd9e0 ($4.51 in chips)
Seat 6: 18fd9c6d ($4.29 in chips)
Hero: posts small blind $0.02
938cd9e0: posts big blind $0.05
*** HOLE CARDS ***
Dealt to f06a60d0 
Dealt to 1534a7b 
Dealt to c37f3d70 
Dealt to Hero [7h 2s]
Dealt to 938cd9e0 
Dealt to 18fd9c6d 
18fd9c6d: folds
f06a60d0: raises $0.08 to $0.13
1534a7b: calls $0.13
c37f3d70: calls $0.13
Hero: folds
938cd9e0: folds
*** FLOP *** [6h 9d 9h]
f06a60d0: checks
1534a7b: bets $0.24
c37f3d70: folds
f06a60d0: calls $0.24
*** TURN *** [6h 9d 9h] [2h]
f06a60d0: checks
1534a7b: checks
*** RIVER *** [6h 9d 9h 2h] [Qs]
f06a60d0: bets $0.57
1534a7b: calls $0.57
f06a60d0: shows [Ah Kh] (Ace High Flush)
1534a7b: shows [6d 5d] (Pair of Nines and Pair of Sixes)
*** SHOWDOWN ***
f06a60d0 collected $1.93 from pot
*** SUMMARY ***
Total pot $2.08 | Rake $0.1 | Jackpot $0.05 | Bingo $0 | Fortune $0 | Tax $0
Board [6h 9d 9h 2h Qs]
Seat 1: f06a60d0 showed [Ah Kh] and won ($1.93) with Ace High Flush
Seat 2: 1534a7b showed [6d 5d] and lost with Pair of Nines and Pair of Sixes
Seat 3: c37f3d70 (button) folded on the Flop
Seat 4: Hero (small blind) folded before Flop
Seat 5: 938cd9e0 (big blind) folded before Flop
Seat 6: 18fd9c6d folded before Flop (didn't bet)


Poker Hand #HD1718560393: Hold'em No Limit ($0.02/$0.05) - 2024/04/06 18:51:50
Table 'NLHBlue27' 6-max Seat #2 is the button
Seat 1: f06a60d0 ($5.53 in chips)
Seat 2: 1534a7b ($7.84 in chips)
Seat 3: c37f3d70 ($0.73 in chips)
Seat 4: Hero ($5.1 in chips)
Seat 5: 938cd9e0 ($4.51 in chips)
Seat 6: 18fd9c6d ($4.22 in chips)
c37f3d70: posts small blind $0.02
Hero: posts big blind $0.05
*** HOLE CARDS ***
Dealt to f06a60d0 
Dealt to 1534a7b 
Dealt to c37f3d70 
Dealt to Hero [5d 2h]
Dealt to 938cd9e0 
Dealt to 18fd9c6d 
938cd9e0: folds
18fd9c6d: raises $0.05 to $0.1
f06a60d0: folds
1534a7b: folds
c37f3d70: folds
Hero: folds
Uncalled bet ($0.05) returned to 18fd9c6d
*** SHOWDOWN ***
18fd9c6d collected $0.12 from pot
*** SUMMARY ***
Total pot $0.12 | Rake $0 | Jackpot $0 | Bingo $0 | Fortune $0 | Tax $0
Seat 1: f06a60d0 folded before Flop (didn't bet)
Seat 2: 1534a7b (button) folded before Flop (didn't bet)
Seat 3: c37f3d70 (small blind) folded before Flop
Seat 4: Hero (big blind) folded before Flop
Seat 5: 938cd9e0 folded before Flop (didn't bet)
Seat 6: 18fd9c6d collected ($0.12)


Poker Hand #HD1718560184: Hold'em No Limit ($0.02/$0.05) - 2024/04/06 18:50:25
Table 'NLHBlue27' 6-max Seat #1 is the button
Seat 1: f06a60d0 ($5.12 in chips)
Seat 2: 1534a7b ($8.06 in chips)
Seat 3: c37f3d70 ($0.95 in chips)
Seat 4: Hero ($5.1 in chips)
Seat 5: 938cd9e0 ($4.51 in chips)
Seat 6: 18fd9c6d ($4.22 in chips)
1534a7b: posts small blind $0.02
c37f3d70: posts big blind $0.05
*** HOLE CARDS ***
Dealt to f06a60d0 
Dealt to 1534a7b 
Dealt to c37f3d70 
Dealt to Hero [6s Ks]
Dealt to 938cd9e0 
Dealt to 18fd9c6d 
Hero: folds
938cd9e0: folds
18fd9c6d: folds
f06a60d0: raises $0.06 to $0.11
1534a7b: calls $0.09
c37f3d70: calls $0.06
*** FLOP *** [7c Jc 4s]
1534a7b: checks
c37f3d70: checks
f06a60d0: bets $0.11
1534a7b: calls $0.11
c37f3d70: calls $0.11
*** TURN *** [7c Jc 4s] [3h]
1534a7b: checks
c37f3d70: checks
f06a60d0: checks
*** RIVER *** [7c Jc 4s 3h] [2d]
1534a7b: checks
c37f3d70: checks
f06a60d0: bets $0.33
1534a7b: folds
c37f3d70: folds
Uncalled bet ($0.33) returned to f06a60d0
*** SHOWDOWN ***
f06a60d0 collected $0.63 from pot
*** SUMMARY ***
Total pot $0.66 | Rake $0.03 | Jackpot $0 | Bingo $0 | Fortune $0 | Tax $0
Board [7c Jc 4s 3h 2d]
Seat 1: f06a60d0 (button) won ($0.63)
Seat 2: 1534a7b (small blind) folded on the River
Seat 3: c37f3d70 (big blind) folded on the River
Seat 4: Hero folded before Flop (didn't bet)
Seat 5: 938cd9e0 folded before Flop (didn't bet)
Seat 6: 18fd9c6d folded before Flop (didn't bet)


Poker Hand #HD1718560125: Hold'em No Limit ($0.02/$0.05) - 2024/04/06 18:49:59
Table 'NLHBlue27' 6-max Seat #6 is the button
Seat 1: f06a60d0 ($5.14 in chips)
Seat 2: 1534a7b ($7.99 in chips)
Seat 3: c37f3d70 ($1 in chips)
Seat 4: Hero ($5.1 in chips)
Seat 5: 938cd9e0 ($4.51 in chips)
Seat 6: 18fd9c6d ($4.22 in chips)
f06a60d0: posts small blind $0.02
1534a7b: posts big blind $0.05
c37f3d70: posts big blind $0.05
*** HOLE CARDS ***
Dealt to f06a60d0 
Dealt to 1534a7b 
Dealt to c37f3d70 
Dealt to Hero [As 5c]
Dealt to 938cd9e0 
Dealt to 18fd9c6d 
c37f3d70: checks
Hero: folds
938cd9e0: folds
18fd9c6d: folds
f06a60d0: folds
1534a7b: checks
*** FLOP *** [2d 3s 9s]
1534a7b: bets $0.06
c37f3d70: folds
Uncalled bet ($0.06) returned to 1534a7b
*** SHOWDOWN ***
1534a7b collected $0.12 from pot
*** SUMMARY ***
Total pot $0.12 | Rake $0 | Jackpot $0 | Bingo $0 | Fortune $0 | Tax $0
Board [2d 3s 9s]
Seat 1: f06a60d0 (small blind) folded before Flop
Seat 2: 1534a7b (big blind) won ($0.12)
Seat 3: c37f3d70 folded on the Flop
Seat 4: Hero folded before Flop (didn't bet)
Seat 5: 938cd9e0 folded before Flop (didn't bet)
Seat 6: 18fd9c6d (button) folded before Flop (didn't bet)


Poker Hand #HD1718560011: Hold'em No Limit ($0.02/$0.05) - 2024/04/06 18:49:06
Table 'NLHBlue27' 6-max Seat #5 is the button
Seat 1: f06a60d0 ($5 in chips)
Seat 2: 1534a7b ($7.99 in chips)
Seat 4: Hero ($5.23 in chips)
Seat 5: 938cd9e0 ($4.51 in chips)
Seat 6: 18fd9c6d ($4.24 in chips)
18fd9c6d: posts small blind $0.02
f06a60d0: posts big blind $0.05
*** HOLE CARDS ***
Dealt to f06a60d0 
Dealt to 1534a7b 
Dealt to Hero [7h Qh]
Dealt to 938cd9e0 
Dealt to 18fd9c6d 
1534a7b: folds
Hero: raises $0.08 to $0.13
938cd9e0: folds
18fd9c6d: folds
f06a60d0: calls $0.08
*** FLOP *** [3d Kd 3h]
f06a60d0: checks
Hero: checks
*** TURN *** [3d Kd 3h] [Ad]
f06a60d0: checks
Hero: checks
*** RIVER *** [3d Kd 3h Ad] [5c]
f06a60d0: bets $0.21
Hero: folds
Uncalled bet ($0.21) returned to f06a60d0
*** SHOWDOWN ***
f06a60d0 collected $0.27 from pot
*** SUMMARY ***
Total pot $0.28 | Rake $0.01 | Jackpot $0 | Bingo $0 | Fortune $0 | Tax $0
Board [3d Kd 3h Ad 5c]
Seat 1: f06a60d0 (big blind) won ($0.27)
Seat 2: 1534a7b folded before Flop (didn't bet)
Seat 4: Hero folded on the River
Seat 5: 938cd9e0 (button) folded before Flop (didn't bet)
Seat 6: 18fd9c6d (small blind) folded before Flop


Poker Hand #HD1718559979: Hold'em No Limit ($0.02/$0.05) - 2024/04/06 18:48:55
Table 'NLHBlue27' 6-max Seat #4 is the button
Seat 1: f06a60d0 ($5 in chips)
Seat 2: 1534a7b ($7.92 in chips)
Seat 3: 2299e8a0 ($5.91 in chips)
Seat 4: Hero ($5.23 in chips)
Seat 5: 938cd9e0 ($4.53 in chips)
Seat 6: 18fd9c6d ($4.29 in chips)
938cd9e0: posts small blind $0.02
18fd9c6d: posts big blind $0.05
*** HOLE CARDS ***
Dealt to f06a60d0 
Dealt to 1534a7b 
Dealt to 2299e8a0 
Dealt to Hero [Kc 4h]
Dealt to 938cd9e0 
Dealt to 18fd9c6d 
f06a60d0: folds
1534a7b: raises $0.08 to $0.13
2299e8a0: folds
Hero: folds
938cd9e0: folds
18fd9c6d: folds
Uncalled bet ($0.08) returned to 1534a7b
*** SHOWDOWN ***
1534a7b collected $0.12 from pot
*** SUMMARY ***
Total pot $0.12 | Rake $0 | Jackpot $0 | Bingo $0 | Fortune $0 | Tax $0
Seat 1: f06a60d0 folded before Flop (didn't bet)
Seat 2: 1534a7b collected ($0.12)
Seat 3: 2299e8a0 folded before Flop (didn't bet)
Seat 4: Hero (button) folded before Flop (didn't bet)
Seat 5: 938cd9e0 (small blind) folded before Flop
Seat 6: 18fd9c6d (big blind) folded before Flop


Poker Hand #HD1718559938: Hold'em No Limit ($0.02/$0.05) - 2024/04/06 18:48:40
Table 'NLHBlue27' 6-max Seat #3 is the button
Seat 1: f06a60d0 ($5 in chips)
Seat 2: 1534a7b ($7.92 in chips)
Seat 3: 2299e8a0 ($5.91 in chips)
Seat 4: Hero ($5.25 in chips)
Seat 5: 938cd9e0 ($4.51 in chips)
Seat 6: 18fd9c6d ($4.29 in chips)
Hero: posts small blind $0.02
938cd9e0: posts big blind $0.05
*** HOLE CARDS ***
Dealt to f06a60d0 
Dealt to 1534a7b 
Dealt to 2299e8a0 
Dealt to Hero [9s 7c]
Dealt to 938cd9e0 
Dealt to 18fd9c6d 
18fd9c6d: folds
f06a60d0: folds
1534a7b: folds
2299e8a0: folds
Hero: folds
Uncalled bet ($0.03) returned to 938cd9e0
*** SHOWDOWN ***
938cd9e0 collected $0.04 from pot
*** SUMMARY ***
Total pot $0.04 | Rake $0 | Jackpot $0 | Bingo $0 | Fortune $0 | Tax $0
Seat 1: f06a60d0 folded before Flop (didn't bet)
Seat 2: 1534a7b folded before Flop (didn't bet)
Seat 3: 2299e8a0 (button) folded before Flop (didn't bet)
Seat 4: Hero (small blind) folded before Flop
Seat 5: 938cd9e0 (big blind) collected ($0.04)
Seat 6: 18fd9c6d folded before Flop (didn't bet)


Poker Hand #HD1718559911: Hold'em No Limit ($0.02/$0.05) - 2024/04/06 18:48:28
Table 'NLHBlue27' 6-max Seat #2 is the button
Seat 1: f06a60d0 ($5 in chips)
Seat 2: 1534a7b ($7.92 in chips)
Seat 3: 2299e8a0 ($5.93 in chips)
Seat 4: Hero ($5.23 in chips)
Seat 5: 938cd9e0 ($4.51 in chips)
Seat 6: 18fd9c6d ($4.29 in chips)
2299e8a0: posts small blind $0.02
Hero: posts big blind $0.05
*** HOLE CARDS ***
Dealt to f06a60d0 
Dealt to 1534a7b 
Dealt to 2299e8a0 
Dealt to Hero [4s 5c]
Dealt to 938cd9e0 
Dealt to 18fd9c6d 
938cd9e0: folds
18fd9c6d: folds
f06a60d0: folds
1534a7b: folds
2299e8a0: folds
Uncalled bet ($0.03) returned to Hero
*** SHOWDOWN ***
Hero collected $0.04 from pot
*** SUMMARY ***
Total pot $0.04 | Rake $0 | Jackpot $0 | Bingo $0 | Fortune $0 | Tax $0
Seat 1: f06a60d0 folded before Flop (didn't bet)
Seat 2: 1534a7b (button) folded before Flop (didn't bet)
Seat 3: 2299e8a0 (small blind) folded before Flop
Seat 4: Hero (big blind) collected ($0.04)
Seat 5: 938cd9e0 folded before Flop (didn't bet)
Seat 6: 18fd9c6d folded before Flop (didn't bet)


Poker Hand #HD1718559850: Hold'em No Limit ($0.02/$0.05) - 2024/04/06 18:48:04
Table 'NLHBlue27' 6-max Seat #1 is the button
Seat 1: f06a60d0 ($5 in chips)
Seat 2: 1534a7b ($7.94 in chips)
Seat 3: 2299e8a0 ($5.91 in chips)
Seat 4: Hero ($5.23 in chips)
Seat 5: 938cd9e0 ($4.51 in chips)
Seat 6: 18fd9c6d ($4.29 in chips)
1534a7b: posts small blind $0.02
2299e8a0: posts big blind $0.05
*** HOLE CARDS ***
Dealt to f06a60d0 
Dealt to 1534a7b 
Dealt to 2299e8a0 
Dealt to Hero [5d Kd]
Dealt to 938cd9e0 
Dealt to 18fd9c6d 
Hero: folds
938cd9e0: folds
18fd9c6d: folds
f06a60d0: folds
1534a7b: folds
Uncalled bet ($0.03) returned to 2299e8a0
*** SHOWDOWN ***
2299e8a0 collected $0.04 from pot
*** SUMMARY ***
Total pot $0.04 | Rake $0 | Jackpot $0 | Bingo $0 | Fortune $0 | Tax $0
Seat 1: f06a60d0 (button) folded before Flop (didn't bet)
Seat 2: 1534a7b (small blind) folded before Flop
Seat 3: 2299e8a0 (big blind) collected ($0.04)
Seat 4: Hero folded before Flop (didn't bet)
Seat 5: 938cd9e0 folded before Flop (didn't bet)
Seat 6: 18fd9c6d folded before Flop (didn't bet)


Poker Hand #HD1718559751: Hold'em No Limit ($0.02/$0.05) - 2024/04/06 18:47:21
Table 'NLHBlue27' 6-max Seat #6 is the button
Seat 1: f06a60d0 ($5 in chips)
Seat 2: 1534a7b ($8.17 in chips)
Seat 3: 2299e8a0 ($5.68 in chips)
Seat 4: Hero ($5.23 in chips)
Seat 5: 938cd9e0 ($4.51 in chips)
Seat 6: 18fd9c6d ($4.29 in chips)
f06a60d0: posts small blind $0.02
1534a7b: posts big blind $0.05
*** HOLE CARDS ***
Dealt to f06a60d0 
Dealt to 1534a7b 
Dealt to 2299e8a0 
Dealt to Hero [2h 2s]
Dealt to 938cd9e0 
Dealt to 18fd9c6d 
2299e8a0: raises $0.08 to $0.13
Hero: folds
938cd9e0: folds
18fd9c6d: folds
f06a60d0: folds
1534a7b: calls $0.08
*** FLOP *** [Qh 4c 6s]
1534a7b: checks
2299e8a0: bets $0.1
1534a7b: calls $0.1
*** TURN *** [Qh 4c 6s] [3h]
1534a7b: checks
2299e8a0: checks
*** RIVER *** [Qh 4c 6s 3h] [5h]
1534a7b: checks
2299e8a0: checks
1534a7b: shows [5d Ac] (Pair of Fives)
2299e8a0: shows [Jc Jh] (Pair of Jacks)
*** SHOWDOWN ***
2299e8a0 collected $0.46 from pot
*** SUMMARY ***
Total pot $0.48 | Rake $0.02 | Jackpot $0 | Bingo $0 | Fortune $0 | Tax $0
Board [Qh 4c 6s 3h 5h]
Seat 1: f06a60d0 (small blind) folded before Flop
Seat 2: 1534a7b (big blind) showed [5d Ac] and lost with Pair of Fives
Seat 3: 2299e8a0 showed [Jc Jh] and won ($0.46) with Pair of Jacks
Seat 4: Hero folded before Flop (didn't bet)
Seat 5: 938cd9e0 folded before Flop (didn't bet)
Seat 6: 18fd9c6d (button) folded before Flop (didn't bet)


Poker Hand #HD1718559581: Hold'em No Limit ($0.02/$0.05) - 2024/04/06 18:45:59
Table 'NLHBlue27' 6-max Seat #5 is the button
Seat 1: f06a60d0 ($5 in chips)
Seat 2: 1534a7b ($7.82 in chips)
Seat 3: 2299e8a0 ($5.68 in chips)
Seat 4: Hero ($5.23 in chips)
Seat 5: 938cd9e0 ($4.61 in chips)
Seat 6: 18fd9c6d ($4.31 in chips)
18fd9c6d: posts small blind $0.02
f06a60d0: posts big blind $0.05
*** HOLE CARDS ***
Dealt to f06a60d0 
Dealt to 1534a7b 
Dealt to 2299e8a0 
Dealt to Hero [As 2d]
Dealt to 938cd9e0 
Dealt to 18fd9c6d 
1534a7b: raises $0.05 to $0.1
2299e8a0: folds
Hero: folds
938cd9e0: calls $0.1
18fd9c6d: folds
f06a60d0: calls $0.05
*** FLOP *** [5d 6h Jc]
f06a60d0: checks
1534a7b: checks
938cd9e0: checks
*** TURN *** [5d 6h Jc] [Ac]
f06a60d0: checks
1534a7b: bets $0.16
938cd9e0: folds
f06a60d0: calls $0.16
*** RIVER *** [5d 6h Jc Ac] [2h]
f06a60d0: checks
1534a7b: bets $0.48
f06a60d0: folds
Uncalled bet ($0.48) returned to 1534a7b
*** SHOWDOWN ***
1534a7b collected $0.61 from pot
*** SUMMARY ***
Total pot $0.64 | Rake $0.03 | Jackpot $0 | Bingo $0 | Fortune $0 | Tax $0
Board [5d 6h Jc Ac 2h]
Seat 1: f06a60d0 (big blind) folded on the River
Seat 2: 1534a7b won ($0.61)
Seat 3: 2299e8a0 folded before Flop (didn't bet)
Seat 4: Hero folded before Flop (didn't bet)
Seat 5: 938cd9e0 (button) folded on the Turn
Seat 6: 18fd9c6d (small blind) folded before Flop


Poker Hand #HD1718559515: Hold'em No Limit ($0.02/$0.05) - 2024/04/06 18:45:29
Table 'NLHBlue27' 6-max Seat #4 is the button
Seat 2: 1534a7b ($7.95 in chips)
Seat 3: 2299e8a0 ($5.49 in chips)
Seat 4: Hero ($5.23 in chips)
Seat 5: 938cd9e0 ($4.63 in chips)
Seat 6: 18fd9c6d ($4.36 in chips)
938cd9e0: posts small blind $0.02
18fd9c6d: posts big blind $0.05
*** HOLE CARDS ***
Dealt to 1534a7b 
Dealt to 2299e8a0 
Dealt to Hero [9h Jh]
Dealt to 938cd9e0 
Dealt to 18fd9c6d 
1534a7b: raises $0.08 to $0.13
2299e8a0: raises $0.25 to $0.38
Hero: folds
938cd9e0: folds
18fd9c6d: folds
1534a7b: folds
Uncalled bet ($0.25) returned to 2299e8a0
*** SHOWDOWN ***
2299e8a0 collected $0.32 from pot
*** SUMMARY ***
Total pot $0.33 | Rake $0.01 | Jackpot $0 | Bingo $0 | Fortune $0 | Tax $0
Seat 2: 1534a7b folded before Flop
Seat 3: 2299e8a0 collected ($0.32)
Seat 4: Hero (button) folded before Flop (didn't bet)
Seat 5: 938cd9e0 (small blind) folded before Flop
Seat 6: 18fd9c6d (big blind) folded before Flop


Poker Hand #HD1718559479: Hold'em No Limit ($0.02/$0.05) - 2024/04/06 18:45:14
Table 'NLHBlue27' 6-max Seat #3 is the button
Seat 2: 1534a7b ($7.95 in chips)
Seat 3: 2299e8a0 ($5.49 in chips)
Seat 4: Hero ($5.18 in chips)
Seat 5: 938cd9e0 ($4.68 in chips)
Seat 6: 18fd9c6d ($4.36 in chips)
Hero: posts small blind $0.02
938cd9e0: posts big blind $0.05
*** HOLE CARDS ***
Dealt to 1534a7b 
Dealt to 2299e8a0 
Dealt to Hero [7d 8d]
Dealt to 938cd9e0 
Dealt to 18fd9c6d 
18fd9c6d: folds
1534a7b: folds
2299e8a0: folds
Hero: raises $0.1 to $0.15
938cd9e0: folds
Uncalled bet ($0.1) returned to Hero
*** SHOWDOWN ***
Hero collected $0.1 from pot
*** SUMMARY ***
Total pot $0.1 | Rake $0 | Jackpot $0 | Bingo $0 | Fortune $0 | Tax $0
Seat 2: 1534a7b folded before Flop (didn't bet)
Seat 3: 2299e8a0 (button) folded before Flop (didn't bet)
Seat 4: Hero (small blind) collected ($0.1)
Seat 5: 938cd9e0 (big blind) folded before Flop
Seat 6: 18fd9c6d folded before Flop (didn't bet)


Poker Hand #HD1718559373: Hold'em No Limit ($0.02/$0.05) - 2024/04/06 18:44:23
Table 'NLHBlue27' 6-max Seat #2 is the button
Seat 2: 1534a7b ($7.53 in chips)
Seat 3: 2299e8a0 ($5.51 in chips)
Seat 4: Hero ($5.23 in chips)
Seat 5: 938cd9e0 ($5.07 in chips)
Seat 6: 18fd9c6d ($4.36 in chips)
2299e8a0: posts small blind $0.02
Hero: posts big blind $0.05
*** HOLE CARDS ***
Dealt to 1534a7b 
Dealt to 2299e8a0 
Dealt to Hero [Qd 7h]
Dealt to 938cd9e0 
Dealt to 18fd9c6d 
938cd9e0: raises $0.08 to $0.13
18fd9c6d: folds
1534a7b: calls $0.13
2299e8a0: folds
Hero: folds
*** FLOP *** [Jh Th 3h]
938cd9e0: bets $0.12
1534a7b: calls $0.12
*** TURN *** [Jh Th 3h] [Qs]
938cd9e0: bets $0.14
1534a7b: calls $0.14
*** RIVER *** [Jh Th 3h Qs] [9s]
938cd9e0: checks
1534a7b: bets $0.44
938cd9e0: folds
Uncalled bet ($0.44) returned to 1534a7b
*** SHOWDOWN ***
1534a7b collected $0.81 from pot
*** SUMMARY ***
Total pot $0.85 | Rake $0.04 | Jackpot $0 | Bingo $0 | Fortune $0 | Tax $0
Board [Jh Th 3h Qs 9s]
Seat 2: 1534a7b (button) won ($0.81)
Seat 3: 2299e8a0 (small blind) folded before Flop
Seat 4: Hero (big blind) folded before Flop
Seat 5: 938cd9e0 folded on the River
Seat 6: 18fd9c6d folded before Flop (didn't bet)


Poker Hand #HD1718559328: Hold'em No Limit ($0.02/$0.05) - 2024/04/06 18:44:03
Table 'NLHBlue27' 6-max Seat #6 is the button
Seat 2: 1534a7b ($7.48 in chips)
Seat 3: 2299e8a0 ($5.56 in chips)
Seat 4: Hero ($5.23 in chips)
Seat 5: 938cd9e0 ($5.07 in chips)
Seat 6: 18fd9c6d ($4.36 in chips)
1534a7b: posts small blind $0.02
2299e8a0: posts big blind $0.05
*** HOLE CARDS ***
Dealt to 1534a7b 
Dealt to 2299e8a0 
Dealt to Hero [Ad 7c]
Dealt to 938cd9e0 
Dealt to 18fd9c6d 
Hero: folds
938cd9e0: folds
18fd9c6d: folds
1534a7b: raises $0.1 to $0.15
2299e8a0: folds
Uncalled bet ($0.1) returned to 1534a7b
*** SHOWDOWN ***
1534a7b collected $0.1 from pot
*** SUMMARY ***
Total pot $0.1 | Rake $0 | Jackpot $0 | Bingo $0 | Fortune $0 | Tax $0
Seat 2: 1534a7b (small blind) collected ($0.1)
Seat 3: 2299e8a0 (big blind) folded before Flop
Seat 4: Hero folded before Flop (didn't bet)
Seat 5: 938cd9e0 folded before Flop (didn't bet)
Seat 6: 18fd9c6d (button) folded before Flop (didn't bet)


Poker Hand #HD1718559262: Hold'em No Limit ($0.02/$0.05) - 2024/04/06 18:43:21
Table 'NLHBlue27' 6-max Seat #5 is the button
Seat 2: 1534a7b ($7.71 in chips)
Seat 3: 2299e8a0 ($5.56 in chips)
Seat 4: Hero ($5 in chips)
Seat 5: 938cd9e0 ($5.07 in chips)
Seat 6: 18fd9c6d ($4.38 in chips)
18fd9c6d: posts small blind $0.02
1534a7b: posts big blind $0.05
*** HOLE CARDS ***
Dealt to 1534a7b 
Dealt to 2299e8a0 
Dealt to Hero [Qh 9c]
Dealt to 938cd9e0 
Dealt to 18fd9c6d 
2299e8a0: folds
Hero: raises $0.08 to $0.13
938cd9e0: folds
18fd9c6d: folds
1534a7b: calls $0.08
*** FLOP *** [9s Kh 8h]
1534a7b: checks
Hero: bets $0.1
1534a7b: calls $0.1
*** TURN *** [9s Kh 8h] [4s]
1534a7b: checks
Hero: checks
*** RIVER *** [9s Kh 8h 4s] [7d]
1534a7b: checks
Hero: checks
1534a7b: shows [6h 6c] (Pair of Sixes)
Hero: shows [Qh 9c] (Pair of Nines)
*** SHOWDOWN ***
Hero collected $0.46 from pot
*** SUMMARY ***
Total pot $0.48 | Rake $0.02 | Jackpot $0 | Bingo $0 | Fortune $0 | Tax $0
Board [9s Kh 8h 4s 7d]
Seat 2: 1534a7b (big blind) showed [6h 6c] and lost with Pair of Sixes
Seat 3: 2299e8a0 folded before Flop (didn't bet)
Seat 4: Hero showed [Qh 9c] and won ($0.46) with Pair of Nines
Seat 5: 938cd9e0 (button) folded before Flop (didn't bet)
Seat 6: 18fd9c6d (small blind) folded before Flop


Poker Hand #HD1718559215: Hold'em No Limit ($0.02/$0.05) - 2024/04/06 18:43:04
Table 'NLHBlue27' 6-max Seat #4 is the button
Seat 2: 1534a7b ($7.71 in chips)
Seat 3: 2299e8a0 ($5.56 in chips)
Seat 4: Hero ($5 in chips)
Seat 5: 938cd9e0 ($5.02 in chips)
Seat 6: 18fd9c6d ($4.43 in chips)
938cd9e0: posts small blind $0.02
18fd9c6d: posts big blind $0.05
*** HOLE CARDS ***
Dealt to 1534a7b 
Dealt to 2299e8a0 
Dealt to Hero [6c 2d]
Dealt to 938cd9e0 
Dealt to 18fd9c6d 
1534a7b: folds
2299e8a0: folds
Hero: folds
938cd9e0: raises $0.08 to $0.13
18fd9c6d: folds
Uncalled bet ($0.08) returned to 938cd9e0
*** SHOWDOWN ***
938cd9e0 collected $0.1 from pot
*** SUMMARY ***
Total pot $0.1 | Rake $0 | Jackpot $0 | Bingo $0 | Fortune $0 | Tax $0
Seat 2: 1534a7b folded before Flop (didn't bet)
Seat 3: 2299e8a0 folded before Flop (didn't bet)
Seat 4: Hero (button) folded before Flop (didn't bet)
Seat 5: 938cd9e0 (small blind) collected ($0.1)
Seat 6: 18fd9c6d (big blind) folded before Flop


Poker Hand #HD1718559183: Hold'em No Limit ($0.02/$0.05) - 2024/04/06 18:42:52
Table 'NLHBlue27' 6-max Seat #3 is the button
Seat 2: 1534a7b ($7.71 in chips)
Seat 3: 2299e8a0 ($5.56 in chips)
Seat 4: Hero ($5 in chips)
Seat 5: 938cd9e0 ($5 in chips)
Seat 6: 18fd9c6d ($4.43 in chips)
Hero: posts small blind $0.02
938cd9e0: posts big blind $0.05
*** HOLE CARDS ***
Dealt to 1534a7b 
Dealt to 2299e8a0 
Dealt to Hero [2s Jh]
Dealt to 938cd9e0 
Dealt to 18fd9c6d 
18fd9c6d: folds
1534a7b: folds
2299e8a0: folds
Hero: folds
Uncalled bet ($0.03) returned to 938cd9e0
*** SHOWDOWN ***
938cd9e0 collected $0.04 from pot
*** SUMMARY ***
Total pot $0.04 | Rake $0 | Jackpot $0 | Bingo $0 | Fortune $0 | Tax $0
Seat 2: 1534a7b folded before Flop (didn't bet)
Seat 3: 2299e8a0 (button) folded before Flop (didn't bet)
Seat 4: Hero (small blind) folded before Flop
Seat 5: 938cd9e0 (big blind) collected ($0.04)
Seat 6: 18fd9c6d folded before Flop (didn't bet)


Poker Hand #HD1718559159: Hold'em No Limit ($0.02/$0.05) - 2024/04/06 18:42:42
Table 'NLHBlue27' 6-max Seat #2 is the button
Seat 2: 1534a7b ($7.64 in chips)
Seat 3: 2299e8a0 ($5.58 in chips)
Seat 4: Hero ($5 in chips)
Seat 6: 18fd9c6d ($4.43 in chips)
2299e8a0: posts small blind $0.02
Hero: posts big blind $0.05
*** HOLE CARDS ***
Dealt to 1534a7b 
Dealt to 2299e8a0 
Dealt to Hero [8d Js]
Dealt to 18fd9c6d 
18fd9c6d: folds
1534a7b: raises $0.08 to $0.13
2299e8a0: folds
Hero: folds
Uncalled bet ($0.08) returned to 1534a7b
*** SHOWDOWN ***
1534a7b collected $0.12 from pot
*** SUMMARY ***
Total pot $0.12 | Rake $0 | Jackpot $0 | Bingo $0 | Fortune $0 | Tax $0
Seat 2: 1534a7b (button) collected ($0.12)
Seat 3: 2299e8a0 (small blind) folded before Flop
Seat 4: Hero (big blind) folded before Flop
Seat 6: 18fd9c6d folded before Flop (didn't bet)


Poker Hand #HD1718559018: Hold'em No Limit ($0.02/$0.05) - 2024/04/06 18:41:44
Table 'NLHBlue27' 6-max Seat #6 is the button
Seat 1: 3d568573 ($5.82 in chips)
Seat 2: 1534a7b ($7.5 in chips)
Seat 3: 2299e8a0 ($5.58 in chips)
Seat 4: Hero ($5.13 in chips)
Seat 6: 18fd9c6d ($4.43 in chips)
3d568573: posts small blind $0.02
1534a7b: posts big blind $0.05
*** HOLE CARDS ***
Dealt to 3d568573 
Dealt to 1534a7b 
Dealt to 2299e8a0 
Dealt to Hero [Th Qh]
Dealt to 18fd9c6d 
2299e8a0: folds
Hero: raises $0.08 to $0.13
18fd9c6d: folds
3d568573: folds
1534a7b: calls $0.08
*** FLOP *** [9h 2c 9s]
1534a7b: checks
Hero: checks
*** TURN *** [9h 2c 9s] [6d]
1534a7b: checks
Hero: checks
*** RIVER *** [9h 2c 9s 6d] [2s]
1534a7b: bets $0.14
Hero: folds
Uncalled bet ($0.14) returned to 1534a7b
*** SHOWDOWN ***
1534a7b collected $0.27 from pot
*** SUMMARY ***
Total pot $0.28 | Rake $0.01 | Jackpot $0 | Bingo $0 | Fortune $0 | Tax $0
Board [9h 2c 9s 6d 2s]
Seat 1: 3d568573 (small blind) folded before Flop
Seat 2: 1534a7b (big blind) won ($0.27)
Seat 3: 2299e8a0 folded before Flop (didn't bet)
Seat 4: Hero folded on the River
Seat 6: 18fd9c6d (button) folded before Flop (didn't bet)


Poker Hand #HD1718558831: Hold'em No Limit ($0.02/$0.05) - 2024/04/06 18:40:18
Table 'NLHBlue27' 6-max Seat #5 is the button
Seat 1: 3d568573 ($5.86 in chips)
Seat 2: 1534a7b ($7.5 in chips)
Seat 3: 2299e8a0 ($5.58 in chips)
Seat 4: Hero ($5.18 in chips)
Seat 5: a9b5ebb5 ($4.28 in chips)
Seat 6: 18fd9c6d ($4.45 in chips)
18fd9c6d: posts small blind $0.02
3d568573: posts big blind $0.05
*** HOLE CARDS ***
Dealt to 3d568573 
Dealt to 1534a7b 
Dealt to 2299e8a0 
Dealt to Hero [Ts Tc]
Dealt to a9b5ebb5 
Dealt to 18fd9c6d 
1534a7b: folds
2299e8a0: folds
Hero: raises $0.08 to $0.13
a9b5ebb5: folds
18fd9c6d: folds
3d568573: calls $0.08
*** FLOP *** [2s Qc Js]
3d568573: checks
Hero: bets $0.1
3d568573: calls $0.1
*** TURN *** [2s Qc Js] [9s]
3d568573: bets $0.16
Hero: calls $0.16
*** RIVER *** [2s Qc Js 9s] [8c]
3d568573: bets $0.4
Hero: calls $0.4
3d568573: shows [Th Jc] (Queens-High Straight)
Hero: shows [Ts Tc] (Queens-High Straight)
*** SHOWDOWN ***
3d568573 collected $0.75 from pot
Hero collected $0.74 from pot
*** SUMMARY ***
Total pot $1.6 | Rake $0.06 | Jackpot $0.05 | Bingo $0 | Fortune $0 | Tax $0
Board [2s Qc Js 9s 8c]
Seat 1: 3d568573 (big blind) showed [Th Jc] and won ($0.75) with Queens-High Straight
Seat 2: 1534a7b folded before Flop (didn't bet)
Seat 3: 2299e8a0 folded before Flop (didn't bet)
Seat 4: Hero showed [Ts Tc] and won ($0.74) with Queens-High Straight
Seat 5: a9b5ebb5 (button) folded before Flop (didn't bet)
Seat 6: 18fd9c6d (small blind) folded before Flop


Poker Hand #HD1718558760: Hold'em No Limit ($0.02/$0.05) - 2024/04/06 18:39:47
Table 'NLHBlue27' 6-max Seat #4 is the button
Seat 1: 3d568573 ($5.86 in chips)
Seat 2: 1534a7b ($7.5 in chips)
Seat 3: 2299e8a0 ($5.58 in chips)
Seat 4: Hero ($5.11 in chips)
Seat 5: a9b5ebb5 ($4.3 in chips)
Seat 6: 18fd9c6d ($4.5 in chips)
a9b5ebb5: posts small blind $0.02
18fd9c6d: posts big blind $0.05
*** HOLE CARDS ***
Dealt to 3d568573 
Dealt to 1534a7b 
Dealt to 2299e8a0 
Dealt to Hero [9d As]
Dealt to a9b5ebb5 
Dealt to 18fd9c6d 
3d568573: folds
1534a7b: folds
2299e8a0: folds
Hero: raises $0.08 to $0.13
a9b5ebb5: folds
18fd9c6d: folds
Uncalled bet ($0.08) returned to Hero
*** SHOWDOWN ***
Hero collected $0.12 from pot
*** SUMMARY ***
Total pot $0.12 | Rake $0 | Jackpot $0 | Bingo $0 | Fortune $0 | Tax $0
Seat 1: 3d568573 folded before Flop (didn't bet)
Seat 2: 1534a7b folded before Flop (didn't bet)
Seat 3: 2299e8a0 folded before Flop (didn't bet)
Seat 4: Hero (button) collected ($0.12)
Seat 5: a9b5ebb5 (small blind) folded before Flop
Seat 6: 18fd9c6d (big blind) folded before Flop


Poker Hand #HD1718558702: Hold'em No Limit ($0.02/$0.05) - 2024/04/06 18:39:21
Table 'NLHBlue27' 6-max Seat #3 is the button
Seat 1: 3d568573 ($5.86 in chips)
Seat 2: 1534a7b ($7.43 in chips)
Seat 3: 2299e8a0 ($5.58 in chips)
Seat 4: Hero ($5.13 in chips)
Seat 5: a9b5ebb5 ($4.35 in chips)
Hero: posts small blind $0.02
a9b5ebb5: posts big blind $0.05
*** HOLE CARDS ***
Dealt to 3d568573 
Dealt to 1534a7b 
Dealt to 2299e8a0 
Dealt to Hero [8h 2h]
Dealt to a9b5ebb5 
3d568573: folds
1534a7b: raises $0.08 to $0.13
2299e8a0: folds
Hero: folds
a9b5ebb5: folds
Uncalled bet ($0.08) returned to 1534a7b
*** SHOWDOWN ***
1534a7b collected $0.12 from pot
*** SUMMARY ***
Total pot $0.12 | Rake $0 | Jackpot $0 | Bingo $0 | Fortune $0 | Tax $0
Seat 1: 3d568573 folded before Flop (didn't bet)
Seat 2: 1534a7b collected ($0.12)
Seat 3: 2299e8a0 (button) folded before Flop (didn't bet)
Seat 4: Hero (small blind) folded before Flop
Seat 5: a9b5ebb5 (big blind) folded before Flop


Poker Hand #HD1718558559: Hold'em No Limit ($0.02/$0.05) - 2024/04/06 18:38:13
Table 'NLHBlue27' 6-max Seat #2 is the button
Seat 1: 3d568573 ($5.86 in chips)
Seat 2: 1534a7b ($6.5 in chips)
Seat 3: 2299e8a0 ($6.61 in chips)
Seat 4: Hero ($5.18 in chips)
Seat 5: a9b5ebb5 ($4.35 in chips)
2299e8a0: posts small blind $0.02
Hero: posts big blind $0.05
*** HOLE CARDS ***
Dealt to 3d568573 
Dealt to 1534a7b 
Dealt to 2299e8a0 
Dealt to Hero [6h Ac]
Dealt to a9b5ebb5 
a9b5ebb5: folds
3d568573: folds
1534a7b: raises $0.1 to $0.15
2299e8a0: raises $0.35 to $0.5
Hero: folds
1534a7b: calls $0.35
*** FLOP *** [4c Qh Jh]
2299e8a0: bets $0.53
1534a7b: calls $0.53
*** TURN *** [4c Qh Jh] [Qd]
2299e8a0: checks
1534a7b: checks
*** RIVER *** [4c Qh Jh Qd] [4s]
2299e8a0: checks
1534a7b: bets $1.06
2299e8a0: folds
Uncalled bet ($1.06) returned to 1534a7b
*** SHOWDOWN ***
1534a7b collected $1.96 from pot
*** SUMMARY ***
Total pot $2.11 | Rake $0.1 | Jackpot $0.05 | Bingo $0 | Fortune $0 | Tax $0
Board [4c Qh Jh Qd 4s]
Seat 1: 3d568573 folded before Flop (didn't bet)
Seat 2: 1534a7b (button) won ($1.96)
Seat 3: 2299e8a0 (small blind) folded on the River
Seat 4: Hero (big blind) folded before Flop
Seat 5: a9b5ebb5 folded before Flop (didn't bet)


Poker Hand #HD1718558530: Hold'em No Limit ($0.02/$0.05) - 2024/04/06 18:37:56
Table 'NLHBlue27' 6-max Seat #1 is the button
Seat 1: 3d568573 ($5.86 in chips)
Seat 2: 1534a7b ($6.45 in chips)
Seat 3: 2299e8a0 ($6.66 in chips)
Seat 4: Hero ($5.18 in chips)
Seat 5: a9b5ebb5 ($4.35 in chips)
1534a7b: posts small blind $0.02
2299e8a0: posts big blind $0.05
*** HOLE CARDS ***
Dealt to 3d568573 
Dealt to 1534a7b 
Dealt to 2299e8a0 
Dealt to Hero [9h 7d]
Dealt to a9b5ebb5 
Hero: folds
a9b5ebb5: folds
3d568573: folds
1534a7b: raises $0.08 to $0.13
2299e8a0: folds
Uncalled bet ($0.08) returned to 1534a7b
*** SHOWDOWN ***
1534a7b collected $0.1 from pot
*** SUMMARY ***
Total pot $0.1 | Rake $0 | Jackpot $0 | Bingo $0 | Fortune $0 | Tax $0
Seat 1: 3d568573 (button) folded before Flop (didn't bet)
Seat 2: 1534a7b (small blind) collected ($0.1)
Seat 3: 2299e8a0 (big blind) folded before Flop
Seat 4: Hero folded before Flop (didn't bet)
Seat 5: a9b5ebb5 folded before Flop (didn't bet)


Poker Hand #HD1718558412: Hold'em No Limit ($0.02/$0.05) - 2024/04/06 18:37:06
Table 'NLHBlue27' 6-max Seat #5 is the button
Seat 1: 3d568573 ($5.88 in chips)
Seat 2: 1534a7b ($6.55 in chips)
Seat 3: 2299e8a0 ($6.66 in chips)
Seat 4: Hero ($5.07 in chips)
Seat 5: a9b5ebb5 ($4.35 in chips)
3d568573: posts small blind $0.02
1534a7b: posts big blind $0.05
*** HOLE CARDS ***
Dealt to 3d568573 
Dealt to 1534a7b 
Dealt to 2299e8a0 
Dealt to Hero [6d Ad]
Dealt to a9b5ebb5 
2299e8a0: folds
Hero: raises $0.05 to $0.1
a9b5ebb5: folds
3d568573: folds
1534a7b: calls $0.05
*** FLOP *** [2d 3c Ts]
1534a7b: checks
Hero: checks
*** TURN *** [2d 3c Ts] [Qh]
1534a7b: checks
Hero: checks
*** RIVER *** [2d 3c Ts Qh] [Ac]
1534a7b: checks
Hero: bets $0.1
1534a7b: folds
Uncalled bet ($0.1) returned to Hero
*** SHOWDOWN ***
Hero collected $0.21 from pot
*** SUMMARY ***
Total pot $0.22 | Rake $0.01 | Jackpot $0 | Bingo $0 | Fortune $0 | Tax $0
Board [2d 3c Ts Qh Ac]
Seat 1: 3d568573 (small blind) folded before Flop
Seat 2: 1534a7b (big blind) folded on the River
Seat 3: 2299e8a0 folded before Flop (didn't bet)
Seat 4: Hero won ($0.21)
Seat 5: a9b5ebb5 (button) folded before Flop (didn't bet)


Poker Hand #HD1718558378: Hold'em No Limit ($0.02/$0.05) - 2024/04/06 18:36:50
Table 'NLHBlue27' 6-max Seat #4 is the button
Seat 1: 3d568573 ($5.93 in chips)
Seat 2: 1534a7b ($6.55 in chips)
Seat 3: 2299e8a0 ($6.66 in chips)
Seat 4: Hero ($5 in chips)
Seat 5: a9b5ebb5 ($4.37 in chips)
a9b5ebb5: posts small blind $0.02
3d568573: posts big blind $0.05
*** HOLE CARDS ***
Dealt to 3d568573 
Dealt to 1534a7b 
Dealt to 2299e8a0 
Dealt to Hero [Ac 8s]
Dealt to a9b5ebb5 
1534a7b: folds
2299e8a0: folds
Hero: raises $0.08 to $0.13
a9b5ebb5: folds
3d568573: folds
Uncalled bet ($0.08) returned to Hero
*** SHOWDOWN ***
Hero collected $0.12 from pot
*** SUMMARY ***
Total pot $0.12 | Rake $0 | Jackpot $0 | Bingo $0 | Fortune $0 | Tax $0
Seat 1: 3d568573 (big blind) folded before Flop
Seat 2: 1534a7b folded before Flop (didn't bet)
Seat 3: 2299e8a0 folded before Flop (didn't bet)
Seat 4: Hero (button) collected ($0.12)
Seat 5: a9b5ebb5 (small blind) folded before Flop


Poker Hand #HD1718558335: Hold'em No Limit ($0.02/$0.05) - 2024/04/06 18:36:30
Table 'NLHBlue27' 6-max Seat #3 is the button
Seat 1: 3d568573 ($5.93 in chips)
Seat 2: 1534a7b ($6.48 in chips)
Seat 3: 2299e8a0 ($6.66 in chips)
Seat 4: Hero ($5.02 in chips)
Seat 5: a9b5ebb5 ($4.42 in chips)
Hero: posts small blind $0.02
a9b5ebb5: posts big blind $0.05
*** HOLE CARDS ***
Dealt to 3d568573 
Dealt to 1534a7b 
Dealt to 2299e8a0 
Dealt to Hero [Ks 6s]
Dealt to a9b5ebb5 
3d568573: folds
1534a7b: raises $0.08 to $0.13
2299e8a0: folds
Hero: folds
a9b5ebb5: folds
Uncalled bet ($0.08) returned to 1534a7b
*** SHOWDOWN ***
1534a7b collected $0.12 from pot
*** SUMMARY ***
Total pot $0.12 | Rake $0 | Jackpot $0 | Bingo $0 | Fortune $0 | Tax $0
Seat 1: 3d568573 folded before Flop (didn't bet)
Seat 2: 1534a7b collected ($0.12)
Seat 3: 2299e8a0 (button) folded before Flop (didn't bet)
Seat 4: Hero (small blind) folded before Flop
Seat 5: a9b5ebb5 (big blind) folded before Flop


Poker Hand #HD1718558290: Hold'em No Limit ($0.02/$0.05) - 2024/04/06 18:36:09
Table 'NLHBlue27' 6-max Seat #2 is the button
Seat 1: 3d568573 ($5.93 in chips)
Seat 2: 1534a7b ($6.48 in chips)
Seat 3: 2299e8a0 ($6.68 in chips)
Seat 4: Hero ($5 in chips)
Seat 5: a9b5ebb5 ($4.42 in chips)
2299e8a0: posts small blind $0.02
Hero: posts big blind $0.05
*** HOLE CARDS ***
Dealt to 3d568573 
Dealt to 1534a7b 
Dealt to 2299e8a0 
Dealt to Hero [2h 8c]
Dealt to a9b5ebb5 
a9b5ebb5: folds
3d568573: folds
1534a7b: folds
2299e8a0: folds
Uncalled bet ($0.03) returned to Hero
*** SHOWDOWN ***
Hero collected $0.04 from pot
*** SUMMARY ***
Total pot $0.04 | Rake $0 | Jackpot $0 | Bingo $0 | Fortune $0 | Tax $0
Seat 1: 3d568573 folded before Flop (didn't bet)
Seat 2: 1534a7b (button) folded before Flop (didn't bet)
Seat 3: 2299e8a0 (small blind) folded before Flop
Seat 4: Hero (big blind) collected ($0.04)
Seat 5: a9b5ebb5 folded before Flop (didn't bet)


Poker Hand #HD1718558261: Hold'em No Limit ($0.02/$0.05) - 2024/04/06 18:35:54
Table 'NLHBlue27' 6-max Seat #1 is the button
Seat 1: 3d568573 ($5.93 in chips)
Seat 2: 1534a7b ($6.5 in chips)
Seat 3: 2299e8a0 ($6.66 in chips)
Seat 4: Hero ($5 in chips)
Seat 5: a9b5ebb5 ($4.42 in chips)
1534a7b: posts small blind $0.02
2299e8a0: posts big blind $0.05
*** HOLE CARDS ***
Dealt to 3d568573 
Dealt to 1534a7b 
Dealt to 2299e8a0 
Dealt to Hero [4s Jd]
Dealt to a9b5ebb5 
Hero: folds
a9b5ebb5: folds
3d568573: folds
1534a7b: folds
Uncalled bet ($0.03) returned to 2299e8a0
*** SHOWDOWN ***
2299e8a0 collected $0.04 from pot
*** SUMMARY ***
Total pot $0.04 | Rake $0 | Jackpot $0 | Bingo $0 | Fortune $0 | Tax $0
Seat 1: 3d568573 (button) folded before Flop (didn't bet)
Seat 2: 1534a7b (small blind) folded before Flop
Seat 3: 2299e8a0 (big blind) collected ($0.04)
Seat 4: Hero folded before Flop (didn't bet)
Seat 5: a9b5ebb5 folded before Flop (didn't bet)


Poker Hand #HD1718558215: Hold'em No Limit ($0.02/$0.05) - 2024/04/06 18:35:35
Table 'NLHBlue27' 6-max Seat #6 is the button
Seat 1: 3d568573 ($5.95 in chips)
Seat 2: 1534a7b ($6.48 in chips)
Seat 3: 2299e8a0 ($6.66 in chips)
Seat 4: Hero ($5 in chips)
Seat 5: a9b5ebb5 ($4.42 in chips)
Seat 6: 18fd9c6d ($4.5 in chips)
3d568573: posts small blind $0.02
1534a7b: posts big blind $0.05
*** HOLE CARDS ***
Dealt to 3d568573 
Dealt to 1534a7b 
Dealt to 2299e8a0 
Dealt to Hero [2c 7s]
Dealt to a9b5ebb5 
Dealt to 18fd9c6d 
2299e8a0: folds
Hero: folds
a9b5ebb5: folds
18fd9c6d: folds
3d568573: folds
Uncalled bet ($0.03) returned to 1534a7b
*** SHOWDOWN ***
1534a7b collected $0.04 from pot
*** SUMMARY ***
Total pot $0.04 | Rake $0 | Jackpot $0 | Bingo $0 | Fortune $0 | Tax $0
Seat 1: 3d568573 (small blind) folded before Flop
Seat 2: 1534a7b (big blind) collected ($0.04)
Seat 3: 2299e8a0 folded before Flop (didn't bet)
Seat 4: Hero folded before Flop (didn't bet)
Seat 5: a9b5ebb5 folded before Flop (didn't bet)
Seat 6: 18fd9c6d (button) folded before Flop (didn't bet)


Poker Hand #HD1718558127: Hold'em No Limit ($0.02/$0.05) - 2024/04/06 18:34:56
Table 'NLHBlue27' 6-max Seat #5 is the button
Seat 1: 3d568573 ($6 in chips)
Seat 2: 1534a7b ($6.41 in chips)
Seat 3: 2299e8a0 ($6.66 in chips)
Seat 4: Hero ($5 in chips)
Seat 5: a9b5ebb5 ($4.42 in chips)
Seat 6: 18fd9c6d ($4.52 in chips)
18fd9c6d: posts small blind $0.02
3d568573: posts big blind $0.05
*** HOLE CARDS ***
Dealt to 3d568573 
Dealt to 1534a7b 
Dealt to 2299e8a0 
Dealt to Hero [Jc 5s]
Dealt to a9b5ebb5 
Dealt to 18fd9c6d 
1534a7b: raises $0.08 to $0.13
2299e8a0: folds
Hero: folds
a9b5ebb5: folds
18fd9c6d: folds
3d568573: folds
Uncalled bet ($0.08) returned to 1534a7b
*** SHOWDOWN ***
1534a7b collected $0.12 from pot
*** SUMMARY ***
Total pot $0.12 | Rake $0 | Jackpot $0 | Bingo $0 | Fortune $0 | Tax $0
Seat 1: 3d568573 (big blind) folded before Flop
Seat 2: 1534a7b collected ($0.12)
Seat 3: 2299e8a0 folded before Flop (didn't bet)
Seat 4: Hero folded before Flop (didn't bet)
Seat 5: a9b5ebb5 (button) folded before Flop (didn't bet)
Seat 6: 18fd9c6d (small blind) folded before Flop


Poker Hand #HD1718557962: Hold'em No Limit ($0.02/$0.05) - 2024/04/06 18:33:44
Table 'NLHBlue27' 6-max Seat #4 is the button
Seat 1: 3d568573 ($5.31 in chips)
Seat 2: 1534a7b ($6.41 in chips)
Seat 3: 2299e8a0 ($7.4 in chips)
Seat 4: Hero ($5 in chips)
Seat 5: a9b5ebb5 ($4.44 in chips)
Seat 6: 18fd9c6d ($4.57 in chips)
a9b5ebb5: posts small blind $0.02
18fd9c6d: posts big blind $0.05
*** HOLE CARDS ***
Dealt to 3d568573 
Dealt to 1534a7b 
Dealt to 2299e8a0 
Dealt to Hero [7h Ks]
Dealt to a9b5ebb5 
Dealt to 18fd9c6d 
3d568573: raises $0.1 to $0.15
1534a7b: folds
2299e8a0: raises $0.28 to $0.43
Hero: folds
a9b5ebb5: folds
18fd9c6d: folds
3d568573: calls $0.28
*** FLOP *** [2h Jd 7s]
3d568573: checks
2299e8a0: bets $0.31
3d568573: calls $0.31
*** TURN *** [2h Jd 7s] [2s]
3d568573: checks
2299e8a0: checks
*** RIVER *** [2h Jd 7s 2s] [5d]
3d568573: bets $0.52
2299e8a0: folds
Uncalled bet ($0.52) returned to 3d568573
*** SHOWDOWN ***
3d568573 collected $1.43 from pot
*** SUMMARY ***
Total pot $1.55 | Rake $0.07 | Jackpot $0.05 | Bingo $0 | Fortune $0 | Tax $0
Board [2h Jd 7s 2s 5d]
Seat 1: 3d568573 won ($1.43)
Seat 2: 1534a7b folded before Flop (didn't bet)
Seat 3: 2299e8a0 folded on the River
Seat 4: Hero (button) folded before Flop (didn't bet)
Seat 5: a9b5ebb5 (small blind) folded before Flop
Seat 6: 18fd9c6d (big blind) folded before Flop


Poker Hand #HD1718557921: Hold'em No Limit ($0.02/$0.05) - 2024/04/06 18:33:24
Table 'NLHBlue27' 6-max Seat #3 is the button
Seat 1: 3d568573 ($5.31 in chips)
Seat 2: 1534a7b ($6.41 in chips)
Seat 3: 2299e8a0 ($7.4 in chips)
Seat 4: Hero ($5 in chips)
Seat 5: a9b5ebb5 ($4.42 in chips)
Seat 6: 18fd9c6d ($4.57 in chips)
Hero: posts small blind $0.02
a9b5ebb5: posts big blind $0.05
*** HOLE CARDS ***
Dealt to 3d568573 
Dealt to 1534a7b 
Dealt to 2299e8a0 
Dealt to Hero [As 4d]
Dealt to a9b5ebb5 
Dealt to 18fd9c6d 
18fd9c6d: folds
3d568573: folds
1534a7b: folds
2299e8a0: folds
Hero: folds
Uncalled bet ($0.03) returned to a9b5ebb5
*** SHOWDOWN ***
a9b5ebb5 collected $0.04 from pot
*** SUMMARY ***
Total pot $0.04 | Rake $0 | Jackpot $0 | Bingo $0 | Fortune $0 | Tax $0
Seat 1: 3d568573 folded before Flop (didn't bet)
Seat 2: 1534a7b folded before Flop (didn't bet)
Seat 3: 2299e8a0 (button) folded before Flop (didn't bet)
Seat 4: Hero (small blind) folded before Flop
Seat 5: a9b5ebb5 (big blind) collected ($0.04)
Seat 6: 18fd9c6d folded before Flop (didn't bet)


Poker Hand #HD1718557733: Hold'em No Limit ($0.02/$0.05) - 2024/04/06 18:31:57
Table 'NLHBlue27' 6-max Seat #2 is the button
Seat 1: 3d568573 ($5.31 in chips)
Seat 2: 1534a7b ($6.18 in chips)
Seat 3: 2299e8a0 ($7.42 in chips)
Seat 4: Hero ($5.2 in chips)
Seat 5: a9b5ebb5 ($4.42 in chips)
Seat 6: 18fd9c6d ($4.57 in chips)
2299e8a0: posts small blind $0.02
Hero: posts big blind $0.05
*** HOLE CARDS ***
Dealt to 3d568573 
Dealt to 1534a7b 
Dealt to 2299e8a0 
Dealt to Hero [6h 7h]
Dealt to a9b5ebb5 
Dealt to 18fd9c6d 
a9b5ebb5: folds
18fd9c6d: folds
3d568573: folds
1534a7b: raises $0.08 to $0.13
2299e8a0: folds
Hero: calls $0.08
*** FLOP *** [3s 4s Ad]
Hero: checks
1534a7b: bets $0.1
Hero: calls $0.1
*** TURN *** [3s 4s Ad] [7s]
Hero: checks
1534a7b: checks
*** RIVER *** [3s 4s Ad 7s] [2d]
Hero: checks
1534a7b: bets $0.24
Hero: folds
Uncalled bet ($0.24) returned to 1534a7b
*** SHOWDOWN ***
1534a7b collected $0.46 from pot
*** SUMMARY ***
Total pot $0.48 | Rake $0.02 | Jackpot $0 | Bingo $0 | Fortune $0 | Tax $0
Board [3s 4s Ad 7s 2d]
Seat 1: 3d568573 folded before Flop (didn't bet)
Seat 2: 1534a7b (button) won ($0.46)
Seat 3: 2299e8a0 (small blind) folded before Flop
Seat 4: Hero (big blind) folded on the River
Seat 5: a9b5ebb5 folded before Flop (didn't bet)
Seat 6: 18fd9c6d folded before Flop (didn't bet)


Poker Hand #HD1718557702: Hold'em No Limit ($0.02/$0.05) - 2024/04/06 18:31:42
Table 'NLHBlue27' 6-max Seat #1 is the button
Seat 1: 3d568573 ($5.31 in chips)
Seat 2: 1534a7b ($6.2 in chips)
Seat 3: 2299e8a0 ($7.4 in chips)
Seat 4: Hero ($5.2 in chips)
Seat 5: a9b5ebb5 ($4.42 in chips)
Seat 6: 18fd9c6d ($4.57 in chips)
1534a7b: posts small blind $0.02
2299e8a0: posts big blind $0.05
*** HOLE CARDS ***
Dealt to 3d568573 
Dealt to 1534a7b 
Dealt to 2299e8a0 
Dealt to Hero [7c Ah]
Dealt to a9b5ebb5 
Dealt to 18fd9c6d 
Hero: folds
a9b5ebb5: folds
18fd9c6d: folds
3d568573: folds
1534a7b: folds
Uncalled bet ($0.03) returned to 2299e8a0
*** SHOWDOWN ***
2299e8a0 collected $0.04 from pot
*** SUMMARY ***
Total pot $0.04 | Rake $0 | Jackpot $0 | Bingo $0 | Fortune $0 | Tax $0
Seat 1: 3d568573 (button) folded before Flop (didn't bet)
Seat 2: 1534a7b (small blind) folded before Flop
Seat 3: 2299e8a0 (big blind) collected ($0.04)
Seat 4: Hero folded before Flop (didn't bet)
Seat 5: a9b5ebb5 folded before Flop (didn't bet)
Seat 6: 18fd9c6d folded before Flop (didn't bet)


Poker Hand #HD1718557632: Hold'em No Limit ($0.02/$0.05) - 2024/04/06 18:31:13
Table 'NLHBlue27' 6-max Seat #6 is the button
Seat 1: 3d568573 ($5.33 in chips)
Seat 2: 1534a7b ($6.3 in chips)
Seat 3: 2299e8a0 ($7.4 in chips)
Seat 4: Hero ($5.2 in chips)
Seat 5: a9b5ebb5 ($4.42 in chips)
Seat 6: 18fd9c6d ($4.46 in chips)
3d568573: posts small blind $0.02
1534a7b: posts big blind $0.05
*** HOLE CARDS ***
Dealt to 3d568573 
Dealt to 1534a7b 
Dealt to 2299e8a0 
Dealt to Hero [Qs 3c]
Dealt to a9b5ebb5 
Dealt to 18fd9c6d 
2299e8a0: folds
Hero: folds
a9b5ebb5: folds
18fd9c6d: raises $0.05 to $0.1
3d568573: folds
1534a7b: calls $0.05
*** FLOP *** [2d 2s Ts]
1534a7b: checks
18fd9c6d: checks
*** TURN *** [2d 2s Ts] [2c]
1534a7b: checks
18fd9c6d: checks
*** RIVER *** [2d 2s Ts 2c] [Qc]
1534a7b: checks
18fd9c6d: checks
1534a7b: shows [Jh 5d] (Three Twos)
18fd9c6d: shows [9h Kd] (Three Twos)
*** SHOWDOWN ***
18fd9c6d collected $0.21 from pot
*** SUMMARY ***
Total pot $0.22 | Rake $0.01 | Jackpot $0 | Bingo $0 | Fortune $0 | Tax $0
Board [2d 2s Ts 2c Qc]
Seat 1: 3d568573 (small blind) folded before Flop
Seat 2: 1534a7b (big blind) showed [Jh 5d] and lost with Three Twos
Seat 3: 2299e8a0 folded before Flop (didn't bet)
Seat 4: Hero folded before Flop (didn't bet)
Seat 5: a9b5ebb5 folded before Flop (didn't bet)
Seat 6: 18fd9c6d (button) showed [9h Kd] and won ($0.21) with Three Twos


Poker Hand #HD1718557556: Hold'em No Limit ($0.02/$0.05) - 2024/04/06 18:30:43
Table 'NLHBlue27' 6-max Seat #5 is the button
Seat 1: 3d568573 ($5.38 in chips)
Seat 2: 1534a7b ($6.23 in chips)
Seat 3: 2299e8a0 ($7.4 in chips)
Seat 4: Hero ($5.2 in chips)
Seat 5: a9b5ebb5 ($4.42 in chips)
Seat 6: 18fd9c6d ($4.48 in chips)
18fd9c6d: posts small blind $0.02
3d568573: posts big blind $0.05
*** HOLE CARDS ***
Dealt to 3d568573 
Dealt to 1534a7b 
Dealt to 2299e8a0 
Dealt to Hero [6h 3s]
Dealt to a9b5ebb5 
Dealt to 18fd9c6d 
1534a7b: raises $0.08 to $0.13
2299e8a0: folds
Hero: folds
a9b5ebb5: folds
18fd9c6d: folds
3d568573: folds
Uncalled bet ($0.08) returned to 1534a7b
*** SHOWDOWN ***
1534a7b collected $0.12 from pot
*** SUMMARY ***
Total pot $0.12 | Rake $0 | Jackpot $0 | Bingo $0 | Fortune $0 | Tax $0
Seat 1: 3d568573 (big blind) folded before Flop
Seat 2: 1534a7b collected ($0.12)
Seat 3: 2299e8a0 folded before Flop (didn't bet)
Seat 4: Hero folded before Flop (didn't bet)
Seat 5: a9b5ebb5 (button) folded before Flop (didn't bet)
Seat 6: 18fd9c6d (small blind) folded before Flop


Poker Hand #HD1718557514: Hold'em No Limit ($0.02/$0.05) - 2024/04/06 18:30:25
Table 'NLHBlue27' 6-max Seat #4 is the button
Seat 1: 3d568573 ($5.31 in chips)
Seat 2: 1534a7b ($6.23 in chips)
Seat 3: 2299e8a0 ($7.4 in chips)
Seat 4: Hero ($5.2 in chips)
Seat 5: a9b5ebb5 ($4.44 in chips)
Seat 6: 18fd9c6d ($4.53 in chips)
a9b5ebb5: posts small blind $0.02
18fd9c6d: posts big blind $0.05
*** HOLE CARDS ***
Dealt to 3d568573 
Dealt to 1534a7b 
Dealt to 2299e8a0 
Dealt to Hero [Ks 7d]
Dealt to a9b5ebb5 
Dealt to 18fd9c6d 
3d568573: raises $0.1 to $0.15
1534a7b: folds
2299e8a0: folds
Hero: folds
a9b5ebb5: folds
18fd9c6d: folds
Uncalled bet ($0.1) returned to 3d568573
*** SHOWDOWN ***
3d568573 collected $0.12 from pot
*** SUMMARY ***
Total pot $0.12 | Rake $0 | Jackpot $0 | Bingo $0 | Fortune $0 | Tax $0
Seat 1: 3d568573 collected ($0.12)
Seat 2: 1534a7b folded before Flop (didn't bet)
Seat 3: 2299e8a0 folded before Flop (didn't bet)
Seat 4: Hero (button) folded before Flop (didn't bet)
Seat 5: a9b5ebb5 (small blind) folded before Flop
Seat 6: 18fd9c6d (big blind) folded before Flop


Poker Hand #HD1718557443: Hold'em No Limit ($0.02/$0.05) - 2024/04/06 18:30:00
Table 'NLHBlue27' 6-max Seat #3 is the button
Seat 1: 3d568573 ($5.31 in chips)
Seat 2: 1534a7b ($6.23 in chips)
Seat 3: 2299e8a0 ($7.4 in chips)
Seat 4: Hero ($5.15 in chips)
Seat 5: a9b5ebb5 ($4.49 in chips)
Seat 6: 18fd9c6d ($4.53 in chips)
Hero: posts small blind $0.02
a9b5ebb5: posts big blind $0.05
*** HOLE CARDS ***
Dealt to 3d568573 
Dealt to 1534a7b 
Dealt to 2299e8a0 
Dealt to Hero [As 5c]
Dealt to a9b5ebb5 
Dealt to 18fd9c6d 
18fd9c6d: folds
3d568573: folds
1534a7b: folds
2299e8a0: folds
Hero: raises $0.1 to $0.15
a9b5ebb5: folds
Uncalled bet ($0.1) returned to Hero
*** SHOWDOWN ***
Hero collected $0.1 from pot
*** SUMMARY ***
Total pot $0.1 | Rake $0 | Jackpot $0 | Bingo $0 | Fortune $0 | Tax $0
Seat 1: 3d568573 folded before Flop (didn't bet)
Seat 2: 1534a7b folded before Flop (didn't bet)
Seat 3: 2299e8a0 (button) folded before Flop (didn't bet)
Seat 4: Hero (small blind) collected ($0.1)
Seat 5: a9b5ebb5 (big blind) folded before Flop
Seat 6: 18fd9c6d folded before Flop (didn't bet)


Poker Hand #HD1718557393: Hold'em No Limit ($0.02/$0.05) - 2024/04/06 18:29:37
Table 'NLHBlue27' 6-max Seat #2 is the button
Seat 1: 3d568573 ($5.31 in chips)
Seat 2: 1534a7b ($6.16 in chips)
Seat 3: 2299e8a0 ($7.42 in chips)
Seat 4: Hero ($5.2 in chips)
Seat 5: a9b5ebb5 ($4.49 in chips)
Seat 6: 18fd9c6d ($4.53 in chips)
2299e8a0: posts small blind $0.02
Hero: posts big blind $0.05
*** HOLE CARDS ***
Dealt to 3d568573 
Dealt to 1534a7b 
Dealt to 2299e8a0 
Dealt to Hero [6h 9s]
Dealt to a9b5ebb5 
Dealt to 18fd9c6d 
a9b5ebb5: folds
18fd9c6d: folds
3d568573: folds
1534a7b: raises $0.1 to $0.15
2299e8a0: folds
Hero: folds
Uncalled bet ($0.1) returned to 1534a7b
*** SHOWDOWN ***
1534a7b collected $0.12 from pot
*** SUMMARY ***
Total pot $0.12 | Rake $0 | Jackpot $0 | Bingo $0 | Fortune $0 | Tax $0
Seat 1: 3d568573 folded before Flop (didn't bet)
Seat 2: 1534a7b (button) collected ($0.12)
Seat 3: 2299e8a0 (small blind) folded before Flop
Seat 4: Hero (big blind) folded before Flop
Seat 5: a9b5ebb5 folded before Flop (didn't bet)
Seat 6: 18fd9c6d folded before Flop (didn't bet)


Poker Hand #HD1718557360: Hold'em No Limit ($0.02/$0.05) - 2024/04/06 18:29:23
Table 'NLHBlue27' 6-max Seat #1 is the button
Seat 1: 3d568573 ($5.31 in chips)
Seat 2: 1534a7b ($6.18 in chips)
Seat 3: 2299e8a0 ($7.4 in chips)
Seat 4: Hero ($5.2 in chips)
Seat 5: a9b5ebb5 ($4.49 in chips)
Seat 6: 18fd9c6d ($4.53 in chips)
1534a7b: posts small blind $0.02
2299e8a0: posts big blind $0.05
*** HOLE CARDS ***
Dealt to 3d568573 
Dealt to 1534a7b 
Dealt to 2299e8a0 
Dealt to Hero [5c 8c]
Dealt to a9b5ebb5 
Dealt to 18fd9c6d 
Hero: folds
a9b5ebb5: folds
18fd9c6d: folds
3d568573: folds
1534a7b: folds
Uncalled bet ($0.03) returned to 2299e8a0
*** SHOWDOWN ***
2299e8a0 collected $0.04 from pot
*** SUMMARY ***
Total pot $0.04 | Rake $0 | Jackpot $0 | Bingo $0 | Fortune $0 | Tax $0
Seat 1: 3d568573 (button) folded before Flop (didn't bet)
Seat 2: 1534a7b (small blind) folded before Flop
Seat 3: 2299e8a0 (big blind) collected ($0.04)
Seat 4: Hero folded before Flop (didn't bet)
Seat 5: a9b5ebb5 folded before Flop (didn't bet)
Seat 6: 18fd9c6d folded before Flop (didn't bet)


Poker Hand #HD1718557344: Hold'em No Limit ($0.02/$0.05) - 2024/04/06 18:29:15
Table 'NLHBlue27' 6-max Seat #6 is the button
Seat 1: 3d568573 ($5.33 in chips)
Seat 2: 1534a7b ($6.16 in chips)
Seat 4: Hero ($5.2 in chips)
Seat 5: a9b5ebb5 ($4.49 in chips)
Seat 6: 18fd9c6d ($4.53 in chips)
3d568573: posts small blind $0.02
1534a7b: posts big blind $0.05
*** HOLE CARDS ***
Dealt to 3d568573 
Dealt to 1534a7b 
Dealt to Hero [9d Jc]
Dealt to a9b5ebb5 
Dealt to 18fd9c6d 
Hero: folds
a9b5ebb5: folds
18fd9c6d: folds
3d568573: folds
Uncalled bet ($0.03) returned to 1534a7b
*** SHOWDOWN ***
1534a7b collected $0.04 from pot
*** SUMMARY ***
Total pot $0.04 | Rake $0 | Jackpot $0 | Bingo $0 | Fortune $0 | Tax $0
Seat 1: 3d568573 (small blind) folded before Flop
Seat 2: 1534a7b (big blind) collected ($0.04)
Seat 4: Hero folded before Flop (didn't bet)
Seat 5: a9b5ebb5 folded before Flop (didn't bet)
Seat 6: 18fd9c6d (button) folded before Flop (didn't bet)


Poker Hand #HD1718557267: Hold'em No Limit ($0.02/$0.05) - 2024/04/06 18:28:42
Table 'NLHBlue27' 6-max Seat #5 is the button
Seat 1: 3d568573 ($5.38 in chips)
Seat 2: 1534a7b ($6.16 in chips)
Seat 4: Hero ($5.33 in chips)
Seat 5: a9b5ebb5 ($4.3 in chips)
Seat 6: 18fd9c6d ($4.55 in chips)
18fd9c6d: posts small blind $0.02
3d568573: posts big blind $0.05
*** HOLE CARDS ***
Dealt to 3d568573 
Dealt to 1534a7b 
Dealt to Hero [Qh Kc]
Dealt to a9b5ebb5 
Dealt to 18fd9c6d 
1534a7b: folds
Hero: raises $0.08 to $0.13
a9b5ebb5: calls $0.13
18fd9c6d: folds
3d568573: folds
*** FLOP *** [9c 9h 3h]
Hero: checks
a9b5ebb5: bets $0.25
Hero: folds
Uncalled bet ($0.25) returned to a9b5ebb5
*** SHOWDOWN ***
a9b5ebb5 collected $0.32 from pot
*** SUMMARY ***
Total pot $0.33 | Rake $0.01 | Jackpot $0 | Bingo $0 | Fortune $0 | Tax $0
Board [9c 9h 3h]
Seat 1: 3d568573 (big blind) folded before Flop
Seat 2: 1534a7b folded before Flop (didn't bet)
Seat 4: Hero folded on the Flop
Seat 5: a9b5ebb5 (button) won ($0.32)
Seat 6: 18fd9c6d (small blind) folded before Flop


Poker Hand #HD1718557234: Hold'em No Limit ($0.02/$0.05) - 2024/04/06 18:28:27
Table 'NLHBlue27' 6-max Seat #4 is the button
Seat 1: 3d568573 ($5.38 in chips)
Seat 2: 1534a7b ($6.09 in chips)
Seat 4: Hero ($5.33 in chips)
Seat 5: a9b5ebb5 ($4.32 in chips)
Seat 6: 18fd9c6d ($4.6 in chips)
a9b5ebb5: posts small blind $0.02
18fd9c6d: posts big blind $0.05
*** HOLE CARDS ***
Dealt to 3d568573 
Dealt to 1534a7b 
Dealt to Hero [8s Qc]
Dealt to a9b5ebb5 
Dealt to 18fd9c6d 
3d568573: folds
1534a7b: raises $0.08 to $0.13
Hero: folds
a9b5ebb5: folds
18fd9c6d: folds
Uncalled bet ($0.08) returned to 1534a7b
*** SHOWDOWN ***
1534a7b collected $0.12 from pot
*** SUMMARY ***
Total pot $0.12 | Rake $0 | Jackpot $0 | Bingo $0 | Fortune $0 | Tax $0
Seat 1: 3d568573 folded before Flop (didn't bet)
Seat 2: 1534a7b collected ($0.12)
Seat 4: Hero (button) folded before Flop (didn't bet)
Seat 5: a9b5ebb5 (small blind) folded before Flop
Seat 6: 18fd9c6d (big blind) folded before Flop


Poker Hand #HD1718557055: Hold'em No Limit ($0.02/$0.05) - 2024/04/06 18:27:09
Table 'NLHBlue27' 6-max Seat #2 is the button
Seat 1: 3d568573 ($5.38 in chips)
Seat 2: 1534a7b ($5 in chips)
Seat 4: Hero ($5.35 in chips)
Seat 5: a9b5ebb5 ($5.56 in chips)
Seat 6: 18fd9c6d ($4.6 in chips)
Hero: posts small blind $0.02
a9b5ebb5: posts big blind $0.05
*** HOLE CARDS ***
Dealt to 3d568573 
Dealt to 1534a7b 
Dealt to Hero [Ts 8d]
Dealt to a9b5ebb5 
Dealt to 18fd9c6d 
18fd9c6d: folds
3d568573: folds
1534a7b: raises $0.08 to $0.13
Hero: folds
a9b5ebb5: raises $0.36 to $0.49
1534a7b: calls $0.36
*** FLOP *** [5d 3c 2h]
a9b5ebb5: bets $0.75
1534a7b: calls $0.75
*** TURN *** [5d 3c 2h] [9c]
a9b5ebb5: checks
1534a7b: bets $3.76 and is all-in
a9b5ebb5: folds
Uncalled bet ($3.76) returned to 1534a7b
*** SHOWDOWN ***
1534a7b collected $2.33 from pot
*** SUMMARY ***
Total pot $2.5 | Rake $0.12 | Jackpot $0.05 | Bingo $0 | Fortune $0 | Tax $0
Board [5d 3c 2h 9c]
Seat 1: 3d568573 folded before Flop (didn't bet)
Seat 2: 1534a7b (button) won ($2.33)
Seat 4: Hero (small blind) folded before Flop
Seat 5: a9b5ebb5 (big blind) folded on the Turn
Seat 6: 18fd9c6d folded before Flop (didn't bet)


Poker Hand #HD1718556999: Hold'em No Limit ($0.02/$0.05) - 2024/04/06 18:26:41
Table 'NLHBlue27' 6-max Seat #1 is the button
Seat 1: 3d568573 ($5.31 in chips)
Seat 2: 1534a7b ($5.02 in chips)
Seat 3: 2299e8a0 ($7.45 in chips)
Seat 4: Hero ($5.35 in chips)
Seat 5: a9b5ebb5 ($5.56 in chips)
Seat 6: 18fd9c6d ($4.6 in chips)
1534a7b: posts small blind $0.02
2299e8a0: posts big blind $0.05
*** HOLE CARDS ***
Dealt to 3d568573 
Dealt to 1534a7b 
Dealt to 2299e8a0 
Dealt to Hero [9d 4c]
Dealt to a9b5ebb5 
Dealt to 18fd9c6d 
Hero: folds
a9b5ebb5: folds
18fd9c6d: folds
3d568573: raises $0.1 to $0.15
1534a7b: folds
2299e8a0: folds
Uncalled bet ($0.1) returned to 3d568573
*** SHOWDOWN ***
3d568573 collected $0.12 from pot
*** SUMMARY ***
Total pot $0.12 | Rake $0 | Jackpot $0 | Bingo $0 | Fortune $0 | Tax $0
Seat 1: 3d568573 (button) collected ($0.12)
Seat 2: 1534a7b (small blind) folded before Flop
Seat 3: 2299e8a0 (big blind) folded before Flop
Seat 4: Hero folded before Flop (didn't bet)
Seat 5: a9b5ebb5 folded before Flop (didn't bet)
Seat 6: 18fd9c6d folded before Flop (didn't bet)


Poker Hand #HD1718556976: Hold'em No Limit ($0.02/$0.05) - 2024/04/06 18:26:32
Table 'NLHBlue27' 6-max Seat #6 is the button
Seat 1: 3d568573 ($5.33 in chips)
Seat 2: 1534a7b ($5 in chips)
Seat 3: 2299e8a0 ($7.45 in chips)
Seat 4: Hero ($5.35 in chips)
Seat 5: a9b5ebb5 ($5.56 in chips)
Seat 6: 18fd9c6d ($4.6 in chips)
3d568573: posts small blind $0.02
1534a7b: posts big blind $0.05
*** HOLE CARDS ***
Dealt to 3d568573 
Dealt to 1534a7b 
Dealt to 2299e8a0 
Dealt to Hero [4s Qd]
Dealt to a9b5ebb5 
Dealt to 18fd9c6d 
2299e8a0: folds
Hero: folds
a9b5ebb5: folds
18fd9c6d: folds
3d568573: folds
Uncalled bet ($0.03) returned to 1534a7b
*** SHOWDOWN ***
1534a7b collected $0.04 from pot
*** SUMMARY ***
Total pot $0.04 | Rake $0 | Jackpot $0 | Bingo $0 | Fortune $0 | Tax $0
Seat 1: 3d568573 (small blind) folded before Flop
Seat 2: 1534a7b (big blind) collected ($0.04)
Seat 3: 2299e8a0 folded before Flop (didn't bet)
Seat 4: Hero folded before Flop (didn't bet)
Seat 5: a9b5ebb5 folded before Flop (didn't bet)
Seat 6: 18fd9c6d (button) folded before Flop (didn't bet)


Poker Hand #HD1718556893: Hold'em No Limit ($0.02/$0.05) - 2024/04/06 18:25:53
Table 'NLHBlue27' 6-max Seat #5 is the button
Seat 1: 3d568573 ($5.48 in chips)
Seat 3: 2299e8a0 ($7.45 in chips)
Seat 4: Hero ($5.35 in chips)
Seat 5: a9b5ebb5 ($5.4 in chips)
Seat 6: 18fd9c6d ($4.62 in chips)
18fd9c6d: posts small blind $0.02
3d568573: posts big blind $0.05
*** HOLE CARDS ***
Dealt to 3d568573 
Dealt to 2299e8a0 
Dealt to Hero [4h Qd]
Dealt to a9b5ebb5 
Dealt to 18fd9c6d 
2299e8a0: folds
Hero: folds
a9b5ebb5: raises $0.1 to $0.15
18fd9c6d: folds
3d568573: calls $0.1
*** FLOP *** [Qc 6d 2d]
3d568573: checks
a9b5ebb5: bets $0.24
3d568573: folds
Uncalled bet ($0.24) returned to a9b5ebb5
*** SHOWDOWN ***
a9b5ebb5 collected $0.31 from pot
*** SUMMARY ***
Total pot $0.32 | Rake $0.01 | Jackpot $0 | Bingo $0 | Fortune $0 | Tax $0
Board [Qc 6d 2d]
Seat 1: 3d568573 (big blind) folded on the Flop
Seat 3: 2299e8a0 folded before Flop (didn't bet)
Seat 4: Hero folded before Flop (didn't bet)
Seat 5: a9b5ebb5 (button) won ($0.31)
Seat 6: 18fd9c6d (small blind) folded before Flop


Poker Hand #HD1718556822: Hold'em No Limit ($0.02/$0.05) - 2024/04/06 18:25:25
Table 'NLHBlue27' 6-max Seat #4 is the button
Seat 1: 3d568573 ($5.63 in chips)
Seat 3: 2299e8a0 ($7.45 in chips)
Seat 4: Hero ($5.14 in chips)
Seat 5: a9b5ebb5 ($5.42 in chips)
Seat 6: 18fd9c6d ($4.67 in chips)
a9b5ebb5: posts small blind $0.02
18fd9c6d: posts big blind $0.05
*** HOLE CARDS ***
Dealt to 3d568573 
Dealt to 2299e8a0 
Dealt to Hero [Ad Jd]
Dealt to a9b5ebb5 
Dealt to 18fd9c6d 
3d568573: raises $0.1 to $0.15
2299e8a0: folds
Hero: raises $0.35 to $0.5
a9b5ebb5: folds
18fd9c6d: folds
3d568573: folds
Uncalled bet ($0.35) returned to Hero
*** SHOWDOWN ***
Hero collected $0.36 from pot
*** SUMMARY ***
Total pot $0.37 | Rake $0.01 | Jackpot $0 | Bingo $0 | Fortune $0 | Tax $0
Seat 1: 3d568573 folded before Flop
Seat 3: 2299e8a0 folded before Flop (didn't bet)
Seat 4: Hero (button) collected ($0.36)
Seat 5: a9b5ebb5 (small blind) folded before Flop
Seat 6: 18fd9c6d (big blind) folded before Flop


Poker Hand #HD1718556723: Hold'em No Limit ($0.02/$0.05) - 2024/04/06 18:24:42
Table 'NLHBlue27' 6-max Seat #3 is the button
Seat 1: 3d568573 ($5.63 in chips)
Seat 2: 1d63017a ($5.23 in chips)
Seat 3: 2299e8a0 ($7.45 in chips)
Seat 4: Hero ($5 in chips)
Seat 5: a9b5ebb5 ($5.57 in chips)
Seat 6: 18fd9c6d ($4.67 in chips)
Hero: posts small blind $0.02
a9b5ebb5: posts big blind $0.05
*** HOLE CARDS ***
Dealt to 3d568573 
Dealt to 1d63017a 
Dealt to 2299e8a0 
Dealt to Hero [Ac Qc]
Dealt to a9b5ebb5 
Dealt to 18fd9c6d 
18fd9c6d: folds
3d568573: folds
1d63017a: folds
2299e8a0: folds
Hero: raises $0.1 to $0.15
a9b5ebb5: calls $0.1
*** FLOP *** [9s Ad 7c]
Hero: bets $0.15
a9b5ebb5: folds
Uncalled bet ($0.15) returned to Hero
*** SHOWDOWN ***
Hero collected $0.29 from pot
*** SUMMARY ***
Total pot $0.3 | Rake $0.01 | Jackpot $0 | Bingo $0 | Fortune $0 | Tax $0
Board [9s Ad 7c]
Seat 1: 3d568573 folded before Flop (didn't bet)
Seat 2: 1d63017a folded before Flop (didn't bet)
Seat 3: 2299e8a0 (button) folded before Flop (didn't bet)
Seat 4: Hero (small blind) won ($0.29)
Seat 5: a9b5ebb5 (big blind) folded on the Flop
Seat 6: 18fd9c6d folded before Flop (didn't bet)


Poker Hand #HD1718556582: Hold'em No Limit ($0.02/$0.05) - 2024/04/06 18:23:45
Table 'NLHBlue27' 6-max Seat #2 is the button
Seat 1: 3d568573 ($5.63 in chips)
Seat 2: 1d63017a ($2.7 in chips)
Seat 3: 2299e8a0 ($10.15 in chips)
Seat 4: Hero ($5 in chips)
Seat 5: a9b5ebb5 ($5.57 in chips)
Seat 6: 18fd9c6d ($4.77 in chips)
2299e8a0: posts small blind $0.02
Hero: posts big blind $0.05
*** HOLE CARDS ***
Dealt to 3d568573 
Dealt to 1d63017a 
Dealt to 2299e8a0 
Dealt to Hero [2d 9d]
Dealt to a9b5ebb5 
Dealt to 18fd9c6d 
a9b5ebb5: folds
18fd9c6d: raises $0.05 to $0.1
3d568573: folds
1d63017a: calls $0.1
2299e8a0: raises $0.4 to $0.5
Hero: folds
18fd9c6d: folds
1d63017a: calls $0.4
*** FLOP *** [Jc Js 3d]
2299e8a0: bets $0.38
1d63017a: calls $0.38
*** TURN *** [Jc Js 3d] [3s]
2299e8a0: checks
1d63017a: checks
*** RIVER *** [Jc Js 3d 3s] [4s]
2299e8a0: bets $1.91
1d63017a: calls $1.82 and is all-in
Uncalled bet ($0.09) returned to 2299e8a0
2299e8a0: shows [5s As] (Ace High Flush)
1d63017a: shows [Jd 9c] (Jacks Full over Treys)
*** SHOWDOWN ***
1d63017a collected $5.23 from pot
*** SUMMARY ***
Total pot $5.55 | Rake $0.27 | Jackpot $0.05 | Bingo $0 | Fortune $0 | Tax $0
Board [Jc Js 3d 3s 4s]
Seat 1: 3d568573 folded before Flop (didn't bet)
Seat 2: 1d63017a (button) showed [Jd 9c] and won ($5.23) with Jacks Full over Treys
Seat 3: 2299e8a0 (small blind) showed [5s As] and lost with Ace High Flush
Seat 4: Hero (big blind) folded before Flop
Seat 5: a9b5ebb5 folded before Flop (didn't bet)
Seat 6: 18fd9c6d folded before Flop


Poker Hand #HD1718556550: Hold'em No Limit ($0.02/$0.05) - 2024/04/06 18:23:27
Table 'NLHBlue27' 6-max Seat #1 is the button
Seat 1: 3d568573 ($5.63 in chips)
Seat 2: 1d63017a ($2.72 in chips)
Seat 3: 2299e8a0 ($10.2 in chips)
Seat 4: Hero ($5 in chips)
Seat 5: a9b5ebb5 ($5.5 in chips)
Seat 6: 18fd9c6d ($4.77 in chips)
1d63017a: posts small blind $0.02
2299e8a0: posts big blind $0.05
*** HOLE CARDS ***
Dealt to 3d568573 
Dealt to 1d63017a 
Dealt to 2299e8a0 
Dealt to Hero [Qs 4c]
Dealt to a9b5ebb5 
Dealt to 18fd9c6d 
Hero: folds
a9b5ebb5: raises $0.1 to $0.15
18fd9c6d: folds
3d568573: folds
1d63017a: folds
2299e8a0: folds
Uncalled bet ($0.1) returned to a9b5ebb5
*** SHOWDOWN ***
a9b5ebb5 collected $0.12 from pot
*** SUMMARY ***
Total pot $0.12 | Rake $0 | Jackpot $0 | Bingo $0 | Fortune $0 | Tax $0
Seat 1: 3d568573 (button) folded before Flop (didn't bet)
Seat 2: 1d63017a (small blind) folded before Flop
Seat 3: 2299e8a0 (big blind) folded before Flop
Seat 4: Hero folded before Flop (didn't bet)
Seat 5: a9b5ebb5 collected ($0.12)
Seat 6: 18fd9c6d folded before Flop (didn't bet)


Poker Hand #HD1718556413: Hold'em No Limit ($0.02/$0.05) - 2024/04/06 18:22:30
Table 'NLHBlue27' 6-max Seat #6 is the button
Seat 1: 3d568573 ($5.65 in chips)
Seat 2: 1d63017a ($3.3 in chips)
Seat 3: 2299e8a0 ($9.65 in chips)
Seat 4: Hero ($5 in chips)
Seat 5: a9b5ebb5 ($5.5 in chips)
Seat 6: 18fd9c6d ($4.77 in chips)
3d568573: posts small blind $0.02
1d63017a: posts big blind $0.05
*** HOLE CARDS ***
Dealt to 3d568573 
Dealt to 1d63017a 
Dealt to 2299e8a0 
Dealt to Hero [Jd 4h]
Dealt to a9b5ebb5 
Dealt to 18fd9c6d 
2299e8a0: raises $0.08 to $0.13
Hero: folds
a9b5ebb5: folds
18fd9c6d: folds
3d568573: folds
1d63017a: raises $0.21 to $0.34
2299e8a0: calls $0.21
*** FLOP *** [6h 5s Kc]
1d63017a: checks
2299e8a0: bets $0.24
1d63017a: calls $0.24
*** TURN *** [6h 5s Kc] [Ad]
1d63017a: checks
2299e8a0: checks
*** RIVER *** [6h 5s Kc Ad] [As]
1d63017a: checks
2299e8a0: checks
1d63017a: shows [Jc Qc] (Pair of Aces)
2299e8a0: shows [Qh Ks] (Pair of Aces and Pair of Kings)
*** SHOWDOWN ***
2299e8a0 collected $1.13 from pot
*** SUMMARY ***
Total pot $1.18 | Rake $0.05 | Jackpot $0 | Bingo $0 | Fortune $0 | Tax $0
Board [6h 5s Kc Ad As]
Seat 1: 3d568573 (small blind) folded before Flop
Seat 2: 1d63017a (big blind) showed [Jc Qc] and lost with Pair of Aces
Seat 3: 2299e8a0 showed [Qh Ks] and won ($1.13) with Pair of Aces and Pair of Kings
Seat 4: Hero folded before Flop (didn't bet)
Seat 5: a9b5ebb5 folded before Flop (didn't bet)
Seat 6: 18fd9c6d (button) folded before Flop (didn't bet)


Poker Hand #HD1718556386: Hold'em No Limit ($0.02/$0.05) - 2024/04/06 18:22:17
Table 'NLHBlue27' 6-max Seat #5 is the button
Seat 1: 3d568573 ($5.7 in chips)
Seat 2: 1d63017a ($3.23 in chips)
Seat 3: 2299e8a0 ($9.65 in chips)
Seat 4: Hero ($5 in chips)
Seat 5: a9b5ebb5 ($5.5 in chips)
Seat 6: 18fd9c6d ($4.79 in chips)
18fd9c6d: posts small blind $0.02
3d568573: posts big blind $0.05
1d63017a: posts big blind $0.05
*** HOLE CARDS ***
Dealt to 3d568573 
Dealt to 1d63017a 
Dealt to 2299e8a0 
Dealt to Hero [Tc 6s]
Dealt to a9b5ebb5 
Dealt to 18fd9c6d 
1d63017a: raises $0.1 to $0.15
2299e8a0: folds
Hero: folds
a9b5ebb5: folds
18fd9c6d: folds
3d568573: folds
Uncalled bet ($0.1) returned to 1d63017a
*** SHOWDOWN ***
1d63017a collected $0.12 from pot
*** SUMMARY ***
Total pot $0.12 | Rake $0 | Jackpot $0 | Bingo $0 | Fortune $0 | Tax $0
Seat 1: 3d568573 (big blind) folded before Flop
Seat 2: 1d63017a collected ($0.12)
Seat 3: 2299e8a0 folded before Flop (didn't bet)
Seat 4: Hero folded before Flop (didn't bet)
Seat 5: a9b5ebb5 (button) folded before Flop (didn't bet)
Seat 6: 18fd9c6d (small blind) folded before Flop


Poker Hand #HD1718556334: Hold'em No Limit ($0.02/$0.05) - 2024/04/06 18:21:59
Table 'NLHBlue27' 6-max Seat #4 is the button
Seat 1: 3d568573 ($5.7 in chips)
Seat 3: 2299e8a0 ($9.65 in chips)
Seat 4: Hero ($5 in chips)
Seat 5: a9b5ebb5 ($5.45 in chips)
Seat 6: 18fd9c6d ($4.84 in chips)
a9b5ebb5: posts small blind $0.02
18fd9c6d: posts big blind $0.05
*** HOLE CARDS ***
Dealt to 3d568573 
Dealt to 2299e8a0 
Dealt to Hero [Td 3s]
Dealt to a9b5ebb5 
Dealt to 18fd9c6d 
3d568573: folds
2299e8a0: folds
Hero: folds
a9b5ebb5: raises $0.1 to $0.15
18fd9c6d: folds
Uncalled bet ($0.1) returned to a9b5ebb5
*** SHOWDOWN ***
a9b5ebb5 collected $0.1 from pot
*** SUMMARY ***
Total pot $0.1 | Rake $0 | Jackpot $0 | Bingo $0 | Fortune $0 | Tax $0
Seat 1: 3d568573 folded before Flop (didn't bet)
Seat 3: 2299e8a0 folded before Flop (didn't bet)
Seat 4: Hero (button) folded before Flop (didn't bet)
Seat 5: a9b5ebb5 (small blind) collected ($0.1)
Seat 6: 18fd9c6d (big blind) folded before Flop


Poker Hand #HD1718556298: Hold'em No Limit ($0.02/$0.05) - 2024/04/06 18:21:46
Table 'NLHBlue27' 6-max Seat #3 is the button
Seat 1: 3d568573 ($5.7 in chips)
Seat 3: 2299e8a0 ($9.65 in chips)
Seat 4: Hero ($5 in chips)
Seat 5: a9b5ebb5 ($5.43 in chips)
Seat 6: 18fd9c6d ($4.84 in chips)
Hero: posts small blind $0.02
a9b5ebb5: posts big blind $0.05
*** HOLE CARDS ***
Dealt to 3d568573 
Dealt to 2299e8a0 
Dealt to Hero [Qd 3c]
Dealt to a9b5ebb5 
Dealt to 18fd9c6d 
18fd9c6d: folds
3d568573: folds
2299e8a0: folds
Hero: folds
Uncalled bet ($0.03) returned to a9b5ebb5
*** SHOWDOWN ***
a9b5ebb5 collected $0.04 from pot
*** SUMMARY ***
Total pot $0.04 | Rake $0 | Jackpot $0 | Bingo $0 | Fortune $0 | Tax $0
Seat 1: 3d568573 folded before Flop (didn't bet)
Seat 3: 2299e8a0 (button) folded before Flop (didn't bet)
Seat 4: Hero (small blind) folded before Flop
Seat 5: a9b5ebb5 (big blind) collected ($0.04)
Seat 6: 18fd9c6d folded before Flop (didn't bet)


Poker Hand #HD1718556214: Hold'em No Limit ($0.02/$0.05) - 2024/04/06 18:21:09
Table 'NLHBlue27' 6-max Seat #1 is the button
Seat 1: 3d568573 ($5.7 in chips)
Seat 3: 2299e8a0 ($9.67 in chips)
Seat 4: Hero ($5 in chips)
Seat 5: a9b5ebb5 ($5.22 in chips)
Seat 6: 18fd9c6d ($4.99 in chips)
2299e8a0: posts small blind $0.02
Hero: posts big blind $0.05
*** HOLE CARDS ***
Dealt to 3d568573 
Dealt to 2299e8a0 
Dealt to Hero [5h 2s]
Dealt to a9b5ebb5 
Dealt to 18fd9c6d 
a9b5ebb5: raises $0.1 to $0.15
18fd9c6d: calls $0.15
3d568573: folds
2299e8a0: folds
Hero: folds
*** FLOP *** [Qc Qd 6s]
a9b5ebb5: checks
18fd9c6d: checks
*** TURN *** [Qc Qd 6s] [Tc]
a9b5ebb5: bets $0.19
18fd9c6d: folds
Uncalled bet ($0.19) returned to a9b5ebb5
*** SHOWDOWN ***
a9b5ebb5 collected $0.36 from pot
*** SUMMARY ***
Total pot $0.37 | Rake $0.01 | Jackpot $0 | Bingo $0 | Fortune $0 | Tax $0
Board [Qc Qd 6s Tc]
Seat 1: 3d568573 (button) folded before Flop (didn't bet)
Seat 3: 2299e8a0 (small blind) folded before Flop
Seat 4: Hero (big blind) folded before Flop
Seat 5: a9b5ebb5 won ($0.36)
Seat 6: 18fd9c6d folded on the Turn


Poker Hand #HD1718556165: Hold'em No Limit ($0.02/$0.05) - 2024/04/06 18:20:49
Table 'NLHBlue27' 6-max Seat #6 is the button
Seat 1: 3d568573 ($5.72 in chips)
Seat 3: 2299e8a0 ($9.72 in chips)
Seat 4: Hero ($5 in chips)
Seat 5: a9b5ebb5 ($5.22 in chips)
Seat 6: 18fd9c6d ($4.92 in chips)
3d568573: posts small blind $0.02
2299e8a0: posts big blind $0.05
*** HOLE CARDS ***
Dealt to 3d568573 
Dealt to 2299e8a0 
Dealt to Hero [Js 4s]
Dealt to a9b5ebb5 
Dealt to 18fd9c6d 
Hero: folds
a9b5ebb5: folds
18fd9c6d: raises $0.05 to $0.1
3d568573: folds
2299e8a0: folds
Uncalled bet ($0.05) returned to 18fd9c6d
*** SHOWDOWN ***
18fd9c6d collected $0.12 from pot
*** SUMMARY ***
Total pot $0.12 | Rake $0 | Jackpot $0 | Bingo $0 | Fortune $0 | Tax $0
Seat 1: 3d568573 (small blind) folded before Flop
Seat 3: 2299e8a0 (big blind) folded before Flop
Seat 4: Hero folded before Flop (didn't bet)
Seat 5: a9b5ebb5 folded before Flop (didn't bet)
Seat 6: 18fd9c6d (button) collected ($0.12)


Poker Hand #HD1718556096: Hold'em No Limit ($0.02/$0.05) - 2024/04/06 18:20:20
Table 'NLHBlue27' 6-max Seat #5 is the button
Seat 1: 3d568573 ($5.82 in chips)
Seat 3: 2299e8a0 ($9.72 in chips)
Seat 4: Hero ($5 in chips)
Seat 5: a9b5ebb5 ($5.22 in chips)
Seat 6: 18fd9c6d ($4.83 in chips)
18fd9c6d: posts small blind $0.02
3d568573: posts big blind $0.05
*** HOLE CARDS ***
Dealt to 3d568573 
Dealt to 2299e8a0 
Dealt to Hero [9d 6c]
Dealt to a9b5ebb5 
Dealt to 18fd9c6d 
2299e8a0: folds
Hero: folds
a9b5ebb5: folds
18fd9c6d: raises $0.05 to $0.1
3d568573: calls $0.05
*** FLOP *** [9h 5d 2c]
18fd9c6d: checks
3d568573: checks
*** TURN *** [9h 5d 2c] [5c]
18fd9c6d: bets $0.05
3d568573: folds
Uncalled bet ($0.05) returned to 18fd9c6d
*** SHOWDOWN ***
18fd9c6d collected $0.19 from pot
*** SUMMARY ***
Total pot $0.2 | Rake $0.01 | Jackpot $0 | Bingo $0 | Fortune $0 | Tax $0
Board [9h 5d 2c 5c]
Seat 1: 3d568573 (big blind) folded on the Turn
Seat 3: 2299e8a0 folded before Flop (didn't bet)
Seat 4: Hero folded before Flop (didn't bet)
Seat 5: a9b5ebb5 (button) folded before Flop (didn't bet)
Seat 6: 18fd9c6d (small blind) won ($0.19)


Poker Hand #HD1718556067: Hold'em No Limit ($0.02/$0.05) - 2024/04/06 18:20:08
Table 'NLHBlue27' 6-max Seat #4 is the button
Seat 1: 3d568573 ($5.82 in chips)
Seat 3: 2299e8a0 ($9.72 in chips)
Seat 4: Hero ($5 in chips)
Seat 5: a9b5ebb5 ($5.24 in chips)
Seat 6: 18fd9c6d ($4.81 in chips)
a9b5ebb5: posts small blind $0.02
18fd9c6d: posts big blind $0.05
*** HOLE CARDS ***
Dealt to 3d568573 
Dealt to 2299e8a0 
Dealt to Hero [8s 5d]
Dealt to a9b5ebb5 
Dealt to 18fd9c6d 
3d568573: folds
2299e8a0: folds
Hero: folds
a9b5ebb5: folds
Uncalled bet ($0.03) returned to 18fd9c6d
*** SHOWDOWN ***
18fd9c6d collected $0.04 from pot
*** SUMMARY ***
Total pot $0.04 | Rake $0 | Jackpot $0 | Bingo $0 | Fortune $0 | Tax $0
Seat 1: 3d568573 folded before Flop (didn't bet)
Seat 3: 2299e8a0 folded before Flop (didn't bet)
Seat 4: Hero (button) folded before Flop (didn't bet)
Seat 5: a9b5ebb5 (small blind) folded before Flop
Seat 6: 18fd9c6d (big blind) collected ($0.04)


Poker Hand #HD1718556003: Hold'em No Limit ($0.02/$0.05) - 2024/04/06 18:19:41
Table 'NLHBlue27' 6-max Seat #3 is the button
Seat 1: 3d568573 ($5.75 in chips)
Seat 3: 2299e8a0 ($9.72 in chips)
Seat 4: Hero ($5.02 in chips)
Seat 5: a9b5ebb5 ($5.29 in chips)
Seat 6: 18fd9c6d ($4.81 in chips)
Hero: posts small blind $0.02
a9b5ebb5: posts big blind $0.05
*** HOLE CARDS ***
Dealt to 3d568573 
Dealt to 2299e8a0 
Dealt to Hero [6h 4h]
Dealt to a9b5ebb5 
Dealt to 18fd9c6d 
18fd9c6d: folds
3d568573: raises $0.1 to $0.15
2299e8a0: folds
Hero: folds
a9b5ebb5: folds
Uncalled bet ($0.1) returned to 3d568573
*** SHOWDOWN ***
3d568573 collected $0.12 from pot
*** SUMMARY ***
Total pot $0.12 | Rake $0 | Jackpot $0 | Bingo $0 | Fortune $0 | Tax $0
Seat 1: 3d568573 collected ($0.12)
Seat 3: 2299e8a0 (button) folded before Flop (didn't bet)
Seat 4: Hero (small blind) folded before Flop
Seat 5: a9b5ebb5 (big blind) folded before Flop
Seat 6: 18fd9c6d folded before Flop (didn't bet)


Poker Hand #HD1718555958: Hold'em No Limit ($0.02/$0.05) - 2024/04/06 18:19:22
Table 'NLHBlue27' 6-max Seat #1 is the button
Seat 1: 3d568573 ($5.75 in chips)
Seat 3: 2299e8a0 ($9.74 in chips)
Seat 4: Hero ($5 in chips)
Seat 5: a9b5ebb5 ($5.29 in chips)
Seat 6: 18fd9c6d ($4.81 in chips)
2299e8a0: posts small blind $0.02
Hero: posts big blind $0.05
*** HOLE CARDS ***
Dealt to 3d568573 
Dealt to 2299e8a0 
Dealt to Hero [6h 7d]
Dealt to a9b5ebb5 
Dealt to 18fd9c6d 
a9b5ebb5: folds
18fd9c6d: folds
3d568573: folds
2299e8a0: folds
Uncalled bet ($0.03) returned to Hero
*** SHOWDOWN ***
Hero collected $0.04 from pot
*** SUMMARY ***
Total pot $0.04 | Rake $0 | Jackpot $0 | Bingo $0 | Fortune $0 | Tax $0
Seat 1: 3d568573 (button) folded before Flop (didn't bet)
Seat 3: 2299e8a0 (small blind) folded before Flop
Seat 4: Hero (big blind) collected ($0.04)
Seat 5: a9b5ebb5 folded before Flop (didn't bet)
Seat 6: 18fd9c6d folded before Flop (didn't bet)


Poker Hand #HD1718555899: Hold'em No Limit ($0.02/$0.05) - 2024/04/06 18:18:56
Table 'NLHBlue27' 6-max Seat #6 is the button
Seat 1: 3d568573 ($5.7 in chips)
Seat 3: 2299e8a0 ($9.79 in chips)
Seat 4: Hero ($5 in chips)
Seat 5: a9b5ebb5 ($5.29 in chips)
Seat 6: 18fd9c6d ($4.81 in chips)
3d568573: posts small blind $0.02
2299e8a0: posts big blind $0.05
*** HOLE CARDS ***
Dealt to 3d568573 
Dealt to 2299e8a0 
Dealt to Hero [Tc 8d]
Dealt to a9b5ebb5 
Dealt to 18fd9c6d 
Hero: folds
a9b5ebb5: folds
18fd9c6d: folds
3d568573: raises $0.1 to $0.15
2299e8a0: folds
Uncalled bet ($0.1) returned to 3d568573
*** SHOWDOWN ***
3d568573 collected $0.1 from pot
*** SUMMARY ***
Total pot $0.1 | Rake $0 | Jackpot $0 | Bingo $0 | Fortune $0 | Tax $0
Seat 1: 3d568573 (small blind) collected ($0.1)
Seat 3: 2299e8a0 (big blind) folded before Flop
Seat 4: Hero folded before Flop (didn't bet)
Seat 5: a9b5ebb5 folded before Flop (didn't bet)
Seat 6: 18fd9c6d (button) folded before Flop (didn't bet)


Poker Hand #HD1718555842: Hold'em No Limit ($0.02/$0.05) - 2024/04/06 18:18:34
Table 'NLHBlue27' 6-max Seat #5 is the button
Seat 1: 3d568573 ($5.75 in chips)
Seat 2: d4352046 ($5 in chips)
Seat 3: 2299e8a0 ($9.79 in chips)
Seat 4: Hero ($5 in chips)
Seat 5: a9b5ebb5 ($5.22 in chips)
Seat 6: 18fd9c6d ($4.83 in chips)
18fd9c6d: posts small blind $0.02
3d568573: posts big blind $0.05
*** HOLE CARDS ***
Dealt to 3d568573 
Dealt to d4352046 
Dealt to 2299e8a0 
Dealt to Hero [5d 8h]
Dealt to a9b5ebb5 
Dealt to 18fd9c6d 
d4352046: folds
2299e8a0: folds
Hero: folds
a9b5ebb5: raises $0.1 to $0.15
18fd9c6d: folds
3d568573: folds
Uncalled bet ($0.1) returned to a9b5ebb5
*** SHOWDOWN ***
a9b5ebb5 collected $0.12 from pot
*** SUMMARY ***
Total pot $0.12 | Rake $0 | Jackpot $0 | Bingo $0 | Fortune $0 | Tax $0
Seat 1: 3d568573 (big blind) folded before Flop
Seat 2: d4352046 folded before Flop (didn't bet)
Seat 3: 2299e8a0 folded before Flop (didn't bet)
Seat 4: Hero folded before Flop (didn't bet)
Seat 5: a9b5ebb5 (button) collected ($0.12)
Seat 6: 18fd9c6d (small blind) folded before Flop


Poker Hand #HD1718555785: Hold'em No Limit ($0.02/$0.05) - 2024/04/06 18:18:13
Table 'NLHBlue27' 6-max Seat #4 is the button
Seat 1: 3d568573 ($5.75 in chips)
Seat 2: d4352046 ($5 in chips)
Seat 3: 2299e8a0 ($9.79 in chips)
Seat 4: Hero ($5 in chips)
Seat 5: a9b5ebb5 ($5.24 in chips)
Seat 6: 18fd9c6d ($4.81 in chips)
a9b5ebb5: posts small blind $0.02
18fd9c6d: posts big blind $0.05
*** HOLE CARDS ***
Dealt to 3d568573 
Dealt to d4352046 
Dealt to 2299e8a0 
Dealt to Hero [3h 2h]
Dealt to a9b5ebb5 
Dealt to 18fd9c6d 
3d568573: folds
d4352046: folds
2299e8a0: folds
Hero: folds
a9b5ebb5: folds
Uncalled bet ($0.03) returned to 18fd9c6d
*** SHOWDOWN ***
18fd9c6d collected $0.04 from pot
*** SUMMARY ***
Total pot $0.04 | Rake $0 | Jackpot $0 | Bingo $0 | Fortune $0 | Tax $0
Seat 1: 3d568573 folded before Flop (didn't bet)
Seat 2: d4352046 folded before Flop (didn't bet)
Seat 3: 2299e8a0 folded before Flop (didn't bet)
Seat 4: Hero (button) folded before Flop (didn't bet)
Seat 5: a9b5ebb5 (small blind) folded before Flop
Seat 6: 18fd9c6d (big blind) collected ($0.04)


Poker Hand #HD1718555721: Hold'em No Limit ($0.02/$0.05) - 2024/04/06 18:17:39
Table 'NLHBlue27' 6-max Seat #3 is the button
Seat 1: 3d568573 ($5.75 in chips)
Seat 2: d4352046 ($5 in chips)
Seat 3: 2299e8a0 ($9.79 in chips)
Seat 4: Hero ($5 in chips)
Seat 5: a9b5ebb5 ($5.29 in chips)
Seat 6: 18fd9c6d ($4.74 in chips)
Hero: posts small blind $0.02
a9b5ebb5: posts big blind $0.05
*** HOLE CARDS ***
Dealt to 3d568573 
Dealt to d4352046 
Dealt to 2299e8a0 
Dealt to Hero [3h 5c]
Dealt to a9b5ebb5 
Dealt to 18fd9c6d 
18fd9c6d: raises $0.05 to $0.1
3d568573: folds
d4352046: folds
2299e8a0: folds
Hero: folds
a9b5ebb5: folds
Uncalled bet ($0.05) returned to 18fd9c6d
*** SHOWDOWN ***
18fd9c6d collected $0.12 from pot
*** SUMMARY ***
Total pot $0.12 | Rake $0 | Jackpot $0 | Bingo $0 | Fortune $0 | Tax $0
Seat 1: 3d568573 folded before Flop (didn't bet)
Seat 2: d4352046 folded before Flop (didn't bet)
Seat 3: 2299e8a0 (button) folded before Flop (didn't bet)
Seat 4: Hero (small blind) folded before Flop
Seat 5: a9b5ebb5 (big blind) folded before Flop
Seat 6: 18fd9c6d collected ($0.12)


Poker Hand #HD1718495470: Hold'em No Limit ($0.02/$0.05) - 2024/04/06 18:15:51
Table 'NLHBlue27' 6-max Seat #2 is the button
Seat 1: 3d568573 ($5.75 in chips)
Seat 2: d4352046 ($6.99 in chips)
Seat 3: 2299e8a0 ($6.91 in chips)
Seat 4: Hero ($5.05 in chips)
Seat 5: a9b5ebb5 ($5.29 in chips)
Seat 6: 18fd9c6d ($4.84 in chips)
2299e8a0: posts small blind $0.02
Hero: posts big blind $0.05
*** HOLE CARDS ***
Dealt to 3d568573 
Dealt to d4352046 
Dealt to 2299e8a0 
Dealt to Hero [3c 5h]
Dealt to a9b5ebb5 
Dealt to 18fd9c6d 
a9b5ebb5: folds
18fd9c6d: raises $0.05 to $0.1
3d568573: folds
d4352046: raises $0.26 to $0.36
2299e8a0: raises $0.71 to $1.07
Hero: folds
18fd9c6d: folds
d4352046: calls $0.71
*** FLOP *** [Jc 4c Qc]
2299e8a0: bets $0.76
d4352046: calls $0.76
*** TURN *** [Jc 4c Qc] [Js]
2299e8a0: checks
d4352046: checks
*** RIVER *** [Jc 4c Qc Js] [7h]
2299e8a0: bets $1.26
d4352046: calls $1.26
2299e8a0: shows [Ah Ac] (Pair of Aces and Pair of Jacks)
d4352046: shows [Kd Kc] (Pair of Kings and Pair of Jacks)
*** SHOWDOWN ***
2299e8a0 collected $5.97 from pot
*** SUMMARY ***
Total pot $6.33 | Rake $0.31 | Jackpot $0.05 | Bingo $0 | Fortune $0 | Tax $0
Board [Jc 4c Qc Js 7h]
Seat 1: 3d568573 folded before Flop (didn't bet)
Seat 2: d4352046 (button) showed [Kd Kc] and lost with Pair of Kings and Pair of Jacks
Seat 3: 2299e8a0 (small blind) showed [Ah Ac] and won ($5.97) with Pair of Aces and Pair of Jacks
Seat 4: Hero (big blind) folded before Flop
Seat 5: a9b5ebb5 folded before Flop (didn't bet)
Seat 6: 18fd9c6d folded before Flop


Poker Hand #HD1718495397: Hold'em No Limit ($0.02/$0.05) - 2024/04/06 18:15:17
Table 'NLHBlue27' 6-max Seat #1 is the button
Seat 1: 3d568573 ($5.63 in chips)
Seat 2: d4352046 ($7.01 in chips)
Seat 3: 2299e8a0 ($6.96 in chips)
Seat 4: Hero ($5.05 in chips)
Seat 5: a9b5ebb5 ($5.34 in chips)
Seat 6: 18fd9c6d ($4.84 in chips)
d4352046: posts small blind $0.02
2299e8a0: posts big blind $0.05
*** HOLE CARDS ***
Dealt to 3d568573 
Dealt to d4352046 
Dealt to 2299e8a0 
Dealt to Hero [Th 2h]
Dealt to a9b5ebb5 
Dealt to 18fd9c6d 
Hero: folds
a9b5ebb5: calls $0.05
18fd9c6d: folds
3d568573: raises $0.15 to $0.2
d4352046: folds
2299e8a0: folds
a9b5ebb5: folds
Uncalled bet ($0.15) returned to 3d568573
*** SHOWDOWN ***
3d568573 collected $0.17 from pot
*** SUMMARY ***
Total pot $0.17 | Rake $0 | Jackpot $0 | Bingo $0 | Fortune $0 | Tax $0
Seat 1: 3d568573 (button) collected ($0.17)
Seat 2: d4352046 (small blind) folded before Flop
Seat 3: 2299e8a0 (big blind) folded before Flop
Seat 4: Hero folded before Flop (didn't bet)
Seat 5: a9b5ebb5 folded before Flop
Seat 6: 18fd9c6d folded before Flop (didn't bet)


Poker Hand #HD1718495341: Hold'em No Limit ($0.02/$0.05) - 2024/04/06 18:14:53
Table 'NLHBlue27' 6-max Seat #6 is the button
Seat 1: 3d568573 ($5.65 in chips)
Seat 2: d4352046 ($7.06 in chips)
Seat 3: 2299e8a0 ($6.96 in chips)
Seat 4: Hero ($5.05 in chips)
Seat 5: a9b5ebb5 ($5.27 in chips)
Seat 6: 18fd9c6d ($4.84 in chips)
3d568573: posts small blind $0.02
d4352046: posts big blind $0.05
a9b5ebb5: posts missed blind $0.02
*** HOLE CARDS ***
Dealt to 3d568573 
Dealt to d4352046 
Dealt to 2299e8a0 
Dealt to Hero [Jd 4s]
Dealt to a9b5ebb5 
Dealt to 18fd9c6d 
2299e8a0: folds
Hero: folds
a9b5ebb5: raises $0.1 to $0.15
18fd9c6d: folds
3d568573: folds
d4352046: folds
Uncalled bet ($0.1) returned to a9b5ebb5
*** SHOWDOWN ***
a9b5ebb5 collected $0.14 from pot
*** SUMMARY ***
Total pot $0.14 | Rake $0 | Jackpot $0 | Bingo $0 | Fortune $0 | Tax $0
Seat 1: 3d568573 (small blind) folded before Flop
Seat 2: d4352046 (big blind) folded before Flop
Seat 3: 2299e8a0 folded before Flop (didn't bet)
Seat 4: Hero folded before Flop (didn't bet)
Seat 5: a9b5ebb5 collected ($0.14)
Seat 6: 18fd9c6d (button) folded before Flop (didn't bet)


Poker Hand #HD1718495301: Hold'em No Limit ($0.02/$0.05) - 2024/04/06 18:14:38
Table 'NLHBlue27' 6-max Seat #4 is the button
Seat 1: 3d568573 ($5.7 in chips)
Seat 2: d4352046 ($6.99 in chips)
Seat 3: 2299e8a0 ($6.96 in chips)
Seat 4: Hero ($5.05 in chips)
Seat 6: 18fd9c6d ($4.86 in chips)
18fd9c6d: posts small blind $0.02
3d568573: posts big blind $0.05
*** HOLE CARDS ***
Dealt to 3d568573 
Dealt to d4352046 
Dealt to 2299e8a0 
Dealt to Hero [Qc 2c]
Dealt to 18fd9c6d 
d4352046: raises $0.05 to $0.1
2299e8a0: folds
Hero: folds
18fd9c6d: folds
3d568573: folds
Uncalled bet ($0.05) returned to d4352046
*** SHOWDOWN ***
d4352046 collected $0.12 from pot
*** SUMMARY ***
Total pot $0.12 | Rake $0 | Jackpot $0 | Bingo $0 | Fortune $0 | Tax $0
Seat 1: 3d568573 (big blind) folded before Flop
Seat 2: d4352046 collected ($0.12)
Seat 3: 2299e8a0 folded before Flop (didn't bet)
Seat 4: Hero (button) folded before Flop (didn't bet)
Seat 6: 18fd9c6d (small blind) folded before Flop


Poker Hand #HD1718495231: Hold'em No Limit ($0.02/$0.05) - 2024/04/06 18:14:10
Table 'NLHBlue27' 6-max Seat #3 is the button
Seat 1: 3d568573 ($5.7 in chips)
Seat 2: d4352046 ($6.99 in chips)
Seat 3: 2299e8a0 ($6.96 in chips)
Seat 4: Hero ($5 in chips)
Seat 5: a9b5ebb5 ($5.32 in chips)
Seat 6: 18fd9c6d ($4.86 in chips)
Hero: posts small blind $0.02
a9b5ebb5: posts big blind $0.05
*** HOLE CARDS ***
Dealt to 3d568573 
Dealt to d4352046 
Dealt to 2299e8a0 
Dealt to Hero [Jc Jh]
Dealt to a9b5ebb5 
Dealt to 18fd9c6d 
18fd9c6d: folds
3d568573: folds
d4352046: folds
2299e8a0: folds
Hero: raises $0.1 to $0.15
a9b5ebb5: folds
Uncalled bet ($0.1) returned to Hero
*** SHOWDOWN ***
Hero collected $0.1 from pot
*** SUMMARY ***
Total pot $0.1 | Rake $0 | Jackpot $0 | Bingo $0 | Fortune $0 | Tax $0
Seat 1: 3d568573 folded before Flop (didn't bet)
Seat 2: d4352046 folded before Flop (didn't bet)
Seat 3: 2299e8a0 (button) folded before Flop (didn't bet)
Seat 4: Hero (small blind) collected ($0.1)
Seat 5: a9b5ebb5 (big blind) folded before Flop
Seat 6: 18fd9c6d folded before Flop (didn't bet)


Poker Hand #HD1718495133: Hold'em No Limit ($0.02/$0.05) - 2024/04/06 18:13:23
Table 'NLHBlue27' 6-max Seat #2 is the button
Seat 1: 3d568573 ($5.09 in chips)
Seat 2: d4352046 ($6.99 in chips)
Seat 3: 2299e8a0 ($6.98 in chips)
Seat 4: Hero ($5.05 in chips)
Seat 5: a9b5ebb5 ($5.92 in chips)
Seat 6: 18fd9c6d ($4.86 in chips)
2299e8a0: posts small blind $0.02
Hero: posts big blind $0.05
*** HOLE CARDS ***
Dealt to 3d568573 
Dealt to d4352046 
Dealt to 2299e8a0 
Dealt to Hero [Th Qd]
Dealt to a9b5ebb5 
Dealt to 18fd9c6d 
a9b5ebb5: raises $0.1 to $0.15
18fd9c6d: folds
3d568573: raises $0.45 to $0.6
d4352046: folds
2299e8a0: folds
Hero: folds
a9b5ebb5: calls $0.45
*** FLOP *** [8c 3d 2h]
a9b5ebb5: checks
3d568573: bets $0.75
a9b5ebb5: folds
Uncalled bet ($0.75) returned to 3d568573
*** SHOWDOWN ***
3d568573 collected $1.21 from pot
*** SUMMARY ***
Total pot $1.27 | Rake $0.06 | Jackpot $0 | Bingo $0 | Fortune $0 | Tax $0
Board [8c 3d 2h]
Seat 1: 3d568573 won ($1.21)
Seat 2: d4352046 (button) folded before Flop (didn't bet)
Seat 3: 2299e8a0 (small blind) folded before Flop
Seat 4: Hero (big blind) folded before Flop
Seat 5: a9b5ebb5 folded on the Flop
Seat 6: 18fd9c6d folded before Flop (didn't bet)


Poker Hand #HD1718495089: Hold'em No Limit ($0.02/$0.05) - 2024/04/06 18:13:05
Table 'NLHBlue27' 6-max Seat #1 is the button
Seat 1: 3d568573 ($5.09 in chips)
Seat 2: d4352046 ($7.01 in chips)
Seat 3: 2299e8a0 ($7.03 in chips)
Seat 4: Hero ($5.05 in chips)
Seat 5: a9b5ebb5 ($5.85 in chips)
Seat 6: 18fd9c6d ($4.86 in chips)
d4352046: posts small blind $0.02
2299e8a0: posts big blind $0.05
*** HOLE CARDS ***
Dealt to 3d568573 
Dealt to d4352046 
Dealt to 2299e8a0 
Dealt to Hero [3h Qs]
Dealt to a9b5ebb5 
Dealt to 18fd9c6d 
Hero: folds
a9b5ebb5: raises $0.1 to $0.15
18fd9c6d: folds
3d568573: folds
d4352046: folds
2299e8a0: folds
Uncalled bet ($0.1) returned to a9b5ebb5
*** SHOWDOWN ***
a9b5ebb5 collected $0.12 from pot
*** SUMMARY ***
Total pot $0.12 | Rake $0 | Jackpot $0 | Bingo $0 | Fortune $0 | Tax $0
Seat 1: 3d568573 (button) folded before Flop (didn't bet)
Seat 2: d4352046 (small blind) folded before Flop
Seat 3: 2299e8a0 (big blind) folded before Flop
Seat 4: Hero folded before Flop (didn't bet)
Seat 5: a9b5ebb5 collected ($0.12)
Seat 6: 18fd9c6d folded before Flop (didn't bet)


Poker Hand #HD1718495055: Hold'em No Limit ($0.02/$0.05) - 2024/04/06 18:12:51
Table 'NLHBlue27' 6-max Seat #6 is the button
Seat 1: 3d568573 ($5.11 in chips)
Seat 2: d4352046 ($6.99 in chips)
Seat 3: 2299e8a0 ($7.03 in chips)
Seat 4: Hero ($5.05 in chips)
Seat 5: a9b5ebb5 ($5.85 in chips)
Seat 6: 18fd9c6d ($4.86 in chips)
3d568573: posts small blind $0.02
d4352046: posts big blind $0.05
*** HOLE CARDS ***
Dealt to 3d568573 
Dealt to d4352046 
Dealt to 2299e8a0 
Dealt to Hero [6s Js]
Dealt to a9b5ebb5 
Dealt to 18fd9c6d 
2299e8a0: folds
Hero: folds
a9b5ebb5: folds
18fd9c6d: folds
3d568573: folds
Uncalled bet ($0.03) returned to d4352046
*** SHOWDOWN ***
d4352046 collected $0.04 from pot
*** SUMMARY ***
Total pot $0.04 | Rake $0 | Jackpot $0 | Bingo $0 | Fortune $0 | Tax $0
Seat 1: 3d568573 (small blind) folded before Flop
Seat 2: d4352046 (big blind) collected ($0.04)
Seat 3: 2299e8a0 folded before Flop (didn't bet)
Seat 4: Hero folded before Flop (didn't bet)
Seat 5: a9b5ebb5 folded before Flop (didn't bet)
Seat 6: 18fd9c6d (button) folded before Flop (didn't bet)


Poker Hand #HD1718494952: Hold'em No Limit ($0.02/$0.05) - 2024/04/06 18:12:13
Table 'NLHBlue27' 6-max Seat #5 is the button
Seat 1: 3d568573 ($5 in chips)
Seat 2: d4352046 ($7.09 in chips)
Seat 3: 2299e8a0 ($7.03 in chips)
Seat 4: Hero ($5.05 in chips)
Seat 5: a9b5ebb5 ($5.85 in chips)
Seat 6: 18fd9c6d ($4.88 in chips)
18fd9c6d: posts small blind $0.02
3d568573: posts big blind $0.05
*** HOLE CARDS ***
Dealt to 3d568573 
Dealt to d4352046 
Dealt to 2299e8a0 
Dealt to Hero [Jd 3s]
Dealt to a9b5ebb5 
Dealt to 18fd9c6d 
d4352046: raises $0.05 to $0.1
2299e8a0: folds
Hero: folds
a9b5ebb5: folds
18fd9c6d: folds
3d568573: calls $0.05
*** FLOP *** [5s Jc 3h]
3d568573: checks
d4352046: checks
*** TURN *** [5s Jc 3h] [4c]
3d568573: bets $0.11
d4352046: folds
Uncalled bet ($0.11) returned to 3d568573
*** SHOWDOWN ***
3d568573 collected $0.21 from pot
*** SUMMARY ***
Total pot $0.22 | Rake $0.01 | Jackpot $0 | Bingo $0 | Fortune $0 | Tax $0
Board [5s Jc 3h 4c]
Seat 1: 3d568573 (big blind) won ($0.21)
Seat 2: d4352046 folded on the Turn
Seat 3: 2299e8a0 folded before Flop (didn't bet)
Seat 4: Hero folded before Flop (didn't bet)
Seat 5: a9b5ebb5 (button) folded before Flop (didn't bet)
Seat 6: 18fd9c6d (small blind) folded before Flop


Poker Hand #HD1718494899: Hold'em No Limit ($0.02/$0.05) - 2024/04/06 18:11:51
Table 'NLHBlue27' 6-max Seat #4 is the button
Seat 1: 3d568573 ($5 in chips)
Seat 2: d4352046 ($7.09 in chips)
Seat 3: 2299e8a0 ($7.03 in chips)
Seat 4: Hero ($5.05 in chips)
Seat 5: a9b5ebb5 ($5.87 in chips)
Seat 6: 18fd9c6d ($4.86 in chips)
a9b5ebb5: posts small blind $0.02
18fd9c6d: posts big blind $0.05
*** HOLE CARDS ***
Dealt to 3d568573 
Dealt to d4352046 
Dealt to 2299e8a0 
Dealt to Hero [5d 2h]
Dealt to a9b5ebb5 
Dealt to 18fd9c6d 
3d568573: folds
d4352046: folds
2299e8a0: folds
Hero: folds
a9b5ebb5: folds
Uncalled bet ($0.03) returned to 18fd9c6d
*** SHOWDOWN ***
18fd9c6d collected $0.04 from pot
*** SUMMARY ***
Total pot $0.04 | Rake $0 | Jackpot $0 | Bingo $0 | Fortune $0 | Tax $0
Seat 1: 3d568573 folded before Flop (didn't bet)
Seat 2: d4352046 folded before Flop (didn't bet)
Seat 3: 2299e8a0 folded before Flop (didn't bet)
Seat 4: Hero (button) folded before Flop (didn't bet)
Seat 5: a9b5ebb5 (small blind) folded before Flop
Seat 6: 18fd9c6d (big blind) collected ($0.04)


Poker Hand #HD1718494861: Hold'em No Limit ($0.02/$0.05) - 2024/04/06 18:11:38
Table 'NLHBlue27' 6-max Seat #3 is the button
Seat 1: 3d568573 ($5 in chips)
Seat 2: d4352046 ($7.09 in chips)
Seat 3: 2299e8a0 ($7.03 in chips)
Seat 4: Hero ($5.07 in chips)
Seat 5: a9b5ebb5 ($5.85 in chips)
Seat 6: 18fd9c6d ($4.86 in chips)
Hero: posts small blind $0.02
a9b5ebb5: posts big blind $0.05
*** HOLE CARDS ***
Dealt to 3d568573 
Dealt to d4352046 
Dealt to 2299e8a0 
Dealt to Hero [9s Jc]
Dealt to a9b5ebb5 
Dealt to 18fd9c6d 
18fd9c6d: folds
3d568573: folds
d4352046: folds
2299e8a0: folds
Hero: folds
Uncalled bet ($0.03) returned to a9b5ebb5
*** SHOWDOWN ***
a9b5ebb5 collected $0.04 from pot
*** SUMMARY ***
Total pot $0.04 | Rake $0 | Jackpot $0 | Bingo $0 | Fortune $0 | Tax $0
Seat 1: 3d568573 folded before Flop (didn't bet)
Seat 2: d4352046 folded before Flop (didn't bet)
Seat 3: 2299e8a0 (button) folded before Flop (didn't bet)
Seat 4: Hero (small blind) folded before Flop
Seat 5: a9b5ebb5 (big blind) collected ($0.04)
Seat 6: 18fd9c6d folded before Flop (didn't bet)


Poker Hand #HD1718494810: Hold'em No Limit ($0.02/$0.05) - 2024/04/06 18:11:16
Table 'NLHBlue27' 6-max Seat #2 is the button
Seat 1: 3d568573 ($5 in chips)
Seat 2: d4352046 ($7.09 in chips)
Seat 3: 2299e8a0 ($7.05 in chips)
Seat 4: Hero ($5.12 in chips)
Seat 5: a9b5ebb5 ($5.78 in chips)
Seat 6: 18fd9c6d ($4.86 in chips)
2299e8a0: posts small blind $0.02
Hero: posts big blind $0.05
*** HOLE CARDS ***
Dealt to 3d568573 
Dealt to d4352046 
Dealt to 2299e8a0 
Dealt to Hero [9d 3h]
Dealt to a9b5ebb5 
Dealt to 18fd9c6d 
a9b5ebb5: raises $0.1 to $0.15
18fd9c6d: folds
3d568573: folds
d4352046: folds
2299e8a0: folds
Hero: folds
Uncalled bet ($0.1) returned to a9b5ebb5
*** SHOWDOWN ***
a9b5ebb5 collected $0.12 from pot
*** SUMMARY ***
Total pot $0.12 | Rake $0 | Jackpot $0 | Bingo $0 | Fortune $0 | Tax $0
Seat 1: 3d568573 folded before Flop (didn't bet)
Seat 2: d4352046 (button) folded before Flop (didn't bet)
Seat 3: 2299e8a0 (small blind) folded before Flop
Seat 4: Hero (big blind) folded before Flop
Seat 5: a9b5ebb5 collected ($0.12)
Seat 6: 18fd9c6d folded before Flop (didn't bet)


Poker Hand #HD1718494761: Hold'em No Limit ($0.02/$0.05) - 2024/04/06 18:10:54
Table 'NLHBlue27' 6-max Seat #1 is the button
Seat 1: 3d568573 ($5 in chips)
Seat 2: d4352046 ($7.11 in chips)
Seat 3: 2299e8a0 ($7.1 in chips)
Seat 4: Hero ($5.05 in chips)
Seat 5: a9b5ebb5 ($5.78 in chips)
Seat 6: 18fd9c6d ($4.86 in chips)
d4352046: posts small blind $0.02
2299e8a0: posts big blind $0.05
*** HOLE CARDS ***
Dealt to 3d568573 
Dealt to d4352046 
Dealt to 2299e8a0 
Dealt to Hero [As 3s]
Dealt to a9b5ebb5 
Dealt to 18fd9c6d 
Hero: raises $0.05 to $0.1
a9b5ebb5: folds
18fd9c6d: folds
3d568573: folds
d4352046: folds
2299e8a0: folds
Uncalled bet ($0.05) returned to Hero
*** SHOWDOWN ***
Hero collected $0.12 from pot
*** SUMMARY ***
Total pot $0.12 | Rake $0 | Jackpot $0 | Bingo $0 | Fortune $0 | Tax $0
Seat 1: 3d568573 (button) folded before Flop (didn't bet)
Seat 2: d4352046 (small blind) folded before Flop
Seat 3: 2299e8a0 (big blind) folded before Flop
Seat 4: Hero collected ($0.12)
Seat 5: a9b5ebb5 folded before Flop (didn't bet)
Seat 6: 18fd9c6d folded before Flop (didn't bet)


Poker Hand #HD1718494708: Hold'em No Limit ($0.02/$0.05) - 2024/04/06 18:10:32
Table 'NLHBlue27' 6-max Seat #6 is the button
Seat 1: 3d568573 ($5 in chips)
Seat 2: d4352046 ($7.09 in chips)
Seat 3: 2299e8a0 ($7.1 in chips)
Seat 4: Hero ($5.05 in chips)
Seat 5: a9b5ebb5 ($5.78 in chips)
Seat 6: 18fd9c6d ($4.86 in chips)
3d568573: posts small blind $0.02
d4352046: posts big blind $0.05
*** HOLE CARDS ***
Dealt to 3d568573 
Dealt to d4352046 
Dealt to 2299e8a0 
Dealt to Hero [7h Ks]
Dealt to a9b5ebb5 
Dealt to 18fd9c6d 
2299e8a0: folds
Hero: folds
a9b5ebb5: folds
18fd9c6d: folds
3d568573: folds
Uncalled bet ($0.03) returned to d4352046
*** SHOWDOWN ***
d4352046 collected $0.04 from pot
*** SUMMARY ***
Total pot $0.04 | Rake $0 | Jackpot $0 | Bingo $0 | Fortune $0 | Tax $0
Seat 1: 3d568573 (small blind) folded before Flop
Seat 2: d4352046 (big blind) collected ($0.04)
Seat 3: 2299e8a0 folded before Flop (didn't bet)
Seat 4: Hero folded before Flop (didn't bet)
Seat 5: a9b5ebb5 folded before Flop (didn't bet)
Seat 6: 18fd9c6d (button) folded before Flop (didn't bet)


Poker Hand #HD1718494612: Hold'em No Limit ($0.02/$0.05) - 2024/04/06 18:10:01
Table 'NLHBlue27' 6-max Seat #5 is the button
Seat 1: 3d568573 ($5 in chips)
Seat 2: d4352046 ($7.09 in chips)
Seat 3: 2299e8a0 ($7.1 in chips)
Seat 4: Hero ($5.05 in chips)
Seat 5: a9b5ebb5 ($5.78 in chips)
Seat 6: 18fd9c6d ($4.77 in chips)
18fd9c6d: posts small blind $0.02
3d568573: posts big blind $0.05
*** HOLE CARDS ***
Dealt to 3d568573 
Dealt to d4352046 
Dealt to 2299e8a0 
Dealt to Hero [7c Jh]
Dealt to a9b5ebb5 
Dealt to 18fd9c6d 
d4352046: folds
2299e8a0: folds
Hero: folds
a9b5ebb5: folds
18fd9c6d: raises $0.05 to $0.1
3d568573: calls $0.05
*** FLOP *** [5s Ah 3s]
18fd9c6d: bets $0.05
3d568573: folds
Uncalled bet ($0.05) returned to 18fd9c6d
*** SHOWDOWN ***
18fd9c6d collected $0.19 from pot
*** SUMMARY ***
Total pot $0.2 | Rake $0.01 | Jackpot $0 | Bingo $0 | Fortune $0 | Tax $0
Board [5s Ah 3s]
Seat 1: 3d568573 (big blind) folded on the Flop
Seat 2: d4352046 folded before Flop (didn't bet)
Seat 3: 2299e8a0 folded before Flop (didn't bet)
Seat 4: Hero folded before Flop (didn't bet)
Seat 5: a9b5ebb5 (button) folded before Flop (didn't bet)
Seat 6: 18fd9c6d (small blind) won ($0.19)


Poker Hand #HD1718494562: Hold'em No Limit ($0.02/$0.05) - 2024/04/06 18:09:41
Table 'NLHBlue27' 6-max Seat #4 is the button
Seat 1: 3d568573 ($5 in chips)
Seat 2: d4352046 ($7.09 in chips)
Seat 3: 2299e8a0 ($7.1 in chips)
Seat 4: Hero ($5.05 in chips)
Seat 5: a9b5ebb5 ($5.73 in chips)
Seat 6: 18fd9c6d ($4.82 in chips)
a9b5ebb5: posts small blind $0.02
18fd9c6d: posts big blind $0.05
*** HOLE CARDS ***
Dealt to 3d568573 
Dealt to d4352046 
Dealt to 2299e8a0 
Dealt to Hero [Qs 5c]
Dealt to a9b5ebb5 
Dealt to 18fd9c6d 
3d568573: folds
d4352046: folds
2299e8a0: folds
Hero: folds
a9b5ebb5: raises $0.1 to $0.15
18fd9c6d: folds
Uncalled bet ($0.1) returned to a9b5ebb5
*** SHOWDOWN ***
a9b5ebb5 collected $0.1 from pot
*** SUMMARY ***
Total pot $0.1 | Rake $0 | Jackpot $0 | Bingo $0 | Fortune $0 | Tax $0
Seat 1: 3d568573 folded before Flop (didn't bet)
Seat 2: d4352046 folded before Flop (didn't bet)
Seat 3: 2299e8a0 folded before Flop (didn't bet)
Seat 4: Hero (button) folded before Flop (didn't bet)
Seat 5: a9b5ebb5 (small blind) collected ($0.1)
Seat 6: 18fd9c6d (big blind) folded before Flop


Poker Hand #HD1718494525: Hold'em No Limit ($0.02/$0.05) - 2024/04/06 18:09:26
Table 'NLHBlue27' 6-max Seat #3 is the button
Seat 1: 3d568573 ($5 in chips)
Seat 2: d4352046 ($7.09 in chips)
Seat 3: 2299e8a0 ($7.1 in chips)
Seat 4: Hero ($5 in chips)
Seat 5: a9b5ebb5 ($5.78 in chips)
Seat 6: 18fd9c6d ($4.82 in chips)
Hero: posts small blind $0.02
a9b5ebb5: posts big blind $0.05
*** HOLE CARDS ***
Dealt to 3d568573 
Dealt to d4352046 
Dealt to 2299e8a0 
Dealt to Hero [Js 9d]
Dealt to a9b5ebb5 
Dealt to 18fd9c6d 
18fd9c6d: folds
3d568573: folds
d4352046: folds
2299e8a0: folds
Hero: raises $0.1 to $0.15
a9b5ebb5: folds
Uncalled bet ($0.1) returned to Hero
*** SHOWDOWN ***
Hero collected $0.1 from pot
*** SUMMARY ***
Total pot $0.1 | Rake $0 | Jackpot $0 | Bingo $0 | Fortune $0 | Tax $0
Seat 1: 3d568573 folded before Flop (didn't bet)
Seat 2: d4352046 folded before Flop (didn't bet)
Seat 3: 2299e8a0 (button) folded before Flop (didn't bet)
Seat 4: Hero (small blind) collected ($0.1)
Seat 5: a9b5ebb5 (big blind) folded before Flop
Seat 6: 18fd9c6d folded before Flop (didn't bet)


Poker Hand #HD1718494359: Hold'em No Limit ($0.02/$0.05) - 2024/04/06 18:08:18
Table 'NLHBlue27' 6-max Seat #2 is the button
Seat 1: 3d568573 ($6.1 in chips)
Seat 2: d4352046 ($7.09 in chips)
Seat 3: 2299e8a0 ($7.12 in chips)
Seat 4: Hero ($5 in chips)
Seat 5: a9b5ebb5 ($4.1 in chips)
Seat 6: 18fd9c6d ($4.82 in chips)
2299e8a0: posts small blind $0.02
Hero: posts big blind $0.05
*** HOLE CARDS ***
Dealt to 3d568573 
Dealt to d4352046 
Dealt to 2299e8a0 
Dealt to Hero [7h Th]
Dealt to a9b5ebb5 
Dealt to 18fd9c6d 
a9b5ebb5: raises $0.1 to $0.15
18fd9c6d: folds
3d568573: raises $0.28 to $0.43
d4352046: folds
2299e8a0: folds
Hero: folds
a9b5ebb5: calls $0.28
*** FLOP *** [9h Kh Jh]
a9b5ebb5: bets $0.47
3d568573: calls $0.47
*** TURN *** [9h Kh Jh] [8d]
a9b5ebb5: checks
3d568573: bets $0.94
a9b5ebb5: raises $2.26 to $3.2 and is all-in
3d568573: folds
Uncalled bet ($2.26) returned to a9b5ebb5
*** SHOWDOWN ***
a9b5ebb5 collected $3.52 from pot
*** SUMMARY ***
Total pot $3.75 | Rake $0.18 | Jackpot $0.05 | Bingo $0 | Fortune $0 | Tax $0
Board [9h Kh Jh 8d]
Seat 1: 3d568573 folded on the Turn
Seat 2: d4352046 (button) folded before Flop (didn't bet)
Seat 3: 2299e8a0 (small blind) folded before Flop
Seat 4: Hero (big blind) folded before Flop
Seat 5: a9b5ebb5 won ($3.52)
Seat 6: 18fd9c6d folded before Flop (didn't bet)


Poker Hand #HD1718494221: Hold'em No Limit ($0.02/$0.05) - 2024/04/06 18:07:22
Table 'NLHBlue27' 6-max Seat #1 is the button
Seat 1: 3d568573 ($6.49 in chips)
Seat 2: d4352046 ($7.48 in chips)
Seat 3: 2299e8a0 ($7.25 in chips)
Seat 4: Hero ($5 in chips)
Seat 5: a9b5ebb5 ($3.25 in chips)
Seat 6: 18fd9c6d ($4.82 in chips)
d4352046: posts small blind $0.02
2299e8a0: posts big blind $0.05
*** HOLE CARDS ***
Dealt to 3d568573 
Dealt to d4352046 
Dealt to 2299e8a0 
Dealt to Hero [Jc 9s]
Dealt to a9b5ebb5 
Dealt to 18fd9c6d 
Hero: folds
a9b5ebb5: raises $0.08 to $0.13
18fd9c6d: folds
3d568573: calls $0.13
d4352046: calls $0.11
2299e8a0: calls $0.08
*** FLOP *** [Tc 6c 5s]
d4352046: checks
2299e8a0: checks
a9b5ebb5: bets $0.26
3d568573: calls $0.26
d4352046: calls $0.26
2299e8a0: folds
*** TURN *** [Tc 6c 5s] [Jd]
d4352046: checks
a9b5ebb5: checks
3d568573: checks
*** RIVER *** [Tc 6c 5s Jd] [Qh]
d4352046: checks
a9b5ebb5: checks
3d568573: checks
d4352046: shows [5c 4c] (Pair of Fives)
a9b5ebb5: shows [9c Td] (Pair of Tens)
3d568573: shows [4d 5h] (Pair of Fives)
*** SHOWDOWN ***
a9b5ebb5 collected $1.24 from pot
*** SUMMARY ***
Total pot $1.3 | Rake $0.06 | Jackpot $0 | Bingo $0 | Fortune $0 | Tax $0
Board [Tc 6c 5s Jd Qh]
Seat 1: 3d568573 (button) showed [4d 5h] and lost with Pair of Fives
Seat 2: d4352046 (small blind) showed [5c 4c] and lost with Pair of Fives
Seat 3: 2299e8a0 (big blind) folded on the Flop
Seat 4: Hero folded before Flop (didn't bet)
Seat 5: a9b5ebb5 showed [9c Td] and won ($1.24) with Pair of Tens
Seat 6: 18fd9c6d folded before Flop (didn't bet)


Poker Hand #HD1718494110: Hold'em No Limit ($0.02/$0.05) - 2024/04/06 18:06:32
Table 'NLHBlue27' 6-max Seat #6 is the button
Seat 1: 3d568573 ($6.94 in chips)
Seat 2: d4352046 ($5 in chips)
Seat 3: 2299e8a0 ($7.25 in chips)
Seat 4: Hero ($5 in chips)
Seat 5: a9b5ebb5 ($5.58 in chips)
Seat 6: 18fd9c6d ($4.82 in chips)
3d568573: posts small blind $0.02
d4352046: posts big blind $0.05
*** HOLE CARDS ***
Dealt to 3d568573 
Dealt to d4352046 
Dealt to 2299e8a0 
Dealt to Hero [9s 6c]
Dealt to a9b5ebb5 
Dealt to 18fd9c6d 
2299e8a0: folds
Hero: folds
a9b5ebb5: raises $0.1 to $0.15
18fd9c6d: folds
3d568573: calls $0.13
d4352046: calls $0.1
*** FLOP *** [8h 9d Js]
3d568573: bets $0.3
d4352046: calls $0.3
a9b5ebb5: raises $0.6 to $0.9
3d568573: folds
d4352046: calls $0.6
*** TURN *** [8h 9d Js] [6s]
d4352046: checks
a9b5ebb5: bets $1.28
d4352046: calls $1.28
*** RIVER *** [8h 9d Js 6s] [Qh]
d4352046: checks
a9b5ebb5: checks
d4352046: shows [8s 8c] (Three Eights)
a9b5ebb5: shows [Kd Ks] (Pair of Kings)
*** SHOWDOWN ***
d4352046 collected $4.81 from pot
*** SUMMARY ***
Total pot $5.11 | Rake $0.25 | Jackpot $0.05 | Bingo $0 | Fortune $0 | Tax $0
Board [8h 9d Js 6s Qh]
Seat 1: 3d568573 (small blind) folded on the Flop
Seat 2: d4352046 (big blind) showed [8s 8c] and won ($4.81) with Three Eights
Seat 3: 2299e8a0 folded before Flop (didn't bet)
Seat 4: Hero folded before Flop (didn't bet)
Seat 5: a9b5ebb5 showed [Kd Ks] and lost with Pair of Kings
Seat 6: 18fd9c6d (button) folded before Flop (didn't bet)


Poker Hand #HD1718494066: Hold'em No Limit ($0.02/$0.05) - 2024/04/06 18:06:13
Table 'NLHBlue27' 6-max Seat #5 is the button
Seat 1: 3d568573 ($6.99 in chips)
Seat 2: d4352046 ($5 in chips)
Seat 3: 2299e8a0 ($7.25 in chips)
Seat 4: Hero ($5 in chips)
Seat 5: a9b5ebb5 ($5.51 in chips)
Seat 6: 18fd9c6d ($4.84 in chips)
18fd9c6d: posts small blind $0.02
3d568573: posts big blind $0.05
*** HOLE CARDS ***
Dealt to 3d568573 
Dealt to d4352046 
Dealt to 2299e8a0 
Dealt to Hero [Td 6s]
Dealt to a9b5ebb5 
Dealt to 18fd9c6d 
d4352046: folds
2299e8a0: folds
Hero: folds
a9b5ebb5: raises $0.1 to $0.15
18fd9c6d: folds
3d568573: folds
Uncalled bet ($0.1) returned to a9b5ebb5
*** SHOWDOWN ***
a9b5ebb5 collected $0.12 from pot
*** SUMMARY ***
Total pot $0.12 | Rake $0 | Jackpot $0 | Bingo $0 | Fortune $0 | Tax $0
Seat 1: 3d568573 (big blind) folded before Flop
Seat 2: d4352046 folded before Flop (didn't bet)
Seat 3: 2299e8a0 folded before Flop (didn't bet)
Seat 4: Hero folded before Flop (didn't bet)
Seat 5: a9b5ebb5 (button) collected ($0.12)
Seat 6: 18fd9c6d (small blind) folded before Flop


Poker Hand #HD1718494033: Hold'em No Limit ($0.02/$0.05) - 2024/04/06 18:05:59
Table 'NLHBlue27' 6-max Seat #4 is the button
Seat 1: 3d568573 ($6.99 in chips)
Seat 2: d4352046 ($5 in chips)
Seat 3: 2299e8a0 ($7.25 in chips)
Seat 4: Hero ($5 in chips)
Seat 5: a9b5ebb5 ($5.53 in chips)
Seat 6: 18fd9c6d ($4.82 in chips)
a9b5ebb5: posts small blind $0.02
18fd9c6d: posts big blind $0.05
*** HOLE CARDS ***
Dealt to 3d568573 
Dealt to d4352046 
Dealt to 2299e8a0 
Dealt to Hero [2d 4c]
Dealt to a9b5ebb5 
Dealt to 18fd9c6d 
3d568573: folds
d4352046: folds
2299e8a0: folds
Hero: folds
a9b5ebb5: folds
Uncalled bet ($0.03) returned to 18fd9c6d
*** SHOWDOWN ***
18fd9c6d collected $0.04 from pot
*** SUMMARY ***
Total pot $0.04 | Rake $0 | Jackpot $0 | Bingo $0 | Fortune $0 | Tax $0
Seat 1: 3d568573 folded before Flop (didn't bet)
Seat 2: d4352046 folded before Flop (didn't bet)
Seat 3: 2299e8a0 folded before Flop (didn't bet)
Seat 4: Hero (button) folded before Flop (didn't bet)
Seat 5: a9b5ebb5 (small blind) folded before Flop
Seat 6: 18fd9c6d (big blind) collected ($0.04)


Poker Hand #HD1718493928: Hold'em No Limit ($0.02/$0.05) - 2024/04/06 18:05:18
Table 'NLHBlue27' 6-max Seat #3 is the button
Seat 1: 3d568573 ($6.99 in chips)
Seat 2: d4352046 ($5 in chips)
Seat 3: 2299e8a0 ($7.25 in chips)
Seat 4: Hero ($5 in chips)
Seat 5: a9b5ebb5 ($5.39 in chips)
Seat 6: 18fd9c6d ($4.82 in chips)
Hero: posts small blind $0.02
a9b5ebb5: posts big blind $0.05
*** HOLE CARDS ***
Dealt to 3d568573 
Dealt to d4352046 
Dealt to 2299e8a0 
Dealt to Hero [Kc 5c]
Dealt to a9b5ebb5 
Dealt to 18fd9c6d 
18fd9c6d: folds
3d568573: folds
d4352046: folds
2299e8a0: folds
Hero: raises $0.1 to $0.15
a9b5ebb5: calls $0.1
*** FLOP *** [Ad 8h Qh]
Hero: checks
a9b5ebb5: bets $0.15
Hero: folds
Uncalled bet ($0.15) returned to a9b5ebb5
*** SHOWDOWN ***
a9b5ebb5 collected $0.29 from pot
*** SUMMARY ***
Total pot $0.3 | Rake $0.01 | Jackpot $0 | Bingo $0 | Fortune $0 | Tax $0
Board [Ad 8h Qh]
Seat 1: 3d568573 folded before Flop (didn't bet)
Seat 2: d4352046 folded before Flop (didn't bet)
Seat 3: 2299e8a0 (button) folded before Flop (didn't bet)
Seat 4: Hero (small blind) folded on the Flop
Seat 5: a9b5ebb5 (big blind) won ($0.29)
Seat 6: 18fd9c6d folded before Flop (didn't bet)


Poker Hand #HD1718493897: Hold'em No Limit ($0.02/$0.05) - 2024/04/06 18:05:01
Table 'NLHBlue27' 6-max Seat #2 is the button
Seat 1: 3d568573 ($6.99 in chips)
Seat 2: d4352046 ($5 in chips)
Seat 3: 2299e8a0 ($7.27 in chips)
Seat 4: Hero ($5 in chips)
Seat 5: a9b5ebb5 ($5.39 in chips)
Seat 6: 18fd9c6d ($4.75 in chips)
2299e8a0: posts small blind $0.02
Hero: posts big blind $0.05
*** HOLE CARDS ***
Dealt to 3d568573 
Dealt to d4352046 
Dealt to 2299e8a0 
Dealt to Hero [2s Th]
Dealt to a9b5ebb5 
Dealt to 18fd9c6d 
a9b5ebb5: folds
18fd9c6d: raises $0.05 to $0.1
3d568573: folds
d4352046: folds
2299e8a0: folds
Hero: folds
Uncalled bet ($0.05) returned to 18fd9c6d
*** SHOWDOWN ***
18fd9c6d collected $0.12 from pot
*** SUMMARY ***
Total pot $0.12 | Rake $0 | Jackpot $0 | Bingo $0 | Fortune $0 | Tax $0
Seat 1: 3d568573 folded before Flop (didn't bet)
Seat 2: d4352046 (button) folded before Flop (didn't bet)
Seat 3: 2299e8a0 (small blind) folded before Flop
Seat 4: Hero (big blind) folded before Flop
Seat 5: a9b5ebb5 folded before Flop (didn't bet)
Seat 6: 18fd9c6d collected ($0.12)


Poker Hand #HD1718493859: Hold'em No Limit ($0.02/$0.05) - 2024/04/06 18:04:44
Table 'NLHBlue27' 6-max Seat #1 is the button
Seat 1: 3d568573 ($6.99 in chips)
Seat 2: d4352046 ($5 in chips)
Seat 3: 2299e8a0 ($7.32 in chips)
Seat 4: Hero ($5 in chips)
Seat 5: a9b5ebb5 ($5.32 in chips)
Seat 6: 18fd9c6d ($4.75 in chips)
d4352046: posts small blind $0.02
2299e8a0: posts big blind $0.05
*** HOLE CARDS ***
Dealt to 3d568573 
Dealt to d4352046 
Dealt to 2299e8a0 
Dealt to Hero [7h 3h]
Dealt to a9b5ebb5 
Dealt to 18fd9c6d 
Hero: folds
a9b5ebb5: raises $0.1 to $0.15
18fd9c6d: folds
3d568573: folds
d4352046: folds
2299e8a0: folds
Uncalled bet ($0.1) returned to a9b5ebb5
*** SHOWDOWN ***
a9b5ebb5 collected $0.12 from pot
*** SUMMARY ***
Total pot $0.12 | Rake $0 | Jackpot $0 | Bingo $0 | Fortune $0 | Tax $0
Seat 1: 3d568573 (button) folded before Flop (didn't bet)
Seat 2: d4352046 (small blind) folded before Flop
Seat 3: 2299e8a0 (big blind) folded before Flop
Seat 4: Hero folded before Flop (didn't bet)
Seat 5: a9b5ebb5 collected ($0.12)
Seat 6: 18fd9c6d folded before Flop (didn't bet)


Poker Hand #HD1718493794: Hold'em No Limit ($0.02/$0.05) - 2024/04/06 18:04:18
Table 'NLHBlue27' 6-max Seat #6 is the button
Seat 1: 3d568573 ($7.01 in chips)
Seat 2: d4352046 ($5 in chips)
Seat 3: 2299e8a0 ($7.25 in chips)
Seat 4: Hero ($5 in chips)
Seat 5: a9b5ebb5 ($5.32 in chips)
Seat 6: 18fd9c6d ($4.75 in chips)
3d568573: posts small blind $0.02
d4352046: posts big blind $0.05
*** HOLE CARDS ***
Dealt to 3d568573 
Dealt to d4352046 
Dealt to 2299e8a0 
Dealt to Hero [Jh 8c]
Dealt to a9b5ebb5 
Dealt to 18fd9c6d 
2299e8a0: raises $0.08 to $0.13
Hero: folds
a9b5ebb5: folds
18fd9c6d: folds
3d568573: folds
d4352046: folds
Uncalled bet ($0.08) returned to 2299e8a0
*** SHOWDOWN ***
2299e8a0 collected $0.12 from pot
*** SUMMARY ***
Total pot $0.12 | Rake $0 | Jackpot $0 | Bingo $0 | Fortune $0 | Tax $0
Seat 1: 3d568573 (small blind) folded before Flop
Seat 2: d4352046 (big blind) folded before Flop
Seat 3: 2299e8a0 collected ($0.12)
Seat 4: Hero folded before Flop (didn't bet)
Seat 5: a9b5ebb5 folded before Flop (didn't bet)
Seat 6: 18fd9c6d (button) folded before Flop (didn't bet)


Poker Hand #HD1718493753: Hold'em No Limit ($0.02/$0.05) - 2024/04/06 18:04:00
Table 'NLHBlue27' 6-max Seat #5 is the button
Seat 1: 3d568573 ($7.06 in chips)
Seat 2: d4352046 ($5 in chips)
Seat 3: 2299e8a0 ($7.25 in chips)
Seat 4: Hero ($5 in chips)
Seat 5: a9b5ebb5 ($5.32 in chips)
Seat 6: 18fd9c6d ($4.7 in chips)
18fd9c6d: posts small blind $0.02
3d568573: posts big blind $0.05
*** HOLE CARDS ***
Dealt to 3d568573 
Dealt to d4352046 
Dealt to 2299e8a0 
Dealt to Hero [6h 9c]
Dealt to a9b5ebb5 
Dealt to 18fd9c6d 
d4352046: folds
2299e8a0: folds
Hero: folds
a9b5ebb5: folds
18fd9c6d: raises $0.1 to $0.15
3d568573: folds
Uncalled bet ($0.1) returned to 18fd9c6d
*** SHOWDOWN ***
18fd9c6d collected $0.1 from pot
*** SUMMARY ***
Total pot $0.1 | Rake $0 | Jackpot $0 | Bingo $0 | Fortune $0 | Tax $0
Seat 1: 3d568573 (big blind) folded before Flop
Seat 2: d4352046 folded before Flop (didn't bet)
Seat 3: 2299e8a0 folded before Flop (didn't bet)
Seat 4: Hero folded before Flop (didn't bet)
Seat 5: a9b5ebb5 (button) folded before Flop (didn't bet)
Seat 6: 18fd9c6d (small blind) collected ($0.1)


Poker Hand #HD1718493717: Hold'em No Limit ($0.02/$0.05) - 2024/04/06 18:03:44
Table 'NLHBlue27' 6-max Seat #4 is the button
Seat 1: 3d568573 ($7.06 in chips)
Seat 2: d4352046 ($5 in chips)
Seat 3: 2299e8a0 ($7.18 in chips)
Seat 4: Hero ($5 in chips)
Seat 5: a9b5ebb5 ($5.34 in chips)
Seat 6: 18fd9c6d ($4.75 in chips)
a9b5ebb5: posts small blind $0.02
18fd9c6d: posts big blind $0.05
*** HOLE CARDS ***
Dealt to 3d568573 
Dealt to d4352046 
Dealt to 2299e8a0 
Dealt to Hero [6d Js]
Dealt to a9b5ebb5 
Dealt to 18fd9c6d 
3d568573: folds
d4352046: folds
2299e8a0: raises $0.08 to $0.13
Hero: folds
a9b5ebb5: folds
18fd9c6d: folds
Uncalled bet ($0.08) returned to 2299e8a0
*** SHOWDOWN ***
2299e8a0 collected $0.12 from pot
*** SUMMARY ***
Total pot $0.12 | Rake $0 | Jackpot $0 | Bingo $0 | Fortune $0 | Tax $0
Seat 1: 3d568573 folded before Flop (didn't bet)
Seat 2: d4352046 folded before Flop (didn't bet)
Seat 3: 2299e8a0 collected ($0.12)
Seat 4: Hero (button) folded before Flop (didn't bet)
Seat 5: a9b5ebb5 (small blind) folded before Flop
Seat 6: 18fd9c6d (big blind) folded before Flop


Poker Hand #HD1718493649: Hold'em No Limit ($0.02/$0.05) - 2024/04/06 18:03:16
Table 'NLHBlue27' 6-max Seat #3 is the button
Seat 1: 3d568573 ($7.06 in chips)
Seat 2: d4352046 ($5 in chips)
Seat 3: 2299e8a0 ($7.28 in chips)
Seat 4: Hero ($5.02 in chips)
Seat 5: a9b5ebb5 ($5.39 in chips)
Seat 6: 18fd9c6d ($4.59 in chips)
Hero: posts small blind $0.02
a9b5ebb5: posts big blind $0.05
*** HOLE CARDS ***
Dealt to 3d568573 
Dealt to d4352046 
Dealt to 2299e8a0 
Dealt to Hero [Ad 5s]
Dealt to a9b5ebb5 
Dealt to 18fd9c6d 
18fd9c6d: raises $0.05 to $0.1
3d568573: folds
d4352046: folds
2299e8a0: calls $0.1
Hero: folds
a9b5ebb5: folds
*** FLOP *** [Jd Qc Kh]
18fd9c6d: bets $0.05
2299e8a0: folds
Uncalled bet ($0.05) returned to 18fd9c6d
*** SHOWDOWN ***
18fd9c6d collected $0.26 from pot
*** SUMMARY ***
Total pot $0.27 | Rake $0.01 | Jackpot $0 | Bingo $0 | Fortune $0 | Tax $0
Board [Jd Qc Kh]
Seat 1: 3d568573 folded before Flop (didn't bet)
Seat 2: d4352046 folded before Flop (didn't bet)
Seat 3: 2299e8a0 (button) folded on the Flop
Seat 4: Hero (small blind) folded before Flop
Seat 5: a9b5ebb5 (big blind) folded before Flop
Seat 6: 18fd9c6d won ($0.26)


Poker Hand #HD1718493612: Hold'em No Limit ($0.02/$0.05) - 2024/04/06 18:03:02
Table 'NLHBlue27' 6-max Seat #2 is the button
Seat 1: 3d568573 ($6.99 in chips)
Seat 2: d4352046 ($5 in chips)
Seat 3: 2299e8a0 ($7.3 in chips)
Seat 4: Hero ($5.07 in chips)
Seat 5: a9b5ebb5 ($5.39 in chips)
Seat 6: 18fd9c6d ($4.59 in chips)
2299e8a0: posts small blind $0.02
Hero: posts big blind $0.05
*** HOLE CARDS ***
Dealt to 3d568573 
Dealt to d4352046 
Dealt to 2299e8a0 
Dealt to Hero [2h 5s]
Dealt to a9b5ebb5 
Dealt to 18fd9c6d 
a9b5ebb5: folds
18fd9c6d: folds
3d568573: raises $0.1 to $0.15
d4352046: folds
2299e8a0: folds
Hero: folds
Uncalled bet ($0.1) returned to 3d568573
*** SHOWDOWN ***
3d568573 collected $0.12 from pot
*** SUMMARY ***
Total pot $0.12 | Rake $0 | Jackpot $0 | Bingo $0 | Fortune $0 | Tax $0
Seat 1: 3d568573 collected ($0.12)
Seat 2: d4352046 (button) folded before Flop (didn't bet)
Seat 3: 2299e8a0 (small blind) folded before Flop
Seat 4: Hero (big blind) folded before Flop
Seat 5: a9b5ebb5 folded before Flop (didn't bet)
Seat 6: 18fd9c6d folded before Flop (didn't bet)


Poker Hand #HD1718493547: Hold'em No Limit ($0.02/$0.05) - 2024/04/06 18:02:40
Table 'NLHBlue27' 6-max Seat #1 is the button
Seat 1: 3d568573 ($6.99 in chips)
Seat 2: d4352046 ($5 in chips)
Seat 3: 2299e8a0 ($7.35 in chips)
Seat 4: Hero ($5 in chips)
Seat 5: a9b5ebb5 ($5.39 in chips)
Seat 6: 18fd9c6d ($4.59 in chips)
d4352046: posts small blind $0.02
2299e8a0: posts big blind $0.05
*** HOLE CARDS ***
Dealt to 3d568573 
Dealt to d4352046 
Dealt to 2299e8a0 
Dealt to Hero [Td Tc]
Dealt to a9b5ebb5 
Dealt to 18fd9c6d 
Hero: raises $0.05 to $0.1
a9b5ebb5: folds
18fd9c6d: folds
3d568573: folds
d4352046: folds
2299e8a0: folds
Uncalled bet ($0.05) returned to Hero
*** SHOWDOWN ***
Hero collected $0.12 from pot
*** SUMMARY ***
Total pot $0.12 | Rake $0 | Jackpot $0 | Bingo $0 | Fortune $0 | Tax $0
Seat 1: 3d568573 (button) folded before Flop (didn't bet)
Seat 2: d4352046 (small blind) folded before Flop
Seat 3: 2299e8a0 (big blind) folded before Flop
Seat 4: Hero collected ($0.12)
Seat 5: a9b5ebb5 folded before Flop (didn't bet)
Seat 6: 18fd9c6d folded before Flop (didn't bet)


Poker Hand #HD1718493495: Hold'em No Limit ($0.02/$0.05) - 2024/04/06 18:02:18
Table 'NLHBlue27' 6-max Seat #6 is the button
Seat 1: 3d568573 ($7.01 in chips)
Seat 2: d4352046 ($5 in chips)
Seat 3: 2299e8a0 ($7.35 in chips)
Seat 4: Hero ($5 in chips)
Seat 5: a9b5ebb5 ($5.39 in chips)
Seat 6: 18fd9c6d ($4.52 in chips)
3d568573: posts small blind $0.02
d4352046: posts big blind $0.05
*** HOLE CARDS ***
Dealt to 3d568573 
Dealt to d4352046 
Dealt to 2299e8a0 
Dealt to Hero [8c 7h]
Dealt to a9b5ebb5 
Dealt to 18fd9c6d 
2299e8a0: folds
Hero: folds
a9b5ebb5: folds
18fd9c6d: raises $0.05 to $0.1
3d568573: folds
d4352046: folds
Uncalled bet ($0.05) returned to 18fd9c6d
*** SHOWDOWN ***
18fd9c6d collected $0.12 from pot
*** SUMMARY ***
Total pot $0.12 | Rake $0 | Jackpot $0 | Bingo $0 | Fortune $0 | Tax $0
Seat 1: 3d568573 (small blind) folded before Flop
Seat 2: d4352046 (big blind) folded before Flop
Seat 3: 2299e8a0 folded before Flop (didn't bet)
Seat 4: Hero folded before Flop (didn't bet)
Seat 5: a9b5ebb5 folded before Flop (didn't bet)
Seat 6: 18fd9c6d (button) collected ($0.12)


Poker Hand #HD1718493433: Hold'em No Limit ($0.02/$0.05) - 2024/04/06 18:01:50
Table 'NLHBlue27' 6-max Seat #5 is the button
Seat 1: 3d568573 ($7.06 in chips)
Seat 2: d4352046 ($5 in chips)
Seat 3: 2299e8a0 ($7.35 in chips)
Seat 4: Hero ($5 in chips)
Seat 5: a9b5ebb5 ($5.32 in chips)
Seat 6: 18fd9c6d ($4.54 in chips)
18fd9c6d: posts small blind $0.02
3d568573: posts big blind $0.05
*** HOLE CARDS ***
Dealt to 3d568573 
Dealt to d4352046 
Dealt to 2299e8a0 
Dealt to Hero [3s Ks]
Dealt to a9b5ebb5 
Dealt to 18fd9c6d 
d4352046: folds
2299e8a0: folds
Hero: folds
a9b5ebb5: raises $0.1 to $0.15
18fd9c6d: folds
3d568573: folds
Uncalled bet ($0.1) returned to a9b5ebb5
*** SHOWDOWN ***
a9b5ebb5 collected $0.12 from pot
*** SUMMARY ***
Total pot $0.12 | Rake $0 | Jackpot $0 | Bingo $0 | Fortune $0 | Tax $0
Seat 1: 3d568573 (big blind) folded before Flop
Seat 2: d4352046 folded before Flop (didn't bet)
Seat 3: 2299e8a0 folded before Flop (didn't bet)
Seat 4: Hero folded before Flop (didn't bet)
Seat 5: a9b5ebb5 (button) collected ($0.12)
Seat 6: 18fd9c6d (small blind) folded before Flop


Poker Hand #HD1718493400: Hold'em No Limit ($0.02/$0.05) - 2024/04/06 18:01:38
Table 'NLHBlue27' 6-max Seat #4 is the button
Seat 1: 3d568573 ($7.06 in chips)
Seat 2: d4352046 ($5 in chips)
Seat 3: 2299e8a0 ($7.35 in chips)
Seat 4: Hero ($5 in chips)
Seat 5: a9b5ebb5 ($5.34 in chips)
Seat 6: 18fd9c6d ($4.52 in chips)
a9b5ebb5: posts small blind $0.02
18fd9c6d: posts big blind $0.05
*** HOLE CARDS ***
Dealt to 3d568573 
Dealt to d4352046 
Dealt to 2299e8a0 
Dealt to Hero [Jd 8s]
Dealt to a9b5ebb5 
Dealt to 18fd9c6d 
3d568573: folds
d4352046: folds
2299e8a0: folds
Hero: folds
a9b5ebb5: folds
Uncalled bet ($0.03) returned to 18fd9c6d
*** SHOWDOWN ***
18fd9c6d collected $0.04 from pot
*** SUMMARY ***
Total pot $0.04 | Rake $0 | Jackpot $0 | Bingo $0 | Fortune $0 | Tax $0
Seat 1: 3d568573 folded before Flop (didn't bet)
Seat 2: d4352046 folded before Flop (didn't bet)
Seat 3: 2299e8a0 folded before Flop (didn't bet)
Seat 4: Hero (button) folded before Flop (didn't bet)
Seat 5: a9b5ebb5 (small blind) folded before Flop
Seat 6: 18fd9c6d (big blind) collected ($0.04)


Poker Hand #HD1718493305: Hold'em No Limit ($0.02/$0.05) - 2024/04/06 18:00:53
Table 'NLHBlue27' 6-max Seat #3 is the button
Seat 1: 3d568573 ($7.06 in chips)
Seat 2: d4352046 ($5 in chips)
Seat 3: 2299e8a0 ($7.35 in chips)
Seat 4: Hero ($5 in chips)
Seat 5: a9b5ebb5 ($5.44 in chips)
Seat 6: 18fd9c6d ($4.31 in chips)
Hero: posts small blind $0.02
a9b5ebb5: posts big blind $0.05
*** HOLE CARDS ***
Dealt to 3d568573 
Dealt to d4352046 
Dealt to 2299e8a0 
Dealt to Hero [8c Qd]
Dealt to a9b5ebb5 
Dealt to 18fd9c6d 
18fd9c6d: raises $0.05 to $0.1
3d568573: folds
d4352046: calls $0.1
2299e8a0: folds
Hero: folds
a9b5ebb5: calls $0.05
*** FLOP *** [6c 5d Ah]
a9b5ebb5: checks
18fd9c6d: checks
d4352046: checks
*** TURN *** [6c 5d Ah] [Ks]
a9b5ebb5: checks
18fd9c6d: bets $0.11
d4352046: folds
a9b5ebb5: folds
Uncalled bet ($0.11) returned to 18fd9c6d
*** SHOWDOWN ***
18fd9c6d collected $0.31 from pot
*** SUMMARY ***
Total pot $0.32 | Rake $0.01 | Jackpot $0 | Bingo $0 | Fortune $0 | Tax $0
Board [6c 5d Ah Ks]
Seat 1: 3d568573 folded before Flop (didn't bet)
Seat 2: d4352046 folded on the Turn
Seat 3: 2299e8a0 (button) folded before Flop (didn't bet)
Seat 4: Hero (small blind) folded before Flop
Seat 5: a9b5ebb5 (big blind) folded on the Turn
Seat 6: 18fd9c6d won ($0.31)


Poker Hand #HD1718493157: Hold'em No Limit ($0.02/$0.05) - 2024/04/06 17:59:58
Table 'NLHBlue27' 6-max Seat #2 is the button
Seat 1: 3d568573 ($6.9 in chips)
Seat 2: d4352046 ($5 in chips)
Seat 3: 2299e8a0 ($7.37 in chips)
Seat 4: Hero ($5 in chips)
Seat 5: a9b5ebb5 ($5.44 in chips)
Seat 6: 18fd9c6d ($4.31 in chips)
2299e8a0: posts small blind $0.02
Hero: posts big blind $0.05
*** HOLE CARDS ***
Dealt to 3d568573 
Dealt to d4352046 
Dealt to 2299e8a0 
Dealt to Hero [Jd Kh]
Dealt to a9b5ebb5 
Dealt to 18fd9c6d 
a9b5ebb5: folds
18fd9c6d: folds
3d568573: raises $0.1 to $0.15
d4352046: folds
2299e8a0: folds
Hero: calls $0.1
*** FLOP *** [3h 5s 3s]
Hero: checks
3d568573: checks
*** TURN *** [3h 5s 3s] [7s]
Hero: checks
3d568573: checks
*** RIVER *** [3h 5s 3s 7s] [6h]
Hero: checks
3d568573: bets $0.24
Hero: folds
Uncalled bet ($0.24) returned to 3d568573
*** SHOWDOWN ***
3d568573 collected $0.31 from pot
*** SUMMARY ***
Total pot $0.32 | Rake $0.01 | Jackpot $0 | Bingo $0 | Fortune $0 | Tax $0
Board [3h 5s 3s 7s 6h]
Seat 1: 3d568573 won ($0.31)
Seat 2: d4352046 (button) folded before Flop (didn't bet)
Seat 3: 2299e8a0 (small blind) folded before Flop
Seat 4: Hero (big blind) folded on the River
Seat 5: a9b5ebb5 folded before Flop (didn't bet)
Seat 6: 18fd9c6d folded before Flop (didn't bet)


