Poker Hand #HD1818588660: Hold'em No Limit ($0.05/$0.1) - 2024/06/16 22:47:31
Table 'NLHRed12' 6-max Seat #6 is the button
Seat 4: Hero ($23.94 in chips)
Seat 6: acee2600 ($31.92 in chips)
acee2600: posts small blind $0.05
Hero: posts big blind $0.1
*** HOLE CARDS ***
Dealt to Hero [Ac Qs]
Dealt to acee2600 
acee2600: raises $0.2 to $0.3
Hero: raises $0.6 to $0.9
acee2600: calls $0.6
*** FLOP *** [Jd Kh 7d]
Hero: bets $0.6
acee2600: calls $0.6
*** TURN *** [Jd Kh 7d] [5s]
Hero: checks
acee2600: bets $1.5
Hero: folds
Uncalled bet ($1.5) returned to acee2600
*** SHOWDOWN ***
acee2600 collected $2.76 from pot
*** SUMMARY ***
Total pot $3 | Rake $0.14 | Jackpot $0.1 | Bingo $0 | Fortune $0 | Tax $0
Board [Jd Kh 7d 5s]
Seat 4: Hero (big blind) folded on the Turn
Seat 6: acee2600 (small blind) won ($2.76)


Poker Hand #HD1818588654: Hold'em No Limit ($0.05/$0.1) - 2024/06/16 22:47:26
Table 'NLHRed12' 6-max Seat #4 is the button
Seat 4: Hero ($23.99 in chips)
Seat 6: acee2600 ($31.87 in chips)
Hero: posts small blind $0.05
acee2600: posts big blind $0.1
*** HOLE CARDS ***
Dealt to Hero [Jd 9d]
Dealt to acee2600 
Hero: folds
Uncalled bet ($0.05) returned to acee2600
*** SHOWDOWN ***
acee2600 collected $0.1 from pot
*** SUMMARY ***
Total pot $0.1 | Rake $0 | Jackpot $0 | Bingo $0 | Fortune $0 | Tax $0
Seat 4: Hero (small blind) folded before Flop
Seat 6: acee2600 (big blind) collected ($0.1)


Poker Hand #HD1818588634: Hold'em No Limit ($0.05/$0.1) - 2024/06/16 22:47:16
Table 'NLHRed12' 6-max Seat #6 is the button
Seat 4: Hero ($23.94 in chips)
Seat 6: acee2600 ($31.92 in chips)
acee2600: posts small blind $0.05
Hero: posts big blind $0.1
*** HOLE CARDS ***
Dealt to Hero [As 6s]
Dealt to acee2600 
acee2600: folds
Uncalled bet ($0.05) returned to Hero
*** SHOWDOWN ***
Hero collected $0.1 from pot
*** SUMMARY ***
Total pot $0.1 | Rake $0 | Jackpot $0 | Bingo $0 | Fortune $0 | Tax $0
Seat 4: Hero (big blind) collected ($0.1)
Seat 6: acee2600 (small blind) folded before Flop


Poker Hand #HD1818588612: Hold'em No Limit ($0.05/$0.1) - 2024/06/16 22:47:04
Table 'NLHRed12' 6-max Seat #4 is the button
Seat 4: Hero ($23.99 in chips)
Seat 6: acee2600 ($31.87 in chips)
Hero: posts small blind $0.05
acee2600: posts big blind $0.1
*** HOLE CARDS ***
Dealt to Hero [7h 4d]
Dealt to acee2600 
Hero: folds
Uncalled bet ($0.05) returned to acee2600
*** SHOWDOWN ***
acee2600 collected $0.1 from pot
*** SUMMARY ***
Total pot $0.1 | Rake $0 | Jackpot $0 | Bingo $0 | Fortune $0 | Tax $0
Seat 4: Hero (small blind) folded before Flop
Seat 6: acee2600 (big blind) collected ($0.1)


Poker Hand #HD1818588588: Hold'em No Limit ($0.05/$0.1) - 2024/06/16 22:46:53
Table 'NLHRed12' 6-max Seat #6 is the button
Seat 4: Hero ($24.09 in chips)
Seat 6: acee2600 ($31.77 in chips)
acee2600: posts small blind $0.05
Hero: posts big blind $0.1
*** HOLE CARDS ***
Dealt to Hero [Jd 2s]
Dealt to acee2600 
acee2600: raises $0.2 to $0.3
Hero: folds
Uncalled bet ($0.2) returned to acee2600
*** SHOWDOWN ***
acee2600 collected $0.2 from pot
*** SUMMARY ***
Total pot $0.2 | Rake $0 | Jackpot $0 | Bingo $0 | Fortune $0 | Tax $0
Seat 4: Hero (big blind) folded before Flop
Seat 6: acee2600 (small blind) collected ($0.2)


Poker Hand #HD1818588578: Hold'em No Limit ($0.05/$0.1) - 2024/06/16 22:46:49
Table 'NLHRed12' 6-max Seat #4 is the button
Seat 4: Hero ($24.14 in chips)
Seat 6: acee2600 ($31.72 in chips)
Hero: posts small blind $0.05
acee2600: posts big blind $0.1
*** HOLE CARDS ***
Dealt to Hero [Qs 7c]
Dealt to acee2600 
Hero: folds
Uncalled bet ($0.05) returned to acee2600
*** SHOWDOWN ***
acee2600 collected $0.1 from pot
*** SUMMARY ***
Total pot $0.1 | Rake $0 | Jackpot $0 | Bingo $0 | Fortune $0 | Tax $0
Seat 4: Hero (small blind) folded before Flop
Seat 6: acee2600 (big blind) collected ($0.1)


Poker Hand #HD1818588461: Hold'em No Limit ($0.05/$0.1) - 2024/06/16 22:45:46
Table 'NLHRed12' 6-max Seat #6 is the button
Seat 4: Hero ($23.87 in chips)
Seat 6: acee2600 ($32.02 in chips)
acee2600: posts small blind $0.05
Hero: posts big blind $0.1
*** HOLE CARDS ***
Dealt to Hero [6s As]
Dealt to acee2600 
acee2600: calls $0.05
Hero: checks
*** FLOP *** [Td Ad Jd]
Hero: checks
acee2600: bets $0.1
Hero: calls $0.1
*** TURN *** [Td Ad Jd] [Ks]
Hero: checks
acee2600: bets $0.1
Hero: calls $0.1
*** RIVER *** [Td Ad Jd Ks] [4h]
Hero: checks
acee2600: checks
acee2600: shows [5c Jh] (Pair of Jacks)
Hero: shows [6s As] (Pair of Aces)
*** SHOWDOWN ***
Hero collected $0.57 from pot
*** SUMMARY ***
Total pot $0.6 | Rake $0.03 | Jackpot $0 | Bingo $0 | Fortune $0 | Tax $0
Board [Td Ad Jd Ks 4h]
Seat 4: Hero (big blind) showed [6s As] and won ($0.57) with Pair of Aces
Seat 6: acee2600 (small blind) showed [5c Jh] and lost with Pair of Jacks


Poker Hand #HD1818588420: Hold'em No Limit ($0.05/$0.1) - 2024/06/16 22:45:22
Table 'NLHRed12' 6-max Seat #5 is the button
Seat 4: Hero ($23.97 in chips)
Seat 5: b2c9a667 ($10.49 in chips)
Seat 6: acee2600 ($31.7 in chips)
acee2600: posts small blind $0.05
Hero: posts big blind $0.1
*** HOLE CARDS ***
Dealt to Hero [Tc 4s]
Dealt to b2c9a667 
Dealt to acee2600 
b2c9a667: raises $0.15 to $0.25
acee2600: calls $0.2
Hero: folds
*** FLOP *** [4d 9c Jc]
acee2600: bets $0.45
b2c9a667: folds
Uncalled bet ($0.45) returned to acee2600
*** SHOWDOWN ***
acee2600 collected $0.57 from pot
*** SUMMARY ***
Total pot $0.6 | Rake $0.03 | Jackpot $0 | Bingo $0 | Fortune $0 | Tax $0
Board [4d 9c Jc]
Seat 4: Hero (big blind) folded before Flop
Seat 5: b2c9a667 (button) folded on the Flop
Seat 6: acee2600 (small blind) won ($0.57)


Poker Hand #HD1818588384: Hold'em No Limit ($0.05/$0.1) - 2024/06/16 22:45:06
Table 'NLHRed12' 6-max Seat #4 is the button
Seat 1: 192b2d6a ($10 in chips)
Seat 4: Hero ($23.97 in chips)
Seat 5: b2c9a667 ($10.54 in chips)
Seat 6: acee2600 ($31.65 in chips)
b2c9a667: posts small blind $0.05
acee2600: posts big blind $0.1
*** HOLE CARDS ***
Dealt to 192b2d6a 
Dealt to Hero [2s 4h]
Dealt to b2c9a667 
Dealt to acee2600 
192b2d6a: folds
Hero: folds
b2c9a667: folds
Uncalled bet ($0.05) returned to acee2600
*** SHOWDOWN ***
acee2600 collected $0.1 from pot
*** SUMMARY ***
Total pot $0.1 | Rake $0 | Jackpot $0 | Bingo $0 | Fortune $0 | Tax $0
Seat 1: 192b2d6a folded before Flop (didn't bet)
Seat 4: Hero (button) folded before Flop (didn't bet)
Seat 5: b2c9a667 (small blind) folded before Flop
Seat 6: acee2600 (big blind) collected ($0.1)


Poker Hand #HD1818588246: Hold'em No Limit ($0.05/$0.1) - 2024/06/16 22:43:55
Table 'NLHRed12' 6-max Seat #1 is the button
Seat 1: 192b2d6a ($10 in chips)
Seat 4: Hero ($24.57 in chips)
Seat 5: b2c9a667 ($10 in chips)
Seat 6: acee2600 ($31.65 in chips)
Hero: posts small blind $0.05
b2c9a667: posts big blind $0.1
*** HOLE CARDS ***
Dealt to 192b2d6a 
Dealt to Hero [Tc Qs]
Dealt to b2c9a667 
Dealt to acee2600 
acee2600: folds
192b2d6a: folds
Hero: raises $0.2 to $0.3
b2c9a667: calls $0.2
*** FLOP *** [3c 9h 3s]
Hero: checks
b2c9a667: checks
*** TURN *** [3c 9h 3s] [7h]
Hero: bets $0.3
b2c9a667: calls $0.3
*** RIVER *** [3c 9h 3s 7h] [3d]
Hero: checks
b2c9a667: bets $0.3
Hero: folds
Uncalled bet ($0.3) returned to b2c9a667
*** SHOWDOWN ***
b2c9a667 collected $1.14 from pot
*** SUMMARY ***
Total pot $1.2 | Rake $0.06 | Jackpot $0 | Bingo $0 | Fortune $0 | Tax $0
Board [3c 9h 3s 7h 3d]
Seat 1: 192b2d6a (button) folded before Flop (didn't bet)
Seat 4: Hero (small blind) folded on the River
Seat 5: b2c9a667 (big blind) won ($1.14)
Seat 6: acee2600 folded before Flop (didn't bet)


Poker Hand #HD1818588193: Hold'em No Limit ($0.05/$0.1) - 2024/06/16 22:43:31
Table 'NLHRed12' 6-max Seat #6 is the button
Seat 1: 192b2d6a ($10 in chips)
Seat 2: 39b4d04d ($23.31 in chips)
Seat 4: Hero ($24.77 in chips)
Seat 5: b2c9a667 ($10 in chips)
Seat 6: acee2600 ($31.32 in chips)
192b2d6a: posts small blind $0.05
39b4d04d: posts big blind $0.1
*** HOLE CARDS ***
Dealt to 192b2d6a 
Dealt to 39b4d04d 
Dealt to Hero [Th Ac]
Dealt to b2c9a667 
Dealt to acee2600 
Hero: raises $0.1 to $0.2
b2c9a667: folds
acee2600: raises $0.9 to $1.1
192b2d6a: folds
39b4d04d: folds
Hero: folds
Uncalled bet ($0.9) returned to acee2600
*** SHOWDOWN ***
acee2600 collected $0.53 from pot
*** SUMMARY ***
Total pot $0.55 | Rake $0.02 | Jackpot $0 | Bingo $0 | Fortune $0 | Tax $0
Seat 1: 192b2d6a (small blind) folded before Flop
Seat 2: 39b4d04d (big blind) folded before Flop
Seat 4: Hero folded before Flop
Seat 5: b2c9a667 folded before Flop (didn't bet)
Seat 6: acee2600 (button) collected ($0.53)


Poker Hand #HD1818588162: Hold'em No Limit ($0.05/$0.1) - 2024/06/16 22:43:15
Table 'NLHRed12' 6-max Seat #5 is the button
Seat 1: 192b2d6a ($10 in chips)
Seat 2: 39b4d04d ($23.31 in chips)
Seat 4: Hero ($24.77 in chips)
Seat 5: b2c9a667 ($10 in chips)
Seat 6: acee2600 ($31.22 in chips)
acee2600: posts small blind $0.05
192b2d6a: posts big blind $0.1
*** HOLE CARDS ***
Dealt to 192b2d6a 
Dealt to 39b4d04d 
Dealt to Hero [3s Ts]
Dealt to b2c9a667 
Dealt to acee2600 
39b4d04d: folds
Hero: folds
b2c9a667: folds
acee2600: raises $0.2 to $0.3
192b2d6a: folds
Uncalled bet ($0.2) returned to acee2600
*** SHOWDOWN ***
acee2600 collected $0.2 from pot
*** SUMMARY ***
Total pot $0.2 | Rake $0 | Jackpot $0 | Bingo $0 | Fortune $0 | Tax $0
Seat 1: 192b2d6a (big blind) folded before Flop
Seat 2: 39b4d04d folded before Flop (didn't bet)
Seat 4: Hero folded before Flop (didn't bet)
Seat 5: b2c9a667 (button) folded before Flop (didn't bet)
Seat 6: acee2600 (small blind) collected ($0.2)


Poker Hand #HD1818588093: Hold'em No Limit ($0.05/$0.1) - 2024/06/16 22:42:42
Table 'NLHRed12' 6-max Seat #4 is the button
Seat 2: 39b4d04d ($23.31 in chips)
Seat 4: Hero ($25.01 in chips)
Seat 5: b2c9a667 ($10.05 in chips)
Seat 6: acee2600 ($30.95 in chips)
b2c9a667: posts small blind $0.05
acee2600: posts big blind $0.1
*** HOLE CARDS ***
Dealt to 39b4d04d 
Dealt to Hero [9c Jh]
Dealt to b2c9a667 
Dealt to acee2600 
39b4d04d: folds
Hero: raises $0.14 to $0.24
b2c9a667: folds
acee2600: calls $0.14
*** FLOP *** [5d Ts 5h]
acee2600: checks
Hero: checks
*** TURN *** [5d Ts 5h] [Ad]
acee2600: bets $0.4
Hero: folds
Uncalled bet ($0.4) returned to acee2600
*** SHOWDOWN ***
acee2600 collected $0.51 from pot
*** SUMMARY ***
Total pot $0.53 | Rake $0.02 | Jackpot $0 | Bingo $0 | Fortune $0 | Tax $0
Board [5d Ts 5h Ad]
Seat 2: 39b4d04d folded before Flop (didn't bet)
Seat 4: Hero (button) folded on the Turn
Seat 5: b2c9a667 (small blind) folded before Flop
Seat 6: acee2600 (big blind) won ($0.51)


Poker Hand #HD1818588072: Hold'em No Limit ($0.05/$0.1) - 2024/06/16 22:42:33
Table 'NLHRed12' 6-max Seat #2 is the button
Seat 2: 39b4d04d ($23.31 in chips)
Seat 4: Hero ($25.06 in chips)
Seat 5: b2c9a667 ($10 in chips)
Seat 6: acee2600 ($30.95 in chips)
Hero: posts small blind $0.05
b2c9a667: posts big blind $0.1
*** HOLE CARDS ***
Dealt to 39b4d04d 
Dealt to Hero [8d 5d]
Dealt to b2c9a667 
Dealt to acee2600 
acee2600: folds
39b4d04d: folds
Hero: folds
Uncalled bet ($0.05) returned to b2c9a667
*** SHOWDOWN ***
b2c9a667 collected $0.1 from pot
*** SUMMARY ***
Total pot $0.1 | Rake $0 | Jackpot $0 | Bingo $0 | Fortune $0 | Tax $0
Seat 2: 39b4d04d (button) folded before Flop (didn't bet)
Seat 4: Hero (small blind) folded before Flop
Seat 5: b2c9a667 (big blind) collected ($0.1)
Seat 6: acee2600 folded before Flop (didn't bet)


Poker Hand #HD1818587958: Hold'em No Limit ($0.05/$0.1) - 2024/06/16 22:41:29
Table 'NLHRed12' 6-max Seat #6 is the button
Seat 2: 39b4d04d ($23.36 in chips)
Seat 4: Hero ($24.74 in chips)
Seat 5: b2c9a667 ($10 in chips)
Seat 6: acee2600 ($31.25 in chips)
39b4d04d: posts small blind $0.05
Hero: posts big blind $0.1
*** HOLE CARDS ***
Dealt to 39b4d04d 
Dealt to Hero [Qc Kd]
Dealt to b2c9a667 
Dealt to acee2600 
b2c9a667: folds
acee2600: raises $0.2 to $0.3
39b4d04d: folds
Hero: calls $0.2
*** FLOP *** [Jd 3h 8d]
Hero: checks
acee2600: checks
*** TURN *** [Jd 3h 8d] [8s]
Hero: bets $0.3
acee2600: folds
Uncalled bet ($0.3) returned to Hero
*** SHOWDOWN ***
Hero collected $0.62 from pot
*** SUMMARY ***
Total pot $0.65 | Rake $0.03 | Jackpot $0 | Bingo $0 | Fortune $0 | Tax $0
Board [Jd 3h 8d 8s]
Seat 2: 39b4d04d (small blind) folded before Flop
Seat 4: Hero (big blind) won ($0.62)
Seat 5: b2c9a667 folded before Flop (didn't bet)
Seat 6: acee2600 (button) folded on the Turn


Poker Hand #HD1818587890: Hold'em No Limit ($0.05/$0.1) - 2024/06/16 22:40:53
Table 'NLHRed12' 6-max Seat #5 is the button
Seat 2: 39b4d04d ($23.6 in chips)
Seat 4: Hero ($24.98 in chips)
Seat 5: b2c9a667 ($10 in chips)
Seat 6: acee2600 ($30.8 in chips)
acee2600: posts small blind $0.05
39b4d04d: posts big blind $0.1
*** HOLE CARDS ***
Dealt to 39b4d04d 
Dealt to Hero [Ad 6d]
Dealt to b2c9a667 
Dealt to acee2600 
Hero: raises $0.14 to $0.24
b2c9a667: folds
acee2600: calls $0.19
39b4d04d: calls $0.14
*** FLOP *** [4s 7h 2s]
acee2600: bets $0.24
39b4d04d: folds
Hero: folds
Uncalled bet ($0.24) returned to acee2600
*** SHOWDOWN ***
acee2600 collected $0.69 from pot
*** SUMMARY ***
Total pot $0.72 | Rake $0.03 | Jackpot $0 | Bingo $0 | Fortune $0 | Tax $0
Board [4s 7h 2s]
Seat 2: 39b4d04d (big blind) folded on the Flop
Seat 4: Hero folded on the Flop
Seat 5: b2c9a667 (button) folded before Flop (didn't bet)
Seat 6: acee2600 (small blind) won ($0.69)


Poker Hand #HD1818587811: Hold'em No Limit ($0.05/$0.1) - 2024/06/16 22:40:08
Table 'NLHRed12' 6-max Seat #4 is the button
Seat 2: 39b4d04d ($22.16 in chips)
Seat 3: 521e2ff7 ($1.54 in chips)
Seat 4: Hero ($24.98 in chips)
Seat 5: b2c9a667 ($10 in chips)
Seat 6: acee2600 ($30.9 in chips)
b2c9a667: posts small blind $0.05
acee2600: posts big blind $0.1
*** HOLE CARDS ***
Dealt to 39b4d04d 
Dealt to 521e2ff7 
Dealt to Hero [8h 5d]
Dealt to b2c9a667 
Dealt to acee2600 
39b4d04d: raises $0.21 to $0.31
521e2ff7: calls $0.31
Hero: folds
b2c9a667: folds
acee2600: folds
*** FLOP *** [3h Qc Th]
39b4d04d: bets $0.58
521e2ff7: raises $0.65 to $1.23 and is all-in
39b4d04d: calls $0.65
521e2ff7: shows [Td Ad] (Pair of Tens)
39b4d04d: shows [Tc Ts] (Three Tens)
*** TURN *** [3h Qc Th] [2c]
*** RIVER *** [3h Qc Th 2c] [As]
*** SHOWDOWN ***
39b4d04d collected $2.98 from pot
*** SUMMARY ***
Total pot $3.23 | Rake $0.15 | Jackpot $0.1 | Bingo $0 | Fortune $0 | Tax $0
Board [3h Qc Th 2c As]
Seat 2: 39b4d04d showed [Tc Ts] and won ($2.98) with Three Tens
Seat 3: 521e2ff7 showed [Td Ad] and lost with Pair of Aces and Pair of Tens
Seat 4: Hero (button) folded before Flop (didn't bet)
Seat 5: b2c9a667 (small blind) folded before Flop
Seat 6: acee2600 (big blind) folded before Flop


Poker Hand #HD1818587655: Hold'em No Limit ($0.05/$0.1) - 2024/06/16 22:38:49
Table 'NLHRed12' 6-max Seat #3 is the button
Seat 2: 39b4d04d ($22.16 in chips)
Seat 3: 521e2ff7 ($4.57 in chips)
Seat 4: Hero ($22.25 in chips)
Seat 5: b2c9a667 ($10 in chips)
Seat 6: acee2600 ($30.9 in chips)
Hero: posts small blind $0.05
b2c9a667: posts big blind $0.1
*** HOLE CARDS ***
Dealt to 39b4d04d 
Dealt to 521e2ff7 
Dealt to Hero [Ac Ks]
Dealt to b2c9a667 
Dealt to acee2600 
acee2600: folds
39b4d04d: folds
521e2ff7: calls $0.1
Hero: raises $0.4 to $0.5
b2c9a667: folds
521e2ff7: calls $0.4
*** FLOP *** [2s 9h Kc]
Hero: checks
521e2ff7: checks
*** TURN *** [2s 9h Kc] [8s]
Hero: bets $0.6
521e2ff7: raises $0.7 to $1.3
Hero: calls $0.7
*** RIVER *** [2s 9h Kc 8s] [4c]
Hero: checks
521e2ff7: bets $1.23
Hero: calls $1.23
521e2ff7: shows [Tc 5c] (King-High)
Hero: shows [Ac Ks] (Pair of Kings)
*** SHOWDOWN ***
Hero collected $5.76 from pot
*** SUMMARY ***
Total pot $6.16 | Rake $0.3 | Jackpot $0.1 | Bingo $0 | Fortune $0 | Tax $0
Board [2s 9h Kc 8s 4c]
Seat 2: 39b4d04d folded before Flop (didn't bet)
Seat 3: 521e2ff7 (button) showed [Tc 5c] and lost with King-High
Seat 4: Hero (small blind) showed [Ac Ks] and won ($5.76) with Pair of Kings
Seat 5: b2c9a667 (big blind) folded before Flop
Seat 6: acee2600 folded before Flop (didn't bet)


Poker Hand #HD1818587542: Hold'em No Limit ($0.05/$0.1) - 2024/06/16 22:37:51
Table 'NLHRed12' 6-max Seat #2 is the button
Seat 2: 39b4d04d ($23.13 in chips)
Seat 3: 521e2ff7 ($4.62 in chips)
Seat 4: Hero ($22.35 in chips)
Seat 6: acee2600 ($29.88 in chips)
521e2ff7: posts small blind $0.05
Hero: posts big blind $0.1
*** HOLE CARDS ***
Dealt to 39b4d04d 
Dealt to 521e2ff7 
Dealt to Hero [2c 5h]
Dealt to acee2600 
acee2600: raises $0.2 to $0.3
39b4d04d: calls $0.3
521e2ff7: folds
Hero: folds
*** FLOP *** [Ts Ks Kd]
acee2600: bets $0.25
39b4d04d: calls $0.25
*** TURN *** [Ts Ks Kd] [8c]
acee2600: bets $0.42
39b4d04d: calls $0.42
*** RIVER *** [Ts Ks Kd 8c] [9s]
acee2600: checks
39b4d04d: checks
acee2600: shows [Tc Qd] (Pair of Kings and Pair of Tens)
39b4d04d: shows [4d 4h] (Pair of Kings and Pair of Fours)
*** SHOWDOWN ***
acee2600 collected $1.99 from pot
*** SUMMARY ***
Total pot $2.09 | Rake $0.1 | Jackpot $0 | Bingo $0 | Fortune $0 | Tax $0
Board [Ts Ks Kd 8c 9s]
Seat 2: 39b4d04d (button) showed [4d 4h] and lost with Pair of Kings and Pair of Fours
Seat 3: 521e2ff7 (small blind) folded before Flop
Seat 4: Hero (big blind) folded before Flop
Seat 6: acee2600 showed [Tc Qd] and won ($1.99) with Pair of Kings and Pair of Tens


Poker Hand #HD1818587530: Hold'em No Limit ($0.05/$0.1) - 2024/06/16 22:37:43
Table 'NLHRed12' 6-max Seat #6 is the button
Seat 2: 39b4d04d ($23.03 in chips)
Seat 3: 521e2ff7 ($4.72 in chips)
Seat 4: Hero ($22.35 in chips)
Seat 6: acee2600 ($29.88 in chips)
39b4d04d: posts small blind $0.05
521e2ff7: posts big blind $0.1
*** HOLE CARDS ***
Dealt to 39b4d04d 
Dealt to 521e2ff7 
Dealt to Hero [3d Tc]
Dealt to acee2600 
Hero: folds
acee2600: folds
39b4d04d: raises $0.21 to $0.31
521e2ff7: folds
Uncalled bet ($0.21) returned to 39b4d04d
*** SHOWDOWN ***
39b4d04d collected $0.2 from pot
*** SUMMARY ***
Total pot $0.2 | Rake $0 | Jackpot $0 | Bingo $0 | Fortune $0 | Tax $0
Seat 2: 39b4d04d (small blind) collected ($0.2)
Seat 3: 521e2ff7 (big blind) folded before Flop
Seat 4: Hero folded before Flop (didn't bet)
Seat 6: acee2600 (button) folded before Flop (didn't bet)


Poker Hand #HD1818587465: Hold'em No Limit ($0.05/$0.1) - 2024/06/16 22:37:05
Table 'NLHRed12' 6-max Seat #4 is the button
Seat 2: 39b4d04d ($17.2 in chips)
Seat 3: 521e2ff7 ($11.25 in chips)
Seat 4: Hero ($22.35 in chips)
Seat 6: acee2600 ($29.93 in chips)
acee2600: posts small blind $0.05
39b4d04d: posts big blind $0.1
*** HOLE CARDS ***
Dealt to 39b4d04d 
Dealt to 521e2ff7 
Dealt to Hero [8h 6h]
Dealt to acee2600 
521e2ff7: calls $0.1
Hero: folds
acee2600: folds
39b4d04d: checks
*** FLOP *** [Jh Td 5d]
39b4d04d: bets $0.19
521e2ff7: calls $0.19
*** TURN *** [Jh Td 5d] [4s]
39b4d04d: bets $0.7
521e2ff7: calls $0.7
*** RIVER *** [Jh Td 5d 4s] [2c]
39b4d04d: bets $2.26
521e2ff7: raises $3.28 to $5.54
39b4d04d: calls $3.28
521e2ff7: shows [4d 2d] (Pair of Fours and Pair of Twos)
39b4d04d: shows [Js 4c] (Pair of Jacks and Pair of Fours)
*** SHOWDOWN ***
39b4d04d collected $12.36 from pot
*** SUMMARY ***
Total pot $13.11 | Rake $0.65 | Jackpot $0.1 | Bingo $0 | Fortune $0 | Tax $0
Board [Jh Td 5d 4s 2c]
Seat 2: 39b4d04d (big blind) showed [Js 4c] and won ($12.36) with Pair of Jacks and Pair of Fours
Seat 3: 521e2ff7 showed [4d 2d] and lost with Pair of Fours and Pair of Twos
Seat 4: Hero (button) folded before Flop (didn't bet)
Seat 6: acee2600 (small blind) folded before Flop


Poker Hand #HD1818587422: Hold'em No Limit ($0.05/$0.1) - 2024/06/16 22:36:47
Table 'NLHRed12' 6-max Seat #3 is the button
Seat 2: 39b4d04d ($17.2 in chips)
Seat 3: 521e2ff7 ($11.25 in chips)
Seat 4: Hero ($22.25 in chips)
Seat 6: acee2600 ($30.03 in chips)
Hero: posts small blind $0.05
acee2600: posts big blind $0.1
*** HOLE CARDS ***
Dealt to 39b4d04d 
Dealt to 521e2ff7 
Dealt to Hero [Ts Ac]
Dealt to acee2600 
39b4d04d: folds
521e2ff7: folds
Hero: raises $0.2 to $0.3
acee2600: folds
Uncalled bet ($0.2) returned to Hero
*** SHOWDOWN ***
Hero collected $0.2 from pot
*** SUMMARY ***
Total pot $0.2 | Rake $0 | Jackpot $0 | Bingo $0 | Fortune $0 | Tax $0
Seat 2: 39b4d04d folded before Flop (didn't bet)
Seat 3: 521e2ff7 (button) folded before Flop (didn't bet)
Seat 4: Hero (small blind) collected ($0.2)
Seat 6: acee2600 (big blind) folded before Flop


Poker Hand #HD1818587363: Hold'em No Limit ($0.05/$0.1) - 2024/06/16 22:36:13
Table 'NLHRed12' 6-max Seat #2 is the button
Seat 2: 39b4d04d ($17.2 in chips)
Seat 3: 521e2ff7 ($11.79 in chips)
Seat 4: Hero ($22.35 in chips)
Seat 6: acee2600 ($29.44 in chips)
521e2ff7: posts small blind $0.05
Hero: posts big blind $0.1
*** HOLE CARDS ***
Dealt to 39b4d04d 
Dealt to 521e2ff7 
Dealt to Hero [9h 5s]
Dealt to acee2600 
acee2600: raises $0.2 to $0.3
39b4d04d: folds
521e2ff7: calls $0.25
Hero: folds
*** FLOP *** [7c 4s Ah]
521e2ff7: checks
acee2600: checks
*** TURN *** [7c 4s Ah] [2c]
521e2ff7: checks
acee2600: checks
*** RIVER *** [7c 4s Ah 2c] [7s]
521e2ff7: bets $0.24
acee2600: calls $0.24
521e2ff7: shows [Th 8h] (Pair of Sevens)
acee2600: shows [Jc Qc] (Pair of Sevens)
*** SHOWDOWN ***
acee2600 collected $1.13 from pot
*** SUMMARY ***
Total pot $1.18 | Rake $0.05 | Jackpot $0 | Bingo $0 | Fortune $0 | Tax $0
Board [7c 4s Ah 2c 7s]
Seat 2: 39b4d04d (button) folded before Flop (didn't bet)
Seat 3: 521e2ff7 (small blind) showed [Th 8h] and lost with Pair of Sevens
Seat 4: Hero (big blind) folded before Flop
Seat 6: acee2600 showed [Jc Qc] and won ($1.13) with Pair of Sevens


Poker Hand #HD1818587277: Hold'em No Limit ($0.05/$0.1) - 2024/06/16 22:35:22
Table 'NLHRed12' 6-max Seat #1 is the button
Seat 1: 192b2d6a ($11.11 in chips)
Seat 2: 39b4d04d ($17.25 in chips)
Seat 3: 521e2ff7 ($11.89 in chips)
Seat 4: Hero ($22.35 in chips)
Seat 6: acee2600 ($28.08 in chips)
39b4d04d: posts small blind $0.05
521e2ff7: posts big blind $0.1
*** HOLE CARDS ***
Dealt to 192b2d6a 
Dealt to 39b4d04d 
Dealt to 521e2ff7 
Dealt to Hero [5h Tc]
Dealt to acee2600 
Hero: folds
acee2600: raises $0.3 to $0.4
192b2d6a: calls $0.4
39b4d04d: folds
521e2ff7: folds
*** FLOP *** [6h 5s 2c]
acee2600: bets $0.95
192b2d6a: calls $0.95
*** TURN *** [6h 5s 2c] [Kh]
acee2600: bets $2.14
192b2d6a: folds
Uncalled bet ($2.14) returned to acee2600
*** SHOWDOWN ***
acee2600 collected $2.71 from pot
*** SUMMARY ***
Total pot $2.85 | Rake $0.14 | Jackpot $0 | Bingo $0 | Fortune $0 | Tax $0
Board [6h 5s 2c Kh]
Seat 1: 192b2d6a (button) folded on the Turn
Seat 2: 39b4d04d (small blind) folded before Flop
Seat 3: 521e2ff7 (big blind) folded before Flop
Seat 4: Hero folded before Flop (didn't bet)
Seat 6: acee2600 won ($2.71)


Poker Hand #HD1818587158: Hold'em No Limit ($0.05/$0.1) - 2024/06/16 22:34:21
Table 'NLHRed12' 6-max Seat #6 is the button
Seat 1: 192b2d6a ($11.35 in chips)
Seat 2: 39b4d04d ($17.03 in chips)
Seat 3: 521e2ff7 ($11.89 in chips)
Seat 4: Hero ($22.35 in chips)
Seat 5: 2eabb185 ($12.26 in chips)
Seat 6: acee2600 ($28.08 in chips)
192b2d6a: posts small blind $0.05
39b4d04d: posts big blind $0.1
*** HOLE CARDS ***
Dealt to 192b2d6a 
Dealt to 39b4d04d 
Dealt to 521e2ff7 
Dealt to Hero [8s Qd]
Dealt to 2eabb185 
Dealt to acee2600 
521e2ff7: folds
Hero: folds
2eabb185: folds
acee2600: folds
192b2d6a: raises $0.14 to $0.24
39b4d04d: calls $0.14
*** FLOP *** [8d 2c Kd]
192b2d6a: checks
39b4d04d: bets $0.46
192b2d6a: folds
Uncalled bet ($0.46) returned to 39b4d04d
*** SHOWDOWN ***
39b4d04d collected $0.46 from pot
*** SUMMARY ***
Total pot $0.48 | Rake $0.02 | Jackpot $0 | Bingo $0 | Fortune $0 | Tax $0
Board [8d 2c Kd]
Seat 1: 192b2d6a (small blind) folded on the Flop
Seat 2: 39b4d04d (big blind) won ($0.46)
Seat 3: 521e2ff7 folded before Flop (didn't bet)
Seat 4: Hero folded before Flop (didn't bet)
Seat 5: 2eabb185 folded before Flop (didn't bet)
Seat 6: acee2600 (button) folded before Flop (didn't bet)


Poker Hand #HD1818587098: Hold'em No Limit ($0.05/$0.1) - 2024/06/16 22:33:49
Table 'NLHRed12' 6-max Seat #5 is the button
Seat 1: 192b2d6a ($11.55 in chips)
Seat 3: 521e2ff7 ($11.66 in chips)
Seat 4: Hero ($22.35 in chips)
Seat 5: 2eabb185 ($12.26 in chips)
Seat 6: acee2600 ($28.13 in chips)
acee2600: posts small blind $0.05
192b2d6a: posts big blind $0.1
*** HOLE CARDS ***
Dealt to 192b2d6a 
Dealt to 521e2ff7 
Dealt to Hero [7c 8c]
Dealt to 2eabb185 
Dealt to acee2600 
521e2ff7: raises $0.1 to $0.2
Hero: folds
2eabb185: folds
acee2600: folds
192b2d6a: calls $0.1
*** FLOP *** [4d 3s Ts]
192b2d6a: checks
521e2ff7: checks
*** TURN *** [4d 3s Ts] [5d]
192b2d6a: checks
521e2ff7: bets $0.23
192b2d6a: folds
Uncalled bet ($0.23) returned to 521e2ff7
*** SHOWDOWN ***
521e2ff7 collected $0.43 from pot
*** SUMMARY ***
Total pot $0.45 | Rake $0.02 | Jackpot $0 | Bingo $0 | Fortune $0 | Tax $0
Board [4d 3s Ts 5d]
Seat 1: 192b2d6a (big blind) folded on the Turn
Seat 3: 521e2ff7 won ($0.43)
Seat 4: Hero folded before Flop (didn't bet)
Seat 5: 2eabb185 (button) folded before Flop (didn't bet)
Seat 6: acee2600 (small blind) folded before Flop


Poker Hand #HD1818586996: Hold'em No Limit ($0.05/$0.1) - 2024/06/16 22:33:02
Table 'NLHRed12' 6-max Seat #4 is the button
Seat 1: 192b2d6a ($11.55 in chips)
Seat 3: 521e2ff7 ($11.66 in chips)
Seat 4: Hero ($22.59 in chips)
Seat 5: 2eabb185 ($12.31 in chips)
Seat 6: acee2600 ($27.86 in chips)
2eabb185: posts small blind $0.05
acee2600: posts big blind $0.1
*** HOLE CARDS ***
Dealt to 192b2d6a 
Dealt to 521e2ff7 
Dealt to Hero [8s As]
Dealt to 2eabb185 
Dealt to acee2600 
192b2d6a: folds
521e2ff7: folds
Hero: raises $0.14 to $0.24
2eabb185: folds
acee2600: calls $0.14
*** FLOP *** [2c 7s Td]
acee2600: checks
Hero: checks
*** TURN *** [2c 7s Td] [7h]
acee2600: checks
Hero: checks
*** RIVER *** [2c 7s Td 7h] [3s]
acee2600: bets $0.4
Hero: folds
Uncalled bet ($0.4) returned to acee2600
*** SHOWDOWN ***
acee2600 collected $0.51 from pot
*** SUMMARY ***
Total pot $0.53 | Rake $0.02 | Jackpot $0 | Bingo $0 | Fortune $0 | Tax $0
Board [2c 7s Td 7h 3s]
Seat 1: 192b2d6a folded before Flop (didn't bet)
Seat 3: 521e2ff7 folded before Flop (didn't bet)
Seat 4: Hero (button) folded on the River
Seat 5: 2eabb185 (small blind) folded before Flop
Seat 6: acee2600 (big blind) won ($0.51)


Poker Hand #HD1818586942: Hold'em No Limit ($0.05/$0.1) - 2024/06/16 22:32:31
Table 'NLHRed12' 6-max Seat #3 is the button
Seat 1: 192b2d6a ($11.55 in chips)
Seat 3: 521e2ff7 ($12.71 in chips)
Seat 4: Hero ($22.64 in chips)
Seat 5: 2eabb185 ($11.31 in chips)
Seat 6: acee2600 ($27.86 in chips)
Hero: posts small blind $0.05
2eabb185: posts big blind $0.1
*** HOLE CARDS ***
Dealt to 192b2d6a 
Dealt to 521e2ff7 
Dealt to Hero [3c Kh]
Dealt to 2eabb185 
Dealt to acee2600 
acee2600: folds
192b2d6a: folds
521e2ff7: raises $0.1 to $0.2
Hero: folds
2eabb185: raises $0.85 to $1.05
521e2ff7: calls $0.85
*** FLOP *** [5h Kd 7c]
2eabb185: bets $0.71
521e2ff7: folds
Uncalled bet ($0.71) returned to 2eabb185
*** SHOWDOWN ***
2eabb185 collected $2.05 from pot
*** SUMMARY ***
Total pot $2.15 | Rake $0.1 | Jackpot $0 | Bingo $0 | Fortune $0 | Tax $0
Board [5h Kd 7c]
Seat 1: 192b2d6a folded before Flop (didn't bet)
Seat 3: 521e2ff7 (button) folded on the Flop
Seat 4: Hero (small blind) folded before Flop
Seat 5: 2eabb185 (big blind) won ($2.05)
Seat 6: acee2600 folded before Flop (didn't bet)


Poker Hand #HD1818586896: Hold'em No Limit ($0.05/$0.1) - 2024/06/16 22:32:07
Table 'NLHRed12' 6-max Seat #1 is the button
Seat 1: 192b2d6a ($11.55 in chips)
Seat 2: 39b4d04d ($17.08 in chips)
Seat 3: 521e2ff7 ($12.66 in chips)
Seat 4: Hero ($22.64 in chips)
Seat 5: 2eabb185 ($11.31 in chips)
Seat 6: acee2600 ($27.86 in chips)
39b4d04d: posts small blind $0.05
521e2ff7: posts big blind $0.1
*** HOLE CARDS ***
Dealt to 192b2d6a 
Dealt to 39b4d04d 
Dealt to 521e2ff7 
Dealt to Hero [8s 5h]
Dealt to 2eabb185 
Dealt to acee2600 
Hero: folds
2eabb185: folds
acee2600: folds
192b2d6a: folds
39b4d04d: folds
Uncalled bet ($0.05) returned to 521e2ff7
*** SHOWDOWN ***
521e2ff7 collected $0.1 from pot
*** SUMMARY ***
Total pot $0.1 | Rake $0 | Jackpot $0 | Bingo $0 | Fortune $0 | Tax $0
Seat 1: 192b2d6a (button) folded before Flop (didn't bet)
Seat 2: 39b4d04d (small blind) folded before Flop
Seat 3: 521e2ff7 (big blind) collected ($0.1)
Seat 4: Hero folded before Flop (didn't bet)
Seat 5: 2eabb185 folded before Flop (didn't bet)
Seat 6: acee2600 folded before Flop (didn't bet)


Poker Hand #HD1818586873: Hold'em No Limit ($0.05/$0.1) - 2024/06/16 22:31:53
Table 'NLHRed12' 6-max Seat #6 is the button
Seat 1: 192b2d6a ($11.6 in chips)
Seat 2: 39b4d04d ($17.03 in chips)
Seat 3: 521e2ff7 ($12.66 in chips)
Seat 4: Hero ($22.64 in chips)
Seat 5: 2eabb185 ($11.31 in chips)
Seat 6: acee2600 ($27.86 in chips)
192b2d6a: posts small blind $0.05
39b4d04d: posts big blind $0.1
*** HOLE CARDS ***
Dealt to 192b2d6a 
Dealt to 39b4d04d 
Dealt to 521e2ff7 
Dealt to Hero [Qc 4d]
Dealt to 2eabb185 
Dealt to acee2600 
521e2ff7: folds
Hero: folds
2eabb185: folds
acee2600: folds
192b2d6a: folds
Uncalled bet ($0.05) returned to 39b4d04d
*** SHOWDOWN ***
39b4d04d collected $0.1 from pot
*** SUMMARY ***
Total pot $0.1 | Rake $0 | Jackpot $0 | Bingo $0 | Fortune $0 | Tax $0
Seat 1: 192b2d6a (small blind) folded before Flop
Seat 2: 39b4d04d (big blind) collected ($0.1)
Seat 3: 521e2ff7 folded before Flop (didn't bet)
Seat 4: Hero folded before Flop (didn't bet)
Seat 5: 2eabb185 folded before Flop (didn't bet)
Seat 6: acee2600 (button) folded before Flop (didn't bet)


Poker Hand #HD1818586840: Hold'em No Limit ($0.05/$0.1) - 2024/06/16 22:31:40
Table 'NLHRed12' 6-max Seat #5 is the button
Seat 1: 192b2d6a ($11.55 in chips)
Seat 2: 39b4d04d ($17.03 in chips)
Seat 3: 521e2ff7 ($12.66 in chips)
Seat 4: Hero ($22.64 in chips)
Seat 5: 2eabb185 ($11.31 in chips)
Seat 6: acee2600 ($27.91 in chips)
acee2600: posts small blind $0.05
192b2d6a: posts big blind $0.1
*** HOLE CARDS ***
Dealt to 192b2d6a 
Dealt to 39b4d04d 
Dealt to 521e2ff7 
Dealt to Hero [4h 5c]
Dealt to 2eabb185 
Dealt to acee2600 
39b4d04d: folds
521e2ff7: folds
Hero: folds
2eabb185: folds
acee2600: folds
Uncalled bet ($0.05) returned to 192b2d6a
*** SHOWDOWN ***
192b2d6a collected $0.1 from pot
*** SUMMARY ***
Total pot $0.1 | Rake $0 | Jackpot $0 | Bingo $0 | Fortune $0 | Tax $0
Seat 1: 192b2d6a (big blind) collected ($0.1)
Seat 2: 39b4d04d folded before Flop (didn't bet)
Seat 3: 521e2ff7 folded before Flop (didn't bet)
Seat 4: Hero folded before Flop (didn't bet)
Seat 5: 2eabb185 (button) folded before Flop (didn't bet)
Seat 6: acee2600 (small blind) folded before Flop


Poker Hand #HD1818586691: Hold'em No Limit ($0.05/$0.1) - 2024/06/16 22:30:11
Table 'NLHRed12' 6-max Seat #4 is the button
Seat 1: 192b2d6a ($11.55 in chips)
Seat 2: 39b4d04d ($11.56 in chips)
Seat 3: 521e2ff7 ($12.88 in chips)
Seat 4: Hero ($28.43 in chips)
Seat 5: 2eabb185 ($11.36 in chips)
Seat 6: acee2600 ($28.01 in chips)
2eabb185: posts small blind $0.05
acee2600: posts big blind $0.1
*** HOLE CARDS ***
Dealt to 192b2d6a 
Dealt to 39b4d04d 
Dealt to 521e2ff7 
Dealt to Hero [Kc Ad]
Dealt to 2eabb185 
Dealt to acee2600 
192b2d6a: folds
39b4d04d: raises $0.12 to $0.22
521e2ff7: calls $0.22
Hero: raises $0.78 to $1
2eabb185: folds
acee2600: folds
39b4d04d: calls $0.78
521e2ff7: folds
*** FLOP *** [Qd 5h 6s]
39b4d04d: checks
Hero: bets $0.79
39b4d04d: calls $0.79
*** TURN *** [Qd 5h 6s] [Td]
39b4d04d: checks
Hero: bets $1.9
39b4d04d: raises $2.1 to $4
Hero: calls $2.1
*** RIVER *** [Qd 5h 6s Td] [4h]
39b4d04d: bets $5.77 and is all-in
Hero: folds
Uncalled bet ($5.77) returned to 39b4d04d
*** SHOWDOWN ***
39b4d04d collected $11.26 from pot
*** SUMMARY ***
Total pot $11.95 | Rake $0.59 | Jackpot $0.1 | Bingo $0 | Fortune $0 | Tax $0
Board [Qd 5h 6s Td 4h]
Seat 1: 192b2d6a folded before Flop (didn't bet)
Seat 2: 39b4d04d won ($11.26)
Seat 3: 521e2ff7 folded before Flop
Seat 4: Hero (button) folded on the River
Seat 5: 2eabb185 (small blind) folded before Flop
Seat 6: acee2600 (big blind) folded before Flop


Poker Hand #HD1818586521: Hold'em No Limit ($0.05/$0.1) - 2024/06/16 22:28:41
Table 'NLHRed12' 6-max Seat #3 is the button
Seat 1: 192b2d6a ($11.55 in chips)
Seat 2: 39b4d04d ($11.56 in chips)
Seat 3: 521e2ff7 ($17.78 in chips)
Seat 4: Hero ($24.02 in chips)
Seat 5: 2eabb185 ($11.46 in chips)
Seat 6: acee2600 ($28.01 in chips)
Hero: posts small blind $0.05
2eabb185: posts big blind $0.1
*** HOLE CARDS ***
Dealt to 192b2d6a 
Dealt to 39b4d04d 
Dealt to 521e2ff7 
Dealt to Hero [Qc Qh]
Dealt to 2eabb185 
Dealt to acee2600 
acee2600: folds
192b2d6a: folds
39b4d04d: folds
521e2ff7: raises $0.1 to $0.2
Hero: raises $0.8 to $1
2eabb185: folds
521e2ff7: calls $0.8
*** FLOP *** [Qs 8c 6d]
Hero: checks
521e2ff7: bets $0.7
Hero: calls $0.7
*** TURN *** [Qs 8c 6d] [9h]
Hero: checks
521e2ff7: bets $1.16
Hero: raises $2.04 to $3.2
521e2ff7: calls $2.04
*** RIVER *** [Qs 8c 6d 9h] [Ad]
Hero: bets $6.54
521e2ff7: folds
Uncalled bet ($6.54) returned to Hero
*** SHOWDOWN ***
Hero collected $9.31 from pot
*** SUMMARY ***
Total pot $9.9 | Rake $0.49 | Jackpot $0.1 | Bingo $0 | Fortune $0 | Tax $0
Board [Qs 8c 6d 9h Ad]
Seat 1: 192b2d6a folded before Flop (didn't bet)
Seat 2: 39b4d04d folded before Flop (didn't bet)
Seat 3: 521e2ff7 (button) folded on the River
Seat 4: Hero (small blind) won ($9.31)
Seat 5: 2eabb185 (big blind) folded before Flop
Seat 6: acee2600 folded before Flop (didn't bet)


Poker Hand #HD1818586474: Hold'em No Limit ($0.05/$0.1) - 2024/06/16 22:28:20
Table 'NLHRed12' 6-max Seat #2 is the button
Seat 1: 192b2d6a ($11.55 in chips)
Seat 2: 39b4d04d ($11.41 in chips)
Seat 3: 521e2ff7 ($17.83 in chips)
Seat 4: Hero ($24.12 in chips)
Seat 5: 2eabb185 ($11.46 in chips)
Seat 6: acee2600 ($28.01 in chips)
521e2ff7: posts small blind $0.05
Hero: posts big blind $0.1
*** HOLE CARDS ***
Dealt to 192b2d6a 
Dealt to 39b4d04d 
Dealt to 521e2ff7 
Dealt to Hero [Td 2c]
Dealt to 2eabb185 
Dealt to acee2600 
2eabb185: folds
acee2600: folds
192b2d6a: folds
39b4d04d: raises $0.12 to $0.22
521e2ff7: folds
Hero: folds
Uncalled bet ($0.12) returned to 39b4d04d
*** SHOWDOWN ***
39b4d04d collected $0.25 from pot
*** SUMMARY ***
Total pot $0.25 | Rake $0 | Jackpot $0 | Bingo $0 | Fortune $0 | Tax $0
Seat 1: 192b2d6a folded before Flop (didn't bet)
Seat 2: 39b4d04d (button) collected ($0.25)
Seat 3: 521e2ff7 (small blind) folded before Flop
Seat 4: Hero (big blind) folded before Flop
Seat 5: 2eabb185 folded before Flop (didn't bet)
Seat 6: acee2600 folded before Flop (didn't bet)


Poker Hand #HD1818586422: Hold'em No Limit ($0.05/$0.1) - 2024/06/16 22:27:45
Table 'NLHRed12' 6-max Seat #1 is the button
Seat 1: 192b2d6a ($11.55 in chips)
Seat 2: 39b4d04d ($11.46 in chips)
Seat 3: 521e2ff7 ($18.03 in chips)
Seat 4: Hero ($23.89 in chips)
Seat 5: 2eabb185 ($11.46 in chips)
Seat 6: acee2600 ($28.01 in chips)
39b4d04d: posts small blind $0.05
521e2ff7: posts big blind $0.1
*** HOLE CARDS ***
Dealt to 192b2d6a 
Dealt to 39b4d04d 
Dealt to 521e2ff7 
Dealt to Hero [6s As]
Dealt to 2eabb185 
Dealt to acee2600 
Hero: raises $0.1 to $0.2
2eabb185: folds
acee2600: folds
192b2d6a: folds
39b4d04d: folds
521e2ff7: calls $0.1
*** FLOP *** [8h Ah 3s]
521e2ff7: checks
Hero: bets $0.2
521e2ff7: folds
Uncalled bet ($0.2) returned to Hero
*** SHOWDOWN ***
Hero collected $0.43 from pot
*** SUMMARY ***
Total pot $0.45 | Rake $0.02 | Jackpot $0 | Bingo $0 | Fortune $0 | Tax $0
Board [8h Ah 3s]
Seat 1: 192b2d6a (button) folded before Flop (didn't bet)
Seat 2: 39b4d04d (small blind) folded before Flop
Seat 3: 521e2ff7 (big blind) folded on the Flop
Seat 4: Hero won ($0.43)
Seat 5: 2eabb185 folded before Flop (didn't bet)
Seat 6: acee2600 folded before Flop (didn't bet)


Poker Hand #HD1818586366: Hold'em No Limit ($0.05/$0.1) - 2024/06/16 22:27:20
Table 'NLHRed12' 6-max Seat #6 is the button
Seat 1: 192b2d6a ($11.6 in chips)
Seat 2: 39b4d04d ($11.14 in chips)
Seat 3: 521e2ff7 ($18.03 in chips)
Seat 4: Hero ($23.89 in chips)
Seat 5: 2eabb185 ($11.46 in chips)
Seat 6: acee2600 ($28.31 in chips)
192b2d6a: posts small blind $0.05
39b4d04d: posts big blind $0.1
*** HOLE CARDS ***
Dealt to 192b2d6a 
Dealt to 39b4d04d 
Dealt to 521e2ff7 
Dealt to Hero [9d 8c]
Dealt to 2eabb185 
Dealt to acee2600 
521e2ff7: folds
Hero: folds
2eabb185: folds
acee2600: raises $0.2 to $0.3
192b2d6a: folds
39b4d04d: calls $0.2
*** FLOP *** [Jh Tc Jc]
39b4d04d: checks
acee2600: checks
*** TURN *** [Jh Tc Jc] [5c]
39b4d04d: bets $0.49
acee2600: folds
Uncalled bet ($0.49) returned to 39b4d04d
*** SHOWDOWN ***
39b4d04d collected $0.62 from pot
*** SUMMARY ***
Total pot $0.65 | Rake $0.03 | Jackpot $0 | Bingo $0 | Fortune $0 | Tax $0
Board [Jh Tc Jc 5c]
Seat 1: 192b2d6a (small blind) folded before Flop
Seat 2: 39b4d04d (big blind) won ($0.62)
Seat 3: 521e2ff7 folded before Flop (didn't bet)
Seat 4: Hero folded before Flop (didn't bet)
Seat 5: 2eabb185 folded before Flop (didn't bet)
Seat 6: acee2600 (button) folded on the Turn


Poker Hand #HD1818586338: Hold'em No Limit ($0.05/$0.1) - 2024/06/16 22:27:04
Table 'NLHRed12' 6-max Seat #5 is the button
Seat 1: 192b2d6a ($11.7 in chips)
Seat 2: 39b4d04d ($11.14 in chips)
Seat 3: 521e2ff7 ($17.88 in chips)
Seat 4: Hero ($23.89 in chips)
Seat 5: 2eabb185 ($11.46 in chips)
Seat 6: acee2600 ($28.36 in chips)
acee2600: posts small blind $0.05
192b2d6a: posts big blind $0.1
*** HOLE CARDS ***
Dealt to 192b2d6a 
Dealt to 39b4d04d 
Dealt to 521e2ff7 
Dealt to Hero [Jc Th]
Dealt to 2eabb185 
Dealt to acee2600 
39b4d04d: folds
521e2ff7: raises $0.1 to $0.2
Hero: folds
2eabb185: folds
acee2600: folds
192b2d6a: folds
Uncalled bet ($0.1) returned to 521e2ff7
*** SHOWDOWN ***
521e2ff7 collected $0.25 from pot
*** SUMMARY ***
Total pot $0.25 | Rake $0 | Jackpot $0 | Bingo $0 | Fortune $0 | Tax $0
Seat 1: 192b2d6a (big blind) folded before Flop
Seat 2: 39b4d04d folded before Flop (didn't bet)
Seat 3: 521e2ff7 collected ($0.25)
Seat 4: Hero folded before Flop (didn't bet)
Seat 5: 2eabb185 (button) folded before Flop (didn't bet)
Seat 6: acee2600 (small blind) folded before Flop


Poker Hand #HD1818586311: Hold'em No Limit ($0.05/$0.1) - 2024/06/16 22:26:52
Table 'NLHRed12' 6-max Seat #4 is the button
Seat 1: 192b2d6a ($11.7 in chips)
Seat 2: 39b4d04d ($11.14 in chips)
Seat 3: 521e2ff7 ($17.88 in chips)
Seat 4: Hero ($23.89 in chips)
Seat 5: 2eabb185 ($11.51 in chips)
Seat 6: acee2600 ($28.31 in chips)
2eabb185: posts small blind $0.05
acee2600: posts big blind $0.1
*** HOLE CARDS ***
Dealt to 192b2d6a 
Dealt to 39b4d04d 
Dealt to 521e2ff7 
Dealt to Hero [Th 3s]
Dealt to 2eabb185 
Dealt to acee2600 
192b2d6a: folds
39b4d04d: folds
521e2ff7: folds
Hero: folds
2eabb185: folds
Uncalled bet ($0.05) returned to acee2600
*** SHOWDOWN ***
acee2600 collected $0.1 from pot
*** SUMMARY ***
Total pot $0.1 | Rake $0 | Jackpot $0 | Bingo $0 | Fortune $0 | Tax $0
Seat 1: 192b2d6a folded before Flop (didn't bet)
Seat 2: 39b4d04d folded before Flop (didn't bet)
Seat 3: 521e2ff7 folded before Flop (didn't bet)
Seat 4: Hero (button) folded before Flop (didn't bet)
Seat 5: 2eabb185 (small blind) folded before Flop
Seat 6: acee2600 (big blind) collected ($0.1)


Poker Hand #HD1818586205: Hold'em No Limit ($0.05/$0.1) - 2024/06/16 22:25:53
Table 'NLHRed12' 6-max Seat #3 is the button
Seat 1: 192b2d6a ($10.22 in chips)
Seat 2: 39b4d04d ($11.14 in chips)
Seat 3: 521e2ff7 ($19.47 in chips)
Seat 4: Hero ($23.94 in chips)
Seat 5: 2eabb185 ($11.61 in chips)
Seat 6: acee2600 ($28.31 in chips)
Hero: posts small blind $0.05
2eabb185: posts big blind $0.1
*** HOLE CARDS ***
Dealt to 192b2d6a 
Dealt to 39b4d04d 
Dealt to 521e2ff7 
Dealt to Hero [6d Ad]
Dealt to 2eabb185 
Dealt to acee2600 
acee2600: folds
192b2d6a: raises $0.2 to $0.3
39b4d04d: folds
521e2ff7: calls $0.3
Hero: folds
2eabb185: folds
*** FLOP *** [8c 8d Ts]
192b2d6a: checks
521e2ff7: bets $0.25
192b2d6a: raises $1.04 to $1.29
521e2ff7: calls $1.04
*** TURN *** [8c 8d Ts] [7d]
192b2d6a: bets $2
521e2ff7: folds
Uncalled bet ($2) returned to 192b2d6a
*** SHOWDOWN ***
192b2d6a collected $3.07 from pot
*** SUMMARY ***
Total pot $3.33 | Rake $0.16 | Jackpot $0.1 | Bingo $0 | Fortune $0 | Tax $0
Board [8c 8d Ts 7d]
Seat 1: 192b2d6a won ($3.07)
Seat 2: 39b4d04d folded before Flop (didn't bet)
Seat 3: 521e2ff7 (button) folded on the Turn
Seat 4: Hero (small blind) folded before Flop
Seat 5: 2eabb185 (big blind) folded before Flop
Seat 6: acee2600 folded before Flop (didn't bet)


Poker Hand #HD1818586143: Hold'em No Limit ($0.05/$0.1) - 2024/06/16 22:25:17
Table 'NLHRed12' 6-max Seat #2 is the button
Seat 1: 192b2d6a ($10.22 in chips)
Seat 2: 39b4d04d ($11.14 in chips)
Seat 3: 521e2ff7 ($19.38 in chips)
Seat 4: Hero ($24.04 in chips)
Seat 5: 2eabb185 ($11.61 in chips)
Seat 6: acee2600 ($28.31 in chips)
521e2ff7: posts small blind $0.05
Hero: posts big blind $0.1
*** HOLE CARDS ***
Dealt to 192b2d6a 
Dealt to 39b4d04d 
Dealt to 521e2ff7 
Dealt to Hero [2h 7s]
Dealt to 2eabb185 
Dealt to acee2600 
2eabb185: folds
acee2600: folds
192b2d6a: folds
39b4d04d: folds
521e2ff7: calls $0.05
Hero: checks
*** FLOP *** [4d Jc 6c]
521e2ff7: checks
Hero: checks
*** TURN *** [4d Jc 6c] [Kc]
521e2ff7: checks
Hero: checks
*** RIVER *** [4d Jc 6c Kc] [5c]
521e2ff7: checks
Hero: checks
521e2ff7: shows [Kh 9h] (Pair of Kings)
Hero: shows [2h 7s] (King-High)
*** SHOWDOWN ***
521e2ff7 collected $0.19 from pot
*** SUMMARY ***
Total pot $0.2 | Rake $0.01 | Jackpot $0 | Bingo $0 | Fortune $0 | Tax $0
Board [4d Jc 6c Kc 5c]
Seat 1: 192b2d6a folded before Flop (didn't bet)
Seat 2: 39b4d04d (button) folded before Flop (didn't bet)
Seat 3: 521e2ff7 (small blind) showed [Kh 9h] and won ($0.19) with Pair of Kings
Seat 4: Hero (big blind) showed [2h 7s] and lost with King-High
Seat 5: 2eabb185 folded before Flop (didn't bet)
Seat 6: acee2600 folded before Flop (didn't bet)


Poker Hand #HD1818586068: Hold'em No Limit ($0.05/$0.1) - 2024/06/16 22:24:41
Table 'NLHRed12' 6-max Seat #1 is the button
Seat 1: 192b2d6a ($10.22 in chips)
Seat 2: 39b4d04d ($10 in chips)
Seat 3: 521e2ff7 ($19.48 in chips)
Seat 4: Hero ($25.2 in chips)
Seat 5: 2eabb185 ($11.61 in chips)
Seat 6: acee2600 ($28.31 in chips)
39b4d04d: posts small blind $0.05
521e2ff7: posts big blind $0.1
*** HOLE CARDS ***
Dealt to 192b2d6a 
Dealt to 39b4d04d 
Dealt to 521e2ff7 
Dealt to Hero [9d 9s]
Dealt to 2eabb185 
Dealt to acee2600 
Hero: raises $0.1 to $0.2
2eabb185: folds
acee2600: folds
192b2d6a: folds
39b4d04d: raises $0.96 to $1.16
521e2ff7: folds
Hero: calls $0.96
*** FLOP *** [2d 2c 6d]
39b4d04d: bets $1.82
Hero: folds
Uncalled bet ($1.82) returned to 39b4d04d
*** SHOWDOWN ***
39b4d04d collected $2.3 from pot
*** SUMMARY ***
Total pot $2.42 | Rake $0.12 | Jackpot $0 | Bingo $0 | Fortune $0 | Tax $0
Board [2d 2c 6d]
Seat 1: 192b2d6a (button) folded before Flop (didn't bet)
Seat 2: 39b4d04d (small blind) won ($2.3)
Seat 3: 521e2ff7 (big blind) folded before Flop
Seat 4: Hero folded on the Flop
Seat 5: 2eabb185 folded before Flop (didn't bet)
Seat 6: acee2600 folded before Flop (didn't bet)


Poker Hand #HD1818585993: Hold'em No Limit ($0.05/$0.1) - 2024/06/16 22:23:59
Table 'NLHRed12' 6-max Seat #6 is the button
Seat 1: 192b2d6a ($10 in chips)
Seat 2: 39b4d04d ($10.1 in chips)
Seat 3: 521e2ff7 ($19.48 in chips)
Seat 4: Hero ($25.2 in chips)
Seat 5: 2eabb185 ($11.61 in chips)
Seat 6: acee2600 ($28.31 in chips)
192b2d6a: posts small blind $0.05
39b4d04d: posts big blind $0.1
*** HOLE CARDS ***
Dealt to 192b2d6a 
Dealt to 39b4d04d 
Dealt to 521e2ff7 
Dealt to Hero [8h Th]
Dealt to 2eabb185 
Dealt to acee2600 
521e2ff7: folds
Hero: folds
2eabb185: folds
acee2600: folds
192b2d6a: raises $0.14 to $0.24
39b4d04d: calls $0.14
*** FLOP *** [Ts 3s 8d]
192b2d6a: checks
39b4d04d: checks
*** TURN *** [Ts 3s 8d] [5s]
192b2d6a: checks
39b4d04d: checks
*** RIVER *** [Ts 3s 8d 5s] [Jh]
192b2d6a: bets $0.48
39b4d04d: folds
Uncalled bet ($0.48) returned to 192b2d6a
*** SHOWDOWN ***
192b2d6a collected $0.46 from pot
*** SUMMARY ***
Total pot $0.48 | Rake $0.02 | Jackpot $0 | Bingo $0 | Fortune $0 | Tax $0
Board [Ts 3s 8d 5s Jh]
Seat 1: 192b2d6a (small blind) won ($0.46)
Seat 2: 39b4d04d (big blind) folded on the River
Seat 3: 521e2ff7 folded before Flop (didn't bet)
Seat 4: Hero folded before Flop (didn't bet)
Seat 5: 2eabb185 folded before Flop (didn't bet)
Seat 6: acee2600 (button) folded before Flop (didn't bet)


Poker Hand #HD1818585926: Hold'em No Limit ($0.05/$0.1) - 2024/06/16 22:23:22
Table 'NLHRed12' 6-max Seat #5 is the button
Seat 1: 192b2d6a ($10 in chips)
Seat 2: 39b4d04d ($10.1 in chips)
Seat 3: 521e2ff7 ($19.48 in chips)
Seat 4: Hero ($24.84 in chips)
Seat 5: 2eabb185 ($11.85 in chips)
Seat 6: acee2600 ($28.36 in chips)
acee2600: posts small blind $0.05
192b2d6a: posts big blind $0.1
*** HOLE CARDS ***
Dealt to 192b2d6a 
Dealt to 39b4d04d 
Dealt to 521e2ff7 
Dealt to Hero [Kd Kh]
Dealt to 2eabb185 
Dealt to acee2600 
39b4d04d: folds
521e2ff7: folds
Hero: raises $0.14 to $0.24
2eabb185: calls $0.24
acee2600: folds
192b2d6a: folds
*** FLOP *** [9s 4c 8c]
Hero: bets $0.3
2eabb185: folds
Uncalled bet ($0.3) returned to Hero
*** SHOWDOWN ***
Hero collected $0.6 from pot
*** SUMMARY ***
Total pot $0.63 | Rake $0.03 | Jackpot $0 | Bingo $0 | Fortune $0 | Tax $0
Board [9s 4c 8c]
Seat 1: 192b2d6a (big blind) folded before Flop
Seat 2: 39b4d04d folded before Flop (didn't bet)
Seat 3: 521e2ff7 folded before Flop (didn't bet)
Seat 4: Hero won ($0.6)
Seat 5: 2eabb185 (button) folded on the Flop
Seat 6: acee2600 (small blind) folded before Flop


Poker Hand #HD1818585912: Hold'em No Limit ($0.05/$0.1) - 2024/06/16 22:23:14
Table 'NLHRed12' 6-max Seat #4 is the button
Seat 2: 39b4d04d ($10.1 in chips)
Seat 3: 521e2ff7 ($19.48 in chips)
Seat 4: Hero ($24.84 in chips)
Seat 5: 2eabb185 ($11.9 in chips)
Seat 6: acee2600 ($28.31 in chips)
2eabb185: posts small blind $0.05
acee2600: posts big blind $0.1
*** HOLE CARDS ***
Dealt to 39b4d04d 
Dealt to 521e2ff7 
Dealt to Hero [6s 4c]
Dealt to 2eabb185 
Dealt to acee2600 
39b4d04d: folds
521e2ff7: folds
Hero: folds
2eabb185: folds
Uncalled bet ($0.05) returned to acee2600
*** SHOWDOWN ***
acee2600 collected $0.1 from pot
*** SUMMARY ***
Total pot $0.1 | Rake $0 | Jackpot $0 | Bingo $0 | Fortune $0 | Tax $0
Seat 2: 39b4d04d folded before Flop (didn't bet)
Seat 3: 521e2ff7 folded before Flop (didn't bet)
Seat 4: Hero (button) folded before Flop (didn't bet)
Seat 5: 2eabb185 (small blind) folded before Flop
Seat 6: acee2600 (big blind) collected ($0.1)


Poker Hand #HD1818585882: Hold'em No Limit ($0.05/$0.1) - 2024/06/16 22:22:56
Table 'NLHRed12' 6-max Seat #3 is the button
Seat 2: 39b4d04d ($10.1 in chips)
Seat 3: 521e2ff7 ($19.68 in chips)
Seat 4: Hero ($24.89 in chips)
Seat 5: 2eabb185 ($11.67 in chips)
Seat 6: acee2600 ($28.31 in chips)
Hero: posts small blind $0.05
2eabb185: posts big blind $0.1
*** HOLE CARDS ***
Dealt to 39b4d04d 
Dealt to 521e2ff7 
Dealt to Hero [5d 9s]
Dealt to 2eabb185 
Dealt to acee2600 
acee2600: folds
39b4d04d: folds
521e2ff7: raises $0.1 to $0.2
Hero: folds
2eabb185: raises $0.95 to $1.15
521e2ff7: folds
Uncalled bet ($0.95) returned to 2eabb185
*** SHOWDOWN ***
2eabb185 collected $0.43 from pot
*** SUMMARY ***
Total pot $0.45 | Rake $0.02 | Jackpot $0 | Bingo $0 | Fortune $0 | Tax $0
Seat 2: 39b4d04d folded before Flop (didn't bet)
Seat 3: 521e2ff7 (button) folded before Flop
Seat 4: Hero (small blind) folded before Flop
Seat 5: 2eabb185 (big blind) collected ($0.43)
Seat 6: acee2600 folded before Flop (didn't bet)


Poker Hand #HD1818585838: Hold'em No Limit ($0.05/$0.1) - 2024/06/16 22:22:34
Table 'NLHRed12' 6-max Seat #2 is the button
Seat 2: 39b4d04d ($10.1 in chips)
Seat 3: 521e2ff7 ($19.73 in chips)
Seat 4: Hero ($24.99 in chips)
Seat 5: 2eabb185 ($11.67 in chips)
Seat 6: acee2600 ($28.16 in chips)
521e2ff7: posts small blind $0.05
Hero: posts big blind $0.1
*** HOLE CARDS ***
Dealt to 39b4d04d 
Dealt to 521e2ff7 
Dealt to Hero [3c 8c]
Dealt to 2eabb185 
Dealt to acee2600 
2eabb185: folds
acee2600: raises $0.2 to $0.3
39b4d04d: folds
521e2ff7: folds
Hero: folds
Uncalled bet ($0.2) returned to acee2600
*** SHOWDOWN ***
acee2600 collected $0.25 from pot
*** SUMMARY ***
Total pot $0.25 | Rake $0 | Jackpot $0 | Bingo $0 | Fortune $0 | Tax $0
Seat 2: 39b4d04d (button) folded before Flop (didn't bet)
Seat 3: 521e2ff7 (small blind) folded before Flop
Seat 4: Hero (big blind) folded before Flop
Seat 5: 2eabb185 folded before Flop (didn't bet)
Seat 6: acee2600 collected ($0.25)


Poker Hand #HD1818585806: Hold'em No Limit ($0.05/$0.1) - 2024/06/16 22:22:18
Table 'NLHRed12' 6-max Seat #6 is the button
Seat 2: 39b4d04d ($10 in chips)
Seat 3: 521e2ff7 ($19.83 in chips)
Seat 4: Hero ($24.99 in chips)
Seat 5: 2eabb185 ($11.67 in chips)
Seat 6: acee2600 ($28.16 in chips)
39b4d04d: posts small blind $0.05
521e2ff7: posts big blind $0.1
*** HOLE CARDS ***
Dealt to 39b4d04d 
Dealt to 521e2ff7 
Dealt to Hero [3d 2h]
Dealt to 2eabb185 
Dealt to acee2600 
Hero: folds
2eabb185: folds
acee2600: folds
39b4d04d: raises $0.21 to $0.31
521e2ff7: folds
Uncalled bet ($0.21) returned to 39b4d04d
*** SHOWDOWN ***
39b4d04d collected $0.2 from pot
*** SUMMARY ***
Total pot $0.2 | Rake $0 | Jackpot $0 | Bingo $0 | Fortune $0 | Tax $0
Seat 2: 39b4d04d (small blind) collected ($0.2)
Seat 3: 521e2ff7 (big blind) folded before Flop
Seat 4: Hero folded before Flop (didn't bet)
Seat 5: 2eabb185 folded before Flop (didn't bet)
Seat 6: acee2600 (button) folded before Flop (didn't bet)


Poker Hand #HD1818585736: Hold'em No Limit ($0.05/$0.1) - 2024/06/16 22:21:41
Table 'NLHRed12' 6-max Seat #5 is the button
Seat 2: 39b4d04d ($10 in chips)
Seat 3: 521e2ff7 ($19.83 in chips)
Seat 4: Hero ($24.99 in chips)
Seat 5: 2eabb185 ($11.89 in chips)
Seat 6: acee2600 ($27.86 in chips)
acee2600: posts small blind $0.05
39b4d04d: posts big blind $0.1
*** HOLE CARDS ***
Dealt to 39b4d04d 
Dealt to 521e2ff7 
Dealt to Hero [6h Ad]
Dealt to 2eabb185 
Dealt to acee2600 
521e2ff7: folds
Hero: folds
2eabb185: raises $0.12 to $0.22
acee2600: calls $0.17
39b4d04d: folds
*** FLOP *** [7h 4d Ks]
acee2600: bets $0.27
2eabb185: folds
Uncalled bet ($0.27) returned to acee2600
*** SHOWDOWN ***
acee2600 collected $0.52 from pot
*** SUMMARY ***
Total pot $0.54 | Rake $0.02 | Jackpot $0 | Bingo $0 | Fortune $0 | Tax $0
Board [7h 4d Ks]
Seat 2: 39b4d04d (big blind) folded before Flop
Seat 3: 521e2ff7 folded before Flop (didn't bet)
Seat 4: Hero folded before Flop (didn't bet)
Seat 5: 2eabb185 (button) folded on the Flop
Seat 6: acee2600 (small blind) won ($0.52)


Poker Hand #HD1818585685: Hold'em No Limit ($0.05/$0.1) - 2024/06/16 22:21:13
Table 'NLHRed12' 6-max Seat #4 is the button
Seat 1: dd22d47d ($16.8 in chips)
Seat 2: 39b4d04d ($10 in chips)
Seat 3: 521e2ff7 ($19.83 in chips)
Seat 4: Hero ($24.99 in chips)
Seat 5: 2eabb185 ($11.94 in chips)
Seat 6: acee2600 ($27.61 in chips)
2eabb185: posts small blind $0.05
acee2600: posts big blind $0.1
*** HOLE CARDS ***
Dealt to dd22d47d 
Dealt to 39b4d04d 
Dealt to 521e2ff7 
Dealt to Hero [Qd 8h]
Dealt to 2eabb185 
Dealt to acee2600 
dd22d47d: folds
39b4d04d: raises $0.12 to $0.22
521e2ff7: folds
Hero: folds
2eabb185: folds
acee2600: calls $0.12
*** FLOP *** [4d Td 6c]
acee2600: bets $0.37
39b4d04d: folds
Uncalled bet ($0.37) returned to acee2600
*** SHOWDOWN ***
acee2600 collected $0.47 from pot
*** SUMMARY ***
Total pot $0.49 | Rake $0.02 | Jackpot $0 | Bingo $0 | Fortune $0 | Tax $0
Board [4d Td 6c]
Seat 1: dd22d47d folded before Flop (didn't bet)
Seat 2: 39b4d04d folded on the Flop
Seat 3: 521e2ff7 folded before Flop (didn't bet)
Seat 4: Hero (button) folded before Flop (didn't bet)
Seat 5: 2eabb185 (small blind) folded before Flop
Seat 6: acee2600 (big blind) won ($0.47)


Poker Hand #HD1818485635: Hold'em No Limit ($0.05/$0.1) - 2024/06/16 22:20:48
Table 'NLHRed12' 6-max Seat #3 is the button
Seat 1: dd22d47d ($16.19 in chips)
Seat 2: 39b4d04d ($10 in chips)
Seat 3: 521e2ff7 ($20.13 in chips)
Seat 4: Hero ($25.04 in chips)
Seat 5: 2eabb185 ($12.24 in chips)
Seat 6: acee2600 ($27.61 in chips)
Hero: posts small blind $0.05
2eabb185: posts big blind $0.1
*** HOLE CARDS ***
Dealt to dd22d47d 
Dealt to 39b4d04d 
Dealt to 521e2ff7 
Dealt to Hero [8s 3s]
Dealt to 2eabb185 
Dealt to acee2600 
acee2600: folds
dd22d47d: raises $0.2 to $0.3
39b4d04d: folds
521e2ff7: calls $0.3
Hero: folds
2eabb185: calls $0.2
*** FLOP *** [Jh Tc 9d]
2eabb185: checks
dd22d47d: bets $0.63
521e2ff7: folds
2eabb185: folds
Uncalled bet ($0.63) returned to dd22d47d
*** SHOWDOWN ***
dd22d47d collected $0.91 from pot
*** SUMMARY ***
Total pot $0.95 | Rake $0.04 | Jackpot $0 | Bingo $0 | Fortune $0 | Tax $0
Board [Jh Tc 9d]
Seat 1: dd22d47d won ($0.91)
Seat 2: 39b4d04d folded before Flop (didn't bet)
Seat 3: 521e2ff7 (button) folded on the Flop
Seat 4: Hero (small blind) folded before Flop
Seat 5: 2eabb185 (big blind) folded on the Flop
Seat 6: acee2600 folded before Flop (didn't bet)


Poker Hand #HD1818485482: Hold'em No Limit ($0.05/$0.1) - 2024/06/16 22:19:32
Table 'NLHRed12' 6-max Seat #2 is the button
Seat 1: dd22d47d ($13.98 in chips)
Seat 2: 39b4d04d ($10 in chips)
Seat 3: 521e2ff7 ($20.18 in chips)
Seat 4: Hero ($27.54 in chips)
Seat 5: 2eabb185 ($12.24 in chips)
Seat 6: acee2600 ($27.61 in chips)
521e2ff7: posts small blind $0.05
Hero: posts big blind $0.1
*** HOLE CARDS ***
Dealt to dd22d47d 
Dealt to 39b4d04d 
Dealt to 521e2ff7 
Dealt to Hero [Ks Kc]
Dealt to 2eabb185 
Dealt to acee2600 
2eabb185: folds
acee2600: folds
dd22d47d: raises $0.2 to $0.3
39b4d04d: folds
521e2ff7: folds
Hero: raises $0.8 to $1.1
dd22d47d: calls $0.8
*** FLOP *** [3s Td 8c]
Hero: bets $1.4
dd22d47d: calls $1.4
*** TURN *** [3s Td 8c] [Jh]
Hero: checks
dd22d47d: bets $4.04
Hero: folds
Uncalled bet ($4.04) returned to dd22d47d
*** SHOWDOWN ***
dd22d47d collected $4.71 from pot
*** SUMMARY ***
Total pot $5.05 | Rake $0.24 | Jackpot $0.1 | Bingo $0 | Fortune $0 | Tax $0
Board [3s Td 8c Jh]
Seat 1: dd22d47d won ($4.71)
Seat 2: 39b4d04d (button) folded before Flop (didn't bet)
Seat 3: 521e2ff7 (small blind) folded before Flop
Seat 4: Hero (big blind) folded on the Turn
Seat 5: 2eabb185 folded before Flop (didn't bet)
Seat 6: acee2600 folded before Flop (didn't bet)


Poker Hand #HD1818485401: Hold'em No Limit ($0.05/$0.1) - 2024/06/16 22:18:50
Table 'NLHRed12' 6-max Seat #1 is the button
Seat 1: dd22d47d ($13.98 in chips)
Seat 2: 39b4d04d ($10 in chips)
Seat 3: 521e2ff7 ($19.9 in chips)
Seat 4: Hero ($27.54 in chips)
Seat 5: 2eabb185 ($12.49 in chips)
Seat 6: acee2600 ($27.61 in chips)
39b4d04d: posts small blind $0.05
521e2ff7: posts big blind $0.1
*** HOLE CARDS ***
Dealt to dd22d47d 
Dealt to 39b4d04d 
Dealt to 521e2ff7 
Dealt to Hero [Qh 5c]
Dealt to 2eabb185 
Dealt to acee2600 
Hero: folds
2eabb185: raises $0.15 to $0.25
acee2600: folds
dd22d47d: folds
39b4d04d: folds
521e2ff7: calls $0.15
*** FLOP *** [4s 2h 5h]
521e2ff7: checks
2eabb185: checks
*** TURN *** [4s 2h 5h] [9c]
521e2ff7: bets $0.19
2eabb185: folds
Uncalled bet ($0.19) returned to 521e2ff7
*** SHOWDOWN ***
521e2ff7 collected $0.53 from pot
*** SUMMARY ***
Total pot $0.55 | Rake $0.02 | Jackpot $0 | Bingo $0 | Fortune $0 | Tax $0
Board [4s 2h 5h 9c]
Seat 1: dd22d47d (button) folded before Flop (didn't bet)
Seat 2: 39b4d04d (small blind) folded before Flop
Seat 3: 521e2ff7 (big blind) won ($0.53)
Seat 4: Hero folded before Flop (didn't bet)
Seat 5: 2eabb185 folded on the Turn
Seat 6: acee2600 folded before Flop (didn't bet)


Poker Hand #HD1818485316: Hold'em No Limit ($0.05/$0.1) - 2024/06/16 22:18:08
Table 'NLHRed12' 6-max Seat #6 is the button
Seat 1: dd22d47d ($14.03 in chips)
Seat 2: 39b4d04d ($10 in chips)
Seat 3: 521e2ff7 ($19.9 in chips)
Seat 4: Hero ($27.54 in chips)
Seat 5: 2eabb185 ($13.59 in chips)
Seat 6: acee2600 ($26.47 in chips)
dd22d47d: posts small blind $0.05
39b4d04d: posts big blind $0.1
*** HOLE CARDS ***
Dealt to dd22d47d 
Dealt to 39b4d04d 
Dealt to 521e2ff7 
Dealt to Hero [Js 8h]
Dealt to 2eabb185 
Dealt to acee2600 
521e2ff7: folds
Hero: folds
2eabb185: raises $0.15 to $0.25
acee2600: raises $0.85 to $1.1
dd22d47d: folds
39b4d04d: folds
2eabb185: calls $0.85
*** FLOP *** [Ah Td Th]
2eabb185: checks
acee2600: checks
*** TURN *** [Ah Td Th] [3s]
2eabb185: checks
acee2600: bets $1.18
2eabb185: folds
Uncalled bet ($1.18) returned to acee2600
*** SHOWDOWN ***
acee2600 collected $2.24 from pot
*** SUMMARY ***
Total pot $2.35 | Rake $0.11 | Jackpot $0 | Bingo $0 | Fortune $0 | Tax $0
Board [Ah Td Th 3s]
Seat 1: dd22d47d (small blind) folded before Flop
Seat 2: 39b4d04d (big blind) folded before Flop
Seat 3: 521e2ff7 folded before Flop (didn't bet)
Seat 4: Hero folded before Flop (didn't bet)
Seat 5: 2eabb185 folded on the Turn
Seat 6: acee2600 (button) won ($2.24)


Poker Hand #HD1818485120: Hold'em No Limit ($0.05/$0.1) - 2024/06/16 22:16:25
Table 'NLHRed12' 6-max Seat #5 is the button
Seat 1: dd22d47d ($14.13 in chips)
Seat 2: 5f9eab10 ($10 in chips)
Seat 3: 521e2ff7 ($19.9 in chips)
Seat 4: Hero ($27.78 in chips)
Seat 5: 2eabb185 ($12.18 in chips)
Seat 6: acee2600 ($27.67 in chips)
acee2600: posts small blind $0.05
dd22d47d: posts big blind $0.1
*** HOLE CARDS ***
Dealt to dd22d47d 
Dealt to 5f9eab10 
Dealt to 521e2ff7 
Dealt to Hero [8h 8d]
Dealt to 2eabb185 
Dealt to acee2600 
5f9eab10: folds
521e2ff7: folds
Hero: raises $0.14 to $0.24
2eabb185: calls $0.24
acee2600: calls $0.19
dd22d47d: folds
*** FLOP *** [Qs 5c 9d]
acee2600: checks
Hero: checks
2eabb185: bets $0.41
acee2600: calls $0.41
Hero: folds
*** TURN *** [Qs 5c 9d] [7d]
acee2600: checks
2eabb185: checks
*** RIVER *** [Qs 5c 9d 7d] [3h]
acee2600: bets $0.55
2eabb185: calls $0.55
acee2600: shows [Kc Js] (King-High)
2eabb185: shows [Jc Jh] (Pair of Jacks)
*** SHOWDOWN ***
2eabb185 collected $2.61 from pot
*** SUMMARY ***
Total pot $2.74 | Rake $0.13 | Jackpot $0 | Bingo $0 | Fortune $0 | Tax $0
Board [Qs 5c 9d 7d 3h]
Seat 1: dd22d47d (big blind) folded before Flop
Seat 2: 5f9eab10 folded before Flop (didn't bet)
Seat 3: 521e2ff7 folded before Flop (didn't bet)
Seat 4: Hero folded on the Flop
Seat 5: 2eabb185 (button) showed [Jc Jh] and won ($2.61) with Pair of Jacks
Seat 6: acee2600 (small blind) showed [Kc Js] and lost with King-High


Poker Hand #HD1818485104: Hold'em No Limit ($0.05/$0.1) - 2024/06/16 22:16:15
Table 'NLHRed12' 6-max Seat #4 is the button
Seat 1: dd22d47d ($14.13 in chips)
Seat 2: 5f9eab10 ($10 in chips)
Seat 3: 521e2ff7 ($19.9 in chips)
Seat 4: Hero ($27.78 in chips)
Seat 5: 2eabb185 ($12.23 in chips)
Seat 6: acee2600 ($27.62 in chips)
2eabb185: posts small blind $0.05
acee2600: posts big blind $0.1
*** HOLE CARDS ***
Dealt to dd22d47d 
Dealt to 5f9eab10 
Dealt to 521e2ff7 
Dealt to Hero [4c 9h]
Dealt to 2eabb185 
Dealt to acee2600 
dd22d47d: folds
5f9eab10: folds
521e2ff7: folds
Hero: folds
2eabb185: folds
Uncalled bet ($0.05) returned to acee2600
*** SHOWDOWN ***
acee2600 collected $0.1 from pot
*** SUMMARY ***
Total pot $0.1 | Rake $0 | Jackpot $0 | Bingo $0 | Fortune $0 | Tax $0
Seat 1: dd22d47d folded before Flop (didn't bet)
Seat 2: 5f9eab10 folded before Flop (didn't bet)
Seat 3: 521e2ff7 folded before Flop (didn't bet)
Seat 4: Hero (button) folded before Flop (didn't bet)
Seat 5: 2eabb185 (small blind) folded before Flop
Seat 6: acee2600 (big blind) collected ($0.1)


Poker Hand #HD1818485027: Hold'em No Limit ($0.05/$0.1) - 2024/06/16 22:15:28
Table 'NLHRed12' 6-max Seat #3 is the button
Seat 1: dd22d47d ($14.13 in chips)
Seat 2: 5f9eab10 ($10 in chips)
Seat 3: 521e2ff7 ($20 in chips)
Seat 4: Hero ($27.83 in chips)
Seat 5: 2eabb185 ($12.09 in chips)
Seat 6: acee2600 ($27.62 in chips)
Hero: posts small blind $0.05
2eabb185: posts big blind $0.1
*** HOLE CARDS ***
Dealt to dd22d47d 
Dealt to 5f9eab10 
Dealt to 521e2ff7 
Dealt to Hero [2d Ac]
Dealt to 2eabb185 
Dealt to acee2600 
acee2600: folds
dd22d47d: folds
5f9eab10: folds
521e2ff7: calls $0.1
Hero: folds
2eabb185: checks
*** FLOP *** [5h 6h Ah]
2eabb185: checks
521e2ff7: checks
*** TURN *** [5h 6h Ah] [Jc]
2eabb185: checks
521e2ff7: checks
*** RIVER *** [5h 6h Ah Jc] [9s]
2eabb185: checks
521e2ff7: checks
2eabb185: shows [6d 7h] (Pair of Sixes)
521e2ff7: shows [3h 3d] (Pair of Treys)
*** SHOWDOWN ***
2eabb185 collected $0.24 from pot
*** SUMMARY ***
Total pot $0.25 | Rake $0.01 | Jackpot $0 | Bingo $0 | Fortune $0 | Tax $0
Board [5h 6h Ah Jc 9s]
Seat 1: dd22d47d folded before Flop (didn't bet)
Seat 2: 5f9eab10 folded before Flop (didn't bet)
Seat 3: 521e2ff7 (button) showed [3h 3d] and lost with Pair of Treys
Seat 4: Hero (small blind) folded before Flop
Seat 5: 2eabb185 (big blind) showed [6d 7h] and won ($0.24) with Pair of Sixes
Seat 6: acee2600 folded before Flop (didn't bet)


Poker Hand #HD1818484999: Hold'em No Limit ($0.05/$0.1) - 2024/06/16 22:15:16
Table 'NLHRed12' 6-max Seat #2 is the button
Seat 1: dd22d47d ($13.98 in chips)
Seat 2: 5f9eab10 ($10 in chips)
Seat 3: 521e2ff7 ($20.05 in chips)
Seat 4: Hero ($27.93 in chips)
Seat 5: 2eabb185 ($12.09 in chips)
Seat 6: acee2600 ($27.62 in chips)
521e2ff7: posts small blind $0.05
Hero: posts big blind $0.1
*** HOLE CARDS ***
Dealt to dd22d47d 
Dealt to 5f9eab10 
Dealt to 521e2ff7 
Dealt to Hero [Qc 3d]
Dealt to 2eabb185 
Dealt to acee2600 
2eabb185: folds
acee2600: folds
dd22d47d: raises $0.2 to $0.3
5f9eab10: folds
521e2ff7: folds
Hero: folds
Uncalled bet ($0.2) returned to dd22d47d
*** SHOWDOWN ***
dd22d47d collected $0.25 from pot
*** SUMMARY ***
Total pot $0.25 | Rake $0 | Jackpot $0 | Bingo $0 | Fortune $0 | Tax $0
Seat 1: dd22d47d collected ($0.25)
Seat 2: 5f9eab10 (button) folded before Flop (didn't bet)
Seat 3: 521e2ff7 (small blind) folded before Flop
Seat 4: Hero (big blind) folded before Flop
Seat 5: 2eabb185 folded before Flop (didn't bet)
Seat 6: acee2600 folded before Flop (didn't bet)


Poker Hand #HD1818484972: Hold'em No Limit ($0.05/$0.1) - 2024/06/16 22:15:02
Table 'NLHRed12' 6-max Seat #1 is the button
Seat 1: dd22d47d ($13.98 in chips)
Seat 2: 5f9eab10 ($10 in chips)
Seat 3: 521e2ff7 ($20 in chips)
Seat 4: Hero ($27.93 in chips)
Seat 5: 2eabb185 ($12.09 in chips)
Seat 6: acee2600 ($27.62 in chips)
5f9eab10: posts small blind $0.05
521e2ff7: posts big blind $0.1
*** HOLE CARDS ***
Dealt to dd22d47d 
Dealt to 5f9eab10 
Dealt to 521e2ff7 
Dealt to Hero [3s 4c]
Dealt to 2eabb185 
Dealt to acee2600 
Hero: folds
2eabb185: folds
acee2600: folds
dd22d47d: folds
5f9eab10: folds
Uncalled bet ($0.05) returned to 521e2ff7
*** SHOWDOWN ***
521e2ff7 collected $0.1 from pot
*** SUMMARY ***
Total pot $0.1 | Rake $0 | Jackpot $0 | Bingo $0 | Fortune $0 | Tax $0
Seat 1: dd22d47d (button) folded before Flop (didn't bet)
Seat 2: 5f9eab10 (small blind) folded before Flop
Seat 3: 521e2ff7 (big blind) collected ($0.1)
Seat 4: Hero folded before Flop (didn't bet)
Seat 5: 2eabb185 folded before Flop (didn't bet)
Seat 6: acee2600 folded before Flop (didn't bet)


Poker Hand #HD1818484910: Hold'em No Limit ($0.05/$0.1) - 2024/06/16 22:14:29
Table 'NLHRed12' 6-max Seat #6 is the button
Seat 1: dd22d47d ($14.03 in chips)
Seat 2: 5f9eab10 ($10 in chips)
Seat 3: 521e2ff7 ($20.2 in chips)
Seat 4: Hero ($27.15 in chips)
Seat 5: 2eabb185 ($12.09 in chips)
Seat 6: acee2600 ($27.62 in chips)
dd22d47d: posts small blind $0.05
5f9eab10: posts big blind $0.1
*** HOLE CARDS ***
Dealt to dd22d47d 
Dealt to 5f9eab10 
Dealt to 521e2ff7 
Dealt to Hero [Ts As]
Dealt to 2eabb185 
Dealt to acee2600 
521e2ff7: raises $0.1 to $0.2
Hero: raises $0.4 to $0.6
2eabb185: folds
acee2600: folds
dd22d47d: folds
5f9eab10: calls $0.5
521e2ff7: folds
*** FLOP *** [5d Td 8d]
5f9eab10: checks
Hero: bets $0.48
5f9eab10: folds
Uncalled bet ($0.48) returned to Hero
*** SHOWDOWN ***
Hero collected $1.38 from pot
*** SUMMARY ***
Total pot $1.45 | Rake $0.07 | Jackpot $0 | Bingo $0 | Fortune $0 | Tax $0
Board [5d Td 8d]
Seat 1: dd22d47d (small blind) folded before Flop
Seat 2: 5f9eab10 (big blind) folded on the Flop
Seat 3: 521e2ff7 folded before Flop
Seat 4: Hero won ($1.38)
Seat 5: 2eabb185 folded before Flop (didn't bet)
Seat 6: acee2600 (button) folded before Flop (didn't bet)


Poker Hand #HD1818484880: Hold'em No Limit ($0.05/$0.1) - 2024/06/16 22:14:13
Table 'NLHRed12' 6-max Seat #5 is the button
Seat 1: dd22d47d ($13.98 in chips)
Seat 3: 521e2ff7 ($20.2 in chips)
Seat 4: Hero ($27.15 in chips)
Seat 5: 2eabb185 ($12.09 in chips)
Seat 6: acee2600 ($27.67 in chips)
acee2600: posts small blind $0.05
dd22d47d: posts big blind $0.1
*** HOLE CARDS ***
Dealt to dd22d47d 
Dealt to 521e2ff7 
Dealt to Hero [9c 7s]
Dealt to 2eabb185 
Dealt to acee2600 
521e2ff7: folds
Hero: folds
2eabb185: folds
acee2600: folds
Uncalled bet ($0.05) returned to dd22d47d
*** SHOWDOWN ***
dd22d47d collected $0.1 from pot
*** SUMMARY ***
Total pot $0.1 | Rake $0 | Jackpot $0 | Bingo $0 | Fortune $0 | Tax $0
Seat 1: dd22d47d (big blind) collected ($0.1)
Seat 3: 521e2ff7 folded before Flop (didn't bet)
Seat 4: Hero folded before Flop (didn't bet)
Seat 5: 2eabb185 (button) folded before Flop (didn't bet)
Seat 6: acee2600 (small blind) folded before Flop


Poker Hand #HD1818484858: Hold'em No Limit ($0.05/$0.1) - 2024/06/16 22:14:00
Table 'NLHRed12' 6-max Seat #4 is the button
Seat 1: dd22d47d ($13.98 in chips)
Seat 3: 521e2ff7 ($20.2 in chips)
Seat 4: Hero ($27.15 in chips)
Seat 5: 2eabb185 ($12.14 in chips)
Seat 6: acee2600 ($27.62 in chips)
2eabb185: posts small blind $0.05
acee2600: posts big blind $0.1
*** HOLE CARDS ***
Dealt to dd22d47d 
Dealt to 521e2ff7 
Dealt to Hero [6h 3s]
Dealt to 2eabb185 
Dealt to acee2600 
dd22d47d: folds
521e2ff7: folds
Hero: folds
2eabb185: folds
Uncalled bet ($0.05) returned to acee2600
*** SHOWDOWN ***
acee2600 collected $0.1 from pot
*** SUMMARY ***
Total pot $0.1 | Rake $0 | Jackpot $0 | Bingo $0 | Fortune $0 | Tax $0
Seat 1: dd22d47d folded before Flop (didn't bet)
Seat 3: 521e2ff7 folded before Flop (didn't bet)
Seat 4: Hero (button) folded before Flop (didn't bet)
Seat 5: 2eabb185 (small blind) folded before Flop
Seat 6: acee2600 (big blind) collected ($0.1)


Poker Hand #HD1818484820: Hold'em No Limit ($0.05/$0.1) - 2024/06/16 22:13:42
Table 'NLHRed12' 6-max Seat #3 is the button
Seat 1: dd22d47d ($13.98 in chips)
Seat 3: 521e2ff7 ($20.2 in chips)
Seat 4: Hero ($27.05 in chips)
Seat 5: 2eabb185 ($12.24 in chips)
Seat 6: acee2600 ($27.62 in chips)
Hero: posts small blind $0.05
2eabb185: posts big blind $0.1
*** HOLE CARDS ***
Dealt to dd22d47d 
Dealt to 521e2ff7 
Dealt to Hero [Kc Jc]
Dealt to 2eabb185 
Dealt to acee2600 
acee2600: folds
dd22d47d: folds
521e2ff7: folds
Hero: raises $0.2 to $0.3
2eabb185: folds
Uncalled bet ($0.2) returned to Hero
*** SHOWDOWN ***
Hero collected $0.2 from pot
*** SUMMARY ***
Total pot $0.2 | Rake $0 | Jackpot $0 | Bingo $0 | Fortune $0 | Tax $0
Seat 1: dd22d47d folded before Flop (didn't bet)
Seat 3: 521e2ff7 (button) folded before Flop (didn't bet)
Seat 4: Hero (small blind) collected ($0.2)
Seat 5: 2eabb185 (big blind) folded before Flop
Seat 6: acee2600 folded before Flop (didn't bet)


Poker Hand #HD1818484772: Hold'em No Limit ($0.05/$0.1) - 2024/06/16 22:13:15
Table 'NLHRed12' 6-max Seat #1 is the button
Seat 1: dd22d47d ($13.66 in chips)
Seat 3: 521e2ff7 ($20.45 in chips)
Seat 4: Hero ($27.15 in chips)
Seat 5: 2eabb185 ($12.24 in chips)
Seat 6: acee2600 ($27.62 in chips)
521e2ff7: posts small blind $0.05
Hero: posts big blind $0.1
*** HOLE CARDS ***
Dealt to dd22d47d 
Dealt to 521e2ff7 
Dealt to Hero [4c 6c]
Dealt to 2eabb185 
Dealt to acee2600 
2eabb185: folds
acee2600: folds
dd22d47d: raises $0.15 to $0.25
521e2ff7: calls $0.2
Hero: folds
*** FLOP *** [Ts Kh 6h]
521e2ff7: checks
dd22d47d: bets $0.6
521e2ff7: folds
Uncalled bet ($0.6) returned to dd22d47d
*** SHOWDOWN ***
dd22d47d collected $0.57 from pot
*** SUMMARY ***
Total pot $0.6 | Rake $0.03 | Jackpot $0 | Bingo $0 | Fortune $0 | Tax $0
Board [Ts Kh 6h]
Seat 1: dd22d47d (button) won ($0.57)
Seat 3: 521e2ff7 (small blind) folded on the Flop
Seat 4: Hero (big blind) folded before Flop
Seat 5: 2eabb185 folded before Flop (didn't bet)
Seat 6: acee2600 folded before Flop (didn't bet)


Poker Hand #HD1818484736: Hold'em No Limit ($0.05/$0.1) - 2024/06/16 22:12:58
Table 'NLHRed12' 6-max Seat #6 is the button
Seat 1: dd22d47d ($13.56 in chips)
Seat 3: 521e2ff7 ($20.55 in chips)
Seat 4: Hero ($27.15 in chips)
Seat 5: 2eabb185 ($12.24 in chips)
Seat 6: acee2600 ($27.62 in chips)
dd22d47d: posts small blind $0.05
521e2ff7: posts big blind $0.1
*** HOLE CARDS ***
Dealt to dd22d47d 
Dealt to 521e2ff7 
Dealt to Hero [2c Kd]
Dealt to 2eabb185 
Dealt to acee2600 
Hero: folds
2eabb185: folds
acee2600: folds
dd22d47d: raises $0.2 to $0.3
521e2ff7: folds
Uncalled bet ($0.2) returned to dd22d47d
*** SHOWDOWN ***
dd22d47d collected $0.2 from pot
*** SUMMARY ***
Total pot $0.2 | Rake $0 | Jackpot $0 | Bingo $0 | Fortune $0 | Tax $0
Seat 1: dd22d47d (small blind) collected ($0.2)
Seat 3: 521e2ff7 (big blind) folded before Flop
Seat 4: Hero folded before Flop (didn't bet)
Seat 5: 2eabb185 folded before Flop (didn't bet)
Seat 6: acee2600 (button) folded before Flop (didn't bet)


Poker Hand #HD1818484711: Hold'em No Limit ($0.05/$0.1) - 2024/06/16 22:12:44
Table 'NLHRed12' 6-max Seat #5 is the button
Seat 1: dd22d47d ($13.51 in chips)
Seat 2: 957ba341 ($10.57 in chips)
Seat 3: 521e2ff7 ($20.55 in chips)
Seat 4: Hero ($27.15 in chips)
Seat 5: 2eabb185 ($12.24 in chips)
Seat 6: acee2600 ($27.67 in chips)
acee2600: posts small blind $0.05
dd22d47d: posts big blind $0.1
*** HOLE CARDS ***
Dealt to dd22d47d 
Dealt to 957ba341 
Dealt to 521e2ff7 
Dealt to Hero [4h 9c]
Dealt to 2eabb185 
Dealt to acee2600 
957ba341: folds
521e2ff7: folds
Hero: folds
2eabb185: folds
acee2600: folds
Uncalled bet ($0.05) returned to dd22d47d
*** SHOWDOWN ***
dd22d47d collected $0.1 from pot
*** SUMMARY ***
Total pot $0.1 | Rake $0 | Jackpot $0 | Bingo $0 | Fortune $0 | Tax $0
Seat 1: dd22d47d (big blind) collected ($0.1)
Seat 2: 957ba341 folded before Flop (didn't bet)
Seat 3: 521e2ff7 folded before Flop (didn't bet)
Seat 4: Hero folded before Flop (didn't bet)
Seat 5: 2eabb185 (button) folded before Flop (didn't bet)
Seat 6: acee2600 (small blind) folded before Flop


Poker Hand #HD1818484626: Hold'em No Limit ($0.05/$0.1) - 2024/06/16 22:11:58
Table 'NLHRed12' 6-max Seat #4 is the button
Seat 1: dd22d47d ($13.51 in chips)
Seat 2: 957ba341 ($10.57 in chips)
Seat 3: 521e2ff7 ($20.55 in chips)
Seat 4: Hero ($27.59 in chips)
Seat 5: 2eabb185 ($12.29 in chips)
Seat 6: acee2600 ($27.22 in chips)
2eabb185: posts small blind $0.05
acee2600: posts big blind $0.1
*** HOLE CARDS ***
Dealt to dd22d47d 
Dealt to 957ba341 
Dealt to 521e2ff7 
Dealt to Hero [7h Jh]
Dealt to 2eabb185 
Dealt to acee2600 
dd22d47d: folds
957ba341: folds
521e2ff7: folds
Hero: raises $0.14 to $0.24
2eabb185: folds
acee2600: calls $0.14
*** FLOP *** [Ad Jc 9s]
acee2600: checks
Hero: checks
*** TURN *** [Ad Jc 9s] [3s]
acee2600: checks
Hero: bets $0.2
acee2600: calls $0.2
*** RIVER *** [Ad Jc 9s 3s] [5d]
acee2600: bets $0.7
Hero: folds
Uncalled bet ($0.7) returned to acee2600
*** SHOWDOWN ***
acee2600 collected $0.89 from pot
*** SUMMARY ***
Total pot $0.93 | Rake $0.04 | Jackpot $0 | Bingo $0 | Fortune $0 | Tax $0
Board [Ad Jc 9s 3s 5d]
Seat 1: dd22d47d folded before Flop (didn't bet)
Seat 2: 957ba341 folded before Flop (didn't bet)
Seat 3: 521e2ff7 folded before Flop (didn't bet)
Seat 4: Hero (button) folded on the River
Seat 5: 2eabb185 (small blind) folded before Flop
Seat 6: acee2600 (big blind) won ($0.89)


Poker Hand #HD1818484531: Hold'em No Limit ($0.05/$0.1) - 2024/06/16 22:11:07
Table 'NLHRed12' 6-max Seat #3 is the button
Seat 1: dd22d47d ($13.51 in chips)
Seat 2: 957ba341 ($10.57 in chips)
Seat 3: 521e2ff7 ($21.66 in chips)
Seat 4: Hero ($27.64 in chips)
Seat 5: 2eabb185 ($11.24 in chips)
Seat 6: acee2600 ($27.22 in chips)
Hero: posts small blind $0.05
2eabb185: posts big blind $0.1
*** HOLE CARDS ***
Dealt to dd22d47d 
Dealt to 957ba341 
Dealt to 521e2ff7 
Dealt to Hero [3h Jc]
Dealt to 2eabb185 
Dealt to acee2600 
acee2600: folds
dd22d47d: folds
957ba341: folds
521e2ff7: raises $0.1 to $0.2
Hero: folds
2eabb185: calls $0.1
*** FLOP *** [Qs 9d Kc]
2eabb185: bets $0.34
521e2ff7: calls $0.34
*** TURN *** [Qs 9d Kc] [Qh]
2eabb185: bets $0.57
521e2ff7: calls $0.57
*** RIVER *** [Qs 9d Kc Qh] [5s]
2eabb185: bets $1.71
521e2ff7: folds
Uncalled bet ($1.71) returned to 2eabb185
*** SHOWDOWN ***
2eabb185 collected $2.16 from pot
*** SUMMARY ***
Total pot $2.27 | Rake $0.11 | Jackpot $0 | Bingo $0 | Fortune $0 | Tax $0
Board [Qs 9d Kc Qh 5s]
Seat 1: dd22d47d folded before Flop (didn't bet)
Seat 2: 957ba341 folded before Flop (didn't bet)
Seat 3: 521e2ff7 (button) folded on the River
Seat 4: Hero (small blind) folded before Flop
Seat 5: 2eabb185 (big blind) won ($2.16)
Seat 6: acee2600 folded before Flop (didn't bet)


Poker Hand #HD1818484453: Hold'em No Limit ($0.05/$0.1) - 2024/06/16 22:10:26
Table 'NLHRed12' 6-max Seat #2 is the button
Seat 1: dd22d47d ($10 in chips)
Seat 2: 957ba341 ($10.57 in chips)
Seat 3: 521e2ff7 ($21.71 in chips)
Seat 4: Hero ($27.74 in chips)
Seat 6: acee2600 ($31.06 in chips)
521e2ff7: posts small blind $0.05
Hero: posts big blind $0.1
*** HOLE CARDS ***
Dealt to dd22d47d 
Dealt to 957ba341 
Dealt to 521e2ff7 
Dealt to Hero [Td 3s]
Dealt to acee2600 
acee2600: raises $0.2 to $0.3
dd22d47d: raises $0.6 to $0.9
957ba341: folds
521e2ff7: folds
Hero: folds
acee2600: calls $0.6
*** FLOP *** [9c Ts Ah]
acee2600: bets $0.98
dd22d47d: calls $0.98
*** TURN *** [9c Ts Ah] [Kh]
acee2600: checks
dd22d47d: checks
*** RIVER *** [9c Ts Ah Kh] [2h]
acee2600: bets $1.96
dd22d47d: calls $1.96
acee2600: shows [Ks Jc] (Pair of Kings)
dd22d47d: shows [Ac 7c] (Pair of Aces)
*** SHOWDOWN ***
dd22d47d collected $7.35 from pot
*** SUMMARY ***
Total pot $7.83 | Rake $0.38 | Jackpot $0.1 | Bingo $0 | Fortune $0 | Tax $0
Board [9c Ts Ah Kh 2h]
Seat 1: dd22d47d showed [Ac 7c] and won ($7.35) with Pair of Aces
Seat 2: 957ba341 (button) folded before Flop (didn't bet)
Seat 3: 521e2ff7 (small blind) folded before Flop
Seat 4: Hero (big blind) folded before Flop
Seat 6: acee2600 showed [Ks Jc] and lost with Pair of Kings


Poker Hand #HD1818484376: Hold'em No Limit ($0.05/$0.1) - 2024/06/16 22:09:47
Table 'NLHRed12' 6-max Seat #1 is the button
Seat 1: dd22d47d ($10.22 in chips)
Seat 2: 957ba341 ($10.62 in chips)
Seat 3: 521e2ff7 ($21.81 in chips)
Seat 4: Hero ($27.74 in chips)
Seat 6: acee2600 ($28.64 in chips)
957ba341: posts small blind $0.05
521e2ff7: posts big blind $0.1
*** HOLE CARDS ***
Dealt to dd22d47d 
Dealt to 957ba341 
Dealt to 521e2ff7 
Dealt to Hero [3h Kc]
Dealt to acee2600 
Hero: folds
acee2600: raises $0.2 to $0.3
dd22d47d: raises $0.6 to $0.9
957ba341: folds
521e2ff7: folds
acee2600: calls $0.6
*** FLOP *** [Qs 7c 5s]
acee2600: bets $0.65
dd22d47d: raises $1.08 to $1.73
acee2600: raises $26.01 to $27.74 and is all-in
dd22d47d: folds
Uncalled bet ($26.01) returned to acee2600
*** SHOWDOWN ***
acee2600 collected $5.05 from pot
*** SUMMARY ***
Total pot $5.41 | Rake $0.26 | Jackpot $0.1 | Bingo $0 | Fortune $0 | Tax $0
Board [Qs 7c 5s]
Seat 1: dd22d47d (button) folded on the Flop
Seat 2: 957ba341 (small blind) folded before Flop
Seat 3: 521e2ff7 (big blind) folded before Flop
Seat 4: Hero folded before Flop (didn't bet)
Seat 6: acee2600 won ($5.05)


Poker Hand #HD1818484245: Hold'em No Limit ($0.05/$0.1) - 2024/06/16 22:08:30
Table 'NLHRed12' 6-max Seat #6 is the button
Seat 1: dd22d47d ($10.27 in chips)
Seat 2: 957ba341 ($10 in chips)
Seat 3: 521e2ff7 ($21.81 in chips)
Seat 4: Hero ($27.74 in chips)
Seat 6: acee2600 ($29.27 in chips)
dd22d47d: posts small blind $0.05
957ba341: posts big blind $0.1
*** HOLE CARDS ***
Dealt to dd22d47d 
Dealt to 957ba341 
Dealt to 521e2ff7 
Dealt to Hero [7d 9d]
Dealt to acee2600 
521e2ff7: folds
Hero: folds
acee2600: raises $0.2 to $0.3
dd22d47d: folds
957ba341: calls $0.2
*** FLOP *** [Ac Qh 5h]
957ba341: checks
acee2600: bets $0.33
957ba341: calls $0.33
*** TURN *** [Ac Qh 5h] [Kd]
957ba341: checks
acee2600: checks
*** RIVER *** [Ac Qh 5h Kd] [As]
957ba341: bets $1.6
acee2600: folds
Uncalled bet ($1.6) returned to 957ba341
*** SHOWDOWN ***
957ba341 collected $1.25 from pot
*** SUMMARY ***
Total pot $1.31 | Rake $0.06 | Jackpot $0 | Bingo $0 | Fortune $0 | Tax $0
Board [Ac Qh 5h Kd As]
Seat 1: dd22d47d (small blind) folded before Flop
Seat 2: 957ba341 (big blind) won ($1.25)
Seat 3: 521e2ff7 folded before Flop (didn't bet)
Seat 4: Hero folded before Flop (didn't bet)
Seat 6: acee2600 (button) folded on the River


Poker Hand #HD1818484211: Hold'em No Limit ($0.05/$0.1) - 2024/06/16 22:08:14
Table 'NLHRed12' 6-max Seat #4 is the button
Seat 1: dd22d47d ($10.37 in chips)
Seat 2: 957ba341 ($10 in chips)
Seat 3: 521e2ff7 ($21.66 in chips)
Seat 4: Hero ($27.74 in chips)
Seat 6: acee2600 ($29.32 in chips)
acee2600: posts small blind $0.05
dd22d47d: posts big blind $0.1
*** HOLE CARDS ***
Dealt to dd22d47d 
Dealt to 957ba341 
Dealt to 521e2ff7 
Dealt to Hero [6s Kh]
Dealt to acee2600 
957ba341: folds
521e2ff7: raises $0.1 to $0.2
Hero: folds
acee2600: folds
dd22d47d: folds
Uncalled bet ($0.1) returned to 521e2ff7
*** SHOWDOWN ***
521e2ff7 collected $0.25 from pot
*** SUMMARY ***
Total pot $0.25 | Rake $0 | Jackpot $0 | Bingo $0 | Fortune $0 | Tax $0
Seat 1: dd22d47d (big blind) folded before Flop
Seat 2: 957ba341 folded before Flop (didn't bet)
Seat 3: 521e2ff7 collected ($0.25)
Seat 4: Hero (button) folded before Flop (didn't bet)
Seat 6: acee2600 (small blind) folded before Flop


Poker Hand #HD1818483980: Hold'em No Limit ($0.05/$0.1) - 2024/06/16 22:06:18
Table 'NLHRed12' 6-max Seat #3 is the button
Seat 1: dd22d47d ($10.37 in chips)
Seat 2: 957ba341 ($10 in chips)
Seat 3: 521e2ff7 ($21.66 in chips)
Seat 4: Hero ($24.37 in chips)
Seat 6: acee2600 ($33.17 in chips)
Hero: posts small blind $0.05
acee2600: posts big blind $0.1
*** HOLE CARDS ***
Dealt to dd22d47d 
Dealt to 957ba341 
Dealt to 521e2ff7 
Dealt to Hero [Jh As]
Dealt to acee2600 
dd22d47d: folds
957ba341: folds
521e2ff7: folds
Hero: raises $0.2 to $0.3
acee2600: calls $0.2
*** FLOP *** [9s Js 6s]
Hero: bets $0.2
acee2600: raises $0.6 to $0.8
Hero: calls $0.6
*** TURN *** [9s Js 6s] [Ts]
Hero: checks
acee2600: checks
*** RIVER *** [9s Js 6s Ts] [7c]
Hero: bets $0.44
acee2600: raises $2.31 to $2.75
Hero: raises $3.05 to $5.8
acee2600: folds
Uncalled bet ($3.05) returned to Hero
*** SHOWDOWN ***
Hero collected $7.22 from pot
*** SUMMARY ***
Total pot $7.7 | Rake $0.38 | Jackpot $0.1 | Bingo $0 | Fortune $0 | Tax $0
Board [9s Js 6s Ts 7c]
Seat 1: dd22d47d folded before Flop (didn't bet)
Seat 2: 957ba341 folded before Flop (didn't bet)
Seat 3: 521e2ff7 (button) folded before Flop (didn't bet)
Seat 4: Hero (small blind) won ($7.22)
Seat 6: acee2600 (big blind) folded on the River


Poker Hand #HD1818483894: Hold'em No Limit ($0.05/$0.1) - 2024/06/16 22:05:32
Table 'NLHRed12' 6-max Seat #2 is the button
Seat 1: dd22d47d ($10.37 in chips)
Seat 2: 957ba341 ($10 in chips)
Seat 3: 521e2ff7 ($21.71 in chips)
Seat 4: Hero ($24.05 in chips)
Seat 6: acee2600 ($33.47 in chips)
521e2ff7: posts small blind $0.05
Hero: posts big blind $0.1
*** HOLE CARDS ***
Dealt to dd22d47d 
Dealt to 957ba341 
Dealt to 521e2ff7 
Dealt to Hero [Qc Qs]
Dealt to acee2600 
acee2600: raises $0.2 to $0.3
dd22d47d: folds
957ba341: folds
521e2ff7: folds
Hero: raises $1 to $1.3
acee2600: folds
Uncalled bet ($1) returned to Hero
*** SHOWDOWN ***
Hero collected $0.62 from pot
*** SUMMARY ***
Total pot $0.65 | Rake $0.03 | Jackpot $0 | Bingo $0 | Fortune $0 | Tax $0
Seat 1: dd22d47d folded before Flop (didn't bet)
Seat 2: 957ba341 (button) folded before Flop (didn't bet)
Seat 3: 521e2ff7 (small blind) folded before Flop
Seat 4: Hero (big blind) collected ($0.62)
Seat 6: acee2600 folded before Flop


Poker Hand #HD1818483851: Hold'em No Limit ($0.05/$0.1) - 2024/06/16 22:05:11
Table 'NLHRed12' 6-max Seat #1 is the button
Seat 1: dd22d47d ($10.22 in chips)
Seat 2: 957ba341 ($10 in chips)
Seat 3: 521e2ff7 ($21.81 in chips)
Seat 4: Hero ($24.05 in chips)
Seat 6: acee2600 ($33.47 in chips)
957ba341: posts small blind $0.05
521e2ff7: posts big blind $0.1
*** HOLE CARDS ***
Dealt to dd22d47d 
Dealt to 957ba341 
Dealt to 521e2ff7 
Dealt to Hero [6h Ad]
Dealt to acee2600 
Hero: folds
acee2600: folds
dd22d47d: raises $0.15 to $0.25
957ba341: folds
521e2ff7: folds
Uncalled bet ($0.15) returned to dd22d47d
*** SHOWDOWN ***
dd22d47d collected $0.25 from pot
*** SUMMARY ***
Total pot $0.25 | Rake $0 | Jackpot $0 | Bingo $0 | Fortune $0 | Tax $0
Seat 1: dd22d47d (button) collected ($0.25)
Seat 2: 957ba341 (small blind) folded before Flop
Seat 3: 521e2ff7 (big blind) folded before Flop
Seat 4: Hero folded before Flop (didn't bet)
Seat 6: acee2600 folded before Flop (didn't bet)


Poker Hand #HD1818483757: Hold'em No Limit ($0.05/$0.1) - 2024/06/16 22:04:25
Table 'NLHRed12' 6-max Seat #6 is the button
Seat 1: dd22d47d ($10.27 in chips)
Seat 2: 957ba341 ($10.15 in chips)
Seat 3: 521e2ff7 ($21.81 in chips)
Seat 4: Hero ($24.05 in chips)
Seat 6: acee2600 ($33.15 in chips)
dd22d47d: posts small blind $0.05
957ba341: posts big blind $0.1
*** HOLE CARDS ***
Dealt to dd22d47d 
Dealt to 957ba341 
Dealt to 521e2ff7 
Dealt to Hero [7s Kd]
Dealt to acee2600 
521e2ff7: folds
Hero: folds
acee2600: raises $0.2 to $0.3
dd22d47d: folds
957ba341: calls $0.2
*** FLOP *** [Ac 5h 6c]
957ba341: checks
acee2600: checks
*** TURN *** [Ac 5h 6c] [Jh]
957ba341: checks
acee2600: bets $0.22
957ba341: folds
Uncalled bet ($0.22) returned to acee2600
*** SHOWDOWN ***
acee2600 collected $0.62 from pot
*** SUMMARY ***
Total pot $0.65 | Rake $0.03 | Jackpot $0 | Bingo $0 | Fortune $0 | Tax $0
Board [Ac 5h 6c Jh]
Seat 1: dd22d47d (small blind) folded before Flop
Seat 2: 957ba341 (big blind) folded on the Turn
Seat 3: 521e2ff7 folded before Flop (didn't bet)
Seat 4: Hero folded before Flop (didn't bet)
Seat 6: acee2600 (button) won ($0.62)


Poker Hand #HD1818483726: Hold'em No Limit ($0.05/$0.1) - 2024/06/16 22:04:09
Table 'NLHRed12' 6-max Seat #4 is the button
Seat 1: dd22d47d ($10.37 in chips)
Seat 2: 957ba341 ($10 in chips)
Seat 3: 521e2ff7 ($21.81 in chips)
Seat 4: Hero ($24.05 in chips)
Seat 6: acee2600 ($33.2 in chips)
acee2600: posts small blind $0.05
dd22d47d: posts big blind $0.1
*** HOLE CARDS ***
Dealt to dd22d47d 
Dealt to 957ba341 
Dealt to 521e2ff7 
Dealt to Hero [Ts 5s]
Dealt to acee2600 
957ba341: raises $0.2 to $0.3
521e2ff7: folds
Hero: folds
acee2600: folds
dd22d47d: folds
Uncalled bet ($0.2) returned to 957ba341
*** SHOWDOWN ***
957ba341 collected $0.25 from pot
*** SUMMARY ***
Total pot $0.25 | Rake $0 | Jackpot $0 | Bingo $0 | Fortune $0 | Tax $0
Seat 1: dd22d47d (big blind) folded before Flop
Seat 2: 957ba341 collected ($0.25)
Seat 3: 521e2ff7 folded before Flop (didn't bet)
Seat 4: Hero (button) folded before Flop (didn't bet)
Seat 6: acee2600 (small blind) folded before Flop


Poker Hand #HD1818483625: Hold'em No Limit ($0.05/$0.1) - 2024/06/16 22:03:18
Table 'NLHRed12' 6-max Seat #3 is the button
Seat 1: dd22d47d ($10.37 in chips)
Seat 2: 957ba341 ($10 in chips)
Seat 3: 521e2ff7 ($21.17 in chips)
Seat 4: Hero ($24.1 in chips)
Seat 5: 2eabb185 ($11.34 in chips)
Seat 6: acee2600 ($33.75 in chips)
Hero: posts small blind $0.05
2eabb185: posts big blind $0.1
*** HOLE CARDS ***
Dealt to dd22d47d 
Dealt to 957ba341 
Dealt to 521e2ff7 
Dealt to Hero [4d 5c]
Dealt to 2eabb185 
Dealt to acee2600 
acee2600: raises $0.2 to $0.3
dd22d47d: folds
957ba341: folds
521e2ff7: raises $0.25 to $0.55
Hero: folds
2eabb185: folds
acee2600: calls $0.25
*** FLOP *** [Tc 2d 8s]
acee2600: checks
521e2ff7: checks
*** TURN *** [Tc 2d 8s] [9s]
acee2600: checks
521e2ff7: bets $0.63
acee2600: folds
Uncalled bet ($0.63) returned to 521e2ff7
*** SHOWDOWN ***
521e2ff7 collected $1.19 from pot
*** SUMMARY ***
Total pot $1.25 | Rake $0.06 | Jackpot $0 | Bingo $0 | Fortune $0 | Tax $0
Board [Tc 2d 8s 9s]
Seat 1: dd22d47d folded before Flop (didn't bet)
Seat 2: 957ba341 folded before Flop (didn't bet)
Seat 3: 521e2ff7 (button) won ($1.19)
Seat 4: Hero (small blind) folded before Flop
Seat 5: 2eabb185 (big blind) folded before Flop
Seat 6: acee2600 folded on the Turn


Poker Hand #HD1818483597: Hold'em No Limit ($0.05/$0.1) - 2024/06/16 22:03:04
Table 'NLHRed12' 6-max Seat #2 is the button
Seat 1: dd22d47d ($10.37 in chips)
Seat 2: 957ba341 ($10 in chips)
Seat 3: 521e2ff7 ($21.22 in chips)
Seat 4: Hero ($24.05 in chips)
Seat 5: 2eabb185 ($11.34 in chips)
Seat 6: acee2600 ($33.75 in chips)
521e2ff7: posts small blind $0.05
Hero: posts big blind $0.1
*** HOLE CARDS ***
Dealt to dd22d47d 
Dealt to 957ba341 
Dealt to 521e2ff7 
Dealt to Hero [9d Tc]
Dealt to 2eabb185 
Dealt to acee2600 
2eabb185: folds
acee2600: folds
dd22d47d: folds
957ba341: folds
521e2ff7: folds
Uncalled bet ($0.05) returned to Hero
*** SHOWDOWN ***
Hero collected $0.1 from pot
*** SUMMARY ***
Total pot $0.1 | Rake $0 | Jackpot $0 | Bingo $0 | Fortune $0 | Tax $0
Seat 1: dd22d47d folded before Flop (didn't bet)
Seat 2: 957ba341 (button) folded before Flop (didn't bet)
Seat 3: 521e2ff7 (small blind) folded before Flop
Seat 4: Hero (big blind) collected ($0.1)
Seat 5: 2eabb185 folded before Flop (didn't bet)
Seat 6: acee2600 folded before Flop (didn't bet)


Poker Hand #HD1818483557: Hold'em No Limit ($0.05/$0.1) - 2024/06/16 22:02:48
Table 'NLHRed12' 6-max Seat #1 is the button
Seat 1: dd22d47d ($10.37 in chips)
Seat 2: 957ba341 ($10 in chips)
Seat 3: 521e2ff7 ($21.17 in chips)
Seat 4: Hero ($24.05 in chips)
Seat 5: 2eabb185 ($11.34 in chips)
Seat 6: acee2600 ($33.75 in chips)
957ba341: posts small blind $0.05
521e2ff7: posts big blind $0.1
*** HOLE CARDS ***
Dealt to dd22d47d 
Dealt to 957ba341 
Dealt to 521e2ff7 
Dealt to Hero [9d Jh]
Dealt to 2eabb185 
Dealt to acee2600 
Hero: folds
2eabb185: folds
acee2600: folds
dd22d47d: folds
957ba341: folds
Uncalled bet ($0.05) returned to 521e2ff7
*** SHOWDOWN ***
521e2ff7 collected $0.1 from pot
*** SUMMARY ***
Total pot $0.1 | Rake $0 | Jackpot $0 | Bingo $0 | Fortune $0 | Tax $0
Seat 1: dd22d47d (button) folded before Flop (didn't bet)
Seat 2: 957ba341 (small blind) folded before Flop
Seat 3: 521e2ff7 (big blind) collected ($0.1)
Seat 4: Hero folded before Flop (didn't bet)
Seat 5: 2eabb185 folded before Flop (didn't bet)
Seat 6: acee2600 folded before Flop (didn't bet)


Poker Hand #HD1818483361: Hold'em No Limit ($0.05/$0.1) - 2024/06/16 22:01:19
Table 'NLHRed12' 6-max Seat #6 is the button
Seat 1: dd22d47d ($10.42 in chips)
Seat 2: 957ba341 ($10 in chips)
Seat 3: 521e2ff7 ($21.17 in chips)
Seat 4: Hero ($24.05 in chips)
Seat 5: 2eabb185 ($11.34 in chips)
Seat 6: acee2600 ($29.44 in chips)
dd22d47d: posts small blind $0.05
957ba341: posts big blind $0.1
*** HOLE CARDS ***
Dealt to dd22d47d 
Dealt to 957ba341 
Dealt to 521e2ff7 
Dealt to Hero [Th 3d]
Dealt to 2eabb185 
Dealt to acee2600 
521e2ff7: folds
Hero: folds
2eabb185: folds
acee2600: raises $0.2 to $0.3
dd22d47d: folds
957ba341: raises $0.9 to $1.2
acee2600: calls $0.9
*** FLOP *** [9s Kh Tc]
957ba341: bets $0.85
acee2600: raises $0.85 to $1.7
957ba341: calls $0.85
*** TURN *** [9s Kh Tc] [Js]
957ba341: checks
acee2600: bets $1.94
957ba341: calls $1.94
*** RIVER *** [9s Kh Tc Js] [Ah]
957ba341: checks
acee2600: bets $24.6 and is all-in
957ba341: folds
Uncalled bet ($24.6) returned to acee2600
*** SHOWDOWN ***
acee2600 collected $9.15 from pot
*** SUMMARY ***
Total pot $9.73 | Rake $0.48 | Jackpot $0.1 | Bingo $0 | Fortune $0 | Tax $0
Board [9s Kh Tc Js Ah]
Seat 1: dd22d47d (small blind) folded before Flop
Seat 2: 957ba341 (big blind) folded on the River
Seat 3: 521e2ff7 folded before Flop (didn't bet)
Seat 4: Hero folded before Flop (didn't bet)
Seat 5: 2eabb185 folded before Flop (didn't bet)
Seat 6: acee2600 (button) won ($9.15)


Poker Hand #HD1818483316: Hold'em No Limit ($0.05/$0.1) - 2024/06/16 22:00:55
Table 'NLHRed12' 6-max Seat #5 is the button
Seat 1: dd22d47d ($10.37 in chips)
Seat 2: 957ba341 ($10 in chips)
Seat 3: 521e2ff7 ($21.17 in chips)
Seat 4: Hero ($24.05 in chips)
Seat 5: 2eabb185 ($11.34 in chips)
Seat 6: acee2600 ($29.49 in chips)
acee2600: posts small blind $0.05
dd22d47d: posts big blind $0.1
*** HOLE CARDS ***
Dealt to dd22d47d 
Dealt to 957ba341 
Dealt to 521e2ff7 
Dealt to Hero [Td 3s]
Dealt to 2eabb185 
Dealt to acee2600 
957ba341: folds
521e2ff7: folds
Hero: folds
2eabb185: folds
acee2600: folds
Uncalled bet ($0.05) returned to dd22d47d
*** SHOWDOWN ***
dd22d47d collected $0.1 from pot
*** SUMMARY ***
Total pot $0.1 | Rake $0 | Jackpot $0 | Bingo $0 | Fortune $0 | Tax $0
Seat 1: dd22d47d (big blind) collected ($0.1)
Seat 2: 957ba341 folded before Flop (didn't bet)
Seat 3: 521e2ff7 folded before Flop (didn't bet)
Seat 4: Hero folded before Flop (didn't bet)
Seat 5: 2eabb185 (button) folded before Flop (didn't bet)
Seat 6: acee2600 (small blind) folded before Flop


Poker Hand #HD1818483255: Hold'em No Limit ($0.05/$0.1) - 2024/06/16 22:00:24
Table 'NLHRed12' 6-max Seat #4 is the button
Seat 1: dd22d47d ($10.37 in chips)
Seat 2: 957ba341 ($10 in chips)
Seat 3: 521e2ff7 ($21.17 in chips)
Seat 4: Hero ($24.05 in chips)
Seat 5: 2eabb185 ($11.64 in chips)
Seat 6: acee2600 ($29.22 in chips)
2eabb185: posts small blind $0.05
acee2600: posts big blind $0.1
*** HOLE CARDS ***
Dealt to dd22d47d 
Dealt to 957ba341 
Dealt to 521e2ff7 
Dealt to Hero [6d Tc]
Dealt to 2eabb185 
Dealt to acee2600 
dd22d47d: folds
957ba341: folds
521e2ff7: folds
Hero: folds
2eabb185: raises $0.2 to $0.3
acee2600: calls $0.2
*** FLOP *** [5c 6c 3c]
2eabb185: checks
acee2600: bets $0.45
2eabb185: folds
Uncalled bet ($0.45) returned to acee2600
*** SHOWDOWN ***
acee2600 collected $0.57 from pot
*** SUMMARY ***
Total pot $0.6 | Rake $0.03 | Jackpot $0 | Bingo $0 | Fortune $0 | Tax $0
Board [5c 6c 3c]
Seat 1: dd22d47d folded before Flop (didn't bet)
Seat 2: 957ba341 folded before Flop (didn't bet)
Seat 3: 521e2ff7 folded before Flop (didn't bet)
Seat 4: Hero (button) folded before Flop (didn't bet)
Seat 5: 2eabb185 (small blind) folded on the Flop
Seat 6: acee2600 (big blind) won ($0.57)


Poker Hand #HD1818483188: Hold'em No Limit ($0.05/$0.1) - 2024/06/16 21:59:49
Table 'NLHRed12' 6-max Seat #3 is the button
Seat 1: dd22d47d ($10.37 in chips)
Seat 2: 957ba341 ($10 in chips)
Seat 3: 521e2ff7 ($21.17 in chips)
Seat 4: Hero ($24.1 in chips)
Seat 5: 2eabb185 ($11.94 in chips)
Seat 6: acee2600 ($28.9 in chips)
Hero: posts small blind $0.05
2eabb185: posts big blind $0.1
*** HOLE CARDS ***
Dealt to dd22d47d 
Dealt to 957ba341 
Dealt to 521e2ff7 
Dealt to Hero [Qd 2h]
Dealt to 2eabb185 
Dealt to acee2600 
acee2600: raises $0.2 to $0.3
dd22d47d: folds
957ba341: folds
521e2ff7: folds
Hero: folds
2eabb185: calls $0.2
*** FLOP *** [2s Jh 7c]
2eabb185: checks
acee2600: bets $0.22
2eabb185: folds
Uncalled bet ($0.22) returned to acee2600
*** SHOWDOWN ***
acee2600 collected $0.62 from pot
*** SUMMARY ***
Total pot $0.65 | Rake $0.03 | Jackpot $0 | Bingo $0 | Fortune $0 | Tax $0
Board [2s Jh 7c]
Seat 1: dd22d47d folded before Flop (didn't bet)
Seat 2: 957ba341 folded before Flop (didn't bet)
Seat 3: 521e2ff7 (button) folded before Flop (didn't bet)
Seat 4: Hero (small blind) folded before Flop
Seat 5: 2eabb185 (big blind) folded on the Flop
Seat 6: acee2600 won ($0.62)


Poker Hand #HD1818483133: Hold'em No Limit ($0.05/$0.1) - 2024/06/16 21:59:22
Table 'NLHRed12' 6-max Seat #2 is the button
Seat 1: dd22d47d ($10 in chips)
Seat 2: 957ba341 ($10 in chips)
Seat 3: 521e2ff7 ($21.47 in chips)
Seat 4: Hero ($24.2 in chips)
Seat 5: 2eabb185 ($11.94 in chips)
Seat 6: acee2600 ($28.9 in chips)
521e2ff7: posts small blind $0.05
Hero: posts big blind $0.1
*** HOLE CARDS ***
Dealt to dd22d47d 
Dealt to 957ba341 
Dealt to 521e2ff7 
Dealt to Hero [4h 9s]
Dealt to 2eabb185 
Dealt to acee2600 
2eabb185: folds
acee2600: folds
dd22d47d: raises $0.2 to $0.3
957ba341: folds
521e2ff7: calls $0.25
Hero: folds
*** FLOP *** [7d Ac 4s]
521e2ff7: checks
dd22d47d: bets $0.24
521e2ff7: folds
Uncalled bet ($0.24) returned to dd22d47d
*** SHOWDOWN ***
dd22d47d collected $0.67 from pot
*** SUMMARY ***
Total pot $0.7 | Rake $0.03 | Jackpot $0 | Bingo $0 | Fortune $0 | Tax $0
Board [7d Ac 4s]
Seat 1: dd22d47d won ($0.67)
Seat 2: 957ba341 (button) folded before Flop (didn't bet)
Seat 3: 521e2ff7 (small blind) folded on the Flop
Seat 4: Hero (big blind) folded before Flop
Seat 5: 2eabb185 folded before Flop (didn't bet)
Seat 6: acee2600 folded before Flop (didn't bet)


Poker Hand #HD1818482913: Hold'em No Limit ($0.05/$0.1) - 2024/06/16 21:57:35
Table 'NLHRed12' 6-max Seat #1 is the button
Seat 1: dd22d47d ($10 in chips)
Seat 2: 957ba341 ($10 in chips)
Seat 3: 521e2ff7 ($21.57 in chips)
Seat 4: Hero ($24.2 in chips)
Seat 5: 2eabb185 ($11.94 in chips)
Seat 6: acee2600 ($24.23 in chips)
957ba341: posts small blind $0.05
521e2ff7: posts big blind $0.1
*** HOLE CARDS ***
Dealt to dd22d47d 
Dealt to 957ba341 
Dealt to 521e2ff7 
Dealt to Hero [Jc 6c]
Dealt to 2eabb185 
Dealt to acee2600 
Hero: folds
2eabb185: folds
acee2600: raises $0.2 to $0.3
dd22d47d: folds
957ba341: raises $0.9 to $1.2
521e2ff7: folds
acee2600: calls $0.9
*** FLOP *** [Ah 4h 2h]
957ba341: checks
acee2600: bets $0.83
957ba341: calls $0.83
*** TURN *** [Ah 4h 2h] [9s]
957ba341: checks
acee2600: checks
*** RIVER *** [Ah 4h 2h 9s] [As]
957ba341: bets $3.15
acee2600: raises $3.46 to $6.61
957ba341: folds
Uncalled bet ($3.46) returned to acee2600
*** SHOWDOWN ***
acee2600 collected $9.85 from pot
*** SUMMARY ***
Total pot $10.46 | Rake $0.51 | Jackpot $0.1 | Bingo $0 | Fortune $0 | Tax $0
Board [Ah 4h 2h 9s As]
Seat 1: dd22d47d (button) folded before Flop (didn't bet)
Seat 2: 957ba341 (small blind) folded on the River
Seat 3: 521e2ff7 (big blind) folded before Flop
Seat 4: Hero folded before Flop (didn't bet)
Seat 5: 2eabb185 folded before Flop (didn't bet)
Seat 6: acee2600 won ($9.85)


Poker Hand #HD1818482731: Hold'em No Limit ($0.05/$0.1) - 2024/06/16 21:56:08
Table 'NLHRed12' 6-max Seat #6 is the button
Seat 1: dd22d47d ($10 in chips)
Seat 2: 957ba341 ($11.19 in chips)
Seat 3: 521e2ff7 ($21.77 in chips)
Seat 4: Hero ($24.2 in chips)
Seat 5: 2eabb185 ($12.14 in chips)
Seat 6: acee2600 ($13.69 in chips)
dd22d47d: posts small blind $0.05
957ba341: posts big blind $0.1
*** HOLE CARDS ***
Dealt to dd22d47d 
Dealt to 957ba341 
Dealt to 521e2ff7 
Dealt to Hero [9c 4c]
Dealt to 2eabb185 
Dealt to acee2600 
521e2ff7: raises $0.1 to $0.2
Hero: folds
2eabb185: calls $0.2
acee2600: raises $0.57 to $0.77
dd22d47d: folds
957ba341: raises $1.73 to $2.5
521e2ff7: folds
2eabb185: folds
acee2600: raises $11.19 to $13.69 and is all-in
957ba341: calls $8.69 and is all-in
Uncalled bet ($2.5) returned to acee2600
acee2600: shows [Ac Ad]
957ba341: shows [Kc Ks]
*** FLOP *** [6c Tc 6s]
*** TURN *** [6c Tc 6s] [3c]
*** RIVER *** [6c Tc 6s 3c] [4h]
*** SHOWDOWN ***
acee2600 collected $21.73 from pot
*** SUMMARY ***
Total pot $22.83 | Rake $1 | Jackpot $0.1 | Bingo $0 | Fortune $0 | Tax $0
Board [6c Tc 6s 3c 4h]
Seat 1: dd22d47d (small blind) folded before Flop
Seat 2: 957ba341 (big blind) showed [Kc Ks] and lost with Pair of Kings and Pair of Sixes
Seat 3: 521e2ff7 folded before Flop
Seat 4: Hero folded before Flop (didn't bet)
Seat 5: 2eabb185 folded before Flop
Seat 6: acee2600 (button) showed [Ac Ad] and won ($21.73) with Pair of Aces and Pair of Sixes


Poker Hand #HD1818482644: Hold'em No Limit ($0.05/$0.1) - 2024/06/16 21:55:27
Table 'NLHRed12' 6-max Seat #5 is the button
Seat 1: dd22d47d ($10 in chips)
Seat 2: 957ba341 ($11.19 in chips)
Seat 3: 521e2ff7 ($21.28 in chips)
Seat 4: Hero ($24.2 in chips)
Seat 5: 2eabb185 ($12.14 in chips)
Seat 6: acee2600 ($13.74 in chips)
acee2600: posts small blind $0.05
dd22d47d: posts big blind $0.1
*** HOLE CARDS ***
Dealt to dd22d47d 
Dealt to 957ba341 
Dealt to 521e2ff7 
Dealt to Hero [6h Qc]
Dealt to 2eabb185 
Dealt to acee2600 
957ba341: folds
521e2ff7: calls $0.1
Hero: folds
2eabb185: folds
acee2600: folds
dd22d47d: checks
*** FLOP *** [3c Tc 4c]
dd22d47d: checks
521e2ff7: bets $0.13
dd22d47d: calls $0.13
*** TURN *** [3c Tc 4c] [2s]
dd22d47d: checks
521e2ff7: bets $0.26
dd22d47d: calls $0.26
*** RIVER *** [3c Tc 4c 2s] [Td]
dd22d47d: checks
521e2ff7: bets $0.34
dd22d47d: folds
Uncalled bet ($0.34) returned to 521e2ff7
*** SHOWDOWN ***
521e2ff7 collected $0.98 from pot
*** SUMMARY ***
Total pot $1.03 | Rake $0.05 | Jackpot $0 | Bingo $0 | Fortune $0 | Tax $0
Board [3c Tc 4c 2s Td]
Seat 1: dd22d47d (big blind) folded on the River
Seat 2: 957ba341 folded before Flop (didn't bet)
Seat 3: 521e2ff7 won ($0.98)
Seat 4: Hero folded before Flop (didn't bet)
Seat 5: 2eabb185 (button) folded before Flop (didn't bet)
Seat 6: acee2600 (small blind) folded before Flop


Poker Hand #HD1818482560: Hold'em No Limit ($0.05/$0.1) - 2024/06/16 21:54:46
Table 'NLHRed12' 6-max Seat #4 is the button
Seat 1: dd22d47d ($10 in chips)
Seat 2: 957ba341 ($11.19 in chips)
Seat 3: 521e2ff7 ($18.18 in chips)
Seat 4: Hero ($27.59 in chips)
Seat 5: 2eabb185 ($12.19 in chips)
Seat 6: acee2600 ($13.84 in chips)
2eabb185: posts small blind $0.05
acee2600: posts big blind $0.1
*** HOLE CARDS ***
Dealt to dd22d47d 
Dealt to 957ba341 
Dealt to 521e2ff7 
Dealt to Hero [9d Qd]
Dealt to 2eabb185 
Dealt to acee2600 
dd22d47d: folds
957ba341: folds
521e2ff7: calls $0.1
Hero: raises $0.4 to $0.5
2eabb185: folds
acee2600: folds
521e2ff7: raises $0.58 to $1.08
Hero: calls $0.58
*** FLOP *** [6s Tc 8d]
521e2ff7: bets $2.31
Hero: calls $2.31
*** TURN *** [6s Tc 8d] [2h]
521e2ff7: bets $6.93
Hero: folds
Uncalled bet ($6.93) returned to 521e2ff7
*** SHOWDOWN ***
521e2ff7 collected $6.49 from pot
*** SUMMARY ***
Total pot $6.93 | Rake $0.34 | Jackpot $0.1 | Bingo $0 | Fortune $0 | Tax $0
Board [6s Tc 8d 2h]
Seat 1: dd22d47d folded before Flop (didn't bet)
Seat 2: 957ba341 folded before Flop (didn't bet)
Seat 3: 521e2ff7 won ($6.49)
Seat 4: Hero (button) folded on the Turn
Seat 5: 2eabb185 (small blind) folded before Flop
Seat 6: acee2600 (big blind) folded before Flop


Poker Hand #HD1818482518: Hold'em No Limit ($0.05/$0.1) - 2024/06/16 21:54:25
Table 'NLHRed12' 6-max Seat #3 is the button
Seat 1: dd22d47d ($10 in chips)
Seat 2: 957ba341 ($11.19 in chips)
Seat 3: 521e2ff7 ($18.28 in chips)
Seat 4: Hero ($27.4 in chips)
Seat 5: 2eabb185 ($12.29 in chips)
Seat 6: acee2600 ($13.84 in chips)
Hero: posts small blind $0.05
2eabb185: posts big blind $0.1
*** HOLE CARDS ***
Dealt to dd22d47d 
Dealt to 957ba341 
Dealt to 521e2ff7 
Dealt to Hero [Qs Th]
Dealt to 2eabb185 
Dealt to acee2600 
acee2600: folds
dd22d47d: folds
957ba341: folds
521e2ff7: calls $0.1
Hero: raises $0.4 to $0.5
2eabb185: folds
521e2ff7: folds
Uncalled bet ($0.4) returned to Hero
*** SHOWDOWN ***
Hero collected $0.29 from pot
*** SUMMARY ***
Total pot $0.3 | Rake $0.01 | Jackpot $0 | Bingo $0 | Fortune $0 | Tax $0
Seat 1: dd22d47d folded before Flop (didn't bet)
Seat 2: 957ba341 folded before Flop (didn't bet)
Seat 3: 521e2ff7 (button) folded before Flop
Seat 4: Hero (small blind) collected ($0.29)
Seat 5: 2eabb185 (big blind) folded before Flop
Seat 6: acee2600 folded before Flop (didn't bet)


Poker Hand #HD1818482449: Hold'em No Limit ($0.05/$0.1) - 2024/06/16 21:53:51
Table 'NLHRed12' 6-max Seat #2 is the button
Seat 1: dd22d47d ($10 in chips)
Seat 2: 957ba341 ($10.77 in chips)
Seat 3: 521e2ff7 ($18.33 in chips)
Seat 4: Hero ($27.5 in chips)
Seat 5: 2eabb185 ($12.29 in chips)
Seat 6: acee2600 ($13.84 in chips)
521e2ff7: posts small blind $0.05
Hero: posts big blind $0.1
*** HOLE CARDS ***
Dealt to dd22d47d 
Dealt to 957ba341 
Dealt to 521e2ff7 
Dealt to Hero [5c Qh]
Dealt to 2eabb185 
Dealt to acee2600 
2eabb185: folds
acee2600: folds
dd22d47d: raises $0.2 to $0.3
957ba341: calls $0.3
521e2ff7: folds
Hero: folds
*** FLOP *** [8c 8s 2c]
dd22d47d: checks
957ba341: bets $0.25
dd22d47d: folds
Uncalled bet ($0.25) returned to 957ba341
*** SHOWDOWN ***
957ba341 collected $0.72 from pot
*** SUMMARY ***
Total pot $0.75 | Rake $0.03 | Jackpot $0 | Bingo $0 | Fortune $0 | Tax $0
Board [8c 8s 2c]
Seat 1: dd22d47d folded on the Flop
Seat 2: 957ba341 (button) won ($0.72)
Seat 3: 521e2ff7 (small blind) folded before Flop
Seat 4: Hero (big blind) folded before Flop
Seat 5: 2eabb185 folded before Flop (didn't bet)
Seat 6: acee2600 folded before Flop (didn't bet)


Poker Hand #HD1818482333: Hold'em No Limit ($0.05/$0.1) - 2024/06/16 21:52:55
Table 'NLHRed12' 6-max Seat #1 is the button
Seat 1: dd22d47d ($10 in chips)
Seat 2: 957ba341 ($10.82 in chips)
Seat 3: 521e2ff7 ($17.29 in chips)
Seat 4: Hero ($28.6 in chips)
Seat 5: 2eabb185 ($12.29 in chips)
Seat 6: acee2600 ($13.84 in chips)
957ba341: posts small blind $0.05
521e2ff7: posts big blind $0.1
*** HOLE CARDS ***
Dealt to dd22d47d 
Dealt to 957ba341 
Dealt to 521e2ff7 
Dealt to Hero [Qd Jc]
Dealt to 2eabb185 
Dealt to acee2600 
Hero: raises $0.1 to $0.2
2eabb185: folds
acee2600: folds
dd22d47d: folds
957ba341: folds
521e2ff7: calls $0.1
*** FLOP *** [Kd 7h 9s]
521e2ff7: checks
Hero: bets $0.3
521e2ff7: calls $0.3
*** TURN *** [Kd 7h 9s] [2s]
521e2ff7: checks
Hero: bets $0.6
521e2ff7: calls $0.6
*** RIVER *** [Kd 7h 9s 2s] [5s]
521e2ff7: checks
Hero: checks
521e2ff7: shows [8h 6c] (Nines-High Straight)
Hero: shows [Qd Jc] (King-High)
*** SHOWDOWN ***
521e2ff7 collected $2.14 from pot
*** SUMMARY ***
Total pot $2.25 | Rake $0.11 | Jackpot $0 | Bingo $0 | Fortune $0 | Tax $0
Board [Kd 7h 9s 2s 5s]
Seat 1: dd22d47d (button) folded before Flop (didn't bet)
Seat 2: 957ba341 (small blind) folded before Flop
Seat 3: 521e2ff7 (big blind) showed [8h 6c] and won ($2.14) with Nines-High Straight
Seat 4: Hero showed [Qd Jc] and lost with King-High
Seat 5: 2eabb185 folded before Flop (didn't bet)
Seat 6: acee2600 folded before Flop (didn't bet)


Poker Hand #HD1818482270: Hold'em No Limit ($0.05/$0.1) - 2024/06/16 21:52:29
Table 'NLHRed12' 6-max Seat #6 is the button
Seat 1: dd22d47d ($10 in chips)
Seat 2: 957ba341 ($11.02 in chips)
Seat 3: 521e2ff7 ($17.06 in chips)
Seat 4: Hero ($28.6 in chips)
Seat 5: 2eabb185 ($12.29 in chips)
Seat 6: acee2600 ($13.84 in chips)
dd22d47d: posts small blind $0.05
957ba341: posts big blind $0.1
*** HOLE CARDS ***
Dealt to dd22d47d 
Dealt to 957ba341 
Dealt to 521e2ff7 
Dealt to Hero [3h Kd]
Dealt to 2eabb185 
Dealt to acee2600 
521e2ff7: raises $0.1 to $0.2
Hero: folds
2eabb185: folds
acee2600: folds
dd22d47d: folds
957ba341: calls $0.1
*** FLOP *** [As 4s 6d]
957ba341: checks
521e2ff7: bets $0.23
957ba341: folds
Uncalled bet ($0.23) returned to 521e2ff7
*** SHOWDOWN ***
521e2ff7 collected $0.43 from pot
*** SUMMARY ***
Total pot $0.45 | Rake $0.02 | Jackpot $0 | Bingo $0 | Fortune $0 | Tax $0
Board [As 4s 6d]
Seat 1: dd22d47d (small blind) folded before Flop
Seat 2: 957ba341 (big blind) folded on the Flop
Seat 3: 521e2ff7 won ($0.43)
Seat 4: Hero folded before Flop (didn't bet)
Seat 5: 2eabb185 folded before Flop (didn't bet)
Seat 6: acee2600 (button) folded before Flop (didn't bet)


Poker Hand #HD1818482242: Hold'em No Limit ($0.05/$0.1) - 2024/06/16 21:52:18
Table 'NLHRed12' 6-max Seat #5 is the button
Seat 1: dd22d47d ($10 in chips)
Seat 2: 957ba341 ($11.02 in chips)
Seat 3: 521e2ff7 ($16.91 in chips)
Seat 4: Hero ($28.6 in chips)
Seat 5: 2eabb185 ($12.29 in chips)
Seat 6: acee2600 ($13.89 in chips)
acee2600: posts small blind $0.05
dd22d47d: posts big blind $0.1
*** HOLE CARDS ***
Dealt to dd22d47d 
Dealt to 957ba341 
Dealt to 521e2ff7 
Dealt to Hero [3s 9h]
Dealt to 2eabb185 
Dealt to acee2600 
957ba341: folds
521e2ff7: raises $0.1 to $0.2
Hero: folds
2eabb185: folds
acee2600: folds
dd22d47d: folds
Uncalled bet ($0.1) returned to 521e2ff7
*** SHOWDOWN ***
521e2ff7 collected $0.25 from pot
*** SUMMARY ***
Total pot $0.25 | Rake $0 | Jackpot $0 | Bingo $0 | Fortune $0 | Tax $0
Seat 1: dd22d47d (big blind) folded before Flop
Seat 2: 957ba341 folded before Flop (didn't bet)
Seat 3: 521e2ff7 collected ($0.25)
Seat 4: Hero folded before Flop (didn't bet)
Seat 5: 2eabb185 (button) folded before Flop (didn't bet)
Seat 6: acee2600 (small blind) folded before Flop


Poker Hand #HD1818482183: Hold'em No Limit ($0.05/$0.1) - 2024/06/16 21:51:48
Table 'NLHRed12' 6-max Seat #4 is the button
Seat 1: dd22d47d ($10 in chips)
Seat 2: 957ba341 ($11.02 in chips)
Seat 3: 521e2ff7 ($17.11 in chips)
Seat 4: Hero ($28.6 in chips)
Seat 5: 2eabb185 ($12.34 in chips)
Seat 6: acee2600 ($13.66 in chips)
2eabb185: posts small blind $0.05
acee2600: posts big blind $0.1
*** HOLE CARDS ***
Dealt to dd22d47d 
Dealt to 957ba341 
Dealt to 521e2ff7 
Dealt to Hero [Th 5d]
Dealt to 2eabb185 
Dealt to acee2600 
dd22d47d: folds
957ba341: folds
521e2ff7: raises $0.1 to $0.2
Hero: folds
2eabb185: folds
acee2600: raises $0.4 to $0.6
521e2ff7: folds
Uncalled bet ($0.4) returned to acee2600
*** SHOWDOWN ***
acee2600 collected $0.43 from pot
*** SUMMARY ***
Total pot $0.45 | Rake $0.02 | Jackpot $0 | Bingo $0 | Fortune $0 | Tax $0
Seat 1: dd22d47d folded before Flop (didn't bet)
Seat 2: 957ba341 folded before Flop (didn't bet)
Seat 3: 521e2ff7 folded before Flop
Seat 4: Hero (button) folded before Flop (didn't bet)
Seat 5: 2eabb185 (small blind) folded before Flop
Seat 6: acee2600 (big blind) collected ($0.43)


Poker Hand #HD1818482148: Hold'em No Limit ($0.05/$0.1) - 2024/06/16 21:51:30
Table 'NLHRed12' 6-max Seat #3 is the button
Seat 1: dd22d47d ($10 in chips)
Seat 2: 957ba341 ($10.87 in chips)
Seat 3: 521e2ff7 ($17.11 in chips)
Seat 4: Hero ($28.65 in chips)
Seat 5: 2eabb185 ($12.44 in chips)
Seat 6: acee2600 ($13.66 in chips)
Hero: posts small blind $0.05
2eabb185: posts big blind $0.1
*** HOLE CARDS ***
Dealt to dd22d47d 
Dealt to 957ba341 
Dealt to 521e2ff7 
Dealt to Hero [9s 4h]
Dealt to 2eabb185 
Dealt to acee2600 
acee2600: folds
dd22d47d: folds
957ba341: raises $0.2 to $0.3
521e2ff7: folds
Hero: folds
2eabb185: folds
Uncalled bet ($0.2) returned to 957ba341
*** SHOWDOWN ***
957ba341 collected $0.25 from pot
*** SUMMARY ***
Total pot $0.25 | Rake $0 | Jackpot $0 | Bingo $0 | Fortune $0 | Tax $0
Seat 1: dd22d47d folded before Flop (didn't bet)
Seat 2: 957ba341 collected ($0.25)
Seat 3: 521e2ff7 (button) folded before Flop (didn't bet)
Seat 4: Hero (small blind) folded before Flop
Seat 5: 2eabb185 (big blind) folded before Flop
Seat 6: acee2600 folded before Flop (didn't bet)


Poker Hand #HD1818482092: Hold'em No Limit ($0.05/$0.1) - 2024/06/16 21:51:03
Table 'NLHRed12' 6-max Seat #2 is the button
Seat 1: dd22d47d ($10 in chips)
Seat 2: 957ba341 ($10.87 in chips)
Seat 3: 521e2ff7 ($17.16 in chips)
Seat 4: Hero ($28.75 in chips)
Seat 5: 2eabb185 ($12.44 in chips)
Seat 6: acee2600 ($13.51 in chips)
521e2ff7: posts small blind $0.05
Hero: posts big blind $0.1
*** HOLE CARDS ***
Dealt to dd22d47d 
Dealt to 957ba341 
Dealt to 521e2ff7 
Dealt to Hero [6c 9h]
Dealt to 2eabb185 
Dealt to acee2600 
2eabb185: folds
acee2600: raises $0.2 to $0.3
dd22d47d: folds
957ba341: folds
521e2ff7: folds
Hero: folds
Uncalled bet ($0.2) returned to acee2600
*** SHOWDOWN ***
acee2600 collected $0.25 from pot
*** SUMMARY ***
Total pot $0.25 | Rake $0 | Jackpot $0 | Bingo $0 | Fortune $0 | Tax $0
Seat 1: dd22d47d folded before Flop (didn't bet)
Seat 2: 957ba341 (button) folded before Flop (didn't bet)
Seat 3: 521e2ff7 (small blind) folded before Flop
Seat 4: Hero (big blind) folded before Flop
Seat 5: 2eabb185 folded before Flop (didn't bet)
Seat 6: acee2600 collected ($0.25)


Poker Hand #HD1818482008: Hold'em No Limit ($0.05/$0.1) - 2024/06/16 21:50:21
Table 'NLHRed12' 6-max Seat #1 is the button
Seat 1: dd22d47d ($10 in chips)
Seat 2: 957ba341 ($10.92 in chips)
Seat 3: 521e2ff7 ($16.75 in chips)
Seat 4: Hero ($29.15 in chips)
Seat 5: 2eabb185 ($12.44 in chips)
Seat 6: acee2600 ($13.51 in chips)
957ba341: posts small blind $0.05
521e2ff7: posts big blind $0.1
*** HOLE CARDS ***
Dealt to dd22d47d 
Dealt to 957ba341 
Dealt to 521e2ff7 
Dealt to Hero [Kd Js]
Dealt to 2eabb185 
Dealt to acee2600 
Hero: raises $0.1 to $0.2
2eabb185: folds
acee2600: folds
dd22d47d: folds
957ba341: folds
521e2ff7: calls $0.1
*** FLOP *** [Ad 5c As]
521e2ff7: checks
Hero: bets $0.2
521e2ff7: calls $0.2
*** TURN *** [Ad 5c As] [8s]
521e2ff7: checks
Hero: checks
*** RIVER *** [Ad 5c As 8s] [Tc]
521e2ff7: bets $0.29
Hero: folds
Uncalled bet ($0.29) returned to 521e2ff7
*** SHOWDOWN ***
521e2ff7 collected $0.81 from pot
*** SUMMARY ***
Total pot $0.85 | Rake $0.04 | Jackpot $0 | Bingo $0 | Fortune $0 | Tax $0
Board [Ad 5c As 8s Tc]
Seat 1: dd22d47d (button) folded before Flop (didn't bet)
Seat 2: 957ba341 (small blind) folded before Flop
Seat 3: 521e2ff7 (big blind) won ($0.81)
Seat 4: Hero folded on the River
Seat 5: 2eabb185 folded before Flop (didn't bet)
Seat 6: acee2600 folded before Flop (didn't bet)


Poker Hand #HD1818481979: Hold'em No Limit ($0.05/$0.1) - 2024/06/16 21:50:07
Table 'NLHRed12' 6-max Seat #6 is the button
Seat 1: dd22d47d ($10 in chips)
Seat 2: 957ba341 ($10.87 in chips)
Seat 3: 521e2ff7 ($16.75 in chips)
Seat 4: Hero ($29.15 in chips)
Seat 5: 2eabb185 ($12.44 in chips)
Seat 6: acee2600 ($13.51 in chips)
dd22d47d: posts small blind $0.05
957ba341: posts big blind $0.1
*** HOLE CARDS ***
Dealt to dd22d47d 
Dealt to 957ba341 
Dealt to 521e2ff7 
Dealt to Hero [3h 4c]
Dealt to 2eabb185 
Dealt to acee2600 
521e2ff7: folds
Hero: folds
2eabb185: folds
acee2600: folds
dd22d47d: folds
Uncalled bet ($0.05) returned to 957ba341
*** SHOWDOWN ***
957ba341 collected $0.1 from pot
*** SUMMARY ***
Total pot $0.1 | Rake $0 | Jackpot $0 | Bingo $0 | Fortune $0 | Tax $0
Seat 1: dd22d47d (small blind) folded before Flop
Seat 2: 957ba341 (big blind) collected ($0.1)
Seat 3: 521e2ff7 folded before Flop (didn't bet)
Seat 4: Hero folded before Flop (didn't bet)
Seat 5: 2eabb185 folded before Flop (didn't bet)
Seat 6: acee2600 (button) folded before Flop (didn't bet)


Poker Hand #HD1818481871: Hold'em No Limit ($0.05/$0.1) - 2024/06/16 21:49:15
Table 'NLHRed12' 6-max Seat #5 is the button
Seat 1: dd22d47d ($10 in chips)
Seat 2: 957ba341 ($10.87 in chips)
Seat 3: 521e2ff7 ($18.05 in chips)
Seat 4: Hero ($29.15 in chips)
Seat 5: 2eabb185 ($12.44 in chips)
Seat 6: acee2600 ($12.24 in chips)
acee2600: posts small blind $0.05
dd22d47d: posts big blind $0.1
*** HOLE CARDS ***
Dealt to dd22d47d 
Dealt to 957ba341 
Dealt to 521e2ff7 
Dealt to Hero [9h 7h]
Dealt to 2eabb185 
Dealt to acee2600 
957ba341: folds
521e2ff7: raises $0.1 to $0.2
Hero: folds
2eabb185: folds
acee2600: raises $0.6 to $0.8
dd22d47d: folds
521e2ff7: calls $0.6
*** FLOP *** [8d Js 7c]
acee2600: checks
521e2ff7: bets $0.5
acee2600: calls $0.5
*** TURN *** [8d Js 7c] [Kh]
acee2600: checks
521e2ff7: checks
*** RIVER *** [8d Js 7c Kh] [Ks]
acee2600: bets $0.9
521e2ff7: folds
Uncalled bet ($0.9) returned to acee2600
*** SHOWDOWN ***
acee2600 collected $2.57 from pot
*** SUMMARY ***
Total pot $2.7 | Rake $0.13 | Jackpot $0 | Bingo $0 | Fortune $0 | Tax $0
Board [8d Js 7c Kh Ks]
Seat 1: dd22d47d (big blind) folded before Flop
Seat 2: 957ba341 folded before Flop (didn't bet)
Seat 3: 521e2ff7 folded on the River
Seat 4: Hero folded before Flop (didn't bet)
Seat 5: 2eabb185 (button) folded before Flop (didn't bet)
Seat 6: acee2600 (small blind) won ($2.57)


Poker Hand #HD1818481850: Hold'em No Limit ($0.05/$0.1) - 2024/06/16 21:49:05
Table 'NLHRed12' 6-max Seat #4 is the button
Seat 1: dd22d47d ($10 in chips)
Seat 2: 957ba341 ($10.87 in chips)
Seat 3: 521e2ff7 ($18.05 in chips)
Seat 4: Hero ($29.15 in chips)
Seat 5: 2eabb185 ($12.49 in chips)
Seat 6: acee2600 ($12.19 in chips)
2eabb185: posts small blind $0.05
acee2600: posts big blind $0.1
*** HOLE CARDS ***
Dealt to dd22d47d 
Dealt to 957ba341 
Dealt to 521e2ff7 
Dealt to Hero [3s Th]
Dealt to 2eabb185 
Dealt to acee2600 
dd22d47d: folds
957ba341: folds
521e2ff7: folds
Hero: folds
2eabb185: folds
Uncalled bet ($0.05) returned to acee2600
*** SHOWDOWN ***
acee2600 collected $0.1 from pot
*** SUMMARY ***
Total pot $0.1 | Rake $0 | Jackpot $0 | Bingo $0 | Fortune $0 | Tax $0
Seat 1: dd22d47d folded before Flop (didn't bet)
Seat 2: 957ba341 folded before Flop (didn't bet)
Seat 3: 521e2ff7 folded before Flop (didn't bet)
Seat 4: Hero (button) folded before Flop (didn't bet)
Seat 5: 2eabb185 (small blind) folded before Flop
Seat 6: acee2600 (big blind) collected ($0.1)


Poker Hand #HD1818481747: Hold'em No Limit ($0.05/$0.1) - 2024/06/16 21:48:19
Table 'NLHRed12' 6-max Seat #3 is the button
Seat 1: dd22d47d ($10 in chips)
Seat 2: 957ba341 ($10.87 in chips)
Seat 3: 521e2ff7 ($18.85 in chips)
Seat 4: Hero ($28.33 in chips)
Seat 5: 2eabb185 ($12.59 in chips)
Seat 6: acee2600 ($12.19 in chips)
Hero: posts small blind $0.05
2eabb185: posts big blind $0.1
*** HOLE CARDS ***
Dealt to dd22d47d 
Dealt to 957ba341 
Dealt to 521e2ff7 
Dealt to Hero [Ks As]
Dealt to 2eabb185 
Dealt to acee2600 
acee2600: folds
dd22d47d: folds
957ba341: folds
521e2ff7: calls $0.1
Hero: raises $0.4 to $0.5
2eabb185: folds
521e2ff7: calls $0.4
*** FLOP *** [7s 2d Kh]
Hero: bets $0.3
521e2ff7: calls $0.3
*** TURN *** [7s 2d Kh] [9d]
Hero: bets $1.2
521e2ff7: folds
Uncalled bet ($1.2) returned to Hero
*** SHOWDOWN ***
Hero collected $1.62 from pot
*** SUMMARY ***
Total pot $1.7 | Rake $0.08 | Jackpot $0 | Bingo $0 | Fortune $0 | Tax $0
Board [7s 2d Kh 9d]
Seat 1: dd22d47d folded before Flop (didn't bet)
Seat 2: 957ba341 folded before Flop (didn't bet)
Seat 3: 521e2ff7 (button) folded on the Turn
Seat 4: Hero (small blind) won ($1.62)
Seat 5: 2eabb185 (big blind) folded before Flop
Seat 6: acee2600 folded before Flop (didn't bet)


Poker Hand #HD1818481591: Hold'em No Limit ($0.05/$0.1) - 2024/06/16 21:47:08
Table 'NLHRed12' 6-max Seat #2 is the button
Seat 1: dd22d47d ($10.19 in chips)
Seat 2: 957ba341 ($10.87 in chips)
Seat 3: 521e2ff7 ($18.9 in chips)
Seat 4: Hero ($28.43 in chips)
Seat 5: 2eabb185 ($10 in chips)
Seat 6: acee2600 ($12.19 in chips)
521e2ff7: posts small blind $0.05
Hero: posts big blind $0.1
*** HOLE CARDS ***
Dealt to dd22d47d 
Dealt to 957ba341 
Dealt to 521e2ff7 
Dealt to Hero [7s 2d]
Dealt to 2eabb185 
Dealt to acee2600 
2eabb185: raises $0.15 to $0.25
acee2600: folds
dd22d47d: raises $0.5 to $0.75
957ba341: folds
521e2ff7: folds
Hero: folds
2eabb185: calls $0.5
*** FLOP *** [Js 6h Td]
2eabb185: checks
dd22d47d: bets $0.55
2eabb185: calls $0.55
*** TURN *** [Js 6h Td] [Kc]
2eabb185: checks
dd22d47d: bets $1.52
2eabb185: calls $1.52
*** RIVER *** [Js 6h Td Kc] [Ad]
2eabb185: checks
dd22d47d: checks
2eabb185: shows [Ah Ks] (Pair of Aces and Pair of Kings)
dd22d47d: shows [9c Ac] (Pair of Aces)
*** SHOWDOWN ***
2eabb185 collected $5.41 from pot
*** SUMMARY ***
Total pot $5.79 | Rake $0.28 | Jackpot $0.1 | Bingo $0 | Fortune $0 | Tax $0
Board [Js 6h Td Kc Ad]
Seat 1: dd22d47d showed [9c Ac] and lost with Pair of Aces
Seat 2: 957ba341 (button) folded before Flop (didn't bet)
Seat 3: 521e2ff7 (small blind) folded before Flop
Seat 4: Hero (big blind) folded before Flop
Seat 5: 2eabb185 showed [Ah Ks] and won ($5.41) with Pair of Aces and Pair of Kings
Seat 6: acee2600 folded before Flop (didn't bet)


Poker Hand #HD1818481478: Hold'em No Limit ($0.05/$0.1) - 2024/06/16 21:46:12
Table 'NLHRed12' 6-max Seat #1 is the button
Seat 1: dd22d47d ($10.19 in chips)
Seat 2: 957ba341 ($10.92 in chips)
Seat 3: 521e2ff7 ($19.78 in chips)
Seat 4: Hero ($28.43 in chips)
Seat 5: 2eabb185 ($10 in chips)
Seat 6: acee2600 ($11.35 in chips)
957ba341: posts small blind $0.05
521e2ff7: posts big blind $0.1
*** HOLE CARDS ***
Dealt to dd22d47d 
Dealt to 957ba341 
Dealt to 521e2ff7 
Dealt to Hero [6h Qs]
Dealt to 2eabb185 
Dealt to acee2600 
Hero: folds
2eabb185: folds
acee2600: raises $0.2 to $0.3
dd22d47d: folds
957ba341: folds
521e2ff7: calls $0.2
*** FLOP *** [4d Tc 2d]
521e2ff7: checks
acee2600: checks
*** TURN *** [4d Tc 2d] [7s]
521e2ff7: checks
acee2600: checks
*** RIVER *** [4d Tc 2d 7s] [7c]
521e2ff7: checks
acee2600: bets $0.22
521e2ff7: raises $0.36 to $0.58
acee2600: calls $0.36
521e2ff7: shows [Jc Qd] (Pair of Sevens)
acee2600: shows [Kh Jd] (Pair of Sevens)
*** SHOWDOWN ***
acee2600 collected $1.72 from pot
*** SUMMARY ***
Total pot $1.81 | Rake $0.09 | Jackpot $0 | Bingo $0 | Fortune $0 | Tax $0
Board [4d Tc 2d 7s 7c]
Seat 1: dd22d47d (button) folded before Flop (didn't bet)
Seat 2: 957ba341 (small blind) folded before Flop
Seat 3: 521e2ff7 (big blind) showed [Jc Qd] and lost with Pair of Sevens
Seat 4: Hero folded before Flop (didn't bet)
Seat 5: 2eabb185 folded before Flop (didn't bet)
Seat 6: acee2600 showed [Kh Jd] and won ($1.72) with Pair of Sevens


Poker Hand #HD1818481444: Hold'em No Limit ($0.05/$0.1) - 2024/06/16 21:45:52
Table 'NLHRed12' 6-max Seat #6 is the button
Seat 1: dd22d47d ($10.24 in chips)
Seat 2: 957ba341 ($11.02 in chips)
Seat 3: 521e2ff7 ($19.78 in chips)
Seat 4: Hero ($28.28 in chips)
Seat 5: 2eabb185 ($10 in chips)
Seat 6: acee2600 ($11.35 in chips)
dd22d47d: posts small blind $0.05
957ba341: posts big blind $0.1
*** HOLE CARDS ***
Dealt to dd22d47d 
Dealt to 957ba341 
Dealt to 521e2ff7 
Dealt to Hero [7h 7s]
Dealt to 2eabb185 
Dealt to acee2600 
521e2ff7: folds
Hero: raises $0.1 to $0.2
2eabb185: folds
acee2600: folds
dd22d47d: folds
957ba341: folds
Uncalled bet ($0.1) returned to Hero
*** SHOWDOWN ***
Hero collected $0.25 from pot
*** SUMMARY ***
Total pot $0.25 | Rake $0 | Jackpot $0 | Bingo $0 | Fortune $0 | Tax $0
Seat 1: dd22d47d (small blind) folded before Flop
Seat 2: 957ba341 (big blind) folded before Flop
Seat 3: 521e2ff7 folded before Flop (didn't bet)
Seat 4: Hero collected ($0.25)
Seat 5: 2eabb185 folded before Flop (didn't bet)
Seat 6: acee2600 (button) folded before Flop (didn't bet)


Poker Hand #HD1818481401: Hold'em No Limit ($0.05/$0.1) - 2024/06/16 21:45:30
Table 'NLHRed12' 6-max Seat #5 is the button
Seat 1: dd22d47d ($10.34 in chips)
Seat 2: 957ba341 ($11.02 in chips)
Seat 3: 521e2ff7 ($19.64 in chips)
Seat 4: Hero ($28.28 in chips)
Seat 5: 2eabb185 ($10 in chips)
Seat 6: acee2600 ($11.4 in chips)
acee2600: posts small blind $0.05
dd22d47d: posts big blind $0.1
*** HOLE CARDS ***
Dealt to dd22d47d 
Dealt to 957ba341 
Dealt to 521e2ff7 
Dealt to Hero [3s 6c]
Dealt to 2eabb185 
Dealt to acee2600 
957ba341: folds
521e2ff7: calls $0.1
Hero: folds
2eabb185: folds
acee2600: folds
dd22d47d: checks
*** FLOP *** [2d 4h 2h]
dd22d47d: checks
521e2ff7: bets $0.13
dd22d47d: folds
Uncalled bet ($0.13) returned to 521e2ff7
*** SHOWDOWN ***
521e2ff7 collected $0.24 from pot
*** SUMMARY ***
Total pot $0.25 | Rake $0.01 | Jackpot $0 | Bingo $0 | Fortune $0 | Tax $0
Board [2d 4h 2h]
Seat 1: dd22d47d (big blind) folded on the Flop
Seat 2: 957ba341 folded before Flop (didn't bet)
Seat 3: 521e2ff7 won ($0.24)
Seat 4: Hero folded before Flop (didn't bet)
Seat 5: 2eabb185 (button) folded before Flop (didn't bet)
Seat 6: acee2600 (small blind) folded before Flop


Poker Hand #HD1818481332: Hold'em No Limit ($0.05/$0.1) - 2024/06/16 21:44:57
Table 'NLHRed12' 6-max Seat #4 is the button
Seat 1: dd22d47d ($10.34 in chips)
Seat 2: 957ba341 ($11.02 in chips)
Seat 3: 521e2ff7 ($19.64 in chips)
Seat 4: Hero ($28.28 in chips)
Seat 5: 2eabb185 ($10.15 in chips)
Seat 6: acee2600 ($11.13 in chips)
2eabb185: posts small blind $0.05
acee2600: posts big blind $0.1
*** HOLE CARDS ***
Dealt to dd22d47d 
Dealt to 957ba341 
Dealt to 521e2ff7 
Dealt to Hero [3c Ad]
Dealt to 2eabb185 
Dealt to acee2600 
dd22d47d: folds
957ba341: folds
521e2ff7: folds
Hero: folds
2eabb185: raises $0.2 to $0.3
acee2600: calls $0.2
*** FLOP *** [3s 4d 8d]
2eabb185: checks
acee2600: bets $0.8
2eabb185: folds
Uncalled bet ($0.8) returned to acee2600
*** SHOWDOWN ***
acee2600 collected $0.57 from pot
*** SUMMARY ***
Total pot $0.6 | Rake $0.03 | Jackpot $0 | Bingo $0 | Fortune $0 | Tax $0
Board [3s 4d 8d]
Seat 1: dd22d47d folded before Flop (didn't bet)
Seat 2: 957ba341 folded before Flop (didn't bet)
Seat 3: 521e2ff7 folded before Flop (didn't bet)
Seat 4: Hero (button) folded before Flop (didn't bet)
Seat 5: 2eabb185 (small blind) folded on the Flop
Seat 6: acee2600 (big blind) won ($0.57)


Poker Hand #HD1818481296: Hold'em No Limit ($0.05/$0.1) - 2024/06/16 21:44:34
Table 'NLHRed12' 6-max Seat #3 is the button
Seat 1: dd22d47d ($10.34 in chips)
Seat 2: 957ba341 ($11.02 in chips)
Seat 3: 521e2ff7 ($19.74 in chips)
Seat 4: Hero ($28.33 in chips)
Seat 5: 2eabb185 ($10 in chips)
Seat 6: acee2600 ($11.13 in chips)
Hero: posts small blind $0.05
2eabb185: posts big blind $0.1
*** HOLE CARDS ***
Dealt to dd22d47d 
Dealt to 957ba341 
Dealt to 521e2ff7 
Dealt to Hero [2c 3h]
Dealt to 2eabb185 
Dealt to acee2600 
acee2600: folds
dd22d47d: folds
957ba341: folds
521e2ff7: calls $0.1
Hero: folds
2eabb185: raises $0.25 to $0.35
521e2ff7: folds
Uncalled bet ($0.25) returned to 2eabb185
*** SHOWDOWN ***
2eabb185 collected $0.25 from pot
*** SUMMARY ***
Total pot $0.25 | Rake $0 | Jackpot $0 | Bingo $0 | Fortune $0 | Tax $0
Seat 1: dd22d47d folded before Flop (didn't bet)
Seat 2: 957ba341 folded before Flop (didn't bet)
Seat 3: 521e2ff7 (button) folded before Flop
Seat 4: Hero (small blind) folded before Flop
Seat 5: 2eabb185 (big blind) collected ($0.25)
Seat 6: acee2600 folded before Flop (didn't bet)


Poker Hand #HD1818481249: Hold'em No Limit ($0.05/$0.1) - 2024/06/16 21:44:17
Table 'NLHRed12' 6-max Seat #2 is the button
Seat 1: dd22d47d ($10.34 in chips)
Seat 2: 957ba341 ($10.87 in chips)
Seat 3: 521e2ff7 ($19.79 in chips)
Seat 4: Hero ($28.43 in chips)
Seat 5: 2eabb185 ($10 in chips)
Seat 6: acee2600 ($11.13 in chips)
521e2ff7: posts small blind $0.05
Hero: posts big blind $0.1
*** HOLE CARDS ***
Dealt to dd22d47d 
Dealt to 957ba341 
Dealt to 521e2ff7 
Dealt to Hero [3c Ah]
Dealt to 2eabb185 
Dealt to acee2600 
2eabb185: folds
acee2600: folds
dd22d47d: folds
957ba341: raises $0.2 to $0.3
521e2ff7: folds
Hero: folds
Uncalled bet ($0.2) returned to 957ba341
*** SHOWDOWN ***
957ba341 collected $0.25 from pot
*** SUMMARY ***
Total pot $0.25 | Rake $0 | Jackpot $0 | Bingo $0 | Fortune $0 | Tax $0
Seat 1: dd22d47d folded before Flop (didn't bet)
Seat 2: 957ba341 (button) collected ($0.25)
Seat 3: 521e2ff7 (small blind) folded before Flop
Seat 4: Hero (big blind) folded before Flop
Seat 5: 2eabb185 folded before Flop (didn't bet)
Seat 6: acee2600 folded before Flop (didn't bet)


Poker Hand #HD1818481168: Hold'em No Limit ($0.05/$0.1) - 2024/06/16 21:43:41
Table 'NLHRed12' 6-max Seat #1 is the button
Seat 1: dd22d47d ($10 in chips)
Seat 2: 957ba341 ($10.92 in chips)
Seat 3: 521e2ff7 ($19.89 in chips)
Seat 4: Hero ($28.43 in chips)
Seat 5: 2eabb185 ($10 in chips)
Seat 6: acee2600 ($11.13 in chips)
957ba341: posts small blind $0.05
521e2ff7: posts big blind $0.1
*** HOLE CARDS ***
Dealt to dd22d47d 
Dealt to 957ba341 
Dealt to 521e2ff7 
Dealt to Hero [Td 6s]
Dealt to 2eabb185 
Dealt to acee2600 
Hero: folds
2eabb185: raises $0.12 to $0.22
acee2600: folds
dd22d47d: raises $0.48 to $0.7
957ba341: folds
521e2ff7: folds
2eabb185: folds
Uncalled bet ($0.48) returned to dd22d47d
*** SHOWDOWN ***
dd22d47d collected $0.56 from pot
*** SUMMARY ***
Total pot $0.59 | Rake $0.03 | Jackpot $0 | Bingo $0 | Fortune $0 | Tax $0
Seat 1: dd22d47d (button) collected ($0.56)
Seat 2: 957ba341 (small blind) folded before Flop
Seat 3: 521e2ff7 (big blind) folded before Flop
Seat 4: Hero folded before Flop (didn't bet)
Seat 5: 2eabb185 folded before Flop
Seat 6: acee2600 folded before Flop (didn't bet)


Poker Hand #HD1818481099: Hold'em No Limit ($0.05/$0.1) - 2024/06/16 21:43:02
Table 'NLHRed12' 6-max Seat #6 is the button
Seat 1: dd22d47d ($10 in chips)
Seat 2: 957ba341 ($12.12 in chips)
Seat 3: 521e2ff7 ($19.89 in chips)
Seat 4: Hero ($28.43 in chips)
Seat 5: 2eabb185 ($10 in chips)
Seat 6: acee2600 ($10 in chips)
dd22d47d: posts small blind $0.05
957ba341: posts big blind $0.1
*** HOLE CARDS ***
Dealt to dd22d47d 
Dealt to 957ba341 
Dealt to 521e2ff7 
Dealt to Hero [Qd 4s]
Dealt to 2eabb185 
Dealt to acee2600 
521e2ff7: folds
Hero: folds
2eabb185: folds
acee2600: raises $0.2 to $0.3
dd22d47d: folds
957ba341: raises $0.9 to $1.2
acee2600: calls $0.9
*** FLOP *** [Jd 2c 8h]
957ba341: checks
acee2600: bets $1.84
957ba341: folds
Uncalled bet ($1.84) returned to acee2600
*** SHOWDOWN ***
acee2600 collected $2.33 from pot
*** SUMMARY ***
Total pot $2.45 | Rake $0.12 | Jackpot $0 | Bingo $0 | Fortune $0 | Tax $0
Board [Jd 2c 8h]
Seat 1: dd22d47d (small blind) folded before Flop
Seat 2: 957ba341 (big blind) folded on the Flop
Seat 3: 521e2ff7 folded before Flop (didn't bet)
Seat 4: Hero folded before Flop (didn't bet)
Seat 5: 2eabb185 folded before Flop (didn't bet)
Seat 6: acee2600 (button) won ($2.33)


Poker Hand #HD1818481050: Hold'em No Limit ($0.05/$0.1) - 2024/06/16 21:42:43
Table 'NLHRed12' 6-max Seat #5 is the button
Seat 1: dd22d47d ($10 in chips)
Seat 2: 957ba341 ($11.97 in chips)
Seat 3: 521e2ff7 ($19.89 in chips)
Seat 4: Hero ($28.43 in chips)
Seat 5: 2eabb185 ($10 in chips)
Seat 6: acee2600 ($10 in chips)
acee2600: posts small blind $0.05
dd22d47d: posts big blind $0.1
*** HOLE CARDS ***
Dealt to dd22d47d 
Dealt to 957ba341 
Dealt to 521e2ff7 
Dealt to Hero [Kd 7d]
Dealt to 2eabb185 
Dealt to acee2600 
957ba341: raises $0.2 to $0.3
521e2ff7: folds
Hero: folds
2eabb185: folds
acee2600: folds
dd22d47d: folds
Uncalled bet ($0.2) returned to 957ba341
*** SHOWDOWN ***
957ba341 collected $0.25 from pot
*** SUMMARY ***
Total pot $0.25 | Rake $0 | Jackpot $0 | Bingo $0 | Fortune $0 | Tax $0
Seat 1: dd22d47d (big blind) folded before Flop
Seat 2: 957ba341 collected ($0.25)
Seat 3: 521e2ff7 folded before Flop (didn't bet)
Seat 4: Hero folded before Flop (didn't bet)
Seat 5: 2eabb185 (button) folded before Flop (didn't bet)
Seat 6: acee2600 (small blind) folded before Flop


Poker Hand #HD1818480842: Hold'em No Limit ($0.05/$0.1) - 2024/06/16 21:41:01
Table 'NLHRed12' 6-max Seat #4 is the button
Seat 1: dd22d47d ($10 in chips)
Seat 2: 957ba341 ($11.97 in chips)
Seat 3: 521e2ff7 ($19.89 in chips)
Seat 4: Hero ($18.86 in chips)
Seat 5: 2eabb185 ($10 in chips)
Seat 6: acee2600 ($10.62 in chips)
2eabb185: posts small blind $0.05
acee2600: posts big blind $0.1
*** HOLE CARDS ***
Dealt to dd22d47d 
Dealt to 957ba341 
Dealt to 521e2ff7 
Dealt to Hero [Ts 9s]
Dealt to 2eabb185 
Dealt to acee2600 
dd22d47d: folds
957ba341: folds
521e2ff7: folds
Hero: raises $0.14 to $0.24
2eabb185: folds
acee2600: calls $0.14
*** FLOP *** [7s Kh Js]
acee2600: bets $0.4
Hero: raises $0.88 to $1.28
acee2600: raises $9.1 to $10.38 and is all-in
Hero: calls $9.1
acee2600: shows [4s 3s] (King-High)
Hero: shows [Ts 9s] (King-High)
*** TURN *** [7s Kh Js] [6c]
*** RIVER *** [7s Kh Js 6c] [7h]
521e2ff7: shows [Jc] (Pair of Jacks and Pair of Sevens)
*** SHOWDOWN ***
Hero collected $20.19 from pot
*** SUMMARY ***
Total pot $21.29 | Rake $1 | Jackpot $0.1 | Bingo $0 | Fortune $0 | Tax $0
Board [7s Kh Js 6c 7h]
Seat 1: dd22d47d folded before Flop (didn't bet)
Seat 2: 957ba341 folded before Flop (didn't bet)
Seat 3: 521e2ff7 folded before Flop (didn't bet)
Seat 4: Hero (button) showed [Ts 9s] and won ($20.19) with Pair of Sevens
Seat 5: 2eabb185 (small blind) folded before Flop
Seat 6: acee2600 (big blind) showed [4s 3s] and lost with Pair of Sevens


Poker Hand #HD1818480797: Hold'em No Limit ($0.05/$0.1) - 2024/06/16 21:40:36
Table 'NLHRed12' 6-max Seat #3 is the button
Seat 1: dd22d47d ($10 in chips)
Seat 2: 957ba341 ($11.97 in chips)
Seat 3: 521e2ff7 ($19.99 in chips)
Seat 4: Hero ($18.67 in chips)
Seat 5: 2eabb185 ($10 in chips)
Seat 6: acee2600 ($10.62 in chips)
Hero: posts small blind $0.05
2eabb185: posts big blind $0.1
*** HOLE CARDS ***
Dealt to dd22d47d 
Dealt to 957ba341 
Dealt to 521e2ff7 
Dealt to Hero [Qs Tc]
Dealt to 2eabb185 
Dealt to acee2600 
acee2600: folds
dd22d47d: folds
957ba341: folds
521e2ff7: calls $0.1
Hero: raises $0.4 to $0.5
2eabb185: folds
521e2ff7: folds
Uncalled bet ($0.4) returned to Hero
*** SHOWDOWN ***
Hero collected $0.29 from pot
*** SUMMARY ***
Total pot $0.3 | Rake $0.01 | Jackpot $0 | Bingo $0 | Fortune $0 | Tax $0
Seat 1: dd22d47d folded before Flop (didn't bet)
Seat 2: 957ba341 folded before Flop (didn't bet)
Seat 3: 521e2ff7 (button) folded before Flop
Seat 4: Hero (small blind) collected ($0.29)
Seat 5: 2eabb185 (big blind) folded before Flop
Seat 6: acee2600 folded before Flop (didn't bet)


Poker Hand #HD1818480687: Hold'em No Limit ($0.05/$0.1) - 2024/06/16 21:39:37
Table 'NLHRed12' 6-max Seat #2 is the button
Seat 1: dd22d47d ($10 in chips)
Seat 2: 957ba341 ($10.56 in chips)
Seat 3: 521e2ff7 ($20.04 in chips)
Seat 4: Hero ($18.77 in chips)
Seat 5: 2eabb185 ($10.32 in chips)
Seat 6: acee2600 ($10.62 in chips)
521e2ff7: posts small blind $0.05
Hero: posts big blind $0.1
*** HOLE CARDS ***
Dealt to dd22d47d 
Dealt to 957ba341 
Dealt to 521e2ff7 
Dealt to Hero [2c 7h]
Dealt to 2eabb185 
Dealt to acee2600 
2eabb185: raises $0.15 to $0.25
acee2600: folds
dd22d47d: folds
957ba341: raises $0.55 to $0.8
521e2ff7: folds
Hero: folds
2eabb185: calls $0.55
*** FLOP *** [Ts 5s Kc]
2eabb185: checks
957ba341: bets $0.6
2eabb185: calls $0.6
*** TURN *** [Ts 5s Kc] [Qd]
2eabb185: checks
957ba341: bets $2.25
2eabb185: folds
Uncalled bet ($2.25) returned to 957ba341
*** SHOWDOWN ***
957ba341 collected $2.81 from pot
*** SUMMARY ***
Total pot $2.95 | Rake $0.14 | Jackpot $0 | Bingo $0 | Fortune $0 | Tax $0
Board [Ts 5s Kc Qd]
Seat 1: dd22d47d folded before Flop (didn't bet)
Seat 2: 957ba341 (button) won ($2.81)
Seat 3: 521e2ff7 (small blind) folded before Flop
Seat 4: Hero (big blind) folded before Flop
Seat 5: 2eabb185 folded on the Turn
Seat 6: acee2600 folded before Flop (didn't bet)


Poker Hand #HD1818480629: Hold'em No Limit ($0.05/$0.1) - 2024/06/16 21:39:15
Table 'NLHRed12' 6-max Seat #1 is the button
Seat 1: dd22d47d ($10 in chips)
Seat 2: 957ba341 ($10.24 in chips)
Seat 3: 521e2ff7 ($20.14 in chips)
Seat 4: Hero ($18.77 in chips)
Seat 5: 2eabb185 ($10.32 in chips)
Seat 6: acee2600 ($10.62 in chips)
957ba341: posts small blind $0.05
521e2ff7: posts big blind $0.1
*** HOLE CARDS ***
Dealt to dd22d47d 
Dealt to 957ba341 
Dealt to 521e2ff7 
Dealt to Hero [7h 5s]
Dealt to 2eabb185 
Dealt to acee2600 
Hero: folds
2eabb185: folds
acee2600: folds
dd22d47d: raises $0.15 to $0.25
957ba341: raises $0.85 to $1.1
521e2ff7: folds
dd22d47d: folds
Uncalled bet ($0.85) returned to 957ba341
*** SHOWDOWN ***
957ba341 collected $0.57 from pot
*** SUMMARY ***
Total pot $0.6 | Rake $0.03 | Jackpot $0 | Bingo $0 | Fortune $0 | Tax $0
Seat 1: dd22d47d (button) folded before Flop
Seat 2: 957ba341 (small blind) collected ($0.57)
Seat 3: 521e2ff7 (big blind) folded before Flop
Seat 4: Hero folded before Flop (didn't bet)
Seat 5: 2eabb185 folded before Flop (didn't bet)
Seat 6: acee2600 folded before Flop (didn't bet)


Poker Hand #HD1818480595: Hold'em No Limit ($0.05/$0.1) - 2024/06/16 21:38:58
Table 'NLHRed12' 6-max Seat #6 is the button
Seat 1: dd22d47d ($10 in chips)
Seat 2: 957ba341 ($10.19 in chips)
Seat 3: 521e2ff7 ($20.14 in chips)
Seat 4: Hero ($18.77 in chips)
Seat 5: 2eabb185 ($10.32 in chips)
Seat 6: acee2600 ($10.62 in chips)
dd22d47d: posts small blind $0.05
957ba341: posts big blind $0.1
*** HOLE CARDS ***
Dealt to dd22d47d 
Dealt to 957ba341 
Dealt to 521e2ff7 
Dealt to Hero [3s 2h]
Dealt to 2eabb185 
Dealt to acee2600 
521e2ff7: folds
Hero: folds
2eabb185: folds
acee2600: folds
dd22d47d: folds
Uncalled bet ($0.05) returned to 957ba341
*** SHOWDOWN ***
957ba341 collected $0.1 from pot
*** SUMMARY ***
Total pot $0.1 | Rake $0 | Jackpot $0 | Bingo $0 | Fortune $0 | Tax $0
Seat 1: dd22d47d (small blind) folded before Flop
Seat 2: 957ba341 (big blind) collected ($0.1)
Seat 3: 521e2ff7 folded before Flop (didn't bet)
Seat 4: Hero folded before Flop (didn't bet)
Seat 5: 2eabb185 folded before Flop (didn't bet)
Seat 6: acee2600 (button) folded before Flop (didn't bet)


Poker Hand #HD1818480515: Hold'em No Limit ($0.05/$0.1) - 2024/06/16 21:38:17
Table 'NLHRed12' 6-max Seat #5 is the button
Seat 1: dd22d47d ($10 in chips)
Seat 2: 957ba341 ($10.19 in chips)
Seat 3: 521e2ff7 ($19.83 in chips)
Seat 4: Hero ($18.77 in chips)
Seat 5: 2eabb185 ($10.32 in chips)
Seat 6: acee2600 ($10.67 in chips)
acee2600: posts small blind $0.05
dd22d47d: posts big blind $0.1
*** HOLE CARDS ***
Dealt to dd22d47d 
Dealt to 957ba341 
Dealt to 521e2ff7 
Dealt to Hero [9h Qs]
Dealt to 2eabb185 
Dealt to acee2600 
957ba341: folds
521e2ff7: calls $0.1
Hero: folds
2eabb185: folds
acee2600: folds
dd22d47d: checks
*** FLOP *** [Tc 7h 7s]
dd22d47d: checks
521e2ff7: checks
*** TURN *** [Tc 7h 7s] [8d]
dd22d47d: checks
521e2ff7: checks
*** RIVER *** [Tc 7h 7s 8d] [9d]
dd22d47d: checks
521e2ff7: bets $0.19
dd22d47d: calls $0.19
521e2ff7: shows [Ad 7d] (Three Sevens)
dd22d47d: shows [3d Ac] (Pair of Sevens)
*** SHOWDOWN ***
521e2ff7 collected $0.6 from pot
*** SUMMARY ***
Total pot $0.63 | Rake $0.03 | Jackpot $0 | Bingo $0 | Fortune $0 | Tax $0
Board [Tc 7h 7s 8d 9d]
Seat 1: dd22d47d (big blind) showed [3d Ac] and lost with Pair of Sevens
Seat 2: 957ba341 folded before Flop (didn't bet)
Seat 3: 521e2ff7 showed [Ad 7d] and won ($0.6) with Three Sevens
Seat 4: Hero folded before Flop (didn't bet)
Seat 5: 2eabb185 (button) folded before Flop (didn't bet)
Seat 6: acee2600 (small blind) folded before Flop


Poker Hand #HD1818480410: Hold'em No Limit ($0.05/$0.1) - 2024/06/16 21:37:26
Table 'NLHRed12' 6-max Seat #4 is the button
Seat 2: 957ba341 ($10.71 in chips)
Seat 3: 521e2ff7 ($19.83 in chips)
Seat 4: Hero ($18.77 in chips)
Seat 5: 2eabb185 ($10.37 in chips)
Seat 6: acee2600 ($10.15 in chips)
2eabb185: posts small blind $0.05
acee2600: posts big blind $0.1
*** HOLE CARDS ***
Dealt to 957ba341 
Dealt to 521e2ff7 
Dealt to Hero [Ah 4c]
Dealt to 2eabb185 
Dealt to acee2600 
957ba341: raises $0.2 to $0.3
521e2ff7: folds
Hero: folds
2eabb185: folds
acee2600: calls $0.2
*** FLOP *** [6d Ts 4d]
acee2600: bets $0.22
957ba341: calls $0.22
*** TURN *** [6d Ts 4d] [8c]
acee2600: bets $0.36
957ba341: folds
Uncalled bet ($0.36) returned to acee2600
*** SHOWDOWN ***
acee2600 collected $1.04 from pot
*** SUMMARY ***
Total pot $1.09 | Rake $0.05 | Jackpot $0 | Bingo $0 | Fortune $0 | Tax $0
Board [6d Ts 4d 8c]
Seat 2: 957ba341 folded on the Turn
Seat 3: 521e2ff7 folded before Flop (didn't bet)
Seat 4: Hero (button) folded before Flop (didn't bet)
Seat 5: 2eabb185 (small blind) folded before Flop
Seat 6: acee2600 (big blind) won ($1.04)


Poker Hand #HD1818480320: Hold'em No Limit ($0.05/$0.1) - 2024/06/16 21:36:42
Table 'NLHRed12' 6-max Seat #3 is the button
Seat 2: 957ba341 ($10.71 in chips)
Seat 3: 521e2ff7 ($20.18 in chips)
Seat 4: Hero ($18.82 in chips)
Seat 5: 2eabb185 ($10 in chips)
Seat 6: acee2600 ($10.15 in chips)
Hero: posts small blind $0.05
2eabb185: posts big blind $0.1
*** HOLE CARDS ***
Dealt to 957ba341 
Dealt to 521e2ff7 
Dealt to Hero [8h 5d]
Dealt to 2eabb185 
Dealt to acee2600 
acee2600: folds
957ba341: folds
521e2ff7: raises $0.1 to $0.2
Hero: folds
2eabb185: calls $0.1
*** FLOP *** [Ks As Jc]
2eabb185: checks
521e2ff7: bets $0.15
2eabb185: calls $0.15
*** TURN *** [Ks As Jc] [2c]
2eabb185: checks
521e2ff7: checks
*** RIVER *** [Ks As Jc 2c] [9d]
2eabb185: checks
521e2ff7: checks
2eabb185: shows [Kh Qh] (Pair of Kings)
521e2ff7: shows [7d 5h] (Ace-High)
*** SHOWDOWN ***
2eabb185 collected $0.72 from pot
*** SUMMARY ***
Total pot $0.75 | Rake $0.03 | Jackpot $0 | Bingo $0 | Fortune $0 | Tax $0
Board [Ks As Jc 2c 9d]
Seat 2: 957ba341 folded before Flop (didn't bet)
Seat 3: 521e2ff7 (button) showed [7d 5h] and lost with Ace-High
Seat 4: Hero (small blind) folded before Flop
Seat 5: 2eabb185 (big blind) showed [Kh Qh] and won ($0.72) with Pair of Kings
Seat 6: acee2600 folded before Flop (didn't bet)


Poker Hand #HD1818480290: Hold'em No Limit ($0.05/$0.1) - 2024/06/16 21:36:22
Table 'NLHRed12' 6-max Seat #2 is the button
Seat 2: 957ba341 ($10.71 in chips)
Seat 3: 521e2ff7 ($20.23 in chips)
Seat 4: Hero ($18.92 in chips)
Seat 5: 2eabb185 ($10 in chips)
Seat 6: acee2600 ($10 in chips)
521e2ff7: posts small blind $0.05
Hero: posts big blind $0.1
*** HOLE CARDS ***
Dealt to 957ba341 
Dealt to 521e2ff7 
Dealt to Hero [3h Td]
Dealt to 2eabb185 
Dealt to acee2600 
2eabb185: folds
acee2600: raises $0.2 to $0.3
957ba341: folds
521e2ff7: folds
Hero: folds
Uncalled bet ($0.2) returned to acee2600
*** SHOWDOWN ***
acee2600 collected $0.25 from pot
*** SUMMARY ***
Total pot $0.25 | Rake $0 | Jackpot $0 | Bingo $0 | Fortune $0 | Tax $0
Seat 2: 957ba341 (button) folded before Flop (didn't bet)
Seat 3: 521e2ff7 (small blind) folded before Flop
Seat 4: Hero (big blind) folded before Flop
Seat 5: 2eabb185 folded before Flop (didn't bet)
Seat 6: acee2600 collected ($0.25)


Poker Hand #HD1818480249: Hold'em No Limit ($0.05/$0.1) - 2024/06/16 21:36:09
Table 'NLHRed12' 6-max Seat #1 is the button
Seat 1: 2f2b8724 ($5.53 in chips)
Seat 2: 957ba341 ($10.76 in chips)
Seat 3: 521e2ff7 ($20.18 in chips)
Seat 4: Hero ($18.92 in chips)
Seat 5: 2eabb185 ($10 in chips)
Seat 6: acee2600 ($10 in chips)
957ba341: posts small blind $0.05
521e2ff7: posts big blind $0.1
*** HOLE CARDS ***
Dealt to 2f2b8724 
Dealt to 957ba341 
Dealt to 521e2ff7 
Dealt to Hero [Td 8d]
Dealt to 2eabb185 
Dealt to acee2600 
Hero: folds
2eabb185: folds
acee2600: folds
2f2b8724: folds
957ba341: folds
Uncalled bet ($0.05) returned to 521e2ff7
*** SHOWDOWN ***
521e2ff7 collected $0.1 from pot
*** SUMMARY ***
Total pot $0.1 | Rake $0 | Jackpot $0 | Bingo $0 | Fortune $0 | Tax $0
Seat 1: 2f2b8724 (button) folded before Flop (didn't bet)
Seat 2: 957ba341 (small blind) folded before Flop
Seat 3: 521e2ff7 (big blind) collected ($0.1)
Seat 4: Hero folded before Flop (didn't bet)
Seat 5: 2eabb185 folded before Flop (didn't bet)
Seat 6: acee2600 folded before Flop (didn't bet)


Poker Hand #HD1818480203: Hold'em No Limit ($0.05/$0.1) - 2024/06/16 21:35:47
Table 'NLHRed12' 6-max Seat #6 is the button
Seat 1: 2f2b8724 ($5.58 in chips)
Seat 2: 957ba341 ($10.86 in chips)
Seat 3: 521e2ff7 ($20.18 in chips)
Seat 4: Hero ($18.77 in chips)
Seat 5: 2eabb185 ($10 in chips)
Seat 6: acee2600 ($10 in chips)
2f2b8724: posts small blind $0.05
957ba341: posts big blind $0.1
*** HOLE CARDS ***
Dealt to 2f2b8724 
Dealt to 957ba341 
Dealt to 521e2ff7 
Dealt to Hero [Kh 9h]
Dealt to 2eabb185 
Dealt to acee2600 
521e2ff7: folds
Hero: raises $0.1 to $0.2
2eabb185: folds
acee2600: folds
2f2b8724: folds
957ba341: folds
Uncalled bet ($0.1) returned to Hero
*** SHOWDOWN ***
Hero collected $0.25 from pot
*** SUMMARY ***
Total pot $0.25 | Rake $0 | Jackpot $0 | Bingo $0 | Fortune $0 | Tax $0
Seat 1: 2f2b8724 (small blind) folded before Flop
Seat 2: 957ba341 (big blind) folded before Flop
Seat 3: 521e2ff7 folded before Flop (didn't bet)
Seat 4: Hero collected ($0.25)
Seat 5: 2eabb185 folded before Flop (didn't bet)
Seat 6: acee2600 (button) folded before Flop (didn't bet)


Poker Hand #HD1818480156: Hold'em No Limit ($0.05/$0.1) - 2024/06/16 21:35:26
Table 'NLHRed12' 6-max Seat #5 is the button
Seat 1: 2f2b8724 ($5.68 in chips)
Seat 2: 957ba341 ($10.86 in chips)
Seat 3: 521e2ff7 ($20.03 in chips)
Seat 4: Hero ($18.77 in chips)
Seat 5: 2eabb185 ($10 in chips)
Seat 6: acee2600 ($10 in chips)
acee2600: posts small blind $0.05
2f2b8724: posts big blind $0.1
*** HOLE CARDS ***
Dealt to 2f2b8724 
Dealt to 957ba341 
Dealt to 521e2ff7 
Dealt to Hero [7d 2d]
Dealt to 2eabb185 
Dealt to acee2600 
957ba341: folds
521e2ff7: raises $0.1 to $0.2
Hero: folds
2eabb185: folds
acee2600: folds
2f2b8724: folds
Uncalled bet ($0.1) returned to 521e2ff7
*** SHOWDOWN ***
521e2ff7 collected $0.25 from pot
*** SUMMARY ***
Total pot $0.25 | Rake $0 | Jackpot $0 | Bingo $0 | Fortune $0 | Tax $0
Seat 1: 2f2b8724 (big blind) folded before Flop
Seat 2: 957ba341 folded before Flop (didn't bet)
Seat 3: 521e2ff7 collected ($0.25)
Seat 4: Hero folded before Flop (didn't bet)
Seat 5: 2eabb185 (button) folded before Flop (didn't bet)
Seat 6: acee2600 (small blind) folded before Flop


Poker Hand #HD1818479974: Hold'em No Limit ($0.05/$0.1) - 2024/06/16 21:34:00
Table 'NLHRed12' 6-max Seat #4 is the button
Seat 1: 2f2b8724 ($5.68 in chips)
Seat 2: 957ba341 ($10.86 in chips)
Seat 3: 521e2ff7 ($20.13 in chips)
Seat 4: Hero ($18.17 in chips)
Seat 5: 2eabb185 ($10.05 in chips)
Seat 6: acee2600 ($10.15 in chips)
2eabb185: posts small blind $0.05
acee2600: posts big blind $0.1
*** HOLE CARDS ***
Dealt to 2f2b8724 
Dealt to 957ba341 
Dealt to 521e2ff7 
Dealt to Hero [Qc As]
Dealt to 2eabb185 
Dealt to acee2600 
2f2b8724: folds
957ba341: folds
521e2ff7: calls $0.1
Hero: raises $0.4 to $0.5
2eabb185: folds
acee2600: calls $0.4
521e2ff7: folds
*** FLOP *** [8c Ts 5c]
acee2600: checks
Hero: checks
*** TURN *** [8c Ts 5c] [9d]
acee2600: checks
Hero: bets $0.5
acee2600: folds
Uncalled bet ($0.5) returned to Hero
*** SHOWDOWN ***
Hero collected $1.1 from pot
*** SUMMARY ***
Total pot $1.15 | Rake $0.05 | Jackpot $0 | Bingo $0 | Fortune $0 | Tax $0
Board [8c Ts 5c 9d]
Seat 1: 2f2b8724 folded before Flop (didn't bet)
Seat 2: 957ba341 folded before Flop (didn't bet)
Seat 3: 521e2ff7 folded before Flop
Seat 4: Hero (button) won ($1.1)
Seat 5: 2eabb185 (small blind) folded before Flop
Seat 6: acee2600 (big blind) folded on the Turn


Poker Hand #HD1818479867: Hold'em No Limit ($0.05/$0.1) - 2024/06/16 21:33:10
Table 'NLHRed12' 6-max Seat #3 is the button
Seat 1: 2f2b8724 ($5.68 in chips)
Seat 2: 957ba341 ($10.86 in chips)
Seat 3: 521e2ff7 ($19.99 in chips)
Seat 4: Hero ($18.22 in chips)
Seat 5: 2eabb185 ($10.15 in chips)
Seat 6: acee2600 ($10.15 in chips)
Hero: posts small blind $0.05
2eabb185: posts big blind $0.1
*** HOLE CARDS ***
Dealt to 2f2b8724 
Dealt to 957ba341 
Dealt to 521e2ff7 
Dealt to Hero [9d Ts]
Dealt to 2eabb185 
Dealt to acee2600 
acee2600: folds
2f2b8724: folds
957ba341: folds
521e2ff7: calls $0.1
Hero: folds
2eabb185: checks
*** FLOP *** [Jc Js Qs]
2eabb185: checks
521e2ff7: bets $0.25
2eabb185: folds
Uncalled bet ($0.25) returned to 521e2ff7
*** SHOWDOWN ***
521e2ff7 collected $0.24 from pot
*** SUMMARY ***
Total pot $0.25 | Rake $0.01 | Jackpot $0 | Bingo $0 | Fortune $0 | Tax $0
Board [Jc Js Qs]
Seat 1: 2f2b8724 folded before Flop (didn't bet)
Seat 2: 957ba341 folded before Flop (didn't bet)
Seat 3: 521e2ff7 (button) won ($0.24)
Seat 4: Hero (small blind) folded before Flop
Seat 5: 2eabb185 (big blind) folded on the Flop
Seat 6: acee2600 folded before Flop (didn't bet)


Poker Hand #HD1818479823: Hold'em No Limit ($0.05/$0.1) - 2024/06/16 21:32:49
Table 'NLHRed12' 6-max Seat #2 is the button
Seat 1: 2f2b8724 ($5.68 in chips)
Seat 2: 957ba341 ($10.86 in chips)
Seat 3: 521e2ff7 ($20.04 in chips)
Seat 4: Hero ($18.32 in chips)
Seat 5: 2eabb185 ($10 in chips)
Seat 6: acee2600 ($10.15 in chips)
521e2ff7: posts small blind $0.05
Hero: posts big blind $0.1
*** HOLE CARDS ***
Dealt to 2f2b8724 
Dealt to 957ba341 
Dealt to 521e2ff7 
Dealt to Hero [4h 6h]
Dealt to 2eabb185 
Dealt to acee2600 
2eabb185: raises $0.15 to $0.25
acee2600: folds
2f2b8724: folds
957ba341: folds
521e2ff7: folds
Hero: folds
Uncalled bet ($0.15) returned to 2eabb185
*** SHOWDOWN ***
2eabb185 collected $0.25 from pot
*** SUMMARY ***
Total pot $0.25 | Rake $0 | Jackpot $0 | Bingo $0 | Fortune $0 | Tax $0
Seat 1: 2f2b8724 folded before Flop (didn't bet)
Seat 2: 957ba341 (button) folded before Flop (didn't bet)
Seat 3: 521e2ff7 (small blind) folded before Flop
Seat 4: Hero (big blind) folded before Flop
Seat 5: 2eabb185 collected ($0.25)
Seat 6: acee2600 folded before Flop (didn't bet)


Poker Hand #HD1818479756: Hold'em No Limit ($0.05/$0.1) - 2024/06/16 21:32:22
Table 'NLHRed12' 6-max Seat #1 is the button
Seat 1: 2f2b8724 ($5.68 in chips)
Seat 2: 957ba341 ($10.91 in chips)
Seat 3: 521e2ff7 ($20.14 in chips)
Seat 4: Hero ($18.32 in chips)
Seat 5: 2eabb185 ($10 in chips)
Seat 6: acee2600 ($10 in chips)
957ba341: posts small blind $0.05
521e2ff7: posts big blind $0.1
*** HOLE CARDS ***
Dealt to 2f2b8724 
Dealt to 957ba341 
Dealt to 521e2ff7 
Dealt to Hero [Td 3c]
Dealt to 2eabb185 
Dealt to acee2600 
Hero: folds
2eabb185: folds
acee2600: raises $0.3 to $0.4
2f2b8724: folds
957ba341: folds
521e2ff7: folds
Uncalled bet ($0.3) returned to acee2600
*** SHOWDOWN ***
acee2600 collected $0.25 from pot
*** SUMMARY ***
Total pot $0.25 | Rake $0 | Jackpot $0 | Bingo $0 | Fortune $0 | Tax $0
Seat 1: 2f2b8724 (button) folded before Flop (didn't bet)
Seat 2: 957ba341 (small blind) folded before Flop
Seat 3: 521e2ff7 (big blind) folded before Flop
Seat 4: Hero folded before Flop (didn't bet)
Seat 5: 2eabb185 folded before Flop (didn't bet)
Seat 6: acee2600 collected ($0.25)


Poker Hand #HD1818479578: Hold'em No Limit ($0.05/$0.1) - 2024/06/16 21:30:48
Table 'NLHRed12' 6-max Seat #6 is the button
Seat 1: 2f2b8724 ($6.88 in chips)
Seat 2: 957ba341 ($11.01 in chips)
Seat 3: 521e2ff7 ($9.37 in chips)
Seat 4: Hero ($18.32 in chips)
Seat 5: 2eabb185 ($10 in chips)
Seat 6: acee2600 ($11.73 in chips)
2f2b8724: posts small blind $0.05
957ba341: posts big blind $0.1
*** HOLE CARDS ***
Dealt to 2f2b8724 
Dealt to 957ba341 
Dealt to 521e2ff7 
Dealt to Hero [9s 5c]
Dealt to 2eabb185 
Dealt to acee2600 
521e2ff7: raises $0.1 to $0.2
Hero: folds
2eabb185: calls $0.2
acee2600: raises $1 to $1.2
2f2b8724: calls $1.15
957ba341: folds
521e2ff7: calls $1
2eabb185: calls $1
*** FLOP *** [As 8c 5h]
2f2b8724: checks
521e2ff7: checks
2eabb185: checks
acee2600: bets $3.68
2f2b8724: folds
521e2ff7: calls $3.68
2eabb185: folds
*** TURN *** [As 8c 5h] [4c]
521e2ff7: checks
acee2600: bets $6.85 and is all-in
521e2ff7: calls $4.49 and is all-in
Uncalled bet ($2.36) returned to acee2600
acee2600: shows [3h Th] (Ace-High)
521e2ff7: shows [Ks Ac] (Pair of Aces)
*** RIVER *** [As 8c 5h 4c] [Ah]
*** SHOWDOWN ***
521e2ff7 collected $20.14 from pot
*** SUMMARY ***
Total pot $21.24 | Rake $1 | Jackpot $0.1 | Bingo $0 | Fortune $0 | Tax $0
Board [As 8c 5h 4c Ah]
Seat 1: 2f2b8724 (small blind) folded on the Flop
Seat 2: 957ba341 (big blind) folded before Flop
Seat 3: 521e2ff7 showed [Ks Ac] and won ($20.14) with Three Aces
Seat 4: Hero folded before Flop (didn't bet)
Seat 5: 2eabb185 folded on the Flop
Seat 6: acee2600 (button) showed [3h Th] and lost with Pair of Aces


Poker Hand #HD1818479523: Hold'em No Limit ($0.05/$0.1) - 2024/06/16 21:30:23
Table 'NLHRed12' 6-max Seat #5 is the button
Seat 1: 2f2b8724 ($6.98 in chips)
Seat 2: 957ba341 ($11.01 in chips)
Seat 3: 521e2ff7 ($9.57 in chips)
Seat 4: Hero ($17.99 in chips)
Seat 5: 2eabb185 ($10 in chips)
Seat 6: acee2600 ($11.78 in chips)
acee2600: posts small blind $0.05
2f2b8724: posts big blind $0.1
*** HOLE CARDS ***
Dealt to 2f2b8724 
Dealt to 957ba341 
Dealt to 521e2ff7 
Dealt to Hero [Kh Kc]
Dealt to 2eabb185 
Dealt to acee2600 
957ba341: folds
521e2ff7: raises $0.1 to $0.2
Hero: raises $0.4 to $0.6
2eabb185: folds
acee2600: folds
2f2b8724: folds
521e2ff7: folds
Uncalled bet ($0.4) returned to Hero
*** SHOWDOWN ***
Hero collected $0.53 from pot
*** SUMMARY ***
Total pot $0.55 | Rake $0.02 | Jackpot $0 | Bingo $0 | Fortune $0 | Tax $0
Seat 1: 2f2b8724 (big blind) folded before Flop
Seat 2: 957ba341 folded before Flop (didn't bet)
Seat 3: 521e2ff7 folded before Flop
Seat 4: Hero collected ($0.53)
Seat 5: 2eabb185 (button) folded before Flop (didn't bet)
Seat 6: acee2600 (small blind) folded before Flop


Poker Hand #HD1818479418: Hold'em No Limit ($0.05/$0.1) - 2024/06/16 21:29:28
Table 'NLHRed12' 6-max Seat #4 is the button
Seat 1: 2f2b8724 ($6.98 in chips)
Seat 2: 957ba341 ($11.01 in chips)
Seat 3: 521e2ff7 ($9.57 in chips)
Seat 4: Hero ($20.02 in chips)
Seat 5: 2eabb185 ($10 in chips)
Seat 6: acee2600 ($10 in chips)
2eabb185: posts small blind $0.05
acee2600: posts big blind $0.1
*** HOLE CARDS ***
Dealt to 2f2b8724 
Dealt to 957ba341 
Dealt to 521e2ff7 
Dealt to Hero [6c 6d]
Dealt to 2eabb185 
Dealt to acee2600 
2f2b8724: folds
957ba341: folds
521e2ff7: folds
Hero: raises $0.14 to $0.24
2eabb185: folds
acee2600: raises $0.76 to $1
Hero: calls $0.76
*** FLOP *** [Kh Kd 4d]
acee2600: bets $1.03
Hero: calls $1.03
*** TURN *** [Kh Kd 4d] [Ah]
acee2600: checks
Hero: checks
*** RIVER *** [Kh Kd 4d Ah] [Ac]
acee2600: bets $2.06
Hero: folds
Uncalled bet ($2.06) returned to acee2600
*** SHOWDOWN ***
acee2600 collected $3.81 from pot
*** SUMMARY ***
Total pot $4.11 | Rake $0.2 | Jackpot $0.1 | Bingo $0 | Fortune $0 | Tax $0
Board [Kh Kd 4d Ah Ac]
Seat 1: 2f2b8724 folded before Flop (didn't bet)
Seat 2: 957ba341 folded before Flop (didn't bet)
Seat 3: 521e2ff7 folded before Flop (didn't bet)
Seat 4: Hero (button) folded on the River
Seat 5: 2eabb185 (small blind) folded before Flop
Seat 6: acee2600 (big blind) won ($3.81)


Poker Hand #HD1818479223: Hold'em No Limit ($0.05/$0.1) - 2024/06/16 21:27:46
Table 'NLHRed12' 6-max Seat #3 is the button
Seat 1: 2f2b8724 ($6.98 in chips)
Seat 2: 957ba341 ($11.01 in chips)
Seat 3: 521e2ff7 ($9.57 in chips)
Seat 4: Hero ($10.54 in chips)
Seat 5: 2eabb185 ($10 in chips)
Seat 6: acee2600 ($10.48 in chips)
Hero: posts small blind $0.05
2eabb185: posts big blind $0.1
*** HOLE CARDS ***
Dealt to 2f2b8724 
Dealt to 957ba341 
Dealt to 521e2ff7 
Dealt to Hero [As Kc]
Dealt to 2eabb185 
Dealt to acee2600 
acee2600: raises $0.2 to $0.3
2f2b8724: folds
957ba341: folds
521e2ff7: folds
Hero: raises $0.9 to $1.2
2eabb185: folds
acee2600: calls $0.9
*** FLOP *** [Kh 8c 3h]
Hero: bets $0.83
acee2600: raises $2.08 to $2.91
Hero: calls $2.08
*** TURN *** [Kh 8c 3h] [2c]
Hero: checks
acee2600: bets $2.75
Hero: raises $3.68 to $6.43 and is all-in
acee2600: calls $3.62 and is all-in
Uncalled bet ($0.06) returned to Hero
Hero: shows [As Kc] (Pair of Kings)
acee2600: shows [9c Ks] (Pair of Kings)
*** RIVER *** [Kh 8c 3h 2c] [3s]
*** SHOWDOWN ***
Hero collected $19.96 from pot
*** SUMMARY ***
Total pot $21.06 | Rake $1 | Jackpot $0.1 | Bingo $0 | Fortune $0 | Tax $0
Board [Kh 8c 3h 2c 3s]
Seat 1: 2f2b8724 folded before Flop (didn't bet)
Seat 2: 957ba341 folded before Flop (didn't bet)
Seat 3: 521e2ff7 (button) folded before Flop (didn't bet)
Seat 4: Hero (small blind) showed [As Kc] and won ($19.96) with Pair of Kings and Pair of Treys
Seat 5: 2eabb185 (big blind) folded before Flop
Seat 6: acee2600 showed [9c Ks] and lost with Pair of Kings and Pair of Treys


Poker Hand #HD1818479088: Hold'em No Limit ($0.05/$0.1) - 2024/06/16 21:26:41
Table 'NLHRed12' 6-max Seat #2 is the button
Seat 1: 2f2b8724 ($6.98 in chips)
Seat 2: 957ba341 ($11.01 in chips)
Seat 3: 521e2ff7 ($9.67 in chips)
Seat 4: Hero ($10.45 in chips)
Seat 5: 2eabb185 ($10 in chips)
Seat 6: acee2600 ($10.48 in chips)
521e2ff7: posts small blind $0.05
Hero: posts big blind $0.1
*** HOLE CARDS ***
Dealt to 2f2b8724 
Dealt to 957ba341 
Dealt to 521e2ff7 
Dealt to Hero [6h 9h]
Dealt to 2eabb185 
Dealt to acee2600 
2eabb185: folds
acee2600: folds
2f2b8724: folds
957ba341: folds
521e2ff7: calls $0.05
Hero: checks
*** FLOP *** [2c 6d 3s]
521e2ff7: checks
Hero: checks
*** TURN *** [2c 6d 3s] [5d]
521e2ff7: checks
Hero: checks
*** RIVER *** [2c 6d 3s 5d] [Ts]
521e2ff7: checks
Hero: checks
521e2ff7: shows [3h 9d] (Pair of Treys)
Hero: shows [6h 9h] (Pair of Sixes)
*** SHOWDOWN ***
Hero collected $0.19 from pot
*** SUMMARY ***
Total pot $0.2 | Rake $0.01 | Jackpot $0 | Bingo $0 | Fortune $0 | Tax $0
Board [2c 6d 3s 5d Ts]
Seat 1: 2f2b8724 folded before Flop (didn't bet)
Seat 2: 957ba341 (button) folded before Flop (didn't bet)
Seat 3: 521e2ff7 (small blind) showed [3h 9d] and lost with Pair of Treys
Seat 4: Hero (big blind) showed [6h 9h] and won ($0.19) with Pair of Sixes
Seat 5: 2eabb185 folded before Flop (didn't bet)
Seat 6: acee2600 folded before Flop (didn't bet)


Poker Hand #HD1818478936: Hold'em No Limit ($0.05/$0.1) - 2024/06/16 21:25:26
Table 'NLHRed12' 6-max Seat #1 is the button
Seat 1: 2f2b8724 ($6.98 in chips)
Seat 2: 957ba341 ($11.06 in chips)
Seat 3: 521e2ff7 ($9.77 in chips)
Seat 4: Hero ($10.45 in chips)
Seat 5: 2eabb185 ($10 in chips)
Seat 6: acee2600 ($10 in chips)
957ba341: posts small blind $0.05
521e2ff7: posts big blind $0.1
acee2600: posts big blind $0.1
*** HOLE CARDS ***
Dealt to 2f2b8724 
Dealt to 957ba341 
Dealt to 521e2ff7 
Dealt to Hero [9s Td]
Dealt to 2eabb185 
Dealt to acee2600 
Hero: folds
2eabb185: calls $0.1
acee2600: raises $0.27 to $0.37
2f2b8724: folds
957ba341: folds
521e2ff7: folds
2eabb185: calls $0.27
*** FLOP *** [Jd 5h Tc]
2eabb185: checks
acee2600: checks
*** TURN *** [Jd 5h Tc] [2c]
2eabb185: checks
acee2600: checks
*** RIVER *** [Jd 5h Tc 2c] [Th]
2eabb185: checks
acee2600: bets $0.3
2eabb185: folds
Uncalled bet ($0.3) returned to acee2600
*** SHOWDOWN ***
acee2600 collected $0.85 from pot
*** SUMMARY ***
Total pot $0.89 | Rake $0.04 | Jackpot $0 | Bingo $0 | Fortune $0 | Tax $0
Board [Jd 5h Tc 2c Th]
Seat 1: 2f2b8724 (button) folded before Flop (didn't bet)
Seat 2: 957ba341 (small blind) folded before Flop
Seat 3: 521e2ff7 (big blind) folded before Flop
Seat 4: Hero folded before Flop (didn't bet)
Seat 5: 2eabb185 folded on the River
Seat 6: acee2600 won ($0.85)


Poker Hand #HD1818478797: Hold'em No Limit ($0.05/$0.1) - 2024/06/16 21:24:16
Table 'NLHRed12' 6-max Seat #5 is the button
Seat 1: 2f2b8724 ($7.38 in chips)
Seat 2: 957ba341 ($10.32 in chips)
Seat 3: 521e2ff7 ($10.17 in chips)
Seat 4: Hero ($10.45 in chips)
Seat 5: 2eabb185 ($10 in chips)
2f2b8724: posts small blind $0.05
957ba341: posts big blind $0.1
*** HOLE CARDS ***
Dealt to 2f2b8724 
Dealt to 957ba341 
Dealt to 521e2ff7 
Dealt to Hero [2c Qc]
Dealt to 2eabb185 
521e2ff7: raises $0.1 to $0.2
Hero: folds
2eabb185: folds
2f2b8724: calls $0.15
957ba341: calls $0.1
*** FLOP *** [9s 7d Ah]
2f2b8724: checks
957ba341: checks
521e2ff7: bets $0.2
2f2b8724: calls $0.2
957ba341: calls $0.2
*** TURN *** [9s 7d Ah] [8c]
2f2b8724: checks
957ba341: checks
521e2ff7: checks
*** RIVER *** [9s 7d Ah 8c] [Jc]
2f2b8724: checks
957ba341: bets $0.9
521e2ff7: folds
2f2b8724: folds
Uncalled bet ($0.9) returned to 957ba341
*** SHOWDOWN ***
957ba341 collected $1.14 from pot
*** SUMMARY ***
Total pot $1.2 | Rake $0.06 | Jackpot $0 | Bingo $0 | Fortune $0 | Tax $0
Board [9s 7d Ah 8c Jc]
Seat 1: 2f2b8724 (small blind) folded on the River
Seat 2: 957ba341 (big blind) won ($1.14)
Seat 3: 521e2ff7 folded on the River
Seat 4: Hero folded before Flop (didn't bet)
Seat 5: 2eabb185 (button) folded before Flop (didn't bet)


Poker Hand #HD1818478764: Hold'em No Limit ($0.05/$0.1) - 2024/06/16 21:24:05
Table 'NLHRed12' 6-max Seat #4 is the button
Seat 1: 2f2b8724 ($7.33 in chips)
Seat 2: 957ba341 ($10.32 in chips)
Seat 3: 521e2ff7 ($10.17 in chips)
Seat 4: Hero ($10.45 in chips)
Seat 5: 2eabb185 ($10 in chips)
2eabb185: posts small blind $0.05
2f2b8724: posts big blind $0.1
*** HOLE CARDS ***
Dealt to 2f2b8724 
Dealt to 957ba341 
Dealt to 521e2ff7 
Dealt to Hero [4h Kc]
Dealt to 2eabb185 
957ba341: folds
521e2ff7: folds
Hero: folds
2eabb185: folds
Uncalled bet ($0.05) returned to 2f2b8724
*** SHOWDOWN ***
2f2b8724 collected $0.1 from pot
*** SUMMARY ***
Total pot $0.1 | Rake $0 | Jackpot $0 | Bingo $0 | Fortune $0 | Tax $0
Seat 1: 2f2b8724 (big blind) collected ($0.1)
Seat 2: 957ba341 folded before Flop (didn't bet)
Seat 3: 521e2ff7 folded before Flop (didn't bet)
Seat 4: Hero (button) folded before Flop (didn't bet)
Seat 5: 2eabb185 (small blind) folded before Flop


Poker Hand #HD1818478662: Hold'em No Limit ($0.05/$0.1) - 2024/06/16 21:23:10
Table 'NLHRed12' 6-max Seat #3 is the button
Seat 1: 2f2b8724 ($7.33 in chips)
Seat 2: 957ba341 ($10 in chips)
Seat 3: 521e2ff7 ($10.17 in chips)
Seat 4: Hero ($10.5 in chips)
Seat 5: 2eabb185 ($10 in chips)
Seat 6: 586eeb24 ($12.44 in chips)
Hero: posts small blind $0.05
2eabb185: posts big blind $0.1
*** HOLE CARDS ***
Dealt to 2f2b8724 
Dealt to 957ba341 
Dealt to 521e2ff7 
Dealt to Hero [7c Tc]
Dealt to 2eabb185 
Dealt to 586eeb24 
586eeb24: folds
2f2b8724: folds
957ba341: raises $0.2 to $0.3
521e2ff7: folds
Hero: folds
2eabb185: calls $0.2
*** FLOP *** [8d 2s 4h]
2eabb185: checks
957ba341: bets $0.25
2eabb185: folds
Uncalled bet ($0.25) returned to 957ba341
*** SHOWDOWN ***
957ba341 collected $0.62 from pot
*** SUMMARY ***
Total pot $0.65 | Rake $0.03 | Jackpot $0 | Bingo $0 | Fortune $0 | Tax $0
Board [8d 2s 4h]
Seat 1: 2f2b8724 folded before Flop (didn't bet)
Seat 2: 957ba341 won ($0.62)
Seat 3: 521e2ff7 (button) folded before Flop (didn't bet)
Seat 4: Hero (small blind) folded before Flop
Seat 5: 2eabb185 (big blind) folded on the Flop
Seat 6: 586eeb24 folded before Flop (didn't bet)


Poker Hand #HD1818478550: Hold'em No Limit ($0.05/$0.1) - 2024/06/16 21:22:20
Table 'NLHRed12' 6-max Seat #2 is the button
Seat 1: 2f2b8724 ($7.83 in chips)
Seat 2: 957ba341 ($10 in chips)
Seat 3: 521e2ff7 ($10.22 in chips)
Seat 4: Hero ($10 in chips)
Seat 5: 2eabb185 ($10 in chips)
Seat 6: 586eeb24 ($12.44 in chips)
521e2ff7: posts small blind $0.05
Hero: posts big blind $0.1
*** HOLE CARDS ***
Dealt to 2f2b8724 
Dealt to 957ba341 
Dealt to 521e2ff7 
Dealt to Hero [Ts 9h]
Dealt to 2eabb185 
Dealt to 586eeb24 
2eabb185: folds
586eeb24: folds
2f2b8724: raises $0.1 to $0.2
957ba341: folds
521e2ff7: folds
Hero: calls $0.1
*** FLOP *** [Ac Jc 2d]
Hero: checks
2f2b8724: checks
*** TURN *** [Ac Jc 2d] [Qh]
Hero: bets $0.3
2f2b8724: calls $0.3
*** RIVER *** [Ac Jc 2d Qh] [8c]
Hero: bets $0.5
2f2b8724: folds
Uncalled bet ($0.5) returned to Hero
*** SHOWDOWN ***
Hero collected $1 from pot
*** SUMMARY ***
Total pot $1.05 | Rake $0.05 | Jackpot $0 | Bingo $0 | Fortune $0 | Tax $0
Board [Ac Jc 2d Qh 8c]
Seat 1: 2f2b8724 folded on the River
Seat 2: 957ba341 (button) folded before Flop (didn't bet)
Seat 3: 521e2ff7 (small blind) folded before Flop
Seat 4: Hero (big blind) won ($1)
Seat 5: 2eabb185 folded before Flop (didn't bet)
Seat 6: 586eeb24 folded before Flop (didn't bet)


Poker Hand #HD1818478427: Hold'em No Limit ($0.05/$0.1) - 2024/06/16 21:21:19
Table 'NLHRed12' 6-max Seat #1 is the button
Seat 1: 2f2b8724 ($3.97 in chips)
Seat 2: 957ba341 ($10.94 in chips)
Seat 3: 521e2ff7 ($10.32 in chips)
Seat 4: Hero ($10 in chips)
Seat 5: 2eabb185 ($10 in chips)
Seat 6: 586eeb24 ($12.74 in chips)
957ba341: posts small blind $0.05
521e2ff7: posts big blind $0.1
*** HOLE CARDS ***
Dealt to 2f2b8724 
Dealt to 957ba341 
Dealt to 521e2ff7 
Dealt to Hero [Ad 5c]
Dealt to 2eabb185 
Dealt to 586eeb24 
Hero: folds
2eabb185: folds
586eeb24: raises $0.2 to $0.3
2f2b8724: calls $0.3
957ba341: raises $1.2 to $1.5
521e2ff7: folds
586eeb24: folds
2f2b8724: raises $2.47 to $3.97 and is all-in
957ba341: calls $2.47
2f2b8724: shows [Jc Ah]
957ba341: shows [Qd Kd]
*** FLOP *** [Ac 8d Kh]
*** TURN *** [Ac 8d Kh] [As]
*** RIVER *** [Ac 8d Kh As] [5s]
*** SHOWDOWN ***
2f2b8724 collected $7.83 from pot
*** SUMMARY ***
Total pot $8.34 | Rake $0.41 | Jackpot $0.1 | Bingo $0 | Fortune $0 | Tax $0
Board [Ac 8d Kh As 5s]
Seat 1: 2f2b8724 (button) showed [Jc Ah] and won ($7.83) with Three Aces
Seat 2: 957ba341 (small blind) showed [Qd Kd] and lost with Pair of Aces and Pair of Kings
Seat 3: 521e2ff7 (big blind) folded before Flop
Seat 4: Hero folded before Flop (didn't bet)
Seat 5: 2eabb185 folded before Flop (didn't bet)
Seat 6: 586eeb24 folded before Flop


Poker Hand #HD1818478369: Hold'em No Limit ($0.05/$0.1) - 2024/06/16 21:20:52
Table 'NLHRed12' 6-max Seat #6 is the button
Seat 1: 2f2b8724 ($4.02 in chips)
Seat 2: 957ba341 ($10.79 in chips)
Seat 3: 521e2ff7 ($10.42 in chips)
Seat 4: Hero ($10 in chips)
Seat 5: 2eabb185 ($10 in chips)
Seat 6: 586eeb24 ($12.74 in chips)
2f2b8724: posts small blind $0.05
957ba341: posts big blind $0.1
*** HOLE CARDS ***
Dealt to 2f2b8724 
Dealt to 957ba341 
Dealt to 521e2ff7 
Dealt to Hero [As Td]
Dealt to 2eabb185 
Dealt to 586eeb24 
521e2ff7: calls $0.1
Hero: folds
2eabb185: folds
586eeb24: folds
2f2b8724: folds
957ba341: raises $0.3 to $0.4
521e2ff7: folds
Uncalled bet ($0.3) returned to 957ba341
*** SHOWDOWN ***
957ba341 collected $0.25 from pot
*** SUMMARY ***
Total pot $0.25 | Rake $0 | Jackpot $0 | Bingo $0 | Fortune $0 | Tax $0
Seat 1: 2f2b8724 (small blind) folded before Flop
Seat 2: 957ba341 (big blind) collected ($0.25)
Seat 3: 521e2ff7 folded before Flop
Seat 4: Hero folded before Flop (didn't bet)
Seat 5: 2eabb185 folded before Flop (didn't bet)
Seat 6: 586eeb24 (button) folded before Flop (didn't bet)


Poker Hand #HD1818478269: Hold'em No Limit ($0.05/$0.1) - 2024/06/16 21:20:00
Table 'NLHRed12' 6-max Seat #5 is the button
Seat 1: 2f2b8724 ($4.44 in chips)
Seat 2: 957ba341 ($10.79 in chips)
Seat 3: 521e2ff7 ($9.8 in chips)
Seat 4: Hero ($10 in chips)
Seat 5: 2eabb185 ($10 in chips)
Seat 6: 586eeb24 ($12.79 in chips)
586eeb24: posts small blind $0.05
2f2b8724: posts big blind $0.1
*** HOLE CARDS ***
Dealt to 2f2b8724 
Dealt to 957ba341 
Dealt to 521e2ff7 
Dealt to Hero [Ac 8d]
Dealt to 2eabb185 
Dealt to 586eeb24 
957ba341: folds
521e2ff7: raises $0.1 to $0.2
Hero: folds
2eabb185: calls $0.2
586eeb24: folds
2f2b8724: calls $0.1
*** FLOP *** [8h 3c 8c]
2f2b8724: checks
521e2ff7: checks
2eabb185: checks
*** TURN *** [8h 3c 8c] [3d]
2f2b8724: checks
521e2ff7: bets $0.22
2eabb185: folds
2f2b8724: calls $0.22
*** RIVER *** [8h 3c 8c 3d] [6d]
2f2b8724: checks
521e2ff7: checks
2f2b8724: shows [Kd 9h] (Pair of Eights and Pair of Treys)
521e2ff7: shows [4s Ad] (Pair of Eights and Pair of Treys)
*** SHOWDOWN ***
521e2ff7 collected $1.04 from pot
*** SUMMARY ***
Total pot $1.09 | Rake $0.05 | Jackpot $0 | Bingo $0 | Fortune $0 | Tax $0
Board [8h 3c 8c 3d 6d]
Seat 1: 2f2b8724 (big blind) showed [Kd 9h] and lost with Pair of Eights and Pair of Treys
Seat 2: 957ba341 folded before Flop (didn't bet)
Seat 3: 521e2ff7 showed [4s Ad] and won ($1.04) with Pair of Eights and Pair of Treys
Seat 4: Hero folded before Flop (didn't bet)
Seat 5: 2eabb185 (button) folded on the Turn
Seat 6: 586eeb24 (small blind) folded before Flop


Poker Hand #HD1818478152: Hold'em No Limit ($0.05/$0.1) - 2024/06/16 21:18:56
Table 'NLHRed12' 6-max Seat #4 is the button
Seat 1: 2f2b8724 ($4.84 in chips)
Seat 2: 957ba341 ($10.28 in chips)
Seat 3: 521e2ff7 ($9.8 in chips)
Seat 4: Hero ($10 in chips)
Seat 5: 2eabb185 ($10 in chips)
Seat 6: 586eeb24 ($12.89 in chips)
2eabb185: posts small blind $0.05
586eeb24: posts big blind $0.1
*** HOLE CARDS ***
Dealt to 2f2b8724 
Dealt to 957ba341 
Dealt to 521e2ff7 
Dealt to Hero [9s 7h]
Dealt to 2eabb185 
Dealt to 586eeb24 
2f2b8724: calls $0.1
957ba341: raises $0.3 to $0.4
521e2ff7: folds
Hero: folds
2eabb185: folds
586eeb24: folds
2f2b8724: calls $0.3
*** FLOP *** [7s Jc Kd]
2f2b8724: checks
957ba341: bets $0.35
2f2b8724: folds
Uncalled bet ($0.35) returned to 957ba341
*** SHOWDOWN ***
957ba341 collected $0.91 from pot
*** SUMMARY ***
Total pot $0.95 | Rake $0.04 | Jackpot $0 | Bingo $0 | Fortune $0 | Tax $0
Board [7s Jc Kd]
Seat 1: 2f2b8724 folded on the Flop
Seat 2: 957ba341 won ($0.91)
Seat 3: 521e2ff7 folded before Flop (didn't bet)
Seat 4: Hero (button) folded before Flop (didn't bet)
Seat 5: 2eabb185 (small blind) folded before Flop
Seat 6: 586eeb24 (big blind) folded before Flop


Poker Hand #HD1818478129: Hold'em No Limit ($0.05/$0.1) - 2024/06/16 21:18:45
Table 'NLHRed12' 6-max Seat #3 is the button
Seat 2: 957ba341 ($10.28 in chips)
Seat 3: 521e2ff7 ($9.65 in chips)
Seat 4: Hero ($10.05 in chips)
Seat 5: 2eabb185 ($10 in chips)
Seat 6: 586eeb24 ($12.89 in chips)
Hero: posts small blind $0.05
2eabb185: posts big blind $0.1
*** HOLE CARDS ***
Dealt to 957ba341 
Dealt to 521e2ff7 
Dealt to Hero [4c 9s]
Dealt to 2eabb185 
Dealt to 586eeb24 
586eeb24: folds
957ba341: folds
521e2ff7: raises $0.1 to $0.2
Hero: folds
2eabb185: folds
Uncalled bet ($0.1) returned to 521e2ff7
*** SHOWDOWN ***
521e2ff7 collected $0.25 from pot
*** SUMMARY ***
Total pot $0.25 | Rake $0 | Jackpot $0 | Bingo $0 | Fortune $0 | Tax $0
Seat 2: 957ba341 folded before Flop (didn't bet)
Seat 3: 521e2ff7 (button) collected ($0.25)
Seat 4: Hero (small blind) folded before Flop
Seat 5: 2eabb185 (big blind) folded before Flop
Seat 6: 586eeb24 folded before Flop (didn't bet)


Poker Hand #HD1818478103: Hold'em No Limit ($0.05/$0.1) - 2024/06/16 21:18:31
Table 'NLHRed12' 6-max Seat #2 is the button
Seat 2: 957ba341 ($10.28 in chips)
Seat 3: 521e2ff7 ($9.7 in chips)
Seat 4: Hero ($10 in chips)
Seat 5: 2eabb185 ($10 in chips)
Seat 6: 586eeb24 ($12.89 in chips)
521e2ff7: posts small blind $0.05
Hero: posts big blind $0.1
*** HOLE CARDS ***
Dealt to 957ba341 
Dealt to 521e2ff7 
Dealt to Hero [Ah 6s]
Dealt to 2eabb185 
Dealt to 586eeb24 
2eabb185: folds
586eeb24: folds
957ba341: folds
521e2ff7: folds
Uncalled bet ($0.05) returned to Hero
*** SHOWDOWN ***
Hero collected $0.1 from pot
*** SUMMARY ***
Total pot $0.1 | Rake $0 | Jackpot $0 | Bingo $0 | Fortune $0 | Tax $0
Seat 2: 957ba341 (button) folded before Flop (didn't bet)
Seat 3: 521e2ff7 (small blind) folded before Flop
Seat 4: Hero (big blind) collected ($0.1)
Seat 5: 2eabb185 folded before Flop (didn't bet)
Seat 6: 586eeb24 folded before Flop (didn't bet)


