Poker Hand #HD1852650599: Hold'em No Limit ($0.05/$0.1) - 2024/07/11 17:14:56
Table 'NLHRed33' 6-max Seat #1 is the button
Seat 1: d6be32eb ($20.96 in chips)
Seat 2: 8ff4a027 ($15.92 in chips)
Seat 3: b52fceb7 ($10 in chips)
Seat 4: Hero ($10.39 in chips)
Seat 5: 3c6872d2 ($25.25 in chips)
Seat 6: 5e4ae9c3 ($18.74 in chips)
8ff4a027: posts small blind $0.05
b52fceb7: posts big blind $0.1
*** HOLE CARDS ***
Dealt to d6be32eb 
Dealt to 8ff4a027 
Dealt to b52fceb7 
Dealt to Hero [Jd 7h]
Dealt to 3c6872d2 
Dealt to 5e4ae9c3 
Hero: folds
3c6872d2: folds
5e4ae9c3: folds
d6be32eb: raises $0.15 to $0.25
8ff4a027: calls $0.2
b52fceb7: calls $0.15
*** FLOP *** [Ts Qd 3c]
8ff4a027: checks
b52fceb7: checks
d6be32eb: checks
*** TURN *** [Ts Qd 3c] [9d]
8ff4a027: checks
b52fceb7: checks
d6be32eb: bets $0.55
8ff4a027: folds
b52fceb7: folds
Uncalled bet ($0.55) returned to d6be32eb
*** SHOWDOWN ***
d6be32eb collected $0.72 from pot
*** SUMMARY ***
Total pot $0.75 | Rake $0.03 | Jackpot $0 | Bingo $0 | Fortune $0 | Tax $0
Board [Ts Qd 3c 9d]
Seat 1: d6be32eb (button) won ($0.72)
Seat 2: 8ff4a027 (small blind) folded on the Turn
Seat 3: b52fceb7 (big blind) folded on the Turn
Seat 4: Hero folded before Flop (didn't bet)
Seat 5: 3c6872d2 folded before Flop (didn't bet)
Seat 6: 5e4ae9c3 folded before Flop (didn't bet)


Poker Hand #HD1852650511: Hold'em No Limit ($0.05/$0.1) - 2024/07/11 17:14:15
Table 'NLHRed33' 6-max Seat #6 is the button
Seat 1: d6be32eb ($21.01 in chips)
Seat 2: 8ff4a027 ($15.64 in chips)
Seat 3: b52fceb7 ($10 in chips)
Seat 4: Hero ($10.39 in chips)
Seat 5: 3c6872d2 ($25.5 in chips)
Seat 6: 5e4ae9c3 ($18.74 in chips)
d6be32eb: posts small blind $0.05
8ff4a027: posts big blind $0.1
*** HOLE CARDS ***
Dealt to d6be32eb 
Dealt to 8ff4a027 
Dealt to b52fceb7 
Dealt to Hero [6s 8h]
Dealt to 3c6872d2 
Dealt to 5e4ae9c3 
b52fceb7: folds
Hero: folds
3c6872d2: raises $0.15 to $0.25
5e4ae9c3: folds
d6be32eb: folds
8ff4a027: calls $0.15
*** FLOP *** [3h Tc Qs]
8ff4a027: checks
3c6872d2: checks
*** TURN *** [3h Tc Qs] [Ac]
8ff4a027: checks
3c6872d2: checks
*** RIVER *** [3h Tc Qs Ac] [8s]
8ff4a027: bets $0.3
3c6872d2: folds
Uncalled bet ($0.3) returned to 8ff4a027
*** SHOWDOWN ***
8ff4a027 collected $0.53 from pot
*** SUMMARY ***
Total pot $0.55 | Rake $0.02 | Jackpot $0 | Bingo $0 | Fortune $0 | Tax $0
Board [3h Tc Qs Ac 8s]
Seat 1: d6be32eb (small blind) folded before Flop
Seat 2: 8ff4a027 (big blind) won ($0.53)
Seat 3: b52fceb7 folded before Flop (didn't bet)
Seat 4: Hero folded before Flop (didn't bet)
Seat 5: 3c6872d2 folded on the River
Seat 6: 5e4ae9c3 (button) folded before Flop (didn't bet)


Poker Hand #HD1852650461: Hold'em No Limit ($0.05/$0.1) - 2024/07/11 17:13:50
Table 'NLHRed33' 6-max Seat #5 is the button
Seat 1: d6be32eb ($21.11 in chips)
Seat 2: 8ff4a027 ($15.64 in chips)
Seat 3: b52fceb7 ($10 in chips)
Seat 4: Hero ($10.39 in chips)
Seat 5: 3c6872d2 ($25.35 in chips)
Seat 6: 5e4ae9c3 ($18.79 in chips)
5e4ae9c3: posts small blind $0.05
d6be32eb: posts big blind $0.1
*** HOLE CARDS ***
Dealt to d6be32eb 
Dealt to 8ff4a027 
Dealt to b52fceb7 
Dealt to Hero [3s Ts]
Dealt to 3c6872d2 
Dealt to 5e4ae9c3 
8ff4a027: folds
b52fceb7: folds
Hero: folds
3c6872d2: raises $0.15 to $0.25
5e4ae9c3: folds
d6be32eb: folds
Uncalled bet ($0.15) returned to 3c6872d2
*** SHOWDOWN ***
3c6872d2 collected $0.25 from pot
*** SUMMARY ***
Total pot $0.25 | Rake $0 | Jackpot $0 | Bingo $0 | Fortune $0 | Tax $0
Seat 1: d6be32eb (big blind) folded before Flop
Seat 2: 8ff4a027 folded before Flop (didn't bet)
Seat 3: b52fceb7 folded before Flop (didn't bet)
Seat 4: Hero folded before Flop (didn't bet)
Seat 5: 3c6872d2 (button) collected ($0.25)
Seat 6: 5e4ae9c3 (small blind) folded before Flop


Poker Hand #HD1852650428: Hold'em No Limit ($0.05/$0.1) - 2024/07/11 17:13:34
Table 'NLHRed33' 6-max Seat #4 is the button
Seat 1: d6be32eb ($21.11 in chips)
Seat 2: 8ff4a027 ($15.64 in chips)
Seat 3: b52fceb7 ($10 in chips)
Seat 4: Hero ($10.24 in chips)
Seat 5: 3c6872d2 ($25.4 in chips)
Seat 6: 5e4ae9c3 ($18.89 in chips)
3c6872d2: posts small blind $0.05
5e4ae9c3: posts big blind $0.1
*** HOLE CARDS ***
Dealt to d6be32eb 
Dealt to 8ff4a027 
Dealt to b52fceb7 
Dealt to Hero [5h 4h]
Dealt to 3c6872d2 
Dealt to 5e4ae9c3 
d6be32eb: folds
8ff4a027: folds
b52fceb7: folds
Hero: raises $0.14 to $0.24
3c6872d2: folds
5e4ae9c3: folds
Uncalled bet ($0.14) returned to Hero
*** SHOWDOWN ***
Hero collected $0.25 from pot
*** SUMMARY ***
Total pot $0.25 | Rake $0 | Jackpot $0 | Bingo $0 | Fortune $0 | Tax $0
Seat 1: d6be32eb folded before Flop (didn't bet)
Seat 2: 8ff4a027 folded before Flop (didn't bet)
Seat 3: b52fceb7 folded before Flop (didn't bet)
Seat 4: Hero (button) collected ($0.25)
Seat 5: 3c6872d2 (small blind) folded before Flop
Seat 6: 5e4ae9c3 (big blind) folded before Flop


Poker Hand #HD1852650378: Hold'em No Limit ($0.05/$0.1) - 2024/07/11 17:13:08
Table 'NLHRed33' 6-max Seat #3 is the button
Seat 1: d6be32eb ($21.11 in chips)
Seat 2: 8ff4a027 ($15.49 in chips)
Seat 3: b52fceb7 ($10 in chips)
Seat 4: Hero ($10.29 in chips)
Seat 5: 3c6872d2 ($25.5 in chips)
Seat 6: 5e4ae9c3 ($18.89 in chips)
Hero: posts small blind $0.05
3c6872d2: posts big blind $0.1
*** HOLE CARDS ***
Dealt to d6be32eb 
Dealt to 8ff4a027 
Dealt to b52fceb7 
Dealt to Hero [9c 5c]
Dealt to 3c6872d2 
Dealt to 5e4ae9c3 
5e4ae9c3: folds
d6be32eb: folds
8ff4a027: raises $0.2 to $0.3
b52fceb7: folds
Hero: folds
3c6872d2: folds
Uncalled bet ($0.2) returned to 8ff4a027
*** SHOWDOWN ***
8ff4a027 collected $0.25 from pot
*** SUMMARY ***
Total pot $0.25 | Rake $0 | Jackpot $0 | Bingo $0 | Fortune $0 | Tax $0
Seat 1: d6be32eb folded before Flop (didn't bet)
Seat 2: 8ff4a027 collected ($0.25)
Seat 3: b52fceb7 (button) folded before Flop (didn't bet)
Seat 4: Hero (small blind) folded before Flop
Seat 5: 3c6872d2 (big blind) folded before Flop
Seat 6: 5e4ae9c3 folded before Flop (didn't bet)


Poker Hand #HD1852650273: Hold'em No Limit ($0.05/$0.1) - 2024/07/11 17:12:21
Table 'NLHRed33' 6-max Seat #2 is the button
Seat 1: d6be32eb ($21.11 in chips)
Seat 2: 8ff4a027 ($15.17 in chips)
Seat 3: b52fceb7 ($10.05 in chips)
Seat 4: Hero ($10.39 in chips)
Seat 5: 3c6872d2 ($25.5 in chips)
Seat 6: 5e4ae9c3 ($18.89 in chips)
b52fceb7: posts small blind $0.05
Hero: posts big blind $0.1
*** HOLE CARDS ***
Dealt to d6be32eb 
Dealt to 8ff4a027 
Dealt to b52fceb7 
Dealt to Hero [5s 3s]
Dealt to 3c6872d2 
Dealt to 5e4ae9c3 
3c6872d2: folds
5e4ae9c3: folds
d6be32eb: folds
8ff4a027: raises $0.15 to $0.25
b52fceb7: calls $0.2
Hero: folds
*** FLOP *** [3h 3c Qs]
b52fceb7: checks
8ff4a027: bets $0.3
b52fceb7: folds
Uncalled bet ($0.3) returned to 8ff4a027
*** SHOWDOWN ***
8ff4a027 collected $0.57 from pot
*** SUMMARY ***
Total pot $0.6 | Rake $0.03 | Jackpot $0 | Bingo $0 | Fortune $0 | Tax $0
Board [3h 3c Qs]
Seat 1: d6be32eb folded before Flop (didn't bet)
Seat 2: 8ff4a027 (button) won ($0.57)
Seat 3: b52fceb7 (small blind) folded on the Flop
Seat 4: Hero (big blind) folded before Flop
Seat 5: 3c6872d2 folded before Flop (didn't bet)
Seat 6: 5e4ae9c3 folded before Flop (didn't bet)


Poker Hand #HD1852650204: Hold'em No Limit ($0.05/$0.1) - 2024/07/11 17:11:54
Table 'NLHRed33' 6-max Seat #1 is the button
Seat 1: d6be32eb ($21.11 in chips)
Seat 2: 8ff4a027 ($15.22 in chips)
Seat 3: b52fceb7 ($10.15 in chips)
Seat 4: Hero ($10.24 in chips)
Seat 5: 3c6872d2 ($25.5 in chips)
Seat 6: 5e4ae9c3 ($18.89 in chips)
8ff4a027: posts small blind $0.05
b52fceb7: posts big blind $0.1
*** HOLE CARDS ***
Dealt to d6be32eb 
Dealt to 8ff4a027 
Dealt to b52fceb7 
Dealt to Hero [Qs Ac]
Dealt to 3c6872d2 
Dealt to 5e4ae9c3 
Hero: raises $0.1 to $0.2
3c6872d2: folds
5e4ae9c3: folds
d6be32eb: folds
8ff4a027: folds
b52fceb7: folds
Uncalled bet ($0.1) returned to Hero
*** SHOWDOWN ***
Hero collected $0.25 from pot
*** SUMMARY ***
Total pot $0.25 | Rake $0 | Jackpot $0 | Bingo $0 | Fortune $0 | Tax $0
Seat 1: d6be32eb (button) folded before Flop (didn't bet)
Seat 2: 8ff4a027 (small blind) folded before Flop
Seat 3: b52fceb7 (big blind) folded before Flop
Seat 4: Hero collected ($0.25)
Seat 5: 3c6872d2 folded before Flop (didn't bet)
Seat 6: 5e4ae9c3 folded before Flop (didn't bet)


Poker Hand #HD1852650141: Hold'em No Limit ($0.05/$0.1) - 2024/07/11 17:11:23
Table 'NLHRed33' 6-max Seat #6 is the button
Seat 1: d6be32eb ($21.16 in chips)
Seat 2: 8ff4a027 ($15.32 in chips)
Seat 3: b52fceb7 ($10 in chips)
Seat 4: Hero ($10.24 in chips)
Seat 5: 3c6872d2 ($25.5 in chips)
Seat 6: 5e4ae9c3 ($18.89 in chips)
d6be32eb: posts small blind $0.05
8ff4a027: posts big blind $0.1
*** HOLE CARDS ***
Dealt to d6be32eb 
Dealt to 8ff4a027 
Dealt to b52fceb7 
Dealt to Hero [Ad Jc]
Dealt to 3c6872d2 
Dealt to 5e4ae9c3 
b52fceb7: raises $0.15 to $0.25
Hero: folds
3c6872d2: folds
5e4ae9c3: folds
d6be32eb: folds
8ff4a027: folds
Uncalled bet ($0.15) returned to b52fceb7
*** SHOWDOWN ***
b52fceb7 collected $0.25 from pot
*** SUMMARY ***
Total pot $0.25 | Rake $0 | Jackpot $0 | Bingo $0 | Fortune $0 | Tax $0
Seat 1: d6be32eb (small blind) folded before Flop
Seat 2: 8ff4a027 (big blind) folded before Flop
Seat 3: b52fceb7 collected ($0.25)
Seat 4: Hero folded before Flop (didn't bet)
Seat 5: 3c6872d2 folded before Flop (didn't bet)
Seat 6: 5e4ae9c3 (button) folded before Flop (didn't bet)


Poker Hand #HD1852650088: Hold'em No Limit ($0.05/$0.1) - 2024/07/11 17:10:59
Table 'NLHRed33' 6-max Seat #5 is the button
Seat 1: d6be32eb ($21.26 in chips)
Seat 2: 8ff4a027 ($15.32 in chips)
Seat 3: b52fceb7 ($10 in chips)
Seat 4: Hero ($10.24 in chips)
Seat 5: 3c6872d2 ($25.35 in chips)
Seat 6: 5e4ae9c3 ($18.94 in chips)
5e4ae9c3: posts small blind $0.05
d6be32eb: posts big blind $0.1
*** HOLE CARDS ***
Dealt to d6be32eb 
Dealt to 8ff4a027 
Dealt to b52fceb7 
Dealt to Hero [3c 8d]
Dealt to 3c6872d2 
Dealt to 5e4ae9c3 
8ff4a027: folds
b52fceb7: folds
Hero: folds
3c6872d2: raises $0.15 to $0.25
5e4ae9c3: folds
d6be32eb: folds
Uncalled bet ($0.15) returned to 3c6872d2
*** SHOWDOWN ***
3c6872d2 collected $0.25 from pot
*** SUMMARY ***
Total pot $0.25 | Rake $0 | Jackpot $0 | Bingo $0 | Fortune $0 | Tax $0
Seat 1: d6be32eb (big blind) folded before Flop
Seat 2: 8ff4a027 folded before Flop (didn't bet)
Seat 3: b52fceb7 folded before Flop (didn't bet)
Seat 4: Hero folded before Flop (didn't bet)
Seat 5: 3c6872d2 (button) collected ($0.25)
Seat 6: 5e4ae9c3 (small blind) folded before Flop


Poker Hand #HD1852650045: Hold'em No Limit ($0.05/$0.1) - 2024/07/11 17:10:41
Table 'NLHRed33' 6-max Seat #4 is the button
Seat 1: d6be32eb ($21.26 in chips)
Seat 2: 8ff4a027 ($15.32 in chips)
Seat 3: b52fceb7 ($10 in chips)
Seat 4: Hero ($10.09 in chips)
Seat 5: 3c6872d2 ($25.4 in chips)
Seat 6: 5e4ae9c3 ($19.04 in chips)
3c6872d2: posts small blind $0.05
5e4ae9c3: posts big blind $0.1
*** HOLE CARDS ***
Dealt to d6be32eb 
Dealt to 8ff4a027 
Dealt to b52fceb7 
Dealt to Hero [Ac 2c]
Dealt to 3c6872d2 
Dealt to 5e4ae9c3 
d6be32eb: folds
8ff4a027: folds
b52fceb7: folds
Hero: raises $0.14 to $0.24
3c6872d2: folds
5e4ae9c3: folds
Uncalled bet ($0.14) returned to Hero
*** SHOWDOWN ***
Hero collected $0.25 from pot
*** SUMMARY ***
Total pot $0.25 | Rake $0 | Jackpot $0 | Bingo $0 | Fortune $0 | Tax $0
Seat 1: d6be32eb folded before Flop (didn't bet)
Seat 2: 8ff4a027 folded before Flop (didn't bet)
Seat 3: b52fceb7 folded before Flop (didn't bet)
Seat 4: Hero (button) collected ($0.25)
Seat 5: 3c6872d2 (small blind) folded before Flop
Seat 6: 5e4ae9c3 (big blind) folded before Flop


Poker Hand #HD1852650016: Hold'em No Limit ($0.05/$0.1) - 2024/07/11 17:10:28
Table 'NLHRed33' 6-max Seat #3 is the button
Seat 1: d6be32eb ($21.26 in chips)
Seat 2: 8ff4a027 ($15.17 in chips)
Seat 3: b52fceb7 ($10 in chips)
Seat 4: Hero ($10.14 in chips)
Seat 5: 3c6872d2 ($25.5 in chips)
Seat 6: 5e4ae9c3 ($19.04 in chips)
Hero: posts small blind $0.05
3c6872d2: posts big blind $0.1
*** HOLE CARDS ***
Dealt to d6be32eb 
Dealt to 8ff4a027 
Dealt to b52fceb7 
Dealt to Hero [3s 7h]
Dealt to 3c6872d2 
Dealt to 5e4ae9c3 
5e4ae9c3: folds
d6be32eb: folds
8ff4a027: raises $0.15 to $0.25
b52fceb7: folds
Hero: folds
3c6872d2: folds
Uncalled bet ($0.15) returned to 8ff4a027
*** SHOWDOWN ***
8ff4a027 collected $0.25 from pot
*** SUMMARY ***
Total pot $0.25 | Rake $0 | Jackpot $0 | Bingo $0 | Fortune $0 | Tax $0
Seat 1: d6be32eb folded before Flop (didn't bet)
Seat 2: 8ff4a027 collected ($0.25)
Seat 3: b52fceb7 (button) folded before Flop (didn't bet)
Seat 4: Hero (small blind) folded before Flop
Seat 5: 3c6872d2 (big blind) folded before Flop
Seat 6: 5e4ae9c3 folded before Flop (didn't bet)


Poker Hand #HD1852649978: Hold'em No Limit ($0.05/$0.1) - 2024/07/11 17:10:13
Table 'NLHRed33' 6-max Seat #2 is the button
Seat 1: d6be32eb ($21.26 in chips)
Seat 2: 8ff4a027 ($15.17 in chips)
Seat 3: b52fceb7 ($10.05 in chips)
Seat 4: Hero ($10.09 in chips)
Seat 5: 3c6872d2 ($25.5 in chips)
Seat 6: 5e4ae9c3 ($19.04 in chips)
b52fceb7: posts small blind $0.05
Hero: posts big blind $0.1
*** HOLE CARDS ***
Dealt to d6be32eb 
Dealt to 8ff4a027 
Dealt to b52fceb7 
Dealt to Hero [Td Js]
Dealt to 3c6872d2 
Dealt to 5e4ae9c3 
3c6872d2: folds
5e4ae9c3: folds
d6be32eb: folds
8ff4a027: folds
b52fceb7: folds
Uncalled bet ($0.05) returned to Hero
*** SHOWDOWN ***
Hero collected $0.1 from pot
*** SUMMARY ***
Total pot $0.1 | Rake $0 | Jackpot $0 | Bingo $0 | Fortune $0 | Tax $0
Seat 1: d6be32eb folded before Flop (didn't bet)
Seat 2: 8ff4a027 (button) folded before Flop (didn't bet)
Seat 3: b52fceb7 (small blind) folded before Flop
Seat 4: Hero (big blind) collected ($0.1)
Seat 5: 3c6872d2 folded before Flop (didn't bet)
Seat 6: 5e4ae9c3 folded before Flop (didn't bet)


Poker Hand #HD1852649954: Hold'em No Limit ($0.05/$0.1) - 2024/07/11 17:10:01
Table 'NLHRed33' 6-max Seat #1 is the button
Seat 1: d6be32eb ($21.26 in chips)
Seat 2: 8ff4a027 ($15.22 in chips)
Seat 3: b52fceb7 ($10 in chips)
Seat 4: Hero ($10.09 in chips)
Seat 5: 3c6872d2 ($25.5 in chips)
Seat 6: 5e4ae9c3 ($19.04 in chips)
8ff4a027: posts small blind $0.05
b52fceb7: posts big blind $0.1
*** HOLE CARDS ***
Dealt to d6be32eb 
Dealt to 8ff4a027 
Dealt to b52fceb7 
Dealt to Hero [Th Ac]
Dealt to 3c6872d2 
Dealt to 5e4ae9c3 
Hero: folds
3c6872d2: folds
5e4ae9c3: folds
d6be32eb: folds
8ff4a027: folds
Uncalled bet ($0.05) returned to b52fceb7
*** SHOWDOWN ***
b52fceb7 collected $0.1 from pot
*** SUMMARY ***
Total pot $0.1 | Rake $0 | Jackpot $0 | Bingo $0 | Fortune $0 | Tax $0
Seat 1: d6be32eb (button) folded before Flop (didn't bet)
Seat 2: 8ff4a027 (small blind) folded before Flop
Seat 3: b52fceb7 (big blind) collected ($0.1)
Seat 4: Hero folded before Flop (didn't bet)
Seat 5: 3c6872d2 folded before Flop (didn't bet)
Seat 6: 5e4ae9c3 folded before Flop (didn't bet)


Poker Hand #HD1852649841: Hold'em No Limit ($0.05/$0.1) - 2024/07/11 17:09:07
Table 'NLHRed33' 6-max Seat #6 is the button
Seat 1: d6be32eb ($21.31 in chips)
Seat 2: 8ff4a027 ($15.73 in chips)
Seat 3: b52fceb7 ($10 in chips)
Seat 4: Hero ($10.09 in chips)
Seat 5: 3c6872d2 ($24.99 in chips)
Seat 6: 5e4ae9c3 ($19.04 in chips)
d6be32eb: posts small blind $0.05
8ff4a027: posts big blind $0.1
*** HOLE CARDS ***
Dealt to d6be32eb 
Dealt to 8ff4a027 
Dealt to b52fceb7 
Dealt to Hero [Kh 7d]
Dealt to 3c6872d2 
Dealt to 5e4ae9c3 
b52fceb7: folds
Hero: folds
3c6872d2: raises $0.15 to $0.25
5e4ae9c3: folds
d6be32eb: folds
8ff4a027: calls $0.15
*** FLOP *** [6h 6c 3d]
8ff4a027: checks
3c6872d2: bets $0.26
8ff4a027: calls $0.26
*** TURN *** [6h 6c 3d] [5d]
8ff4a027: checks
3c6872d2: checks
*** RIVER *** [6h 6c 3d 5d] [Qh]
8ff4a027: checks
3c6872d2: bets $0.71
8ff4a027: folds
Uncalled bet ($0.71) returned to 3c6872d2
*** SHOWDOWN ***
3c6872d2 collected $1.02 from pot
*** SUMMARY ***
Total pot $1.07 | Rake $0.05 | Jackpot $0 | Bingo $0 | Fortune $0 | Tax $0
Board [6h 6c 3d 5d Qh]
Seat 1: d6be32eb (small blind) folded before Flop
Seat 2: 8ff4a027 (big blind) folded on the River
Seat 3: b52fceb7 folded before Flop (didn't bet)
Seat 4: Hero folded before Flop (didn't bet)
Seat 5: 3c6872d2 won ($1.02)
Seat 6: 5e4ae9c3 (button) folded before Flop (didn't bet)


Poker Hand #HD1852649781: Hold'em No Limit ($0.05/$0.1) - 2024/07/11 17:08:40
Table 'NLHRed33' 6-max Seat #5 is the button
Seat 1: d6be32eb ($21.03 in chips)
Seat 2: 8ff4a027 ($15.73 in chips)
Seat 3: b52fceb7 ($10 in chips)
Seat 4: Hero ($10.09 in chips)
Seat 5: 3c6872d2 ($25.24 in chips)
Seat 6: 5e4ae9c3 ($19.09 in chips)
5e4ae9c3: posts small blind $0.05
d6be32eb: posts big blind $0.1
*** HOLE CARDS ***
Dealt to d6be32eb 
Dealt to 8ff4a027 
Dealt to b52fceb7 
Dealt to Hero [3s 8c]
Dealt to 3c6872d2 
Dealt to 5e4ae9c3 
8ff4a027: folds
b52fceb7: folds
Hero: folds
3c6872d2: raises $0.15 to $0.25
5e4ae9c3: folds
d6be32eb: raises $0.95 to $1.2
3c6872d2: folds
Uncalled bet ($0.95) returned to d6be32eb
*** SHOWDOWN ***
d6be32eb collected $0.53 from pot
*** SUMMARY ***
Total pot $0.55 | Rake $0.02 | Jackpot $0 | Bingo $0 | Fortune $0 | Tax $0
Seat 1: d6be32eb (big blind) collected ($0.53)
Seat 2: 8ff4a027 folded before Flop (didn't bet)
Seat 3: b52fceb7 folded before Flop (didn't bet)
Seat 4: Hero folded before Flop (didn't bet)
Seat 5: 3c6872d2 (button) folded before Flop
Seat 6: 5e4ae9c3 (small blind) folded before Flop


Poker Hand #HD1852649734: Hold'em No Limit ($0.05/$0.1) - 2024/07/11 17:08:19
Table 'NLHRed33' 6-max Seat #4 is the button
Seat 1: d6be32eb ($21.03 in chips)
Seat 2: 8ff4a027 ($15.73 in chips)
Seat 4: Hero ($10.09 in chips)
Seat 5: 3c6872d2 ($25.29 in chips)
Seat 6: 5e4ae9c3 ($19.04 in chips)
3c6872d2: posts small blind $0.05
5e4ae9c3: posts big blind $0.1
*** HOLE CARDS ***
Dealt to d6be32eb 
Dealt to 8ff4a027 
Dealt to Hero [4c Th]
Dealt to 3c6872d2 
Dealt to 5e4ae9c3 
d6be32eb: folds
8ff4a027: folds
Hero: folds
3c6872d2: folds
Uncalled bet ($0.05) returned to 5e4ae9c3
*** SHOWDOWN ***
5e4ae9c3 collected $0.1 from pot
*** SUMMARY ***
Total pot $0.1 | Rake $0 | Jackpot $0 | Bingo $0 | Fortune $0 | Tax $0
Seat 1: d6be32eb folded before Flop (didn't bet)
Seat 2: 8ff4a027 folded before Flop (didn't bet)
Seat 4: Hero (button) folded before Flop (didn't bet)
Seat 5: 3c6872d2 (small blind) folded before Flop
Seat 6: 5e4ae9c3 (big blind) collected ($0.1)


Poker Hand #HD1852649676: Hold'em No Limit ($0.05/$0.1) - 2024/07/11 17:07:50
Table 'NLHRed33' 6-max Seat #2 is the button
Seat 1: d6be32eb ($20.88 in chips)
Seat 2: 8ff4a027 ($15.73 in chips)
Seat 3: b52fceb7 ($10 in chips)
Seat 4: Hero ($10.19 in chips)
Seat 5: 3c6872d2 ($25.29 in chips)
Seat 6: 5e4ae9c3 ($19.04 in chips)
b52fceb7: posts small blind $0.05
Hero: posts big blind $0.1
*** HOLE CARDS ***
Dealt to d6be32eb 
Dealt to 8ff4a027 
Dealt to b52fceb7 
Dealt to Hero [Kd 6s]
Dealt to 3c6872d2 
Dealt to 5e4ae9c3 
3c6872d2: folds
5e4ae9c3: folds
d6be32eb: raises $0.15 to $0.25
8ff4a027: folds
b52fceb7: folds
Hero: folds
Uncalled bet ($0.15) returned to d6be32eb
*** SHOWDOWN ***
d6be32eb collected $0.25 from pot
*** SUMMARY ***
Total pot $0.25 | Rake $0 | Jackpot $0 | Bingo $0 | Fortune $0 | Tax $0
Seat 1: d6be32eb collected ($0.25)
Seat 2: 8ff4a027 (button) folded before Flop (didn't bet)
Seat 3: b52fceb7 (small blind) folded before Flop
Seat 4: Hero (big blind) folded before Flop
Seat 5: 3c6872d2 folded before Flop (didn't bet)
Seat 6: 5e4ae9c3 folded before Flop (didn't bet)


Poker Hand #HD1852649626: Hold'em No Limit ($0.05/$0.1) - 2024/07/11 17:07:29
Table 'NLHRed33' 6-max Seat #1 is the button
Seat 1: d6be32eb ($20.88 in chips)
Seat 2: 8ff4a027 ($15.78 in chips)
Seat 3: b52fceb7 ($10 in chips)
Seat 4: Hero ($10.19 in chips)
Seat 5: 3c6872d2 ($25.29 in chips)
Seat 6: 5e4ae9c3 ($18.89 in chips)
8ff4a027: posts small blind $0.05
b52fceb7: posts big blind $0.1
*** HOLE CARDS ***
Dealt to d6be32eb 
Dealt to 8ff4a027 
Dealt to b52fceb7 
Dealt to Hero [7h 2s]
Dealt to 3c6872d2 
Dealt to 5e4ae9c3 
Hero: folds
3c6872d2: folds
5e4ae9c3: raises $0.17 to $0.27
d6be32eb: folds
8ff4a027: folds
b52fceb7: folds
Uncalled bet ($0.17) returned to 5e4ae9c3
*** SHOWDOWN ***
5e4ae9c3 collected $0.25 from pot
*** SUMMARY ***
Total pot $0.25 | Rake $0 | Jackpot $0 | Bingo $0 | Fortune $0 | Tax $0
Seat 1: d6be32eb (button) folded before Flop (didn't bet)
Seat 2: 8ff4a027 (small blind) folded before Flop
Seat 3: b52fceb7 (big blind) folded before Flop
Seat 4: Hero folded before Flop (didn't bet)
Seat 5: 3c6872d2 folded before Flop (didn't bet)
Seat 6: 5e4ae9c3 collected ($0.25)


Poker Hand #HD1852649599: Hold'em No Limit ($0.05/$0.1) - 2024/07/11 17:07:15
Table 'NLHRed33' 6-max Seat #6 is the button
Seat 1: d6be32eb ($20.93 in chips)
Seat 2: 8ff4a027 ($15.73 in chips)
Seat 4: Hero ($10.19 in chips)
Seat 5: 3c6872d2 ($25.29 in chips)
Seat 6: 5e4ae9c3 ($18.89 in chips)
d6be32eb: posts small blind $0.05
8ff4a027: posts big blind $0.1
*** HOLE CARDS ***
Dealt to d6be32eb 
Dealt to 8ff4a027 
Dealt to Hero [6s 3d]
Dealt to 3c6872d2 
Dealt to 5e4ae9c3 
Hero: folds
3c6872d2: folds
5e4ae9c3: folds
d6be32eb: folds
Uncalled bet ($0.05) returned to 8ff4a027
*** SHOWDOWN ***
8ff4a027 collected $0.1 from pot
*** SUMMARY ***
Total pot $0.1 | Rake $0 | Jackpot $0 | Bingo $0 | Fortune $0 | Tax $0
Seat 1: d6be32eb (small blind) folded before Flop
Seat 2: 8ff4a027 (big blind) collected ($0.1)
Seat 4: Hero folded before Flop (didn't bet)
Seat 5: 3c6872d2 folded before Flop (didn't bet)
Seat 6: 5e4ae9c3 (button) folded before Flop (didn't bet)


Poker Hand #HD1852649524: Hold'em No Limit ($0.05/$0.1) - 2024/07/11 17:06:37
Table 'NLHRed33' 6-max Seat #5 is the button
Seat 1: d6be32eb ($20.42 in chips)
Seat 2: 8ff4a027 ($15.73 in chips)
Seat 4: Hero ($10.7 in chips)
Seat 5: 3c6872d2 ($25.29 in chips)
Seat 6: 5e4ae9c3 ($18.94 in chips)
5e4ae9c3: posts small blind $0.05
d6be32eb: posts big blind $0.1
*** HOLE CARDS ***
Dealt to d6be32eb 
Dealt to 8ff4a027 
Dealt to Hero [Th Td]
Dealt to 3c6872d2 
Dealt to 5e4ae9c3 
8ff4a027: folds
Hero: raises $0.14 to $0.24
3c6872d2: folds
5e4ae9c3: folds
d6be32eb: calls $0.14
*** FLOP *** [Jc 8c Qc]
d6be32eb: checks
Hero: checks
*** TURN *** [Jc 8c Qc] [Ah]
d6be32eb: checks
Hero: checks
*** RIVER *** [Jc 8c Qc Ah] [6s]
d6be32eb: bets $0.27
Hero: calls $0.27
d6be32eb: shows [Kc 9c] (King High Flush)
Hero: shows [Th Td] (Pair of Tens)
*** SHOWDOWN ***
d6be32eb collected $1.02 from pot
*** SUMMARY ***
Total pot $1.07 | Rake $0.05 | Jackpot $0 | Bingo $0 | Fortune $0 | Tax $0
Board [Jc 8c Qc Ah 6s]
Seat 1: d6be32eb (big blind) showed [Kc 9c] and won ($1.02) with King High Flush
Seat 2: 8ff4a027 folded before Flop (didn't bet)
Seat 4: Hero showed [Th Td] and lost with Pair of Tens
Seat 5: 3c6872d2 (button) folded before Flop (didn't bet)
Seat 6: 5e4ae9c3 (small blind) folded before Flop


Poker Hand #HD1852649474: Hold'em No Limit ($0.05/$0.1) - 2024/07/11 17:06:13
Table 'NLHRed33' 6-max Seat #4 is the button
Seat 1: d6be32eb ($20.42 in chips)
Seat 2: 8ff4a027 ($15.73 in chips)
Seat 4: Hero ($10.55 in chips)
Seat 5: 3c6872d2 ($25.34 in chips)
Seat 6: 5e4ae9c3 ($19.04 in chips)
3c6872d2: posts small blind $0.05
5e4ae9c3: posts big blind $0.1
*** HOLE CARDS ***
Dealt to d6be32eb 
Dealt to 8ff4a027 
Dealt to Hero [Ks 7s]
Dealt to 3c6872d2 
Dealt to 5e4ae9c3 
d6be32eb: folds
8ff4a027: folds
Hero: raises $0.14 to $0.24
3c6872d2: folds
5e4ae9c3: folds
Uncalled bet ($0.14) returned to Hero
*** SHOWDOWN ***
Hero collected $0.25 from pot
*** SUMMARY ***
Total pot $0.25 | Rake $0 | Jackpot $0 | Bingo $0 | Fortune $0 | Tax $0
Seat 1: d6be32eb folded before Flop (didn't bet)
Seat 2: 8ff4a027 folded before Flop (didn't bet)
Seat 4: Hero (button) collected ($0.25)
Seat 5: 3c6872d2 (small blind) folded before Flop
Seat 6: 5e4ae9c3 (big blind) folded before Flop


Poker Hand #HD1852649427: Hold'em No Limit ($0.05/$0.1) - 2024/07/11 17:05:47
Table 'NLHRed33' 6-max Seat #2 is the button
Seat 1: d6be32eb ($20.42 in chips)
Seat 2: 8ff4a027 ($15.73 in chips)
Seat 4: Hero ($10.45 in chips)
Seat 5: 3c6872d2 ($25.44 in chips)
Hero: posts small blind $0.05
3c6872d2: posts big blind $0.1
*** HOLE CARDS ***
Dealt to d6be32eb 
Dealt to 8ff4a027 
Dealt to Hero [Ts Ah]
Dealt to 3c6872d2 
d6be32eb: folds
8ff4a027: folds
Hero: raises $0.2 to $0.3
3c6872d2: folds
Uncalled bet ($0.2) returned to Hero
*** SHOWDOWN ***
Hero collected $0.2 from pot
*** SUMMARY ***
Total pot $0.2 | Rake $0 | Jackpot $0 | Bingo $0 | Fortune $0 | Tax $0
Seat 1: d6be32eb folded before Flop (didn't bet)
Seat 2: 8ff4a027 (button) folded before Flop (didn't bet)
Seat 4: Hero (small blind) collected ($0.2)
Seat 5: 3c6872d2 (big blind) folded before Flop


Poker Hand #HD1852649392: Hold'em No Limit ($0.05/$0.1) - 2024/07/11 17:05:29
Table 'NLHRed33' 6-max Seat #1 is the button
Seat 1: d6be32eb ($20.42 in chips)
Seat 2: 8ff4a027 ($15.78 in chips)
Seat 4: Hero ($10.4 in chips)
Seat 5: 3c6872d2 ($25.44 in chips)
8ff4a027: posts small blind $0.05
Hero: posts big blind $0.1
*** HOLE CARDS ***
Dealt to d6be32eb 
Dealt to 8ff4a027 
Dealt to Hero [Ts Qh]
Dealt to 3c6872d2 
3c6872d2: folds
d6be32eb: folds
8ff4a027: folds
Uncalled bet ($0.05) returned to Hero
*** SHOWDOWN ***
Hero collected $0.1 from pot
*** SUMMARY ***
Total pot $0.1 | Rake $0 | Jackpot $0 | Bingo $0 | Fortune $0 | Tax $0
Seat 1: d6be32eb (button) folded before Flop (didn't bet)
Seat 2: 8ff4a027 (small blind) folded before Flop
Seat 4: Hero (big blind) collected ($0.1)
Seat 5: 3c6872d2 folded before Flop (didn't bet)


Poker Hand #HD1852649366: Hold'em No Limit ($0.05/$0.1) - 2024/07/11 17:05:19
Table 'NLHRed33' 6-max Seat #5 is the button
Seat 1: d6be32eb ($20.47 in chips)
Seat 2: 8ff4a027 ($15.73 in chips)
Seat 4: Hero ($10.4 in chips)
Seat 5: 3c6872d2 ($25.44 in chips)
d6be32eb: posts small blind $0.05
8ff4a027: posts big blind $0.1
*** HOLE CARDS ***
Dealt to d6be32eb 
Dealt to 8ff4a027 
Dealt to Hero [9s 6d]
Dealt to 3c6872d2 
Hero: folds
3c6872d2: folds
d6be32eb: folds
Uncalled bet ($0.05) returned to 8ff4a027
*** SHOWDOWN ***
8ff4a027 collected $0.1 from pot
*** SUMMARY ***
Total pot $0.1 | Rake $0 | Jackpot $0 | Bingo $0 | Fortune $0 | Tax $0
Seat 1: d6be32eb (small blind) folded before Flop
Seat 2: 8ff4a027 (big blind) collected ($0.1)
Seat 4: Hero folded before Flop (didn't bet)
Seat 5: 3c6872d2 (button) folded before Flop (didn't bet)


Poker Hand #HD1852649329: Hold'em No Limit ($0.05/$0.1) - 2024/07/11 17:05:01
Table 'NLHRed33' 6-max Seat #4 is the button
Seat 1: d6be32eb ($20.42 in chips)
Seat 2: 8ff4a027 ($15.73 in chips)
Seat 4: Hero ($10.4 in chips)
Seat 5: 3c6872d2 ($25.49 in chips)
3c6872d2: posts small blind $0.05
d6be32eb: posts big blind $0.1
*** HOLE CARDS ***
Dealt to d6be32eb 
Dealt to 8ff4a027 
Dealt to Hero [Qd 4d]
Dealt to 3c6872d2 
8ff4a027: folds
Hero: folds
3c6872d2: folds
Uncalled bet ($0.05) returned to d6be32eb
*** SHOWDOWN ***
d6be32eb collected $0.1 from pot
*** SUMMARY ***
Total pot $0.1 | Rake $0 | Jackpot $0 | Bingo $0 | Fortune $0 | Tax $0
Seat 1: d6be32eb (big blind) collected ($0.1)
Seat 2: 8ff4a027 folded before Flop (didn't bet)
Seat 4: Hero (button) folded before Flop (didn't bet)
Seat 5: 3c6872d2 (small blind) folded before Flop


Poker Hand #HD1852649147: Hold'em No Limit ($0.05/$0.1) - 2024/07/11 17:03:31
Table 'NLHRed33' 6-max Seat #2 is the button
Seat 1: d6be32eb ($10.61 in chips)
Seat 2: 8ff4a027 ($26.34 in chips)
Seat 3: 992186a ($5.13 in chips)
Seat 4: Hero ($10.65 in chips)
Seat 5: 3c6872d2 ($25.49 in chips)
Seat 6: 5e4ae9c3 ($19.04 in chips)
992186a: posts small blind $0.05
Hero: posts big blind $0.1
*** HOLE CARDS ***
Dealt to d6be32eb 
Dealt to 8ff4a027 
Dealt to 992186a 
Dealt to Hero [Js Ts]
Dealt to 3c6872d2 
Dealt to 5e4ae9c3 
3c6872d2: folds
5e4ae9c3: folds
d6be32eb: raises $0.15 to $0.25
8ff4a027: calls $0.25
992186a: folds
Hero: calls $0.15
*** FLOP *** [6c 8d Kd]
Hero: checks
d6be32eb: bets $0.55
8ff4a027: calls $0.55
Hero: folds
*** TURN *** [6c 8d Kd] [9d]
d6be32eb: bets $1.1
8ff4a027: calls $1.1
*** RIVER *** [6c 8d Kd 9d] [8h]
d6be32eb: bets $2.6
8ff4a027: raises $9.3 to $11.9
d6be32eb: calls $6.11 and is all-in
Uncalled bet ($3.19) returned to 8ff4a027
8ff4a027: shows [6h 6s] (Sixes Full over Eights)
d6be32eb: shows [9c 9h] (Nines Full over Eights)
*** SHOWDOWN ***
d6be32eb collected $20.42 from pot
*** SUMMARY ***
Total pot $21.52 | Rake $1 | Jackpot $0.1 | Bingo $0 | Fortune $0 | Tax $0
Board [6c 8d Kd 9d 8h]
Seat 1: d6be32eb showed [9c 9h] and won ($20.42) with Nines Full over Eights
Seat 2: 8ff4a027 (button) showed [6h 6s] and lost with Sixes Full over Eights
Seat 3: 992186a (small blind) folded before Flop
Seat 4: Hero (big blind) folded on the Flop
Seat 5: 3c6872d2 folded before Flop (didn't bet)
Seat 6: 5e4ae9c3 folded before Flop (didn't bet)


Poker Hand #HD1852649047: Hold'em No Limit ($0.05/$0.1) - 2024/07/11 17:02:49
Table 'NLHRed33' 6-max Seat #1 is the button
Seat 1: d6be32eb ($10.61 in chips)
Seat 2: 8ff4a027 ($26.39 in chips)
Seat 3: 992186a ($4.85 in chips)
Seat 4: Hero ($10.65 in chips)
Seat 5: 3c6872d2 ($25.49 in chips)
Seat 6: 5e4ae9c3 ($19.29 in chips)
8ff4a027: posts small blind $0.05
992186a: posts big blind $0.1
*** HOLE CARDS ***
Dealt to d6be32eb 
Dealt to 8ff4a027 
Dealt to 992186a 
Dealt to Hero [Ac 4s]
Dealt to 3c6872d2 
Dealt to 5e4ae9c3 
Hero: folds
3c6872d2: folds
5e4ae9c3: raises $0.15 to $0.25
d6be32eb: folds
8ff4a027: folds
992186a: calls $0.15
*** FLOP *** [6d 7d 4c]
992186a: bets $0.42
5e4ae9c3: folds
Uncalled bet ($0.42) returned to 992186a
*** SHOWDOWN ***
992186a collected $0.53 from pot
*** SUMMARY ***
Total pot $0.55 | Rake $0.02 | Jackpot $0 | Bingo $0 | Fortune $0 | Tax $0
Board [6d 7d 4c]
Seat 1: d6be32eb (button) folded before Flop (didn't bet)
Seat 2: 8ff4a027 (small blind) folded before Flop
Seat 3: 992186a (big blind) won ($0.53)
Seat 4: Hero folded before Flop (didn't bet)
Seat 5: 3c6872d2 folded before Flop (didn't bet)
Seat 6: 5e4ae9c3 folded on the Flop


Poker Hand #HD1852649007: Hold'em No Limit ($0.05/$0.1) - 2024/07/11 17:02:30
Table 'NLHRed33' 6-max Seat #6 is the button
Seat 1: d6be32eb ($10.66 in chips)
Seat 2: 8ff4a027 ($26.34 in chips)
Seat 3: 992186a ($4.85 in chips)
Seat 4: Hero ($10.65 in chips)
Seat 5: 3c6872d2 ($25.49 in chips)
Seat 6: 5e4ae9c3 ($19.29 in chips)
d6be32eb: posts small blind $0.05
8ff4a027: posts big blind $0.1
*** HOLE CARDS ***
Dealt to d6be32eb 
Dealt to 8ff4a027 
Dealt to 992186a 
Dealt to Hero [7c Jc]
Dealt to 3c6872d2 
Dealt to 5e4ae9c3 
992186a: folds
Hero: folds
3c6872d2: folds
5e4ae9c3: folds
d6be32eb: folds
Uncalled bet ($0.05) returned to 8ff4a027
*** SHOWDOWN ***
8ff4a027 collected $0.1 from pot
*** SUMMARY ***
Total pot $0.1 | Rake $0 | Jackpot $0 | Bingo $0 | Fortune $0 | Tax $0
Seat 1: d6be32eb (small blind) folded before Flop
Seat 2: 8ff4a027 (big blind) collected ($0.1)
Seat 3: 992186a folded before Flop (didn't bet)
Seat 4: Hero folded before Flop (didn't bet)
Seat 5: 3c6872d2 folded before Flop (didn't bet)
Seat 6: 5e4ae9c3 (button) folded before Flop (didn't bet)


Poker Hand #HD1852648944: Hold'em No Limit ($0.05/$0.1) - 2024/07/11 17:01:58
Table 'NLHRed33' 6-max Seat #5 is the button
Seat 1: d6be32eb ($10.61 in chips)
Seat 2: 8ff4a027 ($26.34 in chips)
Seat 3: 992186a ($4.85 in chips)
Seat 4: Hero ($10.65 in chips)
Seat 5: 3c6872d2 ($25.49 in chips)
Seat 6: 5e4ae9c3 ($19.34 in chips)
5e4ae9c3: posts small blind $0.05
d6be32eb: posts big blind $0.1
*** HOLE CARDS ***
Dealt to d6be32eb 
Dealt to 8ff4a027 
Dealt to 992186a 
Dealt to Hero [4s 4c]
Dealt to 3c6872d2 
Dealt to 5e4ae9c3 
8ff4a027: folds
992186a: folds
Hero: folds
3c6872d2: folds
5e4ae9c3: folds
Uncalled bet ($0.05) returned to d6be32eb
*** SHOWDOWN ***
d6be32eb collected $0.1 from pot
*** SUMMARY ***
Total pot $0.1 | Rake $0 | Jackpot $0 | Bingo $0 | Fortune $0 | Tax $0
Seat 1: d6be32eb (big blind) collected ($0.1)
Seat 2: 8ff4a027 folded before Flop (didn't bet)
Seat 3: 992186a folded before Flop (didn't bet)
Seat 4: Hero folded before Flop (didn't bet)
Seat 5: 3c6872d2 (button) folded before Flop (didn't bet)
Seat 6: 5e4ae9c3 (small blind) folded before Flop


Poker Hand #HD1852648886: Hold'em No Limit ($0.05/$0.1) - 2024/07/11 17:01:32
Table 'NLHRed33' 6-max Seat #4 is the button
Seat 1: d6be32eb ($10.61 in chips)
Seat 2: 8ff4a027 ($26.34 in chips)
Seat 3: 992186a ($4.85 in chips)
Seat 4: Hero ($10.85 in chips)
Seat 5: 3c6872d2 ($25.21 in chips)
Seat 6: 5e4ae9c3 ($19.44 in chips)
3c6872d2: posts small blind $0.05
5e4ae9c3: posts big blind $0.1
*** HOLE CARDS ***
Dealt to d6be32eb 
Dealt to 8ff4a027 
Dealt to 992186a 
Dealt to Hero [Qs Td]
Dealt to 3c6872d2 
Dealt to 5e4ae9c3 
d6be32eb: folds
8ff4a027: folds
992186a: folds
Hero: raises $0.1 to $0.2
3c6872d2: raises $0.7 to $0.9
5e4ae9c3: folds
Hero: folds
Uncalled bet ($0.7) returned to 3c6872d2
*** SHOWDOWN ***
3c6872d2 collected $0.48 from pot
*** SUMMARY ***
Total pot $0.5 | Rake $0.02 | Jackpot $0 | Bingo $0 | Fortune $0 | Tax $0
Seat 1: d6be32eb folded before Flop (didn't bet)
Seat 2: 8ff4a027 folded before Flop (didn't bet)
Seat 3: 992186a folded before Flop (didn't bet)
Seat 4: Hero (button) folded before Flop
Seat 5: 3c6872d2 (small blind) collected ($0.48)
Seat 6: 5e4ae9c3 (big blind) folded before Flop


Poker Hand #HD1852648859: Hold'em No Limit ($0.05/$0.1) - 2024/07/11 17:01:19
Table 'NLHRed33' 6-max Seat #3 is the button
Seat 1: d6be32eb ($10.61 in chips)
Seat 2: 8ff4a027 ($26.34 in chips)
Seat 3: 992186a ($4.85 in chips)
Seat 4: Hero ($10.9 in chips)
Seat 5: 3c6872d2 ($25.31 in chips)
Seat 6: 5e4ae9c3 ($19.29 in chips)
Hero: posts small blind $0.05
3c6872d2: posts big blind $0.1
*** HOLE CARDS ***
Dealt to d6be32eb 
Dealt to 8ff4a027 
Dealt to 992186a 
Dealt to Hero [4s As]
Dealt to 3c6872d2 
Dealt to 5e4ae9c3 
5e4ae9c3: raises $0.13 to $0.23
d6be32eb: folds
8ff4a027: folds
992186a: folds
Hero: folds
3c6872d2: folds
Uncalled bet ($0.13) returned to 5e4ae9c3
*** SHOWDOWN ***
5e4ae9c3 collected $0.25 from pot
*** SUMMARY ***
Total pot $0.25 | Rake $0 | Jackpot $0 | Bingo $0 | Fortune $0 | Tax $0
Seat 1: d6be32eb folded before Flop (didn't bet)
Seat 2: 8ff4a027 folded before Flop (didn't bet)
Seat 3: 992186a (button) folded before Flop (didn't bet)
Seat 4: Hero (small blind) folded before Flop
Seat 5: 3c6872d2 (big blind) folded before Flop
Seat 6: 5e4ae9c3 collected ($0.25)


Poker Hand #HD1852648776: Hold'em No Limit ($0.05/$0.1) - 2024/07/11 17:00:42
Table 'NLHRed33' 6-max Seat #2 is the button
Seat 1: d6be32eb ($10.33 in chips)
Seat 2: 8ff4a027 ($26.34 in chips)
Seat 3: 992186a ($5.05 in chips)
Seat 4: Hero ($11 in chips)
Seat 5: 3c6872d2 ($25.31 in chips)
Seat 6: 5e4ae9c3 ($19.29 in chips)
992186a: posts small blind $0.05
Hero: posts big blind $0.1
992186a: straddle $0.2
*** HOLE CARDS ***
Dealt to d6be32eb 
Dealt to 8ff4a027 
Dealt to 992186a 
Dealt to Hero [6c 3c]
Dealt to 3c6872d2 
Dealt to 5e4ae9c3 
Hero: folds
3c6872d2: folds
5e4ae9c3: folds
d6be32eb: raises $0.7 to $0.9
8ff4a027: folds
992186a: folds
Uncalled bet ($0.7) returned to d6be32eb
*** SHOWDOWN ***
d6be32eb collected $0.48 from pot
*** SUMMARY ***
Total pot $0.5 | Rake $0.02 | Jackpot $0 | Bingo $0 | Fortune $0 | Tax $0
Seat 1: d6be32eb collected ($0.48)
Seat 2: 8ff4a027 (button) folded before Flop (didn't bet)
Seat 3: 992186a (small blind) folded before Flop
Seat 4: Hero (big blind) folded before Flop
Seat 5: 3c6872d2 folded before Flop (didn't bet)
Seat 6: 5e4ae9c3 folded before Flop (didn't bet)


Poker Hand #HD1852648736: Hold'em No Limit ($0.05/$0.1) - 2024/07/11 17:00:21
Table 'NLHRed33' 6-max Seat #1 is the button
Seat 1: d6be32eb ($10.33 in chips)
Seat 2: 8ff4a027 ($26.39 in chips)
Seat 3: 992186a ($5 in chips)
Seat 4: Hero ($11 in chips)
Seat 5: 3c6872d2 ($25.31 in chips)
Seat 6: 5e4ae9c3 ($19.29 in chips)
8ff4a027: posts small blind $0.05
992186a: posts big blind $0.1
992186a: straddle $0.2
*** HOLE CARDS ***
Dealt to d6be32eb 
Dealt to 8ff4a027 
Dealt to 992186a 
Dealt to Hero [3h Ah]
Dealt to 3c6872d2 
Dealt to 5e4ae9c3 
Hero: folds
3c6872d2: folds
5e4ae9c3: folds
d6be32eb: folds
8ff4a027: folds
Uncalled bet ($0.15) returned to 992186a
*** SHOWDOWN ***
992186a collected $0.1 from pot
*** SUMMARY ***
Total pot $0.1 | Rake $0 | Jackpot $0 | Bingo $0 | Fortune $0 | Tax $0
Seat 1: d6be32eb (button) folded before Flop (didn't bet)
Seat 2: 8ff4a027 (small blind) folded before Flop
Seat 3: 992186a (big blind) collected ($0.1)
Seat 4: Hero folded before Flop (didn't bet)
Seat 5: 3c6872d2 folded before Flop (didn't bet)
Seat 6: 5e4ae9c3 folded before Flop (didn't bet)


Poker Hand #HD1852648567: Hold'em No Limit ($0.05/$0.1) - 2024/07/11 16:59:02
Table 'NLHRed33' 6-max Seat #6 is the button
Seat 1: d6be32eb ($10.38 in chips)
Seat 2: 8ff4a027 ($26.66 in chips)
Seat 4: Hero ($11 in chips)
Seat 5: 3c6872d2 ($25.31 in chips)
Seat 6: 5e4ae9c3 ($19 in chips)
d6be32eb: posts small blind $0.05
8ff4a027: posts big blind $0.1
*** HOLE CARDS ***
Dealt to d6be32eb 
Dealt to 8ff4a027 
Dealt to Hero [3s Js]
Dealt to 3c6872d2 
Dealt to 5e4ae9c3 
Hero: folds
3c6872d2: folds
5e4ae9c3: raises $0.17 to $0.27
d6be32eb: folds
8ff4a027: calls $0.17
*** FLOP *** [3d 8s 2d]
8ff4a027: checks
5e4ae9c3: checks
*** TURN *** [3d 8s 2d] [4h]
8ff4a027: checks
5e4ae9c3: checks
*** RIVER *** [3d 8s 2d 4h] [8h]
8ff4a027: checks
5e4ae9c3: checks
8ff4a027: shows [9s 6s] (Pair of Eights)
5e4ae9c3: shows [Ah 7d] (Pair of Eights)
*** SHOWDOWN ***
5e4ae9c3 collected $0.56 from pot
*** SUMMARY ***
Total pot $0.59 | Rake $0.03 | Jackpot $0 | Bingo $0 | Fortune $0 | Tax $0
Board [3d 8s 2d 4h 8h]
Seat 1: d6be32eb (small blind) folded before Flop
Seat 2: 8ff4a027 (big blind) showed [9s 6s] and lost with Pair of Eights
Seat 4: Hero folded before Flop (didn't bet)
Seat 5: 3c6872d2 folded before Flop (didn't bet)
Seat 6: 5e4ae9c3 (button) showed [Ah 7d] and won ($0.56) with Pair of Eights


Poker Hand #HD1852648414: Hold'em No Limit ($0.05/$0.1) - 2024/07/11 16:57:50
Table 'NLHRed33' 6-max Seat #5 is the button
Seat 1: d6be32eb ($10.48 in chips)
Seat 2: 8ff4a027 ($32.19 in chips)
Seat 4: Hero ($11 in chips)
Seat 5: 3c6872d2 ($20.28 in chips)
Seat 6: 5e4ae9c3 ($19.05 in chips)
5e4ae9c3: posts small blind $0.05
d6be32eb: posts big blind $0.1
*** HOLE CARDS ***
Dealt to d6be32eb 
Dealt to 8ff4a027 
Dealt to Hero [Kd 5h]
Dealt to 3c6872d2 
Dealt to 5e4ae9c3 
8ff4a027: raises $0.15 to $0.25
Hero: folds
3c6872d2: raises $0.55 to $0.8
5e4ae9c3: folds
d6be32eb: folds
8ff4a027: calls $0.55
*** FLOP *** [2s 2h Ks]
8ff4a027: checks
3c6872d2: bets $0.83
8ff4a027: calls $0.83
*** TURN *** [2s 2h Ks] [Ac]
8ff4a027: checks
3c6872d2: checks
*** RIVER *** [2s 2h Ks Ac] [6s]
8ff4a027: bets $1.15
3c6872d2: raises $2.75 to $3.9
8ff4a027: calls $2.75
3c6872d2: shows [Js As] (Ace High Flush)
8ff4a027: shows [Qs Ts] (King High Flush)
*** SHOWDOWN ***
3c6872d2 collected $10.56 from pot
*** SUMMARY ***
Total pot $11.21 | Rake $0.55 | Jackpot $0.1 | Bingo $0 | Fortune $0 | Tax $0
Board [2s 2h Ks Ac 6s]
Seat 1: d6be32eb (big blind) folded before Flop
Seat 2: 8ff4a027 showed [Qs Ts] and lost with King High Flush
Seat 4: Hero folded before Flop (didn't bet)
Seat 5: 3c6872d2 (button) showed [Js As] and won ($10.56) with Ace High Flush
Seat 6: 5e4ae9c3 (small blind) folded before Flop


Poker Hand #HD1852648387: Hold'em No Limit ($0.05/$0.1) - 2024/07/11 16:57:41
Table 'NLHRed33' 6-max Seat #4 is the button
Seat 1: d6be32eb ($10.48 in chips)
Seat 2: 8ff4a027 ($32.19 in chips)
Seat 4: Hero ($11 in chips)
Seat 5: 3c6872d2 ($20.33 in chips)
Seat 6: 5e4ae9c3 ($19 in chips)
3c6872d2: posts small blind $0.05
5e4ae9c3: posts big blind $0.1
*** HOLE CARDS ***
Dealt to d6be32eb 
Dealt to 8ff4a027 
Dealt to Hero [7c 9h]
Dealt to 3c6872d2 
Dealt to 5e4ae9c3 
d6be32eb: folds
8ff4a027: folds
Hero: folds
3c6872d2: folds
Uncalled bet ($0.05) returned to 5e4ae9c3
*** SHOWDOWN ***
5e4ae9c3 collected $0.1 from pot
*** SUMMARY ***
Total pot $0.1 | Rake $0 | Jackpot $0 | Bingo $0 | Fortune $0 | Tax $0
Seat 1: d6be32eb folded before Flop (didn't bet)
Seat 2: 8ff4a027 folded before Flop (didn't bet)
Seat 4: Hero (button) folded before Flop (didn't bet)
Seat 5: 3c6872d2 (small blind) folded before Flop
Seat 6: 5e4ae9c3 (big blind) collected ($0.1)


Poker Hand #HD1852648349: Hold'em No Limit ($0.05/$0.1) - 2024/07/11 16:57:24
Table 'NLHRed33' 6-max Seat #2 is the button
Seat 1: d6be32eb ($10.33 in chips)
Seat 2: 8ff4a027 ($32.19 in chips)
Seat 4: Hero ($11.05 in chips)
Seat 5: 3c6872d2 ($20.43 in chips)
Seat 6: 5e4ae9c3 ($19 in chips)
Hero: posts small blind $0.05
3c6872d2: posts big blind $0.1
*** HOLE CARDS ***
Dealt to d6be32eb 
Dealt to 8ff4a027 
Dealt to Hero [4d 8d]
Dealt to 3c6872d2 
Dealt to 5e4ae9c3 
5e4ae9c3: folds
d6be32eb: raises $0.15 to $0.25
8ff4a027: folds
Hero: folds
3c6872d2: folds
Uncalled bet ($0.15) returned to d6be32eb
*** SHOWDOWN ***
d6be32eb collected $0.25 from pot
*** SUMMARY ***
Total pot $0.25 | Rake $0 | Jackpot $0 | Bingo $0 | Fortune $0 | Tax $0
Seat 1: d6be32eb collected ($0.25)
Seat 2: 8ff4a027 (button) folded before Flop (didn't bet)
Seat 4: Hero (small blind) folded before Flop
Seat 5: 3c6872d2 (big blind) folded before Flop
Seat 6: 5e4ae9c3 folded before Flop (didn't bet)


Poker Hand #HD1852647988: Hold'em No Limit ($0.05/$0.1) - 2024/07/11 16:54:46
Table 'NLHRed33' 6-max Seat #1 is the button
Seat 1: d6be32eb ($10.33 in chips)
Seat 2: 8ff4a027 ($27.19 in chips)
Seat 3: 514d5b03 ($10.6 in chips)
Seat 4: Hero ($11.05 in chips)
Seat 5: 3c6872d2 ($20.43 in chips)
Seat 6: 5e4ae9c3 ($24.55 in chips)
8ff4a027: posts small blind $0.05
514d5b03: posts big blind $0.1
*** HOLE CARDS ***
Dealt to d6be32eb 
Dealt to 8ff4a027 
Dealt to 514d5b03 
Dealt to Hero [4s 5s]
Dealt to 3c6872d2 
Dealt to 5e4ae9c3 
Hero: folds
3c6872d2: folds
5e4ae9c3: raises $0.15 to $0.25
d6be32eb: folds
8ff4a027: calls $0.2
514d5b03: folds
*** FLOP *** [Js 5h 3h]
8ff4a027: checks
5e4ae9c3: bets $0.2
8ff4a027: raises $0.5 to $0.7
5e4ae9c3: calls $0.5
*** TURN *** [Js 5h 3h] [3s]
8ff4a027: bets $0.6
5e4ae9c3: calls $0.6
*** RIVER *** [Js 5h 3h 3s] [Tc]
8ff4a027: checks
5e4ae9c3: bets $4
8ff4a027: raises $21.64 to $25.64 and is all-in
5e4ae9c3: folds
Uncalled bet ($21.64) returned to 8ff4a027
*** SHOWDOWN ***
8ff4a027 collected $10.55 from pot
*** SUMMARY ***
Total pot $11.2 | Rake $0.55 | Jackpot $0.1 | Bingo $0 | Fortune $0 | Tax $0
Board [Js 5h 3h 3s Tc]
Seat 1: d6be32eb (button) folded before Flop (didn't bet)
Seat 2: 8ff4a027 (small blind) won ($10.55)
Seat 3: 514d5b03 (big blind) folded before Flop
Seat 4: Hero folded before Flop (didn't bet)
Seat 5: 3c6872d2 folded before Flop (didn't bet)
Seat 6: 5e4ae9c3 folded on the River


Poker Hand #HD1852647944: Hold'em No Limit ($0.05/$0.1) - 2024/07/11 16:54:30
Table 'NLHRed33' 6-max Seat #6 is the button
Seat 1: d6be32eb ($10.23 in chips)
Seat 2: 8ff4a027 ($27.29 in chips)
Seat 3: 514d5b03 ($10.6 in chips)
Seat 4: Hero ($11.05 in chips)
Seat 5: 3c6872d2 ($20.43 in chips)
Seat 6: 5e4ae9c3 ($24.55 in chips)
d6be32eb: posts small blind $0.05
8ff4a027: posts big blind $0.1
*** HOLE CARDS ***
Dealt to d6be32eb 
Dealt to 8ff4a027 
Dealt to 514d5b03 
Dealt to Hero [Ts Qh]
Dealt to 3c6872d2 
Dealt to 5e4ae9c3 
514d5b03: folds
Hero: folds
3c6872d2: folds
5e4ae9c3: folds
d6be32eb: raises $0.2 to $0.3
8ff4a027: folds
Uncalled bet ($0.2) returned to d6be32eb
*** SHOWDOWN ***
d6be32eb collected $0.2 from pot
*** SUMMARY ***
Total pot $0.2 | Rake $0 | Jackpot $0 | Bingo $0 | Fortune $0 | Tax $0
Seat 1: d6be32eb (small blind) collected ($0.2)
Seat 2: 8ff4a027 (big blind) folded before Flop
Seat 3: 514d5b03 folded before Flop (didn't bet)
Seat 4: Hero folded before Flop (didn't bet)
Seat 5: 3c6872d2 folded before Flop (didn't bet)
Seat 6: 5e4ae9c3 (button) folded before Flop (didn't bet)


Poker Hand #HD1852647915: Hold'em No Limit ($0.05/$0.1) - 2024/07/11 16:54:16
Table 'NLHRed33' 6-max Seat #5 is the button
Seat 1: d6be32eb ($10.33 in chips)
Seat 2: 8ff4a027 ($27.14 in chips)
Seat 3: 514d5b03 ($10.6 in chips)
Seat 4: Hero ($11.05 in chips)
Seat 5: 3c6872d2 ($20.43 in chips)
Seat 6: 5e4ae9c3 ($24.6 in chips)
5e4ae9c3: posts small blind $0.05
d6be32eb: posts big blind $0.1
*** HOLE CARDS ***
Dealt to d6be32eb 
Dealt to 8ff4a027 
Dealt to 514d5b03 
Dealt to Hero [As 4c]
Dealt to 3c6872d2 
Dealt to 5e4ae9c3 
8ff4a027: raises $0.15 to $0.25
514d5b03: folds
Hero: folds
3c6872d2: folds
5e4ae9c3: folds
d6be32eb: folds
Uncalled bet ($0.15) returned to 8ff4a027
*** SHOWDOWN ***
8ff4a027 collected $0.25 from pot
*** SUMMARY ***
Total pot $0.25 | Rake $0 | Jackpot $0 | Bingo $0 | Fortune $0 | Tax $0
Seat 1: d6be32eb (big blind) folded before Flop
Seat 2: 8ff4a027 collected ($0.25)
Seat 3: 514d5b03 folded before Flop (didn't bet)
Seat 4: Hero folded before Flop (didn't bet)
Seat 5: 3c6872d2 (button) folded before Flop (didn't bet)
Seat 6: 5e4ae9c3 (small blind) folded before Flop


Poker Hand #HD1852647872: Hold'em No Limit ($0.05/$0.1) - 2024/07/11 16:53:59
Table 'NLHRed33' 6-max Seat #4 is the button
Seat 1: d6be32eb ($10.33 in chips)
Seat 2: 8ff4a027 ($26.99 in chips)
Seat 3: 514d5b03 ($10.6 in chips)
Seat 4: Hero ($11.05 in chips)
Seat 5: 3c6872d2 ($20.48 in chips)
Seat 6: 5e4ae9c3 ($24.7 in chips)
3c6872d2: posts small blind $0.05
5e4ae9c3: posts big blind $0.1
*** HOLE CARDS ***
Dealt to d6be32eb 
Dealt to 8ff4a027 
Dealt to 514d5b03 
Dealt to Hero [Ac 9d]
Dealt to 3c6872d2 
Dealt to 5e4ae9c3 
d6be32eb: folds
8ff4a027: raises $0.15 to $0.25
514d5b03: folds
Hero: folds
3c6872d2: folds
5e4ae9c3: folds
Uncalled bet ($0.15) returned to 8ff4a027
*** SHOWDOWN ***
8ff4a027 collected $0.25 from pot
*** SUMMARY ***
Total pot $0.25 | Rake $0 | Jackpot $0 | Bingo $0 | Fortune $0 | Tax $0
Seat 1: d6be32eb folded before Flop (didn't bet)
Seat 2: 8ff4a027 collected ($0.25)
Seat 3: 514d5b03 folded before Flop (didn't bet)
Seat 4: Hero (button) folded before Flop (didn't bet)
Seat 5: 3c6872d2 (small blind) folded before Flop
Seat 6: 5e4ae9c3 (big blind) folded before Flop


Poker Hand #HD1852647836: Hold'em No Limit ($0.05/$0.1) - 2024/07/11 16:53:46
Table 'NLHRed33' 6-max Seat #3 is the button
Seat 1: d6be32eb ($10.33 in chips)
Seat 2: 8ff4a027 ($26.99 in chips)
Seat 3: 514d5b03 ($10.6 in chips)
Seat 4: Hero ($11.1 in chips)
Seat 5: 3c6872d2 ($20.43 in chips)
Seat 6: 5e4ae9c3 ($24.7 in chips)
Hero: posts small blind $0.05
3c6872d2: posts big blind $0.1
*** HOLE CARDS ***
Dealt to d6be32eb 
Dealt to 8ff4a027 
Dealt to 514d5b03 
Dealt to Hero [5s Kh]
Dealt to 3c6872d2 
Dealt to 5e4ae9c3 
5e4ae9c3: folds
d6be32eb: folds
8ff4a027: folds
514d5b03: folds
Hero: folds
Uncalled bet ($0.05) returned to 3c6872d2
*** SHOWDOWN ***
3c6872d2 collected $0.1 from pot
*** SUMMARY ***
Total pot $0.1 | Rake $0 | Jackpot $0 | Bingo $0 | Fortune $0 | Tax $0
Seat 1: d6be32eb folded before Flop (didn't bet)
Seat 2: 8ff4a027 folded before Flop (didn't bet)
Seat 3: 514d5b03 (button) folded before Flop (didn't bet)
Seat 4: Hero (small blind) folded before Flop
Seat 5: 3c6872d2 (big blind) collected ($0.1)
Seat 6: 5e4ae9c3 folded before Flop (didn't bet)


Poker Hand #HD1852647802: Hold'em No Limit ($0.05/$0.1) - 2024/07/11 16:53:34
Table 'NLHRed33' 6-max Seat #2 is the button
Seat 1: d6be32eb ($10.33 in chips)
Seat 2: 8ff4a027 ($26.99 in chips)
Seat 3: 514d5b03 ($10.65 in chips)
Seat 4: Hero ($11.05 in chips)
Seat 5: 3c6872d2 ($20.43 in chips)
Seat 6: 5e4ae9c3 ($24.7 in chips)
514d5b03: posts small blind $0.05
Hero: posts big blind $0.1
*** HOLE CARDS ***
Dealt to d6be32eb 
Dealt to 8ff4a027 
Dealt to 514d5b03 
Dealt to Hero [As 6s]
Dealt to 3c6872d2 
Dealt to 5e4ae9c3 
3c6872d2: folds
5e4ae9c3: folds
d6be32eb: folds
8ff4a027: folds
514d5b03: folds
Uncalled bet ($0.05) returned to Hero
*** SHOWDOWN ***
Hero collected $0.1 from pot
*** SUMMARY ***
Total pot $0.1 | Rake $0 | Jackpot $0 | Bingo $0 | Fortune $0 | Tax $0
Seat 1: d6be32eb folded before Flop (didn't bet)
Seat 2: 8ff4a027 (button) folded before Flop (didn't bet)
Seat 3: 514d5b03 (small blind) folded before Flop
Seat 4: Hero (big blind) collected ($0.1)
Seat 5: 3c6872d2 folded before Flop (didn't bet)
Seat 6: 5e4ae9c3 folded before Flop (didn't bet)


Poker Hand #HD1852647748: Hold'em No Limit ($0.05/$0.1) - 2024/07/11 16:53:01
Table 'NLHRed33' 6-max Seat #1 is the button
Seat 1: d6be32eb ($10 in chips)
Seat 2: 8ff4a027 ($27.04 in chips)
Seat 3: 514d5b03 ($10.75 in chips)
Seat 4: Hero ($11.25 in chips)
Seat 5: 3c6872d2 ($20.43 in chips)
Seat 6: 5e4ae9c3 ($24.7 in chips)
8ff4a027: posts small blind $0.05
514d5b03: posts big blind $0.1
*** HOLE CARDS ***
Dealt to d6be32eb 
Dealt to 8ff4a027 
Dealt to 514d5b03 
Dealt to Hero [Jd Qh]
Dealt to 3c6872d2 
Dealt to 5e4ae9c3 
Hero: raises $0.1 to $0.2
3c6872d2: folds
5e4ae9c3: folds
d6be32eb: raises $0.55 to $0.75
8ff4a027: folds
514d5b03: folds
Hero: folds
Uncalled bet ($0.55) returned to d6be32eb
*** SHOWDOWN ***
d6be32eb collected $0.53 from pot
*** SUMMARY ***
Total pot $0.55 | Rake $0.02 | Jackpot $0 | Bingo $0 | Fortune $0 | Tax $0
Seat 1: d6be32eb (button) collected ($0.53)
Seat 2: 8ff4a027 (small blind) folded before Flop
Seat 3: 514d5b03 (big blind) folded before Flop
Seat 4: Hero folded before Flop
Seat 5: 3c6872d2 folded before Flop (didn't bet)
Seat 6: 5e4ae9c3 folded before Flop (didn't bet)


Poker Hand #HD1852647702: Hold'em No Limit ($0.05/$0.1) - 2024/07/11 16:52:43
Table 'NLHRed33' 6-max Seat #6 is the button
Seat 1: d6be32eb ($10 in chips)
Seat 2: 8ff4a027 ($27.14 in chips)
Seat 3: 514d5b03 ($10.75 in chips)
Seat 4: Hero ($11.25 in chips)
Seat 5: 3c6872d2 ($20.43 in chips)
Seat 6: 5e4ae9c3 ($24.55 in chips)
d6be32eb: posts small blind $0.05
8ff4a027: posts big blind $0.1
*** HOLE CARDS ***
Dealt to d6be32eb 
Dealt to 8ff4a027 
Dealt to 514d5b03 
Dealt to Hero [6h 2d]
Dealt to 3c6872d2 
Dealt to 5e4ae9c3 
514d5b03: folds
Hero: folds
3c6872d2: folds
5e4ae9c3: raises $0.17 to $0.27
d6be32eb: folds
8ff4a027: folds
Uncalled bet ($0.17) returned to 5e4ae9c3
*** SHOWDOWN ***
5e4ae9c3 collected $0.25 from pot
*** SUMMARY ***
Total pot $0.25 | Rake $0 | Jackpot $0 | Bingo $0 | Fortune $0 | Tax $0
Seat 1: d6be32eb (small blind) folded before Flop
Seat 2: 8ff4a027 (big blind) folded before Flop
Seat 3: 514d5b03 folded before Flop (didn't bet)
Seat 4: Hero folded before Flop (didn't bet)
Seat 5: 3c6872d2 folded before Flop (didn't bet)
Seat 6: 5e4ae9c3 (button) collected ($0.25)


Poker Hand #HD1852647658: Hold'em No Limit ($0.05/$0.1) - 2024/07/11 16:52:28
Table 'NLHRed33' 6-max Seat #5 is the button
Seat 1: d6be32eb ($10 in chips)
Seat 2: 8ff4a027 ($27.14 in chips)
Seat 3: 514d5b03 ($10.75 in chips)
Seat 4: Hero ($11.1 in chips)
Seat 5: 3c6872d2 ($20.43 in chips)
Seat 6: 5e4ae9c3 ($24.6 in chips)
5e4ae9c3: posts small blind $0.05
d6be32eb: posts big blind $0.1
*** HOLE CARDS ***
Dealt to d6be32eb 
Dealt to 8ff4a027 
Dealt to 514d5b03 
Dealt to Hero [8h Th]
Dealt to 3c6872d2 
Dealt to 5e4ae9c3 
8ff4a027: folds
514d5b03: folds
Hero: raises $0.14 to $0.24
3c6872d2: folds
5e4ae9c3: folds
d6be32eb: folds
Uncalled bet ($0.14) returned to Hero
*** SHOWDOWN ***
Hero collected $0.25 from pot
*** SUMMARY ***
Total pot $0.25 | Rake $0 | Jackpot $0 | Bingo $0 | Fortune $0 | Tax $0
Seat 1: d6be32eb (big blind) folded before Flop
Seat 2: 8ff4a027 folded before Flop (didn't bet)
Seat 3: 514d5b03 folded before Flop (didn't bet)
Seat 4: Hero collected ($0.25)
Seat 5: 3c6872d2 (button) folded before Flop (didn't bet)
Seat 6: 5e4ae9c3 (small blind) folded before Flop


Poker Hand #HD1852647613: Hold'em No Limit ($0.05/$0.1) - 2024/07/11 16:52:10
Table 'NLHRed33' 6-max Seat #4 is the button
Seat 1: d6be32eb ($10 in chips)
Seat 2: 8ff4a027 ($27.14 in chips)
Seat 3: 514d5b03 ($10.6 in chips)
Seat 4: Hero ($11.1 in chips)
Seat 5: 3c6872d2 ($20.48 in chips)
Seat 6: 5e4ae9c3 ($24.7 in chips)
3c6872d2: posts small blind $0.05
5e4ae9c3: posts big blind $0.1
*** HOLE CARDS ***
Dealt to d6be32eb 
Dealt to 8ff4a027 
Dealt to 514d5b03 
Dealt to Hero [5h Kd]
Dealt to 3c6872d2 
Dealt to 5e4ae9c3 
d6be32eb: folds
8ff4a027: folds
514d5b03: raises $0.12 to $0.22
Hero: folds
3c6872d2: folds
5e4ae9c3: folds
Uncalled bet ($0.12) returned to 514d5b03
*** SHOWDOWN ***
514d5b03 collected $0.25 from pot
*** SUMMARY ***
Total pot $0.25 | Rake $0 | Jackpot $0 | Bingo $0 | Fortune $0 | Tax $0
Seat 1: d6be32eb folded before Flop (didn't bet)
Seat 2: 8ff4a027 folded before Flop (didn't bet)
Seat 3: 514d5b03 collected ($0.25)
Seat 4: Hero (button) folded before Flop (didn't bet)
Seat 5: 3c6872d2 (small blind) folded before Flop
Seat 6: 5e4ae9c3 (big blind) folded before Flop


Poker Hand #HD1852647540: Hold'em No Limit ($0.05/$0.1) - 2024/07/11 16:51:37
Table 'NLHRed33' 6-max Seat #3 is the button
Seat 1: d6be32eb ($10 in chips)
Seat 2: 8ff4a027 ($27.14 in chips)
Seat 3: 514d5b03 ($10.99 in chips)
Seat 4: Hero ($11.15 in chips)
Seat 5: 3c6872d2 ($20.08 in chips)
Seat 6: 5e4ae9c3 ($24.7 in chips)
Hero: posts small blind $0.05
3c6872d2: posts big blind $0.1
*** HOLE CARDS ***
Dealt to d6be32eb 
Dealt to 8ff4a027 
Dealt to 514d5b03 
Dealt to Hero [6c Qs]
Dealt to 3c6872d2 
Dealt to 5e4ae9c3 
5e4ae9c3: folds
d6be32eb: folds
8ff4a027: folds
514d5b03: raises $0.12 to $0.22
Hero: folds
3c6872d2: calls $0.12
*** FLOP *** [Jd Tc 5h]
3c6872d2: checks
514d5b03: bets $0.17
3c6872d2: raises $0.47 to $0.64
514d5b03: folds
Uncalled bet ($0.47) returned to 3c6872d2
*** SHOWDOWN ***
3c6872d2 collected $0.79 from pot
*** SUMMARY ***
Total pot $0.83 | Rake $0.04 | Jackpot $0 | Bingo $0 | Fortune $0 | Tax $0
Board [Jd Tc 5h]
Seat 1: d6be32eb folded before Flop (didn't bet)
Seat 2: 8ff4a027 folded before Flop (didn't bet)
Seat 3: 514d5b03 (button) folded on the Flop
Seat 4: Hero (small blind) folded before Flop
Seat 5: 3c6872d2 (big blind) won ($0.79)
Seat 6: 5e4ae9c3 folded before Flop (didn't bet)


Poker Hand #HD1852647498: Hold'em No Limit ($0.05/$0.1) - 2024/07/11 16:51:18
Table 'NLHRed33' 6-max Seat #2 is the button
Seat 1: d6be32eb ($10 in chips)
Seat 2: 8ff4a027 ($27.14 in chips)
Seat 3: 514d5b03 ($11.04 in chips)
Seat 4: Hero ($11.25 in chips)
Seat 5: 3c6872d2 ($19.93 in chips)
Seat 6: 5e4ae9c3 ($24.7 in chips)
514d5b03: posts small blind $0.05
Hero: posts big blind $0.1
*** HOLE CARDS ***
Dealt to d6be32eb 
Dealt to 8ff4a027 
Dealt to 514d5b03 
Dealt to Hero [9s Jh]
Dealt to 3c6872d2 
Dealt to 5e4ae9c3 
3c6872d2: raises $0.15 to $0.25
5e4ae9c3: folds
d6be32eb: folds
8ff4a027: folds
514d5b03: folds
Hero: folds
Uncalled bet ($0.15) returned to 3c6872d2
*** SHOWDOWN ***
3c6872d2 collected $0.25 from pot
*** SUMMARY ***
Total pot $0.25 | Rake $0 | Jackpot $0 | Bingo $0 | Fortune $0 | Tax $0
Seat 1: d6be32eb folded before Flop (didn't bet)
Seat 2: 8ff4a027 (button) folded before Flop (didn't bet)
Seat 3: 514d5b03 (small blind) folded before Flop
Seat 4: Hero (big blind) folded before Flop
Seat 5: 3c6872d2 collected ($0.25)
Seat 6: 5e4ae9c3 folded before Flop (didn't bet)


Poker Hand #HD1852646771: Hold'em No Limit ($0.05/$0.1) - 2024/07/11 16:45:58
Table 'NLHRed33' 6-max Seat #6 is the button
Seat 1: d6be32eb ($10.6 in chips)
Seat 2: 8ff4a027 ($27.99 in chips)
Seat 3: 514d5b03 ($11.51 in chips)
Seat 4: Hero ($11.25 in chips)
Seat 6: 5e4ae9c3 ($14 in chips)
d6be32eb: posts small blind $0.05
8ff4a027: posts big blind $0.1
*** HOLE CARDS ***
Dealt to d6be32eb 
Dealt to 8ff4a027 
Dealt to 514d5b03 
Dealt to Hero [Qh Jc]
Dealt to 5e4ae9c3 
514d5b03: raises $0.12 to $0.22
Hero: folds
5e4ae9c3: folds
d6be32eb: folds
8ff4a027: calls $0.12
*** FLOP *** [As 7s 9s]
8ff4a027: checks
514d5b03: checks
*** TURN *** [As 7s 9s] [3s]
8ff4a027: bets $0.25
514d5b03: folds
Uncalled bet ($0.25) returned to 8ff4a027
*** SHOWDOWN ***
8ff4a027 collected $0.47 from pot
*** SUMMARY ***
Total pot $0.49 | Rake $0.02 | Jackpot $0 | Bingo $0 | Fortune $0 | Tax $0
Board [As 7s 9s 3s]
Seat 1: d6be32eb (small blind) folded before Flop
Seat 2: 8ff4a027 (big blind) won ($0.47)
Seat 3: 514d5b03 folded on the Turn
Seat 4: Hero folded before Flop (didn't bet)
Seat 6: 5e4ae9c3 (button) folded before Flop (didn't bet)


Poker Hand #HD1852646723: Hold'em No Limit ($0.05/$0.1) - 2024/07/11 16:45:37
Table 'NLHRed33' 6-max Seat #4 is the button
Seat 1: d6be32eb ($10.7 in chips)
Seat 2: 8ff4a027 ($27.99 in chips)
Seat 3: 514d5b03 ($11.36 in chips)
Seat 4: Hero ($11.25 in chips)
Seat 6: 5e4ae9c3 ($14.05 in chips)
5e4ae9c3: posts small blind $0.05
d6be32eb: posts big blind $0.1
*** HOLE CARDS ***
Dealt to d6be32eb 
Dealt to 8ff4a027 
Dealt to 514d5b03 
Dealt to Hero [9h 2d]
Dealt to 5e4ae9c3 
8ff4a027: folds
514d5b03: raises $0.12 to $0.22
Hero: folds
5e4ae9c3: folds
d6be32eb: folds
Uncalled bet ($0.12) returned to 514d5b03
*** SHOWDOWN ***
514d5b03 collected $0.25 from pot
*** SUMMARY ***
Total pot $0.25 | Rake $0 | Jackpot $0 | Bingo $0 | Fortune $0 | Tax $0
Seat 1: d6be32eb (big blind) folded before Flop
Seat 2: 8ff4a027 folded before Flop (didn't bet)
Seat 3: 514d5b03 collected ($0.25)
Seat 4: Hero (button) folded before Flop (didn't bet)
Seat 6: 5e4ae9c3 (small blind) folded before Flop


Poker Hand #HD1852646705: Hold'em No Limit ($0.05/$0.1) - 2024/07/11 16:45:26
Table 'NLHRed33' 6-max Seat #3 is the button
Seat 1: d6be32eb ($10.7 in chips)
Seat 2: 8ff4a027 ($27.99 in chips)
Seat 3: 514d5b03 ($11.21 in chips)
Seat 4: Hero ($11.3 in chips)
Seat 6: 5e4ae9c3 ($14.15 in chips)
Hero: posts small blind $0.05
5e4ae9c3: posts big blind $0.1
*** HOLE CARDS ***
Dealt to d6be32eb 
Dealt to 8ff4a027 
Dealt to 514d5b03 
Dealt to Hero [9c Js]
Dealt to 5e4ae9c3 
d6be32eb: folds
8ff4a027: folds
514d5b03: raises $0.12 to $0.22
Hero: folds
5e4ae9c3: folds
Uncalled bet ($0.12) returned to 514d5b03
*** SHOWDOWN ***
514d5b03 collected $0.25 from pot
*** SUMMARY ***
Total pot $0.25 | Rake $0 | Jackpot $0 | Bingo $0 | Fortune $0 | Tax $0
Seat 1: d6be32eb folded before Flop (didn't bet)
Seat 2: 8ff4a027 folded before Flop (didn't bet)
Seat 3: 514d5b03 (button) collected ($0.25)
Seat 4: Hero (small blind) folded before Flop
Seat 6: 5e4ae9c3 (big blind) folded before Flop


Poker Hand #HD1852646654: Hold'em No Limit ($0.05/$0.1) - 2024/07/11 16:45:05
Table 'NLHRed33' 6-max Seat #2 is the button
Seat 1: d6be32eb ($10.7 in chips)
Seat 2: 8ff4a027 ($27.84 in chips)
Seat 3: 514d5b03 ($11.26 in chips)
Seat 4: Hero ($11.4 in chips)
Seat 6: 5e4ae9c3 ($14.15 in chips)
514d5b03: posts small blind $0.05
Hero: posts big blind $0.1
*** HOLE CARDS ***
Dealt to d6be32eb 
Dealt to 8ff4a027 
Dealt to 514d5b03 
Dealt to Hero [6s Ah]
Dealt to 5e4ae9c3 
5e4ae9c3: folds
d6be32eb: folds
8ff4a027: raises $0.15 to $0.25
514d5b03: folds
Hero: folds
Uncalled bet ($0.15) returned to 8ff4a027
*** SHOWDOWN ***
8ff4a027 collected $0.25 from pot
*** SUMMARY ***
Total pot $0.25 | Rake $0 | Jackpot $0 | Bingo $0 | Fortune $0 | Tax $0
Seat 1: d6be32eb folded before Flop (didn't bet)
Seat 2: 8ff4a027 (button) collected ($0.25)
Seat 3: 514d5b03 (small blind) folded before Flop
Seat 4: Hero (big blind) folded before Flop
Seat 6: 5e4ae9c3 folded before Flop (didn't bet)


Poker Hand #HD1852646626: Hold'em No Limit ($0.05/$0.1) - 2024/07/11 16:44:53
Table 'NLHRed33' 6-max Seat #1 is the button
Seat 1: d6be32eb ($10.7 in chips)
Seat 2: 8ff4a027 ($27.89 in chips)
Seat 3: 514d5b03 ($11.36 in chips)
Seat 4: Hero ($11.25 in chips)
Seat 6: 5e4ae9c3 ($14.15 in chips)
8ff4a027: posts small blind $0.05
514d5b03: posts big blind $0.1
*** HOLE CARDS ***
Dealt to d6be32eb 
Dealt to 8ff4a027 
Dealt to 514d5b03 
Dealt to Hero [Ac As]
Dealt to 5e4ae9c3 
Hero: raises $0.1 to $0.2
5e4ae9c3: folds
d6be32eb: folds
8ff4a027: folds
514d5b03: folds
Uncalled bet ($0.1) returned to Hero
*** SHOWDOWN ***
Hero collected $0.25 from pot
*** SUMMARY ***
Total pot $0.25 | Rake $0 | Jackpot $0 | Bingo $0 | Fortune $0 | Tax $0
Seat 1: d6be32eb (button) folded before Flop (didn't bet)
Seat 2: 8ff4a027 (small blind) folded before Flop
Seat 3: 514d5b03 (big blind) folded before Flop
Seat 4: Hero collected ($0.25)
Seat 6: 5e4ae9c3 folded before Flop (didn't bet)


Poker Hand #HD1852646526: Hold'em No Limit ($0.05/$0.1) - 2024/07/11 16:44:01
Table 'NLHRed33' 6-max Seat #6 is the button
Seat 1: d6be32eb ($10.2 in chips)
Seat 2: 8ff4a027 ($28.44 in chips)
Seat 3: 514d5b03 ($11.36 in chips)
Seat 4: Hero ($11.25 in chips)
Seat 6: 5e4ae9c3 ($14.15 in chips)
d6be32eb: posts small blind $0.05
8ff4a027: posts big blind $0.1
*** HOLE CARDS ***
Dealt to d6be32eb 
Dealt to 8ff4a027 
Dealt to 514d5b03 
Dealt to Hero [6c 2h]
Dealt to 5e4ae9c3 
514d5b03: folds
Hero: folds
5e4ae9c3: folds
d6be32eb: raises $0.2 to $0.3
8ff4a027: calls $0.2
*** FLOP *** [3c 5s 5d]
d6be32eb: checks
8ff4a027: checks
*** TURN *** [3c 5s 5d] [6s]
d6be32eb: bets $0.25
8ff4a027: calls $0.25
*** RIVER *** [3c 5s 5d 6s] [6d]
d6be32eb: bets $0.7
8ff4a027: folds
Uncalled bet ($0.7) returned to d6be32eb
*** SHOWDOWN ***
d6be32eb collected $1.05 from pot
*** SUMMARY ***
Total pot $1.1 | Rake $0.05 | Jackpot $0 | Bingo $0 | Fortune $0 | Tax $0
Board [3c 5s 5d 6s 6d]
Seat 1: d6be32eb (small blind) won ($1.05)
Seat 2: 8ff4a027 (big blind) folded on the River
Seat 3: 514d5b03 folded before Flop (didn't bet)
Seat 4: Hero folded before Flop (didn't bet)
Seat 6: 5e4ae9c3 (button) folded before Flop (didn't bet)


Poker Hand #HD1852646489: Hold'em No Limit ($0.05/$0.1) - 2024/07/11 16:43:45
Table 'NLHRed33' 6-max Seat #4 is the button
Seat 1: d6be32eb ($10.3 in chips)
Seat 2: 8ff4a027 ($28.29 in chips)
Seat 3: 514d5b03 ($11.36 in chips)
Seat 4: Hero ($11.25 in chips)
Seat 6: 5e4ae9c3 ($14.2 in chips)
5e4ae9c3: posts small blind $0.05
d6be32eb: posts big blind $0.1
*** HOLE CARDS ***
Dealt to d6be32eb 
Dealt to 8ff4a027 
Dealt to 514d5b03 
Dealt to Hero [6d Kd]
Dealt to 5e4ae9c3 
8ff4a027: raises $0.15 to $0.25
514d5b03: folds
Hero: folds
5e4ae9c3: folds
d6be32eb: folds
Uncalled bet ($0.15) returned to 8ff4a027
*** SHOWDOWN ***
8ff4a027 collected $0.25 from pot
*** SUMMARY ***
Total pot $0.25 | Rake $0 | Jackpot $0 | Bingo $0 | Fortune $0 | Tax $0
Seat 1: d6be32eb (big blind) folded before Flop
Seat 2: 8ff4a027 collected ($0.25)
Seat 3: 514d5b03 folded before Flop (didn't bet)
Seat 4: Hero (button) folded before Flop (didn't bet)
Seat 6: 5e4ae9c3 (small blind) folded before Flop


Poker Hand #HD1852646455: Hold'em No Limit ($0.05/$0.1) - 2024/07/11 16:43:27
Table 'NLHRed33' 6-max Seat #3 is the button
Seat 1: d6be32eb ($10.3 in chips)
Seat 2: 8ff4a027 ($28.29 in chips)
Seat 3: 514d5b03 ($11.21 in chips)
Seat 4: Hero ($11.3 in chips)
Seat 6: 5e4ae9c3 ($14.3 in chips)
Hero: posts small blind $0.05
5e4ae9c3: posts big blind $0.1
*** HOLE CARDS ***
Dealt to d6be32eb 
Dealt to 8ff4a027 
Dealt to 514d5b03 
Dealt to Hero [8h 2c]
Dealt to 5e4ae9c3 
d6be32eb: folds
8ff4a027: folds
514d5b03: raises $0.12 to $0.22
Hero: folds
5e4ae9c3: folds
Uncalled bet ($0.12) returned to 514d5b03
*** SHOWDOWN ***
514d5b03 collected $0.25 from pot
*** SUMMARY ***
Total pot $0.25 | Rake $0 | Jackpot $0 | Bingo $0 | Fortune $0 | Tax $0
Seat 1: d6be32eb folded before Flop (didn't bet)
Seat 2: 8ff4a027 folded before Flop (didn't bet)
Seat 3: 514d5b03 (button) collected ($0.25)
Seat 4: Hero (small blind) folded before Flop
Seat 6: 5e4ae9c3 (big blind) folded before Flop


Poker Hand #HD1852646419: Hold'em No Limit ($0.05/$0.1) - 2024/07/11 16:43:06
Table 'NLHRed33' 6-max Seat #2 is the button
Seat 1: d6be32eb ($10.3 in chips)
Seat 2: 8ff4a027 ($28.14 in chips)
Seat 3: 514d5b03 ($11.26 in chips)
Seat 4: Hero ($11.4 in chips)
Seat 6: 5e4ae9c3 ($14.3 in chips)
514d5b03: posts small blind $0.05
Hero: posts big blind $0.1
*** HOLE CARDS ***
Dealt to d6be32eb 
Dealt to 8ff4a027 
Dealt to 514d5b03 
Dealt to Hero [4h 3d]
Dealt to 5e4ae9c3 
5e4ae9c3: folds
d6be32eb: folds
8ff4a027: raises $0.15 to $0.25
514d5b03: folds
Hero: folds
Uncalled bet ($0.15) returned to 8ff4a027
*** SHOWDOWN ***
8ff4a027 collected $0.25 from pot
*** SUMMARY ***
Total pot $0.25 | Rake $0 | Jackpot $0 | Bingo $0 | Fortune $0 | Tax $0
Seat 1: d6be32eb folded before Flop (didn't bet)
Seat 2: 8ff4a027 (button) collected ($0.25)
Seat 3: 514d5b03 (small blind) folded before Flop
Seat 4: Hero (big blind) folded before Flop
Seat 6: 5e4ae9c3 folded before Flop (didn't bet)


Poker Hand #HD1852646388: Hold'em No Limit ($0.05/$0.1) - 2024/07/11 16:42:54
Table 'NLHRed33' 6-max Seat #1 is the button
Seat 1: d6be32eb ($10.15 in chips)
Seat 2: 8ff4a027 ($28.19 in chips)
Seat 3: 514d5b03 ($11.36 in chips)
Seat 4: Hero ($11.4 in chips)
Seat 6: 5e4ae9c3 ($14.3 in chips)
8ff4a027: posts small blind $0.05
514d5b03: posts big blind $0.1
*** HOLE CARDS ***
Dealt to d6be32eb 
Dealt to 8ff4a027 
Dealt to 514d5b03 
Dealt to Hero [Ah 8d]
Dealt to 5e4ae9c3 
Hero: folds
5e4ae9c3: folds
d6be32eb: raises $0.15 to $0.25
8ff4a027: folds
514d5b03: folds
Uncalled bet ($0.15) returned to d6be32eb
*** SHOWDOWN ***
d6be32eb collected $0.25 from pot
*** SUMMARY ***
Total pot $0.25 | Rake $0 | Jackpot $0 | Bingo $0 | Fortune $0 | Tax $0
Seat 1: d6be32eb (button) collected ($0.25)
Seat 2: 8ff4a027 (small blind) folded before Flop
Seat 3: 514d5b03 (big blind) folded before Flop
Seat 4: Hero folded before Flop (didn't bet)
Seat 6: 5e4ae9c3 folded before Flop (didn't bet)


Poker Hand #HD1852646355: Hold'em No Limit ($0.05/$0.1) - 2024/07/11 16:42:42
Table 'NLHRed33' 6-max Seat #6 is the button
Seat 1: d6be32eb ($10.2 in chips)
Seat 2: 8ff4a027 ($28.29 in chips)
Seat 3: 514d5b03 ($11.36 in chips)
Seat 4: Hero ($11.4 in chips)
Seat 6: 5e4ae9c3 ($14.15 in chips)
d6be32eb: posts small blind $0.05
8ff4a027: posts big blind $0.1
*** HOLE CARDS ***
Dealt to d6be32eb 
Dealt to 8ff4a027 
Dealt to 514d5b03 
Dealt to Hero [9h Ac]
Dealt to 5e4ae9c3 
514d5b03: folds
Hero: folds
5e4ae9c3: raises $0.17 to $0.27
d6be32eb: folds
8ff4a027: folds
Uncalled bet ($0.17) returned to 5e4ae9c3
*** SHOWDOWN ***
5e4ae9c3 collected $0.25 from pot
*** SUMMARY ***
Total pot $0.25 | Rake $0 | Jackpot $0 | Bingo $0 | Fortune $0 | Tax $0
Seat 1: d6be32eb (small blind) folded before Flop
Seat 2: 8ff4a027 (big blind) folded before Flop
Seat 3: 514d5b03 folded before Flop (didn't bet)
Seat 4: Hero folded before Flop (didn't bet)
Seat 6: 5e4ae9c3 (button) collected ($0.25)


Poker Hand #HD1852646284: Hold'em No Limit ($0.05/$0.1) - 2024/07/11 16:42:10
Table 'NLHRed33' 6-max Seat #4 is the button
Seat 1: d6be32eb ($10.3 in chips)
Seat 2: 8ff4a027 ($28.29 in chips)
Seat 3: 514d5b03 ($11.58 in chips)
Seat 4: Hero ($11.06 in chips)
Seat 6: 5e4ae9c3 ($14.2 in chips)
5e4ae9c3: posts small blind $0.05
d6be32eb: posts big blind $0.1
*** HOLE CARDS ***
Dealt to d6be32eb 
Dealt to 8ff4a027 
Dealt to 514d5b03 
Dealt to Hero [Js Qs]
Dealt to 5e4ae9c3 
8ff4a027: folds
514d5b03: raises $0.12 to $0.22
Hero: raises $0.58 to $0.8
5e4ae9c3: folds
d6be32eb: folds
514d5b03: folds
Uncalled bet ($0.58) returned to Hero
*** SHOWDOWN ***
Hero collected $0.56 from pot
*** SUMMARY ***
Total pot $0.59 | Rake $0.03 | Jackpot $0 | Bingo $0 | Fortune $0 | Tax $0
Seat 1: d6be32eb (big blind) folded before Flop
Seat 2: 8ff4a027 folded before Flop (didn't bet)
Seat 3: 514d5b03 folded before Flop
Seat 4: Hero (button) collected ($0.56)
Seat 6: 5e4ae9c3 (small blind) folded before Flop


Poker Hand #HD1852646219: Hold'em No Limit ($0.05/$0.1) - 2024/07/11 16:41:40
Table 'NLHRed33' 6-max Seat #3 is the button
Seat 1: d6be32eb ($10.55 in chips)
Seat 2: 8ff4a027 ($28.29 in chips)
Seat 3: 514d5b03 ($11.58 in chips)
Seat 4: Hero ($10.74 in chips)
Seat 6: 5e4ae9c3 ($14.3 in chips)
Hero: posts small blind $0.05
5e4ae9c3: posts big blind $0.1
*** HOLE CARDS ***
Dealt to d6be32eb 
Dealt to 8ff4a027 
Dealt to 514d5b03 
Dealt to Hero [Kh Qs]
Dealt to 5e4ae9c3 
d6be32eb: raises $0.15 to $0.25
8ff4a027: folds
514d5b03: folds
Hero: raises $0.85 to $1.1
5e4ae9c3: folds
d6be32eb: folds
Uncalled bet ($0.85) returned to Hero
*** SHOWDOWN ***
Hero collected $0.57 from pot
*** SUMMARY ***
Total pot $0.6 | Rake $0.03 | Jackpot $0 | Bingo $0 | Fortune $0 | Tax $0
Seat 1: d6be32eb folded before Flop
Seat 2: 8ff4a027 folded before Flop (didn't bet)
Seat 3: 514d5b03 (button) folded before Flop (didn't bet)
Seat 4: Hero (small blind) collected ($0.57)
Seat 6: 5e4ae9c3 (big blind) folded before Flop


Poker Hand #HD1852646175: Hold'em No Limit ($0.05/$0.1) - 2024/07/11 16:41:20
Table 'NLHRed33' 6-max Seat #2 is the button
Seat 1: d6be32eb ($10.55 in chips)
Seat 2: 8ff4a027 ($28.29 in chips)
Seat 3: 514d5b03 ($11.31 in chips)
Seat 4: Hero ($11.04 in chips)
Seat 6: 5e4ae9c3 ($14.3 in chips)
514d5b03: posts small blind $0.05
Hero: posts big blind $0.1
*** HOLE CARDS ***
Dealt to d6be32eb 
Dealt to 8ff4a027 
Dealt to 514d5b03 
Dealt to Hero [Kd 7d]
Dealt to 5e4ae9c3 
5e4ae9c3: folds
d6be32eb: folds
8ff4a027: folds
514d5b03: raises $0.2 to $0.3
Hero: calls $0.2
*** FLOP *** [2h Qh Jh]
514d5b03: bets $0.3
Hero: folds
Uncalled bet ($0.3) returned to 514d5b03
*** SHOWDOWN ***
514d5b03 collected $0.57 from pot
*** SUMMARY ***
Total pot $0.6 | Rake $0.03 | Jackpot $0 | Bingo $0 | Fortune $0 | Tax $0
Board [2h Qh Jh]
Seat 1: d6be32eb folded before Flop (didn't bet)
Seat 2: 8ff4a027 (button) folded before Flop (didn't bet)
Seat 3: 514d5b03 (small blind) won ($0.57)
Seat 4: Hero (big blind) folded on the Flop
Seat 6: 5e4ae9c3 folded before Flop (didn't bet)


Poker Hand #HD1852646126: Hold'em No Limit ($0.05/$0.1) - 2024/07/11 16:40:56
Table 'NLHRed33' 6-max Seat #1 is the button
Seat 1: d6be32eb ($10.55 in chips)
Seat 2: 8ff4a027 ($28.34 in chips)
Seat 3: 514d5b03 ($11.41 in chips)
Seat 4: Hero ($10.89 in chips)
Seat 5: 3c6872d2 ($19.93 in chips)
Seat 6: 5e4ae9c3 ($14.3 in chips)
8ff4a027: posts small blind $0.05
514d5b03: posts big blind $0.1
*** HOLE CARDS ***
Dealt to d6be32eb 
Dealt to 8ff4a027 
Dealt to 514d5b03 
Dealt to Hero [Jh Ah]
Dealt to 3c6872d2 
Dealt to 5e4ae9c3 
Hero: raises $0.1 to $0.2
3c6872d2: folds
5e4ae9c3: folds
d6be32eb: folds
8ff4a027: folds
514d5b03: folds
Uncalled bet ($0.1) returned to Hero
*** SHOWDOWN ***
Hero collected $0.25 from pot
*** SUMMARY ***
Total pot $0.25 | Rake $0 | Jackpot $0 | Bingo $0 | Fortune $0 | Tax $0
Seat 1: d6be32eb (button) folded before Flop (didn't bet)
Seat 2: 8ff4a027 (small blind) folded before Flop
Seat 3: 514d5b03 (big blind) folded before Flop
Seat 4: Hero collected ($0.25)
Seat 5: 3c6872d2 folded before Flop (didn't bet)
Seat 6: 5e4ae9c3 folded before Flop (didn't bet)


Poker Hand #HD1852646085: Hold'em No Limit ($0.05/$0.1) - 2024/07/11 16:40:38
Table 'NLHRed33' 6-max Seat #6 is the button
Seat 1: d6be32eb ($10.45 in chips)
Seat 2: 8ff4a027 ($28.44 in chips)
Seat 3: 514d5b03 ($11.41 in chips)
Seat 4: Hero ($10.89 in chips)
Seat 5: 3c6872d2 ($19.93 in chips)
Seat 6: 5e4ae9c3 ($14.3 in chips)
d6be32eb: posts small blind $0.05
8ff4a027: posts big blind $0.1
*** HOLE CARDS ***
Dealt to d6be32eb 
Dealt to 8ff4a027 
Dealt to 514d5b03 
Dealt to Hero [Jh 9s]
Dealt to 3c6872d2 
Dealt to 5e4ae9c3 
514d5b03: folds
Hero: folds
3c6872d2: folds
5e4ae9c3: folds
d6be32eb: raises $0.2 to $0.3
8ff4a027: folds
Uncalled bet ($0.2) returned to d6be32eb
*** SHOWDOWN ***
d6be32eb collected $0.2 from pot
*** SUMMARY ***
Total pot $0.2 | Rake $0 | Jackpot $0 | Bingo $0 | Fortune $0 | Tax $0
Seat 1: d6be32eb (small blind) collected ($0.2)
Seat 2: 8ff4a027 (big blind) folded before Flop
Seat 3: 514d5b03 folded before Flop (didn't bet)
Seat 4: Hero folded before Flop (didn't bet)
Seat 5: 3c6872d2 folded before Flop (didn't bet)
Seat 6: 5e4ae9c3 (button) folded before Flop (didn't bet)


Poker Hand #HD1852646047: Hold'em No Limit ($0.05/$0.1) - 2024/07/11 16:40:20
Table 'NLHRed33' 6-max Seat #5 is the button
Seat 1: d6be32eb ($10.4 in chips)
Seat 2: 8ff4a027 ($28.44 in chips)
Seat 3: 514d5b03 ($11.41 in chips)
Seat 4: Hero ($10.89 in chips)
Seat 5: 3c6872d2 ($19.93 in chips)
Seat 6: 5e4ae9c3 ($14.35 in chips)
5e4ae9c3: posts small blind $0.05
d6be32eb: posts big blind $0.1
*** HOLE CARDS ***
Dealt to d6be32eb 
Dealt to 8ff4a027 
Dealt to 514d5b03 
Dealt to Hero [8s 4d]
Dealt to 3c6872d2 
Dealt to 5e4ae9c3 
8ff4a027: folds
514d5b03: folds
Hero: folds
3c6872d2: folds
5e4ae9c3: folds
Uncalled bet ($0.05) returned to d6be32eb
*** SHOWDOWN ***
d6be32eb collected $0.1 from pot
*** SUMMARY ***
Total pot $0.1 | Rake $0 | Jackpot $0 | Bingo $0 | Fortune $0 | Tax $0
Seat 1: d6be32eb (big blind) collected ($0.1)
Seat 2: 8ff4a027 folded before Flop (didn't bet)
Seat 3: 514d5b03 folded before Flop (didn't bet)
Seat 4: Hero folded before Flop (didn't bet)
Seat 5: 3c6872d2 (button) folded before Flop (didn't bet)
Seat 6: 5e4ae9c3 (small blind) folded before Flop


Poker Hand #HD1852646017: Hold'em No Limit ($0.05/$0.1) - 2024/07/11 16:40:03
Table 'NLHRed33' 6-max Seat #4 is the button
Seat 1: d6be32eb ($10.4 in chips)
Seat 2: 8ff4a027 ($28.44 in chips)
Seat 3: 514d5b03 ($11.41 in chips)
Seat 4: Hero ($10.74 in chips)
Seat 5: 3c6872d2 ($19.98 in chips)
Seat 6: 5e4ae9c3 ($14.45 in chips)
3c6872d2: posts small blind $0.05
5e4ae9c3: posts big blind $0.1
*** HOLE CARDS ***
Dealt to d6be32eb 
Dealt to 8ff4a027 
Dealt to 514d5b03 
Dealt to Hero [Js Jh]
Dealt to 3c6872d2 
Dealt to 5e4ae9c3 
d6be32eb: folds
8ff4a027: folds
514d5b03: folds
Hero: raises $0.14 to $0.24
3c6872d2: folds
5e4ae9c3: folds
Uncalled bet ($0.14) returned to Hero
*** SHOWDOWN ***
Hero collected $0.25 from pot
*** SUMMARY ***
Total pot $0.25 | Rake $0 | Jackpot $0 | Bingo $0 | Fortune $0 | Tax $0
Seat 1: d6be32eb folded before Flop (didn't bet)
Seat 2: 8ff4a027 folded before Flop (didn't bet)
Seat 3: 514d5b03 folded before Flop (didn't bet)
Seat 4: Hero (button) collected ($0.25)
Seat 5: 3c6872d2 (small blind) folded before Flop
Seat 6: 5e4ae9c3 (big blind) folded before Flop


Poker Hand #HD1852645929: Hold'em No Limit ($0.05/$0.1) - 2024/07/11 16:39:20
Table 'NLHRed33' 6-max Seat #3 is the button
Seat 1: d6be32eb ($10.4 in chips)
Seat 2: 8ff4a027 ($28.29 in chips)
Seat 3: 514d5b03 ($11.41 in chips)
Seat 4: Hero ($10.79 in chips)
Seat 5: 3c6872d2 ($20.08 in chips)
Seat 6: 5e4ae9c3 ($14.45 in chips)
Hero: posts small blind $0.05
3c6872d2: posts big blind $0.1
*** HOLE CARDS ***
Dealt to d6be32eb 
Dealt to 8ff4a027 
Dealt to 514d5b03 
Dealt to Hero [5c Jc]
Dealt to 3c6872d2 
Dealt to 5e4ae9c3 
5e4ae9c3: folds
d6be32eb: folds
8ff4a027: raises $0.15 to $0.25
514d5b03: folds
Hero: folds
3c6872d2: folds
Uncalled bet ($0.15) returned to 8ff4a027
*** SHOWDOWN ***
8ff4a027 collected $0.25 from pot
*** SUMMARY ***
Total pot $0.25 | Rake $0 | Jackpot $0 | Bingo $0 | Fortune $0 | Tax $0
Seat 1: d6be32eb folded before Flop (didn't bet)
Seat 2: 8ff4a027 collected ($0.25)
Seat 3: 514d5b03 (button) folded before Flop (didn't bet)
Seat 4: Hero (small blind) folded before Flop
Seat 5: 3c6872d2 (big blind) folded before Flop
Seat 6: 5e4ae9c3 folded before Flop (didn't bet)


Poker Hand #HD1852645852: Hold'em No Limit ($0.05/$0.1) - 2024/07/11 16:38:48
Table 'NLHRed33' 6-max Seat #2 is the button
Seat 1: d6be32eb ($10.4 in chips)
Seat 2: 8ff4a027 ($28.54 in chips)
Seat 3: 514d5b03 ($11.09 in chips)
Seat 4: Hero ($10.89 in chips)
Seat 5: 3c6872d2 ($20.08 in chips)
Seat 6: 5e4ae9c3 ($14.45 in chips)
514d5b03: posts small blind $0.05
Hero: posts big blind $0.1
*** HOLE CARDS ***
Dealt to d6be32eb 
Dealt to 8ff4a027 
Dealt to 514d5b03 
Dealt to Hero [Jd 4h]
Dealt to 3c6872d2 
Dealt to 5e4ae9c3 
3c6872d2: folds
5e4ae9c3: folds
d6be32eb: folds
8ff4a027: raises $0.15 to $0.25
514d5b03: raises $0.75 to $1
Hero: folds
8ff4a027: folds
Uncalled bet ($0.75) returned to 514d5b03
*** SHOWDOWN ***
514d5b03 collected $0.57 from pot
*** SUMMARY ***
Total pot $0.6 | Rake $0.03 | Jackpot $0 | Bingo $0 | Fortune $0 | Tax $0
Seat 1: d6be32eb folded before Flop (didn't bet)
Seat 2: 8ff4a027 (button) folded before Flop
Seat 3: 514d5b03 (small blind) collected ($0.57)
Seat 4: Hero (big blind) folded before Flop
Seat 5: 3c6872d2 folded before Flop (didn't bet)
Seat 6: 5e4ae9c3 folded before Flop (didn't bet)


Poker Hand #HD1852645770: Hold'em No Limit ($0.05/$0.1) - 2024/07/11 16:38:15
Table 'NLHRed33' 6-max Seat #1 is the button
Seat 1: d6be32eb ($10.4 in chips)
Seat 2: 8ff4a027 ($28.59 in chips)
Seat 3: 514d5b03 ($11.19 in chips)
Seat 4: Hero ($10.89 in chips)
Seat 5: 3c6872d2 ($20.08 in chips)
Seat 6: 5e4ae9c3 ($14.3 in chips)
8ff4a027: posts small blind $0.05
514d5b03: posts big blind $0.1
*** HOLE CARDS ***
Dealt to d6be32eb 
Dealt to 8ff4a027 
Dealt to 514d5b03 
Dealt to Hero [5d 8h]
Dealt to 3c6872d2 
Dealt to 5e4ae9c3 
Hero: folds
3c6872d2: folds
5e4ae9c3: raises $0.15 to $0.25
d6be32eb: folds
8ff4a027: folds
514d5b03: folds
Uncalled bet ($0.15) returned to 5e4ae9c3
*** SHOWDOWN ***
5e4ae9c3 collected $0.25 from pot
*** SUMMARY ***
Total pot $0.25 | Rake $0 | Jackpot $0 | Bingo $0 | Fortune $0 | Tax $0
Seat 1: d6be32eb (button) folded before Flop (didn't bet)
Seat 2: 8ff4a027 (small blind) folded before Flop
Seat 3: 514d5b03 (big blind) folded before Flop
Seat 4: Hero folded before Flop (didn't bet)
Seat 5: 3c6872d2 folded before Flop (didn't bet)
Seat 6: 5e4ae9c3 collected ($0.25)


Poker Hand #HD1852645652: Hold'em No Limit ($0.05/$0.1) - 2024/07/11 16:37:26
Table 'NLHRed33' 6-max Seat #6 is the button
Seat 1: d6be32eb ($10.95 in chips)
Seat 2: 8ff4a027 ($28.09 in chips)
Seat 3: 514d5b03 ($11.19 in chips)
Seat 4: Hero ($10.89 in chips)
Seat 5: 3c6872d2 ($20.08 in chips)
Seat 6: 5e4ae9c3 ($14.3 in chips)
d6be32eb: posts small blind $0.05
8ff4a027: posts big blind $0.1
*** HOLE CARDS ***
Dealt to d6be32eb 
Dealt to 8ff4a027 
Dealt to 514d5b03 
Dealt to Hero [Ts 7h]
Dealt to 3c6872d2 
Dealt to 5e4ae9c3 
514d5b03: folds
Hero: folds
3c6872d2: folds
5e4ae9c3: folds
d6be32eb: raises $0.2 to $0.3
8ff4a027: calls $0.2
*** FLOP *** [8c 5s Kd]
d6be32eb: bets $0.25
8ff4a027: calls $0.25
*** TURN *** [8c 5s Kd] [4s]
d6be32eb: checks
8ff4a027: bets $0.55
d6be32eb: folds
Uncalled bet ($0.55) returned to 8ff4a027
*** SHOWDOWN ***
8ff4a027 collected $1.05 from pot
*** SUMMARY ***
Total pot $1.1 | Rake $0.05 | Jackpot $0 | Bingo $0 | Fortune $0 | Tax $0
Board [8c 5s Kd 4s]
Seat 1: d6be32eb (small blind) folded on the Turn
Seat 2: 8ff4a027 (big blind) won ($1.05)
Seat 3: 514d5b03 folded before Flop (didn't bet)
Seat 4: Hero folded before Flop (didn't bet)
Seat 5: 3c6872d2 folded before Flop (didn't bet)
Seat 6: 5e4ae9c3 (button) folded before Flop (didn't bet)


Poker Hand #HD1852565605: Hold'em No Limit ($0.05/$0.1) - 2024/07/11 16:37:04
Table 'NLHRed33' 6-max Seat #5 is the button
Seat 1: d6be32eb ($11.05 in chips)
Seat 2: 8ff4a027 ($28.09 in chips)
Seat 3: 514d5b03 ($11.04 in chips)
Seat 4: Hero ($10.89 in chips)
Seat 5: 3c6872d2 ($20.08 in chips)
Seat 6: 5e4ae9c3 ($14.35 in chips)
5e4ae9c3: posts small blind $0.05
d6be32eb: posts big blind $0.1
*** HOLE CARDS ***
Dealt to d6be32eb 
Dealt to 8ff4a027 
Dealt to 514d5b03 
Dealt to Hero [3s 5h]
Dealt to 3c6872d2 
Dealt to 5e4ae9c3 
8ff4a027: folds
514d5b03: raises $0.12 to $0.22
Hero: folds
3c6872d2: folds
5e4ae9c3: folds
d6be32eb: folds
Uncalled bet ($0.12) returned to 514d5b03
*** SHOWDOWN ***
514d5b03 collected $0.25 from pot
*** SUMMARY ***
Total pot $0.25 | Rake $0 | Jackpot $0 | Bingo $0 | Fortune $0 | Tax $0
Seat 1: d6be32eb (big blind) folded before Flop
Seat 2: 8ff4a027 folded before Flop (didn't bet)
Seat 3: 514d5b03 collected ($0.25)
Seat 4: Hero folded before Flop (didn't bet)
Seat 5: 3c6872d2 (button) folded before Flop (didn't bet)
Seat 6: 5e4ae9c3 (small blind) folded before Flop


Poker Hand #HD1852565548: Hold'em No Limit ($0.05/$0.1) - 2024/07/11 16:36:39
Table 'NLHRed33' 6-max Seat #4 is the button
Seat 1: d6be32eb ($11.05 in chips)
Seat 2: 8ff4a027 ($28.09 in chips)
Seat 3: 514d5b03 ($11.04 in chips)
Seat 4: Hero ($10.89 in chips)
Seat 5: 3c6872d2 ($20.13 in chips)
Seat 6: 5e4ae9c3 ($14.3 in chips)
3c6872d2: posts small blind $0.05
5e4ae9c3: posts big blind $0.1
*** HOLE CARDS ***
Dealt to d6be32eb 
Dealt to 8ff4a027 
Dealt to 514d5b03 
Dealt to Hero [6d 2s]
Dealt to 3c6872d2 
Dealt to 5e4ae9c3 
d6be32eb: folds
8ff4a027: folds
514d5b03: folds
Hero: folds
3c6872d2: folds
Uncalled bet ($0.05) returned to 5e4ae9c3
*** SHOWDOWN ***
5e4ae9c3 collected $0.1 from pot
*** SUMMARY ***
Total pot $0.1 | Rake $0 | Jackpot $0 | Bingo $0 | Fortune $0 | Tax $0
Seat 1: d6be32eb folded before Flop (didn't bet)
Seat 2: 8ff4a027 folded before Flop (didn't bet)
Seat 3: 514d5b03 folded before Flop (didn't bet)
Seat 4: Hero (button) folded before Flop (didn't bet)
Seat 5: 3c6872d2 (small blind) folded before Flop
Seat 6: 5e4ae9c3 (big blind) collected ($0.1)


Poker Hand #HD1852565437: Hold'em No Limit ($0.05/$0.1) - 2024/07/11 16:35:53
Table 'NLHRed33' 6-max Seat #3 is the button
Seat 1: d6be32eb ($11.05 in chips)
Seat 2: 8ff4a027 ($28.09 in chips)
Seat 3: 514d5b03 ($10.26 in chips)
Seat 4: Hero ($10.94 in chips)
Seat 5: 3c6872d2 ($20.23 in chips)
Seat 6: 5e4ae9c3 ($15 in chips)
Hero: posts small blind $0.05
3c6872d2: posts big blind $0.1
*** HOLE CARDS ***
Dealt to d6be32eb 
Dealt to 8ff4a027 
Dealt to 514d5b03 
Dealt to Hero [8s 3s]
Dealt to 3c6872d2 
Dealt to 5e4ae9c3 
5e4ae9c3: raises $0.13 to $0.23
d6be32eb: folds
8ff4a027: folds
514d5b03: calls $0.23
Hero: folds
3c6872d2: folds
*** FLOP *** [Jh 9h 6c]
5e4ae9c3: bets $0.16
514d5b03: calls $0.16
*** TURN *** [Jh 9h 6c] [Th]
5e4ae9c3: bets $0.31
514d5b03: raises $0.78 to $1.09
5e4ae9c3: folds
Uncalled bet ($0.78) returned to 514d5b03
*** SHOWDOWN ***
514d5b03 collected $1.48 from pot
*** SUMMARY ***
Total pot $1.55 | Rake $0.07 | Jackpot $0 | Bingo $0 | Fortune $0 | Tax $0
Board [Jh 9h 6c Th]
Seat 1: d6be32eb folded before Flop (didn't bet)
Seat 2: 8ff4a027 folded before Flop (didn't bet)
Seat 3: 514d5b03 (button) won ($1.48)
Seat 4: Hero (small blind) folded before Flop
Seat 5: 3c6872d2 (big blind) folded before Flop
Seat 6: 5e4ae9c3 folded on the Turn


Poker Hand #HD1852565400: Hold'em No Limit ($0.05/$0.1) - 2024/07/11 16:35:40
Table 'NLHRed33' 6-max Seat #2 is the button
Seat 1: d6be32eb ($11.05 in chips)
Seat 2: 8ff4a027 ($28.09 in chips)
Seat 3: 514d5b03 ($10.31 in chips)
Seat 4: Hero ($11.04 in chips)
Seat 5: 3c6872d2 ($20.23 in chips)
Seat 6: 5e4ae9c3 ($14.85 in chips)
514d5b03: posts small blind $0.05
Hero: posts big blind $0.1
*** HOLE CARDS ***
Dealt to d6be32eb 
Dealt to 8ff4a027 
Dealt to 514d5b03 
Dealt to Hero [3d 7c]
Dealt to 3c6872d2 
Dealt to 5e4ae9c3 
3c6872d2: folds
5e4ae9c3: raises $0.13 to $0.23
d6be32eb: folds
8ff4a027: folds
514d5b03: folds
Hero: folds
Uncalled bet ($0.13) returned to 5e4ae9c3
*** SHOWDOWN ***
5e4ae9c3 collected $0.25 from pot
*** SUMMARY ***
Total pot $0.25 | Rake $0 | Jackpot $0 | Bingo $0 | Fortune $0 | Tax $0
Seat 1: d6be32eb folded before Flop (didn't bet)
Seat 2: 8ff4a027 (button) folded before Flop (didn't bet)
Seat 3: 514d5b03 (small blind) folded before Flop
Seat 4: Hero (big blind) folded before Flop
Seat 5: 3c6872d2 folded before Flop (didn't bet)
Seat 6: 5e4ae9c3 collected ($0.25)


Poker Hand #HD1852565370: Hold'em No Limit ($0.05/$0.1) - 2024/07/11 16:35:28
Table 'NLHRed33' 6-max Seat #1 is the button
Seat 1: d6be32eb ($11.05 in chips)
Seat 2: 8ff4a027 ($28.14 in chips)
Seat 3: 514d5b03 ($10.41 in chips)
Seat 4: Hero ($11.04 in chips)
Seat 5: 3c6872d2 ($20.23 in chips)
Seat 6: 5e4ae9c3 ($14.7 in chips)
8ff4a027: posts small blind $0.05
514d5b03: posts big blind $0.1
*** HOLE CARDS ***
Dealt to d6be32eb 
Dealt to 8ff4a027 
Dealt to 514d5b03 
Dealt to Hero [Kc 4h]
Dealt to 3c6872d2 
Dealt to 5e4ae9c3 
Hero: folds
3c6872d2: folds
5e4ae9c3: raises $0.15 to $0.25
d6be32eb: folds
8ff4a027: folds
514d5b03: folds
Uncalled bet ($0.15) returned to 5e4ae9c3
*** SHOWDOWN ***
5e4ae9c3 collected $0.25 from pot
*** SUMMARY ***
Total pot $0.25 | Rake $0 | Jackpot $0 | Bingo $0 | Fortune $0 | Tax $0
Seat 1: d6be32eb (button) folded before Flop (didn't bet)
Seat 2: 8ff4a027 (small blind) folded before Flop
Seat 3: 514d5b03 (big blind) folded before Flop
Seat 4: Hero folded before Flop (didn't bet)
Seat 5: 3c6872d2 folded before Flop (didn't bet)
Seat 6: 5e4ae9c3 collected ($0.25)


Poker Hand #HD1852565263: Hold'em No Limit ($0.05/$0.1) - 2024/07/11 16:34:39
Table 'NLHRed33' 6-max Seat #6 is the button
Seat 1: d6be32eb ($11.1 in chips)
Seat 2: 8ff4a027 ($28.49 in chips)
Seat 3: 514d5b03 ($10.41 in chips)
Seat 4: Hero ($10.67 in chips)
Seat 5: 3c6872d2 ($20.23 in chips)
Seat 6: 5e4ae9c3 ($14.7 in chips)
d6be32eb: posts small blind $0.05
8ff4a027: posts big blind $0.1
*** HOLE CARDS ***
Dealt to d6be32eb 
Dealt to 8ff4a027 
Dealt to 514d5b03 
Dealt to Hero [Qd Qh]
Dealt to 3c6872d2 
Dealt to 5e4ae9c3 
514d5b03: folds
Hero: raises $0.1 to $0.2
3c6872d2: folds
5e4ae9c3: folds
d6be32eb: folds
8ff4a027: calls $0.1
*** FLOP *** [5c 6h 2c]
8ff4a027: checks
Hero: bets $0.15
8ff4a027: calls $0.15
*** TURN *** [5c 6h 2c] [Ks]
8ff4a027: checks
Hero: bets $0.5
8ff4a027: folds
Uncalled bet ($0.5) returned to Hero
*** SHOWDOWN ***
Hero collected $0.72 from pot
*** SUMMARY ***
Total pot $0.75 | Rake $0.03 | Jackpot $0 | Bingo $0 | Fortune $0 | Tax $0
Board [5c 6h 2c Ks]
Seat 1: d6be32eb (small blind) folded before Flop
Seat 2: 8ff4a027 (big blind) folded on the Turn
Seat 3: 514d5b03 folded before Flop (didn't bet)
Seat 4: Hero won ($0.72)
Seat 5: 3c6872d2 folded before Flop (didn't bet)
Seat 6: 5e4ae9c3 (button) folded before Flop (didn't bet)


Poker Hand #HD1852565226: Hold'em No Limit ($0.05/$0.1) - 2024/07/11 16:34:23
Table 'NLHRed33' 6-max Seat #5 is the button
Seat 1: d6be32eb ($11.05 in chips)
Seat 2: 8ff4a027 ($28.49 in chips)
Seat 3: 514d5b03 ($10.41 in chips)
Seat 4: Hero ($10.67 in chips)
Seat 5: 3c6872d2 ($20.23 in chips)
Seat 6: 5e4ae9c3 ($14.75 in chips)
5e4ae9c3: posts small blind $0.05
d6be32eb: posts big blind $0.1
*** HOLE CARDS ***
Dealt to d6be32eb 
Dealt to 8ff4a027 
Dealt to 514d5b03 
Dealt to Hero [As 5d]
Dealt to 3c6872d2 
Dealt to 5e4ae9c3 
8ff4a027: folds
514d5b03: folds
Hero: folds
3c6872d2: folds
5e4ae9c3: folds
Uncalled bet ($0.05) returned to d6be32eb
*** SHOWDOWN ***
d6be32eb collected $0.1 from pot
*** SUMMARY ***
Total pot $0.1 | Rake $0 | Jackpot $0 | Bingo $0 | Fortune $0 | Tax $0
Seat 1: d6be32eb (big blind) collected ($0.1)
Seat 2: 8ff4a027 folded before Flop (didn't bet)
Seat 3: 514d5b03 folded before Flop (didn't bet)
Seat 4: Hero folded before Flop (didn't bet)
Seat 5: 3c6872d2 (button) folded before Flop (didn't bet)
Seat 6: 5e4ae9c3 (small blind) folded before Flop


Poker Hand #HD1852565168: Hold'em No Limit ($0.05/$0.1) - 2024/07/11 16:34:00
Table 'NLHRed33' 6-max Seat #4 is the button
Seat 1: d6be32eb ($11.05 in chips)
Seat 2: 8ff4a027 ($28.49 in chips)
Seat 3: 514d5b03 ($10.63 in chips)
Seat 4: Hero ($10.33 in chips)
Seat 5: 3c6872d2 ($20.28 in chips)
Seat 6: 5e4ae9c3 ($14.85 in chips)
3c6872d2: posts small blind $0.05
5e4ae9c3: posts big blind $0.1
*** HOLE CARDS ***
Dealt to d6be32eb 
Dealt to 8ff4a027 
Dealt to 514d5b03 
Dealt to Hero [Qd Qc]
Dealt to 3c6872d2 
Dealt to 5e4ae9c3 
d6be32eb: folds
8ff4a027: folds
514d5b03: raises $0.12 to $0.22
Hero: raises $0.58 to $0.8
3c6872d2: folds
5e4ae9c3: folds
514d5b03: folds
Uncalled bet ($0.58) returned to Hero
*** SHOWDOWN ***
Hero collected $0.56 from pot
*** SUMMARY ***
Total pot $0.59 | Rake $0.03 | Jackpot $0 | Bingo $0 | Fortune $0 | Tax $0
Seat 1: d6be32eb folded before Flop (didn't bet)
Seat 2: 8ff4a027 folded before Flop (didn't bet)
Seat 3: 514d5b03 folded before Flop
Seat 4: Hero (button) collected ($0.56)
Seat 5: 3c6872d2 (small blind) folded before Flop
Seat 6: 5e4ae9c3 (big blind) folded before Flop


Poker Hand #HD1852565098: Hold'em No Limit ($0.05/$0.1) - 2024/07/11 16:33:29
Table 'NLHRed33' 6-max Seat #3 is the button
Seat 1: d6be32eb ($10.9 in chips)
Seat 2: 8ff4a027 ($28.49 in chips)
Seat 3: 514d5b03 ($10.63 in chips)
Seat 4: Hero ($10.38 in chips)
Seat 5: 3c6872d2 ($20.38 in chips)
Seat 6: 5e4ae9c3 ($14.85 in chips)
Hero: posts small blind $0.05
3c6872d2: posts big blind $0.1
*** HOLE CARDS ***
Dealt to d6be32eb 
Dealt to 8ff4a027 
Dealt to 514d5b03 
Dealt to Hero [9s Ks]
Dealt to 3c6872d2 
Dealt to 5e4ae9c3 
5e4ae9c3: folds
d6be32eb: raises $0.15 to $0.25
8ff4a027: folds
514d5b03: folds
Hero: folds
3c6872d2: folds
Uncalled bet ($0.15) returned to d6be32eb
*** SHOWDOWN ***
d6be32eb collected $0.25 from pot
*** SUMMARY ***
Total pot $0.25 | Rake $0 | Jackpot $0 | Bingo $0 | Fortune $0 | Tax $0
Seat 1: d6be32eb collected ($0.25)
Seat 2: 8ff4a027 folded before Flop (didn't bet)
Seat 3: 514d5b03 (button) folded before Flop (didn't bet)
Seat 4: Hero (small blind) folded before Flop
Seat 5: 3c6872d2 (big blind) folded before Flop
Seat 6: 5e4ae9c3 folded before Flop (didn't bet)


Poker Hand #HD1852565048: Hold'em No Limit ($0.05/$0.1) - 2024/07/11 16:33:10
Table 'NLHRed33' 6-max Seat #2 is the button
Seat 1: d6be32eb ($10.9 in chips)
Seat 2: 8ff4a027 ($28.49 in chips)
Seat 3: 514d5b03 ($10.68 in chips)
Seat 4: Hero ($10.48 in chips)
Seat 5: 3c6872d2 ($20.38 in chips)
Seat 6: 5e4ae9c3 ($14.7 in chips)
514d5b03: posts small blind $0.05
Hero: posts big blind $0.1
*** HOLE CARDS ***
Dealt to d6be32eb 
Dealt to 8ff4a027 
Dealt to 514d5b03 
Dealt to Hero [Kc 4s]
Dealt to 3c6872d2 
Dealt to 5e4ae9c3 
3c6872d2: folds
5e4ae9c3: raises $0.13 to $0.23
d6be32eb: folds
8ff4a027: folds
514d5b03: folds
Hero: folds
Uncalled bet ($0.13) returned to 5e4ae9c3
*** SHOWDOWN ***
5e4ae9c3 collected $0.25 from pot
*** SUMMARY ***
Total pot $0.25 | Rake $0 | Jackpot $0 | Bingo $0 | Fortune $0 | Tax $0
Seat 1: d6be32eb folded before Flop (didn't bet)
Seat 2: 8ff4a027 (button) folded before Flop (didn't bet)
Seat 3: 514d5b03 (small blind) folded before Flop
Seat 4: Hero (big blind) folded before Flop
Seat 5: 3c6872d2 folded before Flop (didn't bet)
Seat 6: 5e4ae9c3 collected ($0.25)


Poker Hand #HD1852564997: Hold'em No Limit ($0.05/$0.1) - 2024/07/11 16:32:51
Table 'NLHRed33' 6-max Seat #1 is the button
Seat 1: d6be32eb ($10.9 in chips)
Seat 2: 8ff4a027 ($28.54 in chips)
Seat 3: 514d5b03 ($10.63 in chips)
Seat 4: Hero ($10.48 in chips)
Seat 5: 3c6872d2 ($20.38 in chips)
Seat 6: 5e4ae9c3 ($14.7 in chips)
8ff4a027: posts small blind $0.05
514d5b03: posts big blind $0.1
*** HOLE CARDS ***
Dealt to d6be32eb 
Dealt to 8ff4a027 
Dealt to 514d5b03 
Dealt to Hero [6d 4s]
Dealt to 3c6872d2 
Dealt to 5e4ae9c3 
Hero: folds
3c6872d2: folds
5e4ae9c3: folds
d6be32eb: folds
8ff4a027: folds
Uncalled bet ($0.05) returned to 514d5b03
*** SHOWDOWN ***
514d5b03 collected $0.1 from pot
*** SUMMARY ***
Total pot $0.1 | Rake $0 | Jackpot $0 | Bingo $0 | Fortune $0 | Tax $0
Seat 1: d6be32eb (button) folded before Flop (didn't bet)
Seat 2: 8ff4a027 (small blind) folded before Flop
Seat 3: 514d5b03 (big blind) collected ($0.1)
Seat 4: Hero folded before Flop (didn't bet)
Seat 5: 3c6872d2 folded before Flop (didn't bet)
Seat 6: 5e4ae9c3 folded before Flop (didn't bet)


Poker Hand #HD1852564973: Hold'em No Limit ($0.05/$0.1) - 2024/07/11 16:32:36
Table 'NLHRed33' 6-max Seat #6 is the button
Seat 1: d6be32eb ($10.95 in chips)
Seat 2: 8ff4a027 ($28.64 in chips)
Seat 3: 514d5b03 ($10.63 in chips)
Seat 4: Hero ($10.48 in chips)
Seat 5: 3c6872d2 ($20.38 in chips)
Seat 6: 5e4ae9c3 ($14.55 in chips)
d6be32eb: posts small blind $0.05
8ff4a027: posts big blind $0.1
*** HOLE CARDS ***
Dealt to d6be32eb 
Dealt to 8ff4a027 
Dealt to 514d5b03 
Dealt to Hero [4s 9h]
Dealt to 3c6872d2 
Dealt to 5e4ae9c3 
514d5b03: folds
Hero: folds
3c6872d2: folds
5e4ae9c3: raises $0.17 to $0.27
d6be32eb: folds
8ff4a027: folds
Uncalled bet ($0.17) returned to 5e4ae9c3
*** SHOWDOWN ***
5e4ae9c3 collected $0.25 from pot
*** SUMMARY ***
Total pot $0.25 | Rake $0 | Jackpot $0 | Bingo $0 | Fortune $0 | Tax $0
Seat 1: d6be32eb (small blind) folded before Flop
Seat 2: 8ff4a027 (big blind) folded before Flop
Seat 3: 514d5b03 folded before Flop (didn't bet)
Seat 4: Hero folded before Flop (didn't bet)
Seat 5: 3c6872d2 folded before Flop (didn't bet)
Seat 6: 5e4ae9c3 (button) collected ($0.25)


Poker Hand #HD1852564907: Hold'em No Limit ($0.05/$0.1) - 2024/07/11 16:32:04
Table 'NLHRed33' 6-max Seat #5 is the button
Seat 1: d6be32eb ($11.05 in chips)
Seat 2: 8ff4a027 ($28.64 in chips)
Seat 3: 514d5b03 ($10.63 in chips)
Seat 4: Hero ($10.48 in chips)
Seat 5: 3c6872d2 ($20.23 in chips)
Seat 6: 5e4ae9c3 ($14.6 in chips)
5e4ae9c3: posts small blind $0.05
d6be32eb: posts big blind $0.1
*** HOLE CARDS ***
Dealt to d6be32eb 
Dealt to 8ff4a027 
Dealt to 514d5b03 
Dealt to Hero [5c 4s]
Dealt to 3c6872d2 
Dealt to 5e4ae9c3 
8ff4a027: folds
514d5b03: folds
Hero: folds
3c6872d2: raises $0.15 to $0.25
5e4ae9c3: folds
d6be32eb: folds
Uncalled bet ($0.15) returned to 3c6872d2
*** SHOWDOWN ***
3c6872d2 collected $0.25 from pot
*** SUMMARY ***
Total pot $0.25 | Rake $0 | Jackpot $0 | Bingo $0 | Fortune $0 | Tax $0
Seat 1: d6be32eb (big blind) folded before Flop
Seat 2: 8ff4a027 folded before Flop (didn't bet)
Seat 3: 514d5b03 folded before Flop (didn't bet)
Seat 4: Hero folded before Flop (didn't bet)
Seat 5: 3c6872d2 (button) collected ($0.25)
Seat 6: 5e4ae9c3 (small blind) folded before Flop


Poker Hand #HD1852564847: Hold'em No Limit ($0.05/$0.1) - 2024/07/11 16:31:38
Table 'NLHRed33' 6-max Seat #4 is the button
Seat 1: d6be32eb ($11.05 in chips)
Seat 2: 8ff4a027 ($28.64 in chips)
Seat 3: 514d5b03 ($10.63 in chips)
Seat 4: Hero ($10.33 in chips)
Seat 5: 3c6872d2 ($20.28 in chips)
Seat 6: 5e4ae9c3 ($14.7 in chips)
3c6872d2: posts small blind $0.05
5e4ae9c3: posts big blind $0.1
*** HOLE CARDS ***
Dealt to d6be32eb 
Dealt to 8ff4a027 
Dealt to 514d5b03 
Dealt to Hero [Td Qs]
Dealt to 3c6872d2 
Dealt to 5e4ae9c3 
d6be32eb: folds
8ff4a027: folds
514d5b03: folds
Hero: raises $0.14 to $0.24
3c6872d2: folds
5e4ae9c3: folds
Uncalled bet ($0.14) returned to Hero
*** SHOWDOWN ***
Hero collected $0.25 from pot
*** SUMMARY ***
Total pot $0.25 | Rake $0 | Jackpot $0 | Bingo $0 | Fortune $0 | Tax $0
Seat 1: d6be32eb folded before Flop (didn't bet)
Seat 2: 8ff4a027 folded before Flop (didn't bet)
Seat 3: 514d5b03 folded before Flop (didn't bet)
Seat 4: Hero (button) collected ($0.25)
Seat 5: 3c6872d2 (small blind) folded before Flop
Seat 6: 5e4ae9c3 (big blind) folded before Flop


Poker Hand #HD1852564774: Hold'em No Limit ($0.05/$0.1) - 2024/07/11 16:31:04
Table 'NLHRed33' 6-max Seat #3 is the button
Seat 1: d6be32eb ($11.05 in chips)
Seat 2: 8ff4a027 ($28.89 in chips)
Seat 3: 514d5b03 ($10.63 in chips)
Seat 4: Hero ($10.01 in chips)
Seat 5: 3c6872d2 ($20.38 in chips)
Seat 6: 5e4ae9c3 ($14.7 in chips)
Hero: posts small blind $0.05
3c6872d2: posts big blind $0.1
*** HOLE CARDS ***
Dealt to d6be32eb 
Dealt to 8ff4a027 
Dealt to 514d5b03 
Dealt to Hero [8s 8d]
Dealt to 3c6872d2 
Dealt to 5e4ae9c3 
5e4ae9c3: folds
d6be32eb: folds
8ff4a027: raises $0.15 to $0.25
514d5b03: folds
Hero: raises $0.85 to $1.1
3c6872d2: folds
8ff4a027: folds
Uncalled bet ($0.85) returned to Hero
*** SHOWDOWN ***
Hero collected $0.57 from pot
*** SUMMARY ***
Total pot $0.6 | Rake $0.03 | Jackpot $0 | Bingo $0 | Fortune $0 | Tax $0
Seat 1: d6be32eb folded before Flop (didn't bet)
Seat 2: 8ff4a027 folded before Flop
Seat 3: 514d5b03 (button) folded before Flop (didn't bet)
Seat 4: Hero (small blind) collected ($0.57)
Seat 5: 3c6872d2 (big blind) folded before Flop
Seat 6: 5e4ae9c3 folded before Flop (didn't bet)


Poker Hand #HD1852564681: Hold'em No Limit ($0.05/$0.1) - 2024/07/11 16:30:27
Table 'NLHRed33' 6-max Seat #2 is the button
Seat 1: d6be32eb ($11.05 in chips)
Seat 2: 8ff4a027 ($28.89 in chips)
Seat 3: 514d5b03 ($10.53 in chips)
Seat 4: Hero ($10.11 in chips)
Seat 5: 3c6872d2 ($20.38 in chips)
Seat 6: 5e4ae9c3 ($14.7 in chips)
514d5b03: posts small blind $0.05
Hero: posts big blind $0.1
*** HOLE CARDS ***
Dealt to d6be32eb 
Dealt to 8ff4a027 
Dealt to 514d5b03 
Dealt to Hero [6c 3s]
Dealt to 3c6872d2 
Dealt to 5e4ae9c3 
3c6872d2: folds
5e4ae9c3: folds
d6be32eb: folds
8ff4a027: folds
514d5b03: raises $0.2 to $0.3
Hero: folds
Uncalled bet ($0.2) returned to 514d5b03
*** SHOWDOWN ***
514d5b03 collected $0.2 from pot
*** SUMMARY ***
Total pot $0.2 | Rake $0 | Jackpot $0 | Bingo $0 | Fortune $0 | Tax $0
Seat 1: d6be32eb folded before Flop (didn't bet)
Seat 2: 8ff4a027 (button) folded before Flop (didn't bet)
Seat 3: 514d5b03 (small blind) collected ($0.2)
Seat 4: Hero (big blind) folded before Flop
Seat 5: 3c6872d2 folded before Flop (didn't bet)
Seat 6: 5e4ae9c3 folded before Flop (didn't bet)


Poker Hand #HD1852564624: Hold'em No Limit ($0.05/$0.1) - 2024/07/11 16:30:06
Table 'NLHRed33' 6-max Seat #1 is the button
Seat 1: d6be32eb ($11.05 in chips)
Seat 2: 8ff4a027 ($28.94 in chips)
Seat 3: 514d5b03 ($10.63 in chips)
Seat 4: Hero ($10.11 in chips)
Seat 5: 3c6872d2 ($20.38 in chips)
Seat 6: 5e4ae9c3 ($14.55 in chips)
8ff4a027: posts small blind $0.05
514d5b03: posts big blind $0.1
*** HOLE CARDS ***
Dealt to d6be32eb 
Dealt to 8ff4a027 
Dealt to 514d5b03 
Dealt to Hero [9d Ts]
Dealt to 3c6872d2 
Dealt to 5e4ae9c3 
Hero: folds
3c6872d2: folds
5e4ae9c3: raises $0.15 to $0.25
d6be32eb: folds
8ff4a027: folds
514d5b03: folds
Uncalled bet ($0.15) returned to 5e4ae9c3
*** SHOWDOWN ***
5e4ae9c3 collected $0.25 from pot
*** SUMMARY ***
Total pot $0.25 | Rake $0 | Jackpot $0 | Bingo $0 | Fortune $0 | Tax $0
Seat 1: d6be32eb (button) folded before Flop (didn't bet)
Seat 2: 8ff4a027 (small blind) folded before Flop
Seat 3: 514d5b03 (big blind) folded before Flop
Seat 4: Hero folded before Flop (didn't bet)
Seat 5: 3c6872d2 folded before Flop (didn't bet)
Seat 6: 5e4ae9c3 collected ($0.25)


Poker Hand #HD1852564575: Hold'em No Limit ($0.05/$0.1) - 2024/07/11 16:29:45
Table 'NLHRed33' 6-max Seat #6 is the button
Seat 1: d6be32eb ($11.1 in chips)
Seat 2: 8ff4a027 ($29.04 in chips)
Seat 3: 514d5b03 ($10.48 in chips)
Seat 4: Hero ($10.11 in chips)
Seat 5: 3c6872d2 ($20.38 in chips)
Seat 6: 5e4ae9c3 ($14.55 in chips)
d6be32eb: posts small blind $0.05
8ff4a027: posts big blind $0.1
*** HOLE CARDS ***
Dealt to d6be32eb 
Dealt to 8ff4a027 
Dealt to 514d5b03 
Dealt to Hero [7c 4d]
Dealt to 3c6872d2 
Dealt to 5e4ae9c3 
514d5b03: raises $0.12 to $0.22
Hero: folds
3c6872d2: folds
5e4ae9c3: folds
d6be32eb: folds
8ff4a027: folds
Uncalled bet ($0.12) returned to 514d5b03
*** SHOWDOWN ***
514d5b03 collected $0.25 from pot
*** SUMMARY ***
Total pot $0.25 | Rake $0 | Jackpot $0 | Bingo $0 | Fortune $0 | Tax $0
Seat 1: d6be32eb (small blind) folded before Flop
Seat 2: 8ff4a027 (big blind) folded before Flop
Seat 3: 514d5b03 collected ($0.25)
Seat 4: Hero folded before Flop (didn't bet)
Seat 5: 3c6872d2 folded before Flop (didn't bet)
Seat 6: 5e4ae9c3 (button) folded before Flop (didn't bet)


Poker Hand #HD1852564525: Hold'em No Limit ($0.05/$0.1) - 2024/07/11 16:29:25
Table 'NLHRed33' 6-max Seat #5 is the button
Seat 1: d6be32eb ($11.2 in chips)
Seat 2: 8ff4a027 ($29.04 in chips)
Seat 3: 514d5b03 ($10.48 in chips)
Seat 4: Hero ($10.11 in chips)
Seat 5: 3c6872d2 ($20.38 in chips)
Seat 6: 5e4ae9c3 ($14.45 in chips)
5e4ae9c3: posts small blind $0.05
d6be32eb: posts big blind $0.1
*** HOLE CARDS ***
Dealt to d6be32eb 
Dealt to 8ff4a027 
Dealt to 514d5b03 
Dealt to Hero [3c Kh]
Dealt to 3c6872d2 
Dealt to 5e4ae9c3 
8ff4a027: folds
514d5b03: folds
Hero: folds
3c6872d2: folds
5e4ae9c3: raises $0.23 to $0.33
d6be32eb: folds
Uncalled bet ($0.23) returned to 5e4ae9c3
*** SHOWDOWN ***
5e4ae9c3 collected $0.2 from pot
*** SUMMARY ***
Total pot $0.2 | Rake $0 | Jackpot $0 | Bingo $0 | Fortune $0 | Tax $0
Seat 1: d6be32eb (big blind) folded before Flop
Seat 2: 8ff4a027 folded before Flop (didn't bet)
Seat 3: 514d5b03 folded before Flop (didn't bet)
Seat 4: Hero folded before Flop (didn't bet)
Seat 5: 3c6872d2 (button) folded before Flop (didn't bet)
Seat 6: 5e4ae9c3 (small blind) collected ($0.2)


Poker Hand #HD1852564470: Hold'em No Limit ($0.05/$0.1) - 2024/07/11 16:28:56
Table 'NLHRed33' 6-max Seat #4 is the button
Seat 1: d6be32eb ($11.2 in chips)
Seat 2: 8ff4a027 ($29.04 in chips)
Seat 3: 514d5b03 ($10.23 in chips)
Seat 4: Hero ($10.11 in chips)
Seat 5: 3c6872d2 ($20.43 in chips)
Seat 6: 5e4ae9c3 ($14.67 in chips)
3c6872d2: posts small blind $0.05
5e4ae9c3: posts big blind $0.1
*** HOLE CARDS ***
Dealt to d6be32eb 
Dealt to 8ff4a027 
Dealt to 514d5b03 
Dealt to Hero [3c 3d]
Dealt to 3c6872d2 
Dealt to 5e4ae9c3 
d6be32eb: folds
8ff4a027: folds
514d5b03: raises $0.12 to $0.22
Hero: folds
3c6872d2: folds
5e4ae9c3: calls $0.12
*** FLOP *** [8c Qs Ad]
5e4ae9c3: checks
514d5b03: bets $0.25
5e4ae9c3: folds
Uncalled bet ($0.25) returned to 514d5b03
*** SHOWDOWN ***
514d5b03 collected $0.47 from pot
*** SUMMARY ***
Total pot $0.49 | Rake $0.02 | Jackpot $0 | Bingo $0 | Fortune $0 | Tax $0
Board [8c Qs Ad]
Seat 1: d6be32eb folded before Flop (didn't bet)
Seat 2: 8ff4a027 folded before Flop (didn't bet)
Seat 3: 514d5b03 won ($0.47)
Seat 4: Hero (button) folded before Flop (didn't bet)
Seat 5: 3c6872d2 (small blind) folded before Flop
Seat 6: 5e4ae9c3 (big blind) folded on the Flop


Poker Hand #HD1852564414: Hold'em No Limit ($0.05/$0.1) - 2024/07/11 16:28:33
Table 'NLHRed33' 6-max Seat #3 is the button
Seat 1: d6be32eb ($11.2 in chips)
Seat 2: 8ff4a027 ($29.04 in chips)
Seat 3: 514d5b03 ($10.23 in chips)
Seat 4: Hero ($10.16 in chips)
Seat 5: 3c6872d2 ($20.38 in chips)
Seat 6: 5e4ae9c3 ($14.67 in chips)
Hero: posts small blind $0.05
3c6872d2: posts big blind $0.1
*** HOLE CARDS ***
Dealt to d6be32eb 
Dealt to 8ff4a027 
Dealt to 514d5b03 
Dealt to Hero [4d Qd]
Dealt to 3c6872d2 
Dealt to 5e4ae9c3 
5e4ae9c3: folds
d6be32eb: folds
8ff4a027: folds
514d5b03: folds
Hero: folds
Uncalled bet ($0.05) returned to 3c6872d2
*** SHOWDOWN ***
3c6872d2 collected $0.1 from pot
*** SUMMARY ***
Total pot $0.1 | Rake $0 | Jackpot $0 | Bingo $0 | Fortune $0 | Tax $0
Seat 1: d6be32eb folded before Flop (didn't bet)
Seat 2: 8ff4a027 folded before Flop (didn't bet)
Seat 3: 514d5b03 (button) folded before Flop (didn't bet)
Seat 4: Hero (small blind) folded before Flop
Seat 5: 3c6872d2 (big blind) collected ($0.1)
Seat 6: 5e4ae9c3 folded before Flop (didn't bet)


Poker Hand #HD1852564381: Hold'em No Limit ($0.05/$0.1) - 2024/07/11 16:28:21
Table 'NLHRed33' 6-max Seat #2 is the button
Seat 1: d6be32eb ($11.2 in chips)
Seat 2: 8ff4a027 ($29.04 in chips)
Seat 3: 514d5b03 ($10.28 in chips)
Seat 4: Hero ($10.11 in chips)
Seat 5: 3c6872d2 ($20.38 in chips)
Seat 6: 5e4ae9c3 ($14.67 in chips)
514d5b03: posts small blind $0.05
Hero: posts big blind $0.1
*** HOLE CARDS ***
Dealt to d6be32eb 
Dealt to 8ff4a027 
Dealt to 514d5b03 
Dealt to Hero [9c 6s]
Dealt to 3c6872d2 
Dealt to 5e4ae9c3 
3c6872d2: folds
5e4ae9c3: folds
d6be32eb: folds
8ff4a027: folds
514d5b03: folds
Uncalled bet ($0.05) returned to Hero
*** SHOWDOWN ***
Hero collected $0.1 from pot
*** SUMMARY ***
Total pot $0.1 | Rake $0 | Jackpot $0 | Bingo $0 | Fortune $0 | Tax $0
Seat 1: d6be32eb folded before Flop (didn't bet)
Seat 2: 8ff4a027 (button) folded before Flop (didn't bet)
Seat 3: 514d5b03 (small blind) folded before Flop
Seat 4: Hero (big blind) collected ($0.1)
Seat 5: 3c6872d2 folded before Flop (didn't bet)
Seat 6: 5e4ae9c3 folded before Flop (didn't bet)


Poker Hand #HD1852564276: Hold'em No Limit ($0.05/$0.1) - 2024/07/11 16:27:34
Table 'NLHRed33' 6-max Seat #1 is the button
Seat 1: d6be32eb ($11.2 in chips)
Seat 2: 8ff4a027 ($29.09 in chips)
Seat 3: 514d5b03 ($10 in chips)
Seat 4: Hero ($10.11 in chips)
Seat 5: 3c6872d2 ($20.38 in chips)
Seat 6: 5e4ae9c3 ($14.92 in chips)
8ff4a027: posts small blind $0.05
514d5b03: posts big blind $0.1
*** HOLE CARDS ***
Dealt to d6be32eb 
Dealt to 8ff4a027 
Dealt to 514d5b03 
Dealt to Hero [Ad 4s]
Dealt to 3c6872d2 
Dealt to 5e4ae9c3 
Hero: folds
3c6872d2: folds
5e4ae9c3: raises $0.15 to $0.25
d6be32eb: folds
8ff4a027: folds
514d5b03: raises $0.69 to $0.94
5e4ae9c3: folds
Uncalled bet ($0.69) returned to 514d5b03
*** SHOWDOWN ***
514d5b03 collected $0.53 from pot
*** SUMMARY ***
Total pot $0.55 | Rake $0.02 | Jackpot $0 | Bingo $0 | Fortune $0 | Tax $0
Seat 1: d6be32eb (button) folded before Flop (didn't bet)
Seat 2: 8ff4a027 (small blind) folded before Flop
Seat 3: 514d5b03 (big blind) collected ($0.53)
Seat 4: Hero folded before Flop (didn't bet)
Seat 5: 3c6872d2 folded before Flop (didn't bet)
Seat 6: 5e4ae9c3 folded before Flop


Poker Hand #HD1852564116: Hold'em No Limit ($0.05/$0.1) - 2024/07/11 16:26:23
Table 'NLHRed33' 6-max Seat #6 is the button
Seat 1: d6be32eb ($10.2 in chips)
Seat 2: 8ff4a027 ($29.19 in chips)
Seat 4: Hero ($10.11 in chips)
Seat 5: 3c6872d2 ($20.38 in chips)
Seat 6: 5e4ae9c3 ($15.92 in chips)
d6be32eb: posts small blind $0.05
8ff4a027: posts big blind $0.1
*** HOLE CARDS ***
Dealt to d6be32eb 
Dealt to 8ff4a027 
Dealt to Hero [9s 2d]
Dealt to 3c6872d2 
Dealt to 5e4ae9c3 
Hero: folds
3c6872d2: folds
5e4ae9c3: raises $0.17 to $0.27
d6be32eb: raises $0.73 to $1
8ff4a027: folds
5e4ae9c3: calls $0.73
*** FLOP *** [2h Qh 6h]
d6be32eb: bets $1.1
5e4ae9c3: folds
Uncalled bet ($1.1) returned to d6be32eb
*** SHOWDOWN ***
d6be32eb collected $2 from pot
*** SUMMARY ***
Total pot $2.1 | Rake $0.1 | Jackpot $0 | Bingo $0 | Fortune $0 | Tax $0
Board [2h Qh 6h]
Seat 1: d6be32eb (small blind) won ($2)
Seat 2: 8ff4a027 (big blind) folded before Flop
Seat 4: Hero folded before Flop (didn't bet)
Seat 5: 3c6872d2 folded before Flop (didn't bet)
Seat 6: 5e4ae9c3 (button) folded on the Flop


Poker Hand #HD1852564064: Hold'em No Limit ($0.05/$0.1) - 2024/07/11 16:26:02
Table 'NLHRed33' 6-max Seat #5 is the button
Seat 1: d6be32eb ($10.3 in chips)
Seat 2: 8ff4a027 ($29.19 in chips)
Seat 4: Hero ($10.11 in chips)
Seat 5: 3c6872d2 ($20.38 in chips)
Seat 6: 5e4ae9c3 ($15.82 in chips)
5e4ae9c3: posts small blind $0.05
d6be32eb: posts big blind $0.1
*** HOLE CARDS ***
Dealt to d6be32eb 
Dealt to 8ff4a027 
Dealt to Hero [Kh 3s]
Dealt to 3c6872d2 
Dealt to 5e4ae9c3 
8ff4a027: folds
Hero: folds
3c6872d2: folds
5e4ae9c3: raises $0.23 to $0.33
d6be32eb: folds
Uncalled bet ($0.23) returned to 5e4ae9c3
*** SHOWDOWN ***
5e4ae9c3 collected $0.2 from pot
*** SUMMARY ***
Total pot $0.2 | Rake $0 | Jackpot $0 | Bingo $0 | Fortune $0 | Tax $0
Seat 1: d6be32eb (big blind) folded before Flop
Seat 2: 8ff4a027 folded before Flop (didn't bet)
Seat 4: Hero folded before Flop (didn't bet)
Seat 5: 3c6872d2 (button) folded before Flop (didn't bet)
Seat 6: 5e4ae9c3 (small blind) collected ($0.2)


Poker Hand #HD1852564027: Hold'em No Limit ($0.05/$0.1) - 2024/07/11 16:25:45
Table 'NLHRed33' 6-max Seat #4 is the button
Seat 1: d6be32eb ($10.3 in chips)
Seat 2: 8ff4a027 ($29.19 in chips)
Seat 4: Hero ($10.11 in chips)
Seat 5: 3c6872d2 ($20.43 in chips)
Seat 6: 5e4ae9c3 ($15.77 in chips)
3c6872d2: posts small blind $0.05
5e4ae9c3: posts big blind $0.1
*** HOLE CARDS ***
Dealt to d6be32eb 
Dealt to 8ff4a027 
Dealt to Hero [2s 8c]
Dealt to 3c6872d2 
Dealt to 5e4ae9c3 
d6be32eb: folds
8ff4a027: folds
Hero: folds
3c6872d2: folds
Uncalled bet ($0.05) returned to 5e4ae9c3
*** SHOWDOWN ***
5e4ae9c3 collected $0.1 from pot
*** SUMMARY ***
Total pot $0.1 | Rake $0 | Jackpot $0 | Bingo $0 | Fortune $0 | Tax $0
Seat 1: d6be32eb folded before Flop (didn't bet)
Seat 2: 8ff4a027 folded before Flop (didn't bet)
Seat 4: Hero (button) folded before Flop (didn't bet)
Seat 5: 3c6872d2 (small blind) folded before Flop
Seat 6: 5e4ae9c3 (big blind) collected ($0.1)


Poker Hand #HD1852563986: Hold'em No Limit ($0.05/$0.1) - 2024/07/11 16:25:25
Table 'NLHRed33' 6-max Seat #2 is the button
Seat 1: d6be32eb ($10.3 in chips)
Seat 2: 8ff4a027 ($29.04 in chips)
Seat 4: Hero ($10.16 in chips)
Seat 5: 3c6872d2 ($20.53 in chips)
Seat 6: 5e4ae9c3 ($15.77 in chips)
Hero: posts small blind $0.05
3c6872d2: posts big blind $0.1
*** HOLE CARDS ***
Dealt to d6be32eb 
Dealt to 8ff4a027 
Dealt to Hero [Tc 7h]
Dealt to 3c6872d2 
Dealt to 5e4ae9c3 
5e4ae9c3: folds
d6be32eb: folds
8ff4a027: raises $0.15 to $0.25
Hero: folds
3c6872d2: folds
Uncalled bet ($0.15) returned to 8ff4a027
*** SHOWDOWN ***
8ff4a027 collected $0.25 from pot
*** SUMMARY ***
Total pot $0.25 | Rake $0 | Jackpot $0 | Bingo $0 | Fortune $0 | Tax $0
Seat 1: d6be32eb folded before Flop (didn't bet)
Seat 2: 8ff4a027 (button) collected ($0.25)
Seat 4: Hero (small blind) folded before Flop
Seat 5: 3c6872d2 (big blind) folded before Flop
Seat 6: 5e4ae9c3 folded before Flop (didn't bet)


Poker Hand #HD1852563925: Hold'em No Limit ($0.05/$0.1) - 2024/07/11 16:25:02
Table 'NLHRed33' 6-max Seat #1 is the button
Seat 1: d6be32eb ($10.3 in chips)
Seat 2: 8ff4a027 ($29.09 in chips)
Seat 4: Hero ($10.11 in chips)
Seat 5: 3c6872d2 ($20.53 in chips)
Seat 6: 5e4ae9c3 ($15.77 in chips)
8ff4a027: posts small blind $0.05
Hero: posts big blind $0.1
*** HOLE CARDS ***
Dealt to d6be32eb 
Dealt to 8ff4a027 
Dealt to Hero [5d 7c]
Dealt to 3c6872d2 
Dealt to 5e4ae9c3 
3c6872d2: folds
5e4ae9c3: folds
d6be32eb: folds
8ff4a027: folds
Uncalled bet ($0.05) returned to Hero
*** SHOWDOWN ***
Hero collected $0.1 from pot
*** SUMMARY ***
Total pot $0.1 | Rake $0 | Jackpot $0 | Bingo $0 | Fortune $0 | Tax $0
Seat 1: d6be32eb (button) folded before Flop (didn't bet)
Seat 2: 8ff4a027 (small blind) folded before Flop
Seat 4: Hero (big blind) collected ($0.1)
Seat 5: 3c6872d2 folded before Flop (didn't bet)
Seat 6: 5e4ae9c3 folded before Flop (didn't bet)


Poker Hand #HD1852563898: Hold'em No Limit ($0.05/$0.1) - 2024/07/11 16:24:51
Table 'NLHRed33' 6-max Seat #6 is the button
Seat 1: d6be32eb ($10.35 in chips)
Seat 2: 8ff4a027 ($29.04 in chips)
Seat 4: Hero ($10.11 in chips)
Seat 5: 3c6872d2 ($20.53 in chips)
Seat 6: 5e4ae9c3 ($15.77 in chips)
d6be32eb: posts small blind $0.05
8ff4a027: posts big blind $0.1
*** HOLE CARDS ***
Dealt to d6be32eb 
Dealt to 8ff4a027 
Dealt to Hero [9s 4h]
Dealt to 3c6872d2 
Dealt to 5e4ae9c3 
Hero: folds
3c6872d2: folds
5e4ae9c3: folds
d6be32eb: folds
Uncalled bet ($0.05) returned to 8ff4a027
*** SHOWDOWN ***
8ff4a027 collected $0.1 from pot
*** SUMMARY ***
Total pot $0.1 | Rake $0 | Jackpot $0 | Bingo $0 | Fortune $0 | Tax $0
Seat 1: d6be32eb (small blind) folded before Flop
Seat 2: 8ff4a027 (big blind) collected ($0.1)
Seat 4: Hero folded before Flop (didn't bet)
Seat 5: 3c6872d2 folded before Flop (didn't bet)
Seat 6: 5e4ae9c3 (button) folded before Flop (didn't bet)


Poker Hand #HD1852563671: Hold'em No Limit ($0.05/$0.1) - 2024/07/11 16:23:04
Table 'NLHRed33' 6-max Seat #5 is the button
Seat 1: d6be32eb ($10.45 in chips)
Seat 2: 8ff4a027 ($29.04 in chips)
Seat 3: 78ce1756 ($12.17 in chips)
Seat 4: Hero ($10.11 in chips)
Seat 5: 3c6872d2 ($11.09 in chips)
Seat 6: 5e4ae9c3 ($15.82 in chips)
5e4ae9c3: posts small blind $0.05
d6be32eb: posts big blind $0.1
*** HOLE CARDS ***
Dealt to d6be32eb 
Dealt to 8ff4a027 
Dealt to 78ce1756 
Dealt to Hero [5c 2c]
Dealt to 3c6872d2 
Dealt to 5e4ae9c3 
8ff4a027: folds
78ce1756: raises $0.15 to $0.25
Hero: folds
3c6872d2: raises $0.55 to $0.8
5e4ae9c3: folds
d6be32eb: folds
78ce1756: calls $0.55
*** FLOP *** [As Th 4c]
78ce1756: checks
3c6872d2: bets $0.74
78ce1756: calls $0.74
*** TURN *** [As Th 4c] [4h]
78ce1756: checks
3c6872d2: bets $2.62
78ce1756: raises $8.01 to $10.63 and is all-in
3c6872d2: calls $6.93 and is all-in
Uncalled bet ($1.08) returned to 78ce1756
78ce1756: shows [Ks Kd] (Pair of Kings and Pair of Fours)
3c6872d2: shows [Ad Kh] (Pair of Aces and Pair of Fours)
3c6872d2: Chooses to EV Cashout 
*** RIVER *** [As Th 4c 4h] [3s]
3c6872d2: Pays Cashout Risk ($0.7)
*** SHOWDOWN ***
3c6872d2 collected $21.23 from pot
*** SUMMARY ***
Total pot $22.33 | Rake $1 | Jackpot $0.1 | Bingo $0 | Fortune $0 | Tax $0
Board [As Th 4c 4h 3s]
Seat 1: d6be32eb (big blind) folded before Flop
Seat 2: 8ff4a027 folded before Flop (didn't bet)
Seat 3: 78ce1756 showed [Ks Kd] and lost with Pair of Kings and Pair of Fours
Seat 4: Hero folded before Flop (didn't bet)
Seat 5: 3c6872d2 (button) showed [Ad Kh] and won ($21.23) with Pair of Aces and Pair of Fours, Cashout Risk ($0.7)
Seat 6: 5e4ae9c3 (small blind) folded before Flop


Poker Hand #HD1852563616: Hold'em No Limit ($0.05/$0.1) - 2024/07/11 16:22:41
Table 'NLHRed33' 6-max Seat #4 is the button
Seat 1: d6be32eb ($10.45 in chips)
Seat 2: 8ff4a027 ($29.04 in chips)
Seat 3: 78ce1756 ($12.17 in chips)
Seat 4: Hero ($10.11 in chips)
Seat 5: 3c6872d2 ($10.99 in chips)
Seat 6: 5e4ae9c3 ($15.92 in chips)
3c6872d2: posts small blind $0.05
5e4ae9c3: posts big blind $0.1
*** HOLE CARDS ***
Dealt to d6be32eb 
Dealt to 8ff4a027 
Dealt to 78ce1756 
Dealt to Hero [3h 9d]
Dealt to 3c6872d2 
Dealt to 5e4ae9c3 
d6be32eb: folds
8ff4a027: folds
78ce1756: folds
Hero: folds
3c6872d2: raises $0.15 to $0.25
5e4ae9c3: folds
Uncalled bet ($0.15) returned to 3c6872d2
*** SHOWDOWN ***
3c6872d2 collected $0.2 from pot
*** SUMMARY ***
Total pot $0.2 | Rake $0 | Jackpot $0 | Bingo $0 | Fortune $0 | Tax $0
Seat 1: d6be32eb folded before Flop (didn't bet)
Seat 2: 8ff4a027 folded before Flop (didn't bet)
Seat 3: 78ce1756 folded before Flop (didn't bet)
Seat 4: Hero (button) folded before Flop (didn't bet)
Seat 5: 3c6872d2 (small blind) collected ($0.2)
Seat 6: 5e4ae9c3 (big blind) folded before Flop


Poker Hand #HD1852563576: Hold'em No Limit ($0.05/$0.1) - 2024/07/11 16:22:24
Table 'NLHRed33' 6-max Seat #3 is the button
Seat 1: d6be32eb ($10.45 in chips)
Seat 2: 8ff4a027 ($28.89 in chips)
Seat 3: 78ce1756 ($12.17 in chips)
Seat 4: Hero ($10.16 in chips)
Seat 5: 3c6872d2 ($11.09 in chips)
Seat 6: 5e4ae9c3 ($15.92 in chips)
Hero: posts small blind $0.05
3c6872d2: posts big blind $0.1
*** HOLE CARDS ***
Dealt to d6be32eb 
Dealt to 8ff4a027 
Dealt to 78ce1756 
Dealt to Hero [8c 5s]
Dealt to 3c6872d2 
Dealt to 5e4ae9c3 
5e4ae9c3: folds
d6be32eb: folds
8ff4a027: raises $0.15 to $0.25
78ce1756: folds
Hero: folds
3c6872d2: folds
Uncalled bet ($0.15) returned to 8ff4a027
*** SHOWDOWN ***
8ff4a027 collected $0.25 from pot
*** SUMMARY ***
Total pot $0.25 | Rake $0 | Jackpot $0 | Bingo $0 | Fortune $0 | Tax $0
Seat 1: d6be32eb folded before Flop (didn't bet)
Seat 2: 8ff4a027 collected ($0.25)
Seat 3: 78ce1756 (button) folded before Flop (didn't bet)
Seat 4: Hero (small blind) folded before Flop
Seat 5: 3c6872d2 (big blind) folded before Flop
Seat 6: 5e4ae9c3 folded before Flop (didn't bet)


Poker Hand #HD1852563467: Hold'em No Limit ($0.05/$0.1) - 2024/07/11 16:21:34
Table 'NLHRed33' 6-max Seat #2 is the button
Seat 1: d6be32eb ($10 in chips)
Seat 2: 8ff4a027 ($28.89 in chips)
Seat 3: 78ce1756 ($12.22 in chips)
Seat 4: Hero ($10.6 in chips)
Seat 5: 3c6872d2 ($11.09 in chips)
Seat 6: 5e4ae9c3 ($15.92 in chips)
78ce1756: posts small blind $0.05
Hero: posts big blind $0.1
*** HOLE CARDS ***
Dealt to d6be32eb 
Dealt to 8ff4a027 
Dealt to 78ce1756 
Dealt to Hero [4d 4h]
Dealt to 3c6872d2 
Dealt to 5e4ae9c3 
3c6872d2: folds
5e4ae9c3: folds
d6be32eb: raises $0.15 to $0.25
8ff4a027: folds
78ce1756: folds
Hero: calls $0.15
*** FLOP *** [6s 2s Ad]
Hero: checks
d6be32eb: bets $0.19
Hero: calls $0.19
*** TURN *** [6s 2s Ad] [Jd]
Hero: checks
d6be32eb: bets $1.5
Hero: folds
Uncalled bet ($1.5) returned to d6be32eb
*** SHOWDOWN ***
d6be32eb collected $0.89 from pot
*** SUMMARY ***
Total pot $0.93 | Rake $0.04 | Jackpot $0 | Bingo $0 | Fortune $0 | Tax $0
Board [6s 2s Ad Jd]
Seat 1: d6be32eb won ($0.89)
Seat 2: 8ff4a027 (button) folded before Flop (didn't bet)
Seat 3: 78ce1756 (small blind) folded before Flop
Seat 4: Hero (big blind) folded on the Turn
Seat 5: 3c6872d2 folded before Flop (didn't bet)
Seat 6: 5e4ae9c3 folded before Flop (didn't bet)


Poker Hand #HD1852563367: Hold'em No Limit ($0.05/$0.1) - 2024/07/11 16:20:47
Table 'NLHRed33' 6-max Seat #1 is the button
Seat 1: d6be32eb ($10 in chips)
Seat 2: 8ff4a027 ($28.94 in chips)
Seat 3: 78ce1756 ($12.42 in chips)
Seat 4: Hero ($10.37 in chips)
Seat 5: 3c6872d2 ($11.09 in chips)
Seat 6: 5e4ae9c3 ($15.92 in chips)
8ff4a027: posts small blind $0.05
78ce1756: posts big blind $0.1
*** HOLE CARDS ***
Dealt to d6be32eb 
Dealt to 8ff4a027 
Dealt to 78ce1756 
Dealt to Hero [Ks Jh]
Dealt to 3c6872d2 
Dealt to 5e4ae9c3 
Hero: raises $0.1 to $0.2
3c6872d2: folds
5e4ae9c3: folds
d6be32eb: folds
8ff4a027: folds
78ce1756: calls $0.1
*** FLOP *** [3c 6d Ac]
78ce1756: checks
Hero: bets $0.15
78ce1756: folds
Uncalled bet ($0.15) returned to Hero
*** SHOWDOWN ***
Hero collected $0.43 from pot
*** SUMMARY ***
Total pot $0.45 | Rake $0.02 | Jackpot $0 | Bingo $0 | Fortune $0 | Tax $0
Board [3c 6d Ac]
Seat 1: d6be32eb (button) folded before Flop (didn't bet)
Seat 2: 8ff4a027 (small blind) folded before Flop
Seat 3: 78ce1756 (big blind) folded on the Flop
Seat 4: Hero won ($0.43)
Seat 5: 3c6872d2 folded before Flop (didn't bet)
Seat 6: 5e4ae9c3 folded before Flop (didn't bet)


Poker Hand #HD1852563332: Hold'em No Limit ($0.05/$0.1) - 2024/07/11 16:20:32
Table 'NLHRed33' 6-max Seat #6 is the button
Seat 1: d6be32eb ($10 in chips)
Seat 2: 8ff4a027 ($29.04 in chips)
Seat 3: 78ce1756 ($12.27 in chips)
Seat 4: Hero ($10.37 in chips)
Seat 5: 3c6872d2 ($11.09 in chips)
Seat 6: 5e4ae9c3 ($15.92 in chips)
d6be32eb: posts small blind $0.05
8ff4a027: posts big blind $0.1
*** HOLE CARDS ***
Dealt to d6be32eb 
Dealt to 8ff4a027 
Dealt to 78ce1756 
Dealt to Hero [3c 4h]
Dealt to 3c6872d2 
Dealt to 5e4ae9c3 
78ce1756: raises $0.15 to $0.25
Hero: folds
3c6872d2: folds
5e4ae9c3: folds
d6be32eb: folds
8ff4a027: folds
Uncalled bet ($0.15) returned to 78ce1756
*** SHOWDOWN ***
78ce1756 collected $0.25 from pot
*** SUMMARY ***
Total pot $0.25 | Rake $0 | Jackpot $0 | Bingo $0 | Fortune $0 | Tax $0
Seat 1: d6be32eb (small blind) folded before Flop
Seat 2: 8ff4a027 (big blind) folded before Flop
Seat 3: 78ce1756 collected ($0.25)
Seat 4: Hero folded before Flop (didn't bet)
Seat 5: 3c6872d2 folded before Flop (didn't bet)
Seat 6: 5e4ae9c3 (button) folded before Flop (didn't bet)


Poker Hand #HD1852563225: Hold'em No Limit ($0.05/$0.1) - 2024/07/11 16:19:42
Table 'NLHRed33' 6-max Seat #5 is the button
Seat 1: d6be32eb ($10 in chips)
Seat 2: 8ff4a027 ($29.04 in chips)
Seat 3: 78ce1756 ($13.07 in chips)
Seat 4: Hero ($10.37 in chips)
Seat 5: 3c6872d2 ($10.22 in chips)
Seat 6: 5e4ae9c3 ($15.97 in chips)
5e4ae9c3: posts small blind $0.05
d6be32eb: posts big blind $0.1
*** HOLE CARDS ***
Dealt to d6be32eb 
Dealt to 8ff4a027 
Dealt to 78ce1756 
Dealt to Hero [Ah 6d]
Dealt to 3c6872d2 
Dealt to 5e4ae9c3 
8ff4a027: folds
78ce1756: raises $0.15 to $0.25
Hero: folds
3c6872d2: raises $0.55 to $0.8
5e4ae9c3: folds
d6be32eb: folds
78ce1756: calls $0.55
*** FLOP *** [6c 4h Qh]
78ce1756: checks
3c6872d2: bets $1
78ce1756: folds
Uncalled bet ($1) returned to 3c6872d2
*** SHOWDOWN ***
3c6872d2 collected $1.67 from pot
*** SUMMARY ***
Total pot $1.75 | Rake $0.08 | Jackpot $0 | Bingo $0 | Fortune $0 | Tax $0
Board [6c 4h Qh]
Seat 1: d6be32eb (big blind) folded before Flop
Seat 2: 8ff4a027 folded before Flop (didn't bet)
Seat 3: 78ce1756 folded on the Flop
Seat 4: Hero folded before Flop (didn't bet)
Seat 5: 3c6872d2 (button) won ($1.67)
Seat 6: 5e4ae9c3 (small blind) folded before Flop


Poker Hand #HD1852563149: Hold'em No Limit ($0.05/$0.1) - 2024/07/11 16:19:07
Table 'NLHRed33' 6-max Seat #4 is the button
Seat 1: d6be32eb ($10 in chips)
Seat 2: 8ff4a027 ($29.04 in chips)
Seat 3: 78ce1756 ($13.07 in chips)
Seat 4: Hero ($10 in chips)
Seat 5: 3c6872d2 ($10.27 in chips)
Seat 6: 5e4ae9c3 ($16.07 in chips)
3c6872d2: posts small blind $0.05
5e4ae9c3: posts big blind $0.1
*** HOLE CARDS ***
Dealt to d6be32eb 
Dealt to 8ff4a027 
Dealt to 78ce1756 
Dealt to Hero [Ah Qd]
Dealt to 3c6872d2 
Dealt to 5e4ae9c3 
d6be32eb: raises $0.15 to $0.25
8ff4a027: folds
78ce1756: folds
Hero: raises $0.55 to $0.8
3c6872d2: folds
5e4ae9c3: folds
d6be32eb: folds
Uncalled bet ($0.55) returned to Hero
*** SHOWDOWN ***
Hero collected $0.62 from pot
*** SUMMARY ***
Total pot $0.65 | Rake $0.03 | Jackpot $0 | Bingo $0 | Fortune $0 | Tax $0
Seat 1: d6be32eb folded before Flop
Seat 2: 8ff4a027 folded before Flop (didn't bet)
Seat 3: 78ce1756 folded before Flop (didn't bet)
Seat 4: Hero (button) collected ($0.62)
Seat 5: 3c6872d2 (small blind) folded before Flop
Seat 6: 5e4ae9c3 (big blind) folded before Flop


Poker Hand #HD1852563090: Hold'em No Limit ($0.05/$0.1) - 2024/07/11 16:18:37
Table 'NLHRed33' 6-max Seat #3 is the button
Seat 1: d6be32eb ($10 in chips)
Seat 2: 8ff4a027 ($29.04 in chips)
Seat 3: 78ce1756 ($13.07 in chips)
Seat 4: Hero ($10 in chips)
Seat 5: 3c6872d2 ($10 in chips)
Seat 6: 5e4ae9c3 ($16.07 in chips)
Hero: posts small blind $0.05
3c6872d2: posts big blind $0.1
*** HOLE CARDS ***
Dealt to d6be32eb 
Dealt to 8ff4a027 
Dealt to 78ce1756 
Dealt to Hero [6c Tc]
Dealt to 3c6872d2 
Dealt to 5e4ae9c3 
5e4ae9c3: folds
d6be32eb: folds
8ff4a027: folds
78ce1756: folds
Hero: raises $0.2 to $0.3
3c6872d2: raises $0.6 to $0.9
Hero: folds
Uncalled bet ($0.6) returned to 3c6872d2
*** SHOWDOWN ***
3c6872d2 collected $0.57 from pot
*** SUMMARY ***
Total pot $0.6 | Rake $0.03 | Jackpot $0 | Bingo $0 | Fortune $0 | Tax $0
Seat 1: d6be32eb folded before Flop (didn't bet)
Seat 2: 8ff4a027 folded before Flop (didn't bet)
Seat 3: 78ce1756 (button) folded before Flop (didn't bet)
Seat 4: Hero (small blind) folded before Flop
Seat 5: 3c6872d2 (big blind) collected ($0.57)
Seat 6: 5e4ae9c3 folded before Flop (didn't bet)


Poker Hand #HD1852563046: Hold'em No Limit ($0.05/$0.1) - 2024/07/11 16:18:22
Table 'NLHRed33' 6-max Seat #2 is the button
Seat 1: d6be32eb ($10 in chips)
Seat 2: 8ff4a027 ($29.04 in chips)
Seat 3: 78ce1756 ($13.12 in chips)
Seat 4: Hero ($10 in chips)
Seat 5: 3c6872d2 ($10 in chips)
Seat 6: 5e4ae9c3 ($15.92 in chips)
78ce1756: posts small blind $0.05
Hero: posts big blind $0.1
*** HOLE CARDS ***
Dealt to d6be32eb 
Dealt to 8ff4a027 
Dealt to 78ce1756 
Dealt to Hero [Js 3d]
Dealt to 3c6872d2 
Dealt to 5e4ae9c3 
3c6872d2: folds
5e4ae9c3: raises $0.13 to $0.23
d6be32eb: folds
8ff4a027: folds
78ce1756: folds
Hero: folds
Uncalled bet ($0.13) returned to 5e4ae9c3
*** SHOWDOWN ***
5e4ae9c3 collected $0.25 from pot
*** SUMMARY ***
Total pot $0.25 | Rake $0 | Jackpot $0 | Bingo $0 | Fortune $0 | Tax $0
Seat 1: d6be32eb folded before Flop (didn't bet)
Seat 2: 8ff4a027 (button) folded before Flop (didn't bet)
Seat 3: 78ce1756 (small blind) folded before Flop
Seat 4: Hero (big blind) folded before Flop
Seat 5: 3c6872d2 folded before Flop (didn't bet)
Seat 6: 5e4ae9c3 collected ($0.25)


Poker Hand #HD1852562869: Hold'em No Limit ($0.05/$0.1) - 2024/07/11 16:17:05
Table 'NLHRed33' 6-max Seat #1 is the button
Seat 1: d6be32eb ($10 in chips)
Seat 2: 8ff4a027 ($29.09 in chips)
Seat 3: 78ce1756 ($12.72 in chips)
Seat 4: Hero ($10 in chips)
Seat 5: 3c6872d2 ($10 in chips)
Seat 6: 5e4ae9c3 ($16.31 in chips)
8ff4a027: posts small blind $0.05
78ce1756: posts big blind $0.1
*** HOLE CARDS ***
Dealt to d6be32eb 
Dealt to 8ff4a027 
Dealt to 78ce1756 
Dealt to Hero [7c 5c]
Dealt to 3c6872d2 
Dealt to 5e4ae9c3 
Hero: folds
3c6872d2: folds
5e4ae9c3: raises $0.15 to $0.25
d6be32eb: folds
8ff4a027: folds
78ce1756: calls $0.15
*** FLOP *** [6s Qc 8h]
78ce1756: checks
5e4ae9c3: bets $0.14
78ce1756: calls $0.14
*** TURN *** [6s Qc 8h] [Ts]
78ce1756: checks
5e4ae9c3: checks
*** RIVER *** [6s Qc 8h Ts] [Th]
78ce1756: checks
5e4ae9c3: checks
78ce1756: shows [Js 8d] (Pair of Tens and Pair of Eights)
5e4ae9c3: shows [2h 2c] (Pair of Tens and Pair of Twos)
*** SHOWDOWN ***
78ce1756 collected $0.79 from pot
*** SUMMARY ***
Total pot $0.83 | Rake $0.04 | Jackpot $0 | Bingo $0 | Fortune $0 | Tax $0
Board [6s Qc 8h Ts Th]
Seat 1: d6be32eb (button) folded before Flop (didn't bet)
Seat 2: 8ff4a027 (small blind) folded before Flop
Seat 3: 78ce1756 (big blind) showed [Js 8d] and won ($0.79) with Pair of Tens and Pair of Eights
Seat 4: Hero folded before Flop (didn't bet)
Seat 5: 3c6872d2 folded before Flop (didn't bet)
Seat 6: 5e4ae9c3 showed [2h 2c] and lost with Pair of Tens and Pair of Twos


Poker Hand #HD1852562849: Hold'em No Limit ($0.05/$0.1) - 2024/07/11 16:16:53
Table 'NLHRed33' 6-max Seat #6 is the button
Seat 1: d6be32eb ($10.05 in chips)
Seat 2: 8ff4a027 ($29.19 in chips)
Seat 3: 78ce1756 ($12.57 in chips)
Seat 4: Hero ($10 in chips)
Seat 5: 3c6872d2 ($10 in chips)
Seat 6: 5e4ae9c3 ($16.31 in chips)
d6be32eb: posts small blind $0.05
8ff4a027: posts big blind $0.1
*** HOLE CARDS ***
Dealt to d6be32eb 
Dealt to 8ff4a027 
Dealt to 78ce1756 
Dealt to Hero [Kd 9h]
Dealt to 3c6872d2 
Dealt to 5e4ae9c3 
78ce1756: raises $0.15 to $0.25
Hero: folds
3c6872d2: folds
5e4ae9c3: folds
d6be32eb: folds
8ff4a027: folds
Uncalled bet ($0.15) returned to 78ce1756
*** SHOWDOWN ***
78ce1756 collected $0.25 from pot
*** SUMMARY ***
Total pot $0.25 | Rake $0 | Jackpot $0 | Bingo $0 | Fortune $0 | Tax $0
Seat 1: d6be32eb (small blind) folded before Flop
Seat 2: 8ff4a027 (big blind) folded before Flop
Seat 3: 78ce1756 collected ($0.25)
Seat 4: Hero folded before Flop (didn't bet)
Seat 5: 3c6872d2 folded before Flop (didn't bet)
Seat 6: 5e4ae9c3 (button) folded before Flop (didn't bet)


Poker Hand #HD1852562823: Hold'em No Limit ($0.05/$0.1) - 2024/07/11 16:16:41
Table 'NLHRed33' 6-max Seat #5 is the button
Seat 1: d6be32eb ($10 in chips)
Seat 2: 8ff4a027 ($29.19 in chips)
Seat 3: 78ce1756 ($12.57 in chips)
Seat 4: Hero ($10 in chips)
Seat 5: 3c6872d2 ($10 in chips)
Seat 6: 5e4ae9c3 ($16.36 in chips)
5e4ae9c3: posts small blind $0.05
d6be32eb: posts big blind $0.1
*** HOLE CARDS ***
Dealt to d6be32eb 
Dealt to 8ff4a027 
Dealt to 78ce1756 
Dealt to Hero [Qd 5c]
Dealt to 3c6872d2 
Dealt to 5e4ae9c3 
8ff4a027: folds
78ce1756: folds
Hero: folds
3c6872d2: folds
5e4ae9c3: folds
Uncalled bet ($0.05) returned to d6be32eb
*** SHOWDOWN ***
d6be32eb collected $0.1 from pot
*** SUMMARY ***
Total pot $0.1 | Rake $0 | Jackpot $0 | Bingo $0 | Fortune $0 | Tax $0
Seat 1: d6be32eb (big blind) collected ($0.1)
Seat 2: 8ff4a027 folded before Flop (didn't bet)
Seat 3: 78ce1756 folded before Flop (didn't bet)
Seat 4: Hero folded before Flop (didn't bet)
Seat 5: 3c6872d2 (button) folded before Flop (didn't bet)
Seat 6: 5e4ae9c3 (small blind) folded before Flop


Poker Hand #HD1852562655: Hold'em No Limit ($0.05/$0.1) - 2024/07/11 16:15:27
Table 'NLHRed33' 6-max Seat #4 is the button
Seat 1: d6be32eb ($10 in chips)
Seat 2: 8ff4a027 ($29.19 in chips)
Seat 3: 78ce1756 ($12.57 in chips)
Seat 4: Hero ($10.79 in chips)
Seat 5: 3c6872d2 ($10 in chips)
Seat 6: 5e4ae9c3 ($14.24 in chips)
3c6872d2: posts small blind $0.05
5e4ae9c3: posts big blind $0.1
*** HOLE CARDS ***
Dealt to d6be32eb 
Dealt to 8ff4a027 
Dealt to 78ce1756 
Dealt to Hero [Qh Jh]
Dealt to 3c6872d2 
Dealt to 5e4ae9c3 
d6be32eb: folds
8ff4a027: folds
78ce1756: folds
Hero: raises $0.14 to $0.24
3c6872d2: folds
5e4ae9c3: raises $1.06 to $1.3
Hero: calls $1.06
*** FLOP *** [Jd Ts 3c]
5e4ae9c3: checks
Hero: bets $1.1
5e4ae9c3: calls $1.1
*** TURN *** [Jd Ts 3c] [As]
5e4ae9c3: checks
Hero: checks
*** RIVER *** [Jd Ts 3c As] [4h]
5e4ae9c3: checks
Hero: checks
5e4ae9c3: shows [Ad Qs] (Pair of Aces)
Hero: shows [Qh Jh] (Pair of Jacks)
*** SHOWDOWN ***
5e4ae9c3 collected $4.52 from pot
*** SUMMARY ***
Total pot $4.85 | Rake $0.23 | Jackpot $0.1 | Bingo $0 | Fortune $0 | Tax $0
Board [Jd Ts 3c As 4h]
Seat 1: d6be32eb folded before Flop (didn't bet)
Seat 2: 8ff4a027 folded before Flop (didn't bet)
Seat 3: 78ce1756 folded before Flop (didn't bet)
Seat 4: Hero (button) showed [Qh Jh] and lost with Pair of Jacks
Seat 5: 3c6872d2 (small blind) folded before Flop
Seat 6: 5e4ae9c3 (big blind) showed [Ad Qs] and won ($4.52) with Pair of Aces


Poker Hand #HD1852562580: Hold'em No Limit ($0.05/$0.1) - 2024/07/11 16:14:53
Table 'NLHRed33' 6-max Seat #3 is the button
Seat 1: d6be32eb ($10 in chips)
Seat 2: 8ff4a027 ($29.19 in chips)
Seat 3: 78ce1756 ($12.82 in chips)
Seat 4: Hero ($10.47 in chips)
Seat 5: 3c6872d2 ($10 in chips)
Seat 6: 5e4ae9c3 ($14.24 in chips)
Hero: posts small blind $0.05
3c6872d2: posts big blind $0.1
*** HOLE CARDS ***
Dealt to d6be32eb 
Dealt to 8ff4a027 
Dealt to 78ce1756 
Dealt to Hero [8h 8c]
Dealt to 3c6872d2 
Dealt to 5e4ae9c3 
5e4ae9c3: folds
d6be32eb: folds
8ff4a027: folds
78ce1756: raises $0.15 to $0.25
Hero: raises $0.85 to $1.1
3c6872d2: folds
78ce1756: folds
Uncalled bet ($0.85) returned to Hero
*** SHOWDOWN ***
Hero collected $0.57 from pot
*** SUMMARY ***
Total pot $0.6 | Rake $0.03 | Jackpot $0 | Bingo $0 | Fortune $0 | Tax $0
Seat 1: d6be32eb folded before Flop (didn't bet)
Seat 2: 8ff4a027 folded before Flop (didn't bet)
Seat 3: 78ce1756 (button) folded before Flop
Seat 4: Hero (small blind) collected ($0.57)
Seat 5: 3c6872d2 (big blind) folded before Flop
Seat 6: 5e4ae9c3 folded before Flop (didn't bet)


Poker Hand #HD1852562503: Hold'em No Limit ($0.05/$0.1) - 2024/07/11 16:14:18
Table 'NLHRed33' 6-max Seat #2 is the button
Seat 1: d6be32eb ($10 in chips)
Seat 2: 8ff4a027 ($29.19 in chips)
Seat 3: 78ce1756 ($13.07 in chips)
Seat 4: Hero ($10 in chips)
Seat 5: 3c6872d2 ($10 in chips)
Seat 6: 5e4ae9c3 ($14.24 in chips)
78ce1756: posts small blind $0.05
Hero: posts big blind $0.1
*** HOLE CARDS ***
Dealt to d6be32eb 
Dealt to 8ff4a027 
Dealt to 78ce1756 
Dealt to Hero [As Ac]
Dealt to 3c6872d2 
Dealt to 5e4ae9c3 
3c6872d2: raises $0.15 to $0.25
5e4ae9c3: folds
d6be32eb: folds
8ff4a027: folds
78ce1756: calls $0.2
Hero: raises $1.05 to $1.3
3c6872d2: folds
78ce1756: folds
Uncalled bet ($1.05) returned to Hero
*** SHOWDOWN ***
Hero collected $0.72 from pot
*** SUMMARY ***
Total pot $0.75 | Rake $0.03 | Jackpot $0 | Bingo $0 | Fortune $0 | Tax $0
Seat 1: d6be32eb folded before Flop (didn't bet)
Seat 2: 8ff4a027 (button) folded before Flop (didn't bet)
Seat 3: 78ce1756 (small blind) folded before Flop
Seat 4: Hero (big blind) collected ($0.72)
Seat 5: 3c6872d2 folded before Flop
Seat 6: 5e4ae9c3 folded before Flop (didn't bet)


Poker Hand #HD1852562396: Hold'em No Limit ($0.05/$0.1) - 2024/07/11 16:13:27
Table 'NLHRed33' 6-max Seat #1 is the button
Seat 1: d6be32eb ($10 in chips)
Seat 2: 8ff4a027 ($29.24 in chips)
Seat 3: 78ce1756 ($12.42 in chips)
Seat 4: Hero ($10 in chips)
Seat 5: 3c6872d2 ($10.33 in chips)
Seat 6: 5e4ae9c3 ($14.24 in chips)
8ff4a027: posts small blind $0.05
78ce1756: posts big blind $0.1
*** HOLE CARDS ***
Dealt to d6be32eb 
Dealt to 8ff4a027 
Dealt to 78ce1756 
Dealt to Hero [4c Th]
Dealt to 3c6872d2 
Dealt to 5e4ae9c3 
Hero: folds
3c6872d2: raises $0.15 to $0.25
5e4ae9c3: folds
d6be32eb: folds
8ff4a027: folds
78ce1756: raises $0.42 to $0.67
3c6872d2: calls $0.42
*** FLOP *** [Ks 8h 3h]
78ce1756: checks
3c6872d2: checks
*** TURN *** [Ks 8h 3h] [Jd]
78ce1756: checks
3c6872d2: checks
*** RIVER *** [Ks 8h 3h Jd] [Ah]
78ce1756: bets $0.8
3c6872d2: folds
Uncalled bet ($0.8) returned to 78ce1756
*** SHOWDOWN ***
78ce1756 collected $1.32 from pot
*** SUMMARY ***
Total pot $1.39 | Rake $0.07 | Jackpot $0 | Bingo $0 | Fortune $0 | Tax $0
Board [Ks 8h 3h Jd Ah]
Seat 1: d6be32eb (button) folded before Flop (didn't bet)
Seat 2: 8ff4a027 (small blind) folded before Flop
Seat 3: 78ce1756 (big blind) won ($1.32)
Seat 4: Hero folded before Flop (didn't bet)
Seat 5: 3c6872d2 folded on the River
Seat 6: 5e4ae9c3 folded before Flop (didn't bet)


Poker Hand #HD1852562322: Hold'em No Limit ($0.05/$0.1) - 2024/07/11 16:12:53
Table 'NLHRed33' 6-max Seat #6 is the button
Seat 1: d6be32eb ($10 in chips)
Seat 2: 8ff4a027 ($29.34 in chips)
Seat 3: 78ce1756 ($12.42 in chips)
Seat 4: Hero ($10.15 in chips)
Seat 5: 3c6872d2 ($10 in chips)
Seat 6: 5e4ae9c3 ($14.24 in chips)
d6be32eb: posts small blind $0.05
8ff4a027: posts big blind $0.1
*** HOLE CARDS ***
Dealt to d6be32eb 
Dealt to 8ff4a027 
Dealt to 78ce1756 
Dealt to Hero [9h Ah]
Dealt to 3c6872d2 
Dealt to 5e4ae9c3 
78ce1756: folds
Hero: raises $0.1 to $0.2
3c6872d2: raises $0.5 to $0.7
5e4ae9c3: folds
d6be32eb: folds
8ff4a027: folds
Hero: folds
Uncalled bet ($0.5) returned to 3c6872d2
*** SHOWDOWN ***
3c6872d2 collected $0.53 from pot
*** SUMMARY ***
Total pot $0.55 | Rake $0.02 | Jackpot $0 | Bingo $0 | Fortune $0 | Tax $0
Seat 1: d6be32eb (small blind) folded before Flop
Seat 2: 8ff4a027 (big blind) folded before Flop
Seat 3: 78ce1756 folded before Flop (didn't bet)
Seat 4: Hero folded before Flop
Seat 5: 3c6872d2 collected ($0.53)
Seat 6: 5e4ae9c3 (button) folded before Flop (didn't bet)


Poker Hand #HD1852562292: Hold'em No Limit ($0.05/$0.1) - 2024/07/11 16:12:39
Table 'NLHRed33' 6-max Seat #5 is the button
Seat 1: d6be32eb ($10 in chips)
Seat 2: 8ff4a027 ($29.19 in chips)
Seat 3: 78ce1756 ($12.42 in chips)
Seat 4: Hero ($10.15 in chips)
Seat 5: 3c6872d2 ($10 in chips)
Seat 6: 5e4ae9c3 ($14.29 in chips)
5e4ae9c3: posts small blind $0.05
d6be32eb: posts big blind $0.1
*** HOLE CARDS ***
Dealt to d6be32eb 
Dealt to 8ff4a027 
Dealt to 78ce1756 
Dealt to Hero [Td 8h]
Dealt to 3c6872d2 
Dealt to 5e4ae9c3 
8ff4a027: raises $0.15 to $0.25
78ce1756: folds
Hero: folds
3c6872d2: folds
5e4ae9c3: folds
d6be32eb: folds
Uncalled bet ($0.15) returned to 8ff4a027
*** SHOWDOWN ***
8ff4a027 collected $0.25 from pot
*** SUMMARY ***
Total pot $0.25 | Rake $0 | Jackpot $0 | Bingo $0 | Fortune $0 | Tax $0
Seat 1: d6be32eb (big blind) folded before Flop
Seat 2: 8ff4a027 collected ($0.25)
Seat 3: 78ce1756 folded before Flop (didn't bet)
Seat 4: Hero folded before Flop (didn't bet)
Seat 5: 3c6872d2 (button) folded before Flop (didn't bet)
Seat 6: 5e4ae9c3 (small blind) folded before Flop


Poker Hand #HD1852562234: Hold'em No Limit ($0.05/$0.1) - 2024/07/11 16:12:12
Table 'NLHRed33' 6-max Seat #4 is the button
Seat 1: d6be32eb ($10 in chips)
Seat 2: 8ff4a027 ($29.19 in chips)
Seat 3: 78ce1756 ($12.42 in chips)
Seat 4: Hero ($10 in chips)
Seat 5: 3c6872d2 ($10 in chips)
Seat 6: 5e4ae9c3 ($14.39 in chips)
3c6872d2: posts small blind $0.05
5e4ae9c3: posts big blind $0.1
*** HOLE CARDS ***
Dealt to d6be32eb 
Dealt to 8ff4a027 
Dealt to 78ce1756 
Dealt to Hero [Qs Ad]
Dealt to 3c6872d2 
Dealt to 5e4ae9c3 
d6be32eb: folds
8ff4a027: folds
78ce1756: folds
Hero: raises $0.14 to $0.24
3c6872d2: folds
5e4ae9c3: folds
Uncalled bet ($0.14) returned to Hero
*** SHOWDOWN ***
Hero collected $0.25 from pot
*** SUMMARY ***
Total pot $0.25 | Rake $0 | Jackpot $0 | Bingo $0 | Fortune $0 | Tax $0
Seat 1: d6be32eb folded before Flop (didn't bet)
Seat 2: 8ff4a027 folded before Flop (didn't bet)
Seat 3: 78ce1756 folded before Flop (didn't bet)
Seat 4: Hero (button) collected ($0.25)
Seat 5: 3c6872d2 (small blind) folded before Flop
Seat 6: 5e4ae9c3 (big blind) folded before Flop


Poker Hand #HD1852562211: Hold'em No Limit ($0.05/$0.1) - 2024/07/11 16:12:00
Table 'NLHRed33' 6-max Seat #3 is the button
Seat 1: d6be32eb ($10 in chips)
Seat 2: 8ff4a027 ($29.19 in chips)
Seat 3: 78ce1756 ($12.27 in chips)
Seat 4: Hero ($10 in chips)
Seat 5: 3c6872d2 ($10 in chips)
Seat 6: 5e4ae9c3 ($14.39 in chips)
Hero: posts small blind $0.05
3c6872d2: posts big blind $0.1
*** HOLE CARDS ***
Dealt to d6be32eb 
Dealt to 8ff4a027 
Dealt to 78ce1756 
Dealt to Hero [Th 8d]
Dealt to 3c6872d2 
Dealt to 5e4ae9c3 
5e4ae9c3: folds
d6be32eb: folds
8ff4a027: folds
78ce1756: raises $0.2 to $0.3
Hero: folds
3c6872d2: folds
Uncalled bet ($0.2) returned to 78ce1756
*** SHOWDOWN ***
78ce1756 collected $0.25 from pot
*** SUMMARY ***
Total pot $0.25 | Rake $0 | Jackpot $0 | Bingo $0 | Fortune $0 | Tax $0
Seat 1: d6be32eb folded before Flop (didn't bet)
Seat 2: 8ff4a027 folded before Flop (didn't bet)
Seat 3: 78ce1756 (button) collected ($0.25)
Seat 4: Hero (small blind) folded before Flop
Seat 5: 3c6872d2 (big blind) folded before Flop
Seat 6: 5e4ae9c3 folded before Flop (didn't bet)


Poker Hand #HD1852562068: Hold'em No Limit ($0.05/$0.1) - 2024/07/11 16:10:55
Table 'NLHRed33' 6-max Seat #2 is the button
Seat 1: d6be32eb ($10 in chips)
Seat 2: 8ff4a027 ($28.46 in chips)
Seat 3: 78ce1756 ($12.97 in chips)
Seat 4: Hero ($10 in chips)
Seat 5: 3c6872d2 ($10 in chips)
Seat 6: 5e4ae9c3 ($14.39 in chips)
78ce1756: posts small blind $0.05
Hero: posts big blind $0.1
*** HOLE CARDS ***
Dealt to d6be32eb 
Dealt to 8ff4a027 
Dealt to 78ce1756 
Dealt to Hero [8h Kc]
Dealt to 3c6872d2 
Dealt to 5e4ae9c3 
3c6872d2: folds
5e4ae9c3: folds
d6be32eb: folds
8ff4a027: raises $0.15 to $0.25
78ce1756: raises $0.45 to $0.7
Hero: folds
8ff4a027: calls $0.45
*** FLOP *** [3s 6h 8d]
78ce1756: checks
8ff4a027: checks
*** TURN *** [3s 6h 8d] [2c]
78ce1756: checks
8ff4a027: bets $1
78ce1756: folds
Uncalled bet ($1) returned to 8ff4a027
*** SHOWDOWN ***
8ff4a027 collected $1.43 from pot
*** SUMMARY ***
Total pot $1.5 | Rake $0.07 | Jackpot $0 | Bingo $0 | Fortune $0 | Tax $0
Board [3s 6h 8d 2c]
Seat 1: d6be32eb folded before Flop (didn't bet)
Seat 2: 8ff4a027 (button) won ($1.43)
Seat 3: 78ce1756 (small blind) folded on the Turn
Seat 4: Hero (big blind) folded before Flop
Seat 5: 3c6872d2 folded before Flop (didn't bet)
Seat 6: 5e4ae9c3 folded before Flop (didn't bet)


Poker Hand #HD1852561895: Hold'em No Limit ($0.05/$0.1) - 2024/07/11 16:09:43
Table 'NLHRed33' 6-max Seat #1 is the button
Seat 1: d6be32eb ($10 in chips)
Seat 2: 8ff4a027 ($28.51 in chips)
Seat 3: 78ce1756 ($13.07 in chips)
Seat 4: Hero ($10 in chips)
Seat 5: 3c6872d2 ($10 in chips)
Seat 6: 5e4ae9c3 ($12.89 in chips)
8ff4a027: posts small blind $0.05
78ce1756: posts big blind $0.1
*** HOLE CARDS ***
Dealt to d6be32eb 
Dealt to 8ff4a027 
Dealt to 78ce1756 
Dealt to Hero [9c 9d]
Dealt to 3c6872d2 
Dealt to 5e4ae9c3 
Hero: raises $0.1 to $0.2
3c6872d2: folds
5e4ae9c3: raises $0.4 to $0.6
d6be32eb: folds
8ff4a027: folds
78ce1756: folds
Hero: calls $0.4
*** FLOP *** [Ac Tc Ts]
Hero: checks
5e4ae9c3: bets $0.34
Hero: calls $0.34
*** TURN *** [Ac Tc Ts] [4c]
Hero: checks
5e4ae9c3: bets $0.67
Hero: calls $0.67
*** RIVER *** [Ac Tc Ts 4c] [2d]
Hero: checks
5e4ae9c3: checks
Hero: shows [9c 9d] (Pair of Tens and Pair of Nines)
5e4ae9c3: shows [Qs Qh] (Pair of Queens and Pair of Tens)
*** SHOWDOWN ***
5e4ae9c3 collected $3.11 from pot
*** SUMMARY ***
Total pot $3.37 | Rake $0.16 | Jackpot $0.1 | Bingo $0 | Fortune $0 | Tax $0
Board [Ac Tc Ts 4c 2d]
Seat 1: d6be32eb (button) folded before Flop (didn't bet)
Seat 2: 8ff4a027 (small blind) folded before Flop
Seat 3: 78ce1756 (big blind) folded before Flop
Seat 4: Hero showed [9c 9d] and lost with Pair of Tens and Pair of Nines
Seat 5: 3c6872d2 folded before Flop (didn't bet)
Seat 6: 5e4ae9c3 showed [Qs Qh] and won ($3.11) with Pair of Queens and Pair of Tens


Poker Hand #HD1852561720: Hold'em No Limit ($0.05/$0.1) - 2024/07/11 16:08:31
Table 'NLHRed33' 6-max Seat #6 is the button
Seat 1: d6be32eb ($10 in chips)
Seat 2: 8ff4a027 ($26.7 in chips)
Seat 3: 78ce1756 ($13.07 in chips)
Seat 4: Hero ($10 in chips)
Seat 5: 3c6872d2 ($10 in chips)
Seat 6: 5e4ae9c3 ($12.89 in chips)
d6be32eb: posts small blind $0.05
8ff4a027: posts big blind $0.1
*** HOLE CARDS ***
Dealt to d6be32eb 
Dealt to 8ff4a027 
Dealt to 78ce1756 
Dealt to Hero [6c 4s]
Dealt to 3c6872d2 
Dealt to 5e4ae9c3 
78ce1756: folds
Hero: folds
3c6872d2: raises $0.15 to $0.25
5e4ae9c3: folds
d6be32eb: folds
8ff4a027: calls $0.15
*** FLOP *** [8c 7d Td]
8ff4a027: checks
3c6872d2: bets $0.36
8ff4a027: calls $0.36
*** TURN *** [8c 7d Td] [Ks]
8ff4a027: checks
3c6872d2: bets $0.6
8ff4a027: calls $0.6
*** RIVER *** [8c 7d Td Ks] [6h]
8ff4a027: bets $0.85
3c6872d2: calls $0.85
8ff4a027: shows [Ac 9d] (Tens-High Straight)
3c6872d2: shows [Jh Jc] (Pair of Jacks)
*** SHOWDOWN ***
8ff4a027 collected $3.87 from pot
*** SUMMARY ***
Total pot $4.17 | Rake $0.2 | Jackpot $0.1 | Bingo $0 | Fortune $0 | Tax $0
Board [8c 7d Td Ks 6h]
Seat 1: d6be32eb (small blind) folded before Flop
Seat 2: 8ff4a027 (big blind) showed [Ac 9d] and won ($3.87) with Tens-High Straight
Seat 3: 78ce1756 folded before Flop (didn't bet)
Seat 4: Hero folded before Flop (didn't bet)
Seat 5: 3c6872d2 showed [Jh Jc] and lost with Pair of Jacks
Seat 6: 5e4ae9c3 (button) folded before Flop (didn't bet)


Poker Hand #HD1852561564: Hold'em No Limit ($0.05/$0.1) - 2024/07/11 16:07:24
Table 'NLHRed33' 6-max Seat #5 is the button
Seat 1: d6be32eb ($10 in chips)
Seat 2: 8ff4a027 ($26.7 in chips)
Seat 3: 78ce1756 ($10.1 in chips)
Seat 4: Hero ($10 in chips)
Seat 5: 3c6872d2 ($11.28 in chips)
Seat 6: 5e4ae9c3 ($12.94 in chips)
5e4ae9c3: posts small blind $0.05
d6be32eb: posts big blind $0.1
*** HOLE CARDS ***
Dealt to d6be32eb 
Dealt to 8ff4a027 
Dealt to 78ce1756 
Dealt to Hero [2h Qd]
Dealt to 3c6872d2 
Dealt to 5e4ae9c3 
8ff4a027: folds
78ce1756: raises $0.15 to $0.25
Hero: folds
3c6872d2: raises $0.55 to $0.8
5e4ae9c3: folds
d6be32eb: folds
78ce1756: calls $0.55
*** FLOP *** [6d 9s 8d]
78ce1756: checks
3c6872d2: bets $0.83
78ce1756: calls $0.83
*** TURN *** [6d 9s 8d] [Qs]
78ce1756: checks
3c6872d2: bets $1.61
78ce1756: raises $3.32 to $4.93
3c6872d2: folds
Uncalled bet ($3.32) returned to 78ce1756
*** SHOWDOWN ***
78ce1756 collected $6.21 from pot
*** SUMMARY ***
Total pot $6.63 | Rake $0.32 | Jackpot $0.1 | Bingo $0 | Fortune $0 | Tax $0
Board [6d 9s 8d Qs]
Seat 1: d6be32eb (big blind) folded before Flop
Seat 2: 8ff4a027 folded before Flop (didn't bet)
Seat 3: 78ce1756 won ($6.21)
Seat 4: Hero folded before Flop (didn't bet)
Seat 5: 3c6872d2 (button) folded on the Turn
Seat 6: 5e4ae9c3 (small blind) folded before Flop


Poker Hand #HD1852561493: Hold'em No Limit ($0.05/$0.1) - 2024/07/11 16:06:54
Table 'NLHRed33' 6-max Seat #4 is the button
Seat 2: 8ff4a027 ($26.7 in chips)
Seat 3: 78ce1756 ($10.1 in chips)
Seat 4: Hero ($10 in chips)
Seat 5: 3c6872d2 ($11.53 in chips)
Seat 6: 5e4ae9c3 ($12.71 in chips)
3c6872d2: posts small blind $0.05
5e4ae9c3: posts big blind $0.1
*** HOLE CARDS ***
Dealt to 8ff4a027 
Dealt to 78ce1756 
Dealt to Hero [Ts 5s]
Dealt to 3c6872d2 
Dealt to 5e4ae9c3 
8ff4a027: folds
78ce1756: folds
Hero: folds
3c6872d2: raises $0.15 to $0.25
5e4ae9c3: raises $0.5 to $0.75
3c6872d2: folds
Uncalled bet ($0.5) returned to 5e4ae9c3
*** SHOWDOWN ***
5e4ae9c3 collected $0.48 from pot
*** SUMMARY ***
Total pot $0.5 | Rake $0.02 | Jackpot $0 | Bingo $0 | Fortune $0 | Tax $0
Seat 2: 8ff4a027 folded before Flop (didn't bet)
Seat 3: 78ce1756 folded before Flop (didn't bet)
Seat 4: Hero (button) folded before Flop (didn't bet)
Seat 5: 3c6872d2 (small blind) folded before Flop
Seat 6: 5e4ae9c3 (big blind) collected ($0.48)


Poker Hand #HD1852561458: Hold'em No Limit ($0.05/$0.1) - 2024/07/11 16:06:39
Table 'NLHRed33' 6-max Seat #3 is the button
Seat 2: 8ff4a027 ($26.55 in chips)
Seat 3: 78ce1756 ($10.1 in chips)
Seat 4: Hero ($10 in chips)
Seat 5: 3c6872d2 ($11.63 in chips)
Seat 6: 5e4ae9c3 ($12.71 in chips)
Hero: posts small blind $0.05
3c6872d2: posts big blind $0.1
*** HOLE CARDS ***
Dealt to 8ff4a027 
Dealt to 78ce1756 
Dealt to Hero [Kc 7s]
Dealt to 3c6872d2 
Dealt to 5e4ae9c3 
5e4ae9c3: folds
8ff4a027: raises $0.15 to $0.25
78ce1756: folds
Hero: folds
3c6872d2: folds
Uncalled bet ($0.15) returned to 8ff4a027
*** SHOWDOWN ***
8ff4a027 collected $0.25 from pot
*** SUMMARY ***
Total pot $0.25 | Rake $0 | Jackpot $0 | Bingo $0 | Fortune $0 | Tax $0
Seat 2: 8ff4a027 collected ($0.25)
Seat 3: 78ce1756 (button) folded before Flop (didn't bet)
Seat 4: Hero (small blind) folded before Flop
Seat 5: 3c6872d2 (big blind) folded before Flop
Seat 6: 5e4ae9c3 folded before Flop (didn't bet)


Poker Hand #HD1852561408: Hold'em No Limit ($0.05/$0.1) - 2024/07/11 16:06:19
Table 'NLHRed33' 6-max Seat #2 is the button
Seat 2: 8ff4a027 ($26.55 in chips)
Seat 3: 78ce1756 ($10 in chips)
Seat 4: Hero ($10 in chips)
Seat 5: 3c6872d2 ($11.63 in chips)
Seat 6: 5e4ae9c3 ($12.71 in chips)
78ce1756: posts small blind $0.05
Hero: posts big blind $0.1
*** HOLE CARDS ***
Dealt to 8ff4a027 
Dealt to 78ce1756 
Dealt to Hero [5d Qd]
Dealt to 3c6872d2 
Dealt to 5e4ae9c3 
3c6872d2: folds
5e4ae9c3: folds
8ff4a027: folds
78ce1756: raises $0.2 to $0.3
Hero: folds
Uncalled bet ($0.2) returned to 78ce1756
*** SHOWDOWN ***
78ce1756 collected $0.2 from pot
*** SUMMARY ***
Total pot $0.2 | Rake $0 | Jackpot $0 | Bingo $0 | Fortune $0 | Tax $0
Seat 2: 8ff4a027 (button) folded before Flop (didn't bet)
Seat 3: 78ce1756 (small blind) collected ($0.2)
Seat 4: Hero (big blind) folded before Flop
Seat 5: 3c6872d2 folded before Flop (didn't bet)
Seat 6: 5e4ae9c3 folded before Flop (didn't bet)


Poker Hand #HD1852561356: Hold'em No Limit ($0.05/$0.1) - 2024/07/11 16:05:58
Table 'NLHRed33' 6-max Seat #6 is the button
Seat 2: 8ff4a027 ($26.6 in chips)
Seat 3: 78ce1756 ($10 in chips)
Seat 4: Hero ($10 in chips)
Seat 5: 3c6872d2 ($11.63 in chips)
Seat 6: 5e4ae9c3 ($12.56 in chips)
8ff4a027: posts small blind $0.05
78ce1756: posts big blind $0.1
*** HOLE CARDS ***
Dealt to 8ff4a027 
Dealt to 78ce1756 
Dealt to Hero [As 9d]
Dealt to 3c6872d2 
Dealt to 5e4ae9c3 
Hero: folds
3c6872d2: folds
5e4ae9c3: raises $0.17 to $0.27
8ff4a027: folds
78ce1756: folds
Uncalled bet ($0.17) returned to 5e4ae9c3
*** SHOWDOWN ***
5e4ae9c3 collected $0.25 from pot
*** SUMMARY ***
Total pot $0.25 | Rake $0 | Jackpot $0 | Bingo $0 | Fortune $0 | Tax $0
Seat 2: 8ff4a027 (small blind) folded before Flop
Seat 3: 78ce1756 (big blind) folded before Flop
Seat 4: Hero folded before Flop (didn't bet)
Seat 5: 3c6872d2 folded before Flop (didn't bet)
Seat 6: 5e4ae9c3 (button) collected ($0.25)


Poker Hand #HD1852561329: Hold'em No Limit ($0.05/$0.1) - 2024/07/11 16:05:43
Table 'NLHRed33' 6-max Seat #5 is the button
Seat 2: 8ff4a027 ($26.7 in chips)
Seat 3: 78ce1756 ($10 in chips)
Seat 4: Hero ($10 in chips)
Seat 5: 3c6872d2 ($11.63 in chips)
Seat 6: 5e4ae9c3 ($12.46 in chips)
5e4ae9c3: posts small blind $0.05
8ff4a027: posts big blind $0.1
*** HOLE CARDS ***
Dealt to 8ff4a027 
Dealt to 78ce1756 
Dealt to Hero [Js 8d]
Dealt to 3c6872d2 
Dealt to 5e4ae9c3 
78ce1756: folds
Hero: folds
3c6872d2: folds
5e4ae9c3: raises $0.23 to $0.33
8ff4a027: folds
Uncalled bet ($0.23) returned to 5e4ae9c3
*** SHOWDOWN ***
5e4ae9c3 collected $0.2 from pot
*** SUMMARY ***
Total pot $0.2 | Rake $0 | Jackpot $0 | Bingo $0 | Fortune $0 | Tax $0
Seat 2: 8ff4a027 (big blind) folded before Flop
Seat 3: 78ce1756 folded before Flop (didn't bet)
Seat 4: Hero folded before Flop (didn't bet)
Seat 5: 3c6872d2 (button) folded before Flop (didn't bet)
Seat 6: 5e4ae9c3 (small blind) collected ($0.2)


Poker Hand #HD1852561208: Hold'em No Limit ($0.05/$0.1) - 2024/07/11 16:04:53
Table 'NLHRed33' 6-max Seat #4 is the button
Seat 1: 66ebf7bf ($10.54 in chips)
Seat 2: 8ff4a027 ($26.7 in chips)
Seat 3: 78ce1756 ($10 in chips)
Seat 4: Hero ($10 in chips)
Seat 5: 3c6872d2 ($11.68 in chips)
Seat 6: 5e4ae9c3 ($12.19 in chips)
3c6872d2: posts small blind $0.05
5e4ae9c3: posts big blind $0.1
*** HOLE CARDS ***
Dealt to 66ebf7bf 
Dealt to 8ff4a027 
Dealt to 78ce1756 
Dealt to Hero [Ah 6d]
Dealt to 3c6872d2 
Dealt to 5e4ae9c3 
66ebf7bf: folds
8ff4a027: folds
78ce1756: folds
Hero: raises $0.14 to $0.24
3c6872d2: folds
5e4ae9c3: calls $0.14
*** FLOP *** [9d 9h Kh]
5e4ae9c3: checks
Hero: checks
*** TURN *** [9d 9h Kh] [4s]
5e4ae9c3: bets $0.14
Hero: folds
Uncalled bet ($0.14) returned to 5e4ae9c3
*** SHOWDOWN ***
5e4ae9c3 collected $0.51 from pot
*** SUMMARY ***
Total pot $0.53 | Rake $0.02 | Jackpot $0 | Bingo $0 | Fortune $0 | Tax $0
Board [9d 9h Kh 4s]
Seat 1: 66ebf7bf folded before Flop (didn't bet)
Seat 2: 8ff4a027 folded before Flop (didn't bet)
Seat 3: 78ce1756 folded before Flop (didn't bet)
Seat 4: Hero (button) folded on the Turn
Seat 5: 3c6872d2 (small blind) folded before Flop
Seat 6: 5e4ae9c3 (big blind) won ($0.51)


Poker Hand #HD1852561119: Hold'em No Limit ($0.05/$0.1) - 2024/07/11 16:04:12
Table 'NLHRed33' 6-max Seat #3 is the button
Seat 1: 66ebf7bf ($10.54 in chips)
Seat 2: 8ff4a027 ($26.7 in chips)
Seat 3: 78ce1756 ($10 in chips)
Seat 4: Hero ($10 in chips)
Seat 5: 3c6872d2 ($11.78 in chips)
Seat 6: 5e4ae9c3 ($11.42 in chips)
Hero: posts small blind $0.05
3c6872d2: posts big blind $0.1
*** HOLE CARDS ***
Dealt to 66ebf7bf 
Dealt to 8ff4a027 
Dealt to 78ce1756 
Dealt to Hero [Ac 8d]
Dealt to 3c6872d2 
Dealt to 5e4ae9c3 
5e4ae9c3: raises $0.13 to $0.23
66ebf7bf: folds
8ff4a027: folds
78ce1756: raises $0.46 to $0.69
Hero: folds
3c6872d2: folds
5e4ae9c3: raises $1.06 to $1.75
78ce1756: folds
Uncalled bet ($1.06) returned to 5e4ae9c3
*** SHOWDOWN ***
5e4ae9c3 collected $1.46 from pot
*** SUMMARY ***
Total pot $1.53 | Rake $0.07 | Jackpot $0 | Bingo $0 | Fortune $0 | Tax $0
Seat 1: 66ebf7bf folded before Flop (didn't bet)
Seat 2: 8ff4a027 folded before Flop (didn't bet)
Seat 3: 78ce1756 (button) folded before Flop
Seat 4: Hero (small blind) folded before Flop
Seat 5: 3c6872d2 (big blind) folded before Flop
Seat 6: 5e4ae9c3 collected ($1.46)


Poker Hand #HD1852561047: Hold'em No Limit ($0.05/$0.1) - 2024/07/11 16:03:38
Table 'NLHRed33' 6-max Seat #2 is the button
Seat 1: 66ebf7bf ($10.54 in chips)
Seat 2: 8ff4a027 ($26.7 in chips)
Seat 3: 78ce1756 ($10 in chips)
Seat 4: Hero ($10 in chips)
Seat 5: 3c6872d2 ($11.78 in chips)
Seat 6: 5e4ae9c3 ($11.27 in chips)
78ce1756: posts small blind $0.05
Hero: posts big blind $0.1
*** HOLE CARDS ***
Dealt to 66ebf7bf 
Dealt to 8ff4a027 
Dealt to 78ce1756 
Dealt to Hero [3d 5d]
Dealt to 3c6872d2 
Dealt to 5e4ae9c3 
3c6872d2: folds
5e4ae9c3: raises $0.13 to $0.23
66ebf7bf: folds
8ff4a027: folds
78ce1756: folds
Hero: folds
Uncalled bet ($0.13) returned to 5e4ae9c3
*** SHOWDOWN ***
5e4ae9c3 collected $0.25 from pot
*** SUMMARY ***
Total pot $0.25 | Rake $0 | Jackpot $0 | Bingo $0 | Fortune $0 | Tax $0
Seat 1: 66ebf7bf folded before Flop (didn't bet)
Seat 2: 8ff4a027 (button) folded before Flop (didn't bet)
Seat 3: 78ce1756 (small blind) folded before Flop
Seat 4: Hero (big blind) folded before Flop
Seat 5: 3c6872d2 folded before Flop (didn't bet)
Seat 6: 5e4ae9c3 collected ($0.25)


Poker Hand #HD1852560951: Hold'em No Limit ($0.05/$0.1) - 2024/07/11 16:02:58
Table 'NLHRed33' 6-max Seat #1 is the button
Seat 1: 66ebf7bf ($10.54 in chips)
Seat 2: 8ff4a027 ($26.75 in chips)
Seat 3: 78ce1756 ($10.51 in chips)
Seat 4: Hero ($10 in chips)
Seat 5: 3c6872d2 ($10.63 in chips)
Seat 6: 5e4ae9c3 ($11.27 in chips)
8ff4a027: posts small blind $0.05
78ce1756: posts big blind $0.1
*** HOLE CARDS ***
Dealt to 66ebf7bf 
Dealt to 8ff4a027 
Dealt to 78ce1756 
Dealt to Hero [Jc Td]
Dealt to 3c6872d2 
Dealt to 5e4ae9c3 
Hero: folds
3c6872d2: raises $0.15 to $0.25
5e4ae9c3: folds
66ebf7bf: folds
8ff4a027: folds
78ce1756: calls $0.15
*** FLOP *** [6h 2c Kd]
78ce1756: checks
3c6872d2: checks
*** TURN *** [6h 2c Kd] [4d]
78ce1756: checks
3c6872d2: bets $0.26
78ce1756: calls $0.26
*** RIVER *** [6h 2c Kd 4d] [4c]
78ce1756: checks
3c6872d2: bets $0.71
78ce1756: calls $0.71
3c6872d2: shows [8c Kc] (Pair of Kings and Pair of Fours)
78ce1756: shows [5h 5s] (Pair of Fives and Pair of Fours)
*** SHOWDOWN ***
3c6872d2 collected $2.37 from pot
*** SUMMARY ***
Total pot $2.49 | Rake $0.12 | Jackpot $0 | Bingo $0 | Fortune $0 | Tax $0
Board [6h 2c Kd 4d 4c]
Seat 1: 66ebf7bf (button) folded before Flop (didn't bet)
Seat 2: 8ff4a027 (small blind) folded before Flop
Seat 3: 78ce1756 (big blind) showed [5h 5s] and lost with Pair of Fives and Pair of Fours
Seat 4: Hero folded before Flop (didn't bet)
Seat 5: 3c6872d2 showed [8c Kc] and won ($2.37) with Pair of Kings and Pair of Fours
Seat 6: 5e4ae9c3 folded before Flop (didn't bet)


Poker Hand #HD1852560885: Hold'em No Limit ($0.05/$0.1) - 2024/07/11 16:02:27
Table 'NLHRed33' 6-max Seat #6 is the button
Seat 1: 66ebf7bf ($10.74 in chips)
Seat 2: 8ff4a027 ($26.57 in chips)
Seat 3: 78ce1756 ($10.51 in chips)
Seat 4: Hero ($10 in chips)
Seat 5: 3c6872d2 ($10.63 in chips)
Seat 6: 5e4ae9c3 ($11.27 in chips)
66ebf7bf: posts small blind $0.05
8ff4a027: posts big blind $0.1
*** HOLE CARDS ***
Dealt to 66ebf7bf 
Dealt to 8ff4a027 
Dealt to 78ce1756 
Dealt to Hero [9s Jc]
Dealt to 3c6872d2 
Dealt to 5e4ae9c3 
78ce1756: folds
Hero: folds
3c6872d2: folds
5e4ae9c3: folds
66ebf7bf: raises $0.1 to $0.2
8ff4a027: raises $0.5 to $0.7
66ebf7bf: folds
Uncalled bet ($0.5) returned to 8ff4a027
*** SHOWDOWN ***
8ff4a027 collected $0.38 from pot
*** SUMMARY ***
Total pot $0.4 | Rake $0.02 | Jackpot $0 | Bingo $0 | Fortune $0 | Tax $0
Seat 1: 66ebf7bf (small blind) folded before Flop
Seat 2: 8ff4a027 (big blind) collected ($0.38)
Seat 3: 78ce1756 folded before Flop (didn't bet)
Seat 4: Hero folded before Flop (didn't bet)
Seat 5: 3c6872d2 folded before Flop (didn't bet)
Seat 6: 5e4ae9c3 (button) folded before Flop (didn't bet)


Poker Hand #HD1852560849: Hold'em No Limit ($0.05/$0.1) - 2024/07/11 16:02:11
Table 'NLHRed33' 6-max Seat #5 is the button
Seat 1: 66ebf7bf ($10.84 in chips)
Seat 2: 8ff4a027 ($26.57 in chips)
Seat 3: 78ce1756 ($10.51 in chips)
Seat 4: Hero ($10 in chips)
Seat 5: 3c6872d2 ($10.48 in chips)
Seat 6: 5e4ae9c3 ($11.32 in chips)
5e4ae9c3: posts small blind $0.05
66ebf7bf: posts big blind $0.1
*** HOLE CARDS ***
Dealt to 66ebf7bf 
Dealt to 8ff4a027 
Dealt to 78ce1756 
Dealt to Hero [Ks 5d]
Dealt to 3c6872d2 
Dealt to 5e4ae9c3 
8ff4a027: folds
78ce1756: folds
Hero: folds
3c6872d2: raises $0.15 to $0.25
5e4ae9c3: folds
66ebf7bf: folds
Uncalled bet ($0.15) returned to 3c6872d2
*** SHOWDOWN ***
3c6872d2 collected $0.25 from pot
*** SUMMARY ***
Total pot $0.25 | Rake $0 | Jackpot $0 | Bingo $0 | Fortune $0 | Tax $0
Seat 1: 66ebf7bf (big blind) folded before Flop
Seat 2: 8ff4a027 folded before Flop (didn't bet)
Seat 3: 78ce1756 folded before Flop (didn't bet)
Seat 4: Hero folded before Flop (didn't bet)
Seat 5: 3c6872d2 (button) collected ($0.25)
Seat 6: 5e4ae9c3 (small blind) folded before Flop


Poker Hand #HD1852560701: Hold'em No Limit ($0.05/$0.1) - 2024/07/11 16:01:05
Table 'NLHRed33' 6-max Seat #4 is the button
Seat 1: 66ebf7bf ($10.84 in chips)
Seat 2: 8ff4a027 ($26.57 in chips)
Seat 3: 78ce1756 ($11.06 in chips)
Seat 4: Hero ($10 in chips)
Seat 5: 3c6872d2 ($10.53 in chips)
Seat 6: 5e4ae9c3 ($10.77 in chips)
3c6872d2: posts small blind $0.05
5e4ae9c3: posts big blind $0.1
*** HOLE CARDS ***
Dealt to 66ebf7bf 
Dealt to 8ff4a027 
Dealt to 78ce1756 
Dealt to Hero [3d 9d]
Dealt to 3c6872d2 
Dealt to 5e4ae9c3 
66ebf7bf: folds
8ff4a027: folds
78ce1756: raises $0.15 to $0.25
Hero: folds
3c6872d2: folds
5e4ae9c3: calls $0.15
*** FLOP *** [9c Ts 7d]
5e4ae9c3: checks
78ce1756: bets $0.3
5e4ae9c3: calls $0.3
*** TURN *** [9c Ts 7d] [2s]
5e4ae9c3: checks
78ce1756: checks
*** RIVER *** [9c Ts 7d 2s] [5d]
5e4ae9c3: bets $1.44
78ce1756: folds
Uncalled bet ($1.44) returned to 5e4ae9c3
*** SHOWDOWN ***
5e4ae9c3 collected $1.1 from pot
*** SUMMARY ***
Total pot $1.15 | Rake $0.05 | Jackpot $0 | Bingo $0 | Fortune $0 | Tax $0
Board [9c Ts 7d 2s 5d]
Seat 1: 66ebf7bf folded before Flop (didn't bet)
Seat 2: 8ff4a027 folded before Flop (didn't bet)
Seat 3: 78ce1756 folded on the River
Seat 4: Hero (button) folded before Flop (didn't bet)
Seat 5: 3c6872d2 (small blind) folded before Flop
Seat 6: 5e4ae9c3 (big blind) won ($1.1)


Poker Hand #HD1852560657: Hold'em No Limit ($0.05/$0.1) - 2024/07/11 16:00:47
Table 'NLHRed33' 6-max Seat #3 is the button
Seat 1: 66ebf7bf ($10.84 in chips)
Seat 2: 8ff4a027 ($26.57 in chips)
Seat 3: 78ce1756 ($11.06 in chips)
Seat 4: Hero ($10 in chips)
Seat 5: 3c6872d2 ($10.63 in chips)
Seat 6: 5e4ae9c3 ($10.62 in chips)
Hero: posts small blind $0.05
3c6872d2: posts big blind $0.1
*** HOLE CARDS ***
Dealt to 66ebf7bf 
Dealt to 8ff4a027 
Dealt to 78ce1756 
Dealt to Hero [2s 4d]
Dealt to 3c6872d2 
Dealt to 5e4ae9c3 
5e4ae9c3: raises $0.13 to $0.23
66ebf7bf: folds
8ff4a027: folds
78ce1756: folds
Hero: folds
3c6872d2: folds
Uncalled bet ($0.13) returned to 5e4ae9c3
*** SHOWDOWN ***
5e4ae9c3 collected $0.25 from pot
*** SUMMARY ***
Total pot $0.25 | Rake $0 | Jackpot $0 | Bingo $0 | Fortune $0 | Tax $0
Seat 1: 66ebf7bf folded before Flop (didn't bet)
Seat 2: 8ff4a027 folded before Flop (didn't bet)
Seat 3: 78ce1756 (button) folded before Flop (didn't bet)
Seat 4: Hero (small blind) folded before Flop
Seat 5: 3c6872d2 (big blind) folded before Flop
Seat 6: 5e4ae9c3 collected ($0.25)


Poker Hand #HD1852560591: Hold'em No Limit ($0.05/$0.1) - 2024/07/11 16:00:19
Table 'NLHRed33' 6-max Seat #2 is the button
Seat 1: 66ebf7bf ($10.84 in chips)
Seat 2: 8ff4a027 ($26.57 in chips)
Seat 3: 78ce1756 ($11.11 in chips)
Seat 4: Hero ($10 in chips)
Seat 5: 3c6872d2 ($10.48 in chips)
Seat 6: 5e4ae9c3 ($10.62 in chips)
78ce1756: posts small blind $0.05
Hero: posts big blind $0.1
*** HOLE CARDS ***
Dealt to 66ebf7bf 
Dealt to 8ff4a027 
Dealt to 78ce1756 
Dealt to Hero [9h Qd]
Dealt to 3c6872d2 
Dealt to 5e4ae9c3 
3c6872d2: raises $0.15 to $0.25
5e4ae9c3: folds
66ebf7bf: folds
8ff4a027: folds
78ce1756: folds
Hero: folds
Uncalled bet ($0.15) returned to 3c6872d2
*** SHOWDOWN ***
3c6872d2 collected $0.25 from pot
*** SUMMARY ***
Total pot $0.25 | Rake $0 | Jackpot $0 | Bingo $0 | Fortune $0 | Tax $0
Seat 1: 66ebf7bf folded before Flop (didn't bet)
Seat 2: 8ff4a027 (button) folded before Flop (didn't bet)
Seat 3: 78ce1756 (small blind) folded before Flop
Seat 4: Hero (big blind) folded before Flop
Seat 5: 3c6872d2 collected ($0.25)
Seat 6: 5e4ae9c3 folded before Flop (didn't bet)


