Poker Hand #HD1836156734: Hold'em No Limit ($0.05/$0.1) - 2024/06/29 18:26:12
Table 'NLHRed69' 6-max Seat #4 is the button
Seat 1: 65b43465 ($9.67 in chips)
Seat 2: Hero ($14.08 in chips)
Seat 4: d0003275 ($11.66 in chips)
Seat 5: 398d7e99 ($1.95 in chips)
Seat 6: ac52142a ($1.54 in chips)
398d7e99: posts small blind $0.05
ac52142a: posts big blind $0.1
*** HOLE CARDS ***
Dealt to 65b43465 
Dealt to Hero [8d Tc]
Dealt to d0003275 
Dealt to 398d7e99 
Dealt to ac52142a 
65b43465: calls $0.1
Hero: folds
d0003275: folds
398d7e99: calls $0.05
ac52142a: checks
*** FLOP *** [9c 6c 5c]
398d7e99: bets $0.1
ac52142a: calls $0.1
65b43465: calls $0.1
*** TURN *** [9c 6c 5c] [2d]
398d7e99: checks
ac52142a: bets $0.45
65b43465: folds
398d7e99: folds
Uncalled bet ($0.45) returned to ac52142a
*** SHOWDOWN ***
ac52142a collected $0.57 from pot
*** SUMMARY ***
Total pot $0.6 | Rake $0.03 | Jackpot $0 | Bingo $0 | Fortune $0 | Tax $0
Board [9c 6c 5c 2d]
Seat 1: 65b43465 folded on the Turn
Seat 2: Hero folded before Flop (didn't bet)
Seat 4: d0003275 (button) folded before Flop (didn't bet)
Seat 5: 398d7e99 (small blind) folded on the Turn
Seat 6: ac52142a (big blind) won ($0.57)


Poker Hand #HD1836156710: Hold'em No Limit ($0.05/$0.1) - 2024/06/29 18:25:54
Table 'NLHRed69' 6-max Seat #2 is the button
Seat 1: 65b43465 ($9.67 in chips)
Seat 2: Hero ($14.08 in chips)
Seat 4: d0003275 ($11.71 in chips)
Seat 5: 398d7e99 ($1.9 in chips)
Seat 6: ac52142a ($1.54 in chips)
d0003275: posts small blind $0.05
398d7e99: posts big blind $0.1
*** HOLE CARDS ***
Dealt to 65b43465 
Dealt to Hero [4d Qc]
Dealt to d0003275 
Dealt to 398d7e99 
Dealt to ac52142a 
ac52142a: folds
65b43465: folds
Hero: folds
d0003275: folds
Uncalled bet ($0.05) returned to 398d7e99
*** SHOWDOWN ***
398d7e99 collected $0.1 from pot
*** SUMMARY ***
Total pot $0.1 | Rake $0 | Jackpot $0 | Bingo $0 | Fortune $0 | Tax $0
Seat 1: 65b43465 folded before Flop (didn't bet)
Seat 2: Hero (button) folded before Flop (didn't bet)
Seat 4: d0003275 (small blind) folded before Flop
Seat 5: 398d7e99 (big blind) collected ($0.1)
Seat 6: ac52142a folded before Flop (didn't bet)


Poker Hand #HD1836156665: Hold'em No Limit ($0.05/$0.1) - 2024/06/29 18:25:31
Table 'NLHRed69' 6-max Seat #1 is the button
Seat 1: 65b43465 ($9.67 in chips)
Seat 2: Hero ($13.89 in chips)
Seat 4: d0003275 ($11.81 in chips)
Seat 5: 398d7e99 ($2 in chips)
Seat 6: ac52142a ($1.54 in chips)
Hero: posts small blind $0.05
d0003275: posts big blind $0.1
398d7e99: posts big blind $0.1
*** HOLE CARDS ***
Dealt to 65b43465 
Dealt to Hero [8s 8h]
Dealt to d0003275 
Dealt to 398d7e99 
Dealt to ac52142a 
398d7e99: checks
ac52142a: folds
65b43465: folds
Hero: raises $0.4 to $0.5
d0003275: folds
398d7e99: folds
Uncalled bet ($0.4) returned to Hero
*** SHOWDOWN ***
Hero collected $0.29 from pot
*** SUMMARY ***
Total pot $0.3 | Rake $0.01 | Jackpot $0 | Bingo $0 | Fortune $0 | Tax $0
Seat 1: 65b43465 (button) folded before Flop (didn't bet)
Seat 2: Hero (small blind) collected ($0.29)
Seat 4: d0003275 (big blind) folded before Flop
Seat 5: 398d7e99 folded before Flop
Seat 6: ac52142a folded before Flop (didn't bet)


Poker Hand #HD1836156609: Hold'em No Limit ($0.05/$0.1) - 2024/06/29 18:25:01
Table 'NLHRed69' 6-max Seat #6 is the button
Seat 1: 65b43465 ($9.3 in chips)
Seat 2: Hero ($13.99 in chips)
Seat 4: d0003275 ($12.11 in chips)
Seat 6: ac52142a ($1.54 in chips)
65b43465: posts small blind $0.05
Hero: posts big blind $0.1
*** HOLE CARDS ***
Dealt to 65b43465 
Dealt to Hero [7d Ac]
Dealt to d0003275 
Dealt to ac52142a 
d0003275: raises $0.2 to $0.3
ac52142a: folds
65b43465: calls $0.25
Hero: folds
*** FLOP *** [3h 3s 9s]
65b43465: bets $0.35
d0003275: folds
Uncalled bet ($0.35) returned to 65b43465
*** SHOWDOWN ***
65b43465 collected $0.67 from pot
*** SUMMARY ***
Total pot $0.7 | Rake $0.03 | Jackpot $0 | Bingo $0 | Fortune $0 | Tax $0
Board [3h 3s 9s]
Seat 1: 65b43465 (small blind) won ($0.67)
Seat 2: Hero (big blind) folded before Flop
Seat 4: d0003275 folded on the Flop
Seat 6: ac52142a (button) folded before Flop (didn't bet)


Poker Hand #HD1836156534: Hold'em No Limit ($0.05/$0.1) - 2024/06/29 18:24:18
Table 'NLHRed69' 6-max Seat #4 is the button
Seat 1: 65b43465 ($8.85 in chips)
Seat 2: Hero ($13.99 in chips)
Seat 4: d0003275 ($12.11 in chips)
Seat 6: ac52142a ($2.04 in chips)
ac52142a: posts small blind $0.05
65b43465: posts big blind $0.1
*** HOLE CARDS ***
Dealt to 65b43465 
Dealt to Hero [3h Qd]
Dealt to d0003275 
Dealt to ac52142a 
Hero: folds
d0003275: folds
ac52142a: calls $0.05
65b43465: checks
*** FLOP *** [2h Td 8h]
ac52142a: checks
65b43465: checks
*** TURN *** [2h Td 8h] [Ac]
ac52142a: checks
65b43465: checks
*** RIVER *** [2h Td 8h Ac] [4h]
ac52142a: bets $0.15
65b43465: raises $0.25 to $0.4
ac52142a: calls $0.25
65b43465: shows [5h 3c] (Fives-High Straight)
ac52142a: shows [5d 4s] (Pair of Fours)
*** SHOWDOWN ***
65b43465 collected $0.95 from pot
*** SUMMARY ***
Total pot $1 | Rake $0.05 | Jackpot $0 | Bingo $0 | Fortune $0 | Tax $0
Board [2h Td 8h Ac 4h]
Seat 1: 65b43465 (big blind) showed [5h 3c] and won ($0.95) with Fives-High Straight
Seat 2: Hero folded before Flop (didn't bet)
Seat 4: d0003275 (button) folded before Flop (didn't bet)
Seat 6: ac52142a (small blind) showed [5d 4s] and lost with Pair of Fours


Poker Hand #HD1836156469: Hold'em No Limit ($0.05/$0.1) - 2024/06/29 18:23:45
Table 'NLHRed69' 6-max Seat #3 is the button
Seat 1: 65b43465 ($8.85 in chips)
Seat 2: Hero ($13.99 in chips)
Seat 3: 8ca69c2a ($3.17 in chips)
Seat 4: d0003275 ($12.41 in chips)
Seat 6: ac52142a ($1.77 in chips)
d0003275: posts small blind $0.05
ac52142a: posts big blind $0.1
*** HOLE CARDS ***
Dealt to 65b43465 
Dealt to Hero [Js 8c]
Dealt to 8ca69c2a 
Dealt to d0003275 
Dealt to ac52142a 
65b43465: folds
Hero: folds
8ca69c2a: folds
d0003275: raises $0.2 to $0.3
ac52142a: raises $0.3 to $0.6
d0003275: folds
Uncalled bet ($0.3) returned to ac52142a
*** SHOWDOWN ***
ac52142a collected $0.57 from pot
*** SUMMARY ***
Total pot $0.6 | Rake $0.03 | Jackpot $0 | Bingo $0 | Fortune $0 | Tax $0
Seat 1: 65b43465 folded before Flop (didn't bet)
Seat 2: Hero folded before Flop (didn't bet)
Seat 3: 8ca69c2a (button) folded before Flop (didn't bet)
Seat 4: d0003275 (small blind) folded before Flop
Seat 6: ac52142a (big blind) collected ($0.57)


Poker Hand #HD1836156399: Hold'em No Limit ($0.05/$0.1) - 2024/06/29 18:23:10
Table 'NLHRed69' 6-max Seat #2 is the button
Seat 1: 65b43465 ($8.85 in chips)
Seat 2: Hero ($13.99 in chips)
Seat 3: 8ca69c2a ($2.89 in chips)
Seat 4: d0003275 ($12.51 in chips)
Seat 6: ac52142a ($1.97 in chips)
8ca69c2a: posts small blind $0.05
d0003275: posts big blind $0.1
*** HOLE CARDS ***
Dealt to 65b43465 
Dealt to Hero [9s Tc]
Dealt to 8ca69c2a 
Dealt to d0003275 
Dealt to ac52142a 
ac52142a: calls $0.1
65b43465: folds
Hero: folds
8ca69c2a: raises $0.1 to $0.2
d0003275: folds
ac52142a: calls $0.1
*** FLOP *** [Kc 3c Ah]
8ca69c2a: bets $0.25
ac52142a: folds
Uncalled bet ($0.25) returned to 8ca69c2a
*** SHOWDOWN ***
8ca69c2a collected $0.48 from pot
*** SUMMARY ***
Total pot $0.5 | Rake $0.02 | Jackpot $0 | Bingo $0 | Fortune $0 | Tax $0
Board [Kc 3c Ah]
Seat 1: 65b43465 folded before Flop (didn't bet)
Seat 2: Hero (button) folded before Flop (didn't bet)
Seat 3: 8ca69c2a (small blind) won ($0.48)
Seat 4: d0003275 (big blind) folded before Flop
Seat 6: ac52142a folded on the Flop


Poker Hand #HD1836156320: Hold'em No Limit ($0.05/$0.1) - 2024/06/29 18:22:19
Table 'NLHRed69' 6-max Seat #1 is the button
Seat 1: 65b43465 ($9.22 in chips)
Seat 2: Hero ($14.04 in chips)
Seat 3: 8ca69c2a ($2.15 in chips)
Seat 4: d0003275 ($12.51 in chips)
Seat 6: ac52142a ($2.34 in chips)
Hero: posts small blind $0.05
8ca69c2a: posts big blind $0.1
*** HOLE CARDS ***
Dealt to 65b43465 
Dealt to Hero [Qd 5s]
Dealt to 8ca69c2a 
Dealt to d0003275 
Dealt to ac52142a 
d0003275: folds
ac52142a: calls $0.1
65b43465: calls $0.1
Hero: folds
8ca69c2a: raises $0.27 to $0.37
ac52142a: calls $0.27
65b43465: calls $0.27
*** FLOP *** [5h 8c 6d]
8ca69c2a: checks
ac52142a: checks
65b43465: checks
*** TURN *** [5h 8c 6d] [2s]
8ca69c2a: bets $0.58
ac52142a: folds
65b43465: folds
Uncalled bet ($0.58) returned to 8ca69c2a
*** SHOWDOWN ***
8ca69c2a collected $1.11 from pot
*** SUMMARY ***
Total pot $1.16 | Rake $0.05 | Jackpot $0 | Bingo $0 | Fortune $0 | Tax $0
Board [5h 8c 6d 2s]
Seat 1: 65b43465 (button) folded on the Turn
Seat 2: Hero (small blind) folded before Flop
Seat 3: 8ca69c2a (big blind) won ($1.11)
Seat 4: d0003275 folded before Flop (didn't bet)
Seat 6: ac52142a folded on the Turn


Poker Hand #HD1836156294: Hold'em No Limit ($0.05/$0.1) - 2024/06/29 18:22:07
Table 'NLHRed69' 6-max Seat #6 is the button
Seat 1: 65b43465 ($9.27 in chips)
Seat 2: Hero ($13.99 in chips)
Seat 3: 8ca69c2a ($2.15 in chips)
Seat 4: d0003275 ($12.51 in chips)
Seat 6: ac52142a ($2.34 in chips)
65b43465: posts small blind $0.05
Hero: posts big blind $0.1
*** HOLE CARDS ***
Dealt to 65b43465 
Dealt to Hero [Js Ac]
Dealt to 8ca69c2a 
Dealt to d0003275 
Dealt to ac52142a 
8ca69c2a: folds
d0003275: folds
ac52142a: folds
65b43465: folds
Uncalled bet ($0.05) returned to Hero
*** SHOWDOWN ***
Hero collected $0.1 from pot
*** SUMMARY ***
Total pot $0.1 | Rake $0 | Jackpot $0 | Bingo $0 | Fortune $0 | Tax $0
Seat 1: 65b43465 (small blind) folded before Flop
Seat 2: Hero (big blind) collected ($0.1)
Seat 3: 8ca69c2a folded before Flop (didn't bet)
Seat 4: d0003275 folded before Flop (didn't bet)
Seat 6: ac52142a (button) folded before Flop (didn't bet)


Poker Hand #HD1836156154: Hold'em No Limit ($0.05/$0.1) - 2024/06/29 18:20:43
Table 'NLHRed69' 6-max Seat #5 is the button
Seat 1: 65b43465 ($9.92 in chips)
Seat 2: Hero ($13.99 in chips)
Seat 3: 8ca69c2a ($2.15 in chips)
Seat 4: d0003275 ($10 in chips)
Seat 5: 4de073b8 ($3.6 in chips)
Seat 6: ac52142a ($2.39 in chips)
ac52142a: posts small blind $0.05
65b43465: posts big blind $0.1
*** HOLE CARDS ***
Dealt to 65b43465 
Dealt to Hero [9c 6s]
Dealt to 8ca69c2a 
Dealt to d0003275 
Dealt to 4de073b8 
Dealt to ac52142a 
Hero: folds
8ca69c2a: folds
d0003275: raises $0.2 to $0.3
4de073b8: calls $0.3
ac52142a: folds
65b43465: calls $0.2
*** FLOP *** [Qd Kc Ts]
65b43465: checks
d0003275: bets $0.35
4de073b8: calls $0.35
65b43465: calls $0.35
*** TURN *** [Qd Kc Ts] [2c]
65b43465: checks
d0003275: bets $1.5
4de073b8: calls $1.5
65b43465: folds
*** RIVER *** [Qd Kc Ts 2c] [Js]
d0003275: bets $1.65
4de073b8: folds
Uncalled bet ($1.65) returned to d0003275
*** SHOWDOWN ***
d0003275 collected $4.66 from pot
*** SUMMARY ***
Total pot $5 | Rake $0.24 | Jackpot $0.1 | Bingo $0 | Fortune $0 | Tax $0
Board [Qd Kc Ts 2c Js]
Seat 1: 65b43465 (big blind) folded on the Turn
Seat 2: Hero folded before Flop (didn't bet)
Seat 3: 8ca69c2a folded before Flop (didn't bet)
Seat 4: d0003275 won ($4.66)
Seat 5: 4de073b8 (button) folded on the River
Seat 6: ac52142a (small blind) folded before Flop


Poker Hand #HD1836156128: Hold'em No Limit ($0.05/$0.1) - 2024/06/29 18:20:31
Table 'NLHRed69' 6-max Seat #4 is the button
Seat 1: 65b43465 ($9.92 in chips)
Seat 2: Hero ($13.99 in chips)
Seat 3: 8ca69c2a ($2.15 in chips)
Seat 4: d0003275 ($10 in chips)
Seat 5: 4de073b8 ($3.65 in chips)
Seat 6: ac52142a ($2.34 in chips)
4de073b8: posts small blind $0.05
ac52142a: posts big blind $0.1
*** HOLE CARDS ***
Dealt to 65b43465 
Dealt to Hero [8c 7h]
Dealt to 8ca69c2a 
Dealt to d0003275 
Dealt to 4de073b8 
Dealt to ac52142a 
65b43465: folds
Hero: folds
8ca69c2a: folds
d0003275: folds
4de073b8: folds
Uncalled bet ($0.05) returned to ac52142a
*** SHOWDOWN ***
ac52142a collected $0.1 from pot
*** SUMMARY ***
Total pot $0.1 | Rake $0 | Jackpot $0 | Bingo $0 | Fortune $0 | Tax $0
Seat 1: 65b43465 folded before Flop (didn't bet)
Seat 2: Hero folded before Flop (didn't bet)
Seat 3: 8ca69c2a folded before Flop (didn't bet)
Seat 4: d0003275 (button) folded before Flop (didn't bet)
Seat 5: 4de073b8 (small blind) folded before Flop
Seat 6: ac52142a (big blind) collected ($0.1)


Poker Hand #HD1836156033: Hold'em No Limit ($0.05/$0.1) - 2024/06/29 18:19:33
Table 'NLHRed69' 6-max Seat #3 is the button
Seat 1: 65b43465 ($9.79 in chips)
Seat 2: Hero ($13.99 in chips)
Seat 3: 8ca69c2a ($2.02 in chips)
Seat 4: d0003275 ($10 in chips)
Seat 5: 4de073b8 ($4.18 in chips)
Seat 6: ac52142a ($2.34 in chips)
d0003275: posts small blind $0.05
4de073b8: posts big blind $0.1
*** HOLE CARDS ***
Dealt to 65b43465 
Dealt to Hero [7h 8d]
Dealt to 8ca69c2a 
Dealt to d0003275 
Dealt to 4de073b8 
Dealt to ac52142a 
ac52142a: folds
65b43465: raises $0.1 to $0.2
Hero: folds
8ca69c2a: calls $0.2
d0003275: folds
4de073b8: calls $0.1
*** FLOP *** [Td As Tc]
4de073b8: checks
65b43465: bets $0.33
8ca69c2a: calls $0.33
4de073b8: calls $0.33
*** TURN *** [Td As Tc] [7d]
4de073b8: checks
65b43465: checks
8ca69c2a: bets $1.49 and is all-in
4de073b8: folds
65b43465: calls $1.49
8ca69c2a: shows [9d Ah] (Pair of Aces and Pair of Tens)
65b43465: shows [Ad 9c] (Pair of Aces and Pair of Tens)
*** RIVER *** [Td As Tc 7d] [4h]
*** SHOWDOWN ***
65b43465 collected $2.15 from pot
8ca69c2a collected $2.15 from pot
*** SUMMARY ***
Total pot $4.62 | Rake $0.22 | Jackpot $0.1 | Bingo $0 | Fortune $0 | Tax $0
Board [Td As Tc 7d 4h]
Seat 1: 65b43465 showed [Ad 9c] and won ($2.15) with Pair of Aces and Pair of Tens
Seat 2: Hero folded before Flop (didn't bet)
Seat 3: 8ca69c2a (button) showed [9d Ah] and won ($2.15) with Pair of Aces and Pair of Tens
Seat 4: d0003275 (small blind) folded before Flop
Seat 5: 4de073b8 (big blind) folded on the Turn
Seat 6: ac52142a folded before Flop (didn't bet)


Poker Hand #HD1836155924: Hold'em No Limit ($0.05/$0.1) - 2024/06/29 18:18:40
Table 'NLHRed69' 6-max Seat #2 is the button
Seat 1: 65b43465 ($7.38 in chips)
Seat 2: Hero ($13.99 in chips)
Seat 3: 8ca69c2a ($2.75 in chips)
Seat 4: d0003275 ($10 in chips)
Seat 5: 4de073b8 ($5.77 in chips)
Seat 6: ac52142a ($2.64 in chips)
8ca69c2a: posts small blind $0.05
d0003275: posts big blind $0.1
*** HOLE CARDS ***
Dealt to 65b43465 
Dealt to Hero [8d 4h]
Dealt to 8ca69c2a 
Dealt to d0003275 
Dealt to 4de073b8 
Dealt to ac52142a 
4de073b8: calls $0.1
ac52142a: raises $0.2 to $0.3
65b43465: calls $0.3
Hero: folds
8ca69c2a: calls $0.25
d0003275: folds
4de073b8: calls $0.2
*** FLOP *** [5d 6d Qs]
8ca69c2a: checks
4de073b8: checks
ac52142a: checks
65b43465: bets $0.43
8ca69c2a: calls $0.43
4de073b8: calls $0.43
ac52142a: folds
*** TURN *** [5d 6d Qs] [7c]
8ca69c2a: checks
4de073b8: checks
65b43465: bets $0.86
8ca69c2a: folds
4de073b8: calls $0.86
*** RIVER *** [5d 6d Qs 7c] [Jh]
4de073b8: checks
65b43465: bets $4.31
4de073b8: folds
Uncalled bet ($4.31) returned to 65b43465
*** SHOWDOWN ***
65b43465 collected $4 from pot
*** SUMMARY ***
Total pot $4.31 | Rake $0.21 | Jackpot $0.1 | Bingo $0 | Fortune $0 | Tax $0
Board [5d 6d Qs 7c Jh]
Seat 1: 65b43465 won ($4)
Seat 2: Hero (button) folded before Flop (didn't bet)
Seat 3: 8ca69c2a (small blind) folded on the Turn
Seat 4: d0003275 (big blind) folded before Flop
Seat 5: 4de073b8 folded on the River
Seat 6: ac52142a folded on the Flop


Poker Hand #HD1836155833: Hold'em No Limit ($0.05/$0.1) - 2024/06/29 18:17:43
Table 'NLHRed69' 6-max Seat #1 is the button
Seat 1: 65b43465 ($8.93 in chips)
Seat 2: Hero ($14.04 in chips)
Seat 3: 8ca69c2a ($3.05 in chips)
Seat 5: 4de073b8 ($5.77 in chips)
Seat 6: ac52142a ($1.55 in chips)
Hero: posts small blind $0.05
8ca69c2a: posts big blind $0.1
*** HOLE CARDS ***
Dealt to 65b43465 
Dealt to Hero [5d 3h]
Dealt to 8ca69c2a 
Dealt to 4de073b8 
Dealt to ac52142a 
4de073b8: folds
ac52142a: raises $0.2 to $0.3
65b43465: calls $0.3
Hero: folds
8ca69c2a: calls $0.2
*** FLOP *** [4s 6s 6d]
8ca69c2a: checks
ac52142a: bets $0.72
65b43465: raises $7.91 to $8.63 and is all-in
8ca69c2a: folds
ac52142a: calls $0.53 and is all-in
Uncalled bet ($7.38) returned to 65b43465
65b43465: shows [Qd As] (Pair of Sixes)
ac52142a: shows [Ks Ts] (Pair of Sixes)
*** TURN *** [4s 6s 6d] [2s]
ac52142a: Chooses to EV Cashout 
*** RIVER *** [4s 6s 6d 2s] [Jd]
ac52142a: Pays Cashout Risk ($0.55)
*** SHOWDOWN ***
ac52142a collected $3.19 from pot
*** SUMMARY ***
Total pot $3.45 | Rake $0.16 | Jackpot $0.1 | Bingo $0 | Fortune $0 | Tax $0
Board [4s 6s 6d 2s Jd]
Seat 1: 65b43465 (button) showed [Qd As] and lost with Pair of Sixes
Seat 2: Hero (small blind) folded before Flop
Seat 3: 8ca69c2a (big blind) folded on the Flop
Seat 5: 4de073b8 folded before Flop (didn't bet)
Seat 6: ac52142a showed [Ks Ts] and won ($3.19) with King High Flush, Cashout Risk ($0.55)


Poker Hand #HD1836155722: Hold'em No Limit ($0.05/$0.1) - 2024/06/29 18:16:43
Table 'NLHRed69' 6-max Seat #6 is the button
Seat 1: 65b43465 ($8.2 in chips)
Seat 2: Hero ($14.14 in chips)
Seat 3: 8ca69c2a ($3.75 in chips)
Seat 5: 4de073b8 ($5.77 in chips)
Seat 6: ac52142a ($1.55 in chips)
65b43465: posts small blind $0.05
Hero: posts big blind $0.1
*** HOLE CARDS ***
Dealt to 65b43465 
Dealt to Hero [7d 8c]
Dealt to 8ca69c2a 
Dealt to 4de073b8 
Dealt to ac52142a 
8ca69c2a: calls $0.1
4de073b8: folds
ac52142a: folds
65b43465: calls $0.05
Hero: checks
*** FLOP *** [Jd 6d Kc]
65b43465: checks
Hero: checks
8ca69c2a: bets $0.15
65b43465: calls $0.15
Hero: folds
*** TURN *** [Jd 6d Kc] [7h]
65b43465: checks
8ca69c2a: bets $0.45
65b43465: calls $0.45
*** RIVER *** [Jd 6d Kc 7h] [Jc]
65b43465: checks
8ca69c2a: checks
65b43465: shows [Ad Qc] (Pair of Jacks)
8ca69c2a: shows [8d Qd] (Pair of Jacks)
*** SHOWDOWN ***
65b43465 collected $1.43 from pot
*** SUMMARY ***
Total pot $1.5 | Rake $0.07 | Jackpot $0 | Bingo $0 | Fortune $0 | Tax $0
Board [Jd 6d Kc 7h Jc]
Seat 1: 65b43465 (small blind) showed [Ad Qc] and won ($1.43) with Pair of Jacks
Seat 2: Hero (big blind) folded on the Flop
Seat 3: 8ca69c2a showed [8d Qd] and lost with Pair of Jacks
Seat 5: 4de073b8 folded before Flop (didn't bet)
Seat 6: ac52142a (button) folded before Flop (didn't bet)


Poker Hand #HD1836155667: Hold'em No Limit ($0.05/$0.1) - 2024/06/29 18:16:13
Table 'NLHRed69' 6-max Seat #5 is the button
Seat 1: 65b43465 ($7.88 in chips)
Seat 2: Hero ($14.14 in chips)
Seat 3: 8ca69c2a ($3.85 in chips)
Seat 5: 4de073b8 ($5.77 in chips)
Seat 6: ac52142a ($1.8 in chips)
ac52142a: posts small blind $0.05
65b43465: posts big blind $0.1
*** HOLE CARDS ***
Dealt to 65b43465 
Dealt to Hero [5d Jh]
Dealt to 8ca69c2a 
Dealt to 4de073b8 
Dealt to ac52142a 
Hero: folds
8ca69c2a: calls $0.1
4de073b8: folds
ac52142a: calls $0.05
65b43465: checks
*** FLOP *** [3d Td 7s]
ac52142a: bets $0.15
65b43465: calls $0.15
8ca69c2a: folds
*** TURN *** [3d Td 7s] [8h]
ac52142a: checks
65b43465: bets $0.2
ac52142a: folds
Uncalled bet ($0.2) returned to 65b43465
*** SHOWDOWN ***
65b43465 collected $0.57 from pot
*** SUMMARY ***
Total pot $0.6 | Rake $0.03 | Jackpot $0 | Bingo $0 | Fortune $0 | Tax $0
Board [3d Td 7s 8h]
Seat 1: 65b43465 (big blind) won ($0.57)
Seat 2: Hero folded before Flop (didn't bet)
Seat 3: 8ca69c2a folded on the Flop
Seat 5: 4de073b8 (button) folded before Flop (didn't bet)
Seat 6: ac52142a (small blind) folded on the Turn


Poker Hand #HD1836065619: Hold'em No Limit ($0.05/$0.1) - 2024/06/29 18:15:47
Table 'NLHRed69' 6-max Seat #3 is the button
Seat 1: 65b43465 ($7.88 in chips)
Seat 2: Hero ($14.34 in chips)
Seat 3: 8ca69c2a ($4.05 in chips)
Seat 5: 4de073b8 ($5.3 in chips)
Seat 6: ac52142a ($1.9 in chips)
4de073b8: posts small blind $0.05
ac52142a: posts big blind $0.1
*** HOLE CARDS ***
Dealt to 65b43465 
Dealt to Hero [Kc Qd]
Dealt to 8ca69c2a 
Dealt to 4de073b8 
Dealt to ac52142a 
65b43465: folds
Hero: raises $0.1 to $0.2
8ca69c2a: calls $0.2
4de073b8: raises $5.1 to $5.3 and is all-in
ac52142a: folds
Hero: folds
8ca69c2a: folds
Uncalled bet ($5.1) returned to 4de073b8
*** SHOWDOWN ***
4de073b8 collected $0.67 from pot
*** SUMMARY ***
Total pot $0.7 | Rake $0.03 | Jackpot $0 | Bingo $0 | Fortune $0 | Tax $0
Seat 1: 65b43465 folded before Flop (didn't bet)
Seat 2: Hero folded before Flop
Seat 3: 8ca69c2a (button) folded before Flop
Seat 5: 4de073b8 (small blind) collected ($0.67)
Seat 6: ac52142a (big blind) folded before Flop


Poker Hand #HD1836065518: Hold'em No Limit ($0.05/$0.1) - 2024/06/29 18:14:45
Table 'NLHRed69' 6-max Seat #2 is the button
Seat 1: 65b43465 ($10.69 in chips)
Seat 2: Hero ($14.34 in chips)
Seat 3: 8ca69c2a ($4.1 in chips)
Seat 5: 4de073b8 ($2.81 in chips)
Seat 6: ac52142a ($1.9 in chips)
8ca69c2a: posts small blind $0.05
4de073b8: posts big blind $0.1
*** HOLE CARDS ***
Dealt to 65b43465 
Dealt to Hero [7s Qs]
Dealt to 8ca69c2a 
Dealt to 4de073b8 
Dealt to ac52142a 
ac52142a: folds
65b43465: raises $0.1 to $0.2
Hero: folds
8ca69c2a: folds
4de073b8: calls $0.1
*** FLOP *** [8d Qh 7c]
4de073b8: checks
65b43465: bets $0.23
4de073b8: calls $0.23
*** TURN *** [8d Qh 7c] [Jd]
4de073b8: checks
65b43465: bets $0.46
4de073b8: raises $1.92 to $2.38 and is all-in
65b43465: calls $1.92
4de073b8: shows [4d 7d] (Pair of Sevens)
65b43465: shows [Qc Ac] (Pair of Queens)
*** RIVER *** [8d Qh 7c Jd] [Ad]
*** SHOWDOWN ***
4de073b8 collected $5.3 from pot
*** SUMMARY ***
Total pot $5.67 | Rake $0.27 | Jackpot $0.1 | Bingo $0 | Fortune $0 | Tax $0
Board [8d Qh 7c Jd Ad]
Seat 1: 65b43465 showed [Qc Ac] and lost with Pair of Aces and Pair of Queens
Seat 2: Hero (button) folded before Flop (didn't bet)
Seat 3: 8ca69c2a (small blind) folded before Flop
Seat 5: 4de073b8 (big blind) showed [4d 7d] and won ($5.3) with Ace High Flush
Seat 6: ac52142a folded before Flop (didn't bet)


Poker Hand #HD1836065470: Hold'em No Limit ($0.05/$0.1) - 2024/06/29 18:14:14
Table 'NLHRed69' 6-max Seat #1 is the button
Seat 1: 65b43465 ($10.69 in chips)
Seat 2: Hero ($14.39 in chips)
Seat 3: 8ca69c2a ($3.34 in chips)
Seat 4: 29641773 ($10 in chips)
Seat 5: 4de073b8 ($3.49 in chips)
Seat 6: ac52142a ($2 in chips)
Hero: posts small blind $0.05
8ca69c2a: posts big blind $0.1
ac52142a: posts big blind $0.1
*** HOLE CARDS ***
Dealt to 65b43465 
Dealt to Hero [8h 7d]
Dealt to 8ca69c2a 
Dealt to 29641773 
Dealt to 4de073b8 
Dealt to ac52142a 
29641773: folds
4de073b8: raises $0.2 to $0.3
ac52142a: folds
65b43465: folds
Hero: folds
8ca69c2a: calls $0.2
*** FLOP *** [7s 9d Js]
8ca69c2a: checks
4de073b8: checks
*** TURN *** [7s 9d Js] [2c]
8ca69c2a: bets $0.38
4de073b8: calls $0.38
*** RIVER *** [7s 9d Js 2c] [4d]
8ca69c2a: bets $0.76
4de073b8: folds
Uncalled bet ($0.76) returned to 8ca69c2a
*** SHOWDOWN ***
8ca69c2a collected $1.44 from pot
*** SUMMARY ***
Total pot $1.51 | Rake $0.07 | Jackpot $0 | Bingo $0 | Fortune $0 | Tax $0
Board [7s 9d Js 2c 4d]
Seat 1: 65b43465 (button) folded before Flop (didn't bet)
Seat 2: Hero (small blind) folded before Flop
Seat 3: 8ca69c2a (big blind) won ($1.44)
Seat 4: 29641773 folded before Flop (didn't bet)
Seat 5: 4de073b8 folded on the River
Seat 6: ac52142a folded before Flop


Poker Hand #HD1836065397: Hold'em No Limit ($0.05/$0.1) - 2024/06/29 18:13:34
Table 'NLHRed69' 6-max Seat #5 is the button
Seat 1: 65b43465 ($10.74 in chips)
Seat 2: Hero ($14.49 in chips)
Seat 3: 8ca69c2a ($3.64 in chips)
Seat 4: 29641773 ($10 in chips)
Seat 5: 4de073b8 ($3.07 in chips)
65b43465: posts small blind $0.05
Hero: posts big blind $0.1
*** HOLE CARDS ***
Dealt to 65b43465 
Dealt to Hero [Kd 2s]
Dealt to 8ca69c2a 
Dealt to 29641773 
Dealt to 4de073b8 
8ca69c2a: calls $0.1
29641773: folds
4de073b8: raises $0.2 to $0.3
65b43465: folds
Hero: folds
8ca69c2a: calls $0.2
*** FLOP *** [6h 9h Ac]
8ca69c2a: checks
4de073b8: checks
*** TURN *** [6h 9h Ac] [7h]
8ca69c2a: checks
4de073b8: checks
*** RIVER *** [6h 9h Ac 7h] [Kh]
8ca69c2a: checks
4de073b8: checks
8ca69c2a: shows [4s Ts] (Ace-High)
4de073b8: shows [Jc Js] (Pair of Jacks)
*** SHOWDOWN ***
4de073b8 collected $0.72 from pot
*** SUMMARY ***
Total pot $0.75 | Rake $0.03 | Jackpot $0 | Bingo $0 | Fortune $0 | Tax $0
Board [6h 9h Ac 7h Kh]
Seat 1: 65b43465 (small blind) folded before Flop
Seat 2: Hero (big blind) folded before Flop
Seat 3: 8ca69c2a showed [4s Ts] and lost with Ace-High
Seat 4: 29641773 folded before Flop (didn't bet)
Seat 5: 4de073b8 (button) showed [Jc Js] and won ($0.72) with Pair of Jacks


Poker Hand #HD1836065273: Hold'em No Limit ($0.05/$0.1) - 2024/06/29 18:12:26
Table 'NLHRed69' 6-max Seat #4 is the button
Seat 1: 65b43465 ($14.96 in chips)
Seat 2: Hero ($10.74 in chips)
Seat 3: 8ca69c2a ($3.64 in chips)
Seat 4: 29641773 ($10 in chips)
Seat 5: 4de073b8 ($3.12 in chips)
4de073b8: posts small blind $0.05
65b43465: posts big blind $0.1
*** HOLE CARDS ***
Dealt to 65b43465 
Dealt to Hero [4d Ad]
Dealt to 8ca69c2a 
Dealt to 29641773 
Dealt to 4de073b8 
Hero: raises $0.1 to $0.2
8ca69c2a: folds
29641773: folds
4de073b8: folds
65b43465: calls $0.1
*** FLOP *** [As 5c Kh]
65b43465: bets $0.34
Hero: calls $0.34
*** TURN *** [As 5c Kh] [4h]
65b43465: bets $0.85
Hero: calls $0.85
*** RIVER *** [As 5c Kh 4h] [8c]
65b43465: bets $2.83
Hero: calls $2.83
65b43465: shows [8d Kd] (Pair of Kings and Pair of Eights)
Hero: shows [4d Ad] (Pair of Aces and Pair of Fours)
*** SHOWDOWN ***
Hero collected $7.97 from pot
*** SUMMARY ***
Total pot $8.49 | Rake $0.42 | Jackpot $0.1 | Bingo $0 | Fortune $0 | Tax $0
Board [As 5c Kh 4h 8c]
Seat 1: 65b43465 (big blind) showed [8d Kd] and lost with Pair of Kings and Pair of Eights
Seat 2: Hero showed [4d Ad] and won ($7.97) with Pair of Aces and Pair of Fours
Seat 3: 8ca69c2a folded before Flop (didn't bet)
Seat 4: 29641773 (button) folded before Flop (didn't bet)
Seat 5: 4de073b8 (small blind) folded before Flop


Poker Hand #HD1836065201: Hold'em No Limit ($0.05/$0.1) - 2024/06/29 18:11:43
Table 'NLHRed69' 6-max Seat #3 is the button
Seat 1: 65b43465 ($14.96 in chips)
Seat 2: Hero ($10.74 in chips)
Seat 3: 8ca69c2a ($5.16 in chips)
Seat 4: 29641773 ($10 in chips)
Seat 5: 4de073b8 ($1.8 in chips)
Seat 6: ceb74f53 ($20.07 in chips)
29641773: posts small blind $0.05
4de073b8: posts big blind $0.1
*** HOLE CARDS ***
Dealt to 65b43465 
Dealt to Hero [Kd 2s]
Dealt to 8ca69c2a 
Dealt to 29641773 
Dealt to 4de073b8 
Dealt to ceb74f53 
ceb74f53: folds
65b43465: folds
Hero: folds
8ca69c2a: calls $0.1
29641773: folds
4de073b8: checks
*** FLOP *** [5d Ac 5c]
4de073b8: bets $0.13
8ca69c2a: calls $0.13
*** TURN *** [5d Ac 5c] [Js]
4de073b8: bets $0.26
8ca69c2a: calls $0.26
*** RIVER *** [5d Ac 5c Js] [9d]
4de073b8: bets $1.03
8ca69c2a: calls $1.03
4de073b8: shows [5h 7c] (Three Fives)
8ca69c2a: shows [Ah 6c] (Pair of Aces and Pair of Fives)
*** SHOWDOWN ***
4de073b8 collected $2.84 from pot
*** SUMMARY ***
Total pot $3.09 | Rake $0.15 | Jackpot $0.1 | Bingo $0 | Fortune $0 | Tax $0
Board [5d Ac 5c Js 9d]
Seat 1: 65b43465 folded before Flop (didn't bet)
Seat 2: Hero folded before Flop (didn't bet)
Seat 3: 8ca69c2a (button) showed [Ah 6c] and lost with Pair of Aces and Pair of Fives
Seat 4: 29641773 (small blind) folded before Flop
Seat 5: 4de073b8 (big blind) showed [5h 7c] and won ($2.84) with Three Fives
Seat 6: ceb74f53 folded before Flop (didn't bet)


Poker Hand #HD1836065159: Hold'em No Limit ($0.05/$0.1) - 2024/06/29 18:11:21
Table 'NLHRed69' 6-max Seat #2 is the button
Seat 1: 65b43465 ($14.96 in chips)
Seat 2: Hero ($10.59 in chips)
Seat 3: 8ca69c2a ($5.21 in chips)
Seat 4: 29641773 ($10 in chips)
Seat 5: 4de073b8 ($1.8 in chips)
Seat 6: ceb74f53 ($20.07 in chips)
8ca69c2a: posts small blind $0.05
29641773: posts big blind $0.1
*** HOLE CARDS ***
Dealt to 65b43465 
Dealt to Hero [Ah 3h]
Dealt to 8ca69c2a 
Dealt to 29641773 
Dealt to 4de073b8 
Dealt to ceb74f53 
4de073b8: folds
ceb74f53: folds
65b43465: folds
Hero: raises $0.14 to $0.24
8ca69c2a: folds
29641773: folds
Uncalled bet ($0.14) returned to Hero
*** SHOWDOWN ***
Hero collected $0.25 from pot
*** SUMMARY ***
Total pot $0.25 | Rake $0 | Jackpot $0 | Bingo $0 | Fortune $0 | Tax $0
Seat 1: 65b43465 folded before Flop (didn't bet)
Seat 2: Hero (button) collected ($0.25)
Seat 3: 8ca69c2a (small blind) folded before Flop
Seat 4: 29641773 (big blind) folded before Flop
Seat 5: 4de073b8 folded before Flop (didn't bet)
Seat 6: ceb74f53 folded before Flop (didn't bet)


Poker Hand #HD1836065130: Hold'em No Limit ($0.05/$0.1) - 2024/06/29 18:11:02
Table 'NLHRed69' 6-max Seat #1 is the button
Seat 1: 65b43465 ($14.96 in chips)
Seat 2: Hero ($10.64 in chips)
Seat 3: 8ca69c2a ($5.16 in chips)
Seat 4: 29641773 ($10 in chips)
Seat 5: 4de073b8 ($1.8 in chips)
Seat 6: ceb74f53 ($20.07 in chips)
Hero: posts small blind $0.05
8ca69c2a: posts big blind $0.1
*** HOLE CARDS ***
Dealt to 65b43465 
Dealt to Hero [Jd 8c]
Dealt to 8ca69c2a 
Dealt to 29641773 
Dealt to 4de073b8 
Dealt to ceb74f53 
29641773: folds
4de073b8: folds
ceb74f53: folds
65b43465: folds
Hero: folds
Uncalled bet ($0.05) returned to 8ca69c2a
*** SHOWDOWN ***
8ca69c2a collected $0.1 from pot
*** SUMMARY ***
Total pot $0.1 | Rake $0 | Jackpot $0 | Bingo $0 | Fortune $0 | Tax $0
Seat 1: 65b43465 (button) folded before Flop (didn't bet)
Seat 2: Hero (small blind) folded before Flop
Seat 3: 8ca69c2a (big blind) collected ($0.1)
Seat 4: 29641773 folded before Flop (didn't bet)
Seat 5: 4de073b8 folded before Flop (didn't bet)
Seat 6: ceb74f53 folded before Flop (didn't bet)


Poker Hand #HD1836064996: Hold'em No Limit ($0.05/$0.1) - 2024/06/29 18:09:53
Table 'NLHRed69' 6-max Seat #6 is the button
Seat 1: 65b43465 ($15.01 in chips)
Seat 2: Hero ($10.41 in chips)
Seat 3: 8ca69c2a ($5.16 in chips)
Seat 4: 29641773 ($10 in chips)
Seat 5: 4de073b8 ($2 in chips)
Seat 6: ceb74f53 ($20.07 in chips)
65b43465: posts small blind $0.05
Hero: posts big blind $0.1
4de073b8: posts big blind $0.1
*** HOLE CARDS ***
Dealt to 65b43465 
Dealt to Hero [9s Js]
Dealt to 8ca69c2a 
Dealt to 29641773 
Dealt to 4de073b8 
Dealt to ceb74f53 
8ca69c2a: folds
29641773: folds
4de073b8: checks
ceb74f53: folds
65b43465: folds
Hero: checks
*** FLOP *** [Ah 3d 7s]
Hero: checks
4de073b8: checks
*** TURN *** [Ah 3d 7s] [9d]
Hero: bets $0.1
4de073b8: calls $0.1
*** RIVER *** [Ah 3d 7s 9d] [9h]
Hero: bets $0.25
4de073b8: folds
Uncalled bet ($0.25) returned to Hero
*** SHOWDOWN ***
Hero collected $0.43 from pot
*** SUMMARY ***
Total pot $0.45 | Rake $0.02 | Jackpot $0 | Bingo $0 | Fortune $0 | Tax $0
Board [Ah 3d 7s 9d 9h]
Seat 1: 65b43465 (small blind) folded before Flop
Seat 2: Hero (big blind) won ($0.43)
Seat 3: 8ca69c2a folded before Flop (didn't bet)
Seat 4: 29641773 folded before Flop (didn't bet)
Seat 5: 4de073b8 folded on the River
Seat 6: ceb74f53 (button) folded before Flop (didn't bet)


Poker Hand #HD1836064914: Hold'em No Limit ($0.05/$0.1) - 2024/06/29 18:09:01
Table 'NLHRed69' 6-max Seat #4 is the button
Seat 1: 65b43465 ($15.41 in chips)
Seat 2: Hero ($10 in chips)
Seat 3: 8ca69c2a ($5.16 in chips)
Seat 4: 29641773 ($10 in chips)
Seat 6: ceb74f53 ($20.12 in chips)
ceb74f53: posts small blind $0.05
65b43465: posts big blind $0.1
*** HOLE CARDS ***
Dealt to 65b43465 
Dealt to Hero [Th Qh]
Dealt to 8ca69c2a 
Dealt to 29641773 
Dealt to ceb74f53 
Hero: raises $0.1 to $0.2
8ca69c2a: folds
29641773: folds
ceb74f53: folds
65b43465: calls $0.1
*** FLOP *** [3s Tc 9c]
65b43465: checks
Hero: bets $0.2
65b43465: calls $0.2
*** TURN *** [3s Tc 9c] [5s]
65b43465: checks
Hero: checks
*** RIVER *** [3s Tc 9c 5s] [Ks]
65b43465: checks
Hero: checks
65b43465: shows [6s 9d] (Pair of Nines)
Hero: shows [Th Qh] (Pair of Tens)
*** SHOWDOWN ***
Hero collected $0.81 from pot
*** SUMMARY ***
Total pot $0.85 | Rake $0.04 | Jackpot $0 | Bingo $0 | Fortune $0 | Tax $0
Board [3s Tc 9c 5s Ks]
Seat 1: 65b43465 (big blind) showed [6s 9d] and lost with Pair of Nines
Seat 2: Hero showed [Th Qh] and won ($0.81) with Pair of Tens
Seat 3: 8ca69c2a folded before Flop (didn't bet)
Seat 4: 29641773 (button) folded before Flop (didn't bet)
Seat 6: ceb74f53 (small blind) folded before Flop


Poker Hand #HD1836064570: Hold'em No Limit ($0.05/$0.1) - 2024/06/29 18:05:39
Table 'NLHRed69' 6-max Seat #3 is the button
Seat 1: 65b43465 ($15.41 in chips)
Seat 2: Hero ($10 in chips)
Seat 3: 8ca69c2a ($5.26 in chips)
Seat 4: 29641773 ($13.79 in chips)
Seat 6: ceb74f53 ($10.56 in chips)
29641773: posts small blind $0.05
ceb74f53: posts big blind $0.1
*** HOLE CARDS ***
Dealt to 65b43465 
Dealt to Hero [2d 8d]
Dealt to 8ca69c2a 
Dealt to 29641773 
Dealt to ceb74f53 
65b43465: folds
Hero: folds
8ca69c2a: calls $0.1
29641773: raises $0.23 to $0.33
ceb74f53: raises $0.77 to $1.1
8ca69c2a: folds
29641773: calls $0.77
*** FLOP *** [3d 4h 9h]
29641773: checks
ceb74f53: bets $0.74
29641773: calls $0.74
*** TURN *** [3d 4h 9h] [8s]
29641773: checks
ceb74f53: bets $1.89
29641773: raises $10.06 to $11.95 and is all-in
ceb74f53: calls $6.83 and is all-in
Uncalled bet ($3.23) returned to 29641773
29641773: shows [Kh Kc] (Pair of Kings)
ceb74f53: shows [Ac Ah] (Pair of Aces)
*** RIVER *** [3d 4h 9h 8s] [7s]
*** SHOWDOWN ***
ceb74f53 collected $20.12 from pot
*** SUMMARY ***
Total pot $21.22 | Rake $1 | Jackpot $0.1 | Bingo $0 | Fortune $0 | Tax $0
Board [3d 4h 9h 8s 7s]
Seat 1: 65b43465 folded before Flop (didn't bet)
Seat 2: Hero folded before Flop (didn't bet)
Seat 3: 8ca69c2a (button) folded before Flop
Seat 4: 29641773 (small blind) showed [Kh Kc] and lost with Pair of Kings
Seat 6: ceb74f53 (big blind) showed [Ac Ah] and won ($20.12) with Pair of Aces


Poker Hand #HD1836064433: Hold'em No Limit ($0.05/$0.1) - 2024/06/29 18:04:09
Table 'NLHRed69' 6-max Seat #2 is the button
Seat 1: 65b43465 ($15.41 in chips)
Seat 2: Hero ($11.08 in chips)
Seat 3: 8ca69c2a ($2.76 in chips)
Seat 4: 29641773 ($13.89 in chips)
Seat 5: 93988659 ($10 in chips)
Seat 6: ceb74f53 ($10.56 in chips)
8ca69c2a: posts small blind $0.05
29641773: posts big blind $0.1
*** HOLE CARDS ***
Dealt to 65b43465 
Dealt to Hero [Kd Ad]
Dealt to 8ca69c2a 
Dealt to 29641773 
Dealt to 93988659 
Dealt to ceb74f53 
93988659: folds
ceb74f53: folds
65b43465: folds
Hero: raises $0.14 to $0.24
8ca69c2a: raises $0.44 to $0.68
29641773: folds
Hero: raises $1.22 to $1.9
8ca69c2a: raises $0.86 to $2.76 and is all-in
Hero: calls $0.86
8ca69c2a: shows [Th Tc]
Hero: shows [Kd Ad]
*** FIRST FLOP *** [Jd Qd 8s]
*** FIRST TURN *** [Jd Qd 8s] [2s]
*** FIRST RIVER *** [Jd Qd 8s 2s] [6c]
*** SECOND FLOP *** [2c 4d Td]
*** SECOND TURN *** [2c 4d Td] [Ac]
*** SECOND RIVER *** [2c 4d Td Ac] [7s]
*** FIRST SHOWDOWN ***
8ca69c2a collected $2.63 from pot
*** SECOND SHOWDOWN ***
8ca69c2a collected $2.63 from pot
*** SUMMARY ***
Total pot $5.62 | Rake $0.26 | Jackpot $0.1 | Bingo $0 | Fortune $0 | Tax $0
Hand was run two times
FIRST Board [Jd Qd 8s 2s 6c]
SECOND Board [2c 4d Td Ac 7s]
Seat 1: 65b43465 folded before Flop (didn't bet)
Seat 2: Hero (button) showed [Kd Ad] and lost with Ace-High, and lost with Pair of Aces
Seat 3: 8ca69c2a (small blind) showed [Th Tc] and won ($2.63) with Pair of Tens, and won ($2.63) with Three Tens
Seat 4: 29641773 (big blind) folded before Flop
Seat 5: 93988659 folded before Flop (didn't bet)
Seat 6: ceb74f53 folded before Flop (didn't bet)


Poker Hand #HD1836064262: Hold'em No Limit ($0.05/$0.1) - 2024/06/29 18:02:32
Table 'NLHRed69' 6-max Seat #1 is the button
Seat 1: 65b43465 ($14.47 in chips)
Seat 2: Hero ($11.13 in chips)
Seat 3: 8ca69c2a ($3.54 in chips)
Seat 4: 29641773 ($13.89 in chips)
Seat 5: 93988659 ($10 in chips)
Seat 6: ceb74f53 ($10.76 in chips)
Hero: posts small blind $0.05
8ca69c2a: posts big blind $0.1
*** HOLE CARDS ***
Dealt to 65b43465 
Dealt to Hero [3d 7d]
Dealt to 8ca69c2a 
Dealt to 29641773 
Dealt to 93988659 
Dealt to ceb74f53 
29641773: folds
93988659: folds
ceb74f53: raises $0.1 to $0.2
65b43465: calls $0.2
Hero: folds
8ca69c2a: calls $0.1
*** FLOP *** [Qd Qc Jd]
8ca69c2a: checks
ceb74f53: checks
65b43465: bets $0.22
8ca69c2a: calls $0.22
ceb74f53: folds
*** TURN *** [Qd Qc Jd] [Ac]
8ca69c2a: checks
65b43465: bets $0.36
8ca69c2a: calls $0.36
*** RIVER *** [Qd Qc Jd Ac] [Ks]
8ca69c2a: checks
65b43465: bets $13.69 and is all-in
8ca69c2a: folds
Uncalled bet ($13.69) returned to 65b43465
*** SHOWDOWN ***
65b43465 collected $1.72 from pot
*** SUMMARY ***
Total pot $1.81 | Rake $0.09 | Jackpot $0 | Bingo $0 | Fortune $0 | Tax $0
Board [Qd Qc Jd Ac Ks]
Seat 1: 65b43465 (button) won ($1.72)
Seat 2: Hero (small blind) folded before Flop
Seat 3: 8ca69c2a (big blind) folded on the River
Seat 4: 29641773 folded before Flop (didn't bet)
Seat 5: 93988659 folded before Flop (didn't bet)
Seat 6: ceb74f53 folded on the Flop


Poker Hand #HD1836064153: Hold'em No Limit ($0.05/$0.1) - 2024/06/29 18:01:29
Table 'NLHRed69' 6-max Seat #6 is the button
Seat 1: 65b43465 ($15.02 in chips)
Seat 2: Hero ($11.23 in chips)
Seat 3: 8ca69c2a ($3.54 in chips)
Seat 4: 29641773 ($13.3 in chips)
Seat 5: 93988659 ($10 in chips)
Seat 6: ceb74f53 ($10.76 in chips)
65b43465: posts small blind $0.05
Hero: posts big blind $0.1
*** HOLE CARDS ***
Dealt to 65b43465 
Dealt to Hero [5d Qh]
Dealt to 8ca69c2a 
Dealt to 29641773 
Dealt to 93988659 
Dealt to ceb74f53 
8ca69c2a: folds
29641773: raises $0.15 to $0.25
93988659: folds
ceb74f53: folds
65b43465: calls $0.2
Hero: folds
*** FLOP *** [6h 7d 3h]
65b43465: checks
29641773: checks
*** TURN *** [6h 7d 3h] [9h]
65b43465: checks
29641773: checks
*** RIVER *** [6h 7d 3h 9h] [Ks]
65b43465: bets $0.3
29641773: calls $0.3
65b43465: shows [Qc Jd] (King-High)
29641773: shows [Kc Qs] (Pair of Kings)
*** SHOWDOWN ***
29641773 collected $1.14 from pot
*** SUMMARY ***
Total pot $1.2 | Rake $0.06 | Jackpot $0 | Bingo $0 | Fortune $0 | Tax $0
Board [6h 7d 3h 9h Ks]
Seat 1: 65b43465 (small blind) showed [Qc Jd] and lost with King-High
Seat 2: Hero (big blind) folded before Flop
Seat 3: 8ca69c2a folded before Flop (didn't bet)
Seat 4: 29641773 showed [Kc Qs] and won ($1.14) with Pair of Kings
Seat 5: 93988659 folded before Flop (didn't bet)
Seat 6: ceb74f53 (button) folded before Flop (didn't bet)


Poker Hand #HD1836064065: Hold'em No Limit ($0.05/$0.1) - 2024/06/29 18:00:36
Table 'NLHRed69' 6-max Seat #5 is the button
Seat 1: 65b43465 ($15.37 in chips)
Seat 2: Hero ($10.86 in chips)
Seat 3: 8ca69c2a ($3.54 in chips)
Seat 4: 29641773 ($13.3 in chips)
Seat 5: 93988659 ($10 in chips)
Seat 6: ceb74f53 ($10.81 in chips)
ceb74f53: posts small blind $0.05
65b43465: posts big blind $0.1
*** HOLE CARDS ***
Dealt to 65b43465 
Dealt to Hero [Jh Th]
Dealt to 8ca69c2a 
Dealt to 29641773 
Dealt to 93988659 
Dealt to ceb74f53 
Hero: raises $0.1 to $0.2
8ca69c2a: folds
29641773: folds
93988659: folds
ceb74f53: folds
65b43465: calls $0.1
*** FLOP *** [Ah 2h 4h]
65b43465: checks
Hero: bets $0.15
65b43465: calls $0.15
*** TURN *** [Ah 2h 4h] [9d]
65b43465: checks
Hero: bets $0.5
65b43465: folds
Uncalled bet ($0.5) returned to Hero
*** SHOWDOWN ***
Hero collected $0.72 from pot
*** SUMMARY ***
Total pot $0.75 | Rake $0.03 | Jackpot $0 | Bingo $0 | Fortune $0 | Tax $0
Board [Ah 2h 4h 9d]
Seat 1: 65b43465 (big blind) folded on the Turn
Seat 2: Hero won ($0.72)
Seat 3: 8ca69c2a folded before Flop (didn't bet)
Seat 4: 29641773 folded before Flop (didn't bet)
Seat 5: 93988659 (button) folded before Flop (didn't bet)
Seat 6: ceb74f53 (small blind) folded before Flop


Poker Hand #HD1836063939: Hold'em No Limit ($0.05/$0.1) - 2024/06/29 17:59:25
Table 'NLHRed69' 6-max Seat #4 is the button
Seat 1: 65b43465 ($15.37 in chips)
Seat 2: Hero ($10.86 in chips)
Seat 3: 8ca69c2a ($3.54 in chips)
Seat 4: 29641773 ($13.3 in chips)
Seat 5: 93988659 ($10.22 in chips)
Seat 6: ceb74f53 ($10.54 in chips)
93988659: posts small blind $0.05
ceb74f53: posts big blind $0.1
*** HOLE CARDS ***
Dealt to 65b43465 
Dealt to Hero [Qc Td]
Dealt to 8ca69c2a 
Dealt to 29641773 
Dealt to 93988659 
Dealt to ceb74f53 
65b43465: folds
Hero: folds
8ca69c2a: folds
29641773: folds
93988659: raises $0.2 to $0.3
ceb74f53: calls $0.2
*** FLOP *** [2d Js 5d]
93988659: checks
ceb74f53: checks
*** TURN *** [2d Js 5d] [2s]
93988659: checks
ceb74f53: bets $0.4
93988659: folds
Uncalled bet ($0.4) returned to ceb74f53
*** SHOWDOWN ***
ceb74f53 collected $0.57 from pot
*** SUMMARY ***
Total pot $0.6 | Rake $0.03 | Jackpot $0 | Bingo $0 | Fortune $0 | Tax $0
Board [2d Js 5d 2s]
Seat 1: 65b43465 folded before Flop (didn't bet)
Seat 2: Hero folded before Flop (didn't bet)
Seat 3: 8ca69c2a folded before Flop (didn't bet)
Seat 4: 29641773 (button) folded before Flop (didn't bet)
Seat 5: 93988659 (small blind) folded on the Turn
Seat 6: ceb74f53 (big blind) won ($0.57)


Poker Hand #HD1836063909: Hold'em No Limit ($0.05/$0.1) - 2024/06/29 17:59:05
Table 'NLHRed69' 6-max Seat #3 is the button
Seat 1: 65b43465 ($15.22 in chips)
Seat 2: Hero ($10.86 in chips)
Seat 3: 8ca69c2a ($3.54 in chips)
Seat 4: 29641773 ($13.35 in chips)
Seat 5: 93988659 ($10.32 in chips)
Seat 6: ceb74f53 ($10.54 in chips)
29641773: posts small blind $0.05
93988659: posts big blind $0.1
*** HOLE CARDS ***
Dealt to 65b43465 
Dealt to Hero [7d Ad]
Dealt to 8ca69c2a 
Dealt to 29641773 
Dealt to 93988659 
Dealt to ceb74f53 
ceb74f53: folds
65b43465: raises $0.1 to $0.2
Hero: folds
8ca69c2a: folds
29641773: folds
93988659: folds
Uncalled bet ($0.1) returned to 65b43465
*** SHOWDOWN ***
65b43465 collected $0.25 from pot
*** SUMMARY ***
Total pot $0.25 | Rake $0 | Jackpot $0 | Bingo $0 | Fortune $0 | Tax $0
Seat 1: 65b43465 collected ($0.25)
Seat 2: Hero folded before Flop (didn't bet)
Seat 3: 8ca69c2a (button) folded before Flop (didn't bet)
Seat 4: 29641773 (small blind) folded before Flop
Seat 5: 93988659 (big blind) folded before Flop
Seat 6: ceb74f53 folded before Flop (didn't bet)


Poker Hand #HD1836063799: Hold'em No Limit ($0.05/$0.1) - 2024/06/29 17:58:03
Table 'NLHRed69' 6-max Seat #2 is the button
Seat 1: 65b43465 ($15.22 in chips)
Seat 2: Hero ($10 in chips)
Seat 3: 8ca69c2a ($4.38 in chips)
Seat 4: 29641773 ($13.45 in chips)
Seat 5: 93988659 ($10.32 in chips)
Seat 6: ceb74f53 ($10.54 in chips)
8ca69c2a: posts small blind $0.05
29641773: posts big blind $0.1
*** HOLE CARDS ***
Dealt to 65b43465 
Dealt to Hero [7h Jh]
Dealt to 8ca69c2a 
Dealt to 29641773 
Dealt to 93988659 
Dealt to ceb74f53 
93988659: folds
ceb74f53: folds
65b43465: folds
Hero: raises $0.14 to $0.24
8ca69c2a: calls $0.19
29641773: folds
*** FLOP *** [9c Qs 7s]
8ca69c2a: checks
Hero: checks
*** TURN *** [9c Qs 7s] [Qd]
8ca69c2a: bets $0.2
Hero: calls $0.2
*** RIVER *** [9c Qs 7s Qd] [7d]
8ca69c2a: checks
Hero: bets $0.4
8ca69c2a: calls $0.4
Hero: shows [7h Jh] (Sevens Full over Queens)
8ca69c2a: shows [9h Td] (Pair of Queens and Pair of Nines)
*** SHOWDOWN ***
Hero collected $1.7 from pot
*** SUMMARY ***
Total pot $1.78 | Rake $0.08 | Jackpot $0 | Bingo $0 | Fortune $0 | Tax $0
Board [9c Qs 7s Qd 7d]
Seat 1: 65b43465 folded before Flop (didn't bet)
Seat 2: Hero (button) showed [7h Jh] and won ($1.7) with Sevens Full over Queens
Seat 3: 8ca69c2a (small blind) showed [9h Td] and lost with Pair of Queens and Pair of Nines
Seat 4: 29641773 (big blind) folded before Flop
Seat 5: 93988659 folded before Flop (didn't bet)
Seat 6: ceb74f53 folded before Flop (didn't bet)


Poker Hand #HD1836063708: Hold'em No Limit ($0.05/$0.1) - 2024/06/29 17:57:09
Table 'NLHRed69' 6-max Seat #1 is the button
Seat 1: 65b43465 ($15.65 in chips)
Seat 2: Hero ($10 in chips)
Seat 3: 8ca69c2a ($3.94 in chips)
Seat 4: 29641773 ($13.45 in chips)
Seat 5: 93988659 ($10.32 in chips)
Seat 6: ceb74f53 ($10.54 in chips)
Hero: posts small blind $0.05
8ca69c2a: posts big blind $0.1
*** HOLE CARDS ***
Dealt to 65b43465 
Dealt to Hero [6d 6s]
Dealt to 8ca69c2a 
Dealt to 29641773 
Dealt to 93988659 
Dealt to ceb74f53 
29641773: folds
93988659: folds
ceb74f53: folds
65b43465: raises $0.1 to $0.2
Hero: folds
8ca69c2a: calls $0.1
*** FLOP *** [Ac 6h 2h]
8ca69c2a: checks
65b43465: bets $0.23
8ca69c2a: calls $0.23
*** TURN *** [Ac 6h 2h] [3d]
8ca69c2a: checks
65b43465: checks
*** RIVER *** [Ac 6h 2h 3d] [Qs]
8ca69c2a: bets $1.1
65b43465: folds
Uncalled bet ($1.1) returned to 8ca69c2a
*** SHOWDOWN ***
8ca69c2a collected $0.87 from pot
*** SUMMARY ***
Total pot $0.91 | Rake $0.04 | Jackpot $0 | Bingo $0 | Fortune $0 | Tax $0
Board [Ac 6h 2h 3d Qs]
Seat 1: 65b43465 (button) folded on the River
Seat 2: Hero (small blind) folded before Flop
Seat 3: 8ca69c2a (big blind) won ($0.87)
Seat 4: 29641773 folded before Flop (didn't bet)
Seat 5: 93988659 folded before Flop (didn't bet)
Seat 6: ceb74f53 folded before Flop (didn't bet)


Poker Hand #HD1836063613: Hold'em No Limit ($0.05/$0.1) - 2024/06/29 17:56:21
Table 'NLHRed69' 6-max Seat #6 is the button
Seat 1: 65b43465 ($16.6 in chips)
Seat 2: Hero ($10 in chips)
Seat 3: 8ca69c2a ($2.99 in chips)
Seat 4: 29641773 ($13.45 in chips)
Seat 5: 93988659 ($10.32 in chips)
Seat 6: ceb74f53 ($10.54 in chips)
65b43465: posts small blind $0.05
Hero: posts big blind $0.1
*** HOLE CARDS ***
Dealt to 65b43465 
Dealt to Hero [9d 4s]
Dealt to 8ca69c2a 
Dealt to 29641773 
Dealt to 93988659 
Dealt to ceb74f53 
8ca69c2a: raises $0.1 to $0.2
29641773: folds
93988659: folds
ceb74f53: folds
65b43465: calls $0.15
Hero: folds
*** FLOP *** [7h 9s 3d]
65b43465: checks
8ca69c2a: bets $0.25
65b43465: calls $0.25
*** TURN *** [7h 9s 3d] [Tc]
65b43465: checks
8ca69c2a: checks
*** RIVER *** [7h 9s 3d Tc] [5d]
65b43465: bets $0.5
8ca69c2a: raises $2.04 to $2.54 and is all-in
65b43465: folds
Uncalled bet ($2.04) returned to 8ca69c2a
*** SHOWDOWN ***
8ca69c2a collected $1.9 from pot
*** SUMMARY ***
Total pot $2 | Rake $0.1 | Jackpot $0 | Bingo $0 | Fortune $0 | Tax $0
Board [7h 9s 3d Tc 5d]
Seat 1: 65b43465 (small blind) folded on the River
Seat 2: Hero (big blind) folded before Flop
Seat 3: 8ca69c2a won ($1.9)
Seat 4: 29641773 folded before Flop (didn't bet)
Seat 5: 93988659 folded before Flop (didn't bet)
Seat 6: ceb74f53 (button) folded before Flop (didn't bet)


