Poker Hand #HD1775546014: Hold'em No Limit ($0.05/$0.1) - 2024/05/16 20:18:05
Table 'NLHRed27' 6-max Seat #3 is the button
Seat 1: d45f7b04 ($10.42 in chips)
Seat 2: Hero ($14.55 in chips)
Seat 3: 70a67282 ($19.14 in chips)
Seat 4: db57d026 ($14.32 in chips)
Seat 5: 579ada20 ($13.08 in chips)
Seat 6: fb108cd ($8.99 in chips)
db57d026: posts small blind $0.05
579ada20: posts big blind $0.1
*** HOLE CARDS ***
Dealt to d45f7b04 
Dealt to Hero [Qh Th]
Dealt to 70a67282 
Dealt to db57d026 
Dealt to 579ada20 
Dealt to fb108cd 
fb108cd: folds
d45f7b04: folds
Hero: raises $0.14 to $0.24
70a67282: calls $0.24
db57d026: folds
579ada20: folds
*** FLOP *** [5d 8s 6h]
Hero: checks
70a67282: bets $0.43
Hero: folds
Uncalled bet ($0.43) returned to 70a67282
*** SHOWDOWN ***
70a67282 collected $0.6 from pot
*** SUMMARY ***
Total pot $0.63 | Rake $0.03 | Jackpot $0 | Bingo $0 | Fortune $0 | Tax $0
Board [5d 8s 6h]
Seat 1: d45f7b04 folded before Flop (didn't bet)
Seat 2: Hero folded on the Flop
Seat 3: 70a67282 (button) won ($0.6)
Seat 4: db57d026 (small blind) folded before Flop
Seat 5: 579ada20 (big blind) folded before Flop
Seat 6: fb108cd folded before Flop (didn't bet)


Poker Hand #HD1775545982: Hold'em No Limit ($0.05/$0.1) - 2024/05/16 20:17:50
Table 'NLHRed27' 6-max Seat #2 is the button
Seat 1: d45f7b04 ($10.42 in chips)
Seat 2: Hero ($14.55 in chips)
Seat 3: 70a67282 ($19.04 in chips)
Seat 4: db57d026 ($14.42 in chips)
Seat 5: 579ada20 ($13.08 in chips)
Seat 6: fb108cd ($8.99 in chips)
70a67282: posts small blind $0.05
db57d026: posts big blind $0.1
*** HOLE CARDS ***
Dealt to d45f7b04 
Dealt to Hero [8s Qc]
Dealt to 70a67282 
Dealt to db57d026 
Dealt to 579ada20 
Dealt to fb108cd 
579ada20: folds
fb108cd: folds
d45f7b04: folds
Hero: folds
70a67282: raises $0.15 to $0.25
db57d026: folds
Uncalled bet ($0.15) returned to 70a67282
*** SHOWDOWN ***
70a67282 collected $0.2 from pot
*** SUMMARY ***
Total pot $0.2 | Rake $0 | Jackpot $0 | Bingo $0 | Fortune $0 | Tax $0
Seat 1: d45f7b04 folded before Flop (didn't bet)
Seat 2: Hero (button) folded before Flop (didn't bet)
Seat 3: 70a67282 (small blind) collected ($0.2)
Seat 4: db57d026 (big blind) folded before Flop
Seat 5: 579ada20 folded before Flop (didn't bet)
Seat 6: fb108cd folded before Flop (didn't bet)


Poker Hand #HD1775545943: Hold'em No Limit ($0.05/$0.1) - 2024/05/16 20:17:25
Table 'NLHRed27' 6-max Seat #1 is the button
Seat 1: d45f7b04 ($10.67 in chips)
Seat 2: Hero ($14.6 in chips)
Seat 3: 70a67282 ($18.76 in chips)
Seat 4: db57d026 ($14.42 in chips)
Seat 5: 579ada20 ($13.08 in chips)
Seat 6: fb108cd ($8.99 in chips)
Hero: posts small blind $0.05
70a67282: posts big blind $0.1
*** HOLE CARDS ***
Dealt to d45f7b04 
Dealt to Hero [Kh 7c]
Dealt to 70a67282 
Dealt to db57d026 
Dealt to 579ada20 
Dealt to fb108cd 
db57d026: folds
579ada20: folds
fb108cd: folds
d45f7b04: raises $0.15 to $0.25
Hero: folds
70a67282: raises $0.55 to $0.8
d45f7b04: folds
Uncalled bet ($0.55) returned to 70a67282
*** SHOWDOWN ***
70a67282 collected $0.53 from pot
*** SUMMARY ***
Total pot $0.55 | Rake $0.02 | Jackpot $0 | Bingo $0 | Fortune $0 | Tax $0
Seat 1: d45f7b04 (button) folded before Flop
Seat 2: Hero (small blind) folded before Flop
Seat 3: 70a67282 (big blind) collected ($0.53)
Seat 4: db57d026 folded before Flop (didn't bet)
Seat 5: 579ada20 folded before Flop (didn't bet)
Seat 6: fb108cd folded before Flop (didn't bet)


Poker Hand #HD1775545876: Hold'em No Limit ($0.05/$0.1) - 2024/05/16 20:16:49
Table 'NLHRed27' 6-max Seat #6 is the button
Seat 1: d45f7b04 ($10.72 in chips)
Seat 2: Hero ($14.85 in chips)
Seat 3: 70a67282 ($18.48 in chips)
Seat 4: db57d026 ($14.42 in chips)
Seat 5: 579ada20 ($13.08 in chips)
Seat 6: fb108cd ($8.99 in chips)
d45f7b04: posts small blind $0.05
Hero: posts big blind $0.1
*** HOLE CARDS ***
Dealt to d45f7b04 
Dealt to Hero [3c 3s]
Dealt to 70a67282 
Dealt to db57d026 
Dealt to 579ada20 
Dealt to fb108cd 
70a67282: raises $0.15 to $0.25
db57d026: folds
579ada20: folds
fb108cd: folds
d45f7b04: folds
Hero: calls $0.15
*** FLOP *** [6d 9c Ad]
Hero: checks
70a67282: checks
*** TURN *** [6d 9c Ad] [2d]
Hero: checks
70a67282: checks
*** RIVER *** [6d 9c Ad 2d] [4s]
Hero: checks
70a67282: checks
Hero: shows [3c 3s] (Pair of Treys)
70a67282: shows [Kc 6s] (Pair of Sixes)
*** SHOWDOWN ***
70a67282 collected $0.53 from pot
*** SUMMARY ***
Total pot $0.55 | Rake $0.02 | Jackpot $0 | Bingo $0 | Fortune $0 | Tax $0
Board [6d 9c Ad 2d 4s]
Seat 1: d45f7b04 (small blind) folded before Flop
Seat 2: Hero (big blind) showed [3c 3s] and lost with Pair of Treys
Seat 3: 70a67282 showed [Kc 6s] and won ($0.53) with Pair of Sixes
Seat 4: db57d026 folded before Flop (didn't bet)
Seat 5: 579ada20 folded before Flop (didn't bet)
Seat 6: fb108cd (button) folded before Flop (didn't bet)


Poker Hand #HD1775545838: Hold'em No Limit ($0.05/$0.1) - 2024/05/16 20:16:29
Table 'NLHRed27' 6-max Seat #5 is the button
Seat 1: d45f7b04 ($10.82 in chips)
Seat 2: Hero ($14.85 in chips)
Seat 3: 70a67282 ($18.33 in chips)
Seat 4: db57d026 ($14.42 in chips)
Seat 5: 579ada20 ($13.08 in chips)
Seat 6: fb108cd ($9.04 in chips)
fb108cd: posts small blind $0.05
d45f7b04: posts big blind $0.1
*** HOLE CARDS ***
Dealt to d45f7b04 
Dealt to Hero [Ad 8c]
Dealt to 70a67282 
Dealt to db57d026 
Dealt to 579ada20 
Dealt to fb108cd 
Hero: folds
70a67282: raises $0.15 to $0.25
db57d026: folds
579ada20: folds
fb108cd: folds
d45f7b04: folds
Uncalled bet ($0.15) returned to 70a67282
*** SHOWDOWN ***
70a67282 collected $0.25 from pot
*** SUMMARY ***
Total pot $0.25 | Rake $0 | Jackpot $0 | Bingo $0 | Fortune $0 | Tax $0
Seat 1: d45f7b04 (big blind) folded before Flop
Seat 2: Hero folded before Flop (didn't bet)
Seat 3: 70a67282 collected ($0.25)
Seat 4: db57d026 folded before Flop (didn't bet)
Seat 5: 579ada20 (button) folded before Flop (didn't bet)
Seat 6: fb108cd (small blind) folded before Flop


Poker Hand #HD1775545820: Hold'em No Limit ($0.05/$0.1) - 2024/05/16 20:16:17
Table 'NLHRed27' 6-max Seat #4 is the button
Seat 1: d45f7b04 ($10.82 in chips)
Seat 2: Hero ($14.85 in chips)
Seat 3: 70a67282 ($18.33 in chips)
Seat 4: db57d026 ($14.42 in chips)
Seat 5: 579ada20 ($13.13 in chips)
Seat 6: fb108cd ($8.99 in chips)
579ada20: posts small blind $0.05
fb108cd: posts big blind $0.1
*** HOLE CARDS ***
Dealt to d45f7b04 
Dealt to Hero [Ts 7h]
Dealt to 70a67282 
Dealt to db57d026 
Dealt to 579ada20 
Dealt to fb108cd 
d45f7b04: folds
Hero: folds
70a67282: folds
db57d026: folds
579ada20: folds
Uncalled bet ($0.05) returned to fb108cd
*** SHOWDOWN ***
fb108cd collected $0.1 from pot
*** SUMMARY ***
Total pot $0.1 | Rake $0 | Jackpot $0 | Bingo $0 | Fortune $0 | Tax $0
Seat 1: d45f7b04 folded before Flop (didn't bet)
Seat 2: Hero folded before Flop (didn't bet)
Seat 3: 70a67282 folded before Flop (didn't bet)
Seat 4: db57d026 (button) folded before Flop (didn't bet)
Seat 5: 579ada20 (small blind) folded before Flop
Seat 6: fb108cd (big blind) collected ($0.1)


Poker Hand #HD1775545790: Hold'em No Limit ($0.05/$0.1) - 2024/05/16 20:16:03
Table 'NLHRed27' 6-max Seat #3 is the button
Seat 1: d45f7b04 ($10.82 in chips)
Seat 2: Hero ($14.85 in chips)
Seat 3: 70a67282 ($18.18 in chips)
Seat 4: db57d026 ($14.47 in chips)
Seat 5: 579ada20 ($13.23 in chips)
Seat 6: fb108cd ($8.99 in chips)
db57d026: posts small blind $0.05
579ada20: posts big blind $0.1
*** HOLE CARDS ***
Dealt to d45f7b04 
Dealt to Hero [9d 4c]
Dealt to 70a67282 
Dealt to db57d026 
Dealt to 579ada20 
Dealt to fb108cd 
fb108cd: folds
d45f7b04: folds
Hero: folds
70a67282: raises $0.15 to $0.25
db57d026: folds
579ada20: folds
Uncalled bet ($0.15) returned to 70a67282
*** SHOWDOWN ***
70a67282 collected $0.25 from pot
*** SUMMARY ***
Total pot $0.25 | Rake $0 | Jackpot $0 | Bingo $0 | Fortune $0 | Tax $0
Seat 1: d45f7b04 folded before Flop (didn't bet)
Seat 2: Hero folded before Flop (didn't bet)
Seat 3: 70a67282 (button) collected ($0.25)
Seat 4: db57d026 (small blind) folded before Flop
Seat 5: 579ada20 (big blind) folded before Flop
Seat 6: fb108cd folded before Flop (didn't bet)


Poker Hand #HD1775545720: Hold'em No Limit ($0.05/$0.1) - 2024/05/16 20:15:23
Table 'NLHRed27' 6-max Seat #2 is the button
Seat 1: d45f7b04 ($10.82 in chips)
Seat 2: Hero ($14.85 in chips)
Seat 3: 70a67282 ($18.88 in chips)
Seat 4: db57d026 ($13.84 in chips)
Seat 5: 579ada20 ($13.23 in chips)
Seat 6: fb108cd ($8.99 in chips)
70a67282: posts small blind $0.05
db57d026: posts big blind $0.1
*** HOLE CARDS ***
Dealt to d45f7b04 
Dealt to Hero [6s 8h]
Dealt to 70a67282 
Dealt to db57d026 
Dealt to 579ada20 
Dealt to fb108cd 
579ada20: folds
fb108cd: folds
d45f7b04: folds
Hero: folds
70a67282: raises $0.15 to $0.25
db57d026: raises $0.45 to $0.7
70a67282: calls $0.45
*** FLOP *** [4h Td 4c]
70a67282: checks
db57d026: bets $0.5
70a67282: folds
Uncalled bet ($0.5) returned to db57d026
*** SHOWDOWN ***
db57d026 collected $1.33 from pot
*** SUMMARY ***
Total pot $1.4 | Rake $0.07 | Jackpot $0 | Bingo $0 | Fortune $0 | Tax $0
Board [4h Td 4c]
Seat 1: d45f7b04 folded before Flop (didn't bet)
Seat 2: Hero (button) folded before Flop (didn't bet)
Seat 3: 70a67282 (small blind) folded on the Flop
Seat 4: db57d026 (big blind) won ($1.33)
Seat 5: 579ada20 folded before Flop (didn't bet)
Seat 6: fb108cd folded before Flop (didn't bet)


Poker Hand #HD1775545697: Hold'em No Limit ($0.05/$0.1) - 2024/05/16 20:15:11
Table 'NLHRed27' 6-max Seat #1 is the button
Seat 1: d45f7b04 ($10.82 in chips)
Seat 2: Hero ($14.9 in chips)
Seat 3: 70a67282 ($18.83 in chips)
Seat 4: db57d026 ($13.84 in chips)
Seat 5: 579ada20 ($13.23 in chips)
Seat 6: fb108cd ($8.99 in chips)
Hero: posts small blind $0.05
70a67282: posts big blind $0.1
*** HOLE CARDS ***
Dealt to d45f7b04 
Dealt to Hero [Js 5c]
Dealt to 70a67282 
Dealt to db57d026 
Dealt to 579ada20 
Dealt to fb108cd 
db57d026: folds
579ada20: folds
fb108cd: folds
d45f7b04: folds
Hero: folds
Uncalled bet ($0.05) returned to 70a67282
*** SHOWDOWN ***
70a67282 collected $0.1 from pot
*** SUMMARY ***
Total pot $0.1 | Rake $0 | Jackpot $0 | Bingo $0 | Fortune $0 | Tax $0
Seat 1: d45f7b04 (button) folded before Flop (didn't bet)
Seat 2: Hero (small blind) folded before Flop
Seat 3: 70a67282 (big blind) collected ($0.1)
Seat 4: db57d026 folded before Flop (didn't bet)
Seat 5: 579ada20 folded before Flop (didn't bet)
Seat 6: fb108cd folded before Flop (didn't bet)


Poker Hand #HD1775545663: Hold'em No Limit ($0.05/$0.1) - 2024/05/16 20:14:52
Table 'NLHRed27' 6-max Seat #6 is the button
Seat 1: d45f7b04 ($10.87 in chips)
Seat 2: Hero ($15 in chips)
Seat 3: 70a67282 ($18.68 in chips)
Seat 4: db57d026 ($13.84 in chips)
Seat 5: 579ada20 ($13.23 in chips)
Seat 6: fb108cd ($8.99 in chips)
d45f7b04: posts small blind $0.05
Hero: posts big blind $0.1
*** HOLE CARDS ***
Dealt to d45f7b04 
Dealt to Hero [4s Ad]
Dealt to 70a67282 
Dealt to db57d026 
Dealt to 579ada20 
Dealt to fb108cd 
70a67282: raises $0.15 to $0.25
db57d026: folds
579ada20: folds
fb108cd: folds
d45f7b04: folds
Hero: folds
Uncalled bet ($0.15) returned to 70a67282
*** SHOWDOWN ***
70a67282 collected $0.25 from pot
*** SUMMARY ***
Total pot $0.25 | Rake $0 | Jackpot $0 | Bingo $0 | Fortune $0 | Tax $0
Seat 1: d45f7b04 (small blind) folded before Flop
Seat 2: Hero (big blind) folded before Flop
Seat 3: 70a67282 collected ($0.25)
Seat 4: db57d026 folded before Flop (didn't bet)
Seat 5: 579ada20 folded before Flop (didn't bet)
Seat 6: fb108cd (button) folded before Flop (didn't bet)


Poker Hand #HD1775435576: Hold'em No Limit ($0.05/$0.1) - 2024/05/16 20:14:06
Table 'NLHRed27' 6-max Seat #5 is the button
Seat 1: d45f7b04 ($10.59 in chips)
Seat 2: Hero ($15 in chips)
Seat 3: 70a67282 ($18.93 in chips)
Seat 4: db57d026 ($13.84 in chips)
Seat 5: 579ada20 ($13.23 in chips)
Seat 6: fb108cd ($9.04 in chips)
fb108cd: posts small blind $0.05
d45f7b04: posts big blind $0.1
*** HOLE CARDS ***
Dealt to d45f7b04 
Dealt to Hero [9h 2h]
Dealt to 70a67282 
Dealt to db57d026 
Dealt to 579ada20 
Dealt to fb108cd 
Hero: folds
70a67282: raises $0.15 to $0.25
db57d026: folds
579ada20: folds
fb108cd: folds
d45f7b04: raises $0.75 to $1
70a67282: folds
Uncalled bet ($0.75) returned to d45f7b04
*** SHOWDOWN ***
d45f7b04 collected $0.53 from pot
*** SUMMARY ***
Total pot $0.55 | Rake $0.02 | Jackpot $0 | Bingo $0 | Fortune $0 | Tax $0
Seat 1: d45f7b04 (big blind) collected ($0.53)
Seat 2: Hero folded before Flop (didn't bet)
Seat 3: 70a67282 folded before Flop
Seat 4: db57d026 folded before Flop (didn't bet)
Seat 5: 579ada20 (button) folded before Flop (didn't bet)
Seat 6: fb108cd (small blind) folded before Flop


Poker Hand #HD1775435512: Hold'em No Limit ($0.05/$0.1) - 2024/05/16 20:13:29
Table 'NLHRed27' 6-max Seat #4 is the button
Seat 1: d45f7b04 ($10.59 in chips)
Seat 2: Hero ($15 in chips)
Seat 3: 70a67282 ($18.65 in chips)
Seat 4: db57d026 ($13.84 in chips)
Seat 5: 579ada20 ($13.28 in chips)
Seat 6: fb108cd ($9.29 in chips)
579ada20: posts small blind $0.05
fb108cd: posts big blind $0.1
*** HOLE CARDS ***
Dealt to d45f7b04 
Dealt to Hero [Th 7c]
Dealt to 70a67282 
Dealt to db57d026 
Dealt to 579ada20 
Dealt to fb108cd 
d45f7b04: folds
Hero: folds
70a67282: raises $0.15 to $0.25
db57d026: folds
579ada20: folds
fb108cd: calls $0.15
*** FLOP *** [8d 7h Kh]
fb108cd: checks
70a67282: bets $0.37
fb108cd: folds
Uncalled bet ($0.37) returned to 70a67282
*** SHOWDOWN ***
70a67282 collected $0.53 from pot
*** SUMMARY ***
Total pot $0.55 | Rake $0.02 | Jackpot $0 | Bingo $0 | Fortune $0 | Tax $0
Board [8d 7h Kh]
Seat 1: d45f7b04 folded before Flop (didn't bet)
Seat 2: Hero folded before Flop (didn't bet)
Seat 3: 70a67282 won ($0.53)
Seat 4: db57d026 (button) folded before Flop (didn't bet)
Seat 5: 579ada20 (small blind) folded before Flop
Seat 6: fb108cd (big blind) folded on the Flop


Poker Hand #HD1775435484: Hold'em No Limit ($0.05/$0.1) - 2024/05/16 20:13:13
Table 'NLHRed27' 6-max Seat #3 is the button
Seat 1: d45f7b04 ($10.59 in chips)
Seat 2: Hero ($15 in chips)
Seat 3: 70a67282 ($18.9 in chips)
Seat 4: db57d026 ($13.52 in chips)
Seat 5: 579ada20 ($13.38 in chips)
Seat 6: fb108cd ($9.29 in chips)
db57d026: posts small blind $0.05
579ada20: posts big blind $0.1
*** HOLE CARDS ***
Dealt to d45f7b04 
Dealt to Hero [3s Qs]
Dealt to 70a67282 
Dealt to db57d026 
Dealt to 579ada20 
Dealt to fb108cd 
fb108cd: folds
d45f7b04: folds
Hero: folds
70a67282: raises $0.15 to $0.25
db57d026: raises $0.85 to $1.1
579ada20: folds
70a67282: folds
Uncalled bet ($0.85) returned to db57d026
*** SHOWDOWN ***
db57d026 collected $0.57 from pot
*** SUMMARY ***
Total pot $0.6 | Rake $0.03 | Jackpot $0 | Bingo $0 | Fortune $0 | Tax $0
Seat 1: d45f7b04 folded before Flop (didn't bet)
Seat 2: Hero folded before Flop (didn't bet)
Seat 3: 70a67282 (button) folded before Flop
Seat 4: db57d026 (small blind) collected ($0.57)
Seat 5: 579ada20 (big blind) folded before Flop
Seat 6: fb108cd folded before Flop (didn't bet)


Poker Hand #HD1775435415: Hold'em No Limit ($0.05/$0.1) - 2024/05/16 20:12:35
Table 'NLHRed27' 6-max Seat #2 is the button
Seat 1: d45f7b04 ($10.27 in chips)
Seat 2: Hero ($15 in chips)
Seat 3: 70a67282 ($19.15 in chips)
Seat 4: db57d026 ($13.62 in chips)
Seat 5: 579ada20 ($13.38 in chips)
Seat 6: fb108cd ($9.29 in chips)
70a67282: posts small blind $0.05
db57d026: posts big blind $0.1
*** HOLE CARDS ***
Dealt to d45f7b04 
Dealt to Hero [3s 8h]
Dealt to 70a67282 
Dealt to db57d026 
Dealt to 579ada20 
Dealt to fb108cd 
579ada20: folds
fb108cd: folds
d45f7b04: raises $0.15 to $0.25
Hero: folds
70a67282: calls $0.2
db57d026: folds
*** FLOP *** [2s As Kd]
70a67282: checks
d45f7b04: checks
*** TURN *** [2s As Kd] [9h]
70a67282: checks
d45f7b04: bets $0.25
70a67282: folds
Uncalled bet ($0.25) returned to d45f7b04
*** SHOWDOWN ***
d45f7b04 collected $0.57 from pot
*** SUMMARY ***
Total pot $0.6 | Rake $0.03 | Jackpot $0 | Bingo $0 | Fortune $0 | Tax $0
Board [2s As Kd 9h]
Seat 1: d45f7b04 won ($0.57)
Seat 2: Hero (button) folded before Flop (didn't bet)
Seat 3: 70a67282 (small blind) folded on the Turn
Seat 4: db57d026 (big blind) folded before Flop
Seat 5: 579ada20 folded before Flop (didn't bet)
Seat 6: fb108cd folded before Flop (didn't bet)


Poker Hand #HD1775435385: Hold'em No Limit ($0.05/$0.1) - 2024/05/16 20:12:21
Table 'NLHRed27' 6-max Seat #1 is the button
Seat 1: d45f7b04 ($10.27 in chips)
Seat 2: Hero ($15.05 in chips)
Seat 3: 70a67282 ($19.25 in chips)
Seat 4: db57d026 ($13.62 in chips)
Seat 5: 579ada20 ($13.38 in chips)
Seat 6: fb108cd ($9.14 in chips)
Hero: posts small blind $0.05
70a67282: posts big blind $0.1
*** HOLE CARDS ***
Dealt to d45f7b04 
Dealt to Hero [Qs 4s]
Dealt to 70a67282 
Dealt to db57d026 
Dealt to 579ada20 
Dealt to fb108cd 
db57d026: folds
579ada20: folds
fb108cd: raises $0.15 to $0.25
d45f7b04: folds
Hero: folds
70a67282: folds
Uncalled bet ($0.15) returned to fb108cd
*** SHOWDOWN ***
fb108cd collected $0.25 from pot
*** SUMMARY ***
Total pot $0.25 | Rake $0 | Jackpot $0 | Bingo $0 | Fortune $0 | Tax $0
Seat 1: d45f7b04 (button) folded before Flop (didn't bet)
Seat 2: Hero (small blind) folded before Flop
Seat 3: 70a67282 (big blind) folded before Flop
Seat 4: db57d026 folded before Flop (didn't bet)
Seat 5: 579ada20 folded before Flop (didn't bet)
Seat 6: fb108cd collected ($0.25)


Poker Hand #HD1775435367: Hold'em No Limit ($0.05/$0.1) - 2024/05/16 20:12:10
Table 'NLHRed27' 6-max Seat #6 is the button
Seat 1: d45f7b04 ($10.32 in chips)
Seat 2: Hero ($15.15 in chips)
Seat 3: 70a67282 ($19.1 in chips)
Seat 4: db57d026 ($13.62 in chips)
Seat 5: 579ada20 ($13.38 in chips)
Seat 6: fb108cd ($9.14 in chips)
d45f7b04: posts small blind $0.05
Hero: posts big blind $0.1
*** HOLE CARDS ***
Dealt to d45f7b04 
Dealt to Hero [6h Qs]
Dealt to 70a67282 
Dealt to db57d026 
Dealt to 579ada20 
Dealt to fb108cd 
70a67282: raises $0.15 to $0.25
db57d026: folds
579ada20: folds
fb108cd: folds
d45f7b04: folds
Hero: folds
Uncalled bet ($0.15) returned to 70a67282
*** SHOWDOWN ***
70a67282 collected $0.25 from pot
*** SUMMARY ***
Total pot $0.25 | Rake $0 | Jackpot $0 | Bingo $0 | Fortune $0 | Tax $0
Seat 1: d45f7b04 (small blind) folded before Flop
Seat 2: Hero (big blind) folded before Flop
Seat 3: 70a67282 collected ($0.25)
Seat 4: db57d026 folded before Flop (didn't bet)
Seat 5: 579ada20 folded before Flop (didn't bet)
Seat 6: fb108cd (button) folded before Flop (didn't bet)


Poker Hand #HD1775435342: Hold'em No Limit ($0.05/$0.1) - 2024/05/16 20:11:54
Table 'NLHRed27' 6-max Seat #5 is the button
Seat 1: d45f7b04 ($10.42 in chips)
Seat 2: Hero ($15.15 in chips)
Seat 3: 70a67282 ($18.95 in chips)
Seat 4: db57d026 ($13.62 in chips)
Seat 5: 579ada20 ($13.38 in chips)
Seat 6: fb108cd ($9.19 in chips)
fb108cd: posts small blind $0.05
d45f7b04: posts big blind $0.1
*** HOLE CARDS ***
Dealt to d45f7b04 
Dealt to Hero [6d Ts]
Dealt to 70a67282 
Dealt to db57d026 
Dealt to 579ada20 
Dealt to fb108cd 
Hero: folds
70a67282: raises $0.15 to $0.25
db57d026: folds
579ada20: folds
fb108cd: folds
d45f7b04: folds
Uncalled bet ($0.15) returned to 70a67282
*** SHOWDOWN ***
70a67282 collected $0.25 from pot
*** SUMMARY ***
Total pot $0.25 | Rake $0 | Jackpot $0 | Bingo $0 | Fortune $0 | Tax $0
Seat 1: d45f7b04 (big blind) folded before Flop
Seat 2: Hero folded before Flop (didn't bet)
Seat 3: 70a67282 collected ($0.25)
Seat 4: db57d026 folded before Flop (didn't bet)
Seat 5: 579ada20 (button) folded before Flop (didn't bet)
Seat 6: fb108cd (small blind) folded before Flop


Poker Hand #HD1775435265: Hold'em No Limit ($0.05/$0.1) - 2024/05/16 20:11:15
Table 'NLHRed27' 6-max Seat #4 is the button
Seat 1: d45f7b04 ($10.42 in chips)
Seat 2: Hero ($15.35 in chips)
Seat 3: 70a67282 ($18.53 in chips)
Seat 4: db57d026 ($13.62 in chips)
Seat 5: 579ada20 ($13.43 in chips)
Seat 6: fb108cd ($9.39 in chips)
579ada20: posts small blind $0.05
fb108cd: posts big blind $0.1
*** HOLE CARDS ***
Dealt to d45f7b04 
Dealt to Hero [Jh Kd]
Dealt to 70a67282 
Dealt to db57d026 
Dealt to 579ada20 
Dealt to fb108cd 
d45f7b04: folds
Hero: raises $0.1 to $0.2
70a67282: calls $0.2
db57d026: folds
579ada20: folds
fb108cd: calls $0.1
*** FLOP *** [4s 2h 5h]
fb108cd: checks
Hero: checks
70a67282: bets $0.36
fb108cd: folds
Hero: folds
Uncalled bet ($0.36) returned to 70a67282
*** SHOWDOWN ***
70a67282 collected $0.62 from pot
*** SUMMARY ***
Total pot $0.65 | Rake $0.03 | Jackpot $0 | Bingo $0 | Fortune $0 | Tax $0
Board [4s 2h 5h]
Seat 1: d45f7b04 folded before Flop (didn't bet)
Seat 2: Hero folded on the Flop
Seat 3: 70a67282 won ($0.62)
Seat 4: db57d026 (button) folded before Flop (didn't bet)
Seat 5: 579ada20 (small blind) folded before Flop
Seat 6: fb108cd (big blind) folded on the Flop


Poker Hand #HD1775435197: Hold'em No Limit ($0.05/$0.1) - 2024/05/16 20:10:31
Table 'NLHRed27' 6-max Seat #3 is the button
Seat 1: d45f7b04 ($10 in chips)
Seat 2: Hero ($15.35 in chips)
Seat 3: 70a67282 ($18.83 in chips)
Seat 4: db57d026 ($13.67 in chips)
Seat 5: 579ada20 ($13.53 in chips)
Seat 6: fb108cd ($9.39 in chips)
db57d026: posts small blind $0.05
579ada20: posts big blind $0.1
*** HOLE CARDS ***
Dealt to d45f7b04 
Dealt to Hero [Qs 2d]
Dealt to 70a67282 
Dealt to db57d026 
Dealt to 579ada20 
Dealt to fb108cd 
fb108cd: folds
d45f7b04: raises $0.2 to $0.3
Hero: folds
70a67282: calls $0.3
db57d026: folds
579ada20: folds
*** FLOP *** [Kd Js 4h]
d45f7b04: checks
70a67282: checks
*** TURN *** [Kd Js 4h] [As]
d45f7b04: bets $0.55
70a67282: folds
Uncalled bet ($0.55) returned to d45f7b04
*** SHOWDOWN ***
d45f7b04 collected $0.72 from pot
*** SUMMARY ***
Total pot $0.75 | Rake $0.03 | Jackpot $0 | Bingo $0 | Fortune $0 | Tax $0
Board [Kd Js 4h As]
Seat 1: d45f7b04 won ($0.72)
Seat 2: Hero folded before Flop (didn't bet)
Seat 3: 70a67282 (button) folded on the Turn
Seat 4: db57d026 (small blind) folded before Flop
Seat 5: 579ada20 (big blind) folded before Flop
Seat 6: fb108cd folded before Flop (didn't bet)


Poker Hand #HD1775435132: Hold'em No Limit ($0.05/$0.1) - 2024/05/16 20:09:54
Table 'NLHRed27' 6-max Seat #2 is the button
Seat 1: d45f7b04 ($10 in chips)
Seat 2: Hero ($15.35 in chips)
Seat 3: 70a67282 ($23.01 in chips)
Seat 4: db57d026 ($10 in chips)
Seat 5: 579ada20 ($13.53 in chips)
Seat 6: fb108cd ($9.39 in chips)
70a67282: posts small blind $0.05
db57d026: posts big blind $0.1
*** HOLE CARDS ***
Dealt to d45f7b04 
Dealt to Hero [8s 5h]
Dealt to 70a67282 
Dealt to db57d026 
Dealt to 579ada20 
Dealt to fb108cd 
579ada20: folds
fb108cd: folds
d45f7b04: folds
Hero: folds
70a67282: raises $0.2 to $0.3
db57d026: calls $0.2
*** FLOP *** [2d 4h 5s]
70a67282: bets $0.41
db57d026: calls $0.41
*** TURN *** [2d 4h 5s] [Ah]
70a67282: bets $0.96
db57d026: raises $2.51 to $3.47
70a67282: calls $2.51
*** RIVER *** [2d 4h 5s Ah] [Ac]
70a67282: checks
db57d026: bets $5.82 and is all-in
70a67282: folds
Uncalled bet ($5.82) returned to db57d026
db57d026: shows [3s] (Fives-High Straight)
*** SHOWDOWN ***
db57d026 collected $7.85 from pot
*** SUMMARY ***
Total pot $8.36 | Rake $0.41 | Jackpot $0.1 | Bingo $0 | Fortune $0 | Tax $0
Board [2d 4h 5s Ah Ac]
Seat 1: d45f7b04 folded before Flop (didn't bet)
Seat 2: Hero (button) folded before Flop (didn't bet)
Seat 3: 70a67282 (small blind) folded on the River
Seat 4: db57d026 (big blind) showed [3s] and won ($7.85)
Seat 5: 579ada20 folded before Flop (didn't bet)
Seat 6: fb108cd folded before Flop (didn't bet)


Poker Hand #HD1775435028: Hold'em No Limit ($0.05/$0.1) - 2024/05/16 20:08:58
Table 'NLHRed27' 6-max Seat #1 is the button
Seat 1: d45f7b04 ($10 in chips)
Seat 2: Hero ($15.4 in chips)
Seat 3: 70a67282 ($23.54 in chips)
Seat 4: db57d026 ($10 in chips)
Seat 5: 579ada20 ($13.53 in chips)
Seat 6: fb108cd ($8.86 in chips)
Hero: posts small blind $0.05
70a67282: posts big blind $0.1
*** HOLE CARDS ***
Dealt to d45f7b04 
Dealt to Hero [2d Ac]
Dealt to 70a67282 
Dealt to db57d026 
Dealt to 579ada20 
Dealt to fb108cd 
db57d026: folds
579ada20: folds
fb108cd: raises $0.15 to $0.25
d45f7b04: folds
Hero: folds
70a67282: calls $0.15
*** FLOP *** [Ks 4h 5d]
70a67282: checks
fb108cd: checks
*** TURN *** [Ks 4h 5d] [6c]
70a67282: checks
fb108cd: bets $0.28
70a67282: calls $0.28
*** RIVER *** [Ks 4h 5d 6c] [Qc]
70a67282: checks
fb108cd: bets $1.11
70a67282: folds
Uncalled bet ($1.11) returned to fb108cd
*** SHOWDOWN ***
fb108cd collected $1.06 from pot
*** SUMMARY ***
Total pot $1.11 | Rake $0.05 | Jackpot $0 | Bingo $0 | Fortune $0 | Tax $0
Board [Ks 4h 5d 6c Qc]
Seat 1: d45f7b04 (button) folded before Flop (didn't bet)
Seat 2: Hero (small blind) folded before Flop
Seat 3: 70a67282 (big blind) folded on the River
Seat 4: db57d026 folded before Flop (didn't bet)
Seat 5: 579ada20 folded before Flop (didn't bet)
Seat 6: fb108cd won ($1.06)


Poker Hand #HD1775434957: Hold'em No Limit ($0.05/$0.1) - 2024/05/16 20:08:22
Table 'NLHRed27' 6-max Seat #6 is the button
Seat 1: d45f7b04 ($10 in chips)
Seat 2: Hero ($15.5 in chips)
Seat 3: 70a67282 ($22.77 in chips)
Seat 4: db57d026 ($10 in chips)
Seat 5: 579ada20 ($13.53 in chips)
Seat 6: fb108cd ($9.55 in chips)
d45f7b04: posts small blind $0.05
Hero: posts big blind $0.1
*** HOLE CARDS ***
Dealt to d45f7b04 
Dealt to Hero [Kc 8h]
Dealt to 70a67282 
Dealt to db57d026 
Dealt to 579ada20 
Dealt to fb108cd 
70a67282: raises $0.15 to $0.25
db57d026: folds
579ada20: folds
fb108cd: calls $0.25
d45f7b04: folds
Hero: folds
*** FLOP *** [Qc 3h 2c]
70a67282: checks
fb108cd: checks
*** TURN *** [Qc 3h 2c] [Ks]
70a67282: bets $0.44
fb108cd: calls $0.44
*** RIVER *** [Qc 3h 2c Ks] [Kd]
70a67282: bets $1.53
fb108cd: folds
Uncalled bet ($1.53) returned to 70a67282
*** SHOWDOWN ***
70a67282 collected $1.46 from pot
*** SUMMARY ***
Total pot $1.53 | Rake $0.07 | Jackpot $0 | Bingo $0 | Fortune $0 | Tax $0
Board [Qc 3h 2c Ks Kd]
Seat 1: d45f7b04 (small blind) folded before Flop
Seat 2: Hero (big blind) folded before Flop
Seat 3: 70a67282 won ($1.46)
Seat 4: db57d026 folded before Flop (didn't bet)
Seat 5: 579ada20 folded before Flop (didn't bet)
Seat 6: fb108cd (button) folded on the River


Poker Hand #HD1775434929: Hold'em No Limit ($0.05/$0.1) - 2024/05/16 20:08:04
Table 'NLHRed27' 6-max Seat #5 is the button
Seat 1: d45f7b04 ($10 in chips)
Seat 2: Hero ($15.5 in chips)
Seat 3: 70a67282 ($22.62 in chips)
Seat 4: db57d026 ($10 in chips)
Seat 5: 579ada20 ($13.53 in chips)
Seat 6: fb108cd ($9.6 in chips)
fb108cd: posts small blind $0.05
d45f7b04: posts big blind $0.1
*** HOLE CARDS ***
Dealt to d45f7b04 
Dealt to Hero [4s Kc]
Dealt to 70a67282 
Dealt to db57d026 
Dealt to 579ada20 
Dealt to fb108cd 
Hero: folds
70a67282: raises $0.15 to $0.25
db57d026: folds
579ada20: folds
fb108cd: folds
d45f7b04: folds
Uncalled bet ($0.15) returned to 70a67282
*** SHOWDOWN ***
70a67282 collected $0.25 from pot
*** SUMMARY ***
Total pot $0.25 | Rake $0 | Jackpot $0 | Bingo $0 | Fortune $0 | Tax $0
Seat 1: d45f7b04 (big blind) folded before Flop
Seat 2: Hero folded before Flop (didn't bet)
Seat 3: 70a67282 collected ($0.25)
Seat 4: db57d026 folded before Flop (didn't bet)
Seat 5: 579ada20 (button) folded before Flop (didn't bet)
Seat 6: fb108cd (small blind) folded before Flop


Poker Hand #HD1775434851: Hold'em No Limit ($0.05/$0.1) - 2024/05/16 20:07:17
Table 'NLHRed27' 6-max Seat #4 is the button
Seat 1: d45f7b04 ($10 in chips)
Seat 2: Hero ($15.5 in chips)
Seat 3: 70a67282 ($22.34 in chips)
Seat 4: db57d026 ($10 in chips)
Seat 5: 579ada20 ($13.58 in chips)
Seat 6: fb108cd ($9.85 in chips)
579ada20: posts small blind $0.05
fb108cd: posts big blind $0.1
*** HOLE CARDS ***
Dealt to d45f7b04 
Dealt to Hero [5c Kc]
Dealt to 70a67282 
Dealt to db57d026 
Dealt to 579ada20 
Dealt to fb108cd 
d45f7b04: folds
Hero: folds
70a67282: raises $0.15 to $0.25
db57d026: folds
579ada20: folds
fb108cd: calls $0.15
*** FLOP *** [2c Qc Tc]
fb108cd: checks
70a67282: bets $0.55
fb108cd: folds
Uncalled bet ($0.55) returned to 70a67282
*** SHOWDOWN ***
70a67282 collected $0.53 from pot
*** SUMMARY ***
Total pot $0.55 | Rake $0.02 | Jackpot $0 | Bingo $0 | Fortune $0 | Tax $0
Board [2c Qc Tc]
Seat 1: d45f7b04 folded before Flop (didn't bet)
Seat 2: Hero folded before Flop (didn't bet)
Seat 3: 70a67282 won ($0.53)
Seat 4: db57d026 (button) folded before Flop (didn't bet)
Seat 5: 579ada20 (small blind) folded before Flop
Seat 6: fb108cd (big blind) folded on the Flop


Poker Hand #HD1775434815: Hold'em No Limit ($0.05/$0.1) - 2024/05/16 20:07:00
Table 'NLHRed27' 6-max Seat #3 is the button
Seat 1: d45f7b04 ($10 in chips)
Seat 2: Hero ($15.5 in chips)
Seat 3: 70a67282 ($22.19 in chips)
Seat 4: db57d026 ($10 in chips)
Seat 5: 579ada20 ($13.68 in chips)
Seat 6: fb108cd ($9.85 in chips)
db57d026: posts small blind $0.05
579ada20: posts big blind $0.1
*** HOLE CARDS ***
Dealt to d45f7b04 
Dealt to Hero [6h Kd]
Dealt to 70a67282 
Dealt to db57d026 
Dealt to 579ada20 
Dealt to fb108cd 
fb108cd: folds
d45f7b04: folds
Hero: folds
70a67282: raises $0.15 to $0.25
db57d026: folds
579ada20: folds
Uncalled bet ($0.15) returned to 70a67282
*** SHOWDOWN ***
70a67282 collected $0.25 from pot
*** SUMMARY ***
Total pot $0.25 | Rake $0 | Jackpot $0 | Bingo $0 | Fortune $0 | Tax $0
Seat 1: d45f7b04 folded before Flop (didn't bet)
Seat 2: Hero folded before Flop (didn't bet)
Seat 3: 70a67282 (button) collected ($0.25)
Seat 4: db57d026 (small blind) folded before Flop
Seat 5: 579ada20 (big blind) folded before Flop
Seat 6: fb108cd folded before Flop (didn't bet)


Poker Hand #HD1775434759: Hold'em No Limit ($0.05/$0.1) - 2024/05/16 20:06:32
Table 'NLHRed27' 6-max Seat #2 is the button
Seat 1: d45f7b04 ($10 in chips)
Seat 2: Hero ($15.5 in chips)
Seat 3: 70a67282 ($21.91 in chips)
Seat 4: db57d026 ($10 in chips)
Seat 5: 579ada20 ($13.88 in chips)
Seat 6: fb108cd ($9.85 in chips)
70a67282: posts small blind $0.05
db57d026: posts big blind $0.1
*** HOLE CARDS ***
Dealt to d45f7b04 
Dealt to Hero [Ts 4h]
Dealt to 70a67282 
Dealt to db57d026 
Dealt to 579ada20 
Dealt to fb108cd 
579ada20: raises $0.1 to $0.2
fb108cd: folds
d45f7b04: folds
Hero: folds
70a67282: calls $0.15
db57d026: folds
*** FLOP *** [4s Kh 5s]
70a67282: checks
579ada20: checks
*** TURN *** [4s Kh 5s] [Jc]
70a67282: bets $0.5
579ada20: folds
Uncalled bet ($0.5) returned to 70a67282
*** SHOWDOWN ***
70a67282 collected $0.48 from pot
*** SUMMARY ***
Total pot $0.5 | Rake $0.02 | Jackpot $0 | Bingo $0 | Fortune $0 | Tax $0
Board [4s Kh 5s Jc]
Seat 1: d45f7b04 folded before Flop (didn't bet)
Seat 2: Hero (button) folded before Flop (didn't bet)
Seat 3: 70a67282 (small blind) won ($0.48)
Seat 4: db57d026 (big blind) folded before Flop
Seat 5: 579ada20 folded on the Turn
Seat 6: fb108cd folded before Flop (didn't bet)


Poker Hand #HD1775434686: Hold'em No Limit ($0.05/$0.1) - 2024/05/16 20:05:49
Table 'NLHRed27' 6-max Seat #1 is the button
Seat 1: d45f7b04 ($10 in chips)
Seat 2: Hero ($15.55 in chips)
Seat 3: 70a67282 ($21.68 in chips)
Seat 4: db57d026 ($10 in chips)
Seat 5: 579ada20 ($14.08 in chips)
Seat 6: fb108cd ($9.85 in chips)
Hero: posts small blind $0.05
70a67282: posts big blind $0.1
*** HOLE CARDS ***
Dealt to d45f7b04 
Dealt to Hero [Td Qc]
Dealt to 70a67282 
Dealt to db57d026 
Dealt to 579ada20 
Dealt to fb108cd 
db57d026: folds
579ada20: raises $0.1 to $0.2
fb108cd: folds
d45f7b04: folds
Hero: folds
70a67282: calls $0.1
*** FLOP *** [6c 4h 6s]
70a67282: checks
579ada20: checks
*** TURN *** [6c 4h 6s] [7h]
70a67282: bets $0.31
579ada20: folds
Uncalled bet ($0.31) returned to 70a67282
*** SHOWDOWN ***
70a67282 collected $0.43 from pot
*** SUMMARY ***
Total pot $0.45 | Rake $0.02 | Jackpot $0 | Bingo $0 | Fortune $0 | Tax $0
Board [6c 4h 6s 7h]
Seat 1: d45f7b04 (button) folded before Flop (didn't bet)
Seat 2: Hero (small blind) folded before Flop
Seat 3: 70a67282 (big blind) won ($0.43)
Seat 4: db57d026 folded before Flop (didn't bet)
Seat 5: 579ada20 folded on the Turn
Seat 6: fb108cd folded before Flop (didn't bet)


Poker Hand #HD1775434599: Hold'em No Limit ($0.05/$0.1) - 2024/05/16 20:05:04
Table 'NLHRed27' 6-max Seat #6 is the button
Seat 1: d45f7b04 ($10 in chips)
Seat 2: Hero ($14.94 in chips)
Seat 3: 70a67282 ($22.3 in chips)
Seat 4: db57d026 ($10 in chips)
Seat 5: 579ada20 ($14.08 in chips)
Seat 6: fb108cd ($9.85 in chips)
d45f7b04: posts small blind $0.05
Hero: posts big blind $0.1
*** HOLE CARDS ***
Dealt to d45f7b04 
Dealt to Hero [8d 7d]
Dealt to 70a67282 
Dealt to db57d026 
Dealt to 579ada20 
Dealt to fb108cd 
70a67282: raises $0.15 to $0.25
db57d026: folds
579ada20: folds
fb108cd: folds
d45f7b04: folds
Hero: calls $0.15
*** FLOP *** [Qd 4d Qs]
Hero: checks
70a67282: bets $0.37
Hero: calls $0.37
*** TURN *** [Qd 4d Qs] [Jc]
Hero: checks
70a67282: checks
*** RIVER *** [Qd 4d Qs Jc] [6s]
Hero: bets $0.86
70a67282: folds
Uncalled bet ($0.86) returned to Hero
*** SHOWDOWN ***
Hero collected $1.23 from pot
*** SUMMARY ***
Total pot $1.29 | Rake $0.06 | Jackpot $0 | Bingo $0 | Fortune $0 | Tax $0
Board [Qd 4d Qs Jc 6s]
Seat 1: d45f7b04 (small blind) folded before Flop
Seat 2: Hero (big blind) won ($1.23)
Seat 3: 70a67282 folded on the River
Seat 4: db57d026 folded before Flop (didn't bet)
Seat 5: 579ada20 folded before Flop (didn't bet)
Seat 6: fb108cd (button) folded before Flop (didn't bet)


Poker Hand #HD1775434556: Hold'em No Limit ($0.05/$0.1) - 2024/05/16 20:04:38
Table 'NLHRed27' 6-max Seat #5 is the button
Seat 1: d45f7b04 ($10 in chips)
Seat 2: Hero ($14.94 in chips)
Seat 3: 70a67282 ($22.15 in chips)
Seat 4: db57d026 ($10 in chips)
Seat 5: 579ada20 ($14.08 in chips)
Seat 6: fb108cd ($9.9 in chips)
fb108cd: posts small blind $0.05
d45f7b04: posts big blind $0.1
*** HOLE CARDS ***
Dealt to d45f7b04 
Dealt to Hero [4d Kd]
Dealt to 70a67282 
Dealt to db57d026 
Dealt to 579ada20 
Dealt to fb108cd 
Hero: folds
70a67282: raises $0.15 to $0.25
db57d026: folds
579ada20: folds
fb108cd: folds
d45f7b04: folds
Uncalled bet ($0.15) returned to 70a67282
*** SHOWDOWN ***
70a67282 collected $0.25 from pot
*** SUMMARY ***
Total pot $0.25 | Rake $0 | Jackpot $0 | Bingo $0 | Fortune $0 | Tax $0
Seat 1: d45f7b04 (big blind) folded before Flop
Seat 2: Hero folded before Flop (didn't bet)
Seat 3: 70a67282 collected ($0.25)
Seat 4: db57d026 folded before Flop (didn't bet)
Seat 5: 579ada20 (button) folded before Flop (didn't bet)
Seat 6: fb108cd (small blind) folded before Flop


Poker Hand #HD1775434416: Hold'em No Limit ($0.05/$0.1) - 2024/05/16 20:03:23
Table 'NLHRed27' 6-max Seat #4 is the button
Seat 1: d45f7b04 ($10 in chips)
Seat 2: Hero ($14.94 in chips)
Seat 3: 70a67282 ($21.51 in chips)
Seat 4: db57d026 ($10 in chips)
Seat 5: 579ada20 ($14.13 in chips)
Seat 6: fb108cd ($10 in chips)
579ada20: posts small blind $0.05
fb108cd: posts big blind $0.1
*** HOLE CARDS ***
Dealt to d45f7b04 
Dealt to Hero [Qd 5h]
Dealt to 70a67282 
Dealt to db57d026 
Dealt to 579ada20 
Dealt to fb108cd 
d45f7b04: raises $0.2 to $0.3
Hero: folds
70a67282: calls $0.3
db57d026: folds
579ada20: folds
fb108cd: folds
*** FLOP *** [Td 4c Tc]
d45f7b04: bets $0.25
70a67282: calls $0.25
*** TURN *** [Td 4c Tc] [Kc]
d45f7b04: checks
70a67282: checks
*** RIVER *** [Td 4c Tc Kc] [Kh]
d45f7b04: checks
70a67282: bets $3
d45f7b04: folds
Uncalled bet ($3) returned to 70a67282
*** SHOWDOWN ***
70a67282 collected $1.19 from pot
*** SUMMARY ***
Total pot $1.25 | Rake $0.06 | Jackpot $0 | Bingo $0 | Fortune $0 | Tax $0
Board [Td 4c Tc Kc Kh]
Seat 1: d45f7b04 folded on the River
Seat 2: Hero folded before Flop (didn't bet)
Seat 3: 70a67282 won ($1.19)
Seat 4: db57d026 (button) folded before Flop (didn't bet)
Seat 5: 579ada20 (small blind) folded before Flop
Seat 6: fb108cd (big blind) folded before Flop


Poker Hand #HD1775434302: Hold'em No Limit ($0.05/$0.1) - 2024/05/16 20:02:24
Table 'NLHRed27' 6-max Seat #3 is the button
Seat 1: d45f7b04 ($10 in chips)
Seat 2: Hero ($13.46 in chips)
Seat 3: 70a67282 ($22.95 in chips)
Seat 4: db57d026 ($10 in chips)
Seat 5: 579ada20 ($14.37 in chips)
Seat 6: fb108cd ($10 in chips)
db57d026: posts small blind $0.05
579ada20: posts big blind $0.1
*** HOLE CARDS ***
Dealt to d45f7b04 
Dealt to Hero [Kh Kd]
Dealt to 70a67282 
Dealt to db57d026 
Dealt to 579ada20 
Dealt to fb108cd 
fb108cd: folds
d45f7b04: folds
Hero: raises $0.14 to $0.24
70a67282: calls $0.24
db57d026: folds
579ada20: calls $0.14
*** FLOP *** [2c 6h Js]
579ada20: checks
Hero: bets $0.3
70a67282: calls $0.3
579ada20: folds
*** TURN *** [2c 6h Js] [5d]
Hero: bets $0.9
70a67282: calls $0.9
*** RIVER *** [2c 6h Js 5d] [Ad]
Hero: bets $1.05
70a67282: folds
Uncalled bet ($1.05) returned to Hero
*** SHOWDOWN ***
Hero collected $2.92 from pot
*** SUMMARY ***
Total pot $3.17 | Rake $0.15 | Jackpot $0.1 | Bingo $0 | Fortune $0 | Tax $0
Board [2c 6h Js 5d Ad]
Seat 1: d45f7b04 folded before Flop (didn't bet)
Seat 2: Hero won ($2.92)
Seat 3: 70a67282 (button) folded on the River
Seat 4: db57d026 (small blind) folded before Flop
Seat 5: 579ada20 (big blind) folded on the Flop
Seat 6: fb108cd folded before Flop (didn't bet)


Poker Hand #HD1775434196: Hold'em No Limit ($0.05/$0.1) - 2024/05/16 20:01:24
Table 'NLHRed27' 6-max Seat #2 is the button
Seat 1: d45f7b04 ($10 in chips)
Seat 2: Hero ($13.46 in chips)
Seat 3: 70a67282 ($24.98 in chips)
Seat 4: db57d026 ($10.05 in chips)
Seat 5: 579ada20 ($12.44 in chips)
Seat 6: fb108cd ($6.99 in chips)
70a67282: posts small blind $0.05
db57d026: posts big blind $0.1
*** HOLE CARDS ***
Dealt to d45f7b04 
Dealt to Hero [Qc Js]
Dealt to 70a67282 
Dealt to db57d026 
Dealt to 579ada20 
Dealt to fb108cd 
579ada20: raises $0.1 to $0.2
fb108cd: folds
d45f7b04: folds
Hero: folds
70a67282: calls $0.15
db57d026: calls $0.1
*** FLOP *** [Jc 9h 3h]
70a67282: checks
db57d026: checks
579ada20: checks
*** TURN *** [Jc 9h 3h] [Ah]
70a67282: bets $0.41
db57d026: folds
579ada20: calls $0.41
*** RIVER *** [Jc 9h 3h Ah] [5c]
70a67282: bets $1.42
579ada20: calls $1.42
70a67282: shows [8h 6d] (Ace-High)
579ada20: shows [Td Ad] (Pair of Aces)
*** SHOWDOWN ***
579ada20 collected $3.96 from pot
*** SUMMARY ***
Total pot $4.26 | Rake $0.2 | Jackpot $0.1 | Bingo $0 | Fortune $0 | Tax $0
Board [Jc 9h 3h Ah 5c]
Seat 1: d45f7b04 folded before Flop (didn't bet)
Seat 2: Hero (button) folded before Flop (didn't bet)
Seat 3: 70a67282 (small blind) showed [8h 6d] and lost with Ace-High
Seat 4: db57d026 (big blind) folded on the Turn
Seat 5: 579ada20 showed [Td Ad] and won ($3.96) with Pair of Aces
Seat 6: fb108cd folded before Flop (didn't bet)


Poker Hand #HD1775434124: Hold'em No Limit ($0.05/$0.1) - 2024/05/16 20:00:45
Table 'NLHRed27' 6-max Seat #1 is the button
Seat 1: d45f7b04 ($10 in chips)
Seat 2: Hero ($13.01 in chips)
Seat 3: 70a67282 ($25.48 in chips)
Seat 4: db57d026 ($10.05 in chips)
Seat 5: 579ada20 ($12.44 in chips)
Seat 6: fb108cd ($6.99 in chips)
Hero: posts small blind $0.05
70a67282: posts big blind $0.1
*** HOLE CARDS ***
Dealt to d45f7b04 
Dealt to Hero [Ah Ks]
Dealt to 70a67282 
Dealt to db57d026 
Dealt to 579ada20 
Dealt to fb108cd 
db57d026: folds
579ada20: folds
fb108cd: folds
d45f7b04: folds
Hero: raises $0.2 to $0.3
70a67282: calls $0.2
*** FLOP *** [As 4h 7s]
Hero: bets $0.2
70a67282: calls $0.2
*** TURN *** [As 4h 7s] [Kd]
Hero: bets $0.8
70a67282: folds
Uncalled bet ($0.8) returned to Hero
*** SHOWDOWN ***
Hero collected $0.95 from pot
*** SUMMARY ***
Total pot $1 | Rake $0.05 | Jackpot $0 | Bingo $0 | Fortune $0 | Tax $0
Board [As 4h 7s Kd]
Seat 1: d45f7b04 (button) folded before Flop (didn't bet)
Seat 2: Hero (small blind) won ($0.95)
Seat 3: 70a67282 (big blind) folded on the Turn
Seat 4: db57d026 folded before Flop (didn't bet)
Seat 5: 579ada20 folded before Flop (didn't bet)
Seat 6: fb108cd folded before Flop (didn't bet)


Poker Hand #HD1775434100: Hold'em No Limit ($0.05/$0.1) - 2024/05/16 20:00:36
Table 'NLHRed27' 6-max Seat #6 is the button
Seat 1: d45f7b04 ($10 in chips)
Seat 2: Hero ($13.11 in chips)
Seat 3: 70a67282 ($25.33 in chips)
Seat 4: db57d026 ($10.05 in chips)
Seat 5: 579ada20 ($12.44 in chips)
Seat 6: fb108cd ($6.99 in chips)
d45f7b04: posts small blind $0.05
Hero: posts big blind $0.1
*** HOLE CARDS ***
Dealt to d45f7b04 
Dealt to Hero [Jc 3s]
Dealt to 70a67282 
Dealt to db57d026 
Dealt to 579ada20 
Dealt to fb108cd 
70a67282: raises $0.15 to $0.25
db57d026: folds
579ada20: folds
fb108cd: folds
d45f7b04: folds
Hero: folds
Uncalled bet ($0.15) returned to 70a67282
*** SHOWDOWN ***
70a67282 collected $0.25 from pot
*** SUMMARY ***
Total pot $0.25 | Rake $0 | Jackpot $0 | Bingo $0 | Fortune $0 | Tax $0
Seat 1: d45f7b04 (small blind) folded before Flop
Seat 2: Hero (big blind) folded before Flop
Seat 3: 70a67282 collected ($0.25)
Seat 4: db57d026 folded before Flop (didn't bet)
Seat 5: 579ada20 folded before Flop (didn't bet)
Seat 6: fb108cd (button) folded before Flop (didn't bet)


Poker Hand #HD1775433986: Hold'em No Limit ($0.05/$0.1) - 2024/05/16 19:59:35
Table 'NLHRed27' 6-max Seat #5 is the button
Seat 1: d45f7b04 ($10 in chips)
Seat 2: Hero ($11.1 in chips)
Seat 3: 70a67282 ($25.83 in chips)
Seat 4: db57d026 ($10.05 in chips)
Seat 5: 579ada20 ($12.44 in chips)
Seat 6: fb108cd ($8.69 in chips)
fb108cd: posts small blind $0.05
d45f7b04: posts big blind $0.1
*** HOLE CARDS ***
Dealt to d45f7b04 
Dealt to Hero [As Ac]
Dealt to 70a67282 
Dealt to db57d026 
Dealt to 579ada20 
Dealt to fb108cd 
Hero: raises $0.1 to $0.2
70a67282: calls $0.2
db57d026: folds
579ada20: folds
fb108cd: calls $0.15
d45f7b04: folds
*** FLOP *** [5h 7s Kc]
fb108cd: checks
Hero: bets $0.3
70a67282: calls $0.3
fb108cd: calls $0.3
*** TURN *** [5h 7s Kc] [Ah]
fb108cd: checks
Hero: checks
70a67282: checks
*** RIVER *** [5h 7s Kc Ah] [8s]
fb108cd: bets $1.2
Hero: raises $1.6 to $2.8
70a67282: folds
fb108cd: folds
Uncalled bet ($1.6) returned to Hero
*** SHOWDOWN ***
Hero collected $3.71 from pot
*** SUMMARY ***
Total pot $4 | Rake $0.19 | Jackpot $0.1 | Bingo $0 | Fortune $0 | Tax $0
Board [5h 7s Kc Ah 8s]
Seat 1: d45f7b04 (big blind) folded before Flop
Seat 2: Hero won ($3.71)
Seat 3: 70a67282 folded on the River
Seat 4: db57d026 folded before Flop (didn't bet)
Seat 5: 579ada20 (button) folded before Flop (didn't bet)
Seat 6: fb108cd (small blind) folded on the River


Poker Hand #HD1775433956: Hold'em No Limit ($0.05/$0.1) - 2024/05/16 19:59:20
Table 'NLHRed27' 6-max Seat #4 is the button
Seat 1: d45f7b04 ($10 in chips)
Seat 2: Hero ($10.95 in chips)
Seat 3: 70a67282 ($25.83 in chips)
Seat 4: db57d026 ($10.05 in chips)
Seat 5: 579ada20 ($12.49 in chips)
Seat 6: fb108cd ($8.79 in chips)
579ada20: posts small blind $0.05
fb108cd: posts big blind $0.1
*** HOLE CARDS ***
Dealt to d45f7b04 
Dealt to Hero [Jh Ks]
Dealt to 70a67282 
Dealt to db57d026 
Dealt to 579ada20 
Dealt to fb108cd 
d45f7b04: folds
Hero: raises $0.1 to $0.2
70a67282: folds
db57d026: folds
579ada20: folds
fb108cd: folds
Uncalled bet ($0.1) returned to Hero
*** SHOWDOWN ***
Hero collected $0.25 from pot
*** SUMMARY ***
Total pot $0.25 | Rake $0 | Jackpot $0 | Bingo $0 | Fortune $0 | Tax $0
Seat 1: d45f7b04 folded before Flop (didn't bet)
Seat 2: Hero collected ($0.25)
Seat 3: 70a67282 folded before Flop (didn't bet)
Seat 4: db57d026 (button) folded before Flop (didn't bet)
Seat 5: 579ada20 (small blind) folded before Flop
Seat 6: fb108cd (big blind) folded before Flop


Poker Hand #HD1775433906: Hold'em No Limit ($0.05/$0.1) - 2024/05/16 19:58:51
Table 'NLHRed27' 6-max Seat #3 is the button
Seat 1: d45f7b04 ($10 in chips)
Seat 2: Hero ($10.95 in chips)
Seat 3: 70a67282 ($25.68 in chips)
Seat 4: db57d026 ($10.1 in chips)
Seat 5: 579ada20 ($12.59 in chips)
Seat 6: fb108cd ($8.79 in chips)
db57d026: posts small blind $0.05
579ada20: posts big blind $0.1
*** HOLE CARDS ***
Dealt to d45f7b04 
Dealt to Hero [3h 6s]
Dealt to 70a67282 
Dealt to db57d026 
Dealt to 579ada20 
Dealt to fb108cd 
fb108cd: folds
d45f7b04: folds
Hero: folds
70a67282: raises $0.15 to $0.25
db57d026: folds
579ada20: folds
Uncalled bet ($0.15) returned to 70a67282
*** SHOWDOWN ***
70a67282 collected $0.25 from pot
*** SUMMARY ***
Total pot $0.25 | Rake $0 | Jackpot $0 | Bingo $0 | Fortune $0 | Tax $0
Seat 1: d45f7b04 folded before Flop (didn't bet)
Seat 2: Hero folded before Flop (didn't bet)
Seat 3: 70a67282 (button) collected ($0.25)
Seat 4: db57d026 (small blind) folded before Flop
Seat 5: 579ada20 (big blind) folded before Flop
Seat 6: fb108cd folded before Flop (didn't bet)


Poker Hand #HD1775433825: Hold'em No Limit ($0.05/$0.1) - 2024/05/16 19:58:09
Table 'NLHRed27' 6-max Seat #2 is the button
Seat 1: d45f7b04 ($10 in chips)
Seat 2: Hero ($11.77 in chips)
Seat 3: 70a67282 ($24.84 in chips)
Seat 4: db57d026 ($10.2 in chips)
Seat 5: 579ada20 ($12.59 in chips)
Seat 6: fb108cd ($8.79 in chips)
70a67282: posts small blind $0.05
db57d026: posts big blind $0.1
*** HOLE CARDS ***
Dealt to d45f7b04 
Dealt to Hero [Kh 2h]
Dealt to 70a67282 
Dealt to db57d026 
Dealt to 579ada20 
Dealt to fb108cd 
579ada20: folds
fb108cd: folds
d45f7b04: folds
Hero: raises $0.14 to $0.24
70a67282: calls $0.19
db57d026: folds
*** FLOP *** [Ts 5h 3h]
70a67282: checks
Hero: checks
*** TURN *** [Ts 5h 3h] [4c]
70a67282: bets $0.58
Hero: calls $0.58
*** RIVER *** [Ts 5h 3h 4c] [2s]
70a67282: bets $1.74
Hero: folds
Uncalled bet ($1.74) returned to 70a67282
*** SHOWDOWN ***
70a67282 collected $1.66 from pot
*** SUMMARY ***
Total pot $1.74 | Rake $0.08 | Jackpot $0 | Bingo $0 | Fortune $0 | Tax $0
Board [Ts 5h 3h 4c 2s]
Seat 1: d45f7b04 folded before Flop (didn't bet)
Seat 2: Hero (button) folded on the River
Seat 3: 70a67282 (small blind) won ($1.66)
Seat 4: db57d026 (big blind) folded before Flop
Seat 5: 579ada20 folded before Flop (didn't bet)
Seat 6: fb108cd folded before Flop (didn't bet)


Poker Hand #HD1775433735: Hold'em No Limit ($0.05/$0.1) - 2024/05/16 19:57:20
Table 'NLHRed27' 6-max Seat #1 is the button
Seat 1: d45f7b04 ($10 in chips)
Seat 2: Hero ($11.82 in chips)
Seat 3: 70a67282 ($25.34 in chips)
Seat 4: db57d026 ($10.2 in chips)
Seat 5: 579ada20 ($12.09 in chips)
Seat 6: fb108cd ($8.79 in chips)
Hero: posts small blind $0.05
70a67282: posts big blind $0.1
*** HOLE CARDS ***
Dealt to d45f7b04 
Dealt to Hero [Jd 3c]
Dealt to 70a67282 
Dealt to db57d026 
Dealt to 579ada20 
Dealt to fb108cd 
db57d026: folds
579ada20: raises $0.1 to $0.2
fb108cd: folds
d45f7b04: folds
Hero: folds
70a67282: calls $0.1
*** FLOP *** [Qh 5h Ac]
70a67282: checks
579ada20: bets $0.3
70a67282: calls $0.3
*** TURN *** [Qh 5h Ac] [Ad]
70a67282: checks
579ada20: bets $0.7
70a67282: folds
Uncalled bet ($0.7) returned to 579ada20
*** SHOWDOWN ***
579ada20 collected $1 from pot
*** SUMMARY ***
Total pot $1.05 | Rake $0.05 | Jackpot $0 | Bingo $0 | Fortune $0 | Tax $0
Board [Qh 5h Ac Ad]
Seat 1: d45f7b04 (button) folded before Flop (didn't bet)
Seat 2: Hero (small blind) folded before Flop
Seat 3: 70a67282 (big blind) folded on the Turn
Seat 4: db57d026 folded before Flop (didn't bet)
Seat 5: 579ada20 won ($1)
Seat 6: fb108cd folded before Flop (didn't bet)


Poker Hand #HD1775433708: Hold'em No Limit ($0.05/$0.1) - 2024/05/16 19:57:03
Table 'NLHRed27' 6-max Seat #6 is the button
Seat 1: d45f7b04 ($10 in chips)
Seat 2: Hero ($11.92 in chips)
Seat 3: 70a67282 ($25.19 in chips)
Seat 4: db57d026 ($10.2 in chips)
Seat 5: 579ada20 ($12.09 in chips)
Seat 6: fb108cd ($8.79 in chips)
d45f7b04: posts small blind $0.05
Hero: posts big blind $0.1
*** HOLE CARDS ***
Dealt to d45f7b04 
Dealt to Hero [5d Ah]
Dealt to 70a67282 
Dealt to db57d026 
Dealt to 579ada20 
Dealt to fb108cd 
70a67282: raises $0.15 to $0.25
db57d026: folds
579ada20: folds
fb108cd: folds
d45f7b04: folds
Hero: folds
Uncalled bet ($0.15) returned to 70a67282
*** SHOWDOWN ***
70a67282 collected $0.25 from pot
*** SUMMARY ***
Total pot $0.25 | Rake $0 | Jackpot $0 | Bingo $0 | Fortune $0 | Tax $0
Seat 1: d45f7b04 (small blind) folded before Flop
Seat 2: Hero (big blind) folded before Flop
Seat 3: 70a67282 collected ($0.25)
Seat 4: db57d026 folded before Flop (didn't bet)
Seat 5: 579ada20 folded before Flop (didn't bet)
Seat 6: fb108cd (button) folded before Flop (didn't bet)


Poker Hand #HD1775433681: Hold'em No Limit ($0.05/$0.1) - 2024/05/16 19:56:50
Table 'NLHRed27' 6-max Seat #5 is the button
Seat 1: d45f7b04 ($10 in chips)
Seat 2: Hero ($11.77 in chips)
Seat 3: 70a67282 ($25.19 in chips)
Seat 4: db57d026 ($10.2 in chips)
Seat 5: 579ada20 ($12.09 in chips)
Seat 6: fb108cd ($8.84 in chips)
fb108cd: posts small blind $0.05
d45f7b04: posts big blind $0.1
*** HOLE CARDS ***
Dealt to d45f7b04 
Dealt to Hero [Jh Jd]
Dealt to 70a67282 
Dealt to db57d026 
Dealt to 579ada20 
Dealt to fb108cd 
Hero: raises $0.1 to $0.2
70a67282: folds
db57d026: folds
579ada20: folds
fb108cd: folds
d45f7b04: folds
Uncalled bet ($0.1) returned to Hero
*** SHOWDOWN ***
Hero collected $0.25 from pot
*** SUMMARY ***
Total pot $0.25 | Rake $0 | Jackpot $0 | Bingo $0 | Fortune $0 | Tax $0
Seat 1: d45f7b04 (big blind) folded before Flop
Seat 2: Hero collected ($0.25)
Seat 3: 70a67282 folded before Flop (didn't bet)
Seat 4: db57d026 folded before Flop (didn't bet)
Seat 5: 579ada20 (button) folded before Flop (didn't bet)
Seat 6: fb108cd (small blind) folded before Flop


Poker Hand #HD1775433647: Hold'em No Limit ($0.05/$0.1) - 2024/05/16 19:56:37
Table 'NLHRed27' 6-max Seat #4 is the button
Seat 1: d45f7b04 ($10 in chips)
Seat 2: Hero ($11.77 in chips)
Seat 3: 70a67282 ($25.04 in chips)
Seat 4: db57d026 ($10.2 in chips)
Seat 5: 579ada20 ($12.14 in chips)
Seat 6: fb108cd ($8.94 in chips)
579ada20: posts small blind $0.05
fb108cd: posts big blind $0.1
*** HOLE CARDS ***
Dealt to d45f7b04 
Dealt to Hero [2d 9d]
Dealt to 70a67282 
Dealt to db57d026 
Dealt to 579ada20 
Dealt to fb108cd 
d45f7b04: folds
Hero: folds
70a67282: raises $0.15 to $0.25
db57d026: folds
579ada20: folds
fb108cd: folds
Uncalled bet ($0.15) returned to 70a67282
*** SHOWDOWN ***
70a67282 collected $0.25 from pot
*** SUMMARY ***
Total pot $0.25 | Rake $0 | Jackpot $0 | Bingo $0 | Fortune $0 | Tax $0
Seat 1: d45f7b04 folded before Flop (didn't bet)
Seat 2: Hero folded before Flop (didn't bet)
Seat 3: 70a67282 collected ($0.25)
Seat 4: db57d026 (button) folded before Flop (didn't bet)
Seat 5: 579ada20 (small blind) folded before Flop
Seat 6: fb108cd (big blind) folded before Flop


Poker Hand #HD1775433628: Hold'em No Limit ($0.05/$0.1) - 2024/05/16 19:56:27
Table 'NLHRed27' 6-max Seat #3 is the button
Seat 1: d45f7b04 ($10 in chips)
Seat 2: Hero ($11.77 in chips)
Seat 3: 70a67282 ($24.89 in chips)
Seat 4: db57d026 ($10.25 in chips)
Seat 5: 579ada20 ($12.24 in chips)
Seat 6: fb108cd ($8.94 in chips)
db57d026: posts small blind $0.05
579ada20: posts big blind $0.1
*** HOLE CARDS ***
Dealt to d45f7b04 
Dealt to Hero [8c Qh]
Dealt to 70a67282 
Dealt to db57d026 
Dealt to 579ada20 
Dealt to fb108cd 
fb108cd: folds
d45f7b04: folds
Hero: folds
70a67282: raises $0.15 to $0.25
db57d026: folds
579ada20: folds
Uncalled bet ($0.15) returned to 70a67282
*** SHOWDOWN ***
70a67282 collected $0.25 from pot
*** SUMMARY ***
Total pot $0.25 | Rake $0 | Jackpot $0 | Bingo $0 | Fortune $0 | Tax $0
Seat 1: d45f7b04 folded before Flop (didn't bet)
Seat 2: Hero folded before Flop (didn't bet)
Seat 3: 70a67282 (button) collected ($0.25)
Seat 4: db57d026 (small blind) folded before Flop
Seat 5: 579ada20 (big blind) folded before Flop
Seat 6: fb108cd folded before Flop (didn't bet)


Poker Hand #HD1775433543: Hold'em No Limit ($0.05/$0.1) - 2024/05/16 19:55:35
Table 'NLHRed27' 6-max Seat #2 is the button
Seat 1: d45f7b04 ($10 in chips)
Seat 2: Hero ($12.01 in chips)
Seat 3: 70a67282 ($24.57 in chips)
Seat 4: db57d026 ($10.35 in chips)
Seat 5: 579ada20 ($12.24 in chips)
Seat 6: fb108cd ($8.94 in chips)
70a67282: posts small blind $0.05
db57d026: posts big blind $0.1
*** HOLE CARDS ***
Dealt to d45f7b04 
Dealt to Hero [Js Qh]
Dealt to 70a67282 
Dealt to db57d026 
Dealt to 579ada20 
Dealt to fb108cd 
579ada20: folds
fb108cd: folds
d45f7b04: folds
Hero: raises $0.14 to $0.24
70a67282: calls $0.19
db57d026: folds
*** FLOP *** [Jc 4d Kc]
70a67282: checks
Hero: checks
*** TURN *** [Jc 4d Kc] [8h]
70a67282: bets $0.58
Hero: folds
Uncalled bet ($0.58) returned to 70a67282
*** SHOWDOWN ***
70a67282 collected $0.56 from pot
*** SUMMARY ***
Total pot $0.58 | Rake $0.02 | Jackpot $0 | Bingo $0 | Fortune $0 | Tax $0
Board [Jc 4d Kc 8h]
Seat 1: d45f7b04 folded before Flop (didn't bet)
Seat 2: Hero (button) folded on the Turn
Seat 3: 70a67282 (small blind) won ($0.56)
Seat 4: db57d026 (big blind) folded before Flop
Seat 5: 579ada20 folded before Flop (didn't bet)
Seat 6: fb108cd folded before Flop (didn't bet)


Poker Hand #HD1775433468: Hold'em No Limit ($0.05/$0.1) - 2024/05/16 19:54:56
Table 'NLHRed27' 6-max Seat #1 is the button
Seat 1: d45f7b04 ($10 in chips)
Seat 2: Hero ($12.06 in chips)
Seat 3: 70a67282 ($24.67 in chips)
Seat 4: db57d026 ($10.6 in chips)
Seat 5: 579ada20 ($11.87 in chips)
Seat 6: fb108cd ($8.94 in chips)
Hero: posts small blind $0.05
70a67282: posts big blind $0.1
*** HOLE CARDS ***
Dealt to d45f7b04 
Dealt to Hero [5c 2c]
Dealt to 70a67282 
Dealt to db57d026 
Dealt to 579ada20 
Dealt to fb108cd 
db57d026: raises $0.15 to $0.25
579ada20: raises $0.5 to $0.75
fb108cd: folds
d45f7b04: folds
Hero: folds
70a67282: folds
db57d026: folds
Uncalled bet ($0.5) returned to 579ada20
*** SHOWDOWN ***
579ada20 collected $0.62 from pot
*** SUMMARY ***
Total pot $0.65 | Rake $0.03 | Jackpot $0 | Bingo $0 | Fortune $0 | Tax $0
Seat 1: d45f7b04 (button) folded before Flop (didn't bet)
Seat 2: Hero (small blind) folded before Flop
Seat 3: 70a67282 (big blind) folded before Flop
Seat 4: db57d026 folded before Flop
Seat 5: 579ada20 collected ($0.62)
Seat 6: fb108cd folded before Flop (didn't bet)


Poker Hand #HD1775433438: Hold'em No Limit ($0.05/$0.1) - 2024/05/16 19:54:41
Table 'NLHRed27' 6-max Seat #6 is the button
Seat 1: d45f7b04 ($10 in chips)
Seat 2: Hero ($12.16 in chips)
Seat 3: 70a67282 ($24.92 in chips)
Seat 4: db57d026 ($10.23 in chips)
Seat 5: 579ada20 ($11.87 in chips)
Seat 6: fb108cd ($8.94 in chips)
d45f7b04: posts small blind $0.05
Hero: posts big blind $0.1
*** HOLE CARDS ***
Dealt to d45f7b04 
Dealt to Hero [5s Ks]
Dealt to 70a67282 
Dealt to db57d026 
Dealt to 579ada20 
Dealt to fb108cd 
70a67282: raises $0.15 to $0.25
db57d026: raises $0.49 to $0.74
579ada20: folds
fb108cd: folds
d45f7b04: folds
Hero: folds
70a67282: folds
Uncalled bet ($0.49) returned to db57d026
*** SHOWDOWN ***
db57d026 collected $0.62 from pot
*** SUMMARY ***
Total pot $0.65 | Rake $0.03 | Jackpot $0 | Bingo $0 | Fortune $0 | Tax $0
Seat 1: d45f7b04 (small blind) folded before Flop
Seat 2: Hero (big blind) folded before Flop
Seat 3: 70a67282 folded before Flop
Seat 4: db57d026 collected ($0.62)
Seat 5: 579ada20 folded before Flop (didn't bet)
Seat 6: fb108cd (button) folded before Flop (didn't bet)


Poker Hand #HD1775433365: Hold'em No Limit ($0.05/$0.1) - 2024/05/16 19:54:01
Table 'NLHRed27' 6-max Seat #5 is the button
Seat 1: d45f7b04 ($10 in chips)
Seat 2: Hero ($12.16 in chips)
Seat 3: 70a67282 ($24.89 in chips)
Seat 4: db57d026 ($10.23 in chips)
Seat 5: 579ada20 ($11.87 in chips)
Seat 6: fb108cd ($8.91 in chips)
fb108cd: posts small blind $0.05
d45f7b04: posts big blind $0.1
*** HOLE CARDS ***
Dealt to d45f7b04 
Dealt to Hero [Qd 9h]
Dealt to 70a67282 
Dealt to db57d026 
Dealt to 579ada20 
Dealt to fb108cd 
Hero: folds
70a67282: raises $0.15 to $0.25
db57d026: folds
579ada20: folds
fb108cd: calls $0.2
d45f7b04: folds
*** FLOP *** [Tc Ks Ts]
fb108cd: checks
70a67282: checks
*** TURN *** [Tc Ks Ts] [2d]
fb108cd: checks
70a67282: checks
*** RIVER *** [Tc Ks Ts 2d] [2h]
fb108cd: bets $0.2
70a67282: calls $0.2
fb108cd: shows [Jd Ah] (Pair of Tens and Pair of Twos)
70a67282: shows [Jc Ad] (Pair of Tens and Pair of Twos)
*** SHOWDOWN ***
fb108cd collected $0.48 from pot
70a67282 collected $0.48 from pot
*** SUMMARY ***
Total pot $1 | Rake $0.04 | Jackpot $0 | Bingo $0 | Fortune $0 | Tax $0
Board [Tc Ks Ts 2d 2h]
Seat 1: d45f7b04 (big blind) folded before Flop
Seat 2: Hero folded before Flop (didn't bet)
Seat 3: 70a67282 showed [Jc Ad] and won ($0.48) with Pair of Tens and Pair of Twos
Seat 4: db57d026 folded before Flop (didn't bet)
Seat 5: 579ada20 (button) folded before Flop (didn't bet)
Seat 6: fb108cd (small blind) showed [Jd Ah] and won ($0.48) with Pair of Tens and Pair of Twos


Poker Hand #HD1775433269: Hold'em No Limit ($0.05/$0.1) - 2024/05/16 19:53:12
Table 'NLHRed27' 6-max Seat #4 is the button
Seat 1: d45f7b04 ($10 in chips)
Seat 2: Hero ($12.16 in chips)
Seat 3: 70a67282 ($24.28 in chips)
Seat 4: db57d026 ($10.23 in chips)
Seat 5: 579ada20 ($11.92 in chips)
Seat 6: fb108cd ($9.53 in chips)
579ada20: posts small blind $0.05
fb108cd: posts big blind $0.1
*** HOLE CARDS ***
Dealt to d45f7b04 
Dealt to Hero [2c 4h]
Dealt to 70a67282 
Dealt to db57d026 
Dealt to 579ada20 
Dealt to fb108cd 
d45f7b04: folds
Hero: folds
70a67282: raises $0.15 to $0.25
db57d026: folds
579ada20: folds
fb108cd: calls $0.15
*** FLOP *** [5h Qh 3d]
fb108cd: checks
70a67282: bets $0.37
fb108cd: calls $0.37
*** TURN *** [5h Qh 3d] [5d]
fb108cd: checks
70a67282: checks
*** RIVER *** [5h Qh 3d 5d] [Jd]
fb108cd: checks
70a67282: checks
fb108cd: shows [9h 9d] (Pair of Nines and Pair of Fives)
70a67282: shows [Qs Kh] (Pair of Queens and Pair of Fives)
*** SHOWDOWN ***
70a67282 collected $1.23 from pot
*** SUMMARY ***
Total pot $1.29 | Rake $0.06 | Jackpot $0 | Bingo $0 | Fortune $0 | Tax $0
Board [5h Qh 3d 5d Jd]
Seat 1: d45f7b04 folded before Flop (didn't bet)
Seat 2: Hero folded before Flop (didn't bet)
Seat 3: 70a67282 showed [Qs Kh] and won ($1.23) with Pair of Queens and Pair of Fives
Seat 4: db57d026 (button) folded before Flop (didn't bet)
Seat 5: 579ada20 (small blind) folded before Flop
Seat 6: fb108cd (big blind) showed [9h 9d] and lost with Pair of Nines and Pair of Fives


Poker Hand #HD1775433229: Hold'em No Limit ($0.05/$0.1) - 2024/05/16 19:52:53
Table 'NLHRed27' 6-max Seat #3 is the button
Seat 1: d45f7b04 ($10 in chips)
Seat 2: Hero ($12.16 in chips)
Seat 3: 70a67282 ($24.13 in chips)
Seat 4: db57d026 ($10.28 in chips)
Seat 5: 579ada20 ($12.02 in chips)
Seat 6: fb108cd ($9.53 in chips)
db57d026: posts small blind $0.05
579ada20: posts big blind $0.1
*** HOLE CARDS ***
Dealt to d45f7b04 
Dealt to Hero [3d 6c]
Dealt to 70a67282 
Dealt to db57d026 
Dealt to 579ada20 
Dealt to fb108cd 
fb108cd: folds
d45f7b04: folds
Hero: folds
70a67282: raises $0.15 to $0.25
db57d026: folds
579ada20: folds
Uncalled bet ($0.15) returned to 70a67282
*** SHOWDOWN ***
70a67282 collected $0.25 from pot
*** SUMMARY ***
Total pot $0.25 | Rake $0 | Jackpot $0 | Bingo $0 | Fortune $0 | Tax $0
Seat 1: d45f7b04 folded before Flop (didn't bet)
Seat 2: Hero folded before Flop (didn't bet)
Seat 3: 70a67282 (button) collected ($0.25)
Seat 4: db57d026 (small blind) folded before Flop
Seat 5: 579ada20 (big blind) folded before Flop
Seat 6: fb108cd folded before Flop (didn't bet)


Poker Hand #HD1775433168: Hold'em No Limit ($0.05/$0.1) - 2024/05/16 19:52:19
Table 'NLHRed27' 6-max Seat #2 is the button
Seat 1: d45f7b04 ($10 in chips)
Seat 2: Hero ($12.16 in chips)
Seat 3: 70a67282 ($24.18 in chips)
Seat 4: db57d026 ($10 in chips)
Seat 5: 579ada20 ($12.02 in chips)
Seat 6: fb108cd ($9.53 in chips)
70a67282: posts small blind $0.05
db57d026: posts big blind $0.1
*** HOLE CARDS ***
Dealt to d45f7b04 
Dealt to Hero [Ah 8s]
Dealt to 70a67282 
Dealt to db57d026 
Dealt to 579ada20 
Dealt to fb108cd 
579ada20: folds
fb108cd: folds
d45f7b04: raises $0.15 to $0.25
Hero: folds
70a67282: folds
db57d026: raises $0.85 to $1.1
d45f7b04: folds
Uncalled bet ($0.85) returned to db57d026
*** SHOWDOWN ***
db57d026 collected $0.53 from pot
*** SUMMARY ***
Total pot $0.55 | Rake $0.02 | Jackpot $0 | Bingo $0 | Fortune $0 | Tax $0
Seat 1: d45f7b04 folded before Flop
Seat 2: Hero (button) folded before Flop (didn't bet)
Seat 3: 70a67282 (small blind) folded before Flop
Seat 4: db57d026 (big blind) collected ($0.53)
Seat 5: 579ada20 folded before Flop (didn't bet)
Seat 6: fb108cd folded before Flop (didn't bet)


Poker Hand #HD1775433106: Hold'em No Limit ($0.05/$0.1) - 2024/05/16 19:51:48
Table 'NLHRed27' 6-max Seat #1 is the button
Seat 1: d45f7b04 ($10 in chips)
Seat 2: Hero ($11.89 in chips)
Seat 3: 70a67282 ($24.48 in chips)
Seat 4: db57d026 ($10 in chips)
Seat 5: 579ada20 ($12.02 in chips)
Seat 6: fb108cd ($9.53 in chips)
Hero: posts small blind $0.05
70a67282: posts big blind $0.1
*** HOLE CARDS ***
Dealt to d45f7b04 
Dealt to Hero [Ad Qs]
Dealt to 70a67282 
Dealt to db57d026 
Dealt to 579ada20 
Dealt to fb108cd 
db57d026: folds
579ada20: folds
fb108cd: folds
d45f7b04: folds
Hero: raises $0.2 to $0.3
70a67282: calls $0.2
*** FLOP *** [Qd 2h Tc]
Hero: bets $0.3
70a67282: folds
Uncalled bet ($0.3) returned to Hero
*** SHOWDOWN ***
Hero collected $0.57 from pot
*** SUMMARY ***
Total pot $0.6 | Rake $0.03 | Jackpot $0 | Bingo $0 | Fortune $0 | Tax $0
Board [Qd 2h Tc]
Seat 1: d45f7b04 (button) folded before Flop (didn't bet)
Seat 2: Hero (small blind) won ($0.57)
Seat 3: 70a67282 (big blind) folded on the Flop
Seat 4: db57d026 folded before Flop (didn't bet)
Seat 5: 579ada20 folded before Flop (didn't bet)
Seat 6: fb108cd folded before Flop (didn't bet)


Poker Hand #HD1775433008: Hold'em No Limit ($0.05/$0.1) - 2024/05/16 19:50:58
Table 'NLHRed27' 6-max Seat #6 is the button
Seat 1: d45f7b04 ($10 in chips)
Seat 2: Hero ($11.99 in chips)
Seat 3: 70a67282 ($22.44 in chips)
Seat 4: db57d026 ($10 in chips)
Seat 5: 579ada20 ($12.02 in chips)
Seat 6: fb108cd ($11.74 in chips)
d45f7b04: posts small blind $0.05
Hero: posts big blind $0.1
*** HOLE CARDS ***
Dealt to d45f7b04 
Dealt to Hero [3d Ts]
Dealt to 70a67282 
Dealt to db57d026 
Dealt to 579ada20 
Dealt to fb108cd 
70a67282: raises $0.15 to $0.25
db57d026: folds
579ada20: folds
fb108cd: calls $0.25
d45f7b04: folds
Hero: folds
*** FLOP *** [Qh 9h Jc]
70a67282: bets $0.65
fb108cd: calls $0.65
*** TURN *** [Qh 9h Jc] [Js]
70a67282: checks
fb108cd: checks
*** RIVER *** [Qh 9h Jc Js] [3c]
70a67282: bets $1.31
fb108cd: calls $1.31
70a67282: shows [As Ac] (Pair of Aces and Pair of Jacks)
fb108cd: shows [Kh Qs] (Pair of Queens and Pair of Jacks)
*** SHOWDOWN ***
70a67282 collected $4.25 from pot
*** SUMMARY ***
Total pot $4.57 | Rake $0.22 | Jackpot $0.1 | Bingo $0 | Fortune $0 | Tax $0
Board [Qh 9h Jc Js 3c]
Seat 1: d45f7b04 (small blind) folded before Flop
Seat 2: Hero (big blind) folded before Flop
Seat 3: 70a67282 showed [As Ac] and won ($4.25) with Pair of Aces and Pair of Jacks
Seat 4: db57d026 folded before Flop (didn't bet)
Seat 5: 579ada20 folded before Flop (didn't bet)
Seat 6: fb108cd (button) showed [Kh Qs] and lost with Pair of Queens and Pair of Jacks


Poker Hand #HD1775432976: Hold'em No Limit ($0.05/$0.1) - 2024/05/16 19:50:42
Table 'NLHRed27' 6-max Seat #5 is the button
Seat 1: d45f7b04 ($10 in chips)
Seat 2: Hero ($11.99 in chips)
Seat 3: 70a67282 ($22.29 in chips)
Seat 4: db57d026 ($10 in chips)
Seat 5: 579ada20 ($12.02 in chips)
Seat 6: fb108cd ($11.79 in chips)
fb108cd: posts small blind $0.05
d45f7b04: posts big blind $0.1
*** HOLE CARDS ***
Dealt to d45f7b04 
Dealt to Hero [8s 3c]
Dealt to 70a67282 
Dealt to db57d026 
Dealt to 579ada20 
Dealt to fb108cd 
Hero: folds
70a67282: raises $0.15 to $0.25
db57d026: folds
579ada20: folds
fb108cd: folds
d45f7b04: folds
Uncalled bet ($0.15) returned to 70a67282
*** SHOWDOWN ***
70a67282 collected $0.25 from pot
*** SUMMARY ***
Total pot $0.25 | Rake $0 | Jackpot $0 | Bingo $0 | Fortune $0 | Tax $0
Seat 1: d45f7b04 (big blind) folded before Flop
Seat 2: Hero folded before Flop (didn't bet)
Seat 3: 70a67282 collected ($0.25)
Seat 4: db57d026 folded before Flop (didn't bet)
Seat 5: 579ada20 (button) folded before Flop (didn't bet)
Seat 6: fb108cd (small blind) folded before Flop


Poker Hand #HD1775432946: Hold'em No Limit ($0.05/$0.1) - 2024/05/16 19:50:22
Table 'NLHRed27' 6-max Seat #4 is the button
Seat 1: f79b8af6 ($11.96 in chips)
Seat 2: Hero ($11.84 in chips)
Seat 3: 70a67282 ($22.29 in chips)
Seat 4: db57d026 ($10 in chips)
Seat 5: 579ada20 ($12.07 in chips)
Seat 6: fb108cd ($11.89 in chips)
579ada20: posts small blind $0.05
fb108cd: posts big blind $0.1
*** HOLE CARDS ***
Dealt to f79b8af6 
Dealt to Hero [Qh Th]
Dealt to 70a67282 
Dealt to db57d026 
Dealt to 579ada20 
Dealt to fb108cd 
f79b8af6: folds
Hero: raises $0.14 to $0.24
70a67282: folds
db57d026: folds
579ada20: folds
fb108cd: folds
Uncalled bet ($0.14) returned to Hero
*** SHOWDOWN ***
Hero collected $0.25 from pot
*** SUMMARY ***
Total pot $0.25 | Rake $0 | Jackpot $0 | Bingo $0 | Fortune $0 | Tax $0
Seat 1: f79b8af6 folded before Flop (didn't bet)
Seat 2: Hero collected ($0.25)
Seat 3: 70a67282 folded before Flop (didn't bet)
Seat 4: db57d026 (button) folded before Flop (didn't bet)
Seat 5: 579ada20 (small blind) folded before Flop
Seat 6: fb108cd (big blind) folded before Flop


Poker Hand #HD1775432840: Hold'em No Limit ($0.05/$0.1) - 2024/05/16 19:49:29
Table 'NLHRed27' 6-max Seat #3 is the button
Seat 1: f79b8af6 ($11.96 in chips)
Seat 2: Hero ($12.51 in chips)
Seat 3: 70a67282 ($21.54 in chips)
Seat 4: db57d026 ($10 in chips)
Seat 5: 579ada20 ($12.17 in chips)
Seat 6: fb108cd ($11.89 in chips)
db57d026: posts small blind $0.05
579ada20: posts big blind $0.1
*** HOLE CARDS ***
Dealt to f79b8af6 
Dealt to Hero [Qc Ad]
Dealt to 70a67282 
Dealt to db57d026 
Dealt to 579ada20 
Dealt to fb108cd 
fb108cd: folds
f79b8af6: folds
Hero: raises $0.14 to $0.24
70a67282: calls $0.24
db57d026: folds
579ada20: folds
*** FLOP *** [2h Ks Kd]
Hero: checks
70a67282: checks
*** TURN *** [2h Ks Kd] [3h]
Hero: checks
70a67282: bets $0.43
Hero: calls $0.43
*** RIVER *** [2h Ks Kd 3h] [Tc]
Hero: checks
70a67282: checks
Hero: shows [Qc Ad] (Pair of Kings)
70a67282: shows [9c 3c] (Pair of Kings and Pair of Treys)
*** SHOWDOWN ***
70a67282 collected $1.42 from pot
*** SUMMARY ***
Total pot $1.49 | Rake $0.07 | Jackpot $0 | Bingo $0 | Fortune $0 | Tax $0
Board [2h Ks Kd 3h Tc]
Seat 1: f79b8af6 folded before Flop (didn't bet)
Seat 2: Hero showed [Qc Ad] and lost with Pair of Kings
Seat 3: 70a67282 (button) showed [9c 3c] and won ($1.42) with Pair of Kings and Pair of Treys
Seat 4: db57d026 (small blind) folded before Flop
Seat 5: 579ada20 (big blind) folded before Flop
Seat 6: fb108cd folded before Flop (didn't bet)


Poker Hand #HD1775432776: Hold'em No Limit ($0.05/$0.1) - 2024/05/16 19:48:56
Table 'NLHRed27' 6-max Seat #2 is the button
Seat 1: f79b8af6 ($11.96 in chips)
Seat 2: Hero ($11.67 in chips)
Seat 3: 70a67282 ($22.36 in chips)
Seat 4: db57d026 ($10 in chips)
Seat 5: 579ada20 ($12.17 in chips)
Seat 6: fb108cd ($11.89 in chips)
70a67282: posts small blind $0.05
db57d026: posts big blind $0.1
*** HOLE CARDS ***
Dealt to f79b8af6 
Dealt to Hero [Ks Ac]
Dealt to 70a67282 
Dealt to db57d026 
Dealt to 579ada20 
Dealt to fb108cd 
579ada20: folds
fb108cd: folds
f79b8af6: folds
Hero: raises $0.14 to $0.24
70a67282: raises $0.58 to $0.82
db57d026: folds
Hero: raises $1.58 to $2.4
70a67282: folds
Uncalled bet ($1.58) returned to Hero
*** SHOWDOWN ***
Hero collected $1.66 from pot
*** SUMMARY ***
Total pot $1.74 | Rake $0.08 | Jackpot $0 | Bingo $0 | Fortune $0 | Tax $0
Seat 1: f79b8af6 folded before Flop (didn't bet)
Seat 2: Hero (button) collected ($1.66)
Seat 3: 70a67282 (small blind) folded before Flop
Seat 4: db57d026 (big blind) folded before Flop
Seat 5: 579ada20 folded before Flop (didn't bet)
Seat 6: fb108cd folded before Flop (didn't bet)


Poker Hand #HD1775432663: Hold'em No Limit ($0.05/$0.1) - 2024/05/16 19:48:01
Table 'NLHRed27' 6-max Seat #1 is the button
Seat 1: f79b8af6 ($11.68 in chips)
Seat 2: Hero ($11.72 in chips)
Seat 3: 70a67282 ($22.61 in chips)
Seat 4: db57d026 ($10 in chips)
Seat 5: 579ada20 ($12.17 in chips)
Seat 6: fb108cd ($11.89 in chips)
Hero: posts small blind $0.05
70a67282: posts big blind $0.1
*** HOLE CARDS ***
Dealt to f79b8af6 
Dealt to Hero [Js 4h]
Dealt to 70a67282 
Dealt to db57d026 
Dealt to 579ada20 
Dealt to fb108cd 
db57d026: folds
579ada20: folds
fb108cd: folds
f79b8af6: raises $0.15 to $0.25
Hero: folds
70a67282: calls $0.15
*** FLOP *** [Ah 3h As]
70a67282: checks
f79b8af6: checks
*** TURN *** [Ah 3h As] [Qc]
70a67282: checks
f79b8af6: bets $0.6
70a67282: folds
Uncalled bet ($0.6) returned to f79b8af6
*** SHOWDOWN ***
f79b8af6 collected $0.53 from pot
*** SUMMARY ***
Total pot $0.55 | Rake $0.02 | Jackpot $0 | Bingo $0 | Fortune $0 | Tax $0
Board [Ah 3h As Qc]
Seat 1: f79b8af6 (button) won ($0.53)
Seat 2: Hero (small blind) folded before Flop
Seat 3: 70a67282 (big blind) folded on the Turn
Seat 4: db57d026 folded before Flop (didn't bet)
Seat 5: 579ada20 folded before Flop (didn't bet)
Seat 6: fb108cd folded before Flop (didn't bet)


Poker Hand #HD1775432574: Hold'em No Limit ($0.05/$0.1) - 2024/05/16 19:47:12
Table 'NLHRed27' 6-max Seat #6 is the button
Seat 1: f79b8af6 ($11.93 in chips)
Seat 2: Hero ($12.22 in chips)
Seat 3: 70a67282 ($22.61 in chips)
Seat 4: db57d026 ($10 in chips)
Seat 5: 579ada20 ($11.48 in chips)
Seat 6: fb108cd ($11.89 in chips)
f79b8af6: posts small blind $0.05
Hero: posts big blind $0.1
*** HOLE CARDS ***
Dealt to f79b8af6 
Dealt to Hero [Jc Qh]
Dealt to 70a67282 
Dealt to db57d026 
Dealt to 579ada20 
Dealt to fb108cd 
70a67282: folds
db57d026: folds
579ada20: raises $0.15 to $0.25
fb108cd: folds
f79b8af6: calls $0.2
Hero: calls $0.15
*** FLOP *** [Ah 5s Qs]
f79b8af6: checks
Hero: checks
579ada20: bets $0.25
f79b8af6: folds
Hero: calls $0.25
*** TURN *** [Ah 5s Qs] [3h]
Hero: checks
579ada20: bets $0.83
Hero: folds
Uncalled bet ($0.83) returned to 579ada20
*** SHOWDOWN ***
579ada20 collected $1.19 from pot
*** SUMMARY ***
Total pot $1.25 | Rake $0.06 | Jackpot $0 | Bingo $0 | Fortune $0 | Tax $0
Board [Ah 5s Qs 3h]
Seat 1: f79b8af6 (small blind) folded on the Flop
Seat 2: Hero (big blind) folded on the Turn
Seat 3: 70a67282 folded before Flop (didn't bet)
Seat 4: db57d026 folded before Flop (didn't bet)
Seat 5: 579ada20 won ($1.19)
Seat 6: fb108cd (button) folded before Flop (didn't bet)


Poker Hand #HD1775432532: Hold'em No Limit ($0.05/$0.1) - 2024/05/16 19:46:51
Table 'NLHRed27' 6-max Seat #5 is the button
Seat 1: f79b8af6 ($12.18 in chips)
Seat 2: Hero ($12.22 in chips)
Seat 3: 70a67282 ($22.33 in chips)
Seat 4: db57d026 ($10 in chips)
Seat 5: 579ada20 ($11.48 in chips)
Seat 6: fb108cd ($11.94 in chips)
fb108cd: posts small blind $0.05
f79b8af6: posts big blind $0.1
*** HOLE CARDS ***
Dealt to f79b8af6 
Dealt to Hero [Js 8c]
Dealt to 70a67282 
Dealt to db57d026 
Dealt to 579ada20 
Dealt to fb108cd 
Hero: folds
70a67282: raises $0.15 to $0.25
db57d026: folds
579ada20: folds
fb108cd: folds
f79b8af6: calls $0.15
*** FLOP *** [Jd Qc Th]
f79b8af6: checks
70a67282: bets $0.37
f79b8af6: folds
Uncalled bet ($0.37) returned to 70a67282
*** SHOWDOWN ***
70a67282 collected $0.53 from pot
*** SUMMARY ***
Total pot $0.55 | Rake $0.02 | Jackpot $0 | Bingo $0 | Fortune $0 | Tax $0
Board [Jd Qc Th]
Seat 1: f79b8af6 (big blind) folded on the Flop
Seat 2: Hero folded before Flop (didn't bet)
Seat 3: 70a67282 won ($0.53)
Seat 4: db57d026 folded before Flop (didn't bet)
Seat 5: 579ada20 (button) folded before Flop (didn't bet)
Seat 6: fb108cd (small blind) folded before Flop


Poker Hand #HD1775432440: Hold'em No Limit ($0.05/$0.1) - 2024/05/16 19:45:57
Table 'NLHRed27' 6-max Seat #4 is the button
Seat 1: f79b8af6 ($10.43 in chips)
Seat 2: Hero ($12.22 in chips)
Seat 3: 70a67282 ($24.22 in chips)
Seat 4: db57d026 ($10 in chips)
Seat 5: 579ada20 ($11.53 in chips)
Seat 6: fb108cd ($12.04 in chips)
579ada20: posts small blind $0.05
fb108cd: posts big blind $0.1
*** HOLE CARDS ***
Dealt to f79b8af6 
Dealt to Hero [6s Kd]
Dealt to 70a67282 
Dealt to db57d026 
Dealt to 579ada20 
Dealt to fb108cd 
f79b8af6: raises $0.15 to $0.25
Hero: folds
70a67282: calls $0.25
db57d026: folds
579ada20: folds
fb108cd: folds
*** FLOP *** [8c 4s Ts]
f79b8af6: bets $0.33
70a67282: calls $0.33
*** TURN *** [8c 4s Ts] [Jc]
f79b8af6: bets $1.31
70a67282: calls $1.31
*** RIVER *** [8c 4s Ts Jc] [As]
f79b8af6: bets $2.95
70a67282: folds
Uncalled bet ($2.95) returned to f79b8af6
*** SHOWDOWN ***
f79b8af6 collected $3.64 from pot
*** SUMMARY ***
Total pot $3.93 | Rake $0.19 | Jackpot $0.1 | Bingo $0 | Fortune $0 | Tax $0
Board [8c 4s Ts Jc As]
Seat 1: f79b8af6 won ($3.64)
Seat 2: Hero folded before Flop (didn't bet)
Seat 3: 70a67282 folded on the River
Seat 4: db57d026 (button) folded before Flop (didn't bet)
Seat 5: 579ada20 (small blind) folded before Flop
Seat 6: fb108cd (big blind) folded before Flop


Poker Hand #HD1775432372: Hold'em No Limit ($0.05/$0.1) - 2024/05/16 19:45:18
Table 'NLHRed27' 6-max Seat #3 is the button
Seat 1: f79b8af6 ($10.43 in chips)
Seat 2: Hero ($12.22 in chips)
Seat 3: 70a67282 ($23.94 in chips)
Seat 4: db57d026 ($10 in chips)
Seat 5: 579ada20 ($11.78 in chips)
Seat 6: fb108cd ($12.04 in chips)
db57d026: posts small blind $0.05
579ada20: posts big blind $0.1
*** HOLE CARDS ***
Dealt to f79b8af6 
Dealt to Hero [6s Qh]
Dealt to 70a67282 
Dealt to db57d026 
Dealt to 579ada20 
Dealt to fb108cd 
fb108cd: folds
f79b8af6: folds
Hero: folds
70a67282: raises $0.15 to $0.25
db57d026: folds
579ada20: calls $0.15
*** FLOP *** [6c As Ac]
579ada20: checks
70a67282: bets $0.37
579ada20: folds
Uncalled bet ($0.37) returned to 70a67282
*** SHOWDOWN ***
70a67282 collected $0.53 from pot
*** SUMMARY ***
Total pot $0.55 | Rake $0.02 | Jackpot $0 | Bingo $0 | Fortune $0 | Tax $0
Board [6c As Ac]
Seat 1: f79b8af6 folded before Flop (didn't bet)
Seat 2: Hero folded before Flop (didn't bet)
Seat 3: 70a67282 (button) won ($0.53)
Seat 4: db57d026 (small blind) folded before Flop
Seat 5: 579ada20 (big blind) folded on the Flop
Seat 6: fb108cd folded before Flop (didn't bet)


Poker Hand #HD1775432343: Hold'em No Limit ($0.05/$0.1) - 2024/05/16 19:45:04
Table 'NLHRed27' 6-max Seat #2 is the button
Seat 1: f79b8af6 ($10.43 in chips)
Seat 2: Hero ($12.22 in chips)
Seat 3: 70a67282 ($23.84 in chips)
Seat 4: db57d026 ($10 in chips)
Seat 5: 579ada20 ($11.78 in chips)
Seat 6: fb108cd ($12.04 in chips)
70a67282: posts small blind $0.05
db57d026: posts big blind $0.1
*** HOLE CARDS ***
Dealt to f79b8af6 
Dealt to Hero [6s 5h]
Dealt to 70a67282 
Dealt to db57d026 
Dealt to 579ada20 
Dealt to fb108cd 
579ada20: folds
fb108cd: folds
f79b8af6: folds
Hero: folds
70a67282: raises $0.15 to $0.25
db57d026: folds
Uncalled bet ($0.15) returned to 70a67282
*** SHOWDOWN ***
70a67282 collected $0.2 from pot
*** SUMMARY ***
Total pot $0.2 | Rake $0 | Jackpot $0 | Bingo $0 | Fortune $0 | Tax $0
Seat 1: f79b8af6 folded before Flop (didn't bet)
Seat 2: Hero (button) folded before Flop (didn't bet)
Seat 3: 70a67282 (small blind) collected ($0.2)
Seat 4: db57d026 (big blind) folded before Flop
Seat 5: 579ada20 folded before Flop (didn't bet)
Seat 6: fb108cd folded before Flop (didn't bet)


Poker Hand #HD1775432264: Hold'em No Limit ($0.05/$0.1) - 2024/05/16 19:44:25
Table 'NLHRed27' 6-max Seat #1 is the button
Seat 1: f79b8af6 ($10.98 in chips)
Seat 2: Hero ($11.44 in chips)
Seat 3: 70a67282 ($23.94 in chips)
Seat 4: db57d026 ($10 in chips)
Seat 5: 579ada20 ($11.78 in chips)
Seat 6: fb108cd ($12.24 in chips)
Hero: posts small blind $0.05
70a67282: posts big blind $0.1
*** HOLE CARDS ***
Dealt to f79b8af6 
Dealt to Hero [Kd Qd]
Dealt to 70a67282 
Dealt to db57d026 
Dealt to 579ada20 
Dealt to fb108cd 
db57d026: folds
579ada20: folds
fb108cd: raises $0.1 to $0.2
f79b8af6: raises $0.35 to $0.55
Hero: raises $1.05 to $1.6
70a67282: folds
fb108cd: folds
f79b8af6: folds
Uncalled bet ($1.05) returned to Hero
*** SHOWDOWN ***
Hero collected $1.33 from pot
*** SUMMARY ***
Total pot $1.4 | Rake $0.07 | Jackpot $0 | Bingo $0 | Fortune $0 | Tax $0
Seat 1: f79b8af6 (button) folded before Flop
Seat 2: Hero (small blind) collected ($1.33)
Seat 3: 70a67282 (big blind) folded before Flop
Seat 4: db57d026 folded before Flop (didn't bet)
Seat 5: 579ada20 folded before Flop (didn't bet)
Seat 6: fb108cd folded before Flop


Poker Hand #HD1775432201: Hold'em No Limit ($0.05/$0.1) - 2024/05/16 19:43:49
Table 'NLHRed27' 6-max Seat #6 is the button
Seat 1: f79b8af6 ($11.03 in chips)
Seat 2: Hero ($11.16 in chips)
Seat 3: 70a67282 ($24.19 in chips)
Seat 4: db57d026 ($10 in chips)
Seat 5: 579ada20 ($11.78 in chips)
Seat 6: fb108cd ($12.24 in chips)
f79b8af6: posts small blind $0.05
Hero: posts big blind $0.1
*** HOLE CARDS ***
Dealt to f79b8af6 
Dealt to Hero [Kc Td]
Dealt to 70a67282 
Dealt to db57d026 
Dealt to 579ada20 
Dealt to fb108cd 
70a67282: raises $0.15 to $0.25
db57d026: folds
579ada20: folds
fb108cd: folds
f79b8af6: folds
Hero: calls $0.15
*** FLOP *** [2c Qc Qh]
Hero: checks
70a67282: checks
*** TURN *** [2c Qc Qh] [6c]
Hero: bets $0.3
70a67282: folds
Uncalled bet ($0.3) returned to Hero
*** SHOWDOWN ***
Hero collected $0.53 from pot
*** SUMMARY ***
Total pot $0.55 | Rake $0.02 | Jackpot $0 | Bingo $0 | Fortune $0 | Tax $0
Board [2c Qc Qh 6c]
Seat 1: f79b8af6 (small blind) folded before Flop
Seat 2: Hero (big blind) won ($0.53)
Seat 3: 70a67282 folded on the Turn
Seat 4: db57d026 folded before Flop (didn't bet)
Seat 5: 579ada20 folded before Flop (didn't bet)
Seat 6: fb108cd (button) folded before Flop (didn't bet)


Poker Hand #HD1775432161: Hold'em No Limit ($0.05/$0.1) - 2024/05/16 19:43:33
Table 'NLHRed27' 6-max Seat #5 is the button
Seat 1: f79b8af6 ($11.13 in chips)
Seat 2: Hero ($11.16 in chips)
Seat 3: 70a67282 ($24.04 in chips)
Seat 4: db57d026 ($10 in chips)
Seat 5: 579ada20 ($11.78 in chips)
Seat 6: fb108cd ($12.29 in chips)
fb108cd: posts small blind $0.05
f79b8af6: posts big blind $0.1
*** HOLE CARDS ***
Dealt to f79b8af6 
Dealt to Hero [6d 8s]
Dealt to 70a67282 
Dealt to db57d026 
Dealt to 579ada20 
Dealt to fb108cd 
Hero: folds
70a67282: raises $0.15 to $0.25
db57d026: folds
579ada20: folds
fb108cd: folds
f79b8af6: folds
Uncalled bet ($0.15) returned to 70a67282
*** SHOWDOWN ***
70a67282 collected $0.25 from pot
*** SUMMARY ***
Total pot $0.25 | Rake $0 | Jackpot $0 | Bingo $0 | Fortune $0 | Tax $0
Seat 1: f79b8af6 (big blind) folded before Flop
Seat 2: Hero folded before Flop (didn't bet)
Seat 3: 70a67282 collected ($0.25)
Seat 4: db57d026 folded before Flop (didn't bet)
Seat 5: 579ada20 (button) folded before Flop (didn't bet)
Seat 6: fb108cd (small blind) folded before Flop


Poker Hand #HD1775432100: Hold'em No Limit ($0.05/$0.1) - 2024/05/16 19:42:58
Table 'NLHRed27' 6-max Seat #4 is the button
Seat 1: f79b8af6 ($10.17 in chips)
Seat 2: Hero ($11.16 in chips)
Seat 3: 70a67282 ($24.94 in chips)
Seat 4: db57d026 ($10 in chips)
Seat 5: 579ada20 ($11.83 in chips)
Seat 6: fb108cd ($12.39 in chips)
579ada20: posts small blind $0.05
fb108cd: posts big blind $0.1
*** HOLE CARDS ***
Dealt to f79b8af6 
Dealt to Hero [Qh 8c]
Dealt to 70a67282 
Dealt to db57d026 
Dealt to 579ada20 
Dealt to fb108cd 
f79b8af6: raises $0.15 to $0.25
Hero: folds
70a67282: raises $0.65 to $0.9
db57d026: folds
579ada20: folds
fb108cd: folds
f79b8af6: raises $1.95 to $2.85
70a67282: folds
Uncalled bet ($1.95) returned to f79b8af6
*** SHOWDOWN ***
f79b8af6 collected $1.86 from pot
*** SUMMARY ***
Total pot $1.95 | Rake $0.09 | Jackpot $0 | Bingo $0 | Fortune $0 | Tax $0
Seat 1: f79b8af6 collected ($1.86)
Seat 2: Hero folded before Flop (didn't bet)
Seat 3: 70a67282 folded before Flop
Seat 4: db57d026 (button) folded before Flop (didn't bet)
Seat 5: 579ada20 (small blind) folded before Flop
Seat 6: fb108cd (big blind) folded before Flop


Poker Hand #HD1775432078: Hold'em No Limit ($0.05/$0.1) - 2024/05/16 19:42:48
Table 'NLHRed27' 6-max Seat #3 is the button
Seat 1: f79b8af6 ($10.17 in chips)
Seat 2: Hero ($11.16 in chips)
Seat 3: 70a67282 ($24.79 in chips)
Seat 4: db57d026 ($10 in chips)
Seat 5: 579ada20 ($11.93 in chips)
Seat 6: fb108cd ($12.39 in chips)
db57d026: posts small blind $0.05
579ada20: posts big blind $0.1
*** HOLE CARDS ***
Dealt to f79b8af6 
Dealt to Hero [5s 8c]
Dealt to 70a67282 
Dealt to db57d026 
Dealt to 579ada20 
Dealt to fb108cd 
fb108cd: folds
f79b8af6: folds
Hero: folds
70a67282: raises $0.15 to $0.25
db57d026: folds
579ada20: folds
Uncalled bet ($0.15) returned to 70a67282
*** SHOWDOWN ***
70a67282 collected $0.25 from pot
*** SUMMARY ***
Total pot $0.25 | Rake $0 | Jackpot $0 | Bingo $0 | Fortune $0 | Tax $0
Seat 1: f79b8af6 folded before Flop (didn't bet)
Seat 2: Hero folded before Flop (didn't bet)
Seat 3: 70a67282 (button) collected ($0.25)
Seat 4: db57d026 (small blind) folded before Flop
Seat 5: 579ada20 (big blind) folded before Flop
Seat 6: fb108cd folded before Flop (didn't bet)


Poker Hand #HD1775431964: Hold'em No Limit ($0.05/$0.1) - 2024/05/16 19:41:50
Table 'NLHRed27' 6-max Seat #2 is the button
Seat 1: f79b8af6 ($10.17 in chips)
Seat 2: Hero ($11.16 in chips)
Seat 3: 70a67282 ($26.57 in chips)
Seat 4: db57d026 ($10 in chips)
Seat 5: 579ada20 ($10.32 in chips)
Seat 6: fb108cd ($12.39 in chips)
70a67282: posts small blind $0.05
db57d026: posts big blind $0.1
*** HOLE CARDS ***
Dealt to f79b8af6 
Dealt to Hero [2d 4c]
Dealt to 70a67282 
Dealt to db57d026 
Dealt to 579ada20 
Dealt to fb108cd 
579ada20: raises $0.1 to $0.2
fb108cd: folds
f79b8af6: folds
Hero: folds
70a67282: calls $0.15
db57d026: folds
*** FLOP *** [9s 3h Kh]
70a67282: checks
579ada20: bets $0.43
70a67282: calls $0.43
*** TURN *** [9s 3h Kh] [Js]
70a67282: checks
579ada20: bets $1.15
70a67282: calls $1.15
*** RIVER *** [9s 3h Kh Js] [4s]
70a67282: checks
579ada20: checks
70a67282: shows [Ah Ts] (Ace-High)
579ada20: shows [Qh Kc] (Pair of Kings)
*** SHOWDOWN ***
579ada20 collected $3.39 from pot
*** SUMMARY ***
Total pot $3.66 | Rake $0.17 | Jackpot $0.1 | Bingo $0 | Fortune $0 | Tax $0
Board [9s 3h Kh Js 4s]
Seat 1: f79b8af6 folded before Flop (didn't bet)
Seat 2: Hero (button) folded before Flop (didn't bet)
Seat 3: 70a67282 (small blind) showed [Ah Ts] and lost with Ace-High
Seat 4: db57d026 (big blind) folded before Flop
Seat 5: 579ada20 showed [Qh Kc] and won ($3.39) with Pair of Kings
Seat 6: fb108cd folded before Flop (didn't bet)


Poker Hand #HD1775431896: Hold'em No Limit ($0.05/$0.1) - 2024/05/16 19:41:17
Table 'NLHRed27' 6-max Seat #1 is the button
Seat 1: f79b8af6 ($10.17 in chips)
Seat 2: Hero ($11.21 in chips)
Seat 3: 70a67282 ($26.29 in chips)
Seat 4: db57d026 ($10 in chips)
Seat 5: 579ada20 ($10.32 in chips)
Seat 6: fb108cd ($12.39 in chips)
Hero: posts small blind $0.05
70a67282: posts big blind $0.1
*** HOLE CARDS ***
Dealt to f79b8af6 
Dealt to Hero [Js 2d]
Dealt to 70a67282 
Dealt to db57d026 
Dealt to 579ada20 
Dealt to fb108cd 
db57d026: raises $0.15 to $0.25
579ada20: folds
fb108cd: folds
f79b8af6: folds
Hero: folds
70a67282: calls $0.15
*** FLOP *** [2h 8c 7c]
70a67282: checks
db57d026: checks
*** TURN *** [2h 8c 7c] [7s]
70a67282: bets $0.31
db57d026: folds
Uncalled bet ($0.31) returned to 70a67282
*** SHOWDOWN ***
70a67282 collected $0.53 from pot
*** SUMMARY ***
Total pot $0.55 | Rake $0.02 | Jackpot $0 | Bingo $0 | Fortune $0 | Tax $0
Board [2h 8c 7c 7s]
Seat 1: f79b8af6 (button) folded before Flop (didn't bet)
Seat 2: Hero (small blind) folded before Flop
Seat 3: 70a67282 (big blind) won ($0.53)
Seat 4: db57d026 folded on the Turn
Seat 5: 579ada20 folded before Flop (didn't bet)
Seat 6: fb108cd folded before Flop (didn't bet)


Poker Hand #HD1775431874: Hold'em No Limit ($0.05/$0.1) - 2024/05/16 19:41:06
Table 'NLHRed27' 6-max Seat #6 is the button
Seat 1: f79b8af6 ($10.22 in chips)
Seat 2: Hero ($11.31 in chips)
Seat 3: 70a67282 ($26.14 in chips)
Seat 4: db57d026 ($10 in chips)
Seat 5: 579ada20 ($10.32 in chips)
Seat 6: fb108cd ($12.39 in chips)
f79b8af6: posts small blind $0.05
Hero: posts big blind $0.1
*** HOLE CARDS ***
Dealt to f79b8af6 
Dealt to Hero [Td 7c]
Dealt to 70a67282 
Dealt to db57d026 
Dealt to 579ada20 
Dealt to fb108cd 
70a67282: raises $0.15 to $0.25
db57d026: folds
579ada20: folds
fb108cd: folds
f79b8af6: folds
Hero: folds
Uncalled bet ($0.15) returned to 70a67282
*** SHOWDOWN ***
70a67282 collected $0.25 from pot
*** SUMMARY ***
Total pot $0.25 | Rake $0 | Jackpot $0 | Bingo $0 | Fortune $0 | Tax $0
Seat 1: f79b8af6 (small blind) folded before Flop
Seat 2: Hero (big blind) folded before Flop
Seat 3: 70a67282 collected ($0.25)
Seat 4: db57d026 folded before Flop (didn't bet)
Seat 5: 579ada20 folded before Flop (didn't bet)
Seat 6: fb108cd (button) folded before Flop (didn't bet)


Poker Hand #HD1775431828: Hold'em No Limit ($0.05/$0.1) - 2024/05/16 19:40:42
Table 'NLHRed27' 6-max Seat #5 is the button
Seat 1: f79b8af6 ($10.32 in chips)
Seat 2: Hero ($11.31 in chips)
Seat 3: 70a67282 ($25.99 in chips)
Seat 4: db57d026 ($10 in chips)
Seat 5: 579ada20 ($10.32 in chips)
Seat 6: fb108cd ($12.44 in chips)
fb108cd: posts small blind $0.05
f79b8af6: posts big blind $0.1
*** HOLE CARDS ***
Dealt to f79b8af6 
Dealt to Hero [5h Td]
Dealt to 70a67282 
Dealt to db57d026 
Dealt to 579ada20 
Dealt to fb108cd 
Hero: folds
70a67282: raises $0.15 to $0.25
db57d026: folds
579ada20: folds
fb108cd: folds
f79b8af6: folds
Uncalled bet ($0.15) returned to 70a67282
*** SHOWDOWN ***
70a67282 collected $0.25 from pot
*** SUMMARY ***
Total pot $0.25 | Rake $0 | Jackpot $0 | Bingo $0 | Fortune $0 | Tax $0
Seat 1: f79b8af6 (big blind) folded before Flop
Seat 2: Hero folded before Flop (didn't bet)
Seat 3: 70a67282 collected ($0.25)
Seat 4: db57d026 folded before Flop (didn't bet)
Seat 5: 579ada20 (button) folded before Flop (didn't bet)
Seat 6: fb108cd (small blind) folded before Flop


Poker Hand #HD1775431787: Hold'em No Limit ($0.05/$0.1) - 2024/05/16 19:40:18
Table 'NLHRed27' 6-max Seat #4 is the button
Seat 1: f79b8af6 ($10.32 in chips)
Seat 2: Hero ($11.31 in chips)
Seat 3: 70a67282 ($26.24 in chips)
Seat 4: db57d026 ($10 in chips)
Seat 5: 579ada20 ($10 in chips)
Seat 6: fb108cd ($12.54 in chips)
579ada20: posts small blind $0.05
fb108cd: posts big blind $0.1
*** HOLE CARDS ***
Dealt to f79b8af6 
Dealt to Hero [9d 3h]
Dealt to 70a67282 
Dealt to db57d026 
Dealt to 579ada20 
Dealt to fb108cd 
f79b8af6: folds
Hero: folds
70a67282: raises $0.15 to $0.25
db57d026: folds
579ada20: raises $0.95 to $1.2
fb108cd: folds
70a67282: folds
Uncalled bet ($0.95) returned to 579ada20
*** SHOWDOWN ***
579ada20 collected $0.57 from pot
*** SUMMARY ***
Total pot $0.6 | Rake $0.03 | Jackpot $0 | Bingo $0 | Fortune $0 | Tax $0
Seat 1: f79b8af6 folded before Flop (didn't bet)
Seat 2: Hero folded before Flop (didn't bet)
Seat 3: 70a67282 folded before Flop
Seat 4: db57d026 (button) folded before Flop (didn't bet)
Seat 5: 579ada20 (small blind) collected ($0.57)
Seat 6: fb108cd (big blind) folded before Flop


Poker Hand #HD1775431767: Hold'em No Limit ($0.05/$0.1) - 2024/05/16 19:40:06
Table 'NLHRed27' 6-max Seat #3 is the button
Seat 1: f79b8af6 ($10.32 in chips)
Seat 2: Hero ($11.16 in chips)
Seat 3: 70a67282 ($26.24 in chips)
Seat 4: db57d026 ($10 in chips)
Seat 5: 579ada20 ($10.08 in chips)
Seat 6: fb108cd ($12.54 in chips)
db57d026: posts small blind $0.05
579ada20: posts big blind $0.1
*** HOLE CARDS ***
Dealt to f79b8af6 
Dealt to Hero [Jd Th]
Dealt to 70a67282 
Dealt to db57d026 
Dealt to 579ada20 
Dealt to fb108cd 
fb108cd: folds
f79b8af6: folds
Hero: raises $0.14 to $0.24
70a67282: folds
db57d026: folds
579ada20: folds
Uncalled bet ($0.14) returned to Hero
*** SHOWDOWN ***
Hero collected $0.25 from pot
*** SUMMARY ***
Total pot $0.25 | Rake $0 | Jackpot $0 | Bingo $0 | Fortune $0 | Tax $0
Seat 1: f79b8af6 folded before Flop (didn't bet)
Seat 2: Hero collected ($0.25)
Seat 3: 70a67282 (button) folded before Flop (didn't bet)
Seat 4: db57d026 (small blind) folded before Flop
Seat 5: 579ada20 (big blind) folded before Flop
Seat 6: fb108cd folded before Flop (didn't bet)


Poker Hand #HD1775431699: Hold'em No Limit ($0.05/$0.1) - 2024/05/16 19:39:32
Table 'NLHRed27' 6-max Seat #2 is the button
Seat 1: f79b8af6 ($10 in chips)
Seat 2: Hero ($11.16 in chips)
Seat 3: 70a67282 ($26.29 in chips)
Seat 4: db57d026 ($10 in chips)
Seat 5: 579ada20 ($10.08 in chips)
Seat 6: fb108cd ($12.54 in chips)
70a67282: posts small blind $0.05
db57d026: posts big blind $0.1
*** HOLE CARDS ***
Dealt to f79b8af6 
Dealt to Hero [7c Qh]
Dealt to 70a67282 
Dealt to db57d026 
Dealt to 579ada20 
Dealt to fb108cd 
579ada20: folds
fb108cd: folds
f79b8af6: raises $0.2 to $0.3
Hero: folds
70a67282: folds
db57d026: calls $0.2
*** FLOP *** [Jd Ah 3d]
db57d026: checks
f79b8af6: bets $0.22
db57d026: folds
Uncalled bet ($0.22) returned to f79b8af6
*** SHOWDOWN ***
f79b8af6 collected $0.62 from pot
*** SUMMARY ***
Total pot $0.65 | Rake $0.03 | Jackpot $0 | Bingo $0 | Fortune $0 | Tax $0
Board [Jd Ah 3d]
Seat 1: f79b8af6 won ($0.62)
Seat 2: Hero (button) folded before Flop (didn't bet)
Seat 3: 70a67282 (small blind) folded before Flop
Seat 4: db57d026 (big blind) folded on the Flop
Seat 5: 579ada20 folded before Flop (didn't bet)
Seat 6: fb108cd folded before Flop (didn't bet)


Poker Hand #HD1775431602: Hold'em No Limit ($0.05/$0.1) - 2024/05/16 19:38:40
Table 'NLHRed27' 6-max Seat #1 is the button
Seat 1: f79b8af6 ($10 in chips)
Seat 2: Hero ($11.21 in chips)
Seat 3: 70a67282 ($27.38 in chips)
Seat 4: db57d026 ($10 in chips)
Seat 5: 579ada20 ($10.08 in chips)
Seat 6: fb108cd ($11.51 in chips)
Hero: posts small blind $0.05
70a67282: posts big blind $0.1
*** HOLE CARDS ***
Dealt to f79b8af6 
Dealt to Hero [4d 9c]
Dealt to 70a67282 
Dealt to db57d026 
Dealt to 579ada20 
Dealt to fb108cd 
db57d026: folds
579ada20: folds
fb108cd: raises $0.15 to $0.25
f79b8af6: folds
Hero: folds
70a67282: calls $0.15
*** FLOP *** [7s 6d 2d]
70a67282: checks
fb108cd: bets $0.28
70a67282: calls $0.28
*** TURN *** [7s 6d 2d] [Jh]
70a67282: checks
fb108cd: bets $0.56
70a67282: calls $0.56
*** RIVER *** [7s 6d 2d Jh] [4s]
70a67282: checks
fb108cd: checks
70a67282: shows [7d Th] (Pair of Sevens)
fb108cd: shows [8d 8s] (Pair of Eights)
*** SHOWDOWN ***
fb108cd collected $2.12 from pot
*** SUMMARY ***
Total pot $2.23 | Rake $0.11 | Jackpot $0 | Bingo $0 | Fortune $0 | Tax $0
Board [7s 6d 2d Jh 4s]
Seat 1: f79b8af6 (button) folded before Flop (didn't bet)
Seat 2: Hero (small blind) folded before Flop
Seat 3: 70a67282 (big blind) showed [7d Th] and lost with Pair of Sevens
Seat 4: db57d026 folded before Flop (didn't bet)
Seat 5: 579ada20 folded before Flop (didn't bet)
Seat 6: fb108cd showed [8d 8s] and won ($2.12) with Pair of Eights


Poker Hand #HD1775431580: Hold'em No Limit ($0.05/$0.1) - 2024/05/16 19:38:25
Table 'NLHRed27' 6-max Seat #6 is the button
Seat 1: f79b8af6 ($10 in chips)
Seat 2: Hero ($11.31 in chips)
Seat 3: 70a67282 ($27.23 in chips)
Seat 4: db57d026 ($10 in chips)
Seat 5: 579ada20 ($10.08 in chips)
Seat 6: fb108cd ($11.51 in chips)
f79b8af6: posts small blind $0.05
Hero: posts big blind $0.1
*** HOLE CARDS ***
Dealt to f79b8af6 
Dealt to Hero [8s Th]
Dealt to 70a67282 
Dealt to db57d026 
Dealt to 579ada20 
Dealt to fb108cd 
70a67282: raises $0.15 to $0.25
db57d026: folds
579ada20: folds
fb108cd: folds
f79b8af6: folds
Hero: folds
Uncalled bet ($0.15) returned to 70a67282
*** SHOWDOWN ***
70a67282 collected $0.25 from pot
*** SUMMARY ***
Total pot $0.25 | Rake $0 | Jackpot $0 | Bingo $0 | Fortune $0 | Tax $0
Seat 1: f79b8af6 (small blind) folded before Flop
Seat 2: Hero (big blind) folded before Flop
Seat 3: 70a67282 collected ($0.25)
Seat 4: db57d026 folded before Flop (didn't bet)
Seat 5: 579ada20 folded before Flop (didn't bet)
Seat 6: fb108cd (button) folded before Flop (didn't bet)


Poker Hand #HD1775431514: Hold'em No Limit ($0.05/$0.1) - 2024/05/16 19:37:52
Table 'NLHRed27' 6-max Seat #5 is the button
Seat 1: f79b8af6 ($10 in chips)
Seat 2: Hero ($11.31 in chips)
Seat 3: 70a67282 ($27.08 in chips)
Seat 4: db57d026 ($10 in chips)
Seat 5: 579ada20 ($10.08 in chips)
Seat 6: fb108cd ($11.56 in chips)
fb108cd: posts small blind $0.05
f79b8af6: posts big blind $0.1
*** HOLE CARDS ***
Dealt to f79b8af6 
Dealt to Hero [9d 5c]
Dealt to 70a67282 
Dealt to db57d026 
Dealt to 579ada20 
Dealt to fb108cd 
Hero: folds
70a67282: raises $0.15 to $0.25
db57d026: folds
579ada20: folds
fb108cd: folds
f79b8af6: folds
Uncalled bet ($0.15) returned to 70a67282
*** SHOWDOWN ***
70a67282 collected $0.25 from pot
*** SUMMARY ***
Total pot $0.25 | Rake $0 | Jackpot $0 | Bingo $0 | Fortune $0 | Tax $0
Seat 1: f79b8af6 (big blind) folded before Flop
Seat 2: Hero folded before Flop (didn't bet)
Seat 3: 70a67282 collected ($0.25)
Seat 4: db57d026 folded before Flop (didn't bet)
Seat 5: 579ada20 (button) folded before Flop (didn't bet)
Seat 6: fb108cd (small blind) folded before Flop


Poker Hand #HD1775431468: Hold'em No Limit ($0.05/$0.1) - 2024/05/16 19:37:33
Table 'NLHRed27' 6-max Seat #4 is the button
Seat 1: f79b8af6 ($10 in chips)
Seat 2: Hero ($11.31 in chips)
Seat 3: 70a67282 ($26.93 in chips)
Seat 4: db57d026 ($10 in chips)
Seat 5: 579ada20 ($10.13 in chips)
Seat 6: fb108cd ($11.66 in chips)
579ada20: posts small blind $0.05
fb108cd: posts big blind $0.1
*** HOLE CARDS ***
Dealt to f79b8af6 
Dealt to Hero [3h 6d]
Dealt to 70a67282 
Dealt to db57d026 
Dealt to 579ada20 
Dealt to fb108cd 
f79b8af6: folds
Hero: folds
70a67282: raises $0.15 to $0.25
db57d026: folds
579ada20: folds
fb108cd: folds
Uncalled bet ($0.15) returned to 70a67282
*** SHOWDOWN ***
70a67282 collected $0.25 from pot
*** SUMMARY ***
Total pot $0.25 | Rake $0 | Jackpot $0 | Bingo $0 | Fortune $0 | Tax $0
Seat 1: f79b8af6 folded before Flop (didn't bet)
Seat 2: Hero folded before Flop (didn't bet)
Seat 3: 70a67282 collected ($0.25)
Seat 4: db57d026 (button) folded before Flop (didn't bet)
Seat 5: 579ada20 (small blind) folded before Flop
Seat 6: fb108cd (big blind) folded before Flop


Poker Hand #HD1775431422: Hold'em No Limit ($0.05/$0.1) - 2024/05/16 19:37:10
Table 'NLHRed27' 6-max Seat #3 is the button
Seat 1: f79b8af6 ($10 in chips)
Seat 2: Hero ($11.31 in chips)
Seat 3: 70a67282 ($26.78 in chips)
Seat 4: db57d026 ($10 in chips)
Seat 5: 579ada20 ($10.23 in chips)
Seat 6: fb108cd ($11.66 in chips)
db57d026: posts small blind $0.05
579ada20: posts big blind $0.1
*** HOLE CARDS ***
Dealt to f79b8af6 
Dealt to Hero [9c Th]
Dealt to 70a67282 
Dealt to db57d026 
Dealt to 579ada20 
Dealt to fb108cd 
fb108cd: folds
f79b8af6: folds
Hero: folds
70a67282: raises $0.15 to $0.25
db57d026: folds
579ada20: folds
Uncalled bet ($0.15) returned to 70a67282
*** SHOWDOWN ***
70a67282 collected $0.25 from pot
*** SUMMARY ***
Total pot $0.25 | Rake $0 | Jackpot $0 | Bingo $0 | Fortune $0 | Tax $0
Seat 1: f79b8af6 folded before Flop (didn't bet)
Seat 2: Hero folded before Flop (didn't bet)
Seat 3: 70a67282 (button) collected ($0.25)
Seat 4: db57d026 (small blind) folded before Flop
Seat 5: 579ada20 (big blind) folded before Flop
Seat 6: fb108cd folded before Flop (didn't bet)


Poker Hand #HD1775431254: Hold'em No Limit ($0.05/$0.1) - 2024/05/16 19:35:38
Table 'NLHRed27' 6-max Seat #2 is the button
Seat 1: f79b8af6 ($10 in chips)
Seat 2: Hero ($10 in chips)
Seat 3: 70a67282 ($28.12 in chips)
Seat 4: db57d026 ($10 in chips)
Seat 5: 579ada20 ($10.23 in chips)
Seat 6: fb108cd ($11.66 in chips)
70a67282: posts small blind $0.05
db57d026: posts big blind $0.1
*** HOLE CARDS ***
Dealt to f79b8af6 
Dealt to Hero [5d 5c]
Dealt to 70a67282 
Dealt to db57d026 
Dealt to 579ada20 
Dealt to fb108cd 
579ada20: folds
fb108cd: folds
f79b8af6: folds
Hero: raises $0.14 to $0.24
70a67282: calls $0.19
db57d026: folds
*** FLOP *** [8s 9d 5h]
70a67282: checks
Hero: bets $0.3
70a67282: calls $0.3
*** TURN *** [8s 9d 5h] [Kd]
70a67282: checks
Hero: bets $0.8
70a67282: calls $0.8
*** RIVER *** [8s 9d 5h Kd] [As]
70a67282: checks
Hero: bets $2.2
70a67282: folds
Uncalled bet ($2.2) returned to Hero
*** SHOWDOWN ***
Hero collected $2.65 from pot
*** SUMMARY ***
Total pot $2.78 | Rake $0.13 | Jackpot $0 | Bingo $0 | Fortune $0 | Tax $0
Board [8s 9d 5h Kd As]
Seat 1: f79b8af6 folded before Flop (didn't bet)
Seat 2: Hero (button) won ($2.65)
Seat 3: 70a67282 (small blind) folded on the River
Seat 4: db57d026 (big blind) folded before Flop
Seat 5: 579ada20 folded before Flop (didn't bet)
Seat 6: fb108cd folded before Flop (didn't bet)


Poker Hand #HD1775431188: Hold'em No Limit ($0.05/$0.1) - 2024/05/16 19:34:59
Table 'NLHRed27' 6-max Seat #1 is the button
Seat 1: f79b8af6 ($10 in chips)
Seat 2: Hero ($10 in chips)
Seat 3: 70a67282 ($27.85 in chips)
Seat 4: db57d026 ($10 in chips)
Seat 5: 579ada20 ($10.23 in chips)
Seat 6: fb108cd ($11.66 in chips)
Hero: posts small blind $0.05
70a67282: posts big blind $0.1
*** HOLE CARDS ***
Dealt to f79b8af6 
Dealt to Hero [4d As]
Dealt to 70a67282 
Dealt to db57d026 
Dealt to 579ada20 
Dealt to fb108cd 
db57d026: folds
579ada20: folds
fb108cd: folds
f79b8af6: folds
Hero: raises $0.2 to $0.3
70a67282: calls $0.2
*** FLOP *** [7d 4h 5h]
Hero: checks
70a67282: bets $0.41
Hero: folds
Uncalled bet ($0.41) returned to 70a67282
*** SHOWDOWN ***
70a67282 collected $0.57 from pot
*** SUMMARY ***
Total pot $0.6 | Rake $0.03 | Jackpot $0 | Bingo $0 | Fortune $0 | Tax $0
Board [7d 4h 5h]
Seat 1: f79b8af6 (button) folded before Flop (didn't bet)
Seat 2: Hero (small blind) folded on the Flop
Seat 3: 70a67282 (big blind) won ($0.57)
Seat 4: db57d026 folded before Flop (didn't bet)
Seat 5: 579ada20 folded before Flop (didn't bet)
Seat 6: fb108cd folded before Flop (didn't bet)


Poker Hand #HD1775431147: Hold'em No Limit ($0.05/$0.1) - 2024/05/16 19:34:38
Table 'NLHRed27' 6-max Seat #6 is the button
Seat 1: f79b8af6 ($10 in chips)
Seat 2: Hero ($10 in chips)
Seat 3: 70a67282 ($27.7 in chips)
Seat 4: db57d026 ($10 in chips)
Seat 5: 579ada20 ($10.23 in chips)
Seat 6: fb108cd ($11.66 in chips)
f79b8af6: posts small blind $0.05
Hero: posts big blind $0.1
*** HOLE CARDS ***
Dealt to f79b8af6 
Dealt to Hero [2s Ad]
Dealt to 70a67282 
Dealt to db57d026 
Dealt to 579ada20 
Dealt to fb108cd 
70a67282: raises $0.15 to $0.25
db57d026: folds
579ada20: folds
fb108cd: folds
f79b8af6: folds
Hero: folds
Uncalled bet ($0.15) returned to 70a67282
*** SHOWDOWN ***
70a67282 collected $0.25 from pot
*** SUMMARY ***
Total pot $0.25 | Rake $0 | Jackpot $0 | Bingo $0 | Fortune $0 | Tax $0
Seat 1: f79b8af6 (small blind) folded before Flop
Seat 2: Hero (big blind) folded before Flop
Seat 3: 70a67282 collected ($0.25)
Seat 4: db57d026 folded before Flop (didn't bet)
Seat 5: 579ada20 folded before Flop (didn't bet)
Seat 6: fb108cd (button) folded before Flop (didn't bet)


