Poker Hand #HD1770836673: Hold'em No Limit ($0.05/$0.1) - 2024/05/13 15:20:20
Table 'NLHRed22' 6-max Seat #4 is the button
Seat 1: 8f84b551 ($2.94 in chips)
Seat 4: 1264f49c ($10.44 in chips)
Seat 5: Hero ($19 in chips)
Hero: posts small blind $0.05
8f84b551: posts big blind $0.1
*** HOLE CARDS ***
Dealt to 8f84b551 
Dealt to 1264f49c 
Dealt to Hero [2c 6d]
1264f49c: folds
Hero: folds
Uncalled bet ($0.05) returned to 8f84b551
*** SHOWDOWN ***
8f84b551 collected $0.1 from pot
*** SUMMARY ***
Total pot $0.1 | Rake $0 | Jackpot $0 | Bingo $0 | Fortune $0 | Tax $0
Seat 1: 8f84b551 (big blind) collected ($0.1)
Seat 4: 1264f49c (button) folded before Flop (didn't bet)
Seat 5: Hero (small blind) folded before Flop


Poker Hand #HD1770836606: Hold'em No Limit ($0.05/$0.1) - 2024/05/13 15:19:39
Table 'NLHRed22' 6-max Seat #1 is the button
Seat 1: 8f84b551 ($2.94 in chips)
Seat 4: 1264f49c ($10.35 in chips)
Seat 5: Hero ($19.1 in chips)
1264f49c: posts small blind $0.05
Hero: posts big blind $0.1
*** HOLE CARDS ***
Dealt to 8f84b551 
Dealt to 1264f49c 
Dealt to Hero [Kd 4c]
8f84b551: folds
1264f49c: calls $0.05
Hero: checks
*** FLOP *** [Ad 3s 6c]
1264f49c: checks
Hero: checks
*** TURN *** [Ad 3s 6c] [Qc]
1264f49c: bets $0.12
Hero: folds
Uncalled bet ($0.12) returned to 1264f49c
*** SHOWDOWN ***
1264f49c collected $0.19 from pot
*** SUMMARY ***
Total pot $0.2 | Rake $0.01 | Jackpot $0 | Bingo $0 | Fortune $0 | Tax $0
Board [Ad 3s 6c Qc]
Seat 1: 8f84b551 (button) folded before Flop (didn't bet)
Seat 4: 1264f49c (small blind) won ($0.19)
Seat 5: Hero (big blind) folded on the Turn


Poker Hand #HD1770836591: Hold'em No Limit ($0.05/$0.1) - 2024/05/13 15:19:33
Table 'NLHRed22' 6-max Seat #5 is the button
Seat 1: 8f84b551 ($2.99 in chips)
Seat 4: 1264f49c ($10.3 in chips)
Seat 5: Hero ($19.1 in chips)
8f84b551: posts small blind $0.05
1264f49c: posts big blind $0.1
*** HOLE CARDS ***
Dealt to 8f84b551 
Dealt to 1264f49c 
Dealt to Hero [Jd 8h]
Hero: folds
8f84b551: folds
Uncalled bet ($0.05) returned to 1264f49c
*** SHOWDOWN ***
1264f49c collected $0.1 from pot
*** SUMMARY ***
Total pot $0.1 | Rake $0 | Jackpot $0 | Bingo $0 | Fortune $0 | Tax $0
Seat 1: 8f84b551 (small blind) folded before Flop
Seat 4: 1264f49c (big blind) collected ($0.1)
Seat 5: Hero (button) folded before Flop (didn't bet)


Poker Hand #HD1770836569: Hold'em No Limit ($0.05/$0.1) - 2024/05/13 15:19:20
Table 'NLHRed22' 6-max Seat #4 is the button
Seat 1: 8f84b551 ($2.94 in chips)
Seat 2: ccbfadd0 ($14.87 in chips)
Seat 4: 1264f49c ($10.3 in chips)
Seat 5: Hero ($19.15 in chips)
Hero: posts small blind $0.05
8f84b551: posts big blind $0.1
*** HOLE CARDS ***
Dealt to 8f84b551 
Dealt to ccbfadd0 
Dealt to 1264f49c 
Dealt to Hero [7d 3h]
ccbfadd0: folds
1264f49c: folds
Hero: folds
Uncalled bet ($0.05) returned to 8f84b551
*** SHOWDOWN ***
8f84b551 collected $0.1 from pot
*** SUMMARY ***
Total pot $0.1 | Rake $0 | Jackpot $0 | Bingo $0 | Fortune $0 | Tax $0
Seat 1: 8f84b551 (big blind) collected ($0.1)
Seat 2: ccbfadd0 folded before Flop (didn't bet)
Seat 4: 1264f49c (button) folded before Flop (didn't bet)
Seat 5: Hero (small blind) folded before Flop


Poker Hand #HD1770836553: Hold'em No Limit ($0.05/$0.1) - 2024/05/13 15:19:14
Table 'NLHRed22' 6-max Seat #2 is the button
Seat 1: 8f84b551 ($2.94 in chips)
Seat 2: ccbfadd0 ($14.87 in chips)
Seat 4: 1264f49c ($10.35 in chips)
Seat 5: Hero ($19.1 in chips)
1264f49c: posts small blind $0.05
Hero: posts big blind $0.1
*** HOLE CARDS ***
Dealt to 8f84b551 
Dealt to ccbfadd0 
Dealt to 1264f49c 
Dealt to Hero [6h Jc]
8f84b551: folds
ccbfadd0: folds
1264f49c: folds
Uncalled bet ($0.05) returned to Hero
*** SHOWDOWN ***
Hero collected $0.1 from pot
*** SUMMARY ***
Total pot $0.1 | Rake $0 | Jackpot $0 | Bingo $0 | Fortune $0 | Tax $0
Seat 1: 8f84b551 folded before Flop (didn't bet)
Seat 2: ccbfadd0 (button) folded before Flop (didn't bet)
Seat 4: 1264f49c (small blind) folded before Flop
Seat 5: Hero (big blind) collected ($0.1)


Poker Hand #HD1770836488: Hold'em No Limit ($0.05/$0.1) - 2024/05/13 15:18:26
Table 'NLHRed22' 6-max Seat #1 is the button
Seat 1: 8f84b551 ($3.04 in chips)
Seat 2: ccbfadd0 ($14.92 in chips)
Seat 4: 1264f49c ($10.21 in chips)
Seat 5: Hero ($19.1 in chips)
ccbfadd0: posts small blind $0.05
1264f49c: posts big blind $0.1
*** HOLE CARDS ***
Dealt to 8f84b551 
Dealt to ccbfadd0 
Dealt to 1264f49c 
Dealt to Hero [As 6d]
Hero: folds
8f84b551: calls $0.1
ccbfadd0: folds
1264f49c: checks
*** FLOP *** [6c Ah 2c]
1264f49c: checks
8f84b551: checks
*** TURN *** [6c Ah 2c] [2h]
1264f49c: checks
8f84b551: checks
*** RIVER *** [6c Ah 2c 2h] [4c]
1264f49c: checks
8f84b551: checks
1264f49c: shows [Kd 8s] (Pair of Twos)
8f84b551: shows [8d 5d] (Pair of Twos)
*** SHOWDOWN ***
1264f49c collected $0.24 from pot
*** SUMMARY ***
Total pot $0.25 | Rake $0.01 | Jackpot $0 | Bingo $0 | Fortune $0 | Tax $0
Board [6c Ah 2c 2h 4c]
Seat 1: 8f84b551 (button) showed [8d 5d] and lost with Pair of Twos
Seat 2: ccbfadd0 (small blind) folded before Flop
Seat 4: 1264f49c (big blind) showed [Kd 8s] and won ($0.24) with Pair of Twos
Seat 5: Hero folded before Flop (didn't bet)


Poker Hand #HD1770836449: Hold'em No Limit ($0.05/$0.1) - 2024/05/13 15:18:09
Table 'NLHRed22' 6-max Seat #5 is the button
Seat 1: 8f84b551 ($3.14 in chips)
Seat 2: ccbfadd0 ($14.82 in chips)
Seat 3: 7ea8fe45 ($12.69 in chips)
Seat 4: 1264f49c ($10.21 in chips)
Seat 5: Hero ($19.1 in chips)
8f84b551: posts small blind $0.05
ccbfadd0: posts big blind $0.1
*** HOLE CARDS ***
Dealt to 8f84b551 
Dealt to ccbfadd0 
Dealt to 7ea8fe45 
Dealt to 1264f49c 
Dealt to Hero [2s Jd]
7ea8fe45: folds
1264f49c: folds
Hero: folds
8f84b551: calls $0.05
ccbfadd0: raises $0.2 to $0.3
8f84b551: folds
Uncalled bet ($0.2) returned to ccbfadd0
*** SHOWDOWN ***
ccbfadd0 collected $0.2 from pot
*** SUMMARY ***
Total pot $0.2 | Rake $0 | Jackpot $0 | Bingo $0 | Fortune $0 | Tax $0
Seat 1: 8f84b551 (small blind) folded before Flop
Seat 2: ccbfadd0 (big blind) collected ($0.2)
Seat 3: 7ea8fe45 folded before Flop (didn't bet)
Seat 4: 1264f49c folded before Flop (didn't bet)
Seat 5: Hero (button) folded before Flop (didn't bet)


Poker Hand #HD1770836329: Hold'em No Limit ($0.05/$0.1) - 2024/05/13 15:17:00
Table 'NLHRed22' 6-max Seat #4 is the button
Seat 1: 8f84b551 ($3.14 in chips)
Seat 2: ccbfadd0 ($14.82 in chips)
Seat 3: 7ea8fe45 ($12.69 in chips)
Seat 4: 1264f49c ($10.41 in chips)
Seat 5: Hero ($10 in chips)
Seat 6: 511db08b ($10.41 in chips)
Hero: posts small blind $0.05
511db08b: posts big blind $0.1
*** HOLE CARDS ***
Dealt to 8f84b551 
Dealt to ccbfadd0 
Dealt to 7ea8fe45 
Dealt to 1264f49c 
Dealt to Hero [Qh Qc]
Dealt to 511db08b 
8f84b551: folds
ccbfadd0: folds
7ea8fe45: folds
1264f49c: raises $0.1 to $0.2
Hero: raises $0.7 to $0.9
511db08b: raises $2.8 to $3.7
1264f49c: folds
Hero: raises $6.3 to $10 and is all-in
511db08b: calls $6.3
Hero: shows [Qh Qc]
511db08b: shows [Tc Td]
*** FIRST FLOP *** [7s 4d 2h]
*** FIRST TURN *** [7s 4d 2h] [Ks]
*** FIRST RIVER *** [7s 4d 2h Ks] [6h]
*** SECOND FLOP *** [8h Js 5c]
*** SECOND TURN *** [8h Js 5c] [Ad]
*** SECOND RIVER *** [8h Js 5c Ad] [8c]
*** FIRST SHOWDOWN ***
Hero collected $9.55 from pot
*** SECOND SHOWDOWN ***
Hero collected $9.55 from pot
*** SUMMARY ***
Total pot $20.2 | Rake $1 | Jackpot $0.1 | Bingo $0 | Fortune $0 | Tax $0
Hand was run two times
FIRST Board [7s 4d 2h Ks 6h]
SECOND Board [8h Js 5c Ad 8c]
Seat 1: 8f84b551 folded before Flop (didn't bet)
Seat 2: ccbfadd0 folded before Flop (didn't bet)
Seat 3: 7ea8fe45 folded before Flop (didn't bet)
Seat 4: 1264f49c (button) folded before Flop
Seat 5: Hero (small blind) showed [Qh Qc] and won ($9.55) with Pair of Queens, and won ($9.55) with Pair of Queens and Pair of Eights
Seat 6: 511db08b (big blind) showed [Tc Td] and lost with Pair of Tens, and lost with Pair of Tens and Pair of Eights


Poker Hand #HD1770836295: Hold'em No Limit ($0.05/$0.1) - 2024/05/13 15:16:39
Table 'NLHRed22' 6-max Seat #3 is the button
Seat 1: 8f84b551 ($3.14 in chips)
Seat 2: ccbfadd0 ($14.67 in chips)
Seat 3: 7ea8fe45 ($12.69 in chips)
Seat 4: 1264f49c ($10.46 in chips)
Seat 5: Hero ($10 in chips)
Seat 6: 511db08b ($10.41 in chips)
1264f49c: posts small blind $0.05
Hero: posts big blind $0.1
*** HOLE CARDS ***
Dealt to 8f84b551 
Dealt to ccbfadd0 
Dealt to 7ea8fe45 
Dealt to 1264f49c 
Dealt to Hero [7c 8h]
Dealt to 511db08b 
511db08b: folds
8f84b551: folds
ccbfadd0: raises $0.15 to $0.25
7ea8fe45: folds
1264f49c: folds
Hero: folds
Uncalled bet ($0.15) returned to ccbfadd0
*** SHOWDOWN ***
ccbfadd0 collected $0.25 from pot
*** SUMMARY ***
Total pot $0.25 | Rake $0 | Jackpot $0 | Bingo $0 | Fortune $0 | Tax $0
Seat 1: 8f84b551 folded before Flop (didn't bet)
Seat 2: ccbfadd0 collected ($0.25)
Seat 3: 7ea8fe45 (button) folded before Flop (didn't bet)
Seat 4: 1264f49c (small blind) folded before Flop
Seat 5: Hero (big blind) folded before Flop
Seat 6: 511db08b folded before Flop (didn't bet)


Poker Hand #HD1770836215: Hold'em No Limit ($0.05/$0.1) - 2024/05/13 15:15:49
Table 'NLHRed22' 6-max Seat #2 is the button
Seat 1: 8f84b551 ($3 in chips)
Seat 2: ccbfadd0 ($14.67 in chips)
Seat 3: 7ea8fe45 ($12.74 in chips)
Seat 4: 1264f49c ($10.56 in chips)
Seat 5: Hero ($10 in chips)
Seat 6: 511db08b ($10.41 in chips)
7ea8fe45: posts small blind $0.05
1264f49c: posts big blind $0.1
8f84b551: posts big blind $0.1
*** HOLE CARDS ***
Dealt to 8f84b551 
Dealt to ccbfadd0 
Dealt to 7ea8fe45 
Dealt to 1264f49c 
Dealt to Hero [2d Tc]
Dealt to 511db08b 
Hero: folds
511db08b: folds
8f84b551: checks
ccbfadd0: folds
7ea8fe45: folds
1264f49c: checks
*** FLOP *** [Kh 7s Kc]
1264f49c: checks
8f84b551: checks
*** TURN *** [Kh 7s Kc] [Ad]
1264f49c: checks
8f84b551: checks
*** RIVER *** [Kh 7s Kc Ad] [8h]
1264f49c: checks
8f84b551: checks
1264f49c: shows [4h 2s] (Pair of Kings)
8f84b551: shows [6h Ts] (Pair of Kings)
*** SHOWDOWN ***
8f84b551 collected $0.24 from pot
*** SUMMARY ***
Total pot $0.25 | Rake $0.01 | Jackpot $0 | Bingo $0 | Fortune $0 | Tax $0
Board [Kh 7s Kc Ad 8h]
Seat 1: 8f84b551 showed [6h Ts] and won ($0.24) with Pair of Kings
Seat 2: ccbfadd0 (button) folded before Flop (didn't bet)
Seat 3: 7ea8fe45 (small blind) folded before Flop
Seat 4: 1264f49c (big blind) showed [4h 2s] and lost with Pair of Kings
Seat 5: Hero folded before Flop (didn't bet)
Seat 6: 511db08b folded before Flop (didn't bet)


Poker Hand #HD1770836132: Hold'em No Limit ($0.05/$0.1) - 2024/05/13 15:14:58
Table 'NLHRed22' 6-max Seat #6 is the button
Seat 2: ccbfadd0 ($14.72 in chips)
Seat 3: 7ea8fe45 ($13.3 in chips)
Seat 4: 1264f49c ($10 in chips)
Seat 5: Hero ($10 in chips)
Seat 6: 511db08b ($10.41 in chips)
ccbfadd0: posts small blind $0.05
7ea8fe45: posts big blind $0.1
*** HOLE CARDS ***
Dealt to ccbfadd0 
Dealt to 7ea8fe45 
Dealt to 1264f49c 
Dealt to Hero [6d 9c]
Dealt to 511db08b 
1264f49c: raises $0.15 to $0.25
Hero: folds
511db08b: folds
ccbfadd0: folds
7ea8fe45: calls $0.15
*** FLOP *** [3h 4c 7c]
7ea8fe45: checks
1264f49c: checks
*** TURN *** [3h 4c 7c] [5c]
7ea8fe45: checks
1264f49c: bets $0.31
7ea8fe45: calls $0.31
*** RIVER *** [3h 4c 7c 5c] [7d]
7ea8fe45: checks
1264f49c: checks
7ea8fe45: shows [Qc 8h] (Pair of Sevens)
1264f49c: shows [4s 5s] (Pair of Sevens and Pair of Fives)
*** SHOWDOWN ***
1264f49c collected $1.12 from pot
*** SUMMARY ***
Total pot $1.17 | Rake $0.05 | Jackpot $0 | Bingo $0 | Fortune $0 | Tax $0
Board [3h 4c 7c 5c 7d]
Seat 2: ccbfadd0 (small blind) folded before Flop
Seat 3: 7ea8fe45 (big blind) showed [Qc 8h] and lost with Pair of Sevens
Seat 4: 1264f49c showed [4s 5s] and won ($1.12) with Pair of Sevens and Pair of Fives
Seat 5: Hero folded before Flop (didn't bet)
Seat 6: 511db08b (button) folded before Flop (didn't bet)


Poker Hand #HD1770835963: Hold'em No Limit ($0.05/$0.1) - 2024/05/13 15:13:27
Table 'NLHRed22' 6-max Seat #5 is the button
Seat 2: ccbfadd0 ($10.54 in chips)
Seat 3: 7ea8fe45 ($13.3 in chips)
Seat 4: 1264f49c ($13.82 in chips)
Seat 5: Hero ($10 in chips)
Seat 6: 511db08b ($10.46 in chips)
511db08b: posts small blind $0.05
ccbfadd0: posts big blind $0.1
*** HOLE CARDS ***
Dealt to ccbfadd0 
Dealt to 7ea8fe45 
Dealt to 1264f49c 
Dealt to Hero [4d 4s]
Dealt to 511db08b 
7ea8fe45: folds
1264f49c: raises $0.15 to $0.25
Hero: folds
511db08b: folds
ccbfadd0: calls $0.15
*** FLOP *** [Ad Ac 5s]
ccbfadd0: checks
1264f49c: bets $0.15
ccbfadd0: calls $0.15
*** TURN *** [Ad Ac 5s] [Kh]
ccbfadd0: bets $0.29
1264f49c: calls $0.29
*** RIVER *** [Ad Ac 5s Kh] [6d]
ccbfadd0: bets $0.48
1264f49c: raises $3.52 to $4
ccbfadd0: calls $3.52
1264f49c: shows [4h 3h] (Pair of Aces)
ccbfadd0: shows [Ah 8h] (Three Aces)
*** SHOWDOWN ***
ccbfadd0 collected $8.87 from pot
*** SUMMARY ***
Total pot $9.43 | Rake $0.46 | Jackpot $0.1 | Bingo $0 | Fortune $0 | Tax $0
Board [Ad Ac 5s Kh 6d]
Seat 2: ccbfadd0 (big blind) showed [Ah 8h] and won ($8.87) with Three Aces
Seat 3: 7ea8fe45 folded before Flop (didn't bet)
Seat 4: 1264f49c showed [4h 3h] and lost with Pair of Aces
Seat 5: Hero (button) folded before Flop (didn't bet)
Seat 6: 511db08b (small blind) folded before Flop


Poker Hand #HD1770835943: Hold'em No Limit ($0.05/$0.1) - 2024/05/13 15:13:14
Table 'NLHRed22' 6-max Seat #4 is the button
Seat 2: ccbfadd0 ($10.54 in chips)
Seat 3: 7ea8fe45 ($13.15 in chips)
Seat 4: 1264f49c ($13.82 in chips)
Seat 5: Hero ($10 in chips)
Seat 6: 511db08b ($10.56 in chips)
Hero: posts small blind $0.05
511db08b: posts big blind $0.1
*** HOLE CARDS ***
Dealt to ccbfadd0 
Dealt to 7ea8fe45 
Dealt to 1264f49c 
Dealt to Hero [Js Td]
Dealt to 511db08b 
ccbfadd0: folds
7ea8fe45: raises $0.15 to $0.25
1264f49c: folds
Hero: folds
511db08b: folds
Uncalled bet ($0.15) returned to 7ea8fe45
*** SHOWDOWN ***
7ea8fe45 collected $0.25 from pot
*** SUMMARY ***
Total pot $0.25 | Rake $0 | Jackpot $0 | Bingo $0 | Fortune $0 | Tax $0
Seat 2: ccbfadd0 folded before Flop (didn't bet)
Seat 3: 7ea8fe45 collected ($0.25)
Seat 4: 1264f49c (button) folded before Flop (didn't bet)
Seat 5: Hero (small blind) folded before Flop
Seat 6: 511db08b (big blind) folded before Flop


Poker Hand #HD1770835915: Hold'em No Limit ($0.05/$0.1) - 2024/05/13 15:12:54
Table 'NLHRed22' 6-max Seat #3 is the button
Seat 2: ccbfadd0 ($10.54 in chips)
Seat 3: 7ea8fe45 ($13 in chips)
Seat 4: 1264f49c ($13.87 in chips)
Seat 5: Hero ($10 in chips)
Seat 6: 511db08b ($10.56 in chips)
1264f49c: posts small blind $0.05
Hero: posts big blind $0.1
*** HOLE CARDS ***
Dealt to ccbfadd0 
Dealt to 7ea8fe45 
Dealt to 1264f49c 
Dealt to Hero [Qd 8h]
Dealt to 511db08b 
511db08b: folds
ccbfadd0: folds
7ea8fe45: raises $0.15 to $0.25
1264f49c: folds
Hero: folds
Uncalled bet ($0.15) returned to 7ea8fe45
*** SHOWDOWN ***
7ea8fe45 collected $0.25 from pot
*** SUMMARY ***
Total pot $0.25 | Rake $0 | Jackpot $0 | Bingo $0 | Fortune $0 | Tax $0
Seat 2: ccbfadd0 folded before Flop (didn't bet)
Seat 3: 7ea8fe45 (button) collected ($0.25)
Seat 4: 1264f49c (small blind) folded before Flop
Seat 5: Hero (big blind) folded before Flop
Seat 6: 511db08b folded before Flop (didn't bet)


Poker Hand #HD1770835791: Hold'em No Limit ($0.05/$0.1) - 2024/05/13 15:11:42
Table 'NLHRed22' 6-max Seat #2 is the button
Seat 1: 6f0f3092 ($12.03 in chips)
Seat 2: ccbfadd0 ($9.45 in chips)
Seat 3: 7ea8fe45 ($13.05 in chips)
Seat 4: 1264f49c ($13.97 in chips)
Seat 5: Hero ($10.44 in chips)
Seat 6: 511db08b ($10.56 in chips)
7ea8fe45: posts small blind $0.05
1264f49c: posts big blind $0.1
*** HOLE CARDS ***
Dealt to 6f0f3092 
Dealt to ccbfadd0 
Dealt to 7ea8fe45 
Dealt to 1264f49c 
Dealt to Hero [8d 8s]
Dealt to 511db08b 
Hero: raises $0.1 to $0.2
511db08b: folds
6f0f3092: folds
ccbfadd0: raises $0.4 to $0.6
7ea8fe45: folds
1264f49c: folds
Hero: calls $0.4
*** FLOP *** [Qc 6h 4h]
Hero: checks
ccbfadd0: checks
*** TURN *** [Qc 6h 4h] [2h]
Hero: checks
ccbfadd0: bets $0.45
Hero: calls $0.45
*** RIVER *** [Qc 6h 4h 2h] [Jh]
Hero: checks
ccbfadd0: bets $1.13
Hero: folds
Uncalled bet ($1.13) returned to ccbfadd0
*** SHOWDOWN ***
ccbfadd0 collected $2.14 from pot
*** SUMMARY ***
Total pot $2.25 | Rake $0.11 | Jackpot $0 | Bingo $0 | Fortune $0 | Tax $0
Board [Qc 6h 4h 2h Jh]
Seat 1: 6f0f3092 folded before Flop (didn't bet)
Seat 2: ccbfadd0 (button) won ($2.14)
Seat 3: 7ea8fe45 (small blind) folded before Flop
Seat 4: 1264f49c (big blind) folded before Flop
Seat 5: Hero folded on the River
Seat 6: 511db08b folded before Flop (didn't bet)


Poker Hand #HD1770835771: Hold'em No Limit ($0.05/$0.1) - 2024/05/13 15:11:28
Table 'NLHRed22' 6-max Seat #1 is the button
Seat 1: 6f0f3092 ($12.03 in chips)
Seat 2: ccbfadd0 ($9.5 in chips)
Seat 3: 7ea8fe45 ($13.15 in chips)
Seat 4: 1264f49c ($13.97 in chips)
Seat 5: Hero ($10.29 in chips)
Seat 6: 511db08b ($10.56 in chips)
ccbfadd0: posts small blind $0.05
7ea8fe45: posts big blind $0.1
*** HOLE CARDS ***
Dealt to 6f0f3092 
Dealt to ccbfadd0 
Dealt to 7ea8fe45 
Dealt to 1264f49c 
Dealt to Hero [Ac 7c]
Dealt to 511db08b 
1264f49c: folds
Hero: raises $0.1 to $0.2
511db08b: folds
6f0f3092: folds
ccbfadd0: folds
7ea8fe45: folds
Uncalled bet ($0.1) returned to Hero
*** SHOWDOWN ***
Hero collected $0.25 from pot
*** SUMMARY ***
Total pot $0.25 | Rake $0 | Jackpot $0 | Bingo $0 | Fortune $0 | Tax $0
Seat 1: 6f0f3092 (button) folded before Flop (didn't bet)
Seat 2: ccbfadd0 (small blind) folded before Flop
Seat 3: 7ea8fe45 (big blind) folded before Flop
Seat 4: 1264f49c folded before Flop (didn't bet)
Seat 5: Hero collected ($0.25)
Seat 6: 511db08b folded before Flop (didn't bet)


Poker Hand #HD1770835731: Hold'em No Limit ($0.05/$0.1) - 2024/05/13 15:11:07
Table 'NLHRed22' 6-max Seat #6 is the button
Seat 1: 6f0f3092 ($12.08 in chips)
Seat 2: ccbfadd0 ($9.6 in chips)
Seat 3: 7ea8fe45 ($13.15 in chips)
Seat 4: 1264f49c ($13.97 in chips)
Seat 5: Hero ($10.14 in chips)
Seat 6: 511db08b ($10.56 in chips)
6f0f3092: posts small blind $0.05
ccbfadd0: posts big blind $0.1
*** HOLE CARDS ***
Dealt to 6f0f3092 
Dealt to ccbfadd0 
Dealt to 7ea8fe45 
Dealt to 1264f49c 
Dealt to Hero [Ac Jd]
Dealt to 511db08b 
7ea8fe45: folds
1264f49c: folds
Hero: raises $0.14 to $0.24
511db08b: folds
6f0f3092: folds
ccbfadd0: folds
Uncalled bet ($0.14) returned to Hero
*** SHOWDOWN ***
Hero collected $0.25 from pot
*** SUMMARY ***
Total pot $0.25 | Rake $0 | Jackpot $0 | Bingo $0 | Fortune $0 | Tax $0
Seat 1: 6f0f3092 (small blind) folded before Flop
Seat 2: ccbfadd0 (big blind) folded before Flop
Seat 3: 7ea8fe45 folded before Flop (didn't bet)
Seat 4: 1264f49c folded before Flop (didn't bet)
Seat 5: Hero collected ($0.25)
Seat 6: 511db08b (button) folded before Flop (didn't bet)


Poker Hand #HD1770835699: Hold'em No Limit ($0.05/$0.1) - 2024/05/13 15:10:49
Table 'NLHRed22' 6-max Seat #5 is the button
Seat 1: 6f0f3092 ($12.03 in chips)
Seat 2: ccbfadd0 ($9.6 in chips)
Seat 3: 7ea8fe45 ($13.15 in chips)
Seat 4: 1264f49c ($13.97 in chips)
Seat 5: Hero ($10.14 in chips)
Seat 6: 511db08b ($10.61 in chips)
511db08b: posts small blind $0.05
6f0f3092: posts big blind $0.1
*** HOLE CARDS ***
Dealt to 6f0f3092 
Dealt to ccbfadd0 
Dealt to 7ea8fe45 
Dealt to 1264f49c 
Dealt to Hero [Th 9s]
Dealt to 511db08b 
ccbfadd0: folds
7ea8fe45: folds
1264f49c: folds
Hero: folds
511db08b: folds
Uncalled bet ($0.05) returned to 6f0f3092
*** SHOWDOWN ***
6f0f3092 collected $0.1 from pot
*** SUMMARY ***
Total pot $0.1 | Rake $0 | Jackpot $0 | Bingo $0 | Fortune $0 | Tax $0
Seat 1: 6f0f3092 (big blind) collected ($0.1)
Seat 2: ccbfadd0 folded before Flop (didn't bet)
Seat 3: 7ea8fe45 folded before Flop (didn't bet)
Seat 4: 1264f49c folded before Flop (didn't bet)
Seat 5: Hero (button) folded before Flop (didn't bet)
Seat 6: 511db08b (small blind) folded before Flop


Poker Hand #HD1770735598: Hold'em No Limit ($0.05/$0.1) - 2024/05/13 15:09:50
Table 'NLHRed22' 6-max Seat #4 is the button
Seat 1: 6f0f3092 ($12.03 in chips)
Seat 2: ccbfadd0 ($9.6 in chips)
Seat 3: 7ea8fe45 ($13.77 in chips)
Seat 4: 1264f49c ($13.97 in chips)
Seat 5: Hero ($10.19 in chips)
Seat 6: 511db08b ($10 in chips)
Hero: posts small blind $0.05
511db08b: posts big blind $0.1
*** HOLE CARDS ***
Dealt to 6f0f3092 
Dealt to ccbfadd0 
Dealt to 7ea8fe45 
Dealt to 1264f49c 
Dealt to Hero [6c 8d]
Dealt to 511db08b 
6f0f3092: folds
ccbfadd0: folds
7ea8fe45: calls $0.1
1264f49c: folds
Hero: folds
511db08b: checks
*** FLOP *** [2s Qs 2h]
511db08b: checks
7ea8fe45: checks
*** TURN *** [2s Qs 2h] [5c]
511db08b: checks
7ea8fe45: bets $0.13
511db08b: calls $0.13
*** RIVER *** [2s Qs 2h 5c] [Ac]
511db08b: checks
7ea8fe45: bets $0.39
511db08b: calls $0.39
7ea8fe45: shows [5h Ah] (Pair of Aces and Pair of Fives)
511db08b: shows [3s 4c] (Fives-High Straight)
*** SHOWDOWN ***
511db08b collected $1.23 from pot
*** SUMMARY ***
Total pot $1.29 | Rake $0.06 | Jackpot $0 | Bingo $0 | Fortune $0 | Tax $0
Board [2s Qs 2h 5c Ac]
Seat 1: 6f0f3092 folded before Flop (didn't bet)
Seat 2: ccbfadd0 folded before Flop (didn't bet)
Seat 3: 7ea8fe45 showed [5h Ah] and lost with Pair of Aces and Pair of Fives
Seat 4: 1264f49c (button) folded before Flop (didn't bet)
Seat 5: Hero (small blind) folded before Flop
Seat 6: 511db08b (big blind) showed [3s 4c] and won ($1.23) with Fives-High Straight


Poker Hand #HD1770735514: Hold'em No Limit ($0.05/$0.1) - 2024/05/13 15:08:59
Table 'NLHRed22' 6-max Seat #3 is the button
Seat 1: 6f0f3092 ($12.03 in chips)
Seat 2: ccbfadd0 ($9.6 in chips)
Seat 3: 7ea8fe45 ($13.77 in chips)
Seat 4: 1264f49c ($13.7 in chips)
Seat 5: Hero ($10.49 in chips)
1264f49c: posts small blind $0.05
Hero: posts big blind $0.1
*** HOLE CARDS ***
Dealt to 6f0f3092 
Dealt to ccbfadd0 
Dealt to 7ea8fe45 
Dealt to 1264f49c 
Dealt to Hero [Ah 8h]
6f0f3092: folds
ccbfadd0: folds
7ea8fe45: folds
1264f49c: raises $0.2 to $0.3
Hero: calls $0.2
*** FLOP *** [4s Qc Js]
1264f49c: checks
Hero: checks
*** TURN *** [4s Qc Js] [Qd]
1264f49c: checks
Hero: checks
*** RIVER *** [4s Qc Js Qd] [8c]
1264f49c: bets $0.75
Hero: folds
Uncalled bet ($0.75) returned to 1264f49c
*** SHOWDOWN ***
1264f49c collected $0.57 from pot
*** SUMMARY ***
Total pot $0.6 | Rake $0.03 | Jackpot $0 | Bingo $0 | Fortune $0 | Tax $0
Board [4s Qc Js Qd 8c]
Seat 1: 6f0f3092 folded before Flop (didn't bet)
Seat 2: ccbfadd0 folded before Flop (didn't bet)
Seat 3: 7ea8fe45 (button) folded before Flop (didn't bet)
Seat 4: 1264f49c (small blind) won ($0.57)
Seat 5: Hero (big blind) folded on the River


Poker Hand #HD1770735453: Hold'em No Limit ($0.05/$0.1) - 2024/05/13 15:08:25
Table 'NLHRed22' 6-max Seat #2 is the button
Seat 1: 6f0f3092 ($12.03 in chips)
Seat 2: ccbfadd0 ($9.85 in chips)
Seat 3: 7ea8fe45 ($13.82 in chips)
Seat 4: 1264f49c ($13.42 in chips)
Seat 5: Hero ($10.49 in chips)
7ea8fe45: posts small blind $0.05
1264f49c: posts big blind $0.1
*** HOLE CARDS ***
Dealt to 6f0f3092 
Dealt to ccbfadd0 
Dealt to 7ea8fe45 
Dealt to 1264f49c 
Dealt to Hero [3s 7d]
Hero: folds
6f0f3092: folds
ccbfadd0: raises $0.15 to $0.25
7ea8fe45: folds
1264f49c: raises $0.55 to $0.8
ccbfadd0: folds
Uncalled bet ($0.55) returned to 1264f49c
*** SHOWDOWN ***
1264f49c collected $0.53 from pot
*** SUMMARY ***
Total pot $0.55 | Rake $0.02 | Jackpot $0 | Bingo $0 | Fortune $0 | Tax $0
Seat 1: 6f0f3092 folded before Flop (didn't bet)
Seat 2: ccbfadd0 (button) folded before Flop
Seat 3: 7ea8fe45 (small blind) folded before Flop
Seat 4: 1264f49c (big blind) collected ($0.53)
Seat 5: Hero folded before Flop (didn't bet)


Poker Hand #HD1770735428: Hold'em No Limit ($0.05/$0.1) - 2024/05/13 15:08:07
Table 'NLHRed22' 6-max Seat #1 is the button
Seat 1: 6f0f3092 ($11.67 in chips)
Seat 2: ccbfadd0 ($9.9 in chips)
Seat 3: 7ea8fe45 ($13.92 in chips)
Seat 4: 1264f49c ($13.42 in chips)
Seat 5: Hero ($10.73 in chips)
ccbfadd0: posts small blind $0.05
7ea8fe45: posts big blind $0.1
*** HOLE CARDS ***
Dealt to 6f0f3092 
Dealt to ccbfadd0 
Dealt to 7ea8fe45 
Dealt to 1264f49c 
Dealt to Hero [5d 5c]
1264f49c: folds
Hero: raises $0.14 to $0.24
6f0f3092: raises $0.46 to $0.7
ccbfadd0: folds
7ea8fe45: folds
Hero: folds
Uncalled bet ($0.46) returned to 6f0f3092
*** SHOWDOWN ***
6f0f3092 collected $0.6 from pot
*** SUMMARY ***
Total pot $0.63 | Rake $0.03 | Jackpot $0 | Bingo $0 | Fortune $0 | Tax $0
Seat 1: 6f0f3092 (button) collected ($0.6)
Seat 2: ccbfadd0 (small blind) folded before Flop
Seat 3: 7ea8fe45 (big blind) folded before Flop
Seat 4: 1264f49c folded before Flop (didn't bet)
Seat 5: Hero folded before Flop


Poker Hand #HD1770735398: Hold'em No Limit ($0.05/$0.1) - 2024/05/13 15:07:46
Table 'NLHRed22' 6-max Seat #5 is the button
Seat 1: 6f0f3092 ($11.72 in chips)
Seat 2: ccbfadd0 ($10 in chips)
Seat 3: 7ea8fe45 ($13.92 in chips)
Seat 4: 1264f49c ($13.42 in chips)
Seat 5: Hero ($10.58 in chips)
6f0f3092: posts small blind $0.05
ccbfadd0: posts big blind $0.1
*** HOLE CARDS ***
Dealt to 6f0f3092 
Dealt to ccbfadd0 
Dealt to 7ea8fe45 
Dealt to 1264f49c 
Dealt to Hero [Ts Qh]
7ea8fe45: folds
1264f49c: folds
Hero: raises $0.14 to $0.24
6f0f3092: folds
ccbfadd0: folds
Uncalled bet ($0.14) returned to Hero
*** SHOWDOWN ***
Hero collected $0.25 from pot
*** SUMMARY ***
Total pot $0.25 | Rake $0 | Jackpot $0 | Bingo $0 | Fortune $0 | Tax $0
Seat 1: 6f0f3092 (small blind) folded before Flop
Seat 2: ccbfadd0 (big blind) folded before Flop
Seat 3: 7ea8fe45 folded before Flop (didn't bet)
Seat 4: 1264f49c folded before Flop (didn't bet)
Seat 5: Hero (button) collected ($0.25)


Poker Hand #HD1770735374: Hold'em No Limit ($0.05/$0.1) - 2024/05/13 15:07:31
Table 'NLHRed22' 6-max Seat #4 is the button
Seat 1: 6f0f3092 ($11.67 in chips)
Seat 3: 7ea8fe45 ($13.92 in chips)
Seat 4: 1264f49c ($13.42 in chips)
Seat 5: Hero ($10.63 in chips)
Hero: posts small blind $0.05
6f0f3092: posts big blind $0.1
*** HOLE CARDS ***
Dealt to 6f0f3092 
Dealt to 7ea8fe45 
Dealt to 1264f49c 
Dealt to Hero [5d 3c]
7ea8fe45: folds
1264f49c: folds
Hero: folds
Uncalled bet ($0.05) returned to 6f0f3092
*** SHOWDOWN ***
6f0f3092 collected $0.1 from pot
*** SUMMARY ***
Total pot $0.1 | Rake $0 | Jackpot $0 | Bingo $0 | Fortune $0 | Tax $0
Seat 1: 6f0f3092 (big blind) collected ($0.1)
Seat 3: 7ea8fe45 folded before Flop (didn't bet)
Seat 4: 1264f49c (button) folded before Flop (didn't bet)
Seat 5: Hero (small blind) folded before Flop


Poker Hand #HD1770735338: Hold'em No Limit ($0.05/$0.1) - 2024/05/13 15:07:08
Table 'NLHRed22' 6-max Seat #3 is the button
Seat 1: 6f0f3092 ($11.67 in chips)
Seat 3: 7ea8fe45 ($13.92 in chips)
Seat 4: 1264f49c ($13.47 in chips)
Seat 5: Hero ($10.4 in chips)
Seat 6: d135d068 ($1.03 in chips)
1264f49c: posts small blind $0.05
Hero: posts big blind $0.1
*** HOLE CARDS ***
Dealt to 6f0f3092 
Dealt to 7ea8fe45 
Dealt to 1264f49c 
Dealt to Hero [Ah Ad]
Dealt to d135d068 
d135d068: raises $0.1 to $0.2
6f0f3092: folds
7ea8fe45: folds
1264f49c: folds
Hero: raises $0.7 to $0.9
d135d068: folds
Uncalled bet ($0.7) returned to Hero
*** SHOWDOWN ***
Hero collected $0.43 from pot
*** SUMMARY ***
Total pot $0.45 | Rake $0.02 | Jackpot $0 | Bingo $0 | Fortune $0 | Tax $0
Seat 1: 6f0f3092 folded before Flop (didn't bet)
Seat 3: 7ea8fe45 (button) folded before Flop (didn't bet)
Seat 4: 1264f49c (small blind) folded before Flop
Seat 5: Hero (big blind) collected ($0.43)
Seat 6: d135d068 folded before Flop


Poker Hand #HD1770735306: Hold'em No Limit ($0.05/$0.1) - 2024/05/13 15:06:51
Table 'NLHRed22' 6-max Seat #1 is the button
Seat 1: 6f0f3092 ($11.67 in chips)
Seat 3: 7ea8fe45 ($13.97 in chips)
Seat 4: 1264f49c ($13.42 in chips)
Seat 5: Hero ($10.4 in chips)
Seat 6: d135d068 ($1.03 in chips)
7ea8fe45: posts small blind $0.05
1264f49c: posts big blind $0.1
*** HOLE CARDS ***
Dealt to 6f0f3092 
Dealt to 7ea8fe45 
Dealt to 1264f49c 
Dealt to Hero [8s 7d]
Dealt to d135d068 
Hero: folds
d135d068: folds
6f0f3092: folds
7ea8fe45: folds
Uncalled bet ($0.05) returned to 1264f49c
*** SHOWDOWN ***
1264f49c collected $0.1 from pot
*** SUMMARY ***
Total pot $0.1 | Rake $0 | Jackpot $0 | Bingo $0 | Fortune $0 | Tax $0
Seat 1: 6f0f3092 (button) folded before Flop (didn't bet)
Seat 3: 7ea8fe45 (small blind) folded before Flop
Seat 4: 1264f49c (big blind) collected ($0.1)
Seat 5: Hero folded before Flop (didn't bet)
Seat 6: d135d068 folded before Flop (didn't bet)


Poker Hand #HD1770735279: Hold'em No Limit ($0.05/$0.1) - 2024/05/13 15:06:35
Table 'NLHRed22' 6-max Seat #6 is the button
Seat 1: 6f0f3092 ($11.57 in chips)
Seat 3: 7ea8fe45 ($14.07 in chips)
Seat 5: Hero ($10.4 in chips)
Seat 6: d135d068 ($1.03 in chips)
6f0f3092: posts small blind $0.05
7ea8fe45: posts big blind $0.1
*** HOLE CARDS ***
Dealt to 6f0f3092 
Dealt to 7ea8fe45 
Dealt to Hero [8s 3d]
Dealt to d135d068 
Hero: folds
d135d068: folds
6f0f3092: raises $0.2 to $0.3
7ea8fe45: folds
Uncalled bet ($0.2) returned to 6f0f3092
*** SHOWDOWN ***
6f0f3092 collected $0.2 from pot
*** SUMMARY ***
Total pot $0.2 | Rake $0 | Jackpot $0 | Bingo $0 | Fortune $0 | Tax $0
Seat 1: 6f0f3092 (small blind) collected ($0.2)
Seat 3: 7ea8fe45 (big blind) folded before Flop
Seat 5: Hero folded before Flop (didn't bet)
Seat 6: d135d068 (button) folded before Flop (didn't bet)


Poker Hand #HD1770735184: Hold'em No Limit ($0.05/$0.1) - 2024/05/13 15:05:41
Table 'NLHRed22' 6-max Seat #5 is the button
Seat 1: 6f0f3092 ($11.67 in chips)
Seat 2: 2349a6d3 ($11.15 in chips)
Seat 3: 7ea8fe45 ($13.02 in chips)
Seat 5: Hero ($10.4 in chips)
Seat 6: d135d068 ($1.08 in chips)
d135d068: posts small blind $0.05
6f0f3092: posts big blind $0.1
*** HOLE CARDS ***
Dealt to 6f0f3092 
Dealt to 2349a6d3 
Dealt to 7ea8fe45 
Dealt to Hero [7d 9h]
Dealt to d135d068 
2349a6d3: raises $0.1 to $0.2
7ea8fe45: raises $0.8 to $1
Hero: folds
d135d068: folds
6f0f3092: folds
2349a6d3: calls $0.8
*** FLOP *** [5d 2s 6h]
2349a6d3: checks
7ea8fe45: checks
*** TURN *** [5d 2s 6h] [5c]
2349a6d3: checks
7ea8fe45: bets $1.08
2349a6d3: folds
Uncalled bet ($1.08) returned to 7ea8fe45
*** SHOWDOWN ***
7ea8fe45 collected $2.05 from pot
*** SUMMARY ***
Total pot $2.15 | Rake $0.1 | Jackpot $0 | Bingo $0 | Fortune $0 | Tax $0
Board [5d 2s 6h 5c]
Seat 1: 6f0f3092 (big blind) folded before Flop
Seat 2: 2349a6d3 folded on the Turn
Seat 3: 7ea8fe45 won ($2.05)
Seat 5: Hero (button) folded before Flop (didn't bet)
Seat 6: d135d068 (small blind) folded before Flop


Poker Hand #HD1770735091: Hold'em No Limit ($0.05/$0.1) - 2024/05/13 15:04:48
Table 'NLHRed22' 6-max Seat #3 is the button
Seat 1: 6f0f3092 ($11.67 in chips)
Seat 2: 2349a6d3 ($11.15 in chips)
Seat 3: 7ea8fe45 ($13.02 in chips)
Seat 5: Hero ($10 in chips)
Seat 6: d135d068 ($1.52 in chips)
Hero: posts small blind $0.05
d135d068: posts big blind $0.1
*** HOLE CARDS ***
Dealt to 6f0f3092 
Dealt to 2349a6d3 
Dealt to 7ea8fe45 
Dealt to Hero [2s Ah]
Dealt to d135d068 
6f0f3092: folds
2349a6d3: folds
7ea8fe45: folds
Hero: raises $0.14 to $0.24
d135d068: calls $0.14
*** FLOP *** [7s Qh 2c]
Hero: checks
d135d068: checks
*** TURN *** [7s Qh 2c] [2d]
Hero: checks
d135d068: bets $0.2
Hero: raises $0.4 to $0.6
d135d068: folds
Uncalled bet ($0.4) returned to Hero
*** SHOWDOWN ***
Hero collected $0.84 from pot
*** SUMMARY ***
Total pot $0.88 | Rake $0.04 | Jackpot $0 | Bingo $0 | Fortune $0 | Tax $0
Board [7s Qh 2c 2d]
Seat 1: 6f0f3092 folded before Flop (didn't bet)
Seat 2: 2349a6d3 folded before Flop (didn't bet)
Seat 3: 7ea8fe45 (button) folded before Flop (didn't bet)
Seat 5: Hero (small blind) won ($0.84)
Seat 6: d135d068 (big blind) folded on the Turn


Poker Hand #HD1770735017: Hold'em No Limit ($0.05/$0.1) - 2024/05/13 15:04:09
Table 'NLHRed22' 6-max Seat #2 is the button
Seat 1: 6f0f3092 ($10.89 in chips)
Seat 2: 2349a6d3 ($11.15 in chips)
Seat 3: 7ea8fe45 ($13.07 in chips)
Seat 5: Hero ($10 in chips)
Seat 6: d135d068 ($2.22 in chips)
7ea8fe45: posts small blind $0.05
Hero: posts big blind $0.1
*** HOLE CARDS ***
Dealt to 6f0f3092 
Dealt to 2349a6d3 
Dealt to 7ea8fe45 
Dealt to Hero [4h Jh]
Dealt to d135d068 
d135d068: raises $0.1 to $0.2
6f0f3092: raises $0.5 to $0.7
2349a6d3: folds
7ea8fe45: folds
Hero: folds
d135d068: calls $0.5
*** FLOP *** [3s 4d 2c]
d135d068: checks
6f0f3092: bets $0.8
d135d068: folds
Uncalled bet ($0.8) returned to 6f0f3092
*** SHOWDOWN ***
6f0f3092 collected $1.48 from pot
*** SUMMARY ***
Total pot $1.55 | Rake $0.07 | Jackpot $0 | Bingo $0 | Fortune $0 | Tax $0
Board [3s 4d 2c]
Seat 1: 6f0f3092 won ($1.48)
Seat 2: 2349a6d3 (button) folded before Flop (didn't bet)
Seat 3: 7ea8fe45 (small blind) folded before Flop
Seat 5: Hero (big blind) folded before Flop
Seat 6: d135d068 folded on the Flop


Poker Hand #HD1770734983: Hold'em No Limit ($0.05/$0.1) - 2024/05/13 15:03:40
Table 'NLHRed22' 6-max Seat #1 is the button
Seat 1: 6f0f3092 ($10.89 in chips)
Seat 2: 2349a6d3 ($11.05 in chips)
Seat 3: 7ea8fe45 ($13.17 in chips)
Seat 5: Hero ($10 in chips)
Seat 6: d135d068 ($2.22 in chips)
2349a6d3: posts small blind $0.05
7ea8fe45: posts big blind $0.1
*** HOLE CARDS ***
Dealt to 6f0f3092 
Dealt to 2349a6d3 
Dealt to 7ea8fe45 
Dealt to Hero [7c 9c]
Dealt to d135d068 
Hero: folds
d135d068: folds
6f0f3092: folds
2349a6d3: raises $0.1 to $0.2
7ea8fe45: folds
Uncalled bet ($0.1) returned to 2349a6d3
*** SHOWDOWN ***
2349a6d3 collected $0.2 from pot
*** SUMMARY ***
Total pot $0.2 | Rake $0 | Jackpot $0 | Bingo $0 | Fortune $0 | Tax $0
Seat 1: 6f0f3092 (button) folded before Flop (didn't bet)
Seat 2: 2349a6d3 (small blind) collected ($0.2)
Seat 3: 7ea8fe45 (big blind) folded before Flop
Seat 5: Hero folded before Flop (didn't bet)
Seat 6: d135d068 folded before Flop (didn't bet)


Poker Hand #HD1770734905: Hold'em No Limit ($0.05/$0.1) - 2024/05/13 15:02:57
Table 'NLHRed22' 6-max Seat #6 is the button
Seat 1: 6f0f3092 ($10.94 in chips)
Seat 2: 2349a6d3 ($11.25 in chips)
Seat 3: 7ea8fe45 ($13.17 in chips)
Seat 5: Hero ($10 in chips)
Seat 6: d135d068 ($1.99 in chips)
6f0f3092: posts small blind $0.05
2349a6d3: posts big blind $0.1
*** HOLE CARDS ***
Dealt to 6f0f3092 
Dealt to 2349a6d3 
Dealt to 7ea8fe45 
Dealt to Hero [7d Ts]
Dealt to d135d068 
7ea8fe45: folds
Hero: folds
d135d068: raises $0.1 to $0.2
6f0f3092: folds
2349a6d3: calls $0.1
*** FLOP *** [3d Qs As]
2349a6d3: checks
d135d068: bets $0.3
2349a6d3: folds
Uncalled bet ($0.3) returned to d135d068
*** SHOWDOWN ***
d135d068 collected $0.43 from pot
*** SUMMARY ***
Total pot $0.45 | Rake $0.02 | Jackpot $0 | Bingo $0 | Fortune $0 | Tax $0
Board [3d Qs As]
Seat 1: 6f0f3092 (small blind) folded before Flop
Seat 2: 2349a6d3 (big blind) folded on the Flop
Seat 3: 7ea8fe45 folded before Flop (didn't bet)
Seat 5: Hero folded before Flop (didn't bet)
Seat 6: d135d068 (button) won ($0.43)


Poker Hand #HD1770734767: Hold'em No Limit ($0.05/$0.1) - 2024/05/13 15:01:31
Table 'NLHRed22' 6-max Seat #5 is the button
Seat 1: 6f0f3092 ($11.04 in chips)
Seat 2: 2349a6d3 ($11.25 in chips)
Seat 3: 7ea8fe45 ($10.15 in chips)
Seat 5: Hero ($10 in chips)
Seat 6: d135d068 ($5.34 in chips)
d135d068: posts small blind $0.05
6f0f3092: posts big blind $0.1
*** HOLE CARDS ***
Dealt to 6f0f3092 
Dealt to 2349a6d3 
Dealt to 7ea8fe45 
Dealt to Hero [9s 2s]
Dealt to d135d068 
2349a6d3: folds
7ea8fe45: raises $0.15 to $0.25
Hero: folds
d135d068: calls $0.2
6f0f3092: folds
*** FLOP *** [4s Kh 8d]
d135d068: checks
7ea8fe45: bets $0.3
d135d068: calls $0.3
*** TURN *** [4s Kh 8d] [4c]
d135d068: checks
7ea8fe45: bets $0.9
d135d068: calls $0.9
*** RIVER *** [4s Kh 8d 4c] [2d]
d135d068: checks
7ea8fe45: bets $1.9
d135d068: calls $1.9
7ea8fe45: shows [Kd Ah] (Pair of Kings and Pair of Fours)
d135d068: shows [Qs Ks] (Pair of Kings and Pair of Fours)
*** SHOWDOWN ***
7ea8fe45 collected $6.37 from pot
*** SUMMARY ***
Total pot $6.8 | Rake $0.33 | Jackpot $0.1 | Bingo $0 | Fortune $0 | Tax $0
Board [4s Kh 8d 4c 2d]
Seat 1: 6f0f3092 (big blind) folded before Flop
Seat 2: 2349a6d3 folded before Flop (didn't bet)
Seat 3: 7ea8fe45 showed [Kd Ah] and won ($6.37) with Pair of Kings and Pair of Fours
Seat 5: Hero (button) folded before Flop (didn't bet)
Seat 6: d135d068 (small blind) showed [Qs Ks] and lost with Pair of Kings and Pair of Fours


Poker Hand #HD1770734697: Hold'em No Limit ($0.05/$0.1) - 2024/05/13 15:00:48
Table 'NLHRed22' 6-max Seat #3 is the button
Seat 1: 6f0f3092 ($11.04 in chips)
Seat 2: 2349a6d3 ($11.25 in chips)
Seat 3: 7ea8fe45 ($10 in chips)
Seat 5: Hero ($10 in chips)
Seat 6: d135d068 ($5.44 in chips)
Hero: posts small blind $0.05
d135d068: posts big blind $0.1
*** HOLE CARDS ***
Dealt to 6f0f3092 
Dealt to 2349a6d3 
Dealt to 7ea8fe45 
Dealt to Hero [4d 7c]
Dealt to d135d068 
6f0f3092: folds
2349a6d3: folds
7ea8fe45: raises $0.15 to $0.25
Hero: folds
d135d068: folds
Uncalled bet ($0.15) returned to 7ea8fe45
*** SHOWDOWN ***
7ea8fe45 collected $0.25 from pot
*** SUMMARY ***
Total pot $0.25 | Rake $0 | Jackpot $0 | Bingo $0 | Fortune $0 | Tax $0
Seat 1: 6f0f3092 folded before Flop (didn't bet)
Seat 2: 2349a6d3 folded before Flop (didn't bet)
Seat 3: 7ea8fe45 (button) collected ($0.25)
Seat 5: Hero (small blind) folded before Flop
Seat 6: d135d068 (big blind) folded before Flop


Poker Hand #HD1770734555: Hold'em No Limit ($0.05/$0.1) - 2024/05/13 14:59:19
Table 'NLHRed22' 6-max Seat #2 is the button
Seat 1: 6f0f3092 ($10 in chips)
Seat 2: 2349a6d3 ($12.03 in chips)
Seat 3: 7ea8fe45 ($10 in chips)
Seat 5: Hero ($10 in chips)
Seat 6: d135d068 ($5.44 in chips)
7ea8fe45: posts small blind $0.05
Hero: posts big blind $0.1
*** HOLE CARDS ***
Dealt to 6f0f3092 
Dealt to 2349a6d3 
Dealt to 7ea8fe45 
Dealt to Hero [6c 5d]
Dealt to d135d068 
d135d068: folds
6f0f3092: raises $0.15 to $0.25
2349a6d3: calls $0.25
7ea8fe45: calls $0.2
Hero: folds
*** FLOP *** [3s 6s Tc]
7ea8fe45: checks
6f0f3092: checks
2349a6d3: bets $0.53
7ea8fe45: folds
6f0f3092: calls $0.53
*** TURN *** [3s 6s Tc] [4d]
6f0f3092: checks
2349a6d3: checks
*** RIVER *** [3s 6s Tc 4d] [9c]
6f0f3092: checks
2349a6d3: checks
6f0f3092: shows [Ad Ks] (Ace-High)
2349a6d3: shows [Qs Ah] (Ace-High)
*** SHOWDOWN ***
6f0f3092 collected $1.82 from pot
*** SUMMARY ***
Total pot $1.91 | Rake $0.09 | Jackpot $0 | Bingo $0 | Fortune $0 | Tax $0
Board [3s 6s Tc 4d 9c]
Seat 1: 6f0f3092 showed [Ad Ks] and won ($1.82) with Ace-High
Seat 2: 2349a6d3 (button) showed [Qs Ah] and lost with Ace-High
Seat 3: 7ea8fe45 (small blind) folded on the Flop
Seat 5: Hero (big blind) folded before Flop
Seat 6: d135d068 folded before Flop (didn't bet)


