Poker Hand #HD1723228209: Hold'em No Limit ($0.02/$0.05) - 2024/04/09 21:16:17
Table 'NLHBlue20' 6-max Seat #4 is the button
Seat 1: 1dfca477 ($5.78 in chips)
Seat 2: 7bd0973c ($11.78 in chips)
Seat 3: 73e0a5a0 ($6.91 in chips)
Seat 4: d5868f33 ($8.26 in chips)
Seat 5: a56fa2b5 ($5 in chips)
Seat 6: Hero ($7.87 in chips)
a56fa2b5: posts small blind $0.02
Hero: posts big blind $0.05
*** HOLE CARDS ***
Dealt to 1dfca477 
Dealt to 7bd0973c 
Dealt to 73e0a5a0 
Dealt to d5868f33 
Dealt to a56fa2b5 
Dealt to Hero [Js Qc]
1dfca477: folds
7bd0973c: folds
73e0a5a0: folds
d5868f33: raises $0.08 to $0.13
a56fa2b5: folds
Hero: calls $0.08
*** FLOP *** [4c 2d 8h]
Hero: checks
d5868f33: bets $0.14
Hero: folds
Uncalled bet ($0.14) returned to d5868f33
*** SHOWDOWN ***
d5868f33 collected $0.27 from pot
*** SUMMARY ***
Total pot $0.28 | Rake $0.01 | Jackpot $0 | Bingo $0 | Fortune $0 | Tax $0
Board [4c 2d 8h]
Seat 1: 1dfca477 folded before Flop (didn't bet)
Seat 2: 7bd0973c folded before Flop (didn't bet)
Seat 3: 73e0a5a0 folded before Flop (didn't bet)
Seat 4: d5868f33 (button) won ($0.27)
Seat 5: a56fa2b5 (small blind) folded before Flop
Seat 6: Hero (big blind) folded on the Flop


Poker Hand #HD1723228064: Hold'em No Limit ($0.02/$0.05) - 2024/04/09 21:15:20
Table 'NLHBlue20' 6-max Seat #3 is the button
Seat 1: 1dfca477 ($6.02 in chips)
Seat 2: 7bd0973c ($11.78 in chips)
Seat 3: 73e0a5a0 ($6.91 in chips)
Seat 4: d5868f33 ($8.28 in chips)
Seat 5: a56fa2b5 ($5 in chips)
Seat 6: Hero ($7.58 in chips)
d5868f33: posts small blind $0.02
a56fa2b5: posts big blind $0.05
*** HOLE CARDS ***
Dealt to 1dfca477 
Dealt to 7bd0973c 
Dealt to 73e0a5a0 
Dealt to d5868f33 
Dealt to a56fa2b5 
Dealt to Hero [7h 8h]
Hero: raises $0.05 to $0.1
1dfca477: raises $0.14 to $0.24
7bd0973c: folds
73e0a5a0: folds
d5868f33: folds
a56fa2b5: folds
Hero: calls $0.14
*** FLOP *** [9c Jd 2h]
Hero: checks
1dfca477: checks
*** TURN *** [9c Jd 2h] [5d]
Hero: bets $0.35
1dfca477: folds
Uncalled bet ($0.35) returned to Hero
*** SHOWDOWN ***
Hero collected $0.53 from pot
*** SUMMARY ***
Total pot $0.55 | Rake $0.02 | Jackpot $0 | Bingo $0 | Fortune $0 | Tax $0
Board [9c Jd 2h 5d]
Seat 1: 1dfca477 folded on the Turn
Seat 2: 7bd0973c folded before Flop (didn't bet)
Seat 3: 73e0a5a0 (button) folded before Flop (didn't bet)
Seat 4: d5868f33 (small blind) folded before Flop
Seat 5: a56fa2b5 (big blind) folded before Flop
Seat 6: Hero won ($0.53)


Poker Hand #HD1723227950: Hold'em No Limit ($0.02/$0.05) - 2024/04/09 21:14:35
Table 'NLHBlue20' 6-max Seat #2 is the button
Seat 1: 1dfca477 ($5.91 in chips)
Seat 2: 7bd0973c ($11.78 in chips)
Seat 3: 73e0a5a0 ($6.93 in chips)
Seat 4: d5868f33 ($8.38 in chips)
Seat 5: a56fa2b5 ($5 in chips)
Seat 6: Hero ($7.58 in chips)
73e0a5a0: posts small blind $0.02
d5868f33: posts big blind $0.05
*** HOLE CARDS ***
Dealt to 1dfca477 
Dealt to 7bd0973c 
Dealt to 73e0a5a0 
Dealt to d5868f33 
Dealt to a56fa2b5 
Dealt to Hero [7s Ks]
a56fa2b5: folds
Hero: folds
1dfca477: raises $0.05 to $0.1
7bd0973c: folds
73e0a5a0: folds
d5868f33: calls $0.05
*** FLOP *** [6c 3s Ts]
d5868f33: checks
1dfca477: checks
*** TURN *** [6c 3s Ts] [4s]
d5868f33: checks
1dfca477: checks
*** RIVER *** [6c 3s Ts 4s] [2s]
d5868f33: checks
1dfca477: bets $0.11
d5868f33: folds
Uncalled bet ($0.11) returned to 1dfca477
*** SHOWDOWN ***
1dfca477 collected $0.21 from pot
*** SUMMARY ***
Total pot $0.22 | Rake $0.01 | Jackpot $0 | Bingo $0 | Fortune $0 | Tax $0
Board [6c 3s Ts 4s 2s]
Seat 1: 1dfca477 won ($0.21)
Seat 2: 7bd0973c (button) folded before Flop (didn't bet)
Seat 3: 73e0a5a0 (small blind) folded before Flop
Seat 4: d5868f33 (big blind) folded on the River
Seat 5: a56fa2b5 folded before Flop (didn't bet)
Seat 6: Hero folded before Flop (didn't bet)


Poker Hand #HD1723227795: Hold'em No Limit ($0.02/$0.05) - 2024/04/09 21:13:38
Table 'NLHBlue20' 6-max Seat #1 is the button
Seat 1: 1dfca477 ($5.91 in chips)
Seat 2: 7bd0973c ($11.8 in chips)
Seat 3: 73e0a5a0 ($6.98 in chips)
Seat 4: d5868f33 ($8.38 in chips)
Seat 5: a56fa2b5 ($5 in chips)
Seat 6: Hero ($7.51 in chips)
7bd0973c: posts small blind $0.02
73e0a5a0: posts big blind $0.05
*** HOLE CARDS ***
Dealt to 1dfca477 
Dealt to 7bd0973c 
Dealt to 73e0a5a0 
Dealt to d5868f33 
Dealt to a56fa2b5 
Dealt to Hero [7d As]
d5868f33: folds
a56fa2b5: folds
Hero: raises $0.08 to $0.13
1dfca477: folds
7bd0973c: folds
73e0a5a0: folds
Uncalled bet ($0.08) returned to Hero
*** SHOWDOWN ***
Hero collected $0.12 from pot
*** SUMMARY ***
Total pot $0.12 | Rake $0 | Jackpot $0 | Bingo $0 | Fortune $0 | Tax $0
Seat 1: 1dfca477 (button) folded before Flop (didn't bet)
Seat 2: 7bd0973c (small blind) folded before Flop
Seat 3: 73e0a5a0 (big blind) folded before Flop
Seat 4: d5868f33 folded before Flop (didn't bet)
Seat 5: a56fa2b5 folded before Flop (didn't bet)
Seat 6: Hero collected ($0.12)


Poker Hand #HD1723227705: Hold'em No Limit ($0.02/$0.05) - 2024/04/09 21:13:06
Table 'NLHBlue20' 6-max Seat #6 is the button
Seat 1: 1dfca477 ($5.96 in chips)
Seat 2: 7bd0973c ($11.75 in chips)
Seat 3: 73e0a5a0 ($6.98 in chips)
Seat 4: d5868f33 ($8.38 in chips)
Seat 5: a56fa2b5 ($5 in chips)
Seat 6: Hero ($7.51 in chips)
1dfca477: posts small blind $0.02
7bd0973c: posts big blind $0.05
*** HOLE CARDS ***
Dealt to 1dfca477 
Dealt to 7bd0973c 
Dealt to 73e0a5a0 
Dealt to d5868f33 
Dealt to a56fa2b5 
Dealt to Hero [4c As]
73e0a5a0: folds
d5868f33: folds
a56fa2b5: folds
Hero: folds
1dfca477: calls $0.03
7bd0973c: raises $0.08 to $0.13
1dfca477: folds
Uncalled bet ($0.08) returned to 7bd0973c
*** SHOWDOWN ***
7bd0973c collected $0.1 from pot
*** SUMMARY ***
Total pot $0.1 | Rake $0 | Jackpot $0 | Bingo $0 | Fortune $0 | Tax $0
Seat 1: 1dfca477 (small blind) folded before Flop
Seat 2: 7bd0973c (big blind) collected ($0.1)
Seat 3: 73e0a5a0 folded before Flop (didn't bet)
Seat 4: d5868f33 folded before Flop (didn't bet)
Seat 5: a56fa2b5 folded before Flop (didn't bet)
Seat 6: Hero (button) folded before Flop (didn't bet)


Poker Hand #HD1723227592: Hold'em No Limit ($0.02/$0.05) - 2024/04/09 21:12:23
Table 'NLHBlue20' 6-max Seat #5 is the button
Seat 1: 1dfca477 ($6.01 in chips)
Seat 3: 73e0a5a0 ($6.98 in chips)
Seat 4: d5868f33 ($7.95 in chips)
Seat 5: a56fa2b5 ($5 in chips)
Seat 6: Hero ($7.53 in chips)
Hero: posts small blind $0.02
1dfca477: posts big blind $0.05
*** HOLE CARDS ***
Dealt to 1dfca477 
Dealt to 73e0a5a0 
Dealt to d5868f33 
Dealt to a56fa2b5 
Dealt to Hero [8d Ad]
73e0a5a0: folds
d5868f33: raises $0.08 to $0.13
a56fa2b5: raises $0.27 to $0.4
Hero: folds
1dfca477: folds
d5868f33: raises $0.97 to $1.37
a56fa2b5: folds
Uncalled bet ($0.97) returned to d5868f33
*** SHOWDOWN ***
d5868f33 collected $0.83 from pot
*** SUMMARY ***
Total pot $0.87 | Rake $0.04 | Jackpot $0 | Bingo $0 | Fortune $0 | Tax $0
Seat 1: 1dfca477 (big blind) folded before Flop
Seat 3: 73e0a5a0 folded before Flop (didn't bet)
Seat 4: d5868f33 collected ($0.83)
Seat 5: a56fa2b5 (button) folded before Flop
Seat 6: Hero (small blind) folded before Flop


Poker Hand #HD1723227512: Hold'em No Limit ($0.02/$0.05) - 2024/04/09 21:11:53
Table 'NLHBlue20' 6-max Seat #4 is the button
Seat 1: 1dfca477 ($6.01 in chips)
Seat 3: 73e0a5a0 ($6.5 in chips)
Seat 4: d5868f33 ($8.41 in chips)
Seat 5: a56fa2b5 ($5.02 in chips)
Seat 6: Hero ($7.58 in chips)
a56fa2b5: posts small blind $0.02
Hero: posts big blind $0.05
*** HOLE CARDS ***
Dealt to 1dfca477 
Dealt to 73e0a5a0 
Dealt to d5868f33 
Dealt to a56fa2b5 
Dealt to Hero [2d 7h]
1dfca477: folds
73e0a5a0: raises $0.08 to $0.13
d5868f33: raises $0.33 to $0.46
a56fa2b5: folds
Hero: folds
73e0a5a0: raises $0.64 to $1.1
d5868f33: folds
Uncalled bet ($0.64) returned to 73e0a5a0
*** SHOWDOWN ***
73e0a5a0 collected $0.94 from pot
*** SUMMARY ***
Total pot $0.99 | Rake $0.05 | Jackpot $0 | Bingo $0 | Fortune $0 | Tax $0
Seat 1: 1dfca477 folded before Flop (didn't bet)
Seat 3: 73e0a5a0 collected ($0.94)
Seat 4: d5868f33 (button) folded before Flop
Seat 5: a56fa2b5 (small blind) folded before Flop
Seat 6: Hero (big blind) folded before Flop


Poker Hand #HD1723227444: Hold'em No Limit ($0.02/$0.05) - 2024/04/09 21:11:23
Table 'NLHBlue20' 6-max Seat #3 is the button
Seat 1: 1dfca477 ($6.01 in chips)
Seat 3: 73e0a5a0 ($6.43 in chips)
Seat 4: d5868f33 ($8.43 in chips)
Seat 5: a56fa2b5 ($5.07 in chips)
Seat 6: Hero ($7.58 in chips)
d5868f33: posts small blind $0.02
a56fa2b5: posts big blind $0.05
*** HOLE CARDS ***
Dealt to 1dfca477 
Dealt to 73e0a5a0 
Dealt to d5868f33 
Dealt to a56fa2b5 
Dealt to Hero [Qs Tc]
Hero: folds
1dfca477: folds
73e0a5a0: raises $0.08 to $0.13
d5868f33: folds
a56fa2b5: folds
Uncalled bet ($0.08) returned to 73e0a5a0
*** SHOWDOWN ***
73e0a5a0 collected $0.12 from pot
*** SUMMARY ***
Total pot $0.12 | Rake $0 | Jackpot $0 | Bingo $0 | Fortune $0 | Tax $0
Seat 1: 1dfca477 folded before Flop (didn't bet)
Seat 3: 73e0a5a0 (button) collected ($0.12)
Seat 4: d5868f33 (small blind) folded before Flop
Seat 5: a56fa2b5 (big blind) folded before Flop
Seat 6: Hero folded before Flop (didn't bet)


Poker Hand #HD1723227325: Hold'em No Limit ($0.02/$0.05) - 2024/04/09 21:10:37
Table 'NLHBlue20' 6-max Seat #1 is the button
Seat 1: 1dfca477 ($6.01 in chips)
Seat 3: 73e0a5a0 ($6.45 in chips)
Seat 4: d5868f33 ($8.71 in chips)
Seat 5: a56fa2b5 ($5.07 in chips)
Seat 6: Hero ($7.3 in chips)
73e0a5a0: posts small blind $0.02
d5868f33: posts big blind $0.05
*** HOLE CARDS ***
Dealt to 1dfca477 
Dealt to 73e0a5a0 
Dealt to d5868f33 
Dealt to a56fa2b5 
Dealt to Hero [4s As]
a56fa2b5: folds
Hero: raises $0.08 to $0.13
1dfca477: folds
73e0a5a0: folds
d5868f33: calls $0.08
*** FLOP *** [3h Qh Ad]
d5868f33: checks
Hero: checks
*** TURN *** [3h Qh Ad] [5c]
d5868f33: checks
Hero: bets $0.15
d5868f33: calls $0.15
*** RIVER *** [3h Qh Ad 5c] [5s]
d5868f33: checks
Hero: checks
d5868f33: shows [9h Jh] (Pair of Fives)
Hero: shows [4s As] (Pair of Aces and Pair of Fives)
*** SHOWDOWN ***
Hero collected $0.56 from pot
*** SUMMARY ***
Total pot $0.58 | Rake $0.02 | Jackpot $0 | Bingo $0 | Fortune $0 | Tax $0
Board [3h Qh Ad 5c 5s]
Seat 1: 1dfca477 (button) folded before Flop (didn't bet)
Seat 3: 73e0a5a0 (small blind) folded before Flop
Seat 4: d5868f33 (big blind) showed [9h Jh] and lost with Pair of Fives
Seat 5: a56fa2b5 folded before Flop (didn't bet)
Seat 6: Hero showed [4s As] and won ($0.56) with Pair of Aces and Pair of Fives


Poker Hand #HD1723227250: Hold'em No Limit ($0.02/$0.05) - 2024/04/09 21:10:11
Table 'NLHBlue20' 6-max Seat #6 is the button
Seat 1: 1dfca477 ($6.03 in chips)
Seat 3: 73e0a5a0 ($6.5 in chips)
Seat 4: d5868f33 ($8.71 in chips)
Seat 5: a56fa2b5 ($5 in chips)
Seat 6: Hero ($7.3 in chips)
1dfca477: posts small blind $0.02
73e0a5a0: posts big blind $0.05
*** HOLE CARDS ***
Dealt to 1dfca477 
Dealt to 73e0a5a0 
Dealt to d5868f33 
Dealt to a56fa2b5 
Dealt to Hero [Tc 4d]
d5868f33: folds
a56fa2b5: raises $0.07 to $0.12
Hero: folds
1dfca477: folds
73e0a5a0: folds
Uncalled bet ($0.07) returned to a56fa2b5
*** SHOWDOWN ***
a56fa2b5 collected $0.12 from pot
*** SUMMARY ***
Total pot $0.12 | Rake $0 | Jackpot $0 | Bingo $0 | Fortune $0 | Tax $0
Seat 1: 1dfca477 (small blind) folded before Flop
Seat 3: 73e0a5a0 (big blind) folded before Flop
Seat 4: d5868f33 folded before Flop (didn't bet)
Seat 5: a56fa2b5 collected ($0.12)
Seat 6: Hero (button) folded before Flop (didn't bet)


Poker Hand #HD1723227077: Hold'em No Limit ($0.02/$0.05) - 2024/04/09 21:09:01
Table 'NLHBlue20' 6-max Seat #5 is the button
Seat 1: 1dfca477 ($6.08 in chips)
Seat 2: 882a9f30 ($6.88 in chips)
Seat 3: 73e0a5a0 ($6.5 in chips)
Seat 4: d5868f33 ($7.93 in chips)
Seat 5: a56fa2b5 ($5.05 in chips)
Seat 6: Hero ($7.32 in chips)
Hero: posts small blind $0.02
1dfca477: posts big blind $0.05
*** HOLE CARDS ***
Dealt to 1dfca477 
Dealt to 882a9f30 
Dealt to 73e0a5a0 
Dealt to d5868f33 
Dealt to a56fa2b5 
Dealt to Hero [Qd Jc]
882a9f30: folds
73e0a5a0: folds
d5868f33: raises $0.08 to $0.13
a56fa2b5: raises $0.27 to $0.4
Hero: folds
1dfca477: folds
d5868f33: calls $0.27
*** FLOP *** [Ad 2d 8s]
d5868f33: checks
a56fa2b5: bets $0.44
d5868f33: calls $0.44
*** TURN *** [Ad 2d 8s] [8d]
d5868f33: checks
a56fa2b5: checks
*** RIVER *** [Ad 2d 8s 8d] [Kh]
d5868f33: bets $1.75
a56fa2b5: folds
Uncalled bet ($1.75) returned to d5868f33
*** SHOWDOWN ***
d5868f33 collected $1.62 from pot
*** SUMMARY ***
Total pot $1.75 | Rake $0.08 | Jackpot $0.05 | Bingo $0 | Fortune $0 | Tax $0
Board [Ad 2d 8s 8d Kh]
Seat 1: 1dfca477 (big blind) folded before Flop
Seat 2: 882a9f30 folded before Flop (didn't bet)
Seat 3: 73e0a5a0 folded before Flop (didn't bet)
Seat 4: d5868f33 won ($1.62)
Seat 5: a56fa2b5 (button) folded on the River
Seat 6: Hero (small blind) folded before Flop


Poker Hand #HD1723227034: Hold'em No Limit ($0.02/$0.05) - 2024/04/09 21:08:47
Table 'NLHBlue20' 6-max Seat #4 is the button
Seat 1: 1dfca477 ($6.08 in chips)
Seat 2: 882a9f30 ($6.88 in chips)
Seat 3: 73e0a5a0 ($6.5 in chips)
Seat 4: d5868f33 ($7.93 in chips)
Seat 5: a56fa2b5 ($5 in chips)
Seat 6: Hero ($7.37 in chips)
a56fa2b5: posts small blind $0.02
Hero: posts big blind $0.05
*** HOLE CARDS ***
Dealt to 1dfca477 
Dealt to 882a9f30 
Dealt to 73e0a5a0 
Dealt to d5868f33 
Dealt to a56fa2b5 
Dealt to Hero [9h 2c]
1dfca477: folds
882a9f30: folds
73e0a5a0: folds
d5868f33: folds
a56fa2b5: raises $0.1 to $0.15
Hero: folds
Uncalled bet ($0.1) returned to a56fa2b5
*** SHOWDOWN ***
a56fa2b5 collected $0.1 from pot
*** SUMMARY ***
Total pot $0.1 | Rake $0 | Jackpot $0 | Bingo $0 | Fortune $0 | Tax $0
Seat 1: 1dfca477 folded before Flop (didn't bet)
Seat 2: 882a9f30 folded before Flop (didn't bet)
Seat 3: 73e0a5a0 folded before Flop (didn't bet)
Seat 4: d5868f33 (button) folded before Flop (didn't bet)
Seat 5: a56fa2b5 (small blind) collected ($0.1)
Seat 6: Hero (big blind) folded before Flop


Poker Hand #HD1723226941: Hold'em No Limit ($0.02/$0.05) - 2024/04/09 21:08:12
Table 'NLHBlue20' 6-max Seat #3 is the button
Seat 1: 1dfca477 ($6.01 in chips)
Seat 2: 882a9f30 ($6.88 in chips)
Seat 3: 73e0a5a0 ($6.5 in chips)
Seat 4: d5868f33 ($7.95 in chips)
Seat 5: a56fa2b5 ($5 in chips)
Seat 6: Hero ($7.37 in chips)
d5868f33: posts small blind $0.02
a56fa2b5: posts big blind $0.05
*** HOLE CARDS ***
Dealt to 1dfca477 
Dealt to 882a9f30 
Dealt to 73e0a5a0 
Dealt to d5868f33 
Dealt to a56fa2b5 
Dealt to Hero [6d 4s]
Hero: folds
1dfca477: raises $0.1 to $0.15
882a9f30: folds
73e0a5a0: folds
d5868f33: folds
a56fa2b5: folds
Uncalled bet ($0.1) returned to 1dfca477
*** SHOWDOWN ***
1dfca477 collected $0.12 from pot
*** SUMMARY ***
Total pot $0.12 | Rake $0 | Jackpot $0 | Bingo $0 | Fortune $0 | Tax $0
Seat 1: 1dfca477 collected ($0.12)
Seat 2: 882a9f30 folded before Flop (didn't bet)
Seat 3: 73e0a5a0 (button) folded before Flop (didn't bet)
Seat 4: d5868f33 (small blind) folded before Flop
Seat 5: a56fa2b5 (big blind) folded before Flop
Seat 6: Hero folded before Flop (didn't bet)


Poker Hand #HD1723226850: Hold'em No Limit ($0.02/$0.05) - 2024/04/09 21:07:39
Table 'NLHBlue20' 6-max Seat #2 is the button
Seat 1: 1dfca477 ($5.94 in chips)
Seat 2: 882a9f30 ($6.88 in chips)
Seat 3: 73e0a5a0 ($6.52 in chips)
Seat 4: d5868f33 ($8 in chips)
Seat 5: a56fa2b5 ($5 in chips)
Seat 6: Hero ($7.37 in chips)
73e0a5a0: posts small blind $0.02
d5868f33: posts big blind $0.05
*** HOLE CARDS ***
Dealt to 1dfca477 
Dealt to 882a9f30 
Dealt to 73e0a5a0 
Dealt to d5868f33 
Dealt to a56fa2b5 
Dealt to Hero [2s Qd]
a56fa2b5: folds
Hero: folds
1dfca477: raises $0.1 to $0.15
882a9f30: folds
73e0a5a0: folds
d5868f33: folds
Uncalled bet ($0.1) returned to 1dfca477
*** SHOWDOWN ***
1dfca477 collected $0.12 from pot
*** SUMMARY ***
Total pot $0.12 | Rake $0 | Jackpot $0 | Bingo $0 | Fortune $0 | Tax $0
Seat 1: 1dfca477 collected ($0.12)
Seat 2: 882a9f30 (button) folded before Flop (didn't bet)
Seat 3: 73e0a5a0 (small blind) folded before Flop
Seat 4: d5868f33 (big blind) folded before Flop
Seat 5: a56fa2b5 folded before Flop (didn't bet)
Seat 6: Hero folded before Flop (didn't bet)


Poker Hand #HD1723226697: Hold'em No Limit ($0.02/$0.05) - 2024/04/09 21:06:40
Table 'NLHBlue20' 6-max Seat #1 is the button
Seat 1: 1dfca477 ($6.24 in chips)
Seat 2: 882a9f30 ($6.9 in chips)
Seat 3: 73e0a5a0 ($6.57 in chips)
Seat 4: d5868f33 ($7.66 in chips)
Seat 5: a56fa2b5 ($5 in chips)
Seat 6: Hero ($7.37 in chips)
882a9f30: posts small blind $0.02
73e0a5a0: posts big blind $0.05
*** HOLE CARDS ***
Dealt to 1dfca477 
Dealt to 882a9f30 
Dealt to 73e0a5a0 
Dealt to d5868f33 
Dealt to a56fa2b5 
Dealt to Hero [4c 5d]
d5868f33: raises $0.08 to $0.13
a56fa2b5: folds
Hero: folds
1dfca477: calls $0.13
882a9f30: folds
73e0a5a0: folds
*** FLOP *** [3s Kh 8h]
d5868f33: checks
1dfca477: checks
*** TURN *** [3s Kh 8h] [4s]
d5868f33: bets $0.17
1dfca477: calls $0.17
*** RIVER *** [3s Kh 8h 4s] [5c]
d5868f33: bets $0.34
1dfca477: folds
Uncalled bet ($0.34) returned to d5868f33
*** SHOWDOWN ***
d5868f33 collected $0.64 from pot
*** SUMMARY ***
Total pot $0.67 | Rake $0.03 | Jackpot $0 | Bingo $0 | Fortune $0 | Tax $0
Board [3s Kh 8h 4s 5c]
Seat 1: 1dfca477 (button) folded on the River
Seat 2: 882a9f30 (small blind) folded before Flop
Seat 3: 73e0a5a0 (big blind) folded before Flop
Seat 4: d5868f33 won ($0.64)
Seat 5: a56fa2b5 folded before Flop (didn't bet)
Seat 6: Hero folded before Flop (didn't bet)


Poker Hand #HD1723226588: Hold'em No Limit ($0.02/$0.05) - 2024/04/09 21:05:58
Table 'NLHBlue20' 6-max Seat #6 is the button
Seat 1: 1dfca477 ($5.45 in chips)
Seat 2: 882a9f30 ($6.95 in chips)
Seat 3: 73e0a5a0 ($6.57 in chips)
Seat 4: d5868f33 ($8.06 in chips)
Seat 5: a56fa2b5 ($5 in chips)
Seat 6: Hero ($7.37 in chips)
1dfca477: posts small blind $0.02
882a9f30: posts big blind $0.05
*** HOLE CARDS ***
Dealt to 1dfca477 
Dealt to 882a9f30 
Dealt to 73e0a5a0 
Dealt to d5868f33 
Dealt to a56fa2b5 
Dealt to Hero [4c 4h]
73e0a5a0: folds
d5868f33: raises $0.08 to $0.13
a56fa2b5: raises $0.27 to $0.4
Hero: folds
1dfca477: calls $0.38
882a9f30: folds
d5868f33: calls $0.27
*** FLOP *** [2d Ks Qs]
1dfca477: bets $0.94
d5868f33: folds
a56fa2b5: folds
Uncalled bet ($0.94) returned to 1dfca477
*** SHOWDOWN ***
1dfca477 collected $1.19 from pot
*** SUMMARY ***
Total pot $1.25 | Rake $0.06 | Jackpot $0 | Bingo $0 | Fortune $0 | Tax $0
Board [2d Ks Qs]
Seat 1: 1dfca477 (small blind) won ($1.19)
Seat 2: 882a9f30 (big blind) folded before Flop
Seat 3: 73e0a5a0 folded before Flop (didn't bet)
Seat 4: d5868f33 folded on the Flop
Seat 5: a56fa2b5 folded on the Flop
Seat 6: Hero (button) folded before Flop (didn't bet)


Poker Hand #HD1723226428: Hold'em No Limit ($0.02/$0.05) - 2024/04/09 21:04:56
Table 'NLHBlue20' 6-max Seat #5 is the button
Seat 1: 1dfca477 ($5.58 in chips)
Seat 2: 882a9f30 ($6.95 in chips)
Seat 3: 73e0a5a0 ($6.43 in chips)
Seat 4: d5868f33 ($8.06 in chips)
Seat 5: a56fa2b5 ($5 in chips)
Seat 6: Hero ($7.39 in chips)
Hero: posts small blind $0.02
1dfca477: posts big blind $0.05
*** HOLE CARDS ***
Dealt to 1dfca477 
Dealt to 882a9f30 
Dealt to 73e0a5a0 
Dealt to d5868f33 
Dealt to a56fa2b5 
Dealt to Hero [As 6s]
882a9f30: folds
73e0a5a0: raises $0.08 to $0.13
d5868f33: folds
a56fa2b5: folds
Hero: folds
1dfca477: calls $0.08
*** FLOP *** [8h Qh 2s]
1dfca477: checks
73e0a5a0: checks
*** TURN *** [8h Qh 2s] [9d]
1dfca477: checks
73e0a5a0: bets $0.44
1dfca477: folds
Uncalled bet ($0.44) returned to 73e0a5a0
*** SHOWDOWN ***
73e0a5a0 collected $0.27 from pot
*** SUMMARY ***
Total pot $0.28 | Rake $0.01 | Jackpot $0 | Bingo $0 | Fortune $0 | Tax $0
Board [8h Qh 2s 9d]
Seat 1: 1dfca477 (big blind) folded on the Turn
Seat 2: 882a9f30 folded before Flop (didn't bet)
Seat 3: 73e0a5a0 won ($0.27)
Seat 4: d5868f33 folded before Flop (didn't bet)
Seat 5: a56fa2b5 (button) folded before Flop (didn't bet)
Seat 6: Hero (small blind) folded before Flop


Poker Hand #HD1723226320: Hold'em No Limit ($0.02/$0.05) - 2024/04/09 21:04:12
Table 'NLHBlue20' 6-max Seat #4 is the button
Seat 1: 1dfca477 ($5.63 in chips)
Seat 2: 882a9f30 ($6.95 in chips)
Seat 3: 73e0a5a0 ($6.43 in chips)
Seat 4: d5868f33 ($7.94 in chips)
Seat 5: a56fa2b5 ($5 in chips)
Seat 6: Hero ($7.44 in chips)
a56fa2b5: posts small blind $0.02
Hero: posts big blind $0.05
*** HOLE CARDS ***
Dealt to 1dfca477 
Dealt to 882a9f30 
Dealt to 73e0a5a0 
Dealt to d5868f33 
Dealt to a56fa2b5 
Dealt to Hero [Kc Qd]
1dfca477: calls $0.05
882a9f30: folds
73e0a5a0: folds
d5868f33: raises $0.17 to $0.22
a56fa2b5: folds
Hero: folds
1dfca477: folds
Uncalled bet ($0.17) returned to d5868f33
*** SHOWDOWN ***
d5868f33 collected $0.17 from pot
*** SUMMARY ***
Total pot $0.17 | Rake $0 | Jackpot $0 | Bingo $0 | Fortune $0 | Tax $0
Seat 1: 1dfca477 folded before Flop
Seat 2: 882a9f30 folded before Flop (didn't bet)
Seat 3: 73e0a5a0 folded before Flop (didn't bet)
Seat 4: d5868f33 (button) collected ($0.17)
Seat 5: a56fa2b5 (small blind) folded before Flop
Seat 6: Hero (big blind) folded before Flop


Poker Hand #HD1723226277: Hold'em No Limit ($0.02/$0.05) - 2024/04/09 21:03:55
Table 'NLHBlue20' 6-max Seat #3 is the button
Seat 1: 1dfca477 ($5.56 in chips)
Seat 2: 882a9f30 ($6.95 in chips)
Seat 3: 73e0a5a0 ($6.43 in chips)
Seat 4: d5868f33 ($7.96 in chips)
Seat 5: a56fa2b5 ($5 in chips)
Seat 6: Hero ($7.44 in chips)
d5868f33: posts small blind $0.02
a56fa2b5: posts big blind $0.05
*** HOLE CARDS ***
Dealt to 1dfca477 
Dealt to 882a9f30 
Dealt to 73e0a5a0 
Dealt to d5868f33 
Dealt to a56fa2b5 
Dealt to Hero [Jh 3h]
Hero: folds
1dfca477: raises $0.1 to $0.15
882a9f30: folds
73e0a5a0: folds
d5868f33: folds
a56fa2b5: folds
Uncalled bet ($0.1) returned to 1dfca477
*** SHOWDOWN ***
1dfca477 collected $0.12 from pot
*** SUMMARY ***
Total pot $0.12 | Rake $0 | Jackpot $0 | Bingo $0 | Fortune $0 | Tax $0
Seat 1: 1dfca477 collected ($0.12)
Seat 2: 882a9f30 folded before Flop (didn't bet)
Seat 3: 73e0a5a0 (button) folded before Flop (didn't bet)
Seat 4: d5868f33 (small blind) folded before Flop
Seat 5: a56fa2b5 (big blind) folded before Flop
Seat 6: Hero folded before Flop (didn't bet)


Poker Hand #HD1723226160: Hold'em No Limit ($0.02/$0.05) - 2024/04/09 21:03:10
Table 'NLHBlue20' 6-max Seat #2 is the button
Seat 1: 1dfca477 ($5.56 in chips)
Seat 2: 882a9f30 ($6.72 in chips)
Seat 3: 73e0a5a0 ($6.45 in chips)
Seat 4: d5868f33 ($8.19 in chips)
Seat 6: Hero ($7.44 in chips)
73e0a5a0: posts small blind $0.02
d5868f33: posts big blind $0.05
*** HOLE CARDS ***
Dealt to 1dfca477 
Dealt to 882a9f30 
Dealt to 73e0a5a0 
Dealt to d5868f33 
Dealt to Hero [9c 5c]
Hero: folds
1dfca477: folds
882a9f30: raises $0.08 to $0.13
73e0a5a0: folds
d5868f33: calls $0.08
*** FLOP *** [3s 2s Ad]
d5868f33: checks
882a9f30: bets $0.1
d5868f33: calls $0.1
*** TURN *** [3s 2s Ad] [2h]
d5868f33: checks
882a9f30: checks
*** RIVER *** [3s 2s Ad 2h] [7d]
d5868f33: checks
882a9f30: checks
d5868f33: shows [9s Ts] (Pair of Twos)
882a9f30: shows [Jh Kh] (Pair of Twos)
*** SHOWDOWN ***
882a9f30 collected $0.46 from pot
*** SUMMARY ***
Total pot $0.48 | Rake $0.02 | Jackpot $0 | Bingo $0 | Fortune $0 | Tax $0
Board [3s 2s Ad 2h 7d]
Seat 1: 1dfca477 folded before Flop (didn't bet)
Seat 2: 882a9f30 (button) showed [Jh Kh] and won ($0.46) with Pair of Twos
Seat 3: 73e0a5a0 (small blind) folded before Flop
Seat 4: d5868f33 (big blind) showed [9s Ts] and lost with Pair of Twos
Seat 6: Hero folded before Flop (didn't bet)


Poker Hand #HD1723226075: Hold'em No Limit ($0.02/$0.05) - 2024/04/09 21:02:34
Table 'NLHBlue20' 6-max Seat #1 is the button
Seat 1: 1dfca477 ($5.56 in chips)
Seat 2: 882a9f30 ($6.74 in chips)
Seat 3: 73e0a5a0 ($6.5 in chips)
Seat 4: d5868f33 ($8.19 in chips)
Seat 6: Hero ($7.37 in chips)
882a9f30: posts small blind $0.02
73e0a5a0: posts big blind $0.05
*** HOLE CARDS ***
Dealt to 1dfca477 
Dealt to 882a9f30 
Dealt to 73e0a5a0 
Dealt to d5868f33 
Dealt to Hero [Js Kh]
d5868f33: folds
Hero: raises $0.08 to $0.13
1dfca477: folds
882a9f30: folds
73e0a5a0: folds
Uncalled bet ($0.08) returned to Hero
*** SHOWDOWN ***
Hero collected $0.12 from pot
*** SUMMARY ***
Total pot $0.12 | Rake $0 | Jackpot $0 | Bingo $0 | Fortune $0 | Tax $0
Seat 1: 1dfca477 (button) folded before Flop (didn't bet)
Seat 2: 882a9f30 (small blind) folded before Flop
Seat 3: 73e0a5a0 (big blind) folded before Flop
Seat 4: d5868f33 folded before Flop (didn't bet)
Seat 6: Hero collected ($0.12)


Poker Hand #HD1723225972: Hold'em No Limit ($0.02/$0.05) - 2024/04/09 21:01:49
Table 'NLHBlue20' 6-max Seat #6 is the button
Seat 1: 1dfca477 ($4.58 in chips)
Seat 2: 882a9f30 ($5.87 in chips)
Seat 3: 73e0a5a0 ($5.36 in chips)
Seat 4: d5868f33 ($7.19 in chips)
Seat 6: Hero ($6.37 in chips)
1dfca477: posts small blind $0.02
882a9f30: posts big blind $0.05
*** HOLE CARDS ***
Dealt to 1dfca477 
Dealt to 882a9f30 
Dealt to 73e0a5a0 
Dealt to d5868f33 
Dealt to Hero [7c 8h]
73e0a5a0: raises $0.08 to $0.13
d5868f33: folds
Hero: folds
1dfca477: folds
882a9f30: calls $0.08
*** FLOP *** [Ad 4c 2s]
882a9f30: checks
73e0a5a0: bets $0.1
882a9f30: folds
Uncalled bet ($0.1) returned to 73e0a5a0
*** SHOWDOWN ***
73e0a5a0 collected $0.27 from pot
*** SUMMARY ***
Total pot $0.28 | Rake $0.01 | Jackpot $0 | Bingo $0 | Fortune $0 | Tax $0
Board [Ad 4c 2s]
Seat 1: 1dfca477 (small blind) folded before Flop
Seat 2: 882a9f30 (big blind) folded on the Flop
Seat 3: 73e0a5a0 won ($0.27)
Seat 4: d5868f33 folded before Flop (didn't bet)
Seat 6: Hero (button) folded before Flop (didn't bet)


Poker Hand #HD1723225852: Hold'em No Limit ($0.02/$0.05) - 2024/04/09 21:01:08
Table 'NLHBlue20' 6-max Seat #4 is the button
Seat 1: 1dfca477 ($4.9 in chips)
Seat 2: 882a9f30 ($5.87 in chips)
Seat 3: 73e0a5a0 ($5 in chips)
Seat 4: d5868f33 ($7.19 in chips)
Seat 5: 5099a83a ($5.18 in chips)
Seat 6: Hero ($6.42 in chips)
5099a83a: posts small blind $0.02
Hero: posts big blind $0.05
*** HOLE CARDS ***
Dealt to 1dfca477 
Dealt to 882a9f30 
Dealt to 73e0a5a0 
Dealt to d5868f33 
Dealt to 5099a83a 
Dealt to Hero [Th 4s]
1dfca477: calls $0.05
882a9f30: folds
73e0a5a0: raises $0.27 to $0.32
d5868f33: folds
5099a83a: folds
Hero: folds
1dfca477: calls $0.27
*** FLOP *** [3s 4h 5c]
1dfca477: checks
73e0a5a0: bets $0.54
1dfca477: folds
Uncalled bet ($0.54) returned to 73e0a5a0
*** SHOWDOWN ***
73e0a5a0 collected $0.68 from pot
*** SUMMARY ***
Total pot $0.71 | Rake $0.03 | Jackpot $0 | Bingo $0 | Fortune $0 | Tax $0
Board [3s 4h 5c]
Seat 1: 1dfca477 folded on the Flop
Seat 2: 882a9f30 folded before Flop (didn't bet)
Seat 3: 73e0a5a0 won ($0.68)
Seat 4: d5868f33 (button) folded before Flop (didn't bet)
Seat 5: 5099a83a (small blind) folded before Flop
Seat 6: Hero (big blind) folded before Flop


Poker Hand #HD1723225692: Hold'em No Limit ($0.02/$0.05) - 2024/04/09 21:00:08
Table 'NLHBlue20' 6-max Seat #3 is the button
Seat 2: 882a9f30 ($5.87 in chips)
Seat 3: 73e0a5a0 ($5.01 in chips)
Seat 4: d5868f33 ($6.7 in chips)
Seat 5: 5099a83a ($5.23 in chips)
Seat 6: Hero ($6.42 in chips)
d5868f33: posts small blind $0.02
5099a83a: posts big blind $0.05
*** HOLE CARDS ***
Dealt to 882a9f30 
Dealt to 73e0a5a0 
Dealt to d5868f33 
Dealt to 5099a83a 
Dealt to Hero [9h 3h]
Hero: folds
882a9f30: folds
73e0a5a0: raises $0.08 to $0.13
d5868f33: raises $0.36 to $0.49
5099a83a: folds
73e0a5a0: calls $0.36
*** FLOP *** [4h Ts 8c]
d5868f33: checks
73e0a5a0: checks
*** TURN *** [4h Ts 8c] [6s]
d5868f33: bets $0.52
73e0a5a0: folds
Uncalled bet ($0.52) returned to d5868f33
*** SHOWDOWN ***
d5868f33 collected $0.98 from pot
*** SUMMARY ***
Total pot $1.03 | Rake $0.05 | Jackpot $0 | Bingo $0 | Fortune $0 | Tax $0
Board [4h Ts 8c 6s]
Seat 2: 882a9f30 folded before Flop (didn't bet)
Seat 3: 73e0a5a0 (button) folded on the Turn
Seat 4: d5868f33 (small blind) won ($0.98)
Seat 5: 5099a83a (big blind) folded before Flop
Seat 6: Hero folded before Flop (didn't bet)


Poker Hand #HD1723135602: Hold'em No Limit ($0.02/$0.05) - 2024/04/09 20:59:34
Table 'NLHBlue20' 6-max Seat #2 is the button
Seat 1: 1dfca477 ($4.9 in chips)
Seat 2: 882a9f30 ($5.87 in chips)
Seat 3: 73e0a5a0 ($5.03 in chips)
Seat 4: d5868f33 ($6.75 in chips)
Seat 5: 5099a83a ($5.16 in chips)
Seat 6: Hero ($6.42 in chips)
73e0a5a0: posts small blind $0.02
d5868f33: posts big blind $0.05
*** HOLE CARDS ***
Dealt to 1dfca477 
Dealt to 882a9f30 
Dealt to 73e0a5a0 
Dealt to d5868f33 
Dealt to 5099a83a 
Dealt to Hero [6h 3h]
5099a83a: raises $0.12 to $0.17
Hero: folds
1dfca477: folds
882a9f30: folds
73e0a5a0: folds
d5868f33: folds
Uncalled bet ($0.12) returned to 5099a83a
*** SHOWDOWN ***
5099a83a collected $0.12 from pot
*** SUMMARY ***
Total pot $0.12 | Rake $0 | Jackpot $0 | Bingo $0 | Fortune $0 | Tax $0
Seat 1: 1dfca477 folded before Flop (didn't bet)
Seat 2: 882a9f30 (button) folded before Flop (didn't bet)
Seat 3: 73e0a5a0 (small blind) folded before Flop
Seat 4: d5868f33 (big blind) folded before Flop
Seat 5: 5099a83a collected ($0.12)
Seat 6: Hero folded before Flop (didn't bet)


Poker Hand #HD1723135557: Hold'em No Limit ($0.02/$0.05) - 2024/04/09 20:59:21
Table 'NLHBlue20' 6-max Seat #1 is the button
Seat 1: 1dfca477 ($4.9 in chips)
Seat 2: 882a9f30 ($5.89 in chips)
Seat 3: 73e0a5a0 ($5.01 in chips)
Seat 4: d5868f33 ($6.75 in chips)
Seat 5: 5099a83a ($5.16 in chips)
Seat 6: Hero ($6.42 in chips)
882a9f30: posts small blind $0.02
73e0a5a0: posts big blind $0.05
*** HOLE CARDS ***
Dealt to 1dfca477 
Dealt to 882a9f30 
Dealt to 73e0a5a0 
Dealt to d5868f33 
Dealt to 5099a83a 
Dealt to Hero [4s Kc]
d5868f33: folds
5099a83a: folds
Hero: folds
1dfca477: folds
882a9f30: folds
Uncalled bet ($0.03) returned to 73e0a5a0
*** SHOWDOWN ***
73e0a5a0 collected $0.04 from pot
*** SUMMARY ***
Total pot $0.04 | Rake $0 | Jackpot $0 | Bingo $0 | Fortune $0 | Tax $0
Seat 1: 1dfca477 (button) folded before Flop (didn't bet)
Seat 2: 882a9f30 (small blind) folded before Flop
Seat 3: 73e0a5a0 (big blind) collected ($0.04)
Seat 4: d5868f33 folded before Flop (didn't bet)
Seat 5: 5099a83a folded before Flop (didn't bet)
Seat 6: Hero folded before Flop (didn't bet)


Poker Hand #HD1723135438: Hold'em No Limit ($0.02/$0.05) - 2024/04/09 20:58:35
Table 'NLHBlue20' 6-max Seat #6 is the button
Seat 1: 1dfca477 ($4.95 in chips)
Seat 2: 882a9f30 ($5.84 in chips)
Seat 3: 73e0a5a0 ($5.01 in chips)
Seat 4: d5868f33 ($6.75 in chips)
Seat 5: 5099a83a ($5.16 in chips)
Seat 6: Hero ($6.42 in chips)
1dfca477: posts small blind $0.02
882a9f30: posts big blind $0.05
*** HOLE CARDS ***
Dealt to 1dfca477 
Dealt to 882a9f30 
Dealt to 73e0a5a0 
Dealt to d5868f33 
Dealt to 5099a83a 
Dealt to Hero [6c 3d]
73e0a5a0: folds
d5868f33: folds
5099a83a: folds
Hero: folds
1dfca477: calls $0.03
882a9f30: checks
*** FLOP *** [2d 2h Jd]
1dfca477: checks
882a9f30: checks
*** TURN *** [2d 2h Jd] [7h]
1dfca477: checks
882a9f30: bets $0.06
1dfca477: folds
Uncalled bet ($0.06) returned to 882a9f30
*** SHOWDOWN ***
882a9f30 collected $0.1 from pot
*** SUMMARY ***
Total pot $0.1 | Rake $0 | Jackpot $0 | Bingo $0 | Fortune $0 | Tax $0
Board [2d 2h Jd 7h]
Seat 1: 1dfca477 (small blind) folded on the Turn
Seat 2: 882a9f30 (big blind) won ($0.1)
Seat 3: 73e0a5a0 folded before Flop (didn't bet)
Seat 4: d5868f33 folded before Flop (didn't bet)
Seat 5: 5099a83a folded before Flop (didn't bet)
Seat 6: Hero (button) folded before Flop (didn't bet)


Poker Hand #HD1723135346: Hold'em No Limit ($0.02/$0.05) - 2024/04/09 20:57:56
Table 'NLHBlue20' 6-max Seat #5 is the button
Seat 1: 1dfca477 ($5 in chips)
Seat 2: 882a9f30 ($5.84 in chips)
Seat 3: 73e0a5a0 ($5.14 in chips)
Seat 4: d5868f33 ($6.88 in chips)
Seat 5: 5099a83a ($4.85 in chips)
Seat 6: Hero ($6.44 in chips)
Hero: posts small blind $0.02
1dfca477: posts big blind $0.05
*** HOLE CARDS ***
Dealt to 1dfca477 
Dealt to 882a9f30 
Dealt to 73e0a5a0 
Dealt to d5868f33 
Dealt to 5099a83a 
Dealt to Hero [2h Kc]
882a9f30: folds
73e0a5a0: raises $0.08 to $0.13
d5868f33: calls $0.13
5099a83a: raises $0.35 to $0.48
Hero: folds
1dfca477: folds
73e0a5a0: folds
d5868f33: folds
Uncalled bet ($0.35) returned to 5099a83a
*** SHOWDOWN ***
5099a83a collected $0.44 from pot
*** SUMMARY ***
Total pot $0.46 | Rake $0.02 | Jackpot $0 | Bingo $0 | Fortune $0 | Tax $0
Seat 1: 1dfca477 (big blind) folded before Flop
Seat 2: 882a9f30 folded before Flop (didn't bet)
Seat 3: 73e0a5a0 folded before Flop
Seat 4: d5868f33 folded before Flop
Seat 5: 5099a83a (button) collected ($0.44)
Seat 6: Hero (small blind) folded before Flop


Poker Hand #HD1723135290: Hold'em No Limit ($0.02/$0.05) - 2024/04/09 20:57:37
Table 'NLHBlue20' 6-max Seat #4 is the button
Seat 2: 882a9f30 ($5.84 in chips)
Seat 3: 73e0a5a0 ($5.14 in chips)
Seat 4: d5868f33 ($6.81 in chips)
Seat 5: 5099a83a ($4.87 in chips)
Seat 6: Hero ($6.49 in chips)
5099a83a: posts small blind $0.02
Hero: posts big blind $0.05
*** HOLE CARDS ***
Dealt to 882a9f30 
Dealt to 73e0a5a0 
Dealt to d5868f33 
Dealt to 5099a83a 
Dealt to Hero [7d Qh]
882a9f30: folds
73e0a5a0: folds
d5868f33: raises $0.08 to $0.13
5099a83a: folds
Hero: folds
Uncalled bet ($0.08) returned to d5868f33
*** SHOWDOWN ***
d5868f33 collected $0.12 from pot
*** SUMMARY ***
Total pot $0.12 | Rake $0 | Jackpot $0 | Bingo $0 | Fortune $0 | Tax $0
Seat 2: 882a9f30 folded before Flop (didn't bet)
Seat 3: 73e0a5a0 folded before Flop (didn't bet)
Seat 4: d5868f33 (button) collected ($0.12)
Seat 5: 5099a83a (small blind) folded before Flop
Seat 6: Hero (big blind) folded before Flop


Poker Hand #HD1723135194: Hold'em No Limit ($0.02/$0.05) - 2024/04/09 20:56:59
Table 'NLHBlue20' 6-max Seat #3 is the button
Seat 2: 882a9f30 ($5.84 in chips)
Seat 3: 73e0a5a0 ($5 in chips)
Seat 4: d5868f33 ($6.83 in chips)
Seat 5: 5099a83a ($5 in chips)
Seat 6: Hero ($6.49 in chips)
d5868f33: posts small blind $0.02
5099a83a: posts big blind $0.05
*** HOLE CARDS ***
Dealt to 882a9f30 
Dealt to 73e0a5a0 
Dealt to d5868f33 
Dealt to 5099a83a 
Dealt to Hero [8c Qc]
Hero: folds
882a9f30: folds
73e0a5a0: raises $0.08 to $0.13
d5868f33: folds
5099a83a: calls $0.08
*** FLOP *** [8s 5s Kc]
5099a83a: checks
73e0a5a0: checks
*** TURN *** [8s 5s Kc] [9c]
5099a83a: checks
73e0a5a0: bets $0.14
5099a83a: folds
Uncalled bet ($0.14) returned to 73e0a5a0
*** SHOWDOWN ***
73e0a5a0 collected $0.27 from pot
*** SUMMARY ***
Total pot $0.28 | Rake $0.01 | Jackpot $0 | Bingo $0 | Fortune $0 | Tax $0
Board [8s 5s Kc 9c]
Seat 2: 882a9f30 folded before Flop (didn't bet)
Seat 3: 73e0a5a0 (button) won ($0.27)
Seat 4: d5868f33 (small blind) folded before Flop
Seat 5: 5099a83a (big blind) folded on the Turn
Seat 6: Hero folded before Flop (didn't bet)


Poker Hand #HD1723135041: Hold'em No Limit ($0.02/$0.05) - 2024/04/09 20:56:06
Table 'NLHBlue20' 6-max Seat #2 is the button
Seat 2: 882a9f30 ($5.84 in chips)
Seat 3: 73e0a5a0 ($5.02 in chips)
Seat 4: d5868f33 ($6.69 in chips)
Seat 6: Hero ($6.49 in chips)
73e0a5a0: posts small blind $0.02
d5868f33: posts big blind $0.05
*** HOLE CARDS ***
Dealt to 882a9f30 
Dealt to 73e0a5a0 
Dealt to d5868f33 
Dealt to Hero [6c 3h]
Hero: folds
882a9f30: folds
73e0a5a0: raises $0.1 to $0.15
d5868f33: calls $0.1
*** FLOP *** [7c 8s 9s]
73e0a5a0: checks
d5868f33: bets $0.15
73e0a5a0: folds
Uncalled bet ($0.15) returned to d5868f33
*** SHOWDOWN ***
d5868f33 collected $0.29 from pot
*** SUMMARY ***
Total pot $0.3 | Rake $0.01 | Jackpot $0 | Bingo $0 | Fortune $0 | Tax $0
Board [7c 8s 9s]
Seat 2: 882a9f30 (button) folded before Flop (didn't bet)
Seat 3: 73e0a5a0 (small blind) folded on the Flop
Seat 4: d5868f33 (big blind) won ($0.29)
Seat 6: Hero folded before Flop (didn't bet)


Poker Hand #HD1723135026: Hold'em No Limit ($0.02/$0.05) - 2024/04/09 20:55:59
Table 'NLHBlue20' 6-max Seat #6 is the button
Seat 2: 882a9f30 ($5.86 in chips)
Seat 3: 73e0a5a0 ($5 in chips)
Seat 4: d5868f33 ($6.69 in chips)
Seat 6: Hero ($6.49 in chips)
882a9f30: posts small blind $0.02
73e0a5a0: posts big blind $0.05
*** HOLE CARDS ***
Dealt to 882a9f30 
Dealt to 73e0a5a0 
Dealt to d5868f33 
Dealt to Hero [2d Jh]
d5868f33: folds
Hero: folds
882a9f30: folds
Uncalled bet ($0.03) returned to 73e0a5a0
*** SHOWDOWN ***
73e0a5a0 collected $0.04 from pot
*** SUMMARY ***
Total pot $0.04 | Rake $0 | Jackpot $0 | Bingo $0 | Fortune $0 | Tax $0
Seat 2: 882a9f30 (small blind) folded before Flop
Seat 3: 73e0a5a0 (big blind) collected ($0.04)
Seat 4: d5868f33 folded before Flop (didn't bet)
Seat 6: Hero (button) folded before Flop (didn't bet)


Poker Hand #HD1723134828: Hold'em No Limit ($0.02/$0.05) - 2024/04/09 20:54:45
Table 'NLHBlue20' 6-max Seat #4 is the button
Seat 1: 85c9eef ($11.75 in chips)
Seat 2: 882a9f30 ($5 in chips)
Seat 4: d5868f33 ($6.69 in chips)
Seat 5: 4ccbc7e8 ($0.95 in chips)
Seat 6: Hero ($6.54 in chips)
4ccbc7e8: posts small blind $0.02
Hero: posts big blind $0.05
*** HOLE CARDS ***
Dealt to 85c9eef 
Dealt to 882a9f30 
Dealt to d5868f33 
Dealt to 4ccbc7e8 
Dealt to Hero [2c 3h]
85c9eef: folds
882a9f30: raises $0.1 to $0.15
d5868f33: folds
4ccbc7e8: calls $0.13
Hero: folds
*** FLOP *** [6c Th 7c]
4ccbc7e8: checks
882a9f30: bets $0.27
4ccbc7e8: calls $0.27
*** TURN *** [6c Th 7c] [5d]
4ccbc7e8: checks
882a9f30: bets $0.68
4ccbc7e8: calls $0.53 and is all-in
Uncalled bet ($0.15) returned to 882a9f30
882a9f30: shows [Ts Td] (Three Tens)
4ccbc7e8: shows [2d 2h] (Pair of Twos)
*** RIVER *** [6c Th 7c 5d] [4c]
*** SHOWDOWN ***
882a9f30 collected $1.81 from pot
*** SUMMARY ***
Total pot $1.95 | Rake $0.09 | Jackpot $0.05 | Bingo $0 | Fortune $0 | Tax $0
Board [6c Th 7c 5d 4c]
Seat 1: 85c9eef folded before Flop (didn't bet)
Seat 2: 882a9f30 showed [Ts Td] and won ($1.81) with Three Tens
Seat 4: d5868f33 (button) folded before Flop (didn't bet)
Seat 5: 4ccbc7e8 (small blind) showed [2d 2h] and lost with Pair of Twos
Seat 6: Hero (big blind) folded before Flop


Poker Hand #HD1723134649: Hold'em No Limit ($0.02/$0.05) - 2024/04/09 20:53:40
Table 'NLHBlue20' 6-max Seat #2 is the button
Seat 1: 85c9eef ($8.85 in chips)
Seat 2: 882a9f30 ($5 in chips)
Seat 3: 901d2d9f ($3.16 in chips)
Seat 4: d5868f33 ($6.74 in chips)
Seat 5: 4ccbc7e8 ($1 in chips)
Seat 6: Hero ($6.54 in chips)
901d2d9f: posts small blind $0.02
d5868f33: posts big blind $0.05
4ccbc7e8: posts big blind $0.05
*** HOLE CARDS ***
Dealt to 85c9eef 
Dealt to 882a9f30 
Dealt to 901d2d9f 
Dealt to d5868f33 
Dealt to 4ccbc7e8 
Dealt to Hero [5h 4d]
4ccbc7e8: checks
Hero: folds
85c9eef: raises $0.09 to $0.14
882a9f30: folds
901d2d9f: calls $0.12
d5868f33: folds
4ccbc7e8: folds
*** FLOP *** [Jd 6h Kc]
901d2d9f: checks
85c9eef: bets $0.19
901d2d9f: raises $0.38 to $0.57
85c9eef: calls $0.38
*** TURN *** [Jd 6h Kc] [9s]
901d2d9f: bets $0.76
85c9eef: calls $0.76
*** RIVER *** [Jd 6h Kc 9s] [4h]
901d2d9f: bets $1.69 and is all-in
85c9eef: calls $1.69
901d2d9f: shows [Kd 3d] (Pair of Kings)
85c9eef: shows [Qd Kh] (Pair of Kings)
*** SHOWDOWN ***
85c9eef collected $6.06 from pot
*** SUMMARY ***
Total pot $6.42 | Rake $0.31 | Jackpot $0.05 | Bingo $0 | Fortune $0 | Tax $0
Board [Jd 6h Kc 9s 4h]
Seat 1: 85c9eef showed [Qd Kh] and won ($6.06) with Pair of Kings
Seat 2: 882a9f30 (button) folded before Flop (didn't bet)
Seat 3: 901d2d9f (small blind) showed [Kd 3d] and lost with Pair of Kings
Seat 4: d5868f33 (big blind) folded before Flop
Seat 5: 4ccbc7e8 folded before Flop
Seat 6: Hero folded before Flop (didn't bet)


Poker Hand #HD1723134452: Hold'em No Limit ($0.02/$0.05) - 2024/04/09 20:52:25
Table 'NLHBlue20' 6-max Seat #1 is the button
Seat 1: 85c9eef ($6.86 in chips)
Seat 2: 882a9f30 ($5 in chips)
Seat 3: 901d2d9f ($5.4 in chips)
Seat 4: d5868f33 ($6.74 in chips)
Seat 6: Hero ($6.54 in chips)
882a9f30: posts small blind $0.02
901d2d9f: posts big blind $0.05
*** HOLE CARDS ***
Dealt to 85c9eef 
Dealt to 882a9f30 
Dealt to 901d2d9f 
Dealt to d5868f33 
Dealt to Hero [Ad 4s]
d5868f33: folds
Hero: folds
85c9eef: raises $0.08 to $0.13
882a9f30: folds
901d2d9f: calls $0.08
*** FLOP *** [Qh 6d 7h]
901d2d9f: bets $0.21
85c9eef: calls $0.21
*** TURN *** [Qh 6d 7h] [Jh]
901d2d9f: bets $0.35
85c9eef: raises $0.6 to $0.95
901d2d9f: calls $0.6
*** RIVER *** [Qh 6d 7h Jh] [5c]
901d2d9f: checks
85c9eef: bets $0.95
901d2d9f: calls $0.95
85c9eef: shows [Ah 9h] (Ace High Flush)
901d2d9f: shows [8d Qd] (Pair of Queens)
*** SHOWDOWN ***
85c9eef collected $4.23 from pot
*** SUMMARY ***
Total pot $4.5 | Rake $0.22 | Jackpot $0.05 | Bingo $0 | Fortune $0 | Tax $0
Board [Qh 6d 7h Jh 5c]
Seat 1: 85c9eef (button) showed [Ah 9h] and won ($4.23) with Ace High Flush
Seat 2: 882a9f30 (small blind) folded before Flop
Seat 3: 901d2d9f (big blind) showed [8d Qd] and lost with Pair of Queens
Seat 4: d5868f33 folded before Flop (didn't bet)
Seat 6: Hero folded before Flop (didn't bet)


Poker Hand #HD1723134292: Hold'em No Limit ($0.02/$0.05) - 2024/04/09 20:51:23
Table 'NLHBlue20' 6-max Seat #6 is the button
Seat 1: 85c9eef ($6.88 in chips)
Seat 2: 882a9f30 ($5 in chips)
Seat 3: 901d2d9f ($2.83 in chips)
Seat 4: d5868f33 ($6.74 in chips)
Seat 5: 3a0e9d49 ($5 in chips)
Seat 6: Hero ($6.54 in chips)
85c9eef: posts small blind $0.02
882a9f30: posts big blind $0.05
*** HOLE CARDS ***
Dealt to 85c9eef 
Dealt to 882a9f30 
Dealt to 901d2d9f 
Dealt to d5868f33 
Dealt to 3a0e9d49 
Dealt to Hero [Qh 2d]
901d2d9f: calls $0.05
d5868f33: folds
3a0e9d49: raises $0.13 to $0.18
Hero: folds
85c9eef: folds
882a9f30: folds
901d2d9f: raises $0.15 to $0.33
3a0e9d49: calls $0.15
*** FLOP *** [7c 8d 4h]
901d2d9f: bets $0.42
3a0e9d49: calls $0.42
*** TURN *** [7c 8d 4h] [Jc]
901d2d9f: bets $1.02
3a0e9d49: raises $3.23 to $4.25 and is all-in
901d2d9f: calls $1.06 and is all-in
Uncalled bet ($2.17) returned to 3a0e9d49
3a0e9d49: shows [Kd 7d] (Pair of Sevens)
901d2d9f: shows [Ad Ac] (Pair of Aces)
*** RIVER *** [7c 8d 4h Jc] [Ts]
*** SHOWDOWN ***
901d2d9f collected $5.4 from pot
*** SUMMARY ***
Total pot $5.73 | Rake $0.28 | Jackpot $0.05 | Bingo $0 | Fortune $0 | Tax $0
Board [7c 8d 4h Jc Ts]
Seat 1: 85c9eef (small blind) folded before Flop
Seat 2: 882a9f30 (big blind) folded before Flop
Seat 3: 901d2d9f showed [Ad Ac] and won ($5.4) with Pair of Aces
Seat 4: d5868f33 folded before Flop (didn't bet)
Seat 5: 3a0e9d49 showed [Kd 7d] and lost with Pair of Sevens
Seat 6: Hero (button) folded before Flop (didn't bet)


Poker Hand #HD1723134148: Hold'em No Limit ($0.02/$0.05) - 2024/04/09 20:50:27
Table 'NLHBlue20' 6-max Seat #5 is the button
Seat 1: 85c9eef ($6.93 in chips)
Seat 3: 901d2d9f ($1.45 in chips)
Seat 4: d5868f33 ($6.79 in chips)
Seat 5: 3a0e9d49 ($5 in chips)
Seat 6: Hero ($6.56 in chips)
Hero: posts small blind $0.02
85c9eef: posts big blind $0.05
*** HOLE CARDS ***
Dealt to 85c9eef 
Dealt to 901d2d9f 
Dealt to d5868f33 
Dealt to 3a0e9d49 
Dealt to Hero [7c 7d]
901d2d9f: calls $0.05
d5868f33: calls $0.05
3a0e9d49: raises $0.31 to $0.36
Hero: folds
85c9eef: folds
901d2d9f: calls $0.31
d5868f33: folds
*** FLOP *** [2d Ts 9h]
901d2d9f: bets $1.09 and is all-in
3a0e9d49: calls $1.09
901d2d9f: shows [Js Td] (Pair of Tens)
3a0e9d49: shows [6c 6d] (Pair of Sixes)
*** TURN *** [2d Ts 9h] [As]
*** RIVER *** [2d Ts 9h As] [4s]
*** SHOWDOWN ***
901d2d9f collected $2.83 from pot
*** SUMMARY ***
Total pot $3.02 | Rake $0.14 | Jackpot $0.05 | Bingo $0 | Fortune $0 | Tax $0
Board [2d Ts 9h As 4s]
Seat 1: 85c9eef (big blind) folded before Flop
Seat 3: 901d2d9f showed [Js Td] and won ($2.83) with Pair of Tens
Seat 4: d5868f33 folded before Flop
Seat 5: 3a0e9d49 (button) showed [6c 6d] and lost with Pair of Sixes
Seat 6: Hero (small blind) folded before Flop


Poker Hand #HD1723134098: Hold'em No Limit ($0.02/$0.05) - 2024/04/09 20:50:08
Table 'NLHBlue20' 6-max Seat #4 is the button
Seat 1: 85c9eef ($6.93 in chips)
Seat 3: 901d2d9f ($1.45 in chips)
Seat 4: d5868f33 ($6.72 in chips)
Seat 5: 3a0e9d49 ($5.02 in chips)
Seat 6: Hero ($6.61 in chips)
3a0e9d49: posts small blind $0.02
Hero: posts big blind $0.05
*** HOLE CARDS ***
Dealt to 85c9eef 
Dealt to 901d2d9f 
Dealt to d5868f33 
Dealt to 3a0e9d49 
Dealt to Hero [9s 3d]
85c9eef: folds
901d2d9f: folds
d5868f33: raises $0.08 to $0.13
3a0e9d49: folds
Hero: folds
Uncalled bet ($0.08) returned to d5868f33
*** SHOWDOWN ***
d5868f33 collected $0.12 from pot
*** SUMMARY ***
Total pot $0.12 | Rake $0 | Jackpot $0 | Bingo $0 | Fortune $0 | Tax $0
Seat 1: 85c9eef folded before Flop (didn't bet)
Seat 3: 901d2d9f folded before Flop (didn't bet)
Seat 4: d5868f33 (button) collected ($0.12)
Seat 5: 3a0e9d49 (small blind) folded before Flop
Seat 6: Hero (big blind) folded before Flop


Poker Hand #HD1723134084: Hold'em No Limit ($0.02/$0.05) - 2024/04/09 20:50:01
Table 'NLHBlue20' 6-max Seat #3 is the button
Seat 1: 85c9eef ($6.93 in chips)
Seat 3: 901d2d9f ($1.45 in chips)
Seat 4: d5868f33 ($6.74 in chips)
Seat 5: 3a0e9d49 ($5 in chips)
Seat 6: Hero ($6.61 in chips)
d5868f33: posts small blind $0.02
3a0e9d49: posts big blind $0.05
*** HOLE CARDS ***
Dealt to 85c9eef 
Dealt to 901d2d9f 
Dealt to d5868f33 
Dealt to 3a0e9d49 
Dealt to Hero [6s 4s]
Hero: folds
85c9eef: folds
901d2d9f: folds
d5868f33: folds
Uncalled bet ($0.03) returned to 3a0e9d49
*** SHOWDOWN ***
3a0e9d49 collected $0.04 from pot
*** SUMMARY ***
Total pot $0.04 | Rake $0 | Jackpot $0 | Bingo $0 | Fortune $0 | Tax $0
Seat 1: 85c9eef folded before Flop (didn't bet)
Seat 3: 901d2d9f (button) folded before Flop (didn't bet)
Seat 4: d5868f33 (small blind) folded before Flop
Seat 5: 3a0e9d49 (big blind) collected ($0.04)
Seat 6: Hero folded before Flop (didn't bet)


Poker Hand #HD1723134043: Hold'em No Limit ($0.02/$0.05) - 2024/04/09 20:49:46
Table 'NLHBlue20' 6-max Seat #2 is the button
Seat 1: 85c9eef ($6.93 in chips)
Seat 2: 4a8a801f ($5 in chips)
Seat 3: 901d2d9f ($1.47 in chips)
Seat 4: d5868f33 ($6.79 in chips)
Seat 6: Hero ($6.54 in chips)
901d2d9f: posts small blind $0.02
d5868f33: posts big blind $0.05
*** HOLE CARDS ***
Dealt to 85c9eef 
Dealt to 4a8a801f 
Dealt to 901d2d9f 
Dealt to d5868f33 
Dealt to Hero [Ad Kh]
Hero: raises $0.05 to $0.1
85c9eef: folds
4a8a801f: folds
901d2d9f: folds
d5868f33: folds
Uncalled bet ($0.05) returned to Hero
*** SHOWDOWN ***
Hero collected $0.12 from pot
*** SUMMARY ***
Total pot $0.12 | Rake $0 | Jackpot $0 | Bingo $0 | Fortune $0 | Tax $0
Seat 1: 85c9eef folded before Flop (didn't bet)
Seat 2: 4a8a801f (button) folded before Flop (didn't bet)
Seat 3: 901d2d9f (small blind) folded before Flop
Seat 4: d5868f33 (big blind) folded before Flop
Seat 6: Hero collected ($0.12)


Poker Hand #HD1723133997: Hold'em No Limit ($0.02/$0.05) - 2024/04/09 20:49:33
Table 'NLHBlue20' 6-max Seat #1 is the button
Seat 1: 85c9eef ($6.93 in chips)
Seat 2: 4a8a801f ($5 in chips)
Seat 3: 901d2d9f ($1.45 in chips)
Seat 4: d5868f33 ($6.79 in chips)
Seat 6: Hero ($6.54 in chips)
4a8a801f: posts small blind $0.02
901d2d9f: posts big blind $0.05
*** HOLE CARDS ***
Dealt to 85c9eef 
Dealt to 4a8a801f 
Dealt to 901d2d9f 
Dealt to d5868f33 
Dealt to Hero [Kc 3d]
d5868f33: folds
Hero: folds
85c9eef: folds
4a8a801f: folds
Uncalled bet ($0.03) returned to 901d2d9f
*** SHOWDOWN ***
901d2d9f collected $0.04 from pot
*** SUMMARY ***
Total pot $0.04 | Rake $0 | Jackpot $0 | Bingo $0 | Fortune $0 | Tax $0
Seat 1: 85c9eef (button) folded before Flop (didn't bet)
Seat 2: 4a8a801f (small blind) folded before Flop
Seat 3: 901d2d9f (big blind) collected ($0.04)
Seat 4: d5868f33 folded before Flop (didn't bet)
Seat 6: Hero folded before Flop (didn't bet)


Poker Hand #HD1723133935: Hold'em No Limit ($0.02/$0.05) - 2024/04/09 20:49:11
Table 'NLHBlue20' 6-max Seat #6 is the button
Seat 1: 85c9eef ($6.68 in chips)
Seat 2: 4a8a801f ($5 in chips)
Seat 3: 901d2d9f ($1.5 in chips)
Seat 4: d5868f33 ($6.79 in chips)
Seat 6: Hero ($6.71 in chips)
85c9eef: posts small blind $0.02
4a8a801f: posts big blind $0.05
901d2d9f: posts big blind $0.05
*** HOLE CARDS ***
Dealt to 85c9eef 
Dealt to 4a8a801f 
Dealt to 901d2d9f 
Dealt to d5868f33 
Dealt to Hero [6s 6c]
901d2d9f: checks
d5868f33: folds
Hero: raises $0.12 to $0.17
85c9eef: raises $0.44 to $0.61
4a8a801f: folds
901d2d9f: folds
Hero: folds
Uncalled bet ($0.44) returned to 85c9eef
*** SHOWDOWN ***
85c9eef collected $0.42 from pot
*** SUMMARY ***
Total pot $0.44 | Rake $0.02 | Jackpot $0 | Bingo $0 | Fortune $0 | Tax $0
Seat 1: 85c9eef (small blind) collected ($0.42)
Seat 2: 4a8a801f (big blind) folded before Flop
Seat 3: 901d2d9f folded before Flop
Seat 4: d5868f33 folded before Flop (didn't bet)
Seat 6: Hero (button) folded before Flop


Poker Hand #HD1723133873: Hold'em No Limit ($0.02/$0.05) - 2024/04/09 20:48:48
Table 'NLHBlue20' 6-max Seat #5 is the button
Seat 1: 85c9eef ($6.73 in chips)
Seat 4: d5868f33 ($6.92 in chips)
Seat 5: ff00ae8f ($1.56 in chips)
Seat 6: Hero ($6.54 in chips)
Hero: posts small blind $0.02
85c9eef: posts big blind $0.05
*** HOLE CARDS ***
Dealt to 85c9eef 
Dealt to d5868f33 
Dealt to ff00ae8f 
Dealt to Hero [Jh Ah]
d5868f33: raises $0.08 to $0.13
ff00ae8f: folds
Hero: raises $0.37 to $0.5
85c9eef: folds
d5868f33: folds
Uncalled bet ($0.37) returned to Hero
*** SHOWDOWN ***
Hero collected $0.3 from pot
*** SUMMARY ***
Total pot $0.31 | Rake $0.01 | Jackpot $0 | Bingo $0 | Fortune $0 | Tax $0
Seat 1: 85c9eef (big blind) folded before Flop
Seat 4: d5868f33 folded before Flop
Seat 5: ff00ae8f (button) folded before Flop (didn't bet)
Seat 6: Hero (small blind) collected ($0.3)


Poker Hand #HD1723133809: Hold'em No Limit ($0.02/$0.05) - 2024/04/09 20:48:21
Table 'NLHBlue20' 6-max Seat #4 is the button
Seat 1: 85c9eef ($6.73 in chips)
Seat 4: d5868f33 ($6.92 in chips)
Seat 5: ff00ae8f ($1.66 in chips)
Seat 6: Hero ($6.45 in chips)
ff00ae8f: posts small blind $0.02
Hero: posts big blind $0.05
*** HOLE CARDS ***
Dealt to 85c9eef 
Dealt to d5868f33 
Dealt to ff00ae8f 
Dealt to Hero [6c Qs]
85c9eef: folds
d5868f33: folds
ff00ae8f: calls $0.03
Hero: checks
*** FLOP *** [Jd Kc Jh]
ff00ae8f: checks
Hero: checks
*** TURN *** [Jd Kc Jh] [Qd]
ff00ae8f: bets $0.05
Hero: calls $0.05
*** RIVER *** [Jd Kc Jh Qd] [3c]
ff00ae8f: checks
Hero: checks
ff00ae8f: shows [Th 6h] (Pair of Jacks)
Hero: shows [6c Qs] (Pair of Queens and Pair of Jacks)
*** SHOWDOWN ***
Hero collected $0.19 from pot
*** SUMMARY ***
Total pot $0.2 | Rake $0.01 | Jackpot $0 | Bingo $0 | Fortune $0 | Tax $0
Board [Jd Kc Jh Qd 3c]
Seat 1: 85c9eef folded before Flop (didn't bet)
Seat 4: d5868f33 (button) folded before Flop (didn't bet)
Seat 5: ff00ae8f (small blind) showed [Th 6h] and lost with Pair of Jacks
Seat 6: Hero (big blind) showed [6c Qs] and won ($0.19) with Pair of Queens and Pair of Jacks


Poker Hand #HD1723133724: Hold'em No Limit ($0.02/$0.05) - 2024/04/09 20:47:51
Table 'NLHBlue20' 6-max Seat #3 is the button
Seat 1: 85c9eef ($7.11 in chips)
Seat 3: d2dad0b ($10.31 in chips)
Seat 4: d5868f33 ($6.53 in chips)
Seat 5: ff00ae8f ($1.71 in chips)
Seat 6: Hero ($6.45 in chips)
d5868f33: posts small blind $0.02
ff00ae8f: posts big blind $0.05
*** HOLE CARDS ***
Dealt to 85c9eef 
Dealt to d2dad0b 
Dealt to d5868f33 
Dealt to ff00ae8f 
Dealt to Hero [6s Kh]
Hero: folds
85c9eef: raises $0.08 to $0.13
d2dad0b: folds
d5868f33: calls $0.11
ff00ae8f: folds
*** FLOP *** [6d Td 8c]
d5868f33: bets $0.25
85c9eef: calls $0.25
*** TURN *** [6d Td 8c] [Ts]
d5868f33: bets $0.65
85c9eef: folds
Uncalled bet ($0.65) returned to d5868f33
*** SHOWDOWN ***
d5868f33 collected $0.77 from pot
*** SUMMARY ***
Total pot $0.81 | Rake $0.04 | Jackpot $0 | Bingo $0 | Fortune $0 | Tax $0
Board [6d Td 8c Ts]
Seat 1: 85c9eef folded on the Turn
Seat 3: d2dad0b (button) folded before Flop (didn't bet)
Seat 4: d5868f33 (small blind) won ($0.77)
Seat 5: ff00ae8f (big blind) folded before Flop
Seat 6: Hero folded before Flop (didn't bet)


Poker Hand #HD1723133715: Hold'em No Limit ($0.02/$0.05) - 2024/04/09 20:47:45
Table 'NLHBlue20' 6-max Seat #1 is the button
Seat 1: 85c9eef ($7.11 in chips)
Seat 3: d2dad0b ($10.33 in chips)
Seat 4: d5868f33 ($6.51 in chips)
Seat 5: ff00ae8f ($1.71 in chips)
Seat 6: Hero ($6.45 in chips)
d2dad0b: posts small blind $0.02
d5868f33: posts big blind $0.05
*** HOLE CARDS ***
Dealt to 85c9eef 
Dealt to d2dad0b 
Dealt to d5868f33 
Dealt to ff00ae8f 
Dealt to Hero [6s Jd]
ff00ae8f: folds
Hero: folds
85c9eef: folds
d2dad0b: folds
Uncalled bet ($0.03) returned to d5868f33
*** SHOWDOWN ***
d5868f33 collected $0.04 from pot
*** SUMMARY ***
Total pot $0.04 | Rake $0 | Jackpot $0 | Bingo $0 | Fortune $0 | Tax $0
Seat 1: 85c9eef (button) folded before Flop (didn't bet)
Seat 3: d2dad0b (small blind) folded before Flop
Seat 4: d5868f33 (big blind) collected ($0.04)
Seat 5: ff00ae8f folded before Flop (didn't bet)
Seat 6: Hero folded before Flop (didn't bet)


Poker Hand #HD1723133350: Hold'em No Limit ($0.02/$0.05) - 2024/04/09 20:45:34
Table 'NLHBlue20' 6-max Seat #6 is the button
Seat 1: 85c9eef ($6.18 in chips)
Seat 3: d2dad0b ($10.38 in chips)
Seat 4: d5868f33 ($6.51 in chips)
Seat 5: ff00ae8f ($1.71 in chips)
Seat 6: Hero ($7.48 in chips)
85c9eef: posts small blind $0.02
d2dad0b: posts big blind $0.05
*** HOLE CARDS ***
Dealt to 85c9eef 
Dealt to d2dad0b 
Dealt to d5868f33 
Dealt to ff00ae8f 
Dealt to Hero [Js Ts]
d5868f33: folds
ff00ae8f: folds
Hero: raises $0.08 to $0.13
85c9eef: raises $0.37 to $0.5
d2dad0b: folds
Hero: calls $0.37
*** FLOP *** [Td 5h Ac]
85c9eef: bets $0.53
Hero: calls $0.53
*** TURN *** [Td 5h Ac] [Qd]
85c9eef: checks
Hero: checks
*** RIVER *** [Td 5h Ac Qd] [4s]
85c9eef: checks
Hero: checks
85c9eef: shows [Qc Kh] (Pair of Queens)
Hero: shows [Js Ts] (Pair of Tens)
*** SHOWDOWN ***
85c9eef collected $1.96 from pot
*** SUMMARY ***
Total pot $2.11 | Rake $0.1 | Jackpot $0.05 | Bingo $0 | Fortune $0 | Tax $0
Board [Td 5h Ac Qd 4s]
Seat 1: 85c9eef (small blind) showed [Qc Kh] and won ($1.96) with Pair of Queens
Seat 3: d2dad0b (big blind) folded before Flop
Seat 4: d5868f33 folded before Flop (didn't bet)
Seat 5: ff00ae8f folded before Flop (didn't bet)
Seat 6: Hero (button) showed [Js Ts] and lost with Pair of Tens


Poker Hand #HD1723133317: Hold'em No Limit ($0.02/$0.05) - 2024/04/09 20:45:21
Table 'NLHBlue20' 6-max Seat #5 is the button
Seat 1: 85c9eef ($6.23 in chips)
Seat 3: d2dad0b ($10.38 in chips)
Seat 4: d5868f33 ($6.51 in chips)
Seat 5: ff00ae8f ($1.64 in chips)
Seat 6: Hero ($7.5 in chips)
Hero: posts small blind $0.02
85c9eef: posts big blind $0.05
*** HOLE CARDS ***
Dealt to 85c9eef 
Dealt to d2dad0b 
Dealt to d5868f33 
Dealt to ff00ae8f 
Dealt to Hero [Ac 2s]
d2dad0b: folds
d5868f33: folds
ff00ae8f: raises $0.05 to $0.1
Hero: folds
85c9eef: folds
Uncalled bet ($0.05) returned to ff00ae8f
*** SHOWDOWN ***
ff00ae8f collected $0.12 from pot
*** SUMMARY ***
Total pot $0.12 | Rake $0 | Jackpot $0 | Bingo $0 | Fortune $0 | Tax $0
Seat 1: 85c9eef (big blind) folded before Flop
Seat 3: d2dad0b folded before Flop (didn't bet)
Seat 4: d5868f33 folded before Flop (didn't bet)
Seat 5: ff00ae8f (button) collected ($0.12)
Seat 6: Hero (small blind) folded before Flop


Poker Hand #HD1723133278: Hold'em No Limit ($0.02/$0.05) - 2024/04/09 20:45:07
Table 'NLHBlue20' 6-max Seat #4 is the button
Seat 1: 85c9eef ($6.23 in chips)
Seat 3: d2dad0b ($10.38 in chips)
Seat 4: d5868f33 ($6.51 in chips)
Seat 5: ff00ae8f ($1.59 in chips)
Seat 6: Hero ($7.55 in chips)
ff00ae8f: posts small blind $0.02
Hero: posts big blind $0.05
*** HOLE CARDS ***
Dealt to 85c9eef 
Dealt to d2dad0b 
Dealt to d5868f33 
Dealt to ff00ae8f 
Dealt to Hero [6h 2h]
85c9eef: folds
d2dad0b: folds
d5868f33: folds
ff00ae8f: raises $0.05 to $0.1
Hero: folds
Uncalled bet ($0.05) returned to ff00ae8f
*** SHOWDOWN ***
ff00ae8f collected $0.1 from pot
*** SUMMARY ***
Total pot $0.1 | Rake $0 | Jackpot $0 | Bingo $0 | Fortune $0 | Tax $0
Seat 1: 85c9eef folded before Flop (didn't bet)
Seat 3: d2dad0b folded before Flop (didn't bet)
Seat 4: d5868f33 (button) folded before Flop (didn't bet)
Seat 5: ff00ae8f (small blind) collected ($0.1)
Seat 6: Hero (big blind) folded before Flop


Poker Hand #HD1723133240: Hold'em No Limit ($0.02/$0.05) - 2024/04/09 20:44:54
Table 'NLHBlue20' 6-max Seat #3 is the button
Seat 1: 85c9eef ($6.23 in chips)
Seat 3: d2dad0b ($10.38 in chips)
Seat 4: d5868f33 ($6.46 in chips)
Seat 5: ff00ae8f ($1.64 in chips)
Seat 6: Hero ($7.55 in chips)
d5868f33: posts small blind $0.02
ff00ae8f: posts big blind $0.05
*** HOLE CARDS ***
Dealt to 85c9eef 
Dealt to d2dad0b 
Dealt to d5868f33 
Dealt to ff00ae8f 
Dealt to Hero [As 8c]
Hero: folds
85c9eef: folds
d2dad0b: folds
d5868f33: raises $0.08 to $0.13
ff00ae8f: folds
Uncalled bet ($0.08) returned to d5868f33
*** SHOWDOWN ***
d5868f33 collected $0.1 from pot
*** SUMMARY ***
Total pot $0.1 | Rake $0 | Jackpot $0 | Bingo $0 | Fortune $0 | Tax $0
Seat 1: 85c9eef folded before Flop (didn't bet)
Seat 3: d2dad0b (button) folded before Flop (didn't bet)
Seat 4: d5868f33 (small blind) collected ($0.1)
Seat 5: ff00ae8f (big blind) folded before Flop
Seat 6: Hero folded before Flop (didn't bet)


Poker Hand #HD1723133178: Hold'em No Limit ($0.02/$0.05) - 2024/04/09 20:44:31
Table 'NLHBlue20' 6-max Seat #1 is the button
Seat 1: 85c9eef ($6.23 in chips)
Seat 3: d2dad0b ($10.24 in chips)
Seat 4: d5868f33 ($6.51 in chips)
Seat 5: ff00ae8f ($1.64 in chips)
Seat 6: Hero ($7.65 in chips)
d2dad0b: posts small blind $0.02
d5868f33: posts big blind $0.05
*** HOLE CARDS ***
Dealt to 85c9eef 
Dealt to d2dad0b 
Dealt to d5868f33 
Dealt to ff00ae8f 
Dealt to Hero [Ac Ts]
ff00ae8f: folds
Hero: raises $0.05 to $0.1
85c9eef: folds
d2dad0b: raises $0.09 to $0.19
d5868f33: folds
Hero: folds
Uncalled bet ($0.09) returned to d2dad0b
d2dad0b: shows [As Ad]
*** SHOWDOWN ***
d2dad0b collected $0.24 from pot
*** SUMMARY ***
Total pot $0.25 | Rake $0.01 | Jackpot $0 | Bingo $0 | Fortune $0 | Tax $0
Seat 1: 85c9eef (button) folded before Flop (didn't bet)
Seat 3: d2dad0b (small blind) showed [As Ad] and collected ($0.24)
Seat 4: d5868f33 (big blind) folded before Flop
Seat 5: ff00ae8f folded before Flop (didn't bet)
Seat 6: Hero folded before Flop


Poker Hand #HD1723133138: Hold'em No Limit ($0.02/$0.05) - 2024/04/09 20:44:14
Table 'NLHBlue20' 6-max Seat #6 is the button
Seat 1: 85c9eef ($6.25 in chips)
Seat 3: d2dad0b ($10.22 in chips)
Seat 4: d5868f33 ($6.51 in chips)
Seat 5: ff00ae8f ($1.64 in chips)
Seat 6: Hero ($7.65 in chips)
85c9eef: posts small blind $0.02
d2dad0b: posts big blind $0.05
*** HOLE CARDS ***
Dealt to 85c9eef 
Dealt to d2dad0b 
Dealt to d5868f33 
Dealt to ff00ae8f 
Dealt to Hero [2c 3c]
d5868f33: folds
ff00ae8f: folds
Hero: folds
85c9eef: folds
Uncalled bet ($0.03) returned to d2dad0b
*** SHOWDOWN ***
d2dad0b collected $0.04 from pot
*** SUMMARY ***
Total pot $0.04 | Rake $0 | Jackpot $0 | Bingo $0 | Fortune $0 | Tax $0
Seat 1: 85c9eef (small blind) folded before Flop
Seat 3: d2dad0b (big blind) collected ($0.04)
Seat 4: d5868f33 folded before Flop (didn't bet)
Seat 5: ff00ae8f folded before Flop (didn't bet)
Seat 6: Hero (button) folded before Flop (didn't bet)


Poker Hand #HD1723133117: Hold'em No Limit ($0.02/$0.05) - 2024/04/09 20:44:05
Table 'NLHBlue20' 6-max Seat #5 is the button
Seat 1: 85c9eef ($6.3 in chips)
Seat 3: d2dad0b ($10.22 in chips)
Seat 4: d5868f33 ($6.51 in chips)
Seat 5: ff00ae8f ($1.57 in chips)
Seat 6: Hero ($7.67 in chips)
Hero: posts small blind $0.02
85c9eef: posts big blind $0.05
*** HOLE CARDS ***
Dealt to 85c9eef 
Dealt to d2dad0b 
Dealt to d5868f33 
Dealt to ff00ae8f 
Dealt to Hero [5h 2h]
d2dad0b: folds
d5868f33: folds
ff00ae8f: raises $0.1 to $0.15
Hero: folds
85c9eef: folds
Uncalled bet ($0.1) returned to ff00ae8f
*** SHOWDOWN ***
ff00ae8f collected $0.12 from pot
*** SUMMARY ***
Total pot $0.12 | Rake $0 | Jackpot $0 | Bingo $0 | Fortune $0 | Tax $0
Seat 1: 85c9eef (big blind) folded before Flop
Seat 3: d2dad0b folded before Flop (didn't bet)
Seat 4: d5868f33 folded before Flop (didn't bet)
Seat 5: ff00ae8f (button) collected ($0.12)
Seat 6: Hero (small blind) folded before Flop


Poker Hand #HD1723133082: Hold'em No Limit ($0.02/$0.05) - 2024/04/09 20:43:49
Table 'NLHBlue20' 6-max Seat #4 is the button
Seat 1: 85c9eef ($6.43 in chips)
Seat 3: d2dad0b ($10.22 in chips)
Seat 4: d5868f33 ($6.51 in chips)
Seat 5: ff00ae8f ($1.4 in chips)
Seat 6: Hero ($7.72 in chips)
ff00ae8f: posts small blind $0.02
Hero: posts big blind $0.05
*** HOLE CARDS ***
Dealt to 85c9eef 
Dealt to d2dad0b 
Dealt to d5868f33 
Dealt to ff00ae8f 
Dealt to Hero [3c As]
85c9eef: raises $0.08 to $0.13
d2dad0b: folds
d5868f33: folds
ff00ae8f: raises $0.31 to $0.44
Hero: folds
85c9eef: folds
Uncalled bet ($0.31) returned to ff00ae8f
*** SHOWDOWN ***
ff00ae8f collected $0.3 from pot
*** SUMMARY ***
Total pot $0.31 | Rake $0.01 | Jackpot $0 | Bingo $0 | Fortune $0 | Tax $0
Seat 1: 85c9eef folded before Flop
Seat 3: d2dad0b folded before Flop (didn't bet)
Seat 4: d5868f33 (button) folded before Flop (didn't bet)
Seat 5: ff00ae8f (small blind) collected ($0.3)
Seat 6: Hero (big blind) folded before Flop


Poker Hand #HD1723132950: Hold'em No Limit ($0.02/$0.05) - 2024/04/09 20:43:02
Table 'NLHBlue20' 6-max Seat #3 is the button
Seat 1: 85c9eef ($7.02 in chips)
Seat 2: 1452f08f ($5 in chips)
Seat 3: d2dad0b ($10.22 in chips)
Seat 4: d5868f33 ($5.85 in chips)
Seat 5: ff00ae8f ($1.53 in chips)
Seat 6: Hero ($7.72 in chips)
d5868f33: posts small blind $0.02
ff00ae8f: posts big blind $0.05
*** HOLE CARDS ***
Dealt to 85c9eef 
Dealt to 1452f08f 
Dealt to d2dad0b 
Dealt to d5868f33 
Dealt to ff00ae8f 
Dealt to Hero [Jh 8s]
Hero: folds
85c9eef: raises $0.08 to $0.13
1452f08f: folds
d2dad0b: folds
d5868f33: calls $0.11
ff00ae8f: calls $0.08
*** FLOP *** [As Td 4d]
d5868f33: bets $0.13
ff00ae8f: folds
85c9eef: calls $0.13
*** TURN *** [As Td 4d] [Js]
d5868f33: bets $0.33
85c9eef: calls $0.33
*** RIVER *** [As Td 4d Js] [4c]
d5868f33: bets $1.31
85c9eef: folds
Uncalled bet ($1.31) returned to d5868f33
85c9eef: shows [2c Ac] (Pair of Aces and Pair of Fours)
*** SHOWDOWN ***
d5868f33 collected $1.25 from pot
*** SUMMARY ***
Total pot $1.31 | Rake $0.06 | Jackpot $0 | Bingo $0 | Fortune $0 | Tax $0
Board [As Td 4d Js 4c]
Seat 1: 85c9eef folded on the River
Seat 2: 1452f08f folded before Flop (didn't bet)
Seat 3: d2dad0b (button) folded before Flop (didn't bet)
Seat 4: d5868f33 (small blind) won ($1.25)
Seat 5: ff00ae8f (big blind) folded on the Flop
Seat 6: Hero folded before Flop (didn't bet)


Poker Hand #HD1723132832: Hold'em No Limit ($0.02/$0.05) - 2024/04/09 20:42:19
Table 'NLHBlue20' 6-max Seat #2 is the button
Seat 1: 85c9eef ($6.48 in chips)
Seat 2: 1452f08f ($5 in chips)
Seat 3: d2dad0b ($10.24 in chips)
Seat 4: d5868f33 ($5.9 in chips)
Seat 5: ff00ae8f ($2.05 in chips)
Seat 6: Hero ($7.72 in chips)
d2dad0b: posts small blind $0.02
d5868f33: posts big blind $0.05
*** HOLE CARDS ***
Dealt to 85c9eef 
Dealt to 1452f08f 
Dealt to d2dad0b 
Dealt to d5868f33 
Dealt to ff00ae8f 
Dealt to Hero [2h 9c]
ff00ae8f: raises $0.05 to $0.1
Hero: folds
85c9eef: calls $0.1
1452f08f: folds
d2dad0b: folds
d5868f33: folds
*** FLOP *** [Jc 2c Th]
ff00ae8f: checks
85c9eef: bets $0.14
ff00ae8f: calls $0.14
*** TURN *** [Jc 2c Th] [6d]
ff00ae8f: checks
85c9eef: bets $0.28
ff00ae8f: calls $0.28
*** RIVER *** [Jc 2c Th 6d] [Ts]
ff00ae8f: checks
85c9eef: checks
ff00ae8f: shows [Kc As] (Pair of Tens)
85c9eef: shows [7h 7d] (Pair of Tens and Pair of Sevens)
*** SHOWDOWN ***
85c9eef collected $1.06 from pot
*** SUMMARY ***
Total pot $1.11 | Rake $0.05 | Jackpot $0 | Bingo $0 | Fortune $0 | Tax $0
Board [Jc 2c Th 6d Ts]
Seat 1: 85c9eef showed [7h 7d] and won ($1.06) with Pair of Tens and Pair of Sevens
Seat 2: 1452f08f (button) folded before Flop (didn't bet)
Seat 3: d2dad0b (small blind) folded before Flop
Seat 4: d5868f33 (big blind) folded before Flop
Seat 5: ff00ae8f showed [Kc As] and lost with Pair of Tens
Seat 6: Hero folded before Flop (didn't bet)


Poker Hand #HD1723132790: Hold'em No Limit ($0.02/$0.05) - 2024/04/09 20:42:07
Table 'NLHBlue20' 6-max Seat #1 is the button
Seat 1: 85c9eef ($6.48 in chips)
Seat 2: 1452f08f ($5 in chips)
Seat 3: d2dad0b ($10.29 in chips)
Seat 4: d5868f33 ($5.83 in chips)
Seat 5: ff00ae8f ($2.05 in chips)
Seat 6: Hero ($7.72 in chips)
1452f08f: posts small blind $0.02
d2dad0b: posts big blind $0.05
*** HOLE CARDS ***
Dealt to 85c9eef 
Dealt to 1452f08f 
Dealt to d2dad0b 
Dealt to d5868f33 
Dealt to ff00ae8f 
Dealt to Hero [4d Qd]
d5868f33: raises $0.08 to $0.13
ff00ae8f: folds
Hero: folds
85c9eef: folds
1452f08f: folds
d2dad0b: folds
Uncalled bet ($0.08) returned to d5868f33
*** SHOWDOWN ***
d5868f33 collected $0.12 from pot
*** SUMMARY ***
Total pot $0.12 | Rake $0 | Jackpot $0 | Bingo $0 | Fortune $0 | Tax $0
Seat 1: 85c9eef (button) folded before Flop (didn't bet)
Seat 2: 1452f08f (small blind) folded before Flop
Seat 3: d2dad0b (big blind) folded before Flop
Seat 4: d5868f33 collected ($0.12)
Seat 5: ff00ae8f folded before Flop (didn't bet)
Seat 6: Hero folded before Flop (didn't bet)


Poker Hand #HD1723132708: Hold'em No Limit ($0.02/$0.05) - 2024/04/09 20:41:32
Table 'NLHBlue20' 6-max Seat #6 is the button
Seat 1: 85c9eef ($6.5 in chips)
Seat 2: 1452f08f ($5 in chips)
Seat 3: d2dad0b ($10.42 in chips)
Seat 4: d5868f33 ($5 in chips)
Seat 5: ff00ae8f ($2.72 in chips)
Seat 6: Hero ($7.72 in chips)
85c9eef: posts small blind $0.02
1452f08f: posts big blind $0.05
*** HOLE CARDS ***
Dealt to 85c9eef 
Dealt to 1452f08f 
Dealt to d2dad0b 
Dealt to d5868f33 
Dealt to ff00ae8f 
Dealt to Hero [5c 3s]
d2dad0b: raises $0.08 to $0.13
d5868f33: calls $0.13
ff00ae8f: calls $0.13
Hero: folds
85c9eef: folds
1452f08f: calls $0.08
*** FLOP *** [9s 7s 2d]
1452f08f: checks
d2dad0b: checks
d5868f33: bets $0.54
ff00ae8f: calls $0.54
1452f08f: folds
d2dad0b: folds
*** TURN *** [9s 7s 2d] [3d]
d5868f33: bets $1.62
ff00ae8f: folds
Uncalled bet ($1.62) returned to d5868f33
*** SHOWDOWN ***
d5868f33 collected $1.5 from pot
*** SUMMARY ***
Total pot $1.62 | Rake $0.07 | Jackpot $0.05 | Bingo $0 | Fortune $0 | Tax $0
Board [9s 7s 2d 3d]
Seat 1: 85c9eef (small blind) folded before Flop
Seat 2: 1452f08f (big blind) folded on the Flop
Seat 3: d2dad0b folded on the Flop
Seat 4: d5868f33 won ($1.5)
Seat 5: ff00ae8f folded on the Turn
Seat 6: Hero (button) folded before Flop (didn't bet)


Poker Hand #HD1723132566: Hold'em No Limit ($0.02/$0.05) - 2024/04/09 20:40:42
Table 'NLHBlue20' 6-max Seat #5 is the button
Seat 1: 85c9eef ($5 in chips)
Seat 2: 1452f08f ($5 in chips)
Seat 3: d2dad0b ($12.11 in chips)
Seat 4: d5868f33 ($5 in chips)
Seat 5: ff00ae8f ($2.72 in chips)
Seat 6: Hero ($7.74 in chips)
Hero: posts small blind $0.02
85c9eef: posts big blind $0.05
*** HOLE CARDS ***
Dealt to 85c9eef 
Dealt to 1452f08f 
Dealt to d2dad0b 
Dealt to d5868f33 
Dealt to ff00ae8f 
Dealt to Hero [7s 4d]
1452f08f: folds
d2dad0b: raises $0.08 to $0.13
d5868f33: folds
ff00ae8f: folds
Hero: folds
85c9eef: raises $0.37 to $0.5
d2dad0b: calls $0.37
*** FLOP *** [9h Kd 7c]
85c9eef: checks
d2dad0b: checks
*** TURN *** [9h Kd 7c] [Qd]
85c9eef: bets $0.51
d2dad0b: calls $0.51
*** RIVER *** [9h Kd 7c Qd] [5d]
85c9eef: bets $0.68
d2dad0b: calls $0.68
85c9eef: shows [Ac Kc] (Pair of Kings)
d2dad0b: shows [8s Qs] (Pair of Queens)
*** SHOWDOWN ***
85c9eef collected $3.19 from pot
*** SUMMARY ***
Total pot $3.4 | Rake $0.16 | Jackpot $0.05 | Bingo $0 | Fortune $0 | Tax $0
Board [9h Kd 7c Qd 5d]
Seat 1: 85c9eef (big blind) showed [Ac Kc] and won ($3.19) with Pair of Kings
Seat 2: 1452f08f folded before Flop (didn't bet)
Seat 3: d2dad0b showed [8s Qs] and lost with Pair of Queens
Seat 4: d5868f33 folded before Flop (didn't bet)
Seat 5: ff00ae8f (button) folded before Flop (didn't bet)
Seat 6: Hero (small blind) folded before Flop


Poker Hand #HD1723132421: Hold'em No Limit ($0.02/$0.05) - 2024/04/09 20:39:46
Table 'NLHBlue20' 6-max Seat #4 is the button
Seat 1: 85c9eef ($5 in chips)
Seat 2: 1452f08f ($5 in chips)
Seat 3: d2dad0b ($12.23 in chips)
Seat 4: d5868f33 ($5 in chips)
Seat 5: ff00ae8f ($2.74 in chips)
Seat 6: Hero ($7.86 in chips)
ff00ae8f: posts small blind $0.02
Hero: posts big blind $0.05
*** HOLE CARDS ***
Dealt to 85c9eef 
Dealt to 1452f08f 
Dealt to d2dad0b 
Dealt to d5868f33 
Dealt to ff00ae8f 
Dealt to Hero [Ks Ac]
85c9eef: folds
1452f08f: calls $0.05
d2dad0b: raises $0.09 to $0.14
d5868f33: folds
ff00ae8f: folds
Hero: raises $0.46 to $0.6
1452f08f: folds
d2dad0b: calls $0.46
*** FLOP *** [Th Ah 6c]
Hero: bets $0.4
d2dad0b: calls $0.4
*** TURN *** [Th Ah 6c] [7s]
Hero: bets $0.95
d2dad0b: calls $0.95
*** RIVER *** [Th Ah 6c 7s] [Qs]
Hero: bets $0.8
d2dad0b: calls $0.8
Hero: shows [Ks Ac] (Pair of Aces)
d2dad0b: shows [Kh As] (Pair of Aces)
*** SHOWDOWN ***
Hero collected $2.63 from pot
d2dad0b collected $2.63 from pot
*** SUMMARY ***
Total pot $5.57 | Rake $0.26 | Jackpot $0.05 | Bingo $0 | Fortune $0 | Tax $0
Board [Th Ah 6c 7s Qs]
Seat 1: 85c9eef folded before Flop (didn't bet)
Seat 2: 1452f08f folded before Flop
Seat 3: d2dad0b showed [Kh As] and won ($2.63) with Pair of Aces
Seat 4: d5868f33 (button) folded before Flop (didn't bet)
Seat 5: ff00ae8f (small blind) folded before Flop
Seat 6: Hero (big blind) showed [Ks Ac] and won ($2.63) with Pair of Aces


Poker Hand #HD1723132254: Hold'em No Limit ($0.02/$0.05) - 2024/04/09 20:38:44
Table 'NLHBlue20' 6-max Seat #3 is the button
Seat 1: 85c9eef ($5 in chips)
Seat 2: 1452f08f ($5.05 in chips)
Seat 3: d2dad0b ($11.31 in chips)
Seat 4: d5868f33 ($5.02 in chips)
Seat 5: ff00ae8f ($2.85 in chips)
Seat 6: Hero ($7.86 in chips)
d5868f33: posts small blind $0.02
ff00ae8f: posts big blind $0.05
*** HOLE CARDS ***
Dealt to 85c9eef 
Dealt to 1452f08f 
Dealt to d2dad0b 
Dealt to d5868f33 
Dealt to ff00ae8f 
Dealt to Hero [Jh Tc]
Hero: folds
85c9eef: folds
1452f08f: calls $0.05
d2dad0b: raises $0.06 to $0.11
d5868f33: calls $0.09
ff00ae8f: calls $0.06
1452f08f: calls $0.06
*** FLOP *** [5d 3c 7c]
d5868f33: checks
ff00ae8f: checks
1452f08f: checks
d2dad0b: bets $0.33
d5868f33: calls $0.33
ff00ae8f: folds
1452f08f: calls $0.33
*** TURN *** [5d 3c 7c] [Qd]
d5868f33: checks
1452f08f: checks
d2dad0b: checks
*** RIVER *** [5d 3c 7c Qd] [8d]
d5868f33: checks
1452f08f: checks
d2dad0b: bets $0.48
d5868f33: folds
1452f08f: folds
Uncalled bet ($0.48) returned to d2dad0b
*** SHOWDOWN ***
d2dad0b collected $1.36 from pot
*** SUMMARY ***
Total pot $1.43 | Rake $0.07 | Jackpot $0 | Bingo $0 | Fortune $0 | Tax $0
Board [5d 3c 7c Qd 8d]
Seat 1: 85c9eef folded before Flop (didn't bet)
Seat 2: 1452f08f folded on the River
Seat 3: d2dad0b (button) won ($1.36)
Seat 4: d5868f33 (small blind) folded on the River
Seat 5: ff00ae8f (big blind) folded on the Flop
Seat 6: Hero folded before Flop (didn't bet)


Poker Hand #HD1723132229: Hold'em No Limit ($0.02/$0.05) - 2024/04/09 20:38:36
Table 'NLHBlue20' 6-max Seat #2 is the button
Seat 1: 85c9eef ($5 in chips)
Seat 2: 1452f08f ($5.05 in chips)
Seat 3: d2dad0b ($11.33 in chips)
Seat 4: d5868f33 ($5 in chips)
Seat 5: ff00ae8f ($2.85 in chips)
Seat 6: Hero ($7.86 in chips)
d2dad0b: posts small blind $0.02
d5868f33: posts big blind $0.05
*** HOLE CARDS ***
Dealt to 85c9eef 
Dealt to 1452f08f 
Dealt to d2dad0b 
Dealt to d5868f33 
Dealt to ff00ae8f 
Dealt to Hero [2d Jh]
ff00ae8f: folds
Hero: folds
85c9eef: folds
1452f08f: folds
d2dad0b: folds
Uncalled bet ($0.03) returned to d5868f33
*** SHOWDOWN ***
d5868f33 collected $0.04 from pot
*** SUMMARY ***
Total pot $0.04 | Rake $0 | Jackpot $0 | Bingo $0 | Fortune $0 | Tax $0
Seat 1: 85c9eef folded before Flop (didn't bet)
Seat 2: 1452f08f (button) folded before Flop (didn't bet)
Seat 3: d2dad0b (small blind) folded before Flop
Seat 4: d5868f33 (big blind) collected ($0.04)
Seat 5: ff00ae8f folded before Flop (didn't bet)
Seat 6: Hero folded before Flop (didn't bet)


Poker Hand #HD1723132159: Hold'em No Limit ($0.02/$0.05) - 2024/04/09 20:38:10
Table 'NLHBlue20' 6-max Seat #1 is the button
Seat 1: 85c9eef ($5 in chips)
Seat 2: 1452f08f ($5 in chips)
Seat 3: d2dad0b ($11.38 in chips)
Seat 4: d5868f33 ($5 in chips)
Seat 5: ff00ae8f ($2.85 in chips)
Seat 6: Hero ($7.86 in chips)
1452f08f: posts small blind $0.02
d2dad0b: posts big blind $0.05
*** HOLE CARDS ***
Dealt to 85c9eef 
Dealt to 1452f08f 
Dealt to d2dad0b 
Dealt to d5868f33 
Dealt to ff00ae8f 
Dealt to Hero [5s 8h]
d5868f33: folds
ff00ae8f: folds
Hero: folds
85c9eef: folds
1452f08f: calls $0.03
d2dad0b: checks
*** FLOP *** [3h Qd 9h]
1452f08f: checks
d2dad0b: checks
*** TURN *** [3h Qd 9h] [6d]
1452f08f: bets $0.05
d2dad0b: folds
Uncalled bet ($0.05) returned to 1452f08f
*** SHOWDOWN ***
1452f08f collected $0.1 from pot
*** SUMMARY ***
Total pot $0.1 | Rake $0 | Jackpot $0 | Bingo $0 | Fortune $0 | Tax $0
Board [3h Qd 9h 6d]
Seat 1: 85c9eef (button) folded before Flop (didn't bet)
Seat 2: 1452f08f (small blind) won ($0.1)
Seat 3: d2dad0b (big blind) folded on the Turn
Seat 4: d5868f33 folded before Flop (didn't bet)
Seat 5: ff00ae8f folded before Flop (didn't bet)
Seat 6: Hero folded before Flop (didn't bet)


Poker Hand #HD1723132020: Hold'em No Limit ($0.02/$0.05) - 2024/04/09 20:37:18
Table 'NLHBlue20' 6-max Seat #6 is the button
Seat 1: 85c9eef ($5 in chips)
Seat 2: 1452f08f ($5 in chips)
Seat 3: d2dad0b ($11.38 in chips)
Seat 4: d5868f33 ($5.07 in chips)
Seat 5: ff00ae8f ($2.85 in chips)
Seat 6: Hero ($6.76 in chips)
85c9eef: posts small blind $0.02
1452f08f: posts big blind $0.05
*** HOLE CARDS ***
Dealt to 85c9eef 
Dealt to 1452f08f 
Dealt to d2dad0b 
Dealt to d5868f33 
Dealt to ff00ae8f 
Dealt to Hero [Ad Jc]
d2dad0b: folds
d5868f33: raises $0.08 to $0.13
ff00ae8f: folds
Hero: raises $0.27 to $0.4
85c9eef: folds
1452f08f: folds
d5868f33: calls $0.27
*** FLOP *** [Kc 3d Kh]
d5868f33: checks
Hero: bets $0.3
d5868f33: calls $0.3
*** TURN *** [Kc 3d Kh] [Kd]
d5868f33: checks
Hero: checks
*** RIVER *** [Kc 3d Kh Kd] [Jd]
d5868f33: checks
Hero: bets $0.5
d5868f33: calls $0.5
Hero: shows [Ad Jc] (Kings Full over Jacks)
d5868f33: shows [9d 9s] (Kings Full over Nines)
*** SHOWDOWN ***
Hero collected $2.3 from pot
*** SUMMARY ***
Total pot $2.47 | Rake $0.12 | Jackpot $0.05 | Bingo $0 | Fortune $0 | Tax $0
Board [Kc 3d Kh Kd Jd]
Seat 1: 85c9eef (small blind) folded before Flop
Seat 2: 1452f08f (big blind) folded before Flop
Seat 3: d2dad0b folded before Flop (didn't bet)
Seat 4: d5868f33 showed [9d 9s] and lost with Kings Full over Nines
Seat 5: ff00ae8f folded before Flop (didn't bet)
Seat 6: Hero (button) showed [Ad Jc] and won ($2.3) with Kings Full over Jacks


Poker Hand #HD1723131976: Hold'em No Limit ($0.02/$0.05) - 2024/04/09 20:37:04
Table 'NLHBlue20' 6-max Seat #5 is the button
Seat 1: 85c9eef ($5 in chips)
Seat 2: 1452f08f ($5 in chips)
Seat 3: d2dad0b ($11.38 in chips)
Seat 4: d5868f33 ($5 in chips)
Seat 5: ff00ae8f ($2.85 in chips)
Seat 6: Hero ($6.78 in chips)
Hero: posts small blind $0.02
85c9eef: posts big blind $0.05
*** HOLE CARDS ***
Dealt to 85c9eef 
Dealt to 1452f08f 
Dealt to d2dad0b 
Dealt to d5868f33 
Dealt to ff00ae8f 
Dealt to Hero [Kc 9c]
1452f08f: folds
d2dad0b: folds
d5868f33: raises $0.08 to $0.13
ff00ae8f: folds
Hero: folds
85c9eef: folds
Uncalled bet ($0.08) returned to d5868f33
*** SHOWDOWN ***
d5868f33 collected $0.12 from pot
*** SUMMARY ***
Total pot $0.12 | Rake $0 | Jackpot $0 | Bingo $0 | Fortune $0 | Tax $0
Seat 1: 85c9eef (big blind) folded before Flop
Seat 2: 1452f08f folded before Flop (didn't bet)
Seat 3: d2dad0b folded before Flop (didn't bet)
Seat 4: d5868f33 collected ($0.12)
Seat 5: ff00ae8f (button) folded before Flop (didn't bet)
Seat 6: Hero (small blind) folded before Flop


Poker Hand #HD1723131944: Hold'em No Limit ($0.02/$0.05) - 2024/04/09 20:36:52
Table 'NLHBlue20' 6-max Seat #4 is the button
Seat 1: 85c9eef ($5 in chips)
Seat 2: 1452f08f ($5 in chips)
Seat 3: d2dad0b ($11.38 in chips)
Seat 4: d5868f33 ($5 in chips)
Seat 5: ff00ae8f ($2.87 in chips)
Seat 6: Hero ($6.76 in chips)
ff00ae8f: posts small blind $0.02
Hero: posts big blind $0.05
*** HOLE CARDS ***
Dealt to 85c9eef 
Dealt to 1452f08f 
Dealt to d2dad0b 
Dealt to d5868f33 
Dealt to ff00ae8f 
Dealt to Hero [5c 2s]
85c9eef: folds
1452f08f: folds
d2dad0b: folds
d5868f33: folds
ff00ae8f: folds
Uncalled bet ($0.03) returned to Hero
*** SHOWDOWN ***
Hero collected $0.04 from pot
*** SUMMARY ***
Total pot $0.04 | Rake $0 | Jackpot $0 | Bingo $0 | Fortune $0 | Tax $0
Seat 1: 85c9eef folded before Flop (didn't bet)
Seat 2: 1452f08f folded before Flop (didn't bet)
Seat 3: d2dad0b folded before Flop (didn't bet)
Seat 4: d5868f33 (button) folded before Flop (didn't bet)
Seat 5: ff00ae8f (small blind) folded before Flop
Seat 6: Hero (big blind) collected ($0.04)


Poker Hand #HD1723131860: Hold'em No Limit ($0.02/$0.05) - 2024/04/09 20:36:22
Table 'NLHBlue20' 6-max Seat #3 is the button
Seat 1: 85c9eef ($5 in chips)
Seat 2: 1452f08f ($5 in chips)
Seat 3: d2dad0b ($11.11 in chips)
Seat 4: d5868f33 ($5 in chips)
Seat 5: ff00ae8f ($3.14 in chips)
Seat 6: Hero ($6.76 in chips)
d5868f33: posts small blind $0.02
ff00ae8f: posts big blind $0.05
*** HOLE CARDS ***
Dealt to 85c9eef 
Dealt to 1452f08f 
Dealt to d2dad0b 
Dealt to d5868f33 
Dealt to ff00ae8f 
Dealt to Hero [8s 7c]
Hero: folds
85c9eef: folds
1452f08f: folds
d2dad0b: raises $0.08 to $0.13
d5868f33: folds
ff00ae8f: calls $0.08
*** FLOP *** [3s Kd 5s]
ff00ae8f: checks
d2dad0b: bets $0.14
ff00ae8f: calls $0.14
*** TURN *** [3s Kd 5s] [8c]
ff00ae8f: checks
d2dad0b: bets $0.19
ff00ae8f: folds
Uncalled bet ($0.19) returned to d2dad0b
d2dad0b: shows [Qd Qh] (Pair of Queens)
*** SHOWDOWN ***
d2dad0b collected $0.54 from pot
*** SUMMARY ***
Total pot $0.56 | Rake $0.02 | Jackpot $0 | Bingo $0 | Fortune $0 | Tax $0
Board [3s Kd 5s 8c]
Seat 1: 85c9eef folded before Flop (didn't bet)
Seat 2: 1452f08f folded before Flop (didn't bet)
Seat 3: d2dad0b (button) showed [Qd Qh] and won ($0.54)
Seat 4: d5868f33 (small blind) folded before Flop
Seat 5: ff00ae8f (big blind) folded on the Turn
Seat 6: Hero folded before Flop (didn't bet)


Poker Hand #HD1723131762: Hold'em No Limit ($0.02/$0.05) - 2024/04/09 20:35:47
Table 'NLHBlue20' 6-max Seat #2 is the button
Seat 1: 85c9eef ($5 in chips)
Seat 2: 1452f08f ($5 in chips)
Seat 3: d2dad0b ($11.63 in chips)
Seat 4: d5868f33 ($5 in chips)
Seat 5: ff00ae8f ($2.62 in chips)
Seat 6: Hero ($6.76 in chips)
d2dad0b: posts small blind $0.02
d5868f33: posts big blind $0.05
*** HOLE CARDS ***
Dealt to 85c9eef 
Dealt to 1452f08f 
Dealt to d2dad0b 
Dealt to d5868f33 
Dealt to ff00ae8f 
Dealt to Hero [3d Jh]
ff00ae8f: raises $0.1 to $0.15
Hero: folds
85c9eef: folds
1452f08f: folds
d2dad0b: calls $0.13
d5868f33: folds
*** FLOP *** [As 9s 4s]
d2dad0b: checks
ff00ae8f: bets $0.12
d2dad0b: calls $0.12
*** TURN *** [As 9s 4s] [6s]
d2dad0b: bets $0.2
ff00ae8f: calls $0.2
*** RIVER *** [As 9s 4s 6s] [9d]
d2dad0b: bets $0.05
ff00ae8f: calls $0.05
d2dad0b: shows [8s 8h] (Ace High Flush)
ff00ae8f: shows [Js Jd] (Ace High Flush)
*** SHOWDOWN ***
ff00ae8f collected $1.04 from pot
*** SUMMARY ***
Total pot $1.09 | Rake $0.05 | Jackpot $0 | Bingo $0 | Fortune $0 | Tax $0
Board [As 9s 4s 6s 9d]
Seat 1: 85c9eef folded before Flop (didn't bet)
Seat 2: 1452f08f (button) folded before Flop (didn't bet)
Seat 3: d2dad0b (small blind) showed [8s 8h] and lost with Ace High Flush
Seat 4: d5868f33 (big blind) folded before Flop
Seat 5: ff00ae8f showed [Js Jd] and won ($1.04) with Ace High Flush
Seat 6: Hero folded before Flop (didn't bet)


Poker Hand #HD1723131536: Hold'em No Limit ($0.02/$0.05) - 2024/04/09 20:34:23
Table 'NLHBlue20' 6-max Seat #1 is the button
Seat 1: 85c9eef ($5.07 in chips)
Seat 2: 1452f08f ($5 in chips)
Seat 3: d2dad0b ($11.76 in chips)
Seat 4: d5868f33 ($5.19 in chips)
Seat 5: ff00ae8f ($2.62 in chips)
Seat 6: Hero ($6.76 in chips)
1452f08f: posts small blind $0.02
d2dad0b: posts big blind $0.05
*** HOLE CARDS ***
Dealt to 85c9eef 
Dealt to 1452f08f 
Dealt to d2dad0b 
Dealt to d5868f33 
Dealt to ff00ae8f 
Dealt to Hero [Ks 8s]
d5868f33: raises $0.08 to $0.13
ff00ae8f: folds
Hero: folds
85c9eef: calls $0.13
1452f08f: folds
d2dad0b: calls $0.08
*** FLOP *** [Jd Kd 3c]
d2dad0b: checks
d5868f33: bets $0.21
85c9eef: raises $0.69 to $0.9
d2dad0b: folds
d5868f33: raises $1.77 to $2.67
85c9eef: raises $2.27 to $4.94 and is all-in
d5868f33: calls $2.27
85c9eef: shows [3s 3d] (Three Treys)
d5868f33: shows [Jc Js] (Three Jacks)
*** FIRST TURN *** [Jd Kd 3c] [8d]
*** FIRST RIVER *** [Jd Kd 3c 8d] [2c]
*** SECOND TURN *** [Jd Kd 3c] [5d]
*** SECOND RIVER *** [Jd Kd 3c 5d] [Qd]
*** FIRST SHOWDOWN ***
d5868f33 collected $4.87 from pot
*** SECOND SHOWDOWN ***
85c9eef collected $4.87 from pot
*** SUMMARY ***
Total pot $10.29 | Rake $0.5 | Jackpot $0.05 | Bingo $0 | Fortune $0 | Tax $0
Hand was run two times
FIRST Board [Jd Kd 3c 8d 2c]
SECOND Board [5d Qd]
Seat 1: 85c9eef (button) showed [3s 3d] and lost with Three Treys, and won ($4.87)
Seat 2: 1452f08f (small blind) folded before Flop
Seat 3: d2dad0b (big blind) folded on the Flop
Seat 4: d5868f33 showed [Jc Js] and won ($4.87) with Three Jacks, and lost
Seat 5: ff00ae8f folded before Flop (didn't bet)
Seat 6: Hero folded before Flop (didn't bet)


Poker Hand #HD1723131434: Hold'em No Limit ($0.02/$0.05) - 2024/04/09 20:33:42
Table 'NLHBlue20' 6-max Seat #6 is the button
Seat 1: 85c9eef ($5.09 in chips)
Seat 2: 1452f08f ($5 in chips)
Seat 3: d2dad0b ($11.76 in chips)
Seat 4: d5868f33 ($5.19 in chips)
Seat 5: ff00ae8f ($2.5 in chips)
Seat 6: Hero ($6.76 in chips)
85c9eef: posts small blind $0.02
1452f08f: posts big blind $0.05
*** HOLE CARDS ***
Dealt to 85c9eef 
Dealt to 1452f08f 
Dealt to d2dad0b 
Dealt to d5868f33 
Dealt to ff00ae8f 
Dealt to Hero [3d 5d]
d2dad0b: folds
d5868f33: folds
ff00ae8f: calls $0.05
Hero: folds
85c9eef: folds
1452f08f: checks
*** FLOP *** [3s Kd 3h]
1452f08f: checks
ff00ae8f: checks
*** TURN *** [3s Kd 3h] [9d]
1452f08f: bets $0.06
ff00ae8f: calls $0.06
*** RIVER *** [3s Kd 3h 9d] [9c]
1452f08f: checks
ff00ae8f: checks
1452f08f: shows [Jc Ac] (Pair of Nines and Pair of Treys)
ff00ae8f: shows [Kc Th] (Pair of Kings and Pair of Nines)
*** SHOWDOWN ***
ff00ae8f collected $0.23 from pot
*** SUMMARY ***
Total pot $0.24 | Rake $0.01 | Jackpot $0 | Bingo $0 | Fortune $0 | Tax $0
Board [3s Kd 3h 9d 9c]
Seat 1: 85c9eef (small blind) folded before Flop
Seat 2: 1452f08f (big blind) showed [Jc Ac] and lost with Pair of Nines and Pair of Treys
Seat 3: d2dad0b folded before Flop (didn't bet)
Seat 4: d5868f33 folded before Flop (didn't bet)
Seat 5: ff00ae8f showed [Kc Th] and won ($0.23) with Pair of Kings and Pair of Nines
Seat 6: Hero (button) folded before Flop (didn't bet)


Poker Hand #HD1723131416: Hold'em No Limit ($0.02/$0.05) - 2024/04/09 20:33:33
Table 'NLHBlue20' 6-max Seat #5 is the button
Seat 1: 85c9eef ($5.07 in chips)
Seat 2: 1452f08f ($5 in chips)
Seat 3: d2dad0b ($11.76 in chips)
Seat 4: d5868f33 ($5.19 in chips)
Seat 5: ff00ae8f ($2.5 in chips)
Seat 6: Hero ($6.78 in chips)
Hero: posts small blind $0.02
85c9eef: posts big blind $0.05
*** HOLE CARDS ***
Dealt to 85c9eef 
Dealt to 1452f08f 
Dealt to d2dad0b 
Dealt to d5868f33 
Dealt to ff00ae8f 
Dealt to Hero [2c 4c]
1452f08f: folds
d2dad0b: folds
d5868f33: folds
ff00ae8f: folds
Hero: folds
Uncalled bet ($0.03) returned to 85c9eef
*** SHOWDOWN ***
85c9eef collected $0.04 from pot
*** SUMMARY ***
Total pot $0.04 | Rake $0 | Jackpot $0 | Bingo $0 | Fortune $0 | Tax $0
Seat 1: 85c9eef (big blind) collected ($0.04)
Seat 2: 1452f08f folded before Flop (didn't bet)
Seat 3: d2dad0b folded before Flop (didn't bet)
Seat 4: d5868f33 folded before Flop (didn't bet)
Seat 5: ff00ae8f (button) folded before Flop (didn't bet)
Seat 6: Hero (small blind) folded before Flop


Poker Hand #HD1723131375: Hold'em No Limit ($0.02/$0.05) - 2024/04/09 20:33:18
Table 'NLHBlue20' 6-max Seat #4 is the button
Seat 1: 85c9eef ($5.07 in chips)
Seat 2: 1452f08f ($5 in chips)
Seat 3: d2dad0b ($11.69 in chips)
Seat 4: d5868f33 ($5.19 in chips)
Seat 5: ff00ae8f ($2.52 in chips)
Seat 6: Hero ($6.83 in chips)
ff00ae8f: posts small blind $0.02
Hero: posts big blind $0.05
*** HOLE CARDS ***
Dealt to 85c9eef 
Dealt to 1452f08f 
Dealt to d2dad0b 
Dealt to d5868f33 
Dealt to ff00ae8f 
Dealt to Hero [5h 8s]
85c9eef: folds
1452f08f: folds
d2dad0b: raises $0.08 to $0.13
d5868f33: folds
ff00ae8f: folds
Hero: folds
Uncalled bet ($0.08) returned to d2dad0b
*** SHOWDOWN ***
d2dad0b collected $0.12 from pot
*** SUMMARY ***
Total pot $0.12 | Rake $0 | Jackpot $0 | Bingo $0 | Fortune $0 | Tax $0
Seat 1: 85c9eef folded before Flop (didn't bet)
Seat 2: 1452f08f folded before Flop (didn't bet)
Seat 3: d2dad0b collected ($0.12)
Seat 4: d5868f33 (button) folded before Flop (didn't bet)
Seat 5: ff00ae8f (small blind) folded before Flop
Seat 6: Hero (big blind) folded before Flop


Poker Hand #HD1723131329: Hold'em No Limit ($0.02/$0.05) - 2024/04/09 20:33:03
Table 'NLHBlue20' 6-max Seat #3 is the button
Seat 1: 85c9eef ($5.07 in chips)
Seat 2: 1452f08f ($5 in chips)
Seat 3: d2dad0b ($11.69 in chips)
Seat 4: d5868f33 ($5.21 in chips)
Seat 5: ff00ae8f ($2.5 in chips)
Seat 6: Hero ($6.83 in chips)
d5868f33: posts small blind $0.02
ff00ae8f: posts big blind $0.05
*** HOLE CARDS ***
Dealt to 85c9eef 
Dealt to 1452f08f 
Dealt to d2dad0b 
Dealt to d5868f33 
Dealt to ff00ae8f 
Dealt to Hero [3h 4d]
Hero: folds
85c9eef: folds
1452f08f: folds
d2dad0b: folds
d5868f33: folds
Uncalled bet ($0.03) returned to ff00ae8f
*** SHOWDOWN ***
ff00ae8f collected $0.04 from pot
*** SUMMARY ***
Total pot $0.04 | Rake $0 | Jackpot $0 | Bingo $0 | Fortune $0 | Tax $0
Seat 1: 85c9eef folded before Flop (didn't bet)
Seat 2: 1452f08f folded before Flop (didn't bet)
Seat 3: d2dad0b (button) folded before Flop (didn't bet)
Seat 4: d5868f33 (small blind) folded before Flop
Seat 5: ff00ae8f (big blind) collected ($0.04)
Seat 6: Hero folded before Flop (didn't bet)


Poker Hand #HD1723131296: Hold'em No Limit ($0.02/$0.05) - 2024/04/09 20:32:49
Table 'NLHBlue20' 6-max Seat #2 is the button
Seat 1: 85c9eef ($5.07 in chips)
Seat 2: 1452f08f ($5 in chips)
Seat 3: d2dad0b ($11.71 in chips)
Seat 4: d5868f33 ($5.26 in chips)
Seat 5: ff00ae8f ($2.5 in chips)
Seat 6: Hero ($6.76 in chips)
d2dad0b: posts small blind $0.02
d5868f33: posts big blind $0.05
*** HOLE CARDS ***
Dealt to 85c9eef 
Dealt to 1452f08f 
Dealt to d2dad0b 
Dealt to d5868f33 
Dealt to ff00ae8f 
Dealt to Hero [9d 9c]
ff00ae8f: folds
Hero: raises $0.05 to $0.1
85c9eef: folds
1452f08f: folds
d2dad0b: folds
d5868f33: folds
Uncalled bet ($0.05) returned to Hero
*** SHOWDOWN ***
Hero collected $0.12 from pot
*** SUMMARY ***
Total pot $0.12 | Rake $0 | Jackpot $0 | Bingo $0 | Fortune $0 | Tax $0
Seat 1: 85c9eef folded before Flop (didn't bet)
Seat 2: 1452f08f (button) folded before Flop (didn't bet)
Seat 3: d2dad0b (small blind) folded before Flop
Seat 4: d5868f33 (big blind) folded before Flop
Seat 5: ff00ae8f folded before Flop (didn't bet)
Seat 6: Hero collected ($0.12)


Poker Hand #HD1723131201: Hold'em No Limit ($0.02/$0.05) - 2024/04/09 20:32:10
Table 'NLHBlue20' 6-max Seat #1 is the button
Seat 1: 85c9eef ($5.07 in chips)
Seat 2: 1452f08f ($5.06 in chips)
Seat 3: d2dad0b ($11.62 in chips)
Seat 4: d5868f33 ($5.26 in chips)
Seat 5: ff00ae8f ($2.5 in chips)
Seat 6: Hero ($6.76 in chips)
1452f08f: posts small blind $0.02
d2dad0b: posts big blind $0.05
*** HOLE CARDS ***
Dealt to 85c9eef 
Dealt to 1452f08f 
Dealt to d2dad0b 
Dealt to d5868f33 
Dealt to ff00ae8f 
Dealt to Hero [3d Kd]
d5868f33: folds
ff00ae8f: folds
Hero: folds
85c9eef: folds
1452f08f: calls $0.03
d2dad0b: checks
*** FLOP *** [3h 6h Tc]
1452f08f: checks
d2dad0b: checks
*** TURN *** [3h 6h Tc] [As]
1452f08f: bets $0.05
d2dad0b: raises $0.15 to $0.2
1452f08f: folds
Uncalled bet ($0.15) returned to d2dad0b
*** SHOWDOWN ***
d2dad0b collected $0.19 from pot
*** SUMMARY ***
Total pot $0.2 | Rake $0.01 | Jackpot $0 | Bingo $0 | Fortune $0 | Tax $0
Board [3h 6h Tc As]
Seat 1: 85c9eef (button) folded before Flop (didn't bet)
Seat 2: 1452f08f (small blind) folded on the Turn
Seat 3: d2dad0b (big blind) won ($0.19)
Seat 4: d5868f33 folded before Flop (didn't bet)
Seat 5: ff00ae8f folded before Flop (didn't bet)
Seat 6: Hero folded before Flop (didn't bet)


Poker Hand #HD1723131122: Hold'em No Limit ($0.02/$0.05) - 2024/04/09 20:31:39
Table 'NLHBlue20' 6-max Seat #6 is the button
Seat 1: 85c9eef ($5.12 in chips)
Seat 2: 1452f08f ($5.11 in chips)
Seat 3: d2dad0b ($11.62 in chips)
Seat 4: d5868f33 ($5.26 in chips)
Seat 5: ff00ae8f ($2.4 in chips)
Seat 6: Hero ($6.76 in chips)
85c9eef: posts small blind $0.02
1452f08f: posts big blind $0.05
*** HOLE CARDS ***
Dealt to 85c9eef 
Dealt to 1452f08f 
Dealt to d2dad0b 
Dealt to d5868f33 
Dealt to ff00ae8f 
Dealt to Hero [Ts 6s]
d2dad0b: folds
d5868f33: folds
ff00ae8f: calls $0.05
Hero: folds
85c9eef: calls $0.03
1452f08f: checks
*** FLOP *** [3d As 6d]
85c9eef: checks
1452f08f: checks
ff00ae8f: bets $0.05
85c9eef: folds
1452f08f: folds
Uncalled bet ($0.05) returned to ff00ae8f
*** SHOWDOWN ***
ff00ae8f collected $0.15 from pot
*** SUMMARY ***
Total pot $0.15 | Rake $0 | Jackpot $0 | Bingo $0 | Fortune $0 | Tax $0
Board [3d As 6d]
Seat 1: 85c9eef (small blind) folded on the Flop
Seat 2: 1452f08f (big blind) folded on the Flop
Seat 3: d2dad0b folded before Flop (didn't bet)
Seat 4: d5868f33 folded before Flop (didn't bet)
Seat 5: ff00ae8f won ($0.15)
Seat 6: Hero (button) folded before Flop (didn't bet)


Poker Hand #HD1723131082: Hold'em No Limit ($0.02/$0.05) - 2024/04/09 20:31:25
Table 'NLHBlue20' 6-max Seat #5 is the button
Seat 1: 85c9eef ($5.17 in chips)
Seat 2: 1452f08f ($5.11 in chips)
Seat 3: d2dad0b ($11.62 in chips)
Seat 4: d5868f33 ($5.19 in chips)
Seat 5: ff00ae8f ($2.4 in chips)
Seat 6: Hero ($6.78 in chips)
Hero: posts small blind $0.02
85c9eef: posts big blind $0.05
*** HOLE CARDS ***
Dealt to 85c9eef 
Dealt to 1452f08f 
Dealt to d2dad0b 
Dealt to d5868f33 
Dealt to ff00ae8f 
Dealt to Hero [Qs 3c]
1452f08f: folds
d2dad0b: folds
d5868f33: raises $0.08 to $0.13
ff00ae8f: folds
Hero: folds
85c9eef: folds
Uncalled bet ($0.08) returned to d5868f33
*** SHOWDOWN ***
d5868f33 collected $0.12 from pot
*** SUMMARY ***
Total pot $0.12 | Rake $0 | Jackpot $0 | Bingo $0 | Fortune $0 | Tax $0
Seat 1: 85c9eef (big blind) folded before Flop
Seat 2: 1452f08f folded before Flop (didn't bet)
Seat 3: d2dad0b folded before Flop (didn't bet)
Seat 4: d5868f33 collected ($0.12)
Seat 5: ff00ae8f (button) folded before Flop (didn't bet)
Seat 6: Hero (small blind) folded before Flop


Poker Hand #HD1723131035: Hold'em No Limit ($0.02/$0.05) - 2024/04/09 20:31:10
Table 'NLHBlue20' 6-max Seat #4 is the button
Seat 1: 85c9eef ($5.17 in chips)
Seat 2: 1452f08f ($5.11 in chips)
Seat 3: d2dad0b ($11.55 in chips)
Seat 4: d5868f33 ($5.19 in chips)
Seat 5: ff00ae8f ($2.42 in chips)
Seat 6: Hero ($6.83 in chips)
ff00ae8f: posts small blind $0.02
Hero: posts big blind $0.05
*** HOLE CARDS ***
Dealt to 85c9eef 
Dealt to 1452f08f 
Dealt to d2dad0b 
Dealt to d5868f33 
Dealt to ff00ae8f 
Dealt to Hero [5d Jd]
85c9eef: folds
1452f08f: folds
d2dad0b: raises $0.08 to $0.13
d5868f33: folds
ff00ae8f: folds
Hero: folds
Uncalled bet ($0.08) returned to d2dad0b
*** SHOWDOWN ***
d2dad0b collected $0.12 from pot
*** SUMMARY ***
Total pot $0.12 | Rake $0 | Jackpot $0 | Bingo $0 | Fortune $0 | Tax $0
Seat 1: 85c9eef folded before Flop (didn't bet)
Seat 2: 1452f08f folded before Flop (didn't bet)
Seat 3: d2dad0b collected ($0.12)
Seat 4: d5868f33 (button) folded before Flop (didn't bet)
Seat 5: ff00ae8f (small blind) folded before Flop
Seat 6: Hero (big blind) folded before Flop


Poker Hand #HD1723130998: Hold'em No Limit ($0.02/$0.05) - 2024/04/09 20:30:57
Table 'NLHBlue20' 6-max Seat #3 is the button
Seat 1: 85c9eef ($5.17 in chips)
Seat 2: 1452f08f ($5.11 in chips)
Seat 3: d2dad0b ($11.55 in chips)
Seat 4: d5868f33 ($5.21 in chips)
Seat 5: ff00ae8f ($2.4 in chips)
Seat 6: Hero ($6.83 in chips)
d5868f33: posts small blind $0.02
ff00ae8f: posts big blind $0.05
*** HOLE CARDS ***
Dealt to 85c9eef 
Dealt to 1452f08f 
Dealt to d2dad0b 
Dealt to d5868f33 
Dealt to ff00ae8f 
Dealt to Hero [2s Th]
Hero: folds
85c9eef: folds
1452f08f: folds
d2dad0b: folds
d5868f33: folds
Uncalled bet ($0.03) returned to ff00ae8f
*** SHOWDOWN ***
ff00ae8f collected $0.04 from pot
*** SUMMARY ***
Total pot $0.04 | Rake $0 | Jackpot $0 | Bingo $0 | Fortune $0 | Tax $0
Seat 1: 85c9eef folded before Flop (didn't bet)
Seat 2: 1452f08f folded before Flop (didn't bet)
Seat 3: d2dad0b (button) folded before Flop (didn't bet)
Seat 4: d5868f33 (small blind) folded before Flop
Seat 5: ff00ae8f (big blind) collected ($0.04)
Seat 6: Hero folded before Flop (didn't bet)


Poker Hand #HD1723130968: Hold'em No Limit ($0.02/$0.05) - 2024/04/09 20:30:45
Table 'NLHBlue20' 6-max Seat #2 is the button
Seat 1: 85c9eef ($5.17 in chips)
Seat 2: 1452f08f ($5.11 in chips)
Seat 3: d2dad0b ($11.57 in chips)
Seat 4: d5868f33 ($5.19 in chips)
Seat 5: ff00ae8f ($2.4 in chips)
Seat 6: Hero ($6.83 in chips)
d2dad0b: posts small blind $0.02
d5868f33: posts big blind $0.05
*** HOLE CARDS ***
Dealt to 85c9eef 
Dealt to 1452f08f 
Dealt to d2dad0b 
Dealt to d5868f33 
Dealt to ff00ae8f 
Dealt to Hero [7c Jc]
ff00ae8f: folds
Hero: folds
85c9eef: folds
1452f08f: folds
d2dad0b: folds
Uncalled bet ($0.03) returned to d5868f33
*** SHOWDOWN ***
d5868f33 collected $0.04 from pot
*** SUMMARY ***
Total pot $0.04 | Rake $0 | Jackpot $0 | Bingo $0 | Fortune $0 | Tax $0
Seat 1: 85c9eef folded before Flop (didn't bet)
Seat 2: 1452f08f (button) folded before Flop (didn't bet)
Seat 3: d2dad0b (small blind) folded before Flop
Seat 4: d5868f33 (big blind) collected ($0.04)
Seat 5: ff00ae8f folded before Flop (didn't bet)
Seat 6: Hero folded before Flop (didn't bet)


Poker Hand #HD1723130824: Hold'em No Limit ($0.02/$0.05) - 2024/04/09 20:29:46
Table 'NLHBlue20' 6-max Seat #1 is the button
Seat 1: 85c9eef ($5.72 in chips)
Seat 2: 1452f08f ($5.13 in chips)
Seat 3: d2dad0b ($11.05 in chips)
Seat 4: d5868f33 ($5.19 in chips)
Seat 5: ff00ae8f ($2.4 in chips)
Seat 6: Hero ($6.83 in chips)
1452f08f: posts small blind $0.02
d2dad0b: posts big blind $0.05
*** HOLE CARDS ***
Dealt to 85c9eef 
Dealt to 1452f08f 
Dealt to d2dad0b 
Dealt to d5868f33 
Dealt to ff00ae8f 
Dealt to Hero [5c Jc]
d5868f33: folds
ff00ae8f: folds
Hero: folds
85c9eef: raises $0.08 to $0.13
1452f08f: folds
d2dad0b: calls $0.08
*** FLOP *** [2h 3h Ts]
d2dad0b: checks
85c9eef: bets $0.14
d2dad0b: calls $0.14
*** TURN *** [2h 3h Ts] [9c]
d2dad0b: checks
85c9eef: bets $0.28
d2dad0b: calls $0.28
*** RIVER *** [2h 3h Ts 9c] [Ah]
d2dad0b: bets $0.37
85c9eef: folds
Uncalled bet ($0.37) returned to d2dad0b
85c9eef: shows [5h] (Ace-High)
*** SHOWDOWN ***
d2dad0b collected $1.07 from pot
*** SUMMARY ***
Total pot $1.12 | Rake $0.05 | Jackpot $0 | Bingo $0 | Fortune $0 | Tax $0
Board [2h 3h Ts 9c Ah]
Seat 1: 85c9eef (button) folded on the River
Seat 2: 1452f08f (small blind) folded before Flop
Seat 3: d2dad0b (big blind) won ($1.07)
Seat 4: d5868f33 folded before Flop (didn't bet)
Seat 5: ff00ae8f folded before Flop (didn't bet)
Seat 6: Hero folded before Flop (didn't bet)


Poker Hand #HD1723130781: Hold'em No Limit ($0.02/$0.05) - 2024/04/09 20:29:28
Table 'NLHBlue20' 6-max Seat #6 is the button
Seat 1: 85c9eef ($5.67 in chips)
Seat 2: 1452f08f ($5.18 in chips)
Seat 3: d2dad0b ($11.05 in chips)
Seat 4: d5868f33 ($5.19 in chips)
Seat 5: ff00ae8f ($2.4 in chips)
Seat 6: Hero ($6.83 in chips)
85c9eef: posts small blind $0.02
1452f08f: posts big blind $0.05
*** HOLE CARDS ***
Dealt to 85c9eef 
Dealt to 1452f08f 
Dealt to d2dad0b 
Dealt to d5868f33 
Dealt to ff00ae8f 
Dealt to Hero [Ts 4d]
d2dad0b: folds
d5868f33: folds
ff00ae8f: folds
Hero: folds
85c9eef: raises $0.08 to $0.13
1452f08f: folds
Uncalled bet ($0.08) returned to 85c9eef
*** SHOWDOWN ***
85c9eef collected $0.1 from pot
*** SUMMARY ***
Total pot $0.1 | Rake $0 | Jackpot $0 | Bingo $0 | Fortune $0 | Tax $0
Seat 1: 85c9eef (small blind) collected ($0.1)
Seat 2: 1452f08f (big blind) folded before Flop
Seat 3: d2dad0b folded before Flop (didn't bet)
Seat 4: d5868f33 folded before Flop (didn't bet)
Seat 5: ff00ae8f folded before Flop (didn't bet)
Seat 6: Hero (button) folded before Flop (didn't bet)


Poker Hand #HD1723130614: Hold'em No Limit ($0.02/$0.05) - 2024/04/09 20:28:24
Table 'NLHBlue20' 6-max Seat #5 is the button
Seat 1: 85c9eef ($5.55 in chips)
Seat 2: 1452f08f ($5.23 in chips)
Seat 3: d2dad0b ($11.05 in chips)
Seat 4: d5868f33 ($5.19 in chips)
Seat 5: ff00ae8f ($2.45 in chips)
Seat 6: Hero ($6.85 in chips)
Hero: posts small blind $0.02
85c9eef: posts big blind $0.05
*** HOLE CARDS ***
Dealt to 85c9eef 
Dealt to 1452f08f 
Dealt to d2dad0b 
Dealt to d5868f33 
Dealt to ff00ae8f 
Dealt to Hero [6d 7s]
1452f08f: calls $0.05
d2dad0b: folds
d5868f33: folds
ff00ae8f: calls $0.05
Hero: folds
85c9eef: checks
*** FLOP *** [4d Ts Ac]
85c9eef: checks
1452f08f: checks
ff00ae8f: checks
*** TURN *** [4d Ts Ac] [9s]
85c9eef: checks
1452f08f: checks
ff00ae8f: checks
*** RIVER *** [4d Ts Ac 9s] [5h]
85c9eef: bets $0.17
1452f08f: folds
ff00ae8f: folds
Uncalled bet ($0.17) returned to 85c9eef
*** SHOWDOWN ***
85c9eef collected $0.17 from pot
*** SUMMARY ***
Total pot $0.17 | Rake $0 | Jackpot $0 | Bingo $0 | Fortune $0 | Tax $0
Board [4d Ts Ac 9s 5h]
Seat 1: 85c9eef (big blind) won ($0.17)
Seat 2: 1452f08f folded on the River
Seat 3: d2dad0b folded before Flop (didn't bet)
Seat 4: d5868f33 folded before Flop (didn't bet)
Seat 5: ff00ae8f (button) folded on the River
Seat 6: Hero (small blind) folded before Flop


Poker Hand #HD1723130473: Hold'em No Limit ($0.02/$0.05) - 2024/04/09 20:27:31
Table 'NLHBlue20' 6-max Seat #4 is the button
Seat 1: 85c9eef ($5.68 in chips)
Seat 2: 1452f08f ($5.23 in chips)
Seat 3: d2dad0b ($11.05 in chips)
Seat 4: d5868f33 ($5 in chips)
Seat 5: ff00ae8f ($2.47 in chips)
Seat 6: Hero ($6.9 in chips)
ff00ae8f: posts small blind $0.02
Hero: posts big blind $0.05
*** HOLE CARDS ***
Dealt to 85c9eef 
Dealt to 1452f08f 
Dealt to d2dad0b 
Dealt to d5868f33 
Dealt to ff00ae8f 
Dealt to Hero [Jc 9s]
85c9eef: raises $0.08 to $0.13
1452f08f: folds
d2dad0b: folds
d5868f33: calls $0.13
ff00ae8f: folds
Hero: folds
*** FLOP *** [Td Ac 8s]
85c9eef: checks
d5868f33: bets $0.17
85c9eef: folds
Uncalled bet ($0.17) returned to d5868f33
*** SHOWDOWN ***
d5868f33 collected $0.32 from pot
*** SUMMARY ***
Total pot $0.33 | Rake $0.01 | Jackpot $0 | Bingo $0 | Fortune $0 | Tax $0
Board [Td Ac 8s]
Seat 1: 85c9eef folded on the Flop
Seat 2: 1452f08f folded before Flop (didn't bet)
Seat 3: d2dad0b folded before Flop (didn't bet)
Seat 4: d5868f33 (button) won ($0.32)
Seat 5: ff00ae8f (small blind) folded before Flop
Seat 6: Hero (big blind) folded before Flop


Poker Hand #HD1723130295: Hold'em No Limit ($0.02/$0.05) - 2024/04/09 20:26:27
Table 'NLHBlue20' 6-max Seat #3 is the button
Seat 1: 85c9eef ($5.68 in chips)
Seat 2: 1452f08f ($5.23 in chips)
Seat 3: d2dad0b ($10.41 in chips)
Seat 4: d5868f33 ($5 in chips)
Seat 5: ff00ae8f ($3.16 in chips)
Seat 6: Hero ($6.9 in chips)
d5868f33: posts small blind $0.02
ff00ae8f: posts big blind $0.05
*** HOLE CARDS ***
Dealt to 85c9eef 
Dealt to 1452f08f 
Dealt to d2dad0b 
Dealt to d5868f33 
Dealt to ff00ae8f 
Dealt to Hero [Qc 4h]
Hero: folds
85c9eef: folds
1452f08f: folds
d2dad0b: raises $0.15 to $0.2
d5868f33: folds
ff00ae8f: calls $0.15
*** FLOP *** [6h Td Qd]
ff00ae8f: checks
d2dad0b: bets $0.21
ff00ae8f: calls $0.21
*** TURN *** [6h Td Qd] [5s]
ff00ae8f: checks
d2dad0b: checks
*** RIVER *** [6h Td Qd 5s] [Ah]
ff00ae8f: checks
d2dad0b: bets $0.28
ff00ae8f: calls $0.28
d2dad0b: shows [Kc As] (Pair of Aces)
ff00ae8f: shows [Tc Jh] (Pair of Tens)
*** SHOWDOWN ***
d2dad0b collected $1.33 from pot
*** SUMMARY ***
Total pot $1.4 | Rake $0.07 | Jackpot $0 | Bingo $0 | Fortune $0 | Tax $0
Board [6h Td Qd 5s Ah]
Seat 1: 85c9eef folded before Flop (didn't bet)
Seat 2: 1452f08f folded before Flop (didn't bet)
Seat 3: d2dad0b (button) showed [Kc As] and won ($1.33) with Pair of Aces
Seat 4: d5868f33 (small blind) folded before Flop
Seat 5: ff00ae8f (big blind) showed [Tc Jh] and lost with Pair of Tens
Seat 6: Hero folded before Flop (didn't bet)


Poker Hand #HD1723130208: Hold'em No Limit ($0.02/$0.05) - 2024/04/09 20:25:48
Table 'NLHBlue20' 6-max Seat #2 is the button
Seat 1: 85c9eef ($5.68 in chips)
Seat 2: 1452f08f ($5.23 in chips)
Seat 3: d2dad0b ($10.09 in chips)
Seat 4: d5868f33 ($5 in chips)
Seat 5: ff00ae8f ($3.21 in chips)
Seat 6: Hero ($6.9 in chips)
d2dad0b: posts small blind $0.02
d5868f33: posts big blind $0.05
*** HOLE CARDS ***
Dealt to 85c9eef 
Dealt to 1452f08f 
Dealt to d2dad0b 
Dealt to d5868f33 
Dealt to ff00ae8f 
Dealt to Hero [Jd 2h]
ff00ae8f: calls $0.05
Hero: folds
85c9eef: folds
1452f08f: folds
d2dad0b: calls $0.03
d5868f33: checks
*** FLOP *** [Qd 6d 8c]
d2dad0b: bets $0.12
d5868f33: calls $0.12
ff00ae8f: folds
*** TURN *** [Qd 6d 8c] [Ac]
d2dad0b: bets $0.13
d5868f33: calls $0.13
*** RIVER *** [Qd 6d 8c Ac] [5s]
d2dad0b: bets $0.22
d5868f33: folds
Uncalled bet ($0.22) returned to d2dad0b
*** SHOWDOWN ***
d2dad0b collected $0.62 from pot
*** SUMMARY ***
Total pot $0.65 | Rake $0.03 | Jackpot $0 | Bingo $0 | Fortune $0 | Tax $0
Board [Qd 6d 8c Ac 5s]
Seat 1: 85c9eef folded before Flop (didn't bet)
Seat 2: 1452f08f (button) folded before Flop (didn't bet)
Seat 3: d2dad0b (small blind) won ($0.62)
Seat 4: d5868f33 (big blind) folded on the River
Seat 5: ff00ae8f folded on the Flop
Seat 6: Hero folded before Flop (didn't bet)


Poker Hand #HD1723130172: Hold'em No Limit ($0.02/$0.05) - 2024/04/09 20:25:35
Table 'NLHBlue20' 6-max Seat #1 is the button
Seat 1: 85c9eef ($5.68 in chips)
Seat 2: 1452f08f ($5.25 in chips)
Seat 3: d2dad0b ($10.07 in chips)
Seat 4: d5868f33 ($5 in chips)
Seat 5: ff00ae8f ($3.21 in chips)
Seat 6: Hero ($6.9 in chips)
1452f08f: posts small blind $0.02
d2dad0b: posts big blind $0.05
*** HOLE CARDS ***
Dealt to 85c9eef 
Dealt to 1452f08f 
Dealt to d2dad0b 
Dealt to d5868f33 
Dealt to ff00ae8f 
Dealt to Hero [3s Ad]
d5868f33: folds
ff00ae8f: folds
Hero: folds
85c9eef: folds
1452f08f: folds
Uncalled bet ($0.03) returned to d2dad0b
*** SHOWDOWN ***
d2dad0b collected $0.04 from pot
*** SUMMARY ***
Total pot $0.04 | Rake $0 | Jackpot $0 | Bingo $0 | Fortune $0 | Tax $0
Seat 1: 85c9eef (button) folded before Flop (didn't bet)
Seat 2: 1452f08f (small blind) folded before Flop
Seat 3: d2dad0b (big blind) collected ($0.04)
Seat 4: d5868f33 folded before Flop (didn't bet)
Seat 5: ff00ae8f folded before Flop (didn't bet)
Seat 6: Hero folded before Flop (didn't bet)


Poker Hand #HD1723130032: Hold'em No Limit ($0.02/$0.05) - 2024/04/09 20:24:40
Table 'NLHBlue20' 6-max Seat #6 is the button
Seat 1: 85c9eef ($5.73 in chips)
Seat 2: 1452f08f ($5 in chips)
Seat 3: d2dad0b ($10.07 in chips)
Seat 4: d5868f33 ($5 in chips)
Seat 5: ff00ae8f ($3.44 in chips)
Seat 6: Hero ($6.9 in chips)
85c9eef: posts small blind $0.02
1452f08f: posts big blind $0.05
ff00ae8f: posts big blind $0.05
ff00ae8f: posts missed blind $0.02
*** HOLE CARDS ***
Dealt to 85c9eef 
Dealt to 1452f08f 
Dealt to d2dad0b 
Dealt to d5868f33 
Dealt to ff00ae8f 
Dealt to Hero [Qs 8d]
d2dad0b: folds
d5868f33: folds
ff00ae8f: checks
Hero: folds
85c9eef: calls $0.03
1452f08f: checks
*** FLOP *** [Kh Qd Ad]
85c9eef: checks
1452f08f: bets $0.06
ff00ae8f: calls $0.06
85c9eef: folds
*** TURN *** [Kh Qd Ad] [Kd]
1452f08f: bets $0.1
ff00ae8f: calls $0.1
*** RIVER *** [Kh Qd Ad Kd] [Qh]
1452f08f: bets $0.17
ff00ae8f: folds
Uncalled bet ($0.17) returned to 1452f08f
*** SHOWDOWN ***
1452f08f collected $0.46 from pot
*** SUMMARY ***
Total pot $0.49 | Rake $0.03 | Jackpot $0 | Bingo $0 | Fortune $0 | Tax $0
Board [Kh Qd Ad Kd Qh]
Seat 1: 85c9eef (small blind) folded on the Flop
Seat 2: 1452f08f (big blind) won ($0.46)
Seat 3: d2dad0b folded before Flop (didn't bet)
Seat 4: d5868f33 folded before Flop (didn't bet)
Seat 5: ff00ae8f folded on the River
Seat 6: Hero (button) folded before Flop (didn't bet)


Poker Hand #HD1723129835: Hold'em No Limit ($0.02/$0.05) - 2024/04/09 20:23:25
Table 'NLHBlue20' 6-max Seat #4 is the button
Seat 1: 85c9eef ($5.78 in chips)
Seat 2: 1452f08f ($5 in chips)
Seat 3: d2dad0b ($12 in chips)
Seat 4: d5868f33 ($5.1 in chips)
Seat 6: Hero ($5.02 in chips)
Hero: posts small blind $0.02
85c9eef: posts big blind $0.05
*** HOLE CARDS ***
Dealt to 85c9eef 
Dealt to 1452f08f 
Dealt to d2dad0b 
Dealt to d5868f33 
Dealt to Hero [Ah Ad]
1452f08f: calls $0.05
d2dad0b: raises $0.05 to $0.1
d5868f33: calls $0.1
Hero: raises $0.4 to $0.5
85c9eef: folds
1452f08f: folds
d2dad0b: calls $0.4
d5868f33: folds
*** FLOP *** [2d Qh Qc]
Hero: bets $0.35
d2dad0b: raises $0.63 to $0.98
Hero: calls $0.63
*** TURN *** [2d Qh Qc] [6c]
Hero: checks
d2dad0b: bets $0.45
Hero: calls $0.45
*** RIVER *** [2d Qh Qc 6c] [Jc]
Hero: checks
d2dad0b: checks
Hero: shows [Ah Ad] (Pair of Aces and Pair of Queens)
d2dad0b: shows [As 6s] (Pair of Queens and Pair of Sixes)
*** SHOWDOWN ***
Hero collected $3.81 from pot
*** SUMMARY ***
Total pot $4.06 | Rake $0.2 | Jackpot $0.05 | Bingo $0 | Fortune $0 | Tax $0
Board [2d Qh Qc 6c Jc]
Seat 1: 85c9eef (big blind) folded before Flop
Seat 2: 1452f08f folded before Flop
Seat 3: d2dad0b showed [As 6s] and lost with Pair of Queens and Pair of Sixes
Seat 4: d5868f33 (button) folded before Flop
Seat 6: Hero (small blind) showed [Ah Ad] and won ($3.81) with Pair of Aces and Pair of Queens


Poker Hand #HD1723129788: Hold'em No Limit ($0.02/$0.05) - 2024/04/09 20:23:08
Table 'NLHBlue20' 6-max Seat #3 is the button
Seat 1: 85c9eef ($5.78 in chips)
Seat 2: 1452f08f ($5.03 in chips)
Seat 3: d2dad0b ($12 in chips)
Seat 4: d5868f33 ($5 in chips)
Seat 6: Hero ($5.07 in chips)
d5868f33: posts small blind $0.02
Hero: posts big blind $0.05
*** HOLE CARDS ***
Dealt to 85c9eef 
Dealt to 1452f08f 
Dealt to d2dad0b 
Dealt to d5868f33 
Dealt to Hero [Ts 6d]
85c9eef: folds
1452f08f: calls $0.05
d2dad0b: folds
d5868f33: raises $0.15 to $0.2
Hero: folds
1452f08f: folds
Uncalled bet ($0.15) returned to d5868f33
*** SHOWDOWN ***
d5868f33 collected $0.15 from pot
*** SUMMARY ***
Total pot $0.15 | Rake $0 | Jackpot $0 | Bingo $0 | Fortune $0 | Tax $0
Seat 1: 85c9eef folded before Flop (didn't bet)
Seat 2: 1452f08f folded before Flop
Seat 3: d2dad0b (button) folded before Flop (didn't bet)
Seat 4: d5868f33 (small blind) collected ($0.15)
Seat 6: Hero (big blind) folded before Flop


Poker Hand #HD1723129620: Hold'em No Limit ($0.02/$0.05) - 2024/04/09 20:22:03
Table 'NLHBlue20' 6-max Seat #2 is the button
Seat 1: 85c9eef ($5.78 in chips)
Seat 2: 1452f08f ($5.03 in chips)
Seat 3: d2dad0b ($9.5 in chips)
Seat 4: d5868f33 ($5 in chips)
Seat 5: ff00ae8f ($4 in chips)
Seat 6: Hero ($5.07 in chips)
d2dad0b: posts small blind $0.02
d5868f33: posts big blind $0.05
*** HOLE CARDS ***
Dealt to 85c9eef 
Dealt to 1452f08f 
Dealt to d2dad0b 
Dealt to d5868f33 
Dealt to ff00ae8f 
Dealt to Hero [As 9d]
ff00ae8f: calls $0.05
Hero: folds
85c9eef: folds
1452f08f: folds
d2dad0b: raises $0.12 to $0.17
d5868f33: raises $0.39 to $0.56
ff00ae8f: calls $0.51
d2dad0b: calls $0.39
*** FLOP *** [2s Ac Qc]
d2dad0b: checks
d5868f33: bets $0.84
ff00ae8f: folds
d2dad0b: raises $0.84 to $1.68
d5868f33: calls $0.84
*** TURN *** [2s Ac Qc] [5d]
d2dad0b: bets $2.52
d5868f33: folds
Uncalled bet ($2.52) returned to d2dad0b
*** SHOWDOWN ***
d2dad0b collected $4.74 from pot
*** SUMMARY ***
Total pot $5.04 | Rake $0.25 | Jackpot $0.05 | Bingo $0 | Fortune $0 | Tax $0
Board [2s Ac Qc 5d]
Seat 1: 85c9eef folded before Flop (didn't bet)
Seat 2: 1452f08f (button) folded before Flop (didn't bet)
Seat 3: d2dad0b (small blind) won ($4.74)
Seat 4: d5868f33 (big blind) folded on the Turn
Seat 5: ff00ae8f folded on the Flop
Seat 6: Hero folded before Flop (didn't bet)


Poker Hand #HD1723129452: Hold'em No Limit ($0.02/$0.05) - 2024/04/09 20:20:59
Table 'NLHBlue20' 6-max Seat #1 is the button
Seat 1: 85c9eef ($5.78 in chips)
Seat 2: 1452f08f ($5.08 in chips)
Seat 3: d2dad0b ($5 in chips)
Seat 4: d5868f33 ($5 in chips)
Seat 5: ff00ae8f ($9 in chips)
Seat 6: Hero ($5.07 in chips)
1452f08f: posts small blind $0.02
d2dad0b: posts big blind $0.05
*** HOLE CARDS ***
Dealt to 85c9eef 
Dealt to 1452f08f 
Dealt to d2dad0b 
Dealt to d5868f33 
Dealt to ff00ae8f 
Dealt to Hero [Ks 3d]
d5868f33: folds
ff00ae8f: calls $0.05
Hero: folds
85c9eef: folds
1452f08f: calls $0.03
d2dad0b: checks
*** FLOP *** [7d Jc 9d]
1452f08f: checks
d2dad0b: bets $0.8
ff00ae8f: calls $0.8
1452f08f: folds
*** TURN *** [7d Jc 9d] [Kc]
d2dad0b: bets $0.88
ff00ae8f: raises $7.27 to $8.15 and is all-in
d2dad0b: calls $3.27 and is all-in
Uncalled bet ($4) returned to ff00ae8f
ff00ae8f: shows [Kd 9c] (Pair of Kings and Pair of Nines)
d2dad0b: shows [8d Th] (Jacks-High Straight)
*** RIVER *** [7d Jc 9d Kc] [6s]
1452f08f: shows [Qc Ts] (Kings-High Straight)
*** SHOWDOWN ***
d2dad0b collected $9.5 from pot
*** SUMMARY ***
Total pot $10.05 | Rake $0.5 | Jackpot $0.05 | Bingo $0 | Fortune $0 | Tax $0
Board [7d Jc 9d Kc 6s]
Seat 1: 85c9eef (button) folded before Flop (didn't bet)
Seat 2: 1452f08f (small blind) folded on the Flop
Seat 3: d2dad0b (big blind) showed [8d Th] and won ($9.5) with Jacks-High Straight
Seat 4: d5868f33 folded before Flop (didn't bet)
Seat 5: ff00ae8f showed [Kd 9c] and lost with Pair of Kings and Pair of Nines
Seat 6: Hero folded before Flop (didn't bet)


Poker Hand #HD1723129410: Hold'em No Limit ($0.02/$0.05) - 2024/04/09 20:20:41
Table 'NLHBlue20' 6-max Seat #6 is the button
Seat 1: 85c9eef ($5.8 in chips)
Seat 2: 1452f08f ($5.13 in chips)
Seat 3: d2dad0b ($5 in chips)
Seat 4: d5868f33 ($5 in chips)
Seat 5: ff00ae8f ($9 in chips)
Seat 6: Hero ($5 in chips)
85c9eef: posts small blind $0.02
1452f08f: posts big blind $0.05
*** HOLE CARDS ***
Dealt to 85c9eef 
Dealt to 1452f08f 
Dealt to d2dad0b 
Dealt to d5868f33 
Dealt to ff00ae8f 
Dealt to Hero [9h 8h]
d2dad0b: folds
d5868f33: folds
ff00ae8f: folds
Hero: raises $0.08 to $0.13
85c9eef: folds
1452f08f: folds
Uncalled bet ($0.08) returned to Hero
*** SHOWDOWN ***
Hero collected $0.12 from pot
*** SUMMARY ***
Total pot $0.12 | Rake $0 | Jackpot $0 | Bingo $0 | Fortune $0 | Tax $0
Seat 1: 85c9eef (small blind) folded before Flop
Seat 2: 1452f08f (big blind) folded before Flop
Seat 3: d2dad0b folded before Flop (didn't bet)
Seat 4: d5868f33 folded before Flop (didn't bet)
Seat 5: ff00ae8f folded before Flop (didn't bet)
Seat 6: Hero (button) collected ($0.12)


Poker Hand #HD1723129334: Hold'em No Limit ($0.02/$0.05) - 2024/04/09 20:20:11
Table 'NLHBlue20' 6-max Seat #5 is the button
Seat 1: 85c9eef ($5.85 in chips)
Seat 2: 1452f08f ($5.18 in chips)
Seat 3: d2dad0b ($4.87 in chips)
Seat 4: d5868f33 ($5 in chips)
Seat 5: ff00ae8f ($8.88 in chips)
Seat 6: Hero ($5 in chips)
Hero: posts small blind $0.02
85c9eef: posts big blind $0.05
*** HOLE CARDS ***
Dealt to 85c9eef 
Dealt to 1452f08f 
Dealt to d2dad0b 
Dealt to d5868f33 
Dealt to ff00ae8f 
Dealt to Hero [3s Qd]
1452f08f: calls $0.05
d2dad0b: folds
d5868f33: folds
ff00ae8f: raises $0.05 to $0.1
Hero: folds
85c9eef: folds
1452f08f: folds
Uncalled bet ($0.05) returned to ff00ae8f
*** SHOWDOWN ***
ff00ae8f collected $0.17 from pot
*** SUMMARY ***
Total pot $0.17 | Rake $0 | Jackpot $0 | Bingo $0 | Fortune $0 | Tax $0
Seat 1: 85c9eef (big blind) folded before Flop
Seat 2: 1452f08f folded before Flop
Seat 3: d2dad0b folded before Flop (didn't bet)
Seat 4: d5868f33 folded before Flop (didn't bet)
Seat 5: ff00ae8f (button) collected ($0.17)
Seat 6: Hero (small blind) folded before Flop


Poker Hand #HD1723129203: Hold'em No Limit ($0.02/$0.05) - 2024/04/09 20:19:25
Table 'NLHBlue20' 6-max Seat #4 is the button
Seat 1: 85c9eef ($5.85 in chips)
Seat 2: 1452f08f ($5.18 in chips)
Seat 3: d2dad0b ($5 in chips)
Seat 4: d5868f33 ($5.22 in chips)
Seat 5: ff00ae8f ($8.01 in chips)
Seat 6: Hero ($5 in chips)
ff00ae8f: posts small blind $0.02
Hero: posts big blind $0.05
*** HOLE CARDS ***
Dealt to 85c9eef 
Dealt to 1452f08f 
Dealt to d2dad0b 
Dealt to d5868f33 
Dealt to ff00ae8f 
Dealt to Hero [5s 9d]
85c9eef: folds
1452f08f: folds
d2dad0b: raises $0.08 to $0.13
d5868f33: calls $0.13
ff00ae8f: raises $0.33 to $0.46
Hero: folds
d2dad0b: folds
d5868f33: calls $0.33
*** FLOP *** [3d Kh Qc]
ff00ae8f: checks
d5868f33: checks
*** TURN *** [3d Kh Qc] [9h]
ff00ae8f: bets $0.37
d5868f33: calls $0.37
*** RIVER *** [3d Kh Qc 9h] [2h]
ff00ae8f: bets $0.61
d5868f33: folds
Uncalled bet ($0.61) returned to ff00ae8f
*** SHOWDOWN ***
ff00ae8f collected $1.7 from pot
*** SUMMARY ***
Total pot $1.84 | Rake $0.09 | Jackpot $0.05 | Bingo $0 | Fortune $0 | Tax $0
Board [3d Kh Qc 9h 2h]
Seat 1: 85c9eef folded before Flop (didn't bet)
Seat 2: 1452f08f folded before Flop (didn't bet)
Seat 3: d2dad0b folded before Flop
Seat 4: d5868f33 (button) folded on the River
Seat 5: ff00ae8f (small blind) won ($1.7)
Seat 6: Hero (big blind) folded before Flop


Poker Hand #HD1723129094: Hold'em No Limit ($0.02/$0.05) - 2024/04/09 20:18:38
Table 'NLHBlue20' 6-max Seat #3 is the button
Seat 1: 85c9eef ($5.85 in chips)
Seat 2: 1452f08f ($5.37 in chips)
Seat 3: d2dad0b ($5 in chips)
Seat 4: d5868f33 ($5 in chips)
Seat 5: ff00ae8f ($8.06 in chips)
Seat 6: Hero ($5 in chips)
d5868f33: posts small blind $0.02
ff00ae8f: posts big blind $0.05
*** HOLE CARDS ***
Dealt to 85c9eef 
Dealt to 1452f08f 
Dealt to d2dad0b 
Dealt to d5868f33 
Dealt to ff00ae8f 
Dealt to Hero [3d 7c]
Hero: folds
85c9eef: folds
1452f08f: calls $0.05
d2dad0b: folds
d5868f33: calls $0.03
ff00ae8f: checks
*** FLOP *** [Ac Kc 4h]
d5868f33: checks
ff00ae8f: checks
1452f08f: bets $0.05
d5868f33: calls $0.05
ff00ae8f: folds
*** TURN *** [Ac Kc 4h] [As]
d5868f33: checks
1452f08f: bets $0.09
d5868f33: calls $0.09
*** RIVER *** [Ac Kc 4h As] [Jc]
d5868f33: checks
1452f08f: checks
d5868f33: shows [Ad 2s] (Three Aces)
1452f08f: shows [Ks Jd] (Pair of Aces and Pair of Kings)
*** SHOWDOWN ***
d5868f33 collected $0.41 from pot
*** SUMMARY ***
Total pot $0.43 | Rake $0.02 | Jackpot $0 | Bingo $0 | Fortune $0 | Tax $0
Board [Ac Kc 4h As Jc]
Seat 1: 85c9eef folded before Flop (didn't bet)
Seat 2: 1452f08f showed [Ks Jd] and lost with Pair of Aces and Pair of Kings
Seat 3: d2dad0b (button) folded before Flop (didn't bet)
Seat 4: d5868f33 (small blind) showed [Ad 2s] and won ($0.41) with Three Aces
Seat 5: ff00ae8f (big blind) folded on the Flop
Seat 6: Hero folded before Flop (didn't bet)


Poker Hand #HD1723129014: Hold'em No Limit ($0.02/$0.05) - 2024/04/09 20:18:08
Table 'NLHBlue20' 6-max Seat #2 is the button
Seat 1: 85c9eef ($5.85 in chips)
Seat 2: 1452f08f ($5.37 in chips)
Seat 3: d2dad0b ($5.02 in chips)
Seat 4: d5868f33 ($5.31 in chips)
Seat 5: ff00ae8f ($7.72 in chips)
Seat 6: Hero ($5 in chips)
d2dad0b: posts small blind $0.02
d5868f33: posts big blind $0.05
*** HOLE CARDS ***
Dealt to 85c9eef 
Dealt to 1452f08f 
Dealt to d2dad0b 
Dealt to d5868f33 
Dealt to ff00ae8f 
Dealt to Hero [Qd Jh]
ff00ae8f: calls $0.05
Hero: folds
85c9eef: folds
1452f08f: folds
d2dad0b: folds
d5868f33: checks
*** FLOP *** [8h 2h Qc]
d5868f33: checks
ff00ae8f: bets $0.06
d5868f33: calls $0.06
*** TURN *** [8h 2h Qc] [4c]
d5868f33: checks
ff00ae8f: bets $0.24
d5868f33: calls $0.24
*** RIVER *** [8h 2h Qc 4c] [8s]
d5868f33: checks
ff00ae8f: checks
d5868f33: shows [Kd 2c] (Pair of Eights and Pair of Twos)
ff00ae8f: shows [Qh Td] (Pair of Queens and Pair of Eights)
*** SHOWDOWN ***
ff00ae8f collected $0.69 from pot
*** SUMMARY ***
Total pot $0.72 | Rake $0.03 | Jackpot $0 | Bingo $0 | Fortune $0 | Tax $0
Board [8h 2h Qc 4c 8s]
Seat 1: 85c9eef folded before Flop (didn't bet)
Seat 2: 1452f08f (button) folded before Flop (didn't bet)
Seat 3: d2dad0b (small blind) folded before Flop
Seat 4: d5868f33 (big blind) showed [Kd 2c] and lost with Pair of Eights and Pair of Twos
Seat 5: ff00ae8f showed [Qh Td] and won ($0.69) with Pair of Queens and Pair of Eights
Seat 6: Hero folded before Flop (didn't bet)


Poker Hand #HD1723128980: Hold'em No Limit ($0.02/$0.05) - 2024/04/09 20:17:51
Table 'NLHBlue20' 6-max Seat #1 is the button
Seat 1: 85c9eef ($5.85 in chips)
Seat 2: 1452f08f ($5.39 in chips)
Seat 3: d2dad0b ($5 in chips)
Seat 4: d5868f33 ($5.31 in chips)
Seat 5: ff00ae8f ($7.72 in chips)
Seat 6: Hero ($5 in chips)
1452f08f: posts small blind $0.02
d2dad0b: posts big blind $0.05
*** HOLE CARDS ***
Dealt to 85c9eef 
Dealt to 1452f08f 
Dealt to d2dad0b 
Dealt to d5868f33 
Dealt to ff00ae8f 
Dealt to Hero [2d Ks]
d5868f33: folds
ff00ae8f: folds
Hero: folds
85c9eef: folds
1452f08f: folds
Uncalled bet ($0.03) returned to d2dad0b
*** SHOWDOWN ***
d2dad0b collected $0.04 from pot
*** SUMMARY ***
Total pot $0.04 | Rake $0 | Jackpot $0 | Bingo $0 | Fortune $0 | Tax $0
Seat 1: 85c9eef (button) folded before Flop (didn't bet)
Seat 2: 1452f08f (small blind) folded before Flop
Seat 3: d2dad0b (big blind) collected ($0.04)
Seat 4: d5868f33 folded before Flop (didn't bet)
Seat 5: ff00ae8f folded before Flop (didn't bet)
Seat 6: Hero folded before Flop (didn't bet)


Poker Hand #HD1723128919: Hold'em No Limit ($0.02/$0.05) - 2024/04/09 20:17:28
Table 'NLHBlue20' 6-max Seat #6 is the button
Seat 1: 85c9eef ($5.87 in chips)
Seat 2: 1452f08f ($5.19 in chips)
Seat 4: d5868f33 ($5.31 in chips)
Seat 5: ff00ae8f ($7.92 in chips)
Seat 6: Hero ($5 in chips)
85c9eef: posts small blind $0.02
1452f08f: posts big blind $0.05
*** HOLE CARDS ***
Dealt to 85c9eef 
Dealt to 1452f08f 
Dealt to d5868f33 
Dealt to ff00ae8f 
Dealt to Hero [Ts 5s]
d5868f33: folds
ff00ae8f: raises $0.15 to $0.2
Hero: folds
85c9eef: folds
1452f08f: raises $4.99 to $5.19 and is all-in
ff00ae8f: folds
Uncalled bet ($4.99) returned to 1452f08f
*** SHOWDOWN ***
1452f08f collected $0.4 from pot
*** SUMMARY ***
Total pot $0.42 | Rake $0.02 | Jackpot $0 | Bingo $0 | Fortune $0 | Tax $0
Seat 1: 85c9eef (small blind) folded before Flop
Seat 2: 1452f08f (big blind) collected ($0.4)
Seat 4: d5868f33 folded before Flop (didn't bet)
Seat 5: ff00ae8f folded before Flop
Seat 6: Hero (button) folded before Flop (didn't bet)


Poker Hand #HD1723128820: Hold'em No Limit ($0.02/$0.05) - 2024/04/09 20:16:47
Table 'NLHBlue20' 6-max Seat #5 is the button
Seat 1: 85c9eef ($5.92 in chips)
Seat 2: 1452f08f ($5.19 in chips)
Seat 4: d5868f33 ($5.31 in chips)
Seat 5: ff00ae8f ($7.85 in chips)
Seat 6: Hero ($5 in chips)
Hero: posts small blind $0.02
85c9eef: posts big blind $0.05
*** HOLE CARDS ***
Dealt to 85c9eef 
Dealt to 1452f08f 
Dealt to d5868f33 
Dealt to ff00ae8f 
Dealt to Hero [8d 5c]
1452f08f: folds
d5868f33: folds
ff00ae8f: calls $0.05
Hero: folds
85c9eef: checks
*** FLOP *** [6s 9c Js]
85c9eef: checks
ff00ae8f: checks
*** TURN *** [6s 9c Js] [7h]
85c9eef: checks
ff00ae8f: bets $0.09
85c9eef: folds
Uncalled bet ($0.09) returned to ff00ae8f
*** SHOWDOWN ***
ff00ae8f collected $0.12 from pot
*** SUMMARY ***
Total pot $0.12 | Rake $0 | Jackpot $0 | Bingo $0 | Fortune $0 | Tax $0
Board [6s 9c Js 7h]
Seat 1: 85c9eef (big blind) folded on the Turn
Seat 2: 1452f08f folded before Flop (didn't bet)
Seat 4: d5868f33 folded before Flop (didn't bet)
Seat 5: ff00ae8f (button) won ($0.12)
Seat 6: Hero (small blind) folded before Flop


Poker Hand #HD1723128666: Hold'em No Limit ($0.02/$0.05) - 2024/04/09 20:15:42
Table 'NLHBlue20' 6-max Seat #4 is the button
Seat 1: 85c9eef ($5.92 in chips)
Seat 2: 1452f08f ($5.19 in chips)
Seat 3: 8c96d2e0 ($9.5 in chips)
Seat 4: d5868f33 ($5.31 in chips)
Seat 5: ff00ae8f ($7.06 in chips)
Seat 6: Hero ($5.02 in chips)
ff00ae8f: posts small blind $0.02
Hero: posts big blind $0.05
*** HOLE CARDS ***
Dealt to 85c9eef 
Dealt to 1452f08f 
Dealt to 8c96d2e0 
Dealt to d5868f33 
Dealt to ff00ae8f 
Dealt to Hero [8c Qd]
85c9eef: folds
1452f08f: folds
8c96d2e0: folds
d5868f33: folds
ff00ae8f: calls $0.03
Hero: checks
*** FLOP *** [7d 8d 2s]
ff00ae8f: bets $0.08
Hero: calls $0.08
*** TURN *** [7d 8d 2s] [Qs]
ff00ae8f: bets $0.2
Hero: raises $0.6 to $0.8
ff00ae8f: calls $0.6
*** RIVER *** [7d 8d 2s Qs] [2d]
ff00ae8f: checks
Hero: checks
ff00ae8f: shows [6d Td] (Ten High Flush)
Hero: shows [8c Qd] (Pair of Queens and Pair of Eights)
*** SHOWDOWN ***
ff00ae8f collected $1.72 from pot
*** SUMMARY ***
Total pot $1.86 | Rake $0.09 | Jackpot $0.05 | Bingo $0 | Fortune $0 | Tax $0
Board [7d 8d 2s Qs 2d]
Seat 1: 85c9eef folded before Flop (didn't bet)
Seat 2: 1452f08f folded before Flop (didn't bet)
Seat 3: 8c96d2e0 folded before Flop (didn't bet)
Seat 4: d5868f33 (button) folded before Flop (didn't bet)
Seat 5: ff00ae8f (small blind) showed [6d Td] and won ($1.72) with Ten High Flush
Seat 6: Hero (big blind) showed [8c Qd] and lost with Pair of Queens and Pair of Eights


Poker Hand #HD1723128592: Hold'em No Limit ($0.02/$0.05) - 2024/04/09 20:15:09
Table 'NLHBlue20' 6-max Seat #3 is the button
Seat 1: 85c9eef ($5.92 in chips)
Seat 2: 1452f08f ($5.12 in chips)
Seat 3: 8c96d2e0 ($9.5 in chips)
Seat 4: d5868f33 ($5.33 in chips)
Seat 5: ff00ae8f ($7.11 in chips)
Seat 6: Hero ($5.02 in chips)
d5868f33: posts small blind $0.02
ff00ae8f: posts big blind $0.05
*** HOLE CARDS ***
Dealt to 85c9eef 
Dealt to 1452f08f 
Dealt to 8c96d2e0 
Dealt to d5868f33 
Dealt to ff00ae8f 
Dealt to Hero [9c Ah]
Hero: folds
85c9eef: folds
1452f08f: calls $0.05
8c96d2e0: folds
d5868f33: folds
ff00ae8f: checks
*** FLOP *** [3s Th Ts]
ff00ae8f: checks
1452f08f: checks
*** TURN *** [3s Th Ts] [3h]
ff00ae8f: checks
1452f08f: bets $0.06
ff00ae8f: folds
Uncalled bet ($0.06) returned to 1452f08f
*** SHOWDOWN ***
1452f08f collected $0.12 from pot
*** SUMMARY ***
Total pot $0.12 | Rake $0 | Jackpot $0 | Bingo $0 | Fortune $0 | Tax $0
Board [3s Th Ts 3h]
Seat 1: 85c9eef folded before Flop (didn't bet)
Seat 2: 1452f08f won ($0.12)
Seat 3: 8c96d2e0 (button) folded before Flop (didn't bet)
Seat 4: d5868f33 (small blind) folded before Flop
Seat 5: ff00ae8f (big blind) folded on the Turn
Seat 6: Hero folded before Flop (didn't bet)


Poker Hand #HD1723128529: Hold'em No Limit ($0.02/$0.05) - 2024/04/09 20:14:46
Table 'NLHBlue20' 6-max Seat #2 is the button
Seat 1: 85c9eef ($5.92 in chips)
Seat 2: 1452f08f ($5.12 in chips)
Seat 3: 8c96d2e0 ($9.52 in chips)
Seat 4: d5868f33 ($5.26 in chips)
Seat 5: ff00ae8f ($7.16 in chips)
Seat 6: Hero ($5.02 in chips)
8c96d2e0: posts small blind $0.02
d5868f33: posts big blind $0.05
*** HOLE CARDS ***
Dealt to 85c9eef 
Dealt to 1452f08f 
Dealt to 8c96d2e0 
Dealt to d5868f33 
Dealt to ff00ae8f 
Dealt to Hero [Ac Th]
ff00ae8f: calls $0.05
Hero: folds
85c9eef: folds
1452f08f: folds
8c96d2e0: folds
d5868f33: checks
*** FLOP *** [5h Kd 9h]
d5868f33: checks
ff00ae8f: checks
*** TURN *** [5h Kd 9h] [6s]
d5868f33: bets $0.1
ff00ae8f: folds
Uncalled bet ($0.1) returned to d5868f33
*** SHOWDOWN ***
d5868f33 collected $0.12 from pot
*** SUMMARY ***
Total pot $0.12 | Rake $0 | Jackpot $0 | Bingo $0 | Fortune $0 | Tax $0
Board [5h Kd 9h 6s]
Seat 1: 85c9eef folded before Flop (didn't bet)
Seat 2: 1452f08f (button) folded before Flop (didn't bet)
Seat 3: 8c96d2e0 (small blind) folded before Flop
Seat 4: d5868f33 (big blind) won ($0.12)
Seat 5: ff00ae8f folded on the Turn
Seat 6: Hero folded before Flop (didn't bet)


Poker Hand #HD1723128493: Hold'em No Limit ($0.02/$0.05) - 2024/04/09 20:14:33
Table 'NLHBlue20' 6-max Seat #1 is the button
Seat 1: 85c9eef ($5.92 in chips)
Seat 2: 1452f08f ($5.14 in chips)
Seat 3: 8c96d2e0 ($9.57 in chips)
Seat 4: d5868f33 ($5.19 in chips)
Seat 5: ff00ae8f ($7.16 in chips)
Seat 6: Hero ($5.02 in chips)
1452f08f: posts small blind $0.02
8c96d2e0: posts big blind $0.05
*** HOLE CARDS ***
Dealt to 85c9eef 
Dealt to 1452f08f 
Dealt to 8c96d2e0 
Dealt to d5868f33 
Dealt to ff00ae8f 
Dealt to Hero [2s Ts]
d5868f33: raises $0.08 to $0.13
ff00ae8f: folds
Hero: folds
85c9eef: folds
1452f08f: folds
8c96d2e0: folds
Uncalled bet ($0.08) returned to d5868f33
*** SHOWDOWN ***
d5868f33 collected $0.12 from pot
*** SUMMARY ***
Total pot $0.12 | Rake $0 | Jackpot $0 | Bingo $0 | Fortune $0 | Tax $0
Seat 1: 85c9eef (button) folded before Flop (didn't bet)
Seat 2: 1452f08f (small blind) folded before Flop
Seat 3: 8c96d2e0 (big blind) folded before Flop
Seat 4: d5868f33 collected ($0.12)
Seat 5: ff00ae8f folded before Flop (didn't bet)
Seat 6: Hero folded before Flop (didn't bet)


Poker Hand #HD1723128422: Hold'em No Limit ($0.02/$0.05) - 2024/04/09 20:14:05
Table 'NLHBlue20' 6-max Seat #6 is the button
Seat 1: 85c9eef ($5.94 in chips)
Seat 2: 1452f08f ($5.19 in chips)
Seat 3: 8c96d2e0 ($9.57 in chips)
Seat 4: d5868f33 ($5 in chips)
Seat 5: ff00ae8f ($7.29 in chips)
Seat 6: Hero ($5.02 in chips)
85c9eef: posts small blind $0.02
1452f08f: posts big blind $0.05
*** HOLE CARDS ***
Dealt to 85c9eef 
Dealt to 1452f08f 
Dealt to 8c96d2e0 
Dealt to d5868f33 
Dealt to ff00ae8f 
Dealt to Hero [Kc 6d]
8c96d2e0: folds
d5868f33: raises $0.08 to $0.13
ff00ae8f: calls $0.13
Hero: folds
85c9eef: folds
1452f08f: folds
*** FLOP *** [Ah 3h 8h]
d5868f33: bets $0.17
ff00ae8f: folds
Uncalled bet ($0.17) returned to d5868f33
*** SHOWDOWN ***
d5868f33 collected $0.32 from pot
*** SUMMARY ***
Total pot $0.33 | Rake $0.01 | Jackpot $0 | Bingo $0 | Fortune $0 | Tax $0
Board [Ah 3h 8h]
Seat 1: 85c9eef (small blind) folded before Flop
Seat 2: 1452f08f (big blind) folded before Flop
Seat 3: 8c96d2e0 folded before Flop (didn't bet)
Seat 4: d5868f33 won ($0.32)
Seat 5: ff00ae8f folded on the Flop
Seat 6: Hero (button) folded before Flop (didn't bet)


Poker Hand #HD1723128402: Hold'em No Limit ($0.02/$0.05) - 2024/04/09 20:13:57
Table 'NLHBlue20' 6-max Seat #5 is the button
Seat 1: 85c9eef ($5.92 in chips)
Seat 2: 1452f08f ($5.19 in chips)
Seat 3: 8c96d2e0 ($9.57 in chips)
Seat 4: d5868f33 ($5 in chips)
Seat 5: ff00ae8f ($7.29 in chips)
Seat 6: Hero ($5.04 in chips)
Hero: posts small blind $0.02
85c9eef: posts big blind $0.05
*** HOLE CARDS ***
Dealt to 85c9eef 
Dealt to 1452f08f 
Dealt to 8c96d2e0 
Dealt to d5868f33 
Dealt to ff00ae8f 
Dealt to Hero [2s Qc]
1452f08f: folds
8c96d2e0: folds
d5868f33: folds
ff00ae8f: folds
Hero: folds
Uncalled bet ($0.03) returned to 85c9eef
*** SHOWDOWN ***
85c9eef collected $0.04 from pot
*** SUMMARY ***
Total pot $0.04 | Rake $0 | Jackpot $0 | Bingo $0 | Fortune $0 | Tax $0
Seat 1: 85c9eef (big blind) collected ($0.04)
Seat 2: 1452f08f folded before Flop (didn't bet)
Seat 3: 8c96d2e0 folded before Flop (didn't bet)
Seat 4: d5868f33 folded before Flop (didn't bet)
Seat 5: ff00ae8f (button) folded before Flop (didn't bet)
Seat 6: Hero (small blind) folded before Flop


Poker Hand #HD1723128373: Hold'em No Limit ($0.02/$0.05) - 2024/04/09 20:13:46
Table 'NLHBlue20' 6-max Seat #4 is the button
Seat 1: 85c9eef ($5.85 in chips)
Seat 2: 1452f08f ($5.19 in chips)
Seat 3: 8c96d2e0 ($9.57 in chips)
Seat 4: d5868f33 ($5 in chips)
Seat 5: ff00ae8f ($7.31 in chips)
Seat 6: Hero ($5.09 in chips)
ff00ae8f: posts small blind $0.02
Hero: posts big blind $0.05
*** HOLE CARDS ***
Dealt to 85c9eef 
Dealt to 1452f08f 
Dealt to 8c96d2e0 
Dealt to d5868f33 
Dealt to ff00ae8f 
Dealt to Hero [Th 2s]
85c9eef: raises $0.08 to $0.13
1452f08f: folds
8c96d2e0: folds
d5868f33: folds
ff00ae8f: folds
Hero: folds
Uncalled bet ($0.08) returned to 85c9eef
*** SHOWDOWN ***
85c9eef collected $0.12 from pot
*** SUMMARY ***
Total pot $0.12 | Rake $0 | Jackpot $0 | Bingo $0 | Fortune $0 | Tax $0
Seat 1: 85c9eef collected ($0.12)
Seat 2: 1452f08f folded before Flop (didn't bet)
Seat 3: 8c96d2e0 folded before Flop (didn't bet)
Seat 4: d5868f33 (button) folded before Flop (didn't bet)
Seat 5: ff00ae8f (small blind) folded before Flop
Seat 6: Hero (big blind) folded before Flop


Poker Hand #HD1723128312: Hold'em No Limit ($0.02/$0.05) - 2024/04/09 20:13:26
Table 'NLHBlue20' 6-max Seat #3 is the button
Seat 1: 85c9eef ($5.85 in chips)
Seat 2: 1452f08f ($5.19 in chips)
Seat 3: 8c96d2e0 ($9.5 in chips)
Seat 4: d5868f33 ($5.01 in chips)
Seat 5: ff00ae8f ($7.36 in chips)
Seat 6: Hero ($5.09 in chips)
d5868f33: posts small blind $0.02
ff00ae8f: posts big blind $0.05
*** HOLE CARDS ***
Dealt to 85c9eef 
Dealt to 1452f08f 
Dealt to 8c96d2e0 
Dealt to d5868f33 
Dealt to ff00ae8f 
Dealt to Hero [Qh 4c]
Hero: folds
85c9eef: folds
1452f08f: folds
8c96d2e0: raises $0.1 to $0.15
d5868f33: folds
ff00ae8f: folds
Uncalled bet ($0.1) returned to 8c96d2e0
*** SHOWDOWN ***
8c96d2e0 collected $0.12 from pot
*** SUMMARY ***
Total pot $0.12 | Rake $0 | Jackpot $0 | Bingo $0 | Fortune $0 | Tax $0
Seat 1: 85c9eef folded before Flop (didn't bet)
Seat 2: 1452f08f folded before Flop (didn't bet)
Seat 3: 8c96d2e0 (button) collected ($0.12)
Seat 4: d5868f33 (small blind) folded before Flop
Seat 5: ff00ae8f (big blind) folded before Flop
Seat 6: Hero folded before Flop (didn't bet)


Poker Hand #HD1723128204: Hold'em No Limit ($0.02/$0.05) - 2024/04/09 20:12:50
Table 'NLHBlue20' 6-max Seat #2 is the button
Seat 1: 85c9eef ($5.85 in chips)
Seat 2: 1452f08f ($5.12 in chips)
Seat 3: 8c96d2e0 ($9.52 in chips)
Seat 4: d5868f33 ($5.06 in chips)
Seat 5: ff00ae8f ($7.36 in chips)
Seat 6: Hero ($5.09 in chips)
8c96d2e0: posts small blind $0.02
d5868f33: posts big blind $0.05
*** HOLE CARDS ***
Dealt to 85c9eef 
Dealt to 1452f08f 
Dealt to 8c96d2e0 
Dealt to d5868f33 
Dealt to ff00ae8f 
Dealt to Hero [7h 3c]
ff00ae8f: folds
Hero: folds
85c9eef: folds
1452f08f: calls $0.05
8c96d2e0: folds
d5868f33: checks
*** FLOP *** [4d Qc 4h]
d5868f33: checks
1452f08f: checks
*** TURN *** [4d Qc 4h] [Ac]
d5868f33: checks
1452f08f: bets $0.06
d5868f33: folds
Uncalled bet ($0.06) returned to 1452f08f
*** SHOWDOWN ***
1452f08f collected $0.12 from pot
*** SUMMARY ***
Total pot $0.12 | Rake $0 | Jackpot $0 | Bingo $0 | Fortune $0 | Tax $0
Board [4d Qc 4h Ac]
Seat 1: 85c9eef folded before Flop (didn't bet)
Seat 2: 1452f08f (button) won ($0.12)
Seat 3: 8c96d2e0 (small blind) folded before Flop
Seat 4: d5868f33 (big blind) folded on the Turn
Seat 5: ff00ae8f folded before Flop (didn't bet)
Seat 6: Hero folded before Flop (didn't bet)


Poker Hand #HD1723128036: Hold'em No Limit ($0.02/$0.05) - 2024/04/09 20:11:47
Table 'NLHBlue20' 6-max Seat #1 is the button
Seat 1: 85c9eef ($5.99 in chips)
Seat 2: 1452f08f ($5.14 in chips)
Seat 3: 8c96d2e0 ($9.57 in chips)
Seat 4: d5868f33 ($5.06 in chips)
Seat 5: ff00ae8f ($7.16 in chips)
Seat 6: Hero ($5.09 in chips)
1452f08f: posts small blind $0.02
8c96d2e0: posts big blind $0.05
*** HOLE CARDS ***
Dealt to 85c9eef 
Dealt to 1452f08f 
Dealt to 8c96d2e0 
Dealt to d5868f33 
Dealt to ff00ae8f 
Dealt to Hero [Tc 7c]
d5868f33: folds
ff00ae8f: calls $0.05
Hero: folds
85c9eef: raises $0.09 to $0.14
1452f08f: folds
8c96d2e0: folds
ff00ae8f: calls $0.09
*** FLOP *** [9h 5h Qs]
ff00ae8f: checks
85c9eef: checks
*** TURN *** [9h 5h Qs] [2d]
ff00ae8f: checks
85c9eef: checks
*** RIVER *** [9h 5h Qs 2d] [2h]
ff00ae8f: bets $0.18
85c9eef: folds
Uncalled bet ($0.18) returned to ff00ae8f
*** SHOWDOWN ***
ff00ae8f collected $0.34 from pot
*** SUMMARY ***
Total pot $0.35 | Rake $0.01 | Jackpot $0 | Bingo $0 | Fortune $0 | Tax $0
Board [9h 5h Qs 2d 2h]
Seat 1: 85c9eef (button) folded on the River
Seat 2: 1452f08f (small blind) folded before Flop
Seat 3: 8c96d2e0 (big blind) folded before Flop
Seat 4: d5868f33 folded before Flop (didn't bet)
Seat 5: ff00ae8f won ($0.34)
Seat 6: Hero folded before Flop (didn't bet)


Poker Hand #HD1723128014: Hold'em No Limit ($0.02/$0.05) - 2024/04/09 20:11:38
Table 'NLHBlue20' 6-max Seat #6 is the button
Seat 1: 85c9eef ($6.01 in chips)
Seat 2: 1452f08f ($5.12 in chips)
Seat 3: 8c96d2e0 ($9.57 in chips)
Seat 4: d5868f33 ($5.06 in chips)
Seat 5: ff00ae8f ($7.16 in chips)
Seat 6: Hero ($5.09 in chips)
85c9eef: posts small blind $0.02
1452f08f: posts big blind $0.05
*** HOLE CARDS ***
Dealt to 85c9eef 
Dealt to 1452f08f 
Dealt to 8c96d2e0 
Dealt to d5868f33 
Dealt to ff00ae8f 
Dealt to Hero [9h 3c]
8c96d2e0: folds
d5868f33: folds
ff00ae8f: folds
Hero: folds
85c9eef: folds
Uncalled bet ($0.03) returned to 1452f08f
*** SHOWDOWN ***
1452f08f collected $0.04 from pot
*** SUMMARY ***
Total pot $0.04 | Rake $0 | Jackpot $0 | Bingo $0 | Fortune $0 | Tax $0
Seat 1: 85c9eef (small blind) folded before Flop
Seat 2: 1452f08f (big blind) collected ($0.04)
Seat 3: 8c96d2e0 folded before Flop (didn't bet)
Seat 4: d5868f33 folded before Flop (didn't bet)
Seat 5: ff00ae8f folded before Flop (didn't bet)
Seat 6: Hero (button) folded before Flop (didn't bet)


Poker Hand #HD1723127926: Hold'em No Limit ($0.02/$0.05) - 2024/04/09 20:11:05
Table 'NLHBlue20' 6-max Seat #5 is the button
Seat 1: 85c9eef ($6.06 in chips)
Seat 2: 1452f08f ($5.12 in chips)
Seat 3: 8c96d2e0 ($10.09 in chips)
Seat 4: d5868f33 ($5.06 in chips)
Seat 5: ff00ae8f ($6.62 in chips)
Seat 6: Hero ($5.11 in chips)
Hero: posts small blind $0.02
85c9eef: posts big blind $0.05
*** HOLE CARDS ***
Dealt to 85c9eef 
Dealt to 1452f08f 
Dealt to 8c96d2e0 
Dealt to d5868f33 
Dealt to ff00ae8f 
Dealt to Hero [6d As]
1452f08f: folds
8c96d2e0: raises $0.08 to $0.13
d5868f33: folds
ff00ae8f: calls $0.13
Hero: folds
85c9eef: folds
*** FLOP *** [8s Th 3s]
8c96d2e0: bets $0.11
ff00ae8f: calls $0.11
*** TURN *** [8s Th 3s] [9h]
8c96d2e0: checks
ff00ae8f: bets $0.28
8c96d2e0: calls $0.28
*** RIVER *** [8s Th 3s 9h] [3c]
8c96d2e0: checks
ff00ae8f: checks
8c96d2e0: shows [Ad Qs] (Pair of Treys)
ff00ae8f: shows [7s 9s] (Pair of Nines and Pair of Treys)
*** SHOWDOWN ***
ff00ae8f collected $1.06 from pot
*** SUMMARY ***
Total pot $1.11 | Rake $0.05 | Jackpot $0 | Bingo $0 | Fortune $0 | Tax $0
Board [8s Th 3s 9h 3c]
Seat 1: 85c9eef (big blind) folded before Flop
Seat 2: 1452f08f folded before Flop (didn't bet)
Seat 3: 8c96d2e0 showed [Ad Qs] and lost with Pair of Treys
Seat 4: d5868f33 folded before Flop (didn't bet)
Seat 5: ff00ae8f (button) showed [7s 9s] and won ($1.06) with Pair of Nines and Pair of Treys
Seat 6: Hero (small blind) folded before Flop


Poker Hand #HD1723127873: Hold'em No Limit ($0.02/$0.05) - 2024/04/09 20:10:46
Table 'NLHBlue20' 6-max Seat #4 is the button
Seat 1: 85c9eef ($6.06 in chips)
Seat 2: 1452f08f ($5.12 in chips)
Seat 3: 8c96d2e0 ($10.09 in chips)
Seat 4: d5868f33 ($5.06 in chips)
Seat 5: ff00ae8f ($6.57 in chips)
Seat 6: Hero ($5.16 in chips)
ff00ae8f: posts small blind $0.02
Hero: posts big blind $0.05
*** HOLE CARDS ***
Dealt to 85c9eef 
Dealt to 1452f08f 
Dealt to 8c96d2e0 
Dealt to d5868f33 
Dealt to ff00ae8f 
Dealt to Hero [Kd 2d]
85c9eef: folds
1452f08f: folds
8c96d2e0: folds
d5868f33: folds
ff00ae8f: calls $0.03
Hero: checks
*** FLOP *** [Qc 6d 4h]
ff00ae8f: checks
Hero: checks
*** TURN *** [Qc 6d 4h] [As]
ff00ae8f: bets $0.08
Hero: folds
Uncalled bet ($0.08) returned to ff00ae8f
*** SHOWDOWN ***
ff00ae8f collected $0.1 from pot
*** SUMMARY ***
Total pot $0.1 | Rake $0 | Jackpot $0 | Bingo $0 | Fortune $0 | Tax $0
Board [Qc 6d 4h As]
Seat 1: 85c9eef folded before Flop (didn't bet)
Seat 2: 1452f08f folded before Flop (didn't bet)
Seat 3: 8c96d2e0 folded before Flop (didn't bet)
Seat 4: d5868f33 (button) folded before Flop (didn't bet)
Seat 5: ff00ae8f (small blind) won ($0.1)
Seat 6: Hero (big blind) folded on the Turn


Poker Hand #HD1723127845: Hold'em No Limit ($0.02/$0.05) - 2024/04/09 20:10:34
Table 'NLHBlue20' 6-max Seat #3 is the button
Seat 1: 85c9eef ($6.06 in chips)
Seat 2: 1452f08f ($5.12 in chips)
Seat 3: 8c96d2e0 ($10.09 in chips)
Seat 4: d5868f33 ($5.08 in chips)
Seat 5: ff00ae8f ($6.55 in chips)
Seat 6: Hero ($5.16 in chips)
d5868f33: posts small blind $0.02
ff00ae8f: posts big blind $0.05
*** HOLE CARDS ***
Dealt to 85c9eef 
Dealt to 1452f08f 
Dealt to 8c96d2e0 
Dealt to d5868f33 
Dealt to ff00ae8f 
Dealt to Hero [8d 3h]
Hero: folds
85c9eef: folds
1452f08f: folds
8c96d2e0: folds
d5868f33: folds
Uncalled bet ($0.03) returned to ff00ae8f
*** SHOWDOWN ***
ff00ae8f collected $0.04 from pot
*** SUMMARY ***
Total pot $0.04 | Rake $0 | Jackpot $0 | Bingo $0 | Fortune $0 | Tax $0
Seat 1: 85c9eef folded before Flop (didn't bet)
Seat 2: 1452f08f folded before Flop (didn't bet)
Seat 3: 8c96d2e0 (button) folded before Flop (didn't bet)
Seat 4: d5868f33 (small blind) folded before Flop
Seat 5: ff00ae8f (big blind) collected ($0.04)
Seat 6: Hero folded before Flop (didn't bet)


Poker Hand #HD1723127816: Hold'em No Limit ($0.02/$0.05) - 2024/04/09 20:10:25
Table 'NLHBlue20' 6-max Seat #2 is the button
Seat 1: 85c9eef ($6.06 in chips)
Seat 2: 1452f08f ($5.12 in chips)
Seat 3: 8c96d2e0 ($10.11 in chips)
Seat 4: d5868f33 ($5.06 in chips)
Seat 5: ff00ae8f ($6.55 in chips)
Seat 6: Hero ($5.16 in chips)
8c96d2e0: posts small blind $0.02
d5868f33: posts big blind $0.05
*** HOLE CARDS ***
Dealt to 85c9eef 
Dealt to 1452f08f 
Dealt to 8c96d2e0 
Dealt to d5868f33 
Dealt to ff00ae8f 
Dealt to Hero [8d 2h]
ff00ae8f: folds
Hero: folds
85c9eef: folds
1452f08f: folds
8c96d2e0: folds
Uncalled bet ($0.03) returned to d5868f33
*** SHOWDOWN ***
d5868f33 collected $0.04 from pot
*** SUMMARY ***
Total pot $0.04 | Rake $0 | Jackpot $0 | Bingo $0 | Fortune $0 | Tax $0
Seat 1: 85c9eef folded before Flop (didn't bet)
Seat 2: 1452f08f (button) folded before Flop (didn't bet)
Seat 3: 8c96d2e0 (small blind) folded before Flop
Seat 4: d5868f33 (big blind) collected ($0.04)
Seat 5: ff00ae8f folded before Flop (didn't bet)
Seat 6: Hero folded before Flop (didn't bet)


Poker Hand #HD1723127750: Hold'em No Limit ($0.02/$0.05) - 2024/04/09 20:10:01
Table 'NLHBlue20' 6-max Seat #1 is the button
Seat 1: 85c9eef ($6.06 in chips)
Seat 2: 1452f08f ($5.14 in chips)
Seat 3: 8c96d2e0 ($10.16 in chips)
Seat 4: d5868f33 ($5.06 in chips)
Seat 5: ff00ae8f ($6.55 in chips)
Seat 6: Hero ($5.09 in chips)
1452f08f: posts small blind $0.02
8c96d2e0: posts big blind $0.05
*** HOLE CARDS ***
Dealt to 85c9eef 
Dealt to 1452f08f 
Dealt to 8c96d2e0 
Dealt to d5868f33 
Dealt to ff00ae8f 
Dealt to Hero [Qd 9s]
d5868f33: folds
ff00ae8f: folds
Hero: raises $0.08 to $0.13
85c9eef: folds
1452f08f: folds
8c96d2e0: folds
Uncalled bet ($0.08) returned to Hero
*** SHOWDOWN ***
Hero collected $0.12 from pot
*** SUMMARY ***
Total pot $0.12 | Rake $0 | Jackpot $0 | Bingo $0 | Fortune $0 | Tax $0
Seat 1: 85c9eef (button) folded before Flop (didn't bet)
Seat 2: 1452f08f (small blind) folded before Flop
Seat 3: 8c96d2e0 (big blind) folded before Flop
Seat 4: d5868f33 folded before Flop (didn't bet)
Seat 5: ff00ae8f folded before Flop (didn't bet)
Seat 6: Hero collected ($0.12)


Poker Hand #HD1723127676: Hold'em No Limit ($0.02/$0.05) - 2024/04/09 20:09:34
Table 'NLHBlue20' 6-max Seat #6 is the button
Seat 1: 85c9eef ($6.08 in chips)
Seat 2: 1452f08f ($5 in chips)
Seat 3: 8c96d2e0 ($10.16 in chips)
Seat 4: d5868f33 ($5.19 in chips)
Seat 5: ff00ae8f ($6.55 in chips)
Seat 6: Hero ($5.09 in chips)
85c9eef: posts small blind $0.02
1452f08f: posts big blind $0.05
*** HOLE CARDS ***
Dealt to 85c9eef 
Dealt to 1452f08f 
Dealt to 8c96d2e0 
Dealt to d5868f33 
Dealt to ff00ae8f 
Dealt to Hero [Jd 3s]
8c96d2e0: folds
d5868f33: raises $0.08 to $0.13
ff00ae8f: folds
Hero: folds
85c9eef: folds
1452f08f: raises $4.87 to $5 and is all-in
d5868f33: folds
Uncalled bet ($4.87) returned to 1452f08f
*** SHOWDOWN ***
1452f08f collected $0.27 from pot
*** SUMMARY ***
Total pot $0.28 | Rake $0.01 | Jackpot $0 | Bingo $0 | Fortune $0 | Tax $0
Seat 1: 85c9eef (small blind) folded before Flop
Seat 2: 1452f08f (big blind) collected ($0.27)
Seat 3: 8c96d2e0 folded before Flop (didn't bet)
Seat 4: d5868f33 folded before Flop
Seat 5: ff00ae8f folded before Flop (didn't bet)
Seat 6: Hero (button) folded before Flop (didn't bet)


Poker Hand #HD1723127607: Hold'em No Limit ($0.02/$0.05) - 2024/04/09 20:09:08
Table 'NLHBlue20' 6-max Seat #5 is the button
Seat 1: 85c9eef ($6.13 in chips)
Seat 2: 1452f08f ($5 in chips)
Seat 3: 8c96d2e0 ($10.16 in chips)
Seat 4: d5868f33 ($5 in chips)
Seat 5: ff00ae8f ($6.68 in chips)
Seat 6: Hero ($5.11 in chips)
Hero: posts small blind $0.02
85c9eef: posts big blind $0.05
*** HOLE CARDS ***
Dealt to 85c9eef 
Dealt to 1452f08f 
Dealt to 8c96d2e0 
Dealt to d5868f33 
Dealt to ff00ae8f 
Dealt to Hero [Jd 5c]
1452f08f: folds
8c96d2e0: folds
d5868f33: raises $0.08 to $0.13
ff00ae8f: calls $0.13
Hero: folds
85c9eef: folds
*** FLOP *** [Js 8c 6d]
d5868f33: bets $0.17
ff00ae8f: folds
Uncalled bet ($0.17) returned to d5868f33
*** SHOWDOWN ***
d5868f33 collected $0.32 from pot
*** SUMMARY ***
Total pot $0.33 | Rake $0.01 | Jackpot $0 | Bingo $0 | Fortune $0 | Tax $0
Board [Js 8c 6d]
Seat 1: 85c9eef (big blind) folded before Flop
Seat 2: 1452f08f folded before Flop (didn't bet)
Seat 3: 8c96d2e0 folded before Flop (didn't bet)
Seat 4: d5868f33 won ($0.32)
Seat 5: ff00ae8f (button) folded on the Flop
Seat 6: Hero (small blind) folded before Flop


Poker Hand #HD1723127551: Hold'em No Limit ($0.02/$0.05) - 2024/04/09 20:08:45
Table 'NLHBlue20' 6-max Seat #4 is the button
Seat 1: 85c9eef ($6.06 in chips)
Seat 2: 1452f08f ($5 in chips)
Seat 3: 8c96d2e0 ($10.16 in chips)
Seat 4: d5868f33 ($5 in chips)
Seat 5: ff00ae8f ($6.7 in chips)
Seat 6: Hero ($5.16 in chips)
ff00ae8f: posts small blind $0.02
Hero: posts big blind $0.05
*** HOLE CARDS ***
Dealt to 85c9eef 
Dealt to 1452f08f 
Dealt to 8c96d2e0 
Dealt to d5868f33 
Dealt to ff00ae8f 
Dealt to Hero [4h 5h]
85c9eef: raises $0.08 to $0.13
1452f08f: folds
8c96d2e0: folds
d5868f33: folds
ff00ae8f: folds
Hero: folds
Uncalled bet ($0.08) returned to 85c9eef
*** SHOWDOWN ***
85c9eef collected $0.12 from pot
*** SUMMARY ***
Total pot $0.12 | Rake $0 | Jackpot $0 | Bingo $0 | Fortune $0 | Tax $0
Seat 1: 85c9eef collected ($0.12)
Seat 2: 1452f08f folded before Flop (didn't bet)
Seat 3: 8c96d2e0 folded before Flop (didn't bet)
Seat 4: d5868f33 (button) folded before Flop (didn't bet)
Seat 5: ff00ae8f (small blind) folded before Flop
Seat 6: Hero (big blind) folded before Flop


Poker Hand #HD1723127384: Hold'em No Limit ($0.02/$0.05) - 2024/04/09 20:07:43
Table 'NLHBlue20' 6-max Seat #3 is the button
Seat 1: 85c9eef ($5.99 in chips)
Seat 2: 1452f08f ($5 in chips)
Seat 3: 8c96d2e0 ($10.16 in chips)
Seat 4: d5868f33 ($5 in chips)
Seat 5: ff00ae8f ($6.75 in chips)
Seat 6: Hero ($5.16 in chips)
d5868f33: posts small blind $0.02
ff00ae8f: posts big blind $0.05
*** HOLE CARDS ***
Dealt to 85c9eef 
Dealt to 1452f08f 
Dealt to 8c96d2e0 
Dealt to d5868f33 
Dealt to ff00ae8f 
Dealt to Hero [Qd 7h]
Hero: folds
85c9eef: raises $0.08 to $0.13
1452f08f: folds
8c96d2e0: folds
d5868f33: folds
ff00ae8f: folds
Uncalled bet ($0.08) returned to 85c9eef
*** SHOWDOWN ***
85c9eef collected $0.12 from pot
*** SUMMARY ***
Total pot $0.12 | Rake $0 | Jackpot $0 | Bingo $0 | Fortune $0 | Tax $0
Seat 1: 85c9eef collected ($0.12)
Seat 2: 1452f08f folded before Flop (didn't bet)
Seat 3: 8c96d2e0 (button) folded before Flop (didn't bet)
Seat 4: d5868f33 (small blind) folded before Flop
Seat 5: ff00ae8f (big blind) folded before Flop
Seat 6: Hero folded before Flop (didn't bet)


Poker Hand #HD1723127263: Hold'em No Limit ($0.02/$0.05) - 2024/04/09 20:07:06
Table 'NLHBlue20' 6-max Seat #2 is the button
Seat 1: 85c9eef ($6.09 in chips)
Seat 2: 1452f08f ($5 in chips)
Seat 3: 8c96d2e0 ($10.18 in chips)
Seat 4: d5868f33 ($5 in chips)
Seat 5: ff00ae8f ($6.75 in chips)
Seat 6: Hero ($5 in chips)
8c96d2e0: posts small blind $0.02
d5868f33: posts big blind $0.05
*** HOLE CARDS ***
Dealt to 85c9eef 
Dealt to 1452f08f 
Dealt to 8c96d2e0 
Dealt to d5868f33 
Dealt to ff00ae8f 
Dealt to Hero [Qh Kh]
ff00ae8f: folds
Hero: raises $0.05 to $0.1
85c9eef: calls $0.1
1452f08f: folds
8c96d2e0: folds
d5868f33: folds
*** FLOP *** [8h Ks Qd]
Hero: bets $0.15
85c9eef: folds
Uncalled bet ($0.15) returned to Hero
*** SHOWDOWN ***
Hero collected $0.26 from pot
*** SUMMARY ***
Total pot $0.27 | Rake $0.01 | Jackpot $0 | Bingo $0 | Fortune $0 | Tax $0
Board [8h Ks Qd]
Seat 1: 85c9eef folded on the Flop
Seat 2: 1452f08f (button) folded before Flop (didn't bet)
Seat 3: 8c96d2e0 (small blind) folded before Flop
Seat 4: d5868f33 (big blind) folded before Flop
Seat 5: ff00ae8f folded before Flop (didn't bet)
Seat 6: Hero won ($0.26)


Poker Hand #HD1723127205: Hold'em No Limit ($0.02/$0.05) - 2024/04/09 20:06:40
Table 'NLHBlue20' 6-max Seat #1 is the button
Seat 1: 85c9eef ($5.9 in chips)
Seat 2: 1452f08f ($5 in chips)
Seat 3: 8c96d2e0 ($10.23 in chips)
Seat 4: d5868f33 ($5 in chips)
Seat 5: ff00ae8f ($6.75 in chips)
Seat 6: Hero ($5.07 in chips)
1452f08f: posts small blind $0.02
8c96d2e0: posts big blind $0.05
*** HOLE CARDS ***
Dealt to 85c9eef 
Dealt to 1452f08f 
Dealt to 8c96d2e0 
Dealt to d5868f33 
Dealt to ff00ae8f 
Dealt to Hero [7s 8s]
d5868f33: folds
ff00ae8f: folds
Hero: raises $0.08 to $0.13
85c9eef: raises $0.32 to $0.45
1452f08f: folds
8c96d2e0: folds
Hero: folds
Uncalled bet ($0.32) returned to 85c9eef
*** SHOWDOWN ***
85c9eef collected $0.32 from pot
*** SUMMARY ***
Total pot $0.33 | Rake $0.01 | Jackpot $0 | Bingo $0 | Fortune $0 | Tax $0
Seat 1: 85c9eef (button) collected ($0.32)
Seat 2: 1452f08f (small blind) folded before Flop
Seat 3: 8c96d2e0 (big blind) folded before Flop
Seat 4: d5868f33 folded before Flop (didn't bet)
Seat 5: ff00ae8f folded before Flop (didn't bet)
Seat 6: Hero folded before Flop


Poker Hand #HD1723127160: Hold'em No Limit ($0.02/$0.05) - 2024/04/09 20:06:24
Table 'NLHBlue20' 6-max Seat #6 is the button
Seat 1: 85c9eef ($5.92 in chips)
Seat 2: 1452f08f ($5 in chips)
Seat 3: 8c96d2e0 ($10.23 in chips)
Seat 4: d5868f33 ($5 in chips)
Seat 6: Hero ($5 in chips)
85c9eef: posts small blind $0.02
1452f08f: posts big blind $0.05
*** HOLE CARDS ***
Dealt to 85c9eef 
Dealt to 1452f08f 
Dealt to 8c96d2e0 
Dealt to d5868f33 
Dealt to Hero [5c Ad]
8c96d2e0: folds
d5868f33: folds
Hero: raises $0.08 to $0.13
85c9eef: folds
1452f08f: folds
Uncalled bet ($0.08) returned to Hero
*** SHOWDOWN ***
Hero collected $0.12 from pot
*** SUMMARY ***
Total pot $0.12 | Rake $0 | Jackpot $0 | Bingo $0 | Fortune $0 | Tax $0
Seat 1: 85c9eef (small blind) folded before Flop
Seat 2: 1452f08f (big blind) folded before Flop
Seat 3: 8c96d2e0 folded before Flop (didn't bet)
Seat 4: d5868f33 folded before Flop (didn't bet)
Seat 6: Hero (button) collected ($0.12)


Poker Hand #HD1723127092: Hold'em No Limit ($0.02/$0.05) - 2024/04/09 20:05:59
Table 'NLHBlue20' 6-max Seat #5 is the button
Seat 1: 85c9eef ($5.9 in chips)
Seat 2: 1452f08f ($5 in chips)
Seat 3: 8c96d2e0 ($10.23 in chips)
Seat 4: d5868f33 ($5 in chips)
Seat 5: ff00ae8f ($6.75 in chips)
Seat 6: Hero ($5 in chips)
Hero: posts small blind $0.02
85c9eef: posts big blind $0.05
*** HOLE CARDS ***
Dealt to 85c9eef 
Dealt to 1452f08f 
Dealt to 8c96d2e0 
Dealt to d5868f33 
Dealt to ff00ae8f 
Dealt to Hero [5d Jh]
1452f08f: folds
8c96d2e0: folds
d5868f33: folds
ff00ae8f: folds
Hero: folds
Uncalled bet ($0.03) returned to 85c9eef
*** SHOWDOWN ***
85c9eef collected $0.04 from pot
*** SUMMARY ***
Total pot $0.04 | Rake $0 | Jackpot $0 | Bingo $0 | Fortune $0 | Tax $0
Seat 1: 85c9eef (big blind) collected ($0.04)
Seat 2: 1452f08f folded before Flop (didn't bet)
Seat 3: 8c96d2e0 folded before Flop (didn't bet)
Seat 4: d5868f33 folded before Flop (didn't bet)
Seat 5: ff00ae8f (button) folded before Flop (didn't bet)
Seat 6: Hero (small blind) folded before Flop


Poker Hand #HD1723126938: Hold'em No Limit ($0.02/$0.05) - 2024/04/09 20:05:05
Table 'NLHBlue20' 6-max Seat #4 is the button
Seat 1: 85c9eef ($5 in chips)
Seat 2: 1452f08f ($5 in chips)
Seat 3: 8c96d2e0 ($10.23 in chips)
Seat 4: d5868f33 ($5 in chips)
Seat 5: ff00ae8f ($7.21 in chips)
Seat 6: Hero ($5 in chips)
ff00ae8f: posts small blind $0.02
Hero: posts big blind $0.05
*** HOLE CARDS ***
Dealt to 85c9eef 
Dealt to 1452f08f 
Dealt to 8c96d2e0 
Dealt to d5868f33 
Dealt to ff00ae8f 
Dealt to Hero [Ac 2h]
85c9eef: raises $0.08 to $0.13
1452f08f: folds
8c96d2e0: folds
d5868f33: calls $0.13
ff00ae8f: calls $0.11
Hero: folds
*** FLOP *** [6h 5c 8s]
ff00ae8f: checks
85c9eef: checks
d5868f33: checks
*** TURN *** [6h 5c 8s] [2c]
ff00ae8f: bets $0.33
85c9eef: calls $0.33
d5868f33: calls $0.33
*** RIVER *** [6h 5c 8s 2c] [Qc]
ff00ae8f: checks
85c9eef: bets $0.55
d5868f33: folds
ff00ae8f: folds
Uncalled bet ($0.55) returned to 85c9eef
*** SHOWDOWN ***
85c9eef collected $1.36 from pot
*** SUMMARY ***
Total pot $1.43 | Rake $0.07 | Jackpot $0 | Bingo $0 | Fortune $0 | Tax $0
Board [6h 5c 8s 2c Qc]
Seat 1: 85c9eef won ($1.36)
Seat 2: 1452f08f folded before Flop (didn't bet)
Seat 3: 8c96d2e0 folded before Flop (didn't bet)
Seat 4: d5868f33 (button) folded on the River
Seat 5: ff00ae8f (small blind) folded on the River
Seat 6: Hero (big blind) folded before Flop


Poker Hand #HD1723126886: Hold'em No Limit ($0.02/$0.05) - 2024/04/09 20:04:45
Table 'NLHBlue20' 6-max Seat #3 is the button
Seat 1: 85c9eef ($5 in chips)
Seat 2: 1452f08f ($5 in chips)
Seat 3: 8c96d2e0 ($10.23 in chips)
Seat 4: d5868f33 ($5 in chips)
Seat 5: ff00ae8f ($6.97 in chips)
Seat 6: Hero ($5 in chips)
d5868f33: posts small blind $0.02
ff00ae8f: posts big blind $0.05
*** HOLE CARDS ***
Dealt to 85c9eef 
Dealt to 1452f08f 
Dealt to 8c96d2e0 
Dealt to d5868f33 
Dealt to ff00ae8f 
Dealt to Hero [4c Js]
Hero: folds
85c9eef: raises $0.08 to $0.13
1452f08f: folds
8c96d2e0: folds
d5868f33: calls $0.11
ff00ae8f: raises $0.39 to $0.52
85c9eef: folds
d5868f33: folds
Uncalled bet ($0.39) returned to ff00ae8f
*** SHOWDOWN ***
ff00ae8f collected $0.37 from pot
*** SUMMARY ***
Total pot $0.39 | Rake $0.02 | Jackpot $0 | Bingo $0 | Fortune $0 | Tax $0
Seat 1: 85c9eef folded before Flop
Seat 2: 1452f08f folded before Flop (didn't bet)
Seat 3: 8c96d2e0 (button) folded before Flop (didn't bet)
Seat 4: d5868f33 (small blind) folded before Flop
Seat 5: ff00ae8f (big blind) collected ($0.37)
Seat 6: Hero folded before Flop (didn't bet)


Poker Hand #HD1723126764: Hold'em No Limit ($0.02/$0.05) - 2024/04/09 20:04:03
Table 'NLHBlue20' 6-max Seat #2 is the button
Seat 1: 85c9eef ($5 in chips)
Seat 2: 1452f08f ($5 in chips)
Seat 3: 8c96d2e0 ($9 in chips)
Seat 4: d5868f33 ($5 in chips)
Seat 5: ff00ae8f ($6.97 in chips)
Seat 6: Hero ($5 in chips)
8c96d2e0: posts small blind $0.02
d5868f33: posts big blind $0.05
*** HOLE CARDS ***
Dealt to 85c9eef 
Dealt to 1452f08f 
Dealt to 8c96d2e0 
Dealt to d5868f33 
Dealt to ff00ae8f 
Dealt to Hero [9c Jd]
ff00ae8f: folds
Hero: folds
85c9eef: folds
1452f08f: folds
8c96d2e0: raises $0.08 to $0.13
d5868f33: calls $0.08
*** FLOP *** [Ah Qs Jh]
8c96d2e0: bets $0.14
d5868f33: calls $0.14
*** TURN *** [Ah Qs Jh] [Js]
8c96d2e0: checks
d5868f33: bets $0.27
8c96d2e0: calls $0.27
*** RIVER *** [Ah Qs Jh Js] [3d]
8c96d2e0: bets $0.87
d5868f33: calls $0.87
8c96d2e0: shows [As Jc] (Jacks Full over Aces)
d5868f33: shows [Ac 9h] (Pair of Aces and Pair of Jacks)
*** SHOWDOWN ***
8c96d2e0 collected $2.64 from pot
*** SUMMARY ***
Total pot $2.82 | Rake $0.13 | Jackpot $0.05 | Bingo $0 | Fortune $0 | Tax $0
Board [Ah Qs Jh Js 3d]
Seat 1: 85c9eef folded before Flop (didn't bet)
Seat 2: 1452f08f (button) folded before Flop (didn't bet)
Seat 3: 8c96d2e0 (small blind) showed [As Jc] and won ($2.64) with Jacks Full over Aces
Seat 4: d5868f33 (big blind) showed [Ac 9h] and lost with Pair of Aces and Pair of Jacks
Seat 5: ff00ae8f folded before Flop (didn't bet)
Seat 6: Hero folded before Flop (didn't bet)


Poker Hand #HD1723126691: Hold'em No Limit ($0.02/$0.05) - 2024/04/09 20:03:33
Table 'NLHBlue20' 6-max Seat #1 is the button
Seat 1: 85c9eef ($5 in chips)
Seat 2: 1452f08f ($5 in chips)
Seat 3: 8c96d2e0 ($9.05 in chips)
Seat 4: d5868f33 ($5.02 in chips)
Seat 5: ff00ae8f ($6.78 in chips)
Seat 6: Hero ($5 in chips)
1452f08f: posts small blind $0.02
8c96d2e0: posts big blind $0.05
*** HOLE CARDS ***
Dealt to 85c9eef 
Dealt to 1452f08f 
Dealt to 8c96d2e0 
Dealt to d5868f33 
Dealt to ff00ae8f 
Dealt to Hero [9c 3d]
d5868f33: raises $0.08 to $0.13
ff00ae8f: calls $0.13
Hero: folds
85c9eef: folds
1452f08f: folds
8c96d2e0: folds
*** FLOP *** [Ac Tc As]
d5868f33: checks
ff00ae8f: checks
*** TURN *** [Ac Tc As] [Th]
d5868f33: checks
ff00ae8f: bets $0.33
d5868f33: folds
Uncalled bet ($0.33) returned to ff00ae8f
ff00ae8f: shows [Kh] (Pair of Aces and Pair of Tens)
*** SHOWDOWN ***
ff00ae8f collected $0.32 from pot
*** SUMMARY ***
Total pot $0.33 | Rake $0.01 | Jackpot $0 | Bingo $0 | Fortune $0 | Tax $0
Board [Ac Tc As Th]
Seat 1: 85c9eef (button) folded before Flop (didn't bet)
Seat 2: 1452f08f (small blind) folded before Flop
Seat 3: 8c96d2e0 (big blind) folded before Flop
Seat 4: d5868f33 folded on the Turn
Seat 5: ff00ae8f showed [Kh] and won ($0.32)
Seat 6: Hero folded before Flop (didn't bet)


Poker Hand #HD1723126653: Hold'em No Limit ($0.02/$0.05) - 2024/04/09 20:03:17
Table 'NLHBlue20' 6-max Seat #6 is the button
Seat 1: 85c9eef ($5.02 in chips)
Seat 2: 1452f08f ($5 in chips)
Seat 3: 8c96d2e0 ($9.05 in chips)
Seat 4: d5868f33 ($5.02 in chips)
Seat 5: ff00ae8f ($6.71 in chips)
Seat 6: Hero ($5 in chips)
85c9eef: posts small blind $0.02
1452f08f: posts big blind $0.05
*** HOLE CARDS ***
Dealt to 85c9eef 
Dealt to 1452f08f 
Dealt to 8c96d2e0 
Dealt to d5868f33 
Dealt to ff00ae8f 
Dealt to Hero [6c Qh]
8c96d2e0: folds
d5868f33: folds
ff00ae8f: raises $0.1 to $0.15
Hero: folds
85c9eef: folds
1452f08f: folds
Uncalled bet ($0.1) returned to ff00ae8f
*** SHOWDOWN ***
ff00ae8f collected $0.12 from pot
*** SUMMARY ***
Total pot $0.12 | Rake $0 | Jackpot $0 | Bingo $0 | Fortune $0 | Tax $0
Seat 1: 85c9eef (small blind) folded before Flop
Seat 2: 1452f08f (big blind) folded before Flop
Seat 3: 8c96d2e0 folded before Flop (didn't bet)
Seat 4: d5868f33 folded before Flop (didn't bet)
Seat 5: ff00ae8f collected ($0.12)
Seat 6: Hero (button) folded before Flop (didn't bet)


Poker Hand #HD1723126642: Hold'em No Limit ($0.02/$0.05) - 2024/04/09 20:03:11
Table 'NLHBlue20' 6-max Seat #5 is the button
Seat 1: 85c9eef ($5 in chips)
Seat 3: 8c96d2e0 ($9.05 in chips)
Seat 4: d5868f33 ($5.02 in chips)
Seat 5: ff00ae8f ($6.71 in chips)
Seat 6: Hero ($5 in chips)
Hero: posts small blind $0.02
85c9eef: posts big blind $0.05
*** HOLE CARDS ***
Dealt to 85c9eef 
Dealt to 8c96d2e0 
Dealt to d5868f33 
Dealt to ff00ae8f 
Dealt to Hero [2c Qh]
8c96d2e0: folds
d5868f33: folds
ff00ae8f: folds
Hero: folds
Uncalled bet ($0.03) returned to 85c9eef
*** SHOWDOWN ***
85c9eef collected $0.04 from pot
*** SUMMARY ***
Total pot $0.04 | Rake $0 | Jackpot $0 | Bingo $0 | Fortune $0 | Tax $0
Seat 1: 85c9eef (big blind) collected ($0.04)
Seat 3: 8c96d2e0 folded before Flop (didn't bet)
Seat 4: d5868f33 folded before Flop (didn't bet)
Seat 5: ff00ae8f (button) folded before Flop (didn't bet)
Seat 6: Hero (small blind) folded before Flop


Poker Hand #HD1723126553: Hold'em No Limit ($0.02/$0.05) - 2024/04/09 20:02:36
Table 'NLHBlue20' 6-max Seat #4 is the button
Seat 1: 85c9eef ($5 in chips)
Seat 3: 8c96d2e0 ($9.05 in chips)
Seat 4: d5868f33 ($5.31 in chips)
Seat 5: ff00ae8f ($6.4 in chips)
Seat 6: Hero ($5 in chips)
ff00ae8f: posts small blind $0.02
Hero: posts big blind $0.05
*** HOLE CARDS ***
Dealt to 85c9eef 
Dealt to 8c96d2e0 
Dealt to d5868f33 
Dealt to ff00ae8f 
Dealt to Hero [3s 9s]
85c9eef: folds
8c96d2e0: folds
d5868f33: raises $0.08 to $0.13
ff00ae8f: calls $0.11
Hero: folds
*** FLOP *** [Jh 4s 3c]
ff00ae8f: checks
d5868f33: checks
*** TURN *** [Jh 4s 3c] [2c]
ff00ae8f: bets $0.16
d5868f33: calls $0.16
*** RIVER *** [Jh 4s 3c 2c] [Qh]
ff00ae8f: checks
d5868f33: checks
ff00ae8f: shows [8d 8h] (Pair of Eights)
d5868f33: shows [Ac 8c] (Ace-High)
*** SHOWDOWN ***
ff00ae8f collected $0.6 from pot
*** SUMMARY ***
Total pot $0.63 | Rake $0.03 | Jackpot $0 | Bingo $0 | Fortune $0 | Tax $0
Board [Jh 4s 3c 2c Qh]
Seat 1: 85c9eef folded before Flop (didn't bet)
Seat 3: 8c96d2e0 folded before Flop (didn't bet)
Seat 4: d5868f33 (button) showed [Ac 8c] and lost with Ace-High
Seat 5: ff00ae8f (small blind) showed [8d 8h] and won ($0.6) with Pair of Eights
Seat 6: Hero (big blind) folded before Flop


Poker Hand #HD1723126374: Hold'em No Limit ($0.02/$0.05) - 2024/04/09 20:01:26
Table 'NLHBlue20' 6-max Seat #3 is the button
Seat 1: 85c9eef ($5.41 in chips)
Seat 3: 8c96d2e0 ($9.05 in chips)
Seat 4: d5868f33 ($5.74 in chips)
Seat 5: ff00ae8f ($5.6 in chips)
Seat 6: Hero ($5 in chips)
d5868f33: posts small blind $0.02
ff00ae8f: posts big blind $0.05
*** HOLE CARDS ***
Dealt to 85c9eef 
Dealt to 8c96d2e0 
Dealt to d5868f33 
Dealt to ff00ae8f 
Dealt to Hero [Qh 7c]
Hero: folds
85c9eef: raises $0.08 to $0.13
8c96d2e0: folds
d5868f33: calls $0.11
ff00ae8f: raises $0.3 to $0.43
85c9eef: calls $0.3
d5868f33: calls $0.3
*** FLOP *** [5d 4h 8c]
d5868f33: checks
ff00ae8f: checks
85c9eef: checks
*** TURN *** [5d 4h 8c] [5s]
d5868f33: checks
ff00ae8f: checks
85c9eef: checks
*** RIVER *** [5d 4h 8c 5s] [2d]
d5868f33: checks
ff00ae8f: bets $0.97
85c9eef: folds
d5868f33: folds
Uncalled bet ($0.97) returned to ff00ae8f
*** SHOWDOWN ***
ff00ae8f collected $1.23 from pot
*** SUMMARY ***
Total pot $1.29 | Rake $0.06 | Jackpot $0 | Bingo $0 | Fortune $0 | Tax $0
Board [5d 4h 8c 5s 2d]
Seat 1: 85c9eef folded on the River
Seat 3: 8c96d2e0 (button) folded before Flop (didn't bet)
Seat 4: d5868f33 (small blind) folded on the River
Seat 5: ff00ae8f (big blind) won ($1.23)
Seat 6: Hero folded before Flop (didn't bet)


Poker Hand #HD1723126275: Hold'em No Limit ($0.02/$0.05) - 2024/04/09 20:00:50
Table 'NLHBlue20' 6-max Seat #1 is the button
Seat 1: 85c9eef ($5.41 in chips)
Seat 2: dbe6be9e ($0.64 in chips)
Seat 3: 8c96d2e0 ($9.1 in chips)
Seat 4: d5868f33 ($5.74 in chips)
Seat 5: ff00ae8f ($5.37 in chips)
Seat 6: Hero ($5 in chips)
dbe6be9e: posts small blind $0.02
8c96d2e0: posts big blind $0.05
*** HOLE CARDS ***
Dealt to 85c9eef 
Dealt to dbe6be9e 
Dealt to 8c96d2e0 
Dealt to d5868f33 
Dealt to ff00ae8f 
Dealt to Hero [6d Jh]
d5868f33: folds
ff00ae8f: raises $0.15 to $0.2
Hero: folds
85c9eef: folds
dbe6be9e: calls $0.18
8c96d2e0: folds
*** FLOP *** [2h As Ks]
dbe6be9e: checks
ff00ae8f: checks
*** TURN *** [2h As Ks] [8d]
dbe6be9e: checks
ff00ae8f: checks
*** RIVER *** [2h As Ks 8d] [5c]
dbe6be9e: checks
ff00ae8f: checks
dbe6be9e: shows [Td 3s] (Ace-High)
ff00ae8f: shows [6h 6c] (Pair of Sixes)
*** SHOWDOWN ***
ff00ae8f collected $0.43 from pot
*** SUMMARY ***
Total pot $0.45 | Rake $0.02 | Jackpot $0 | Bingo $0 | Fortune $0 | Tax $0
Board [2h As Ks 8d 5c]
Seat 1: 85c9eef (button) folded before Flop (didn't bet)
Seat 2: dbe6be9e (small blind) showed [Td 3s] and lost with Ace-High
Seat 3: 8c96d2e0 (big blind) folded before Flop
Seat 4: d5868f33 folded before Flop (didn't bet)
Seat 5: ff00ae8f showed [6h 6c] and won ($0.43) with Pair of Sixes
Seat 6: Hero folded before Flop (didn't bet)


Poker Hand #HD1723126139: Hold'em No Limit ($0.02/$0.05) - 2024/04/09 19:59:57
Table 'NLHBlue20' 6-max Seat #6 is the button
Seat 1: 85c9eef ($5.43 in chips)
Seat 2: dbe6be9e ($1 in chips)
Seat 3: 8c96d2e0 ($9.1 in chips)
Seat 4: d5868f33 ($5.74 in chips)
Seat 5: ff00ae8f ($5.13 in chips)
Seat 6: Hero ($5 in chips)
85c9eef: posts small blind $0.02
dbe6be9e: posts big blind $0.05
*** HOLE CARDS ***
Dealt to 85c9eef 
Dealt to dbe6be9e 
Dealt to 8c96d2e0 
Dealt to d5868f33 
Dealt to ff00ae8f 
Dealt to Hero [7c 5c]
8c96d2e0: folds
d5868f33: folds
ff00ae8f: raises $0.05 to $0.1
Hero: folds
85c9eef: folds
dbe6be9e: calls $0.05
*** FLOP *** [2h Qh 7h]
dbe6be9e: bets $0.22
ff00ae8f: raises $0.66 to $0.88
dbe6be9e: raises $0.02 to $0.9 and is all-in
ff00ae8f: calls $0.02
dbe6be9e: shows [Ah 7d] (Pair of Sevens)
ff00ae8f: shows [Qs Jc] (Pair of Queens)
*** FIRST TURN *** [2h Qh 7h] [9d]
*** FIRST RIVER *** [2h Qh 7h 9d] [Qc]
*** SECOND TURN *** [2h Qh 7h] [Jh]
*** SECOND RIVER *** [2h Qh 7h Jh] [Kc]
*** THIRD TURN *** [2h Qh 7h] [6c]
*** THIRD RIVER *** [2h Qh 7h 6c] [8d]
*** FIRST SHOWDOWN ***
ff00ae8f collected $0.62 from pot
*** SECOND SHOWDOWN ***
dbe6be9e collected $0.64 from pot
*** THIRD SHOWDOWN ***
ff00ae8f collected $0.62 from pot
*** SUMMARY ***
Total pot $2.02 | Rake $0.09 | Jackpot $0.05 | Bingo $0 | Fortune $0 | Tax $0
Hand was run three times
FIRST Board [2h Qh 7h 9d Qc]
SECOND Board [Jh Kc]
THIRD Board [6c 8d]
Seat 1: 85c9eef (small blind) folded before Flop
Seat 2: dbe6be9e (big blind) showed [Ah 7d] and lost with Pair of Queens and Pair of Sevens, and won ($0.64), and lost
Seat 3: 8c96d2e0 folded before Flop (didn't bet)
Seat 4: d5868f33 folded before Flop (didn't bet)
Seat 5: ff00ae8f showed [Qs Jc] and won ($0.62) with Three Queens, and lost, and won ($0.62)
Seat 6: Hero (button) folded before Flop (didn't bet)


Poker Hand #HD1723126047: Hold'em No Limit ($0.02/$0.05) - 2024/04/09 19:59:23
Table 'NLHBlue20' 6-max Seat #5 is the button
Seat 1: 85c9eef ($5.48 in chips)
Seat 3: 8c96d2e0 ($9.1 in chips)
Seat 4: d5868f33 ($5.74 in chips)
Seat 5: ff00ae8f ($4.76 in chips)
Seat 6: Hero ($5 in chips)
Hero: posts small blind $0.02
85c9eef: posts big blind $0.05
*** HOLE CARDS ***
Dealt to 85c9eef 
Dealt to 8c96d2e0 
Dealt to d5868f33 
Dealt to ff00ae8f 
Dealt to Hero [3h 3c]
8c96d2e0: folds
d5868f33: folds
ff00ae8f: calls $0.05
Hero: raises $0.15 to $0.2
85c9eef: folds
ff00ae8f: calls $0.15
*** FLOP *** [Kc Qc 5c]
Hero: bets $0.15
ff00ae8f: calls $0.15
*** TURN *** [Kc Qc 5c] [Jh]
Hero: checks
ff00ae8f: bets $0.57
Hero: folds
Uncalled bet ($0.57) returned to ff00ae8f
*** SHOWDOWN ***
ff00ae8f collected $0.72 from pot
*** SUMMARY ***
Total pot $0.75 | Rake $0.03 | Jackpot $0 | Bingo $0 | Fortune $0 | Tax $0
Board [Kc Qc 5c Jh]
Seat 1: 85c9eef (big blind) folded before Flop
Seat 3: 8c96d2e0 folded before Flop (didn't bet)
Seat 4: d5868f33 folded before Flop (didn't bet)
Seat 5: ff00ae8f (button) won ($0.72)
Seat 6: Hero (small blind) folded on the Turn


Poker Hand #HD1723125990: Hold'em No Limit ($0.02/$0.05) - 2024/04/09 19:59:05
Table 'NLHBlue20' 6-max Seat #4 is the button
Seat 1: 85c9eef ($5.48 in chips)
Seat 3: 8c96d2e0 ($9.03 in chips)
Seat 4: d5868f33 ($5.74 in chips)
Seat 5: ff00ae8f ($4.78 in chips)
Seat 6: Hero ($5.03 in chips)
ff00ae8f: posts small blind $0.02
Hero: posts big blind $0.05
*** HOLE CARDS ***
Dealt to 85c9eef 
Dealt to 8c96d2e0 
Dealt to d5868f33 
Dealt to ff00ae8f 
Dealt to Hero [7h 4d]
85c9eef: folds
8c96d2e0: raises $0.08 to $0.13
d5868f33: folds
ff00ae8f: folds
Hero: folds
Uncalled bet ($0.08) returned to 8c96d2e0
*** SHOWDOWN ***
8c96d2e0 collected $0.12 from pot
*** SUMMARY ***
Total pot $0.12 | Rake $0 | Jackpot $0 | Bingo $0 | Fortune $0 | Tax $0
Seat 1: 85c9eef folded before Flop (didn't bet)
Seat 3: 8c96d2e0 collected ($0.12)
Seat 4: d5868f33 (button) folded before Flop (didn't bet)
Seat 5: ff00ae8f (small blind) folded before Flop
Seat 6: Hero (big blind) folded before Flop


Poker Hand #HD1723125965: Hold'em No Limit ($0.02/$0.05) - 2024/04/09 19:58:56
Table 'NLHBlue20' 6-max Seat #3 is the button
Seat 1: 85c9eef ($5.48 in chips)
Seat 3: 8c96d2e0 ($9.03 in chips)
Seat 4: d5868f33 ($5.76 in chips)
Seat 5: ff00ae8f ($4.76 in chips)
Seat 6: Hero ($5.03 in chips)
d5868f33: posts small blind $0.02
ff00ae8f: posts big blind $0.05
*** HOLE CARDS ***
Dealt to 85c9eef 
Dealt to 8c96d2e0 
Dealt to d5868f33 
Dealt to ff00ae8f 
Dealt to Hero [2h 2d]
Hero: folds
85c9eef: folds
8c96d2e0: folds
d5868f33: folds
Uncalled bet ($0.03) returned to ff00ae8f
*** SHOWDOWN ***
ff00ae8f collected $0.04 from pot
*** SUMMARY ***
Total pot $0.04 | Rake $0 | Jackpot $0 | Bingo $0 | Fortune $0 | Tax $0
Seat 1: 85c9eef folded before Flop (didn't bet)
Seat 3: 8c96d2e0 (button) folded before Flop (didn't bet)
Seat 4: d5868f33 (small blind) folded before Flop
Seat 5: ff00ae8f (big blind) collected ($0.04)
Seat 6: Hero folded before Flop (didn't bet)


Poker Hand #HD1723125817: Hold'em No Limit ($0.02/$0.05) - 2024/04/09 19:58:04
Table 'NLHBlue20' 6-max Seat #1 is the button
Seat 1: 85c9eef ($5.48 in chips)
Seat 2: 7f6a92fa ($0.92 in chips)
Seat 3: 8c96d2e0 ($9.08 in chips)
Seat 4: d5868f33 ($5.76 in chips)
Seat 5: ff00ae8f ($3.93 in chips)
Seat 6: Hero ($5.03 in chips)
7f6a92fa: posts small blind $0.02
8c96d2e0: posts big blind $0.05
*** HOLE CARDS ***
Dealt to 85c9eef 
Dealt to 7f6a92fa 
Dealt to 8c96d2e0 
Dealt to d5868f33 
Dealt to ff00ae8f 
Dealt to Hero [Jd 2s]
d5868f33: folds
ff00ae8f: raises $0.1 to $0.15
Hero: folds
85c9eef: folds
7f6a92fa: calls $0.13
8c96d2e0: folds
*** FLOP *** [Qh 4d 4c]
7f6a92fa: bets $0.12
ff00ae8f: raises $0.3 to $0.42
7f6a92fa: calls $0.3
*** TURN *** [Qh 4d 4c] [Qd]
7f6a92fa: bets $0.35 and is all-in
ff00ae8f: calls $0.35
7f6a92fa: shows [Ad 2d] (Pair of Queens and Pair of Fours)
ff00ae8f: shows [Qs Jh] (Queens Full over Fours)
*** RIVER *** [Qh 4d 4c Qd] [4h]
*** SHOWDOWN ***
ff00ae8f collected $1.75 from pot
*** SUMMARY ***
Total pot $1.89 | Rake $0.09 | Jackpot $0.05 | Bingo $0 | Fortune $0 | Tax $0
Board [Qh 4d 4c Qd 4h]
Seat 1: 85c9eef (button) folded before Flop (didn't bet)
Seat 2: 7f6a92fa (small blind) showed [Ad 2d] and lost with Fours Full over Queens
Seat 3: 8c96d2e0 (big blind) folded before Flop
Seat 4: d5868f33 folded before Flop (didn't bet)
Seat 5: ff00ae8f showed [Qs Jh] and won ($1.75) with Queens Full over Fours
Seat 6: Hero folded before Flop (didn't bet)


Poker Hand #HD1723125734: Hold'em No Limit ($0.02/$0.05) - 2024/04/09 19:57:30
Table 'NLHBlue20' 6-max Seat #6 is the button
Seat 1: 85c9eef ($5.5 in chips)
Seat 2: 7f6a92fa ($0.97 in chips)
Seat 3: 8c96d2e0 ($9.08 in chips)
Seat 4: d5868f33 ($5.42 in chips)
Seat 5: ff00ae8f ($4.23 in chips)
Seat 6: Hero ($5.03 in chips)
85c9eef: posts small blind $0.02
7f6a92fa: posts big blind $0.05
*** HOLE CARDS ***
Dealt to 85c9eef 
Dealt to 7f6a92fa 
Dealt to 8c96d2e0 
Dealt to d5868f33 
Dealt to ff00ae8f 
Dealt to Hero [Jd 4d]
8c96d2e0: folds
d5868f33: raises $0.08 to $0.13
ff00ae8f: calls $0.13
Hero: folds
85c9eef: folds
7f6a92fa: folds
*** FLOP *** [8h 3h 6h]
d5868f33: bets $0.17
ff00ae8f: calls $0.17
*** TURN *** [8h 3h 6h] [9c]
d5868f33: checks
ff00ae8f: checks
*** RIVER *** [8h 3h 6h 9c] [Ks]
d5868f33: checks
ff00ae8f: checks
d5868f33: shows [As 6s] (Pair of Sixes)
ff00ae8f: shows [7h Ad] (Ace-High)
*** SHOWDOWN ***
d5868f33 collected $0.64 from pot
*** SUMMARY ***
Total pot $0.67 | Rake $0.03 | Jackpot $0 | Bingo $0 | Fortune $0 | Tax $0
Board [8h 3h 6h 9c Ks]
Seat 1: 85c9eef (small blind) folded before Flop
Seat 2: 7f6a92fa (big blind) folded before Flop
Seat 3: 8c96d2e0 folded before Flop (didn't bet)
Seat 4: d5868f33 showed [As 6s] and won ($0.64) with Pair of Sixes
Seat 5: ff00ae8f showed [7h Ad] and lost with Ace-High
Seat 6: Hero (button) folded before Flop (didn't bet)


Poker Hand #HD1723125702: Hold'em No Limit ($0.02/$0.05) - 2024/04/09 19:57:18
Table 'NLHBlue20' 6-max Seat #5 is the button
Seat 1: 85c9eef ($5.55 in chips)
Seat 2: 7f6a92fa ($0.97 in chips)
Seat 3: 8c96d2e0 ($9.08 in chips)
Seat 4: d5868f33 ($5.42 in chips)
Seat 5: ff00ae8f ($4.16 in chips)
Seat 6: Hero ($5.05 in chips)
Hero: posts small blind $0.02
85c9eef: posts big blind $0.05
*** HOLE CARDS ***
Dealt to 85c9eef 
Dealt to 7f6a92fa 
Dealt to 8c96d2e0 
Dealt to d5868f33 
Dealt to ff00ae8f 
Dealt to Hero [3d 5c]
7f6a92fa: folds
8c96d2e0: folds
d5868f33: folds
ff00ae8f: raises $0.05 to $0.1
Hero: folds
85c9eef: folds
Uncalled bet ($0.05) returned to ff00ae8f
*** SHOWDOWN ***
ff00ae8f collected $0.12 from pot
*** SUMMARY ***
Total pot $0.12 | Rake $0 | Jackpot $0 | Bingo $0 | Fortune $0 | Tax $0
Seat 1: 85c9eef (big blind) folded before Flop
Seat 2: 7f6a92fa folded before Flop (didn't bet)
Seat 3: 8c96d2e0 folded before Flop (didn't bet)
Seat 4: d5868f33 folded before Flop (didn't bet)
Seat 5: ff00ae8f (button) collected ($0.12)
Seat 6: Hero (small blind) folded before Flop


Poker Hand #HD1723045639: Hold'em No Limit ($0.02/$0.05) - 2024/04/09 19:56:54
Table 'NLHBlue20' 6-max Seat #4 is the button
Seat 1: 85c9eef ($5.55 in chips)
Seat 2: 7f6a92fa ($0.97 in chips)
Seat 3: 8c96d2e0 ($9.08 in chips)
Seat 4: d5868f33 ($5.42 in chips)
Seat 5: ff00ae8f ($4.11 in chips)
Seat 6: Hero ($5.1 in chips)
ff00ae8f: posts small blind $0.02
Hero: posts big blind $0.05
*** HOLE CARDS ***
Dealt to 85c9eef 
Dealt to 7f6a92fa 
Dealt to 8c96d2e0 
Dealt to d5868f33 
Dealt to ff00ae8f 
Dealt to Hero [2s 5s]
85c9eef: folds
7f6a92fa: folds
8c96d2e0: folds
d5868f33: folds
ff00ae8f: calls $0.03
Hero: checks
*** FLOP *** [7h 9s 7c]
ff00ae8f: checks
Hero: checks
*** TURN *** [7h 9s 7c] [9c]
ff00ae8f: bets $0.05
Hero: folds
Uncalled bet ($0.05) returned to ff00ae8f
*** SHOWDOWN ***
ff00ae8f collected $0.1 from pot
*** SUMMARY ***
Total pot $0.1 | Rake $0 | Jackpot $0 | Bingo $0 | Fortune $0 | Tax $0
Board [7h 9s 7c 9c]
Seat 1: 85c9eef folded before Flop (didn't bet)
Seat 2: 7f6a92fa folded before Flop (didn't bet)
Seat 3: 8c96d2e0 folded before Flop (didn't bet)
Seat 4: d5868f33 (button) folded before Flop (didn't bet)
Seat 5: ff00ae8f (small blind) won ($0.1)
Seat 6: Hero (big blind) folded on the Turn


Poker Hand #HD1723045602: Hold'em No Limit ($0.02/$0.05) - 2024/04/09 19:56:40
Table 'NLHBlue20' 6-max Seat #3 is the button
Seat 1: 85c9eef ($5.48 in chips)
Seat 2: 7f6a92fa ($0.97 in chips)
Seat 3: 8c96d2e0 ($9.08 in chips)
Seat 4: d5868f33 ($5.44 in chips)
Seat 5: ff00ae8f ($4.16 in chips)
Seat 6: Hero ($5.1 in chips)
d5868f33: posts small blind $0.02
ff00ae8f: posts big blind $0.05
*** HOLE CARDS ***
Dealt to 85c9eef 
Dealt to 7f6a92fa 
Dealt to 8c96d2e0 
Dealt to d5868f33 
Dealt to ff00ae8f 
Dealt to Hero [2c Tc]
Hero: folds
85c9eef: raises $0.08 to $0.13
7f6a92fa: folds
8c96d2e0: folds
d5868f33: folds
ff00ae8f: folds
Uncalled bet ($0.08) returned to 85c9eef
*** SHOWDOWN ***
85c9eef collected $0.12 from pot
*** SUMMARY ***
Total pot $0.12 | Rake $0 | Jackpot $0 | Bingo $0 | Fortune $0 | Tax $0
Seat 1: 85c9eef collected ($0.12)
Seat 2: 7f6a92fa folded before Flop (didn't bet)
Seat 3: 8c96d2e0 (button) folded before Flop (didn't bet)
Seat 4: d5868f33 (small blind) folded before Flop
Seat 5: ff00ae8f (big blind) folded before Flop
Seat 6: Hero folded before Flop (didn't bet)


Poker Hand #HD1723045582: Hold'em No Limit ($0.02/$0.05) - 2024/04/09 19:56:31
Table 'NLHBlue20' 6-max Seat #2 is the button
Seat 1: 85c9eef ($5.48 in chips)
Seat 2: 7f6a92fa ($0.97 in chips)
Seat 3: 8c96d2e0 ($9.03 in chips)
Seat 4: d5868f33 ($5.49 in chips)
Seat 5: ff00ae8f ($4.16 in chips)
Seat 6: Hero ($5.1 in chips)
8c96d2e0: posts small blind $0.02
d5868f33: posts big blind $0.05
*** HOLE CARDS ***
Dealt to 85c9eef 
Dealt to 7f6a92fa 
Dealt to 8c96d2e0 
Dealt to d5868f33 
Dealt to ff00ae8f 
Dealt to Hero [5s Ks]
ff00ae8f: folds
Hero: folds
85c9eef: folds
7f6a92fa: folds
8c96d2e0: raises $0.08 to $0.13
d5868f33: folds
Uncalled bet ($0.08) returned to 8c96d2e0
*** SHOWDOWN ***
8c96d2e0 collected $0.1 from pot
*** SUMMARY ***
Total pot $0.1 | Rake $0 | Jackpot $0 | Bingo $0 | Fortune $0 | Tax $0
Seat 1: 85c9eef folded before Flop (didn't bet)
Seat 2: 7f6a92fa (button) folded before Flop (didn't bet)
Seat 3: 8c96d2e0 (small blind) collected ($0.1)
Seat 4: d5868f33 (big blind) folded before Flop
Seat 5: ff00ae8f folded before Flop (didn't bet)
Seat 6: Hero folded before Flop (didn't bet)


Poker Hand #HD1723045491: Hold'em No Limit ($0.02/$0.05) - 2024/04/09 19:55:57
Table 'NLHBlue20' 6-max Seat #1 is the button
Seat 1: 85c9eef ($5.41 in chips)
Seat 2: 7f6a92fa ($0.99 in chips)
Seat 3: 8c96d2e0 ($9.08 in chips)
Seat 4: d5868f33 ($5.49 in chips)
Seat 5: ff00ae8f ($4.16 in chips)
Seat 6: Hero ($5.1 in chips)
7f6a92fa: posts small blind $0.02
8c96d2e0: posts big blind $0.05
*** HOLE CARDS ***
Dealt to 85c9eef 
Dealt to 7f6a92fa 
Dealt to 8c96d2e0 
Dealt to d5868f33 
Dealt to ff00ae8f 
Dealt to Hero [3h Ad]
d5868f33: folds
ff00ae8f: folds
Hero: folds
85c9eef: raises $0.08 to $0.13
7f6a92fa: folds
8c96d2e0: folds
Uncalled bet ($0.08) returned to 85c9eef
*** SHOWDOWN ***
85c9eef collected $0.12 from pot
*** SUMMARY ***
Total pot $0.12 | Rake $0 | Jackpot $0 | Bingo $0 | Fortune $0 | Tax $0
Seat 1: 85c9eef (button) collected ($0.12)
Seat 2: 7f6a92fa (small blind) folded before Flop
Seat 3: 8c96d2e0 (big blind) folded before Flop
Seat 4: d5868f33 folded before Flop (didn't bet)
Seat 5: ff00ae8f folded before Flop (didn't bet)
Seat 6: Hero folded before Flop (didn't bet)


Poker Hand #HD1723045357: Hold'em No Limit ($0.02/$0.05) - 2024/04/09 19:55:10
Table 'NLHBlue20' 6-max Seat #6 is the button
Seat 1: 85c9eef ($5.43 in chips)
Seat 2: 7f6a92fa ($1.36 in chips)
Seat 3: 8c96d2e0 ($9.08 in chips)
Seat 4: d5868f33 ($5.49 in chips)
Seat 5: ff00ae8f ($3.8 in chips)
Seat 6: Hero ($5.1 in chips)
85c9eef: posts small blind $0.02
7f6a92fa: posts big blind $0.05
*** HOLE CARDS ***
Dealt to 85c9eef 
Dealt to 7f6a92fa 
Dealt to 8c96d2e0 
Dealt to d5868f33 
Dealt to ff00ae8f 
Dealt to Hero [9s 6c]
8c96d2e0: folds
d5868f33: folds
ff00ae8f: calls $0.05
Hero: folds
85c9eef: folds
7f6a92fa: checks
*** FLOP *** [2c Qc 4c]
7f6a92fa: checks
ff00ae8f: bets $0.09
7f6a92fa: calls $0.09
*** TURN *** [2c Qc 4c] [2h]
7f6a92fa: checks
ff00ae8f: bets $0.23
7f6a92fa: calls $0.23
*** RIVER *** [2c Qc 4c 2h] [7d]
7f6a92fa: checks
ff00ae8f: checks
7f6a92fa: shows [3h Ks] (Pair of Twos)
ff00ae8f: shows [Tc Qd] (Pair of Queens and Pair of Twos)
*** SHOWDOWN ***
ff00ae8f collected $0.73 from pot
*** SUMMARY ***
Total pot $0.76 | Rake $0.03 | Jackpot $0 | Bingo $0 | Fortune $0 | Tax $0
Board [2c Qc 4c 2h 7d]
Seat 1: 85c9eef (small blind) folded before Flop
Seat 2: 7f6a92fa (big blind) showed [3h Ks] and lost with Pair of Twos
Seat 3: 8c96d2e0 folded before Flop (didn't bet)
Seat 4: d5868f33 folded before Flop (didn't bet)
Seat 5: ff00ae8f showed [Tc Qd] and won ($0.73) with Pair of Queens and Pair of Twos
Seat 6: Hero (button) folded before Flop (didn't bet)


Poker Hand #HD1723045137: Hold'em No Limit ($0.02/$0.05) - 2024/04/09 19:53:43
Table 'NLHBlue20' 6-max Seat #5 is the button
Seat 1: 85c9eef ($6.67 in chips)
Seat 2: 7f6a92fa ($2.6 in chips)
Seat 3: 8c96d2e0 ($6.71 in chips)
Seat 4: d5868f33 ($5.49 in chips)
Seat 5: ff00ae8f ($3.91 in chips)
Seat 6: Hero ($5.12 in chips)
Hero: posts small blind $0.02
85c9eef: posts big blind $0.05
*** HOLE CARDS ***
Dealt to 85c9eef 
Dealt to 7f6a92fa 
Dealt to 8c96d2e0 
Dealt to d5868f33 
Dealt to ff00ae8f 
Dealt to Hero [9d 5s]
7f6a92fa: calls $0.05
8c96d2e0: raises $0.06 to $0.11
d5868f33: folds
ff00ae8f: calls $0.11
Hero: folds
85c9eef: raises $0.49 to $0.6
7f6a92fa: calls $0.55
8c96d2e0: raises $0.64 to $1.24
ff00ae8f: folds
85c9eef: calls $0.64
7f6a92fa: calls $0.64
*** FLOP *** [9c 9s Ad]
85c9eef: checks
7f6a92fa: checks
8c96d2e0: bets $1.28
85c9eef: folds
7f6a92fa: folds
Uncalled bet ($1.28) returned to 8c96d2e0
*** SHOWDOWN ***
8c96d2e0 collected $3.61 from pot
*** SUMMARY ***
Total pot $3.85 | Rake $0.19 | Jackpot $0.05 | Bingo $0 | Fortune $0 | Tax $0
Board [9c 9s Ad]
Seat 1: 85c9eef (big blind) folded on the Flop
Seat 2: 7f6a92fa folded on the Flop
Seat 3: 8c96d2e0 won ($3.61)
Seat 4: d5868f33 folded before Flop (didn't bet)
Seat 5: ff00ae8f (button) folded before Flop
Seat 6: Hero (small blind) folded before Flop


Poker Hand #HD1723045023: Hold'em No Limit ($0.02/$0.05) - 2024/04/09 19:53:02
Table 'NLHBlue20' 6-max Seat #4 is the button
Seat 1: 85c9eef ($6.67 in chips)
Seat 2: 7f6a92fa ($2.6 in chips)
Seat 3: 8c96d2e0 ($6.71 in chips)
Seat 4: d5868f33 ($5.49 in chips)
Seat 5: ff00ae8f ($3.64 in chips)
Seat 6: Hero ($5.42 in chips)
ff00ae8f: posts small blind $0.02
Hero: posts big blind $0.05
*** HOLE CARDS ***
Dealt to 85c9eef 
Dealt to 7f6a92fa 
Dealt to 8c96d2e0 
Dealt to d5868f33 
Dealt to ff00ae8f 
Dealt to Hero [2s Jh]
85c9eef: folds
7f6a92fa: folds
8c96d2e0: folds
d5868f33: folds
ff00ae8f: calls $0.03
Hero: checks
*** FLOP *** [7s 3c 7d]
ff00ae8f: checks
Hero: checks
*** TURN *** [7s 3c 7d] [Tc]
ff00ae8f: checks
Hero: bets $0.05
ff00ae8f: calls $0.05
*** RIVER *** [7s 3c 7d Tc] [Jc]
ff00ae8f: bets $0.2
Hero: calls $0.2
ff00ae8f: shows [7c 6c] (Jack High Flush)
Hero: shows [2s Jh] (Pair of Jacks and Pair of Sevens)
*** SHOWDOWN ***
ff00ae8f collected $0.57 from pot
*** SUMMARY ***
Total pot $0.6 | Rake $0.03 | Jackpot $0 | Bingo $0 | Fortune $0 | Tax $0
Board [7s 3c 7d Tc Jc]
Seat 1: 85c9eef folded before Flop (didn't bet)
Seat 2: 7f6a92fa folded before Flop (didn't bet)
Seat 3: 8c96d2e0 folded before Flop (didn't bet)
Seat 4: d5868f33 (button) folded before Flop (didn't bet)
Seat 5: ff00ae8f (small blind) showed [7c 6c] and won ($0.57) with Jack High Flush
Seat 6: Hero (big blind) showed [2s Jh] and lost with Pair of Jacks and Pair of Sevens


Poker Hand #HD1723044963: Hold'em No Limit ($0.02/$0.05) - 2024/04/09 19:52:35
Table 'NLHBlue20' 6-max Seat #3 is the button
Seat 1: 85c9eef ($6.67 in chips)
Seat 2: 7f6a92fa ($2.6 in chips)
Seat 3: 8c96d2e0 ($6.71 in chips)
Seat 4: d5868f33 ($5.51 in chips)
Seat 5: ff00ae8f ($3.74 in chips)
Seat 6: Hero ($5.31 in chips)
d5868f33: posts small blind $0.02
ff00ae8f: posts big blind $0.05
*** HOLE CARDS ***
Dealt to 85c9eef 
Dealt to 7f6a92fa 
Dealt to 8c96d2e0 
Dealt to d5868f33 
Dealt to ff00ae8f 
Dealt to Hero [Jd Qs]
Hero: raises $0.05 to $0.1
85c9eef: folds
7f6a92fa: folds
8c96d2e0: folds
d5868f33: folds
ff00ae8f: calls $0.05
*** FLOP *** [Ts 3s 6s]
ff00ae8f: checks
Hero: checks
*** TURN *** [Ts 3s 6s] [2s]
ff00ae8f: checks
Hero: bets $0.1
ff00ae8f: folds
Uncalled bet ($0.1) returned to Hero
*** SHOWDOWN ***
Hero collected $0.21 from pot
*** SUMMARY ***
Total pot $0.22 | Rake $0.01 | Jackpot $0 | Bingo $0 | Fortune $0 | Tax $0
Board [Ts 3s 6s 2s]
Seat 1: 85c9eef folded before Flop (didn't bet)
Seat 2: 7f6a92fa folded before Flop (didn't bet)
Seat 3: 8c96d2e0 (button) folded before Flop (didn't bet)
Seat 4: d5868f33 (small blind) folded before Flop
Seat 5: ff00ae8f (big blind) folded on the Turn
Seat 6: Hero won ($0.21)


Poker Hand #HD1723044791: Hold'em No Limit ($0.02/$0.05) - 2024/04/09 19:51:33
Table 'NLHBlue20' 6-max Seat #2 is the button
Seat 1: 85c9eef ($6.67 in chips)
Seat 2: 7f6a92fa ($2.19 in chips)
Seat 3: 8c96d2e0 ($6.73 in chips)
Seat 4: d5868f33 ($5.56 in chips)
Seat 5: ff00ae8f ($4.12 in chips)
Seat 6: Hero ($5.31 in chips)
8c96d2e0: posts small blind $0.02
d5868f33: posts big blind $0.05
*** HOLE CARDS ***
Dealt to 85c9eef 
Dealt to 7f6a92fa 
Dealt to 8c96d2e0 
Dealt to d5868f33 
Dealt to ff00ae8f 
Dealt to Hero [4d 2c]
ff00ae8f: calls $0.05
Hero: folds
85c9eef: folds
7f6a92fa: calls $0.05
8c96d2e0: folds
d5868f33: checks
*** FLOP *** [9s Ts Ac]
d5868f33: checks
ff00ae8f: bets $0.06
7f6a92fa: calls $0.06
d5868f33: folds
*** TURN *** [9s Ts Ac] [Tc]
ff00ae8f: bets $0.1
7f6a92fa: raises $0.17 to $0.27
ff00ae8f: calls $0.17
*** RIVER *** [9s Ts Ac Tc] [Kc]
ff00ae8f: checks
7f6a92fa: bets $0.83
ff00ae8f: folds
Uncalled bet ($0.83) returned to 7f6a92fa
*** SHOWDOWN ***
7f6a92fa collected $0.79 from pot
*** SUMMARY ***
Total pot $0.83 | Rake $0.04 | Jackpot $0 | Bingo $0 | Fortune $0 | Tax $0
Board [9s Ts Ac Tc Kc]
Seat 1: 85c9eef folded before Flop (didn't bet)
Seat 2: 7f6a92fa (button) won ($0.79)
Seat 3: 8c96d2e0 (small blind) folded before Flop
Seat 4: d5868f33 (big blind) folded on the Flop
Seat 5: ff00ae8f folded on the River
Seat 6: Hero folded before Flop (didn't bet)


Poker Hand #HD1723044682: Hold'em No Limit ($0.02/$0.05) - 2024/04/09 19:50:47
Table 'NLHBlue20' 6-max Seat #1 is the button
Seat 1: 85c9eef ($6.67 in chips)
Seat 2: 7f6a92fa ($2.05 in chips)
Seat 3: 8c96d2e0 ($6.78 in chips)
Seat 4: d5868f33 ($5.56 in chips)
Seat 5: ff00ae8f ($4.22 in chips)
Seat 6: Hero ($5.31 in chips)
7f6a92fa: posts small blind $0.02
8c96d2e0: posts big blind $0.05
*** HOLE CARDS ***
Dealt to 85c9eef 
Dealt to 7f6a92fa 
Dealt to 8c96d2e0 
Dealt to d5868f33 
Dealt to ff00ae8f 
Dealt to Hero [8c 3s]
d5868f33: folds
ff00ae8f: calls $0.05
Hero: folds
85c9eef: folds
7f6a92fa: calls $0.03
8c96d2e0: checks
*** FLOP *** [6c 6h 9d]
7f6a92fa: bets $0.05
8c96d2e0: folds
ff00ae8f: calls $0.05
*** TURN *** [6c 6h 9d] [4s]
7f6a92fa: bets $0.09
ff00ae8f: folds
Uncalled bet ($0.09) returned to 7f6a92fa
*** SHOWDOWN ***
7f6a92fa collected $0.24 from pot
*** SUMMARY ***
Total pot $0.25 | Rake $0.01 | Jackpot $0 | Bingo $0 | Fortune $0 | Tax $0
Board [6c 6h 9d 4s]
Seat 1: 85c9eef (button) folded before Flop (didn't bet)
Seat 2: 7f6a92fa (small blind) won ($0.24)
Seat 3: 8c96d2e0 (big blind) folded on the Flop
Seat 4: d5868f33 folded before Flop (didn't bet)
Seat 5: ff00ae8f folded on the Turn
Seat 6: Hero folded before Flop (didn't bet)


Poker Hand #HD1723044648: Hold'em No Limit ($0.02/$0.05) - 2024/04/09 19:50:33
Table 'NLHBlue20' 6-max Seat #6 is the button
Seat 1: 85c9eef ($6.69 in chips)
Seat 2: 7f6a92fa ($2.03 in chips)
Seat 3: 8c96d2e0 ($6.78 in chips)
Seat 4: d5868f33 ($5.56 in chips)
Seat 5: ff00ae8f ($4.22 in chips)
Seat 6: Hero ($5.31 in chips)
85c9eef: posts small blind $0.02
7f6a92fa: posts big blind $0.05
*** HOLE CARDS ***
Dealt to 85c9eef 
Dealt to 7f6a92fa 
Dealt to 8c96d2e0 
Dealt to d5868f33 
Dealt to ff00ae8f 
Dealt to Hero [4c Ts]
8c96d2e0: folds
d5868f33: folds
ff00ae8f: folds
Hero: folds
85c9eef: folds
Uncalled bet ($0.03) returned to 7f6a92fa
*** SHOWDOWN ***
7f6a92fa collected $0.04 from pot
*** SUMMARY ***
Total pot $0.04 | Rake $0 | Jackpot $0 | Bingo $0 | Fortune $0 | Tax $0
Seat 1: 85c9eef (small blind) folded before Flop
Seat 2: 7f6a92fa (big blind) collected ($0.04)
Seat 3: 8c96d2e0 folded before Flop (didn't bet)
Seat 4: d5868f33 folded before Flop (didn't bet)
Seat 5: ff00ae8f folded before Flop (didn't bet)
Seat 6: Hero (button) folded before Flop (didn't bet)


Poker Hand #HD1723044586: Hold'em No Limit ($0.02/$0.05) - 2024/04/09 19:50:09
Table 'NLHBlue20' 6-max Seat #5 is the button
Seat 1: 85c9eef ($6.74 in chips)
Seat 2: 7f6a92fa ($2.03 in chips)
Seat 3: 8c96d2e0 ($6.78 in chips)
Seat 4: d5868f33 ($5.56 in chips)
Seat 5: ff00ae8f ($4.22 in chips)
Seat 6: Hero ($5.26 in chips)
Hero: posts small blind $0.02
85c9eef: posts big blind $0.05
*** HOLE CARDS ***
Dealt to 85c9eef 
Dealt to 7f6a92fa 
Dealt to 8c96d2e0 
Dealt to d5868f33 
Dealt to ff00ae8f 
Dealt to Hero [Kd 9h]
7f6a92fa: folds
8c96d2e0: folds
d5868f33: folds
ff00ae8f: folds
Hero: raises $0.1 to $0.15
85c9eef: folds
Uncalled bet ($0.1) returned to Hero
*** SHOWDOWN ***
Hero collected $0.1 from pot
*** SUMMARY ***
Total pot $0.1 | Rake $0 | Jackpot $0 | Bingo $0 | Fortune $0 | Tax $0
Seat 1: 85c9eef (big blind) folded before Flop
Seat 2: 7f6a92fa folded before Flop (didn't bet)
Seat 3: 8c96d2e0 folded before Flop (didn't bet)
Seat 4: d5868f33 folded before Flop (didn't bet)
Seat 5: ff00ae8f (button) folded before Flop (didn't bet)
Seat 6: Hero (small blind) collected ($0.1)


Poker Hand #HD1723044446: Hold'em No Limit ($0.02/$0.05) - 2024/04/09 19:49:20
Table 'NLHBlue20' 6-max Seat #4 is the button
Seat 1: 85c9eef ($6.74 in chips)
Seat 2: 7f6a92fa ($2.03 in chips)
Seat 3: 8c96d2e0 ($6.78 in chips)
Seat 4: d5868f33 ($5.56 in chips)
Seat 5: ff00ae8f ($4.27 in chips)
Seat 6: Hero ($5.21 in chips)
ff00ae8f: posts small blind $0.02
Hero: posts big blind $0.05
*** HOLE CARDS ***
Dealt to 85c9eef 
Dealt to 7f6a92fa 
Dealt to 8c96d2e0 
Dealt to d5868f33 
Dealt to ff00ae8f 
Dealt to Hero [5s 6s]
85c9eef: folds
7f6a92fa: folds
8c96d2e0: folds
d5868f33: folds
ff00ae8f: calls $0.03
Hero: checks
*** FLOP *** [Tc 3d 8s]
ff00ae8f: checks
Hero: checks
*** TURN *** [Tc 3d 8s] [6d]
ff00ae8f: checks
Hero: checks
*** RIVER *** [Tc 3d 8s 6d] [As]
ff00ae8f: checks
Hero: checks
ff00ae8f: shows [4h 5h] (Ace-High)
Hero: shows [5s 6s] (Pair of Sixes)
*** SHOWDOWN ***
Hero collected $0.1 from pot
*** SUMMARY ***
Total pot $0.1 | Rake $0 | Jackpot $0 | Bingo $0 | Fortune $0 | Tax $0
Board [Tc 3d 8s 6d As]
Seat 1: 85c9eef folded before Flop (didn't bet)
Seat 2: 7f6a92fa folded before Flop (didn't bet)
Seat 3: 8c96d2e0 folded before Flop (didn't bet)
Seat 4: d5868f33 (button) folded before Flop (didn't bet)
Seat 5: ff00ae8f (small blind) showed [4h 5h] and lost with Ace-High
Seat 6: Hero (big blind) showed [5s 6s] and won ($0.1) with Pair of Sixes


Poker Hand #HD1723044326: Hold'em No Limit ($0.02/$0.05) - 2024/04/09 19:48:35
Table 'NLHBlue20' 6-max Seat #3 is the button
Seat 1: 85c9eef ($6.74 in chips)
Seat 2: 7f6a92fa ($2.03 in chips)
Seat 3: 8c96d2e0 ($6.78 in chips)
Seat 4: d5868f33 ($5.58 in chips)
Seat 5: ff00ae8f ($4.48 in chips)
Seat 6: Hero ($5 in chips)
d5868f33: posts small blind $0.02
ff00ae8f: posts big blind $0.05
*** HOLE CARDS ***
Dealt to 85c9eef 
Dealt to 7f6a92fa 
Dealt to 8c96d2e0 
Dealt to d5868f33 
Dealt to ff00ae8f 
Dealt to Hero [Ac Td]
Hero: raises $0.05 to $0.1
85c9eef: folds
7f6a92fa: folds
8c96d2e0: folds
d5868f33: folds
ff00ae8f: calls $0.05
*** FLOP *** [2h 5s 7h]
ff00ae8f: checks
Hero: checks
*** TURN *** [2h 5s 7h] [8c]
ff00ae8f: checks
Hero: checks
*** RIVER *** [2h 5s 7h 8c] [5d]
ff00ae8f: bets $0.11
Hero: calls $0.11
ff00ae8f: shows [Qh Ks] (Pair of Fives)
Hero: shows [Ac Td] (Pair of Fives)
*** SHOWDOWN ***
Hero collected $0.42 from pot
*** SUMMARY ***
Total pot $0.44 | Rake $0.02 | Jackpot $0 | Bingo $0 | Fortune $0 | Tax $0
Board [2h 5s 7h 8c 5d]
Seat 1: 85c9eef folded before Flop (didn't bet)
Seat 2: 7f6a92fa folded before Flop (didn't bet)
Seat 3: 8c96d2e0 (button) folded before Flop (didn't bet)
Seat 4: d5868f33 (small blind) folded before Flop
Seat 5: ff00ae8f (big blind) showed [Qh Ks] and lost with Pair of Fives
Seat 6: Hero showed [Ac Td] and won ($0.42) with Pair of Fives


Poker Hand #HD1723044261: Hold'em No Limit ($0.02/$0.05) - 2024/04/09 19:48:10
Table 'NLHBlue20' 6-max Seat #2 is the button
Seat 1: 85c9eef ($6.54 in chips)
Seat 2: 7f6a92fa ($2.03 in chips)
Seat 3: 8c96d2e0 ($6.8 in chips)
Seat 4: d5868f33 ($5.63 in chips)
Seat 5: ff00ae8f ($4.62 in chips)
Seat 6: Hero ($5 in chips)
8c96d2e0: posts small blind $0.02
d5868f33: posts big blind $0.05
*** HOLE CARDS ***
Dealt to 85c9eef 
Dealt to 7f6a92fa 
Dealt to 8c96d2e0 
Dealt to d5868f33 
Dealt to ff00ae8f 
Dealt to Hero [3s Th]
ff00ae8f: calls $0.05
Hero: folds
85c9eef: raises $0.09 to $0.14
7f6a92fa: folds
8c96d2e0: folds
d5868f33: folds
ff00ae8f: calls $0.09
*** FLOP *** [As 7c 9c]
ff00ae8f: checks
85c9eef: bets $0.18
ff00ae8f: folds
Uncalled bet ($0.18) returned to 85c9eef
*** SHOWDOWN ***
85c9eef collected $0.34 from pot
*** SUMMARY ***
Total pot $0.35 | Rake $0.01 | Jackpot $0 | Bingo $0 | Fortune $0 | Tax $0
Board [As 7c 9c]
Seat 1: 85c9eef won ($0.34)
Seat 2: 7f6a92fa (button) folded before Flop (didn't bet)
Seat 3: 8c96d2e0 (small blind) folded before Flop
Seat 4: d5868f33 (big blind) folded before Flop
Seat 5: ff00ae8f folded on the Flop
Seat 6: Hero folded before Flop (didn't bet)


Poker Hand #HD1723044109: Hold'em No Limit ($0.02/$0.05) - 2024/04/09 19:47:10
Table 'NLHBlue20' 6-max Seat #1 is the button
Seat 1: 85c9eef ($6.54 in chips)
Seat 2: 7f6a92fa ($2.05 in chips)
Seat 3: 8c96d2e0 ($6.91 in chips)
Seat 4: d5868f33 ($5.63 in chips)
Seat 5: ff00ae8f ($4.5 in chips)
Seat 6: Hero ($5 in chips)
7f6a92fa: posts small blind $0.02
8c96d2e0: posts big blind $0.05
*** HOLE CARDS ***
Dealt to 85c9eef 
Dealt to 7f6a92fa 
Dealt to 8c96d2e0 
Dealt to d5868f33 
Dealt to ff00ae8f 
Dealt to Hero [5h Ks]
d5868f33: folds
ff00ae8f: calls $0.05
Hero: folds
85c9eef: folds
7f6a92fa: folds
8c96d2e0: checks
*** FLOP *** [6d 9c 5c]
8c96d2e0: checks
ff00ae8f: bets $0.06
8c96d2e0: calls $0.06
*** TURN *** [6d 9c 5c] [4d]
8c96d2e0: checks
ff00ae8f: bets $0.12
8c96d2e0: folds
Uncalled bet ($0.12) returned to ff00ae8f
*** SHOWDOWN ***
ff00ae8f collected $0.23 from pot
*** SUMMARY ***
Total pot $0.24 | Rake $0.01 | Jackpot $0 | Bingo $0 | Fortune $0 | Tax $0
Board [6d 9c 5c 4d]
Seat 1: 85c9eef (button) folded before Flop (didn't bet)
Seat 2: 7f6a92fa (small blind) folded before Flop
Seat 3: 8c96d2e0 (big blind) folded on the Turn
Seat 4: d5868f33 folded before Flop (didn't bet)
Seat 5: ff00ae8f won ($0.23)
Seat 6: Hero folded before Flop (didn't bet)


Poker Hand #HD1723044004: Hold'em No Limit ($0.02/$0.05) - 2024/04/09 19:46:33
Table 'NLHBlue20' 6-max Seat #6 is the button
Seat 1: 85c9eef ($6.56 in chips)
Seat 2: 7f6a92fa ($2.18 in chips)
Seat 3: 8c96d2e0 ($6.77 in chips)
Seat 4: d5868f33 ($5.63 in chips)
Seat 5: ff00ae8f ($4.5 in chips)
Seat 6: Hero ($5 in chips)
85c9eef: posts small blind $0.02
7f6a92fa: posts big blind $0.05
*** HOLE CARDS ***
Dealt to 85c9eef 
Dealt to 7f6a92fa 
Dealt to 8c96d2e0 
Dealt to d5868f33 
Dealt to ff00ae8f 
Dealt to Hero [Ac 9d]
8c96d2e0: raises $0.08 to $0.13
d5868f33: folds
ff00ae8f: folds
Hero: folds
85c9eef: folds
7f6a92fa: calls $0.08
*** FLOP *** [6s 6c 5s]
7f6a92fa: checks
8c96d2e0: bets $0.1
7f6a92fa: folds
Uncalled bet ($0.1) returned to 8c96d2e0
*** SHOWDOWN ***
8c96d2e0 collected $0.27 from pot
*** SUMMARY ***
Total pot $0.28 | Rake $0.01 | Jackpot $0 | Bingo $0 | Fortune $0 | Tax $0
Board [6s 6c 5s]
Seat 1: 85c9eef (small blind) folded before Flop
Seat 2: 7f6a92fa (big blind) folded on the Flop
Seat 3: 8c96d2e0 won ($0.27)
Seat 4: d5868f33 folded before Flop (didn't bet)
Seat 5: ff00ae8f folded before Flop (didn't bet)
Seat 6: Hero (button) folded before Flop (didn't bet)


Poker Hand #HD1723043944: Hold'em No Limit ($0.02/$0.05) - 2024/04/09 19:46:08
Table 'NLHBlue20' 6-max Seat #5 is the button
Seat 1: 85c9eef ($6.61 in chips)
Seat 2: 7f6a92fa ($2.23 in chips)
Seat 3: 8c96d2e0 ($6.77 in chips)
Seat 4: d5868f33 ($5.51 in chips)
Seat 5: ff00ae8f ($4.5 in chips)
Seat 6: Hero ($5 in chips)
Hero: posts small blind $0.02
85c9eef: posts big blind $0.05
*** HOLE CARDS ***
Dealt to 85c9eef 
Dealt to 7f6a92fa 
Dealt to 8c96d2e0 
Dealt to d5868f33 
Dealt to ff00ae8f 
Dealt to Hero [2h 2d]
7f6a92fa: calls $0.05
8c96d2e0: folds
d5868f33: raises $0.14 to $0.19
ff00ae8f: folds
Hero: folds
85c9eef: folds
7f6a92fa: folds
Uncalled bet ($0.14) returned to d5868f33
*** SHOWDOWN ***
d5868f33 collected $0.17 from pot
*** SUMMARY ***
Total pot $0.17 | Rake $0 | Jackpot $0 | Bingo $0 | Fortune $0 | Tax $0
Seat 1: 85c9eef (big blind) folded before Flop
Seat 2: 7f6a92fa folded before Flop
Seat 3: 8c96d2e0 folded before Flop (didn't bet)
Seat 4: d5868f33 collected ($0.17)
Seat 5: ff00ae8f (button) folded before Flop (didn't bet)
Seat 6: Hero (small blind) folded before Flop


Poker Hand #HD1723043819: Hold'em No Limit ($0.02/$0.05) - 2024/04/09 19:45:23
Table 'NLHBlue20' 6-max Seat #4 is the button
Seat 1: 85c9eef ($6.61 in chips)
Seat 2: 7f6a92fa ($2.48 in chips)
Seat 3: 8c96d2e0 ($6.77 in chips)
Seat 4: d5868f33 ($5 in chips)
Seat 5: ff00ae8f ($4.55 in chips)
Seat 6: Hero ($5 in chips)
ff00ae8f: posts small blind $0.02
Hero: posts big blind $0.05
*** HOLE CARDS ***
Dealt to 85c9eef 
Dealt to 7f6a92fa 
Dealt to 8c96d2e0 
Dealt to d5868f33 
Dealt to ff00ae8f 
Dealt to Hero [Kd Qd]
85c9eef: folds
7f6a92fa: calls $0.05
8c96d2e0: folds
d5868f33: calls $0.05
ff00ae8f: calls $0.03
Hero: raises $0.2 to $0.25
7f6a92fa: calls $0.2
d5868f33: calls $0.2
ff00ae8f: folds
*** FLOP *** [Kc Ah 9c]
Hero: checks
7f6a92fa: checks
d5868f33: bets $0.4
Hero: folds
7f6a92fa: folds
Uncalled bet ($0.4) returned to d5868f33
*** SHOWDOWN ***
d5868f33 collected $0.76 from pot
*** SUMMARY ***
Total pot $0.8 | Rake $0.04 | Jackpot $0 | Bingo $0 | Fortune $0 | Tax $0
Board [Kc Ah 9c]
Seat 1: 85c9eef folded before Flop (didn't bet)
Seat 2: 7f6a92fa folded on the Flop
Seat 3: 8c96d2e0 folded before Flop (didn't bet)
Seat 4: d5868f33 (button) won ($0.76)
Seat 5: ff00ae8f (small blind) folded before Flop
Seat 6: Hero (big blind) folded on the Flop


