Poker Hand #HD1750284684: Hold'em No Limit ($0.02/$0.05) - 2024/04/28 18:25:54
Table 'NLHBlue41' 6-max Seat #1 is the button
Seat 1: b0bedffc ($5.9 in chips)
Seat 2: d42b7fe ($6.53 in chips)
Seat 3: c6765e4 ($6.45 in chips)
Seat 4: 70b69753 ($12.74 in chips)
Seat 5: 51c1e62b ($7.06 in chips)
Seat 6: Hero ($9.26 in chips)
d42b7fe: posts small blind $0.02
c6765e4: posts big blind $0.05
*** HOLE CARDS ***
Dealt to b0bedffc 
Dealt to d42b7fe 
Dealt to c6765e4 
Dealt to 70b69753 
Dealt to 51c1e62b 
Dealt to Hero [6s 5d]
70b69753: raises $0.1 to $0.15
51c1e62b: folds
Hero: folds
b0bedffc: folds
d42b7fe: folds
c6765e4: calls $0.1
*** FLOP *** [2h 4h Kh]
c6765e4: checks
70b69753: bets $0.16
c6765e4: folds
Uncalled bet ($0.16) returned to 70b69753
*** SHOWDOWN ***
70b69753 collected $0.31 from pot
*** SUMMARY ***
Total pot $0.32 | Rake $0.01 | Jackpot $0 | Bingo $0 | Fortune $0 | Tax $0
Board [2h 4h Kh]
Seat 1: b0bedffc (button) folded before Flop (didn't bet)
Seat 2: d42b7fe (small blind) folded before Flop
Seat 3: c6765e4 (big blind) folded on the Flop
Seat 4: 70b69753 won ($0.31)
Seat 5: 51c1e62b folded before Flop (didn't bet)
Seat 6: Hero folded before Flop (didn't bet)


Poker Hand #HD1750284586: Hold'em No Limit ($0.02/$0.05) - 2024/04/28 18:25:01
Table 'NLHBlue41' 6-max Seat #6 is the button
Seat 1: b0bedffc ($5.92 in chips)
Seat 2: d42b7fe ($6.58 in chips)
Seat 3: c6765e4 ($6.55 in chips)
Seat 4: 70b69753 ($12.84 in chips)
Seat 5: 51c1e62b ($6.8 in chips)
Seat 6: Hero ($9.26 in chips)
b0bedffc: posts small blind $0.02
d42b7fe: posts big blind $0.05
*** HOLE CARDS ***
Dealt to b0bedffc 
Dealt to d42b7fe 
Dealt to c6765e4 
Dealt to 70b69753 
Dealt to 51c1e62b 
Dealt to Hero [7s Ts]
c6765e4: raises $0.05 to $0.1
70b69753: calls $0.1
51c1e62b: raises $0.5 to $0.6
Hero: folds
b0bedffc: folds
d42b7fe: folds
c6765e4: folds
70b69753: folds
Uncalled bet ($0.5) returned to 51c1e62b
*** SHOWDOWN ***
51c1e62b collected $0.36 from pot
*** SUMMARY ***
Total pot $0.37 | Rake $0.01 | Jackpot $0 | Bingo $0 | Fortune $0 | Tax $0
Seat 1: b0bedffc (small blind) folded before Flop
Seat 2: d42b7fe (big blind) folded before Flop
Seat 3: c6765e4 folded before Flop
Seat 4: 70b69753 folded before Flop
Seat 5: 51c1e62b collected ($0.36)
Seat 6: Hero (button) folded before Flop (didn't bet)


Poker Hand #HD1750284551: Hold'em No Limit ($0.02/$0.05) - 2024/04/28 18:24:44
Table 'NLHBlue41' 6-max Seat #5 is the button
Seat 1: b0bedffc ($5.97 in chips)
Seat 2: d42b7fe ($6.58 in chips)
Seat 3: c6765e4 ($6.55 in chips)
Seat 4: 70b69753 ($12.84 in chips)
Seat 5: 51c1e62b ($6.73 in chips)
Seat 6: Hero ($9.28 in chips)
Hero: posts small blind $0.02
b0bedffc: posts big blind $0.05
*** HOLE CARDS ***
Dealt to b0bedffc 
Dealt to d42b7fe 
Dealt to c6765e4 
Dealt to 70b69753 
Dealt to 51c1e62b 
Dealt to Hero [6d 4d]
d42b7fe: folds
c6765e4: folds
70b69753: folds
51c1e62b: raises $0.1 to $0.15
Hero: folds
b0bedffc: folds
Uncalled bet ($0.1) returned to 51c1e62b
*** SHOWDOWN ***
51c1e62b collected $0.12 from pot
*** SUMMARY ***
Total pot $0.12 | Rake $0 | Jackpot $0 | Bingo $0 | Fortune $0 | Tax $0
Seat 1: b0bedffc (big blind) folded before Flop
Seat 2: d42b7fe folded before Flop (didn't bet)
Seat 3: c6765e4 folded before Flop (didn't bet)
Seat 4: 70b69753 folded before Flop (didn't bet)
Seat 5: 51c1e62b (button) collected ($0.12)
Seat 6: Hero (small blind) folded before Flop


Poker Hand #HD1750284489: Hold'em No Limit ($0.02/$0.05) - 2024/04/28 18:24:14
Table 'NLHBlue41' 6-max Seat #4 is the button
Seat 1: b0bedffc ($5.97 in chips)
Seat 2: d42b7fe ($6.58 in chips)
Seat 3: c6765e4 ($6.55 in chips)
Seat 4: 70b69753 ($12.77 in chips)
Seat 5: 51c1e62b ($6.75 in chips)
Seat 6: Hero ($9.33 in chips)
51c1e62b: posts small blind $0.02
Hero: posts big blind $0.05
*** HOLE CARDS ***
Dealt to b0bedffc 
Dealt to d42b7fe 
Dealt to c6765e4 
Dealt to 70b69753 
Dealt to 51c1e62b 
Dealt to Hero [4d 6d]
b0bedffc: folds
d42b7fe: folds
c6765e4: folds
70b69753: calls $0.05
51c1e62b: folds
Hero: checks
*** FLOP *** [Jc Js 9c]
Hero: checks
70b69753: bets $0.09
Hero: folds
Uncalled bet ($0.09) returned to 70b69753
*** SHOWDOWN ***
70b69753 collected $0.12 from pot
*** SUMMARY ***
Total pot $0.12 | Rake $0 | Jackpot $0 | Bingo $0 | Fortune $0 | Tax $0
Board [Jc Js 9c]
Seat 1: b0bedffc folded before Flop (didn't bet)
Seat 2: d42b7fe folded before Flop (didn't bet)
Seat 3: c6765e4 folded before Flop (didn't bet)
Seat 4: 70b69753 (button) won ($0.12)
Seat 5: 51c1e62b (small blind) folded before Flop
Seat 6: Hero (big blind) folded on the Flop


Poker Hand #HD1750284454: Hold'em No Limit ($0.02/$0.05) - 2024/04/28 18:23:55
Table 'NLHBlue41' 6-max Seat #3 is the button
Seat 1: b0bedffc ($5.97 in chips)
Seat 2: d42b7fe ($6.58 in chips)
Seat 3: c6765e4 ($6.55 in chips)
Seat 4: 70b69753 ($12.79 in chips)
Seat 5: 51c1e62b ($6.73 in chips)
Seat 6: Hero ($9.33 in chips)
70b69753: posts small blind $0.02
51c1e62b: posts big blind $0.05
*** HOLE CARDS ***
Dealt to b0bedffc 
Dealt to d42b7fe 
Dealt to c6765e4 
Dealt to 70b69753 
Dealt to 51c1e62b 
Dealt to Hero [Ah 8s]
Hero: folds
b0bedffc: folds
d42b7fe: folds
c6765e4: folds
70b69753: folds
Uncalled bet ($0.03) returned to 51c1e62b
*** SHOWDOWN ***
51c1e62b collected $0.04 from pot
*** SUMMARY ***
Total pot $0.04 | Rake $0 | Jackpot $0 | Bingo $0 | Fortune $0 | Tax $0
Seat 1: b0bedffc folded before Flop (didn't bet)
Seat 2: d42b7fe folded before Flop (didn't bet)
Seat 3: c6765e4 (button) folded before Flop (didn't bet)
Seat 4: 70b69753 (small blind) folded before Flop
Seat 5: 51c1e62b (big blind) collected ($0.04)
Seat 6: Hero folded before Flop (didn't bet)


Poker Hand #HD1750284347: Hold'em No Limit ($0.02/$0.05) - 2024/04/28 18:23:07
Table 'NLHBlue41' 6-max Seat #2 is the button
Seat 1: b0bedffc ($6.07 in chips)
Seat 2: d42b7fe ($6.58 in chips)
Seat 3: c6765e4 ($6.57 in chips)
Seat 4: 70b69753 ($13.05 in chips)
Seat 5: 51c1e62b ($6.73 in chips)
Seat 6: Hero ($8.98 in chips)
c6765e4: posts small blind $0.02
70b69753: posts big blind $0.05
*** HOLE CARDS ***
Dealt to b0bedffc 
Dealt to d42b7fe 
Dealt to c6765e4 
Dealt to 70b69753 
Dealt to 51c1e62b 
Dealt to Hero [Js Jc]
51c1e62b: folds
Hero: raises $0.05 to $0.1
b0bedffc: calls $0.1
d42b7fe: folds
c6765e4: folds
70b69753: raises $0.16 to $0.26
Hero: raises $0.53 to $0.79
b0bedffc: folds
70b69753: folds
Uncalled bet ($0.53) returned to Hero
*** SHOWDOWN ***
Hero collected $0.61 from pot
*** SUMMARY ***
Total pot $0.64 | Rake $0.03 | Jackpot $0 | Bingo $0 | Fortune $0 | Tax $0
Seat 1: b0bedffc folded before Flop
Seat 2: d42b7fe (button) folded before Flop (didn't bet)
Seat 3: c6765e4 (small blind) folded before Flop
Seat 4: 70b69753 (big blind) folded before Flop
Seat 5: 51c1e62b folded before Flop (didn't bet)
Seat 6: Hero collected ($0.61)


Poker Hand #HD1750284132: Hold'em No Limit ($0.02/$0.05) - 2024/04/28 18:21:22
Table 'NLHBlue41' 6-max Seat #1 is the button
Seat 1: b0bedffc ($6.07 in chips)
Seat 2: d42b7fe ($6.6 in chips)
Seat 3: c6765e4 ($6.35 in chips)
Seat 4: 70b69753 ($13.05 in chips)
Seat 5: 51c1e62b ($6.95 in chips)
Seat 6: Hero ($8.98 in chips)
d42b7fe: posts small blind $0.02
c6765e4: posts big blind $0.05
*** HOLE CARDS ***
Dealt to b0bedffc 
Dealt to d42b7fe 
Dealt to c6765e4 
Dealt to 70b69753 
Dealt to 51c1e62b 
Dealt to Hero [3h 6h]
70b69753: folds
51c1e62b: raises $0.05 to $0.1
Hero: folds
b0bedffc: folds
d42b7fe: folds
c6765e4: calls $0.05
*** FLOP *** [9c Ac 5c]
c6765e4: checks
51c1e62b: checks
*** TURN *** [9c Ac 5c] [8c]
c6765e4: checks
51c1e62b: checks
*** RIVER *** [9c Ac 5c 8c] [8h]
c6765e4: bets $0.12
51c1e62b: calls $0.12
c6765e4: shows [Ks 8s] (Three Eights)
51c1e62b: shows [6d Ad] (Pair of Aces and Pair of Eights)
*** SHOWDOWN ***
c6765e4 collected $0.44 from pot
*** SUMMARY ***
Total pot $0.46 | Rake $0.02 | Jackpot $0 | Bingo $0 | Fortune $0 | Tax $0
Board [9c Ac 5c 8c 8h]
Seat 1: b0bedffc (button) folded before Flop (didn't bet)
Seat 2: d42b7fe (small blind) folded before Flop
Seat 3: c6765e4 (big blind) showed [Ks 8s] and won ($0.44) with Three Eights
Seat 4: 70b69753 folded before Flop (didn't bet)
Seat 5: 51c1e62b showed [6d Ad] and lost with Pair of Aces and Pair of Eights
Seat 6: Hero folded before Flop (didn't bet)


Poker Hand #HD1750283952: Hold'em No Limit ($0.02/$0.05) - 2024/04/28 18:20:01
Table 'NLHBlue41' 6-max Seat #6 is the button
Seat 1: b0bedffc ($6.09 in chips)
Seat 2: d42b7fe ($6.65 in chips)
Seat 3: c6765e4 ($5.69 in chips)
Seat 4: 70b69753 ($13.71 in chips)
Seat 5: 51c1e62b ($6.95 in chips)
Seat 6: Hero ($8.98 in chips)
b0bedffc: posts small blind $0.02
d42b7fe: posts big blind $0.05
*** HOLE CARDS ***
Dealt to b0bedffc 
Dealt to d42b7fe 
Dealt to c6765e4 
Dealt to 70b69753 
Dealt to 51c1e62b 
Dealt to Hero [3h Ts]
c6765e4: raises $0.05 to $0.1
70b69753: calls $0.1
51c1e62b: folds
Hero: folds
b0bedffc: folds
d42b7fe: folds
*** FLOP *** [4d 6d 6s]
c6765e4: bets $0.21
70b69753: calls $0.21
*** TURN *** [4d 6d 6s] [Qc]
c6765e4: checks
70b69753: bets $0.35
c6765e4: calls $0.35
*** RIVER *** [4d 6d 6s Qc] [2c]
c6765e4: checks
70b69753: checks
c6765e4: shows [Ad As] (Pair of Aces and Pair of Sixes)
70b69753: shows [9h 9s] (Pair of Nines and Pair of Sixes)
*** SHOWDOWN ***
c6765e4 collected $1.32 from pot
*** SUMMARY ***
Total pot $1.39 | Rake $0.07 | Jackpot $0 | Bingo $0 | Fortune $0 | Tax $0
Board [4d 6d 6s Qc 2c]
Seat 1: b0bedffc (small blind) folded before Flop
Seat 2: d42b7fe (big blind) folded before Flop
Seat 3: c6765e4 showed [Ad As] and won ($1.32) with Pair of Aces and Pair of Sixes
Seat 4: 70b69753 showed [9h 9s] and lost with Pair of Nines and Pair of Sixes
Seat 5: 51c1e62b folded before Flop (didn't bet)
Seat 6: Hero (button) folded before Flop (didn't bet)


Poker Hand #HD1750283798: Hold'em No Limit ($0.02/$0.05) - 2024/04/28 18:18:45
Table 'NLHBlue41' 6-max Seat #5 is the button
Seat 1: b0bedffc ($5.57 in chips)
Seat 2: d42b7fe ($6.65 in chips)
Seat 3: c6765e4 ($5.69 in chips)
Seat 4: 70b69753 ($14.26 in chips)
Seat 5: 51c1e62b ($6.95 in chips)
Seat 6: Hero ($9 in chips)
Hero: posts small blind $0.02
b0bedffc: posts big blind $0.05
*** HOLE CARDS ***
Dealt to b0bedffc 
Dealt to d42b7fe 
Dealt to c6765e4 
Dealt to 70b69753 
Dealt to 51c1e62b 
Dealt to Hero [2s 7s]
d42b7fe: folds
c6765e4: folds
70b69753: calls $0.05
51c1e62b: folds
Hero: folds
b0bedffc: checks
*** FLOP *** [3d 8s 3c]
b0bedffc: checks
70b69753: bets $0.05
b0bedffc: calls $0.05
*** TURN *** [3d 8s 3c] [Jc]
b0bedffc: checks
70b69753: checks
*** RIVER *** [3d 8s 3c Jc] [Qc]
b0bedffc: bets $0.45
70b69753: calls $0.45
b0bedffc: shows [Ac 7c] (Ace High Flush)
70b69753: shows [6d Qh] (Pair of Queens and Pair of Treys)
*** SHOWDOWN ***
b0bedffc collected $1.07 from pot
*** SUMMARY ***
Total pot $1.12 | Rake $0.05 | Jackpot $0 | Bingo $0 | Fortune $0 | Tax $0
Board [3d 8s 3c Jc Qc]
Seat 1: b0bedffc (big blind) showed [Ac 7c] and won ($1.07) with Ace High Flush
Seat 2: d42b7fe folded before Flop (didn't bet)
Seat 3: c6765e4 folded before Flop (didn't bet)
Seat 4: 70b69753 showed [6d Qh] and lost with Pair of Queens and Pair of Treys
Seat 5: 51c1e62b (button) folded before Flop (didn't bet)
Seat 6: Hero (small blind) folded before Flop


Poker Hand #HD1750283730: Hold'em No Limit ($0.02/$0.05) - 2024/04/28 18:18:09
Table 'NLHBlue41' 6-max Seat #4 is the button
Seat 1: b0bedffc ($5.57 in chips)
Seat 2: d42b7fe ($6.65 in chips)
Seat 3: c6765e4 ($5.69 in chips)
Seat 4: 70b69753 ($14.31 in chips)
Seat 5: 51c1e62b ($6.85 in chips)
Seat 6: Hero ($9.05 in chips)
51c1e62b: posts small blind $0.02
Hero: posts big blind $0.05
*** HOLE CARDS ***
Dealt to b0bedffc 
Dealt to d42b7fe 
Dealt to c6765e4 
Dealt to 70b69753 
Dealt to 51c1e62b 
Dealt to Hero [3s Qs]
b0bedffc: folds
d42b7fe: folds
c6765e4: folds
70b69753: calls $0.05
51c1e62b: raises $0.21 to $0.26
Hero: folds
70b69753: folds
Uncalled bet ($0.21) returned to 51c1e62b
*** SHOWDOWN ***
51c1e62b collected $0.15 from pot
*** SUMMARY ***
Total pot $0.15 | Rake $0 | Jackpot $0 | Bingo $0 | Fortune $0 | Tax $0
Seat 1: b0bedffc folded before Flop (didn't bet)
Seat 2: d42b7fe folded before Flop (didn't bet)
Seat 3: c6765e4 folded before Flop (didn't bet)
Seat 4: 70b69753 (button) folded before Flop
Seat 5: 51c1e62b (small blind) collected ($0.15)
Seat 6: Hero (big blind) folded before Flop


Poker Hand #HD1750283693: Hold'em No Limit ($0.02/$0.05) - 2024/04/28 18:17:51
Table 'NLHBlue41' 6-max Seat #3 is the button
Seat 1: b0bedffc ($5.57 in chips)
Seat 2: d42b7fe ($6.58 in chips)
Seat 3: c6765e4 ($5.69 in chips)
Seat 4: 70b69753 ($14.33 in chips)
Seat 5: 51c1e62b ($6.9 in chips)
Seat 6: Hero ($9.05 in chips)
70b69753: posts small blind $0.02
51c1e62b: posts big blind $0.05
*** HOLE CARDS ***
Dealt to b0bedffc 
Dealt to d42b7fe 
Dealt to c6765e4 
Dealt to 70b69753 
Dealt to 51c1e62b 
Dealt to Hero [4h 8s]
Hero: folds
b0bedffc: folds
d42b7fe: raises $0.07 to $0.12
c6765e4: folds
70b69753: folds
51c1e62b: folds
Uncalled bet ($0.07) returned to d42b7fe
*** SHOWDOWN ***
d42b7fe collected $0.12 from pot
*** SUMMARY ***
Total pot $0.12 | Rake $0 | Jackpot $0 | Bingo $0 | Fortune $0 | Tax $0
Seat 1: b0bedffc folded before Flop (didn't bet)
Seat 2: d42b7fe collected ($0.12)
Seat 3: c6765e4 (button) folded before Flop (didn't bet)
Seat 4: 70b69753 (small blind) folded before Flop
Seat 5: 51c1e62b (big blind) folded before Flop
Seat 6: Hero folded before Flop (didn't bet)


Poker Hand #HD1750283659: Hold'em No Limit ($0.02/$0.05) - 2024/04/28 18:17:36
Table 'NLHBlue41' 6-max Seat #2 is the button
Seat 1: b0bedffc ($5.57 in chips)
Seat 2: d42b7fe ($6.58 in chips)
Seat 3: c6765e4 ($5.71 in chips)
Seat 4: 70b69753 ($14.38 in chips)
Seat 5: 51c1e62b ($6.9 in chips)
Seat 6: Hero ($8.98 in chips)
c6765e4: posts small blind $0.02
70b69753: posts big blind $0.05
*** HOLE CARDS ***
Dealt to b0bedffc 
Dealt to d42b7fe 
Dealt to c6765e4 
Dealt to 70b69753 
Dealt to 51c1e62b 
Dealt to Hero [Ah Jh]
51c1e62b: folds
Hero: raises $0.07 to $0.12
b0bedffc: folds
d42b7fe: folds
c6765e4: folds
70b69753: folds
Uncalled bet ($0.07) returned to Hero
*** SHOWDOWN ***
Hero collected $0.12 from pot
*** SUMMARY ***
Total pot $0.12 | Rake $0 | Jackpot $0 | Bingo $0 | Fortune $0 | Tax $0
Seat 1: b0bedffc folded before Flop (didn't bet)
Seat 2: d42b7fe (button) folded before Flop (didn't bet)
Seat 3: c6765e4 (small blind) folded before Flop
Seat 4: 70b69753 (big blind) folded before Flop
Seat 5: 51c1e62b folded before Flop (didn't bet)
Seat 6: Hero collected ($0.12)


Poker Hand #HD1750283545: Hold'em No Limit ($0.02/$0.05) - 2024/04/28 18:16:42
Table 'NLHBlue41' 6-max Seat #1 is the button
Seat 1: b0bedffc ($5.57 in chips)
Seat 2: d42b7fe ($6.6 in chips)
Seat 3: c6765e4 ($5.76 in chips)
Seat 4: 70b69753 ($14.31 in chips)
Seat 5: 51c1e62b ($6.9 in chips)
Seat 6: Hero ($8.98 in chips)
d42b7fe: posts small blind $0.02
c6765e4: posts big blind $0.05
*** HOLE CARDS ***
Dealt to b0bedffc 
Dealt to d42b7fe 
Dealt to c6765e4 
Dealt to 70b69753 
Dealt to 51c1e62b 
Dealt to Hero [4h 6d]
70b69753: raises $0.1 to $0.15
51c1e62b: folds
Hero: folds
b0bedffc: folds
d42b7fe: folds
c6765e4: folds
Uncalled bet ($0.1) returned to 70b69753
*** SHOWDOWN ***
70b69753 collected $0.12 from pot
*** SUMMARY ***
Total pot $0.12 | Rake $0 | Jackpot $0 | Bingo $0 | Fortune $0 | Tax $0
Seat 1: b0bedffc (button) folded before Flop (didn't bet)
Seat 2: d42b7fe (small blind) folded before Flop
Seat 3: c6765e4 (big blind) folded before Flop
Seat 4: 70b69753 collected ($0.12)
Seat 5: 51c1e62b folded before Flop (didn't bet)
Seat 6: Hero folded before Flop (didn't bet)


Poker Hand #HD1750283504: Hold'em No Limit ($0.02/$0.05) - 2024/04/28 18:16:22
Table 'NLHBlue41' 6-max Seat #6 is the button
Seat 1: b0bedffc ($5.59 in chips)
Seat 2: d42b7fe ($6.65 in chips)
Seat 4: 70b69753 ($14.36 in chips)
Seat 5: 51c1e62b ($6.78 in chips)
Seat 6: Hero ($8.98 in chips)
b0bedffc: posts small blind $0.02
d42b7fe: posts big blind $0.05
*** HOLE CARDS ***
Dealt to b0bedffc 
Dealt to d42b7fe 
Dealt to 70b69753 
Dealt to 51c1e62b 
Dealt to Hero [Jd 6c]
70b69753: calls $0.05
51c1e62b: raises $0.17 to $0.22
Hero: folds
b0bedffc: folds
d42b7fe: folds
70b69753: folds
Uncalled bet ($0.17) returned to 51c1e62b
*** SHOWDOWN ***
51c1e62b collected $0.17 from pot
*** SUMMARY ***
Total pot $0.17 | Rake $0 | Jackpot $0 | Bingo $0 | Fortune $0 | Tax $0
Seat 1: b0bedffc (small blind) folded before Flop
Seat 2: d42b7fe (big blind) folded before Flop
Seat 4: 70b69753 folded before Flop
Seat 5: 51c1e62b collected ($0.17)
Seat 6: Hero (button) folded before Flop (didn't bet)


Poker Hand #HD1750283456: Hold'em No Limit ($0.02/$0.05) - 2024/04/28 18:16:05
Table 'NLHBlue41' 6-max Seat #5 is the button
Seat 1: b0bedffc ($5.64 in chips)
Seat 2: d42b7fe ($6.65 in chips)
Seat 4: 70b69753 ($14.36 in chips)
Seat 5: 51c1e62b ($6.78 in chips)
Seat 6: Hero ($8.93 in chips)
Hero: posts small blind $0.02
b0bedffc: posts big blind $0.05
*** HOLE CARDS ***
Dealt to b0bedffc 
Dealt to d42b7fe 
Dealt to 70b69753 
Dealt to 51c1e62b 
Dealt to Hero [As Ac]
d42b7fe: folds
70b69753: folds
51c1e62b: folds
Hero: raises $0.1 to $0.15
b0bedffc: folds
Uncalled bet ($0.1) returned to Hero
*** SHOWDOWN ***
Hero collected $0.1 from pot
*** SUMMARY ***
Total pot $0.1 | Rake $0 | Jackpot $0 | Bingo $0 | Fortune $0 | Tax $0
Seat 1: b0bedffc (big blind) folded before Flop
Seat 2: d42b7fe folded before Flop (didn't bet)
Seat 4: 70b69753 folded before Flop (didn't bet)
Seat 5: 51c1e62b (button) folded before Flop (didn't bet)
Seat 6: Hero (small blind) collected ($0.1)


Poker Hand #HD1750283433: Hold'em No Limit ($0.02/$0.05) - 2024/04/28 18:15:50
Table 'NLHBlue41' 6-max Seat #4 is the button
Seat 1: b0bedffc ($5.64 in chips)
Seat 2: d42b7fe ($6.65 in chips)
Seat 4: 70b69753 ($14.36 in chips)
Seat 5: 51c1e62b ($6.73 in chips)
Seat 6: Hero ($8.98 in chips)
51c1e62b: posts small blind $0.02
Hero: posts big blind $0.05
*** HOLE CARDS ***
Dealt to b0bedffc 
Dealt to d42b7fe 
Dealt to 70b69753 
Dealt to 51c1e62b 
Dealt to Hero [9h 2c]
b0bedffc: folds
d42b7fe: folds
70b69753: folds
51c1e62b: raises $0.1 to $0.15
Hero: folds
Uncalled bet ($0.1) returned to 51c1e62b
*** SHOWDOWN ***
51c1e62b collected $0.1 from pot
*** SUMMARY ***
Total pot $0.1 | Rake $0 | Jackpot $0 | Bingo $0 | Fortune $0 | Tax $0
Seat 1: b0bedffc folded before Flop (didn't bet)
Seat 2: d42b7fe folded before Flop (didn't bet)
Seat 4: 70b69753 (button) folded before Flop (didn't bet)
Seat 5: 51c1e62b (small blind) collected ($0.1)
Seat 6: Hero (big blind) folded before Flop


Poker Hand #HD1750283416: Hold'em No Limit ($0.02/$0.05) - 2024/04/28 18:15:41
Table 'NLHBlue41' 6-max Seat #2 is the button
Seat 1: b0bedffc ($5.64 in chips)
Seat 2: d42b7fe ($6.65 in chips)
Seat 4: 70b69753 ($14.38 in chips)
Seat 5: 51c1e62b ($6.71 in chips)
Seat 6: Hero ($8.98 in chips)
70b69753: posts small blind $0.02
51c1e62b: posts big blind $0.05
*** HOLE CARDS ***
Dealt to b0bedffc 
Dealt to d42b7fe 
Dealt to 70b69753 
Dealt to 51c1e62b 
Dealt to Hero [9h 2s]
Hero: folds
b0bedffc: folds
d42b7fe: folds
70b69753: folds
Uncalled bet ($0.03) returned to 51c1e62b
*** SHOWDOWN ***
51c1e62b collected $0.04 from pot
*** SUMMARY ***
Total pot $0.04 | Rake $0 | Jackpot $0 | Bingo $0 | Fortune $0 | Tax $0
Seat 1: b0bedffc folded before Flop (didn't bet)
Seat 2: d42b7fe (button) folded before Flop (didn't bet)
Seat 4: 70b69753 (small blind) folded before Flop
Seat 5: 51c1e62b (big blind) collected ($0.04)
Seat 6: Hero folded before Flop (didn't bet)


Poker Hand #HD1750283243: Hold'em No Limit ($0.02/$0.05) - 2024/04/28 18:14:24
Table 'NLHBlue41' 6-max Seat #1 is the button
Seat 1: b0bedffc ($5.64 in chips)
Seat 2: d42b7fe ($5 in chips)
Seat 4: 70b69753 ($16.26 in chips)
Seat 5: 51c1e62b ($6.71 in chips)
Seat 6: Hero ($8.98 in chips)
d42b7fe: posts small blind $0.02
70b69753: posts big blind $0.05
*** HOLE CARDS ***
Dealt to b0bedffc 
Dealt to d42b7fe 
Dealt to 70b69753 
Dealt to 51c1e62b 
Dealt to Hero [8d Kd]
51c1e62b: folds
Hero: folds
b0bedffc: folds
d42b7fe: raises $0.1 to $0.15
70b69753: raises $0.3 to $0.45
d42b7fe: raises $0.68 to $1.13
70b69753: calls $0.68
*** FLOP *** [3d 3c 5s]
d42b7fe: bets $0.75
70b69753: calls $0.75
*** TURN *** [3d 3c 5s] [Jc]
d42b7fe: bets $3.12 and is all-in
70b69753: folds
Uncalled bet ($3.12) returned to d42b7fe
*** SHOWDOWN ***
d42b7fe collected $3.53 from pot
*** SUMMARY ***
Total pot $3.76 | Rake $0.18 | Jackpot $0.05 | Bingo $0 | Fortune $0 | Tax $0
Board [3d 3c 5s Jc]
Seat 1: b0bedffc (button) folded before Flop (didn't bet)
Seat 2: d42b7fe (small blind) won ($3.53)
Seat 4: 70b69753 (big blind) folded on the Turn
Seat 5: 51c1e62b folded before Flop (didn't bet)
Seat 6: Hero folded before Flop (didn't bet)


Poker Hand #HD1750283184: Hold'em No Limit ($0.02/$0.05) - 2024/04/28 18:13:57
Table 'NLHBlue41' 6-max Seat #6 is the button
Seat 1: b0bedffc ($5.66 in chips)
Seat 2: d42b7fe ($5 in chips)
Seat 4: 70b69753 ($16.19 in chips)
Seat 5: 51c1e62b ($6.71 in chips)
Seat 6: Hero ($8.98 in chips)
b0bedffc: posts small blind $0.02
d42b7fe: posts big blind $0.05
*** HOLE CARDS ***
Dealt to b0bedffc 
Dealt to d42b7fe 
Dealt to 70b69753 
Dealt to 51c1e62b 
Dealt to Hero [3c Ks]
70b69753: raises $0.1 to $0.15
51c1e62b: folds
Hero: folds
b0bedffc: folds
d42b7fe: folds
Uncalled bet ($0.1) returned to 70b69753
*** SHOWDOWN ***
70b69753 collected $0.12 from pot
*** SUMMARY ***
Total pot $0.12 | Rake $0 | Jackpot $0 | Bingo $0 | Fortune $0 | Tax $0
Seat 1: b0bedffc (small blind) folded before Flop
Seat 2: d42b7fe (big blind) folded before Flop
Seat 4: 70b69753 collected ($0.12)
Seat 5: 51c1e62b folded before Flop (didn't bet)
Seat 6: Hero (button) folded before Flop (didn't bet)


Poker Hand #HD1750283093: Hold'em No Limit ($0.02/$0.05) - 2024/04/28 18:13:14
Table 'NLHBlue41' 6-max Seat #5 is the button
Seat 1: b0bedffc ($5.71 in chips)
Seat 2: d42b7fe ($5 in chips)
Seat 4: 70b69753 ($15.53 in chips)
Seat 5: 51c1e62b ($6.71 in chips)
Seat 6: Hero ($9.53 in chips)
Hero: posts small blind $0.02
b0bedffc: posts big blind $0.05
*** HOLE CARDS ***
Dealt to b0bedffc 
Dealt to d42b7fe 
Dealt to 70b69753 
Dealt to 51c1e62b 
Dealt to Hero [Js Ah]
d42b7fe: raises $0.07 to $0.12
70b69753: calls $0.12
51c1e62b: folds
Hero: raises $0.43 to $0.55
b0bedffc: folds
d42b7fe: folds
70b69753: calls $0.43
*** FLOP *** [3c Td 9h]
Hero: checks
70b69753: bets $0.64
Hero: folds
Uncalled bet ($0.64) returned to 70b69753
*** SHOWDOWN ***
70b69753 collected $1.21 from pot
*** SUMMARY ***
Total pot $1.27 | Rake $0.06 | Jackpot $0 | Bingo $0 | Fortune $0 | Tax $0
Board [3c Td 9h]
Seat 1: b0bedffc (big blind) folded before Flop
Seat 2: d42b7fe folded before Flop
Seat 4: 70b69753 won ($1.21)
Seat 5: 51c1e62b (button) folded before Flop (didn't bet)
Seat 6: Hero (small blind) folded on the Flop


Poker Hand #HD1750283065: Hold'em No Limit ($0.02/$0.05) - 2024/04/28 18:12:59
Table 'NLHBlue41' 6-max Seat #4 is the button
Seat 1: b0bedffc ($5.71 in chips)
Seat 2: d42b7fe ($5 in chips)
Seat 4: 70b69753 ($15.46 in chips)
Seat 5: 51c1e62b ($6.73 in chips)
Seat 6: Hero ($9.58 in chips)
51c1e62b: posts small blind $0.02
Hero: posts big blind $0.05
*** HOLE CARDS ***
Dealt to b0bedffc 
Dealt to d42b7fe 
Dealt to 70b69753 
Dealt to 51c1e62b 
Dealt to Hero [3s Th]
b0bedffc: folds
d42b7fe: folds
70b69753: raises $0.05 to $0.1
51c1e62b: folds
Hero: folds
Uncalled bet ($0.05) returned to 70b69753
*** SHOWDOWN ***
70b69753 collected $0.12 from pot
*** SUMMARY ***
Total pot $0.12 | Rake $0 | Jackpot $0 | Bingo $0 | Fortune $0 | Tax $0
Seat 1: b0bedffc folded before Flop (didn't bet)
Seat 2: d42b7fe folded before Flop (didn't bet)
Seat 4: 70b69753 (button) collected ($0.12)
Seat 5: 51c1e62b (small blind) folded before Flop
Seat 6: Hero (big blind) folded before Flop


Poker Hand #HD1750283031: Hold'em No Limit ($0.02/$0.05) - 2024/04/28 18:12:43
Table 'NLHBlue41' 6-max Seat #2 is the button
Seat 1: b0bedffc ($5.71 in chips)
Seat 2: d42b7fe ($5 in chips)
Seat 4: 70b69753 ($15.48 in chips)
Seat 5: 51c1e62b ($6.71 in chips)
Seat 6: Hero ($9.58 in chips)
70b69753: posts small blind $0.02
51c1e62b: posts big blind $0.05
*** HOLE CARDS ***
Dealt to b0bedffc 
Dealt to d42b7fe 
Dealt to 70b69753 
Dealt to 51c1e62b 
Dealt to Hero [7c 5d]
Hero: folds
b0bedffc: folds
d42b7fe: folds
70b69753: folds
Uncalled bet ($0.03) returned to 51c1e62b
*** SHOWDOWN ***
51c1e62b collected $0.04 from pot
*** SUMMARY ***
Total pot $0.04 | Rake $0 | Jackpot $0 | Bingo $0 | Fortune $0 | Tax $0
Seat 1: b0bedffc folded before Flop (didn't bet)
Seat 2: d42b7fe (button) folded before Flop (didn't bet)
Seat 4: 70b69753 (small blind) folded before Flop
Seat 5: 51c1e62b (big blind) collected ($0.04)
Seat 6: Hero folded before Flop (didn't bet)


Poker Hand #HD1750282996: Hold'em No Limit ($0.02/$0.05) - 2024/04/28 18:12:29
Table 'NLHBlue41' 6-max Seat #1 is the button
Seat 1: b0bedffc ($5.71 in chips)
Seat 2: d42b7fe ($5 in chips)
Seat 4: 70b69753 ($15.46 in chips)
Seat 5: 51c1e62b ($6.71 in chips)
Seat 6: Hero ($9.58 in chips)
d42b7fe: posts small blind $0.02
70b69753: posts big blind $0.05
*** HOLE CARDS ***
Dealt to b0bedffc 
Dealt to d42b7fe 
Dealt to 70b69753 
Dealt to 51c1e62b 
Dealt to Hero [Ad 9h]
51c1e62b: folds
Hero: folds
b0bedffc: folds
d42b7fe: folds
Uncalled bet ($0.03) returned to 70b69753
*** SHOWDOWN ***
70b69753 collected $0.04 from pot
*** SUMMARY ***
Total pot $0.04 | Rake $0 | Jackpot $0 | Bingo $0 | Fortune $0 | Tax $0
Seat 1: b0bedffc (button) folded before Flop (didn't bet)
Seat 2: d42b7fe (small blind) folded before Flop
Seat 4: 70b69753 (big blind) collected ($0.04)
Seat 5: 51c1e62b folded before Flop (didn't bet)
Seat 6: Hero folded before Flop (didn't bet)


Poker Hand #HD1750282954: Hold'em No Limit ($0.02/$0.05) - 2024/04/28 18:12:07
Table 'NLHBlue41' 6-max Seat #6 is the button
Seat 1: b0bedffc ($5.73 in chips)
Seat 2: d42b7fe ($5 in chips)
Seat 4: 70b69753 ($15.39 in chips)
Seat 5: 51c1e62b ($6.71 in chips)
Seat 6: Hero ($9.58 in chips)
b0bedffc: posts small blind $0.02
d42b7fe: posts big blind $0.05
*** HOLE CARDS ***
Dealt to b0bedffc 
Dealt to d42b7fe 
Dealt to 70b69753 
Dealt to 51c1e62b 
Dealt to Hero [9c 3d]
70b69753: raises $0.05 to $0.1
51c1e62b: folds
Hero: folds
b0bedffc: folds
d42b7fe: folds
Uncalled bet ($0.05) returned to 70b69753
*** SHOWDOWN ***
70b69753 collected $0.12 from pot
*** SUMMARY ***
Total pot $0.12 | Rake $0 | Jackpot $0 | Bingo $0 | Fortune $0 | Tax $0
Seat 1: b0bedffc (small blind) folded before Flop
Seat 2: d42b7fe (big blind) folded before Flop
Seat 4: 70b69753 collected ($0.12)
Seat 5: 51c1e62b folded before Flop (didn't bet)
Seat 6: Hero (button) folded before Flop (didn't bet)


Poker Hand #HD1750282854: Hold'em No Limit ($0.02/$0.05) - 2024/04/28 18:11:23
Table 'NLHBlue41' 6-max Seat #5 is the button
Seat 1: b0bedffc ($5.97 in chips)
Seat 2: d42b7fe ($5 in chips)
Seat 4: 70b69753 ($15.39 in chips)
Seat 5: 51c1e62b ($6.47 in chips)
Seat 6: Hero ($9.6 in chips)
Hero: posts small blind $0.02
b0bedffc: posts big blind $0.05
*** HOLE CARDS ***
Dealt to b0bedffc 
Dealt to d42b7fe 
Dealt to 70b69753 
Dealt to 51c1e62b 
Dealt to Hero [3d Td]
d42b7fe: folds
70b69753: folds
51c1e62b: raises $0.1 to $0.15
Hero: folds
b0bedffc: calls $0.1
*** FLOP *** [Qh 7h 8c]
b0bedffc: checks
51c1e62b: bets $0.09
b0bedffc: calls $0.09
*** TURN *** [Qh 7h 8c] [Kh]
b0bedffc: checks
51c1e62b: bets $0.34
b0bedffc: folds
Uncalled bet ($0.34) returned to 51c1e62b
*** SHOWDOWN ***
51c1e62b collected $0.48 from pot
*** SUMMARY ***
Total pot $0.5 | Rake $0.02 | Jackpot $0 | Bingo $0 | Fortune $0 | Tax $0
Board [Qh 7h 8c Kh]
Seat 1: b0bedffc (big blind) folded on the Turn
Seat 2: d42b7fe folded before Flop (didn't bet)
Seat 4: 70b69753 folded before Flop (didn't bet)
Seat 5: 51c1e62b (button) won ($0.48)
Seat 6: Hero (small blind) folded before Flop


Poker Hand #HD1750282806: Hold'em No Limit ($0.02/$0.05) - 2024/04/28 18:10:57
Table 'NLHBlue41' 6-max Seat #4 is the button
Seat 1: b0bedffc ($5.97 in chips)
Seat 2: d42b7fe ($5 in chips)
Seat 4: 70b69753 ($15.39 in chips)
Seat 5: 51c1e62b ($6.49 in chips)
Seat 6: Hero ($9.58 in chips)
51c1e62b: posts small blind $0.02
Hero: posts big blind $0.05
*** HOLE CARDS ***
Dealt to b0bedffc 
Dealt to d42b7fe 
Dealt to 70b69753 
Dealt to 51c1e62b 
Dealt to Hero [7d Tc]
b0bedffc: folds
d42b7fe: folds
70b69753: folds
51c1e62b: folds
Uncalled bet ($0.03) returned to Hero
*** SHOWDOWN ***
Hero collected $0.04 from pot
*** SUMMARY ***
Total pot $0.04 | Rake $0 | Jackpot $0 | Bingo $0 | Fortune $0 | Tax $0
Seat 1: b0bedffc folded before Flop (didn't bet)
Seat 2: d42b7fe folded before Flop (didn't bet)
Seat 4: 70b69753 (button) folded before Flop (didn't bet)
Seat 5: 51c1e62b (small blind) folded before Flop
Seat 6: Hero (big blind) collected ($0.04)


Poker Hand #HD1750282753: Hold'em No Limit ($0.02/$0.05) - 2024/04/28 18:10:29
Table 'NLHBlue41' 6-max Seat #2 is the button
Seat 1: b0bedffc ($5.81 in chips)
Seat 2: d42b7fe ($5 in chips)
Seat 4: 70b69753 ($15.41 in chips)
Seat 5: 51c1e62b ($6.54 in chips)
Seat 6: Hero ($9.68 in chips)
70b69753: posts small blind $0.02
51c1e62b: posts big blind $0.05
*** HOLE CARDS ***
Dealt to b0bedffc 
Dealt to d42b7fe 
Dealt to 70b69753 
Dealt to 51c1e62b 
Dealt to Hero [Ad Ts]
Hero: raises $0.05 to $0.1
b0bedffc: raises $0.21 to $0.31
d42b7fe: folds
70b69753: folds
51c1e62b: folds
Hero: folds
Uncalled bet ($0.21) returned to b0bedffc
*** SHOWDOWN ***
b0bedffc collected $0.26 from pot
*** SUMMARY ***
Total pot $0.27 | Rake $0.01 | Jackpot $0 | Bingo $0 | Fortune $0 | Tax $0
Seat 1: b0bedffc collected ($0.26)
Seat 2: d42b7fe (button) folded before Flop (didn't bet)
Seat 4: 70b69753 (small blind) folded before Flop
Seat 5: 51c1e62b (big blind) folded before Flop
Seat 6: Hero folded before Flop


Poker Hand #HD1750282738: Hold'em No Limit ($0.02/$0.05) - 2024/04/28 18:10:19
Table 'NLHBlue41' 6-max Seat #1 is the button
Seat 1: b0bedffc ($5.74 in chips)
Seat 2: d42b7fe ($5 in chips)
Seat 4: 70b69753 ($15.46 in chips)
Seat 5: 51c1e62b ($6.54 in chips)
Seat 6: Hero ($9.68 in chips)
d42b7fe: posts small blind $0.02
70b69753: posts big blind $0.05
*** HOLE CARDS ***
Dealt to b0bedffc 
Dealt to d42b7fe 
Dealt to 70b69753 
Dealt to 51c1e62b 
Dealt to Hero [3h Ad]
51c1e62b: folds
Hero: folds
b0bedffc: raises $0.05 to $0.1
d42b7fe: folds
70b69753: folds
Uncalled bet ($0.05) returned to b0bedffc
*** SHOWDOWN ***
b0bedffc collected $0.12 from pot
*** SUMMARY ***
Total pot $0.12 | Rake $0 | Jackpot $0 | Bingo $0 | Fortune $0 | Tax $0
Seat 1: b0bedffc (button) collected ($0.12)
Seat 2: d42b7fe (small blind) folded before Flop
Seat 4: 70b69753 (big blind) folded before Flop
Seat 5: 51c1e62b folded before Flop (didn't bet)
Seat 6: Hero folded before Flop (didn't bet)


Poker Hand #HD1750282548: Hold'em No Limit ($0.02/$0.05) - 2024/04/28 18:08:46
Table 'NLHBlue41' 6-max Seat #6 is the button
Seat 1: b0bedffc ($5.76 in chips)
Seat 2: d42b7fe ($5.07 in chips)
Seat 3: c6765e4 ($5.76 in chips)
Seat 4: 70b69753 ($15.46 in chips)
Seat 5: 51c1e62b ($6.54 in chips)
Seat 6: Hero ($5.14 in chips)
b0bedffc: posts small blind $0.02
d42b7fe: posts big blind $0.05
*** HOLE CARDS ***
Dealt to b0bedffc 
Dealt to d42b7fe 
Dealt to c6765e4 
Dealt to 70b69753 
Dealt to 51c1e62b 
Dealt to Hero [Ad Td]
c6765e4: folds
70b69753: folds
51c1e62b: folds
Hero: raises $0.07 to $0.12
b0bedffc: folds
d42b7fe: raises $0.39 to $0.51
Hero: calls $0.39
*** FLOP *** [2d Ts 5d]
d42b7fe: bets $0.63
Hero: calls $0.63
*** TURN *** [2d Ts 5d] [6c]
d42b7fe: bets $0.76
Hero: raises $3.24 to $4 and is all-in
d42b7fe: calls $3.17 and is all-in
Uncalled bet ($0.07) returned to Hero
Hero: shows [Ad Td] (Pair of Tens)
d42b7fe: shows [8h 8d] (Pair of Eights)
*** RIVER *** [2d Ts 5d 6c] [2h]
70b69753: shows [2s Th] (Twos Full over Tens)
*** SHOWDOWN ***
Hero collected $9.61 from pot
*** SUMMARY ***
Total pot $10.16 | Rake $0.5 | Jackpot $0.05 | Bingo $0 | Fortune $0 | Tax $0
Board [2d Ts 5d 6c 2h]
Seat 1: b0bedffc (small blind) folded before Flop
Seat 2: d42b7fe (big blind) showed [8h 8d] and lost with Pair of Eights and Pair of Twos
Seat 3: c6765e4 folded before Flop (didn't bet)
Seat 4: 70b69753 folded before Flop (didn't bet)
Seat 5: 51c1e62b folded before Flop (didn't bet)
Seat 6: Hero (button) showed [Ad Td] and won ($9.61) with Pair of Tens and Pair of Twos


Poker Hand #HD1750282345: Hold'em No Limit ($0.02/$0.05) - 2024/04/28 18:07:14
Table 'NLHBlue41' 6-max Seat #5 is the button
Seat 1: b0bedffc ($6.26 in chips)
Seat 2: d42b7fe ($5.07 in chips)
Seat 3: c6765e4 ($5.29 in chips)
Seat 4: 70b69753 ($15.46 in chips)
Seat 5: 51c1e62b ($6.54 in chips)
Seat 6: Hero ($5.16 in chips)
Hero: posts small blind $0.02
b0bedffc: posts big blind $0.05
*** HOLE CARDS ***
Dealt to b0bedffc 
Dealt to d42b7fe 
Dealt to c6765e4 
Dealt to 70b69753 
Dealt to 51c1e62b 
Dealt to Hero [Ks 5s]
d42b7fe: folds
c6765e4: raises $0.05 to $0.1
70b69753: folds
51c1e62b: folds
Hero: folds
b0bedffc: raises $0.4 to $0.5
c6765e4: calls $0.4
*** FLOP *** [As Jh Ah]
b0bedffc: checks
c6765e4: checks
*** TURN *** [As Jh Ah] [8d]
b0bedffc: checks
c6765e4: bets $0.55
b0bedffc: folds
Uncalled bet ($0.55) returned to c6765e4
*** SHOWDOWN ***
c6765e4 collected $0.97 from pot
*** SUMMARY ***
Total pot $1.02 | Rake $0.05 | Jackpot $0 | Bingo $0 | Fortune $0 | Tax $0
Board [As Jh Ah 8d]
Seat 1: b0bedffc (big blind) folded on the Turn
Seat 2: d42b7fe folded before Flop (didn't bet)
Seat 3: c6765e4 won ($0.97)
Seat 4: 70b69753 folded before Flop (didn't bet)
Seat 5: 51c1e62b (button) folded before Flop (didn't bet)
Seat 6: Hero (small blind) folded before Flop


Poker Hand #HD1750282280: Hold'em No Limit ($0.02/$0.05) - 2024/04/28 18:06:42
Table 'NLHBlue41' 6-max Seat #4 is the button
Seat 1: b0bedffc ($6.26 in chips)
Seat 2: d42b7fe ($5.07 in chips)
Seat 3: c6765e4 ($5.29 in chips)
Seat 4: 70b69753 ($15.39 in chips)
Seat 5: 51c1e62b ($6.56 in chips)
Seat 6: Hero ($5.21 in chips)
51c1e62b: posts small blind $0.02
Hero: posts big blind $0.05
*** HOLE CARDS ***
Dealt to b0bedffc 
Dealt to d42b7fe 
Dealt to c6765e4 
Dealt to 70b69753 
Dealt to 51c1e62b 
Dealt to Hero [7d As]
b0bedffc: folds
d42b7fe: folds
c6765e4: folds
70b69753: calls $0.05
51c1e62b: folds
Hero: checks
*** FLOP *** [3h 4d 9h]
Hero: checks
70b69753: bets $0.06
Hero: folds
Uncalled bet ($0.06) returned to 70b69753
*** SHOWDOWN ***
70b69753 collected $0.12 from pot
*** SUMMARY ***
Total pot $0.12 | Rake $0 | Jackpot $0 | Bingo $0 | Fortune $0 | Tax $0
Board [3h 4d 9h]
Seat 1: b0bedffc folded before Flop (didn't bet)
Seat 2: d42b7fe folded before Flop (didn't bet)
Seat 3: c6765e4 folded before Flop (didn't bet)
Seat 4: 70b69753 (button) won ($0.12)
Seat 5: 51c1e62b (small blind) folded before Flop
Seat 6: Hero (big blind) folded on the Flop


Poker Hand #HD1750282132: Hold'em No Limit ($0.02/$0.05) - 2024/04/28 18:05:27
Table 'NLHBlue41' 6-max Seat #3 is the button
Seat 1: b0bedffc ($6.26 in chips)
Seat 2: d42b7fe ($5.07 in chips)
Seat 3: c6765e4 ($5.55 in chips)
Seat 4: 70b69753 ($15.65 in chips)
Seat 5: 51c1e62b ($6.07 in chips)
Seat 6: Hero ($5.21 in chips)
70b69753: posts small blind $0.02
51c1e62b: posts big blind $0.05
*** HOLE CARDS ***
Dealt to b0bedffc 
Dealt to d42b7fe 
Dealt to c6765e4 
Dealt to 70b69753 
Dealt to 51c1e62b 
Dealt to Hero [Ks 3d]
Hero: folds
b0bedffc: folds
d42b7fe: folds
c6765e4: raises $0.08 to $0.13
70b69753: calls $0.11
51c1e62b: calls $0.08
*** FLOP *** [5s Td 9c]
70b69753: bets $0.13
51c1e62b: calls $0.13
c6765e4: calls $0.13
*** TURN *** [5s Td 9c] [Ts]
70b69753: checks
51c1e62b: bets $0.41
c6765e4: folds
70b69753: folds
Uncalled bet ($0.41) returned to 51c1e62b
*** SHOWDOWN ***
51c1e62b collected $0.75 from pot
*** SUMMARY ***
Total pot $0.78 | Rake $0.03 | Jackpot $0 | Bingo $0 | Fortune $0 | Tax $0
Board [5s Td 9c Ts]
Seat 1: b0bedffc folded before Flop (didn't bet)
Seat 2: d42b7fe folded before Flop (didn't bet)
Seat 3: c6765e4 (button) folded on the Turn
Seat 4: 70b69753 (small blind) folded on the Turn
Seat 5: 51c1e62b (big blind) won ($0.75)
Seat 6: Hero folded before Flop (didn't bet)


Poker Hand #HD1750282079: Hold'em No Limit ($0.02/$0.05) - 2024/04/28 18:05:05
Table 'NLHBlue41' 6-max Seat #2 is the button
Seat 1: b0bedffc ($6.26 in chips)
Seat 2: d42b7fe ($5 in chips)
Seat 3: c6765e4 ($5.57 in chips)
Seat 4: 70b69753 ($15.7 in chips)
Seat 5: 51c1e62b ($6.07 in chips)
Seat 6: Hero ($5.21 in chips)
c6765e4: posts small blind $0.02
70b69753: posts big blind $0.05
*** HOLE CARDS ***
Dealt to b0bedffc 
Dealt to d42b7fe 
Dealt to c6765e4 
Dealt to 70b69753 
Dealt to 51c1e62b 
Dealt to Hero [2h Kd]
51c1e62b: folds
Hero: folds
b0bedffc: folds
d42b7fe: raises $0.07 to $0.12
c6765e4: folds
70b69753: folds
Uncalled bet ($0.07) returned to d42b7fe
*** SHOWDOWN ***
d42b7fe collected $0.12 from pot
*** SUMMARY ***
Total pot $0.12 | Rake $0 | Jackpot $0 | Bingo $0 | Fortune $0 | Tax $0
Seat 1: b0bedffc folded before Flop (didn't bet)
Seat 2: d42b7fe (button) collected ($0.12)
Seat 3: c6765e4 (small blind) folded before Flop
Seat 4: 70b69753 (big blind) folded before Flop
Seat 5: 51c1e62b folded before Flop (didn't bet)
Seat 6: Hero folded before Flop (didn't bet)


Poker Hand #HD1750281946: Hold'em No Limit ($0.02/$0.05) - 2024/04/28 18:03:56
Table 'NLHBlue41' 6-max Seat #1 is the button
Seat 1: b0bedffc ($6.26 in chips)
Seat 2: d42b7fe ($5.02 in chips)
Seat 3: c6765e4 ($5.62 in chips)
Seat 4: 70b69753 ($15.18 in chips)
Seat 5: 51c1e62b ($6.07 in chips)
Seat 6: Hero ($5.71 in chips)
d42b7fe: posts small blind $0.02
c6765e4: posts big blind $0.05
*** HOLE CARDS ***
Dealt to b0bedffc 
Dealt to d42b7fe 
Dealt to c6765e4 
Dealt to 70b69753 
Dealt to 51c1e62b 
Dealt to Hero [Kd Ac]
70b69753: raises $0.1 to $0.15
51c1e62b: folds
Hero: raises $0.35 to $0.5
b0bedffc: folds
d42b7fe: folds
c6765e4: folds
70b69753: calls $0.35
*** FLOP *** [8s 9s Qd]
70b69753: bets $0.36
Hero: folds
Uncalled bet ($0.36) returned to 70b69753
*** SHOWDOWN ***
70b69753 collected $1.02 from pot
*** SUMMARY ***
Total pot $1.07 | Rake $0.05 | Jackpot $0 | Bingo $0 | Fortune $0 | Tax $0
Board [8s 9s Qd]
Seat 1: b0bedffc (button) folded before Flop (didn't bet)
Seat 2: d42b7fe (small blind) folded before Flop
Seat 3: c6765e4 (big blind) folded before Flop
Seat 4: 70b69753 won ($1.02)
Seat 5: 51c1e62b folded before Flop (didn't bet)
Seat 6: Hero folded on the Flop


Poker Hand #HD1750281889: Hold'em No Limit ($0.02/$0.05) - 2024/04/28 18:03:28
Table 'NLHBlue41' 6-max Seat #6 is the button
Seat 1: b0bedffc ($6.28 in chips)
Seat 2: d42b7fe ($5.07 in chips)
Seat 3: c6765e4 ($5.62 in chips)
Seat 4: 70b69753 ($15.11 in chips)
Seat 5: 51c1e62b ($6.07 in chips)
Seat 6: Hero ($5.71 in chips)
b0bedffc: posts small blind $0.02
d42b7fe: posts big blind $0.05
*** HOLE CARDS ***
Dealt to b0bedffc 
Dealt to d42b7fe 
Dealt to c6765e4 
Dealt to 70b69753 
Dealt to 51c1e62b 
Dealt to Hero [4s 5d]
c6765e4: folds
70b69753: raises $0.15 to $0.2
51c1e62b: folds
Hero: folds
b0bedffc: folds
d42b7fe: folds
Uncalled bet ($0.15) returned to 70b69753
*** SHOWDOWN ***
70b69753 collected $0.12 from pot
*** SUMMARY ***
Total pot $0.12 | Rake $0 | Jackpot $0 | Bingo $0 | Fortune $0 | Tax $0
Seat 1: b0bedffc (small blind) folded before Flop
Seat 2: d42b7fe (big blind) folded before Flop
Seat 3: c6765e4 folded before Flop (didn't bet)
Seat 4: 70b69753 collected ($0.12)
Seat 5: 51c1e62b folded before Flop (didn't bet)
Seat 6: Hero (button) folded before Flop (didn't bet)


Poker Hand #HD1750281849: Hold'em No Limit ($0.02/$0.05) - 2024/04/28 18:03:10
Table 'NLHBlue41' 6-max Seat #5 is the button
Seat 1: b0bedffc ($6.33 in chips)
Seat 2: d42b7fe ($5 in chips)
Seat 3: c6765e4 ($5.62 in chips)
Seat 4: 70b69753 ($15.11 in chips)
Seat 5: 51c1e62b ($6.07 in chips)
Seat 6: Hero ($5.73 in chips)
Hero: posts small blind $0.02
b0bedffc: posts big blind $0.05
*** HOLE CARDS ***
Dealt to b0bedffc 
Dealt to d42b7fe 
Dealt to c6765e4 
Dealt to 70b69753 
Dealt to 51c1e62b 
Dealt to Hero [5s 6d]
d42b7fe: raises $0.07 to $0.12
c6765e4: folds
70b69753: folds
51c1e62b: folds
Hero: folds
b0bedffc: folds
Uncalled bet ($0.07) returned to d42b7fe
*** SHOWDOWN ***
d42b7fe collected $0.12 from pot
*** SUMMARY ***
Total pot $0.12 | Rake $0 | Jackpot $0 | Bingo $0 | Fortune $0 | Tax $0
Seat 1: b0bedffc (big blind) folded before Flop
Seat 2: d42b7fe collected ($0.12)
Seat 3: c6765e4 folded before Flop (didn't bet)
Seat 4: 70b69753 folded before Flop (didn't bet)
Seat 5: 51c1e62b (button) folded before Flop (didn't bet)
Seat 6: Hero (small blind) folded before Flop


Poker Hand #HD1750281763: Hold'em No Limit ($0.02/$0.05) - 2024/04/28 18:02:28
Table 'NLHBlue41' 6-max Seat #4 is the button
Seat 1: b0bedffc ($6.33 in chips)
Seat 2: d42b7fe ($5 in chips)
Seat 3: c6765e4 ($5.75 in chips)
Seat 4: 70b69753 ($14.92 in chips)
Seat 5: 51c1e62b ($6.09 in chips)
Seat 6: Hero ($5.78 in chips)
51c1e62b: posts small blind $0.02
Hero: posts big blind $0.05
*** HOLE CARDS ***
Dealt to b0bedffc 
Dealt to d42b7fe 
Dealt to c6765e4 
Dealt to 70b69753 
Dealt to 51c1e62b 
Dealt to Hero [6s Js]
b0bedffc: folds
d42b7fe: folds
c6765e4: raises $0.08 to $0.13
70b69753: calls $0.13
51c1e62b: folds
Hero: folds
*** FLOP *** [4h 4s Tc]
c6765e4: checks
70b69753: bets $0.17
c6765e4: folds
Uncalled bet ($0.17) returned to 70b69753
*** SHOWDOWN ***
70b69753 collected $0.32 from pot
*** SUMMARY ***
Total pot $0.33 | Rake $0.01 | Jackpot $0 | Bingo $0 | Fortune $0 | Tax $0
Board [4h 4s Tc]
Seat 1: b0bedffc folded before Flop (didn't bet)
Seat 2: d42b7fe folded before Flop (didn't bet)
Seat 3: c6765e4 folded on the Flop
Seat 4: 70b69753 (button) won ($0.32)
Seat 5: 51c1e62b (small blind) folded before Flop
Seat 6: Hero (big blind) folded before Flop


Poker Hand #HD1750281618: Hold'em No Limit ($0.02/$0.05) - 2024/04/28 18:01:19
Table 'NLHBlue41' 6-max Seat #3 is the button
Seat 1: b0bedffc ($6.33 in chips)
Seat 2: d42b7fe ($5.14 in chips)
Seat 3: c6765e4 ($4.83 in chips)
Seat 4: 70b69753 ($15.39 in chips)
Seat 5: 51c1e62b ($6.14 in chips)
Seat 6: Hero ($5.78 in chips)
70b69753: posts small blind $0.02
51c1e62b: posts big blind $0.05
*** HOLE CARDS ***
Dealt to b0bedffc 
Dealt to d42b7fe 
Dealt to c6765e4 
Dealt to 70b69753 
Dealt to 51c1e62b 
Dealt to Hero [5h 4h]
Hero: folds
b0bedffc: folds
d42b7fe: raises $0.07 to $0.12
c6765e4: raises $0.35 to $0.47
70b69753: calls $0.45
51c1e62b: folds
d42b7fe: calls $0.35
*** FLOP *** [Ts 2d 5c]
70b69753: checks
d42b7fe: checks
c6765e4: bets $0.78
70b69753: folds
d42b7fe: folds
Uncalled bet ($0.78) returned to c6765e4
*** SHOWDOWN ***
c6765e4 collected $1.39 from pot
*** SUMMARY ***
Total pot $1.46 | Rake $0.07 | Jackpot $0 | Bingo $0 | Fortune $0 | Tax $0
Board [Ts 2d 5c]
Seat 1: b0bedffc folded before Flop (didn't bet)
Seat 2: d42b7fe folded on the Flop
Seat 3: c6765e4 (button) won ($1.39)
Seat 4: 70b69753 (small blind) folded on the Flop
Seat 5: 51c1e62b (big blind) folded before Flop
Seat 6: Hero folded before Flop (didn't bet)


Poker Hand #HD1750281546: Hold'em No Limit ($0.02/$0.05) - 2024/04/28 18:00:45
Table 'NLHBlue41' 6-max Seat #2 is the button
Seat 1: b0bedffc ($6.43 in chips)
Seat 2: d42b7fe ($5.14 in chips)
Seat 3: c6765e4 ($4.85 in chips)
Seat 4: 70b69753 ($15.28 in chips)
Seat 5: 51c1e62b ($6.14 in chips)
Seat 6: Hero ($5.78 in chips)
c6765e4: posts small blind $0.02
70b69753: posts big blind $0.05
*** HOLE CARDS ***
Dealt to b0bedffc 
Dealt to d42b7fe 
Dealt to c6765e4 
Dealt to 70b69753 
Dealt to 51c1e62b 
Dealt to Hero [3h Jh]
51c1e62b: folds
Hero: folds
b0bedffc: raises $0.05 to $0.1
d42b7fe: folds
c6765e4: folds
70b69753: raises $0.2 to $0.3
b0bedffc: folds
Uncalled bet ($0.2) returned to 70b69753
*** SHOWDOWN ***
70b69753 collected $0.21 from pot
*** SUMMARY ***
Total pot $0.22 | Rake $0.01 | Jackpot $0 | Bingo $0 | Fortune $0 | Tax $0
Seat 1: b0bedffc folded before Flop
Seat 2: d42b7fe (button) folded before Flop (didn't bet)
Seat 3: c6765e4 (small blind) folded before Flop
Seat 4: 70b69753 (big blind) collected ($0.21)
Seat 5: 51c1e62b folded before Flop (didn't bet)
Seat 6: Hero folded before Flop (didn't bet)


Poker Hand #HD1750281484: Hold'em No Limit ($0.02/$0.05) - 2024/04/28 18:00:11
Table 'NLHBlue41' 6-max Seat #1 is the button
Seat 1: b0bedffc ($6.43 in chips)
Seat 2: d42b7fe ($5 in chips)
Seat 3: c6765e4 ($5 in chips)
Seat 4: 70b69753 ($15.28 in chips)
Seat 5: 51c1e62b ($6.14 in chips)
Seat 6: Hero ($5.78 in chips)
d42b7fe: posts small blind $0.02
c6765e4: posts big blind $0.05
*** HOLE CARDS ***
Dealt to b0bedffc 
Dealt to d42b7fe 
Dealt to c6765e4 
Dealt to 70b69753 
Dealt to 51c1e62b 
Dealt to Hero [3c 9c]
70b69753: folds
51c1e62b: folds
Hero: folds
b0bedffc: folds
d42b7fe: raises $0.1 to $0.15
c6765e4: calls $0.1
*** FLOP *** [4s 6d Ts]
d42b7fe: bets $0.18
c6765e4: folds
Uncalled bet ($0.18) returned to d42b7fe
*** SHOWDOWN ***
d42b7fe collected $0.29 from pot
*** SUMMARY ***
Total pot $0.3 | Rake $0.01 | Jackpot $0 | Bingo $0 | Fortune $0 | Tax $0
Board [4s 6d Ts]
Seat 1: b0bedffc (button) folded before Flop (didn't bet)
Seat 2: d42b7fe (small blind) won ($0.29)
Seat 3: c6765e4 (big blind) folded on the Flop
Seat 4: 70b69753 folded before Flop (didn't bet)
Seat 5: 51c1e62b folded before Flop (didn't bet)
Seat 6: Hero folded before Flop (didn't bet)


Poker Hand #HD1750281428: Hold'em No Limit ($0.02/$0.05) - 2024/04/28 17:59:44
Table 'NLHBlue41' 6-max Seat #6 is the button
Seat 1: b0bedffc ($6.45 in chips)
Seat 2: d42b7fe ($5 in chips)
Seat 4: 70b69753 ($15.33 in chips)
Seat 5: 51c1e62b ($6.02 in chips)
Seat 6: Hero ($5.78 in chips)
b0bedffc: posts small blind $0.02
d42b7fe: posts big blind $0.05
*** HOLE CARDS ***
Dealt to b0bedffc 
Dealt to d42b7fe 
Dealt to 70b69753 
Dealt to 51c1e62b 
Dealt to Hero [Td 2c]
70b69753: calls $0.05
51c1e62b: raises $0.15 to $0.2
Hero: folds
b0bedffc: folds
d42b7fe: folds
70b69753: folds
Uncalled bet ($0.15) returned to 51c1e62b
*** SHOWDOWN ***
51c1e62b collected $0.17 from pot
*** SUMMARY ***
Total pot $0.17 | Rake $0 | Jackpot $0 | Bingo $0 | Fortune $0 | Tax $0
Seat 1: b0bedffc (small blind) folded before Flop
Seat 2: d42b7fe (big blind) folded before Flop
Seat 4: 70b69753 folded before Flop
Seat 5: 51c1e62b collected ($0.17)
Seat 6: Hero (button) folded before Flop (didn't bet)


Poker Hand #HD1750281341: Hold'em No Limit ($0.02/$0.05) - 2024/04/28 17:59:00
Table 'NLHBlue41' 6-max Seat #5 is the button
Seat 1: b0bedffc ($6.57 in chips)
Seat 2: d42b7fe ($5 in chips)
Seat 4: 70b69753 ($15.08 in chips)
Seat 5: 51c1e62b ($6.02 in chips)
Seat 6: Hero ($5.8 in chips)
Hero: posts small blind $0.02
b0bedffc: posts big blind $0.05
*** HOLE CARDS ***
Dealt to b0bedffc 
Dealt to d42b7fe 
Dealt to 70b69753 
Dealt to 51c1e62b 
Dealt to Hero [8h Ac]
d42b7fe: raises $0.07 to $0.12
70b69753: calls $0.12
51c1e62b: folds
Hero: folds
b0bedffc: calls $0.07
*** FLOP *** [6h Ks 5h]
b0bedffc: checks
d42b7fe: checks
70b69753: bets $0.13
b0bedffc: folds
d42b7fe: folds
Uncalled bet ($0.13) returned to 70b69753
*** SHOWDOWN ***
70b69753 collected $0.37 from pot
*** SUMMARY ***
Total pot $0.38 | Rake $0.01 | Jackpot $0 | Bingo $0 | Fortune $0 | Tax $0
Board [6h Ks 5h]
Seat 1: b0bedffc (big blind) folded on the Flop
Seat 2: d42b7fe folded on the Flop
Seat 4: 70b69753 won ($0.37)
Seat 5: 51c1e62b (button) folded before Flop (didn't bet)
Seat 6: Hero (small blind) folded before Flop


Poker Hand #HD1750281252: Hold'em No Limit ($0.02/$0.05) - 2024/04/28 17:58:17
Table 'NLHBlue41' 6-max Seat #4 is the button
Seat 1: b0bedffc ($6.57 in chips)
Seat 2: d42b7fe ($5 in chips)
Seat 4: 70b69753 ($15.08 in chips)
Seat 5: 51c1e62b ($5.97 in chips)
Seat 6: Hero ($5.85 in chips)
51c1e62b: posts small blind $0.02
Hero: posts big blind $0.05
*** HOLE CARDS ***
Dealt to b0bedffc 
Dealt to d42b7fe 
Dealt to 70b69753 
Dealt to 51c1e62b 
Dealt to Hero [Kd 4c]
b0bedffc: folds
d42b7fe: folds
70b69753: folds
51c1e62b: raises $0.1 to $0.15
Hero: folds
Uncalled bet ($0.1) returned to 51c1e62b
*** SHOWDOWN ***
51c1e62b collected $0.1 from pot
*** SUMMARY ***
Total pot $0.1 | Rake $0 | Jackpot $0 | Bingo $0 | Fortune $0 | Tax $0
Seat 1: b0bedffc folded before Flop (didn't bet)
Seat 2: d42b7fe folded before Flop (didn't bet)
Seat 4: 70b69753 (button) folded before Flop (didn't bet)
Seat 5: 51c1e62b (small blind) collected ($0.1)
Seat 6: Hero (big blind) folded before Flop


Poker Hand #HD1750281118: Hold'em No Limit ($0.02/$0.05) - 2024/04/28 17:57:14
Table 'NLHBlue41' 6-max Seat #2 is the button
Seat 1: b0bedffc ($6.57 in chips)
Seat 2: d42b7fe ($5 in chips)
Seat 4: 70b69753 ($15.4 in chips)
Seat 5: 51c1e62b ($5.68 in chips)
Seat 6: Hero ($5.85 in chips)
70b69753: posts small blind $0.02
51c1e62b: posts big blind $0.05
*** HOLE CARDS ***
Dealt to b0bedffc 
Dealt to d42b7fe 
Dealt to 70b69753 
Dealt to 51c1e62b 
Dealt to Hero [7c Td]
Hero: folds
b0bedffc: folds
d42b7fe: folds
70b69753: calls $0.03
51c1e62b: raises $0.11 to $0.16
70b69753: calls $0.11
*** FLOP *** [Th As 7s]
70b69753: bets $0.16
51c1e62b: calls $0.16
*** TURN *** [Th As 7s] [6d]
70b69753: checks
51c1e62b: checks
*** RIVER *** [Th As 7s 6d] [4h]
70b69753: checks
51c1e62b: bets $0.43
70b69753: folds
Uncalled bet ($0.43) returned to 51c1e62b
*** SHOWDOWN ***
51c1e62b collected $0.61 from pot
*** SUMMARY ***
Total pot $0.64 | Rake $0.03 | Jackpot $0 | Bingo $0 | Fortune $0 | Tax $0
Board [Th As 7s 6d 4h]
Seat 1: b0bedffc folded before Flop (didn't bet)
Seat 2: d42b7fe (button) folded before Flop (didn't bet)
Seat 4: 70b69753 (small blind) folded on the River
Seat 5: 51c1e62b (big blind) won ($0.61)
Seat 6: Hero folded before Flop (didn't bet)


Poker Hand #HD1750281049: Hold'em No Limit ($0.02/$0.05) - 2024/04/28 17:56:48
Table 'NLHBlue41' 6-max Seat #1 is the button
Seat 1: b0bedffc ($6.67 in chips)
Seat 2: d42b7fe ($5 in chips)
Seat 4: 70b69753 ($15.29 in chips)
Seat 5: 51c1e62b ($5.68 in chips)
Seat 6: Hero ($5.85 in chips)
d42b7fe: posts small blind $0.02
70b69753: posts big blind $0.05
*** HOLE CARDS ***
Dealt to b0bedffc 
Dealt to d42b7fe 
Dealt to 70b69753 
Dealt to 51c1e62b 
Dealt to Hero [Ts 4d]
51c1e62b: folds
Hero: folds
b0bedffc: raises $0.05 to $0.1
d42b7fe: folds
70b69753: raises $0.11 to $0.21
b0bedffc: folds
Uncalled bet ($0.11) returned to 70b69753
*** SHOWDOWN ***
70b69753 collected $0.21 from pot
*** SUMMARY ***
Total pot $0.22 | Rake $0.01 | Jackpot $0 | Bingo $0 | Fortune $0 | Tax $0
Seat 1: b0bedffc (button) folded before Flop
Seat 2: d42b7fe (small blind) folded before Flop
Seat 4: 70b69753 (big blind) collected ($0.21)
Seat 5: 51c1e62b folded before Flop (didn't bet)
Seat 6: Hero folded before Flop (didn't bet)


Poker Hand #HD1750281001: Hold'em No Limit ($0.02/$0.05) - 2024/04/28 17:56:27
Table 'NLHBlue41' 6-max Seat #6 is the button
Seat 1: b0bedffc ($6.69 in chips)
Seat 2: d42b7fe ($5 in chips)
Seat 4: 70b69753 ($15.22 in chips)
Seat 5: 51c1e62b ($5.68 in chips)
Seat 6: Hero ($5.85 in chips)
b0bedffc: posts small blind $0.02
d42b7fe: posts big blind $0.05
*** HOLE CARDS ***
Dealt to b0bedffc 
Dealt to d42b7fe 
Dealt to 70b69753 
Dealt to 51c1e62b 
Dealt to Hero [As 7d]
70b69753: raises $0.1 to $0.15
51c1e62b: folds
Hero: folds
b0bedffc: folds
d42b7fe: folds
Uncalled bet ($0.1) returned to 70b69753
*** SHOWDOWN ***
70b69753 collected $0.12 from pot
*** SUMMARY ***
Total pot $0.12 | Rake $0 | Jackpot $0 | Bingo $0 | Fortune $0 | Tax $0
Seat 1: b0bedffc (small blind) folded before Flop
Seat 2: d42b7fe (big blind) folded before Flop
Seat 4: 70b69753 collected ($0.12)
Seat 5: 51c1e62b folded before Flop (didn't bet)
Seat 6: Hero (button) folded before Flop (didn't bet)


Poker Hand #HD1750280982: Hold'em No Limit ($0.02/$0.05) - 2024/04/28 17:56:20
Table 'NLHBlue41' 6-max Seat #5 is the button
Seat 1: b0bedffc ($6.67 in chips)
Seat 4: 70b69753 ($15.22 in chips)
Seat 5: 51c1e62b ($5.68 in chips)
Seat 6: Hero ($5.87 in chips)
Hero: posts small blind $0.02
b0bedffc: posts big blind $0.05
*** HOLE CARDS ***
Dealt to b0bedffc 
Dealt to 70b69753 
Dealt to 51c1e62b 
Dealt to Hero [Kh 8d]
70b69753: folds
51c1e62b: folds
Hero: folds
Uncalled bet ($0.03) returned to b0bedffc
*** SHOWDOWN ***
b0bedffc collected $0.04 from pot
*** SUMMARY ***
Total pot $0.04 | Rake $0 | Jackpot $0 | Bingo $0 | Fortune $0 | Tax $0
Seat 1: b0bedffc (big blind) collected ($0.04)
Seat 4: 70b69753 folded before Flop (didn't bet)
Seat 5: 51c1e62b (button) folded before Flop (didn't bet)
Seat 6: Hero (small blind) folded before Flop


Poker Hand #HD1750280895: Hold'em No Limit ($0.02/$0.05) - 2024/04/28 17:55:40
Table 'NLHBlue41' 6-max Seat #4 is the button
Seat 1: b0bedffc ($6.51 in chips)
Seat 4: 70b69753 ($15.32 in chips)
Seat 5: 51c1e62b ($5.7 in chips)
Seat 6: Hero ($5.92 in chips)
51c1e62b: posts small blind $0.02
Hero: posts big blind $0.05
*** HOLE CARDS ***
Dealt to b0bedffc 
Dealt to 70b69753 
Dealt to 51c1e62b 
Dealt to Hero [3d 6h]
b0bedffc: raises $0.05 to $0.1
70b69753: calls $0.1
51c1e62b: folds
Hero: folds
*** FLOP *** [Kh 5s 2h]
b0bedffc: bets $0.21
70b69753: folds
Uncalled bet ($0.21) returned to b0bedffc
*** SHOWDOWN ***
b0bedffc collected $0.26 from pot
*** SUMMARY ***
Total pot $0.27 | Rake $0.01 | Jackpot $0 | Bingo $0 | Fortune $0 | Tax $0
Board [Kh 5s 2h]
Seat 1: b0bedffc won ($0.26)
Seat 4: 70b69753 (button) folded on the Flop
Seat 5: 51c1e62b (small blind) folded before Flop
Seat 6: Hero (big blind) folded before Flop


Poker Hand #HD1750280771: Hold'em No Limit ($0.02/$0.05) - 2024/04/28 17:54:35
Table 'NLHBlue41' 6-max Seat #1 is the button
Seat 1: b0bedffc ($6.51 in chips)
Seat 2: 54e3cd9f ($7.23 in chips)
Seat 3: 2eda4a5f ($5 in chips)
Seat 4: 70b69753 ($8.59 in chips)
Seat 5: 51c1e62b ($5.7 in chips)
Seat 6: Hero ($5.92 in chips)
54e3cd9f: posts small blind $0.02
2eda4a5f: posts big blind $0.05
*** HOLE CARDS ***
Dealt to b0bedffc 
Dealt to 54e3cd9f 
Dealt to 2eda4a5f 
Dealt to 70b69753 
Dealt to 51c1e62b 
Dealt to Hero [3c 6h]
70b69753: raises $0.1 to $0.15
51c1e62b: folds
Hero: folds
b0bedffc: folds
54e3cd9f: calls $0.13
2eda4a5f: folds
*** FLOP *** [Ad Ts As]
54e3cd9f: checks
70b69753: bets $0.18
54e3cd9f: calls $0.18
*** TURN *** [Ad Ts As] [Ks]
54e3cd9f: checks
70b69753: checks
*** RIVER *** [Ad Ts As Ks] [3d]
54e3cd9f: bets $0.71
70b69753: raises $7.55 to $8.26 and is all-in
54e3cd9f: calls $6.19 and is all-in
Uncalled bet ($1.36) returned to 70b69753
70b69753: shows [Js 8s] (Ace High Flush)
54e3cd9f: shows [4s 3s] (Ace High Flush)
*** SHOWDOWN ***
70b69753 collected $13.96 from pot
*** SUMMARY ***
Total pot $14.51 | Rake $0.5 | Jackpot $0.05 | Bingo $0 | Fortune $0 | Tax $0
Board [Ad Ts As Ks 3d]
Seat 1: b0bedffc (button) folded before Flop (didn't bet)
Seat 2: 54e3cd9f (small blind) showed [4s 3s] and lost with Ace High Flush
Seat 3: 2eda4a5f (big blind) folded before Flop
Seat 4: 70b69753 showed [Js 8s] and won ($13.96) with Ace High Flush
Seat 5: 51c1e62b folded before Flop (didn't bet)
Seat 6: Hero folded before Flop (didn't bet)


Poker Hand #HD1750280589: Hold'em No Limit ($0.02/$0.05) - 2024/04/28 17:53:11
Table 'NLHBlue41' 6-max Seat #6 is the button
Seat 1: b0bedffc ($5.44 in chips)
Seat 2: 54e3cd9f ($7.33 in chips)
Seat 3: 2eda4a5f ($5 in chips)
Seat 4: 70b69753 ($9.62 in chips)
Seat 5: 51c1e62b ($5.7 in chips)
Seat 6: Hero ($5.92 in chips)
b0bedffc: posts small blind $0.02
54e3cd9f: posts big blind $0.05
*** HOLE CARDS ***
Dealt to b0bedffc 
Dealt to 54e3cd9f 
Dealt to 2eda4a5f 
Dealt to 70b69753 
Dealt to 51c1e62b 
Dealt to Hero [8s 2d]
2eda4a5f: raises $0.05 to $0.1
70b69753: calls $0.1
51c1e62b: folds
Hero: folds
b0bedffc: calls $0.08
54e3cd9f: calls $0.05
*** FLOP *** [Kc Ts As]
b0bedffc: checks
54e3cd9f: checks
2eda4a5f: checks
70b69753: bets $0.25
b0bedffc: raises $0.68 to $0.93
54e3cd9f: folds
2eda4a5f: folds
70b69753: calls $0.68
*** TURN *** [Kc Ts As] [7d]
b0bedffc: bets $1.95
70b69753: folds
Uncalled bet ($1.95) returned to b0bedffc
*** SHOWDOWN ***
b0bedffc collected $2.1 from pot
*** SUMMARY ***
Total pot $2.26 | Rake $0.11 | Jackpot $0.05 | Bingo $0 | Fortune $0 | Tax $0
Board [Kc Ts As 7d]
Seat 1: b0bedffc (small blind) won ($2.1)
Seat 2: 54e3cd9f (big blind) folded on the Flop
Seat 3: 2eda4a5f folded on the Flop
Seat 4: 70b69753 folded on the Turn
Seat 5: 51c1e62b folded before Flop (didn't bet)
Seat 6: Hero (button) folded before Flop (didn't bet)


Poker Hand #HD1750280531: Hold'em No Limit ($0.02/$0.05) - 2024/04/28 17:52:44
Table 'NLHBlue41' 6-max Seat #5 is the button
Seat 1: b0bedffc ($5.49 in chips)
Seat 2: 54e3cd9f ($7.33 in chips)
Seat 3: 2eda4a5f ($5 in chips)
Seat 4: 70b69753 ($9.67 in chips)
Seat 5: 51c1e62b ($5.58 in chips)
Seat 6: Hero ($5.94 in chips)
Hero: posts small blind $0.02
b0bedffc: posts big blind $0.05
*** HOLE CARDS ***
Dealt to b0bedffc 
Dealt to 54e3cd9f 
Dealt to 2eda4a5f 
Dealt to 70b69753 
Dealt to 51c1e62b 
Dealt to Hero [5c As]
54e3cd9f: folds
2eda4a5f: folds
70b69753: calls $0.05
51c1e62b: raises $0.15 to $0.2
Hero: folds
b0bedffc: folds
70b69753: folds
Uncalled bet ($0.15) returned to 51c1e62b
*** SHOWDOWN ***
51c1e62b collected $0.17 from pot
*** SUMMARY ***
Total pot $0.17 | Rake $0 | Jackpot $0 | Bingo $0 | Fortune $0 | Tax $0
Seat 1: b0bedffc (big blind) folded before Flop
Seat 2: 54e3cd9f folded before Flop (didn't bet)
Seat 3: 2eda4a5f folded before Flop (didn't bet)
Seat 4: 70b69753 folded before Flop
Seat 5: 51c1e62b (button) collected ($0.17)
Seat 6: Hero (small blind) folded before Flop


Poker Hand #HD1750280458: Hold'em No Limit ($0.02/$0.05) - 2024/04/28 17:52:09
Table 'NLHBlue41' 6-max Seat #4 is the button
Seat 1: b0bedffc ($5.59 in chips)
Seat 2: 54e3cd9f ($7.33 in chips)
Seat 3: 2eda4a5f ($5 in chips)
Seat 4: 70b69753 ($9.41 in chips)
Seat 5: 51c1e62b ($5.6 in chips)
Seat 6: Hero ($5.99 in chips)
51c1e62b: posts small blind $0.02
Hero: posts big blind $0.05
*** HOLE CARDS ***
Dealt to b0bedffc 
Dealt to 54e3cd9f 
Dealt to 2eda4a5f 
Dealt to 70b69753 
Dealt to 51c1e62b 
Dealt to Hero [Js 2h]
b0bedffc: raises $0.05 to $0.1
54e3cd9f: folds
2eda4a5f: calls $0.1
70b69753: calls $0.1
51c1e62b: folds
Hero: folds
*** FLOP *** [5d Jd 2d]
b0bedffc: checks
2eda4a5f: checks
70b69753: bets $0.13
b0bedffc: folds
2eda4a5f: folds
Uncalled bet ($0.13) returned to 70b69753
*** SHOWDOWN ***
70b69753 collected $0.36 from pot
*** SUMMARY ***
Total pot $0.37 | Rake $0.01 | Jackpot $0 | Bingo $0 | Fortune $0 | Tax $0
Board [5d Jd 2d]
Seat 1: b0bedffc folded on the Flop
Seat 2: 54e3cd9f folded before Flop (didn't bet)
Seat 3: 2eda4a5f folded on the Flop
Seat 4: 70b69753 (button) won ($0.36)
Seat 5: 51c1e62b (small blind) folded before Flop
Seat 6: Hero (big blind) folded before Flop


Poker Hand #HD1750280425: Hold'em No Limit ($0.02/$0.05) - 2024/04/28 17:51:54
Table 'NLHBlue41' 6-max Seat #3 is the button
Seat 1: b0bedffc ($5.59 in chips)
Seat 2: 54e3cd9f ($7.33 in chips)
Seat 3: 2eda4a5f ($5 in chips)
Seat 4: 70b69753 ($9.43 in chips)
Seat 5: 51c1e62b ($5.58 in chips)
Seat 6: Hero ($5.99 in chips)
70b69753: posts small blind $0.02
51c1e62b: posts big blind $0.05
*** HOLE CARDS ***
Dealt to b0bedffc 
Dealt to 54e3cd9f 
Dealt to 2eda4a5f 
Dealt to 70b69753 
Dealt to 51c1e62b 
Dealt to Hero [Js 5s]
Hero: folds
b0bedffc: folds
54e3cd9f: folds
2eda4a5f: folds
70b69753: folds
Uncalled bet ($0.03) returned to 51c1e62b
*** SHOWDOWN ***
51c1e62b collected $0.04 from pot
*** SUMMARY ***
Total pot $0.04 | Rake $0 | Jackpot $0 | Bingo $0 | Fortune $0 | Tax $0
Seat 1: b0bedffc folded before Flop (didn't bet)
Seat 2: 54e3cd9f folded before Flop (didn't bet)
Seat 3: 2eda4a5f (button) folded before Flop (didn't bet)
Seat 4: 70b69753 (small blind) folded before Flop
Seat 5: 51c1e62b (big blind) collected ($0.04)
Seat 6: Hero folded before Flop (didn't bet)


Poker Hand #HD1750280328: Hold'em No Limit ($0.02/$0.05) - 2024/04/28 17:51:13
Table 'NLHBlue41' 6-max Seat #2 is the button
Seat 1: b0bedffc ($5.11 in chips)
Seat 2: 54e3cd9f ($7.7 in chips)
Seat 3: 2eda4a5f ($5 in chips)
Seat 4: 70b69753 ($9.48 in chips)
Seat 5: 51c1e62b ($5.58 in chips)
Seat 6: Hero ($5.99 in chips)
2eda4a5f: posts small blind $0.02
70b69753: posts big blind $0.05
*** HOLE CARDS ***
Dealt to b0bedffc 
Dealt to 54e3cd9f 
Dealt to 2eda4a5f 
Dealt to 70b69753 
Dealt to 51c1e62b 
Dealt to Hero [5d Qd]
51c1e62b: folds
Hero: folds
b0bedffc: raises $0.05 to $0.1
54e3cd9f: calls $0.1
2eda4a5f: calls $0.08
70b69753: folds
*** FLOP *** [Kc Jd As]
2eda4a5f: checks
b0bedffc: bets $0.27
54e3cd9f: calls $0.27
2eda4a5f: folds
*** TURN *** [Kc Jd As] [4c]
b0bedffc: checks
54e3cd9f: checks
*** RIVER *** [Kc Jd As 4c] [9h]
b0bedffc: bets $1
54e3cd9f: folds
Uncalled bet ($1) returned to b0bedffc
*** SHOWDOWN ***
b0bedffc collected $0.85 from pot
*** SUMMARY ***
Total pot $0.89 | Rake $0.04 | Jackpot $0 | Bingo $0 | Fortune $0 | Tax $0
Board [Kc Jd As 4c 9h]
Seat 1: b0bedffc won ($0.85)
Seat 2: 54e3cd9f (button) folded on the River
Seat 3: 2eda4a5f (small blind) folded on the Flop
Seat 4: 70b69753 (big blind) folded before Flop
Seat 5: 51c1e62b folded before Flop (didn't bet)
Seat 6: Hero folded before Flop (didn't bet)


Poker Hand #HD1750280264: Hold'em No Limit ($0.02/$0.05) - 2024/04/28 17:50:45
Table 'NLHBlue41' 6-max Seat #1 is the button
Seat 1: b0bedffc ($4.93 in chips)
Seat 2: 54e3cd9f ($7.72 in chips)
Seat 3: 2eda4a5f ($5 in chips)
Seat 4: 70b69753 ($9.48 in chips)
Seat 5: 51c1e62b ($5.58 in chips)
Seat 6: Hero ($6.11 in chips)
54e3cd9f: posts small blind $0.02
2eda4a5f: posts big blind $0.05
*** HOLE CARDS ***
Dealt to b0bedffc 
Dealt to 54e3cd9f 
Dealt to 2eda4a5f 
Dealt to 70b69753 
Dealt to 51c1e62b 
Dealt to Hero [Qh Td]
70b69753: folds
51c1e62b: folds
Hero: raises $0.07 to $0.12
b0bedffc: raises $0.31 to $0.43
54e3cd9f: folds
2eda4a5f: folds
Hero: folds
Uncalled bet ($0.31) returned to b0bedffc
*** SHOWDOWN ***
b0bedffc collected $0.3 from pot
*** SUMMARY ***
Total pot $0.31 | Rake $0.01 | Jackpot $0 | Bingo $0 | Fortune $0 | Tax $0
Seat 1: b0bedffc (button) collected ($0.3)
Seat 2: 54e3cd9f (small blind) folded before Flop
Seat 3: 2eda4a5f (big blind) folded before Flop
Seat 4: 70b69753 folded before Flop (didn't bet)
Seat 5: 51c1e62b folded before Flop (didn't bet)
Seat 6: Hero folded before Flop


Poker Hand #HD1750280157: Hold'em No Limit ($0.02/$0.05) - 2024/04/28 17:49:50
Table 'NLHBlue41' 6-max Seat #6 is the button
Seat 1: b0bedffc ($4.95 in chips)
Seat 2: 54e3cd9f ($12.72 in chips)
Seat 4: 70b69753 ($5 in chips)
Seat 5: 51c1e62b ($5.58 in chips)
Seat 6: Hero ($6.11 in chips)
b0bedffc: posts small blind $0.02
54e3cd9f: posts big blind $0.05
*** HOLE CARDS ***
Dealt to b0bedffc 
Dealt to 54e3cd9f 
Dealt to 70b69753 
Dealt to 51c1e62b 
Dealt to Hero [Kh 5d]
70b69753: raises $0.2 to $0.25
51c1e62b: folds
Hero: folds
b0bedffc: folds
54e3cd9f: raises $0.52 to $0.77
70b69753: calls $0.52
*** FLOP *** [3d Jc 5c]
54e3cd9f: checks
70b69753: checks
*** TURN *** [3d Jc 5c] [Tc]
54e3cd9f: checks
70b69753: bets $1.17
54e3cd9f: calls $1.17
*** RIVER *** [3d Jc 5c Tc] [8s]
54e3cd9f: bets $3.9
70b69753: calls $3.06 and is all-in
Uncalled bet ($0.84) returned to 54e3cd9f
54e3cd9f: shows [Js Jh] (Three Jacks)
70b69753: shows [Kc 6c] (King High Flush)
*** SHOWDOWN ***
70b69753 collected $9.48 from pot
*** SUMMARY ***
Total pot $10.02 | Rake $0.49 | Jackpot $0.05 | Bingo $0 | Fortune $0 | Tax $0
Board [3d Jc 5c Tc 8s]
Seat 1: b0bedffc (small blind) folded before Flop
Seat 2: 54e3cd9f (big blind) showed [Js Jh] and lost with Three Jacks
Seat 4: 70b69753 showed [Kc 6c] and won ($9.48) with King High Flush
Seat 5: 51c1e62b folded before Flop (didn't bet)
Seat 6: Hero (button) folded before Flop (didn't bet)


Poker Hand #HD1750280131: Hold'em No Limit ($0.02/$0.05) - 2024/04/28 17:49:37
Table 'NLHBlue41' 6-max Seat #5 is the button
Seat 1: b0bedffc ($5 in chips)
Seat 2: 54e3cd9f ($12.65 in chips)
Seat 4: 70b69753 ($5 in chips)
Seat 5: 51c1e62b ($5.58 in chips)
Seat 6: Hero ($6.13 in chips)
Hero: posts small blind $0.02
b0bedffc: posts big blind $0.05
*** HOLE CARDS ***
Dealt to b0bedffc 
Dealt to 54e3cd9f 
Dealt to 70b69753 
Dealt to 51c1e62b 
Dealt to Hero [As 7c]
54e3cd9f: raises $0.1 to $0.15
70b69753: folds
51c1e62b: folds
Hero: folds
b0bedffc: folds
Uncalled bet ($0.1) returned to 54e3cd9f
*** SHOWDOWN ***
54e3cd9f collected $0.12 from pot
*** SUMMARY ***
Total pot $0.12 | Rake $0 | Jackpot $0 | Bingo $0 | Fortune $0 | Tax $0
Seat 1: b0bedffc (big blind) folded before Flop
Seat 2: 54e3cd9f collected ($0.12)
Seat 4: 70b69753 folded before Flop (didn't bet)
Seat 5: 51c1e62b (button) folded before Flop (didn't bet)
Seat 6: Hero (small blind) folded before Flop


Poker Hand #HD1750280109: Hold'em No Limit ($0.02/$0.05) - 2024/04/28 17:49:27
Table 'NLHBlue41' 6-max Seat #4 is the button
Seat 2: 54e3cd9f ($12.65 in chips)
Seat 4: 70b69753 ($5 in chips)
Seat 5: 51c1e62b ($5.53 in chips)
Seat 6: Hero ($6.18 in chips)
51c1e62b: posts small blind $0.02
Hero: posts big blind $0.05
*** HOLE CARDS ***
Dealt to 54e3cd9f 
Dealt to 70b69753 
Dealt to 51c1e62b 
Dealt to Hero [5d Kh]
54e3cd9f: folds
70b69753: folds
51c1e62b: raises $0.1 to $0.15
Hero: folds
Uncalled bet ($0.1) returned to 51c1e62b
*** SHOWDOWN ***
51c1e62b collected $0.1 from pot
*** SUMMARY ***
Total pot $0.1 | Rake $0 | Jackpot $0 | Bingo $0 | Fortune $0 | Tax $0
Seat 2: 54e3cd9f folded before Flop (didn't bet)
Seat 4: 70b69753 (button) folded before Flop (didn't bet)
Seat 5: 51c1e62b (small blind) collected ($0.1)
Seat 6: Hero (big blind) folded before Flop


Poker Hand #HD1750280025: Hold'em No Limit ($0.02/$0.05) - 2024/04/28 17:48:45
Table 'NLHBlue41' 6-max Seat #2 is the button
Seat 2: 54e3cd9f ($12.65 in chips)
Seat 4: 70b69753 ($5.34 in chips)
Seat 5: 51c1e62b ($5.04 in chips)
Seat 6: Hero ($6.18 in chips)
70b69753: posts small blind $0.02
51c1e62b: posts big blind $0.05
*** HOLE CARDS ***
Dealt to 54e3cd9f 
Dealt to 70b69753 
Dealt to 51c1e62b 
Dealt to Hero [Th 5d]
Hero: folds
54e3cd9f: folds
70b69753: calls $0.03
51c1e62b: raises $0.11 to $0.16
70b69753: calls $0.11
*** FLOP *** [7h 4c 3h]
70b69753: bets $0.16
51c1e62b: calls $0.16
*** TURN *** [7h 4c 3h] [Qh]
70b69753: bets $0.22
51c1e62b: calls $0.22
*** RIVER *** [7h 4c 3h Qh] [Jc]
70b69753: checks
51c1e62b: checks
70b69753: shows [7c 9c] (Pair of Sevens)
51c1e62b: shows [9h 9d] (Pair of Nines)
*** SHOWDOWN ***
51c1e62b collected $1.03 from pot
*** SUMMARY ***
Total pot $1.08 | Rake $0.05 | Jackpot $0 | Bingo $0 | Fortune $0 | Tax $0
Board [7h 4c 3h Qh Jc]
Seat 2: 54e3cd9f (button) folded before Flop (didn't bet)
Seat 4: 70b69753 (small blind) showed [7c 9c] and lost with Pair of Sevens
Seat 5: 51c1e62b (big blind) showed [9h 9d] and won ($1.03) with Pair of Nines
Seat 6: Hero folded before Flop (didn't bet)


Poker Hand #HD1750279940: Hold'em No Limit ($0.02/$0.05) - 2024/04/28 17:48:02
Table 'NLHBlue41' 6-max Seat #6 is the button
Seat 2: 54e3cd9f ($12.29 in chips)
Seat 3: 6987407a ($14.18 in chips)
Seat 4: 70b69753 ($5.68 in chips)
Seat 5: 51c1e62b ($5.04 in chips)
Seat 6: Hero ($6.18 in chips)
54e3cd9f: posts small blind $0.02
6987407a: posts big blind $0.05
*** HOLE CARDS ***
Dealt to 54e3cd9f 
Dealt to 6987407a 
Dealt to 70b69753 
Dealt to 51c1e62b 
Dealt to Hero [Kc 7d]
70b69753: calls $0.05
51c1e62b: folds
Hero: folds
54e3cd9f: raises $0.05 to $0.1
6987407a: folds
70b69753: calls $0.05
*** FLOP *** [6h 2s 5s]
54e3cd9f: bets $0.09
70b69753: calls $0.09
*** TURN *** [6h 2s 5s] [Qd]
54e3cd9f: checks
70b69753: bets $0.15
54e3cd9f: calls $0.15
*** RIVER *** [6h 2s 5s Qd] [4c]
54e3cd9f: checks
70b69753: checks
54e3cd9f: shows [Kd 4h] (Pair of Fours)
70b69753: shows [9c 7c] (Queen-High)
*** SHOWDOWN ***
54e3cd9f collected $0.7 from pot
*** SUMMARY ***
Total pot $0.73 | Rake $0.03 | Jackpot $0 | Bingo $0 | Fortune $0 | Tax $0
Board [6h 2s 5s Qd 4c]
Seat 2: 54e3cd9f (small blind) showed [Kd 4h] and won ($0.7) with Pair of Fours
Seat 3: 6987407a (big blind) folded before Flop
Seat 4: 70b69753 showed [9c 7c] and lost with Queen-High
Seat 5: 51c1e62b folded before Flop (didn't bet)
Seat 6: Hero (button) folded before Flop (didn't bet)


Poker Hand #HD1750279914: Hold'em No Limit ($0.02/$0.05) - 2024/04/28 17:47:51
Table 'NLHBlue41' 6-max Seat #5 is the button
Seat 2: 54e3cd9f ($12.27 in chips)
Seat 3: 6987407a ($14.18 in chips)
Seat 4: 70b69753 ($5.68 in chips)
Seat 5: 51c1e62b ($5.04 in chips)
Seat 6: Hero ($6.2 in chips)
Hero: posts small blind $0.02
54e3cd9f: posts big blind $0.05
*** HOLE CARDS ***
Dealt to 54e3cd9f 
Dealt to 6987407a 
Dealt to 70b69753 
Dealt to 51c1e62b 
Dealt to Hero [2h 8s]
6987407a: folds
70b69753: folds
51c1e62b: folds
Hero: folds
Uncalled bet ($0.03) returned to 54e3cd9f
*** SHOWDOWN ***
54e3cd9f collected $0.04 from pot
*** SUMMARY ***
Total pot $0.04 | Rake $0 | Jackpot $0 | Bingo $0 | Fortune $0 | Tax $0
Seat 2: 54e3cd9f (big blind) collected ($0.04)
Seat 3: 6987407a folded before Flop (didn't bet)
Seat 4: 70b69753 folded before Flop (didn't bet)
Seat 5: 51c1e62b (button) folded before Flop (didn't bet)
Seat 6: Hero (small blind) folded before Flop


Poker Hand #HD1750279819: Hold'em No Limit ($0.02/$0.05) - 2024/04/28 17:46:55
Table 'NLHBlue41' 6-max Seat #4 is the button
Seat 2: 54e3cd9f ($12.27 in chips)
Seat 3: 6987407a ($14.91 in chips)
Seat 4: 70b69753 ($5 in chips)
Seat 5: 51c1e62b ($5.06 in chips)
Seat 6: Hero ($6.25 in chips)
51c1e62b: posts small blind $0.02
Hero: posts big blind $0.05
*** HOLE CARDS ***
Dealt to 54e3cd9f 
Dealt to 6987407a 
Dealt to 70b69753 
Dealt to 51c1e62b 
Dealt to Hero [6h Ad]
54e3cd9f: folds
6987407a: raises $0.07 to $0.12
70b69753: calls $0.12
51c1e62b: folds
Hero: folds
*** FLOP *** [3h Qs Tc]
6987407a: checks
70b69753: bets $0.24
6987407a: calls $0.24
*** TURN *** [3h Qs Tc] [3c]
6987407a: bets $0.37
70b69753: raises $4.27 to $4.64 and is all-in
6987407a: folds
Uncalled bet ($4.27) returned to 70b69753
*** SHOWDOWN ***
70b69753 collected $1.41 from pot
*** SUMMARY ***
Total pot $1.53 | Rake $0.07 | Jackpot $0.05 | Bingo $0 | Fortune $0 | Tax $0
Board [3h Qs Tc 3c]
Seat 2: 54e3cd9f folded before Flop (didn't bet)
Seat 3: 6987407a folded on the Turn
Seat 4: 70b69753 (button) won ($1.41)
Seat 5: 51c1e62b (small blind) folded before Flop
Seat 6: Hero (big blind) folded before Flop


Poker Hand #HD1750279790: Hold'em No Limit ($0.02/$0.05) - 2024/04/28 17:46:34
Table 'NLHBlue41' 6-max Seat #3 is the button
Seat 2: 54e3cd9f ($12.27 in chips)
Seat 3: 6987407a ($14.84 in chips)
Seat 4: 70b69753 ($5 in chips)
Seat 5: 51c1e62b ($5.11 in chips)
Seat 6: Hero ($6.25 in chips)
70b69753: posts small blind $0.02
51c1e62b: posts big blind $0.05
*** HOLE CARDS ***
Dealt to 54e3cd9f 
Dealt to 6987407a 
Dealt to 70b69753 
Dealt to 51c1e62b 
Dealt to Hero [9s 4s]
Hero: folds
54e3cd9f: folds
6987407a: raises $0.07 to $0.12
70b69753: folds
51c1e62b: folds
Uncalled bet ($0.07) returned to 6987407a
*** SHOWDOWN ***
6987407a collected $0.12 from pot
*** SUMMARY ***
Total pot $0.12 | Rake $0 | Jackpot $0 | Bingo $0 | Fortune $0 | Tax $0
Seat 2: 54e3cd9f folded before Flop (didn't bet)
Seat 3: 6987407a (button) collected ($0.12)
Seat 4: 70b69753 (small blind) folded before Flop
Seat 5: 51c1e62b (big blind) folded before Flop
Seat 6: Hero folded before Flop (didn't bet)


Poker Hand #HD1750279714: Hold'em No Limit ($0.02/$0.05) - 2024/04/28 17:45:54
Table 'NLHBlue41' 6-max Seat #2 is the button
Seat 2: 54e3cd9f ($12.27 in chips)
Seat 3: 6987407a ($14.86 in chips)
Seat 4: 70b69753 ($5 in chips)
Seat 5: 51c1e62b ($5 in chips)
Seat 6: Hero ($6.25 in chips)
6987407a: posts small blind $0.02
70b69753: posts big blind $0.05
*** HOLE CARDS ***
Dealt to 54e3cd9f 
Dealt to 6987407a 
Dealt to 70b69753 
Dealt to 51c1e62b 
Dealt to Hero [Qc 5s]
51c1e62b: raises $0.05 to $0.1
Hero: folds
54e3cd9f: folds
6987407a: folds
70b69753: calls $0.05
*** FLOP *** [7d 9c Ts]
70b69753: checks
51c1e62b: bets $0.12
70b69753: folds
Uncalled bet ($0.12) returned to 51c1e62b
*** SHOWDOWN ***
51c1e62b collected $0.21 from pot
*** SUMMARY ***
Total pot $0.22 | Rake $0.01 | Jackpot $0 | Bingo $0 | Fortune $0 | Tax $0
Board [7d 9c Ts]
Seat 2: 54e3cd9f (button) folded before Flop (didn't bet)
Seat 3: 6987407a (small blind) folded before Flop
Seat 4: 70b69753 (big blind) folded on the Flop
Seat 5: 51c1e62b won ($0.21)
Seat 6: Hero folded before Flop (didn't bet)


Poker Hand #HD1750279525: Hold'em No Limit ($0.02/$0.05) - 2024/04/28 17:44:25
Table 'NLHBlue41' 6-max Seat #6 is the button
Seat 2: 54e3cd9f ($12.52 in chips)
Seat 3: 6987407a ($10.16 in chips)
Seat 4: 70b69753 ($5 in chips)
Seat 5: 51c1e62b ($5 in chips)
Seat 6: Hero ($6.25 in chips)
54e3cd9f: posts small blind $0.02
6987407a: posts big blind $0.05
*** HOLE CARDS ***
Dealt to 54e3cd9f 
Dealt to 6987407a 
Dealt to 70b69753 
Dealt to 51c1e62b 
Dealt to Hero [As Td]
70b69753: raises $0.05 to $0.1
51c1e62b: folds
Hero: folds
54e3cd9f: calls $0.08
6987407a: calls $0.05
*** FLOP *** [9h 5h 5s]
54e3cd9f: checks
6987407a: checks
70b69753: bets $0.15
54e3cd9f: calls $0.15
6987407a: raises $0.45 to $0.6
70b69753: calls $0.45
54e3cd9f: folds
*** TURN *** [9h 5h 5s] [2h]
6987407a: checks
70b69753: bets $1.24
6987407a: raises $8.22 to $9.46 and is all-in
70b69753: calls $3.06 and is all-in
Uncalled bet ($5.16) returned to 6987407a
6987407a: shows [Kh Th] (King High Flush)
70b69753: shows [9c 8h] (Pair of Nines and Pair of Fives)
*** RIVER *** [9h 5h 5s 2h] [8d]
*** SHOWDOWN ***
6987407a collected $9.7 from pot
*** SUMMARY ***
Total pot $10.25 | Rake $0.5 | Jackpot $0.05 | Bingo $0 | Fortune $0 | Tax $0
Board [9h 5h 5s 2h 8d]
Seat 2: 54e3cd9f (small blind) folded on the Flop
Seat 3: 6987407a (big blind) showed [Kh Th] and won ($9.7) with King High Flush
Seat 4: 70b69753 showed [9c 8h] and lost with Pair of Nines and Pair of Eights
Seat 5: 51c1e62b folded before Flop (didn't bet)
Seat 6: Hero (button) folded before Flop (didn't bet)


Poker Hand #HD1750279426: Hold'em No Limit ($0.02/$0.05) - 2024/04/28 17:43:37
Table 'NLHBlue41' 6-max Seat #5 is the button
Seat 2: 54e3cd9f ($12.67 in chips)
Seat 3: 6987407a ($10.16 in chips)
Seat 4: 70b69753 ($0.2 in chips)
Seat 5: 51c1e62b ($5 in chips)
Seat 6: Hero ($6.11 in chips)
Hero: posts small blind $0.02
54e3cd9f: posts big blind $0.05
*** HOLE CARDS ***
Dealt to 54e3cd9f 
Dealt to 6987407a 
Dealt to 70b69753 
Dealt to 51c1e62b 
Dealt to Hero [Qs Jc]
6987407a: folds
70b69753: folds
51c1e62b: folds
Hero: raises $0.1 to $0.15
54e3cd9f: calls $0.1
*** FLOP *** [9h 6h 4c]
Hero: checks
54e3cd9f: checks
*** TURN *** [9h 6h 4c] [Jh]
Hero: bets $0.2
54e3cd9f: folds
Uncalled bet ($0.2) returned to Hero
*** SHOWDOWN ***
Hero collected $0.29 from pot
*** SUMMARY ***
Total pot $0.3 | Rake $0.01 | Jackpot $0 | Bingo $0 | Fortune $0 | Tax $0
Board [9h 6h 4c Jh]
Seat 2: 54e3cd9f (big blind) folded on the Turn
Seat 3: 6987407a folded before Flop (didn't bet)
Seat 4: 70b69753 folded before Flop (didn't bet)
Seat 5: 51c1e62b (button) folded before Flop (didn't bet)
Seat 6: Hero (small blind) won ($0.29)


Poker Hand #HD1750279242: Hold'em No Limit ($0.02/$0.05) - 2024/04/28 17:42:05
Table 'NLHBlue41' 6-max Seat #4 is the button
Seat 1: a49b59eb ($5.14 in chips)
Seat 2: 54e3cd9f ($12.67 in chips)
Seat 3: 6987407a ($5.32 in chips)
Seat 4: 70b69753 ($5.52 in chips)
Seat 5: 51c1e62b ($5 in chips)
Seat 6: Hero ($6.16 in chips)
51c1e62b: posts small blind $0.02
Hero: posts big blind $0.05
*** HOLE CARDS ***
Dealt to a49b59eb 
Dealt to 54e3cd9f 
Dealt to 6987407a 
Dealt to 70b69753 
Dealt to 51c1e62b 
Dealt to Hero [9c 6s]
a49b59eb: folds
54e3cd9f: folds
6987407a: raises $0.07 to $0.12
70b69753: raises $0.24 to $0.36
51c1e62b: folds
Hero: folds
6987407a: calls $0.24
*** FLOP *** [5h 6h 4s]
6987407a: checks
70b69753: bets $0.6
6987407a: raises $4.36 to $4.96 and is all-in
70b69753: calls $4.36
6987407a: shows [8h 9h] (Nine-High)
70b69753: shows [Ah 8d] (Ace-High)
*** TURN *** [5h 6h 4s] [8c]
*** RIVER *** [5h 6h 4s 8c] [9d]
*** SHOWDOWN ***
6987407a collected $10.16 from pot
*** SUMMARY ***
Total pot $10.71 | Rake $0.5 | Jackpot $0.05 | Bingo $0 | Fortune $0 | Tax $0
Board [5h 6h 4s 8c 9d]
Seat 1: a49b59eb folded before Flop (didn't bet)
Seat 2: 54e3cd9f folded before Flop (didn't bet)
Seat 3: 6987407a showed [8h 9h] and won ($10.16) with Pair of Nines and Pair of Eights
Seat 4: 70b69753 (button) showed [Ah 8d] and lost with Pair of Eights
Seat 5: 51c1e62b (small blind) folded before Flop
Seat 6: Hero (big blind) folded before Flop


Poker Hand #HD1750279165: Hold'em No Limit ($0.02/$0.05) - 2024/04/28 17:41:23
Table 'NLHBlue41' 6-max Seat #3 is the button
Seat 1: a49b59eb ($5.14 in chips)
Seat 2: 54e3cd9f ($12.67 in chips)
Seat 3: 6987407a ($5.09 in chips)
Seat 4: 70b69753 ($5.64 in chips)
Seat 5: 51c1e62b ($5 in chips)
Seat 6: Hero ($6.16 in chips)
70b69753: posts small blind $0.02
51c1e62b: posts big blind $0.05
*** HOLE CARDS ***
Dealt to a49b59eb 
Dealt to 54e3cd9f 
Dealt to 6987407a 
Dealt to 70b69753 
Dealt to 51c1e62b 
Dealt to Hero [7d 8h]
Hero: folds
a49b59eb: folds
54e3cd9f: folds
6987407a: raises $0.07 to $0.12
70b69753: calls $0.1
51c1e62b: calls $0.07
*** FLOP *** [Th Ah 9s]
70b69753: checks
51c1e62b: checks
6987407a: bets $0.25
70b69753: folds
51c1e62b: folds
Uncalled bet ($0.25) returned to 6987407a
*** SHOWDOWN ***
6987407a collected $0.35 from pot
*** SUMMARY ***
Total pot $0.36 | Rake $0.01 | Jackpot $0 | Bingo $0 | Fortune $0 | Tax $0
Board [Th Ah 9s]
Seat 1: a49b59eb folded before Flop (didn't bet)
Seat 2: 54e3cd9f folded before Flop (didn't bet)
Seat 3: 6987407a (button) won ($0.35)
Seat 4: 70b69753 (small blind) folded on the Flop
Seat 5: 51c1e62b (big blind) folded on the Flop
Seat 6: Hero folded before Flop (didn't bet)


Poker Hand #HD1750279069: Hold'em No Limit ($0.02/$0.05) - 2024/04/28 17:40:34
Table 'NLHBlue41' 6-max Seat #2 is the button
Seat 1: a49b59eb ($5.14 in chips)
Seat 2: 54e3cd9f ($12.77 in chips)
Seat 3: 6987407a ($4.95 in chips)
Seat 4: 70b69753 ($5.69 in chips)
Seat 5: 51c1e62b ($5 in chips)
Seat 6: Hero ($6.16 in chips)
6987407a: posts small blind $0.02
70b69753: posts big blind $0.05
*** HOLE CARDS ***
Dealt to a49b59eb 
Dealt to 54e3cd9f 
Dealt to 6987407a 
Dealt to 70b69753 
Dealt to 51c1e62b 
Dealt to Hero [Jh 3c]
51c1e62b: folds
Hero: folds
a49b59eb: folds
54e3cd9f: raises $0.05 to $0.1
6987407a: raises $0.52 to $0.62
70b69753: folds
54e3cd9f: folds
Uncalled bet ($0.52) returned to 6987407a
*** SHOWDOWN ***
6987407a collected $0.24 from pot
*** SUMMARY ***
Total pot $0.25 | Rake $0.01 | Jackpot $0 | Bingo $0 | Fortune $0 | Tax $0
Seat 1: a49b59eb folded before Flop (didn't bet)
Seat 2: 54e3cd9f (button) folded before Flop
Seat 3: 6987407a (small blind) collected ($0.24)
Seat 4: 70b69753 (big blind) folded before Flop
Seat 5: 51c1e62b folded before Flop (didn't bet)
Seat 6: Hero folded before Flop (didn't bet)


Poker Hand #HD1750279014: Hold'em No Limit ($0.02/$0.05) - 2024/04/28 17:40:06
Table 'NLHBlue41' 6-max Seat #1 is the button
Seat 1: a49b59eb ($5.14 in chips)
Seat 2: 54e3cd9f ($12.72 in chips)
Seat 3: 6987407a ($5 in chips)
Seat 4: 70b69753 ($5.69 in chips)
Seat 5: 51c1e62b ($5 in chips)
Seat 6: Hero ($6.16 in chips)
54e3cd9f: posts small blind $0.02
6987407a: posts big blind $0.05
*** HOLE CARDS ***
Dealt to a49b59eb 
Dealt to 54e3cd9f 
Dealt to 6987407a 
Dealt to 70b69753 
Dealt to 51c1e62b 
Dealt to Hero [Kd 3h]
70b69753: folds
51c1e62b: folds
Hero: folds
a49b59eb: folds
54e3cd9f: raises $0.05 to $0.1
6987407a: folds
Uncalled bet ($0.05) returned to 54e3cd9f
*** SHOWDOWN ***
54e3cd9f collected $0.1 from pot
*** SUMMARY ***
Total pot $0.1 | Rake $0 | Jackpot $0 | Bingo $0 | Fortune $0 | Tax $0
Seat 1: a49b59eb (button) folded before Flop (didn't bet)
Seat 2: 54e3cd9f (small blind) collected ($0.1)
Seat 3: 6987407a (big blind) folded before Flop
Seat 4: 70b69753 folded before Flop (didn't bet)
Seat 5: 51c1e62b folded before Flop (didn't bet)
Seat 6: Hero folded before Flop (didn't bet)


Poker Hand #HD1750278822: Hold'em No Limit ($0.02/$0.05) - 2024/04/28 17:38:30
Table 'NLHBlue41' 6-max Seat #6 is the button
Seat 1: a49b59eb ($5.16 in chips)
Seat 2: 54e3cd9f ($12.77 in chips)
Seat 3: 6987407a ($5 in chips)
Seat 4: 70b69753 ($5 in chips)
Seat 5: 51c1e62b ($5 in chips)
Seat 6: Hero ($6.16 in chips)
a49b59eb: posts small blind $0.02
54e3cd9f: posts big blind $0.05
70b69753: posts big blind $0.05
*** HOLE CARDS ***
Dealt to a49b59eb 
Dealt to 54e3cd9f 
Dealt to 6987407a 
Dealt to 70b69753 
Dealt to 51c1e62b 
Dealt to Hero [6s Ah]
6987407a: folds
70b69753: raises $0.1 to $0.15
51c1e62b: raises $0.29 to $0.44
Hero: folds
a49b59eb: folds
54e3cd9f: folds
70b69753: calls $0.29
*** FLOP *** [8h Ks Ts]
70b69753: checks
51c1e62b: bets $0.25
70b69753: calls $0.25
*** TURN *** [8h Ks Ts] [Kh]
70b69753: bets $0.73
51c1e62b: folds
Uncalled bet ($0.73) returned to 70b69753
*** SHOWDOWN ***
70b69753 collected $1.38 from pot
*** SUMMARY ***
Total pot $1.45 | Rake $0.07 | Jackpot $0 | Bingo $0 | Fortune $0 | Tax $0
Board [8h Ks Ts Kh]
Seat 1: a49b59eb (small blind) folded before Flop
Seat 2: 54e3cd9f (big blind) folded before Flop
Seat 3: 6987407a folded before Flop (didn't bet)
Seat 4: 70b69753 won ($1.38)
Seat 5: 51c1e62b folded on the Turn
Seat 6: Hero (button) folded before Flop (didn't bet)


Poker Hand #HD1750278782: Hold'em No Limit ($0.02/$0.05) - 2024/04/28 17:38:09
Table 'NLHBlue41' 6-max Seat #5 is the button
Seat 1: a49b59eb ($5 in chips)
Seat 2: 54e3cd9f ($12.77 in chips)
Seat 3: 6987407a ($5 in chips)
Seat 5: 51c1e62b ($5.09 in chips)
Seat 6: Hero ($6.18 in chips)
Hero: posts small blind $0.02
a49b59eb: posts big blind $0.05
*** HOLE CARDS ***
Dealt to a49b59eb 
Dealt to 54e3cd9f 
Dealt to 6987407a 
Dealt to 51c1e62b 
Dealt to Hero [Jd 2h]
54e3cd9f: folds
6987407a: folds
51c1e62b: raises $0.1 to $0.15
Hero: folds
a49b59eb: raises $0.47 to $0.62
51c1e62b: folds
Uncalled bet ($0.47) returned to a49b59eb
*** SHOWDOWN ***
a49b59eb collected $0.31 from pot
*** SUMMARY ***
Total pot $0.32 | Rake $0.01 | Jackpot $0 | Bingo $0 | Fortune $0 | Tax $0
Seat 1: a49b59eb (big blind) collected ($0.31)
Seat 2: 54e3cd9f folded before Flop (didn't bet)
Seat 3: 6987407a folded before Flop (didn't bet)
Seat 5: 51c1e62b (button) folded before Flop
Seat 6: Hero (small blind) folded before Flop


Poker Hand #HD1750278754: Hold'em No Limit ($0.02/$0.05) - 2024/04/28 17:37:57
Table 'NLHBlue41' 6-max Seat #3 is the button
Seat 1: a49b59eb ($5 in chips)
Seat 2: 54e3cd9f ($12.77 in chips)
Seat 3: 6987407a ($5 in chips)
Seat 4: 3c506266 ($5.09 in chips)
Seat 5: 51c1e62b ($5.07 in chips)
Seat 6: Hero ($6.18 in chips)
3c506266: posts small blind $0.02
51c1e62b: posts big blind $0.05
*** HOLE CARDS ***
Dealt to a49b59eb 
Dealt to 54e3cd9f 
Dealt to 6987407a 
Dealt to 3c506266 
Dealt to 51c1e62b 
Dealt to Hero [4s Ad]
Hero: folds
a49b59eb: folds
54e3cd9f: folds
6987407a: folds
3c506266: folds
Uncalled bet ($0.03) returned to 51c1e62b
*** SHOWDOWN ***
51c1e62b collected $0.04 from pot
*** SUMMARY ***
Total pot $0.04 | Rake $0 | Jackpot $0 | Bingo $0 | Fortune $0 | Tax $0
Seat 1: a49b59eb folded before Flop (didn't bet)
Seat 2: 54e3cd9f folded before Flop (didn't bet)
Seat 3: 6987407a (button) folded before Flop (didn't bet)
Seat 4: 3c506266 (small blind) folded before Flop
Seat 5: 51c1e62b (big blind) collected ($0.04)
Seat 6: Hero folded before Flop (didn't bet)


Poker Hand #HD1750278731: Hold'em No Limit ($0.02/$0.05) - 2024/04/28 17:37:44
Table 'NLHBlue41' 6-max Seat #2 is the button
Seat 1: a49b59eb ($5 in chips)
Seat 2: 54e3cd9f ($12.77 in chips)
Seat 3: 6987407a ($5.02 in chips)
Seat 4: 3c506266 ($5.07 in chips)
Seat 5: 51c1e62b ($5.07 in chips)
Seat 6: Hero ($6.18 in chips)
6987407a: posts small blind $0.02
3c506266: posts big blind $0.05
*** HOLE CARDS ***
Dealt to a49b59eb 
Dealt to 54e3cd9f 
Dealt to 6987407a 
Dealt to 3c506266 
Dealt to 51c1e62b 
Dealt to Hero [6s Tc]
51c1e62b: folds
Hero: folds
a49b59eb: folds
54e3cd9f: folds
6987407a: folds
Uncalled bet ($0.03) returned to 3c506266
*** SHOWDOWN ***
3c506266 collected $0.04 from pot
*** SUMMARY ***
Total pot $0.04 | Rake $0 | Jackpot $0 | Bingo $0 | Fortune $0 | Tax $0
Seat 1: a49b59eb folded before Flop (didn't bet)
Seat 2: 54e3cd9f (button) folded before Flop (didn't bet)
Seat 3: 6987407a (small blind) folded before Flop
Seat 4: 3c506266 (big blind) collected ($0.04)
Seat 5: 51c1e62b folded before Flop (didn't bet)
Seat 6: Hero folded before Flop (didn't bet)


Poker Hand #HD1750278701: Hold'em No Limit ($0.02/$0.05) - 2024/04/28 17:37:31
Table 'NLHBlue41' 6-max Seat #1 is the button
Seat 1: a49b59eb ($5 in chips)
Seat 2: 54e3cd9f ($12.79 in chips)
Seat 3: 6987407a ($5.07 in chips)
Seat 4: 3c506266 ($5 in chips)
Seat 5: 51c1e62b ($5.07 in chips)
Seat 6: Hero ($6.18 in chips)
54e3cd9f: posts small blind $0.02
6987407a: posts big blind $0.05
*** HOLE CARDS ***
Dealt to a49b59eb 
Dealt to 54e3cd9f 
Dealt to 6987407a 
Dealt to 3c506266 
Dealt to 51c1e62b 
Dealt to Hero [9h Ac]
3c506266: raises $0.05 to $0.1
51c1e62b: folds
Hero: folds
a49b59eb: folds
54e3cd9f: folds
6987407a: folds
Uncalled bet ($0.05) returned to 3c506266
*** SHOWDOWN ***
3c506266 collected $0.12 from pot
*** SUMMARY ***
Total pot $0.12 | Rake $0 | Jackpot $0 | Bingo $0 | Fortune $0 | Tax $0
Seat 1: a49b59eb (button) folded before Flop (didn't bet)
Seat 2: 54e3cd9f (small blind) folded before Flop
Seat 3: 6987407a (big blind) folded before Flop
Seat 4: 3c506266 collected ($0.12)
Seat 5: 51c1e62b folded before Flop (didn't bet)
Seat 6: Hero folded before Flop (didn't bet)


Poker Hand #HD1750278571: Hold'em No Limit ($0.02/$0.05) - 2024/04/28 17:36:27
Table 'NLHBlue41' 6-max Seat #6 is the button
Seat 1: a49b59eb ($5 in chips)
Seat 2: 54e3cd9f ($8.25 in chips)
Seat 3: 6987407a ($5.07 in chips)
Seat 4: 3c506266 ($5.07 in chips)
Seat 5: 51c1e62b ($5.07 in chips)
Seat 6: Hero ($6.18 in chips)
a49b59eb: posts small blind $0.02
54e3cd9f: posts big blind $0.05
*** HOLE CARDS ***
Dealt to a49b59eb 
Dealt to 54e3cd9f 
Dealt to 6987407a 
Dealt to 3c506266 
Dealt to 51c1e62b 
Dealt to Hero [Ac 3s]
6987407a: folds
3c506266: raises $0.1 to $0.15
51c1e62b: folds
Hero: folds
a49b59eb: folds
54e3cd9f: calls $0.1
*** FLOP *** [Ks 3d Kh]
54e3cd9f: checks
3c506266: bets $4.92 and is all-in
54e3cd9f: calls $4.92
3c506266: shows [4s Ts] (Pair of Kings)
54e3cd9f: shows [Kd Qh] (Three Kings)
*** TURN *** [Ks 3d Kh] [6h]
*** RIVER *** [Ks 3d Kh 6h] [9h]
*** SHOWDOWN ***
54e3cd9f collected $9.61 from pot
*** SUMMARY ***
Total pot $10.16 | Rake $0.5 | Jackpot $0.05 | Bingo $0 | Fortune $0 | Tax $0
Board [Ks 3d Kh 6h 9h]
Seat 1: a49b59eb (small blind) folded before Flop
Seat 2: 54e3cd9f (big blind) showed [Kd Qh] and won ($9.61) with Three Kings
Seat 3: 6987407a folded before Flop (didn't bet)
Seat 4: 3c506266 showed [4s Ts] and lost with Pair of Kings
Seat 5: 51c1e62b folded before Flop (didn't bet)
Seat 6: Hero (button) folded before Flop (didn't bet)


Poker Hand #HD1750278507: Hold'em No Limit ($0.02/$0.05) - 2024/04/28 17:35:57
Table 'NLHBlue41' 6-max Seat #5 is the button
Seat 1: a49b59eb ($5.04 in chips)
Seat 2: 54e3cd9f ($8.25 in chips)
Seat 3: 6987407a ($5.07 in chips)
Seat 4: 3c506266 ($5 in chips)
Seat 5: 51c1e62b ($5.07 in chips)
Seat 6: Hero ($6.2 in chips)
Hero: posts small blind $0.02
a49b59eb: posts big blind $0.05
*** HOLE CARDS ***
Dealt to a49b59eb 
Dealt to 54e3cd9f 
Dealt to 6987407a 
Dealt to 3c506266 
Dealt to 51c1e62b 
Dealt to Hero [3s 8s]
54e3cd9f: folds
6987407a: folds
3c506266: raises $0.09 to $0.14
51c1e62b: folds
Hero: folds
a49b59eb: folds
Uncalled bet ($0.09) returned to 3c506266
*** SHOWDOWN ***
3c506266 collected $0.12 from pot
*** SUMMARY ***
Total pot $0.12 | Rake $0 | Jackpot $0 | Bingo $0 | Fortune $0 | Tax $0
Seat 1: a49b59eb (big blind) folded before Flop
Seat 2: 54e3cd9f folded before Flop (didn't bet)
Seat 3: 6987407a folded before Flop (didn't bet)
Seat 4: 3c506266 collected ($0.12)
Seat 5: 51c1e62b (button) folded before Flop (didn't bet)
Seat 6: Hero (small blind) folded before Flop


Poker Hand #HD1750278463: Hold'em No Limit ($0.02/$0.05) - 2024/04/28 17:35:37
Table 'NLHBlue41' 6-max Seat #4 is the button
Seat 1: a49b59eb ($5.04 in chips)
Seat 2: 54e3cd9f ($8.25 in chips)
Seat 3: 6987407a ($5.07 in chips)
Seat 4: 3c506266 ($5 in chips)
Seat 5: 51c1e62b ($5.02 in chips)
Seat 6: Hero ($6.25 in chips)
51c1e62b: posts small blind $0.02
Hero: posts big blind $0.05
*** HOLE CARDS ***
Dealt to a49b59eb 
Dealt to 54e3cd9f 
Dealt to 6987407a 
Dealt to 3c506266 
Dealt to 51c1e62b 
Dealt to Hero [Kc 4c]
a49b59eb: folds
54e3cd9f: folds
6987407a: folds
3c506266: folds
51c1e62b: raises $0.1 to $0.15
Hero: folds
Uncalled bet ($0.1) returned to 51c1e62b
*** SHOWDOWN ***
51c1e62b collected $0.1 from pot
*** SUMMARY ***
Total pot $0.1 | Rake $0 | Jackpot $0 | Bingo $0 | Fortune $0 | Tax $0
Seat 1: a49b59eb folded before Flop (didn't bet)
Seat 2: 54e3cd9f folded before Flop (didn't bet)
Seat 3: 6987407a folded before Flop (didn't bet)
Seat 4: 3c506266 (button) folded before Flop (didn't bet)
Seat 5: 51c1e62b (small blind) collected ($0.1)
Seat 6: Hero (big blind) folded before Flop


Poker Hand #HD1750278355: Hold'em No Limit ($0.02/$0.05) - 2024/04/28 17:34:44
Table 'NLHBlue41' 6-max Seat #3 is the button
Seat 1: a49b59eb ($5.04 in chips)
Seat 2: 54e3cd9f ($4.23 in chips)
Seat 3: 6987407a ($5.07 in chips)
Seat 4: 3c506266 ($9 in chips)
Seat 5: 51c1e62b ($5.07 in chips)
Seat 6: Hero ($6.47 in chips)
3c506266: posts small blind $0.02
51c1e62b: posts big blind $0.05
*** HOLE CARDS ***
Dealt to a49b59eb 
Dealt to 54e3cd9f 
Dealt to 6987407a 
Dealt to 3c506266 
Dealt to 51c1e62b 
Dealt to Hero [9s 9h]
Hero: raises $0.05 to $0.1
a49b59eb: folds
54e3cd9f: calls $0.1
6987407a: folds
3c506266: calls $0.08
51c1e62b: folds
*** FLOP *** [8d Jd 5h]
3c506266: checks
Hero: bets $0.12
54e3cd9f: raises $0.59 to $0.71
3c506266: raises $8.19 to $8.9 and is all-in
Hero: folds
54e3cd9f: calls $3.42 and is all-in
Uncalled bet ($4.77) returned to 3c506266
3c506266: shows [6h 7d] (Jack-High)
54e3cd9f: shows [8s 8h] (Three Eights)
*** TURN *** [8d Jd 5h] [2s]
*** RIVER *** [8d Jd 5h 2s] [Qc]
*** SHOWDOWN ***
54e3cd9f collected $8.25 from pot
*** SUMMARY ***
Total pot $8.73 | Rake $0.43 | Jackpot $0.05 | Bingo $0 | Fortune $0 | Tax $0
Board [8d Jd 5h 2s Qc]
Seat 1: a49b59eb folded before Flop (didn't bet)
Seat 2: 54e3cd9f showed [8s 8h] and won ($8.25) with Three Eights
Seat 3: 6987407a (button) folded before Flop (didn't bet)
Seat 4: 3c506266 (small blind) showed [6h 7d] and lost with Queen-High
Seat 5: 51c1e62b (big blind) folded before Flop
Seat 6: Hero folded on the Flop


Poker Hand #HD1750278266: Hold'em No Limit ($0.02/$0.05) - 2024/04/28 17:33:56
Table 'NLHBlue41' 6-max Seat #2 is the button
Seat 1: a49b59eb ($5.04 in chips)
Seat 2: 54e3cd9f ($2.24 in chips)
Seat 3: 6987407a ($5.09 in chips)
Seat 4: 3c506266 ($11.24 in chips)
Seat 5: 51c1e62b ($5.07 in chips)
Seat 6: Hero ($6.47 in chips)
6987407a: posts small blind $0.02
3c506266: posts big blind $0.05
*** HOLE CARDS ***
Dealt to a49b59eb 
Dealt to 54e3cd9f 
Dealt to 6987407a 
Dealt to 3c506266 
Dealt to 51c1e62b 
Dealt to Hero [4s Ac]
51c1e62b: folds
Hero: folds
a49b59eb: folds
54e3cd9f: raises $0.15 to $0.2
6987407a: folds
3c506266: calls $0.15
*** FLOP *** [Qs 8d 2h]
3c506266: checks
54e3cd9f: bets $0.42
3c506266: raises $5.68 to $6.1
54e3cd9f: calls $1.62 and is all-in
Uncalled bet ($4.06) returned to 3c506266
3c506266: shows [8c Ks] (Pair of Eights)
54e3cd9f: shows [Kc Kh] (Pair of Kings)
*** TURN *** [Qs 8d 2h] [Tc]
*** RIVER *** [Qs 8d 2h Tc] [9h]
*** SHOWDOWN ***
54e3cd9f collected $4.23 from pot
*** SUMMARY ***
Total pot $4.5 | Rake $0.22 | Jackpot $0.05 | Bingo $0 | Fortune $0 | Tax $0
Board [Qs 8d 2h Tc 9h]
Seat 1: a49b59eb folded before Flop (didn't bet)
Seat 2: 54e3cd9f (button) showed [Kc Kh] and won ($4.23) with Pair of Kings
Seat 3: 6987407a (small blind) folded before Flop
Seat 4: 3c506266 (big blind) showed [8c Ks] and lost with Pair of Eights
Seat 5: 51c1e62b folded before Flop (didn't bet)
Seat 6: Hero folded before Flop (didn't bet)


Poker Hand #HD1750278251: Hold'em No Limit ($0.02/$0.05) - 2024/04/28 17:33:49
Table 'NLHBlue41' 6-max Seat #1 is the button
Seat 1: a49b59eb ($5.04 in chips)
Seat 2: 54e3cd9f ($2.26 in chips)
Seat 3: 6987407a ($5.07 in chips)
Seat 4: 3c506266 ($11.24 in chips)
Seat 5: 51c1e62b ($5.07 in chips)
Seat 6: Hero ($6.47 in chips)
54e3cd9f: posts small blind $0.02
6987407a: posts big blind $0.05
*** HOLE CARDS ***
Dealt to a49b59eb 
Dealt to 54e3cd9f 
Dealt to 6987407a 
Dealt to 3c506266 
Dealt to 51c1e62b 
Dealt to Hero [5s Qh]
3c506266: folds
51c1e62b: folds
Hero: folds
a49b59eb: folds
54e3cd9f: folds
Uncalled bet ($0.03) returned to 6987407a
*** SHOWDOWN ***
6987407a collected $0.04 from pot
*** SUMMARY ***
Total pot $0.04 | Rake $0 | Jackpot $0 | Bingo $0 | Fortune $0 | Tax $0
Seat 1: a49b59eb (button) folded before Flop (didn't bet)
Seat 2: 54e3cd9f (small blind) folded before Flop
Seat 3: 6987407a (big blind) collected ($0.04)
Seat 4: 3c506266 folded before Flop (didn't bet)
Seat 5: 51c1e62b folded before Flop (didn't bet)
Seat 6: Hero folded before Flop (didn't bet)


Poker Hand #HD1750278140: Hold'em No Limit ($0.02/$0.05) - 2024/04/28 17:32:41
Table 'NLHBlue41' 6-max Seat #6 is the button
Seat 1: a49b59eb ($5.06 in chips)
Seat 2: 54e3cd9f ($1.2 in chips)
Seat 3: 6987407a ($5.07 in chips)
Seat 4: 3c506266 ($12.44 in chips)
Seat 5: 51c1e62b ($5.07 in chips)
Seat 6: Hero ($6.47 in chips)
a49b59eb: posts small blind $0.02
54e3cd9f: posts big blind $0.05
*** HOLE CARDS ***
Dealt to a49b59eb 
Dealt to 54e3cd9f 
Dealt to 6987407a 
Dealt to 3c506266 
Dealt to 51c1e62b 
Dealt to Hero [9d Kc]
6987407a: folds
3c506266: raises $0.07 to $0.12
51c1e62b: folds
Hero: folds
a49b59eb: folds
54e3cd9f: calls $0.07
*** FLOP *** [Qs 6s 4h]
54e3cd9f: checks
3c506266: bets $0.13
54e3cd9f: raises $0.95 to $1.08 and is all-in
3c506266: calls $0.95
54e3cd9f: shows [5c 7h] (Queen-High)
3c506266: shows [3s As] (Ace-High)
*** TURN *** [Qs 6s 4h] [7d]
*** RIVER *** [Qs 6s 4h 7d] [6c]
*** SHOWDOWN ***
54e3cd9f collected $2.26 from pot
*** SUMMARY ***
Total pot $2.42 | Rake $0.11 | Jackpot $0.05 | Bingo $0 | Fortune $0 | Tax $0
Board [Qs 6s 4h 7d 6c]
Seat 1: a49b59eb (small blind) folded before Flop
Seat 2: 54e3cd9f (big blind) showed [5c 7h] and won ($2.26) with Pair of Sevens and Pair of Sixes
Seat 3: 6987407a folded before Flop (didn't bet)
Seat 4: 3c506266 showed [3s As] and lost with Pair of Sixes
Seat 5: 51c1e62b folded before Flop (didn't bet)
Seat 6: Hero (button) folded before Flop (didn't bet)


Poker Hand #HD1750278104: Hold'em No Limit ($0.02/$0.05) - 2024/04/28 17:32:23
Table 'NLHBlue41' 6-max Seat #5 is the button
Seat 1: a49b59eb ($5.11 in chips)
Seat 2: 54e3cd9f ($1.2 in chips)
Seat 3: 6987407a ($5.07 in chips)
Seat 4: 3c506266 ($12.44 in chips)
Seat 5: 51c1e62b ($5 in chips)
Seat 6: Hero ($6.49 in chips)
Hero: posts small blind $0.02
a49b59eb: posts big blind $0.05
*** HOLE CARDS ***
Dealt to a49b59eb 
Dealt to 54e3cd9f 
Dealt to 6987407a 
Dealt to 3c506266 
Dealt to 51c1e62b 
Dealt to Hero [6d 9c]
54e3cd9f: folds
6987407a: folds
3c506266: folds
51c1e62b: raises $0.1 to $0.15
Hero: folds
a49b59eb: folds
Uncalled bet ($0.1) returned to 51c1e62b
*** SHOWDOWN ***
51c1e62b collected $0.12 from pot
*** SUMMARY ***
Total pot $0.12 | Rake $0 | Jackpot $0 | Bingo $0 | Fortune $0 | Tax $0
Seat 1: a49b59eb (big blind) folded before Flop
Seat 2: 54e3cd9f folded before Flop (didn't bet)
Seat 3: 6987407a folded before Flop (didn't bet)
Seat 4: 3c506266 folded before Flop (didn't bet)
Seat 5: 51c1e62b (button) collected ($0.12)
Seat 6: Hero (small blind) folded before Flop


Poker Hand #HD1750278071: Hold'em No Limit ($0.02/$0.05) - 2024/04/28 17:32:07
Table 'NLHBlue41' 6-max Seat #4 is the button
Seat 1: a49b59eb ($5.11 in chips)
Seat 2: 54e3cd9f ($1.2 in chips)
Seat 3: 6987407a ($5 in chips)
Seat 4: 3c506266 ($12.44 in chips)
Seat 5: 51c1e62b ($5 in chips)
Seat 6: Hero ($6.54 in chips)
51c1e62b: posts small blind $0.02
Hero: posts big blind $0.05
6987407a: posts big blind $0.05
*** HOLE CARDS ***
Dealt to a49b59eb 
Dealt to 54e3cd9f 
Dealt to 6987407a 
Dealt to 3c506266 
Dealt to 51c1e62b 
Dealt to Hero [3s 2d]
a49b59eb: folds
54e3cd9f: folds
6987407a: raises $0.07 to $0.12
3c506266: folds
51c1e62b: folds
Hero: folds
Uncalled bet ($0.07) returned to 6987407a
*** SHOWDOWN ***
6987407a collected $0.12 from pot
*** SUMMARY ***
Total pot $0.12 | Rake $0 | Jackpot $0 | Bingo $0 | Fortune $0 | Tax $0
Seat 1: a49b59eb folded before Flop (didn't bet)
Seat 2: 54e3cd9f folded before Flop (didn't bet)
Seat 3: 6987407a collected ($0.12)
Seat 4: 3c506266 (button) folded before Flop (didn't bet)
Seat 5: 51c1e62b (small blind) folded before Flop
Seat 6: Hero (big blind) folded before Flop


Poker Hand #HD1750277944: Hold'em No Limit ($0.02/$0.05) - 2024/04/28 17:31:04
Table 'NLHBlue41' 6-max Seat #2 is the button
Seat 1: a49b59eb ($5 in chips)
Seat 2: 54e3cd9f ($1.2 in chips)
Seat 4: 3c506266 ($12.46 in chips)
Seat 5: 51c1e62b ($5 in chips)
Seat 6: Hero ($6.54 in chips)
3c506266: posts small blind $0.02
51c1e62b: posts big blind $0.05
*** HOLE CARDS ***
Dealt to a49b59eb 
Dealt to 54e3cd9f 
Dealt to 3c506266 
Dealt to 51c1e62b 
Dealt to Hero [4c 3h]
Hero: folds
a49b59eb: raises $0.05 to $0.1
54e3cd9f: folds
3c506266: folds
51c1e62b: calls $0.05
*** FLOP *** [6c 8d 2c]
51c1e62b: checks
a49b59eb: bets $0.17
51c1e62b: folds
Uncalled bet ($0.17) returned to a49b59eb
*** SHOWDOWN ***
a49b59eb collected $0.21 from pot
*** SUMMARY ***
Total pot $0.22 | Rake $0.01 | Jackpot $0 | Bingo $0 | Fortune $0 | Tax $0
Board [6c 8d 2c]
Seat 1: a49b59eb won ($0.21)
Seat 2: 54e3cd9f (button) folded before Flop (didn't bet)
Seat 4: 3c506266 (small blind) folded before Flop
Seat 5: 51c1e62b (big blind) folded on the Flop
Seat 6: Hero folded before Flop (didn't bet)


Poker Hand #HD1750277921: Hold'em No Limit ($0.02/$0.05) - 2024/04/28 17:30:51
Table 'NLHBlue41' 6-max Seat #1 is the button
Seat 1: a49b59eb ($5 in chips)
Seat 2: 54e3cd9f ($1.22 in chips)
Seat 3: d557ab96 ($5.54 in chips)
Seat 4: 3c506266 ($12.46 in chips)
Seat 6: Hero ($6.54 in chips)
54e3cd9f: posts small blind $0.02
d557ab96: posts big blind $0.05
*** HOLE CARDS ***
Dealt to a49b59eb 
Dealt to 54e3cd9f 
Dealt to d557ab96 
Dealt to 3c506266 
Dealt to Hero [9d 3h]
3c506266: folds
Hero: folds
a49b59eb: folds
54e3cd9f: folds
Uncalled bet ($0.03) returned to d557ab96
*** SHOWDOWN ***
d557ab96 collected $0.04 from pot
*** SUMMARY ***
Total pot $0.04 | Rake $0 | Jackpot $0 | Bingo $0 | Fortune $0 | Tax $0
Seat 1: a49b59eb (button) folded before Flop (didn't bet)
Seat 2: 54e3cd9f (small blind) folded before Flop
Seat 3: d557ab96 (big blind) collected ($0.04)
Seat 4: 3c506266 folded before Flop (didn't bet)
Seat 6: Hero folded before Flop (didn't bet)


Poker Hand #HD1750277808: Hold'em No Limit ($0.02/$0.05) - 2024/04/28 17:29:55
Table 'NLHBlue41' 6-max Seat #6 is the button
Seat 1: a49b59eb ($5 in chips)
Seat 2: 54e3cd9f ($1.31 in chips)
Seat 3: d557ab96 ($5.54 in chips)
Seat 4: 3c506266 ($12.46 in chips)
Seat 5: f1c6feeb ($4.03 in chips)
Seat 6: Hero ($6.54 in chips)
a49b59eb: posts small blind $0.02
54e3cd9f: posts big blind $0.05
*** HOLE CARDS ***
Dealt to a49b59eb 
Dealt to 54e3cd9f 
Dealt to d557ab96 
Dealt to 3c506266 
Dealt to f1c6feeb 
Dealt to Hero [Jh 8s]
d557ab96: folds
3c506266: folds
f1c6feeb: folds
Hero: folds
a49b59eb: raises $0.05 to $0.1
54e3cd9f: raises $0.2 to $0.3
a49b59eb: raises $3.4 to $3.7
54e3cd9f: calls $1.01 and is all-in
Uncalled bet ($2.39) returned to a49b59eb
a49b59eb: shows [Kc Ad]
54e3cd9f: shows [6c 6h]
*** FIRST FLOP *** [7h 2c Ac]
*** FIRST TURN *** [7h 2c Ac] [Tc]
*** FIRST RIVER *** [7h 2c Ac Tc] [3d]
*** SECOND FLOP *** [Ks 6d 9s]
*** SECOND TURN *** [Ks 6d 9s] [Jc]
*** SECOND RIVER *** [Ks 6d 9s Jc] [Ah]
*** FIRST SHOWDOWN ***
a49b59eb collected $1.23 from pot
*** SECOND SHOWDOWN ***
54e3cd9f collected $1.22 from pot
*** SUMMARY ***
Total pot $2.62 | Rake $0.12 | Jackpot $0.05 | Bingo $0 | Fortune $0 | Tax $0
Hand was run two times
FIRST Board [7h 2c Ac Tc 3d]
SECOND Board [Ks 6d 9s Jc Ah]
Seat 1: a49b59eb (small blind) showed [Kc Ad] and won ($1.23) with Pair of Aces, and lost with Pair of Aces and Pair of Kings
Seat 2: 54e3cd9f (big blind) showed [6c 6h] and lost with Pair of Sixes, and won ($1.22) with Three Sixes
Seat 3: d557ab96 folded before Flop (didn't bet)
Seat 4: 3c506266 folded before Flop (didn't bet)
Seat 5: f1c6feeb folded before Flop (didn't bet)
Seat 6: Hero (button) folded before Flop (didn't bet)


Poker Hand #HD1750277758: Hold'em No Limit ($0.02/$0.05) - 2024/04/28 17:29:31
Table 'NLHBlue41' 6-max Seat #5 is the button
Seat 1: a49b59eb ($5 in chips)
Seat 2: 54e3cd9f ($1.24 in chips)
Seat 3: d557ab96 ($5.54 in chips)
Seat 4: 3c506266 ($12.46 in chips)
Seat 5: f1c6feeb ($4.03 in chips)
Seat 6: Hero ($6.56 in chips)
Hero: posts small blind $0.02
a49b59eb: posts big blind $0.05
*** HOLE CARDS ***
Dealt to a49b59eb 
Dealt to 54e3cd9f 
Dealt to d557ab96 
Dealt to 3c506266 
Dealt to f1c6feeb 
Dealt to Hero [9d Jc]
54e3cd9f: raises $0.1 to $0.15
d557ab96: folds
3c506266: folds
f1c6feeb: folds
Hero: folds
a49b59eb: folds
Uncalled bet ($0.1) returned to 54e3cd9f
*** SHOWDOWN ***
54e3cd9f collected $0.12 from pot
*** SUMMARY ***
Total pot $0.12 | Rake $0 | Jackpot $0 | Bingo $0 | Fortune $0 | Tax $0
Seat 1: a49b59eb (big blind) folded before Flop
Seat 2: 54e3cd9f collected ($0.12)
Seat 3: d557ab96 folded before Flop (didn't bet)
Seat 4: 3c506266 folded before Flop (didn't bet)
Seat 5: f1c6feeb (button) folded before Flop (didn't bet)
Seat 6: Hero (small blind) folded before Flop


Poker Hand #HD1750277690: Hold'em No Limit ($0.02/$0.05) - 2024/04/28 17:28:55
Table 'NLHBlue41' 6-max Seat #4 is the button
Seat 1: a49b59eb ($5 in chips)
Seat 2: 54e3cd9f ($1.24 in chips)
Seat 3: d557ab96 ($5.54 in chips)
Seat 4: 3c506266 ($12.46 in chips)
Seat 5: f1c6feeb ($4.18 in chips)
Seat 6: Hero ($6.42 in chips)
f1c6feeb: posts small blind $0.02
Hero: posts big blind $0.05
*** HOLE CARDS ***
Dealt to a49b59eb 
Dealt to 54e3cd9f 
Dealt to d557ab96 
Dealt to 3c506266 
Dealt to f1c6feeb 
Dealt to Hero [Js Kh]
a49b59eb: folds
54e3cd9f: folds
d557ab96: folds
3c506266: folds
f1c6feeb: raises $0.1 to $0.15
Hero: raises $0.4 to $0.55
f1c6feeb: folds
Uncalled bet ($0.4) returned to Hero
*** SHOWDOWN ***
Hero collected $0.29 from pot
*** SUMMARY ***
Total pot $0.3 | Rake $0.01 | Jackpot $0 | Bingo $0 | Fortune $0 | Tax $0
Seat 1: a49b59eb folded before Flop (didn't bet)
Seat 2: 54e3cd9f folded before Flop (didn't bet)
Seat 3: d557ab96 folded before Flop (didn't bet)
Seat 4: 3c506266 (button) folded before Flop (didn't bet)
Seat 5: f1c6feeb (small blind) folded before Flop
Seat 6: Hero (big blind) collected ($0.29)


Poker Hand #HD1750277633: Hold'em No Limit ($0.02/$0.05) - 2024/04/28 17:28:21
Table 'NLHBlue41' 6-max Seat #3 is the button
Seat 1: a49b59eb ($5 in chips)
Seat 2: 54e3cd9f ($1.76 in chips)
Seat 3: d557ab96 ($5 in chips)
Seat 4: 3c506266 ($12.48 in chips)
Seat 5: f1c6feeb ($4.23 in chips)
Seat 6: Hero ($6.42 in chips)
3c506266: posts small blind $0.02
f1c6feeb: posts big blind $0.05
*** HOLE CARDS ***
Dealt to a49b59eb 
Dealt to 54e3cd9f 
Dealt to d557ab96 
Dealt to 3c506266 
Dealt to f1c6feeb 
Dealt to Hero [8s Qh]
Hero: folds
a49b59eb: folds
54e3cd9f: raises $0.1 to $0.15
d557ab96: calls $0.15
3c506266: folds
f1c6feeb: folds
*** FLOP *** [Th 6h 3h]
54e3cd9f: bets $0.37
d557ab96: calls $0.37
*** TURN *** [Th 6h 3h] [Kh]
54e3cd9f: checks
d557ab96: bets $1.11
54e3cd9f: folds
Uncalled bet ($1.11) returned to d557ab96
*** SHOWDOWN ***
d557ab96 collected $1.06 from pot
*** SUMMARY ***
Total pot $1.11 | Rake $0.05 | Jackpot $0 | Bingo $0 | Fortune $0 | Tax $0
Board [Th 6h 3h Kh]
Seat 1: a49b59eb folded before Flop (didn't bet)
Seat 2: 54e3cd9f folded on the Turn
Seat 3: d557ab96 (button) won ($1.06)
Seat 4: 3c506266 (small blind) folded before Flop
Seat 5: f1c6feeb (big blind) folded before Flop
Seat 6: Hero folded before Flop (didn't bet)


Poker Hand #HD1750277553: Hold'em No Limit ($0.02/$0.05) - 2024/04/28 17:27:41
Table 'NLHBlue41' 6-max Seat #2 is the button
Seat 1: a49b59eb ($5 in chips)
Seat 2: 54e3cd9f ($1.86 in chips)
Seat 3: d557ab96 ($5 in chips)
Seat 4: 3c506266 ($12.27 in chips)
Seat 5: f1c6feeb ($4.23 in chips)
Seat 6: Hero ($6.52 in chips)
d557ab96: posts small blind $0.02
3c506266: posts big blind $0.05
*** HOLE CARDS ***
Dealt to a49b59eb 
Dealt to 54e3cd9f 
Dealt to d557ab96 
Dealt to 3c506266 
Dealt to f1c6feeb 
Dealt to Hero [8d 7d]
f1c6feeb: folds
Hero: raises $0.05 to $0.1
a49b59eb: folds
54e3cd9f: calls $0.1
d557ab96: folds
3c506266: raises $0.5 to $0.6
Hero: folds
54e3cd9f: folds
Uncalled bet ($0.5) returned to 3c506266
*** SHOWDOWN ***
3c506266 collected $0.31 from pot
*** SUMMARY ***
Total pot $0.32 | Rake $0.01 | Jackpot $0 | Bingo $0 | Fortune $0 | Tax $0
Seat 1: a49b59eb folded before Flop (didn't bet)
Seat 2: 54e3cd9f (button) folded before Flop
Seat 3: d557ab96 (small blind) folded before Flop
Seat 4: 3c506266 (big blind) collected ($0.31)
Seat 5: f1c6feeb folded before Flop (didn't bet)
Seat 6: Hero folded before Flop


Poker Hand #HD1750277506: Hold'em No Limit ($0.02/$0.05) - 2024/04/28 17:27:18
Table 'NLHBlue41' 6-max Seat #1 is the button
Seat 1: a49b59eb ($5 in chips)
Seat 2: 54e3cd9f ($1.88 in chips)
Seat 3: d557ab96 ($5 in chips)
Seat 4: 3c506266 ($12.39 in chips)
Seat 5: f1c6feeb ($4.23 in chips)
Seat 6: Hero ($6.34 in chips)
54e3cd9f: posts small blind $0.02
d557ab96: posts big blind $0.05
*** HOLE CARDS ***
Dealt to a49b59eb 
Dealt to 54e3cd9f 
Dealt to d557ab96 
Dealt to 3c506266 
Dealt to f1c6feeb 
Dealt to Hero [9s 9c]
3c506266: raises $0.07 to $0.12
f1c6feeb: folds
Hero: raises $0.28 to $0.4
a49b59eb: folds
54e3cd9f: folds
d557ab96: folds
3c506266: folds
Uncalled bet ($0.28) returned to Hero
*** SHOWDOWN ***
Hero collected $0.3 from pot
*** SUMMARY ***
Total pot $0.31 | Rake $0.01 | Jackpot $0 | Bingo $0 | Fortune $0 | Tax $0
Seat 1: a49b59eb (button) folded before Flop (didn't bet)
Seat 2: 54e3cd9f (small blind) folded before Flop
Seat 3: d557ab96 (big blind) folded before Flop
Seat 4: 3c506266 folded before Flop
Seat 5: f1c6feeb folded before Flop (didn't bet)
Seat 6: Hero collected ($0.3)


Poker Hand #HD1750277401: Hold'em No Limit ($0.02/$0.05) - 2024/04/28 17:26:22
Table 'NLHBlue41' 6-max Seat #6 is the button
Seat 1: a49b59eb ($5.02 in chips)
Seat 2: 54e3cd9f ($1 in chips)
Seat 3: d557ab96 ($5 in chips)
Seat 4: 3c506266 ($12.39 in chips)
Seat 5: f1c6feeb ($4.23 in chips)
Seat 6: Hero ($6.34 in chips)
a49b59eb: posts small blind $0.02
54e3cd9f: posts big blind $0.05
*** HOLE CARDS ***
Dealt to a49b59eb 
Dealt to 54e3cd9f 
Dealt to d557ab96 
Dealt to 3c506266 
Dealt to f1c6feeb 
Dealt to Hero [Js 6c]
d557ab96: raises $0.07 to $0.12
3c506266: folds
f1c6feeb: folds
Hero: folds
a49b59eb: folds
54e3cd9f: calls $0.07
*** FLOP *** [8s 6s 7c]
54e3cd9f: checks
d557ab96: bets $0.2
54e3cd9f: raises $0.68 to $0.88 and is all-in
d557ab96: calls $0.68
54e3cd9f: shows [Kh 7d] (Pair of Sevens)
d557ab96: shows [Kc Ad] (Ace-High)
*** TURN *** [8s 6s 7c] [9d]
*** RIVER *** [8s 6s 7c 9d] [Kd]
*** SHOWDOWN ***
54e3cd9f collected $1.88 from pot
*** SUMMARY ***
Total pot $2.02 | Rake $0.09 | Jackpot $0.05 | Bingo $0 | Fortune $0 | Tax $0
Board [8s 6s 7c 9d Kd]
Seat 1: a49b59eb (small blind) folded before Flop
Seat 2: 54e3cd9f (big blind) showed [Kh 7d] and won ($1.88) with Pair of Kings and Pair of Sevens
Seat 3: d557ab96 showed [Kc Ad] and lost with Pair of Kings
Seat 4: 3c506266 folded before Flop (didn't bet)
Seat 5: f1c6feeb folded before Flop (didn't bet)
Seat 6: Hero (button) folded before Flop (didn't bet)


Poker Hand #HD1750277377: Hold'em No Limit ($0.02/$0.05) - 2024/04/28 17:26:10
Table 'NLHBlue41' 6-max Seat #5 is the button
Seat 1: a49b59eb ($5 in chips)
Seat 2: 54e3cd9f ($1 in chips)
Seat 3: d557ab96 ($5 in chips)
Seat 4: 3c506266 ($12.39 in chips)
Seat 5: f1c6feeb ($4.23 in chips)
Seat 6: Hero ($6.36 in chips)
Hero: posts small blind $0.02
a49b59eb: posts big blind $0.05
*** HOLE CARDS ***
Dealt to a49b59eb 
Dealt to 54e3cd9f 
Dealt to d557ab96 
Dealt to 3c506266 
Dealt to f1c6feeb 
Dealt to Hero [5d 2h]
54e3cd9f: folds
d557ab96: folds
3c506266: folds
f1c6feeb: folds
Hero: folds
Uncalled bet ($0.03) returned to a49b59eb
*** SHOWDOWN ***
a49b59eb collected $0.04 from pot
*** SUMMARY ***
Total pot $0.04 | Rake $0 | Jackpot $0 | Bingo $0 | Fortune $0 | Tax $0
Seat 1: a49b59eb (big blind) collected ($0.04)
Seat 2: 54e3cd9f folded before Flop (didn't bet)
Seat 3: d557ab96 folded before Flop (didn't bet)
Seat 4: 3c506266 folded before Flop (didn't bet)
Seat 5: f1c6feeb (button) folded before Flop (didn't bet)
Seat 6: Hero (small blind) folded before Flop


Poker Hand #HD1750277318: Hold'em No Limit ($0.02/$0.05) - 2024/04/28 17:25:34
Table 'NLHBlue41' 6-max Seat #4 is the button
Seat 1: a49b59eb ($5 in chips)
Seat 2: 54e3cd9f ($1 in chips)
Seat 3: d557ab96 ($5.07 in chips)
Seat 4: 3c506266 ($12.39 in chips)
Seat 5: f1c6feeb ($4.07 in chips)
Seat 6: Hero ($6.41 in chips)
f1c6feeb: posts small blind $0.02
Hero: posts big blind $0.05
*** HOLE CARDS ***
Dealt to a49b59eb 
Dealt to 54e3cd9f 
Dealt to d557ab96 
Dealt to 3c506266 
Dealt to f1c6feeb 
Dealt to Hero [9c 8c]
a49b59eb: folds
54e3cd9f: folds
d557ab96: raises $0.07 to $0.12
3c506266: folds
f1c6feeb: raises $0.38 to $0.5
Hero: folds
d557ab96: folds
Uncalled bet ($0.38) returned to f1c6feeb
*** SHOWDOWN ***
f1c6feeb collected $0.28 from pot
*** SUMMARY ***
Total pot $0.29 | Rake $0.01 | Jackpot $0 | Bingo $0 | Fortune $0 | Tax $0
Seat 1: a49b59eb folded before Flop (didn't bet)
Seat 2: 54e3cd9f folded before Flop (didn't bet)
Seat 3: d557ab96 folded before Flop
Seat 4: 3c506266 (button) folded before Flop (didn't bet)
Seat 5: f1c6feeb (small blind) collected ($0.28)
Seat 6: Hero (big blind) folded before Flop


Poker Hand #HD1750277274: Hold'em No Limit ($0.02/$0.05) - 2024/04/28 17:25:11
Table 'NLHBlue41' 6-max Seat #3 is the button
Seat 1: a49b59eb ($5 in chips)
Seat 3: d557ab96 ($5 in chips)
Seat 4: 3c506266 ($12.41 in chips)
Seat 5: f1c6feeb ($4.12 in chips)
Seat 6: Hero ($6.41 in chips)
3c506266: posts small blind $0.02
f1c6feeb: posts big blind $0.05
*** HOLE CARDS ***
Dealt to a49b59eb 
Dealt to d557ab96 
Dealt to 3c506266 
Dealt to f1c6feeb 
Dealt to Hero [7d Qd]
Hero: folds
a49b59eb: folds
d557ab96: raises $0.07 to $0.12
3c506266: folds
f1c6feeb: folds
Uncalled bet ($0.07) returned to d557ab96
*** SHOWDOWN ***
d557ab96 collected $0.12 from pot
*** SUMMARY ***
Total pot $0.12 | Rake $0 | Jackpot $0 | Bingo $0 | Fortune $0 | Tax $0
Seat 1: a49b59eb folded before Flop (didn't bet)
Seat 3: d557ab96 (button) collected ($0.12)
Seat 4: 3c506266 (small blind) folded before Flop
Seat 5: f1c6feeb (big blind) folded before Flop
Seat 6: Hero folded before Flop (didn't bet)


Poker Hand #HD1750277151: Hold'em No Limit ($0.02/$0.05) - 2024/04/28 17:24:13
Table 'NLHBlue41' 6-max Seat #1 is the button
Seat 1: a49b59eb ($5 in chips)
Seat 2: 54e3cd9f ($0.7 in chips)
Seat 3: d557ab96 ($5.14 in chips)
Seat 4: 3c506266 ($7.11 in chips)
Seat 5: f1c6feeb ($4.12 in chips)
Seat 6: Hero ($6.41 in chips)
54e3cd9f: posts small blind $0.02
d557ab96: posts big blind $0.05
*** HOLE CARDS ***
Dealt to a49b59eb 
Dealt to 54e3cd9f 
Dealt to d557ab96 
Dealt to 3c506266 
Dealt to f1c6feeb 
Dealt to Hero [5s Tc]
3c506266: raises $0.07 to $0.12
f1c6feeb: folds
Hero: folds
a49b59eb: folds
54e3cd9f: calls $0.1
d557ab96: raises $0.51 to $0.63
3c506266: calls $0.51
54e3cd9f: raises $0.07 to $0.7 and is all-in
d557ab96: calls $0.07
3c506266: calls $0.07
*** FLOP *** [As Ah 9h]
d557ab96: checks
3c506266: checks
*** TURN *** [As Ah 9h] [Js]
d557ab96: bets $1.58
3c506266: calls $1.58
*** RIVER *** [As Ah 9h Js] [8h]
d557ab96: bets $2.86 and is all-in
3c506266: calls $2.86
d557ab96: shows [Qc Ac] (Three Aces)
3c506266: shows [Qh Jh] (Ace High Flush)
54e3cd9f: shows [Th Qs] (Queens-High Straight)
*** SHOWDOWN ***
3c506266 collected $2.01 from pot
3c506266 collected $8.43 from pot
*** SUMMARY ***
Total pot $10.98 | Rake $0.49 | Jackpot $0.05 | Bingo $0 | Fortune $0 | Tax $0
Board [As Ah 9h Js 8h]
Seat 1: a49b59eb (button) folded before Flop (didn't bet)
Seat 2: 54e3cd9f (small blind) showed [Th Qs] and lost with Queens-High Straight
Seat 3: d557ab96 (big blind) showed [Qc Ac] and lost with Three Aces
Seat 4: 3c506266 showed [Qh Jh] and won ($10.44) with Ace High Flush
Seat 5: f1c6feeb folded before Flop (didn't bet)
Seat 6: Hero folded before Flop (didn't bet)


Poker Hand #HD1750277024: Hold'em No Limit ($0.02/$0.05) - 2024/04/28 17:23:08
Table 'NLHBlue41' 6-max Seat #6 is the button
Seat 1: a49b59eb ($5 in chips)
Seat 2: 54e3cd9f ($1 in chips)
Seat 3: d557ab96 ($5.14 in chips)
Seat 4: 3c506266 ($7.11 in chips)
Seat 5: f1c6feeb ($4.12 in chips)
Seat 6: Hero ($6.12 in chips)
a49b59eb: posts small blind $0.02
54e3cd9f: posts big blind $0.05
*** HOLE CARDS ***
Dealt to a49b59eb 
Dealt to 54e3cd9f 
Dealt to d557ab96 
Dealt to 3c506266 
Dealt to f1c6feeb 
Dealt to Hero [Jc As]
d557ab96: folds
3c506266: folds
f1c6feeb: folds
Hero: raises $0.07 to $0.12
a49b59eb: folds
54e3cd9f: calls $0.07
*** FLOP *** [3c 9c Kh]
54e3cd9f: checks
Hero: checks
*** TURN *** [3c 9c Kh] [2c]
54e3cd9f: checks
Hero: bets $0.18
54e3cd9f: calls $0.18
*** RIVER *** [3c 9c Kh 2c] [7c]
54e3cd9f: checks
Hero: bets $0.41
54e3cd9f: folds
Uncalled bet ($0.41) returned to Hero
*** SHOWDOWN ***
Hero collected $0.59 from pot
*** SUMMARY ***
Total pot $0.62 | Rake $0.03 | Jackpot $0 | Bingo $0 | Fortune $0 | Tax $0
Board [3c 9c Kh 2c 7c]
Seat 1: a49b59eb (small blind) folded before Flop
Seat 2: 54e3cd9f (big blind) folded on the River
Seat 3: d557ab96 folded before Flop (didn't bet)
Seat 4: 3c506266 folded before Flop (didn't bet)
Seat 5: f1c6feeb folded before Flop (didn't bet)
Seat 6: Hero (button) won ($0.59)


Poker Hand #HD1750276999: Hold'em No Limit ($0.02/$0.05) - 2024/04/28 17:22:57
Table 'NLHBlue41' 6-max Seat #5 is the button
Seat 1: a49b59eb ($5 in chips)
Seat 3: d557ab96 ($5.07 in chips)
Seat 4: 3c506266 ($7.11 in chips)
Seat 5: f1c6feeb ($4.12 in chips)
Seat 6: Hero ($6.14 in chips)
Hero: posts small blind $0.02
a49b59eb: posts big blind $0.05
*** HOLE CARDS ***
Dealt to a49b59eb 
Dealt to d557ab96 
Dealt to 3c506266 
Dealt to f1c6feeb 
Dealt to Hero [7d 3h]
d557ab96: raises $0.07 to $0.12
3c506266: folds
f1c6feeb: folds
Hero: folds
a49b59eb: folds
Uncalled bet ($0.07) returned to d557ab96
*** SHOWDOWN ***
d557ab96 collected $0.12 from pot
*** SUMMARY ***
Total pot $0.12 | Rake $0 | Jackpot $0 | Bingo $0 | Fortune $0 | Tax $0
Seat 1: a49b59eb (big blind) folded before Flop
Seat 3: d557ab96 collected ($0.12)
Seat 4: 3c506266 folded before Flop (didn't bet)
Seat 5: f1c6feeb (button) folded before Flop (didn't bet)
Seat 6: Hero (small blind) folded before Flop


Poker Hand #HD1750276958: Hold'em No Limit ($0.02/$0.05) - 2024/04/28 17:22:35
Table 'NLHBlue41' 6-max Seat #4 is the button
Seat 3: d557ab96 ($5.07 in chips)
Seat 4: 3c506266 ($7.04 in chips)
Seat 5: f1c6feeb ($4.14 in chips)
Seat 6: Hero ($6.19 in chips)
f1c6feeb: posts small blind $0.02
Hero: posts big blind $0.05
*** HOLE CARDS ***
Dealt to d557ab96 
Dealt to 3c506266 
Dealt to f1c6feeb 
Dealt to Hero [9d Jd]
d557ab96: folds
3c506266: raises $0.09 to $0.14
f1c6feeb: folds
Hero: folds
Uncalled bet ($0.09) returned to 3c506266
*** SHOWDOWN ***
3c506266 collected $0.12 from pot
*** SUMMARY ***
Total pot $0.12 | Rake $0 | Jackpot $0 | Bingo $0 | Fortune $0 | Tax $0
Seat 3: d557ab96 folded before Flop (didn't bet)
Seat 4: 3c506266 (button) collected ($0.12)
Seat 5: f1c6feeb (small blind) folded before Flop
Seat 6: Hero (big blind) folded before Flop


Poker Hand #HD1750276931: Hold'em No Limit ($0.02/$0.05) - 2024/04/28 17:22:21
Table 'NLHBlue41' 6-max Seat #3 is the button
Seat 3: d557ab96 ($5 in chips)
Seat 4: 3c506266 ($7.06 in chips)
Seat 5: f1c6feeb ($4.19 in chips)
Seat 6: Hero ($6.19 in chips)
3c506266: posts small blind $0.02
f1c6feeb: posts big blind $0.05
*** HOLE CARDS ***
Dealt to d557ab96 
Dealt to 3c506266 
Dealt to f1c6feeb 
Dealt to Hero [3d 9d]
Hero: folds
d557ab96: raises $0.07 to $0.12
3c506266: folds
f1c6feeb: folds
Uncalled bet ($0.07) returned to d557ab96
*** SHOWDOWN ***
d557ab96 collected $0.12 from pot
*** SUMMARY ***
Total pot $0.12 | Rake $0 | Jackpot $0 | Bingo $0 | Fortune $0 | Tax $0
Seat 3: d557ab96 (button) collected ($0.12)
Seat 4: 3c506266 (small blind) folded before Flop
Seat 5: f1c6feeb (big blind) folded before Flop
Seat 6: Hero folded before Flop (didn't bet)


Poker Hand #HD1750276864: Hold'em No Limit ($0.02/$0.05) - 2024/04/28 17:21:43
Table 'NLHBlue41' 6-max Seat #6 is the button
Seat 3: d557ab96 ($5.02 in chips)
Seat 4: 3c506266 ($7.21 in chips)
Seat 5: f1c6feeb ($4.03 in chips)
Seat 6: Hero ($6.19 in chips)
d557ab96: posts small blind $0.02
3c506266: posts big blind $0.05
*** HOLE CARDS ***
Dealt to d557ab96 
Dealt to 3c506266 
Dealt to f1c6feeb 
Dealt to Hero [5c 8c]
f1c6feeb: raises $0.1 to $0.15
Hero: folds
d557ab96: folds
3c506266: calls $0.1
*** FLOP *** [6c Tc 2h]
3c506266: checks
f1c6feeb: checks
*** TURN *** [6c Tc 2h] [7s]
3c506266: checks
f1c6feeb: bets $0.16
3c506266: folds
Uncalled bet ($0.16) returned to f1c6feeb
*** SHOWDOWN ***
f1c6feeb collected $0.31 from pot
*** SUMMARY ***
Total pot $0.32 | Rake $0.01 | Jackpot $0 | Bingo $0 | Fortune $0 | Tax $0
Board [6c Tc 2h 7s]
Seat 3: d557ab96 (small blind) folded before Flop
Seat 4: 3c506266 (big blind) folded on the Turn
Seat 5: f1c6feeb won ($0.31)
Seat 6: Hero (button) folded before Flop (didn't bet)


Poker Hand #HD1750276847: Hold'em No Limit ($0.02/$0.05) - 2024/04/28 17:21:36
Table 'NLHBlue41' 6-max Seat #5 is the button
Seat 3: d557ab96 ($5 in chips)
Seat 4: 3c506266 ($7.21 in chips)
Seat 5: f1c6feeb ($4.03 in chips)
Seat 6: Hero ($6.21 in chips)
Hero: posts small blind $0.02
d557ab96: posts big blind $0.05
*** HOLE CARDS ***
Dealt to d557ab96 
Dealt to 3c506266 
Dealt to f1c6feeb 
Dealt to Hero [5h 9s]
3c506266: folds
f1c6feeb: folds
Hero: folds
Uncalled bet ($0.03) returned to d557ab96
*** SHOWDOWN ***
d557ab96 collected $0.04 from pot
*** SUMMARY ***
Total pot $0.04 | Rake $0 | Jackpot $0 | Bingo $0 | Fortune $0 | Tax $0
Seat 3: d557ab96 (big blind) collected ($0.04)
Seat 4: 3c506266 folded before Flop (didn't bet)
Seat 5: f1c6feeb (button) folded before Flop (didn't bet)
Seat 6: Hero (small blind) folded before Flop


Poker Hand #HD1750276814: Hold'em No Limit ($0.02/$0.05) - 2024/04/28 17:21:16
Table 'NLHBlue41' 6-max Seat #4 is the button
Seat 3: d557ab96 ($5 in chips)
Seat 4: 3c506266 ($7.35 in chips)
Seat 5: f1c6feeb ($3.85 in chips)
Seat 6: Hero ($6.26 in chips)
f1c6feeb: posts small blind $0.02
Hero: posts big blind $0.05
*** HOLE CARDS ***
Dealt to d557ab96 
Dealt to 3c506266 
Dealt to f1c6feeb 
Dealt to Hero [9c 6h]
d557ab96: folds
3c506266: raises $0.09 to $0.14
f1c6feeb: raises $0.46 to $0.6
Hero: folds
3c506266: folds
Uncalled bet ($0.46) returned to f1c6feeb
*** SHOWDOWN ***
f1c6feeb collected $0.32 from pot
*** SUMMARY ***
Total pot $0.33 | Rake $0.01 | Jackpot $0 | Bingo $0 | Fortune $0 | Tax $0
Seat 3: d557ab96 folded before Flop (didn't bet)
Seat 4: 3c506266 (button) folded before Flop
Seat 5: f1c6feeb (small blind) collected ($0.32)
Seat 6: Hero (big blind) folded before Flop


Poker Hand #HD1750276694: Hold'em No Limit ($0.02/$0.05) - 2024/04/28 17:20:18
Table 'NLHBlue41' 6-max Seat #3 is the button
Seat 1: 1ea008a9 ($7.79 in chips)
Seat 2: 4b7e7b41 ($6.01 in chips)
Seat 3: d557ab96 ($6.71 in chips)
Seat 4: 3c506266 ($5 in chips)
Seat 5: f1c6feeb ($3.9 in chips)
Seat 6: Hero ($6.26 in chips)
3c506266: posts small blind $0.02
f1c6feeb: posts big blind $0.05
*** HOLE CARDS ***
Dealt to 1ea008a9 
Dealt to 4b7e7b41 
Dealt to d557ab96 
Dealt to 3c506266 
Dealt to f1c6feeb 
Dealt to Hero [8s Qs]
Hero: folds
1ea008a9: folds
4b7e7b41: folds
d557ab96: raises $0.07 to $0.12
3c506266: raises $0.38 to $0.5
f1c6feeb: folds
d557ab96: calls $0.38
*** FLOP *** [Ac 8d 5c]
3c506266: checks
d557ab96: bets $0.79
3c506266: calls $0.79
*** TURN *** [Ac 8d 5c] [7h]
3c506266: checks
d557ab96: bets $1.32
3c506266: raises $2.39 to $3.71 and is all-in
d557ab96: folds
Uncalled bet ($2.39) returned to 3c506266
*** SHOWDOWN ***
3c506266 collected $4.96 from pot
*** SUMMARY ***
Total pot $5.27 | Rake $0.26 | Jackpot $0.05 | Bingo $0 | Fortune $0 | Tax $0
Board [Ac 8d 5c 7h]
Seat 1: 1ea008a9 folded before Flop (didn't bet)
Seat 2: 4b7e7b41 folded before Flop (didn't bet)
Seat 3: d557ab96 (button) folded on the Turn
Seat 4: 3c506266 (small blind) won ($4.96)
Seat 5: f1c6feeb (big blind) folded before Flop
Seat 6: Hero folded before Flop (didn't bet)


Poker Hand #HD1750276614: Hold'em No Limit ($0.02/$0.05) - 2024/04/28 17:19:34
Table 'NLHBlue41' 6-max Seat #2 is the button
Seat 1: 1ea008a9 ($8.19 in chips)
Seat 2: 4b7e7b41 ($5.58 in chips)
Seat 3: d557ab96 ($6.73 in chips)
Seat 4: 3c506266 ($5 in chips)
Seat 5: f1c6feeb ($3.9 in chips)
Seat 6: Hero ($6.26 in chips)
d557ab96: posts small blind $0.02
3c506266: posts big blind $0.05
*** HOLE CARDS ***
Dealt to 1ea008a9 
Dealt to 4b7e7b41 
Dealt to d557ab96 
Dealt to 3c506266 
Dealt to f1c6feeb 
Dealt to Hero [2s Ah]
f1c6feeb: folds
Hero: folds
1ea008a9: calls $0.05
4b7e7b41: raises $0.13 to $0.18
d557ab96: folds
3c506266: folds
1ea008a9: calls $0.13
*** FLOP *** [6c Ks 7c]
1ea008a9: checks
4b7e7b41: bets $0.22
1ea008a9: calls $0.22
*** TURN *** [6c Ks 7c] [6d]
1ea008a9: checks
4b7e7b41: checks
*** RIVER *** [6c Ks 7c 6d] [9h]
1ea008a9: checks
4b7e7b41: checks
1ea008a9: shows [5s 3s] (Pair of Sixes)
4b7e7b41: shows [Qh Jc] (Pair of Sixes)
*** SHOWDOWN ***
4b7e7b41 collected $0.83 from pot
*** SUMMARY ***
Total pot $0.87 | Rake $0.04 | Jackpot $0 | Bingo $0 | Fortune $0 | Tax $0
Board [6c Ks 7c 6d 9h]
Seat 1: 1ea008a9 showed [5s 3s] and lost with Pair of Sixes
Seat 2: 4b7e7b41 (button) showed [Qh Jc] and won ($0.83) with Pair of Sixes
Seat 3: d557ab96 (small blind) folded before Flop
Seat 4: 3c506266 (big blind) folded before Flop
Seat 5: f1c6feeb folded before Flop (didn't bet)
Seat 6: Hero folded before Flop (didn't bet)


Poker Hand #HD1750276588: Hold'em No Limit ($0.02/$0.05) - 2024/04/28 17:19:18
Table 'NLHBlue41' 6-max Seat #1 is the button
Seat 1: 1ea008a9 ($8.19 in chips)
Seat 2: 4b7e7b41 ($5.6 in chips)
Seat 3: d557ab96 ($6.78 in chips)
Seat 5: f1c6feeb ($3.9 in chips)
Seat 6: Hero ($6.19 in chips)
4b7e7b41: posts small blind $0.02
d557ab96: posts big blind $0.05
*** HOLE CARDS ***
Dealt to 1ea008a9 
Dealt to 4b7e7b41 
Dealt to d557ab96 
Dealt to f1c6feeb 
Dealt to Hero [Th Kd]
f1c6feeb: folds
Hero: raises $0.07 to $0.12
1ea008a9: folds
4b7e7b41: folds
d557ab96: folds
Uncalled bet ($0.07) returned to Hero
*** SHOWDOWN ***
Hero collected $0.12 from pot
*** SUMMARY ***
Total pot $0.12 | Rake $0 | Jackpot $0 | Bingo $0 | Fortune $0 | Tax $0
Seat 1: 1ea008a9 (button) folded before Flop (didn't bet)
Seat 2: 4b7e7b41 (small blind) folded before Flop
Seat 3: d557ab96 (big blind) folded before Flop
Seat 5: f1c6feeb folded before Flop (didn't bet)
Seat 6: Hero collected ($0.12)


Poker Hand #HD1750276542: Hold'em No Limit ($0.02/$0.05) - 2024/04/28 17:18:54
Table 'NLHBlue41' 6-max Seat #6 is the button
Seat 1: 1ea008a9 ($8.21 in chips)
Seat 2: 4b7e7b41 ($5.58 in chips)
Seat 3: d557ab96 ($6.78 in chips)
Seat 5: f1c6feeb ($3.9 in chips)
Seat 6: Hero ($6.19 in chips)
1ea008a9: posts small blind $0.02
4b7e7b41: posts big blind $0.05
*** HOLE CARDS ***
Dealt to 1ea008a9 
Dealt to 4b7e7b41 
Dealt to d557ab96 
Dealt to f1c6feeb 
Dealt to Hero [7s 3s]
d557ab96: folds
f1c6feeb: folds
Hero: folds
1ea008a9: folds
Uncalled bet ($0.03) returned to 4b7e7b41
*** SHOWDOWN ***
4b7e7b41 collected $0.04 from pot
*** SUMMARY ***
Total pot $0.04 | Rake $0 | Jackpot $0 | Bingo $0 | Fortune $0 | Tax $0
Seat 1: 1ea008a9 (small blind) folded before Flop
Seat 2: 4b7e7b41 (big blind) collected ($0.04)
Seat 3: d557ab96 folded before Flop (didn't bet)
Seat 5: f1c6feeb folded before Flop (didn't bet)
Seat 6: Hero (button) folded before Flop (didn't bet)


Poker Hand #HD1750276487: Hold'em No Limit ($0.02/$0.05) - 2024/04/28 17:18:24
Table 'NLHBlue41' 6-max Seat #5 is the button
Seat 1: 1ea008a9 ($8.31 in chips)
Seat 2: 4b7e7b41 ($5.58 in chips)
Seat 3: d557ab96 ($6.67 in chips)
Seat 5: f1c6feeb ($3.9 in chips)
Seat 6: Hero ($6.21 in chips)
Hero: posts small blind $0.02
1ea008a9: posts big blind $0.05
*** HOLE CARDS ***
Dealt to 1ea008a9 
Dealt to 4b7e7b41 
Dealt to d557ab96 
Dealt to f1c6feeb 
Dealt to Hero [4h Qh]
4b7e7b41: folds
d557ab96: raises $0.05 to $0.1
f1c6feeb: folds
Hero: folds
1ea008a9: calls $0.05
*** FLOP *** [3h 9h Jd]
1ea008a9: checks
d557ab96: bets $0.17
1ea008a9: folds
Uncalled bet ($0.17) returned to d557ab96
*** SHOWDOWN ***
d557ab96 collected $0.21 from pot
*** SUMMARY ***
Total pot $0.22 | Rake $0.01 | Jackpot $0 | Bingo $0 | Fortune $0 | Tax $0
Board [3h 9h Jd]
Seat 1: 1ea008a9 (big blind) folded on the Flop
Seat 2: 4b7e7b41 folded before Flop (didn't bet)
Seat 3: d557ab96 won ($0.21)
Seat 5: f1c6feeb (button) folded before Flop (didn't bet)
Seat 6: Hero (small blind) folded before Flop


Poker Hand #HD1750276451: Hold'em No Limit ($0.02/$0.05) - 2024/04/28 17:18:05
Table 'NLHBlue41' 6-max Seat #3 is the button
Seat 1: 1ea008a9 ($8.31 in chips)
Seat 2: 4b7e7b41 ($5.58 in chips)
Seat 3: d557ab96 ($6.67 in chips)
Seat 5: f1c6feeb ($3.85 in chips)
Seat 6: Hero ($6.26 in chips)
f1c6feeb: posts small blind $0.02
Hero: posts big blind $0.05
*** HOLE CARDS ***
Dealt to 1ea008a9 
Dealt to 4b7e7b41 
Dealt to d557ab96 
Dealt to f1c6feeb 
Dealt to Hero [As 4h]
1ea008a9: folds
4b7e7b41: folds
d557ab96: folds
f1c6feeb: raises $0.1 to $0.15
Hero: folds
Uncalled bet ($0.1) returned to f1c6feeb
*** SHOWDOWN ***
f1c6feeb collected $0.1 from pot
*** SUMMARY ***
Total pot $0.1 | Rake $0 | Jackpot $0 | Bingo $0 | Fortune $0 | Tax $0
Seat 1: 1ea008a9 folded before Flop (didn't bet)
Seat 2: 4b7e7b41 folded before Flop (didn't bet)
Seat 3: d557ab96 (button) folded before Flop (didn't bet)
Seat 5: f1c6feeb (small blind) collected ($0.1)
Seat 6: Hero (big blind) folded before Flop


Poker Hand #HD1750276414: Hold'em No Limit ($0.02/$0.05) - 2024/04/28 17:17:49
Table 'NLHBlue41' 6-max Seat #2 is the button
Seat 1: 1ea008a9 ($8.31 in chips)
Seat 2: 4b7e7b41 ($5.51 in chips)
Seat 3: d557ab96 ($6.69 in chips)
Seat 5: f1c6feeb ($3.9 in chips)
Seat 6: Hero ($6.26 in chips)
d557ab96: posts small blind $0.02
f1c6feeb: posts big blind $0.05
*** HOLE CARDS ***
Dealt to 1ea008a9 
Dealt to 4b7e7b41 
Dealt to d557ab96 
Dealt to f1c6feeb 
Dealt to Hero [2h Th]
Hero: folds
1ea008a9: folds
4b7e7b41: raises $0.08 to $0.13
d557ab96: folds
f1c6feeb: folds
Uncalled bet ($0.08) returned to 4b7e7b41
*** SHOWDOWN ***
4b7e7b41 collected $0.12 from pot
*** SUMMARY ***
Total pot $0.12 | Rake $0 | Jackpot $0 | Bingo $0 | Fortune $0 | Tax $0
Seat 1: 1ea008a9 folded before Flop (didn't bet)
Seat 2: 4b7e7b41 (button) collected ($0.12)
Seat 3: d557ab96 (small blind) folded before Flop
Seat 5: f1c6feeb (big blind) folded before Flop
Seat 6: Hero folded before Flop (didn't bet)


Poker Hand #HD1750276268: Hold'em No Limit ($0.02/$0.05) - 2024/04/28 17:16:39
Table 'NLHBlue41' 6-max Seat #1 is the button
Seat 1: 1ea008a9 ($8.31 in chips)
Seat 2: 4b7e7b41 ($5.53 in chips)
Seat 3: d557ab96 ($5.71 in chips)
Seat 4: 5f737bb0 ($14.81 in chips)
Seat 5: f1c6feeb ($5.02 in chips)
Seat 6: Hero ($6.26 in chips)
4b7e7b41: posts small blind $0.02
d557ab96: posts big blind $0.05
*** HOLE CARDS ***
Dealt to 1ea008a9 
Dealt to 4b7e7b41 
Dealt to d557ab96 
Dealt to 5f737bb0 
Dealt to f1c6feeb 
Dealt to Hero [5d 2s]
5f737bb0: folds
f1c6feeb: raises $0.1 to $0.15
Hero: folds
1ea008a9: folds
4b7e7b41: folds
d557ab96: raises $0.29 to $0.44
f1c6feeb: calls $0.29
*** FLOP *** [6d Js 6h]
d557ab96: bets $0.68
f1c6feeb: calls $0.68
*** TURN *** [6d Js 6h] [Qh]
d557ab96: bets $1.13
f1c6feeb: folds
Uncalled bet ($1.13) returned to d557ab96
*** SHOWDOWN ***
d557ab96 collected $2.1 from pot
*** SUMMARY ***
Total pot $2.26 | Rake $0.11 | Jackpot $0.05 | Bingo $0 | Fortune $0 | Tax $0
Board [6d Js 6h Qh]
Seat 1: 1ea008a9 (button) folded before Flop (didn't bet)
Seat 2: 4b7e7b41 (small blind) folded before Flop
Seat 3: d557ab96 (big blind) won ($2.1)
Seat 4: 5f737bb0 folded before Flop (didn't bet)
Seat 5: f1c6feeb folded on the Turn
Seat 6: Hero folded before Flop (didn't bet)


Poker Hand #HD1750276238: Hold'em No Limit ($0.02/$0.05) - 2024/04/28 17:16:19
Table 'NLHBlue41' 6-max Seat #6 is the button
Seat 1: 1ea008a9 ($8.26 in chips)
Seat 2: 4b7e7b41 ($5.58 in chips)
Seat 3: d557ab96 ($5.71 in chips)
Seat 4: 5f737bb0 ($14.81 in chips)
Seat 5: f1c6feeb ($5.02 in chips)
Seat 6: Hero ($6.26 in chips)
1ea008a9: posts small blind $0.02
4b7e7b41: posts big blind $0.05
*** HOLE CARDS ***
Dealt to 1ea008a9 
Dealt to 4b7e7b41 
Dealt to d557ab96 
Dealt to 5f737bb0 
Dealt to f1c6feeb 
Dealt to Hero [3c Kc]
d557ab96: folds
5f737bb0: folds
f1c6feeb: folds
Hero: folds
1ea008a9: raises $0.1 to $0.15
4b7e7b41: folds
Uncalled bet ($0.1) returned to 1ea008a9
*** SHOWDOWN ***
1ea008a9 collected $0.1 from pot
*** SUMMARY ***
Total pot $0.1 | Rake $0 | Jackpot $0 | Bingo $0 | Fortune $0 | Tax $0
Seat 1: 1ea008a9 (small blind) collected ($0.1)
Seat 2: 4b7e7b41 (big blind) folded before Flop
Seat 3: d557ab96 folded before Flop (didn't bet)
Seat 4: 5f737bb0 folded before Flop (didn't bet)
Seat 5: f1c6feeb folded before Flop (didn't bet)
Seat 6: Hero (button) folded before Flop (didn't bet)


Poker Hand #HD1750276203: Hold'em No Limit ($0.02/$0.05) - 2024/04/28 17:16:05
Table 'NLHBlue41' 6-max Seat #5 is the button
Seat 1: 1ea008a9 ($8.24 in chips)
Seat 2: 4b7e7b41 ($5.58 in chips)
Seat 3: d557ab96 ($5.71 in chips)
Seat 4: 5f737bb0 ($14.81 in chips)
Seat 5: f1c6feeb ($5.02 in chips)
Seat 6: Hero ($6.28 in chips)
Hero: posts small blind $0.02
1ea008a9: posts big blind $0.05
*** HOLE CARDS ***
Dealt to 1ea008a9 
Dealt to 4b7e7b41 
Dealt to d557ab96 
Dealt to 5f737bb0 
Dealt to f1c6feeb 
Dealt to Hero [6c Tc]
4b7e7b41: folds
d557ab96: folds
5f737bb0: folds
f1c6feeb: folds
Hero: folds
Uncalled bet ($0.03) returned to 1ea008a9
*** SHOWDOWN ***
1ea008a9 collected $0.04 from pot
*** SUMMARY ***
Total pot $0.04 | Rake $0 | Jackpot $0 | Bingo $0 | Fortune $0 | Tax $0
Seat 1: 1ea008a9 (big blind) collected ($0.04)
Seat 2: 4b7e7b41 folded before Flop (didn't bet)
Seat 3: d557ab96 folded before Flop (didn't bet)
Seat 4: 5f737bb0 folded before Flop (didn't bet)
Seat 5: f1c6feeb (button) folded before Flop (didn't bet)
Seat 6: Hero (small blind) folded before Flop


Poker Hand #HD1750276113: Hold'em No Limit ($0.02/$0.05) - 2024/04/28 17:15:14
Table 'NLHBlue41' 6-max Seat #4 is the button
Seat 1: 1ea008a9 ($8.24 in chips)
Seat 2: 4b7e7b41 ($5.58 in chips)
Seat 3: d557ab96 ($5.71 in chips)
Seat 4: 5f737bb0 ($14.81 in chips)
Seat 5: f1c6feeb ($4.88 in chips)
Seat 6: Hero ($6.43 in chips)
f1c6feeb: posts small blind $0.02
Hero: posts big blind $0.05
*** HOLE CARDS ***
Dealt to 1ea008a9 
Dealt to 4b7e7b41 
Dealt to d557ab96 
Dealt to 5f737bb0 
Dealt to f1c6feeb 
Dealt to Hero [4h 4c]
1ea008a9: folds
4b7e7b41: folds
d557ab96: folds
5f737bb0: folds
f1c6feeb: raises $0.1 to $0.15
Hero: calls $0.1
*** FLOP *** [8d 8c 6h]
f1c6feeb: checks
Hero: checks
*** TURN *** [8d 8c 6h] [9d]
f1c6feeb: checks
Hero: checks
*** RIVER *** [8d 8c 6h 9d] [7d]
f1c6feeb: bets $0.23
Hero: folds
Uncalled bet ($0.23) returned to f1c6feeb
*** SHOWDOWN ***
f1c6feeb collected $0.29 from pot
*** SUMMARY ***
Total pot $0.3 | Rake $0.01 | Jackpot $0 | Bingo $0 | Fortune $0 | Tax $0
Board [8d 8c 6h 9d 7d]
Seat 1: 1ea008a9 folded before Flop (didn't bet)
Seat 2: 4b7e7b41 folded before Flop (didn't bet)
Seat 3: d557ab96 folded before Flop (didn't bet)
Seat 4: 5f737bb0 (button) folded before Flop (didn't bet)
Seat 5: f1c6feeb (small blind) won ($0.29)
Seat 6: Hero (big blind) folded on the River


Poker Hand #HD1750275981: Hold'em No Limit ($0.02/$0.05) - 2024/04/28 17:14:05
Table 'NLHBlue41' 6-max Seat #3 is the button
Seat 2: 4b7e7b41 ($5.58 in chips)
Seat 3: d557ab96 ($5.83 in chips)
Seat 4: 5f737bb0 ($14.58 in chips)
Seat 5: f1c6feeb ($5 in chips)
Seat 6: Hero ($6.43 in chips)
5f737bb0: posts small blind $0.02
f1c6feeb: posts big blind $0.05
*** HOLE CARDS ***
Dealt to 4b7e7b41 
Dealt to d557ab96 
Dealt to 5f737bb0 
Dealt to f1c6feeb 
Dealt to Hero [2s 3s]
Hero: folds
4b7e7b41: folds
d557ab96: raises $0.07 to $0.12
5f737bb0: calls $0.1
f1c6feeb: calls $0.07
*** FLOP *** [6s As Ah]
5f737bb0: checks
f1c6feeb: checks
d557ab96: checks
*** TURN *** [6s As Ah] [Ts]
5f737bb0: checks
f1c6feeb: checks
d557ab96: checks
*** RIVER *** [6s As Ah Ts] [Kd]
5f737bb0: bets $0.12
f1c6feeb: folds
d557ab96: folds
Uncalled bet ($0.12) returned to 5f737bb0
*** SHOWDOWN ***
5f737bb0 collected $0.35 from pot
*** SUMMARY ***
Total pot $0.36 | Rake $0.01 | Jackpot $0 | Bingo $0 | Fortune $0 | Tax $0
Board [6s As Ah Ts Kd]
Seat 2: 4b7e7b41 folded before Flop (didn't bet)
Seat 3: d557ab96 (button) folded on the River
Seat 4: 5f737bb0 (small blind) won ($0.35)
Seat 5: f1c6feeb (big blind) folded on the River
Seat 6: Hero folded before Flop (didn't bet)


Poker Hand #HD1750275922: Hold'em No Limit ($0.02/$0.05) - 2024/04/28 17:13:28
Table 'NLHBlue41' 6-max Seat #2 is the button
Seat 1: 1ea008a9 ($8.24 in chips)
Seat 2: 4b7e7b41 ($5.58 in chips)
Seat 3: d557ab96 ($5.78 in chips)
Seat 4: 5f737bb0 ($14.63 in chips)
Seat 6: Hero ($6.43 in chips)
d557ab96: posts small blind $0.02
5f737bb0: posts big blind $0.05
*** HOLE CARDS ***
Dealt to 1ea008a9 
Dealt to 4b7e7b41 
Dealt to d557ab96 
Dealt to 5f737bb0 
Dealt to Hero [Td Kh]
Hero: folds
1ea008a9: folds
4b7e7b41: folds
d557ab96: calls $0.03
5f737bb0: checks
*** FLOP *** [2s 7d Ks]
d557ab96: bets $0.05
5f737bb0: folds
Uncalled bet ($0.05) returned to d557ab96
*** SHOWDOWN ***
d557ab96 collected $0.1 from pot
*** SUMMARY ***
Total pot $0.1 | Rake $0 | Jackpot $0 | Bingo $0 | Fortune $0 | Tax $0
Board [2s 7d Ks]
Seat 1: 1ea008a9 folded before Flop (didn't bet)
Seat 2: 4b7e7b41 (button) folded before Flop (didn't bet)
Seat 3: d557ab96 (small blind) won ($0.1)
Seat 4: 5f737bb0 (big blind) folded on the Flop
Seat 6: Hero folded before Flop (didn't bet)


Poker Hand #HD1750275839: Hold'em No Limit ($0.02/$0.05) - 2024/04/28 17:12:45
Table 'NLHBlue41' 6-max Seat #1 is the button
Seat 1: 1ea008a9 ($8.29 in chips)
Seat 2: 4b7e7b41 ($5.6 in chips)
Seat 3: d557ab96 ($5.71 in chips)
Seat 4: 5f737bb0 ($14.63 in chips)
Seat 6: Hero ($6.43 in chips)
4b7e7b41: posts small blind $0.02
d557ab96: posts big blind $0.05
*** HOLE CARDS ***
Dealt to 1ea008a9 
Dealt to 4b7e7b41 
Dealt to d557ab96 
Dealt to 5f737bb0 
Dealt to Hero [Jh 8s]
5f737bb0: folds
Hero: folds
1ea008a9: calls $0.05
4b7e7b41: folds
d557ab96: checks
*** FLOP *** [5h 5s 3h]
d557ab96: checks
1ea008a9: checks
*** TURN *** [5h 5s 3h] [Td]
d557ab96: checks
1ea008a9: checks
*** RIVER *** [5h 5s 3h Td] [4h]
d557ab96: checks
1ea008a9: checks
d557ab96: shows [9s Kc] (Pair of Fives)
1ea008a9: shows [Qd 7d] (Pair of Fives)
*** SHOWDOWN ***
d557ab96 collected $0.12 from pot
*** SUMMARY ***
Total pot $0.12 | Rake $0 | Jackpot $0 | Bingo $0 | Fortune $0 | Tax $0
Board [5h 5s 3h Td 4h]
Seat 1: 1ea008a9 (button) showed [Qd 7d] and lost with Pair of Fives
Seat 2: 4b7e7b41 (small blind) folded before Flop
Seat 3: d557ab96 (big blind) showed [9s Kc] and won ($0.12) with Pair of Fives
Seat 4: 5f737bb0 folded before Flop (didn't bet)
Seat 6: Hero folded before Flop (didn't bet)


Poker Hand #HD1750275782: Hold'em No Limit ($0.02/$0.05) - 2024/04/28 17:12:07
Table 'NLHBlue41' 6-max Seat #6 is the button
Seat 1: 1ea008a9 ($8.01 in chips)
Seat 2: 4b7e7b41 ($5.75 in chips)
Seat 3: d557ab96 ($5.71 in chips)
Seat 4: 5f737bb0 ($14.78 in chips)
Seat 6: Hero ($6.43 in chips)
1ea008a9: posts small blind $0.02
4b7e7b41: posts big blind $0.05
*** HOLE CARDS ***
Dealt to 1ea008a9 
Dealt to 4b7e7b41 
Dealt to d557ab96 
Dealt to 5f737bb0 
Dealt to Hero [2h 5d]
d557ab96: folds
5f737bb0: raises $0.1 to $0.15
Hero: folds
1ea008a9: calls $0.13
4b7e7b41: calls $0.1
*** FLOP *** [5h Ts 7d]
1ea008a9: checks
4b7e7b41: checks
5f737bb0: checks
*** TURN *** [5h Ts 7d] [2d]
1ea008a9: bets $0.23
4b7e7b41: folds
5f737bb0: folds
Uncalled bet ($0.23) returned to 1ea008a9
*** SHOWDOWN ***
1ea008a9 collected $0.43 from pot
*** SUMMARY ***
Total pot $0.45 | Rake $0.02 | Jackpot $0 | Bingo $0 | Fortune $0 | Tax $0
Board [5h Ts 7d 2d]
Seat 1: 1ea008a9 (small blind) won ($0.43)
Seat 2: 4b7e7b41 (big blind) folded on the Turn
Seat 3: d557ab96 folded before Flop (didn't bet)
Seat 4: 5f737bb0 folded on the Turn
Seat 6: Hero (button) folded before Flop (didn't bet)


Poker Hand #HD1750275753: Hold'em No Limit ($0.02/$0.05) - 2024/04/28 17:11:51
Table 'NLHBlue41' 6-max Seat #4 is the button
Seat 1: 1ea008a9 ($7.99 in chips)
Seat 2: 4b7e7b41 ($5.75 in chips)
Seat 3: d557ab96 ($5.71 in chips)
Seat 4: 5f737bb0 ($14.78 in chips)
Seat 6: Hero ($6.45 in chips)
Hero: posts small blind $0.02
1ea008a9: posts big blind $0.05
*** HOLE CARDS ***
Dealt to 1ea008a9 
Dealt to 4b7e7b41 
Dealt to d557ab96 
Dealt to 5f737bb0 
Dealt to Hero [5s 6c]
4b7e7b41: folds
d557ab96: folds
5f737bb0: folds
Hero: folds
Uncalled bet ($0.03) returned to 1ea008a9
*** SHOWDOWN ***
1ea008a9 collected $0.04 from pot
*** SUMMARY ***
Total pot $0.04 | Rake $0 | Jackpot $0 | Bingo $0 | Fortune $0 | Tax $0
Seat 1: 1ea008a9 (big blind) collected ($0.04)
Seat 2: 4b7e7b41 folded before Flop (didn't bet)
Seat 3: d557ab96 folded before Flop (didn't bet)
Seat 4: 5f737bb0 (button) folded before Flop (didn't bet)
Seat 6: Hero (small blind) folded before Flop


Poker Hand #HD1750275698: Hold'em No Limit ($0.02/$0.05) - 2024/04/28 17:11:16
Table 'NLHBlue41' 6-max Seat #3 is the button
Seat 1: 1ea008a9 ($7.99 in chips)
Seat 2: 4b7e7b41 ($5.88 in chips)
Seat 3: d557ab96 ($5.52 in chips)
Seat 4: 5f737bb0 ($14.8 in chips)
Seat 6: Hero ($6.5 in chips)
5f737bb0: posts small blind $0.02
Hero: posts big blind $0.05
*** HOLE CARDS ***
Dealt to 1ea008a9 
Dealt to 4b7e7b41 
Dealt to d557ab96 
Dealt to 5f737bb0 
Dealt to Hero [6c Qd]
1ea008a9: folds
4b7e7b41: raises $0.08 to $0.13
d557ab96: raises $0.33 to $0.46
5f737bb0: folds
Hero: folds
4b7e7b41: folds
Uncalled bet ($0.33) returned to d557ab96
*** SHOWDOWN ***
d557ab96 collected $0.32 from pot
*** SUMMARY ***
Total pot $0.33 | Rake $0.01 | Jackpot $0 | Bingo $0 | Fortune $0 | Tax $0
Seat 1: 1ea008a9 folded before Flop (didn't bet)
Seat 2: 4b7e7b41 folded before Flop
Seat 3: d557ab96 (button) collected ($0.32)
Seat 4: 5f737bb0 (small blind) folded before Flop
Seat 6: Hero (big blind) folded before Flop


Poker Hand #HD1750275659: Hold'em No Limit ($0.02/$0.05) - 2024/04/28 17:10:56
Table 'NLHBlue41' 6-max Seat #2 is the button
Seat 1: 1ea008a9 ($7.99 in chips)
Seat 2: 4b7e7b41 ($5.81 in chips)
Seat 3: d557ab96 ($5.54 in chips)
Seat 4: 5f737bb0 ($14.85 in chips)
Seat 6: Hero ($6.5 in chips)
d557ab96: posts small blind $0.02
5f737bb0: posts big blind $0.05
*** HOLE CARDS ***
Dealt to 1ea008a9 
Dealt to 4b7e7b41 
Dealt to d557ab96 
Dealt to 5f737bb0 
Dealt to Hero [4c Tc]
Hero: folds
1ea008a9: folds
4b7e7b41: raises $0.08 to $0.13
d557ab96: folds
5f737bb0: folds
Uncalled bet ($0.08) returned to 4b7e7b41
*** SHOWDOWN ***
4b7e7b41 collected $0.12 from pot
*** SUMMARY ***
Total pot $0.12 | Rake $0 | Jackpot $0 | Bingo $0 | Fortune $0 | Tax $0
Seat 1: 1ea008a9 folded before Flop (didn't bet)
Seat 2: 4b7e7b41 (button) collected ($0.12)
Seat 3: d557ab96 (small blind) folded before Flop
Seat 4: 5f737bb0 (big blind) folded before Flop
Seat 6: Hero folded before Flop (didn't bet)


Poker Hand #HD1750165623: Hold'em No Limit ($0.02/$0.05) - 2024/04/28 17:10:35
Table 'NLHBlue41' 6-max Seat #1 is the button
Seat 1: 1ea008a9 ($7.99 in chips)
Seat 2: 4b7e7b41 ($5.83 in chips)
Seat 3: d557ab96 ($5.59 in chips)
Seat 4: 5f737bb0 ($14.85 in chips)
Seat 6: Hero ($6.43 in chips)
4b7e7b41: posts small blind $0.02
d557ab96: posts big blind $0.05
*** HOLE CARDS ***
Dealt to 1ea008a9 
Dealt to 4b7e7b41 
Dealt to d557ab96 
Dealt to 5f737bb0 
Dealt to Hero [7d 7h]
5f737bb0: folds
Hero: raises $0.07 to $0.12
1ea008a9: folds
4b7e7b41: folds
d557ab96: folds
Uncalled bet ($0.07) returned to Hero
*** SHOWDOWN ***
Hero collected $0.12 from pot
*** SUMMARY ***
Total pot $0.12 | Rake $0 | Jackpot $0 | Bingo $0 | Fortune $0 | Tax $0
Seat 1: 1ea008a9 (button) folded before Flop (didn't bet)
Seat 2: 4b7e7b41 (small blind) folded before Flop
Seat 3: d557ab96 (big blind) folded before Flop
Seat 4: 5f737bb0 folded before Flop (didn't bet)
Seat 6: Hero collected ($0.12)


Poker Hand #HD1750165517: Hold'em No Limit ($0.02/$0.05) - 2024/04/28 17:09:38
Table 'NLHBlue41' 6-max Seat #6 is the button
Seat 1: 1ea008a9 ($8.01 in chips)
Seat 2: 4b7e7b41 ($5.88 in chips)
Seat 3: d557ab96 ($5.59 in chips)
Seat 4: 5f737bb0 ($14.85 in chips)
Seat 5: 2a36dde7 ($0.77 in chips)
Seat 6: Hero ($5.71 in chips)
1ea008a9: posts small blind $0.02
4b7e7b41: posts big blind $0.05
*** HOLE CARDS ***
Dealt to 1ea008a9 
Dealt to 4b7e7b41 
Dealt to d557ab96 
Dealt to 5f737bb0 
Dealt to 2a36dde7 
Dealt to Hero [As Ks]
d557ab96: folds
5f737bb0: folds
2a36dde7: calls $0.05
Hero: raises $0.15 to $0.2
1ea008a9: folds
4b7e7b41: folds
2a36dde7: calls $0.15
*** FLOP *** [2d 4c 3d]
2a36dde7: checks
Hero: bets $0.15
2a36dde7: calls $0.15
*** TURN *** [2d 4c 3d] [Kh]
2a36dde7: checks
Hero: bets $0.51
2a36dde7: calls $0.42 and is all-in
Uncalled bet ($0.09) returned to Hero
Hero: shows [As Ks] (Pair of Kings)
2a36dde7: shows [Qd Qh] (Pair of Queens)
*** RIVER *** [2d 4c 3d Kh] [7h]
*** SHOWDOWN ***
Hero collected $1.49 from pot
*** SUMMARY ***
Total pot $1.61 | Rake $0.07 | Jackpot $0.05 | Bingo $0 | Fortune $0 | Tax $0
Board [2d 4c 3d Kh 7h]
Seat 1: 1ea008a9 (small blind) folded before Flop
Seat 2: 4b7e7b41 (big blind) folded before Flop
Seat 3: d557ab96 folded before Flop (didn't bet)
Seat 4: 5f737bb0 folded before Flop (didn't bet)
Seat 5: 2a36dde7 showed [Qd Qh] and lost with Pair of Queens
Seat 6: Hero (button) showed [As Ks] and won ($1.49) with Pair of Kings


Poker Hand #HD1750165435: Hold'em No Limit ($0.02/$0.05) - 2024/04/28 17:08:56
Table 'NLHBlue41' 6-max Seat #5 is the button
Seat 1: 1ea008a9 ($8.13 in chips)
Seat 2: 4b7e7b41 ($5.88 in chips)
Seat 3: d557ab96 ($5.46 in chips)
Seat 4: 5f737bb0 ($14.85 in chips)
Seat 5: 2a36dde7 ($0.77 in chips)
Seat 6: Hero ($5.73 in chips)
Hero: posts small blind $0.02
1ea008a9: posts big blind $0.05
*** HOLE CARDS ***
Dealt to 1ea008a9 
Dealt to 4b7e7b41 
Dealt to d557ab96 
Dealt to 5f737bb0 
Dealt to 2a36dde7 
Dealt to Hero [Kd 5d]
4b7e7b41: folds
d557ab96: raises $0.07 to $0.12
5f737bb0: folds
2a36dde7: folds
Hero: folds
1ea008a9: calls $0.07
*** FLOP *** [Tc 9h 4h]
1ea008a9: checks
d557ab96: bets $0.2
1ea008a9: folds
Uncalled bet ($0.2) returned to d557ab96
*** SHOWDOWN ***
d557ab96 collected $0.25 from pot
*** SUMMARY ***
Total pot $0.26 | Rake $0.01 | Jackpot $0 | Bingo $0 | Fortune $0 | Tax $0
Board [Tc 9h 4h]
Seat 1: 1ea008a9 (big blind) folded on the Flop
Seat 2: 4b7e7b41 folded before Flop (didn't bet)
Seat 3: d557ab96 won ($0.25)
Seat 4: 5f737bb0 folded before Flop (didn't bet)
Seat 5: 2a36dde7 (button) folded before Flop (didn't bet)
Seat 6: Hero (small blind) folded before Flop


Poker Hand #HD1750165385: Hold'em No Limit ($0.02/$0.05) - 2024/04/28 17:08:27
Table 'NLHBlue41' 6-max Seat #4 is the button
Seat 1: 1ea008a9 ($8.13 in chips)
Seat 2: 4b7e7b41 ($5.88 in chips)
Seat 3: d557ab96 ($5.46 in chips)
Seat 4: 5f737bb0 ($14.68 in chips)
Seat 5: 2a36dde7 ($0.9 in chips)
Seat 6: Hero ($5.78 in chips)
2a36dde7: posts small blind $0.02
Hero: posts big blind $0.05
*** HOLE CARDS ***
Dealt to 1ea008a9 
Dealt to 4b7e7b41 
Dealt to d557ab96 
Dealt to 5f737bb0 
Dealt to 2a36dde7 
Dealt to Hero [7s Kh]
1ea008a9: folds
4b7e7b41: folds
d557ab96: folds
5f737bb0: raises $0.08 to $0.13
2a36dde7: calls $0.11
Hero: folds
*** FLOP *** [Qc Js 8d]
2a36dde7: checks
5f737bb0: bets $0.2
2a36dde7: folds
Uncalled bet ($0.2) returned to 5f737bb0
*** SHOWDOWN ***
5f737bb0 collected $0.3 from pot
*** SUMMARY ***
Total pot $0.31 | Rake $0.01 | Jackpot $0 | Bingo $0 | Fortune $0 | Tax $0
Board [Qc Js 8d]
Seat 1: 1ea008a9 folded before Flop (didn't bet)
Seat 2: 4b7e7b41 folded before Flop (didn't bet)
Seat 3: d557ab96 folded before Flop (didn't bet)
Seat 4: 5f737bb0 (button) won ($0.3)
Seat 5: 2a36dde7 (small blind) folded on the Flop
Seat 6: Hero (big blind) folded before Flop


Poker Hand #HD1750165310: Hold'em No Limit ($0.02/$0.05) - 2024/04/28 17:07:45
Table 'NLHBlue41' 6-max Seat #3 is the button
Seat 1: 1ea008a9 ($8.09 in chips)
Seat 2: 4b7e7b41 ($5.88 in chips)
Seat 3: d557ab96 ($5.43 in chips)
Seat 4: 5f737bb0 ($14.7 in chips)
Seat 5: 2a36dde7 ($0.95 in chips)
Seat 6: Hero ($5.78 in chips)
5f737bb0: posts small blind $0.02
2a36dde7: posts big blind $0.05
*** HOLE CARDS ***
Dealt to 1ea008a9 
Dealt to 4b7e7b41 
Dealt to d557ab96 
Dealt to 5f737bb0 
Dealt to 2a36dde7 
Dealt to Hero [8c 3c]
Hero: folds
1ea008a9: calls $0.05
4b7e7b41: folds
d557ab96: raises $0.09 to $0.14
5f737bb0: folds
2a36dde7: folds
1ea008a9: calls $0.09
*** FLOP *** [Kc Tc 9s]
1ea008a9: checks
d557ab96: checks
*** TURN *** [Kc Tc 9s] [Qh]
1ea008a9: checks
d557ab96: checks
*** RIVER *** [Kc Tc 9s Qh] [As]
1ea008a9: checks
d557ab96: checks
1ea008a9: shows [5s 3s] (Ace-High)
d557ab96: shows [8h 5h] (Ace-High)
*** SHOWDOWN ***
1ea008a9 collected $0.18 from pot
d557ab96 collected $0.17 from pot
*** SUMMARY ***
Total pot $0.35 | Rake $0 | Jackpot $0 | Bingo $0 | Fortune $0 | Tax $0
Board [Kc Tc 9s Qh As]
Seat 1: 1ea008a9 showed [5s 3s] and won ($0.18) with Ace-High
Seat 2: 4b7e7b41 folded before Flop (didn't bet)
Seat 3: d557ab96 (button) showed [8h 5h] and won ($0.17) with Ace-High
Seat 4: 5f737bb0 (small blind) folded before Flop
Seat 5: 2a36dde7 (big blind) folded before Flop
Seat 6: Hero folded before Flop (didn't bet)


Poker Hand #HD1750165283: Hold'em No Limit ($0.02/$0.05) - 2024/04/28 17:07:30
Table 'NLHBlue41' 6-max Seat #2 is the button
Seat 1: 1ea008a9 ($7.97 in chips)
Seat 2: 4b7e7b41 ($5.88 in chips)
Seat 3: d557ab96 ($5.45 in chips)
Seat 4: 5f737bb0 ($14.75 in chips)
Seat 5: 2a36dde7 ($1 in chips)
Seat 6: Hero ($5.78 in chips)
d557ab96: posts small blind $0.02
5f737bb0: posts big blind $0.05
2a36dde7: posts big blind $0.05
*** HOLE CARDS ***
Dealt to 1ea008a9 
Dealt to 4b7e7b41 
Dealt to d557ab96 
Dealt to 5f737bb0 
Dealt to 2a36dde7 
Dealt to Hero [Kd 3s]
2a36dde7: checks
Hero: folds
1ea008a9: raises $0.15 to $0.2
4b7e7b41: folds
d557ab96: folds
5f737bb0: folds
2a36dde7: folds
Uncalled bet ($0.15) returned to 1ea008a9
*** SHOWDOWN ***
1ea008a9 collected $0.17 from pot
*** SUMMARY ***
Total pot $0.17 | Rake $0 | Jackpot $0 | Bingo $0 | Fortune $0 | Tax $0
Seat 1: 1ea008a9 collected ($0.17)
Seat 2: 4b7e7b41 (button) folded before Flop (didn't bet)
Seat 3: d557ab96 (small blind) folded before Flop
Seat 4: 5f737bb0 (big blind) folded before Flop
Seat 5: 2a36dde7 folded before Flop
Seat 6: Hero folded before Flop (didn't bet)


Poker Hand #HD1750165230: Hold'em No Limit ($0.02/$0.05) - 2024/04/28 17:07:03
Table 'NLHBlue41' 6-max Seat #1 is the button
Seat 1: 1ea008a9 ($8.12 in chips)
Seat 2: 4b7e7b41 ($5.9 in chips)
Seat 3: d557ab96 ($5.15 in chips)
Seat 4: 5f737bb0 ($14.9 in chips)
Seat 6: Hero ($5.78 in chips)
4b7e7b41: posts small blind $0.02
d557ab96: posts big blind $0.05
*** HOLE CARDS ***
Dealt to 1ea008a9 
Dealt to 4b7e7b41 
Dealt to d557ab96 
Dealt to 5f737bb0 
Dealt to Hero [4s 8s]
5f737bb0: raises $0.1 to $0.15
Hero: folds
1ea008a9: calls $0.15
4b7e7b41: folds
d557ab96: raises $0.57 to $0.72
5f737bb0: folds
1ea008a9: folds
Uncalled bet ($0.57) returned to d557ab96
*** SHOWDOWN ***
d557ab96 collected $0.45 from pot
*** SUMMARY ***
Total pot $0.47 | Rake $0.02 | Jackpot $0 | Bingo $0 | Fortune $0 | Tax $0
Seat 1: 1ea008a9 (button) folded before Flop
Seat 2: 4b7e7b41 (small blind) folded before Flop
Seat 3: d557ab96 (big blind) collected ($0.45)
Seat 4: 5f737bb0 folded before Flop
Seat 6: Hero folded before Flop (didn't bet)


Poker Hand #HD1750165136: Hold'em No Limit ($0.02/$0.05) - 2024/04/28 17:06:15
Table 'NLHBlue41' 6-max Seat #6 is the button
Seat 1: 1ea008a9 ($8.52 in chips)
Seat 2: 4b7e7b41 ($5.39 in chips)
Seat 3: d557ab96 ($5.15 in chips)
Seat 4: 5f737bb0 ($15.05 in chips)
Seat 6: Hero ($5.78 in chips)
1ea008a9: posts small blind $0.02
4b7e7b41: posts big blind $0.05
*** HOLE CARDS ***
Dealt to 1ea008a9 
Dealt to 4b7e7b41 
Dealt to d557ab96 
Dealt to 5f737bb0 
Dealt to Hero [9d 2s]
d557ab96: folds
5f737bb0: raises $0.1 to $0.15
Hero: folds
1ea008a9: calls $0.13
4b7e7b41: calls $0.1
*** FLOP *** [Th 2c 3h]
1ea008a9: checks
4b7e7b41: bets $0.25
5f737bb0: folds
1ea008a9: calls $0.25
*** TURN *** [Th 2c 3h] [5h]
1ea008a9: checks
4b7e7b41: bets $0.48
1ea008a9: folds
Uncalled bet ($0.48) returned to 4b7e7b41
*** SHOWDOWN ***
4b7e7b41 collected $0.91 from pot
*** SUMMARY ***
Total pot $0.95 | Rake $0.04 | Jackpot $0 | Bingo $0 | Fortune $0 | Tax $0
Board [Th 2c 3h 5h]
Seat 1: 1ea008a9 (small blind) folded on the Turn
Seat 2: 4b7e7b41 (big blind) won ($0.91)
Seat 3: d557ab96 folded before Flop (didn't bet)
Seat 4: 5f737bb0 folded on the Flop
Seat 6: Hero (button) folded before Flop (didn't bet)


Poker Hand #HD1750165116: Hold'em No Limit ($0.02/$0.05) - 2024/04/28 17:06:03
Table 'NLHBlue41' 6-max Seat #4 is the button
Seat 1: 1ea008a9 ($8.5 in chips)
Seat 2: 4b7e7b41 ($5.39 in chips)
Seat 3: d557ab96 ($5.15 in chips)
Seat 4: 5f737bb0 ($15.05 in chips)
Seat 6: Hero ($5.8 in chips)
Hero: posts small blind $0.02
1ea008a9: posts big blind $0.05
*** HOLE CARDS ***
Dealt to 1ea008a9 
Dealt to 4b7e7b41 
Dealt to d557ab96 
Dealt to 5f737bb0 
Dealt to Hero [3h 8c]
4b7e7b41: folds
d557ab96: folds
5f737bb0: folds
Hero: folds
Uncalled bet ($0.03) returned to 1ea008a9
*** SHOWDOWN ***
1ea008a9 collected $0.04 from pot
*** SUMMARY ***
Total pot $0.04 | Rake $0 | Jackpot $0 | Bingo $0 | Fortune $0 | Tax $0
Seat 1: 1ea008a9 (big blind) collected ($0.04)
Seat 2: 4b7e7b41 folded before Flop (didn't bet)
Seat 3: d557ab96 folded before Flop (didn't bet)
Seat 4: 5f737bb0 (button) folded before Flop (didn't bet)
Seat 6: Hero (small blind) folded before Flop


Poker Hand #HD1750165090: Hold'em No Limit ($0.02/$0.05) - 2024/04/28 17:05:49
Table 'NLHBlue41' 6-max Seat #3 is the button
Seat 1: 1ea008a9 ($8.5 in chips)
Seat 2: 4b7e7b41 ($5.39 in chips)
Seat 3: d557ab96 ($5.15 in chips)
Seat 4: 5f737bb0 ($15.07 in chips)
Seat 6: Hero ($5.78 in chips)
5f737bb0: posts small blind $0.02
Hero: posts big blind $0.05
*** HOLE CARDS ***
Dealt to 1ea008a9 
Dealt to 4b7e7b41 
Dealt to d557ab96 
Dealt to 5f737bb0 
Dealt to Hero [Ks 7h]
1ea008a9: folds
4b7e7b41: folds
d557ab96: folds
5f737bb0: folds
Uncalled bet ($0.03) returned to Hero
*** SHOWDOWN ***
Hero collected $0.04 from pot
*** SUMMARY ***
Total pot $0.04 | Rake $0 | Jackpot $0 | Bingo $0 | Fortune $0 | Tax $0
Seat 1: 1ea008a9 folded before Flop (didn't bet)
Seat 2: 4b7e7b41 folded before Flop (didn't bet)
Seat 3: d557ab96 (button) folded before Flop (didn't bet)
Seat 4: 5f737bb0 (small blind) folded before Flop
Seat 6: Hero (big blind) collected ($0.04)


Poker Hand #HD1750165064: Hold'em No Limit ($0.02/$0.05) - 2024/04/28 17:05:37
Table 'NLHBlue41' 6-max Seat #2 is the button
Seat 1: 1ea008a9 ($8.5 in chips)
Seat 2: 4b7e7b41 ($5.39 in chips)
Seat 3: d557ab96 ($5.1 in chips)
Seat 4: 5f737bb0 ($15.12 in chips)
Seat 6: Hero ($5.78 in chips)
d557ab96: posts small blind $0.02
5f737bb0: posts big blind $0.05
*** HOLE CARDS ***
Dealt to 1ea008a9 
Dealt to 4b7e7b41 
Dealt to d557ab96 
Dealt to 5f737bb0 
Dealt to Hero [5d Jd]
Hero: folds
1ea008a9: folds
4b7e7b41: folds
d557ab96: raises $0.12 to $0.17
5f737bb0: folds
Uncalled bet ($0.12) returned to d557ab96
*** SHOWDOWN ***
d557ab96 collected $0.1 from pot
*** SUMMARY ***
Total pot $0.1 | Rake $0 | Jackpot $0 | Bingo $0 | Fortune $0 | Tax $0
Seat 1: 1ea008a9 folded before Flop (didn't bet)
Seat 2: 4b7e7b41 (button) folded before Flop (didn't bet)
Seat 3: d557ab96 (small blind) collected ($0.1)
Seat 4: 5f737bb0 (big blind) folded before Flop
Seat 6: Hero folded before Flop (didn't bet)


Poker Hand #HD1750165035: Hold'em No Limit ($0.02/$0.05) - 2024/04/28 17:05:21
Table 'NLHBlue41' 6-max Seat #1 is the button
Seat 1: 1ea008a9 ($8.5 in chips)
Seat 2: 4b7e7b41 ($5.41 in chips)
Seat 3: d557ab96 ($5.08 in chips)
Seat 4: 5f737bb0 ($15.12 in chips)
Seat 6: Hero ($5.78 in chips)
4b7e7b41: posts small blind $0.02
d557ab96: posts big blind $0.05
*** HOLE CARDS ***
Dealt to 1ea008a9 
Dealt to 4b7e7b41 
Dealt to d557ab96 
Dealt to 5f737bb0 
Dealt to Hero [2s Qc]
5f737bb0: folds
Hero: folds
1ea008a9: folds
4b7e7b41: folds
Uncalled bet ($0.03) returned to d557ab96
*** SHOWDOWN ***
d557ab96 collected $0.04 from pot
*** SUMMARY ***
Total pot $0.04 | Rake $0 | Jackpot $0 | Bingo $0 | Fortune $0 | Tax $0
Seat 1: 1ea008a9 (button) folded before Flop (didn't bet)
Seat 2: 4b7e7b41 (small blind) folded before Flop
Seat 3: d557ab96 (big blind) collected ($0.04)
Seat 4: 5f737bb0 folded before Flop (didn't bet)
Seat 6: Hero folded before Flop (didn't bet)


Poker Hand #HD1750165011: Hold'em No Limit ($0.02/$0.05) - 2024/04/28 17:05:05
Table 'NLHBlue41' 6-max Seat #6 is the button
Seat 1: 1ea008a9 ($8.45 in chips)
Seat 2: 4b7e7b41 ($5.46 in chips)
Seat 3: d557ab96 ($5.08 in chips)
Seat 4: 5f737bb0 ($15.12 in chips)
Seat 6: Hero ($5.78 in chips)
1ea008a9: posts small blind $0.02
4b7e7b41: posts big blind $0.05
*** HOLE CARDS ***
Dealt to 1ea008a9 
Dealt to 4b7e7b41 
Dealt to d557ab96 
Dealt to 5f737bb0 
Dealt to Hero [6c 3d]
d557ab96: folds
5f737bb0: folds
Hero: folds
1ea008a9: raises $0.1 to $0.15
4b7e7b41: folds
Uncalled bet ($0.1) returned to 1ea008a9
*** SHOWDOWN ***
1ea008a9 collected $0.1 from pot
*** SUMMARY ***
Total pot $0.1 | Rake $0 | Jackpot $0 | Bingo $0 | Fortune $0 | Tax $0
Seat 1: 1ea008a9 (small blind) collected ($0.1)
Seat 2: 4b7e7b41 (big blind) folded before Flop
Seat 3: d557ab96 folded before Flop (didn't bet)
Seat 4: 5f737bb0 folded before Flop (didn't bet)
Seat 6: Hero (button) folded before Flop (didn't bet)


Poker Hand #HD1750164989: Hold'em No Limit ($0.02/$0.05) - 2024/04/28 17:04:53
Table 'NLHBlue41' 6-max Seat #4 is the button
Seat 1: 1ea008a9 ($8.43 in chips)
Seat 2: 4b7e7b41 ($5.46 in chips)
Seat 4: 5f737bb0 ($15.12 in chips)
Seat 6: Hero ($5.8 in chips)
Hero: posts small blind $0.02
1ea008a9: posts big blind $0.05
*** HOLE CARDS ***
Dealt to 1ea008a9 
Dealt to 4b7e7b41 
Dealt to 5f737bb0 
Dealt to Hero [Ah 7c]
4b7e7b41: folds
5f737bb0: folds
Hero: folds
Uncalled bet ($0.03) returned to 1ea008a9
*** SHOWDOWN ***
1ea008a9 collected $0.04 from pot
*** SUMMARY ***
Total pot $0.04 | Rake $0 | Jackpot $0 | Bingo $0 | Fortune $0 | Tax $0
Seat 1: 1ea008a9 (big blind) collected ($0.04)
Seat 2: 4b7e7b41 folded before Flop (didn't bet)
Seat 4: 5f737bb0 (button) folded before Flop (didn't bet)
Seat 6: Hero (small blind) folded before Flop


Poker Hand #HD1750164936: Hold'em No Limit ($0.02/$0.05) - 2024/04/28 17:04:26
Table 'NLHBlue41' 6-max Seat #3 is the button
Seat 1: 1ea008a9 ($8.43 in chips)
Seat 2: 4b7e7b41 ($5.46 in chips)
Seat 3: d557ab96 ($5.08 in chips)
Seat 4: 5f737bb0 ($15.14 in chips)
Seat 6: Hero ($5.78 in chips)
5f737bb0: posts small blind $0.02
Hero: posts big blind $0.05
*** HOLE CARDS ***
Dealt to 1ea008a9 
Dealt to 4b7e7b41 
Dealt to d557ab96 
Dealt to 5f737bb0 
Dealt to Hero [6d 7s]
1ea008a9: folds
4b7e7b41: folds
d557ab96: folds
5f737bb0: folds
Uncalled bet ($0.03) returned to Hero
*** SHOWDOWN ***
Hero collected $0.04 from pot
*** SUMMARY ***
Total pot $0.04 | Rake $0 | Jackpot $0 | Bingo $0 | Fortune $0 | Tax $0
Seat 1: 1ea008a9 folded before Flop (didn't bet)
Seat 2: 4b7e7b41 folded before Flop (didn't bet)
Seat 3: d557ab96 (button) folded before Flop (didn't bet)
Seat 4: 5f737bb0 (small blind) folded before Flop
Seat 6: Hero (big blind) collected ($0.04)


Poker Hand #HD1750164920: Hold'em No Limit ($0.02/$0.05) - 2024/04/28 17:04:14
Table 'NLHBlue41' 6-max Seat #2 is the button
Seat 1: 1ea008a9 ($8.43 in chips)
Seat 2: 4b7e7b41 ($5.46 in chips)
Seat 3: d557ab96 ($5.1 in chips)
Seat 4: 5f737bb0 ($15.19 in chips)
Seat 6: Hero ($5.71 in chips)
d557ab96: posts small blind $0.02
5f737bb0: posts big blind $0.05
*** HOLE CARDS ***
Dealt to 1ea008a9 
Dealt to 4b7e7b41 
Dealt to d557ab96 
Dealt to 5f737bb0 
Dealt to Hero [Jc Qd]
Hero: raises $0.05 to $0.1
1ea008a9: folds
4b7e7b41: folds
d557ab96: folds
5f737bb0: folds
Uncalled bet ($0.05) returned to Hero
*** SHOWDOWN ***
Hero collected $0.12 from pot
*** SUMMARY ***
Total pot $0.12 | Rake $0 | Jackpot $0 | Bingo $0 | Fortune $0 | Tax $0
Seat 1: 1ea008a9 folded before Flop (didn't bet)
Seat 2: 4b7e7b41 (button) folded before Flop (didn't bet)
Seat 3: d557ab96 (small blind) folded before Flop
Seat 4: 5f737bb0 (big blind) folded before Flop
Seat 6: Hero collected ($0.12)


Poker Hand #HD1750164787: Hold'em No Limit ($0.02/$0.05) - 2024/04/28 17:02:57
Table 'NLHBlue41' 6-max Seat #1 is the button
Seat 1: 1ea008a9 ($8.48 in chips)
Seat 2: 4b7e7b41 ($5.51 in chips)
Seat 3: d557ab96 ($5 in chips)
Seat 4: 5f737bb0 ($15.19 in chips)
Seat 5: b2c7e672 ($6.1 in chips)
Seat 6: Hero ($5.71 in chips)
4b7e7b41: posts small blind $0.02
d557ab96: posts big blind $0.05
*** HOLE CARDS ***
Dealt to 1ea008a9 
Dealt to 4b7e7b41 
Dealt to d557ab96 
Dealt to 5f737bb0 
Dealt to b2c7e672 
Dealt to Hero [9c 2s]
5f737bb0: folds
b2c7e672: folds
Hero: folds
1ea008a9: calls $0.05
4b7e7b41: calls $0.03
d557ab96: checks
*** FLOP *** [3d Qs Tc]
4b7e7b41: checks
d557ab96: checks
1ea008a9: checks
*** TURN *** [3d Qs Tc] [Jh]
4b7e7b41: checks
d557ab96: checks
1ea008a9: checks
*** RIVER *** [3d Qs Tc Jh] [Qh]
4b7e7b41: checks
d557ab96: checks
1ea008a9: checks
4b7e7b41: shows [Ah 5c] (Pair of Queens)
d557ab96: shows [3c 4c] (Pair of Queens and Pair of Treys)
1ea008a9: shows [8d 5d] (Pair of Queens)
*** SHOWDOWN ***
d557ab96 collected $0.15 from pot
*** SUMMARY ***
Total pot $0.15 | Rake $0 | Jackpot $0 | Bingo $0 | Fortune $0 | Tax $0
Board [3d Qs Tc Jh Qh]
Seat 1: 1ea008a9 (button) showed [8d 5d] and lost with Pair of Queens
Seat 2: 4b7e7b41 (small blind) showed [Ah 5c] and lost with Pair of Queens
Seat 3: d557ab96 (big blind) showed [3c 4c] and won ($0.15) with Pair of Queens and Pair of Treys
Seat 4: 5f737bb0 folded before Flop (didn't bet)
Seat 5: b2c7e672 folded before Flop (didn't bet)
Seat 6: Hero folded before Flop (didn't bet)


Poker Hand #HD1750164720: Hold'em No Limit ($0.02/$0.05) - 2024/04/28 17:02:21
Table 'NLHBlue41' 6-max Seat #6 is the button
Seat 1: 1ea008a9 ($8.5 in chips)
Seat 2: 4b7e7b41 ($5.04 in chips)
Seat 4: 5f737bb0 ($15.69 in chips)
Seat 6: Hero ($5.71 in chips)
1ea008a9: posts small blind $0.02
4b7e7b41: posts big blind $0.05
*** HOLE CARDS ***
Dealt to 1ea008a9 
Dealt to 4b7e7b41 
Dealt to 5f737bb0 
Dealt to Hero [Ad 4h]
5f737bb0: raises $0.1 to $0.15
Hero: folds
1ea008a9: folds
4b7e7b41: raises $0.35 to $0.5
5f737bb0: calls $0.35
*** FLOP *** [4s 2s 5s]
4b7e7b41: bets $0.51
5f737bb0: folds
Uncalled bet ($0.51) returned to 4b7e7b41
*** SHOWDOWN ***
4b7e7b41 collected $0.97 from pot
*** SUMMARY ***
Total pot $1.02 | Rake $0.05 | Jackpot $0 | Bingo $0 | Fortune $0 | Tax $0
Board [4s 2s 5s]
Seat 1: 1ea008a9 (small blind) folded before Flop
Seat 2: 4b7e7b41 (big blind) won ($0.97)
Seat 4: 5f737bb0 folded on the Flop
Seat 6: Hero (button) folded before Flop (didn't bet)


Poker Hand #HD1750164613: Hold'em No Limit ($0.02/$0.05) - 2024/04/28 17:01:23
Table 'NLHBlue41' 6-max Seat #5 is the button
Seat 1: 1ea008a9 ($8.48 in chips)
Seat 2: 4b7e7b41 ($5.04 in chips)
Seat 3: b659b369 ($6.71 in chips)
Seat 4: 5f737bb0 ($15.69 in chips)
Seat 5: b2c7e672 ($6.1 in chips)
Seat 6: Hero ($5.73 in chips)
Hero: posts small blind $0.02
1ea008a9: posts big blind $0.05
*** HOLE CARDS ***
Dealt to 1ea008a9 
Dealt to 4b7e7b41 
Dealt to b659b369 
Dealt to 5f737bb0 
Dealt to b2c7e672 
Dealt to Hero [8h 6d]
4b7e7b41: folds
b659b369: folds
5f737bb0: folds
b2c7e672: folds
Hero: folds
Uncalled bet ($0.03) returned to 1ea008a9
*** SHOWDOWN ***
1ea008a9 collected $0.04 from pot
*** SUMMARY ***
Total pot $0.04 | Rake $0 | Jackpot $0 | Bingo $0 | Fortune $0 | Tax $0
Seat 1: 1ea008a9 (big blind) collected ($0.04)
Seat 2: 4b7e7b41 folded before Flop (didn't bet)
Seat 3: b659b369 folded before Flop (didn't bet)
Seat 4: 5f737bb0 folded before Flop (didn't bet)
Seat 5: b2c7e672 (button) folded before Flop (didn't bet)
Seat 6: Hero (small blind) folded before Flop


Poker Hand #HD1750164552: Hold'em No Limit ($0.02/$0.05) - 2024/04/28 17:00:48
Table 'NLHBlue41' 6-max Seat #4 is the button
Seat 1: 1ea008a9 ($8.27 in chips)
Seat 2: 4b7e7b41 ($5.04 in chips)
Seat 3: b659b369 ($6.71 in chips)
Seat 4: 5f737bb0 ($15.84 in chips)
Seat 5: b2c7e672 ($6.12 in chips)
Seat 6: Hero ($5.78 in chips)
b2c7e672: posts small blind $0.02
Hero: posts big blind $0.05
*** HOLE CARDS ***
Dealt to 1ea008a9 
Dealt to 4b7e7b41 
Dealt to b659b369 
Dealt to 5f737bb0 
Dealt to b2c7e672 
Dealt to Hero [Th 7c]
1ea008a9: calls $0.05
4b7e7b41: folds
b659b369: folds
5f737bb0: raises $0.1 to $0.15
b2c7e672: folds
Hero: folds
1ea008a9: calls $0.1
*** FLOP *** [4h 7d Ah]
1ea008a9: checks
5f737bb0: checks
*** TURN *** [4h 7d Ah] [5s]
1ea008a9: checks
5f737bb0: checks
*** RIVER *** [4h 7d Ah 5s] [4s]
1ea008a9: checks
5f737bb0: checks
1ea008a9: shows [2h 2d] (Pair of Fours and Pair of Twos)
5f737bb0: shows [Jh Qs] (Pair of Fours)
*** SHOWDOWN ***
1ea008a9 collected $0.36 from pot
*** SUMMARY ***
Total pot $0.37 | Rake $0.01 | Jackpot $0 | Bingo $0 | Fortune $0 | Tax $0
Board [4h 7d Ah 5s 4s]
Seat 1: 1ea008a9 showed [2h 2d] and won ($0.36) with Pair of Fours and Pair of Twos
Seat 2: 4b7e7b41 folded before Flop (didn't bet)
Seat 3: b659b369 folded before Flop (didn't bet)
Seat 4: 5f737bb0 (button) showed [Jh Qs] and lost with Pair of Fours
Seat 5: b2c7e672 (small blind) folded before Flop
Seat 6: Hero (big blind) folded before Flop


Poker Hand #HD1750164458: Hold'em No Limit ($0.02/$0.05) - 2024/04/28 16:59:59
Table 'NLHBlue41' 6-max Seat #3 is the button
Seat 1: 1ea008a9 ($8.08 in chips)
Seat 2: 4b7e7b41 ($5.04 in chips)
Seat 3: b659b369 ($6.71 in chips)
Seat 4: 5f737bb0 ($15.99 in chips)
Seat 5: b2c7e672 ($6.17 in chips)
Seat 6: Hero ($5.78 in chips)
5f737bb0: posts small blind $0.02
b2c7e672: posts big blind $0.05
*** HOLE CARDS ***
Dealt to 1ea008a9 
Dealt to 4b7e7b41 
Dealt to b659b369 
Dealt to 5f737bb0 
Dealt to b2c7e672 
Dealt to Hero [Qc 9h]
Hero: folds
1ea008a9: raises $0.1 to $0.15
4b7e7b41: folds
b659b369: folds
5f737bb0: calls $0.13
b2c7e672: folds
*** FLOP *** [Qs 4c 8d]
5f737bb0: checks
1ea008a9: checks
*** TURN *** [Qs 4c 8d] [Ah]
5f737bb0: checks
1ea008a9: checks
*** RIVER *** [Qs 4c 8d Ah] [9s]
5f737bb0: checks
1ea008a9: checks
5f737bb0: shows [Tc Kc] (Ace-High)
1ea008a9: shows [Kd Jc] (Ace-High)
*** SHOWDOWN ***
1ea008a9 collected $0.34 from pot
*** SUMMARY ***
Total pot $0.35 | Rake $0.01 | Jackpot $0 | Bingo $0 | Fortune $0 | Tax $0
Board [Qs 4c 8d Ah 9s]
Seat 1: 1ea008a9 showed [Kd Jc] and won ($0.34) with Ace-High
Seat 2: 4b7e7b41 folded before Flop (didn't bet)
Seat 3: b659b369 (button) folded before Flop (didn't bet)
Seat 4: 5f737bb0 (small blind) showed [Tc Kc] and lost with Ace-High
Seat 5: b2c7e672 (big blind) folded before Flop
Seat 6: Hero folded before Flop (didn't bet)


Poker Hand #HD1750164342: Hold'em No Limit ($0.02/$0.05) - 2024/04/28 16:58:52
Table 'NLHBlue41' 6-max Seat #2 is the button
Seat 1: 1ea008a9 ($8.36 in chips)
Seat 2: 4b7e7b41 ($5.32 in chips)
Seat 3: b659b369 ($6.73 in chips)
Seat 4: 5f737bb0 ($16.04 in chips)
Seat 5: b2c7e672 ($6.17 in chips)
Seat 6: Hero ($5.19 in chips)
b659b369: posts small blind $0.02
5f737bb0: posts big blind $0.05
*** HOLE CARDS ***
Dealt to 1ea008a9 
Dealt to 4b7e7b41 
Dealt to b659b369 
Dealt to 5f737bb0 
Dealt to b2c7e672 
Dealt to Hero [Kc Jh]
b2c7e672: folds
Hero: raises $0.05 to $0.1
1ea008a9: calls $0.1
4b7e7b41: calls $0.1
b659b369: folds
5f737bb0: folds
*** FLOP *** [Kh 4h Qs]
Hero: bets $0.18
1ea008a9: calls $0.18
4b7e7b41: calls $0.18
*** TURN *** [Kh 4h Qs] [Ac]
Hero: checks
1ea008a9: checks
4b7e7b41: checks
*** RIVER *** [Kh 4h Qs Ac] [2s]
Hero: checks
1ea008a9: checks
4b7e7b41: checks
Hero: shows [Kc Jh] (Pair of Kings)
1ea008a9: shows [3h 6h] (Ace-High)
4b7e7b41: shows [Ts Kd] (Pair of Kings)
*** SHOWDOWN ***
Hero collected $0.87 from pot
*** SUMMARY ***
Total pot $0.91 | Rake $0.04 | Jackpot $0 | Bingo $0 | Fortune $0 | Tax $0
Board [Kh 4h Qs Ac 2s]
Seat 1: 1ea008a9 showed [3h 6h] and lost with Ace-High
Seat 2: 4b7e7b41 (button) showed [Ts Kd] and lost with Pair of Kings
Seat 3: b659b369 (small blind) folded before Flop
Seat 4: 5f737bb0 (big blind) folded before Flop
Seat 5: b2c7e672 folded before Flop (didn't bet)
Seat 6: Hero showed [Kc Jh] and won ($0.87) with Pair of Kings


Poker Hand #HD1750164250: Hold'em No Limit ($0.02/$0.05) - 2024/04/28 16:58:04
Table 'NLHBlue41' 6-max Seat #1 is the button
Seat 1: 1ea008a9 ($8.36 in chips)
Seat 2: 4b7e7b41 ($5.34 in chips)
Seat 3: b659b369 ($5.95 in chips)
Seat 4: 5f737bb0 ($16.93 in chips)
Seat 5: b2c7e672 ($6.17 in chips)
Seat 6: Hero ($5.19 in chips)
4b7e7b41: posts small blind $0.02
b659b369: posts big blind $0.05
*** HOLE CARDS ***
Dealt to 1ea008a9 
Dealt to 4b7e7b41 
Dealt to b659b369 
Dealt to 5f737bb0 
Dealt to b2c7e672 
Dealt to Hero [Kh 8c]
5f737bb0: raises $0.1 to $0.15
b2c7e672: folds
Hero: folds
1ea008a9: folds
4b7e7b41: folds
b659b369: calls $0.1
*** FLOP *** [9s 9c 6d]
b659b369: checks
5f737bb0: bets $0.19
b659b369: calls $0.19
*** TURN *** [9s 9c 6d] [3c]
b659b369: checks
5f737bb0: bets $0.55
b659b369: raises $0.9 to $1.45
5f737bb0: folds
Uncalled bet ($0.9) returned to b659b369
*** SHOWDOWN ***
b659b369 collected $1.67 from pot
*** SUMMARY ***
Total pot $1.8 | Rake $0.08 | Jackpot $0.05 | Bingo $0 | Fortune $0 | Tax $0
Board [9s 9c 6d 3c]
Seat 1: 1ea008a9 (button) folded before Flop (didn't bet)
Seat 2: 4b7e7b41 (small blind) folded before Flop
Seat 3: b659b369 (big blind) won ($1.67)
Seat 4: 5f737bb0 folded on the Turn
Seat 5: b2c7e672 folded before Flop (didn't bet)
Seat 6: Hero folded before Flop (didn't bet)


Poker Hand #HD1750164189: Hold'em No Limit ($0.02/$0.05) - 2024/04/28 16:57:31
Table 'NLHBlue41' 6-max Seat #6 is the button
Seat 1: 1ea008a9 ($8.38 in chips)
Seat 2: 4b7e7b41 ($5.39 in chips)
Seat 3: b659b369 ($5.95 in chips)
Seat 4: 5f737bb0 ($16.93 in chips)
Seat 5: b2c7e672 ($6.3 in chips)
Seat 6: Hero ($5 in chips)
1ea008a9: posts small blind $0.02
4b7e7b41: posts big blind $0.05
*** HOLE CARDS ***
Dealt to 1ea008a9 
Dealt to 4b7e7b41 
Dealt to b659b369 
Dealt to 5f737bb0 
Dealt to b2c7e672 
Dealt to Hero [Ah Qc]
b659b369: folds
5f737bb0: folds
b2c7e672: raises $0.08 to $0.13
Hero: raises $0.37 to $0.5
1ea008a9: folds
4b7e7b41: folds
b2c7e672: folds
Uncalled bet ($0.37) returned to Hero
*** SHOWDOWN ***
Hero collected $0.32 from pot
*** SUMMARY ***
Total pot $0.33 | Rake $0.01 | Jackpot $0 | Bingo $0 | Fortune $0 | Tax $0
Seat 1: 1ea008a9 (small blind) folded before Flop
Seat 2: 4b7e7b41 (big blind) folded before Flop
Seat 3: b659b369 folded before Flop (didn't bet)
Seat 4: 5f737bb0 folded before Flop (didn't bet)
Seat 5: b2c7e672 folded before Flop
Seat 6: Hero (button) collected ($0.32)


Poker Hand #HD1750164063: Hold'em No Limit ($0.02/$0.05) - 2024/04/28 16:56:21
Table 'NLHBlue41' 6-max Seat #5 is the button
Seat 1: 1ea008a9 ($5.26 in chips)
Seat 2: 4b7e7b41 ($5.39 in chips)
Seat 3: b659b369 ($5.95 in chips)
Seat 4: 5f737bb0 ($20.42 in chips)
Seat 5: b2c7e672 ($6.3 in chips)
Seat 6: Hero ($5 in chips)
Hero: posts small blind $0.02
1ea008a9: posts big blind $0.05
*** HOLE CARDS ***
Dealt to 1ea008a9 
Dealt to 4b7e7b41 
Dealt to b659b369 
Dealt to 5f737bb0 
Dealt to b2c7e672 
Dealt to Hero [2d 2s]
4b7e7b41: folds
b659b369: folds
5f737bb0: raises $0.1 to $0.15
b2c7e672: folds
Hero: folds
1ea008a9: calls $0.1
*** FLOP *** [Qc Td Kc]
1ea008a9: checks
5f737bb0: bets $0.25
1ea008a9: calls $0.25
*** TURN *** [Qc Td Kc] [5s]
1ea008a9: checks
5f737bb0: bets $0.64
1ea008a9: raises $0.7 to $1.34
5f737bb0: calls $0.7
*** RIVER *** [Qc Td Kc 5s] [2c]
1ea008a9: bets $1.75
5f737bb0: calls $1.75
1ea008a9: shows [Ad Js] (Aces-High Straight)
5f737bb0: shows [Qd Kd] (Pair of Kings and Pair of Queens)
*** SHOWDOWN ***
1ea008a9 collected $6.61 from pot
*** SUMMARY ***
Total pot $7 | Rake $0.34 | Jackpot $0.05 | Bingo $0 | Fortune $0 | Tax $0
Board [Qc Td Kc 5s 2c]
Seat 1: 1ea008a9 (big blind) showed [Ad Js] and won ($6.61) with Aces-High Straight
Seat 2: 4b7e7b41 folded before Flop (didn't bet)
Seat 3: b659b369 folded before Flop (didn't bet)
Seat 4: 5f737bb0 showed [Qd Kd] and lost with Pair of Kings and Pair of Queens
Seat 5: b2c7e672 (button) folded before Flop (didn't bet)
Seat 6: Hero (small blind) folded before Flop


Poker Hand #HD1750164044: Hold'em No Limit ($0.02/$0.05) - 2024/04/28 16:56:09
Table 'NLHBlue41' 6-max Seat #4 is the button
Seat 1: 1ea008a9 ($5.26 in chips)
Seat 2: 4b7e7b41 ($5.39 in chips)
Seat 3: b659b369 ($5.95 in chips)
Seat 4: 5f737bb0 ($20.42 in chips)
Seat 5: b2c7e672 ($6.25 in chips)
Seat 6: Hero ($5 in chips)
b2c7e672: posts small blind $0.02
Hero: posts big blind $0.05
*** HOLE CARDS ***
Dealt to 1ea008a9 
Dealt to 4b7e7b41 
Dealt to b659b369 
Dealt to 5f737bb0 
Dealt to b2c7e672 
Dealt to Hero [3d 9d]
1ea008a9: folds
4b7e7b41: folds
b659b369: folds
5f737bb0: folds
b2c7e672: raises $0.08 to $0.13
Hero: folds
Uncalled bet ($0.08) returned to b2c7e672
*** SHOWDOWN ***
b2c7e672 collected $0.1 from pot
*** SUMMARY ***
Total pot $0.1 | Rake $0 | Jackpot $0 | Bingo $0 | Fortune $0 | Tax $0
Seat 1: 1ea008a9 folded before Flop (didn't bet)
Seat 2: 4b7e7b41 folded before Flop (didn't bet)
Seat 3: b659b369 folded before Flop (didn't bet)
Seat 4: 5f737bb0 (button) folded before Flop (didn't bet)
Seat 5: b2c7e672 (small blind) collected ($0.1)
Seat 6: Hero (big blind) folded before Flop


Poker Hand #HD1750163978: Hold'em No Limit ($0.02/$0.05) - 2024/04/28 16:55:37
Table 'NLHBlue41' 6-max Seat #3 is the button
Seat 1: 1ea008a9 ($5.26 in chips)
Seat 2: 4b7e7b41 ($5.07 in chips)
Seat 3: b659b369 ($5.95 in chips)
Seat 4: 5f737bb0 ($20.44 in chips)
Seat 5: b2c7e672 ($6.58 in chips)
Seat 6: Hero ($5 in chips)
5f737bb0: posts small blind $0.02
b2c7e672: posts big blind $0.05
*** HOLE CARDS ***
Dealt to 1ea008a9 
Dealt to 4b7e7b41 
Dealt to b659b369 
Dealt to 5f737bb0 
Dealt to b2c7e672 
Dealt to Hero [Jd 4h]
Hero: folds
1ea008a9: folds
4b7e7b41: raises $0.08 to $0.13
b659b369: folds
5f737bb0: folds
b2c7e672: calls $0.08
*** FLOP *** [2s 9d Js]
b2c7e672: checks
4b7e7b41: bets $0.2
b2c7e672: calls $0.2
*** TURN *** [2s 9d Js] [5d]
b2c7e672: checks
4b7e7b41: bets $0.34
b2c7e672: folds
Uncalled bet ($0.34) returned to 4b7e7b41
*** SHOWDOWN ***
4b7e7b41 collected $0.65 from pot
*** SUMMARY ***
Total pot $0.68 | Rake $0.03 | Jackpot $0 | Bingo $0 | Fortune $0 | Tax $0
Board [2s 9d Js 5d]
Seat 1: 1ea008a9 folded before Flop (didn't bet)
Seat 2: 4b7e7b41 won ($0.65)
Seat 3: b659b369 (button) folded before Flop (didn't bet)
Seat 4: 5f737bb0 (small blind) folded before Flop
Seat 5: b2c7e672 (big blind) folded on the Turn
Seat 6: Hero folded before Flop (didn't bet)


Poker Hand #HD1750163960: Hold'em No Limit ($0.02/$0.05) - 2024/04/28 16:55:27
Table 'NLHBlue41' 6-max Seat #2 is the button
Seat 1: 1ea008a9 ($5.26 in chips)
Seat 2: 4b7e7b41 ($5.07 in chips)
Seat 3: b659b369 ($5.97 in chips)
Seat 4: 5f737bb0 ($20.42 in chips)
Seat 5: b2c7e672 ($6.58 in chips)
Seat 6: Hero ($5 in chips)
b659b369: posts small blind $0.02
5f737bb0: posts big blind $0.05
*** HOLE CARDS ***
Dealt to 1ea008a9 
Dealt to 4b7e7b41 
Dealt to b659b369 
Dealt to 5f737bb0 
Dealt to b2c7e672 
Dealt to Hero [Qc 5d]
b2c7e672: folds
Hero: folds
1ea008a9: folds
4b7e7b41: folds
b659b369: folds
Uncalled bet ($0.03) returned to 5f737bb0
*** SHOWDOWN ***
5f737bb0 collected $0.04 from pot
*** SUMMARY ***
Total pot $0.04 | Rake $0 | Jackpot $0 | Bingo $0 | Fortune $0 | Tax $0
Seat 1: 1ea008a9 folded before Flop (didn't bet)
Seat 2: 4b7e7b41 (button) folded before Flop (didn't bet)
Seat 3: b659b369 (small blind) folded before Flop
Seat 4: 5f737bb0 (big blind) collected ($0.04)
Seat 5: b2c7e672 folded before Flop (didn't bet)
Seat 6: Hero folded before Flop (didn't bet)


Poker Hand #HD1750163881: Hold'em No Limit ($0.02/$0.05) - 2024/04/28 16:54:42
Table 'NLHBlue41' 6-max Seat #1 is the button
Seat 1: 1ea008a9 ($5.25 in chips)
Seat 2: 4b7e7b41 ($5.09 in chips)
Seat 3: b659b369 ($5.96 in chips)
Seat 4: 5f737bb0 ($20.42 in chips)
Seat 5: b2c7e672 ($6.58 in chips)
Seat 6: Hero ($5 in chips)
4b7e7b41: posts small blind $0.02
b659b369: posts big blind $0.05
*** HOLE CARDS ***
Dealt to 1ea008a9 
Dealt to 4b7e7b41 
Dealt to b659b369 
Dealt to 5f737bb0 
Dealt to b2c7e672 
Dealt to Hero [3h 8h]
5f737bb0: folds
b2c7e672: folds
Hero: folds
1ea008a9: calls $0.05
4b7e7b41: folds
b659b369: checks
*** FLOP *** [Kd Jd 9c]
b659b369: checks
1ea008a9: checks
*** TURN *** [Kd Jd 9c] [6d]
b659b369: bets $0.05
1ea008a9: calls $0.05
*** RIVER *** [Kd Jd 9c 6d] [Ah]
b659b369: checks
1ea008a9: checks
b659b369: shows [Jc 3c] (Pair of Jacks)
1ea008a9: shows [Jh 8d] (Pair of Jacks)
*** SHOWDOWN ***
b659b369 collected $0.11 from pot
1ea008a9 collected $0.11 from pot
*** SUMMARY ***
Total pot $0.22 | Rake $0 | Jackpot $0 | Bingo $0 | Fortune $0 | Tax $0
Board [Kd Jd 9c 6d Ah]
Seat 1: 1ea008a9 (button) showed [Jh 8d] and won ($0.11) with Pair of Jacks
Seat 2: 4b7e7b41 (small blind) folded before Flop
Seat 3: b659b369 (big blind) showed [Jc 3c] and won ($0.11) with Pair of Jacks
Seat 4: 5f737bb0 folded before Flop (didn't bet)
Seat 5: b2c7e672 folded before Flop (didn't bet)
Seat 6: Hero folded before Flop (didn't bet)


Poker Hand #HD1750163850: Hold'em No Limit ($0.02/$0.05) - 2024/04/28 16:54:20
Table 'NLHBlue41' 6-max Seat #6 is the button
Seat 1: 1ea008a9 ($5.27 in chips)
Seat 2: 4b7e7b41 ($5.14 in chips)
Seat 3: b659b369 ($5.96 in chips)
Seat 4: 5f737bb0 ($20.42 in chips)
Seat 5: b2c7e672 ($6.51 in chips)
Seat 6: Hero ($5 in chips)
1ea008a9: posts small blind $0.02
4b7e7b41: posts big blind $0.05
*** HOLE CARDS ***
Dealt to 1ea008a9 
Dealt to 4b7e7b41 
Dealt to b659b369 
Dealt to 5f737bb0 
Dealt to b2c7e672 
Dealt to Hero [8h Qc]
b659b369: folds
5f737bb0: folds
b2c7e672: raises $0.08 to $0.13
Hero: folds
1ea008a9: folds
4b7e7b41: folds
Uncalled bet ($0.08) returned to b2c7e672
*** SHOWDOWN ***
b2c7e672 collected $0.12 from pot
*** SUMMARY ***
Total pot $0.12 | Rake $0 | Jackpot $0 | Bingo $0 | Fortune $0 | Tax $0
Seat 1: 1ea008a9 (small blind) folded before Flop
Seat 2: 4b7e7b41 (big blind) folded before Flop
Seat 3: b659b369 folded before Flop (didn't bet)
Seat 4: 5f737bb0 folded before Flop (didn't bet)
Seat 5: b2c7e672 collected ($0.12)
Seat 6: Hero (button) folded before Flop (didn't bet)


Poker Hand #HD1750163804: Hold'em No Limit ($0.02/$0.05) - 2024/04/28 16:53:57
Table 'NLHBlue41' 6-max Seat #5 is the button
Seat 1: 1ea008a9 ($5.32 in chips)
Seat 2: 4b7e7b41 ($5.14 in chips)
Seat 3: b659b369 ($5.96 in chips)
Seat 4: 5f737bb0 ($20.42 in chips)
Seat 5: b2c7e672 ($6.44 in chips)
Seat 6: Hero ($5 in chips)
Hero: posts small blind $0.02
1ea008a9: posts big blind $0.05
*** HOLE CARDS ***
Dealt to 1ea008a9 
Dealt to 4b7e7b41 
Dealt to b659b369 
Dealt to 5f737bb0 
Dealt to b2c7e672 
Dealt to Hero [Td 2h]
4b7e7b41: folds
b659b369: folds
5f737bb0: folds
b2c7e672: raises $0.08 to $0.13
Hero: folds
1ea008a9: folds
Uncalled bet ($0.08) returned to b2c7e672
*** SHOWDOWN ***
b2c7e672 collected $0.12 from pot
*** SUMMARY ***
Total pot $0.12 | Rake $0 | Jackpot $0 | Bingo $0 | Fortune $0 | Tax $0
Seat 1: 1ea008a9 (big blind) folded before Flop
Seat 2: 4b7e7b41 folded before Flop (didn't bet)
Seat 3: b659b369 folded before Flop (didn't bet)
Seat 4: 5f737bb0 folded before Flop (didn't bet)
Seat 5: b2c7e672 (button) collected ($0.12)
Seat 6: Hero (small blind) folded before Flop


Poker Hand #HD1750163780: Hold'em No Limit ($0.02/$0.05) - 2024/04/28 16:53:44
Table 'NLHBlue41' 6-max Seat #4 is the button
Seat 1: 1ea008a9 ($5.32 in chips)
Seat 2: 4b7e7b41 ($5.07 in chips)
Seat 3: b659b369 ($5.96 in chips)
Seat 4: 5f737bb0 ($20.42 in chips)
Seat 5: b2c7e672 ($6.46 in chips)
Seat 6: Hero ($5 in chips)
b2c7e672: posts small blind $0.02
Hero: posts big blind $0.05
*** HOLE CARDS ***
Dealt to 1ea008a9 
Dealt to 4b7e7b41 
Dealt to b659b369 
Dealt to 5f737bb0 
Dealt to b2c7e672 
Dealt to Hero [Qc 7c]
1ea008a9: folds
4b7e7b41: raises $0.08 to $0.13
b659b369: folds
5f737bb0: folds
b2c7e672: folds
Hero: folds
Uncalled bet ($0.08) returned to 4b7e7b41
*** SHOWDOWN ***
4b7e7b41 collected $0.12 from pot
*** SUMMARY ***
Total pot $0.12 | Rake $0 | Jackpot $0 | Bingo $0 | Fortune $0 | Tax $0
Seat 1: 1ea008a9 folded before Flop (didn't bet)
Seat 2: 4b7e7b41 collected ($0.12)
Seat 3: b659b369 folded before Flop (didn't bet)
Seat 4: 5f737bb0 (button) folded before Flop (didn't bet)
Seat 5: b2c7e672 (small blind) folded before Flop
Seat 6: Hero (big blind) folded before Flop


