Poker Hand #HD1754039423: Hold'em No Limit ($0.05/$0.1) - 2024/05/01 13:02:17
Table 'NLHRed13' 6-max Seat #1 is the button
Seat 1: 8065de60 ($11.44 in chips)
Seat 3: 30efc38f ($10.05 in chips)
Seat 4: 201088ce ($15.99 in chips)
Seat 5: 24ff2af7 ($10.76 in chips)
Seat 6: Hero ($12.76 in chips)
30efc38f: posts small blind $0.05
201088ce: posts big blind $0.1
*** HOLE CARDS ***
Dealt to 8065de60 
Dealt to 30efc38f 
Dealt to 201088ce 
Dealt to 24ff2af7 
Dealt to Hero [8s 3d]
24ff2af7: raises $0.16 to $0.26
Hero: folds
8065de60: folds
30efc38f: folds
201088ce: folds
Uncalled bet ($0.16) returned to 24ff2af7
*** SHOWDOWN ***
24ff2af7 collected $0.25 from pot
*** SUMMARY ***
Total pot $0.25 | Rake $0 | Jackpot $0 | Bingo $0 | Fortune $0 | Tax $0
Seat 1: 8065de60 (button) folded before Flop (didn't bet)
Seat 3: 30efc38f (small blind) folded before Flop
Seat 4: 201088ce (big blind) folded before Flop
Seat 5: 24ff2af7 collected ($0.25)
Seat 6: Hero folded before Flop (didn't bet)


Poker Hand #HD1754039399: Hold'em No Limit ($0.05/$0.1) - 2024/05/01 13:02:08
Table 'NLHRed13' 6-max Seat #6 is the button
Seat 1: 8065de60 ($11.34 in chips)
Seat 3: 30efc38f ($10.15 in chips)
Seat 4: 201088ce ($15.99 in chips)
Seat 5: 24ff2af7 ($10.76 in chips)
Seat 6: Hero ($12.76 in chips)
8065de60: posts small blind $0.05
30efc38f: posts big blind $0.1
*** HOLE CARDS ***
Dealt to 8065de60 
Dealt to 30efc38f 
Dealt to 201088ce 
Dealt to 24ff2af7 
Dealt to Hero [2d 7c]
201088ce: folds
24ff2af7: folds
Hero: folds
8065de60: raises $0.2 to $0.3
30efc38f: folds
Uncalled bet ($0.2) returned to 8065de60
*** SHOWDOWN ***
8065de60 collected $0.2 from pot
*** SUMMARY ***
Total pot $0.2 | Rake $0 | Jackpot $0 | Bingo $0 | Fortune $0 | Tax $0
Seat 1: 8065de60 (small blind) collected ($0.2)
Seat 3: 30efc38f (big blind) folded before Flop
Seat 4: 201088ce folded before Flop (didn't bet)
Seat 5: 24ff2af7 folded before Flop (didn't bet)
Seat 6: Hero (button) folded before Flop (didn't bet)


Poker Hand #HD1754039305: Hold'em No Limit ($0.05/$0.1) - 2024/05/01 13:01:26
Table 'NLHRed13' 6-max Seat #5 is the button
Seat 1: 8065de60 ($12.05 in chips)
Seat 3: 30efc38f ($10.15 in chips)
Seat 4: 201088ce ($15.99 in chips)
Seat 5: 24ff2af7 ($10.07 in chips)
Seat 6: Hero ($12.81 in chips)
Hero: posts small blind $0.05
8065de60: posts big blind $0.1
*** HOLE CARDS ***
Dealt to 8065de60 
Dealt to 30efc38f 
Dealt to 201088ce 
Dealt to 24ff2af7 
Dealt to Hero [4d 5s]
30efc38f: folds
201088ce: folds
24ff2af7: raises $0.16 to $0.26
Hero: folds
8065de60: calls $0.16
*** FLOP *** [6d Tc Kh]
8065de60: checks
24ff2af7: checks
*** TURN *** [6d Tc Kh] [8d]
8065de60: bets $0.45
24ff2af7: calls $0.45
*** RIVER *** [6d Tc Kh 8d] [3d]
8065de60: checks
24ff2af7: checks
8065de60: shows [Qs 9c] (King-High)
24ff2af7: shows [8s Ac] (Pair of Eights)
*** SHOWDOWN ***
24ff2af7 collected $1.4 from pot
*** SUMMARY ***
Total pot $1.47 | Rake $0.07 | Jackpot $0 | Bingo $0 | Fortune $0 | Tax $0
Board [6d Tc Kh 8d 3d]
Seat 1: 8065de60 (big blind) showed [Qs 9c] and lost with King-High
Seat 3: 30efc38f folded before Flop (didn't bet)
Seat 4: 201088ce folded before Flop (didn't bet)
Seat 5: 24ff2af7 (button) showed [8s Ac] and won ($1.4) with Pair of Eights
Seat 6: Hero (small blind) folded before Flop


Poker Hand #HD1754039214: Hold'em No Limit ($0.05/$0.1) - 2024/05/01 13:00:46
Table 'NLHRed13' 6-max Seat #4 is the button
Seat 1: 8065de60 ($11.59 in chips)
Seat 3: 30efc38f ($10.15 in chips)
Seat 4: 201088ce ($15.99 in chips)
Seat 5: 24ff2af7 ($10.12 in chips)
Seat 6: Hero ($13.26 in chips)
24ff2af7: posts small blind $0.05
Hero: posts big blind $0.1
*** HOLE CARDS ***
Dealt to 8065de60 
Dealt to 30efc38f 
Dealt to 201088ce 
Dealt to 24ff2af7 
Dealt to Hero [8d 8h]
8065de60: raises $0.15 to $0.25
30efc38f: folds
201088ce: folds
24ff2af7: folds
Hero: calls $0.15
*** FLOP *** [Qs 6d 4s]
Hero: checks
8065de60: bets $0.2
Hero: calls $0.2
*** TURN *** [Qs 6d 4s] [3d]
Hero: checks
8065de60: bets $0.8
Hero: folds
Uncalled bet ($0.8) returned to 8065de60
*** SHOWDOWN ***
8065de60 collected $0.91 from pot
*** SUMMARY ***
Total pot $0.95 | Rake $0.04 | Jackpot $0 | Bingo $0 | Fortune $0 | Tax $0
Board [Qs 6d 4s 3d]
Seat 1: 8065de60 won ($0.91)
Seat 3: 30efc38f folded before Flop (didn't bet)
Seat 4: 201088ce (button) folded before Flop (didn't bet)
Seat 5: 24ff2af7 (small blind) folded before Flop
Seat 6: Hero (big blind) folded on the Turn


Poker Hand #HD1754039172: Hold'em No Limit ($0.05/$0.1) - 2024/05/01 13:00:26
Table 'NLHRed13' 6-max Seat #3 is the button
Seat 1: 8065de60 ($11.59 in chips)
Seat 2: 467e1d4b ($7.12 in chips)
Seat 3: 30efc38f ($10 in chips)
Seat 4: 201088ce ($16.04 in chips)
Seat 5: 24ff2af7 ($10.22 in chips)
Seat 6: Hero ($13.26 in chips)
201088ce: posts small blind $0.05
24ff2af7: posts big blind $0.1
*** HOLE CARDS ***
Dealt to 8065de60 
Dealt to 467e1d4b 
Dealt to 30efc38f 
Dealt to 201088ce 
Dealt to 24ff2af7 
Dealt to Hero [Kh 5s]
Hero: folds
8065de60: folds
467e1d4b: folds
30efc38f: raises $0.13 to $0.23
201088ce: folds
24ff2af7: folds
Uncalled bet ($0.13) returned to 30efc38f
*** SHOWDOWN ***
30efc38f collected $0.25 from pot
*** SUMMARY ***
Total pot $0.25 | Rake $0 | Jackpot $0 | Bingo $0 | Fortune $0 | Tax $0
Seat 1: 8065de60 folded before Flop (didn't bet)
Seat 2: 467e1d4b folded before Flop (didn't bet)
Seat 3: 30efc38f (button) collected ($0.25)
Seat 4: 201088ce (small blind) folded before Flop
Seat 5: 24ff2af7 (big blind) folded before Flop
Seat 6: Hero folded before Flop (didn't bet)


Poker Hand #HD1754039149: Hold'em No Limit ($0.05/$0.1) - 2024/05/01 13:00:15
Table 'NLHRed13' 6-max Seat #2 is the button
Seat 1: 8065de60 ($11.59 in chips)
Seat 2: 467e1d4b ($7.12 in chips)
Seat 3: 30efc38f ($10 in chips)
Seat 4: 201088ce ($15.99 in chips)
Seat 5: 24ff2af7 ($10.22 in chips)
Seat 6: Hero ($13.26 in chips)
30efc38f: posts small blind $0.05
201088ce: posts big blind $0.1
*** HOLE CARDS ***
Dealt to 8065de60 
Dealt to 467e1d4b 
Dealt to 30efc38f 
Dealt to 201088ce 
Dealt to 24ff2af7 
Dealt to Hero [3d 3s]
24ff2af7: folds
Hero: folds
8065de60: folds
467e1d4b: folds
30efc38f: folds
Uncalled bet ($0.05) returned to 201088ce
*** SHOWDOWN ***
201088ce collected $0.1 from pot
*** SUMMARY ***
Total pot $0.1 | Rake $0 | Jackpot $0 | Bingo $0 | Fortune $0 | Tax $0
Seat 1: 8065de60 folded before Flop (didn't bet)
Seat 2: 467e1d4b (button) folded before Flop (didn't bet)
Seat 3: 30efc38f (small blind) folded before Flop
Seat 4: 201088ce (big blind) collected ($0.1)
Seat 5: 24ff2af7 folded before Flop (didn't bet)
Seat 6: Hero folded before Flop (didn't bet)


Poker Hand #HD1754039064: Hold'em No Limit ($0.05/$0.1) - 2024/05/01 12:59:34
Table 'NLHRed13' 6-max Seat #1 is the button
Seat 1: 8065de60 ($11.59 in chips)
Seat 2: 467e1d4b ($7.36 in chips)
Seat 3: 30efc38f ($10 in chips)
Seat 4: 201088ce ($15.99 in chips)
Seat 5: 24ff2af7 ($10.22 in chips)
Seat 6: Hero ($12.81 in chips)
467e1d4b: posts small blind $0.05
30efc38f: posts big blind $0.1
*** HOLE CARDS ***
Dealt to 8065de60 
Dealt to 467e1d4b 
Dealt to 30efc38f 
Dealt to 201088ce 
Dealt to 24ff2af7 
Dealt to Hero [Kh Qh]
201088ce: folds
24ff2af7: folds
Hero: raises $0.14 to $0.24
8065de60: folds
467e1d4b: calls $0.19
30efc38f: calls $0.14
*** FLOP *** [2h Qc 6h]
467e1d4b: checks
30efc38f: checks
Hero: bets $0.48
467e1d4b: folds
30efc38f: folds
Uncalled bet ($0.48) returned to Hero
*** SHOWDOWN ***
Hero collected $0.69 from pot
*** SUMMARY ***
Total pot $0.72 | Rake $0.03 | Jackpot $0 | Bingo $0 | Fortune $0 | Tax $0
Board [2h Qc 6h]
Seat 1: 8065de60 (button) folded before Flop (didn't bet)
Seat 2: 467e1d4b (small blind) folded on the Flop
Seat 3: 30efc38f (big blind) folded on the Flop
Seat 4: 201088ce folded before Flop (didn't bet)
Seat 5: 24ff2af7 folded before Flop (didn't bet)
Seat 6: Hero won ($0.69)


Poker Hand #HD1754038954: Hold'em No Limit ($0.05/$0.1) - 2024/05/01 12:58:41
Table 'NLHRed13' 6-max Seat #6 is the button
Seat 1: 8065de60 ($11.64 in chips)
Seat 2: 467e1d4b ($3.94 in chips)
Seat 3: 30efc38f ($13.23 in chips)
Seat 4: 201088ce ($15.99 in chips)
Seat 5: 24ff2af7 ($10.22 in chips)
Seat 6: Hero ($12.81 in chips)
8065de60: posts small blind $0.05
467e1d4b: posts big blind $0.1
*** HOLE CARDS ***
Dealt to 8065de60 
Dealt to 467e1d4b 
Dealt to 30efc38f 
Dealt to 201088ce 
Dealt to 24ff2af7 
Dealt to Hero [7c Ad]
30efc38f: raises $0.1 to $0.2
201088ce: folds
24ff2af7: folds
Hero: folds
8065de60: folds
467e1d4b: calls $0.1
*** FLOP *** [7s Td Qc]
467e1d4b: checks
30efc38f: bets $0.5
467e1d4b: raises $0.73 to $1.23
30efc38f: raises $4.52 to $5.75
467e1d4b: calls $2.51 and is all-in
Uncalled bet ($2.01) returned to 30efc38f
30efc38f: shows [Qh Kd] (Pair of Queens)
467e1d4b: shows [As Qd] (Pair of Queens)
*** TURN *** [7s Td Qc] [5s]
*** RIVER *** [7s Td Qc 5s] [Ts]
*** SHOWDOWN ***
467e1d4b collected $7.36 from pot
*** SUMMARY ***
Total pot $7.93 | Rake $0.47 | Jackpot $0.1 | Bingo $0 | Fortune $0 | Tax $0
Board [7s Td Qc 5s Ts]
Seat 1: 8065de60 (small blind) folded before Flop
Seat 2: 467e1d4b (big blind) showed [As Qd] and won ($7.36) with Pair of Queens and Pair of Tens
Seat 3: 30efc38f showed [Qh Kd] and lost with Pair of Queens and Pair of Tens
Seat 4: 201088ce folded before Flop (didn't bet)
Seat 5: 24ff2af7 folded before Flop (didn't bet)
Seat 6: Hero (button) folded before Flop (didn't bet)


Poker Hand #HD1754038837: Hold'em No Limit ($0.05/$0.1) - 2024/05/01 12:57:41
Table 'NLHRed13' 6-max Seat #5 is the button
Seat 1: 8065de60 ($13.17 in chips)
Seat 2: 467e1d4b ($3.94 in chips)
Seat 3: 30efc38f ($11.9 in chips)
Seat 4: 201088ce ($15.99 in chips)
Seat 5: 24ff2af7 ($10.22 in chips)
Seat 6: Hero ($12.86 in chips)
Hero: posts small blind $0.05
8065de60: posts big blind $0.1
*** HOLE CARDS ***
Dealt to 8065de60 
Dealt to 467e1d4b 
Dealt to 30efc38f 
Dealt to 201088ce 
Dealt to 24ff2af7 
Dealt to Hero [Th Ks]
467e1d4b: folds
30efc38f: raises $0.1 to $0.2
201088ce: folds
24ff2af7: folds
Hero: folds
8065de60: calls $0.1
*** FLOP *** [6c Ts 5d]
8065de60: checks
30efc38f: bets $0.23
8065de60: calls $0.23
*** TURN *** [6c Ts 5d] [5s]
8065de60: checks
30efc38f: checks
*** RIVER *** [6c Ts 5d 5s] [4d]
8065de60: checks
30efc38f: bets $1.1
8065de60: calls $1.1
30efc38f: shows [6h 6s] (Sixes Full over Fives)
8065de60: shows [Kh Tc] (Pair of Tens and Pair of Fives)
*** SHOWDOWN ***
30efc38f collected $2.86 from pot
*** SUMMARY ***
Total pot $3.11 | Rake $0.15 | Jackpot $0.1 | Bingo $0 | Fortune $0 | Tax $0
Board [6c Ts 5d 5s 4d]
Seat 1: 8065de60 (big blind) showed [Kh Tc] and lost with Pair of Tens and Pair of Fives
Seat 2: 467e1d4b folded before Flop (didn't bet)
Seat 3: 30efc38f showed [6h 6s] and won ($2.86) with Sixes Full over Fives
Seat 4: 201088ce folded before Flop (didn't bet)
Seat 5: 24ff2af7 (button) folded before Flop (didn't bet)
Seat 6: Hero (small blind) folded before Flop


Poker Hand #HD1754038785: Hold'em No Limit ($0.05/$0.1) - 2024/05/01 12:57:19
Table 'NLHRed13' 6-max Seat #4 is the button
Seat 1: 8065de60 ($13.17 in chips)
Seat 2: 467e1d4b ($4.04 in chips)
Seat 3: 30efc38f ($11.66 in chips)
Seat 4: 201088ce ($15.99 in chips)
Seat 5: 24ff2af7 ($10.27 in chips)
Seat 6: Hero ($12.96 in chips)
24ff2af7: posts small blind $0.05
Hero: posts big blind $0.1
*** HOLE CARDS ***
Dealt to 8065de60 
Dealt to 467e1d4b 
Dealt to 30efc38f 
Dealt to 201088ce 
Dealt to 24ff2af7 
Dealt to Hero [8h 5s]
8065de60: folds
467e1d4b: calls $0.1
30efc38f: raises $0.9 to $1
201088ce: folds
24ff2af7: folds
Hero: folds
467e1d4b: folds
Uncalled bet ($0.9) returned to 30efc38f
*** SHOWDOWN ***
30efc38f collected $0.34 from pot
*** SUMMARY ***
Total pot $0.35 | Rake $0.01 | Jackpot $0 | Bingo $0 | Fortune $0 | Tax $0
Seat 1: 8065de60 folded before Flop (didn't bet)
Seat 2: 467e1d4b folded before Flop
Seat 3: 30efc38f collected ($0.34)
Seat 4: 201088ce (button) folded before Flop (didn't bet)
Seat 5: 24ff2af7 (small blind) folded before Flop
Seat 6: Hero (big blind) folded before Flop


Poker Hand #HD1754038664: Hold'em No Limit ($0.05/$0.1) - 2024/05/01 12:56:29
Table 'NLHRed13' 6-max Seat #3 is the button
Seat 1: 8065de60 ($13.64 in chips)
Seat 2: 467e1d4b ($3.48 in chips)
Seat 3: 30efc38f ($11.66 in chips)
Seat 4: 201088ce ($16.04 in chips)
Seat 5: 24ff2af7 ($10.37 in chips)
Seat 6: Hero ($12.96 in chips)
201088ce: posts small blind $0.05
24ff2af7: posts big blind $0.1
*** HOLE CARDS ***
Dealt to 8065de60 
Dealt to 467e1d4b 
Dealt to 30efc38f 
Dealt to 201088ce 
Dealt to 24ff2af7 
Dealt to Hero [Qd 7s]
Hero: folds
8065de60: raises $0.15 to $0.25
467e1d4b: calls $0.25
30efc38f: folds
201088ce: folds
24ff2af7: folds
*** FLOP *** [6d Kd 8h]
8065de60: checks
467e1d4b: checks
*** TURN *** [6d Kd 8h] [4c]
8065de60: checks
467e1d4b: checks
*** RIVER *** [6d Kd 8h 4c] [4d]
8065de60: checks
467e1d4b: bets $0.22
8065de60: calls $0.22
467e1d4b: shows [7d 6s] (Pair of Sixes and Pair of Fours)
8065de60: shows [5h 5s] (Pair of Fives and Pair of Fours)
*** SHOWDOWN ***
467e1d4b collected $1.03 from pot
*** SUMMARY ***
Total pot $1.09 | Rake $0.06 | Jackpot $0 | Bingo $0 | Fortune $0 | Tax $0
Board [6d Kd 8h 4c 4d]
Seat 1: 8065de60 showed [5h 5s] and lost with Pair of Fives and Pair of Fours
Seat 2: 467e1d4b showed [7d 6s] and won ($1.03) with Pair of Sixes and Pair of Fours
Seat 3: 30efc38f (button) folded before Flop (didn't bet)
Seat 4: 201088ce (small blind) folded before Flop
Seat 5: 24ff2af7 (big blind) folded before Flop
Seat 6: Hero folded before Flop (didn't bet)


Poker Hand #HD1754038551: Hold'em No Limit ($0.05/$0.1) - 2024/05/01 12:55:37
Table 'NLHRed13' 6-max Seat #2 is the button
Seat 1: 8065de60 ($13.64 in chips)
Seat 2: 467e1d4b ($3.48 in chips)
Seat 3: 30efc38f ($10.85 in chips)
Seat 4: 201088ce ($16.94 in chips)
Seat 5: 24ff2af7 ($10.37 in chips)
Seat 6: Hero ($12.96 in chips)
30efc38f: posts small blind $0.05
201088ce: posts big blind $0.1
*** HOLE CARDS ***
Dealt to 8065de60 
Dealt to 467e1d4b 
Dealt to 30efc38f 
Dealt to 201088ce 
Dealt to 24ff2af7 
Dealt to Hero [4s Ac]
24ff2af7: folds
Hero: folds
8065de60: folds
467e1d4b: folds
30efc38f: raises $0.2 to $0.3
201088ce: raises $0.6 to $0.9
30efc38f: raises $1.3 to $2.2
201088ce: folds
Uncalled bet ($1.3) returned to 30efc38f
*** SHOWDOWN ***
30efc38f collected $1.71 from pot
*** SUMMARY ***
Total pot $1.8 | Rake $0.09 | Jackpot $0 | Bingo $0 | Fortune $0 | Tax $0
Seat 1: 8065de60 folded before Flop (didn't bet)
Seat 2: 467e1d4b (button) folded before Flop (didn't bet)
Seat 3: 30efc38f (small blind) collected ($1.71)
Seat 4: 201088ce (big blind) folded before Flop
Seat 5: 24ff2af7 folded before Flop (didn't bet)
Seat 6: Hero folded before Flop (didn't bet)


Poker Hand #HD1754038465: Hold'em No Limit ($0.05/$0.1) - 2024/05/01 12:55:03
Table 'NLHRed13' 6-max Seat #1 is the button
Seat 1: 8065de60 ($13.64 in chips)
Seat 2: 467e1d4b ($3.39 in chips)
Seat 3: 30efc38f ($10.95 in chips)
Seat 4: 201088ce ($16.94 in chips)
Seat 5: 24ff2af7 ($10.37 in chips)
Seat 6: Hero ($12.96 in chips)
467e1d4b: posts small blind $0.05
30efc38f: posts big blind $0.1
*** HOLE CARDS ***
Dealt to 8065de60 
Dealt to 467e1d4b 
Dealt to 30efc38f 
Dealt to 201088ce 
Dealt to 24ff2af7 
Dealt to Hero [9d 3s]
201088ce: folds
24ff2af7: folds
Hero: folds
8065de60: folds
467e1d4b: calls $0.05
30efc38f: checks
*** FLOP *** [3c Kc 2c]
467e1d4b: checks
30efc38f: checks
*** TURN *** [3c Kc 2c] [3d]
467e1d4b: checks
30efc38f: checks
*** RIVER *** [3c Kc 2c 3d] [Qh]
467e1d4b: checks
30efc38f: checks
467e1d4b: shows [6h As] (Pair of Treys)
30efc38f: shows [Th 4d] (Pair of Treys)
*** SHOWDOWN ***
467e1d4b collected $0.19 from pot
*** SUMMARY ***
Total pot $0.2 | Rake $0.01 | Jackpot $0 | Bingo $0 | Fortune $0 | Tax $0
Board [3c Kc 2c 3d Qh]
Seat 1: 8065de60 (button) folded before Flop (didn't bet)
Seat 2: 467e1d4b (small blind) showed [6h As] and won ($0.19) with Pair of Treys
Seat 3: 30efc38f (big blind) showed [Th 4d] and lost with Pair of Treys
Seat 4: 201088ce folded before Flop (didn't bet)
Seat 5: 24ff2af7 folded before Flop (didn't bet)
Seat 6: Hero folded before Flop (didn't bet)


Poker Hand #HD1754038432: Hold'em No Limit ($0.05/$0.1) - 2024/05/01 12:54:46
Table 'NLHRed13' 6-max Seat #6 is the button
Seat 1: 8065de60 ($13.54 in chips)
Seat 2: 467e1d4b ($3.49 in chips)
Seat 3: 30efc38f ($10.95 in chips)
Seat 4: 201088ce ($16.94 in chips)
Seat 5: 24ff2af7 ($10.37 in chips)
Seat 6: Hero ($12.96 in chips)
8065de60: posts small blind $0.05
467e1d4b: posts big blind $0.1
*** HOLE CARDS ***
Dealt to 8065de60 
Dealt to 467e1d4b 
Dealt to 30efc38f 
Dealt to 201088ce 
Dealt to 24ff2af7 
Dealt to Hero [5h Th]
30efc38f: folds
201088ce: folds
24ff2af7: folds
Hero: folds
8065de60: raises $0.2 to $0.3
467e1d4b: folds
Uncalled bet ($0.2) returned to 8065de60
*** SHOWDOWN ***
8065de60 collected $0.2 from pot
*** SUMMARY ***
Total pot $0.2 | Rake $0 | Jackpot $0 | Bingo $0 | Fortune $0 | Tax $0
Seat 1: 8065de60 (small blind) collected ($0.2)
Seat 2: 467e1d4b (big blind) folded before Flop
Seat 3: 30efc38f folded before Flop (didn't bet)
Seat 4: 201088ce folded before Flop (didn't bet)
Seat 5: 24ff2af7 folded before Flop (didn't bet)
Seat 6: Hero (button) folded before Flop (didn't bet)


Poker Hand #HD1754038396: Hold'em No Limit ($0.05/$0.1) - 2024/05/01 12:54:28
Table 'NLHRed13' 6-max Seat #5 is the button
Seat 1: 8065de60 ($13.64 in chips)
Seat 2: 467e1d4b ($3.49 in chips)
Seat 3: 30efc38f ($10.95 in chips)
Seat 4: 201088ce ($16.94 in chips)
Seat 5: 24ff2af7 ($10.22 in chips)
Seat 6: Hero ($13.01 in chips)
Hero: posts small blind $0.05
8065de60: posts big blind $0.1
*** HOLE CARDS ***
Dealt to 8065de60 
Dealt to 467e1d4b 
Dealt to 30efc38f 
Dealt to 201088ce 
Dealt to 24ff2af7 
Dealt to Hero [5s 4d]
467e1d4b: folds
30efc38f: folds
201088ce: folds
24ff2af7: raises $0.16 to $0.26
Hero: folds
8065de60: folds
Uncalled bet ($0.16) returned to 24ff2af7
*** SHOWDOWN ***
24ff2af7 collected $0.25 from pot
*** SUMMARY ***
Total pot $0.25 | Rake $0 | Jackpot $0 | Bingo $0 | Fortune $0 | Tax $0
Seat 1: 8065de60 (big blind) folded before Flop
Seat 2: 467e1d4b folded before Flop (didn't bet)
Seat 3: 30efc38f folded before Flop (didn't bet)
Seat 4: 201088ce folded before Flop (didn't bet)
Seat 5: 24ff2af7 (button) collected ($0.25)
Seat 6: Hero (small blind) folded before Flop


Poker Hand #HD1754038307: Hold'em No Limit ($0.05/$0.1) - 2024/05/01 12:53:46
Table 'NLHRed13' 6-max Seat #4 is the button
Seat 1: 8065de60 ($13.64 in chips)
Seat 2: 467e1d4b ($3.89 in chips)
Seat 3: 30efc38f ($10.95 in chips)
Seat 4: 201088ce ($16.94 in chips)
Seat 5: 24ff2af7 ($10.27 in chips)
Seat 6: Hero ($12.6 in chips)
24ff2af7: posts small blind $0.05
Hero: posts big blind $0.1
*** HOLE CARDS ***
Dealt to 8065de60 
Dealt to 467e1d4b 
Dealt to 30efc38f 
Dealt to 201088ce 
Dealt to 24ff2af7 
Dealt to Hero [Ad Qc]
8065de60: folds
467e1d4b: calls $0.1
30efc38f: folds
201088ce: folds
24ff2af7: folds
Hero: raises $0.3 to $0.4
467e1d4b: calls $0.3
*** FLOP *** [3d 6d Ah]
Hero: bets $0.3
467e1d4b: folds
Uncalled bet ($0.3) returned to Hero
*** SHOWDOWN ***
Hero collected $0.81 from pot
*** SUMMARY ***
Total pot $0.85 | Rake $0.04 | Jackpot $0 | Bingo $0 | Fortune $0 | Tax $0
Board [3d 6d Ah]
Seat 1: 8065de60 folded before Flop (didn't bet)
Seat 2: 467e1d4b folded on the Flop
Seat 3: 30efc38f folded before Flop (didn't bet)
Seat 4: 201088ce (button) folded before Flop (didn't bet)
Seat 5: 24ff2af7 (small blind) folded before Flop
Seat 6: Hero (big blind) won ($0.81)


Poker Hand #HD1754038281: Hold'em No Limit ($0.05/$0.1) - 2024/05/01 12:53:34
Table 'NLHRed13' 6-max Seat #3 is the button
Seat 1: 8065de60 ($13.64 in chips)
Seat 2: 467e1d4b ($3.74 in chips)
Seat 3: 30efc38f ($10.95 in chips)
Seat 4: 201088ce ($16.99 in chips)
Seat 5: 24ff2af7 ($10.37 in chips)
Seat 6: Hero ($12.6 in chips)
201088ce: posts small blind $0.05
24ff2af7: posts big blind $0.1
*** HOLE CARDS ***
Dealt to 8065de60 
Dealt to 467e1d4b 
Dealt to 30efc38f 
Dealt to 201088ce 
Dealt to 24ff2af7 
Dealt to Hero [5c 3h]
Hero: folds
8065de60: folds
467e1d4b: raises $0.1 to $0.2
30efc38f: folds
201088ce: folds
24ff2af7: folds
Uncalled bet ($0.1) returned to 467e1d4b
*** SHOWDOWN ***
467e1d4b collected $0.25 from pot
*** SUMMARY ***
Total pot $0.25 | Rake $0 | Jackpot $0 | Bingo $0 | Fortune $0 | Tax $0
Seat 1: 8065de60 folded before Flop (didn't bet)
Seat 2: 467e1d4b collected ($0.25)
Seat 3: 30efc38f (button) folded before Flop (didn't bet)
Seat 4: 201088ce (small blind) folded before Flop
Seat 5: 24ff2af7 (big blind) folded before Flop
Seat 6: Hero folded before Flop (didn't bet)


Poker Hand #HD1754038261: Hold'em No Limit ($0.05/$0.1) - 2024/05/01 12:53:25
Table 'NLHRed13' 6-max Seat #2 is the button
Seat 1: 8065de60 ($13.64 in chips)
Seat 2: 467e1d4b ($3.74 in chips)
Seat 3: 30efc38f ($11 in chips)
Seat 4: 201088ce ($16.94 in chips)
Seat 5: 24ff2af7 ($10.37 in chips)
Seat 6: Hero ($12.6 in chips)
30efc38f: posts small blind $0.05
201088ce: posts big blind $0.1
*** HOLE CARDS ***
Dealt to 8065de60 
Dealt to 467e1d4b 
Dealt to 30efc38f 
Dealt to 201088ce 
Dealt to 24ff2af7 
Dealt to Hero [8s 9h]
24ff2af7: folds
Hero: folds
8065de60: folds
467e1d4b: folds
30efc38f: folds
Uncalled bet ($0.05) returned to 201088ce
*** SHOWDOWN ***
201088ce collected $0.1 from pot
*** SUMMARY ***
Total pot $0.1 | Rake $0 | Jackpot $0 | Bingo $0 | Fortune $0 | Tax $0
Seat 1: 8065de60 folded before Flop (didn't bet)
Seat 2: 467e1d4b (button) folded before Flop (didn't bet)
Seat 3: 30efc38f (small blind) folded before Flop
Seat 4: 201088ce (big blind) collected ($0.1)
Seat 5: 24ff2af7 folded before Flop (didn't bet)
Seat 6: Hero folded before Flop (didn't bet)


Poker Hand #HD1754038163: Hold'em No Limit ($0.05/$0.1) - 2024/05/01 12:52:36
Table 'NLHRed13' 6-max Seat #1 is the button
Seat 1: 8065de60 ($13.64 in chips)
Seat 2: 467e1d4b ($3.98 in chips)
Seat 3: 30efc38f ($11.1 in chips)
Seat 4: 201088ce ($16.94 in chips)
Seat 5: 24ff2af7 ($10.37 in chips)
Seat 6: Hero ($12.28 in chips)
467e1d4b: posts small blind $0.05
30efc38f: posts big blind $0.1
*** HOLE CARDS ***
Dealt to 8065de60 
Dealt to 467e1d4b 
Dealt to 30efc38f 
Dealt to 201088ce 
Dealt to 24ff2af7 
Dealt to Hero [Ac 9c]
201088ce: folds
24ff2af7: folds
Hero: raises $0.14 to $0.24
8065de60: folds
467e1d4b: calls $0.19
30efc38f: folds
*** FLOP *** [7h Ks 5h]
467e1d4b: checks
Hero: checks
*** TURN *** [7h Ks 5h] [Td]
467e1d4b: checks
Hero: checks
*** RIVER *** [7h Ks 5h Td] [3c]
467e1d4b: checks
Hero: checks
467e1d4b: shows [6c 9h] (King-High)
Hero: shows [Ac 9c] (Ace-High)
*** SHOWDOWN ***
Hero collected $0.56 from pot
*** SUMMARY ***
Total pot $0.58 | Rake $0.02 | Jackpot $0 | Bingo $0 | Fortune $0 | Tax $0
Board [7h Ks 5h Td 3c]
Seat 1: 8065de60 (button) folded before Flop (didn't bet)
Seat 2: 467e1d4b (small blind) showed [6c 9h] and lost with King-High
Seat 3: 30efc38f (big blind) folded before Flop
Seat 4: 201088ce folded before Flop (didn't bet)
Seat 5: 24ff2af7 folded before Flop (didn't bet)
Seat 6: Hero showed [Ac 9c] and won ($0.56) with Ace-High


Poker Hand #HD1754038071: Hold'em No Limit ($0.05/$0.1) - 2024/05/01 12:51:50
Table 'NLHRed13' 6-max Seat #6 is the button
Seat 1: 8065de60 ($13.69 in chips)
Seat 2: 467e1d4b ($4.53 in chips)
Seat 3: 30efc38f ($11.1 in chips)
Seat 4: 201088ce ($16.39 in chips)
Seat 5: 24ff2af7 ($10.37 in chips)
Seat 6: Hero ($12.28 in chips)
8065de60: posts small blind $0.05
467e1d4b: posts big blind $0.1
*** HOLE CARDS ***
Dealt to 8065de60 
Dealt to 467e1d4b 
Dealt to 30efc38f 
Dealt to 201088ce 
Dealt to 24ff2af7 
Dealt to Hero [Th 2c]
30efc38f: folds
201088ce: raises $0.15 to $0.25
24ff2af7: folds
Hero: folds
8065de60: folds
467e1d4b: calls $0.15
*** FLOP *** [8h Jh 2s]
467e1d4b: checks
201088ce: checks
*** TURN *** [8h Jh 2s] [6h]
467e1d4b: checks
201088ce: bets $0.3
467e1d4b: calls $0.3
*** RIVER *** [8h Jh 2s 6h] [Qc]
467e1d4b: checks
201088ce: checks
467e1d4b: shows [5c Kh] (King-High)
201088ce: shows [9c Ac] (Ace-High)
*** SHOWDOWN ***
201088ce collected $1.1 from pot
*** SUMMARY ***
Total pot $1.15 | Rake $0.05 | Jackpot $0 | Bingo $0 | Fortune $0 | Tax $0
Board [8h Jh 2s 6h Qc]
Seat 1: 8065de60 (small blind) folded before Flop
Seat 2: 467e1d4b (big blind) showed [5c Kh] and lost with King-High
Seat 3: 30efc38f folded before Flop (didn't bet)
Seat 4: 201088ce showed [9c Ac] and won ($1.1) with Ace-High
Seat 5: 24ff2af7 folded before Flop (didn't bet)
Seat 6: Hero (button) folded before Flop (didn't bet)


Poker Hand #HD1754038047: Hold'em No Limit ($0.05/$0.1) - 2024/05/01 12:51:34
Table 'NLHRed13' 6-max Seat #5 is the button
Seat 1: 8065de60 ($13.64 in chips)
Seat 2: 467e1d4b ($4.53 in chips)
Seat 3: 30efc38f ($11.1 in chips)
Seat 4: 201088ce ($16.39 in chips)
Seat 5: 24ff2af7 ($10.37 in chips)
Seat 6: Hero ($12.33 in chips)
Hero: posts small blind $0.05
8065de60: posts big blind $0.1
*** HOLE CARDS ***
Dealt to 8065de60 
Dealt to 467e1d4b 
Dealt to 30efc38f 
Dealt to 201088ce 
Dealt to 24ff2af7 
Dealt to Hero [5s 4d]
467e1d4b: folds
30efc38f: folds
201088ce: folds
24ff2af7: folds
Hero: folds
Uncalled bet ($0.05) returned to 8065de60
*** SHOWDOWN ***
8065de60 collected $0.1 from pot
*** SUMMARY ***
Total pot $0.1 | Rake $0 | Jackpot $0 | Bingo $0 | Fortune $0 | Tax $0
Seat 1: 8065de60 (big blind) collected ($0.1)
Seat 2: 467e1d4b folded before Flop (didn't bet)
Seat 3: 30efc38f folded before Flop (didn't bet)
Seat 4: 201088ce folded before Flop (didn't bet)
Seat 5: 24ff2af7 (button) folded before Flop (didn't bet)
Seat 6: Hero (small blind) folded before Flop


Poker Hand #HD1754037972: Hold'em No Limit ($0.05/$0.1) - 2024/05/01 12:51:01
Table 'NLHRed13' 6-max Seat #4 is the button
Seat 1: 8065de60 ($13.64 in chips)
Seat 2: 467e1d4b ($5.53 in chips)
Seat 3: 30efc38f ($10.05 in chips)
Seat 4: 201088ce ($16.39 in chips)
Seat 5: 24ff2af7 ($10.42 in chips)
Seat 6: Hero ($12.43 in chips)
24ff2af7: posts small blind $0.05
Hero: posts big blind $0.1
*** HOLE CARDS ***
Dealt to 8065de60 
Dealt to 467e1d4b 
Dealt to 30efc38f 
Dealt to 201088ce 
Dealt to 24ff2af7 
Dealt to Hero [9s 5d]
8065de60: folds
467e1d4b: calls $0.1
30efc38f: raises $0.9 to $1
201088ce: folds
24ff2af7: folds
Hero: folds
467e1d4b: calls $0.9
*** FLOP *** [Ts 7h Kd]
467e1d4b: checks
30efc38f: bets $1.3
467e1d4b: folds
Uncalled bet ($1.3) returned to 30efc38f
*** SHOWDOWN ***
30efc38f collected $2.05 from pot
*** SUMMARY ***
Total pot $2.15 | Rake $0.1 | Jackpot $0 | Bingo $0 | Fortune $0 | Tax $0
Board [Ts 7h Kd]
Seat 1: 8065de60 folded before Flop (didn't bet)
Seat 2: 467e1d4b folded on the Flop
Seat 3: 30efc38f won ($2.05)
Seat 4: 201088ce (button) folded before Flop (didn't bet)
Seat 5: 24ff2af7 (small blind) folded before Flop
Seat 6: Hero (big blind) folded before Flop


Poker Hand #HD1754037905: Hold'em No Limit ($0.05/$0.1) - 2024/05/01 12:50:29
Table 'NLHRed13' 6-max Seat #3 is the button
Seat 1: 8065de60 ($13.64 in chips)
Seat 2: 467e1d4b ($5.73 in chips)
Seat 3: 30efc38f ($10.05 in chips)
Seat 4: 201088ce ($16.44 in chips)
Seat 5: 24ff2af7 ($10 in chips)
Seat 6: Hero ($12.63 in chips)
201088ce: posts small blind $0.05
24ff2af7: posts big blind $0.1
*** HOLE CARDS ***
Dealt to 8065de60 
Dealt to 467e1d4b 
Dealt to 30efc38f 
Dealt to 201088ce 
Dealt to 24ff2af7 
Dealt to Hero [Jc Kh]
Hero: raises $0.1 to $0.2
8065de60: folds
467e1d4b: calls $0.2
30efc38f: folds
201088ce: folds
24ff2af7: calls $0.1
*** FLOP *** [9c 4s 9h]
24ff2af7: checks
Hero: checks
467e1d4b: checks
*** TURN *** [9c 4s 9h] [3h]
24ff2af7: bets $0.22
Hero: folds
467e1d4b: folds
Uncalled bet ($0.22) returned to 24ff2af7
*** SHOWDOWN ***
24ff2af7 collected $0.62 from pot
*** SUMMARY ***
Total pot $0.65 | Rake $0.03 | Jackpot $0 | Bingo $0 | Fortune $0 | Tax $0
Board [9c 4s 9h 3h]
Seat 1: 8065de60 folded before Flop (didn't bet)
Seat 2: 467e1d4b folded on the Turn
Seat 3: 30efc38f (button) folded before Flop (didn't bet)
Seat 4: 201088ce (small blind) folded before Flop
Seat 5: 24ff2af7 (big blind) won ($0.62)
Seat 6: Hero folded on the Turn


Poker Hand #HD1754037828: Hold'em No Limit ($0.05/$0.1) - 2024/05/01 12:49:54
Table 'NLHRed13' 6-max Seat #2 is the button
Seat 1: 8065de60 ($13.89 in chips)
Seat 2: 467e1d4b ($5.73 in chips)
Seat 3: 30efc38f ($10.1 in chips)
Seat 4: 201088ce ($16.16 in chips)
Seat 5: 24ff2af7 ($10 in chips)
Seat 6: Hero ($12.63 in chips)
30efc38f: posts small blind $0.05
201088ce: posts big blind $0.1
*** HOLE CARDS ***
Dealt to 8065de60 
Dealt to 467e1d4b 
Dealt to 30efc38f 
Dealt to 201088ce 
Dealt to 24ff2af7 
Dealt to Hero [7c 9h]
24ff2af7: folds
Hero: folds
8065de60: raises $0.15 to $0.25
467e1d4b: folds
30efc38f: folds
201088ce: calls $0.15
*** FLOP *** [4h Qd Qc]
201088ce: checks
8065de60: checks
*** TURN *** [4h Qd Qc] [8s]
201088ce: bets $0.3
8065de60: folds
Uncalled bet ($0.3) returned to 201088ce
*** SHOWDOWN ***
201088ce collected $0.53 from pot
*** SUMMARY ***
Total pot $0.55 | Rake $0.02 | Jackpot $0 | Bingo $0 | Fortune $0 | Tax $0
Board [4h Qd Qc 8s]
Seat 1: 8065de60 folded on the Turn
Seat 2: 467e1d4b (button) folded before Flop (didn't bet)
Seat 3: 30efc38f (small blind) folded before Flop
Seat 4: 201088ce (big blind) won ($0.53)
Seat 5: 24ff2af7 folded before Flop (didn't bet)
Seat 6: Hero folded before Flop (didn't bet)


Poker Hand #HD1754037733: Hold'em No Limit ($0.05/$0.1) - 2024/05/01 12:49:03
Table 'NLHRed13' 6-max Seat #1 is the button
Seat 1: 8065de60 ($13.89 in chips)
Seat 2: 467e1d4b ($5.11 in chips)
Seat 3: 30efc38f ($10.34 in chips)
Seat 4: 201088ce ($16.16 in chips)
Seat 5: 24ff2af7 ($10 in chips)
Seat 6: Hero ($13.07 in chips)
467e1d4b: posts small blind $0.05
30efc38f: posts big blind $0.1
*** HOLE CARDS ***
Dealt to 8065de60 
Dealt to 467e1d4b 
Dealt to 30efc38f 
Dealt to 201088ce 
Dealt to 24ff2af7 
Dealt to Hero [Qh 7h]
201088ce: folds
24ff2af7: folds
Hero: raises $0.14 to $0.24
8065de60: folds
467e1d4b: calls $0.19
30efc38f: calls $0.14
*** FLOP *** [9s Kc 6h]
467e1d4b: checks
30efc38f: checks
Hero: checks
*** TURN *** [9s Kc 6h] [6c]
467e1d4b: checks
30efc38f: checks
Hero: bets $0.2
467e1d4b: calls $0.2
30efc38f: folds
*** RIVER *** [9s Kc 6h 6c] [7s]
467e1d4b: bets $1.12
Hero: folds
Uncalled bet ($1.12) returned to 467e1d4b
*** SHOWDOWN ***
467e1d4b collected $1.06 from pot
*** SUMMARY ***
Total pot $1.12 | Rake $0.06 | Jackpot $0 | Bingo $0 | Fortune $0 | Tax $0
Board [9s Kc 6h 6c 7s]
Seat 1: 8065de60 (button) folded before Flop (didn't bet)
Seat 2: 467e1d4b (small blind) won ($1.06)
Seat 3: 30efc38f (big blind) folded on the Turn
Seat 4: 201088ce folded before Flop (didn't bet)
Seat 5: 24ff2af7 folded before Flop (didn't bet)
Seat 6: Hero folded on the River


Poker Hand #HD1754037678: Hold'em No Limit ($0.05/$0.1) - 2024/05/01 12:48:46
Table 'NLHRed13' 6-max Seat #6 is the button
Seat 1: 8065de60 ($13.94 in chips)
Seat 2: 467e1d4b ($5.06 in chips)
Seat 3: 30efc38f ($10.34 in chips)
Seat 4: 201088ce ($16.16 in chips)
Seat 5: 24ff2af7 ($10 in chips)
Seat 6: Hero ($13.07 in chips)
8065de60: posts small blind $0.05
467e1d4b: posts big blind $0.1
*** HOLE CARDS ***
Dealt to 8065de60 
Dealt to 467e1d4b 
Dealt to 30efc38f 
Dealt to 201088ce 
Dealt to 24ff2af7 
Dealt to Hero [4d As]
30efc38f: folds
201088ce: folds
24ff2af7: folds
Hero: folds
8065de60: folds
Uncalled bet ($0.05) returned to 467e1d4b
*** SHOWDOWN ***
467e1d4b collected $0.1 from pot
*** SUMMARY ***
Total pot $0.1 | Rake $0 | Jackpot $0 | Bingo $0 | Fortune $0 | Tax $0
Seat 1: 8065de60 (small blind) folded before Flop
Seat 2: 467e1d4b (big blind) collected ($0.1)
Seat 3: 30efc38f folded before Flop (didn't bet)
Seat 4: 201088ce folded before Flop (didn't bet)
Seat 5: 24ff2af7 folded before Flop (didn't bet)
Seat 6: Hero (button) folded before Flop (didn't bet)


Poker Hand #HD1754037636: Hold'em No Limit ($0.05/$0.1) - 2024/05/01 12:48:21
Table 'NLHRed13' 6-max Seat #5 is the button
Seat 1: 8065de60 ($14.04 in chips)
Seat 2: 467e1d4b ($5.16 in chips)
Seat 3: 30efc38f ($10.1 in chips)
Seat 4: 201088ce ($16.16 in chips)
Seat 5: 24ff2af7 ($10 in chips)
Seat 6: Hero ($13.12 in chips)
Hero: posts small blind $0.05
8065de60: posts big blind $0.1
*** HOLE CARDS ***
Dealt to 8065de60 
Dealt to 467e1d4b 
Dealt to 30efc38f 
Dealt to 201088ce 
Dealt to 24ff2af7 
Dealt to Hero [Ah Jd]
467e1d4b: calls $0.1
30efc38f: raises $0.9 to $1
201088ce: folds
24ff2af7: folds
Hero: folds
8065de60: folds
467e1d4b: folds
Uncalled bet ($0.9) returned to 30efc38f
*** SHOWDOWN ***
30efc38f collected $0.34 from pot
*** SUMMARY ***
Total pot $0.35 | Rake $0.01 | Jackpot $0 | Bingo $0 | Fortune $0 | Tax $0
Seat 1: 8065de60 (big blind) folded before Flop
Seat 2: 467e1d4b folded before Flop
Seat 3: 30efc38f collected ($0.34)
Seat 4: 201088ce folded before Flop (didn't bet)
Seat 5: 24ff2af7 (button) folded before Flop (didn't bet)
Seat 6: Hero (small blind) folded before Flop


Poker Hand #HD1754037608: Hold'em No Limit ($0.05/$0.1) - 2024/05/01 12:48:08
Table 'NLHRed13' 6-max Seat #4 is the button
Seat 1: 8065de60 ($14.04 in chips)
Seat 2: 467e1d4b ($5.16 in chips)
Seat 3: 30efc38f ($10.1 in chips)
Seat 4: 201088ce ($16.16 in chips)
Seat 5: 24ff2af7 ($10 in chips)
Seat 6: Hero ($13.07 in chips)
24ff2af7: posts small blind $0.05
Hero: posts big blind $0.1
*** HOLE CARDS ***
Dealt to 8065de60 
Dealt to 467e1d4b 
Dealt to 30efc38f 
Dealt to 201088ce 
Dealt to 24ff2af7 
Dealt to Hero [As Jh]
8065de60: folds
467e1d4b: folds
30efc38f: folds
201088ce: folds
24ff2af7: folds
Uncalled bet ($0.05) returned to Hero
*** SHOWDOWN ***
Hero collected $0.1 from pot
*** SUMMARY ***
Total pot $0.1 | Rake $0 | Jackpot $0 | Bingo $0 | Fortune $0 | Tax $0
Seat 1: 8065de60 folded before Flop (didn't bet)
Seat 2: 467e1d4b folded before Flop (didn't bet)
Seat 3: 30efc38f folded before Flop (didn't bet)
Seat 4: 201088ce (button) folded before Flop (didn't bet)
Seat 5: 24ff2af7 (small blind) folded before Flop
Seat 6: Hero (big blind) collected ($0.1)


Poker Hand #HD1754037568: Hold'em No Limit ($0.05/$0.1) - 2024/05/01 12:47:50
Table 'NLHRed13' 6-max Seat #3 is the button
Seat 1: 8065de60 ($13.89 in chips)
Seat 2: 467e1d4b ($5.16 in chips)
Seat 3: 30efc38f ($10.1 in chips)
Seat 4: 201088ce ($16.21 in chips)
Seat 5: 24ff2af7 ($10 in chips)
Seat 6: Hero ($13.07 in chips)
201088ce: posts small blind $0.05
24ff2af7: posts big blind $0.1
*** HOLE CARDS ***
Dealt to 8065de60 
Dealt to 467e1d4b 
Dealt to 30efc38f 
Dealt to 201088ce 
Dealt to 24ff2af7 
Dealt to Hero [Qh 2h]
Hero: folds
8065de60: raises $0.15 to $0.25
467e1d4b: folds
30efc38f: folds
201088ce: folds
24ff2af7: folds
Uncalled bet ($0.15) returned to 8065de60
*** SHOWDOWN ***
8065de60 collected $0.25 from pot
*** SUMMARY ***
Total pot $0.25 | Rake $0 | Jackpot $0 | Bingo $0 | Fortune $0 | Tax $0
Seat 1: 8065de60 collected ($0.25)
Seat 2: 467e1d4b folded before Flop (didn't bet)
Seat 3: 30efc38f (button) folded before Flop (didn't bet)
Seat 4: 201088ce (small blind) folded before Flop
Seat 5: 24ff2af7 (big blind) folded before Flop
Seat 6: Hero folded before Flop (didn't bet)


Poker Hand #HD1754037531: Hold'em No Limit ($0.05/$0.1) - 2024/05/01 12:47:35
Table 'NLHRed13' 6-max Seat #2 is the button
Seat 1: 8065de60 ($13.89 in chips)
Seat 2: 467e1d4b ($5.16 in chips)
Seat 3: 30efc38f ($10 in chips)
Seat 4: 201088ce ($16.31 in chips)
Seat 5: 24ff2af7 ($10 in chips)
Seat 6: Hero ($13.07 in chips)
30efc38f: posts small blind $0.05
201088ce: posts big blind $0.1
*** HOLE CARDS ***
Dealt to 8065de60 
Dealt to 467e1d4b 
Dealt to 30efc38f 
Dealt to 201088ce 
Dealt to 24ff2af7 
Dealt to Hero [As 2s]
24ff2af7: folds
Hero: folds
8065de60: folds
467e1d4b: folds
30efc38f: raises $0.2 to $0.3
201088ce: folds
Uncalled bet ($0.2) returned to 30efc38f
*** SHOWDOWN ***
30efc38f collected $0.2 from pot
*** SUMMARY ***
Total pot $0.2 | Rake $0 | Jackpot $0 | Bingo $0 | Fortune $0 | Tax $0
Seat 1: 8065de60 folded before Flop (didn't bet)
Seat 2: 467e1d4b (button) folded before Flop (didn't bet)
Seat 3: 30efc38f (small blind) collected ($0.2)
Seat 4: 201088ce (big blind) folded before Flop
Seat 5: 24ff2af7 folded before Flop (didn't bet)
Seat 6: Hero folded before Flop (didn't bet)


Poker Hand #HD1754037451: Hold'em No Limit ($0.05/$0.1) - 2024/05/01 12:46:53
Table 'NLHRed13' 6-max Seat #1 is the button
Seat 1: 8065de60 ($13.89 in chips)
Seat 2: 467e1d4b ($4.85 in chips)
Seat 3: 30efc38f ($10 in chips)
Seat 4: 201088ce ($16.31 in chips)
Seat 5: 24ff2af7 ($10 in chips)
Seat 6: Hero ($13.31 in chips)
467e1d4b: posts small blind $0.05
30efc38f: posts big blind $0.1
*** HOLE CARDS ***
Dealt to 8065de60 
Dealt to 467e1d4b 
Dealt to 30efc38f 
Dealt to 201088ce 
Dealt to 24ff2af7 
Dealt to Hero [As 9c]
201088ce: folds
24ff2af7: folds
Hero: raises $0.14 to $0.24
8065de60: folds
467e1d4b: calls $0.19
30efc38f: folds
*** FLOP *** [Qd 8c Qs]
467e1d4b: checks
Hero: checks
*** TURN *** [Qd 8c Qs] [4c]
467e1d4b: checks
Hero: checks
*** RIVER *** [Qd 8c Qs 4c] [3h]
467e1d4b: checks
Hero: checks
467e1d4b: shows [Th Qh] (Three Queens)
Hero: shows [As 9c] (Pair of Queens)
*** SHOWDOWN ***
467e1d4b collected $0.55 from pot
*** SUMMARY ***
Total pot $0.58 | Rake $0.03 | Jackpot $0 | Bingo $0 | Fortune $0 | Tax $0
Board [Qd 8c Qs 4c 3h]
Seat 1: 8065de60 (button) folded before Flop (didn't bet)
Seat 2: 467e1d4b (small blind) showed [Th Qh] and won ($0.55) with Three Queens
Seat 3: 30efc38f (big blind) folded before Flop
Seat 4: 201088ce folded before Flop (didn't bet)
Seat 5: 24ff2af7 folded before Flop (didn't bet)
Seat 6: Hero showed [As 9c] and lost with Pair of Queens


Poker Hand #HD1754037353: Hold'em No Limit ($0.05/$0.1) - 2024/05/01 12:46:08
Table 'NLHRed13' 6-max Seat #6 is the button
Seat 1: 8065de60 ($13.94 in chips)
Seat 2: 467e1d4b ($4.12 in chips)
Seat 3: 30efc38f ($10 in chips)
Seat 4: 201088ce ($16.31 in chips)
Seat 5: 24ff2af7 ($10 in chips)
Seat 6: Hero ($14.08 in chips)
8065de60: posts small blind $0.05
467e1d4b: posts big blind $0.1
*** HOLE CARDS ***
Dealt to 8065de60 
Dealt to 467e1d4b 
Dealt to 30efc38f 
Dealt to 201088ce 
Dealt to 24ff2af7 
Dealt to Hero [Jc 9c]
30efc38f: folds
201088ce: folds
24ff2af7: folds
Hero: raises $0.14 to $0.24
8065de60: folds
467e1d4b: calls $0.14
*** FLOP *** [4c 3h 6c]
467e1d4b: bets $0.53
Hero: calls $0.53
*** TURN *** [4c 3h 6c] [7h]
467e1d4b: bets $1.59
Hero: folds
Uncalled bet ($1.59) returned to 467e1d4b
*** SHOWDOWN ***
467e1d4b collected $1.5 from pot
*** SUMMARY ***
Total pot $1.59 | Rake $0.09 | Jackpot $0 | Bingo $0 | Fortune $0 | Tax $0
Board [4c 3h 6c 7h]
Seat 1: 8065de60 (small blind) folded before Flop
Seat 2: 467e1d4b (big blind) won ($1.5)
Seat 3: 30efc38f folded before Flop (didn't bet)
Seat 4: 201088ce folded before Flop (didn't bet)
Seat 5: 24ff2af7 folded before Flop (didn't bet)
Seat 6: Hero (button) folded on the Turn


Poker Hand #HD1754037288: Hold'em No Limit ($0.05/$0.1) - 2024/05/01 12:45:44
Table 'NLHRed13' 6-max Seat #5 is the button
Seat 1: 8065de60 ($14.04 in chips)
Seat 2: 467e1d4b ($4.12 in chips)
Seat 3: 30efc38f ($10 in chips)
Seat 4: 201088ce ($16.16 in chips)
Seat 5: 24ff2af7 ($10 in chips)
Seat 6: Hero ($14.13 in chips)
Hero: posts small blind $0.05
8065de60: posts big blind $0.1
*** HOLE CARDS ***
Dealt to 8065de60 
Dealt to 467e1d4b 
Dealt to 30efc38f 
Dealt to 201088ce 
Dealt to 24ff2af7 
Dealt to Hero [Ad 4s]
467e1d4b: folds
30efc38f: folds
201088ce: raises $0.15 to $0.25
24ff2af7: folds
Hero: folds
8065de60: folds
Uncalled bet ($0.15) returned to 201088ce
*** SHOWDOWN ***
201088ce collected $0.25 from pot
*** SUMMARY ***
Total pot $0.25 | Rake $0 | Jackpot $0 | Bingo $0 | Fortune $0 | Tax $0
Seat 1: 8065de60 (big blind) folded before Flop
Seat 2: 467e1d4b folded before Flop (didn't bet)
Seat 3: 30efc38f folded before Flop (didn't bet)
Seat 4: 201088ce collected ($0.25)
Seat 5: 24ff2af7 (button) folded before Flop (didn't bet)
Seat 6: Hero (small blind) folded before Flop


Poker Hand #HD1754037237: Hold'em No Limit ($0.05/$0.1) - 2024/05/01 12:45:18
Table 'NLHRed13' 6-max Seat #4 is the button
Seat 1: 8065de60 ($14.04 in chips)
Seat 2: 467e1d4b ($4.12 in chips)
Seat 3: 30efc38f ($10.1 in chips)
Seat 4: 201088ce ($15.81 in chips)
Seat 5: 24ff2af7 ($10 in chips)
Seat 6: Hero ($14.23 in chips)
24ff2af7: posts small blind $0.05
Hero: posts big blind $0.1
*** HOLE CARDS ***
Dealt to 8065de60 
Dealt to 467e1d4b 
Dealt to 30efc38f 
Dealt to 201088ce 
Dealt to 24ff2af7 
Dealt to Hero [6s 8c]
8065de60: folds
467e1d4b: folds
30efc38f: raises $0.13 to $0.23
201088ce: raises $0.52 to $0.75
24ff2af7: folds
Hero: folds
30efc38f: folds
Uncalled bet ($0.52) returned to 201088ce
*** SHOWDOWN ***
201088ce collected $0.58 from pot
*** SUMMARY ***
Total pot $0.61 | Rake $0.03 | Jackpot $0 | Bingo $0 | Fortune $0 | Tax $0
Seat 1: 8065de60 folded before Flop (didn't bet)
Seat 2: 467e1d4b folded before Flop (didn't bet)
Seat 3: 30efc38f folded before Flop
Seat 4: 201088ce (button) collected ($0.58)
Seat 5: 24ff2af7 (small blind) folded before Flop
Seat 6: Hero (big blind) folded before Flop


Poker Hand #HD1754037105: Hold'em No Limit ($0.05/$0.1) - 2024/05/01 12:44:13
Table 'NLHRed13' 6-max Seat #3 is the button
Seat 1: 8065de60 ($14.04 in chips)
Seat 2: 467e1d4b ($3.13 in chips)
Seat 3: 30efc38f ($10.1 in chips)
Seat 4: 201088ce ($16.82 in chips)
Seat 5: 24ff2af7 ($10 in chips)
Seat 6: Hero ($14.23 in chips)
201088ce: posts small blind $0.05
24ff2af7: posts big blind $0.1
*** HOLE CARDS ***
Dealt to 8065de60 
Dealt to 467e1d4b 
Dealt to 30efc38f 
Dealt to 201088ce 
Dealt to 24ff2af7 
Dealt to Hero [Qh 2c]
Hero: folds
8065de60: folds
467e1d4b: calls $0.1
30efc38f: folds
201088ce: raises $0.45 to $0.55
24ff2af7: folds
467e1d4b: calls $0.45
*** FLOP *** [Js 9s Ks]
201088ce: bets $0.46
467e1d4b: calls $0.46
*** TURN *** [Js 9s Ks] [Kc]
201088ce: checks
467e1d4b: checks
*** RIVER *** [Js 9s Ks Kc] [8h]
201088ce: checks
467e1d4b: checks
201088ce: shows [Ad Qs] (Pair of Kings)
467e1d4b: shows [Jd Tc] (Pair of Kings and Pair of Jacks)
*** SHOWDOWN ***
467e1d4b collected $2 from pot
*** SUMMARY ***
Total pot $2.12 | Rake $0.12 | Jackpot $0 | Bingo $0 | Fortune $0 | Tax $0
Board [Js 9s Ks Kc 8h]
Seat 1: 8065de60 folded before Flop (didn't bet)
Seat 2: 467e1d4b showed [Jd Tc] and won ($2) with Pair of Kings and Pair of Jacks
Seat 3: 30efc38f (button) folded before Flop (didn't bet)
Seat 4: 201088ce (small blind) showed [Ad Qs] and lost with Pair of Kings
Seat 5: 24ff2af7 (big blind) folded before Flop
Seat 6: Hero folded before Flop (didn't bet)


Poker Hand #HD1754037017: Hold'em No Limit ($0.05/$0.1) - 2024/05/01 12:43:31
Table 'NLHRed13' 6-max Seat #2 is the button
Seat 1: 8065de60 ($14.04 in chips)
Seat 2: 467e1d4b ($3.23 in chips)
Seat 3: 30efc38f ($10.2 in chips)
Seat 4: 201088ce ($16.63 in chips)
Seat 5: 24ff2af7 ($10 in chips)
Seat 6: Hero ($14.23 in chips)
30efc38f: posts small blind $0.05
201088ce: posts big blind $0.1
*** HOLE CARDS ***
Dealt to 8065de60 
Dealt to 467e1d4b 
Dealt to 30efc38f 
Dealt to 201088ce 
Dealt to 24ff2af7 
Dealt to Hero [5c 9d]
24ff2af7: folds
Hero: folds
8065de60: folds
467e1d4b: calls $0.1
30efc38f: calls $0.05
201088ce: checks
*** FLOP *** [Ks 3c Jc]
30efc38f: checks
201088ce: checks
467e1d4b: checks
*** TURN *** [Ks 3c Jc] [Qh]
30efc38f: checks
201088ce: checks
467e1d4b: checks
*** RIVER *** [Ks 3c Jc Qh] [6s]
30efc38f: checks
201088ce: checks
467e1d4b: checks
30efc38f: shows [As 7d] (Ace-High)
201088ce: shows [6d 3s] (Pair of Sixes and Pair of Treys)
467e1d4b: shows [Ad 5h] (Ace-High)
*** SHOWDOWN ***
201088ce collected $0.29 from pot
*** SUMMARY ***
Total pot $0.3 | Rake $0.01 | Jackpot $0 | Bingo $0 | Fortune $0 | Tax $0
Board [Ks 3c Jc Qh 6s]
Seat 1: 8065de60 folded before Flop (didn't bet)
Seat 2: 467e1d4b (button) showed [Ad 5h] and lost with Ace-High
Seat 3: 30efc38f (small blind) showed [As 7d] and lost with Ace-High
Seat 4: 201088ce (big blind) showed [6d 3s] and won ($0.29) with Pair of Sixes and Pair of Treys
Seat 5: 24ff2af7 folded before Flop (didn't bet)
Seat 6: Hero folded before Flop (didn't bet)


Poker Hand #HD1754036895: Hold'em No Limit ($0.05/$0.1) - 2024/05/01 12:42:32
Table 'NLHRed13' 6-max Seat #1 is the button
Seat 1: 8065de60 ($14.04 in chips)
Seat 2: 467e1d4b ($3.91 in chips)
Seat 3: 30efc38f ($10.3 in chips)
Seat 4: 201088ce ($15.92 in chips)
Seat 5: 24ff2af7 ($10 in chips)
Seat 6: Hero ($14.23 in chips)
467e1d4b: posts small blind $0.05
30efc38f: posts big blind $0.1
*** HOLE CARDS ***
Dealt to 8065de60 
Dealt to 467e1d4b 
Dealt to 30efc38f 
Dealt to 201088ce 
Dealt to 24ff2af7 
Dealt to Hero [Th 6d]
201088ce: raises $0.2 to $0.3
24ff2af7: folds
Hero: folds
8065de60: folds
467e1d4b: calls $0.25
30efc38f: folds
*** FLOP *** [Kd 9d 8d]
467e1d4b: checks
201088ce: bets $0.38
467e1d4b: calls $0.38
*** TURN *** [Kd 9d 8d] [9c]
467e1d4b: checks
201088ce: checks
*** RIVER *** [Kd 9d 8d 9c] [As]
467e1d4b: checks
201088ce: checks
467e1d4b: shows [Qc Td] (Pair of Nines)
201088ce: shows [Kc Qs] (Pair of Kings and Pair of Nines)
*** SHOWDOWN ***
201088ce collected $1.39 from pot
*** SUMMARY ***
Total pot $1.46 | Rake $0.07 | Jackpot $0 | Bingo $0 | Fortune $0 | Tax $0
Board [Kd 9d 8d 9c As]
Seat 1: 8065de60 (button) folded before Flop (didn't bet)
Seat 2: 467e1d4b (small blind) showed [Qc Td] and lost with Pair of Nines
Seat 3: 30efc38f (big blind) folded before Flop
Seat 4: 201088ce showed [Kc Qs] and won ($1.39) with Pair of Kings and Pair of Nines
Seat 5: 24ff2af7 folded before Flop (didn't bet)
Seat 6: Hero folded before Flop (didn't bet)


Poker Hand #HD1754036776: Hold'em No Limit ($0.05/$0.1) - 2024/05/01 12:41:32
Table 'NLHRed13' 6-max Seat #6 is the button
Seat 1: 8065de60 ($16.04 in chips)
Seat 2: 467e1d4b ($2 in chips)
Seat 3: 30efc38f ($10.3 in chips)
Seat 4: 201088ce ($16.17 in chips)
Seat 5: 24ff2af7 ($10 in chips)
Seat 6: Hero ($14.23 in chips)
8065de60: posts small blind $0.05
467e1d4b: posts big blind $0.1
*** HOLE CARDS ***
Dealt to 8065de60 
Dealt to 467e1d4b 
Dealt to 30efc38f 
Dealt to 201088ce 
Dealt to 24ff2af7 
Dealt to Hero [2s Jh]
30efc38f: folds
201088ce: raises $0.15 to $0.25
24ff2af7: folds
Hero: folds
8065de60: raises $0.6 to $0.85
467e1d4b: calls $0.75
201088ce: folds
*** FLOP *** [Ac Ad 9s]
8065de60: checks
467e1d4b: checks
*** TURN *** [Ac Ad 9s] [Kc]
8065de60: checks
467e1d4b: bets $1.15 and is all-in
8065de60: calls $1.15
467e1d4b: shows [8c As] (Three Aces)
8065de60: shows [Jc Js] (Pair of Aces and Pair of Jacks)
*** RIVER *** [Ac Ad 9s Kc] [4h]
*** SHOWDOWN ***
467e1d4b collected $3.91 from pot
*** SUMMARY ***
Total pot $4.25 | Rake $0.24 | Jackpot $0.1 | Bingo $0 | Fortune $0 | Tax $0
Board [Ac Ad 9s Kc 4h]
Seat 1: 8065de60 (small blind) showed [Jc Js] and lost with Pair of Aces and Pair of Jacks
Seat 2: 467e1d4b (big blind) showed [8c As] and won ($3.91) with Three Aces
Seat 3: 30efc38f folded before Flop (didn't bet)
Seat 4: 201088ce folded before Flop
Seat 5: 24ff2af7 folded before Flop (didn't bet)
Seat 6: Hero (button) folded before Flop (didn't bet)


Poker Hand #HD1754036717: Hold'em No Limit ($0.05/$0.1) - 2024/05/01 12:41:05
Table 'NLHRed13' 6-max Seat #5 is the button
Seat 1: 8065de60 ($16.14 in chips)
Seat 2: 467e1d4b ($2 in chips)
Seat 3: 30efc38f ($10.15 in chips)
Seat 4: 201088ce ($16.17 in chips)
Seat 5: 24ff2af7 ($10 in chips)
Seat 6: Hero ($14.28 in chips)
Hero: posts small blind $0.05
8065de60: posts big blind $0.1
*** HOLE CARDS ***
Dealt to 8065de60 
Dealt to 467e1d4b 
Dealt to 30efc38f 
Dealt to 201088ce 
Dealt to 24ff2af7 
Dealt to Hero [4d Kd]
467e1d4b: folds
30efc38f: raises $0.1 to $0.2
201088ce: folds
24ff2af7: folds
Hero: folds
8065de60: folds
Uncalled bet ($0.1) returned to 30efc38f
*** SHOWDOWN ***
30efc38f collected $0.25 from pot
*** SUMMARY ***
Total pot $0.25 | Rake $0 | Jackpot $0 | Bingo $0 | Fortune $0 | Tax $0
Seat 1: 8065de60 (big blind) folded before Flop
Seat 2: 467e1d4b folded before Flop (didn't bet)
Seat 3: 30efc38f collected ($0.25)
Seat 4: 201088ce folded before Flop (didn't bet)
Seat 5: 24ff2af7 (button) folded before Flop (didn't bet)
Seat 6: Hero (small blind) folded before Flop


Poker Hand #HD1754036674: Hold'em No Limit ($0.05/$0.1) - 2024/05/01 12:40:48
Table 'NLHRed13' 6-max Seat #4 is the button
Seat 1: 8065de60 ($16.14 in chips)
Seat 2: 467e1d4b ($2 in chips)
Seat 3: 30efc38f ($10 in chips)
Seat 4: 201088ce ($16.17 in chips)
Seat 5: 24ff2af7 ($10.05 in chips)
Seat 6: Hero ($14.38 in chips)
24ff2af7: posts small blind $0.05
Hero: posts big blind $0.1
*** HOLE CARDS ***
Dealt to 8065de60 
Dealt to 467e1d4b 
Dealt to 30efc38f 
Dealt to 201088ce 
Dealt to 24ff2af7 
Dealt to Hero [4s Jc]
8065de60: folds
467e1d4b: folds
30efc38f: raises $0.13 to $0.23
201088ce: folds
24ff2af7: folds
Hero: folds
Uncalled bet ($0.13) returned to 30efc38f
*** SHOWDOWN ***
30efc38f collected $0.25 from pot
*** SUMMARY ***
Total pot $0.25 | Rake $0 | Jackpot $0 | Bingo $0 | Fortune $0 | Tax $0
Seat 1: 8065de60 folded before Flop (didn't bet)
Seat 2: 467e1d4b folded before Flop (didn't bet)
Seat 3: 30efc38f collected ($0.25)
Seat 4: 201088ce (button) folded before Flop (didn't bet)
Seat 5: 24ff2af7 (small blind) folded before Flop
Seat 6: Hero (big blind) folded before Flop


Poker Hand #HD1754036643: Hold'em No Limit ($0.05/$0.1) - 2024/05/01 12:40:35
Table 'NLHRed13' 6-max Seat #3 is the button
Seat 1: 8065de60 ($16.14 in chips)
Seat 3: 30efc38f ($10 in chips)
Seat 4: 201088ce ($16.22 in chips)
Seat 5: 24ff2af7 ($10 in chips)
Seat 6: Hero ($14.38 in chips)
201088ce: posts small blind $0.05
24ff2af7: posts big blind $0.1
*** HOLE CARDS ***
Dealt to 8065de60 
Dealt to 30efc38f 
Dealt to 201088ce 
Dealt to 24ff2af7 
Dealt to Hero [9s 3h]
Hero: folds
8065de60: folds
30efc38f: folds
201088ce: folds
Uncalled bet ($0.05) returned to 24ff2af7
*** SHOWDOWN ***
24ff2af7 collected $0.1 from pot
*** SUMMARY ***
Total pot $0.1 | Rake $0 | Jackpot $0 | Bingo $0 | Fortune $0 | Tax $0
Seat 1: 8065de60 folded before Flop (didn't bet)
Seat 3: 30efc38f (button) folded before Flop (didn't bet)
Seat 4: 201088ce (small blind) folded before Flop
Seat 5: 24ff2af7 (big blind) collected ($0.1)
Seat 6: Hero folded before Flop (didn't bet)


Poker Hand #HD1754036504: Hold'em No Limit ($0.05/$0.1) - 2024/05/01 12:39:29
Table 'NLHRed13' 6-max Seat #1 is the button
Seat 1: 8065de60 ($16.14 in chips)
Seat 2: 467e1d4b ($1.54 in chips)
Seat 3: 30efc38f ($10 in chips)
Seat 4: 201088ce ($16.22 in chips)
Seat 5: 7ca64c2c ($14.33 in chips)
Seat 6: Hero ($12.8 in chips)
467e1d4b: posts small blind $0.05
30efc38f: posts big blind $0.1
*** HOLE CARDS ***
Dealt to 8065de60 
Dealt to 467e1d4b 
Dealt to 30efc38f 
Dealt to 201088ce 
Dealt to 7ca64c2c 
Dealt to Hero [Jc Qc]
201088ce: folds
7ca64c2c: raises $0.1 to $0.2
Hero: raises $0.55 to $0.75
8065de60: folds
467e1d4b: calls $0.7
30efc38f: folds
7ca64c2c: folds
*** FLOP *** [4s 7d 2c]
467e1d4b: checks
Hero: checks
*** TURN *** [4s 7d 2c] [Qd]
467e1d4b: checks
Hero: bets $0.86
467e1d4b: calls $0.79 and is all-in
Uncalled bet ($0.07) returned to Hero
Hero: shows [Jc Qc] (Pair of Queens)
467e1d4b: shows [9s Qh] (Pair of Queens)
*** RIVER *** [4s 7d 2c Qd] [2d]
*** SHOWDOWN ***
Hero collected $3.12 from pot
*** SUMMARY ***
Total pot $3.38 | Rake $0.16 | Jackpot $0.1 | Bingo $0 | Fortune $0 | Tax $0
Board [4s 7d 2c Qd 2d]
Seat 1: 8065de60 (button) folded before Flop (didn't bet)
Seat 2: 467e1d4b (small blind) showed [9s Qh] and lost with Pair of Queens and Pair of Twos
Seat 3: 30efc38f (big blind) folded before Flop
Seat 4: 201088ce folded before Flop (didn't bet)
Seat 5: 7ca64c2c folded before Flop
Seat 6: Hero showed [Jc Qc] and won ($3.12) with Pair of Queens and Pair of Twos


Poker Hand #HD1754036450: Hold'em No Limit ($0.05/$0.1) - 2024/05/01 12:39:05
Table 'NLHRed13' 6-max Seat #6 is the button
Seat 1: 8065de60 ($16.19 in chips)
Seat 2: 467e1d4b ($1.64 in chips)
Seat 3: 30efc38f ($10 in chips)
Seat 4: 201088ce ($16.22 in chips)
Seat 5: 7ca64c2c ($14.18 in chips)
Seat 6: Hero ($12.8 in chips)
8065de60: posts small blind $0.05
467e1d4b: posts big blind $0.1
*** HOLE CARDS ***
Dealt to 8065de60 
Dealt to 467e1d4b 
Dealt to 30efc38f 
Dealt to 201088ce 
Dealt to 7ca64c2c 
Dealt to Hero [7s Ac]
30efc38f: folds
201088ce: folds
7ca64c2c: raises $0.13 to $0.23
Hero: folds
8065de60: folds
467e1d4b: folds
Uncalled bet ($0.13) returned to 7ca64c2c
*** SHOWDOWN ***
7ca64c2c collected $0.25 from pot
*** SUMMARY ***
Total pot $0.25 | Rake $0 | Jackpot $0 | Bingo $0 | Fortune $0 | Tax $0
Seat 1: 8065de60 (small blind) folded before Flop
Seat 2: 467e1d4b (big blind) folded before Flop
Seat 3: 30efc38f folded before Flop (didn't bet)
Seat 4: 201088ce folded before Flop (didn't bet)
Seat 5: 7ca64c2c collected ($0.25)
Seat 6: Hero (button) folded before Flop (didn't bet)


Poker Hand #HD1754036351: Hold'em No Limit ($0.05/$0.1) - 2024/05/01 12:38:17
Table 'NLHRed13' 6-max Seat #5 is the button
Seat 1: 8065de60 ($16.29 in chips)
Seat 2: 467e1d4b ($2.02 in chips)
Seat 3: 30efc38f ($10 in chips)
Seat 4: 201088ce ($16.22 in chips)
Seat 5: 7ca64c2c ($13.69 in chips)
Seat 6: Hero ($12.85 in chips)
Hero: posts small blind $0.05
8065de60: posts big blind $0.1
*** HOLE CARDS ***
Dealt to 8065de60 
Dealt to 467e1d4b 
Dealt to 30efc38f 
Dealt to 201088ce 
Dealt to 7ca64c2c 
Dealt to Hero [Tc 2c]
467e1d4b: calls $0.1
30efc38f: folds
201088ce: folds
7ca64c2c: raises $0.28 to $0.38
Hero: folds
8065de60: folds
467e1d4b: calls $0.28
*** FLOP *** [3d 4h 9h]
467e1d4b: checks
7ca64c2c: checks
*** TURN *** [3d 4h 9h] [6h]
467e1d4b: checks
7ca64c2c: checks
*** RIVER *** [3d 4h 9h 6h] [Js]
467e1d4b: checks
7ca64c2c: bets $1.31
467e1d4b: folds
Uncalled bet ($1.31) returned to 7ca64c2c
*** SHOWDOWN ***
7ca64c2c collected $0.87 from pot
*** SUMMARY ***
Total pot $0.91 | Rake $0.04 | Jackpot $0 | Bingo $0 | Fortune $0 | Tax $0
Board [3d 4h 9h 6h Js]
Seat 1: 8065de60 (big blind) folded before Flop
Seat 2: 467e1d4b folded on the River
Seat 3: 30efc38f folded before Flop (didn't bet)
Seat 4: 201088ce folded before Flop (didn't bet)
Seat 5: 7ca64c2c (button) won ($0.87)
Seat 6: Hero (small blind) folded before Flop


Poker Hand #HD1754036253: Hold'em No Limit ($0.05/$0.1) - 2024/05/01 12:37:30
Table 'NLHRed13' 6-max Seat #4 is the button
Seat 1: 8065de60 ($15.19 in chips)
Seat 2: 467e1d4b ($2.27 in chips)
Seat 3: 30efc38f ($10 in chips)
Seat 4: 201088ce ($16.22 in chips)
Seat 5: 7ca64c2c ($13.74 in chips)
Seat 6: Hero ($13.75 in chips)
7ca64c2c: posts small blind $0.05
Hero: posts big blind $0.1
*** HOLE CARDS ***
Dealt to 8065de60 
Dealt to 467e1d4b 
Dealt to 30efc38f 
Dealt to 201088ce 
Dealt to 7ca64c2c 
Dealt to Hero [Ah 3h]
8065de60: raises $0.15 to $0.25
467e1d4b: calls $0.25
30efc38f: folds
201088ce: folds
7ca64c2c: folds
Hero: calls $0.15
*** FLOP *** [8c Kh Ac]
Hero: checks
8065de60: checks
467e1d4b: checks
*** TURN *** [8c Kh Ac] [Ts]
Hero: checks
8065de60: bets $0.65
467e1d4b: folds
Hero: calls $0.65
*** RIVER *** [8c Kh Ac Ts] [4d]
Hero: checks
8065de60: bets $0.8
Hero: folds
Uncalled bet ($0.8) returned to 8065de60
*** SHOWDOWN ***
8065de60 collected $2 from pot
*** SUMMARY ***
Total pot $2.1 | Rake $0.1 | Jackpot $0 | Bingo $0 | Fortune $0 | Tax $0
Board [8c Kh Ac Ts 4d]
Seat 1: 8065de60 won ($2)
Seat 2: 467e1d4b folded on the Turn
Seat 3: 30efc38f folded before Flop (didn't bet)
Seat 4: 201088ce (button) folded before Flop (didn't bet)
Seat 5: 7ca64c2c (small blind) folded before Flop
Seat 6: Hero (big blind) folded on the River


Poker Hand #HD1754036160: Hold'em No Limit ($0.05/$0.1) - 2024/05/01 12:36:44
Table 'NLHRed13' 6-max Seat #3 is the button
Seat 1: 8065de60 ($15.19 in chips)
Seat 2: 467e1d4b ($2.27 in chips)
Seat 3: 30efc38f ($10 in chips)
Seat 4: 201088ce ($15.41 in chips)
Seat 5: 7ca64c2c ($14.64 in chips)
Seat 6: Hero ($13.75 in chips)
201088ce: posts small blind $0.05
7ca64c2c: posts big blind $0.1
*** HOLE CARDS ***
Dealt to 8065de60 
Dealt to 467e1d4b 
Dealt to 30efc38f 
Dealt to 201088ce 
Dealt to 7ca64c2c 
Dealt to Hero [9h 5c]
Hero: folds
8065de60: folds
467e1d4b: folds
30efc38f: folds
201088ce: raises $0.15 to $0.25
7ca64c2c: raises $0.65 to $0.9
201088ce: raises $1.7 to $2.6
7ca64c2c: folds
Uncalled bet ($1.7) returned to 201088ce
*** SHOWDOWN ***
201088ce collected $1.71 from pot
*** SUMMARY ***
Total pot $1.8 | Rake $0.09 | Jackpot $0 | Bingo $0 | Fortune $0 | Tax $0
Seat 1: 8065de60 folded before Flop (didn't bet)
Seat 2: 467e1d4b folded before Flop (didn't bet)
Seat 3: 30efc38f (button) folded before Flop (didn't bet)
Seat 4: 201088ce (small blind) collected ($1.71)
Seat 5: 7ca64c2c (big blind) folded before Flop
Seat 6: Hero folded before Flop (didn't bet)


Poker Hand #HD1754036060: Hold'em No Limit ($0.05/$0.1) - 2024/05/01 12:35:58
Table 'NLHRed13' 6-max Seat #2 is the button
Seat 1: 8065de60 ($15.19 in chips)
Seat 2: 467e1d4b ($2.5 in chips)
Seat 3: 30efc38f ($10 in chips)
Seat 4: 201088ce ($15.15 in chips)
Seat 5: 7ca64c2c ($14.64 in chips)
Seat 6: Hero ($13.75 in chips)
30efc38f: posts small blind $0.05
201088ce: posts big blind $0.1
*** HOLE CARDS ***
Dealt to 8065de60 
Dealt to 467e1d4b 
Dealt to 30efc38f 
Dealt to 201088ce 
Dealt to 7ca64c2c 
Dealt to Hero [5h 2s]
7ca64c2c: folds
Hero: folds
8065de60: folds
467e1d4b: calls $0.1
30efc38f: folds
201088ce: checks
*** FLOP *** [Th Qd 6s]
201088ce: checks
467e1d4b: bets $0.13
201088ce: raises $0.35 to $0.48
467e1d4b: folds
Uncalled bet ($0.35) returned to 201088ce
*** SHOWDOWN ***
201088ce collected $0.49 from pot
*** SUMMARY ***
Total pot $0.51 | Rake $0.02 | Jackpot $0 | Bingo $0 | Fortune $0 | Tax $0
Board [Th Qd 6s]
Seat 1: 8065de60 folded before Flop (didn't bet)
Seat 2: 467e1d4b (button) folded on the Flop
Seat 3: 30efc38f (small blind) folded before Flop
Seat 4: 201088ce (big blind) won ($0.49)
Seat 5: 7ca64c2c folded before Flop (didn't bet)
Seat 6: Hero folded before Flop (didn't bet)


Poker Hand #HD1754035900: Hold'em No Limit ($0.05/$0.1) - 2024/05/01 12:34:47
Table 'NLHRed13' 6-max Seat #1 is the button
Seat 1: 8065de60 ($15.19 in chips)
Seat 2: 467e1d4b ($2.8 in chips)
Seat 3: 30efc38f ($10 in chips)
Seat 4: 201088ce ($14.78 in chips)
Seat 5: 7ca64c2c ($14.64 in chips)
Seat 6: Hero ($13.75 in chips)
467e1d4b: posts small blind $0.05
30efc38f: posts big blind $0.1
*** HOLE CARDS ***
Dealt to 8065de60 
Dealt to 467e1d4b 
Dealt to 30efc38f 
Dealt to 201088ce 
Dealt to 7ca64c2c 
Dealt to Hero [5d Td]
201088ce: raises $0.2 to $0.3
7ca64c2c: folds
Hero: folds
8065de60: folds
467e1d4b: calls $0.25
30efc38f: folds
*** FLOP *** [5s 2h 4s]
467e1d4b: checks
201088ce: checks
*** TURN *** [5s 2h 4s] [2c]
467e1d4b: checks
201088ce: checks
*** RIVER *** [5s 2h 4s 2c] [3s]
467e1d4b: checks
201088ce: checks
467e1d4b: shows [7d Jh] (Pair of Twos)
201088ce: shows [Tc Jc] (Pair of Twos)
*** SHOWDOWN ***
201088ce collected $0.67 from pot
*** SUMMARY ***
Total pot $0.7 | Rake $0.03 | Jackpot $0 | Bingo $0 | Fortune $0 | Tax $0
Board [5s 2h 4s 2c 3s]
Seat 1: 8065de60 (button) folded before Flop (didn't bet)
Seat 2: 467e1d4b (small blind) showed [7d Jh] and lost with Pair of Twos
Seat 3: 30efc38f (big blind) folded before Flop
Seat 4: 201088ce showed [Tc Jc] and won ($0.67) with Pair of Twos
Seat 5: 7ca64c2c folded before Flop (didn't bet)
Seat 6: Hero folded before Flop (didn't bet)


Poker Hand #HD1754035764: Hold'em No Limit ($0.05/$0.1) - 2024/05/01 12:33:48
Table 'NLHRed13' 6-max Seat #6 is the button
Seat 1: 8065de60 ($13.52 in chips)
Seat 2: 467e1d4b ($3.7 in chips)
Seat 3: 30efc38f ($10 in chips)
Seat 4: 201088ce ($14.78 in chips)
Seat 5: 7ca64c2c ($15.54 in chips)
Seat 6: Hero ($13.75 in chips)
8065de60: posts small blind $0.05
467e1d4b: posts big blind $0.1
*** HOLE CARDS ***
Dealt to 8065de60 
Dealt to 467e1d4b 
Dealt to 30efc38f 
Dealt to 201088ce 
Dealt to 7ca64c2c 
Dealt to Hero [As 2s]
30efc38f: folds
201088ce: folds
7ca64c2c: raises $0.13 to $0.23
Hero: folds
8065de60: raises $0.67 to $0.9
467e1d4b: calls $0.8
7ca64c2c: calls $0.67
*** FLOP *** [6d Th 8h]
8065de60: checks
467e1d4b: checks
7ca64c2c: checks
*** TURN *** [6d Th 8h] [7s]
8065de60: bets $1.8
467e1d4b: folds
7ca64c2c: folds
Uncalled bet ($1.8) returned to 8065de60
*** SHOWDOWN ***
8065de60 collected $2.57 from pot
*** SUMMARY ***
Total pot $2.7 | Rake $0.13 | Jackpot $0 | Bingo $0 | Fortune $0 | Tax $0
Board [6d Th 8h 7s]
Seat 1: 8065de60 (small blind) won ($2.57)
Seat 2: 467e1d4b (big blind) folded on the Turn
Seat 3: 30efc38f folded before Flop (didn't bet)
Seat 4: 201088ce folded before Flop (didn't bet)
Seat 5: 7ca64c2c folded on the Turn
Seat 6: Hero (button) folded before Flop (didn't bet)


Poker Hand #HD1754035681: Hold'em No Limit ($0.05/$0.1) - 2024/05/01 12:33:06
Table 'NLHRed13' 6-max Seat #5 is the button
Seat 1: 8065de60 ($13.82 in chips)
Seat 2: 467e1d4b ($3.7 in chips)
Seat 3: 30efc38f ($10 in chips)
Seat 4: 201088ce ($14.78 in chips)
Seat 5: 7ca64c2c ($15.54 in chips)
Seat 6: Hero ($13.48 in chips)
Hero: posts small blind $0.05
8065de60: posts big blind $0.1
*** HOLE CARDS ***
Dealt to 8065de60 
Dealt to 467e1d4b 
Dealt to 30efc38f 
Dealt to 201088ce 
Dealt to 7ca64c2c 
Dealt to Hero [Td Jd]
467e1d4b: folds
30efc38f: folds
201088ce: folds
7ca64c2c: folds
Hero: raises $0.2 to $0.3
8065de60: calls $0.2
*** FLOP *** [Jh 2s Kh]
Hero: bets $0.2
8065de60: folds
Uncalled bet ($0.2) returned to Hero
*** SHOWDOWN ***
Hero collected $0.57 from pot
*** SUMMARY ***
Total pot $0.6 | Rake $0.03 | Jackpot $0 | Bingo $0 | Fortune $0 | Tax $0
Board [Jh 2s Kh]
Seat 1: 8065de60 (big blind) folded on the Flop
Seat 2: 467e1d4b folded before Flop (didn't bet)
Seat 3: 30efc38f folded before Flop (didn't bet)
Seat 4: 201088ce folded before Flop (didn't bet)
Seat 5: 7ca64c2c (button) folded before Flop (didn't bet)
Seat 6: Hero (small blind) won ($0.57)


Poker Hand #HD1754035646: Hold'em No Limit ($0.05/$0.1) - 2024/05/01 12:32:48
Table 'NLHRed13' 6-max Seat #4 is the button
Seat 1: 8065de60 ($13.67 in chips)
Seat 2: 467e1d4b ($3.7 in chips)
Seat 3: 30efc38f ($10 in chips)
Seat 4: 201088ce ($14.78 in chips)
Seat 5: 7ca64c2c ($15.59 in chips)
Seat 6: Hero ($13.58 in chips)
7ca64c2c: posts small blind $0.05
Hero: posts big blind $0.1
*** HOLE CARDS ***
Dealt to 8065de60 
Dealt to 467e1d4b 
Dealt to 30efc38f 
Dealt to 201088ce 
Dealt to 7ca64c2c 
Dealt to Hero [Qh 2h]
8065de60: raises $0.15 to $0.25
467e1d4b: folds
30efc38f: folds
201088ce: folds
7ca64c2c: folds
Hero: folds
Uncalled bet ($0.15) returned to 8065de60
*** SHOWDOWN ***
8065de60 collected $0.25 from pot
*** SUMMARY ***
Total pot $0.25 | Rake $0 | Jackpot $0 | Bingo $0 | Fortune $0 | Tax $0
Seat 1: 8065de60 collected ($0.25)
Seat 2: 467e1d4b folded before Flop (didn't bet)
Seat 3: 30efc38f folded before Flop (didn't bet)
Seat 4: 201088ce (button) folded before Flop (didn't bet)
Seat 5: 7ca64c2c (small blind) folded before Flop
Seat 6: Hero (big blind) folded before Flop


Poker Hand #HD1753965523: Hold'em No Limit ($0.05/$0.1) - 2024/05/01 12:31:52
Table 'NLHRed13' 6-max Seat #3 is the button
Seat 1: 8065de60 ($13.67 in chips)
Seat 2: 467e1d4b ($1.94 in chips)
Seat 3: 30efc38f ($10 in chips)
Seat 4: 201088ce ($14.83 in chips)
Seat 5: 7ca64c2c ($15.69 in chips)
Seat 6: Hero ($13.58 in chips)
201088ce: posts small blind $0.05
7ca64c2c: posts big blind $0.1
*** HOLE CARDS ***
Dealt to 8065de60 
Dealt to 467e1d4b 
Dealt to 30efc38f 
Dealt to 201088ce 
Dealt to 7ca64c2c 
Dealt to Hero [4c 9c]
Hero: folds
8065de60: folds
467e1d4b: calls $0.1
30efc38f: raises $0.8 to $0.9
201088ce: folds
7ca64c2c: folds
467e1d4b: raises $1.04 to $1.94 and is all-in
30efc38f: calls $1.04
467e1d4b: shows [Ad Qd]
30efc38f: shows [Ks Ah]
*** FLOP *** [Qs 5c 5s]
*** TURN *** [Qs 5c 5s] [3d]
*** RIVER *** [Qs 5c 5s 3d] [4d]
*** SHOWDOWN ***
467e1d4b collected $3.7 from pot
*** SUMMARY ***
Total pot $4.03 | Rake $0.23 | Jackpot $0.1 | Bingo $0 | Fortune $0 | Tax $0
Board [Qs 5c 5s 3d 4d]
Seat 1: 8065de60 folded before Flop (didn't bet)
Seat 2: 467e1d4b showed [Ad Qd] and won ($3.7) with Pair of Queens and Pair of Fives
Seat 3: 30efc38f (button) showed [Ks Ah] and lost with Pair of Fives
Seat 4: 201088ce (small blind) folded before Flop
Seat 5: 7ca64c2c (big blind) folded before Flop
Seat 6: Hero folded before Flop (didn't bet)


Poker Hand #HD1753965453: Hold'em No Limit ($0.05/$0.1) - 2024/05/01 12:31:26
Table 'NLHRed13' 6-max Seat #2 is the button
Seat 1: 8065de60 ($13.67 in chips)
Seat 2: 467e1d4b ($1.94 in chips)
Seat 3: 30efc38f ($10 in chips)
Seat 4: 201088ce ($14.93 in chips)
Seat 5: 7ca64c2c ($15.89 in chips)
Seat 6: Hero ($13.25 in chips)
30efc38f: posts small blind $0.05
201088ce: posts big blind $0.1
*** HOLE CARDS ***
Dealt to 8065de60 
Dealt to 467e1d4b 
Dealt to 30efc38f 
Dealt to 201088ce 
Dealt to 7ca64c2c 
Dealt to Hero [Kc Qc]
7ca64c2c: raises $0.1 to $0.2
Hero: raises $0.4 to $0.6
8065de60: folds
467e1d4b: folds
30efc38f: folds
201088ce: folds
7ca64c2c: folds
Uncalled bet ($0.4) returned to Hero
*** SHOWDOWN ***
Hero collected $0.53 from pot
*** SUMMARY ***
Total pot $0.55 | Rake $0.02 | Jackpot $0 | Bingo $0 | Fortune $0 | Tax $0
Seat 1: 8065de60 folded before Flop (didn't bet)
Seat 2: 467e1d4b (button) folded before Flop (didn't bet)
Seat 3: 30efc38f (small blind) folded before Flop
Seat 4: 201088ce (big blind) folded before Flop
Seat 5: 7ca64c2c folded before Flop
Seat 6: Hero collected ($0.53)


Poker Hand #HD1753965355: Hold'em No Limit ($0.05/$0.1) - 2024/05/01 12:30:36
Table 'NLHRed13' 6-max Seat #1 is the button
Seat 1: 8065de60 ($13.67 in chips)
Seat 2: 467e1d4b ($2.14 in chips)
Seat 3: 30efc38f ($10 in chips)
Seat 4: 201088ce ($14.93 in chips)
Seat 5: 7ca64c2c ($15.52 in chips)
Seat 6: Hero ($13.25 in chips)
467e1d4b: posts small blind $0.05
30efc38f: posts big blind $0.1
*** HOLE CARDS ***
Dealt to 8065de60 
Dealt to 467e1d4b 
Dealt to 30efc38f 
Dealt to 201088ce 
Dealt to 7ca64c2c 
Dealt to Hero [Jd Kc]
201088ce: folds
7ca64c2c: raises $0.1 to $0.2
Hero: folds
8065de60: folds
467e1d4b: calls $0.15
30efc38f: calls $0.1
*** FLOP *** [Qc 3d Qh]
467e1d4b: checks
30efc38f: checks
7ca64c2c: bets $0.2
467e1d4b: folds
30efc38f: folds
Uncalled bet ($0.2) returned to 7ca64c2c
*** SHOWDOWN ***
7ca64c2c collected $0.57 from pot
*** SUMMARY ***
Total pot $0.6 | Rake $0.03 | Jackpot $0 | Bingo $0 | Fortune $0 | Tax $0
Board [Qc 3d Qh]
Seat 1: 8065de60 (button) folded before Flop (didn't bet)
Seat 2: 467e1d4b (small blind) folded on the Flop
Seat 3: 30efc38f (big blind) folded on the Flop
Seat 4: 201088ce folded before Flop (didn't bet)
Seat 5: 7ca64c2c won ($0.57)
Seat 6: Hero folded before Flop (didn't bet)


Poker Hand #HD1753965278: Hold'em No Limit ($0.05/$0.1) - 2024/05/01 12:30:01
Table 'NLHRed13' 6-max Seat #6 is the button
Seat 1: 8065de60 ($13.72 in chips)
Seat 2: 467e1d4b ($2.38 in chips)
Seat 3: 30efc38f ($10 in chips)
Seat 4: 201088ce ($14.93 in chips)
Seat 5: 7ca64c2c ($15.52 in chips)
Seat 6: Hero ($12.98 in chips)
8065de60: posts small blind $0.05
467e1d4b: posts big blind $0.1
*** HOLE CARDS ***
Dealt to 8065de60 
Dealt to 467e1d4b 
Dealt to 30efc38f 
Dealt to 201088ce 
Dealt to 7ca64c2c 
Dealt to Hero [Kh Jd]
30efc38f: folds
201088ce: folds
7ca64c2c: folds
Hero: raises $0.14 to $0.24
8065de60: folds
467e1d4b: calls $0.14
*** FLOP *** [Ah Th 4c]
467e1d4b: checks
Hero: bets $0.35
467e1d4b: folds
Uncalled bet ($0.35) returned to Hero
*** SHOWDOWN ***
Hero collected $0.51 from pot
*** SUMMARY ***
Total pot $0.53 | Rake $0.02 | Jackpot $0 | Bingo $0 | Fortune $0 | Tax $0
Board [Ah Th 4c]
Seat 1: 8065de60 (small blind) folded before Flop
Seat 2: 467e1d4b (big blind) folded on the Flop
Seat 3: 30efc38f folded before Flop (didn't bet)
Seat 4: 201088ce folded before Flop (didn't bet)
Seat 5: 7ca64c2c folded before Flop (didn't bet)
Seat 6: Hero (button) won ($0.51)


Poker Hand #HD1753965152: Hold'em No Limit ($0.05/$0.1) - 2024/05/01 12:29:08
Table 'NLHRed13' 6-max Seat #5 is the button
Seat 1: 8065de60 ($13.82 in chips)
Seat 2: 467e1d4b ($1.9 in chips)
Seat 3: 30efc38f ($10 in chips)
Seat 4: 201088ce ($14.93 in chips)
Seat 5: 7ca64c2c ($15.9 in chips)
Seat 6: Hero ($13.03 in chips)
Hero: posts small blind $0.05
8065de60: posts big blind $0.1
*** HOLE CARDS ***
Dealt to 8065de60 
Dealt to 467e1d4b 
Dealt to 30efc38f 
Dealt to 201088ce 
Dealt to 7ca64c2c 
Dealt to Hero [9c Th]
467e1d4b: calls $0.1
30efc38f: folds
201088ce: folds
7ca64c2c: raises $0.28 to $0.38
Hero: folds
8065de60: folds
467e1d4b: calls $0.28
*** FLOP *** [Kd 8h 5d]
467e1d4b: checks
7ca64c2c: checks
*** TURN *** [Kd 8h 5d] [8c]
467e1d4b: checks
7ca64c2c: checks
*** RIVER *** [Kd 8h 5d 8c] [9s]
467e1d4b: bets $0.91
7ca64c2c: folds
Uncalled bet ($0.91) returned to 467e1d4b
*** SHOWDOWN ***
467e1d4b collected $0.86 from pot
*** SUMMARY ***
Total pot $0.91 | Rake $0.05 | Jackpot $0 | Bingo $0 | Fortune $0 | Tax $0
Board [Kd 8h 5d 8c 9s]
Seat 1: 8065de60 (big blind) folded before Flop
Seat 2: 467e1d4b won ($0.86)
Seat 3: 30efc38f folded before Flop (didn't bet)
Seat 4: 201088ce folded before Flop (didn't bet)
Seat 5: 7ca64c2c (button) folded on the River
Seat 6: Hero (small blind) folded before Flop


Poker Hand #HD1753965086: Hold'em No Limit ($0.05/$0.1) - 2024/05/01 12:28:46
Table 'NLHRed13' 6-max Seat #4 is the button
Seat 1: 8065de60 ($13.82 in chips)
Seat 2: 467e1d4b ($2 in chips)
Seat 3: 30efc38f ($10 in chips)
Seat 4: 201088ce ($14.93 in chips)
Seat 5: 7ca64c2c ($15.95 in chips)
Seat 6: Hero ($12.89 in chips)
7ca64c2c: posts small blind $0.05
Hero: posts big blind $0.1
467e1d4b: posts big blind $0.1
*** HOLE CARDS ***
Dealt to 8065de60 
Dealt to 467e1d4b 
Dealt to 30efc38f 
Dealt to 201088ce 
Dealt to 7ca64c2c 
Dealt to Hero [3h Qh]
8065de60: folds
467e1d4b: checks
30efc38f: folds
201088ce: folds
7ca64c2c: folds
Hero: checks
*** FLOP *** [2c 7s 5s]
Hero: checks
467e1d4b: checks
*** TURN *** [2c 7s 5s] [4d]
Hero: bets $0.17
467e1d4b: folds
Uncalled bet ($0.17) returned to Hero
*** SHOWDOWN ***
Hero collected $0.24 from pot
*** SUMMARY ***
Total pot $0.25 | Rake $0.01 | Jackpot $0 | Bingo $0 | Fortune $0 | Tax $0
Board [2c 7s 5s 4d]
Seat 1: 8065de60 folded before Flop (didn't bet)
Seat 2: 467e1d4b folded on the Turn
Seat 3: 30efc38f folded before Flop (didn't bet)
Seat 4: 201088ce (button) folded before Flop (didn't bet)
Seat 5: 7ca64c2c (small blind) folded before Flop
Seat 6: Hero (big blind) won ($0.24)


Poker Hand #HD1753964956: Hold'em No Limit ($0.05/$0.1) - 2024/05/01 12:27:45
Table 'NLHRed13' 6-max Seat #3 is the button
Seat 1: 8065de60 ($14.55 in chips)
Seat 3: 30efc38f ($10 in chips)
Seat 4: 201088ce ($14.98 in chips)
Seat 5: 7ca64c2c ($15.24 in chips)
Seat 6: Hero ($12.89 in chips)
201088ce: posts small blind $0.05
7ca64c2c: posts big blind $0.1
*** HOLE CARDS ***
Dealt to 8065de60 
Dealt to 30efc38f 
Dealt to 201088ce 
Dealt to 7ca64c2c 
Dealt to Hero [9c 2d]
Hero: folds
8065de60: raises $0.15 to $0.25
30efc38f: folds
201088ce: folds
7ca64c2c: calls $0.15
*** FLOP *** [Td Qs 2s]
7ca64c2c: checks
8065de60: checks
*** TURN *** [Td Qs 2s] [Qc]
7ca64c2c: bets $0.28
8065de60: calls $0.28
*** RIVER *** [Td Qs 2s Qc] [8d]
7ca64c2c: bets $0.2
8065de60: calls $0.2
7ca64c2c: shows [Tc Jh] (Pair of Queens and Pair of Tens)
8065de60: shows [3h 2h] (Pair of Queens and Pair of Twos)
*** SHOWDOWN ***
7ca64c2c collected $1.44 from pot
*** SUMMARY ***
Total pot $1.51 | Rake $0.07 | Jackpot $0 | Bingo $0 | Fortune $0 | Tax $0
Board [Td Qs 2s Qc 8d]
Seat 1: 8065de60 showed [3h 2h] and lost with Pair of Queens and Pair of Twos
Seat 3: 30efc38f (button) folded before Flop (didn't bet)
Seat 4: 201088ce (small blind) folded before Flop
Seat 5: 7ca64c2c (big blind) showed [Tc Jh] and won ($1.44) with Pair of Queens and Pair of Tens
Seat 6: Hero folded before Flop (didn't bet)


Poker Hand #HD1753964903: Hold'em No Limit ($0.05/$0.1) - 2024/05/01 12:27:20
Table 'NLHRed13' 6-max Seat #1 is the button
Seat 1: 8065de60 ($14.22 in chips)
Seat 3: 30efc38f ($10 in chips)
Seat 4: 201088ce ($15.08 in chips)
Seat 5: 7ca64c2c ($15.44 in chips)
Seat 6: Hero ($12.89 in chips)
30efc38f: posts small blind $0.05
201088ce: posts big blind $0.1
*** HOLE CARDS ***
Dealt to 8065de60 
Dealt to 30efc38f 
Dealt to 201088ce 
Dealt to 7ca64c2c 
Dealt to Hero [8h Jh]
7ca64c2c: raises $0.1 to $0.2
Hero: folds
8065de60: raises $0.6 to $0.8
30efc38f: folds
201088ce: folds
7ca64c2c: folds
Uncalled bet ($0.6) returned to 8065de60
*** SHOWDOWN ***
8065de60 collected $0.53 from pot
*** SUMMARY ***
Total pot $0.55 | Rake $0.02 | Jackpot $0 | Bingo $0 | Fortune $0 | Tax $0
Seat 1: 8065de60 (button) collected ($0.53)
Seat 3: 30efc38f (small blind) folded before Flop
Seat 4: 201088ce (big blind) folded before Flop
Seat 5: 7ca64c2c folded before Flop
Seat 6: Hero folded before Flop (didn't bet)


Poker Hand #HD1753964865: Hold'em No Limit ($0.05/$0.1) - 2024/05/01 12:27:05
Table 'NLHRed13' 6-max Seat #6 is the button
Seat 1: 8065de60 ($14.27 in chips)
Seat 3: 30efc38f ($10 in chips)
Seat 4: 201088ce ($15.08 in chips)
Seat 5: 7ca64c2c ($15.44 in chips)
Seat 6: Hero ($12.74 in chips)
8065de60: posts small blind $0.05
30efc38f: posts big blind $0.1
*** HOLE CARDS ***
Dealt to 8065de60 
Dealt to 30efc38f 
Dealt to 201088ce 
Dealt to 7ca64c2c 
Dealt to Hero [Jd Qs]
201088ce: folds
7ca64c2c: folds
Hero: raises $0.14 to $0.24
8065de60: folds
30efc38f: folds
Uncalled bet ($0.14) returned to Hero
*** SHOWDOWN ***
Hero collected $0.25 from pot
*** SUMMARY ***
Total pot $0.25 | Rake $0 | Jackpot $0 | Bingo $0 | Fortune $0 | Tax $0
Seat 1: 8065de60 (small blind) folded before Flop
Seat 3: 30efc38f (big blind) folded before Flop
Seat 4: 201088ce folded before Flop (didn't bet)
Seat 5: 7ca64c2c folded before Flop (didn't bet)
Seat 6: Hero (button) collected ($0.25)


Poker Hand #HD1753964786: Hold'em No Limit ($0.05/$0.1) - 2024/05/01 12:26:23
Table 'NLHRed13' 6-max Seat #5 is the button
Seat 1: 8065de60 ($14.52 in chips)
Seat 3: 30efc38f ($10 in chips)
Seat 4: 201088ce ($15.08 in chips)
Seat 5: 7ca64c2c ($15.16 in chips)
Seat 6: Hero ($12.79 in chips)
Hero: posts small blind $0.05
8065de60: posts big blind $0.1
*** HOLE CARDS ***
Dealt to 8065de60 
Dealt to 30efc38f 
Dealt to 201088ce 
Dealt to 7ca64c2c 
Dealt to Hero [Js 7c]
30efc38f: folds
201088ce: folds
7ca64c2c: raises $0.15 to $0.25
Hero: folds
8065de60: calls $0.15
*** FLOP *** [9c 6c 4c]
8065de60: checks
7ca64c2c: bets $0.19
8065de60: folds
Uncalled bet ($0.19) returned to 7ca64c2c
*** SHOWDOWN ***
7ca64c2c collected $0.53 from pot
*** SUMMARY ***
Total pot $0.55 | Rake $0.02 | Jackpot $0 | Bingo $0 | Fortune $0 | Tax $0
Board [9c 6c 4c]
Seat 1: 8065de60 (big blind) folded on the Flop
Seat 3: 30efc38f folded before Flop (didn't bet)
Seat 4: 201088ce folded before Flop (didn't bet)
Seat 5: 7ca64c2c (button) won ($0.53)
Seat 6: Hero (small blind) folded before Flop


Poker Hand #HD1753964724: Hold'em No Limit ($0.05/$0.1) - 2024/05/01 12:25:55
Table 'NLHRed13' 6-max Seat #4 is the button
Seat 1: 8065de60 ($14.52 in chips)
Seat 3: 30efc38f ($10 in chips)
Seat 4: 201088ce ($14.73 in chips)
Seat 5: 7ca64c2c ($15.21 in chips)
Seat 6: Hero ($12.89 in chips)
7ca64c2c: posts small blind $0.05
Hero: posts big blind $0.1
*** HOLE CARDS ***
Dealt to 8065de60 
Dealt to 30efc38f 
Dealt to 201088ce 
Dealt to 7ca64c2c 
Dealt to Hero [Ks 4d]
8065de60: folds
30efc38f: raises $0.13 to $0.23
201088ce: raises $0.57 to $0.8
7ca64c2c: folds
Hero: folds
30efc38f: folds
Uncalled bet ($0.57) returned to 201088ce
*** SHOWDOWN ***
201088ce collected $0.58 from pot
*** SUMMARY ***
Total pot $0.61 | Rake $0.03 | Jackpot $0 | Bingo $0 | Fortune $0 | Tax $0
Seat 1: 8065de60 folded before Flop (didn't bet)
Seat 3: 30efc38f folded before Flop
Seat 4: 201088ce (button) collected ($0.58)
Seat 5: 7ca64c2c (small blind) folded before Flop
Seat 6: Hero (big blind) folded before Flop


Poker Hand #HD1753964687: Hold'em No Limit ($0.05/$0.1) - 2024/05/01 12:25:40
Table 'NLHRed13' 6-max Seat #3 is the button
Seat 1: 8065de60 ($14.37 in chips)
Seat 2: d5bbad88 ($9.33 in chips)
Seat 3: 30efc38f ($10 in chips)
Seat 4: 201088ce ($14.78 in chips)
Seat 5: 7ca64c2c ($15.31 in chips)
Seat 6: Hero ($12.89 in chips)
201088ce: posts small blind $0.05
7ca64c2c: posts big blind $0.1
*** HOLE CARDS ***
Dealt to 8065de60 
Dealt to d5bbad88 
Dealt to 30efc38f 
Dealt to 201088ce 
Dealt to 7ca64c2c 
Dealt to Hero [3h Kd]
Hero: folds
8065de60: raises $0.15 to $0.25
d5bbad88: folds
30efc38f: folds
201088ce: folds
7ca64c2c: folds
Uncalled bet ($0.15) returned to 8065de60
*** SHOWDOWN ***
8065de60 collected $0.25 from pot
*** SUMMARY ***
Total pot $0.25 | Rake $0 | Jackpot $0 | Bingo $0 | Fortune $0 | Tax $0
Seat 1: 8065de60 collected ($0.25)
Seat 2: d5bbad88 folded before Flop (didn't bet)
Seat 3: 30efc38f (button) folded before Flop (didn't bet)
Seat 4: 201088ce (small blind) folded before Flop
Seat 5: 7ca64c2c (big blind) folded before Flop
Seat 6: Hero folded before Flop (didn't bet)


Poker Hand #HD1753964635: Hold'em No Limit ($0.05/$0.1) - 2024/05/01 12:25:20
Table 'NLHRed13' 6-max Seat #2 is the button
Seat 1: 8065de60 ($14.37 in chips)
Seat 2: d5bbad88 ($9.33 in chips)
Seat 3: 30efc38f ($10 in chips)
Seat 4: 201088ce ($14.88 in chips)
Seat 5: 7ca64c2c ($15.16 in chips)
Seat 6: Hero ($12.89 in chips)
30efc38f: posts small blind $0.05
201088ce: posts big blind $0.1
*** HOLE CARDS ***
Dealt to 8065de60 
Dealt to d5bbad88 
Dealt to 30efc38f 
Dealt to 201088ce 
Dealt to 7ca64c2c 
Dealt to Hero [7s 2d]
7ca64c2c: raises $0.1 to $0.2
Hero: folds
8065de60: folds
d5bbad88: folds
30efc38f: folds
201088ce: folds
Uncalled bet ($0.1) returned to 7ca64c2c
*** SHOWDOWN ***
7ca64c2c collected $0.25 from pot
*** SUMMARY ***
Total pot $0.25 | Rake $0 | Jackpot $0 | Bingo $0 | Fortune $0 | Tax $0
Seat 1: 8065de60 folded before Flop (didn't bet)
Seat 2: d5bbad88 (button) folded before Flop (didn't bet)
Seat 3: 30efc38f (small blind) folded before Flop
Seat 4: 201088ce (big blind) folded before Flop
Seat 5: 7ca64c2c collected ($0.25)
Seat 6: Hero folded before Flop (didn't bet)


Poker Hand #HD1753964599: Hold'em No Limit ($0.05/$0.1) - 2024/05/01 12:25:01
Table 'NLHRed13' 6-max Seat #1 is the button
Seat 1: 8065de60 ($14.37 in chips)
Seat 2: d5bbad88 ($9.38 in chips)
Seat 3: 30efc38f ($10 in chips)
Seat 4: 201088ce ($14.73 in chips)
Seat 5: 7ca64c2c ($15.16 in chips)
Seat 6: Hero ($12.89 in chips)
d5bbad88: posts small blind $0.05
30efc38f: posts big blind $0.1
*** HOLE CARDS ***
Dealt to 8065de60 
Dealt to d5bbad88 
Dealt to 30efc38f 
Dealt to 201088ce 
Dealt to 7ca64c2c 
Dealt to Hero [8h 9h]
201088ce: raises $0.2 to $0.3
7ca64c2c: folds
Hero: folds
8065de60: folds
d5bbad88: folds
30efc38f: folds
Uncalled bet ($0.2) returned to 201088ce
*** SHOWDOWN ***
201088ce collected $0.25 from pot
*** SUMMARY ***
Total pot $0.25 | Rake $0 | Jackpot $0 | Bingo $0 | Fortune $0 | Tax $0
Seat 1: 8065de60 (button) folded before Flop (didn't bet)
Seat 2: d5bbad88 (small blind) folded before Flop
Seat 3: 30efc38f (big blind) folded before Flop
Seat 4: 201088ce collected ($0.25)
Seat 5: 7ca64c2c folded before Flop (didn't bet)
Seat 6: Hero folded before Flop (didn't bet)


Poker Hand #HD1753964571: Hold'em No Limit ($0.05/$0.1) - 2024/05/01 12:24:48
Table 'NLHRed13' 6-max Seat #6 is the button
Seat 1: 8065de60 ($14.42 in chips)
Seat 2: d5bbad88 ($9.33 in chips)
Seat 4: 201088ce ($14.73 in chips)
Seat 5: 7ca64c2c ($15.16 in chips)
Seat 6: Hero ($12.89 in chips)
8065de60: posts small blind $0.05
d5bbad88: posts big blind $0.1
*** HOLE CARDS ***
Dealt to 8065de60 
Dealt to d5bbad88 
Dealt to 201088ce 
Dealt to 7ca64c2c 
Dealt to Hero [3s 2s]
201088ce: folds
7ca64c2c: folds
Hero: folds
8065de60: folds
Uncalled bet ($0.05) returned to d5bbad88
*** SHOWDOWN ***
d5bbad88 collected $0.1 from pot
*** SUMMARY ***
Total pot $0.1 | Rake $0 | Jackpot $0 | Bingo $0 | Fortune $0 | Tax $0
Seat 1: 8065de60 (small blind) folded before Flop
Seat 2: d5bbad88 (big blind) collected ($0.1)
Seat 4: 201088ce folded before Flop (didn't bet)
Seat 5: 7ca64c2c folded before Flop (didn't bet)
Seat 6: Hero (button) folded before Flop (didn't bet)


Poker Hand #HD1753964541: Hold'em No Limit ($0.05/$0.1) - 2024/05/01 12:24:35
Table 'NLHRed13' 6-max Seat #5 is the button
Seat 1: 8065de60 ($14.52 in chips)
Seat 2: d5bbad88 ($9.33 in chips)
Seat 4: 201088ce ($14.73 in chips)
Seat 5: 7ca64c2c ($15.16 in chips)
Seat 6: Hero ($12.79 in chips)
Hero: posts small blind $0.05
8065de60: posts big blind $0.1
*** HOLE CARDS ***
Dealt to 8065de60 
Dealt to d5bbad88 
Dealt to 201088ce 
Dealt to 7ca64c2c 
Dealt to Hero [Ah Ac]
d5bbad88: folds
201088ce: folds
7ca64c2c: folds
Hero: raises $0.2 to $0.3
8065de60: folds
Uncalled bet ($0.2) returned to Hero
*** SHOWDOWN ***
Hero collected $0.2 from pot
*** SUMMARY ***
Total pot $0.2 | Rake $0 | Jackpot $0 | Bingo $0 | Fortune $0 | Tax $0
Seat 1: 8065de60 (big blind) folded before Flop
Seat 2: d5bbad88 folded before Flop (didn't bet)
Seat 4: 201088ce folded before Flop (didn't bet)
Seat 5: 7ca64c2c (button) folded before Flop (didn't bet)
Seat 6: Hero (small blind) collected ($0.2)


Poker Hand #HD1753964453: Hold'em No Limit ($0.05/$0.1) - 2024/05/01 12:23:55
Table 'NLHRed13' 6-max Seat #4 is the button
Seat 1: 8065de60 ($14.52 in chips)
Seat 2: d5bbad88 ($9.53 in chips)
Seat 4: 201088ce ($14.4 in chips)
Seat 5: 7ca64c2c ($15.21 in chips)
Seat 6: Hero ($12.89 in chips)
7ca64c2c: posts small blind $0.05
Hero: posts big blind $0.1
*** HOLE CARDS ***
Dealt to 8065de60 
Dealt to d5bbad88 
Dealt to 201088ce 
Dealt to 7ca64c2c 
Dealt to Hero [2c Js]
8065de60: folds
d5bbad88: raises $0.1 to $0.2
201088ce: raises $0.55 to $0.75
7ca64c2c: folds
Hero: folds
d5bbad88: folds
Uncalled bet ($0.55) returned to 201088ce
*** SHOWDOWN ***
201088ce collected $0.53 from pot
*** SUMMARY ***
Total pot $0.55 | Rake $0.02 | Jackpot $0 | Bingo $0 | Fortune $0 | Tax $0
Seat 1: 8065de60 folded before Flop (didn't bet)
Seat 2: d5bbad88 folded before Flop
Seat 4: 201088ce (button) collected ($0.53)
Seat 5: 7ca64c2c (small blind) folded before Flop
Seat 6: Hero (big blind) folded before Flop


Poker Hand #HD1753964359: Hold'em No Limit ($0.05/$0.1) - 2024/05/01 12:23:14
Table 'NLHRed13' 6-max Seat #2 is the button
Seat 1: 8065de60 ($14.52 in chips)
Seat 2: d5bbad88 ($9.53 in chips)
Seat 4: 201088ce ($14.3 in chips)
Seat 5: 7ca64c2c ($15.31 in chips)
Seat 6: Hero ($12.89 in chips)
201088ce: posts small blind $0.05
7ca64c2c: posts big blind $0.1
*** HOLE CARDS ***
Dealt to 8065de60 
Dealt to d5bbad88 
Dealt to 201088ce 
Dealt to 7ca64c2c 
Dealt to Hero [7s 6c]
Hero: folds
8065de60: folds
d5bbad88: folds
201088ce: raises $0.15 to $0.25
7ca64c2c: folds
Uncalled bet ($0.15) returned to 201088ce
*** SHOWDOWN ***
201088ce collected $0.2 from pot
*** SUMMARY ***
Total pot $0.2 | Rake $0 | Jackpot $0 | Bingo $0 | Fortune $0 | Tax $0
Seat 1: 8065de60 folded before Flop (didn't bet)
Seat 2: d5bbad88 (button) folded before Flop (didn't bet)
Seat 4: 201088ce (small blind) collected ($0.2)
Seat 5: 7ca64c2c (big blind) folded before Flop
Seat 6: Hero folded before Flop (didn't bet)


Poker Hand #HD1753964187: Hold'em No Limit ($0.05/$0.1) - 2024/05/01 12:21:48
Table 'NLHRed13' 6-max Seat #1 is the button
Seat 1: 8065de60 ($14.52 in chips)
Seat 2: d5bbad88 ($8.76 in chips)
Seat 4: 201088ce ($14.4 in chips)
Seat 5: 7ca64c2c ($15.31 in chips)
Seat 6: Hero ($13.63 in chips)
d5bbad88: posts small blind $0.05
201088ce: posts big blind $0.1
*** HOLE CARDS ***
Dealt to 8065de60 
Dealt to d5bbad88 
Dealt to 201088ce 
Dealt to 7ca64c2c 
Dealt to Hero [Ad Ts]
7ca64c2c: folds
Hero: raises $0.14 to $0.24
8065de60: folds
d5bbad88: calls $0.19
201088ce: folds
*** FLOP *** [8s 7c 8h]
d5bbad88: checks
Hero: checks
*** TURN *** [8s 7c 8h] [Js]
d5bbad88: checks
Hero: checks
*** RIVER *** [8s 7c 8h Js] [7h]
d5bbad88: bets $0.5
Hero: calls $0.5
d5bbad88: shows [Jd 9d] (Pair of Jacks and Pair of Eights)
Hero: shows [Ad Ts] (Pair of Eights and Pair of Sevens)
*** SHOWDOWN ***
d5bbad88 collected $1.51 from pot
*** SUMMARY ***
Total pot $1.58 | Rake $0.07 | Jackpot $0 | Bingo $0 | Fortune $0 | Tax $0
Board [8s 7c 8h Js 7h]
Seat 1: 8065de60 (button) folded before Flop (didn't bet)
Seat 2: d5bbad88 (small blind) showed [Jd 9d] and won ($1.51) with Pair of Jacks and Pair of Eights
Seat 4: 201088ce (big blind) folded before Flop
Seat 5: 7ca64c2c folded before Flop (didn't bet)
Seat 6: Hero showed [Ad Ts] and lost with Pair of Eights and Pair of Sevens


Poker Hand #HD1753964075: Hold'em No Limit ($0.05/$0.1) - 2024/05/01 12:20:49
Table 'NLHRed13' 6-max Seat #6 is the button
Seat 1: 8065de60 ($14.57 in chips)
Seat 2: d5bbad88 ($8.86 in chips)
Seat 3: 518ec8 ($3.41 in chips)
Seat 4: 201088ce ($14.4 in chips)
Seat 5: 7ca64c2c ($12.19 in chips)
Seat 6: Hero ($13.63 in chips)
8065de60: posts small blind $0.05
d5bbad88: posts big blind $0.1
*** HOLE CARDS ***
Dealt to 8065de60 
Dealt to d5bbad88 
Dealt to 518ec8 
Dealt to 201088ce 
Dealt to 7ca64c2c 
Dealt to Hero [4c As]
518ec8: calls $0.1
201088ce: folds
7ca64c2c: raises $0.28 to $0.38
Hero: folds
8065de60: folds
d5bbad88: folds
518ec8: calls $0.28
*** FLOP *** [Ks 6c 2h]
518ec8: checks
7ca64c2c: checks
*** TURN *** [Ks 6c 2h] [4s]
518ec8: checks
7ca64c2c: bets $0.31
518ec8: calls $0.31
*** RIVER *** [Ks 6c 2h 4s] [Kd]
518ec8: bets $0.77
7ca64c2c: raises $2.13 to $2.9
518ec8: calls $1.95 and is all-in
Uncalled bet ($0.18) returned to 7ca64c2c
7ca64c2c: shows [Jd Kc] (Three Kings)
518ec8: shows [8s 8d] (Pair of Kings and Pair of Eights)
*** SHOWDOWN ***
7ca64c2c collected $6.53 from pot
*** SUMMARY ***
Total pot $6.97 | Rake $0.34 | Jackpot $0.1 | Bingo $0 | Fortune $0 | Tax $0
Board [Ks 6c 2h 4s Kd]
Seat 1: 8065de60 (small blind) folded before Flop
Seat 2: d5bbad88 (big blind) folded before Flop
Seat 3: 518ec8 showed [8s 8d] and lost with Pair of Kings and Pair of Eights
Seat 4: 201088ce folded before Flop (didn't bet)
Seat 5: 7ca64c2c showed [Jd Kc] and won ($6.53) with Three Kings
Seat 6: Hero (button) folded before Flop (didn't bet)


Poker Hand #HD1753964025: Hold'em No Limit ($0.05/$0.1) - 2024/05/01 12:20:22
Table 'NLHRed13' 6-max Seat #5 is the button
Seat 1: 8065de60 ($14.67 in chips)
Seat 2: d5bbad88 ($8.86 in chips)
Seat 3: 518ec8 ($3.51 in chips)
Seat 4: 201088ce ($14.4 in chips)
Seat 5: 7ca64c2c ($12.57 in chips)
Seat 6: Hero ($13.09 in chips)
Hero: posts small blind $0.05
8065de60: posts big blind $0.1
*** HOLE CARDS ***
Dealt to 8065de60 
Dealt to d5bbad88 
Dealt to 518ec8 
Dealt to 201088ce 
Dealt to 7ca64c2c 
Dealt to Hero [Jd Ad]
d5bbad88: folds
518ec8: calls $0.1
201088ce: folds
7ca64c2c: raises $0.28 to $0.38
Hero: raises $0.72 to $1.1
8065de60: folds
518ec8: folds
7ca64c2c: folds
Uncalled bet ($0.72) returned to Hero
*** SHOWDOWN ***
Hero collected $0.92 from pot
*** SUMMARY ***
Total pot $0.96 | Rake $0.04 | Jackpot $0 | Bingo $0 | Fortune $0 | Tax $0
Seat 1: 8065de60 (big blind) folded before Flop
Seat 2: d5bbad88 folded before Flop (didn't bet)
Seat 3: 518ec8 folded before Flop
Seat 4: 201088ce folded before Flop (didn't bet)
Seat 5: 7ca64c2c (button) folded before Flop
Seat 6: Hero (small blind) collected ($0.92)


Poker Hand #HD1753963810: Hold'em No Limit ($0.05/$0.1) - 2024/05/01 12:18:42
Table 'NLHRed13' 6-max Seat #4 is the button
Seat 1: 8065de60 ($15.32 in chips)
Seat 2: d5bbad88 ($8.86 in chips)
Seat 3: 518ec8 ($3.51 in chips)
Seat 4: 201088ce ($14.4 in chips)
Seat 5: 7ca64c2c ($15.05 in chips)
Seat 6: Hero ($10.33 in chips)
7ca64c2c: posts small blind $0.05
Hero: posts big blind $0.1
*** HOLE CARDS ***
Dealt to 8065de60 
Dealt to d5bbad88 
Dealt to 518ec8 
Dealt to 201088ce 
Dealt to 7ca64c2c 
Dealt to Hero [7d 8d]
8065de60: raises $0.15 to $0.25
d5bbad88: folds
518ec8: folds
201088ce: folds
7ca64c2c: calls $0.2
Hero: calls $0.15
*** FLOP *** [8s 4h 5s]
7ca64c2c: checks
Hero: checks
8065de60: bets $0.4
7ca64c2c: calls $0.4
Hero: calls $0.4
*** TURN *** [8s 4h 5s] [6c]
7ca64c2c: checks
Hero: checks
8065de60: checks
*** RIVER *** [8s 4h 5s 6c] [Jd]
7ca64c2c: bets $0.65
Hero: raises $1.18 to $1.83
8065de60: folds
7ca64c2c: calls $1.18
Hero: shows [7d 8d] (Eights-High Straight)
7ca64c2c: shows [6h 6d] (Three Sixes)
*** SHOWDOWN ***
Hero collected $5.24 from pot
*** SUMMARY ***
Total pot $5.61 | Rake $0.27 | Jackpot $0.1 | Bingo $0 | Fortune $0 | Tax $0
Board [8s 4h 5s 6c Jd]
Seat 1: 8065de60 folded on the River
Seat 2: d5bbad88 folded before Flop (didn't bet)
Seat 3: 518ec8 folded before Flop (didn't bet)
Seat 4: 201088ce (button) folded before Flop (didn't bet)
Seat 5: 7ca64c2c (small blind) showed [6h 6d] and lost with Three Sixes
Seat 6: Hero (big blind) showed [7d 8d] and won ($5.24) with Eights-High Straight


Poker Hand #HD1753963744: Hold'em No Limit ($0.05/$0.1) - 2024/05/01 12:18:09
Table 'NLHRed13' 6-max Seat #3 is the button
Seat 1: 8065de60 ($15.32 in chips)
Seat 2: d5bbad88 ($8.86 in chips)
Seat 3: 518ec8 ($3.71 in chips)
Seat 4: 201088ce ($14.45 in chips)
Seat 5: 7ca64c2c ($15.15 in chips)
Seat 6: Hero ($10 in chips)
201088ce: posts small blind $0.05
7ca64c2c: posts big blind $0.1
*** HOLE CARDS ***
Dealt to 8065de60 
Dealt to d5bbad88 
Dealt to 518ec8 
Dealt to 201088ce 
Dealt to 7ca64c2c 
Dealt to Hero [Ks Qh]
Hero: raises $0.1 to $0.2
8065de60: folds
d5bbad88: folds
518ec8: calls $0.2
201088ce: folds
7ca64c2c: folds
*** FLOP *** [4c Qc 5c]
Hero: checks
518ec8: checks
*** TURN *** [4c Qc 5c] [Ad]
Hero: checks
518ec8: checks
*** RIVER *** [4c Qc 5c Ad] [7h]
Hero: checks
518ec8: checks
Hero: shows [Ks Qh] (Pair of Queens)
518ec8: shows [Kc 9s] (Ace-High)
*** SHOWDOWN ***
Hero collected $0.53 from pot
*** SUMMARY ***
Total pot $0.55 | Rake $0.02 | Jackpot $0 | Bingo $0 | Fortune $0 | Tax $0
Board [4c Qc 5c Ad 7h]
Seat 1: 8065de60 folded before Flop (didn't bet)
Seat 2: d5bbad88 folded before Flop (didn't bet)
Seat 3: 518ec8 (button) showed [Kc 9s] and lost with Ace-High
Seat 4: 201088ce (small blind) folded before Flop
Seat 5: 7ca64c2c (big blind) folded before Flop
Seat 6: Hero showed [Ks Qh] and won ($0.53) with Pair of Queens


Poker Hand #HD1753963551: Hold'em No Limit ($0.05/$0.1) - 2024/05/01 12:16:35
Table 'NLHRed13' 6-max Seat #2 is the button
Seat 1: 8065de60 ($12.82 in chips)
Seat 2: d5bbad88 ($10.21 in chips)
Seat 3: 518ec8 ($5.06 in chips)
Seat 4: 201088ce ($14.55 in chips)
Seat 5: 7ca64c2c ($15.15 in chips)
Seat 6: Hero ($10 in chips)
518ec8: posts small blind $0.05
201088ce: posts big blind $0.1
*** HOLE CARDS ***
Dealt to 8065de60 
Dealt to d5bbad88 
Dealt to 518ec8 
Dealt to 201088ce 
Dealt to 7ca64c2c 
Dealt to Hero [6s 4d]
7ca64c2c: folds
Hero: folds
8065de60: raises $0.15 to $0.25
d5bbad88: raises $0.5 to $0.75
518ec8: calls $0.7
201088ce: folds
8065de60: calls $0.5
*** FLOP *** [Jd Qh 8s]
518ec8: checks
8065de60: checks
d5bbad88: bets $0.6
518ec8: calls $0.6
8065de60: raises $0.95 to $1.55
d5bbad88: folds
518ec8: folds
Uncalled bet ($0.95) returned to 8065de60
*** SHOWDOWN ***
8065de60 collected $3.85 from pot
*** SUMMARY ***
Total pot $4.15 | Rake $0.2 | Jackpot $0.1 | Bingo $0 | Fortune $0 | Tax $0
Board [Jd Qh 8s]
Seat 1: 8065de60 won ($3.85)
Seat 2: d5bbad88 (button) folded on the Flop
Seat 3: 518ec8 (small blind) folded on the Flop
Seat 4: 201088ce (big blind) folded before Flop
Seat 5: 7ca64c2c folded before Flop (didn't bet)
Seat 6: Hero folded before Flop (didn't bet)


Poker Hand #HD1753963383: Hold'em No Limit ($0.05/$0.1) - 2024/05/01 12:15:23
Table 'NLHRed13' 6-max Seat #1 is the button
Seat 1: 8065de60 ($12.82 in chips)
Seat 2: d5bbad88 ($10.56 in chips)
Seat 3: 518ec8 ($4.75 in chips)
Seat 4: 201088ce ($14.55 in chips)
Seat 5: 7ca64c2c ($15.15 in chips)
Seat 6: Hero ($10 in chips)
d5bbad88: posts small blind $0.05
518ec8: posts big blind $0.1
*** HOLE CARDS ***
Dealt to 8065de60 
Dealt to d5bbad88 
Dealt to 518ec8 
Dealt to 201088ce 
Dealt to 7ca64c2c 
Dealt to Hero [9d 7h]
201088ce: folds
7ca64c2c: folds
Hero: folds
8065de60: folds
d5bbad88: raises $0.1 to $0.2
518ec8: calls $0.1
*** FLOP *** [2h 6h 5c]
d5bbad88: bets $0.15
518ec8: calls $0.15
*** TURN *** [2h 6h 5c] [Jh]
d5bbad88: checks
518ec8: checks
*** RIVER *** [2h 6h 5c Jh] [5h]
d5bbad88: checks
518ec8: checks
d5bbad88: shows [Kd 7c] (Pair of Fives)
518ec8: shows [7s 9h] (Jack High Flush)
*** SHOWDOWN ***
518ec8 collected $0.66 from pot
*** SUMMARY ***
Total pot $0.7 | Rake $0.04 | Jackpot $0 | Bingo $0 | Fortune $0 | Tax $0
Board [2h 6h 5c Jh 5h]
Seat 1: 8065de60 (button) folded before Flop (didn't bet)
Seat 2: d5bbad88 (small blind) showed [Kd 7c] and lost with Pair of Fives
Seat 3: 518ec8 (big blind) showed [7s 9h] and won ($0.66) with Jack High Flush
Seat 4: 201088ce folded before Flop (didn't bet)
Seat 5: 7ca64c2c folded before Flop (didn't bet)
Seat 6: Hero folded before Flop (didn't bet)


Poker Hand #HD1753963260: Hold'em No Limit ($0.05/$0.1) - 2024/05/01 12:14:17
Table 'NLHRed13' 6-max Seat #6 is the button
Seat 1: 8065de60 ($12.87 in chips)
Seat 2: d5bbad88 ($10.11 in chips)
Seat 3: 518ec8 ($4.75 in chips)
Seat 4: 201088ce ($14.55 in chips)
Seat 5: 7ca64c2c ($15.15 in chips)
Seat 6: Hero ($10 in chips)
8065de60: posts small blind $0.05
d5bbad88: posts big blind $0.1
*** HOLE CARDS ***
Dealt to 8065de60 
Dealt to d5bbad88 
Dealt to 518ec8 
Dealt to 201088ce 
Dealt to 7ca64c2c 
Dealt to Hero [7h Qh]
518ec8: folds
201088ce: folds
7ca64c2c: folds
Hero: raises $0.14 to $0.24
8065de60: folds
d5bbad88: calls $0.14
*** FLOP *** [Ah 4h 3c]
d5bbad88: checks
Hero: bets $0.2
d5bbad88: calls $0.2
*** TURN *** [Ah 4h 3c] [3d]
d5bbad88: checks
Hero: checks
*** RIVER *** [Ah 4h 3c 3d] [8s]
d5bbad88: bets $0.6
Hero: folds
Uncalled bet ($0.6) returned to d5bbad88
*** SHOWDOWN ***
d5bbad88 collected $0.89 from pot
*** SUMMARY ***
Total pot $0.93 | Rake $0.04 | Jackpot $0 | Bingo $0 | Fortune $0 | Tax $0
Board [Ah 4h 3c 3d 8s]
Seat 1: 8065de60 (small blind) folded before Flop
Seat 2: d5bbad88 (big blind) won ($0.89)
Seat 3: 518ec8 folded before Flop (didn't bet)
Seat 4: 201088ce folded before Flop (didn't bet)
Seat 5: 7ca64c2c folded before Flop (didn't bet)
Seat 6: Hero (button) folded on the River


Poker Hand #HD1753963235: Hold'em No Limit ($0.05/$0.1) - 2024/05/01 12:14:03
Table 'NLHRed13' 6-max Seat #5 is the button
Seat 1: 8065de60 ($12.97 in chips)
Seat 2: d5bbad88 ($10.11 in chips)
Seat 3: 518ec8 ($4.75 in chips)
Seat 4: 201088ce ($14.4 in chips)
Seat 5: 7ca64c2c ($15.15 in chips)
Seat 6: Hero ($10 in chips)
Hero: posts small blind $0.05
8065de60: posts big blind $0.1
*** HOLE CARDS ***
Dealt to 8065de60 
Dealt to d5bbad88 
Dealt to 518ec8 
Dealt to 201088ce 
Dealt to 7ca64c2c 
Dealt to Hero [3h Jd]
d5bbad88: folds
518ec8: folds
201088ce: raises $0.15 to $0.25
7ca64c2c: folds
Hero: folds
8065de60: folds
Uncalled bet ($0.15) returned to 201088ce
*** SHOWDOWN ***
201088ce collected $0.25 from pot
*** SUMMARY ***
Total pot $0.25 | Rake $0 | Jackpot $0 | Bingo $0 | Fortune $0 | Tax $0
Seat 1: 8065de60 (big blind) folded before Flop
Seat 2: d5bbad88 folded before Flop (didn't bet)
Seat 3: 518ec8 folded before Flop (didn't bet)
Seat 4: 201088ce collected ($0.25)
Seat 5: 7ca64c2c (button) folded before Flop (didn't bet)
Seat 6: Hero (small blind) folded before Flop


Poker Hand #HD1753963109: Hold'em No Limit ($0.05/$0.1) - 2024/05/01 12:13:01
Table 'NLHRed13' 6-max Seat #4 is the button
Seat 1: 8065de60 ($12.97 in chips)
Seat 2: d5bbad88 ($10.11 in chips)
Seat 3: 518ec8 ($3.48 in chips)
Seat 4: 201088ce ($14.4 in chips)
Seat 5: 7ca64c2c ($16.48 in chips)
Seat 6: Hero ($10 in chips)
7ca64c2c: posts small blind $0.05
Hero: posts big blind $0.1
*** HOLE CARDS ***
Dealt to 8065de60 
Dealt to d5bbad88 
Dealt to 518ec8 
Dealt to 201088ce 
Dealt to 7ca64c2c 
Dealt to Hero [6s 6h]
8065de60: folds
d5bbad88: folds
518ec8: calls $0.1
201088ce: folds
7ca64c2c: raises $0.4 to $0.5
Hero: folds
518ec8: raises $0.83 to $1.33
7ca64c2c: calls $0.83
*** FLOP *** [Qs 9s Td]
7ca64c2c: checks
518ec8: bets $2.15 and is all-in
7ca64c2c: folds
Uncalled bet ($2.15) returned to 518ec8
*** SHOWDOWN ***
518ec8 collected $2.6 from pot
*** SUMMARY ***
Total pot $2.76 | Rake $0.16 | Jackpot $0 | Bingo $0 | Fortune $0 | Tax $0
Board [Qs 9s Td]
Seat 1: 8065de60 folded before Flop (didn't bet)
Seat 2: d5bbad88 folded before Flop (didn't bet)
Seat 3: 518ec8 won ($2.6)
Seat 4: 201088ce (button) folded before Flop (didn't bet)
Seat 5: 7ca64c2c (small blind) folded on the Flop
Seat 6: Hero (big blind) folded before Flop


Poker Hand #HD1753962332: Hold'em No Limit ($0.05/$0.1) - 2024/05/01 12:06:36
Table 'NLHRed13' 6-max Seat #1 is the button
Seat 1: 8065de60 ($10 in chips)
Seat 2: d5bbad88 ($8.31 in chips)
Seat 3: 518ec8 ($1.55 in chips)
Seat 4: 201088ce ($10.92 in chips)
Seat 5: 7ca64c2c ($13.71 in chips)
Seat 6: Hero ($10 in chips)
d5bbad88: posts small blind $0.05
518ec8: posts big blind $0.1
*** HOLE CARDS ***
Dealt to 8065de60 
Dealt to d5bbad88 
Dealt to 518ec8 
Dealt to 201088ce 
Dealt to 7ca64c2c 
Dealt to Hero [5s Ts]
201088ce: raises $0.2 to $0.3
7ca64c2c: folds
Hero: folds
8065de60: calls $0.3
d5bbad88: folds
518ec8: folds
*** FLOP *** [Qh Qd 4d]
201088ce: bets $0.2
8065de60: calls $0.2
*** TURN *** [Qh Qd 4d] [2h]
201088ce: checks
8065de60: bets $0.8
201088ce: calls $0.8
*** RIVER *** [Qh Qd 4d 2h] [6d]
201088ce: bets $0.7
8065de60: folds
Uncalled bet ($0.7) returned to 201088ce
*** SHOWDOWN ***
201088ce collected $2.62 from pot
*** SUMMARY ***
Total pot $2.75 | Rake $0.13 | Jackpot $0 | Bingo $0 | Fortune $0 | Tax $0
Board [Qh Qd 4d 2h 6d]
Seat 1: 8065de60 (button) folded on the River
Seat 2: d5bbad88 (small blind) folded before Flop
Seat 3: 518ec8 (big blind) folded before Flop
Seat 4: 201088ce won ($2.62)
Seat 5: 7ca64c2c folded before Flop (didn't bet)
Seat 6: Hero folded before Flop (didn't bet)


Poker Hand #HD1753962089: Hold'em No Limit ($0.05/$0.1) - 2024/05/01 12:04:34
Table 'NLHRed13' 6-max Seat #6 is the button
Seat 1: 8065de60 ($10 in chips)
Seat 2: d5bbad88 ($8.75 in chips)
Seat 3: 518ec8 ($1.55 in chips)
Seat 4: 201088ce ($10.92 in chips)
Seat 5: 7ca64c2c ($13.26 in chips)
Seat 6: Hero ($10 in chips)
8065de60: posts small blind $0.05
d5bbad88: posts big blind $0.1
*** HOLE CARDS ***
Dealt to 8065de60 
Dealt to d5bbad88 
Dealt to 518ec8 
Dealt to 201088ce 
Dealt to 7ca64c2c 
Dealt to Hero [8c 9h]
518ec8: folds
201088ce: folds
7ca64c2c: raises $0.13 to $0.23
Hero: folds
8065de60: folds
d5bbad88: calls $0.13
*** FLOP *** [7h 4h 4d]
d5bbad88: checks
7ca64c2c: checks
*** TURN *** [7h 4h 4d] [7s]
d5bbad88: bets $0.21
7ca64c2c: calls $0.21
*** RIVER *** [7h 4h 4d 7s] [3h]
d5bbad88: checks
7ca64c2c: checks
d5bbad88: shows [3s 5s] (Pair of Sevens and Pair of Fours)
7ca64c2c: shows [Jd Ad] (Pair of Sevens and Pair of Fours)
*** SHOWDOWN ***
7ca64c2c collected $0.89 from pot
*** SUMMARY ***
Total pot $0.93 | Rake $0.04 | Jackpot $0 | Bingo $0 | Fortune $0 | Tax $0
Board [7h 4h 4d 7s 3h]
Seat 1: 8065de60 (small blind) folded before Flop
Seat 2: d5bbad88 (big blind) showed [3s 5s] and lost with Pair of Sevens and Pair of Fours
Seat 3: 518ec8 folded before Flop (didn't bet)
Seat 4: 201088ce folded before Flop (didn't bet)
Seat 5: 7ca64c2c showed [Jd Ad] and won ($0.89) with Pair of Sevens and Pair of Fours
Seat 6: Hero (button) folded before Flop (didn't bet)


Poker Hand #HD1753962047: Hold'em No Limit ($0.05/$0.1) - 2024/05/01 12:04:12
Table 'NLHRed13' 6-max Seat #5 is the button
Seat 1: 8065de60 ($10 in chips)
Seat 2: d5bbad88 ($8.75 in chips)
Seat 3: 518ec8 ($1.55 in chips)
Seat 4: 201088ce ($10.77 in chips)
Seat 5: 7ca64c2c ($13.26 in chips)
Seat 6: Hero ($10 in chips)
Hero: posts small blind $0.05
8065de60: posts big blind $0.1
*** HOLE CARDS ***
Dealt to 8065de60 
Dealt to d5bbad88 
Dealt to 518ec8 
Dealt to 201088ce 
Dealt to 7ca64c2c 
Dealt to Hero [4s Td]
d5bbad88: folds
518ec8: folds
201088ce: raises $0.15 to $0.25
7ca64c2c: folds
Hero: folds
8065de60: folds
Uncalled bet ($0.15) returned to 201088ce
*** SHOWDOWN ***
201088ce collected $0.25 from pot
*** SUMMARY ***
Total pot $0.25 | Rake $0 | Jackpot $0 | Bingo $0 | Fortune $0 | Tax $0
Seat 1: 8065de60 (big blind) folded before Flop
Seat 2: d5bbad88 folded before Flop (didn't bet)
Seat 3: 518ec8 folded before Flop (didn't bet)
Seat 4: 201088ce collected ($0.25)
Seat 5: 7ca64c2c (button) folded before Flop (didn't bet)
Seat 6: Hero (small blind) folded before Flop


Poker Hand #HD1753961941: Hold'em No Limit ($0.05/$0.1) - 2024/05/01 12:03:17
Table 'NLHRed13' 6-max Seat #4 is the button
Seat 1: 8065de60 ($10.15 in chips)
Seat 2: d5bbad88 ($8.75 in chips)
Seat 3: 518ec8 ($2 in chips)
Seat 4: 201088ce ($9.34 in chips)
Seat 5: 7ca64c2c ($13.31 in chips)
Seat 6: Hero ($10.1 in chips)
7ca64c2c: posts small blind $0.05
Hero: posts big blind $0.1
518ec8: posts big blind $0.1
*** HOLE CARDS ***
Dealt to 8065de60 
Dealt to d5bbad88 
Dealt to 518ec8 
Dealt to 201088ce 
Dealt to 7ca64c2c 
Dealt to Hero [Td 8d]
8065de60: raises $0.35 to $0.45
d5bbad88: folds
518ec8: calls $0.35
201088ce: calls $0.45
7ca64c2c: folds
Hero: folds
*** FLOP *** [Ks Jd 3h]
8065de60: bets $0.5
518ec8: folds
201088ce: calls $0.5
*** TURN *** [Ks Jd 3h] [9c]
8065de60: checks
201088ce: bets $1.35
8065de60: folds
Uncalled bet ($1.35) returned to 201088ce
*** SHOWDOWN ***
201088ce collected $2.38 from pot
*** SUMMARY ***
Total pot $2.5 | Rake $0.12 | Jackpot $0 | Bingo $0 | Fortune $0 | Tax $0
Board [Ks Jd 3h 9c]
Seat 1: 8065de60 folded on the Turn
Seat 2: d5bbad88 folded before Flop (didn't bet)
Seat 3: 518ec8 folded on the Flop
Seat 4: 201088ce (button) won ($2.38)
Seat 5: 7ca64c2c (small blind) folded before Flop
Seat 6: Hero (big blind) folded before Flop


Poker Hand #HD1753961885: Hold'em No Limit ($0.05/$0.1) - 2024/05/01 12:02:48
Table 'NLHRed13' 6-max Seat #2 is the button
Seat 1: 8065de60 ($10.15 in chips)
Seat 2: d5bbad88 ($8.75 in chips)
Seat 4: 201088ce ($9.11 in chips)
Seat 5: 7ca64c2c ($13.56 in chips)
Seat 6: Hero ($10.1 in chips)
201088ce: posts small blind $0.05
7ca64c2c: posts big blind $0.1
*** HOLE CARDS ***
Dealt to 8065de60 
Dealt to d5bbad88 
Dealt to 201088ce 
Dealt to 7ca64c2c 
Dealt to Hero [5h 3h]
Hero: folds
8065de60: folds
d5bbad88: folds
201088ce: raises $0.15 to $0.25
7ca64c2c: calls $0.15
*** FLOP *** [4c Ac 4d]
201088ce: bets $0.19
7ca64c2c: folds
Uncalled bet ($0.19) returned to 201088ce
*** SHOWDOWN ***
201088ce collected $0.48 from pot
*** SUMMARY ***
Total pot $0.5 | Rake $0.02 | Jackpot $0 | Bingo $0 | Fortune $0 | Tax $0
Board [4c Ac 4d]
Seat 1: 8065de60 folded before Flop (didn't bet)
Seat 2: d5bbad88 (button) folded before Flop (didn't bet)
Seat 4: 201088ce (small blind) won ($0.48)
Seat 5: 7ca64c2c (big blind) folded on the Flop
Seat 6: Hero folded before Flop (didn't bet)


Poker Hand #HD1753961816: Hold'em No Limit ($0.05/$0.1) - 2024/05/01 12:02:18
Table 'NLHRed13' 6-max Seat #1 is the button
Seat 1: 8065de60 ($10 in chips)
Seat 2: d5bbad88 ($8.8 in chips)
Seat 4: 201088ce ($9.21 in chips)
Seat 5: 7ca64c2c ($13.56 in chips)
Seat 6: Hero ($10.1 in chips)
d5bbad88: posts small blind $0.05
201088ce: posts big blind $0.1
*** HOLE CARDS ***
Dealt to 8065de60 
Dealt to d5bbad88 
Dealt to 201088ce 
Dealt to 7ca64c2c 
Dealt to Hero [3d 8d]
7ca64c2c: folds
Hero: folds
8065de60: raises $0.15 to $0.25
d5bbad88: folds
201088ce: folds
Uncalled bet ($0.15) returned to 8065de60
*** SHOWDOWN ***
8065de60 collected $0.25 from pot
*** SUMMARY ***
Total pot $0.25 | Rake $0 | Jackpot $0 | Bingo $0 | Fortune $0 | Tax $0
Seat 1: 8065de60 (button) collected ($0.25)
Seat 2: d5bbad88 (small blind) folded before Flop
Seat 4: 201088ce (big blind) folded before Flop
Seat 5: 7ca64c2c folded before Flop (didn't bet)
Seat 6: Hero folded before Flop (didn't bet)


Poker Hand #HD1753961582: Hold'em No Limit ($0.05/$0.1) - 2024/05/01 12:00:19
Table 'NLHRed13' 6-max Seat #6 is the button
Seat 1: 8065de60 ($10 in chips)
Seat 2: d5bbad88 ($11.8 in chips)
Seat 3: 8634f32a ($10 in chips)
Seat 4: 201088ce ($9.21 in chips)
Seat 5: 7ca64c2c ($14.46 in chips)
Seat 6: Hero ($10.1 in chips)
8065de60: posts small blind $0.05
d5bbad88: posts big blind $0.1
*** HOLE CARDS ***
Dealt to 8065de60 
Dealt to d5bbad88 
Dealt to 8634f32a 
Dealt to 201088ce 
Dealt to 7ca64c2c 
Dealt to Hero [Jd 7d]
8634f32a: raises $0.2 to $0.3
201088ce: folds
7ca64c2c: raises $0.6 to $0.9
Hero: folds
8065de60: folds
d5bbad88: calls $0.8
8634f32a: calls $0.6
*** FLOP *** [Kd 7h 8s]
d5bbad88: checks
8634f32a: checks
7ca64c2c: checks
*** TURN *** [Kd 7h 8s] [5s]
d5bbad88: checks
8634f32a: bets $2.1
7ca64c2c: folds
d5bbad88: calls $2.1
*** RIVER *** [Kd 7h 8s 5s] [6h]
d5bbad88: checks
8634f32a: checks
d5bbad88: shows [Js Jh] (Pair of Jacks)
8634f32a: shows [As 4s] (Eights-High Straight)
*** SHOWDOWN ***
8634f32a collected $6.51 from pot
*** SUMMARY ***
Total pot $6.95 | Rake $0.34 | Jackpot $0.1 | Bingo $0 | Fortune $0 | Tax $0
Board [Kd 7h 8s 5s 6h]
Seat 1: 8065de60 (small blind) folded before Flop
Seat 2: d5bbad88 (big blind) showed [Js Jh] and lost with Pair of Jacks
Seat 3: 8634f32a showed [As 4s] and won ($6.51) with Eights-High Straight
Seat 4: 201088ce folded before Flop (didn't bet)
Seat 5: 7ca64c2c folded on the Turn
Seat 6: Hero (button) folded before Flop (didn't bet)


Poker Hand #HD1753961424: Hold'em No Limit ($0.05/$0.1) - 2024/05/01 11:58:57
Table 'NLHRed13' 6-max Seat #5 is the button
Seat 1: 8065de60 ($10 in chips)
Seat 2: d5bbad88 ($11.8 in chips)
Seat 3: 8634f32a ($11.77 in chips)
Seat 4: 201088ce ($9.21 in chips)
Seat 5: 7ca64c2c ($10 in chips)
Seat 6: Hero ($10.15 in chips)
Hero: posts small blind $0.05
8065de60: posts big blind $0.1
*** HOLE CARDS ***
Dealt to 8065de60 
Dealt to d5bbad88 
Dealt to 8634f32a 
Dealt to 201088ce 
Dealt to 7ca64c2c 
Dealt to Hero [5c 6h]
d5bbad88: folds
8634f32a: raises $0.2 to $0.3
201088ce: folds
7ca64c2c: calls $0.3
Hero: folds
8065de60: folds
*** FLOP *** [2c 4h 6s]
8634f32a: bets $0.4
7ca64c2c: calls $0.4
*** TURN *** [2c 4h 6s] [8c]
8634f32a: bets $1.2
7ca64c2c: calls $1.2
*** RIVER *** [2c 4h 6s 8c] [Qc]
8634f32a: bets $3
7ca64c2c: calls $3
8634f32a: shows [6c 6d] (Three Sixes)
7ca64c2c: shows [8s 8d] (Three Eights)
*** SHOWDOWN ***
7ca64c2c collected $9.36 from pot
*** SUMMARY ***
Total pot $9.95 | Rake $0.49 | Jackpot $0.1 | Bingo $0 | Fortune $0 | Tax $0
Board [2c 4h 6s 8c Qc]
Seat 1: 8065de60 (big blind) folded before Flop
Seat 2: d5bbad88 folded before Flop (didn't bet)
Seat 3: 8634f32a showed [6c 6d] and lost with Three Sixes
Seat 4: 201088ce folded before Flop (didn't bet)
Seat 5: 7ca64c2c (button) showed [8s 8d] and won ($9.36) with Three Eights
Seat 6: Hero (small blind) folded before Flop


Poker Hand #HD1753961390: Hold'em No Limit ($0.05/$0.1) - 2024/05/01 11:58:40
Table 'NLHRed13' 6-max Seat #4 is the button
Seat 1: 8065de60 ($10 in chips)
Seat 2: d5bbad88 ($11.8 in chips)
Seat 3: 8634f32a ($11.77 in chips)
Seat 4: 201088ce ($9.06 in chips)
Seat 5: 7ca64c2c ($10 in chips)
Seat 6: Hero ($10.25 in chips)
7ca64c2c: posts small blind $0.05
Hero: posts big blind $0.1
*** HOLE CARDS ***
Dealt to 8065de60 
Dealt to d5bbad88 
Dealt to 8634f32a 
Dealt to 201088ce 
Dealt to 7ca64c2c 
Dealt to Hero [5s Ts]
8065de60: folds
d5bbad88: folds
8634f32a: folds
201088ce: raises $0.1 to $0.2
7ca64c2c: folds
Hero: folds
Uncalled bet ($0.1) returned to 201088ce
*** SHOWDOWN ***
201088ce collected $0.25 from pot
*** SUMMARY ***
Total pot $0.25 | Rake $0 | Jackpot $0 | Bingo $0 | Fortune $0 | Tax $0
Seat 1: 8065de60 folded before Flop (didn't bet)
Seat 2: d5bbad88 folded before Flop (didn't bet)
Seat 3: 8634f32a folded before Flop (didn't bet)
Seat 4: 201088ce (button) collected ($0.25)
Seat 5: 7ca64c2c (small blind) folded before Flop
Seat 6: Hero (big blind) folded before Flop


Poker Hand #HD1753961356: Hold'em No Limit ($0.05/$0.1) - 2024/05/01 11:58:25
Table 'NLHRed13' 6-max Seat #3 is the button
Seat 1: 8065de60 ($10 in chips)
Seat 2: d5bbad88 ($11.65 in chips)
Seat 3: 8634f32a ($11.77 in chips)
Seat 4: 201088ce ($9.11 in chips)
Seat 5: 7ca64c2c ($10 in chips)
Seat 6: Hero ($10.25 in chips)
201088ce: posts small blind $0.05
7ca64c2c: posts big blind $0.1
*** HOLE CARDS ***
Dealt to 8065de60 
Dealt to d5bbad88 
Dealt to 8634f32a 
Dealt to 201088ce 
Dealt to 7ca64c2c 
Dealt to Hero [5s 7s]
Hero: folds
8065de60: folds
d5bbad88: raises $0.1 to $0.2
8634f32a: folds
201088ce: folds
7ca64c2c: folds
Uncalled bet ($0.1) returned to d5bbad88
*** SHOWDOWN ***
d5bbad88 collected $0.25 from pot
*** SUMMARY ***
Total pot $0.25 | Rake $0 | Jackpot $0 | Bingo $0 | Fortune $0 | Tax $0
Seat 1: 8065de60 folded before Flop (didn't bet)
Seat 2: d5bbad88 collected ($0.25)
Seat 3: 8634f32a (button) folded before Flop (didn't bet)
Seat 4: 201088ce (small blind) folded before Flop
Seat 5: 7ca64c2c (big blind) folded before Flop
Seat 6: Hero folded before Flop (didn't bet)


Poker Hand #HD1753961255: Hold'em No Limit ($0.05/$0.1) - 2024/05/01 11:57:33
Table 'NLHRed13' 6-max Seat #2 is the button
Seat 1: 8065de60 ($10 in chips)
Seat 2: d5bbad88 ($11.65 in chips)
Seat 3: 8634f32a ($11.82 in chips)
Seat 4: 201088ce ($9.21 in chips)
Seat 5: 7ca64c2c ($10 in chips)
Seat 6: Hero ($10.1 in chips)
8634f32a: posts small blind $0.05
201088ce: posts big blind $0.1
*** HOLE CARDS ***
Dealt to 8065de60 
Dealt to d5bbad88 
Dealt to 8634f32a 
Dealt to 201088ce 
Dealt to 7ca64c2c 
Dealt to Hero [Kc Jc]
7ca64c2c: folds
Hero: raises $0.1 to $0.2
8065de60: folds
d5bbad88: folds
8634f32a: folds
201088ce: folds
Uncalled bet ($0.1) returned to Hero
*** SHOWDOWN ***
Hero collected $0.25 from pot
*** SUMMARY ***
Total pot $0.25 | Rake $0 | Jackpot $0 | Bingo $0 | Fortune $0 | Tax $0
Seat 1: 8065de60 folded before Flop (didn't bet)
Seat 2: d5bbad88 (button) folded before Flop (didn't bet)
Seat 3: 8634f32a (small blind) folded before Flop
Seat 4: 201088ce (big blind) folded before Flop
Seat 5: 7ca64c2c folded before Flop (didn't bet)
Seat 6: Hero collected ($0.25)


Poker Hand #HD1753961184: Hold'em No Limit ($0.05/$0.1) - 2024/05/01 11:56:54
Table 'NLHRed13' 6-max Seat #1 is the button
Seat 1: 8065de60 ($10.2 in chips)
Seat 2: d5bbad88 ($11.33 in chips)
Seat 3: 8634f32a ($11.92 in chips)
Seat 4: 201088ce ($9.21 in chips)
Seat 5: 7ca64c2c ($10 in chips)
Seat 6: Hero ($10.1 in chips)
d5bbad88: posts small blind $0.05
8634f32a: posts big blind $0.1
*** HOLE CARDS ***
Dealt to 8065de60 
Dealt to d5bbad88 
Dealt to 8634f32a 
Dealt to 201088ce 
Dealt to 7ca64c2c 
Dealt to Hero [7d Ks]
201088ce: folds
7ca64c2c: folds
Hero: folds
8065de60: raises $0.15 to $0.25
d5bbad88: raises $0.55 to $0.8
8634f32a: folds
8065de60: folds
Uncalled bet ($0.55) returned to d5bbad88
*** SHOWDOWN ***
d5bbad88 collected $0.57 from pot
*** SUMMARY ***
Total pot $0.6 | Rake $0.03 | Jackpot $0 | Bingo $0 | Fortune $0 | Tax $0
Seat 1: 8065de60 (button) folded before Flop
Seat 2: d5bbad88 (small blind) collected ($0.57)
Seat 3: 8634f32a (big blind) folded before Flop
Seat 4: 201088ce folded before Flop (didn't bet)
Seat 5: 7ca64c2c folded before Flop (didn't bet)
Seat 6: Hero folded before Flop (didn't bet)


Poker Hand #HD1753961042: Hold'em No Limit ($0.05/$0.1) - 2024/05/01 11:55:42
Table 'NLHRed13' 6-max Seat #6 is the button
Seat 1: 8065de60 ($11.7 in chips)
Seat 2: d5bbad88 ($10.07 in chips)
Seat 3: 8634f32a ($11.92 in chips)
Seat 4: 201088ce ($9.21 in chips)
Seat 5: 7ca64c2c ($10 in chips)
Seat 6: Hero ($10.1 in chips)
8065de60: posts small blind $0.05
d5bbad88: posts big blind $0.1
*** HOLE CARDS ***
Dealt to 8065de60 
Dealt to d5bbad88 
Dealt to 8634f32a 
Dealt to 201088ce 
Dealt to 7ca64c2c 
Dealt to Hero [Qh 2d]
8634f32a: folds
201088ce: folds
7ca64c2c: folds
Hero: folds
8065de60: raises $0.2 to $0.3
d5bbad88: calls $0.2
*** FLOP *** [9h 6s Jd]
8065de60: checks
d5bbad88: checks
*** TURN *** [9h 6s Jd] [5s]
8065de60: bets $0.2
d5bbad88: calls $0.2
*** RIVER *** [9h 6s Jd 5s] [4d]
8065de60: bets $1
d5bbad88: calls $1
8065de60: shows [8h Kh] (King-High)
d5bbad88: shows [4c 4h] (Three Fours)
*** SHOWDOWN ***
d5bbad88 collected $2.76 from pot
*** SUMMARY ***
Total pot $3 | Rake $0.14 | Jackpot $0.1 | Bingo $0 | Fortune $0 | Tax $0
Board [9h 6s Jd 5s 4d]
Seat 1: 8065de60 (small blind) showed [8h Kh] and lost with King-High
Seat 2: d5bbad88 (big blind) showed [4c 4h] and won ($2.76) with Three Fours
Seat 3: 8634f32a folded before Flop (didn't bet)
Seat 4: 201088ce folded before Flop (didn't bet)
Seat 5: 7ca64c2c folded before Flop (didn't bet)
Seat 6: Hero (button) folded before Flop (didn't bet)


Poker Hand #HD1753960996: Hold'em No Limit ($0.05/$0.1) - 2024/05/01 11:55:17
Table 'NLHRed13' 6-max Seat #5 is the button
Seat 1: 8065de60 ($11.65 in chips)
Seat 2: d5bbad88 ($10.07 in chips)
Seat 3: 8634f32a ($11.92 in chips)
Seat 4: 201088ce ($9.21 in chips)
Seat 5: 7ca64c2c ($10 in chips)
Seat 6: Hero ($10.15 in chips)
Hero: posts small blind $0.05
8065de60: posts big blind $0.1
*** HOLE CARDS ***
Dealt to 8065de60 
Dealt to d5bbad88 
Dealt to 8634f32a 
Dealt to 201088ce 
Dealt to 7ca64c2c 
Dealt to Hero [5d 7h]
d5bbad88: folds
8634f32a: folds
201088ce: folds
7ca64c2c: folds
Hero: folds
Uncalled bet ($0.05) returned to 8065de60
*** SHOWDOWN ***
8065de60 collected $0.1 from pot
*** SUMMARY ***
Total pot $0.1 | Rake $0 | Jackpot $0 | Bingo $0 | Fortune $0 | Tax $0
Seat 1: 8065de60 (big blind) collected ($0.1)
Seat 2: d5bbad88 folded before Flop (didn't bet)
Seat 3: 8634f32a folded before Flop (didn't bet)
Seat 4: 201088ce folded before Flop (didn't bet)
Seat 5: 7ca64c2c (button) folded before Flop (didn't bet)
Seat 6: Hero (small blind) folded before Flop


Poker Hand #HD1753960968: Hold'em No Limit ($0.05/$0.1) - 2024/05/01 11:55:04
Table 'NLHRed13' 6-max Seat #4 is the button
Seat 1: 8065de60 ($11.5 in chips)
Seat 2: d5bbad88 ($10.07 in chips)
Seat 3: 8634f32a ($11.92 in chips)
Seat 4: 201088ce ($9.21 in chips)
Seat 5: 7ca64c2c ($10 in chips)
Seat 6: Hero ($10.25 in chips)
7ca64c2c: posts small blind $0.05
Hero: posts big blind $0.1
*** HOLE CARDS ***
Dealt to 8065de60 
Dealt to d5bbad88 
Dealt to 8634f32a 
Dealt to 201088ce 
Dealt to 7ca64c2c 
Dealt to Hero [5s 2h]
8065de60: raises $0.15 to $0.25
d5bbad88: folds
8634f32a: folds
201088ce: folds
7ca64c2c: folds
Hero: folds
Uncalled bet ($0.15) returned to 8065de60
*** SHOWDOWN ***
8065de60 collected $0.25 from pot
*** SUMMARY ***
Total pot $0.25 | Rake $0 | Jackpot $0 | Bingo $0 | Fortune $0 | Tax $0
Seat 1: 8065de60 collected ($0.25)
Seat 2: d5bbad88 folded before Flop (didn't bet)
Seat 3: 8634f32a folded before Flop (didn't bet)
Seat 4: 201088ce (button) folded before Flop (didn't bet)
Seat 5: 7ca64c2c (small blind) folded before Flop
Seat 6: Hero (big blind) folded before Flop


Poker Hand #HD1753960901: Hold'em No Limit ($0.05/$0.1) - 2024/05/01 11:54:28
Table 'NLHRed13' 6-max Seat #3 is the button
Seat 1: 8065de60 ($11.5 in chips)
Seat 2: d5bbad88 ($10.07 in chips)
Seat 3: 8634f32a ($11.77 in chips)
Seat 4: 201088ce ($9.26 in chips)
Seat 5: 7ca64c2c ($10 in chips)
Seat 6: Hero ($10.25 in chips)
201088ce: posts small blind $0.05
7ca64c2c: posts big blind $0.1
*** HOLE CARDS ***
Dealt to 8065de60 
Dealt to d5bbad88 
Dealt to 8634f32a 
Dealt to 201088ce 
Dealt to 7ca64c2c 
Dealt to Hero [8c 8s]
Hero: folds
8065de60: folds
d5bbad88: folds
8634f32a: raises $0.2 to $0.3
201088ce: folds
7ca64c2c: folds
Uncalled bet ($0.2) returned to 8634f32a
*** SHOWDOWN ***
8634f32a collected $0.25 from pot
*** SUMMARY ***
Total pot $0.25 | Rake $0 | Jackpot $0 | Bingo $0 | Fortune $0 | Tax $0
Seat 1: 8065de60 folded before Flop (didn't bet)
Seat 2: d5bbad88 folded before Flop (didn't bet)
Seat 3: 8634f32a (button) collected ($0.25)
Seat 4: 201088ce (small blind) folded before Flop
Seat 5: 7ca64c2c (big blind) folded before Flop
Seat 6: Hero folded before Flop (didn't bet)


Poker Hand #HD1753960844: Hold'em No Limit ($0.05/$0.1) - 2024/05/01 11:54:05
Table 'NLHRed13' 6-max Seat #2 is the button
Seat 1: 8065de60 ($11.35 in chips)
Seat 2: d5bbad88 ($10.07 in chips)
Seat 3: 8634f32a ($11.82 in chips)
Seat 4: 201088ce ($9.36 in chips)
Seat 6: Hero ($10.25 in chips)
8634f32a: posts small blind $0.05
201088ce: posts big blind $0.1
*** HOLE CARDS ***
Dealt to 8065de60 
Dealt to d5bbad88 
Dealt to 8634f32a 
Dealt to 201088ce 
Dealt to Hero [6c 4s]
Hero: folds
8065de60: raises $0.15 to $0.25
d5bbad88: folds
8634f32a: folds
201088ce: folds
Uncalled bet ($0.15) returned to 8065de60
*** SHOWDOWN ***
8065de60 collected $0.25 from pot
*** SUMMARY ***
Total pot $0.25 | Rake $0 | Jackpot $0 | Bingo $0 | Fortune $0 | Tax $0
Seat 1: 8065de60 collected ($0.25)
Seat 2: d5bbad88 (button) folded before Flop (didn't bet)
Seat 3: 8634f32a (small blind) folded before Flop
Seat 4: 201088ce (big blind) folded before Flop
Seat 6: Hero folded before Flop (didn't bet)


Poker Hand #HD1753960802: Hold'em No Limit ($0.05/$0.1) - 2024/05/01 11:53:47
Table 'NLHRed13' 6-max Seat #1 is the button
Seat 1: 8065de60 ($11.35 in chips)
Seat 2: d5bbad88 ($10.12 in chips)
Seat 3: 8634f32a ($11.92 in chips)
Seat 4: 201088ce ($9.36 in chips)
Seat 6: Hero ($10.1 in chips)
d5bbad88: posts small blind $0.05
8634f32a: posts big blind $0.1
*** HOLE CARDS ***
Dealt to 8065de60 
Dealt to d5bbad88 
Dealt to 8634f32a 
Dealt to 201088ce 
Dealt to Hero [9h 8h]
201088ce: folds
Hero: raises $0.14 to $0.24
8065de60: folds
d5bbad88: folds
8634f32a: folds
Uncalled bet ($0.14) returned to Hero
*** SHOWDOWN ***
Hero collected $0.25 from pot
*** SUMMARY ***
Total pot $0.25 | Rake $0 | Jackpot $0 | Bingo $0 | Fortune $0 | Tax $0
Seat 1: 8065de60 (button) folded before Flop (didn't bet)
Seat 2: d5bbad88 (small blind) folded before Flop
Seat 3: 8634f32a (big blind) folded before Flop
Seat 4: 201088ce folded before Flop (didn't bet)
Seat 6: Hero collected ($0.25)


Poker Hand #HD1753960668: Hold'em No Limit ($0.05/$0.1) - 2024/05/01 11:52:34
Table 'NLHRed13' 6-max Seat #6 is the button
Seat 1: 8065de60 ($11.4 in chips)
Seat 2: d5bbad88 ($10.37 in chips)
Seat 3: 8634f32a ($11.92 in chips)
Seat 4: 201088ce ($9.08 in chips)
Seat 6: Hero ($10.1 in chips)
8065de60: posts small blind $0.05
d5bbad88: posts big blind $0.1
*** HOLE CARDS ***
Dealt to 8065de60 
Dealt to d5bbad88 
Dealt to 8634f32a 
Dealt to 201088ce 
Dealt to Hero [Qh 3c]
8634f32a: folds
201088ce: raises $0.15 to $0.25
Hero: folds
8065de60: folds
d5bbad88: calls $0.15
*** FLOP *** [7s Qd Qs]
d5bbad88: checks
201088ce: bets $0.38
d5bbad88: folds
Uncalled bet ($0.38) returned to 201088ce
*** SHOWDOWN ***
201088ce collected $0.53 from pot
*** SUMMARY ***
Total pot $0.55 | Rake $0.02 | Jackpot $0 | Bingo $0 | Fortune $0 | Tax $0
Board [7s Qd Qs]
Seat 1: 8065de60 (small blind) folded before Flop
Seat 2: d5bbad88 (big blind) folded on the Flop
Seat 3: 8634f32a folded before Flop (didn't bet)
Seat 4: 201088ce won ($0.53)
Seat 6: Hero (button) folded before Flop (didn't bet)


Poker Hand #HD1753960511: Hold'em No Limit ($0.05/$0.1) - 2024/05/01 11:51:13
Table 'NLHRed13' 6-max Seat #4 is the button
Seat 1: 8065de60 ($10 in chips)
Seat 2: d5bbad88 ($10.37 in chips)
Seat 3: 8634f32a ($11.92 in chips)
Seat 4: 201088ce ($10.68 in chips)
Seat 6: Hero ($10.15 in chips)
Hero: posts small blind $0.05
8065de60: posts big blind $0.1
*** HOLE CARDS ***
Dealt to 8065de60 
Dealt to d5bbad88 
Dealt to 8634f32a 
Dealt to 201088ce 
Dealt to Hero [Kc 2c]
d5bbad88: folds
8634f32a: folds
201088ce: raises $0.1 to $0.2
Hero: folds
8065de60: calls $0.1
*** FLOP *** [Td Jc 4c]
8065de60: checks
201088ce: checks
*** TURN *** [Td Jc 4c] [Jd]
8065de60: bets $0.15
201088ce: calls $0.15
*** RIVER *** [Td Jc 4c Jd] [2d]
8065de60: bets $0.25
201088ce: raises $1 to $1.25
8065de60: calls $1
201088ce: shows [5d 3d] (Jack High Flush)
8065de60: shows [6d 9d] (Jack High Flush)
*** SHOWDOWN ***
8065de60 collected $3 from pot
*** SUMMARY ***
Total pot $3.25 | Rake $0.15 | Jackpot $0.1 | Bingo $0 | Fortune $0 | Tax $0
Board [Td Jc 4c Jd 2d]
Seat 1: 8065de60 (big blind) showed [6d 9d] and won ($3) with Jack High Flush
Seat 2: d5bbad88 folded before Flop (didn't bet)
Seat 3: 8634f32a folded before Flop (didn't bet)
Seat 4: 201088ce (button) showed [5d 3d] and lost with Jack High Flush
Seat 6: Hero (small blind) folded before Flop


Poker Hand #HD1753960459: Hold'em No Limit ($0.05/$0.1) - 2024/05/01 11:50:49
Table 'NLHRed13' 6-max Seat #3 is the button
Seat 1: 8065de60 ($10 in chips)
Seat 2: d5bbad88 ($10.22 in chips)
Seat 3: 8634f32a ($11.92 in chips)
Seat 4: 201088ce ($10.73 in chips)
Seat 6: Hero ($10.25 in chips)
201088ce: posts small blind $0.05
Hero: posts big blind $0.1
*** HOLE CARDS ***
Dealt to 8065de60 
Dealt to d5bbad88 
Dealt to 8634f32a 
Dealt to 201088ce 
Dealt to Hero [2s 3s]
8065de60: folds
d5bbad88: raises $0.1 to $0.2
8634f32a: folds
201088ce: folds
Hero: folds
Uncalled bet ($0.1) returned to d5bbad88
*** SHOWDOWN ***
d5bbad88 collected $0.25 from pot
*** SUMMARY ***
Total pot $0.25 | Rake $0 | Jackpot $0 | Bingo $0 | Fortune $0 | Tax $0
Seat 1: 8065de60 folded before Flop (didn't bet)
Seat 2: d5bbad88 collected ($0.25)
Seat 3: 8634f32a (button) folded before Flop (didn't bet)
Seat 4: 201088ce (small blind) folded before Flop
Seat 6: Hero (big blind) folded before Flop


Poker Hand #HD1753960423: Hold'em No Limit ($0.05/$0.1) - 2024/05/01 11:50:31
Table 'NLHRed13' 6-max Seat #2 is the button
Seat 1: 8065de60 ($10 in chips)
Seat 2: d5bbad88 ($10.22 in chips)
Seat 3: 8634f32a ($11.97 in chips)
Seat 4: 201088ce ($10.83 in chips)
Seat 5: 98420672 ($15.27 in chips)
Seat 6: Hero ($10.25 in chips)
8634f32a: posts small blind $0.05
201088ce: posts big blind $0.1
*** HOLE CARDS ***
Dealt to 8065de60 
Dealt to d5bbad88 
Dealt to 8634f32a 
Dealt to 201088ce 
Dealt to 98420672 
Dealt to Hero [2s Jh]
98420672: raises $0.15 to $0.25
Hero: folds
8065de60: folds
d5bbad88: folds
8634f32a: folds
201088ce: folds
Uncalled bet ($0.15) returned to 98420672
*** SHOWDOWN ***
98420672 collected $0.25 from pot
*** SUMMARY ***
Total pot $0.25 | Rake $0 | Jackpot $0 | Bingo $0 | Fortune $0 | Tax $0
Seat 1: 8065de60 folded before Flop (didn't bet)
Seat 2: d5bbad88 (button) folded before Flop (didn't bet)
Seat 3: 8634f32a (small blind) folded before Flop
Seat 4: 201088ce (big blind) folded before Flop
Seat 5: 98420672 collected ($0.25)
Seat 6: Hero folded before Flop (didn't bet)


Poker Hand #HD1753960374: Hold'em No Limit ($0.05/$0.1) - 2024/05/01 11:50:07
Table 'NLHRed13' 6-max Seat #1 is the button
Seat 1: 8065de60 ($10 in chips)
Seat 2: d5bbad88 ($10.27 in chips)
Seat 3: 8634f32a ($12.07 in chips)
Seat 4: 201088ce ($10.83 in chips)
Seat 5: 98420672 ($15.27 in chips)
Seat 6: Hero ($10.1 in chips)
d5bbad88: posts small blind $0.05
8634f32a: posts big blind $0.1
*** HOLE CARDS ***
Dealt to 8065de60 
Dealt to d5bbad88 
Dealt to 8634f32a 
Dealt to 201088ce 
Dealt to 98420672 
Dealt to Hero [Kd 7d]
201088ce: folds
98420672: folds
Hero: raises $0.14 to $0.24
8065de60: folds
d5bbad88: folds
8634f32a: folds
Uncalled bet ($0.14) returned to Hero
*** SHOWDOWN ***
Hero collected $0.25 from pot
*** SUMMARY ***
Total pot $0.25 | Rake $0 | Jackpot $0 | Bingo $0 | Fortune $0 | Tax $0
Seat 1: 8065de60 (button) folded before Flop (didn't bet)
Seat 2: d5bbad88 (small blind) folded before Flop
Seat 3: 8634f32a (big blind) folded before Flop
Seat 4: 201088ce folded before Flop (didn't bet)
Seat 5: 98420672 folded before Flop (didn't bet)
Seat 6: Hero collected ($0.25)


Poker Hand #HD1753960246: Hold'em No Limit ($0.05/$0.1) - 2024/05/01 11:49:11
Table 'NLHRed13' 6-max Seat #6 is the button
Seat 1: 8065de60 ($10 in chips)
Seat 2: d5bbad88 ($10 in chips)
Seat 3: 8634f32a ($12.07 in chips)
Seat 4: 201088ce ($10.83 in chips)
Seat 5: 98420672 ($15.27 in chips)
Seat 6: Hero ($10.34 in chips)
8065de60: posts small blind $0.05
d5bbad88: posts big blind $0.1
*** HOLE CARDS ***
Dealt to 8065de60 
Dealt to d5bbad88 
Dealt to 8634f32a 
Dealt to 201088ce 
Dealt to 98420672 
Dealt to Hero [Kh Th]
8634f32a: folds
201088ce: folds
98420672: folds
Hero: raises $0.14 to $0.24
8065de60: folds
d5bbad88: calls $0.14
*** FLOP *** [6s 8s Jh]
d5bbad88: checks
Hero: checks
*** TURN *** [6s 8s Jh] [8d]
d5bbad88: bets $0.5
Hero: folds
Uncalled bet ($0.5) returned to d5bbad88
*** SHOWDOWN ***
d5bbad88 collected $0.51 from pot
*** SUMMARY ***
Total pot $0.53 | Rake $0.02 | Jackpot $0 | Bingo $0 | Fortune $0 | Tax $0
Board [6s 8s Jh 8d]
Seat 1: 8065de60 (small blind) folded before Flop
Seat 2: d5bbad88 (big blind) won ($0.51)
Seat 3: 8634f32a folded before Flop (didn't bet)
Seat 4: 201088ce folded before Flop (didn't bet)
Seat 5: 98420672 folded before Flop (didn't bet)
Seat 6: Hero (button) folded on the Turn


Poker Hand #HD1753960221: Hold'em No Limit ($0.05/$0.1) - 2024/05/01 11:48:58
Table 'NLHRed13' 6-max Seat #5 is the button
Seat 1: 8065de60 ($10.01 in chips)
Seat 3: 8634f32a ($12.07 in chips)
Seat 4: 201088ce ($10.68 in chips)
Seat 5: 98420672 ($15.27 in chips)
Seat 6: Hero ($10.39 in chips)
Hero: posts small blind $0.05
8065de60: posts big blind $0.1
*** HOLE CARDS ***
Dealt to 8065de60 
Dealt to 8634f32a 
Dealt to 201088ce 
Dealt to 98420672 
Dealt to Hero [Ts Qc]
8634f32a: folds
201088ce: raises $0.15 to $0.25
98420672: folds
Hero: folds
8065de60: folds
Uncalled bet ($0.15) returned to 201088ce
*** SHOWDOWN ***
201088ce collected $0.25 from pot
*** SUMMARY ***
Total pot $0.25 | Rake $0 | Jackpot $0 | Bingo $0 | Fortune $0 | Tax $0
Seat 1: 8065de60 (big blind) folded before Flop
Seat 3: 8634f32a folded before Flop (didn't bet)
Seat 4: 201088ce collected ($0.25)
Seat 5: 98420672 (button) folded before Flop (didn't bet)
Seat 6: Hero (small blind) folded before Flop


Poker Hand #HD1753960188: Hold'em No Limit ($0.05/$0.1) - 2024/05/01 11:48:42
Table 'NLHRed13' 6-max Seat #4 is the button
Seat 1: 8065de60 ($10.01 in chips)
Seat 3: 8634f32a ($12.07 in chips)
Seat 4: 201088ce ($10.53 in chips)
Seat 5: 98420672 ($15.32 in chips)
Seat 6: Hero ($10.49 in chips)
98420672: posts small blind $0.05
Hero: posts big blind $0.1
*** HOLE CARDS ***
Dealt to 8065de60 
Dealt to 8634f32a 
Dealt to 201088ce 
Dealt to 98420672 
Dealt to Hero [7h 4c]
8065de60: folds
8634f32a: folds
201088ce: raises $0.1 to $0.2
98420672: folds
Hero: folds
Uncalled bet ($0.1) returned to 201088ce
*** SHOWDOWN ***
201088ce collected $0.25 from pot
*** SUMMARY ***
Total pot $0.25 | Rake $0 | Jackpot $0 | Bingo $0 | Fortune $0 | Tax $0
Seat 1: 8065de60 folded before Flop (didn't bet)
Seat 3: 8634f32a folded before Flop (didn't bet)
Seat 4: 201088ce (button) collected ($0.25)
Seat 5: 98420672 (small blind) folded before Flop
Seat 6: Hero (big blind) folded before Flop


Poker Hand #HD1753960174: Hold'em No Limit ($0.05/$0.1) - 2024/05/01 11:48:30
Table 'NLHRed13' 6-max Seat #3 is the button
Seat 1: 8065de60 ($10.01 in chips)
Seat 3: 8634f32a ($12.07 in chips)
Seat 4: 201088ce ($10.43 in chips)
Seat 5: 98420672 ($15.42 in chips)
Seat 6: Hero ($10.49 in chips)
201088ce: posts small blind $0.05
98420672: posts big blind $0.1
*** HOLE CARDS ***
Dealt to 8065de60 
Dealt to 8634f32a 
Dealt to 201088ce 
Dealt to 98420672 
Dealt to Hero [8s Ac]
Hero: folds
8065de60: folds
8634f32a: folds
201088ce: raises $0.15 to $0.25
98420672: folds
Uncalled bet ($0.15) returned to 201088ce
*** SHOWDOWN ***
201088ce collected $0.2 from pot
*** SUMMARY ***
Total pot $0.2 | Rake $0 | Jackpot $0 | Bingo $0 | Fortune $0 | Tax $0
Seat 1: 8065de60 folded before Flop (didn't bet)
Seat 3: 8634f32a (button) folded before Flop (didn't bet)
Seat 4: 201088ce (small blind) collected ($0.2)
Seat 5: 98420672 (big blind) folded before Flop
Seat 6: Hero folded before Flop (didn't bet)


Poker Hand #HD1753960066: Hold'em No Limit ($0.05/$0.1) - 2024/05/01 11:47:33
Table 'NLHRed13' 6-max Seat #1 is the button
Seat 1: 8065de60 ($10 in chips)
Seat 2: 9bada73b ($11.21 in chips)
Seat 3: 8634f32a ($12.05 in chips)
Seat 4: 201088ce ($10.43 in chips)
Seat 5: 98420672 ($15.42 in chips)
Seat 6: Hero ($10.49 in chips)
9bada73b: posts small blind $0.05
8634f32a: posts big blind $0.1
*** HOLE CARDS ***
Dealt to 8065de60 
Dealt to 9bada73b 
Dealt to 8634f32a 
Dealt to 201088ce 
Dealt to 98420672 
Dealt to Hero [6d 5h]
201088ce: folds
98420672: folds
Hero: folds
8065de60: raises $0.15 to $0.25
9bada73b: folds
8634f32a: calls $0.15
*** FLOP *** [Ah Ac Qd]
8634f32a: checks
8065de60: checks
*** TURN *** [Ah Ac Qd] [Jd]
8634f32a: checks
8065de60: checks
*** RIVER *** [Ah Ac Qd Jd] [3c]
8634f32a: checks
8065de60: checks
8065de60: shows [7s Ks] (Pair of Aces)
8634f32a: shows [9c Kc] (Pair of Aces)
*** SHOWDOWN ***
8634f32a collected $0.27 from pot
8065de60 collected $0.26 from pot
*** SUMMARY ***
Total pot $0.55 | Rake $0.02 | Jackpot $0 | Bingo $0 | Fortune $0 | Tax $0
Board [Ah Ac Qd Jd 3c]
Seat 1: 8065de60 (button) showed [7s Ks] and won ($0.26) with Pair of Aces
Seat 2: 9bada73b (small blind) folded before Flop
Seat 3: 8634f32a (big blind) showed [9c Kc] and won ($0.27) with Pair of Aces
Seat 4: 201088ce folded before Flop (didn't bet)
Seat 5: 98420672 folded before Flop (didn't bet)
Seat 6: Hero folded before Flop (didn't bet)


Poker Hand #HD1753960040: Hold'em No Limit ($0.05/$0.1) - 2024/05/01 11:47:17
Table 'NLHRed13' 6-max Seat #6 is the button
Seat 1: 8065de60 ($10 in chips)
Seat 2: 9bada73b ($11.31 in chips)
Seat 3: 8634f32a ($12.05 in chips)
Seat 4: 201088ce ($10.43 in chips)
Seat 5: 98420672 ($15.42 in chips)
Seat 6: Hero ($10.34 in chips)
8065de60: posts small blind $0.05
9bada73b: posts big blind $0.1
*** HOLE CARDS ***
Dealt to 8065de60 
Dealt to 9bada73b 
Dealt to 8634f32a 
Dealt to 201088ce 
Dealt to 98420672 
Dealt to Hero [Ac Td]
8634f32a: folds
201088ce: folds
98420672: folds
Hero: raises $0.14 to $0.24
8065de60: folds
9bada73b: folds
Uncalled bet ($0.14) returned to Hero
*** SHOWDOWN ***
Hero collected $0.25 from pot
*** SUMMARY ***
Total pot $0.25 | Rake $0 | Jackpot $0 | Bingo $0 | Fortune $0 | Tax $0
Seat 1: 8065de60 (small blind) folded before Flop
Seat 2: 9bada73b (big blind) folded before Flop
Seat 3: 8634f32a folded before Flop (didn't bet)
Seat 4: 201088ce folded before Flop (didn't bet)
Seat 5: 98420672 folded before Flop (didn't bet)
Seat 6: Hero (button) collected ($0.25)


Poker Hand #HD1753959980: Hold'em No Limit ($0.05/$0.1) - 2024/05/01 11:46:41
Table 'NLHRed13' 6-max Seat #5 is the button
Seat 1: 8065de60 ($10 in chips)
Seat 2: 9bada73b ($11.31 in chips)
Seat 3: 8634f32a ($11.73 in chips)
Seat 4: 201088ce ($10.43 in chips)
Seat 5: 98420672 ($15.42 in chips)
Seat 6: Hero ($10.39 in chips)
Hero: posts small blind $0.05
8065de60: posts big blind $0.1
*** HOLE CARDS ***
Dealt to 8065de60 
Dealt to 9bada73b 
Dealt to 8634f32a 
Dealt to 201088ce 
Dealt to 98420672 
Dealt to Hero [2h 3c]
9bada73b: folds
8634f32a: raises $0.2 to $0.3
201088ce: folds
98420672: folds
Hero: folds
8065de60: calls $0.2
*** FLOP *** [5d 5h Ad]
8065de60: checks
8634f32a: bets $0.35
8065de60: folds
Uncalled bet ($0.35) returned to 8634f32a
*** SHOWDOWN ***
8634f32a collected $0.62 from pot
*** SUMMARY ***
Total pot $0.65 | Rake $0.03 | Jackpot $0 | Bingo $0 | Fortune $0 | Tax $0
Board [5d 5h Ad]
Seat 1: 8065de60 (big blind) folded on the Flop
Seat 2: 9bada73b folded before Flop (didn't bet)
Seat 3: 8634f32a won ($0.62)
Seat 4: 201088ce folded before Flop (didn't bet)
Seat 5: 98420672 (button) folded before Flop (didn't bet)
Seat 6: Hero (small blind) folded before Flop


Poker Hand #HD1753959838: Hold'em No Limit ($0.05/$0.1) - 2024/05/01 11:45:26
Table 'NLHRed13' 6-max Seat #4 is the button
Seat 1: 8065de60 ($10 in chips)
Seat 2: 9bada73b ($11.31 in chips)
Seat 3: 8634f32a ($11.73 in chips)
Seat 4: 201088ce ($10.81 in chips)
Seat 5: 98420672 ($15.47 in chips)
Seat 6: Hero ($10 in chips)
98420672: posts small blind $0.05
Hero: posts big blind $0.1
*** HOLE CARDS ***
Dealt to 8065de60 
Dealt to 9bada73b 
Dealt to 8634f32a 
Dealt to 201088ce 
Dealt to 98420672 
Dealt to Hero [Qd Jh]
8065de60: folds
9bada73b: folds
8634f32a: folds
201088ce: raises $0.1 to $0.2
98420672: folds
Hero: calls $0.1
*** FLOP *** [Kd 6h Qs]
Hero: checks
201088ce: bets $0.18
Hero: calls $0.18
*** TURN *** [Kd 6h Qs] [7d]
Hero: checks
201088ce: checks
*** RIVER *** [Kd 6h Qs 7d] [7s]
Hero: checks
201088ce: checks
Hero: shows [Qd Jh] (Pair of Queens and Pair of Sevens)
201088ce: shows [4h Ac] (Pair of Sevens)
*** SHOWDOWN ***
Hero collected $0.77 from pot
*** SUMMARY ***
Total pot $0.81 | Rake $0.04 | Jackpot $0 | Bingo $0 | Fortune $0 | Tax $0
Board [Kd 6h Qs 7d 7s]
Seat 1: 8065de60 folded before Flop (didn't bet)
Seat 2: 9bada73b folded before Flop (didn't bet)
Seat 3: 8634f32a folded before Flop (didn't bet)
Seat 4: 201088ce (button) showed [4h Ac] and lost with Pair of Sevens
Seat 5: 98420672 (small blind) folded before Flop
Seat 6: Hero (big blind) showed [Qd Jh] and won ($0.77) with Pair of Queens and Pair of Sevens


Poker Hand #HD1753959805: Hold'em No Limit ($0.05/$0.1) - 2024/05/01 11:45:10
Table 'NLHRed13' 6-max Seat #3 is the button
Seat 1: 8065de60 ($10 in chips)
Seat 2: 9bada73b ($11.31 in chips)
Seat 3: 8634f32a ($11.73 in chips)
Seat 4: 201088ce ($10.86 in chips)
Seat 5: 98420672 ($15.42 in chips)
Seat 6: Hero ($10 in chips)
201088ce: posts small blind $0.05
98420672: posts big blind $0.1
*** HOLE CARDS ***
Dealt to 8065de60 
Dealt to 9bada73b 
Dealt to 8634f32a 
Dealt to 201088ce 
Dealt to 98420672 
Dealt to Hero [6c 8s]
Hero: folds
8065de60: folds
9bada73b: folds
8634f32a: folds
201088ce: folds
Uncalled bet ($0.05) returned to 98420672
*** SHOWDOWN ***
98420672 collected $0.1 from pot
*** SUMMARY ***
Total pot $0.1 | Rake $0 | Jackpot $0 | Bingo $0 | Fortune $0 | Tax $0
Seat 1: 8065de60 folded before Flop (didn't bet)
Seat 2: 9bada73b folded before Flop (didn't bet)
Seat 3: 8634f32a (button) folded before Flop (didn't bet)
Seat 4: 201088ce (small blind) folded before Flop
Seat 5: 98420672 (big blind) collected ($0.1)
Seat 6: Hero folded before Flop (didn't bet)


Poker Hand #HD1753959760: Hold'em No Limit ($0.05/$0.1) - 2024/05/01 11:44:48
Table 'NLHRed13' 6-max Seat #2 is the button
Seat 1: 8065de60 ($10 in chips)
Seat 2: 9bada73b ($10.98 in chips)
Seat 3: 8634f32a ($11.78 in chips)
Seat 4: 201088ce ($10.96 in chips)
Seat 5: 98420672 ($15.42 in chips)
Seat 6: Hero ($10 in chips)
8634f32a: posts small blind $0.05
201088ce: posts big blind $0.1
*** HOLE CARDS ***
Dealt to 8065de60 
Dealt to 9bada73b 
Dealt to 8634f32a 
Dealt to 201088ce 
Dealt to 98420672 
Dealt to Hero [Js Kc]
98420672: folds
Hero: raises $0.1 to $0.2
8065de60: folds
9bada73b: raises $0.5 to $0.7
8634f32a: folds
201088ce: folds
Hero: folds
Uncalled bet ($0.5) returned to 9bada73b
*** SHOWDOWN ***
9bada73b collected $0.53 from pot
*** SUMMARY ***
Total pot $0.55 | Rake $0.02 | Jackpot $0 | Bingo $0 | Fortune $0 | Tax $0
Seat 1: 8065de60 folded before Flop (didn't bet)
Seat 2: 9bada73b (button) collected ($0.53)
Seat 3: 8634f32a (small blind) folded before Flop
Seat 4: 201088ce (big blind) folded before Flop
Seat 5: 98420672 folded before Flop (didn't bet)
Seat 6: Hero folded before Flop


Poker Hand #HD1753959709: Hold'em No Limit ($0.05/$0.1) - 2024/05/01 11:44:20
Table 'NLHRed13' 6-max Seat #1 is the button
Seat 1: 8065de60 ($10 in chips)
Seat 2: 9bada73b ($11.03 in chips)
Seat 3: 8634f32a ($11.73 in chips)
Seat 4: 201088ce ($10.96 in chips)
Seat 5: 98420672 ($15.42 in chips)
Seat 6: Hero ($10 in chips)
9bada73b: posts small blind $0.05
8634f32a: posts big blind $0.1
*** HOLE CARDS ***
Dealt to 8065de60 
Dealt to 9bada73b 
Dealt to 8634f32a 
Dealt to 201088ce 
Dealt to 98420672 
Dealt to Hero [8s Kh]
201088ce: folds
98420672: folds
Hero: folds
8065de60: folds
9bada73b: folds
Uncalled bet ($0.05) returned to 8634f32a
*** SHOWDOWN ***
8634f32a collected $0.1 from pot
*** SUMMARY ***
Total pot $0.1 | Rake $0 | Jackpot $0 | Bingo $0 | Fortune $0 | Tax $0
Seat 1: 8065de60 (button) folded before Flop (didn't bet)
Seat 2: 9bada73b (small blind) folded before Flop
Seat 3: 8634f32a (big blind) collected ($0.1)
Seat 4: 201088ce folded before Flop (didn't bet)
Seat 5: 98420672 folded before Flop (didn't bet)
Seat 6: Hero folded before Flop (didn't bet)


Poker Hand #HD1753959659: Hold'em No Limit ($0.05/$0.1) - 2024/05/01 11:43:56
Table 'NLHRed13' 6-max Seat #6 is the button
Seat 1: 8065de60 ($10 in chips)
Seat 2: 9bada73b ($11.13 in chips)
Seat 3: 8634f32a ($11.73 in chips)
Seat 4: 201088ce ($10.96 in chips)
Seat 5: 98420672 ($15.27 in chips)
Seat 6: Hero ($10 in chips)
8065de60: posts small blind $0.05
9bada73b: posts big blind $0.1
*** HOLE CARDS ***
Dealt to 8065de60 
Dealt to 9bada73b 
Dealt to 8634f32a 
Dealt to 201088ce 
Dealt to 98420672 
Dealt to Hero [Jd Ts]
8634f32a: folds
201088ce: folds
98420672: raises $0.15 to $0.25
Hero: folds
8065de60: folds
9bada73b: folds
Uncalled bet ($0.15) returned to 98420672
*** SHOWDOWN ***
98420672 collected $0.25 from pot
*** SUMMARY ***
Total pot $0.25 | Rake $0 | Jackpot $0 | Bingo $0 | Fortune $0 | Tax $0
Seat 1: 8065de60 (small blind) folded before Flop
Seat 2: 9bada73b (big blind) folded before Flop
Seat 3: 8634f32a folded before Flop (didn't bet)
Seat 4: 201088ce folded before Flop (didn't bet)
Seat 5: 98420672 collected ($0.25)
Seat 6: Hero (button) folded before Flop (didn't bet)


Poker Hand #HD1753959620: Hold'em No Limit ($0.05/$0.1) - 2024/05/01 11:43:33
Table 'NLHRed13' 6-max Seat #5 is the button
Seat 1: 8065de60 ($10 in chips)
Seat 2: 9bada73b ($11.13 in chips)
Seat 3: 8634f32a ($11.73 in chips)
Seat 4: 201088ce ($10.81 in chips)
Seat 5: 98420672 ($15.27 in chips)
Seat 6: Hero ($10 in chips)
Hero: posts small blind $0.05
8065de60: posts big blind $0.1
*** HOLE CARDS ***
Dealt to 8065de60 
Dealt to 9bada73b 
Dealt to 8634f32a 
Dealt to 201088ce 
Dealt to 98420672 
Dealt to Hero [Th 2d]
9bada73b: folds
8634f32a: folds
201088ce: raises $0.15 to $0.25
98420672: folds
Hero: folds
8065de60: folds
Uncalled bet ($0.15) returned to 201088ce
*** SHOWDOWN ***
201088ce collected $0.25 from pot
*** SUMMARY ***
Total pot $0.25 | Rake $0 | Jackpot $0 | Bingo $0 | Fortune $0 | Tax $0
Seat 1: 8065de60 (big blind) folded before Flop
Seat 2: 9bada73b folded before Flop (didn't bet)
Seat 3: 8634f32a folded before Flop (didn't bet)
Seat 4: 201088ce collected ($0.25)
Seat 5: 98420672 (button) folded before Flop (didn't bet)
Seat 6: Hero (small blind) folded before Flop


Poker Hand #HD1753959571: Hold'em No Limit ($0.05/$0.1) - 2024/05/01 11:43:08
Table 'NLHRed13' 6-max Seat #4 is the button
Seat 1: 8065de60 ($10 in chips)
Seat 2: 9bada73b ($11.13 in chips)
Seat 3: 8634f32a ($11.58 in chips)
Seat 4: 201088ce ($10.81 in chips)
Seat 5: 98420672 ($15.32 in chips)
Seat 6: Hero ($10 in chips)
98420672: posts small blind $0.05
Hero: posts big blind $0.1
*** HOLE CARDS ***
Dealt to 8065de60 
Dealt to 9bada73b 
Dealt to 8634f32a 
Dealt to 201088ce 
Dealt to 98420672 
Dealt to Hero [4c 2h]
8065de60: folds
9bada73b: folds
8634f32a: raises $0.2 to $0.3
201088ce: folds
98420672: folds
Hero: folds
Uncalled bet ($0.2) returned to 8634f32a
*** SHOWDOWN ***
8634f32a collected $0.25 from pot
*** SUMMARY ***
Total pot $0.25 | Rake $0 | Jackpot $0 | Bingo $0 | Fortune $0 | Tax $0
Seat 1: 8065de60 folded before Flop (didn't bet)
Seat 2: 9bada73b folded before Flop (didn't bet)
Seat 3: 8634f32a collected ($0.25)
Seat 4: 201088ce (button) folded before Flop (didn't bet)
Seat 5: 98420672 (small blind) folded before Flop
Seat 6: Hero (big blind) folded before Flop


Poker Hand #HD1753959551: Hold'em No Limit ($0.05/$0.1) - 2024/05/01 11:42:55
Table 'NLHRed13' 6-max Seat #3 is the button
Seat 1: 8065de60 ($10 in chips)
Seat 2: 9bada73b ($11.13 in chips)
Seat 3: 8634f32a ($11.58 in chips)
Seat 4: 201088ce ($10.86 in chips)
Seat 5: 98420672 ($15.27 in chips)
Seat 6: Hero ($10 in chips)
201088ce: posts small blind $0.05
98420672: posts big blind $0.1
*** HOLE CARDS ***
Dealt to 8065de60 
Dealt to 9bada73b 
Dealt to 8634f32a 
Dealt to 201088ce 
Dealt to 98420672 
Dealt to Hero [Jh 5d]
Hero: folds
8065de60: folds
9bada73b: folds
8634f32a: folds
201088ce: folds
Uncalled bet ($0.05) returned to 98420672
*** SHOWDOWN ***
98420672 collected $0.1 from pot
*** SUMMARY ***
Total pot $0.1 | Rake $0 | Jackpot $0 | Bingo $0 | Fortune $0 | Tax $0
Seat 1: 8065de60 folded before Flop (didn't bet)
Seat 2: 9bada73b folded before Flop (didn't bet)
Seat 3: 8634f32a (button) folded before Flop (didn't bet)
Seat 4: 201088ce (small blind) folded before Flop
Seat 5: 98420672 (big blind) collected ($0.1)
Seat 6: Hero folded before Flop (didn't bet)


Poker Hand #HD1753959478: Hold'em No Limit ($0.05/$0.1) - 2024/05/01 11:42:14
Table 'NLHRed13' 6-max Seat #2 is the button
Seat 1: 8065de60 ($10 in chips)
Seat 2: 9bada73b ($11.13 in chips)
Seat 3: 8634f32a ($11.63 in chips)
Seat 4: 201088ce ($10.81 in chips)
Seat 5: 98420672 ($15.27 in chips)
Seat 6: Hero ($10 in chips)
8634f32a: posts small blind $0.05
201088ce: posts big blind $0.1
*** HOLE CARDS ***
Dealt to 8065de60 
Dealt to 9bada73b 
Dealt to 8634f32a 
Dealt to 201088ce 
Dealt to 98420672 
Dealt to Hero [2d Ts]
98420672: folds
Hero: folds
8065de60: folds
9bada73b: folds
8634f32a: folds
Uncalled bet ($0.05) returned to 201088ce
*** SHOWDOWN ***
201088ce collected $0.1 from pot
*** SUMMARY ***
Total pot $0.1 | Rake $0 | Jackpot $0 | Bingo $0 | Fortune $0 | Tax $0
Seat 1: 8065de60 folded before Flop (didn't bet)
Seat 2: 9bada73b (button) folded before Flop (didn't bet)
Seat 3: 8634f32a (small blind) folded before Flop
Seat 4: 201088ce (big blind) collected ($0.1)
Seat 5: 98420672 folded before Flop (didn't bet)
Seat 6: Hero folded before Flop (didn't bet)


Poker Hand #HD1753959424: Hold'em No Limit ($0.05/$0.1) - 2024/05/01 11:41:50
Table 'NLHRed13' 6-max Seat #1 is the button
Seat 1: 8065de60 ($10 in chips)
Seat 2: 9bada73b ($11.03 in chips)
Seat 3: 8634f32a ($11.73 in chips)
Seat 4: 201088ce ($10.81 in chips)
Seat 5: 98420672 ($15.27 in chips)
Seat 6: Hero ($10 in chips)
9bada73b: posts small blind $0.05
8634f32a: posts big blind $0.1
*** HOLE CARDS ***
Dealt to 8065de60 
Dealt to 9bada73b 
Dealt to 8634f32a 
Dealt to 201088ce 
Dealt to 98420672 
Dealt to Hero [9c 5h]
201088ce: folds
98420672: folds
Hero: folds
8065de60: folds
9bada73b: raises $0.2 to $0.3
8634f32a: folds
Uncalled bet ($0.2) returned to 9bada73b
*** SHOWDOWN ***
9bada73b collected $0.2 from pot
*** SUMMARY ***
Total pot $0.2 | Rake $0 | Jackpot $0 | Bingo $0 | Fortune $0 | Tax $0
Seat 1: 8065de60 (button) folded before Flop (didn't bet)
Seat 2: 9bada73b (small blind) collected ($0.2)
Seat 3: 8634f32a (big blind) folded before Flop
Seat 4: 201088ce folded before Flop (didn't bet)
Seat 5: 98420672 folded before Flop (didn't bet)
Seat 6: Hero folded before Flop (didn't bet)


Poker Hand #HD1753959307: Hold'em No Limit ($0.05/$0.1) - 2024/05/01 11:40:40
Table 'NLHRed13' 6-max Seat #6 is the button
Seat 1: 8065de60 ($10 in chips)
Seat 2: 9bada73b ($11.13 in chips)
Seat 3: 8634f32a ($11.73 in chips)
Seat 4: 201088ce ($11.06 in chips)
Seat 5: 98420672 ($14.9 in chips)
Seat 6: Hero ($10 in chips)
8065de60: posts small blind $0.05
9bada73b: posts big blind $0.1
*** HOLE CARDS ***
Dealt to 8065de60 
Dealt to 9bada73b 
Dealt to 8634f32a 
Dealt to 201088ce 
Dealt to 98420672 
Dealt to Hero [9s 6h]
8634f32a: folds
201088ce: raises $0.15 to $0.25
98420672: calls $0.25
Hero: folds
8065de60: folds
9bada73b: folds
*** FLOP *** [4c Jc 8c]
201088ce: checks
98420672: bets $0.22
201088ce: folds
Uncalled bet ($0.22) returned to 98420672
*** SHOWDOWN ***
98420672 collected $0.62 from pot
*** SUMMARY ***
Total pot $0.65 | Rake $0.03 | Jackpot $0 | Bingo $0 | Fortune $0 | Tax $0
Board [4c Jc 8c]
Seat 1: 8065de60 (small blind) folded before Flop
Seat 2: 9bada73b (big blind) folded before Flop
Seat 3: 8634f32a folded before Flop (didn't bet)
Seat 4: 201088ce folded on the Flop
Seat 5: 98420672 won ($0.62)
Seat 6: Hero (button) folded before Flop (didn't bet)


Poker Hand #HD1753959263: Hold'em No Limit ($0.05/$0.1) - 2024/05/01 11:40:17
Table 'NLHRed13' 6-max Seat #5 is the button
Seat 1: 8065de60 ($10 in chips)
Seat 2: 9bada73b ($11.13 in chips)
Seat 3: 8634f32a ($11.73 in chips)
Seat 4: 201088ce ($10.91 in chips)
Seat 5: 98420672 ($14.9 in chips)
Seat 6: Hero ($10 in chips)
Hero: posts small blind $0.05
8065de60: posts big blind $0.1
*** HOLE CARDS ***
Dealt to 8065de60 
Dealt to 9bada73b 
Dealt to 8634f32a 
Dealt to 201088ce 
Dealt to 98420672 
Dealt to Hero [5c 5d]
9bada73b: folds
8634f32a: folds
201088ce: raises $0.15 to $0.25
98420672: folds
Hero: folds
8065de60: folds
Uncalled bet ($0.15) returned to 201088ce
*** SHOWDOWN ***
201088ce collected $0.25 from pot
*** SUMMARY ***
Total pot $0.25 | Rake $0 | Jackpot $0 | Bingo $0 | Fortune $0 | Tax $0
Seat 1: 8065de60 (big blind) folded before Flop
Seat 2: 9bada73b folded before Flop (didn't bet)
Seat 3: 8634f32a folded before Flop (didn't bet)
Seat 4: 201088ce collected ($0.25)
Seat 5: 98420672 (button) folded before Flop (didn't bet)
Seat 6: Hero (small blind) folded before Flop


Poker Hand #HD1753959141: Hold'em No Limit ($0.05/$0.1) - 2024/05/01 11:39:15
Table 'NLHRed13' 6-max Seat #4 is the button
Seat 1: a002e835 ($4.65 in chips)
Seat 2: 9bada73b ($11.13 in chips)
Seat 3: 8634f32a ($11.73 in chips)
Seat 4: 201088ce ($10.76 in chips)
Seat 5: 98420672 ($14.95 in chips)
Seat 6: Hero ($10 in chips)
98420672: posts small blind $0.05
Hero: posts big blind $0.1
*** HOLE CARDS ***
Dealt to a002e835 
Dealt to 9bada73b 
Dealt to 8634f32a 
Dealt to 201088ce 
Dealt to 98420672 
Dealt to Hero [4c 9c]
a002e835: folds
9bada73b: folds
8634f32a: folds
201088ce: raises $0.1 to $0.2
98420672: folds
Hero: folds
Uncalled bet ($0.1) returned to 201088ce
*** SHOWDOWN ***
201088ce collected $0.25 from pot
*** SUMMARY ***
Total pot $0.25 | Rake $0 | Jackpot $0 | Bingo $0 | Fortune $0 | Tax $0
Seat 1: a002e835 folded before Flop (didn't bet)
Seat 2: 9bada73b folded before Flop (didn't bet)
Seat 3: 8634f32a folded before Flop (didn't bet)
Seat 4: 201088ce (button) collected ($0.25)
Seat 5: 98420672 (small blind) folded before Flop
Seat 6: Hero (big blind) folded before Flop


Poker Hand #HD1753959019: Hold'em No Limit ($0.05/$0.1) - 2024/05/01 11:38:06
Table 'NLHRed13' 6-max Seat #3 is the button
Seat 1: a002e835 ($4.65 in chips)
Seat 2: 9bada73b ($11.13 in chips)
Seat 3: 8634f32a ($11.73 in chips)
Seat 4: 201088ce ($10.81 in chips)
Seat 5: 98420672 ($14.72 in chips)
Seat 6: Hero ($10.15 in chips)
201088ce: posts small blind $0.05
98420672: posts big blind $0.1
*** HOLE CARDS ***
Dealt to a002e835 
Dealt to 9bada73b 
Dealt to 8634f32a 
Dealt to 201088ce 
Dealt to 98420672 
Dealt to Hero [Jh Ad]
Hero: raises $0.1 to $0.2
a002e835: folds
9bada73b: folds
8634f32a: folds
201088ce: folds
98420672: calls $0.1
*** FLOP *** [4d Tc 6c]
98420672: checks
Hero: checks
*** TURN *** [4d Tc 6c] [8s]
98420672: bets $0.23
Hero: folds
Uncalled bet ($0.23) returned to 98420672
*** SHOWDOWN ***
98420672 collected $0.43 from pot
*** SUMMARY ***
Total pot $0.45 | Rake $0.02 | Jackpot $0 | Bingo $0 | Fortune $0 | Tax $0
Board [4d Tc 6c 8s]
Seat 1: a002e835 folded before Flop (didn't bet)
Seat 2: 9bada73b folded before Flop (didn't bet)
Seat 3: 8634f32a (button) folded before Flop (didn't bet)
Seat 4: 201088ce (small blind) folded before Flop
Seat 5: 98420672 (big blind) won ($0.43)
Seat 6: Hero folded on the Turn


Poker Hand #HD1753958956: Hold'em No Limit ($0.05/$0.1) - 2024/05/01 11:37:25
Table 'NLHRed13' 6-max Seat #2 is the button
Seat 1: a002e835 ($4.9 in chips)
Seat 2: 9bada73b ($11.13 in chips)
Seat 3: 8634f32a ($11.78 in chips)
Seat 4: 201088ce ($10.3 in chips)
Seat 5: 98420672 ($14.97 in chips)
Seat 6: Hero ($10.15 in chips)
8634f32a: posts small blind $0.05
201088ce: posts big blind $0.1
*** HOLE CARDS ***
Dealt to a002e835 
Dealt to 9bada73b 
Dealt to 8634f32a 
Dealt to 201088ce 
Dealt to 98420672 
Dealt to Hero [4d Tc]
98420672: raises $0.15 to $0.25
Hero: folds
a002e835: calls $0.25
9bada73b: folds
8634f32a: folds
201088ce: calls $0.15
*** FLOP *** [Ad 3d 2d]
201088ce: checks
98420672: checks
a002e835: checks
*** TURN *** [Ad 3d 2d] [Jd]
201088ce: checks
98420672: checks
a002e835: checks
*** RIVER *** [Ad 3d 2d Jd] [2h]
201088ce: bets $0.2
98420672: folds
a002e835: folds
Uncalled bet ($0.2) returned to 201088ce
*** SHOWDOWN ***
201088ce collected $0.76 from pot
*** SUMMARY ***
Total pot $0.8 | Rake $0.04 | Jackpot $0 | Bingo $0 | Fortune $0 | Tax $0
Board [Ad 3d 2d Jd 2h]
Seat 1: a002e835 folded on the River
Seat 2: 9bada73b (button) folded before Flop (didn't bet)
Seat 3: 8634f32a (small blind) folded before Flop
Seat 4: 201088ce (big blind) won ($0.76)
Seat 5: 98420672 folded on the River
Seat 6: Hero folded before Flop (didn't bet)


Poker Hand #HD1753958933: Hold'em No Limit ($0.05/$0.1) - 2024/05/01 11:37:12
Table 'NLHRed13' 6-max Seat #1 is the button
Seat 1: a002e835 ($4.9 in chips)
Seat 2: 9bada73b ($11.18 in chips)
Seat 3: 8634f32a ($11.88 in chips)
Seat 4: 201088ce ($10.3 in chips)
Seat 5: 98420672 ($14.97 in chips)
Seat 6: Hero ($10 in chips)
9bada73b: posts small blind $0.05
8634f32a: posts big blind $0.1
*** HOLE CARDS ***
Dealt to a002e835 
Dealt to 9bada73b 
Dealt to 8634f32a 
Dealt to 201088ce 
Dealt to 98420672 
Dealt to Hero [6d 6s]
201088ce: folds
98420672: folds
Hero: raises $0.14 to $0.24
a002e835: folds
9bada73b: folds
8634f32a: folds
Uncalled bet ($0.14) returned to Hero
*** SHOWDOWN ***
Hero collected $0.25 from pot
*** SUMMARY ***
Total pot $0.25 | Rake $0 | Jackpot $0 | Bingo $0 | Fortune $0 | Tax $0
Seat 1: a002e835 (button) folded before Flop (didn't bet)
Seat 2: 9bada73b (small blind) folded before Flop
Seat 3: 8634f32a (big blind) folded before Flop
Seat 4: 201088ce folded before Flop (didn't bet)
Seat 5: 98420672 folded before Flop (didn't bet)
Seat 6: Hero collected ($0.25)


Poker Hand #HD1753958886: Hold'em No Limit ($0.05/$0.1) - 2024/05/01 11:36:52
Table 'NLHRed13' 6-max Seat #6 is the button
Seat 1: a002e835 ($4.95 in chips)
Seat 2: 9bada73b ($11.28 in chips)
Seat 3: 8634f32a ($11.88 in chips)
Seat 4: 201088ce ($10.15 in chips)
Seat 5: 98420672 ($14.97 in chips)
Seat 6: Hero ($10 in chips)
a002e835: posts small blind $0.05
9bada73b: posts big blind $0.1
*** HOLE CARDS ***
Dealt to a002e835 
Dealt to 9bada73b 
Dealt to 8634f32a 
Dealt to 201088ce 
Dealt to 98420672 
Dealt to Hero [7s 4s]
8634f32a: folds
201088ce: raises $0.15 to $0.25
98420672: folds
Hero: folds
a002e835: folds
9bada73b: folds
Uncalled bet ($0.15) returned to 201088ce
*** SHOWDOWN ***
201088ce collected $0.25 from pot
*** SUMMARY ***
Total pot $0.25 | Rake $0 | Jackpot $0 | Bingo $0 | Fortune $0 | Tax $0
Seat 1: a002e835 (small blind) folded before Flop
Seat 2: 9bada73b (big blind) folded before Flop
Seat 3: 8634f32a folded before Flop (didn't bet)
Seat 4: 201088ce collected ($0.25)
Seat 5: 98420672 folded before Flop (didn't bet)
Seat 6: Hero (button) folded before Flop (didn't bet)


Poker Hand #HD1753958844: Hold'em No Limit ($0.05/$0.1) - 2024/05/01 11:36:31
Table 'NLHRed13' 6-max Seat #5 is the button
Seat 1: a002e835 ($4.9 in chips)
Seat 2: 9bada73b ($11.28 in chips)
Seat 3: 8634f32a ($11.88 in chips)
Seat 4: 201088ce ($10.15 in chips)
Seat 5: 98420672 ($14.97 in chips)
Seat 6: Hero ($10.05 in chips)
Hero: posts small blind $0.05
a002e835: posts big blind $0.1
*** HOLE CARDS ***
Dealt to a002e835 
Dealt to 9bada73b 
Dealt to 8634f32a 
Dealt to 201088ce 
Dealt to 98420672 
Dealt to Hero [8d 3c]
9bada73b: folds
8634f32a: folds
201088ce: folds
98420672: folds
Hero: folds
Uncalled bet ($0.05) returned to a002e835
*** SHOWDOWN ***
a002e835 collected $0.1 from pot
*** SUMMARY ***
Total pot $0.1 | Rake $0 | Jackpot $0 | Bingo $0 | Fortune $0 | Tax $0
Seat 1: a002e835 (big blind) collected ($0.1)
Seat 2: 9bada73b folded before Flop (didn't bet)
Seat 3: 8634f32a folded before Flop (didn't bet)
Seat 4: 201088ce folded before Flop (didn't bet)
Seat 5: 98420672 (button) folded before Flop (didn't bet)
Seat 6: Hero (small blind) folded before Flop


Poker Hand #HD1753958786: Hold'em No Limit ($0.05/$0.1) - 2024/05/01 11:36:01
Table 'NLHRed13' 6-max Seat #4 is the button
Seat 1: a002e835 ($4.9 in chips)
Seat 2: 9bada73b ($11.28 in chips)
Seat 3: 8634f32a ($11.88 in chips)
Seat 4: 201088ce ($10 in chips)
Seat 5: 98420672 ($15.02 in chips)
Seat 6: Hero ($10.15 in chips)
98420672: posts small blind $0.05
Hero: posts big blind $0.1
*** HOLE CARDS ***
Dealt to a002e835 
Dealt to 9bada73b 
Dealt to 8634f32a 
Dealt to 201088ce 
Dealt to 98420672 
Dealt to Hero [Kd 6c]
a002e835: folds
9bada73b: folds
8634f32a: folds
201088ce: raises $0.1 to $0.2
98420672: folds
Hero: folds
Uncalled bet ($0.1) returned to 201088ce
*** SHOWDOWN ***
201088ce collected $0.25 from pot
*** SUMMARY ***
Total pot $0.25 | Rake $0 | Jackpot $0 | Bingo $0 | Fortune $0 | Tax $0
Seat 1: a002e835 folded before Flop (didn't bet)
Seat 2: 9bada73b folded before Flop (didn't bet)
Seat 3: 8634f32a folded before Flop (didn't bet)
Seat 4: 201088ce (button) collected ($0.25)
Seat 5: 98420672 (small blind) folded before Flop
Seat 6: Hero (big blind) folded before Flop


Poker Hand #HD1753958757: Hold'em No Limit ($0.05/$0.1) - 2024/05/01 11:35:43
Table 'NLHRed13' 6-max Seat #3 is the button
Seat 1: a002e835 ($5 in chips)
Seat 2: 9bada73b ($11.28 in chips)
Seat 3: 8634f32a ($11.88 in chips)
Seat 4: 201088ce ($10.05 in chips)
Seat 5: 98420672 ($14.87 in chips)
Seat 6: Hero ($10.15 in chips)
201088ce: posts small blind $0.05
98420672: posts big blind $0.1
a002e835: posts big blind $0.1
*** HOLE CARDS ***
Dealt to a002e835 
Dealt to 9bada73b 
Dealt to 8634f32a 
Dealt to 201088ce 
Dealt to 98420672 
Dealt to Hero [5h 5c]
Hero: folds
a002e835: checks
9bada73b: folds
8634f32a: folds
201088ce: folds
98420672: raises $0.25 to $0.35
a002e835: folds
Uncalled bet ($0.25) returned to 98420672
*** SHOWDOWN ***
98420672 collected $0.25 from pot
*** SUMMARY ***
Total pot $0.25 | Rake $0 | Jackpot $0 | Bingo $0 | Fortune $0 | Tax $0
Seat 1: a002e835 folded before Flop
Seat 2: 9bada73b folded before Flop (didn't bet)
Seat 3: 8634f32a (button) folded before Flop (didn't bet)
Seat 4: 201088ce (small blind) folded before Flop
Seat 5: 98420672 (big blind) collected ($0.25)
Seat 6: Hero folded before Flop (didn't bet)


Poker Hand #HD1753958722: Hold'em No Limit ($0.05/$0.1) - 2024/05/01 11:35:27
Table 'NLHRed13' 6-max Seat #2 is the button
Seat 2: 9bada73b ($11.28 in chips)
Seat 3: 8634f32a ($11.93 in chips)
Seat 4: 201088ce ($10 in chips)
Seat 5: 98420672 ($14.87 in chips)
Seat 6: Hero ($10.15 in chips)
8634f32a: posts small blind $0.05
201088ce: posts big blind $0.1
*** HOLE CARDS ***
Dealt to 9bada73b 
Dealt to 8634f32a 
Dealt to 201088ce 
Dealt to 98420672 
Dealt to Hero [Jd 4s]
98420672: folds
Hero: folds
9bada73b: folds
8634f32a: folds
Uncalled bet ($0.05) returned to 201088ce
*** SHOWDOWN ***
201088ce collected $0.1 from pot
*** SUMMARY ***
Total pot $0.1 | Rake $0 | Jackpot $0 | Bingo $0 | Fortune $0 | Tax $0
Seat 2: 9bada73b (button) folded before Flop (didn't bet)
Seat 3: 8634f32a (small blind) folded before Flop
Seat 4: 201088ce (big blind) collected ($0.1)
Seat 5: 98420672 folded before Flop (didn't bet)
Seat 6: Hero folded before Flop (didn't bet)


Poker Hand #HD1753958641: Hold'em No Limit ($0.05/$0.1) - 2024/05/01 11:34:40
Table 'NLHRed13' 6-max Seat #6 is the button
Seat 2: 9bada73b ($11.33 in chips)
Seat 3: 8634f32a ($12.03 in chips)
Seat 5: 98420672 ($14.87 in chips)
Seat 6: Hero ($10 in chips)
9bada73b: posts small blind $0.05
8634f32a: posts big blind $0.1
*** HOLE CARDS ***
Dealt to 9bada73b 
Dealt to 8634f32a 
Dealt to 98420672 
Dealt to Hero [Kc Jc]
98420672: folds
Hero: raises $0.14 to $0.24
9bada73b: folds
8634f32a: folds
Uncalled bet ($0.14) returned to Hero
*** SHOWDOWN ***
Hero collected $0.25 from pot
*** SUMMARY ***
Total pot $0.25 | Rake $0 | Jackpot $0 | Bingo $0 | Fortune $0 | Tax $0
Seat 2: 9bada73b (small blind) folded before Flop
Seat 3: 8634f32a (big blind) folded before Flop
Seat 5: 98420672 folded before Flop (didn't bet)
Seat 6: Hero (button) collected ($0.25)


Poker Hand #HD1753958501: Hold'em No Limit ($0.05/$0.1) - 2024/05/01 11:33:19
Table 'NLHRed13' 6-max Seat #5 is the button
Seat 2: 9bada73b ($12.24 in chips)
Seat 3: 8634f32a ($12.03 in chips)
Seat 5: 98420672 ($14 in chips)
Seat 6: Hero ($10 in chips)
Hero: posts small blind $0.05
9bada73b: posts big blind $0.1
*** HOLE CARDS ***
Dealt to 9bada73b 
Dealt to 8634f32a 
Dealt to 98420672 
Dealt to Hero [2s 3c]
8634f32a: folds
98420672: raises $0.15 to $0.25
Hero: folds
9bada73b: calls $0.15
*** FLOP *** [4c Td Tc]
9bada73b: checks
98420672: bets $0.19
9bada73b: calls $0.19
*** TURN *** [4c Td Tc] [Jd]
9bada73b: checks
98420672: bets $0.47
9bada73b: calls $0.47
*** RIVER *** [4c Td Tc Jd] [8c]
9bada73b: checks
98420672: checks
9bada73b: shows [Ac Qs] (Pair of Tens)
98420672: shows [4h 5h] (Pair of Tens and Pair of Fours)
*** SHOWDOWN ***
98420672 collected $1.78 from pot
*** SUMMARY ***
Total pot $1.87 | Rake $0.09 | Jackpot $0 | Bingo $0 | Fortune $0 | Tax $0
Board [4c Td Tc Jd 8c]
Seat 2: 9bada73b (big blind) showed [Ac Qs] and lost with Pair of Tens
Seat 3: 8634f32a folded before Flop (didn't bet)
Seat 5: 98420672 (button) showed [4h 5h] and won ($1.78) with Pair of Tens and Pair of Fours
Seat 6: Hero (small blind) folded before Flop


Poker Hand #HD1753958368: Hold'em No Limit ($0.05/$0.1) - 2024/05/01 11:32:05
Table 'NLHRed13' 6-max Seat #3 is the button
Seat 2: 9bada73b ($10.77 in chips)
Seat 3: 8634f32a ($12.03 in chips)
Seat 5: 98420672 ($14.05 in chips)
Seat 6: Hero ($10.43 in chips)
98420672: posts small blind $0.05
Hero: posts big blind $0.1
*** HOLE CARDS ***
Dealt to 9bada73b 
Dealt to 8634f32a 
Dealt to 98420672 
Dealt to Hero [Tc Th]
9bada73b: raises $0.15 to $0.25
8634f32a: folds
98420672: folds
Hero: raises $0.75 to $1
9bada73b: calls $0.75
*** FLOP *** [5s 7h Kc]
Hero: bets $0.68
9bada73b: calls $0.68
*** TURN *** [5s 7h Kc] [8s]
Hero: checks
9bada73b: checks
*** RIVER *** [5s 7h Kc 8s] [Ad]
Hero: checks
9bada73b: checks
Hero: shows [Tc Th] (Pair of Tens)
9bada73b: shows [Qd Qh] (Pair of Queens)
*** SHOWDOWN ***
9bada73b collected $3.15 from pot
*** SUMMARY ***
Total pot $3.41 | Rake $0.16 | Jackpot $0.1 | Bingo $0 | Fortune $0 | Tax $0
Board [5s 7h Kc 8s Ad]
Seat 2: 9bada73b showed [Qd Qh] and won ($3.15) with Pair of Queens
Seat 3: 8634f32a (button) folded before Flop (didn't bet)
Seat 5: 98420672 (small blind) folded before Flop
Seat 6: Hero (big blind) showed [Tc Th] and lost with Pair of Tens


Poker Hand #HD1753958266: Hold'em No Limit ($0.05/$0.1) - 2024/05/01 11:31:08
Table 'NLHRed13' 6-max Seat #2 is the button
Seat 2: 9bada73b ($10.77 in chips)
Seat 3: 8634f32a ($12.08 in chips)
Seat 5: 98420672 ($14.47 in chips)
Seat 6: Hero ($10 in chips)
8634f32a: posts small blind $0.05
98420672: posts big blind $0.1
*** HOLE CARDS ***
Dealt to 9bada73b 
Dealt to 8634f32a 
Dealt to 98420672 
Dealt to Hero [As Jc]
Hero: raises $0.14 to $0.24
9bada73b: folds
8634f32a: folds
98420672: calls $0.14
*** FLOP *** [5c Kh 6c]
98420672: checks
Hero: checks
*** TURN *** [5c Kh 6c] [Td]
98420672: bets $0.18
Hero: calls $0.18
*** RIVER *** [5c Kh 6c Td] [8c]
98420672: checks
Hero: checks
98420672: shows [9s Qd] (King-High)
Hero: shows [As Jc] (Ace-High)
*** SHOWDOWN ***
Hero collected $0.85 from pot
*** SUMMARY ***
Total pot $0.89 | Rake $0.04 | Jackpot $0 | Bingo $0 | Fortune $0 | Tax $0
Board [5c Kh 6c Td 8c]
Seat 2: 9bada73b (button) folded before Flop (didn't bet)
Seat 3: 8634f32a (small blind) folded before Flop
Seat 5: 98420672 (big blind) showed [9s Qd] and lost with King-High
Seat 6: Hero showed [As Jc] and won ($0.85) with Ace-High


Poker Hand #HD1753958226: Hold'em No Limit ($0.05/$0.1) - 2024/05/01 11:30:50
Table 'NLHRed13' 6-max Seat #6 is the button
Seat 2: 9bada73b ($10.45 in chips)
Seat 3: 8634f32a ($12.18 in chips)
Seat 5: 98420672 ($14.47 in chips)
Seat 6: Hero ($10 in chips)
9bada73b: posts small blind $0.05
8634f32a: posts big blind $0.1
*** HOLE CARDS ***
Dealt to 9bada73b 
Dealt to 8634f32a 
Dealt to 98420672 
Dealt to Hero [7c 9c]
98420672: folds
Hero: raises $0.14 to $0.24
9bada73b: raises $0.86 to $1.1
8634f32a: folds
Hero: folds
Uncalled bet ($0.86) returned to 9bada73b
*** SHOWDOWN ***
9bada73b collected $0.56 from pot
*** SUMMARY ***
Total pot $0.58 | Rake $0.02 | Jackpot $0 | Bingo $0 | Fortune $0 | Tax $0
Seat 2: 9bada73b (small blind) collected ($0.56)
Seat 3: 8634f32a (big blind) folded before Flop
Seat 5: 98420672 folded before Flop (didn't bet)
Seat 6: Hero (button) folded before Flop


Poker Hand #HD1753958146: Hold'em No Limit ($0.05/$0.1) - 2024/05/01 11:30:10
Table 'NLHRed13' 6-max Seat #5 is the button
Seat 2: 9bada73b ($10 in chips)
Seat 3: 8634f32a ($12.18 in chips)
Seat 5: 98420672 ($14.91 in chips)
Seat 6: Hero ($10 in chips)
Hero: posts small blind $0.05
9bada73b: posts big blind $0.1
*** HOLE CARDS ***
Dealt to 9bada73b 
Dealt to 8634f32a 
Dealt to 98420672 
Dealt to Hero [4d Qd]
8634f32a: folds
98420672: raises $0.15 to $0.25
Hero: folds
9bada73b: calls $0.15
*** FLOP *** [Jc Ks Ac]
9bada73b: checks
98420672: bets $0.19
9bada73b: calls $0.19
*** TURN *** [Jc Ks Ac] [7h]
9bada73b: checks
98420672: checks
*** RIVER *** [Jc Ks Ac 7h] [4c]
9bada73b: checks
98420672: checks
9bada73b: shows [Kd 9d] (Pair of Kings)
98420672: shows [Kh 3h] (Pair of Kings)
*** SHOWDOWN ***
9bada73b collected $0.89 from pot
*** SUMMARY ***
Total pot $0.93 | Rake $0.04 | Jackpot $0 | Bingo $0 | Fortune $0 | Tax $0
Board [Jc Ks Ac 7h 4c]
Seat 2: 9bada73b (big blind) showed [Kd 9d] and won ($0.89) with Pair of Kings
Seat 3: 8634f32a folded before Flop (didn't bet)
Seat 5: 98420672 (button) showed [Kh 3h] and lost with Pair of Kings
Seat 6: Hero (small blind) folded before Flop


Poker Hand #HD1753958114: Hold'em No Limit ($0.05/$0.1) - 2024/05/01 11:29:52
Table 'NLHRed13' 6-max Seat #3 is the button
Seat 2: 9bada73b ($10 in chips)
Seat 3: 8634f32a ($12.18 in chips)
Seat 5: 98420672 ($14.81 in chips)
Seat 6: Hero ($10 in chips)
98420672: posts small blind $0.05
Hero: posts big blind $0.1
*** HOLE CARDS ***
Dealt to 9bada73b 
Dealt to 8634f32a 
Dealt to 98420672 
Dealt to Hero [3s Qh]
9bada73b: folds
8634f32a: folds
98420672: raises $0.2 to $0.3
Hero: folds
Uncalled bet ($0.2) returned to 98420672
*** SHOWDOWN ***
98420672 collected $0.2 from pot
*** SUMMARY ***
Total pot $0.2 | Rake $0 | Jackpot $0 | Bingo $0 | Fortune $0 | Tax $0
Seat 2: 9bada73b folded before Flop (didn't bet)
Seat 3: 8634f32a (button) folded before Flop (didn't bet)
Seat 5: 98420672 (small blind) collected ($0.2)
Seat 6: Hero (big blind) folded before Flop


Poker Hand #HD1753958018: Hold'em No Limit ($0.05/$0.1) - 2024/05/01 11:28:55
Table 'NLHRed13' 6-max Seat #2 is the button
Seat 2: 9bada73b ($10.35 in chips)
Seat 3: 8634f32a ($10.42 in chips)
Seat 5: 98420672 ($14.91 in chips)
Seat 6: Hero ($10 in chips)
8634f32a: posts small blind $0.05
98420672: posts big blind $0.1
*** HOLE CARDS ***
Dealt to 9bada73b 
Dealt to 8634f32a 
Dealt to 98420672 
Dealt to Hero [7h 5s]
Hero: folds
9bada73b: raises $0.15 to $0.25
8634f32a: raises $0.5 to $0.75
98420672: folds
9bada73b: calls $0.5
*** FLOP *** [Kh 5c 3s]
8634f32a: checks
9bada73b: checks
*** TURN *** [Kh 5c 3s] [2h]
8634f32a: bets $1.2
9bada73b: calls $1.2
*** RIVER *** [Kh 5c 3s 2h] [Jc]
8634f32a: bets $3
9bada73b: folds
Uncalled bet ($3) returned to 8634f32a
*** SHOWDOWN ***
8634f32a collected $3.71 from pot
*** SUMMARY ***
Total pot $4 | Rake $0.19 | Jackpot $0.1 | Bingo $0 | Fortune $0 | Tax $0
Board [Kh 5c 3s 2h Jc]
Seat 2: 9bada73b (button) folded on the River
Seat 3: 8634f32a (small blind) won ($3.71)
Seat 5: 98420672 (big blind) folded before Flop
Seat 6: Hero folded before Flop (didn't bet)


Poker Hand #HD1753957995: Hold'em No Limit ($0.05/$0.1) - 2024/05/01 11:28:47
Table 'NLHRed13' 6-max Seat #6 is the button
Seat 2: 9bada73b ($10.4 in chips)
Seat 3: 8634f32a ($10.52 in chips)
Seat 5: 98420672 ($14.76 in chips)
Seat 6: Hero ($10 in chips)
9bada73b: posts small blind $0.05
8634f32a: posts big blind $0.1
*** HOLE CARDS ***
Dealt to 9bada73b 
Dealt to 8634f32a 
Dealt to 98420672 
Dealt to Hero [7h 3h]
98420672: raises $0.15 to $0.25
Hero: folds
9bada73b: folds
8634f32a: folds
Uncalled bet ($0.15) returned to 98420672
*** SHOWDOWN ***
98420672 collected $0.25 from pot
*** SUMMARY ***
Total pot $0.25 | Rake $0 | Jackpot $0 | Bingo $0 | Fortune $0 | Tax $0
Seat 2: 9bada73b (small blind) folded before Flop
Seat 3: 8634f32a (big blind) folded before Flop
Seat 5: 98420672 collected ($0.25)
Seat 6: Hero (button) folded before Flop (didn't bet)


Poker Hand #HD1753957979: Hold'em No Limit ($0.05/$0.1) - 2024/05/01 11:28:37
Table 'NLHRed13' 6-max Seat #5 is the button
Seat 2: 9bada73b ($10.5 in chips)
Seat 3: 8634f32a ($10.37 in chips)
Seat 5: 98420672 ($14.76 in chips)
Seat 6: Hero ($10 in chips)
Hero: posts small blind $0.05
9bada73b: posts big blind $0.1
*** HOLE CARDS ***
Dealt to 9bada73b 
Dealt to 8634f32a 
Dealt to 98420672 
Dealt to Hero [Ts 9d]
8634f32a: raises $0.2 to $0.3
98420672: folds
Hero: folds
9bada73b: folds
Uncalled bet ($0.2) returned to 8634f32a
*** SHOWDOWN ***
8634f32a collected $0.25 from pot
*** SUMMARY ***
Total pot $0.25 | Rake $0 | Jackpot $0 | Bingo $0 | Fortune $0 | Tax $0
Seat 2: 9bada73b (big blind) folded before Flop
Seat 3: 8634f32a collected ($0.25)
Seat 5: 98420672 (button) folded before Flop (didn't bet)
Seat 6: Hero (small blind) folded before Flop


Poker Hand #HD1753957940: Hold'em No Limit ($0.05/$0.1) - 2024/05/01 11:28:14
Table 'NLHRed13' 6-max Seat #4 is the button
Seat 2: 9bada73b ($10.75 in chips)
Seat 3: 8634f32a ($10 in chips)
Seat 4: 98aaa7bd ($10.26 in chips)
Seat 5: 98420672 ($14.81 in chips)
Seat 6: Hero ($10 in chips)
98420672: posts small blind $0.05
Hero: posts big blind $0.1
*** HOLE CARDS ***
Dealt to 9bada73b 
Dealt to 8634f32a 
Dealt to 98aaa7bd 
Dealt to 98420672 
Dealt to Hero [Kd Qc]
9bada73b: raises $0.15 to $0.25
8634f32a: raises $0.5 to $0.75
98aaa7bd: folds
98420672: folds
Hero: folds
9bada73b: folds
Uncalled bet ($0.5) returned to 8634f32a
*** SHOWDOWN ***
8634f32a collected $0.62 from pot
*** SUMMARY ***
Total pot $0.65 | Rake $0.03 | Jackpot $0 | Bingo $0 | Fortune $0 | Tax $0
Seat 2: 9bada73b folded before Flop
Seat 3: 8634f32a collected ($0.62)
Seat 4: 98aaa7bd (button) folded before Flop (didn't bet)
Seat 5: 98420672 (small blind) folded before Flop
Seat 6: Hero (big blind) folded before Flop


