Poker Hand #HD1849688928: Hold'em No Limit ($0.05/$0.1) - 2024/07/09 14:32:16
Table 'NLHRed34' 6-max Seat #5 is the button
Seat 2: 49e60efd ($1.85 in chips)
Seat 3: Hero ($10.6 in chips)
Seat 4: 533bb744 ($2 in chips)
Seat 5: d24efac7 ($12.52 in chips)
Seat 6: 1d2435cb ($12.05 in chips)
1d2435cb: posts small blind $0.05
49e60efd: posts big blind $0.1
533bb744: posts big blind $0.1
*** HOLE CARDS ***
Dealt to 49e60efd 
Dealt to Hero [7h 6c]
Dealt to 533bb744 
Dealt to d24efac7 
Dealt to 1d2435cb 
Hero: folds
533bb744: checks
d24efac7: folds
1d2435cb: folds
49e60efd: checks
*** FLOP *** [Ks Ac Jd]
49e60efd: checks
533bb744: bets $0.13
49e60efd: calls $0.13
*** TURN *** [Ks Ac Jd] [3d]
49e60efd: checks
533bb744: bets $0.17
49e60efd: calls $0.17
*** RIVER *** [Ks Ac Jd 3d] [Kd]
49e60efd: checks
533bb744: checks
49e60efd: shows [Qs 3c] (Pair of Kings and Pair of Treys)
533bb744: shows [Jc 8s] (Pair of Kings and Pair of Jacks)
*** SHOWDOWN ***
533bb744 collected $0.81 from pot
*** SUMMARY ***
Total pot $0.85 | Rake $0.04 | Jackpot $0 | Bingo $0 | Fortune $0 | Tax $0
Board [Ks Ac Jd 3d Kd]
Seat 2: 49e60efd (big blind) showed [Qs 3c] and lost with Pair of Kings and Pair of Treys
Seat 3: Hero folded before Flop (didn't bet)
Seat 4: 533bb744 showed [Jc 8s] and won ($0.81) with Pair of Kings and Pair of Jacks
Seat 5: d24efac7 (button) folded before Flop (didn't bet)
Seat 6: 1d2435cb (small blind) folded before Flop


Poker Hand #HD1849688874: Hold'em No Limit ($0.05/$0.1) - 2024/07/09 14:31:47
Table 'NLHRed34' 6-max Seat #3 is the button
Seat 1: d596cae4 ($16.56 in chips)
Seat 2: 49e60efd ($1.85 in chips)
Seat 3: Hero ($10.45 in chips)
Seat 5: d24efac7 ($12.57 in chips)
Seat 6: 1d2435cb ($12.15 in chips)
d24efac7: posts small blind $0.05
1d2435cb: posts big blind $0.1
*** HOLE CARDS ***
Dealt to d596cae4 
Dealt to 49e60efd 
Dealt to Hero [6h 6s]
Dealt to d24efac7 
Dealt to 1d2435cb 
d596cae4: folds
49e60efd: folds
Hero: raises $0.14 to $0.24
d24efac7: folds
1d2435cb: folds
Uncalled bet ($0.14) returned to Hero
*** SHOWDOWN ***
Hero collected $0.25 from pot
*** SUMMARY ***
Total pot $0.25 | Rake $0 | Jackpot $0 | Bingo $0 | Fortune $0 | Tax $0
Seat 1: d596cae4 folded before Flop (didn't bet)
Seat 2: 49e60efd folded before Flop (didn't bet)
Seat 3: Hero (button) collected ($0.25)
Seat 5: d24efac7 (small blind) folded before Flop
Seat 6: 1d2435cb (big blind) folded before Flop


Poker Hand #HD1849688763: Hold'em No Limit ($0.05/$0.1) - 2024/07/09 14:30:54
Table 'NLHRed34' 6-max Seat #2 is the button
Seat 1: d596cae4 ($16.56 in chips)
Seat 2: 49e60efd ($1.85 in chips)
Seat 3: Hero ($10 in chips)
Seat 5: d24efac7 ($13.07 in chips)
Seat 6: 1d2435cb ($12.15 in chips)
Hero: posts small blind $0.05
d24efac7: posts big blind $0.1
*** HOLE CARDS ***
Dealt to d596cae4 
Dealt to 49e60efd 
Dealt to Hero [Kh Kd]
Dealt to d24efac7 
Dealt to 1d2435cb 
1d2435cb: folds
d596cae4: folds
49e60efd: folds
Hero: raises $0.2 to $0.3
d24efac7: calls $0.2
*** FLOP *** [Js 5c Ad]
Hero: checks
d24efac7: checks
*** TURN *** [Js 5c Ad] [5s]
Hero: bets $0.2
d24efac7: calls $0.2
*** RIVER *** [Js 5c Ad 5s] [Td]
Hero: checks
d24efac7: checks
Hero: shows [Kh Kd] (Pair of Kings and Pair of Fives)
d24efac7: shows [Qh Jc] (Pair of Jacks and Pair of Fives)
*** SHOWDOWN ***
Hero collected $0.95 from pot
*** SUMMARY ***
Total pot $1 | Rake $0.05 | Jackpot $0 | Bingo $0 | Fortune $0 | Tax $0
Board [Js 5c Ad 5s Td]
Seat 1: d596cae4 folded before Flop (didn't bet)
Seat 2: 49e60efd (button) folded before Flop (didn't bet)
Seat 3: Hero (small blind) showed [Kh Kd] and won ($0.95) with Pair of Kings and Pair of Fives
Seat 5: d24efac7 (big blind) showed [Qh Jc] and lost with Pair of Jacks and Pair of Fives
Seat 6: 1d2435cb folded before Flop (didn't bet)


Poker Hand #HD1849688643: Hold'em No Limit ($0.05/$0.1) - 2024/07/09 14:29:57
Table 'NLHRed34' 6-max Seat #1 is the button
Seat 1: d596cae4 ($18.44 in chips)
Seat 2: 49e60efd ($1.9 in chips)
Seat 3: Hero ($10 in chips)
Seat 4: 36426b6a ($10.32 in chips)
Seat 5: d24efac7 ($13.07 in chips)
Seat 6: 1d2435cb ($10.41 in chips)
49e60efd: posts small blind $0.05
Hero: posts big blind $0.1
*** HOLE CARDS ***
Dealt to d596cae4 
Dealt to 49e60efd 
Dealt to Hero [4d Qc]
Dealt to 36426b6a 
Dealt to d24efac7 
Dealt to 1d2435cb 
36426b6a: folds
d24efac7: folds
1d2435cb: raises $0.2 to $0.3
d596cae4: raises $0.6 to $0.9
49e60efd: folds
Hero: folds
1d2435cb: calls $0.6
*** FLOP *** [9h 7s Kd]
1d2435cb: checks
d596cae4: bets $0.98
1d2435cb: calls $0.98
*** TURN *** [9h 7s Kd] [Jc]
1d2435cb: checks
d596cae4: checks
*** RIVER *** [9h 7s Kd Jc] [Ac]
1d2435cb: bets $2.94
d596cae4: folds
Uncalled bet ($2.94) returned to 1d2435cb
*** SHOWDOWN ***
1d2435cb collected $3.62 from pot
*** SUMMARY ***
Total pot $3.91 | Rake $0.19 | Jackpot $0.1 | Bingo $0 | Fortune $0 | Tax $0
Board [9h 7s Kd Jc Ac]
Seat 1: d596cae4 (button) folded on the River
Seat 2: 49e60efd (small blind) folded before Flop
Seat 3: Hero (big blind) folded before Flop
Seat 4: 36426b6a folded before Flop (didn't bet)
Seat 5: d24efac7 folded before Flop (didn't bet)
Seat 6: 1d2435cb won ($3.62)


Poker Hand #HD1849688617: Hold'em No Limit ($0.05/$0.1) - 2024/07/09 14:29:43
Table 'NLHRed34' 6-max Seat #6 is the button
Seat 1: d596cae4 ($18.34 in chips)
Seat 2: 49e60efd ($2 in chips)
Seat 3: Hero ($10 in chips)
Seat 4: 36426b6a ($10.32 in chips)
Seat 5: d24efac7 ($13.07 in chips)
Seat 6: 1d2435cb ($10.41 in chips)
d596cae4: posts small blind $0.05
49e60efd: posts big blind $0.1
*** HOLE CARDS ***
Dealt to d596cae4 
Dealt to 49e60efd 
Dealt to Hero [3d As]
Dealt to 36426b6a 
Dealt to d24efac7 
Dealt to 1d2435cb 
Hero: folds
36426b6a: folds
d24efac7: folds
1d2435cb: folds
d596cae4: raises $0.2 to $0.3
49e60efd: folds
Uncalled bet ($0.2) returned to d596cae4
*** SHOWDOWN ***
d596cae4 collected $0.2 from pot
*** SUMMARY ***
Total pot $0.2 | Rake $0 | Jackpot $0 | Bingo $0 | Fortune $0 | Tax $0
Seat 1: d596cae4 (small blind) collected ($0.2)
Seat 2: 49e60efd (big blind) folded before Flop
Seat 3: Hero folded before Flop (didn't bet)
Seat 4: 36426b6a folded before Flop (didn't bet)
Seat 5: d24efac7 folded before Flop (didn't bet)
Seat 6: 1d2435cb (button) folded before Flop (didn't bet)


Poker Hand #HD1849688582: Hold'em No Limit ($0.05/$0.1) - 2024/07/09 14:29:28
Table 'NLHRed34' 6-max Seat #5 is the button
Seat 1: d596cae4 ($18.29 in chips)
Seat 3: Hero ($10 in chips)
Seat 4: 36426b6a ($10.32 in chips)
Seat 5: d24efac7 ($13.07 in chips)
Seat 6: 1d2435cb ($10.46 in chips)
1d2435cb: posts small blind $0.05
d596cae4: posts big blind $0.1
*** HOLE CARDS ***
Dealt to d596cae4 
Dealt to Hero [2d 5c]
Dealt to 36426b6a 
Dealt to d24efac7 
Dealt to 1d2435cb 
Hero: folds
36426b6a: folds
d24efac7: folds
1d2435cb: folds
Uncalled bet ($0.05) returned to d596cae4
*** SHOWDOWN ***
d596cae4 collected $0.1 from pot
*** SUMMARY ***
Total pot $0.1 | Rake $0 | Jackpot $0 | Bingo $0 | Fortune $0 | Tax $0
Seat 1: d596cae4 (big blind) collected ($0.1)
Seat 3: Hero folded before Flop (didn't bet)
Seat 4: 36426b6a folded before Flop (didn't bet)
Seat 5: d24efac7 (button) folded before Flop (didn't bet)
Seat 6: 1d2435cb (small blind) folded before Flop


Poker Hand #HD1849688557: Hold'em No Limit ($0.05/$0.1) - 2024/07/09 14:29:18
Table 'NLHRed34' 6-max Seat #4 is the button
Seat 1: d596cae4 ($18.14 in chips)
Seat 3: Hero ($10 in chips)
Seat 4: 36426b6a ($10.32 in chips)
Seat 5: d24efac7 ($13.12 in chips)
Seat 6: 1d2435cb ($10.56 in chips)
d24efac7: posts small blind $0.05
1d2435cb: posts big blind $0.1
*** HOLE CARDS ***
Dealt to d596cae4 
Dealt to Hero [6c 4d]
Dealt to 36426b6a 
Dealt to d24efac7 
Dealt to 1d2435cb 
d596cae4: raises $0.1 to $0.2
Hero: folds
36426b6a: folds
d24efac7: folds
1d2435cb: folds
Uncalled bet ($0.1) returned to d596cae4
*** SHOWDOWN ***
d596cae4 collected $0.25 from pot
*** SUMMARY ***
Total pot $0.25 | Rake $0 | Jackpot $0 | Bingo $0 | Fortune $0 | Tax $0
Seat 1: d596cae4 collected ($0.25)
Seat 3: Hero folded before Flop (didn't bet)
Seat 4: 36426b6a (button) folded before Flop (didn't bet)
Seat 5: d24efac7 (small blind) folded before Flop
Seat 6: 1d2435cb (big blind) folded before Flop


Poker Hand #HD1849688535: Hold'em No Limit ($0.05/$0.1) - 2024/07/09 14:29:06
Table 'NLHRed34' 6-max Seat #3 is the button
Seat 1: d596cae4 ($18.14 in chips)
Seat 3: Hero ($10 in chips)
Seat 4: 36426b6a ($10.37 in chips)
Seat 5: d24efac7 ($13.07 in chips)
Seat 6: 1d2435cb ($10.56 in chips)
36426b6a: posts small blind $0.05
d24efac7: posts big blind $0.1
*** HOLE CARDS ***
Dealt to d596cae4 
Dealt to Hero [4d Ah]
Dealt to 36426b6a 
Dealt to d24efac7 
Dealt to 1d2435cb 
1d2435cb: folds
d596cae4: folds
Hero: folds
36426b6a: folds
Uncalled bet ($0.05) returned to d24efac7
*** SHOWDOWN ***
d24efac7 collected $0.1 from pot
*** SUMMARY ***
Total pot $0.1 | Rake $0 | Jackpot $0 | Bingo $0 | Fortune $0 | Tax $0
Seat 1: d596cae4 folded before Flop (didn't bet)
Seat 3: Hero (button) folded before Flop (didn't bet)
Seat 4: 36426b6a (small blind) folded before Flop
Seat 5: d24efac7 (big blind) collected ($0.1)
Seat 6: 1d2435cb folded before Flop (didn't bet)


Poker Hand #HD1849688417: Hold'em No Limit ($0.05/$0.1) - 2024/07/09 14:28:12
Table 'NLHRed34' 6-max Seat #1 is the button
Seat 1: d596cae4 ($17.22 in chips)
Seat 2: 2fca9e42 ($26.93 in chips)
Seat 3: Hero ($10.2 in chips)
Seat 4: 36426b6a ($10.37 in chips)
Seat 5: d24efac7 ($13.07 in chips)
Seat 6: 1d2435cb ($10.56 in chips)
2fca9e42: posts small blind $0.05
Hero: posts big blind $0.1
*** HOLE CARDS ***
Dealt to d596cae4 
Dealt to 2fca9e42 
Dealt to Hero [6h Th]
Dealt to 36426b6a 
Dealt to d24efac7 
Dealt to 1d2435cb 
36426b6a: folds
d24efac7: folds
1d2435cb: folds
d596cae4: raises $0.1 to $0.2
2fca9e42: folds
Hero: calls $0.1
*** FLOP *** [8s Qc 8h]
Hero: checks
d596cae4: checks
*** TURN *** [8s Qc 8h] [4c]
Hero: bets $0.2
d596cae4: calls $0.2
*** RIVER *** [8s Qc 8h 4c] [5s]
Hero: bets $0.57
d596cae4: calls $0.57
Hero: shows [6h Th] (Pair of Eights)
d596cae4: shows [Qh 7h] (Pair of Queens and Pair of Eights)
*** SHOWDOWN ***
d596cae4 collected $1.89 from pot
*** SUMMARY ***
Total pot $1.99 | Rake $0.1 | Jackpot $0 | Bingo $0 | Fortune $0 | Tax $0
Board [8s Qc 8h 4c 5s]
Seat 1: d596cae4 (button) showed [Qh 7h] and won ($1.89) with Pair of Queens and Pair of Eights
Seat 2: 2fca9e42 (small blind) folded before Flop
Seat 3: Hero (big blind) showed [6h Th] and lost with Pair of Eights
Seat 4: 36426b6a folded before Flop (didn't bet)
Seat 5: d24efac7 folded before Flop (didn't bet)
Seat 6: 1d2435cb folded before Flop (didn't bet)


Poker Hand #HD1849688340: Hold'em No Limit ($0.05/$0.1) - 2024/07/09 14:27:32
Table 'NLHRed34' 6-max Seat #6 is the button
Seat 1: d596cae4 ($17.27 in chips)
Seat 2: 2fca9e42 ($26.65 in chips)
Seat 3: Hero ($10.2 in chips)
Seat 4: 36426b6a ($10.37 in chips)
Seat 5: d24efac7 ($13.07 in chips)
Seat 6: 1d2435cb ($10.81 in chips)
d596cae4: posts small blind $0.05
2fca9e42: posts big blind $0.1
*** HOLE CARDS ***
Dealt to d596cae4 
Dealt to 2fca9e42 
Dealt to Hero [3c 4c]
Dealt to 36426b6a 
Dealt to d24efac7 
Dealt to 1d2435cb 
Hero: folds
36426b6a: folds
d24efac7: folds
1d2435cb: raises $0.15 to $0.25
d596cae4: folds
2fca9e42: calls $0.15
*** FLOP *** [2c Kh 9d]
2fca9e42: bets $0.19
1d2435cb: folds
Uncalled bet ($0.19) returned to 2fca9e42
*** SHOWDOWN ***
2fca9e42 collected $0.53 from pot
*** SUMMARY ***
Total pot $0.55 | Rake $0.02 | Jackpot $0 | Bingo $0 | Fortune $0 | Tax $0
Board [2c Kh 9d]
Seat 1: d596cae4 (small blind) folded before Flop
Seat 2: 2fca9e42 (big blind) won ($0.53)
Seat 3: Hero folded before Flop (didn't bet)
Seat 4: 36426b6a folded before Flop (didn't bet)
Seat 5: d24efac7 folded before Flop (didn't bet)
Seat 6: 1d2435cb (button) folded on the Flop


Poker Hand #HD1849688307: Hold'em No Limit ($0.05/$0.1) - 2024/07/09 14:27:17
Table 'NLHRed34' 6-max Seat #5 is the button
Seat 1: d596cae4 ($17.37 in chips)
Seat 2: 2fca9e42 ($26.5 in chips)
Seat 3: Hero ($10.2 in chips)
Seat 4: 36426b6a ($10.37 in chips)
Seat 5: d24efac7 ($13.07 in chips)
Seat 6: 1d2435cb ($10.86 in chips)
1d2435cb: posts small blind $0.05
d596cae4: posts big blind $0.1
*** HOLE CARDS ***
Dealt to d596cae4 
Dealt to 2fca9e42 
Dealt to Hero [Js 2c]
Dealt to 36426b6a 
Dealt to d24efac7 
Dealt to 1d2435cb 
2fca9e42: raises $0.2 to $0.3
Hero: folds
36426b6a: folds
d24efac7: folds
1d2435cb: folds
d596cae4: folds
Uncalled bet ($0.2) returned to 2fca9e42
*** SHOWDOWN ***
2fca9e42 collected $0.25 from pot
*** SUMMARY ***
Total pot $0.25 | Rake $0 | Jackpot $0 | Bingo $0 | Fortune $0 | Tax $0
Seat 1: d596cae4 (big blind) folded before Flop
Seat 2: 2fca9e42 collected ($0.25)
Seat 3: Hero folded before Flop (didn't bet)
Seat 4: 36426b6a folded before Flop (didn't bet)
Seat 5: d24efac7 (button) folded before Flop (didn't bet)
Seat 6: 1d2435cb (small blind) folded before Flop


Poker Hand #HD1849688161: Hold'em No Limit ($0.05/$0.1) - 2024/07/09 14:26:04
Table 'NLHRed34' 6-max Seat #4 is the button
Seat 1: d596cae4 ($17.37 in chips)
Seat 2: 2fca9e42 ($27.23 in chips)
Seat 3: Hero ($10.2 in chips)
Seat 4: 36426b6a ($10.37 in chips)
Seat 5: d24efac7 ($13.12 in chips)
Seat 6: 1d2435cb ($10.15 in chips)
d24efac7: posts small blind $0.05
1d2435cb: posts big blind $0.1
*** HOLE CARDS ***
Dealt to d596cae4 
Dealt to 2fca9e42 
Dealt to Hero [3s Kd]
Dealt to 36426b6a 
Dealt to d24efac7 
Dealt to 1d2435cb 
d596cae4: folds
2fca9e42: calls $0.1
Hero: folds
36426b6a: folds
d24efac7: folds
1d2435cb: raises $0.25 to $0.35
2fca9e42: calls $0.25
*** FLOP *** [3d 5h Qd]
1d2435cb: bets $0.38
2fca9e42: calls $0.38
*** TURN *** [3d 5h Qd] [8d]
1d2435cb: bets $0.76
2fca9e42: folds
Uncalled bet ($0.76) returned to 1d2435cb
*** SHOWDOWN ***
1d2435cb collected $1.44 from pot
*** SUMMARY ***
Total pot $1.51 | Rake $0.07 | Jackpot $0 | Bingo $0 | Fortune $0 | Tax $0
Board [3d 5h Qd 8d]
Seat 1: d596cae4 folded before Flop (didn't bet)
Seat 2: 2fca9e42 folded on the Turn
Seat 3: Hero folded before Flop (didn't bet)
Seat 4: 36426b6a (button) folded before Flop (didn't bet)
Seat 5: d24efac7 (small blind) folded before Flop
Seat 6: 1d2435cb (big blind) won ($1.44)


Poker Hand #HD1849688124: Hold'em No Limit ($0.05/$0.1) - 2024/07/09 14:25:47
Table 'NLHRed34' 6-max Seat #3 is the button
Seat 1: d596cae4 ($17.37 in chips)
Seat 2: 2fca9e42 ($27.23 in chips)
Seat 3: Hero ($10.2 in chips)
Seat 4: 36426b6a ($10.42 in chips)
Seat 5: d24efac7 ($13.22 in chips)
Seat 6: 1d2435cb ($10 in chips)
36426b6a: posts small blind $0.05
d24efac7: posts big blind $0.1
*** HOLE CARDS ***
Dealt to d596cae4 
Dealt to 2fca9e42 
Dealt to Hero [4h 7h]
Dealt to 36426b6a 
Dealt to d24efac7 
Dealt to 1d2435cb 
1d2435cb: raises $0.2 to $0.3
d596cae4: folds
2fca9e42: folds
Hero: folds
36426b6a: folds
d24efac7: folds
Uncalled bet ($0.2) returned to 1d2435cb
*** SHOWDOWN ***
1d2435cb collected $0.25 from pot
*** SUMMARY ***
Total pot $0.25 | Rake $0 | Jackpot $0 | Bingo $0 | Fortune $0 | Tax $0
Seat 1: d596cae4 folded before Flop (didn't bet)
Seat 2: 2fca9e42 folded before Flop (didn't bet)
Seat 3: Hero (button) folded before Flop (didn't bet)
Seat 4: 36426b6a (small blind) folded before Flop
Seat 5: d24efac7 (big blind) folded before Flop
Seat 6: 1d2435cb collected ($0.25)


Poker Hand #HD1849688045: Hold'em No Limit ($0.05/$0.1) - 2024/07/09 14:25:03
Table 'NLHRed34' 6-max Seat #2 is the button
Seat 1: d596cae4 ($17.37 in chips)
Seat 2: 2fca9e42 ($27.23 in chips)
Seat 3: Hero ($10.5 in chips)
Seat 4: 36426b6a ($10.15 in chips)
Seat 5: d24efac7 ($13.22 in chips)
Seat 6: 1d2435cb ($10 in chips)
Hero: posts small blind $0.05
36426b6a: posts big blind $0.1
*** HOLE CARDS ***
Dealt to d596cae4 
Dealt to 2fca9e42 
Dealt to Hero [Ad 8d]
Dealt to 36426b6a 
Dealt to d24efac7 
Dealt to 1d2435cb 
d24efac7: folds
1d2435cb: folds
d596cae4: folds
2fca9e42: folds
Hero: raises $0.2 to $0.3
36426b6a: raises $0.6 to $0.9
Hero: folds
Uncalled bet ($0.6) returned to 36426b6a
*** SHOWDOWN ***
36426b6a collected $0.57 from pot
*** SUMMARY ***
Total pot $0.6 | Rake $0.03 | Jackpot $0 | Bingo $0 | Fortune $0 | Tax $0
Seat 1: d596cae4 folded before Flop (didn't bet)
Seat 2: 2fca9e42 (button) folded before Flop (didn't bet)
Seat 3: Hero (small blind) folded before Flop
Seat 4: 36426b6a (big blind) collected ($0.57)
Seat 5: d24efac7 folded before Flop (didn't bet)
Seat 6: 1d2435cb folded before Flop (didn't bet)


Poker Hand #HD1849687991: Hold'em No Limit ($0.05/$0.1) - 2024/07/09 14:24:40
Table 'NLHRed34' 6-max Seat #1 is the button
Seat 1: d596cae4 ($17.37 in chips)
Seat 2: 2fca9e42 ($27.28 in chips)
Seat 3: Hero ($10.6 in chips)
Seat 4: 36426b6a ($10.15 in chips)
Seat 5: d24efac7 ($13.07 in chips)
Seat 6: 1d2435cb ($10 in chips)
2fca9e42: posts small blind $0.05
Hero: posts big blind $0.1
*** HOLE CARDS ***
Dealt to d596cae4 
Dealt to 2fca9e42 
Dealt to Hero [9s Kc]
Dealt to 36426b6a 
Dealt to d24efac7 
Dealt to 1d2435cb 
36426b6a: folds
d24efac7: raises $0.2 to $0.3
1d2435cb: folds
d596cae4: folds
2fca9e42: folds
Hero: folds
Uncalled bet ($0.2) returned to d24efac7
*** SHOWDOWN ***
d24efac7 collected $0.25 from pot
*** SUMMARY ***
Total pot $0.25 | Rake $0 | Jackpot $0 | Bingo $0 | Fortune $0 | Tax $0
Seat 1: d596cae4 (button) folded before Flop (didn't bet)
Seat 2: 2fca9e42 (small blind) folded before Flop
Seat 3: Hero (big blind) folded before Flop
Seat 4: 36426b6a folded before Flop (didn't bet)
Seat 5: d24efac7 collected ($0.25)
Seat 6: 1d2435cb folded before Flop (didn't bet)


Poker Hand #HD1849687952: Hold'em No Limit ($0.05/$0.1) - 2024/07/09 14:24:25
Table 'NLHRed34' 6-max Seat #6 is the button
Seat 1: d596cae4 ($17.42 in chips)
Seat 2: 2fca9e42 ($27.38 in chips)
Seat 3: Hero ($10.6 in chips)
Seat 4: 36426b6a ($10 in chips)
Seat 5: d24efac7 ($13.07 in chips)
Seat 6: 1d2435cb ($10 in chips)
d596cae4: posts small blind $0.05
2fca9e42: posts big blind $0.1
*** HOLE CARDS ***
Dealt to d596cae4 
Dealt to 2fca9e42 
Dealt to Hero [4h 7d]
Dealt to 36426b6a 
Dealt to d24efac7 
Dealt to 1d2435cb 
Hero: folds
36426b6a: raises $0.11 to $0.21
d24efac7: folds
1d2435cb: folds
d596cae4: folds
2fca9e42: folds
Uncalled bet ($0.11) returned to 36426b6a
*** SHOWDOWN ***
36426b6a collected $0.25 from pot
*** SUMMARY ***
Total pot $0.25 | Rake $0 | Jackpot $0 | Bingo $0 | Fortune $0 | Tax $0
Seat 1: d596cae4 (small blind) folded before Flop
Seat 2: 2fca9e42 (big blind) folded before Flop
Seat 3: Hero folded before Flop (didn't bet)
Seat 4: 36426b6a collected ($0.25)
Seat 5: d24efac7 folded before Flop (didn't bet)
Seat 6: 1d2435cb (button) folded before Flop (didn't bet)


Poker Hand #HD1849687924: Hold'em No Limit ($0.05/$0.1) - 2024/07/09 14:24:10
Table 'NLHRed34' 6-max Seat #5 is the button
Seat 1: d596cae4 ($17.37 in chips)
Seat 2: 2fca9e42 ($27.38 in chips)
Seat 3: Hero ($10.6 in chips)
Seat 4: 36426b6a ($10 in chips)
Seat 5: d24efac7 ($13.07 in chips)
Seat 6: 1d2435cb ($9.22 in chips)
1d2435cb: posts small blind $0.05
d596cae4: posts big blind $0.1
*** HOLE CARDS ***
Dealt to d596cae4 
Dealt to 2fca9e42 
Dealt to Hero [6d Ac]
Dealt to 36426b6a 
Dealt to d24efac7 
Dealt to 1d2435cb 
2fca9e42: folds
Hero: folds
36426b6a: folds
d24efac7: folds
1d2435cb: folds
Uncalled bet ($0.05) returned to d596cae4
*** SHOWDOWN ***
d596cae4 collected $0.1 from pot
*** SUMMARY ***
Total pot $0.1 | Rake $0 | Jackpot $0 | Bingo $0 | Fortune $0 | Tax $0
Seat 1: d596cae4 (big blind) collected ($0.1)
Seat 2: 2fca9e42 folded before Flop (didn't bet)
Seat 3: Hero folded before Flop (didn't bet)
Seat 4: 36426b6a folded before Flop (didn't bet)
Seat 5: d24efac7 (button) folded before Flop (didn't bet)
Seat 6: 1d2435cb (small blind) folded before Flop


Poker Hand #HD1849687812: Hold'em No Limit ($0.05/$0.1) - 2024/07/09 14:23:19
Table 'NLHRed34' 6-max Seat #4 is the button
Seat 1: d596cae4 ($17.37 in chips)
Seat 2: 2fca9e42 ($27.38 in chips)
Seat 3: Hero ($10.6 in chips)
Seat 4: 36426b6a ($10 in chips)
Seat 5: d24efac7 ($12.36 in chips)
Seat 6: 1d2435cb ($10 in chips)
d24efac7: posts small blind $0.05
1d2435cb: posts big blind $0.1
*** HOLE CARDS ***
Dealt to d596cae4 
Dealt to 2fca9e42 
Dealt to Hero [Js 2d]
Dealt to 36426b6a 
Dealt to d24efac7 
Dealt to 1d2435cb 
d596cae4: folds
2fca9e42: folds
Hero: folds
36426b6a: folds
d24efac7: raises $0.2 to $0.3
1d2435cb: calls $0.2
*** FLOP *** [8s 7h Ah]
d24efac7: checks
1d2435cb: checks
*** TURN *** [8s 7h Ah] [Td]
d24efac7: bets $0.48
1d2435cb: calls $0.48
*** RIVER *** [8s 7h Ah Td] [4d]
d24efac7: bets $1.7
1d2435cb: folds
Uncalled bet ($1.7) returned to d24efac7
*** SHOWDOWN ***
d24efac7 collected $1.49 from pot
*** SUMMARY ***
Total pot $1.56 | Rake $0.07 | Jackpot $0 | Bingo $0 | Fortune $0 | Tax $0
Board [8s 7h Ah Td 4d]
Seat 1: d596cae4 folded before Flop (didn't bet)
Seat 2: 2fca9e42 folded before Flop (didn't bet)
Seat 3: Hero folded before Flop (didn't bet)
Seat 4: 36426b6a (button) folded before Flop (didn't bet)
Seat 5: d24efac7 (small blind) won ($1.49)
Seat 6: 1d2435cb (big blind) folded on the River


Poker Hand #HD1849687764: Hold'em No Limit ($0.05/$0.1) - 2024/07/09 14:22:57
Table 'NLHRed34' 6-max Seat #3 is the button
Seat 1: d596cae4 ($17.37 in chips)
Seat 2: 2fca9e42 ($27.38 in chips)
Seat 3: Hero ($10.45 in chips)
Seat 4: 36426b6a ($10 in chips)
Seat 5: d24efac7 ($12.46 in chips)
Seat 6: 1d2435cb ($10 in chips)
36426b6a: posts small blind $0.05
d24efac7: posts big blind $0.1
*** HOLE CARDS ***
Dealt to d596cae4 
Dealt to 2fca9e42 
Dealt to Hero [Jc Jd]
Dealt to 36426b6a 
Dealt to d24efac7 
Dealt to 1d2435cb 
1d2435cb: folds
d596cae4: folds
2fca9e42: folds
Hero: raises $0.14 to $0.24
36426b6a: folds
d24efac7: folds
Uncalled bet ($0.14) returned to Hero
*** SHOWDOWN ***
Hero collected $0.25 from pot
*** SUMMARY ***
Total pot $0.25 | Rake $0 | Jackpot $0 | Bingo $0 | Fortune $0 | Tax $0
Seat 1: d596cae4 folded before Flop (didn't bet)
Seat 2: 2fca9e42 folded before Flop (didn't bet)
Seat 3: Hero (button) collected ($0.25)
Seat 4: 36426b6a (small blind) folded before Flop
Seat 5: d24efac7 (big blind) folded before Flop
Seat 6: 1d2435cb folded before Flop (didn't bet)


Poker Hand #HD1849687641: Hold'em No Limit ($0.05/$0.1) - 2024/07/09 14:21:59
Table 'NLHRed34' 6-max Seat #2 is the button
Seat 1: d596cae4 ($12.2 in chips)
Seat 2: 2fca9e42 ($27.58 in chips)
Seat 3: Hero ($10.5 in chips)
Seat 4: 36426b6a ($11.4 in chips)
Seat 5: d24efac7 ($12.46 in chips)
Seat 6: 1d2435cb ($10 in chips)
Hero: posts small blind $0.05
36426b6a: posts big blind $0.1
*** HOLE CARDS ***
Dealt to d596cae4 
Dealt to 2fca9e42 
Dealt to Hero [4c 9c]
Dealt to 36426b6a 
Dealt to d24efac7 
Dealt to 1d2435cb 
d24efac7: folds
1d2435cb: folds
d596cae4: raises $0.1 to $0.2
2fca9e42: calls $0.2
Hero: folds
36426b6a: raises $1.1 to $1.3
d596cae4: calls $1.1
2fca9e42: folds
*** FLOP *** [8s 3h Ks]
36426b6a: bets $2.14
d596cae4: calls $2.14
*** TURN *** [8s 3h Ks] [8c]
36426b6a: bets $2.14
d596cae4: raises $6.62 to $8.76 and is all-in
36426b6a: folds
Uncalled bet ($6.62) returned to d596cae4
*** SHOWDOWN ***
d596cae4 collected $10.75 from pot
*** SUMMARY ***
Total pot $11.41 | Rake $0.56 | Jackpot $0.1 | Bingo $0 | Fortune $0 | Tax $0
Board [8s 3h Ks 8c]
Seat 1: d596cae4 won ($10.75)
Seat 2: 2fca9e42 (button) folded before Flop
Seat 3: Hero (small blind) folded before Flop
Seat 4: 36426b6a (big blind) folded on the Turn
Seat 5: d24efac7 folded before Flop (didn't bet)
Seat 6: 1d2435cb folded before Flop (didn't bet)


Poker Hand #HD1849687607: Hold'em No Limit ($0.05/$0.1) - 2024/07/09 14:21:40
Table 'NLHRed34' 6-max Seat #1 is the button
Seat 1: d596cae4 ($12.05 in chips)
Seat 2: 2fca9e42 ($27.63 in chips)
Seat 3: Hero ($10.6 in chips)
Seat 4: 36426b6a ($11.4 in chips)
Seat 5: d24efac7 ($12.46 in chips)
Seat 6: 1d2435cb ($7.79 in chips)
2fca9e42: posts small blind $0.05
Hero: posts big blind $0.1
*** HOLE CARDS ***
Dealt to d596cae4 
Dealt to 2fca9e42 
Dealt to Hero [7h 9s]
Dealt to 36426b6a 
Dealt to d24efac7 
Dealt to 1d2435cb 
36426b6a: folds
d24efac7: folds
1d2435cb: folds
d596cae4: raises $0.1 to $0.2
2fca9e42: folds
Hero: folds
Uncalled bet ($0.1) returned to d596cae4
*** SHOWDOWN ***
d596cae4 collected $0.25 from pot
*** SUMMARY ***
Total pot $0.25 | Rake $0 | Jackpot $0 | Bingo $0 | Fortune $0 | Tax $0
Seat 1: d596cae4 (button) collected ($0.25)
Seat 2: 2fca9e42 (small blind) folded before Flop
Seat 3: Hero (big blind) folded before Flop
Seat 4: 36426b6a folded before Flop (didn't bet)
Seat 5: d24efac7 folded before Flop (didn't bet)
Seat 6: 1d2435cb folded before Flop (didn't bet)


Poker Hand #HD1849687492: Hold'em No Limit ($0.05/$0.1) - 2024/07/09 14:20:45
Table 'NLHRed34' 6-max Seat #6 is the button
Seat 1: d596cae4 ($10.37 in chips)
Seat 2: 2fca9e42 ($27.73 in chips)
Seat 3: Hero ($10.6 in chips)
Seat 4: 36426b6a ($11.4 in chips)
Seat 5: d24efac7 ($12.46 in chips)
Seat 6: 1d2435cb ($9.65 in chips)
d596cae4: posts small blind $0.05
2fca9e42: posts big blind $0.1
*** HOLE CARDS ***
Dealt to d596cae4 
Dealt to 2fca9e42 
Dealt to Hero [Qc Td]
Dealt to 36426b6a 
Dealt to d24efac7 
Dealt to 1d2435cb 
Hero: folds
36426b6a: folds
d24efac7: folds
1d2435cb: raises $0.1 to $0.2
d596cae4: raises $0.9 to $1.1
2fca9e42: folds
1d2435cb: calls $0.9
*** FLOP *** [7c 2s 7h]
d596cae4: checks
1d2435cb: bets $0.76
d596cae4: raises $1.91 to $2.67
1d2435cb: folds
Uncalled bet ($1.91) returned to d596cae4
*** SHOWDOWN ***
d596cae4 collected $3.54 from pot
*** SUMMARY ***
Total pot $3.82 | Rake $0.18 | Jackpot $0.1 | Bingo $0 | Fortune $0 | Tax $0
Board [7c 2s 7h]
Seat 1: d596cae4 (small blind) won ($3.54)
Seat 2: 2fca9e42 (big blind) folded before Flop
Seat 3: Hero folded before Flop (didn't bet)
Seat 4: 36426b6a folded before Flop (didn't bet)
Seat 5: d24efac7 folded before Flop (didn't bet)
Seat 6: 1d2435cb (button) folded on the Flop


Poker Hand #HD1849687395: Hold'em No Limit ($0.05/$0.1) - 2024/07/09 14:19:53
Table 'NLHRed34' 6-max Seat #5 is the button
Seat 1: d596cae4 ($10 in chips)
Seat 2: 2fca9e42 ($28.08 in chips)
Seat 3: Hero ($10.6 in chips)
Seat 4: 36426b6a ($11.4 in chips)
Seat 5: d24efac7 ($12.46 in chips)
Seat 6: 1d2435cb ($9.7 in chips)
1d2435cb: posts small blind $0.05
d596cae4: posts big blind $0.1
*** HOLE CARDS ***
Dealt to d596cae4 
Dealt to 2fca9e42 
Dealt to Hero [4c 3c]
Dealt to 36426b6a 
Dealt to d24efac7 
Dealt to 1d2435cb 
2fca9e42: raises $0.1 to $0.2
Hero: folds
36426b6a: folds
d24efac7: folds
1d2435cb: folds
d596cae4: calls $0.1
*** FLOP *** [7d Td Kd]
d596cae4: checks
2fca9e42: bets $0.15
d596cae4: calls $0.15
*** TURN *** [7d Td Kd] [8d]
d596cae4: checks
2fca9e42: checks
*** RIVER *** [7d Td Kd 8d] [3s]
d596cae4: checks
2fca9e42: checks
d596cae4: shows [Js Ks] (Pair of Kings)
2fca9e42: shows [Ac Jh] (Ace-High)
*** SHOWDOWN ***
d596cae4 collected $0.72 from pot
*** SUMMARY ***
Total pot $0.75 | Rake $0.03 | Jackpot $0 | Bingo $0 | Fortune $0 | Tax $0
Board [7d Td Kd 8d 3s]
Seat 1: d596cae4 (big blind) showed [Js Ks] and won ($0.72) with Pair of Kings
Seat 2: 2fca9e42 showed [Ac Jh] and lost with Ace-High
Seat 3: Hero folded before Flop (didn't bet)
Seat 4: 36426b6a folded before Flop (didn't bet)
Seat 5: d24efac7 (button) folded before Flop (didn't bet)
Seat 6: 1d2435cb (small blind) folded before Flop


Poker Hand #HD1849687321: Hold'em No Limit ($0.05/$0.1) - 2024/07/09 14:19:13
Table 'NLHRed34' 6-max Seat #4 is the button
Seat 1: d596cae4 ($10 in chips)
Seat 2: 2fca9e42 ($28.08 in chips)
Seat 3: Hero ($10.6 in chips)
Seat 4: 36426b6a ($11.4 in chips)
Seat 5: d24efac7 ($12.19 in chips)
Seat 6: 1d2435cb ($10 in chips)
d24efac7: posts small blind $0.05
1d2435cb: posts big blind $0.1
*** HOLE CARDS ***
Dealt to d596cae4 
Dealt to 2fca9e42 
Dealt to Hero [Ad 2c]
Dealt to 36426b6a 
Dealt to d24efac7 
Dealt to 1d2435cb 
d596cae4: folds
2fca9e42: folds
Hero: folds
36426b6a: folds
d24efac7: raises $0.2 to $0.3
1d2435cb: calls $0.2
*** FLOP *** [8c 3c 2h]
d24efac7: checks
1d2435cb: checks
*** TURN *** [8c 3c 2h] [3d]
d24efac7: checks
1d2435cb: checks
*** RIVER *** [8c 3c 2h 3d] [3h]
d24efac7: checks
1d2435cb: checks
d24efac7: shows [5d As] (Three Treys)
1d2435cb: shows [Ts Jd] (Three Treys)
*** SHOWDOWN ***
d24efac7 collected $0.57 from pot
*** SUMMARY ***
Total pot $0.6 | Rake $0.03 | Jackpot $0 | Bingo $0 | Fortune $0 | Tax $0
Board [8c 3c 2h 3d 3h]
Seat 1: d596cae4 folded before Flop (didn't bet)
Seat 2: 2fca9e42 folded before Flop (didn't bet)
Seat 3: Hero folded before Flop (didn't bet)
Seat 4: 36426b6a (button) folded before Flop (didn't bet)
Seat 5: d24efac7 (small blind) showed [5d As] and won ($0.57) with Three Treys
Seat 6: 1d2435cb (big blind) showed [Ts Jd] and lost with Three Treys


Poker Hand #HD1849687294: Hold'em No Limit ($0.05/$0.1) - 2024/07/09 14:18:59
Table 'NLHRed34' 6-max Seat #3 is the button
Seat 1: d596cae4 ($10 in chips)
Seat 2: 2fca9e42 ($28.08 in chips)
Seat 3: Hero ($10.6 in chips)
Seat 4: 36426b6a ($11.45 in chips)
Seat 5: d24efac7 ($12.14 in chips)
Seat 6: 1d2435cb ($10 in chips)
36426b6a: posts small blind $0.05
d24efac7: posts big blind $0.1
*** HOLE CARDS ***
Dealt to d596cae4 
Dealt to 2fca9e42 
Dealt to Hero [Kc 9h]
Dealt to 36426b6a 
Dealt to d24efac7 
Dealt to 1d2435cb 
1d2435cb: folds
d596cae4: folds
2fca9e42: folds
Hero: folds
36426b6a: folds
Uncalled bet ($0.05) returned to d24efac7
*** SHOWDOWN ***
d24efac7 collected $0.1 from pot
*** SUMMARY ***
Total pot $0.1 | Rake $0 | Jackpot $0 | Bingo $0 | Fortune $0 | Tax $0
Seat 1: d596cae4 folded before Flop (didn't bet)
Seat 2: 2fca9e42 folded before Flop (didn't bet)
Seat 3: Hero (button) folded before Flop (didn't bet)
Seat 4: 36426b6a (small blind) folded before Flop
Seat 5: d24efac7 (big blind) collected ($0.1)
Seat 6: 1d2435cb folded before Flop (didn't bet)


Poker Hand #HD1849687119: Hold'em No Limit ($0.05/$0.1) - 2024/07/09 14:17:25
Table 'NLHRed34' 6-max Seat #2 is the button
Seat 1: d596cae4 ($10 in chips)
Seat 2: 2fca9e42 ($17.18 in chips)
Seat 3: Hero ($11.8 in chips)
Seat 4: 36426b6a ($11.55 in chips)
Seat 5: d24efac7 ($12.14 in chips)
Seat 6: 1d2435cb ($10.7 in chips)
Hero: posts small blind $0.05
36426b6a: posts big blind $0.1
*** HOLE CARDS ***
Dealt to d596cae4 
Dealt to 2fca9e42 
Dealt to Hero [Th Tc]
Dealt to 36426b6a 
Dealt to d24efac7 
Dealt to 1d2435cb 
d24efac7: folds
1d2435cb: raises $0.1 to $0.2
d596cae4: folds
2fca9e42: calls $0.2
Hero: raises $1 to $1.2
36426b6a: folds
1d2435cb: raises $1.35 to $2.55
2fca9e42: raises $1.45 to $4
Hero: folds
1d2435cb: calls $1.45
*** FLOP *** [Js 3d Jd]
1d2435cb: checks
2fca9e42: bets $9.3
1d2435cb: calls $6.7 and is all-in
Uncalled bet ($2.6) returned to 2fca9e42
2fca9e42: shows [Kd Kc] (Pair of Kings and Pair of Jacks)
1d2435cb: shows [Ac 3c] (Pair of Jacks and Pair of Treys)
*** TURN *** [Js 3d Jd] [7h]
*** RIVER *** [Js 3d Jd 7h] [8s]
*** SHOWDOWN ***
2fca9e42 collected $21.6 from pot
*** SUMMARY ***
Total pot $22.7 | Rake $1 | Jackpot $0.1 | Bingo $0 | Fortune $0 | Tax $0
Board [Js 3d Jd 7h 8s]
Seat 1: d596cae4 folded before Flop (didn't bet)
Seat 2: 2fca9e42 (button) showed [Kd Kc] and won ($21.6) with Pair of Kings and Pair of Jacks
Seat 3: Hero (small blind) folded before Flop
Seat 4: 36426b6a (big blind) folded before Flop
Seat 5: d24efac7 folded before Flop (didn't bet)
Seat 6: 1d2435cb showed [Ac 3c] and lost with Pair of Jacks and Pair of Treys


Poker Hand #HD1849687068: Hold'em No Limit ($0.05/$0.1) - 2024/07/09 14:16:52
Table 'NLHRed34' 6-max Seat #1 is the button
Seat 1: d596cae4 ($10 in chips)
Seat 2: 2fca9e42 ($17.48 in chips)
Seat 3: Hero ($11.9 in chips)
Seat 4: 36426b6a ($11.55 in chips)
Seat 5: d24efac7 ($11.77 in chips)
Seat 6: 1d2435cb ($10.7 in chips)
2fca9e42: posts small blind $0.05
Hero: posts big blind $0.1
*** HOLE CARDS ***
Dealt to d596cae4 
Dealt to 2fca9e42 
Dealt to Hero [8h As]
Dealt to 36426b6a 
Dealt to d24efac7 
Dealt to 1d2435cb 
36426b6a: folds
d24efac7: raises $0.2 to $0.3
1d2435cb: folds
d596cae4: folds
2fca9e42: calls $0.25
Hero: folds
*** FLOP *** [3s 2c 6h]
2fca9e42: checks
d24efac7: bets $0.56
2fca9e42: folds
Uncalled bet ($0.56) returned to d24efac7
*** SHOWDOWN ***
d24efac7 collected $0.67 from pot
*** SUMMARY ***
Total pot $0.7 | Rake $0.03 | Jackpot $0 | Bingo $0 | Fortune $0 | Tax $0
Board [3s 2c 6h]
Seat 1: d596cae4 (button) folded before Flop (didn't bet)
Seat 2: 2fca9e42 (small blind) folded on the Flop
Seat 3: Hero (big blind) folded before Flop
Seat 4: 36426b6a folded before Flop (didn't bet)
Seat 5: d24efac7 won ($0.67)
Seat 6: 1d2435cb folded before Flop (didn't bet)


Poker Hand #HD1849687037: Hold'em No Limit ($0.05/$0.1) - 2024/07/09 14:16:37
Table 'NLHRed34' 6-max Seat #6 is the button
Seat 1: d596cae4 ($10.05 in chips)
Seat 2: 2fca9e42 ($17.58 in chips)
Seat 3: Hero ($11.75 in chips)
Seat 4: 36426b6a ($11.55 in chips)
Seat 5: d24efac7 ($11.77 in chips)
Seat 6: 1d2435cb ($10.7 in chips)
d596cae4: posts small blind $0.05
2fca9e42: posts big blind $0.1
*** HOLE CARDS ***
Dealt to d596cae4 
Dealt to 2fca9e42 
Dealt to Hero [Ad As]
Dealt to 36426b6a 
Dealt to d24efac7 
Dealt to 1d2435cb 
Hero: raises $0.1 to $0.2
36426b6a: folds
d24efac7: folds
1d2435cb: folds
d596cae4: folds
2fca9e42: folds
Uncalled bet ($0.1) returned to Hero
*** SHOWDOWN ***
Hero collected $0.25 from pot
*** SUMMARY ***
Total pot $0.25 | Rake $0 | Jackpot $0 | Bingo $0 | Fortune $0 | Tax $0
Seat 1: d596cae4 (small blind) folded before Flop
Seat 2: 2fca9e42 (big blind) folded before Flop
Seat 3: Hero collected ($0.25)
Seat 4: 36426b6a folded before Flop (didn't bet)
Seat 5: d24efac7 folded before Flop (didn't bet)
Seat 6: 1d2435cb (button) folded before Flop (didn't bet)


Poker Hand #HD1849686951: Hold'em No Limit ($0.05/$0.1) - 2024/07/09 14:15:53
Table 'NLHRed34' 6-max Seat #5 is the button
Seat 1: d596cae4 ($10.15 in chips)
Seat 2: 2fca9e42 ($16.32 in chips)
Seat 3: Hero ($11.75 in chips)
Seat 4: 36426b6a ($12.79 in chips)
Seat 5: d24efac7 ($11.77 in chips)
Seat 6: 1d2435cb ($10.75 in chips)
1d2435cb: posts small blind $0.05
d596cae4: posts big blind $0.1
*** HOLE CARDS ***
Dealt to d596cae4 
Dealt to 2fca9e42 
Dealt to Hero [Qc Tc]
Dealt to 36426b6a 
Dealt to d24efac7 
Dealt to 1d2435cb 
2fca9e42: raises $0.1 to $0.2
Hero: folds
36426b6a: raises $0.52 to $0.72
d24efac7: folds
1d2435cb: folds
d596cae4: folds
2fca9e42: raises $0.52 to $1.24
36426b6a: calls $0.52
*** FLOP *** [2c 2d Qs]
2fca9e42: checks
36426b6a: checks
*** TURN *** [2c 2d Qs] [5c]
2fca9e42: bets $1.32
36426b6a: folds
Uncalled bet ($1.32) returned to 2fca9e42
*** SHOWDOWN ***
2fca9e42 collected $2.5 from pot
*** SUMMARY ***
Total pot $2.63 | Rake $0.13 | Jackpot $0 | Bingo $0 | Fortune $0 | Tax $0
Board [2c 2d Qs 5c]
Seat 1: d596cae4 (big blind) folded before Flop
Seat 2: 2fca9e42 won ($2.5)
Seat 3: Hero folded before Flop (didn't bet)
Seat 4: 36426b6a folded on the Turn
Seat 5: d24efac7 (button) folded before Flop (didn't bet)
Seat 6: 1d2435cb (small blind) folded before Flop


Poker Hand #HD1849686878: Hold'em No Limit ($0.05/$0.1) - 2024/07/09 14:15:14
Table 'NLHRed34' 6-max Seat #4 is the button
Seat 1: d596cae4 ($10.15 in chips)
Seat 2: 2fca9e42 ($16.32 in chips)
Seat 3: Hero ($11.75 in chips)
Seat 4: 36426b6a ($12.79 in chips)
Seat 5: d24efac7 ($11.5 in chips)
Seat 6: 1d2435cb ($11.05 in chips)
d24efac7: posts small blind $0.05
1d2435cb: posts big blind $0.1
*** HOLE CARDS ***
Dealt to d596cae4 
Dealt to 2fca9e42 
Dealt to Hero [5h Kc]
Dealt to 36426b6a 
Dealt to d24efac7 
Dealt to 1d2435cb 
d596cae4: folds
2fca9e42: folds
Hero: folds
36426b6a: folds
d24efac7: raises $0.2 to $0.3
1d2435cb: calls $0.2
*** FLOP *** [7c 6h Jc]
d24efac7: bets $0.2
1d2435cb: folds
Uncalled bet ($0.2) returned to d24efac7
*** SHOWDOWN ***
d24efac7 collected $0.57 from pot
*** SUMMARY ***
Total pot $0.6 | Rake $0.03 | Jackpot $0 | Bingo $0 | Fortune $0 | Tax $0
Board [7c 6h Jc]
Seat 1: d596cae4 folded before Flop (didn't bet)
Seat 2: 2fca9e42 folded before Flop (didn't bet)
Seat 3: Hero folded before Flop (didn't bet)
Seat 4: 36426b6a (button) folded before Flop (didn't bet)
Seat 5: d24efac7 (small blind) won ($0.57)
Seat 6: 1d2435cb (big blind) folded on the Flop


Poker Hand #HD1849686836: Hold'em No Limit ($0.05/$0.1) - 2024/07/09 14:14:55
Table 'NLHRed34' 6-max Seat #3 is the button
Seat 1: d596cae4 ($10 in chips)
Seat 2: 2fca9e42 ($16.32 in chips)
Seat 3: Hero ($11.75 in chips)
Seat 4: 36426b6a ($12.84 in chips)
Seat 5: d24efac7 ($11.6 in chips)
Seat 6: 1d2435cb ($11.05 in chips)
36426b6a: posts small blind $0.05
d24efac7: posts big blind $0.1
*** HOLE CARDS ***
Dealt to d596cae4 
Dealt to 2fca9e42 
Dealt to Hero [3c 5c]
Dealt to 36426b6a 
Dealt to d24efac7 
Dealt to 1d2435cb 
1d2435cb: folds
d596cae4: raises $0.1 to $0.2
2fca9e42: folds
Hero: folds
36426b6a: folds
d24efac7: folds
Uncalled bet ($0.1) returned to d596cae4
*** SHOWDOWN ***
d596cae4 collected $0.25 from pot
*** SUMMARY ***
Total pot $0.25 | Rake $0 | Jackpot $0 | Bingo $0 | Fortune $0 | Tax $0
Seat 1: d596cae4 collected ($0.25)
Seat 2: 2fca9e42 folded before Flop (didn't bet)
Seat 3: Hero (button) folded before Flop (didn't bet)
Seat 4: 36426b6a (small blind) folded before Flop
Seat 5: d24efac7 (big blind) folded before Flop
Seat 6: 1d2435cb folded before Flop (didn't bet)


Poker Hand #HD1849686732: Hold'em No Limit ($0.05/$0.1) - 2024/07/09 14:14:03
Table 'NLHRed34' 6-max Seat #2 is the button
Seat 1: d596cae4 ($10 in chips)
Seat 2: 2fca9e42 ($16.32 in chips)
Seat 3: Hero ($10.07 in chips)
Seat 4: 36426b6a ($12.94 in chips)
Seat 5: d24efac7 ($11.6 in chips)
Seat 6: 1d2435cb ($11.05 in chips)
Hero: posts small blind $0.05
36426b6a: posts big blind $0.1
*** HOLE CARDS ***
Dealt to d596cae4 
Dealt to 2fca9e42 
Dealt to Hero [Jh Ks]
Dealt to 36426b6a 
Dealt to d24efac7 
Dealt to 1d2435cb 
d24efac7: folds
1d2435cb: folds
d596cae4: raises $0.1 to $0.2
2fca9e42: folds
Hero: raises $0.9 to $1.1
36426b6a: folds
d596cae4: calls $0.9
*** FLOP *** [7s 3d Qh]
Hero: bets $0.76
d596cae4: calls $0.76
*** TURN *** [7s 3d Qh] [Ac]
Hero: bets $1.9
d596cae4: folds
Uncalled bet ($1.9) returned to Hero
*** SHOWDOWN ***
Hero collected $3.54 from pot
*** SUMMARY ***
Total pot $3.82 | Rake $0.18 | Jackpot $0.1 | Bingo $0 | Fortune $0 | Tax $0
Board [7s 3d Qh Ac]
Seat 1: d596cae4 folded on the Turn
Seat 2: 2fca9e42 (button) folded before Flop (didn't bet)
Seat 3: Hero (small blind) won ($3.54)
Seat 4: 36426b6a (big blind) folded before Flop
Seat 5: d24efac7 folded before Flop (didn't bet)
Seat 6: 1d2435cb folded before Flop (didn't bet)


Poker Hand #HD1849686704: Hold'em No Limit ($0.05/$0.1) - 2024/07/09 14:13:50
Table 'NLHRed34' 6-max Seat #1 is the button
Seat 1: d596cae4 ($10 in chips)
Seat 2: 2fca9e42 ($16.37 in chips)
Seat 3: Hero ($10.17 in chips)
Seat 4: 36426b6a ($12.94 in chips)
Seat 5: d24efac7 ($11.6 in chips)
Seat 6: 1d2435cb ($10.9 in chips)
2fca9e42: posts small blind $0.05
Hero: posts big blind $0.1
*** HOLE CARDS ***
Dealt to d596cae4 
Dealt to 2fca9e42 
Dealt to Hero [7c 3c]
Dealt to 36426b6a 
Dealt to d24efac7 
Dealt to 1d2435cb 
36426b6a: folds
d24efac7: folds
1d2435cb: raises $0.2 to $0.3
d596cae4: folds
2fca9e42: folds
Hero: folds
Uncalled bet ($0.2) returned to 1d2435cb
*** SHOWDOWN ***
1d2435cb collected $0.25 from pot
*** SUMMARY ***
Total pot $0.25 | Rake $0 | Jackpot $0 | Bingo $0 | Fortune $0 | Tax $0
Seat 1: d596cae4 (button) folded before Flop (didn't bet)
Seat 2: 2fca9e42 (small blind) folded before Flop
Seat 3: Hero (big blind) folded before Flop
Seat 4: 36426b6a folded before Flop (didn't bet)
Seat 5: d24efac7 folded before Flop (didn't bet)
Seat 6: 1d2435cb collected ($0.25)


Poker Hand #HD1849686550: Hold'em No Limit ($0.05/$0.1) - 2024/07/09 14:12:28
Table 'NLHRed34' 6-max Seat #6 is the button
Seat 1: d596cae4 ($10.05 in chips)
Seat 2: 2fca9e42 ($19.33 in chips)
Seat 3: Hero ($10.37 in chips)
Seat 4: 36426b6a ($10.13 in chips)
Seat 5: d24efac7 ($11.6 in chips)
Seat 6: 1d2435cb ($10.9 in chips)
d596cae4: posts small blind $0.05
2fca9e42: posts big blind $0.1
*** HOLE CARDS ***
Dealt to d596cae4 
Dealt to 2fca9e42 
Dealt to Hero [9h Kh]
Dealt to 36426b6a 
Dealt to d24efac7 
Dealt to 1d2435cb 
Hero: raises $0.1 to $0.2
36426b6a: raises $0.7 to $0.9
d24efac7: folds
1d2435cb: folds
d596cae4: folds
2fca9e42: calls $0.8
Hero: folds
*** FLOP *** [6d 2h 5d]
2fca9e42: checks
36426b6a: bets $1.03
2fca9e42: raises $1.03 to $2.06
36426b6a: raises $7.17 to $9.23 and is all-in
2fca9e42: folds
Uncalled bet ($7.17) returned to 36426b6a
*** SHOWDOWN ***
36426b6a collected $5.77 from pot
*** SUMMARY ***
Total pot $6.17 | Rake $0.3 | Jackpot $0.1 | Bingo $0 | Fortune $0 | Tax $0
Board [6d 2h 5d]
Seat 1: d596cae4 (small blind) folded before Flop
Seat 2: 2fca9e42 (big blind) folded on the Flop
Seat 3: Hero folded before Flop
Seat 4: 36426b6a won ($5.77)
Seat 5: d24efac7 folded before Flop (didn't bet)
Seat 6: 1d2435cb (button) folded before Flop (didn't bet)


Poker Hand #HD1849686524: Hold'em No Limit ($0.05/$0.1) - 2024/07/09 14:12:18
Table 'NLHRed34' 6-max Seat #5 is the button
Seat 1: d596cae4 ($10 in chips)
Seat 2: 2fca9e42 ($19.33 in chips)
Seat 3: Hero ($10.37 in chips)
Seat 4: 36426b6a ($10.13 in chips)
Seat 5: d24efac7 ($11.6 in chips)
Seat 6: 1d2435cb ($10.95 in chips)
1d2435cb: posts small blind $0.05
d596cae4: posts big blind $0.1
*** HOLE CARDS ***
Dealt to d596cae4 
Dealt to 2fca9e42 
Dealt to Hero [4c Th]
Dealt to 36426b6a 
Dealt to d24efac7 
Dealt to 1d2435cb 
2fca9e42: folds
Hero: folds
36426b6a: folds
d24efac7: folds
1d2435cb: folds
Uncalled bet ($0.05) returned to d596cae4
*** SHOWDOWN ***
d596cae4 collected $0.1 from pot
*** SUMMARY ***
Total pot $0.1 | Rake $0 | Jackpot $0 | Bingo $0 | Fortune $0 | Tax $0
Seat 1: d596cae4 (big blind) collected ($0.1)
Seat 2: 2fca9e42 folded before Flop (didn't bet)
Seat 3: Hero folded before Flop (didn't bet)
Seat 4: 36426b6a folded before Flop (didn't bet)
Seat 5: d24efac7 (button) folded before Flop (didn't bet)
Seat 6: 1d2435cb (small blind) folded before Flop


Poker Hand #HD1849686497: Hold'em No Limit ($0.05/$0.1) - 2024/07/09 14:12:03
Table 'NLHRed34' 6-max Seat #4 is the button
Seat 1: d596cae4 ($10 in chips)
Seat 2: 2fca9e42 ($19.33 in chips)
Seat 3: Hero ($10.37 in chips)
Seat 4: 36426b6a ($10.13 in chips)
Seat 5: d24efac7 ($11.65 in chips)
Seat 6: 1d2435cb ($10.9 in chips)
d24efac7: posts small blind $0.05
1d2435cb: posts big blind $0.1
*** HOLE CARDS ***
Dealt to d596cae4 
Dealt to 2fca9e42 
Dealt to Hero [5c 9c]
Dealt to 36426b6a 
Dealt to d24efac7 
Dealt to 1d2435cb 
d596cae4: folds
2fca9e42: folds
Hero: folds
36426b6a: folds
d24efac7: folds
Uncalled bet ($0.05) returned to 1d2435cb
*** SHOWDOWN ***
1d2435cb collected $0.1 from pot
*** SUMMARY ***
Total pot $0.1 | Rake $0 | Jackpot $0 | Bingo $0 | Fortune $0 | Tax $0
Seat 1: d596cae4 folded before Flop (didn't bet)
Seat 2: 2fca9e42 folded before Flop (didn't bet)
Seat 3: Hero folded before Flop (didn't bet)
Seat 4: 36426b6a (button) folded before Flop (didn't bet)
Seat 5: d24efac7 (small blind) folded before Flop
Seat 6: 1d2435cb (big blind) collected ($0.1)


Poker Hand #HD1849686398: Hold'em No Limit ($0.05/$0.1) - 2024/07/09 14:11:16
Table 'NLHRed34' 6-max Seat #3 is the button
Seat 1: d596cae4 ($10 in chips)
Seat 2: 2fca9e42 ($19.98 in chips)
Seat 3: Hero ($11.02 in chips)
Seat 4: 36426b6a ($10.18 in chips)
Seat 5: d24efac7 ($11.75 in chips)
Seat 6: 1d2435cb ($9.55 in chips)
36426b6a: posts small blind $0.05
d24efac7: posts big blind $0.1
*** HOLE CARDS ***
Dealt to d596cae4 
Dealt to 2fca9e42 
Dealt to Hero [9d Td]
Dealt to 36426b6a 
Dealt to d24efac7 
Dealt to 1d2435cb 
1d2435cb: raises $0.2 to $0.3
d596cae4: folds
2fca9e42: calls $0.3
Hero: calls $0.3
36426b6a: folds
d24efac7: folds
*** FLOP *** [8s 4s 8h]
1d2435cb: bets $0.35
2fca9e42: calls $0.35
Hero: calls $0.35
*** TURN *** [8s 4s 8h] [4d]
1d2435cb: bets $1.05
2fca9e42: folds
Hero: folds
Uncalled bet ($1.05) returned to 1d2435cb
*** SHOWDOWN ***
1d2435cb collected $2 from pot
*** SUMMARY ***
Total pot $2.1 | Rake $0.1 | Jackpot $0 | Bingo $0 | Fortune $0 | Tax $0
Board [8s 4s 8h 4d]
Seat 1: d596cae4 folded before Flop (didn't bet)
Seat 2: 2fca9e42 folded on the Turn
Seat 3: Hero (button) folded on the Turn
Seat 4: 36426b6a (small blind) folded before Flop
Seat 5: d24efac7 (big blind) folded before Flop
Seat 6: 1d2435cb won ($2)


Poker Hand #HD1849686362: Hold'em No Limit ($0.05/$0.1) - 2024/07/09 14:10:57
Table 'NLHRed34' 6-max Seat #2 is the button
Seat 1: d596cae4 ($10 in chips)
Seat 2: 2fca9e42 ($19.98 in chips)
Seat 3: Hero ($10.92 in chips)
Seat 4: 36426b6a ($10.28 in chips)
Seat 5: d24efac7 ($11.75 in chips)
Seat 6: 1d2435cb ($9.55 in chips)
Hero: posts small blind $0.05
36426b6a: posts big blind $0.1
*** HOLE CARDS ***
Dealt to d596cae4 
Dealt to 2fca9e42 
Dealt to Hero [Qd Kh]
Dealt to 36426b6a 
Dealt to d24efac7 
Dealt to 1d2435cb 
d24efac7: folds
1d2435cb: folds
d596cae4: folds
2fca9e42: folds
Hero: raises $0.2 to $0.3
36426b6a: folds
Uncalled bet ($0.2) returned to Hero
*** SHOWDOWN ***
Hero collected $0.2 from pot
*** SUMMARY ***
Total pot $0.2 | Rake $0 | Jackpot $0 | Bingo $0 | Fortune $0 | Tax $0
Seat 1: d596cae4 folded before Flop (didn't bet)
Seat 2: 2fca9e42 (button) folded before Flop (didn't bet)
Seat 3: Hero (small blind) collected ($0.2)
Seat 4: 36426b6a (big blind) folded before Flop
Seat 5: d24efac7 folded before Flop (didn't bet)
Seat 6: 1d2435cb folded before Flop (didn't bet)


Poker Hand #HD1849686243: Hold'em No Limit ($0.05/$0.1) - 2024/07/09 14:10:06
Table 'NLHRed34' 6-max Seat #1 is the button
Seat 1: d596cae4 ($10 in chips)
Seat 2: 2fca9e42 ($20.28 in chips)
Seat 3: Hero ($10.65 in chips)
Seat 4: 36426b6a ($10.28 in chips)
Seat 5: d24efac7 ($11.75 in chips)
Seat 6: 1d2435cb ($9.55 in chips)
2fca9e42: posts small blind $0.05
Hero: posts big blind $0.1
*** HOLE CARDS ***
Dealt to d596cae4 
Dealt to 2fca9e42 
Dealt to Hero [Td Jh]
Dealt to 36426b6a 
Dealt to d24efac7 
Dealt to 1d2435cb 
36426b6a: folds
d24efac7: folds
1d2435cb: folds
d596cae4: folds
2fca9e42: raises $0.1 to $0.2
Hero: calls $0.1
*** FLOP *** [Ah 8s 6c]
2fca9e42: checks
Hero: checks
*** TURN *** [Ah 8s 6c] [Th]
2fca9e42: bets $0.1
Hero: calls $0.1
*** RIVER *** [Ah 8s 6c Th] [8d]
2fca9e42: checks
Hero: checks
2fca9e42: shows [3c Kc] (Pair of Eights)
Hero: shows [Td Jh] (Pair of Tens and Pair of Eights)
*** SHOWDOWN ***
Hero collected $0.57 from pot
*** SUMMARY ***
Total pot $0.6 | Rake $0.03 | Jackpot $0 | Bingo $0 | Fortune $0 | Tax $0
Board [Ah 8s 6c Th 8d]
Seat 1: d596cae4 (button) folded before Flop (didn't bet)
Seat 2: 2fca9e42 (small blind) showed [3c Kc] and lost with Pair of Eights
Seat 3: Hero (big blind) showed [Td Jh] and won ($0.57) with Pair of Tens and Pair of Eights
Seat 4: 36426b6a folded before Flop (didn't bet)
Seat 5: d24efac7 folded before Flop (didn't bet)
Seat 6: 1d2435cb folded before Flop (didn't bet)


Poker Hand #HD1849605218: Hold'em No Limit ($0.05/$0.1) - 2024/07/09 14:01:50
Table 'NLHRed34' 6-max Seat #6 is the button
Seat 1: d596cae4 ($10 in chips)
Seat 2: 2fca9e42 ($20.04 in chips)
Seat 3: Hero ($10.28 in chips)
Seat 4: 36426b6a ($10 in chips)
Seat 5: d24efac7 ($11.25 in chips)
Seat 6: 1d2435cb ($9.7 in chips)
d596cae4: posts small blind $0.05
2fca9e42: posts big blind $0.1
*** HOLE CARDS ***
Dealt to d596cae4 
Dealt to 2fca9e42 
Dealt to Hero [Qs Ts]
Dealt to 36426b6a 
Dealt to d24efac7 
Dealt to 1d2435cb 
Hero: raises $0.1 to $0.2
36426b6a: folds
d24efac7: folds
1d2435cb: folds
d596cae4: folds
2fca9e42: calls $0.1
*** FLOP *** [6h As 2d]
2fca9e42: checks
Hero: checks
*** TURN *** [6h As 2d] [Qh]
2fca9e42: checks
Hero: checks
*** RIVER *** [6h As 2d Qh] [8d]
2fca9e42: bets $0.15
Hero: calls $0.15
2fca9e42: shows [Kd 7c] (Ace-High)
Hero: shows [Qs Ts] (Pair of Queens)
*** SHOWDOWN ***
Hero collected $0.72 from pot
*** SUMMARY ***
Total pot $0.75 | Rake $0.03 | Jackpot $0 | Bingo $0 | Fortune $0 | Tax $0
Board [6h As 2d Qh 8d]
Seat 1: d596cae4 (small blind) folded before Flop
Seat 2: 2fca9e42 (big blind) showed [Kd 7c] and lost with Ace-High
Seat 3: Hero showed [Qs Ts] and won ($0.72) with Pair of Queens
Seat 4: 36426b6a folded before Flop (didn't bet)
Seat 5: d24efac7 folded before Flop (didn't bet)
Seat 6: 1d2435cb (button) folded before Flop (didn't bet)


Poker Hand #HD1849605105: Hold'em No Limit ($0.05/$0.1) - 2024/07/09 14:00:59
Table 'NLHRed34' 6-max Seat #5 is the button
Seat 1: d596cae4 ($10 in chips)
Seat 2: 2fca9e42 ($20.04 in chips)
Seat 3: Hero ($10 in chips)
Seat 4: 36426b6a ($10 in chips)
Seat 5: d24efac7 ($11.25 in chips)
Seat 6: 1d2435cb ($9.9 in chips)
1d2435cb: posts small blind $0.05
d596cae4: posts big blind $0.1
*** HOLE CARDS ***
Dealt to d596cae4 
Dealt to 2fca9e42 
Dealt to Hero [Th Ts]
Dealt to 36426b6a 
Dealt to d24efac7 
Dealt to 1d2435cb 
2fca9e42: folds
Hero: raises $0.1 to $0.2
36426b6a: folds
d24efac7: folds
1d2435cb: calls $0.15
d596cae4: folds
*** FLOP *** [Qd As 4c]
1d2435cb: checks
Hero: checks
*** TURN *** [Qd As 4c] [6s]
1d2435cb: checks
Hero: checks
*** RIVER *** [Qd As 4c 6s] [3h]
1d2435cb: checks
Hero: checks
1d2435cb: shows [6c Kc] (Pair of Sixes)
Hero: shows [Th Ts] (Pair of Tens)
*** SHOWDOWN ***
Hero collected $0.48 from pot
*** SUMMARY ***
Total pot $0.5 | Rake $0.02 | Jackpot $0 | Bingo $0 | Fortune $0 | Tax $0
Board [Qd As 4c 6s 3h]
Seat 1: d596cae4 (big blind) folded before Flop
Seat 2: 2fca9e42 folded before Flop (didn't bet)
Seat 3: Hero showed [Th Ts] and won ($0.48) with Pair of Tens
Seat 4: 36426b6a folded before Flop (didn't bet)
Seat 5: d24efac7 (button) folded before Flop (didn't bet)
Seat 6: 1d2435cb (small blind) showed [6c Kc] and lost with Pair of Sixes


Poker Hand #HD1849605063: Hold'em No Limit ($0.05/$0.1) - 2024/07/09 14:00:43
Table 'NLHRed34' 6-max Seat #4 is the button
Seat 2: 2fca9e42 ($20.04 in chips)
Seat 3: Hero ($10 in chips)
Seat 4: 36426b6a ($10 in chips)
Seat 5: d24efac7 ($11.3 in chips)
Seat 6: 1d2435cb ($9.85 in chips)
d24efac7: posts small blind $0.05
1d2435cb: posts big blind $0.1
*** HOLE CARDS ***
Dealt to 2fca9e42 
Dealt to Hero [7h 8s]
Dealt to 36426b6a 
Dealt to d24efac7 
Dealt to 1d2435cb 
2fca9e42: folds
Hero: folds
36426b6a: folds
d24efac7: folds
Uncalled bet ($0.05) returned to 1d2435cb
*** SHOWDOWN ***
1d2435cb collected $0.1 from pot
*** SUMMARY ***
Total pot $0.1 | Rake $0 | Jackpot $0 | Bingo $0 | Fortune $0 | Tax $0
Seat 2: 2fca9e42 folded before Flop (didn't bet)
Seat 3: Hero folded before Flop (didn't bet)
Seat 4: 36426b6a (button) folded before Flop (didn't bet)
Seat 5: d24efac7 (small blind) folded before Flop
Seat 6: 1d2435cb (big blind) collected ($0.1)


Poker Hand #HD1849604992: Hold'em No Limit ($0.05/$0.1) - 2024/07/09 14:00:10
Table 'NLHRed34' 6-max Seat #3 is the button
Seat 2: 2fca9e42 ($19.9 in chips)
Seat 3: Hero ($10 in chips)
Seat 4: 36426b6a ($10.05 in chips)
Seat 5: d24efac7 ($11.4 in chips)
Seat 6: 1d2435cb ($9.85 in chips)
36426b6a: posts small blind $0.05
d24efac7: posts big blind $0.1
*** HOLE CARDS ***
Dealt to 2fca9e42 
Dealt to Hero [9d 2d]
Dealt to 36426b6a 
Dealt to d24efac7 
Dealt to 1d2435cb 
1d2435cb: folds
2fca9e42: calls $0.1
Hero: folds
36426b6a: folds
d24efac7: checks
*** FLOP *** [3h As 8h]
d24efac7: checks
2fca9e42: bets $0.13
d24efac7: folds
Uncalled bet ($0.13) returned to 2fca9e42
*** SHOWDOWN ***
2fca9e42 collected $0.24 from pot
*** SUMMARY ***
Total pot $0.25 | Rake $0.01 | Jackpot $0 | Bingo $0 | Fortune $0 | Tax $0
Board [3h As 8h]
Seat 2: 2fca9e42 won ($0.24)
Seat 3: Hero (button) folded before Flop (didn't bet)
Seat 4: 36426b6a (small blind) folded before Flop
Seat 5: d24efac7 (big blind) folded on the Flop
Seat 6: 1d2435cb folded before Flop (didn't bet)


Poker Hand #HD1849604909: Hold'em No Limit ($0.05/$0.1) - 2024/07/09 13:59:34
Table 'NLHRed34' 6-max Seat #2 is the button
Seat 2: 2fca9e42 ($20.2 in chips)
Seat 3: Hero ($10.05 in chips)
Seat 4: 36426b6a ($10.15 in chips)
Seat 5: d24efac7 ($10.98 in chips)
Seat 6: 1d2435cb ($9.85 in chips)
Hero: posts small blind $0.05
36426b6a: posts big blind $0.1
*** HOLE CARDS ***
Dealt to 2fca9e42 
Dealt to Hero [7d 5s]
Dealt to 36426b6a 
Dealt to d24efac7 
Dealt to 1d2435cb 
d24efac7: raises $0.2 to $0.3
1d2435cb: folds
2fca9e42: calls $0.3
Hero: folds
36426b6a: folds
*** FLOP *** [4c Qd 3d]
d24efac7: bets $0.25
2fca9e42: folds
Uncalled bet ($0.25) returned to d24efac7
*** SHOWDOWN ***
d24efac7 collected $0.72 from pot
*** SUMMARY ***
Total pot $0.75 | Rake $0.03 | Jackpot $0 | Bingo $0 | Fortune $0 | Tax $0
Board [4c Qd 3d]
Seat 2: 2fca9e42 (button) folded on the Flop
Seat 3: Hero (small blind) folded before Flop
Seat 4: 36426b6a (big blind) folded before Flop
Seat 5: d24efac7 won ($0.72)
Seat 6: 1d2435cb folded before Flop (didn't bet)


Poker Hand #HD1849604869: Hold'em No Limit ($0.05/$0.1) - 2024/07/09 13:59:18
Table 'NLHRed34' 6-max Seat #6 is the button
Seat 2: 2fca9e42 ($20.25 in chips)
Seat 3: Hero ($10 in chips)
Seat 4: 36426b6a ($10.15 in chips)
Seat 5: d24efac7 ($10.98 in chips)
Seat 6: 1d2435cb ($9.85 in chips)
2fca9e42: posts small blind $0.05
Hero: posts big blind $0.1
*** HOLE CARDS ***
Dealt to 2fca9e42 
Dealt to Hero [3h 5c]
Dealt to 36426b6a 
Dealt to d24efac7 
Dealt to 1d2435cb 
36426b6a: folds
d24efac7: folds
1d2435cb: folds
2fca9e42: folds
Uncalled bet ($0.05) returned to Hero
*** SHOWDOWN ***
Hero collected $0.1 from pot
*** SUMMARY ***
Total pot $0.1 | Rake $0 | Jackpot $0 | Bingo $0 | Fortune $0 | Tax $0
Seat 2: 2fca9e42 (small blind) folded before Flop
Seat 3: Hero (big blind) collected ($0.1)
Seat 4: 36426b6a folded before Flop (didn't bet)
Seat 5: d24efac7 folded before Flop (didn't bet)
Seat 6: 1d2435cb (button) folded before Flop (didn't bet)


