Poker Hand #HD1819276791: Hold'em No Limit ($0.05/$0.1) - 2024/06/17 13:02:03
Table 'NLHRed19' 6-max Seat #5 is the button
Seat 1: 4cde0fbb ($10.15 in chips)
Seat 3: Hero ($11.59 in chips)
Seat 4: af5eaa34 ($30.58 in chips)
Seat 5: 49975128 ($10 in chips)
Seat 6: fe6f81bd ($11.08 in chips)
fe6f81bd: posts small blind $0.05
4cde0fbb: posts big blind $0.1
*** HOLE CARDS ***
Dealt to 4cde0fbb 
Dealt to Hero [4h 4s]
Dealt to af5eaa34 
Dealt to 49975128 
Dealt to fe6f81bd 
Hero: folds
af5eaa34: folds
49975128: raises $0.12 to $0.22
fe6f81bd: folds
4cde0fbb: calls $0.12
*** FLOP *** [8d 4d Jh]
4cde0fbb: bets $0.17
49975128: folds
Uncalled bet ($0.17) returned to 4cde0fbb
*** SHOWDOWN ***
4cde0fbb collected $0.47 from pot
*** SUMMARY ***
Total pot $0.49 | Rake $0.02 | Jackpot $0 | Bingo $0 | Fortune $0 | Tax $0
Board [8d 4d Jh]
Seat 1: 4cde0fbb (big blind) won ($0.47)
Seat 3: Hero folded before Flop (didn't bet)
Seat 4: af5eaa34 folded before Flop (didn't bet)
Seat 5: 49975128 (button) folded on the Flop
Seat 6: fe6f81bd (small blind) folded before Flop


Poker Hand #HD1819276745: Hold'em No Limit ($0.05/$0.1) - 2024/06/17 13:01:35
Table 'NLHRed19' 6-max Seat #4 is the button
Seat 1: 4cde0fbb ($10 in chips)
Seat 3: Hero ($11.59 in chips)
Seat 4: af5eaa34 ($30.58 in chips)
Seat 5: 49975128 ($10 in chips)
Seat 6: fe6f81bd ($11.18 in chips)
49975128: posts small blind $0.05
fe6f81bd: posts big blind $0.1
*** HOLE CARDS ***
Dealt to 4cde0fbb 
Dealt to Hero [As 7s]
Dealt to af5eaa34 
Dealt to 49975128 
Dealt to fe6f81bd 
4cde0fbb: raises $0.1 to $0.2
Hero: folds
af5eaa34: folds
49975128: folds
fe6f81bd: folds
Uncalled bet ($0.1) returned to 4cde0fbb
*** SHOWDOWN ***
4cde0fbb collected $0.25 from pot
*** SUMMARY ***
Total pot $0.25 | Rake $0 | Jackpot $0 | Bingo $0 | Fortune $0 | Tax $0
Seat 1: 4cde0fbb collected ($0.25)
Seat 3: Hero folded before Flop (didn't bet)
Seat 4: af5eaa34 (button) folded before Flop (didn't bet)
Seat 5: 49975128 (small blind) folded before Flop
Seat 6: fe6f81bd (big blind) folded before Flop


Poker Hand #HD1819276705: Hold'em No Limit ($0.05/$0.1) - 2024/06/17 13:01:12
Table 'NLHRed19' 6-max Seat #3 is the button
Seat 1: 4cde0fbb ($10 in chips)
Seat 2: 6a42e9fd ($10.5 in chips)
Seat 3: Hero ($11.59 in chips)
Seat 4: af5eaa34 ($30.63 in chips)
Seat 5: 49975128 ($10 in chips)
Seat 6: fe6f81bd ($11.03 in chips)
af5eaa34: posts small blind $0.05
49975128: posts big blind $0.1
*** HOLE CARDS ***
Dealt to 4cde0fbb 
Dealt to 6a42e9fd 
Dealt to Hero [3c Ac]
Dealt to af5eaa34 
Dealt to 49975128 
Dealt to fe6f81bd 
fe6f81bd: raises $0.15 to $0.25
4cde0fbb: folds
6a42e9fd: folds
Hero: folds
af5eaa34: folds
49975128: folds
Uncalled bet ($0.15) returned to fe6f81bd
*** SHOWDOWN ***
fe6f81bd collected $0.25 from pot
*** SUMMARY ***
Total pot $0.25 | Rake $0 | Jackpot $0 | Bingo $0 | Fortune $0 | Tax $0
Seat 1: 4cde0fbb folded before Flop (didn't bet)
Seat 2: 6a42e9fd folded before Flop (didn't bet)
Seat 3: Hero (button) folded before Flop (didn't bet)
Seat 4: af5eaa34 (small blind) folded before Flop
Seat 5: 49975128 (big blind) folded before Flop
Seat 6: fe6f81bd collected ($0.25)


Poker Hand #HD1819276677: Hold'em No Limit ($0.05/$0.1) - 2024/06/17 13:01:03
Table 'NLHRed19' 6-max Seat #2 is the button
Seat 1: 4cde0fbb ($10 in chips)
Seat 2: 6a42e9fd ($10.5 in chips)
Seat 3: Hero ($11.64 in chips)
Seat 4: af5eaa34 ($30.58 in chips)
Seat 6: fe6f81bd ($11.03 in chips)
Hero: posts small blind $0.05
af5eaa34: posts big blind $0.1
*** HOLE CARDS ***
Dealt to 4cde0fbb 
Dealt to 6a42e9fd 
Dealt to Hero [4h 2d]
Dealt to af5eaa34 
Dealt to fe6f81bd 
fe6f81bd: folds
4cde0fbb: folds
6a42e9fd: folds
Hero: folds
Uncalled bet ($0.05) returned to af5eaa34
*** SHOWDOWN ***
af5eaa34 collected $0.1 from pot
*** SUMMARY ***
Total pot $0.1 | Rake $0 | Jackpot $0 | Bingo $0 | Fortune $0 | Tax $0
Seat 1: 4cde0fbb folded before Flop (didn't bet)
Seat 2: 6a42e9fd (button) folded before Flop (didn't bet)
Seat 3: Hero (small blind) folded before Flop
Seat 4: af5eaa34 (big blind) collected ($0.1)
Seat 6: fe6f81bd folded before Flop (didn't bet)


Poker Hand #HD1819276652: Hold'em No Limit ($0.05/$0.1) - 2024/06/17 13:00:47
Table 'NLHRed19' 6-max Seat #1 is the button
Seat 1: 4cde0fbb ($10 in chips)
Seat 2: 6a42e9fd ($10.4 in chips)
Seat 3: Hero ($11.74 in chips)
Seat 4: af5eaa34 ($30.58 in chips)
Seat 6: fe6f81bd ($11.03 in chips)
6a42e9fd: posts small blind $0.05
Hero: posts big blind $0.1
*** HOLE CARDS ***
Dealt to 4cde0fbb 
Dealt to 6a42e9fd 
Dealt to Hero [4d 3h]
Dealt to af5eaa34 
Dealt to fe6f81bd 
af5eaa34: folds
fe6f81bd: folds
4cde0fbb: folds
6a42e9fd: raises $0.2 to $0.3
Hero: folds
Uncalled bet ($0.2) returned to 6a42e9fd
*** SHOWDOWN ***
6a42e9fd collected $0.2 from pot
*** SUMMARY ***
Total pot $0.2 | Rake $0 | Jackpot $0 | Bingo $0 | Fortune $0 | Tax $0
Seat 1: 4cde0fbb (button) folded before Flop (didn't bet)
Seat 2: 6a42e9fd (small blind) collected ($0.2)
Seat 3: Hero (big blind) folded before Flop
Seat 4: af5eaa34 folded before Flop (didn't bet)
Seat 6: fe6f81bd folded before Flop (didn't bet)


Poker Hand #HD1819276632: Hold'em No Limit ($0.05/$0.1) - 2024/06/17 13:00:36
Table 'NLHRed19' 6-max Seat #6 is the button
Seat 1: 4cde0fbb ($10.05 in chips)
Seat 2: 6a42e9fd ($10.35 in chips)
Seat 3: Hero ($11.74 in chips)
Seat 4: af5eaa34 ($30.58 in chips)
Seat 5: a3696106 ($2.57 in chips)
Seat 6: fe6f81bd ($11.03 in chips)
4cde0fbb: posts small blind $0.05
6a42e9fd: posts big blind $0.1
*** HOLE CARDS ***
Dealt to 4cde0fbb 
Dealt to 6a42e9fd 
Dealt to Hero [Qh 8d]
Dealt to af5eaa34 
Dealt to a3696106 
Dealt to fe6f81bd 
Hero: folds
af5eaa34: folds
a3696106: folds
fe6f81bd: folds
4cde0fbb: folds
Uncalled bet ($0.05) returned to 6a42e9fd
*** SHOWDOWN ***
6a42e9fd collected $0.1 from pot
*** SUMMARY ***
Total pot $0.1 | Rake $0 | Jackpot $0 | Bingo $0 | Fortune $0 | Tax $0
Seat 1: 4cde0fbb (small blind) folded before Flop
Seat 2: 6a42e9fd (big blind) collected ($0.1)
Seat 3: Hero folded before Flop (didn't bet)
Seat 4: af5eaa34 folded before Flop (didn't bet)
Seat 5: a3696106 folded before Flop (didn't bet)
Seat 6: fe6f81bd (button) folded before Flop (didn't bet)


Poker Hand #HD1819276618: Hold'em No Limit ($0.05/$0.1) - 2024/06/17 13:00:27
Table 'NLHRed19' 6-max Seat #5 is the button
Seat 1: 4cde0fbb ($10 in chips)
Seat 2: 6a42e9fd ($10.35 in chips)
Seat 3: Hero ($11.74 in chips)
Seat 4: af5eaa34 ($30.58 in chips)
Seat 5: a3696106 ($2.57 in chips)
Seat 6: fe6f81bd ($11.08 in chips)
fe6f81bd: posts small blind $0.05
4cde0fbb: posts big blind $0.1
*** HOLE CARDS ***
Dealt to 4cde0fbb 
Dealt to 6a42e9fd 
Dealt to Hero [Tc 2d]
Dealt to af5eaa34 
Dealt to a3696106 
Dealt to fe6f81bd 
6a42e9fd: folds
Hero: folds
af5eaa34: folds
a3696106: folds
fe6f81bd: folds
Uncalled bet ($0.05) returned to 4cde0fbb
*** SHOWDOWN ***
4cde0fbb collected $0.1 from pot
*** SUMMARY ***
Total pot $0.1 | Rake $0 | Jackpot $0 | Bingo $0 | Fortune $0 | Tax $0
Seat 1: 4cde0fbb (big blind) collected ($0.1)
Seat 2: 6a42e9fd folded before Flop (didn't bet)
Seat 3: Hero folded before Flop (didn't bet)
Seat 4: af5eaa34 folded before Flop (didn't bet)
Seat 5: a3696106 (button) folded before Flop (didn't bet)
Seat 6: fe6f81bd (small blind) folded before Flop


Poker Hand #HD1819276559: Hold'em No Limit ($0.05/$0.1) - 2024/06/17 12:59:52
Table 'NLHRed19' 6-max Seat #4 is the button
Seat 1: 4cde0fbb ($10 in chips)
Seat 2: 6a42e9fd ($10.35 in chips)
Seat 3: Hero ($11.98 in chips)
Seat 4: af5eaa34 ($30.58 in chips)
Seat 5: a3696106 ($2.62 in chips)
Seat 6: fe6f81bd ($10.81 in chips)
a3696106: posts small blind $0.05
fe6f81bd: posts big blind $0.1
*** HOLE CARDS ***
Dealt to 4cde0fbb 
Dealt to 6a42e9fd 
Dealt to Hero [Td 9d]
Dealt to af5eaa34 
Dealt to a3696106 
Dealt to fe6f81bd 
4cde0fbb: folds
6a42e9fd: folds
Hero: raises $0.14 to $0.24
af5eaa34: folds
a3696106: folds
fe6f81bd: calls $0.14
*** FLOP *** [2c 2h 8h]
fe6f81bd: checks
Hero: checks
*** TURN *** [2c 2h 8h] [4h]
fe6f81bd: bets $0.18
Hero: folds
Uncalled bet ($0.18) returned to fe6f81bd
*** SHOWDOWN ***
fe6f81bd collected $0.51 from pot
*** SUMMARY ***
Total pot $0.53 | Rake $0.02 | Jackpot $0 | Bingo $0 | Fortune $0 | Tax $0
Board [2c 2h 8h 4h]
Seat 1: 4cde0fbb folded before Flop (didn't bet)
Seat 2: 6a42e9fd folded before Flop (didn't bet)
Seat 3: Hero folded on the Turn
Seat 4: af5eaa34 (button) folded before Flop (didn't bet)
Seat 5: a3696106 (small blind) folded before Flop
Seat 6: fe6f81bd (big blind) won ($0.51)


Poker Hand #HD1819276540: Hold'em No Limit ($0.05/$0.1) - 2024/06/17 12:59:39
Table 'NLHRed19' 6-max Seat #3 is the button
Seat 1: 4cde0fbb ($10 in chips)
Seat 2: 6a42e9fd ($10.35 in chips)
Seat 3: Hero ($11.83 in chips)
Seat 4: af5eaa34 ($30.63 in chips)
Seat 5: a3696106 ($2.72 in chips)
Seat 6: fe6f81bd ($10.81 in chips)
af5eaa34: posts small blind $0.05
a3696106: posts big blind $0.1
*** HOLE CARDS ***
Dealt to 4cde0fbb 
Dealt to 6a42e9fd 
Dealt to Hero [Ts 8s]
Dealt to af5eaa34 
Dealt to a3696106 
Dealt to fe6f81bd 
fe6f81bd: folds
4cde0fbb: folds
6a42e9fd: folds
Hero: raises $0.14 to $0.24
af5eaa34: folds
a3696106: folds
Uncalled bet ($0.14) returned to Hero
*** SHOWDOWN ***
Hero collected $0.25 from pot
*** SUMMARY ***
Total pot $0.25 | Rake $0 | Jackpot $0 | Bingo $0 | Fortune $0 | Tax $0
Seat 1: 4cde0fbb folded before Flop (didn't bet)
Seat 2: 6a42e9fd folded before Flop (didn't bet)
Seat 3: Hero (button) collected ($0.25)
Seat 4: af5eaa34 (small blind) folded before Flop
Seat 5: a3696106 (big blind) folded before Flop
Seat 6: fe6f81bd folded before Flop (didn't bet)


Poker Hand #HD1819276501: Hold'em No Limit ($0.05/$0.1) - 2024/06/17 12:59:18
Table 'NLHRed19' 6-max Seat #2 is the button
Seat 1: 4cde0fbb ($10 in chips)
Seat 2: 6a42e9fd ($10.35 in chips)
Seat 3: Hero ($11.73 in chips)
Seat 4: af5eaa34 ($30.73 in chips)
Seat 5: a3696106 ($2.72 in chips)
Seat 6: fe6f81bd ($10.81 in chips)
Hero: posts small blind $0.05
af5eaa34: posts big blind $0.1
*** HOLE CARDS ***
Dealt to 4cde0fbb 
Dealt to 6a42e9fd 
Dealt to Hero [4c 4h]
Dealt to af5eaa34 
Dealt to a3696106 
Dealt to fe6f81bd 
a3696106: folds
fe6f81bd: folds
4cde0fbb: folds
6a42e9fd: folds
Hero: raises $0.2 to $0.3
af5eaa34: folds
Uncalled bet ($0.2) returned to Hero
*** SHOWDOWN ***
Hero collected $0.2 from pot
*** SUMMARY ***
Total pot $0.2 | Rake $0 | Jackpot $0 | Bingo $0 | Fortune $0 | Tax $0
Seat 1: 4cde0fbb folded before Flop (didn't bet)
Seat 2: 6a42e9fd (button) folded before Flop (didn't bet)
Seat 3: Hero (small blind) collected ($0.2)
Seat 4: af5eaa34 (big blind) folded before Flop
Seat 5: a3696106 folded before Flop (didn't bet)
Seat 6: fe6f81bd folded before Flop (didn't bet)


Poker Hand #HD1819276470: Hold'em No Limit ($0.05/$0.1) - 2024/06/17 12:59:01
Table 'NLHRed19' 6-max Seat #1 is the button
Seat 1: 4cde0fbb ($10 in chips)
Seat 2: 6a42e9fd ($10.4 in chips)
Seat 3: Hero ($11.83 in chips)
Seat 4: af5eaa34 ($30.58 in chips)
Seat 5: a3696106 ($2.72 in chips)
Seat 6: fe6f81bd ($10.81 in chips)
6a42e9fd: posts small blind $0.05
Hero: posts big blind $0.1
*** HOLE CARDS ***
Dealt to 4cde0fbb 
Dealt to 6a42e9fd 
Dealt to Hero [Qs 7d]
Dealt to af5eaa34 
Dealt to a3696106 
Dealt to fe6f81bd 
af5eaa34: raises $0.1 to $0.2
a3696106: folds
fe6f81bd: folds
4cde0fbb: folds
6a42e9fd: folds
Hero: folds
Uncalled bet ($0.1) returned to af5eaa34
*** SHOWDOWN ***
af5eaa34 collected $0.25 from pot
*** SUMMARY ***
Total pot $0.25 | Rake $0 | Jackpot $0 | Bingo $0 | Fortune $0 | Tax $0
Seat 1: 4cde0fbb (button) folded before Flop (didn't bet)
Seat 2: 6a42e9fd (small blind) folded before Flop
Seat 3: Hero (big blind) folded before Flop
Seat 4: af5eaa34 collected ($0.25)
Seat 5: a3696106 folded before Flop (didn't bet)
Seat 6: fe6f81bd folded before Flop (didn't bet)


Poker Hand #HD1819275913: Hold'em No Limit ($0.05/$0.1) - 2024/06/17 12:53:33
Table 'NLHRed19' 6-max Seat #6 is the button
Seat 1: c01a5449 ($10.05 in chips)
Seat 2: 6a42e9fd ($10 in chips)
Seat 3: Hero ($11.83 in chips)
Seat 4: af5eaa34 ($30.82 in chips)
Seat 5: a3696106 ($2.67 in chips)
Seat 6: fe6f81bd ($9.75 in chips)
c01a5449: posts small blind $0.05
6a42e9fd: posts big blind $0.1
*** HOLE CARDS ***
Dealt to c01a5449 
Dealt to 6a42e9fd 
Dealt to Hero [7d Ts]
Dealt to af5eaa34 
Dealt to a3696106 
Dealt to fe6f81bd 
Hero: folds
af5eaa34: raises $0.1 to $0.2
a3696106: folds
fe6f81bd: calls $0.2
c01a5449: folds
6a42e9fd: calls $0.1
*** FLOP *** [2h 2d 6c]
6a42e9fd: checks
af5eaa34: bets $0.22
fe6f81bd: calls $0.22
6a42e9fd: folds
*** TURN *** [2h 2d 6c] [8s]
af5eaa34: checks
fe6f81bd: checks
*** RIVER *** [2h 2d 6c 8s] [8h]
af5eaa34: checks
fe6f81bd: checks
af5eaa34: shows [Td Qd] (Pair of Eights and Pair of Twos)
fe6f81bd: shows [Ks Qh] (Pair of Eights and Pair of Twos)
*** SHOWDOWN ***
fe6f81bd collected $1.04 from pot
*** SUMMARY ***
Total pot $1.09 | Rake $0.05 | Jackpot $0 | Bingo $0 | Fortune $0 | Tax $0
Board [2h 2d 6c 8s 8h]
Seat 1: c01a5449 (small blind) folded before Flop
Seat 2: 6a42e9fd (big blind) folded on the Flop
Seat 3: Hero folded before Flop (didn't bet)
Seat 4: af5eaa34 showed [Td Qd] and lost with Pair of Eights and Pair of Twos
Seat 5: a3696106 folded before Flop (didn't bet)
Seat 6: fe6f81bd (button) showed [Ks Qh] and won ($1.04) with Pair of Eights and Pair of Twos


Poker Hand #HD1819275839: Hold'em No Limit ($0.05/$0.1) - 2024/06/17 12:52:40
Table 'NLHRed19' 6-max Seat #5 is the button
Seat 1: c01a5449 ($10.15 in chips)
Seat 2: 6a42e9fd ($10 in chips)
Seat 3: Hero ($12.03 in chips)
Seat 4: af5eaa34 ($30.82 in chips)
Seat 5: a3696106 ($2.34 in chips)
Seat 6: fe6f81bd ($9.8 in chips)
fe6f81bd: posts small blind $0.05
c01a5449: posts big blind $0.1
*** HOLE CARDS ***
Dealt to c01a5449 
Dealt to 6a42e9fd 
Dealt to Hero [Kd 9d]
Dealt to af5eaa34 
Dealt to a3696106 
Dealt to fe6f81bd 
6a42e9fd: folds
Hero: raises $0.1 to $0.2
af5eaa34: folds
a3696106: calls $0.2
fe6f81bd: folds
c01a5449: folds
*** FLOP *** [Ac 3c As]
Hero: checks
a3696106: bets $0.55
Hero: folds
Uncalled bet ($0.55) returned to a3696106
*** SHOWDOWN ***
a3696106 collected $0.53 from pot
*** SUMMARY ***
Total pot $0.55 | Rake $0.02 | Jackpot $0 | Bingo $0 | Fortune $0 | Tax $0
Board [Ac 3c As]
Seat 1: c01a5449 (big blind) folded before Flop
Seat 2: 6a42e9fd folded before Flop (didn't bet)
Seat 3: Hero folded on the Flop
Seat 4: af5eaa34 folded before Flop (didn't bet)
Seat 5: a3696106 (button) won ($0.53)
Seat 6: fe6f81bd (small blind) folded before Flop


Poker Hand #HD1819275782: Hold'em No Limit ($0.05/$0.1) - 2024/06/17 12:52:09
Table 'NLHRed19' 6-max Seat #4 is the button
Seat 2: 6a42e9fd ($10 in chips)
Seat 3: Hero ($12.27 in chips)
Seat 4: af5eaa34 ($30.82 in chips)
Seat 5: a3696106 ($2.39 in chips)
Seat 6: fe6f81bd ($9.53 in chips)
a3696106: posts small blind $0.05
fe6f81bd: posts big blind $0.1
*** HOLE CARDS ***
Dealt to 6a42e9fd 
Dealt to Hero [Ad 9c]
Dealt to af5eaa34 
Dealt to a3696106 
Dealt to fe6f81bd 
6a42e9fd: folds
Hero: raises $0.14 to $0.24
af5eaa34: folds
a3696106: folds
fe6f81bd: calls $0.14
*** FLOP *** [Td 2s 4s]
fe6f81bd: checks
Hero: checks
*** TURN *** [Td 2s 4s] [4h]
fe6f81bd: checks
Hero: checks
*** RIVER *** [Td 2s 4s 4h] [8h]
fe6f81bd: bets $0.17
Hero: folds
Uncalled bet ($0.17) returned to fe6f81bd
*** SHOWDOWN ***
fe6f81bd collected $0.51 from pot
*** SUMMARY ***
Total pot $0.53 | Rake $0.02 | Jackpot $0 | Bingo $0 | Fortune $0 | Tax $0
Board [Td 2s 4s 4h 8h]
Seat 2: 6a42e9fd folded before Flop (didn't bet)
Seat 3: Hero folded on the River
Seat 4: af5eaa34 (button) folded before Flop (didn't bet)
Seat 5: a3696106 (small blind) folded before Flop
Seat 6: fe6f81bd (big blind) won ($0.51)


Poker Hand #HD1819275762: Hold'em No Limit ($0.05/$0.1) - 2024/06/17 12:51:57
Table 'NLHRed19' 6-max Seat #3 is the button
Seat 2: 6a42e9fd ($10 in chips)
Seat 3: Hero ($12.27 in chips)
Seat 4: af5eaa34 ($30.72 in chips)
Seat 5: a3696106 ($2.49 in chips)
Seat 6: fe6f81bd ($9.53 in chips)
af5eaa34: posts small blind $0.05
a3696106: posts big blind $0.1
*** HOLE CARDS ***
Dealt to 6a42e9fd 
Dealt to Hero [9d 7h]
Dealt to af5eaa34 
Dealt to a3696106 
Dealt to fe6f81bd 
fe6f81bd: folds
6a42e9fd: folds
Hero: folds
af5eaa34: raises $0.2 to $0.3
a3696106: folds
Uncalled bet ($0.2) returned to af5eaa34
*** SHOWDOWN ***
af5eaa34 collected $0.2 from pot
*** SUMMARY ***
Total pot $0.2 | Rake $0 | Jackpot $0 | Bingo $0 | Fortune $0 | Tax $0
Seat 2: 6a42e9fd folded before Flop (didn't bet)
Seat 3: Hero (button) folded before Flop (didn't bet)
Seat 4: af5eaa34 (small blind) collected ($0.2)
Seat 5: a3696106 (big blind) folded before Flop
Seat 6: fe6f81bd folded before Flop (didn't bet)


Poker Hand #HD1819275727: Hold'em No Limit ($0.05/$0.1) - 2024/06/17 12:51:35
Table 'NLHRed19' 6-max Seat #2 is the button
Seat 2: 6a42e9fd ($10 in chips)
Seat 3: Hero ($12.17 in chips)
Seat 4: af5eaa34 ($30.82 in chips)
Seat 5: a3696106 ($2.49 in chips)
Seat 6: fe6f81bd ($9.53 in chips)
Hero: posts small blind $0.05
af5eaa34: posts big blind $0.1
*** HOLE CARDS ***
Dealt to 6a42e9fd 
Dealt to Hero [9d Kh]
Dealt to af5eaa34 
Dealt to a3696106 
Dealt to fe6f81bd 
a3696106: folds
fe6f81bd: folds
6a42e9fd: folds
Hero: raises $0.2 to $0.3
af5eaa34: folds
Uncalled bet ($0.2) returned to Hero
*** SHOWDOWN ***
Hero collected $0.2 from pot
*** SUMMARY ***
Total pot $0.2 | Rake $0 | Jackpot $0 | Bingo $0 | Fortune $0 | Tax $0
Seat 2: 6a42e9fd (button) folded before Flop (didn't bet)
Seat 3: Hero (small blind) collected ($0.2)
Seat 4: af5eaa34 (big blind) folded before Flop
Seat 5: a3696106 folded before Flop (didn't bet)
Seat 6: fe6f81bd folded before Flop (didn't bet)


Poker Hand #HD1819275672: Hold'em No Limit ($0.05/$0.1) - 2024/06/17 12:51:05
Table 'NLHRed19' 6-max Seat #6 is the button
Seat 2: 6a42e9fd ($10.18 in chips)
Seat 3: Hero ($11.9 in chips)
Seat 4: af5eaa34 ($30.82 in chips)
Seat 5: a3696106 ($2.49 in chips)
Seat 6: fe6f81bd ($9.53 in chips)
6a42e9fd: posts small blind $0.05
Hero: posts big blind $0.1
*** HOLE CARDS ***
Dealt to 6a42e9fd 
Dealt to Hero [Ac As]
Dealt to af5eaa34 
Dealt to a3696106 
Dealt to fe6f81bd 
af5eaa34: folds
a3696106: folds
fe6f81bd: folds
6a42e9fd: raises $0.2 to $0.3
Hero: raises $0.6 to $0.9
6a42e9fd: folds
Uncalled bet ($0.6) returned to Hero
*** SHOWDOWN ***
Hero collected $0.57 from pot
*** SUMMARY ***
Total pot $0.6 | Rake $0.03 | Jackpot $0 | Bingo $0 | Fortune $0 | Tax $0
Seat 2: 6a42e9fd (small blind) folded before Flop
Seat 3: Hero (big blind) collected ($0.57)
Seat 4: af5eaa34 folded before Flop (didn't bet)
Seat 5: a3696106 folded before Flop (didn't bet)
Seat 6: fe6f81bd (button) folded before Flop (didn't bet)


Poker Hand #HD1819175618: Hold'em No Limit ($0.05/$0.1) - 2024/06/17 12:50:33
Table 'NLHRed19' 6-max Seat #5 is the button
Seat 2: 6a42e9fd ($10.28 in chips)
Seat 3: Hero ($11.9 in chips)
Seat 4: af5eaa34 ($30.82 in chips)
Seat 5: a3696106 ($2.49 in chips)
Seat 6: fe6f81bd ($9.43 in chips)
fe6f81bd: posts small blind $0.05
6a42e9fd: posts big blind $0.1
*** HOLE CARDS ***
Dealt to 6a42e9fd 
Dealt to Hero [Ts 3d]
Dealt to af5eaa34 
Dealt to a3696106 
Dealt to fe6f81bd 
Hero: folds
af5eaa34: folds
a3696106: folds
fe6f81bd: raises $0.1 to $0.2
6a42e9fd: folds
Uncalled bet ($0.1) returned to fe6f81bd
*** SHOWDOWN ***
fe6f81bd collected $0.2 from pot
*** SUMMARY ***
Total pot $0.2 | Rake $0 | Jackpot $0 | Bingo $0 | Fortune $0 | Tax $0
Seat 2: 6a42e9fd (big blind) folded before Flop
Seat 3: Hero folded before Flop (didn't bet)
Seat 4: af5eaa34 folded before Flop (didn't bet)
Seat 5: a3696106 (button) folded before Flop (didn't bet)
Seat 6: fe6f81bd (small blind) collected ($0.2)


Poker Hand #HD1819175596: Hold'em No Limit ($0.05/$0.1) - 2024/06/17 12:50:19
Table 'NLHRed19' 6-max Seat #4 is the button
Seat 2: 6a42e9fd ($10.28 in chips)
Seat 3: Hero ($11.9 in chips)
Seat 4: af5eaa34 ($30.82 in chips)
Seat 5: a3696106 ($2.54 in chips)
Seat 6: fe6f81bd ($9.38 in chips)
a3696106: posts small blind $0.05
fe6f81bd: posts big blind $0.1
*** HOLE CARDS ***
Dealt to 6a42e9fd 
Dealt to Hero [Th 4h]
Dealt to af5eaa34 
Dealt to a3696106 
Dealt to fe6f81bd 
6a42e9fd: folds
Hero: folds
af5eaa34: folds
a3696106: folds
Uncalled bet ($0.05) returned to fe6f81bd
*** SHOWDOWN ***
fe6f81bd collected $0.1 from pot
*** SUMMARY ***
Total pot $0.1 | Rake $0 | Jackpot $0 | Bingo $0 | Fortune $0 | Tax $0
Seat 2: 6a42e9fd folded before Flop (didn't bet)
Seat 3: Hero folded before Flop (didn't bet)
Seat 4: af5eaa34 (button) folded before Flop (didn't bet)
Seat 5: a3696106 (small blind) folded before Flop
Seat 6: fe6f81bd (big blind) collected ($0.1)


Poker Hand #HD1819175570: Hold'em No Limit ($0.05/$0.1) - 2024/06/17 12:50:03
Table 'NLHRed19' 6-max Seat #3 is the button
Seat 2: 6a42e9fd ($10.13 in chips)
Seat 3: Hero ($11.9 in chips)
Seat 4: af5eaa34 ($30.87 in chips)
Seat 5: a3696106 ($2.64 in chips)
Seat 6: fe6f81bd ($9.38 in chips)
af5eaa34: posts small blind $0.05
a3696106: posts big blind $0.1
*** HOLE CARDS ***
Dealt to 6a42e9fd 
Dealt to Hero [6h 7c]
Dealt to af5eaa34 
Dealt to a3696106 
Dealt to fe6f81bd 
fe6f81bd: folds
6a42e9fd: raises $0.2 to $0.3
Hero: folds
af5eaa34: folds
a3696106: folds
Uncalled bet ($0.2) returned to 6a42e9fd
*** SHOWDOWN ***
6a42e9fd collected $0.25 from pot
*** SUMMARY ***
Total pot $0.25 | Rake $0 | Jackpot $0 | Bingo $0 | Fortune $0 | Tax $0
Seat 2: 6a42e9fd collected ($0.25)
Seat 3: Hero (button) folded before Flop (didn't bet)
Seat 4: af5eaa34 (small blind) folded before Flop
Seat 5: a3696106 (big blind) folded before Flop
Seat 6: fe6f81bd folded before Flop (didn't bet)


Poker Hand #HD1819175540: Hold'em No Limit ($0.05/$0.1) - 2024/06/17 12:49:46
Table 'NLHRed19' 6-max Seat #2 is the button
Seat 2: 6a42e9fd ($10.13 in chips)
Seat 3: Hero ($11.95 in chips)
Seat 4: af5eaa34 ($30.97 in chips)
Seat 5: a3696106 ($2.64 in chips)
Seat 6: fe6f81bd ($9.23 in chips)
Hero: posts small blind $0.05
af5eaa34: posts big blind $0.1
*** HOLE CARDS ***
Dealt to 6a42e9fd 
Dealt to Hero [7h Th]
Dealt to af5eaa34 
Dealt to a3696106 
Dealt to fe6f81bd 
a3696106: folds
fe6f81bd: raises $0.15 to $0.25
6a42e9fd: folds
Hero: folds
af5eaa34: folds
Uncalled bet ($0.15) returned to fe6f81bd
*** SHOWDOWN ***
fe6f81bd collected $0.25 from pot
*** SUMMARY ***
Total pot $0.25 | Rake $0 | Jackpot $0 | Bingo $0 | Fortune $0 | Tax $0
Seat 2: 6a42e9fd (button) folded before Flop (didn't bet)
Seat 3: Hero (small blind) folded before Flop
Seat 4: af5eaa34 (big blind) folded before Flop
Seat 5: a3696106 folded before Flop (didn't bet)
Seat 6: fe6f81bd collected ($0.25)


Poker Hand #HD1819175517: Hold'em No Limit ($0.05/$0.1) - 2024/06/17 12:49:32
Table 'NLHRed19' 6-max Seat #6 is the button
Seat 2: 6a42e9fd ($10.18 in chips)
Seat 3: Hero ($12.05 in chips)
Seat 4: af5eaa34 ($30.82 in chips)
Seat 5: a3696106 ($2.64 in chips)
Seat 6: fe6f81bd ($9.23 in chips)
6a42e9fd: posts small blind $0.05
Hero: posts big blind $0.1
*** HOLE CARDS ***
Dealt to 6a42e9fd 
Dealt to Hero [2c Th]
Dealt to af5eaa34 
Dealt to a3696106 
Dealt to fe6f81bd 
af5eaa34: raises $0.1 to $0.2
a3696106: folds
fe6f81bd: folds
6a42e9fd: folds
Hero: folds
Uncalled bet ($0.1) returned to af5eaa34
*** SHOWDOWN ***
af5eaa34 collected $0.25 from pot
*** SUMMARY ***
Total pot $0.25 | Rake $0 | Jackpot $0 | Bingo $0 | Fortune $0 | Tax $0
Seat 2: 6a42e9fd (small blind) folded before Flop
Seat 3: Hero (big blind) folded before Flop
Seat 4: af5eaa34 collected ($0.25)
Seat 5: a3696106 folded before Flop (didn't bet)
Seat 6: fe6f81bd (button) folded before Flop (didn't bet)


Poker Hand #HD1819175467: Hold'em No Limit ($0.05/$0.1) - 2024/06/17 12:48:57
Table 'NLHRed19' 6-max Seat #5 is the button
Seat 2: 6a42e9fd ($10.28 in chips)
Seat 3: Hero ($12.05 in chips)
Seat 4: af5eaa34 ($30.49 in chips)
Seat 5: a3696106 ($2.84 in chips)
Seat 6: fe6f81bd ($9.28 in chips)
fe6f81bd: posts small blind $0.05
6a42e9fd: posts big blind $0.1
*** HOLE CARDS ***
Dealt to 6a42e9fd 
Dealt to Hero [9h Kc]
Dealt to af5eaa34 
Dealt to a3696106 
Dealt to fe6f81bd 
Hero: folds
af5eaa34: raises $0.1 to $0.2
a3696106: calls $0.2
fe6f81bd: folds
6a42e9fd: folds
*** FLOP *** [2h 5s 7s]
af5eaa34: bets $0.42
a3696106: folds
Uncalled bet ($0.42) returned to af5eaa34
*** SHOWDOWN ***
af5eaa34 collected $0.53 from pot
*** SUMMARY ***
Total pot $0.55 | Rake $0.02 | Jackpot $0 | Bingo $0 | Fortune $0 | Tax $0
Board [2h 5s 7s]
Seat 2: 6a42e9fd (big blind) folded before Flop
Seat 3: Hero folded before Flop (didn't bet)
Seat 4: af5eaa34 won ($0.53)
Seat 5: a3696106 (button) folded on the Flop
Seat 6: fe6f81bd (small blind) folded before Flop


Poker Hand #HD1819175442: Hold'em No Limit ($0.05/$0.1) - 2024/06/17 12:48:42
Table 'NLHRed19' 6-max Seat #4 is the button
Seat 2: 6a42e9fd ($10.28 in chips)
Seat 3: Hero ($11.9 in chips)
Seat 4: af5eaa34 ($30.49 in chips)
Seat 5: a3696106 ($2.89 in chips)
Seat 6: fe6f81bd ($9.38 in chips)
a3696106: posts small blind $0.05
fe6f81bd: posts big blind $0.1
*** HOLE CARDS ***
Dealt to 6a42e9fd 
Dealt to Hero [Ts Kd]
Dealt to af5eaa34 
Dealt to a3696106 
Dealt to fe6f81bd 
6a42e9fd: folds
Hero: raises $0.14 to $0.24
af5eaa34: folds
a3696106: folds
fe6f81bd: folds
Uncalled bet ($0.14) returned to Hero
*** SHOWDOWN ***
Hero collected $0.25 from pot
*** SUMMARY ***
Total pot $0.25 | Rake $0 | Jackpot $0 | Bingo $0 | Fortune $0 | Tax $0
Seat 2: 6a42e9fd folded before Flop (didn't bet)
Seat 3: Hero collected ($0.25)
Seat 4: af5eaa34 (button) folded before Flop (didn't bet)
Seat 5: a3696106 (small blind) folded before Flop
Seat 6: fe6f81bd (big blind) folded before Flop


Poker Hand #HD1819175407: Hold'em No Limit ($0.05/$0.1) - 2024/06/17 12:48:23
Table 'NLHRed19' 6-max Seat #3 is the button
Seat 2: 6a42e9fd ($10.28 in chips)
Seat 3: Hero ($11.75 in chips)
Seat 4: af5eaa34 ($30.54 in chips)
Seat 5: a3696106 ($2.99 in chips)
Seat 6: fe6f81bd ($9.38 in chips)
af5eaa34: posts small blind $0.05
a3696106: posts big blind $0.1
*** HOLE CARDS ***
Dealt to 6a42e9fd 
Dealt to Hero [Th 9c]
Dealt to af5eaa34 
Dealt to a3696106 
Dealt to fe6f81bd 
fe6f81bd: folds
6a42e9fd: folds
Hero: raises $0.14 to $0.24
af5eaa34: folds
a3696106: folds
Uncalled bet ($0.14) returned to Hero
*** SHOWDOWN ***
Hero collected $0.25 from pot
*** SUMMARY ***
Total pot $0.25 | Rake $0 | Jackpot $0 | Bingo $0 | Fortune $0 | Tax $0
Seat 2: 6a42e9fd folded before Flop (didn't bet)
Seat 3: Hero (button) collected ($0.25)
Seat 4: af5eaa34 (small blind) folded before Flop
Seat 5: a3696106 (big blind) folded before Flop
Seat 6: fe6f81bd folded before Flop (didn't bet)


Poker Hand #HD1819175341: Hold'em No Limit ($0.05/$0.1) - 2024/06/17 12:47:43
Table 'NLHRed19' 6-max Seat #2 is the button
Seat 2: 6a42e9fd ($10.58 in chips)
Seat 3: Hero ($11.8 in chips)
Seat 4: af5eaa34 ($30.22 in chips)
Seat 5: a3696106 ($2.99 in chips)
Seat 6: fe6f81bd ($9.38 in chips)
Hero: posts small blind $0.05
af5eaa34: posts big blind $0.1
*** HOLE CARDS ***
Dealt to 6a42e9fd 
Dealt to Hero [Th 2h]
Dealt to af5eaa34 
Dealt to a3696106 
Dealt to fe6f81bd 
a3696106: folds
fe6f81bd: folds
6a42e9fd: raises $0.2 to $0.3
Hero: folds
af5eaa34: raises $0.94 to $1.24
6a42e9fd: folds
Uncalled bet ($0.94) returned to af5eaa34
*** SHOWDOWN ***
af5eaa34 collected $0.62 from pot
*** SUMMARY ***
Total pot $0.65 | Rake $0.03 | Jackpot $0 | Bingo $0 | Fortune $0 | Tax $0
Seat 2: 6a42e9fd (button) folded before Flop
Seat 3: Hero (small blind) folded before Flop
Seat 4: af5eaa34 (big blind) collected ($0.62)
Seat 5: a3696106 folded before Flop (didn't bet)
Seat 6: fe6f81bd folded before Flop (didn't bet)


Poker Hand #HD1819175308: Hold'em No Limit ($0.05/$0.1) - 2024/06/17 12:47:21
Table 'NLHRed19' 6-max Seat #1 is the button
Seat 1: c01a5449 ($10 in chips)
Seat 2: 6a42e9fd ($10.63 in chips)
Seat 3: Hero ($11.9 in chips)
Seat 4: af5eaa34 ($30.22 in chips)
Seat 5: a3696106 ($2.99 in chips)
Seat 6: fe6f81bd ($9.38 in chips)
6a42e9fd: posts small blind $0.05
Hero: posts big blind $0.1
*** HOLE CARDS ***
Dealt to c01a5449 
Dealt to 6a42e9fd 
Dealt to Hero [Jc 3d]
Dealt to af5eaa34 
Dealt to a3696106 
Dealt to fe6f81bd 
af5eaa34: folds
a3696106: folds
fe6f81bd: folds
c01a5449: raises $0.15 to $0.25
6a42e9fd: folds
Hero: folds
Uncalled bet ($0.15) returned to c01a5449
*** SHOWDOWN ***
c01a5449 collected $0.25 from pot
*** SUMMARY ***
Total pot $0.25 | Rake $0 | Jackpot $0 | Bingo $0 | Fortune $0 | Tax $0
Seat 1: c01a5449 (button) collected ($0.25)
Seat 2: 6a42e9fd (small blind) folded before Flop
Seat 3: Hero (big blind) folded before Flop
Seat 4: af5eaa34 folded before Flop (didn't bet)
Seat 5: a3696106 folded before Flop (didn't bet)
Seat 6: fe6f81bd folded before Flop (didn't bet)


Poker Hand #HD1819175264: Hold'em No Limit ($0.05/$0.1) - 2024/06/17 12:46:58
Table 'NLHRed19' 6-max Seat #6 is the button
Seat 1: c01a5449 ($10 in chips)
Seat 2: 6a42e9fd ($10.73 in chips)
Seat 3: Hero ($11.9 in chips)
Seat 4: af5eaa34 ($30.07 in chips)
Seat 5: a3696106 ($2.99 in chips)
Seat 6: fe6f81bd ($9.38 in chips)
c01a5449: posts small blind $0.05
6a42e9fd: posts big blind $0.1
*** HOLE CARDS ***
Dealt to c01a5449 
Dealt to 6a42e9fd 
Dealt to Hero [5d 4c]
Dealt to af5eaa34 
Dealt to a3696106 
Dealt to fe6f81bd 
Hero: folds
af5eaa34: raises $0.1 to $0.2
a3696106: folds
fe6f81bd: folds
c01a5449: folds
6a42e9fd: folds
Uncalled bet ($0.1) returned to af5eaa34
*** SHOWDOWN ***
af5eaa34 collected $0.25 from pot
*** SUMMARY ***
Total pot $0.25 | Rake $0 | Jackpot $0 | Bingo $0 | Fortune $0 | Tax $0
Seat 1: c01a5449 (small blind) folded before Flop
Seat 2: 6a42e9fd (big blind) folded before Flop
Seat 3: Hero folded before Flop (didn't bet)
Seat 4: af5eaa34 collected ($0.25)
Seat 5: a3696106 folded before Flop (didn't bet)
Seat 6: fe6f81bd (button) folded before Flop (didn't bet)


Poker Hand #HD1819175175: Hold'em No Limit ($0.05/$0.1) - 2024/06/17 12:46:06
Table 'NLHRed19' 6-max Seat #5 is the button
Seat 1: c01a5449 ($10 in chips)
Seat 2: 6a42e9fd ($11.03 in chips)
Seat 3: Hero ($11.9 in chips)
Seat 4: af5eaa34 ($29.65 in chips)
Seat 5: a3696106 ($2.99 in chips)
Seat 6: fe6f81bd ($9.43 in chips)
fe6f81bd: posts small blind $0.05
c01a5449: posts big blind $0.1
*** HOLE CARDS ***
Dealt to c01a5449 
Dealt to 6a42e9fd 
Dealt to Hero [7d Ac]
Dealt to af5eaa34 
Dealt to a3696106 
Dealt to fe6f81bd 
6a42e9fd: raises $0.2 to $0.3
Hero: folds
af5eaa34: raises $0.57 to $0.87
a3696106: folds
fe6f81bd: folds
c01a5449: folds
6a42e9fd: folds
Uncalled bet ($0.57) returned to af5eaa34
*** SHOWDOWN ***
af5eaa34 collected $0.72 from pot
*** SUMMARY ***
Total pot $0.75 | Rake $0.03 | Jackpot $0 | Bingo $0 | Fortune $0 | Tax $0
Seat 1: c01a5449 (big blind) folded before Flop
Seat 2: 6a42e9fd folded before Flop
Seat 3: Hero folded before Flop (didn't bet)
Seat 4: af5eaa34 collected ($0.72)
Seat 5: a3696106 (button) folded before Flop (didn't bet)
Seat 6: fe6f81bd (small blind) folded before Flop


Poker Hand #HD1819175055: Hold'em No Limit ($0.05/$0.1) - 2024/06/17 12:44:59
Table 'NLHRed19' 6-max Seat #4 is the button
Seat 1: 971e4473 ($8.38 in chips)
Seat 2: 6a42e9fd ($11.03 in chips)
Seat 3: Hero ($11.9 in chips)
Seat 4: af5eaa34 ($30.4 in chips)
Seat 5: a3696106 ($3.04 in chips)
Seat 6: fe6f81bd ($8.7 in chips)
a3696106: posts small blind $0.05
fe6f81bd: posts big blind $0.1
*** HOLE CARDS ***
Dealt to 971e4473 
Dealt to 6a42e9fd 
Dealt to Hero [9d 4h]
Dealt to af5eaa34 
Dealt to a3696106 
Dealt to fe6f81bd 
971e4473: folds
6a42e9fd: folds
Hero: folds
af5eaa34: raises $0.12 to $0.22
a3696106: folds
fe6f81bd: raises $0.53 to $0.75
af5eaa34: calls $0.53
*** FLOP *** [As 2h Ad]
fe6f81bd: checks
af5eaa34: checks
*** TURN *** [As 2h Ad] [2s]
fe6f81bd: bets $1
af5eaa34: folds
Uncalled bet ($1) returned to fe6f81bd
*** SHOWDOWN ***
fe6f81bd collected $1.48 from pot
*** SUMMARY ***
Total pot $1.55 | Rake $0.07 | Jackpot $0 | Bingo $0 | Fortune $0 | Tax $0
Board [As 2h Ad 2s]
Seat 1: 971e4473 folded before Flop (didn't bet)
Seat 2: 6a42e9fd folded before Flop (didn't bet)
Seat 3: Hero folded before Flop (didn't bet)
Seat 4: af5eaa34 (button) folded on the Turn
Seat 5: a3696106 (small blind) folded before Flop
Seat 6: fe6f81bd (big blind) won ($1.48)


Poker Hand #HD1819174999: Hold'em No Limit ($0.05/$0.1) - 2024/06/17 12:44:28
Table 'NLHRed19' 6-max Seat #3 is the button
Seat 1: 971e4473 ($8.38 in chips)
Seat 2: 6a42e9fd ($11.03 in chips)
Seat 3: Hero ($11.75 in chips)
Seat 4: af5eaa34 ($30.45 in chips)
Seat 5: a3696106 ($3.14 in chips)
Seat 6: fe6f81bd ($8.7 in chips)
af5eaa34: posts small blind $0.05
a3696106: posts big blind $0.1
*** HOLE CARDS ***
Dealt to 971e4473 
Dealt to 6a42e9fd 
Dealt to Hero [Qh Js]
Dealt to af5eaa34 
Dealt to a3696106 
Dealt to fe6f81bd 
fe6f81bd: folds
971e4473: folds
6a42e9fd: folds
Hero: raises $0.14 to $0.24
af5eaa34: folds
a3696106: folds
Uncalled bet ($0.14) returned to Hero
*** SHOWDOWN ***
Hero collected $0.25 from pot
*** SUMMARY ***
Total pot $0.25 | Rake $0 | Jackpot $0 | Bingo $0 | Fortune $0 | Tax $0
Seat 1: 971e4473 folded before Flop (didn't bet)
Seat 2: 6a42e9fd folded before Flop (didn't bet)
Seat 3: Hero (button) collected ($0.25)
Seat 4: af5eaa34 (small blind) folded before Flop
Seat 5: a3696106 (big blind) folded before Flop
Seat 6: fe6f81bd folded before Flop (didn't bet)


Poker Hand #HD1819174984: Hold'em No Limit ($0.05/$0.1) - 2024/06/17 12:44:14
Table 'NLHRed19' 6-max Seat #2 is the button
Seat 1: 971e4473 ($8.38 in chips)
Seat 2: 6a42e9fd ($10.88 in chips)
Seat 3: Hero ($11.8 in chips)
Seat 4: af5eaa34 ($30.55 in chips)
Seat 5: a3696106 ($3.14 in chips)
Seat 6: fe6f81bd ($8.7 in chips)
Hero: posts small blind $0.05
af5eaa34: posts big blind $0.1
*** HOLE CARDS ***
Dealt to 971e4473 
Dealt to 6a42e9fd 
Dealt to Hero [8h Ac]
Dealt to af5eaa34 
Dealt to a3696106 
Dealt to fe6f81bd 
a3696106: folds
fe6f81bd: folds
971e4473: folds
6a42e9fd: raises $0.2 to $0.3
Hero: folds
af5eaa34: folds
Uncalled bet ($0.2) returned to 6a42e9fd
*** SHOWDOWN ***
6a42e9fd collected $0.25 from pot
*** SUMMARY ***
Total pot $0.25 | Rake $0 | Jackpot $0 | Bingo $0 | Fortune $0 | Tax $0
Seat 1: 971e4473 folded before Flop (didn't bet)
Seat 2: 6a42e9fd (button) collected ($0.25)
Seat 3: Hero (small blind) folded before Flop
Seat 4: af5eaa34 (big blind) folded before Flop
Seat 5: a3696106 folded before Flop (didn't bet)
Seat 6: fe6f81bd folded before Flop (didn't bet)


Poker Hand #HD1819174904: Hold'em No Limit ($0.05/$0.1) - 2024/06/17 12:43:25
Table 'NLHRed19' 6-max Seat #1 is the button
Seat 1: 971e4473 ($8.68 in chips)
Seat 2: 6a42e9fd ($10.93 in chips)
Seat 3: Hero ($11.48 in chips)
Seat 4: af5eaa34 ($30.55 in chips)
Seat 5: a3696106 ($3.14 in chips)
Seat 6: fe6f81bd ($8.7 in chips)
6a42e9fd: posts small blind $0.05
Hero: posts big blind $0.1
*** HOLE CARDS ***
Dealt to 971e4473 
Dealt to 6a42e9fd 
Dealt to Hero [2c Ac]
Dealt to af5eaa34 
Dealt to a3696106 
Dealt to fe6f81bd 
af5eaa34: folds
a3696106: folds
fe6f81bd: folds
971e4473: raises $0.2 to $0.3
6a42e9fd: folds
Hero: calls $0.2
*** FLOP *** [Ad 3c 3s]
Hero: checks
971e4473: checks
*** TURN *** [Ad 3c 3s] [9h]
Hero: checks
971e4473: checks
*** RIVER *** [Ad 3c 3s 9h] [7d]
Hero: bets $0.3
971e4473: folds
Uncalled bet ($0.3) returned to Hero
*** SHOWDOWN ***
Hero collected $0.62 from pot
*** SUMMARY ***
Total pot $0.65 | Rake $0.03 | Jackpot $0 | Bingo $0 | Fortune $0 | Tax $0
Board [Ad 3c 3s 9h 7d]
Seat 1: 971e4473 (button) folded on the River
Seat 2: 6a42e9fd (small blind) folded before Flop
Seat 3: Hero (big blind) won ($0.62)
Seat 4: af5eaa34 folded before Flop (didn't bet)
Seat 5: a3696106 folded before Flop (didn't bet)
Seat 6: fe6f81bd folded before Flop (didn't bet)


Poker Hand #HD1819174831: Hold'em No Limit ($0.05/$0.1) - 2024/06/17 12:42:37
Table 'NLHRed19' 6-max Seat #6 is the button
Seat 1: 971e4473 ($8.73 in chips)
Seat 2: 6a42e9fd ($10.7 in chips)
Seat 3: Hero ($11.48 in chips)
Seat 4: af5eaa34 ($30.75 in chips)
Seat 5: a3696106 ($3.14 in chips)
Seat 6: fe6f81bd ($8.7 in chips)
971e4473: posts small blind $0.05
6a42e9fd: posts big blind $0.1
*** HOLE CARDS ***
Dealt to 971e4473 
Dealt to 6a42e9fd 
Dealt to Hero [5h 3c]
Dealt to af5eaa34 
Dealt to a3696106 
Dealt to fe6f81bd 
Hero: folds
af5eaa34: raises $0.1 to $0.2
a3696106: folds
fe6f81bd: folds
971e4473: folds
6a42e9fd: calls $0.1
*** FLOP *** [4d Ac 8d]
6a42e9fd: checks
af5eaa34: checks
*** TURN *** [4d Ac 8d] [3h]
6a42e9fd: bets $0.25
af5eaa34: folds
Uncalled bet ($0.25) returned to 6a42e9fd
*** SHOWDOWN ***
6a42e9fd collected $0.43 from pot
*** SUMMARY ***
Total pot $0.45 | Rake $0.02 | Jackpot $0 | Bingo $0 | Fortune $0 | Tax $0
Board [4d Ac 8d 3h]
Seat 1: 971e4473 (small blind) folded before Flop
Seat 2: 6a42e9fd (big blind) won ($0.43)
Seat 3: Hero folded before Flop (didn't bet)
Seat 4: af5eaa34 folded on the Turn
Seat 5: a3696106 folded before Flop (didn't bet)
Seat 6: fe6f81bd (button) folded before Flop (didn't bet)


Poker Hand #HD1819174815: Hold'em No Limit ($0.05/$0.1) - 2024/06/17 12:42:25
Table 'NLHRed19' 6-max Seat #5 is the button
Seat 1: 971e4473 ($8.83 in chips)
Seat 2: 6a42e9fd ($10.7 in chips)
Seat 3: Hero ($11.48 in chips)
Seat 4: af5eaa34 ($30.6 in chips)
Seat 5: a3696106 ($3.14 in chips)
Seat 6: fe6f81bd ($8.75 in chips)
fe6f81bd: posts small blind $0.05
971e4473: posts big blind $0.1
*** HOLE CARDS ***
Dealt to 971e4473 
Dealt to 6a42e9fd 
Dealt to Hero [Qd 6d]
Dealt to af5eaa34 
Dealt to a3696106 
Dealt to fe6f81bd 
6a42e9fd: folds
Hero: folds
af5eaa34: raises $0.1 to $0.2
a3696106: folds
fe6f81bd: folds
971e4473: folds
Uncalled bet ($0.1) returned to af5eaa34
*** SHOWDOWN ***
af5eaa34 collected $0.25 from pot
*** SUMMARY ***
Total pot $0.25 | Rake $0 | Jackpot $0 | Bingo $0 | Fortune $0 | Tax $0
Seat 1: 971e4473 (big blind) folded before Flop
Seat 2: 6a42e9fd folded before Flop (didn't bet)
Seat 3: Hero folded before Flop (didn't bet)
Seat 4: af5eaa34 collected ($0.25)
Seat 5: a3696106 (button) folded before Flop (didn't bet)
Seat 6: fe6f81bd (small blind) folded before Flop


Poker Hand #HD1819174762: Hold'em No Limit ($0.05/$0.1) - 2024/06/17 12:41:57
Table 'NLHRed19' 6-max Seat #4 is the button
Seat 1: 971e4473 ($8.83 in chips)
Seat 2: 6a42e9fd ($10.55 in chips)
Seat 3: Hero ($11.48 in chips)
Seat 4: af5eaa34 ($30.6 in chips)
Seat 5: a3696106 ($3.19 in chips)
Seat 6: fe6f81bd ($8.85 in chips)
a3696106: posts small blind $0.05
fe6f81bd: posts big blind $0.1
*** HOLE CARDS ***
Dealt to 971e4473 
Dealt to 6a42e9fd 
Dealt to Hero [Th As]
Dealt to af5eaa34 
Dealt to a3696106 
Dealt to fe6f81bd 
971e4473: folds
6a42e9fd: raises $0.25 to $0.35
Hero: folds
af5eaa34: folds
a3696106: folds
fe6f81bd: folds
Uncalled bet ($0.25) returned to 6a42e9fd
*** SHOWDOWN ***
6a42e9fd collected $0.25 from pot
*** SUMMARY ***
Total pot $0.25 | Rake $0 | Jackpot $0 | Bingo $0 | Fortune $0 | Tax $0
Seat 1: 971e4473 folded before Flop (didn't bet)
Seat 2: 6a42e9fd collected ($0.25)
Seat 3: Hero folded before Flop (didn't bet)
Seat 4: af5eaa34 (button) folded before Flop (didn't bet)
Seat 5: a3696106 (small blind) folded before Flop
Seat 6: fe6f81bd (big blind) folded before Flop


Poker Hand #HD1819174719: Hold'em No Limit ($0.05/$0.1) - 2024/06/17 12:41:33
Table 'NLHRed19' 6-max Seat #3 is the button
Seat 1: 971e4473 ($8.83 in chips)
Seat 2: 6a42e9fd ($10.4 in chips)
Seat 3: Hero ($11.48 in chips)
Seat 4: af5eaa34 ($30.65 in chips)
Seat 5: a3696106 ($3.29 in chips)
Seat 6: fe6f81bd ($8.85 in chips)
af5eaa34: posts small blind $0.05
a3696106: posts big blind $0.1
*** HOLE CARDS ***
Dealt to 971e4473 
Dealt to 6a42e9fd 
Dealt to Hero [4d 3s]
Dealt to af5eaa34 
Dealt to a3696106 
Dealt to fe6f81bd 
fe6f81bd: folds
971e4473: folds
6a42e9fd: raises $0.2 to $0.3
Hero: folds
af5eaa34: folds
a3696106: folds
Uncalled bet ($0.2) returned to 6a42e9fd
*** SHOWDOWN ***
6a42e9fd collected $0.25 from pot
*** SUMMARY ***
Total pot $0.25 | Rake $0 | Jackpot $0 | Bingo $0 | Fortune $0 | Tax $0
Seat 1: 971e4473 folded before Flop (didn't bet)
Seat 2: 6a42e9fd collected ($0.25)
Seat 3: Hero (button) folded before Flop (didn't bet)
Seat 4: af5eaa34 (small blind) folded before Flop
Seat 5: a3696106 (big blind) folded before Flop
Seat 6: fe6f81bd folded before Flop (didn't bet)


Poker Hand #HD1819174686: Hold'em No Limit ($0.05/$0.1) - 2024/06/17 12:41:07
Table 'NLHRed19' 6-max Seat #2 is the button
Seat 1: 971e4473 ($8.83 in chips)
Seat 2: 6a42e9fd ($10.4 in chips)
Seat 3: Hero ($11.53 in chips)
Seat 4: af5eaa34 ($30.75 in chips)
Seat 5: a3696106 ($3.14 in chips)
Seat 6: fe6f81bd ($8.85 in chips)
Hero: posts small blind $0.05
af5eaa34: posts big blind $0.1
*** HOLE CARDS ***
Dealt to 971e4473 
Dealt to 6a42e9fd 
Dealt to Hero [5s 5c]
Dealt to af5eaa34 
Dealt to a3696106 
Dealt to fe6f81bd 
a3696106: raises $0.2 to $0.3
fe6f81bd: folds
971e4473: folds
6a42e9fd: folds
Hero: folds
af5eaa34: folds
Uncalled bet ($0.2) returned to a3696106
*** SHOWDOWN ***
a3696106 collected $0.25 from pot
*** SUMMARY ***
Total pot $0.25 | Rake $0 | Jackpot $0 | Bingo $0 | Fortune $0 | Tax $0
Seat 1: 971e4473 folded before Flop (didn't bet)
Seat 2: 6a42e9fd (button) folded before Flop (didn't bet)
Seat 3: Hero (small blind) folded before Flop
Seat 4: af5eaa34 (big blind) folded before Flop
Seat 5: a3696106 collected ($0.25)
Seat 6: fe6f81bd folded before Flop (didn't bet)


Poker Hand #HD1819174573: Hold'em No Limit ($0.05/$0.1) - 2024/06/17 12:40:06
Table 'NLHRed19' 6-max Seat #1 is the button
Seat 1: 971e4473 ($5.72 in chips)
Seat 2: 6a42e9fd ($10.45 in chips)
Seat 3: Hero ($11.63 in chips)
Seat 4: af5eaa34 ($30.75 in chips)
Seat 5: a3696106 ($6.54 in chips)
Seat 6: fe6f81bd ($8.85 in chips)
6a42e9fd: posts small blind $0.05
Hero: posts big blind $0.1
*** HOLE CARDS ***
Dealt to 971e4473 
Dealt to 6a42e9fd 
Dealt to Hero [Qs 3c]
Dealt to af5eaa34 
Dealt to a3696106 
Dealt to fe6f81bd 
af5eaa34: folds
a3696106: raises $0.2 to $0.3
fe6f81bd: folds
971e4473: raises $0.75 to $1.05
6a42e9fd: folds
Hero: folds
a3696106: calls $0.75
*** FLOP *** [8d Ts Ks]
a3696106: checks
971e4473: bets $0.75
a3696106: calls $0.75
*** TURN *** [8d Ts Ks] [7d]
a3696106: checks
971e4473: bets $1.6
a3696106: calls $1.6
*** RIVER *** [8d Ts Ks 7d] [7c]
a3696106: checks
971e4473: checks
a3696106: shows [Ad Td] (Pair of Tens and Pair of Sevens)
971e4473: shows [Ac Kh] (Pair of Kings and Pair of Sevens)
*** SHOWDOWN ***
971e4473 collected $6.51 from pot
*** SUMMARY ***
Total pot $6.95 | Rake $0.34 | Jackpot $0.1 | Bingo $0 | Fortune $0 | Tax $0
Board [8d Ts Ks 7d 7c]
Seat 1: 971e4473 (button) showed [Ac Kh] and won ($6.51) with Pair of Kings and Pair of Sevens
Seat 2: 6a42e9fd (small blind) folded before Flop
Seat 3: Hero (big blind) folded before Flop
Seat 4: af5eaa34 folded before Flop (didn't bet)
Seat 5: a3696106 showed [Ad Td] and lost with Pair of Tens and Pair of Sevens
Seat 6: fe6f81bd folded before Flop (didn't bet)


Poker Hand #HD1819174508: Hold'em No Limit ($0.05/$0.1) - 2024/06/17 12:39:30
Table 'NLHRed19' 6-max Seat #6 is the button
Seat 1: 971e4473 ($6.22 in chips)
Seat 2: 6a42e9fd ($10 in chips)
Seat 3: Hero ($11.63 in chips)
Seat 4: af5eaa34 ($30.75 in chips)
Seat 5: a3696106 ($6.54 in chips)
Seat 6: fe6f81bd ($8.85 in chips)
971e4473: posts small blind $0.05
6a42e9fd: posts big blind $0.1
*** HOLE CARDS ***
Dealt to 971e4473 
Dealt to 6a42e9fd 
Dealt to Hero [2c 2h]
Dealt to af5eaa34 
Dealt to a3696106 
Dealt to fe6f81bd 
Hero: folds
af5eaa34: folds
a3696106: folds
fe6f81bd: folds
971e4473: raises $0.2 to $0.3
6a42e9fd: calls $0.2
*** FLOP *** [4d Qd 6s]
971e4473: bets $0.2
6a42e9fd: raises $0.55 to $0.75
971e4473: folds
Uncalled bet ($0.55) returned to 6a42e9fd
*** SHOWDOWN ***
6a42e9fd collected $0.95 from pot
*** SUMMARY ***
Total pot $1 | Rake $0.05 | Jackpot $0 | Bingo $0 | Fortune $0 | Tax $0
Board [4d Qd 6s]
Seat 1: 971e4473 (small blind) folded on the Flop
Seat 2: 6a42e9fd (big blind) won ($0.95)
Seat 3: Hero folded before Flop (didn't bet)
Seat 4: af5eaa34 folded before Flop (didn't bet)
Seat 5: a3696106 folded before Flop (didn't bet)
Seat 6: fe6f81bd (button) folded before Flop (didn't bet)


Poker Hand #HD1819174485: Hold'em No Limit ($0.05/$0.1) - 2024/06/17 12:39:15
Table 'NLHRed19' 6-max Seat #5 is the button
Seat 1: 971e4473 ($6.17 in chips)
Seat 2: 6a42e9fd ($10 in chips)
Seat 3: Hero ($11.63 in chips)
Seat 4: af5eaa34 ($30.75 in chips)
Seat 5: a3696106 ($6.54 in chips)
Seat 6: fe6f81bd ($8.9 in chips)
fe6f81bd: posts small blind $0.05
971e4473: posts big blind $0.1
*** HOLE CARDS ***
Dealt to 971e4473 
Dealt to 6a42e9fd 
Dealt to Hero [9s 6d]
Dealt to af5eaa34 
Dealt to a3696106 
Dealt to fe6f81bd 
6a42e9fd: folds
Hero: folds
af5eaa34: folds
a3696106: folds
fe6f81bd: folds
Uncalled bet ($0.05) returned to 971e4473
*** SHOWDOWN ***
971e4473 collected $0.1 from pot
*** SUMMARY ***
Total pot $0.1 | Rake $0 | Jackpot $0 | Bingo $0 | Fortune $0 | Tax $0
Seat 1: 971e4473 (big blind) collected ($0.1)
Seat 2: 6a42e9fd folded before Flop (didn't bet)
Seat 3: Hero folded before Flop (didn't bet)
Seat 4: af5eaa34 folded before Flop (didn't bet)
Seat 5: a3696106 (button) folded before Flop (didn't bet)
Seat 6: fe6f81bd (small blind) folded before Flop


Poker Hand #HD1819174427: Hold'em No Limit ($0.05/$0.1) - 2024/06/17 12:38:43
Table 'NLHRed19' 6-max Seat #4 is the button
Seat 1: 971e4473 ($5.78 in chips)
Seat 2: 6a42e9fd ($10 in chips)
Seat 3: Hero ($11.63 in chips)
Seat 4: af5eaa34 ($30.75 in chips)
Seat 5: a3696106 ($6.59 in chips)
Seat 6: fe6f81bd ($9.28 in chips)
a3696106: posts small blind $0.05
fe6f81bd: posts big blind $0.1
*** HOLE CARDS ***
Dealt to 971e4473 
Dealt to 6a42e9fd 
Dealt to Hero [8s Qc]
Dealt to af5eaa34 
Dealt to a3696106 
Dealt to fe6f81bd 
971e4473: raises $0.1 to $0.2
6a42e9fd: folds
Hero: folds
af5eaa34: folds
a3696106: folds
fe6f81bd: calls $0.1
*** FLOP *** [Kh 7c Jh]
fe6f81bd: checks
971e4473: checks
*** TURN *** [Kh 7c Jh] [Kd]
fe6f81bd: bets $0.18
971e4473: calls $0.18
*** RIVER *** [Kh 7c Jh Kd] [Qd]
fe6f81bd: checks
971e4473: checks
fe6f81bd: shows [2s 2d] (Pair of Kings and Pair of Twos)
971e4473: shows [Ac 7s] (Pair of Kings and Pair of Sevens)
*** SHOWDOWN ***
971e4473 collected $0.77 from pot
*** SUMMARY ***
Total pot $0.81 | Rake $0.04 | Jackpot $0 | Bingo $0 | Fortune $0 | Tax $0
Board [Kh 7c Jh Kd Qd]
Seat 1: 971e4473 showed [Ac 7s] and won ($0.77) with Pair of Kings and Pair of Sevens
Seat 2: 6a42e9fd folded before Flop (didn't bet)
Seat 3: Hero folded before Flop (didn't bet)
Seat 4: af5eaa34 (button) folded before Flop (didn't bet)
Seat 5: a3696106 (small blind) folded before Flop
Seat 6: fe6f81bd (big blind) showed [2s 2d] and lost with Pair of Kings and Pair of Twos


Poker Hand #HD1819174398: Hold'em No Limit ($0.05/$0.1) - 2024/06/17 12:38:23
Table 'NLHRed19' 6-max Seat #3 is the button
Seat 1: 971e4473 ($5.63 in chips)
Seat 2: 6a42e9fd ($10 in chips)
Seat 3: Hero ($11.63 in chips)
Seat 4: af5eaa34 ($30.8 in chips)
Seat 5: a3696106 ($6.69 in chips)
Seat 6: fe6f81bd ($9.28 in chips)
af5eaa34: posts small blind $0.05
a3696106: posts big blind $0.1
*** HOLE CARDS ***
Dealt to 971e4473 
Dealt to 6a42e9fd 
Dealt to Hero [4s Qc]
Dealt to af5eaa34 
Dealt to a3696106 
Dealt to fe6f81bd 
fe6f81bd: folds
971e4473: raises $0.1 to $0.2
6a42e9fd: folds
Hero: folds
af5eaa34: folds
a3696106: folds
Uncalled bet ($0.1) returned to 971e4473
*** SHOWDOWN ***
971e4473 collected $0.25 from pot
*** SUMMARY ***
Total pot $0.25 | Rake $0 | Jackpot $0 | Bingo $0 | Fortune $0 | Tax $0
Seat 1: 971e4473 collected ($0.25)
Seat 2: 6a42e9fd folded before Flop (didn't bet)
Seat 3: Hero (button) folded before Flop (didn't bet)
Seat 4: af5eaa34 (small blind) folded before Flop
Seat 5: a3696106 (big blind) folded before Flop
Seat 6: fe6f81bd folded before Flop (didn't bet)


Poker Hand #HD1819174342: Hold'em No Limit ($0.05/$0.1) - 2024/06/17 12:37:49
Table 'NLHRed19' 6-max Seat #2 is the button
Seat 1: 971e4473 ($5.63 in chips)
Seat 2: 6a42e9fd ($10 in chips)
Seat 3: Hero ($11.68 in chips)
Seat 4: af5eaa34 ($30.9 in chips)
Seat 5: a3696106 ($6.69 in chips)
Seat 6: fe6f81bd ($9.13 in chips)
Hero: posts small blind $0.05
af5eaa34: posts big blind $0.1
*** HOLE CARDS ***
Dealt to 971e4473 
Dealt to 6a42e9fd 
Dealt to Hero [Tc 4d]
Dealt to af5eaa34 
Dealt to a3696106 
Dealt to fe6f81bd 
a3696106: folds
fe6f81bd: raises $0.15 to $0.25
971e4473: folds
6a42e9fd: folds
Hero: folds
af5eaa34: folds
Uncalled bet ($0.15) returned to fe6f81bd
*** SHOWDOWN ***
fe6f81bd collected $0.25 from pot
*** SUMMARY ***
Total pot $0.25 | Rake $0 | Jackpot $0 | Bingo $0 | Fortune $0 | Tax $0
Seat 1: 971e4473 folded before Flop (didn't bet)
Seat 2: 6a42e9fd (button) folded before Flop (didn't bet)
Seat 3: Hero (small blind) folded before Flop
Seat 4: af5eaa34 (big blind) folded before Flop
Seat 5: a3696106 folded before Flop (didn't bet)
Seat 6: fe6f81bd collected ($0.25)


Poker Hand #HD1819174325: Hold'em No Limit ($0.05/$0.1) - 2024/06/17 12:37:37
Table 'NLHRed19' 6-max Seat #1 is the button
Seat 1: 971e4473 ($5.63 in chips)
Seat 2: 6a42e9fd ($10 in chips)
Seat 3: Hero ($11.63 in chips)
Seat 4: af5eaa34 ($30.9 in chips)
Seat 5: a3696106 ($6.69 in chips)
Seat 6: fe6f81bd ($9.13 in chips)
6a42e9fd: posts small blind $0.05
Hero: posts big blind $0.1
*** HOLE CARDS ***
Dealt to 971e4473 
Dealt to 6a42e9fd 
Dealt to Hero [Jh Tc]
Dealt to af5eaa34 
Dealt to a3696106 
Dealt to fe6f81bd 
af5eaa34: folds
a3696106: folds
fe6f81bd: folds
971e4473: folds
6a42e9fd: folds
Uncalled bet ($0.05) returned to Hero
*** SHOWDOWN ***
Hero collected $0.1 from pot
*** SUMMARY ***
Total pot $0.1 | Rake $0 | Jackpot $0 | Bingo $0 | Fortune $0 | Tax $0
Seat 1: 971e4473 (button) folded before Flop (didn't bet)
Seat 2: 6a42e9fd (small blind) folded before Flop
Seat 3: Hero (big blind) collected ($0.1)
Seat 4: af5eaa34 folded before Flop (didn't bet)
Seat 5: a3696106 folded before Flop (didn't bet)
Seat 6: fe6f81bd folded before Flop (didn't bet)


Poker Hand #HD1819174263: Hold'em No Limit ($0.05/$0.1) - 2024/06/17 12:37:08
Table 'NLHRed19' 6-max Seat #6 is the button
Seat 1: 971e4473 ($5.31 in chips)
Seat 2: 6a42e9fd ($10 in chips)
Seat 3: Hero ($11.63 in chips)
Seat 4: af5eaa34 ($30.9 in chips)
Seat 5: a3696106 ($6.69 in chips)
Seat 6: fe6f81bd ($9.38 in chips)
971e4473: posts small blind $0.05
6a42e9fd: posts big blind $0.1
*** HOLE CARDS ***
Dealt to 971e4473 
Dealt to 6a42e9fd 
Dealt to Hero [Jh 4c]
Dealt to af5eaa34 
Dealt to a3696106 
Dealt to fe6f81bd 
Hero: folds
af5eaa34: folds
a3696106: folds
fe6f81bd: raises $0.15 to $0.25
971e4473: raises $0.75 to $1
6a42e9fd: folds
fe6f81bd: folds
Uncalled bet ($0.75) returned to 971e4473
*** SHOWDOWN ***
971e4473 collected $0.57 from pot
*** SUMMARY ***
Total pot $0.6 | Rake $0.03 | Jackpot $0 | Bingo $0 | Fortune $0 | Tax $0
Seat 1: 971e4473 (small blind) collected ($0.57)
Seat 2: 6a42e9fd (big blind) folded before Flop
Seat 3: Hero folded before Flop (didn't bet)
Seat 4: af5eaa34 folded before Flop (didn't bet)
Seat 5: a3696106 folded before Flop (didn't bet)
Seat 6: fe6f81bd (button) folded before Flop


Poker Hand #HD1819174235: Hold'em No Limit ($0.05/$0.1) - 2024/06/17 12:36:54
Table 'NLHRed19' 6-max Seat #5 is the button
Seat 1: 971e4473 ($5.26 in chips)
Seat 3: Hero ($11.63 in chips)
Seat 4: af5eaa34 ($30.9 in chips)
Seat 5: a3696106 ($6.69 in chips)
Seat 6: fe6f81bd ($9.43 in chips)
fe6f81bd: posts small blind $0.05
971e4473: posts big blind $0.1
*** HOLE CARDS ***
Dealt to 971e4473 
Dealt to Hero [9c Qh]
Dealt to af5eaa34 
Dealt to a3696106 
Dealt to fe6f81bd 
Hero: folds
af5eaa34: folds
a3696106: folds
fe6f81bd: folds
Uncalled bet ($0.05) returned to 971e4473
*** SHOWDOWN ***
971e4473 collected $0.1 from pot
*** SUMMARY ***
Total pot $0.1 | Rake $0 | Jackpot $0 | Bingo $0 | Fortune $0 | Tax $0
Seat 1: 971e4473 (big blind) collected ($0.1)
Seat 3: Hero folded before Flop (didn't bet)
Seat 4: af5eaa34 folded before Flop (didn't bet)
Seat 5: a3696106 (button) folded before Flop (didn't bet)
Seat 6: fe6f81bd (small blind) folded before Flop


Poker Hand #HD1819174208: Hold'em No Limit ($0.05/$0.1) - 2024/06/17 12:36:36
Table 'NLHRed19' 6-max Seat #4 is the button
Seat 1: 971e4473 ($5.26 in chips)
Seat 2: 8b310611 ($10 in chips)
Seat 3: Hero ($11.48 in chips)
Seat 4: af5eaa34 ($30.9 in chips)
Seat 5: a3696106 ($6.74 in chips)
Seat 6: fe6f81bd ($9.53 in chips)
a3696106: posts small blind $0.05
fe6f81bd: posts big blind $0.1
*** HOLE CARDS ***
Dealt to 971e4473 
Dealt to 8b310611 
Dealt to Hero [Js Td]
Dealt to af5eaa34 
Dealt to a3696106 
Dealt to fe6f81bd 
971e4473: folds
8b310611: folds
Hero: raises $0.14 to $0.24
af5eaa34: folds
a3696106: folds
fe6f81bd: folds
Uncalled bet ($0.14) returned to Hero
*** SHOWDOWN ***
Hero collected $0.25 from pot
*** SUMMARY ***
Total pot $0.25 | Rake $0 | Jackpot $0 | Bingo $0 | Fortune $0 | Tax $0
Seat 1: 971e4473 folded before Flop (didn't bet)
Seat 2: 8b310611 folded before Flop (didn't bet)
Seat 3: Hero collected ($0.25)
Seat 4: af5eaa34 (button) folded before Flop (didn't bet)
Seat 5: a3696106 (small blind) folded before Flop
Seat 6: fe6f81bd (big blind) folded before Flop


Poker Hand #HD1819174162: Hold'em No Limit ($0.05/$0.1) - 2024/06/17 12:36:06
Table 'NLHRed19' 6-max Seat #3 is the button
Seat 1: 971e4473 ($5.26 in chips)
Seat 2: 8b310611 ($10 in chips)
Seat 3: Hero ($11.72 in chips)
Seat 4: af5eaa34 ($30.58 in chips)
Seat 5: a3696106 ($6.84 in chips)
Seat 6: fe6f81bd ($9.53 in chips)
af5eaa34: posts small blind $0.05
a3696106: posts big blind $0.1
*** HOLE CARDS ***
Dealt to 971e4473 
Dealt to 8b310611 
Dealt to Hero [7h 8d]
Dealt to af5eaa34 
Dealt to a3696106 
Dealt to fe6f81bd 
fe6f81bd: folds
971e4473: folds
8b310611: folds
Hero: raises $0.14 to $0.24
af5eaa34: raises $0.84 to $1.08
a3696106: folds
Hero: folds
Uncalled bet ($0.84) returned to af5eaa34
*** SHOWDOWN ***
af5eaa34 collected $0.56 from pot
*** SUMMARY ***
Total pot $0.58 | Rake $0.02 | Jackpot $0 | Bingo $0 | Fortune $0 | Tax $0
Seat 1: 971e4473 folded before Flop (didn't bet)
Seat 2: 8b310611 folded before Flop (didn't bet)
Seat 3: Hero (button) folded before Flop
Seat 4: af5eaa34 (small blind) collected ($0.56)
Seat 5: a3696106 (big blind) folded before Flop
Seat 6: fe6f81bd folded before Flop (didn't bet)


Poker Hand #HD1819174144: Hold'em No Limit ($0.05/$0.1) - 2024/06/17 12:35:55
Table 'NLHRed19' 6-max Seat #2 is the button
Seat 1: 971e4473 ($5.26 in chips)
Seat 2: 8b310611 ($10 in chips)
Seat 3: Hero ($11.77 in chips)
Seat 4: af5eaa34 ($30.53 in chips)
Seat 5: a3696106 ($6.84 in chips)
Seat 6: fe6f81bd ($9.53 in chips)
Hero: posts small blind $0.05
af5eaa34: posts big blind $0.1
*** HOLE CARDS ***
Dealt to 971e4473 
Dealt to 8b310611 
Dealt to Hero [Jc 6s]
Dealt to af5eaa34 
Dealt to a3696106 
Dealt to fe6f81bd 
a3696106: folds
fe6f81bd: folds
971e4473: folds
8b310611: folds
Hero: folds
Uncalled bet ($0.05) returned to af5eaa34
*** SHOWDOWN ***
af5eaa34 collected $0.1 from pot
*** SUMMARY ***
Total pot $0.1 | Rake $0 | Jackpot $0 | Bingo $0 | Fortune $0 | Tax $0
Seat 1: 971e4473 folded before Flop (didn't bet)
Seat 2: 8b310611 (button) folded before Flop (didn't bet)
Seat 3: Hero (small blind) folded before Flop
Seat 4: af5eaa34 (big blind) collected ($0.1)
Seat 5: a3696106 folded before Flop (didn't bet)
Seat 6: fe6f81bd folded before Flop (didn't bet)


Poker Hand #HD1819174105: Hold'em No Limit ($0.05/$0.1) - 2024/06/17 12:35:29
Table 'NLHRed19' 6-max Seat #1 is the button
Seat 1: 971e4473 ($5.26 in chips)
Seat 2: 8b310611 ($10.05 in chips)
Seat 3: Hero ($11.87 in chips)
Seat 4: af5eaa34 ($30.53 in chips)
Seat 5: a3696106 ($6.69 in chips)
Seat 6: fe6f81bd ($9.53 in chips)
8b310611: posts small blind $0.05
Hero: posts big blind $0.1
*** HOLE CARDS ***
Dealt to 971e4473 
Dealt to 8b310611 
Dealt to Hero [Ad 6s]
Dealt to af5eaa34 
Dealt to a3696106 
Dealt to fe6f81bd 
af5eaa34: folds
a3696106: raises $0.2 to $0.3
fe6f81bd: folds
971e4473: folds
8b310611: folds
Hero: folds
Uncalled bet ($0.2) returned to a3696106
*** SHOWDOWN ***
a3696106 collected $0.25 from pot
*** SUMMARY ***
Total pot $0.25 | Rake $0 | Jackpot $0 | Bingo $0 | Fortune $0 | Tax $0
Seat 1: 971e4473 (button) folded before Flop (didn't bet)
Seat 2: 8b310611 (small blind) folded before Flop
Seat 3: Hero (big blind) folded before Flop
Seat 4: af5eaa34 folded before Flop (didn't bet)
Seat 5: a3696106 collected ($0.25)
Seat 6: fe6f81bd folded before Flop (didn't bet)


Poker Hand #HD1819173982: Hold'em No Limit ($0.05/$0.1) - 2024/06/17 12:34:17
Table 'NLHRed19' 6-max Seat #6 is the button
Seat 1: 971e4473 ($5.31 in chips)
Seat 2: 8b310611 ($10.15 in chips)
Seat 3: Hero ($11.87 in chips)
Seat 4: af5eaa34 ($31.01 in chips)
Seat 5: a3696106 ($6.11 in chips)
Seat 6: fe6f81bd ($9.53 in chips)
971e4473: posts small blind $0.05
8b310611: posts big blind $0.1
*** HOLE CARDS ***
Dealt to 971e4473 
Dealt to 8b310611 
Dealt to Hero [Qc 2h]
Dealt to af5eaa34 
Dealt to a3696106 
Dealt to fe6f81bd 
Hero: folds
af5eaa34: raises $0.1 to $0.2
a3696106: calls $0.2
fe6f81bd: folds
971e4473: folds
8b310611: folds
*** FLOP *** [9s 2d Jd]
af5eaa34: checks
a3696106: bets $0.28
af5eaa34: calls $0.28
*** TURN *** [9s 2d Jd] [Qh]
af5eaa34: checks
a3696106: checks
*** RIVER *** [9s 2d Jd Qh] [Js]
af5eaa34: checks
a3696106: checks
af5eaa34: shows [Kh Ad] (Pair of Jacks)
a3696106: shows [8c 8d] (Pair of Jacks and Pair of Eights)
*** SHOWDOWN ***
a3696106 collected $1.06 from pot
*** SUMMARY ***
Total pot $1.11 | Rake $0.05 | Jackpot $0 | Bingo $0 | Fortune $0 | Tax $0
Board [9s 2d Jd Qh Js]
Seat 1: 971e4473 (small blind) folded before Flop
Seat 2: 8b310611 (big blind) folded before Flop
Seat 3: Hero folded before Flop (didn't bet)
Seat 4: af5eaa34 showed [Kh Ad] and lost with Pair of Jacks
Seat 5: a3696106 showed [8c 8d] and won ($1.06) with Pair of Jacks and Pair of Eights
Seat 6: fe6f81bd (button) folded before Flop (didn't bet)


Poker Hand #HD1819173958: Hold'em No Limit ($0.05/$0.1) - 2024/06/17 12:34:01
Table 'NLHRed19' 6-max Seat #5 is the button
Seat 1: 971e4473 ($5.26 in chips)
Seat 2: 8b310611 ($10.15 in chips)
Seat 3: Hero ($11.87 in chips)
Seat 4: af5eaa34 ($31.01 in chips)
Seat 5: a3696106 ($6.11 in chips)
Seat 6: fe6f81bd ($9.58 in chips)
fe6f81bd: posts small blind $0.05
971e4473: posts big blind $0.1
*** HOLE CARDS ***
Dealt to 971e4473 
Dealt to 8b310611 
Dealt to Hero [As 8d]
Dealt to af5eaa34 
Dealt to a3696106 
Dealt to fe6f81bd 
8b310611: folds
Hero: folds
af5eaa34: folds
a3696106: folds
fe6f81bd: folds
Uncalled bet ($0.05) returned to 971e4473
*** SHOWDOWN ***
971e4473 collected $0.1 from pot
*** SUMMARY ***
Total pot $0.1 | Rake $0 | Jackpot $0 | Bingo $0 | Fortune $0 | Tax $0
Seat 1: 971e4473 (big blind) collected ($0.1)
Seat 2: 8b310611 folded before Flop (didn't bet)
Seat 3: Hero folded before Flop (didn't bet)
Seat 4: af5eaa34 folded before Flop (didn't bet)
Seat 5: a3696106 (button) folded before Flop (didn't bet)
Seat 6: fe6f81bd (small blind) folded before Flop


Poker Hand #HD1819173902: Hold'em No Limit ($0.05/$0.1) - 2024/06/17 12:33:28
Table 'NLHRed19' 6-max Seat #4 is the button
Seat 1: 971e4473 ($5.26 in chips)
Seat 2: 8b310611 ($10.15 in chips)
Seat 3: Hero ($11.87 in chips)
Seat 4: af5eaa34 ($30.76 in chips)
Seat 5: a3696106 ($6.16 in chips)
Seat 6: fe6f81bd ($9.8 in chips)
a3696106: posts small blind $0.05
fe6f81bd: posts big blind $0.1
*** HOLE CARDS ***
Dealt to 971e4473 
Dealt to 8b310611 
Dealt to Hero [6h 3h]
Dealt to af5eaa34 
Dealt to a3696106 
Dealt to fe6f81bd 
971e4473: folds
8b310611: folds
Hero: folds
af5eaa34: raises $0.12 to $0.22
a3696106: folds
fe6f81bd: calls $0.12
*** FLOP *** [Qh As 4c]
fe6f81bd: checks
af5eaa34: bets $0.17
fe6f81bd: folds
Uncalled bet ($0.17) returned to af5eaa34
*** SHOWDOWN ***
af5eaa34 collected $0.47 from pot
*** SUMMARY ***
Total pot $0.49 | Rake $0.02 | Jackpot $0 | Bingo $0 | Fortune $0 | Tax $0
Board [Qh As 4c]
Seat 1: 971e4473 folded before Flop (didn't bet)
Seat 2: 8b310611 folded before Flop (didn't bet)
Seat 3: Hero folded before Flop (didn't bet)
Seat 4: af5eaa34 (button) won ($0.47)
Seat 5: a3696106 (small blind) folded before Flop
Seat 6: fe6f81bd (big blind) folded on the Flop


Poker Hand #HD1819173878: Hold'em No Limit ($0.05/$0.1) - 2024/06/17 12:33:14
Table 'NLHRed19' 6-max Seat #3 is the button
Seat 1: 971e4473 ($5.26 in chips)
Seat 2: 8b310611 ($10.15 in chips)
Seat 3: Hero ($11.72 in chips)
Seat 4: af5eaa34 ($30.81 in chips)
Seat 5: a3696106 ($6.26 in chips)
Seat 6: fe6f81bd ($9.8 in chips)
af5eaa34: posts small blind $0.05
a3696106: posts big blind $0.1
*** HOLE CARDS ***
Dealt to 971e4473 
Dealt to 8b310611 
Dealt to Hero [Jc Td]
Dealt to af5eaa34 
Dealt to a3696106 
Dealt to fe6f81bd 
fe6f81bd: folds
971e4473: folds
8b310611: folds
Hero: raises $0.14 to $0.24
af5eaa34: folds
a3696106: folds
Uncalled bet ($0.14) returned to Hero
*** SHOWDOWN ***
Hero collected $0.25 from pot
*** SUMMARY ***
Total pot $0.25 | Rake $0 | Jackpot $0 | Bingo $0 | Fortune $0 | Tax $0
Seat 1: 971e4473 folded before Flop (didn't bet)
Seat 2: 8b310611 folded before Flop (didn't bet)
Seat 3: Hero (button) collected ($0.25)
Seat 4: af5eaa34 (small blind) folded before Flop
Seat 5: a3696106 (big blind) folded before Flop
Seat 6: fe6f81bd folded before Flop (didn't bet)


Poker Hand #HD1819173845: Hold'em No Limit ($0.05/$0.1) - 2024/06/17 12:32:59
Table 'NLHRed19' 6-max Seat #2 is the button
Seat 1: 971e4473 ($5.26 in chips)
Seat 2: 8b310611 ($10 in chips)
Seat 3: Hero ($11.77 in chips)
Seat 4: af5eaa34 ($30.91 in chips)
Seat 5: a3696106 ($6.26 in chips)
Seat 6: fe6f81bd ($9.8 in chips)
Hero: posts small blind $0.05
af5eaa34: posts big blind $0.1
*** HOLE CARDS ***
Dealt to 971e4473 
Dealt to 8b310611 
Dealt to Hero [Kd 2s]
Dealt to af5eaa34 
Dealt to a3696106 
Dealt to fe6f81bd 
a3696106: folds
fe6f81bd: folds
971e4473: folds
8b310611: raises $0.15 to $0.25
Hero: folds
af5eaa34: folds
Uncalled bet ($0.15) returned to 8b310611
*** SHOWDOWN ***
8b310611 collected $0.25 from pot
*** SUMMARY ***
Total pot $0.25 | Rake $0 | Jackpot $0 | Bingo $0 | Fortune $0 | Tax $0
Seat 1: 971e4473 folded before Flop (didn't bet)
Seat 2: 8b310611 (button) collected ($0.25)
Seat 3: Hero (small blind) folded before Flop
Seat 4: af5eaa34 (big blind) folded before Flop
Seat 5: a3696106 folded before Flop (didn't bet)
Seat 6: fe6f81bd folded before Flop (didn't bet)


Poker Hand #HD1819173833: Hold'em No Limit ($0.05/$0.1) - 2024/06/17 12:32:50
Table 'NLHRed19' 6-max Seat #1 is the button
Seat 1: 971e4473 ($5.26 in chips)
Seat 2: 8b310611 ($10 in chips)
Seat 3: Hero ($11.72 in chips)
Seat 4: af5eaa34 ($30.91 in chips)
Seat 5: a3696106 ($6.26 in chips)
Seat 6: fe6f81bd ($9.8 in chips)
8b310611: posts small blind $0.05
Hero: posts big blind $0.1
*** HOLE CARDS ***
Dealt to 971e4473 
Dealt to 8b310611 
Dealt to Hero [Kh 6d]
Dealt to af5eaa34 
Dealt to a3696106 
Dealt to fe6f81bd 
af5eaa34: folds
a3696106: folds
fe6f81bd: folds
971e4473: folds
8b310611: folds
Uncalled bet ($0.05) returned to Hero
*** SHOWDOWN ***
Hero collected $0.1 from pot
*** SUMMARY ***
Total pot $0.1 | Rake $0 | Jackpot $0 | Bingo $0 | Fortune $0 | Tax $0
Seat 1: 971e4473 (button) folded before Flop (didn't bet)
Seat 2: 8b310611 (small blind) folded before Flop
Seat 3: Hero (big blind) collected ($0.1)
Seat 4: af5eaa34 folded before Flop (didn't bet)
Seat 5: a3696106 folded before Flop (didn't bet)
Seat 6: fe6f81bd folded before Flop (didn't bet)


Poker Hand #HD1819173802: Hold'em No Limit ($0.05/$0.1) - 2024/06/17 12:32:32
Table 'NLHRed19' 6-max Seat #6 is the button
Seat 1: 971e4473 ($5.31 in chips)
Seat 2: 8b310611 ($10 in chips)
Seat 3: Hero ($11.72 in chips)
Seat 4: af5eaa34 ($30.76 in chips)
Seat 5: a3696106 ($6.26 in chips)
Seat 6: fe6f81bd ($9.8 in chips)
971e4473: posts small blind $0.05
8b310611: posts big blind $0.1
*** HOLE CARDS ***
Dealt to 971e4473 
Dealt to 8b310611 
Dealt to Hero [Ad 6c]
Dealt to af5eaa34 
Dealt to a3696106 
Dealt to fe6f81bd 
Hero: folds
af5eaa34: raises $0.1 to $0.2
a3696106: folds
fe6f81bd: folds
971e4473: folds
8b310611: folds
Uncalled bet ($0.1) returned to af5eaa34
*** SHOWDOWN ***
af5eaa34 collected $0.25 from pot
*** SUMMARY ***
Total pot $0.25 | Rake $0 | Jackpot $0 | Bingo $0 | Fortune $0 | Tax $0
Seat 1: 971e4473 (small blind) folded before Flop
Seat 2: 8b310611 (big blind) folded before Flop
Seat 3: Hero folded before Flop (didn't bet)
Seat 4: af5eaa34 collected ($0.25)
Seat 5: a3696106 folded before Flop (didn't bet)
Seat 6: fe6f81bd (button) folded before Flop (didn't bet)


Poker Hand #HD1819173770: Hold'em No Limit ($0.05/$0.1) - 2024/06/17 12:32:16
Table 'NLHRed19' 6-max Seat #5 is the button
Seat 1: 971e4473 ($5.41 in chips)
Seat 2: 8b310611 ($10 in chips)
Seat 3: Hero ($11.57 in chips)
Seat 4: af5eaa34 ($30.76 in chips)
Seat 5: a3696106 ($6.26 in chips)
Seat 6: fe6f81bd ($9.85 in chips)
fe6f81bd: posts small blind $0.05
971e4473: posts big blind $0.1
*** HOLE CARDS ***
Dealt to 971e4473 
Dealt to 8b310611 
Dealt to Hero [Ac Ad]
Dealt to af5eaa34 
Dealt to a3696106 
Dealt to fe6f81bd 
8b310611: folds
Hero: raises $0.1 to $0.2
af5eaa34: folds
a3696106: folds
fe6f81bd: folds
971e4473: folds
Uncalled bet ($0.1) returned to Hero
*** SHOWDOWN ***
Hero collected $0.25 from pot
*** SUMMARY ***
Total pot $0.25 | Rake $0 | Jackpot $0 | Bingo $0 | Fortune $0 | Tax $0
Seat 1: 971e4473 (big blind) folded before Flop
Seat 2: 8b310611 folded before Flop (didn't bet)
Seat 3: Hero collected ($0.25)
Seat 4: af5eaa34 folded before Flop (didn't bet)
Seat 5: a3696106 (button) folded before Flop (didn't bet)
Seat 6: fe6f81bd (small blind) folded before Flop


Poker Hand #HD1819173740: Hold'em No Limit ($0.05/$0.1) - 2024/06/17 12:32:02
Table 'NLHRed19' 6-max Seat #4 is the button
Seat 1: 971e4473 ($5.41 in chips)
Seat 2: 8b310611 ($10 in chips)
Seat 3: Hero ($11.57 in chips)
Seat 4: af5eaa34 ($30.61 in chips)
Seat 5: a3696106 ($6.31 in chips)
Seat 6: fe6f81bd ($9.95 in chips)
a3696106: posts small blind $0.05
fe6f81bd: posts big blind $0.1
*** HOLE CARDS ***
Dealt to 971e4473 
Dealt to 8b310611 
Dealt to Hero [6s 3c]
Dealt to af5eaa34 
Dealt to a3696106 
Dealt to fe6f81bd 
971e4473: folds
8b310611: folds
Hero: folds
af5eaa34: raises $0.12 to $0.22
a3696106: folds
fe6f81bd: folds
Uncalled bet ($0.12) returned to af5eaa34
*** SHOWDOWN ***
af5eaa34 collected $0.25 from pot
*** SUMMARY ***
Total pot $0.25 | Rake $0 | Jackpot $0 | Bingo $0 | Fortune $0 | Tax $0
Seat 1: 971e4473 folded before Flop (didn't bet)
Seat 2: 8b310611 folded before Flop (didn't bet)
Seat 3: Hero folded before Flop (didn't bet)
Seat 4: af5eaa34 (button) collected ($0.25)
Seat 5: a3696106 (small blind) folded before Flop
Seat 6: fe6f81bd (big blind) folded before Flop


Poker Hand #HD1819173707: Hold'em No Limit ($0.05/$0.1) - 2024/06/17 12:31:43
Table 'NLHRed19' 6-max Seat #3 is the button
Seat 1: 971e4473 ($5.41 in chips)
Seat 2: 8b310611 ($10 in chips)
Seat 3: Hero ($11.57 in chips)
Seat 4: af5eaa34 ($30.66 in chips)
Seat 5: a3696106 ($6.26 in chips)
Seat 6: fe6f81bd ($9.95 in chips)
af5eaa34: posts small blind $0.05
a3696106: posts big blind $0.1
*** HOLE CARDS ***
Dealt to 971e4473 
Dealt to 8b310611 
Dealt to Hero [Js 2c]
Dealt to af5eaa34 
Dealt to a3696106 
Dealt to fe6f81bd 
fe6f81bd: folds
971e4473: folds
8b310611: folds
Hero: folds
af5eaa34: folds
Uncalled bet ($0.05) returned to a3696106
*** SHOWDOWN ***
a3696106 collected $0.1 from pot
*** SUMMARY ***
Total pot $0.1 | Rake $0 | Jackpot $0 | Bingo $0 | Fortune $0 | Tax $0
Seat 1: 971e4473 folded before Flop (didn't bet)
Seat 2: 8b310611 folded before Flop (didn't bet)
Seat 3: Hero (button) folded before Flop (didn't bet)
Seat 4: af5eaa34 (small blind) folded before Flop
Seat 5: a3696106 (big blind) collected ($0.1)
Seat 6: fe6f81bd folded before Flop (didn't bet)


Poker Hand #HD1819173688: Hold'em No Limit ($0.05/$0.1) - 2024/06/17 12:31:28
Table 'NLHRed19' 6-max Seat #2 is the button
Seat 1: 971e4473 ($5.41 in chips)
Seat 2: 8b310611 ($10 in chips)
Seat 3: Hero ($11.47 in chips)
Seat 4: af5eaa34 ($30.76 in chips)
Seat 5: a3696106 ($6.26 in chips)
Seat 6: fe6f81bd ($9.95 in chips)
Hero: posts small blind $0.05
af5eaa34: posts big blind $0.1
*** HOLE CARDS ***
Dealt to 971e4473 
Dealt to 8b310611 
Dealt to Hero [Qc Jc]
Dealt to af5eaa34 
Dealt to a3696106 
Dealt to fe6f81bd 
a3696106: folds
fe6f81bd: folds
971e4473: folds
8b310611: folds
Hero: raises $0.2 to $0.3
af5eaa34: folds
Uncalled bet ($0.2) returned to Hero
*** SHOWDOWN ***
Hero collected $0.2 from pot
*** SUMMARY ***
Total pot $0.2 | Rake $0 | Jackpot $0 | Bingo $0 | Fortune $0 | Tax $0
Seat 1: 971e4473 folded before Flop (didn't bet)
Seat 2: 8b310611 (button) folded before Flop (didn't bet)
Seat 3: Hero (small blind) collected ($0.2)
Seat 4: af5eaa34 (big blind) folded before Flop
Seat 5: a3696106 folded before Flop (didn't bet)
Seat 6: fe6f81bd folded before Flop (didn't bet)


Poker Hand #HD1819173659: Hold'em No Limit ($0.05/$0.1) - 2024/06/17 12:31:10
Table 'NLHRed19' 6-max Seat #1 is the button
Seat 1: 971e4473 ($5.26 in chips)
Seat 2: 8b310611 ($10 in chips)
Seat 3: Hero ($11.57 in chips)
Seat 4: af5eaa34 ($30.76 in chips)
Seat 5: a3696106 ($6.26 in chips)
Seat 6: fe6f81bd ($9.95 in chips)
8b310611: posts small blind $0.05
Hero: posts big blind $0.1
*** HOLE CARDS ***
Dealt to 971e4473 
Dealt to 8b310611 
Dealt to Hero [Qs 6s]
Dealt to af5eaa34 
Dealt to a3696106 
Dealt to fe6f81bd 
af5eaa34: folds
a3696106: folds
fe6f81bd: folds
971e4473: raises $0.2 to $0.3
8b310611: folds
Hero: folds
Uncalled bet ($0.2) returned to 971e4473
*** SHOWDOWN ***
971e4473 collected $0.25 from pot
*** SUMMARY ***
Total pot $0.25 | Rake $0 | Jackpot $0 | Bingo $0 | Fortune $0 | Tax $0
Seat 1: 971e4473 (button) collected ($0.25)
Seat 2: 8b310611 (small blind) folded before Flop
Seat 3: Hero (big blind) folded before Flop
Seat 4: af5eaa34 folded before Flop (didn't bet)
Seat 5: a3696106 folded before Flop (didn't bet)
Seat 6: fe6f81bd folded before Flop (didn't bet)


Poker Hand #HD1819173608: Hold'em No Limit ($0.05/$0.1) - 2024/06/17 12:30:45
Table 'NLHRed19' 6-max Seat #6 is the button
Seat 1: 971e4473 ($5.31 in chips)
Seat 2: 8b310611 ($10 in chips)
Seat 3: Hero ($11.57 in chips)
Seat 4: af5eaa34 ($30.61 in chips)
Seat 5: a3696106 ($6.26 in chips)
Seat 6: fe6f81bd ($9.95 in chips)
971e4473: posts small blind $0.05
8b310611: posts big blind $0.1
*** HOLE CARDS ***
Dealt to 971e4473 
Dealt to 8b310611 
Dealt to Hero [9d Tc]
Dealt to af5eaa34 
Dealt to a3696106 
Dealt to fe6f81bd 
Hero: folds
af5eaa34: raises $0.12 to $0.22
a3696106: folds
fe6f81bd: folds
971e4473: folds
8b310611: folds
Uncalled bet ($0.12) returned to af5eaa34
*** SHOWDOWN ***
af5eaa34 collected $0.25 from pot
*** SUMMARY ***
Total pot $0.25 | Rake $0 | Jackpot $0 | Bingo $0 | Fortune $0 | Tax $0
Seat 1: 971e4473 (small blind) folded before Flop
Seat 2: 8b310611 (big blind) folded before Flop
Seat 3: Hero folded before Flop (didn't bet)
Seat 4: af5eaa34 collected ($0.25)
Seat 5: a3696106 folded before Flop (didn't bet)
Seat 6: fe6f81bd (button) folded before Flop (didn't bet)


Poker Hand #HD1819173544: Hold'em No Limit ($0.05/$0.1) - 2024/06/17 12:30:09
Table 'NLHRed19' 6-max Seat #5 is the button
Seat 1: 971e4473 ($5.51 in chips)
Seat 2: 8b310611 ($10 in chips)
Seat 3: Hero ($11.34 in chips)
Seat 4: af5eaa34 ($30.61 in chips)
Seat 5: a3696106 ($6.26 in chips)
Seat 6: fe6f81bd ($10 in chips)
fe6f81bd: posts small blind $0.05
971e4473: posts big blind $0.1
*** HOLE CARDS ***
Dealt to 971e4473 
Dealt to 8b310611 
Dealt to Hero [Ac Ad]
Dealt to af5eaa34 
Dealt to a3696106 
Dealt to fe6f81bd 
8b310611: folds
Hero: raises $0.1 to $0.2
af5eaa34: folds
a3696106: folds
fe6f81bd: folds
971e4473: calls $0.1
*** FLOP *** [Qs 3d Kc]
971e4473: checks
Hero: bets $0.15
971e4473: folds
Uncalled bet ($0.15) returned to Hero
*** SHOWDOWN ***
Hero collected $0.43 from pot
*** SUMMARY ***
Total pot $0.45 | Rake $0.02 | Jackpot $0 | Bingo $0 | Fortune $0 | Tax $0
Board [Qs 3d Kc]
Seat 1: 971e4473 (big blind) folded on the Flop
Seat 2: 8b310611 folded before Flop (didn't bet)
Seat 3: Hero won ($0.43)
Seat 4: af5eaa34 folded before Flop (didn't bet)
Seat 5: a3696106 (button) folded before Flop (didn't bet)
Seat 6: fe6f81bd (small blind) folded before Flop


Poker Hand #HD1819173520: Hold'em No Limit ($0.05/$0.1) - 2024/06/17 12:29:54
Table 'NLHRed19' 6-max Seat #4 is the button
Seat 2: 8b310611 ($10 in chips)
Seat 3: Hero ($11.34 in chips)
Seat 4: af5eaa34 ($30.46 in chips)
Seat 5: a3696106 ($6.31 in chips)
Seat 6: fe6f81bd ($10.1 in chips)
a3696106: posts small blind $0.05
fe6f81bd: posts big blind $0.1
*** HOLE CARDS ***
Dealt to 8b310611 
Dealt to Hero [Ts 7s]
Dealt to af5eaa34 
Dealt to a3696106 
Dealt to fe6f81bd 
8b310611: folds
Hero: folds
af5eaa34: raises $0.12 to $0.22
a3696106: folds
fe6f81bd: folds
Uncalled bet ($0.12) returned to af5eaa34
*** SHOWDOWN ***
af5eaa34 collected $0.25 from pot
*** SUMMARY ***
Total pot $0.25 | Rake $0 | Jackpot $0 | Bingo $0 | Fortune $0 | Tax $0
Seat 2: 8b310611 folded before Flop (didn't bet)
Seat 3: Hero folded before Flop (didn't bet)
Seat 4: af5eaa34 (button) collected ($0.25)
Seat 5: a3696106 (small blind) folded before Flop
Seat 6: fe6f81bd (big blind) folded before Flop


Poker Hand #HD1819173428: Hold'em No Limit ($0.05/$0.1) - 2024/06/17 12:29:00
Table 'NLHRed19' 6-max Seat #3 is the button
Seat 2: 8b310611 ($10 in chips)
Seat 3: Hero ($11.58 in chips)
Seat 4: af5eaa34 ($30.14 in chips)
Seat 5: a3696106 ($6.41 in chips)
Seat 6: fe6f81bd ($10.1 in chips)
af5eaa34: posts small blind $0.05
a3696106: posts big blind $0.1
*** HOLE CARDS ***
Dealt to 8b310611 
Dealt to Hero [As 9d]
Dealt to af5eaa34 
Dealt to a3696106 
Dealt to fe6f81bd 
fe6f81bd: folds
8b310611: folds
Hero: raises $0.14 to $0.24
af5eaa34: calls $0.19
a3696106: folds
*** FLOP *** [Qd Td 6s]
af5eaa34: checks
Hero: checks
*** TURN *** [Qd Td 6s] [4h]
af5eaa34: bets $0.84
Hero: folds
Uncalled bet ($0.84) returned to af5eaa34
*** SHOWDOWN ***
af5eaa34 collected $0.56 from pot
*** SUMMARY ***
Total pot $0.58 | Rake $0.02 | Jackpot $0 | Bingo $0 | Fortune $0 | Tax $0
Board [Qd Td 6s 4h]
Seat 2: 8b310611 folded before Flop (didn't bet)
Seat 3: Hero (button) folded on the Turn
Seat 4: af5eaa34 (small blind) won ($0.56)
Seat 5: a3696106 (big blind) folded before Flop
Seat 6: fe6f81bd folded before Flop (didn't bet)


Poker Hand #HD1819173317: Hold'em No Limit ($0.05/$0.1) - 2024/06/17 12:27:56
Table 'NLHRed19' 6-max Seat #2 is the button
Seat 2: 8b310611 ($10.25 in chips)
Seat 3: Hero ($11.63 in chips)
Seat 4: af5eaa34 ($29.86 in chips)
Seat 5: a3696106 ($6.41 in chips)
Seat 6: fe6f81bd ($10.1 in chips)
Hero: posts small blind $0.05
af5eaa34: posts big blind $0.1
*** HOLE CARDS ***
Dealt to 8b310611 
Dealt to Hero [4h 3s]
Dealt to af5eaa34 
Dealt to a3696106 
Dealt to fe6f81bd 
a3696106: folds
fe6f81bd: folds
8b310611: raises $0.15 to $0.25
Hero: folds
af5eaa34: calls $0.15
*** FLOP *** [6c 8s 6h]
af5eaa34: bets $0.19
8b310611: folds
Uncalled bet ($0.19) returned to af5eaa34
*** SHOWDOWN ***
af5eaa34 collected $0.53 from pot
*** SUMMARY ***
Total pot $0.55 | Rake $0.02 | Jackpot $0 | Bingo $0 | Fortune $0 | Tax $0
Board [6c 8s 6h]
Seat 2: 8b310611 (button) folded on the Flop
Seat 3: Hero (small blind) folded before Flop
Seat 4: af5eaa34 (big blind) won ($0.53)
Seat 5: a3696106 folded before Flop (didn't bet)
Seat 6: fe6f81bd folded before Flop (didn't bet)


Poker Hand #HD1819173254: Hold'em No Limit ($0.05/$0.1) - 2024/06/17 12:27:25
Table 'NLHRed19' 6-max Seat #6 is the button
Seat 2: 8b310611 ($10.3 in chips)
Seat 3: Hero ($11.73 in chips)
Seat 4: af5eaa34 ($29.86 in chips)
Seat 5: a3696106 ($6.41 in chips)
Seat 6: fe6f81bd ($9.95 in chips)
8b310611: posts small blind $0.05
Hero: posts big blind $0.1
*** HOLE CARDS ***
Dealt to 8b310611 
Dealt to Hero [Jh Td]
Dealt to af5eaa34 
Dealt to a3696106 
Dealt to fe6f81bd 
af5eaa34: folds
a3696106: folds
fe6f81bd: raises $0.15 to $0.25
8b310611: folds
Hero: folds
Uncalled bet ($0.15) returned to fe6f81bd
*** SHOWDOWN ***
fe6f81bd collected $0.25 from pot
*** SUMMARY ***
Total pot $0.25 | Rake $0 | Jackpot $0 | Bingo $0 | Fortune $0 | Tax $0
Seat 2: 8b310611 (small blind) folded before Flop
Seat 3: Hero (big blind) folded before Flop
Seat 4: af5eaa34 folded before Flop (didn't bet)
Seat 5: a3696106 folded before Flop (didn't bet)
Seat 6: fe6f81bd (button) collected ($0.25)


Poker Hand #HD1819173155: Hold'em No Limit ($0.05/$0.1) - 2024/06/17 12:26:29
Table 'NLHRed19' 6-max Seat #5 is the button
Seat 1: 971e4473 ($5.61 in chips)
Seat 2: 8b310611 ($10.15 in chips)
Seat 3: Hero ($11.73 in chips)
Seat 4: af5eaa34 ($29.86 in chips)
Seat 5: a3696106 ($6.41 in chips)
Seat 6: fe6f81bd ($10 in chips)
fe6f81bd: posts small blind $0.05
971e4473: posts big blind $0.1
*** HOLE CARDS ***
Dealt to 971e4473 
Dealt to 8b310611 
Dealt to Hero [Tc 5d]
Dealt to af5eaa34 
Dealt to a3696106 
Dealt to fe6f81bd 
8b310611: raises $0.15 to $0.25
Hero: folds
af5eaa34: folds
a3696106: folds
fe6f81bd: folds
971e4473: folds
Uncalled bet ($0.15) returned to 8b310611
*** SHOWDOWN ***
8b310611 collected $0.25 from pot
*** SUMMARY ***
Total pot $0.25 | Rake $0 | Jackpot $0 | Bingo $0 | Fortune $0 | Tax $0
Seat 1: 971e4473 (big blind) folded before Flop
Seat 2: 8b310611 collected ($0.25)
Seat 3: Hero folded before Flop (didn't bet)
Seat 4: af5eaa34 folded before Flop (didn't bet)
Seat 5: a3696106 (button) folded before Flop (didn't bet)
Seat 6: fe6f81bd (small blind) folded before Flop


Poker Hand #HD1819173039: Hold'em No Limit ($0.05/$0.1) - 2024/06/17 12:25:25
Table 'NLHRed19' 6-max Seat #4 is the button
Seat 1: 971e4473 ($5.38 in chips)
Seat 2: 8b310611 ($10.15 in chips)
Seat 3: Hero ($11.73 in chips)
Seat 4: af5eaa34 ($29.86 in chips)
Seat 5: a3696106 ($6.46 in chips)
Seat 6: fe6f81bd ($10.2 in chips)
a3696106: posts small blind $0.05
fe6f81bd: posts big blind $0.1
*** HOLE CARDS ***
Dealt to 971e4473 
Dealt to 8b310611 
Dealt to Hero [5s Jh]
Dealt to af5eaa34 
Dealt to a3696106 
Dealt to fe6f81bd 
971e4473: raises $0.1 to $0.2
8b310611: folds
Hero: folds
af5eaa34: folds
a3696106: folds
fe6f81bd: calls $0.1
*** FLOP *** [6c Ad 5h]
fe6f81bd: checks
971e4473: checks
*** TURN *** [6c Ad 5h] [3s]
fe6f81bd: checks
971e4473: checks
*** RIVER *** [6c Ad 5h 3s] [Qd]
fe6f81bd: checks
971e4473: bets $0.23
fe6f81bd: folds
Uncalled bet ($0.23) returned to 971e4473
*** SHOWDOWN ***
971e4473 collected $0.43 from pot
*** SUMMARY ***
Total pot $0.45 | Rake $0.02 | Jackpot $0 | Bingo $0 | Fortune $0 | Tax $0
Board [6c Ad 5h 3s Qd]
Seat 1: 971e4473 won ($0.43)
Seat 2: 8b310611 folded before Flop (didn't bet)
Seat 3: Hero folded before Flop (didn't bet)
Seat 4: af5eaa34 (button) folded before Flop (didn't bet)
Seat 5: a3696106 (small blind) folded before Flop
Seat 6: fe6f81bd (big blind) folded on the River


Poker Hand #HD1819173022: Hold'em No Limit ($0.05/$0.1) - 2024/06/17 12:25:14
Table 'NLHRed19' 6-max Seat #3 is the button
Seat 1: 971e4473 ($5.38 in chips)
Seat 2: 8b310611 ($10.15 in chips)
Seat 3: Hero ($11.73 in chips)
Seat 4: af5eaa34 ($29.91 in chips)
Seat 5: a3696106 ($6.41 in chips)
Seat 6: fe6f81bd ($10.2 in chips)
af5eaa34: posts small blind $0.05
a3696106: posts big blind $0.1
*** HOLE CARDS ***
Dealt to 971e4473 
Dealt to 8b310611 
Dealt to Hero [Kc 6h]
Dealt to af5eaa34 
Dealt to a3696106 
Dealt to fe6f81bd 
fe6f81bd: folds
971e4473: folds
8b310611: folds
Hero: folds
af5eaa34: folds
Uncalled bet ($0.05) returned to a3696106
*** SHOWDOWN ***
a3696106 collected $0.1 from pot
*** SUMMARY ***
Total pot $0.1 | Rake $0 | Jackpot $0 | Bingo $0 | Fortune $0 | Tax $0
Seat 1: 971e4473 folded before Flop (didn't bet)
Seat 2: 8b310611 folded before Flop (didn't bet)
Seat 3: Hero (button) folded before Flop (didn't bet)
Seat 4: af5eaa34 (small blind) folded before Flop
Seat 5: a3696106 (big blind) collected ($0.1)
Seat 6: fe6f81bd folded before Flop (didn't bet)


Poker Hand #HD1819172995: Hold'em No Limit ($0.05/$0.1) - 2024/06/17 12:24:57
Table 'NLHRed19' 6-max Seat #2 is the button
Seat 1: 971e4473 ($5.38 in chips)
Seat 2: 8b310611 ($10 in chips)
Seat 3: Hero ($11.78 in chips)
Seat 4: af5eaa34 ($30.01 in chips)
Seat 5: a3696106 ($6.41 in chips)
Seat 6: fe6f81bd ($10.2 in chips)
Hero: posts small blind $0.05
af5eaa34: posts big blind $0.1
*** HOLE CARDS ***
Dealt to 971e4473 
Dealt to 8b310611 
Dealt to Hero [Qd 5h]
Dealt to af5eaa34 
Dealt to a3696106 
Dealt to fe6f81bd 
a3696106: folds
fe6f81bd: folds
971e4473: folds
8b310611: raises $0.15 to $0.25
Hero: folds
af5eaa34: folds
Uncalled bet ($0.15) returned to 8b310611
*** SHOWDOWN ***
8b310611 collected $0.25 from pot
*** SUMMARY ***
Total pot $0.25 | Rake $0 | Jackpot $0 | Bingo $0 | Fortune $0 | Tax $0
Seat 1: 971e4473 folded before Flop (didn't bet)
Seat 2: 8b310611 (button) collected ($0.25)
Seat 3: Hero (small blind) folded before Flop
Seat 4: af5eaa34 (big blind) folded before Flop
Seat 5: a3696106 folded before Flop (didn't bet)
Seat 6: fe6f81bd folded before Flop (didn't bet)


Poker Hand #HD1819172979: Hold'em No Limit ($0.05/$0.1) - 2024/06/17 12:24:44
Table 'NLHRed19' 6-max Seat #1 is the button
Seat 1: 971e4473 ($5.38 in chips)
Seat 2: 8b310611 ($10 in chips)
Seat 3: Hero ($11.73 in chips)
Seat 4: af5eaa34 ($30.01 in chips)
Seat 5: a3696106 ($6.41 in chips)
Seat 6: fe6f81bd ($10.2 in chips)
8b310611: posts small blind $0.05
Hero: posts big blind $0.1
*** HOLE CARDS ***
Dealt to 971e4473 
Dealt to 8b310611 
Dealt to Hero [8s Jc]
Dealt to af5eaa34 
Dealt to a3696106 
Dealt to fe6f81bd 
af5eaa34: folds
a3696106: folds
fe6f81bd: folds
971e4473: folds
8b310611: folds
Uncalled bet ($0.05) returned to Hero
*** SHOWDOWN ***
Hero collected $0.1 from pot
*** SUMMARY ***
Total pot $0.1 | Rake $0 | Jackpot $0 | Bingo $0 | Fortune $0 | Tax $0
Seat 1: 971e4473 (button) folded before Flop (didn't bet)
Seat 2: 8b310611 (small blind) folded before Flop
Seat 3: Hero (big blind) collected ($0.1)
Seat 4: af5eaa34 folded before Flop (didn't bet)
Seat 5: a3696106 folded before Flop (didn't bet)
Seat 6: fe6f81bd folded before Flop (didn't bet)


Poker Hand #HD1819172944: Hold'em No Limit ($0.05/$0.1) - 2024/06/17 12:24:30
Table 'NLHRed19' 6-max Seat #6 is the button
Seat 1: 971e4473 ($5.43 in chips)
Seat 2: 8b310611 ($10 in chips)
Seat 3: Hero ($11.58 in chips)
Seat 4: af5eaa34 ($30.01 in chips)
Seat 5: a3696106 ($6.41 in chips)
Seat 6: fe6f81bd ($10.2 in chips)
971e4473: posts small blind $0.05
8b310611: posts big blind $0.1
*** HOLE CARDS ***
Dealt to 971e4473 
Dealt to 8b310611 
Dealt to Hero [Js Kd]
Dealt to af5eaa34 
Dealt to a3696106 
Dealt to fe6f81bd 
Hero: raises $0.1 to $0.2
af5eaa34: folds
a3696106: folds
fe6f81bd: folds
971e4473: folds
8b310611: folds
Uncalled bet ($0.1) returned to Hero
*** SHOWDOWN ***
Hero collected $0.25 from pot
*** SUMMARY ***
Total pot $0.25 | Rake $0 | Jackpot $0 | Bingo $0 | Fortune $0 | Tax $0
Seat 1: 971e4473 (small blind) folded before Flop
Seat 2: 8b310611 (big blind) folded before Flop
Seat 3: Hero collected ($0.25)
Seat 4: af5eaa34 folded before Flop (didn't bet)
Seat 5: a3696106 folded before Flop (didn't bet)
Seat 6: fe6f81bd (button) folded before Flop (didn't bet)


Poker Hand #HD1819172917: Hold'em No Limit ($0.05/$0.1) - 2024/06/17 12:24:15
Table 'NLHRed19' 6-max Seat #5 is the button
Seat 1: 971e4473 ($5.53 in chips)
Seat 2: 8b310611 ($10 in chips)
Seat 3: Hero ($11.58 in chips)
Seat 4: af5eaa34 ($29.86 in chips)
Seat 5: a3696106 ($6.41 in chips)
Seat 6: fe6f81bd ($10.25 in chips)
fe6f81bd: posts small blind $0.05
971e4473: posts big blind $0.1
*** HOLE CARDS ***
Dealt to 971e4473 
Dealt to 8b310611 
Dealt to Hero [2s Qd]
Dealt to af5eaa34 
Dealt to a3696106 
Dealt to fe6f81bd 
8b310611: folds
Hero: folds
af5eaa34: raises $0.1 to $0.2
a3696106: folds
fe6f81bd: folds
971e4473: folds
Uncalled bet ($0.1) returned to af5eaa34
*** SHOWDOWN ***
af5eaa34 collected $0.25 from pot
*** SUMMARY ***
Total pot $0.25 | Rake $0 | Jackpot $0 | Bingo $0 | Fortune $0 | Tax $0
Seat 1: 971e4473 (big blind) folded before Flop
Seat 2: 8b310611 folded before Flop (didn't bet)
Seat 3: Hero folded before Flop (didn't bet)
Seat 4: af5eaa34 collected ($0.25)
Seat 5: a3696106 (button) folded before Flop (didn't bet)
Seat 6: fe6f81bd (small blind) folded before Flop


Poker Hand #HD1819172791: Hold'em No Limit ($0.05/$0.1) - 2024/06/17 12:23:04
Table 'NLHRed19' 6-max Seat #4 is the button
Seat 1: 971e4473 ($5.53 in chips)
Seat 2: 8b310611 ($10 in chips)
Seat 3: Hero ($11.58 in chips)
Seat 4: af5eaa34 ($30.88 in chips)
Seat 5: a3696106 ($6.46 in chips)
Seat 6: fe6f81bd ($9.28 in chips)
a3696106: posts small blind $0.05
fe6f81bd: posts big blind $0.1
*** HOLE CARDS ***
Dealt to 971e4473 
Dealt to 8b310611 
Dealt to Hero [Jc 4d]
Dealt to af5eaa34 
Dealt to a3696106 
Dealt to fe6f81bd 
971e4473: folds
8b310611: folds
Hero: folds
af5eaa34: raises $0.12 to $0.22
a3696106: folds
fe6f81bd: calls $0.12
*** FLOP *** [7c Kc 8s]
fe6f81bd: checks
af5eaa34: bets $0.17
fe6f81bd: calls $0.17
*** TURN *** [7c Kc 8s] [Td]
fe6f81bd: checks
af5eaa34: bets $0.63
fe6f81bd: calls $0.63
*** RIVER *** [7c Kc 8s Td] [5h]
fe6f81bd: checks
af5eaa34: checks
fe6f81bd: shows [Kd Qd] (Pair of Kings)
af5eaa34: shows [Qs Jd] (King-High)
*** SHOWDOWN ***
fe6f81bd collected $1.99 from pot
*** SUMMARY ***
Total pot $2.09 | Rake $0.1 | Jackpot $0 | Bingo $0 | Fortune $0 | Tax $0
Board [7c Kc 8s Td 5h]
Seat 1: 971e4473 folded before Flop (didn't bet)
Seat 2: 8b310611 folded before Flop (didn't bet)
Seat 3: Hero folded before Flop (didn't bet)
Seat 4: af5eaa34 (button) showed [Qs Jd] and lost with King-High
Seat 5: a3696106 (small blind) folded before Flop
Seat 6: fe6f81bd (big blind) showed [Kd Qd] and won ($1.99) with Pair of Kings


Poker Hand #HD1819172722: Hold'em No Limit ($0.05/$0.1) - 2024/06/17 12:22:25
Table 'NLHRed19' 6-max Seat #3 is the button
Seat 1: 971e4473 ($5.78 in chips)
Seat 2: 8b310611 ($10.1 in chips)
Seat 3: Hero ($10.61 in chips)
Seat 4: af5eaa34 ($30.93 in chips)
Seat 5: a3696106 ($6.56 in chips)
Seat 6: fe6f81bd ($9.28 in chips)
af5eaa34: posts small blind $0.05
a3696106: posts big blind $0.1
*** HOLE CARDS ***
Dealt to 971e4473 
Dealt to 8b310611 
Dealt to Hero [Js Jh]
Dealt to af5eaa34 
Dealt to a3696106 
Dealt to fe6f81bd 
fe6f81bd: folds
971e4473: raises $0.15 to $0.25
8b310611: raises $0.4 to $0.65
Hero: raises $1.15 to $1.8
af5eaa34: folds
a3696106: folds
971e4473: folds
8b310611: folds
Uncalled bet ($1.15) returned to Hero
*** SHOWDOWN ***
Hero collected $1.62 from pot
*** SUMMARY ***
Total pot $1.7 | Rake $0.08 | Jackpot $0 | Bingo $0 | Fortune $0 | Tax $0
Seat 1: 971e4473 folded before Flop
Seat 2: 8b310611 folded before Flop
Seat 3: Hero (button) collected ($1.62)
Seat 4: af5eaa34 (small blind) folded before Flop
Seat 5: a3696106 (big blind) folded before Flop
Seat 6: fe6f81bd folded before Flop (didn't bet)


Poker Hand #HD1819172663: Hold'em No Limit ($0.05/$0.1) - 2024/06/17 12:21:50
Table 'NLHRed19' 6-max Seat #2 is the button
Seat 1: 971e4473 ($5.78 in chips)
Seat 2: 8b310611 ($10.1 in chips)
Seat 3: Hero ($10.91 in chips)
Seat 4: af5eaa34 ($30.66 in chips)
Seat 5: a3696106 ($6.56 in chips)
Seat 6: fe6f81bd ($9.28 in chips)
Hero: posts small blind $0.05
af5eaa34: posts big blind $0.1
*** HOLE CARDS ***
Dealt to 971e4473 
Dealt to 8b310611 
Dealt to Hero [Jh 9d]
Dealt to af5eaa34 
Dealt to a3696106 
Dealt to fe6f81bd 
a3696106: folds
fe6f81bd: folds
971e4473: folds
8b310611: folds
Hero: raises $0.2 to $0.3
af5eaa34: calls $0.2
*** FLOP *** [Ks Kc 4s]
Hero: checks
af5eaa34: bets $0.2
Hero: folds
Uncalled bet ($0.2) returned to af5eaa34
*** SHOWDOWN ***
af5eaa34 collected $0.57 from pot
*** SUMMARY ***
Total pot $0.6 | Rake $0.03 | Jackpot $0 | Bingo $0 | Fortune $0 | Tax $0
Board [Ks Kc 4s]
Seat 1: 971e4473 folded before Flop (didn't bet)
Seat 2: 8b310611 (button) folded before Flop (didn't bet)
Seat 3: Hero (small blind) folded on the Flop
Seat 4: af5eaa34 (big blind) won ($0.57)
Seat 5: a3696106 folded before Flop (didn't bet)
Seat 6: fe6f81bd folded before Flop (didn't bet)


Poker Hand #HD1819172636: Hold'em No Limit ($0.05/$0.1) - 2024/06/17 12:21:37
Table 'NLHRed19' 6-max Seat #1 is the button
Seat 1: 971e4473 ($5.78 in chips)
Seat 2: 8b310611 ($10 in chips)
Seat 3: Hero ($11.01 in chips)
Seat 4: af5eaa34 ($30.66 in chips)
Seat 5: a3696106 ($6.56 in chips)
Seat 6: fe6f81bd ($9.28 in chips)
8b310611: posts small blind $0.05
Hero: posts big blind $0.1
*** HOLE CARDS ***
Dealt to 971e4473 
Dealt to 8b310611 
Dealt to Hero [7s 8c]
Dealt to af5eaa34 
Dealt to a3696106 
Dealt to fe6f81bd 
af5eaa34: folds
a3696106: folds
fe6f81bd: folds
971e4473: folds
8b310611: raises $0.2 to $0.3
Hero: folds
Uncalled bet ($0.2) returned to 8b310611
*** SHOWDOWN ***
8b310611 collected $0.2 from pot
*** SUMMARY ***
Total pot $0.2 | Rake $0 | Jackpot $0 | Bingo $0 | Fortune $0 | Tax $0
Seat 1: 971e4473 (button) folded before Flop (didn't bet)
Seat 2: 8b310611 (small blind) collected ($0.2)
Seat 3: Hero (big blind) folded before Flop
Seat 4: af5eaa34 folded before Flop (didn't bet)
Seat 5: a3696106 folded before Flop (didn't bet)
Seat 6: fe6f81bd folded before Flop (didn't bet)


Poker Hand #HD1819172622: Hold'em No Limit ($0.05/$0.1) - 2024/06/17 12:21:25
Table 'NLHRed19' 6-max Seat #6 is the button
Seat 1: 971e4473 ($5.83 in chips)
Seat 2: 8b310611 ($10 in chips)
Seat 3: Hero ($10.86 in chips)
Seat 4: af5eaa34 ($30.66 in chips)
Seat 5: a3696106 ($6.56 in chips)
Seat 6: fe6f81bd ($9.28 in chips)
971e4473: posts small blind $0.05
8b310611: posts big blind $0.1
*** HOLE CARDS ***
Dealt to 971e4473 
Dealt to 8b310611 
Dealt to Hero [7d 7c]
Dealt to af5eaa34 
Dealt to a3696106 
Dealt to fe6f81bd 
Hero: raises $0.1 to $0.2
af5eaa34: folds
a3696106: folds
fe6f81bd: folds
971e4473: folds
8b310611: folds
Uncalled bet ($0.1) returned to Hero
*** SHOWDOWN ***
Hero collected $0.25 from pot
*** SUMMARY ***
Total pot $0.25 | Rake $0 | Jackpot $0 | Bingo $0 | Fortune $0 | Tax $0
Seat 1: 971e4473 (small blind) folded before Flop
Seat 2: 8b310611 (big blind) folded before Flop
Seat 3: Hero collected ($0.25)
Seat 4: af5eaa34 folded before Flop (didn't bet)
Seat 5: a3696106 folded before Flop (didn't bet)
Seat 6: fe6f81bd (button) folded before Flop (didn't bet)


Poker Hand #HD1819172508: Hold'em No Limit ($0.05/$0.1) - 2024/06/17 12:20:25
Table 'NLHRed19' 6-max Seat #5 is the button
Seat 1: 971e4473 ($5.24 in chips)
Seat 2: 8b310611 ($10.15 in chips)
Seat 3: Hero ($10.86 in chips)
Seat 4: af5eaa34 ($30.66 in chips)
Seat 5: a3696106 ($6.56 in chips)
Seat 6: fe6f81bd ($9.33 in chips)
fe6f81bd: posts small blind $0.05
971e4473: posts big blind $0.1
*** HOLE CARDS ***
Dealt to 971e4473 
Dealt to 8b310611 
Dealt to Hero [5c 4c]
Dealt to af5eaa34 
Dealt to a3696106 
Dealt to fe6f81bd 
8b310611: raises $0.15 to $0.25
Hero: folds
af5eaa34: folds
a3696106: folds
fe6f81bd: folds
971e4473: calls $0.15
*** FLOP *** [Tc 8d 9c]
971e4473: checks
8b310611: bets $0.35
971e4473: calls $0.35
*** TURN *** [Tc 8d 9c] [7c]
971e4473: checks
8b310611: checks
*** RIVER *** [Tc 8d 9c 7c] [9s]
971e4473: checks
8b310611: checks
971e4473: shows [Qc 6c] (Queen High Flush)
8b310611: shows [Ad Td] (Pair of Tens and Pair of Nines)
*** SHOWDOWN ***
971e4473 collected $1.19 from pot
*** SUMMARY ***
Total pot $1.25 | Rake $0.06 | Jackpot $0 | Bingo $0 | Fortune $0 | Tax $0
Board [Tc 8d 9c 7c 9s]
Seat 1: 971e4473 (big blind) showed [Qc 6c] and won ($1.19) with Queen High Flush
Seat 2: 8b310611 showed [Ad Td] and lost with Pair of Tens and Pair of Nines
Seat 3: Hero folded before Flop (didn't bet)
Seat 4: af5eaa34 folded before Flop (didn't bet)
Seat 5: a3696106 (button) folded before Flop (didn't bet)
Seat 6: fe6f81bd (small blind) folded before Flop


Poker Hand #HD1819172470: Hold'em No Limit ($0.05/$0.1) - 2024/06/17 12:20:08
Table 'NLHRed19' 6-max Seat #4 is the button
Seat 1: 971e4473 ($5.24 in chips)
Seat 2: 8b310611 ($10 in chips)
Seat 3: Hero ($10.86 in chips)
Seat 4: af5eaa34 ($30.66 in chips)
Seat 5: a3696106 ($6.61 in chips)
Seat 6: fe6f81bd ($9.43 in chips)
a3696106: posts small blind $0.05
fe6f81bd: posts big blind $0.1
*** HOLE CARDS ***
Dealt to 971e4473 
Dealt to 8b310611 
Dealt to Hero [Ac 4d]
Dealt to af5eaa34 
Dealt to a3696106 
Dealt to fe6f81bd 
971e4473: folds
8b310611: raises $0.15 to $0.25
Hero: folds
af5eaa34: folds
a3696106: folds
fe6f81bd: folds
Uncalled bet ($0.15) returned to 8b310611
*** SHOWDOWN ***
8b310611 collected $0.25 from pot
*** SUMMARY ***
Total pot $0.25 | Rake $0 | Jackpot $0 | Bingo $0 | Fortune $0 | Tax $0
Seat 1: 971e4473 folded before Flop (didn't bet)
Seat 2: 8b310611 collected ($0.25)
Seat 3: Hero folded before Flop (didn't bet)
Seat 4: af5eaa34 (button) folded before Flop (didn't bet)
Seat 5: a3696106 (small blind) folded before Flop
Seat 6: fe6f81bd (big blind) folded before Flop


Poker Hand #HD1819172430: Hold'em No Limit ($0.05/$0.1) - 2024/06/17 12:19:39
Table 'NLHRed19' 6-max Seat #3 is the button
Seat 1: 971e4473 ($5.24 in chips)
Seat 2: 8b310611 ($10 in chips)
Seat 3: Hero ($10.86 in chips)
Seat 4: af5eaa34 ($30.34 in chips)
Seat 5: a3696106 ($6.71 in chips)
Seat 6: fe6f81bd ($9.68 in chips)
af5eaa34: posts small blind $0.05
a3696106: posts big blind $0.1
*** HOLE CARDS ***
Dealt to 971e4473 
Dealt to 8b310611 
Dealt to Hero [2c 6c]
Dealt to af5eaa34 
Dealt to a3696106 
Dealt to fe6f81bd 
fe6f81bd: raises $0.15 to $0.25
971e4473: folds
8b310611: folds
Hero: folds
af5eaa34: raises $0.85 to $1.1
a3696106: folds
fe6f81bd: folds
Uncalled bet ($0.85) returned to af5eaa34
*** SHOWDOWN ***
af5eaa34 collected $0.57 from pot
*** SUMMARY ***
Total pot $0.6 | Rake $0.03 | Jackpot $0 | Bingo $0 | Fortune $0 | Tax $0
Seat 1: 971e4473 folded before Flop (didn't bet)
Seat 2: 8b310611 folded before Flop (didn't bet)
Seat 3: Hero (button) folded before Flop (didn't bet)
Seat 4: af5eaa34 (small blind) collected ($0.57)
Seat 5: a3696106 (big blind) folded before Flop
Seat 6: fe6f81bd folded before Flop


Poker Hand #HD1819172373: Hold'em No Limit ($0.05/$0.1) - 2024/06/17 12:19:09
Table 'NLHRed19' 6-max Seat #2 is the button
Seat 1: 971e4473 ($5.24 in chips)
Seat 2: 8b310611 ($10 in chips)
Seat 3: Hero ($10.59 in chips)
Seat 4: af5eaa34 ($30.64 in chips)
Seat 5: a3696106 ($6.71 in chips)
Seat 6: fe6f81bd ($9.68 in chips)
Hero: posts small blind $0.05
af5eaa34: posts big blind $0.1
*** HOLE CARDS ***
Dealt to 971e4473 
Dealt to 8b310611 
Dealt to Hero [7s Ad]
Dealt to af5eaa34 
Dealt to a3696106 
Dealt to fe6f81bd 
a3696106: folds
fe6f81bd: folds
971e4473: folds
8b310611: folds
Hero: raises $0.2 to $0.3
af5eaa34: calls $0.2
*** FLOP *** [3c 8s 6h]
Hero: bets $0.2
af5eaa34: folds
Uncalled bet ($0.2) returned to Hero
*** SHOWDOWN ***
Hero collected $0.57 from pot
*** SUMMARY ***
Total pot $0.6 | Rake $0.03 | Jackpot $0 | Bingo $0 | Fortune $0 | Tax $0
Board [3c 8s 6h]
Seat 1: 971e4473 folded before Flop (didn't bet)
Seat 2: 8b310611 (button) folded before Flop (didn't bet)
Seat 3: Hero (small blind) won ($0.57)
Seat 4: af5eaa34 (big blind) folded on the Flop
Seat 5: a3696106 folded before Flop (didn't bet)
Seat 6: fe6f81bd folded before Flop (didn't bet)


Poker Hand #HD1819172347: Hold'em No Limit ($0.05/$0.1) - 2024/06/17 12:18:59
Table 'NLHRed19' 6-max Seat #1 is the button
Seat 1: 971e4473 ($5.09 in chips)
Seat 2: 8b310611 ($10 in chips)
Seat 3: Hero ($10.69 in chips)
Seat 4: af5eaa34 ($30.64 in chips)
Seat 5: a3696106 ($6.71 in chips)
Seat 6: fe6f81bd ($9.68 in chips)
8b310611: posts small blind $0.05
Hero: posts big blind $0.1
*** HOLE CARDS ***
Dealt to 971e4473 
Dealt to 8b310611 
Dealt to Hero [3d Kh]
Dealt to af5eaa34 
Dealt to a3696106 
Dealt to fe6f81bd 
af5eaa34: folds
a3696106: folds
fe6f81bd: folds
971e4473: raises $0.2 to $0.3
8b310611: folds
Hero: folds
Uncalled bet ($0.2) returned to 971e4473
*** SHOWDOWN ***
971e4473 collected $0.25 from pot
*** SUMMARY ***
Total pot $0.25 | Rake $0 | Jackpot $0 | Bingo $0 | Fortune $0 | Tax $0
Seat 1: 971e4473 (button) collected ($0.25)
Seat 2: 8b310611 (small blind) folded before Flop
Seat 3: Hero (big blind) folded before Flop
Seat 4: af5eaa34 folded before Flop (didn't bet)
Seat 5: a3696106 folded before Flop (didn't bet)
Seat 6: fe6f81bd folded before Flop (didn't bet)


Poker Hand #HD1819172284: Hold'em No Limit ($0.05/$0.1) - 2024/06/17 12:18:21
Table 'NLHRed19' 6-max Seat #6 is the button
Seat 1: 971e4473 ($5.14 in chips)
Seat 2: 8b310611 ($10 in chips)
Seat 3: Hero ($10.69 in chips)
Seat 4: af5eaa34 ($30.22 in chips)
Seat 5: a3696106 ($6.91 in chips)
Seat 6: fe6f81bd ($9.68 in chips)
971e4473: posts small blind $0.05
8b310611: posts big blind $0.1
*** HOLE CARDS ***
Dealt to 971e4473 
Dealt to 8b310611 
Dealt to Hero [2h Qh]
Dealt to af5eaa34 
Dealt to a3696106 
Dealt to fe6f81bd 
Hero: folds
af5eaa34: raises $0.1 to $0.2
a3696106: calls $0.2
fe6f81bd: folds
971e4473: folds
8b310611: calls $0.1
*** FLOP *** [9h 2d 8c]
8b310611: checks
af5eaa34: bets $0.49
a3696106: folds
8b310611: folds
Uncalled bet ($0.49) returned to af5eaa34
*** SHOWDOWN ***
af5eaa34 collected $0.62 from pot
*** SUMMARY ***
Total pot $0.65 | Rake $0.03 | Jackpot $0 | Bingo $0 | Fortune $0 | Tax $0
Board [9h 2d 8c]
Seat 1: 971e4473 (small blind) folded before Flop
Seat 2: 8b310611 (big blind) folded on the Flop
Seat 3: Hero folded before Flop (didn't bet)
Seat 4: af5eaa34 won ($0.62)
Seat 5: a3696106 folded on the Flop
Seat 6: fe6f81bd (button) folded before Flop (didn't bet)


Poker Hand #HD1819172182: Hold'em No Limit ($0.05/$0.1) - 2024/06/17 12:17:22
Table 'NLHRed19' 6-max Seat #5 is the button
Seat 1: 971e4473 ($5.64 in chips)
Seat 3: Hero ($10 in chips)
Seat 4: af5eaa34 ($30.42 in chips)
Seat 5: a3696106 ($6.91 in chips)
Seat 6: fe6f81bd ($9.73 in chips)
fe6f81bd: posts small blind $0.05
971e4473: posts big blind $0.1
*** HOLE CARDS ***
Dealt to 971e4473 
Dealt to Hero [Ac Td]
Dealt to af5eaa34 
Dealt to a3696106 
Dealt to fe6f81bd 
Hero: raises $0.1 to $0.2
af5eaa34: calls $0.2
a3696106: folds
fe6f81bd: folds
971e4473: calls $0.1
*** FLOP *** [5d 7s As]
971e4473: checks
Hero: bets $0.3
af5eaa34: folds
971e4473: calls $0.3
*** TURN *** [5d 7s As] [Ts]
971e4473: checks
Hero: checks
*** RIVER *** [5d 7s As Ts] [8c]
971e4473: checks
Hero: bets $0.83
971e4473: folds
Uncalled bet ($0.83) returned to Hero
*** SHOWDOWN ***
Hero collected $1.19 from pot
*** SUMMARY ***
Total pot $1.25 | Rake $0.06 | Jackpot $0 | Bingo $0 | Fortune $0 | Tax $0
Board [5d 7s As Ts 8c]
Seat 1: 971e4473 (big blind) folded on the River
Seat 3: Hero won ($1.19)
Seat 4: af5eaa34 folded on the Flop
Seat 5: a3696106 (button) folded before Flop (didn't bet)
Seat 6: fe6f81bd (small blind) folded before Flop


Poker Hand #HD1819172120: Hold'em No Limit ($0.05/$0.1) - 2024/06/17 12:16:51
Table 'NLHRed19' 6-max Seat #4 is the button
Seat 1: 971e4473 ($5.49 in chips)
Seat 3: Hero ($10 in chips)
Seat 4: af5eaa34 ($30.42 in chips)
Seat 5: a3696106 ($6.96 in chips)
Seat 6: fe6f81bd ($9.83 in chips)
a3696106: posts small blind $0.05
fe6f81bd: posts big blind $0.1
*** HOLE CARDS ***
Dealt to 971e4473 
Dealt to Hero [6h Th]
Dealt to af5eaa34 
Dealt to a3696106 
Dealt to fe6f81bd 
971e4473: raises $0.1 to $0.2
Hero: folds
af5eaa34: folds
a3696106: folds
fe6f81bd: folds
Uncalled bet ($0.1) returned to 971e4473
*** SHOWDOWN ***
971e4473 collected $0.25 from pot
*** SUMMARY ***
Total pot $0.25 | Rake $0 | Jackpot $0 | Bingo $0 | Fortune $0 | Tax $0
Seat 1: 971e4473 collected ($0.25)
Seat 3: Hero folded before Flop (didn't bet)
Seat 4: af5eaa34 (button) folded before Flop (didn't bet)
Seat 5: a3696106 (small blind) folded before Flop
Seat 6: fe6f81bd (big blind) folded before Flop


Poker Hand #HD1819172104: Hold'em No Limit ($0.05/$0.1) - 2024/06/17 12:16:39
Table 'NLHRed19' 6-max Seat #3 is the button
Seat 1: 971e4473 ($5.49 in chips)
Seat 3: Hero ($10 in chips)
Seat 4: af5eaa34 ($30.32 in chips)
Seat 5: a3696106 ($7.06 in chips)
Seat 6: fe6f81bd ($9.83 in chips)
af5eaa34: posts small blind $0.05
a3696106: posts big blind $0.1
*** HOLE CARDS ***
Dealt to 971e4473 
Dealt to Hero [8c Qh]
Dealt to af5eaa34 
Dealt to a3696106 
Dealt to fe6f81bd 
fe6f81bd: folds
971e4473: folds
Hero: folds
af5eaa34: raises $0.2 to $0.3
a3696106: folds
Uncalled bet ($0.2) returned to af5eaa34
*** SHOWDOWN ***
af5eaa34 collected $0.2 from pot
*** SUMMARY ***
Total pot $0.2 | Rake $0 | Jackpot $0 | Bingo $0 | Fortune $0 | Tax $0
Seat 1: 971e4473 folded before Flop (didn't bet)
Seat 3: Hero (button) folded before Flop (didn't bet)
Seat 4: af5eaa34 (small blind) collected ($0.2)
Seat 5: a3696106 (big blind) folded before Flop
Seat 6: fe6f81bd folded before Flop (didn't bet)


Poker Hand #HD1819172022: Hold'em No Limit ($0.05/$0.1) - 2024/06/17 12:15:52
Table 'NLHRed19' 6-max Seat #1 is the button
Seat 1: 971e4473 ($6.56 in chips)
Seat 3: Hero ($10.05 in chips)
Seat 4: af5eaa34 ($29.31 in chips)
Seat 5: a3696106 ($7.06 in chips)
Seat 6: fe6f81bd ($9.83 in chips)
Hero: posts small blind $0.05
af5eaa34: posts big blind $0.1
*** HOLE CARDS ***
Dealt to 971e4473 
Dealt to Hero [9h 7h]
Dealt to af5eaa34 
Dealt to a3696106 
Dealt to fe6f81bd 
a3696106: folds
fe6f81bd: folds
971e4473: raises $0.2 to $0.3
Hero: folds
af5eaa34: calls $0.2
*** FLOP *** [Kc Kh Ks]
af5eaa34: bets $0.22
971e4473: raises $0.55 to $0.77
af5eaa34: calls $0.55
*** TURN *** [Kc Kh Ks] [7s]
af5eaa34: checks
971e4473: checks
*** RIVER *** [Kc Kh Ks 7s] [4s]
af5eaa34: checks
971e4473: checks
af5eaa34: shows [6s 6h] (Kings Full over Sixes)
971e4473: shows [Ad 9c] (Three Kings)
*** SHOWDOWN ***
af5eaa34 collected $2.08 from pot
*** SUMMARY ***
Total pot $2.19 | Rake $0.11 | Jackpot $0 | Bingo $0 | Fortune $0 | Tax $0
Board [Kc Kh Ks 7s 4s]
Seat 1: 971e4473 (button) showed [Ad 9c] and lost with Three Kings
Seat 3: Hero (small blind) folded before Flop
Seat 4: af5eaa34 (big blind) showed [6s 6h] and won ($2.08) with Kings Full over Sixes
Seat 5: a3696106 folded before Flop (didn't bet)
Seat 6: fe6f81bd folded before Flop (didn't bet)


Poker Hand #HD1819172005: Hold'em No Limit ($0.05/$0.1) - 2024/06/17 12:15:40
Table 'NLHRed19' 6-max Seat #6 is the button
Seat 1: 971e4473 ($6.61 in chips)
Seat 3: Hero ($10 in chips)
Seat 4: af5eaa34 ($29.31 in chips)
Seat 5: a3696106 ($7.06 in chips)
Seat 6: fe6f81bd ($9.83 in chips)
971e4473: posts small blind $0.05
Hero: posts big blind $0.1
*** HOLE CARDS ***
Dealt to 971e4473 
Dealt to Hero [Qd Ks]
Dealt to af5eaa34 
Dealt to a3696106 
Dealt to fe6f81bd 
af5eaa34: folds
a3696106: folds
fe6f81bd: folds
971e4473: folds
Uncalled bet ($0.05) returned to Hero
*** SHOWDOWN ***
Hero collected $0.1 from pot
*** SUMMARY ***
Total pot $0.1 | Rake $0 | Jackpot $0 | Bingo $0 | Fortune $0 | Tax $0
Seat 1: 971e4473 (small blind) folded before Flop
Seat 3: Hero (big blind) collected ($0.1)
Seat 4: af5eaa34 folded before Flop (didn't bet)
Seat 5: a3696106 folded before Flop (didn't bet)
Seat 6: fe6f81bd (button) folded before Flop (didn't bet)


Poker Hand #HD1819171965: Hold'em No Limit ($0.05/$0.1) - 2024/06/17 12:15:25
Table 'NLHRed19' 6-max Seat #5 is the button
Seat 1: 971e4473 ($6.56 in chips)
Seat 2: bdf17d87 ($2.89 in chips)
Seat 3: Hero ($10 in chips)
Seat 4: af5eaa34 ($29.31 in chips)
Seat 5: a3696106 ($7.06 in chips)
Seat 6: fe6f81bd ($9.88 in chips)
fe6f81bd: posts small blind $0.05
971e4473: posts big blind $0.1
*** HOLE CARDS ***
Dealt to 971e4473 
Dealt to bdf17d87 
Dealt to Hero [Js 3s]
Dealt to af5eaa34 
Dealt to a3696106 
Dealt to fe6f81bd 
bdf17d87: folds
Hero: folds
af5eaa34: folds
a3696106: folds
fe6f81bd: folds
Uncalled bet ($0.05) returned to 971e4473
*** SHOWDOWN ***
971e4473 collected $0.1 from pot
*** SUMMARY ***
Total pot $0.1 | Rake $0 | Jackpot $0 | Bingo $0 | Fortune $0 | Tax $0
Seat 1: 971e4473 (big blind) collected ($0.1)
Seat 2: bdf17d87 folded before Flop (didn't bet)
Seat 3: Hero folded before Flop (didn't bet)
Seat 4: af5eaa34 folded before Flop (didn't bet)
Seat 5: a3696106 (button) folded before Flop (didn't bet)
Seat 6: fe6f81bd (small blind) folded before Flop


Poker Hand #HD1819171909: Hold'em No Limit ($0.05/$0.1) - 2024/06/17 12:14:50
Table 'NLHRed19' 6-max Seat #4 is the button
Seat 1: 971e4473 ($6.56 in chips)
Seat 2: bdf17d87 ($2.89 in chips)
Seat 3: Hero ($10 in chips)
Seat 4: af5eaa34 ($29.06 in chips)
Seat 5: a3696106 ($7.11 in chips)
Seat 6: fe6f81bd ($10.1 in chips)
a3696106: posts small blind $0.05
fe6f81bd: posts big blind $0.1
*** HOLE CARDS ***
Dealt to 971e4473 
Dealt to bdf17d87 
Dealt to Hero [Qs 7d]
Dealt to af5eaa34 
Dealt to a3696106 
Dealt to fe6f81bd 
971e4473: folds
bdf17d87: folds
Hero: folds
af5eaa34: raises $0.12 to $0.22
a3696106: folds
fe6f81bd: calls $0.12
*** FLOP *** [9h 6d Qc]
fe6f81bd: checks
af5eaa34: bets $0.17
fe6f81bd: folds
Uncalled bet ($0.17) returned to af5eaa34
*** SHOWDOWN ***
af5eaa34 collected $0.47 from pot
*** SUMMARY ***
Total pot $0.49 | Rake $0.02 | Jackpot $0 | Bingo $0 | Fortune $0 | Tax $0
Board [9h 6d Qc]
Seat 1: 971e4473 folded before Flop (didn't bet)
Seat 2: bdf17d87 folded before Flop (didn't bet)
Seat 3: Hero folded before Flop (didn't bet)
Seat 4: af5eaa34 (button) won ($0.47)
Seat 5: a3696106 (small blind) folded before Flop
Seat 6: fe6f81bd (big blind) folded on the Flop


Poker Hand #HD1819171877: Hold'em No Limit ($0.05/$0.1) - 2024/06/17 12:14:35
Table 'NLHRed19' 6-max Seat #3 is the button
Seat 1: 971e4473 ($6.56 in chips)
Seat 2: bdf17d87 ($2.89 in chips)
Seat 3: Hero ($10 in chips)
Seat 4: af5eaa34 ($29.11 in chips)
Seat 5: a3696106 ($7.21 in chips)
Seat 6: fe6f81bd ($9.95 in chips)
af5eaa34: posts small blind $0.05
a3696106: posts big blind $0.1
*** HOLE CARDS ***
Dealt to 971e4473 
Dealt to bdf17d87 
Dealt to Hero [4c 3d]
Dealt to af5eaa34 
Dealt to a3696106 
Dealt to fe6f81bd 
fe6f81bd: raises $0.15 to $0.25
971e4473: folds
bdf17d87: folds
Hero: folds
af5eaa34: folds
a3696106: folds
Uncalled bet ($0.15) returned to fe6f81bd
*** SHOWDOWN ***
fe6f81bd collected $0.25 from pot
*** SUMMARY ***
Total pot $0.25 | Rake $0 | Jackpot $0 | Bingo $0 | Fortune $0 | Tax $0
Seat 1: 971e4473 folded before Flop (didn't bet)
Seat 2: bdf17d87 folded before Flop (didn't bet)
Seat 3: Hero (button) folded before Flop (didn't bet)
Seat 4: af5eaa34 (small blind) folded before Flop
Seat 5: a3696106 (big blind) folded before Flop
Seat 6: fe6f81bd collected ($0.25)


Poker Hand #HD1819171728: Hold'em No Limit ($0.05/$0.1) - 2024/06/17 12:13:08
Table 'NLHRed19' 6-max Seat #2 is the button
Seat 1: 971e4473 ($6.56 in chips)
Seat 2: bdf17d87 ($2.89 in chips)
Seat 3: Hero ($10.07 in chips)
Seat 4: af5eaa34 ($28.57 in chips)
Seat 5: a3696106 ($7.21 in chips)
Seat 6: fe6f81bd ($9.95 in chips)
Hero: posts small blind $0.05
af5eaa34: posts big blind $0.1
*** HOLE CARDS ***
Dealt to 971e4473 
Dealt to bdf17d87 
Dealt to Hero [Tc 9d]
Dealt to af5eaa34 
Dealt to a3696106 
Dealt to fe6f81bd 
a3696106: folds
fe6f81bd: folds
971e4473: folds
bdf17d87: folds
Hero: raises $0.2 to $0.3
af5eaa34: calls $0.2
*** FLOP *** [7h 8d Qh]
Hero: checks
af5eaa34: checks
*** TURN *** [7h 8d Qh] [Ks]
Hero: bets $0.3
af5eaa34: calls $0.3
*** RIVER *** [7h 8d Qh Ks] [3s]
Hero: checks
af5eaa34: bets $0.4
Hero: folds
Uncalled bet ($0.4) returned to af5eaa34
*** SHOWDOWN ***
af5eaa34 collected $1.14 from pot
*** SUMMARY ***
Total pot $1.2 | Rake $0.06 | Jackpot $0 | Bingo $0 | Fortune $0 | Tax $0
Board [7h 8d Qh Ks 3s]
Seat 1: 971e4473 folded before Flop (didn't bet)
Seat 2: bdf17d87 (button) folded before Flop (didn't bet)
Seat 3: Hero (small blind) folded on the River
Seat 4: af5eaa34 (big blind) won ($1.14)
Seat 5: a3696106 folded before Flop (didn't bet)
Seat 6: fe6f81bd folded before Flop (didn't bet)


Poker Hand #HD1819171706: Hold'em No Limit ($0.05/$0.1) - 2024/06/17 12:12:59
Table 'NLHRed19' 6-max Seat #1 is the button
Seat 1: 971e4473 ($6.41 in chips)
Seat 2: bdf17d87 ($2.94 in chips)
Seat 3: Hero ($10.17 in chips)
Seat 4: af5eaa34 ($28.57 in chips)
Seat 5: a3696106 ($7.21 in chips)
Seat 6: fe6f81bd ($9.95 in chips)
bdf17d87: posts small blind $0.05
Hero: posts big blind $0.1
*** HOLE CARDS ***
Dealt to 971e4473 
Dealt to bdf17d87 
Dealt to Hero [2c 4d]
Dealt to af5eaa34 
Dealt to a3696106 
Dealt to fe6f81bd 
af5eaa34: folds
a3696106: folds
fe6f81bd: folds
971e4473: raises $0.2 to $0.3
bdf17d87: folds
Hero: folds
Uncalled bet ($0.2) returned to 971e4473
*** SHOWDOWN ***
971e4473 collected $0.25 from pot
*** SUMMARY ***
Total pot $0.25 | Rake $0 | Jackpot $0 | Bingo $0 | Fortune $0 | Tax $0
Seat 1: 971e4473 (button) collected ($0.25)
Seat 2: bdf17d87 (small blind) folded before Flop
Seat 3: Hero (big blind) folded before Flop
Seat 4: af5eaa34 folded before Flop (didn't bet)
Seat 5: a3696106 folded before Flop (didn't bet)
Seat 6: fe6f81bd folded before Flop (didn't bet)


Poker Hand #HD1819171638: Hold'em No Limit ($0.05/$0.1) - 2024/06/17 12:12:20
Table 'NLHRed19' 6-max Seat #6 is the button
Seat 1: 971e4473 ($6.46 in chips)
Seat 2: bdf17d87 ($2.34 in chips)
Seat 3: Hero ($10.37 in chips)
Seat 4: af5eaa34 ($28.57 in chips)
Seat 5: a3696106 ($7.21 in chips)
Seat 6: fe6f81bd ($10.35 in chips)
971e4473: posts small blind $0.05
bdf17d87: posts big blind $0.1
*** HOLE CARDS ***
Dealt to 971e4473 
Dealt to bdf17d87 
Dealt to Hero [As Js]
Dealt to af5eaa34 
Dealt to a3696106 
Dealt to fe6f81bd 
Hero: raises $0.1 to $0.2
af5eaa34: folds
a3696106: folds
fe6f81bd: raises $0.2 to $0.4
971e4473: folds
bdf17d87: raises $1.94 to $2.34 and is all-in
Hero: folds
fe6f81bd: folds
Uncalled bet ($1.94) returned to bdf17d87
bdf17d87: shows [Kh Kd]
*** SHOWDOWN ***
bdf17d87 collected $1 from pot
*** SUMMARY ***
Total pot $1.05 | Rake $0.05 | Jackpot $0 | Bingo $0 | Fortune $0 | Tax $0
Seat 1: 971e4473 (small blind) folded before Flop
Seat 2: bdf17d87 (big blind) showed [Kh Kd] and collected ($1)
Seat 3: Hero folded before Flop
Seat 4: af5eaa34 folded before Flop (didn't bet)
Seat 5: a3696106 folded before Flop (didn't bet)
Seat 6: fe6f81bd (button) folded before Flop


Poker Hand #HD1819171531: Hold'em No Limit ($0.05/$0.1) - 2024/06/17 12:11:20
Table 'NLHRed19' 6-max Seat #5 is the button
Seat 1: 971e4473 ($6.51 in chips)
Seat 2: bdf17d87 ($2.34 in chips)
Seat 3: Hero ($10.37 in chips)
Seat 4: af5eaa34 ($28.57 in chips)
Seat 5: a3696106 ($7.21 in chips)
Seat 6: fe6f81bd ($10.4 in chips)
fe6f81bd: posts small blind $0.05
971e4473: posts big blind $0.1
*** HOLE CARDS ***
Dealt to 971e4473 
Dealt to bdf17d87 
Dealt to Hero [Ks 6d]
Dealt to af5eaa34 
Dealt to a3696106 
Dealt to fe6f81bd 
bdf17d87: folds
Hero: folds
af5eaa34: folds
a3696106: folds
fe6f81bd: raises $0.1 to $0.2
971e4473: calls $0.1
*** FLOP *** [Kh 3c Qd]
fe6f81bd: checks
971e4473: bets $0.3
fe6f81bd: calls $0.3
*** TURN *** [Kh 3c Qd] [Jc]
fe6f81bd: checks
971e4473: checks
*** RIVER *** [Kh 3c Qd Jc] [5d]
fe6f81bd: checks
971e4473: bets $0.5
fe6f81bd: calls $0.5
971e4473: shows [Qc Td] (Pair of Queens)
fe6f81bd: shows [Th Qh] (Pair of Queens)
*** SHOWDOWN ***
fe6f81bd collected $0.95 from pot
971e4473 collected $0.95 from pot
*** SUMMARY ***
Total pot $2 | Rake $0.1 | Jackpot $0 | Bingo $0 | Fortune $0 | Tax $0
Board [Kh 3c Qd Jc 5d]
Seat 1: 971e4473 (big blind) showed [Qc Td] and won ($0.95) with Pair of Queens
Seat 2: bdf17d87 folded before Flop (didn't bet)
Seat 3: Hero folded before Flop (didn't bet)
Seat 4: af5eaa34 folded before Flop (didn't bet)
Seat 5: a3696106 (button) folded before Flop (didn't bet)
Seat 6: fe6f81bd (small blind) showed [Th Qh] and won ($0.95) with Pair of Queens


Poker Hand #HD1819171487: Hold'em No Limit ($0.05/$0.1) - 2024/06/17 12:10:57
Table 'NLHRed19' 6-max Seat #4 is the button
Seat 1: 971e4473 ($6.51 in chips)
Seat 2: bdf17d87 ($2.34 in chips)
Seat 3: Hero ($10.37 in chips)
Seat 4: af5eaa34 ($28.42 in chips)
Seat 5: a3696106 ($7.26 in chips)
Seat 6: fe6f81bd ($10.5 in chips)
a3696106: posts small blind $0.05
fe6f81bd: posts big blind $0.1
*** HOLE CARDS ***
Dealt to 971e4473 
Dealt to bdf17d87 
Dealt to Hero [4h 5c]
Dealt to af5eaa34 
Dealt to a3696106 
Dealt to fe6f81bd 
971e4473: folds
bdf17d87: folds
Hero: folds
af5eaa34: raises $0.12 to $0.22
a3696106: folds
fe6f81bd: folds
Uncalled bet ($0.12) returned to af5eaa34
*** SHOWDOWN ***
af5eaa34 collected $0.25 from pot
*** SUMMARY ***
Total pot $0.25 | Rake $0 | Jackpot $0 | Bingo $0 | Fortune $0 | Tax $0
Seat 1: 971e4473 folded before Flop (didn't bet)
Seat 2: bdf17d87 folded before Flop (didn't bet)
Seat 3: Hero folded before Flop (didn't bet)
Seat 4: af5eaa34 (button) collected ($0.25)
Seat 5: a3696106 (small blind) folded before Flop
Seat 6: fe6f81bd (big blind) folded before Flop


Poker Hand #HD1819171461: Hold'em No Limit ($0.05/$0.1) - 2024/06/17 12:10:41
Table 'NLHRed19' 6-max Seat #3 is the button
Seat 1: 971e4473 ($6.51 in chips)
Seat 2: bdf17d87 ($2.34 in chips)
Seat 3: Hero ($10.37 in chips)
Seat 4: af5eaa34 ($28.47 in chips)
Seat 5: a3696106 ($7.36 in chips)
Seat 6: fe6f81bd ($10.35 in chips)
af5eaa34: posts small blind $0.05
a3696106: posts big blind $0.1
*** HOLE CARDS ***
Dealt to 971e4473 
Dealt to bdf17d87 
Dealt to Hero [6h 7s]
Dealt to af5eaa34 
Dealt to a3696106 
Dealt to fe6f81bd 
fe6f81bd: raises $0.15 to $0.25
971e4473: folds
bdf17d87: folds
Hero: folds
af5eaa34: folds
a3696106: folds
Uncalled bet ($0.15) returned to fe6f81bd
*** SHOWDOWN ***
fe6f81bd collected $0.25 from pot
*** SUMMARY ***
Total pot $0.25 | Rake $0 | Jackpot $0 | Bingo $0 | Fortune $0 | Tax $0
Seat 1: 971e4473 folded before Flop (didn't bet)
Seat 2: bdf17d87 folded before Flop (didn't bet)
Seat 3: Hero (button) folded before Flop (didn't bet)
Seat 4: af5eaa34 (small blind) folded before Flop
Seat 5: a3696106 (big blind) folded before Flop
Seat 6: fe6f81bd collected ($0.25)


Poker Hand #HD1819171416: Hold'em No Limit ($0.05/$0.1) - 2024/06/17 12:10:20
Table 'NLHRed19' 6-max Seat #2 is the button
Seat 1: 971e4473 ($6.76 in chips)
Seat 2: bdf17d87 ($2.34 in chips)
Seat 3: Hero ($10.05 in chips)
Seat 4: af5eaa34 ($28.57 in chips)
Seat 5: a3696106 ($7.36 in chips)
Seat 6: fe6f81bd ($10.35 in chips)
Hero: posts small blind $0.05
af5eaa34: posts big blind $0.1
*** HOLE CARDS ***
Dealt to 971e4473 
Dealt to bdf17d87 
Dealt to Hero [Js Ac]
Dealt to af5eaa34 
Dealt to a3696106 
Dealt to fe6f81bd 
a3696106: folds
fe6f81bd: folds
971e4473: raises $0.15 to $0.25
bdf17d87: folds
Hero: raises $0.95 to $1.2
af5eaa34: folds
971e4473: folds
Uncalled bet ($0.95) returned to Hero
*** SHOWDOWN ***
Hero collected $0.57 from pot
*** SUMMARY ***
Total pot $0.6 | Rake $0.03 | Jackpot $0 | Bingo $0 | Fortune $0 | Tax $0
Seat 1: 971e4473 folded before Flop
Seat 2: bdf17d87 (button) folded before Flop (didn't bet)
Seat 3: Hero (small blind) collected ($0.57)
Seat 4: af5eaa34 (big blind) folded before Flop
Seat 5: a3696106 folded before Flop (didn't bet)
Seat 6: fe6f81bd folded before Flop (didn't bet)


Poker Hand #HD1819171382: Hold'em No Limit ($0.05/$0.1) - 2024/06/17 12:10:00
Table 'NLHRed19' 6-max Seat #1 is the button
Seat 1: 971e4473 ($6.76 in chips)
Seat 2: bdf17d87 ($2.39 in chips)
Seat 3: Hero ($10 in chips)
Seat 4: af5eaa34 ($28.57 in chips)
Seat 5: a3696106 ($7.36 in chips)
Seat 6: fe6f81bd ($10.35 in chips)
bdf17d87: posts small blind $0.05
Hero: posts big blind $0.1
*** HOLE CARDS ***
Dealt to 971e4473 
Dealt to bdf17d87 
Dealt to Hero [2c Td]
Dealt to af5eaa34 
Dealt to a3696106 
Dealt to fe6f81bd 
af5eaa34: folds
a3696106: folds
fe6f81bd: folds
971e4473: folds
bdf17d87: folds
Uncalled bet ($0.05) returned to Hero
*** SHOWDOWN ***
Hero collected $0.1 from pot
*** SUMMARY ***
Total pot $0.1 | Rake $0 | Jackpot $0 | Bingo $0 | Fortune $0 | Tax $0
Seat 1: 971e4473 (button) folded before Flop (didn't bet)
Seat 2: bdf17d87 (small blind) folded before Flop
Seat 3: Hero (big blind) collected ($0.1)
Seat 4: af5eaa34 folded before Flop (didn't bet)
Seat 5: a3696106 folded before Flop (didn't bet)
Seat 6: fe6f81bd folded before Flop (didn't bet)


Poker Hand #HD1819171294: Hold'em No Limit ($0.05/$0.1) - 2024/06/17 12:09:08
Table 'NLHRed19' 6-max Seat #6 is the button
Seat 1: 971e4473 ($6.81 in chips)
Seat 2: bdf17d87 ($2.59 in chips)
Seat 3: Hero ($10.1 in chips)
Seat 4: af5eaa34 ($28.57 in chips)
Seat 5: a3696106 ($6.94 in chips)
Seat 6: fe6f81bd ($10.35 in chips)
971e4473: posts small blind $0.05
bdf17d87: posts big blind $0.1
*** HOLE CARDS ***
Dealt to 971e4473 
Dealt to bdf17d87 
Dealt to Hero [Td Ts]
Dealt to af5eaa34 
Dealt to a3696106 
Dealt to fe6f81bd 
Hero: raises $0.1 to $0.2
af5eaa34: folds
a3696106: calls $0.2
fe6f81bd: folds
971e4473: folds
bdf17d87: calls $0.1
*** FLOP *** [5c Js Ah]
bdf17d87: checks
Hero: checks
a3696106: bets $0.4
bdf17d87: folds
Hero: folds
Uncalled bet ($0.4) returned to a3696106
*** SHOWDOWN ***
a3696106 collected $0.62 from pot
*** SUMMARY ***
Total pot $0.65 | Rake $0.03 | Jackpot $0 | Bingo $0 | Fortune $0 | Tax $0
Board [5c Js Ah]
Seat 1: 971e4473 (small blind) folded before Flop
Seat 2: bdf17d87 (big blind) folded on the Flop
Seat 3: Hero folded on the Flop
Seat 4: af5eaa34 folded before Flop (didn't bet)
Seat 5: a3696106 won ($0.62)
Seat 6: fe6f81bd (button) folded before Flop (didn't bet)


Poker Hand #HD1819171280: Hold'em No Limit ($0.05/$0.1) - 2024/06/17 12:08:58
Table 'NLHRed19' 6-max Seat #5 is the button
Seat 1: 971e4473 ($6.91 in chips)
Seat 2: bdf17d87 ($2.59 in chips)
Seat 3: Hero ($10.1 in chips)
Seat 4: af5eaa34 ($28.42 in chips)
Seat 5: a3696106 ($6.94 in chips)
Seat 6: fe6f81bd ($10.4 in chips)
fe6f81bd: posts small blind $0.05
971e4473: posts big blind $0.1
*** HOLE CARDS ***
Dealt to 971e4473 
Dealt to bdf17d87 
Dealt to Hero [2c Qc]
Dealt to af5eaa34 
Dealt to a3696106 
Dealt to fe6f81bd 
bdf17d87: folds
Hero: folds
af5eaa34: raises $0.1 to $0.2
a3696106: folds
fe6f81bd: folds
971e4473: folds
Uncalled bet ($0.1) returned to af5eaa34
*** SHOWDOWN ***
af5eaa34 collected $0.25 from pot
*** SUMMARY ***
Total pot $0.25 | Rake $0 | Jackpot $0 | Bingo $0 | Fortune $0 | Tax $0
Seat 1: 971e4473 (big blind) folded before Flop
Seat 2: bdf17d87 folded before Flop (didn't bet)
Seat 3: Hero folded before Flop (didn't bet)
Seat 4: af5eaa34 collected ($0.25)
Seat 5: a3696106 (button) folded before Flop (didn't bet)
Seat 6: fe6f81bd (small blind) folded before Flop


Poker Hand #HD1819171173: Hold'em No Limit ($0.05/$0.1) - 2024/06/17 12:07:59
Table 'NLHRed19' 6-max Seat #4 is the button
Seat 2: bdf17d87 ($2.59 in chips)
Seat 3: Hero ($10.1 in chips)
Seat 4: af5eaa34 ($28.81 in chips)
Seat 5: a3696106 ($6.99 in chips)
Seat 6: fe6f81bd ($10 in chips)
a3696106: posts small blind $0.05
fe6f81bd: posts big blind $0.1
*** HOLE CARDS ***
Dealt to bdf17d87 
Dealt to Hero [6c Kc]
Dealt to af5eaa34 
Dealt to a3696106 
Dealt to fe6f81bd 
bdf17d87: folds
Hero: folds
af5eaa34: raises $0.12 to $0.22
a3696106: folds
fe6f81bd: calls $0.12
*** FLOP *** [As Ac 8s]
fe6f81bd: checks
af5eaa34: bets $0.17
fe6f81bd: calls $0.17
*** TURN *** [As Ac 8s] [2d]
fe6f81bd: checks
af5eaa34: checks
*** RIVER *** [As Ac 8s 2d] [5d]
fe6f81bd: bets $0.5
af5eaa34: folds
Uncalled bet ($0.5) returned to fe6f81bd
*** SHOWDOWN ***
fe6f81bd collected $0.79 from pot
*** SUMMARY ***
Total pot $0.83 | Rake $0.04 | Jackpot $0 | Bingo $0 | Fortune $0 | Tax $0
Board [As Ac 8s 2d 5d]
Seat 2: bdf17d87 folded before Flop (didn't bet)
Seat 3: Hero folded before Flop (didn't bet)
Seat 4: af5eaa34 (button) folded on the River
Seat 5: a3696106 (small blind) folded before Flop
Seat 6: fe6f81bd (big blind) won ($0.79)


Poker Hand #HD1819171153: Hold'em No Limit ($0.05/$0.1) - 2024/06/17 12:07:47
Table 'NLHRed19' 6-max Seat #3 is the button
Seat 2: bdf17d87 ($2.59 in chips)
Seat 3: Hero ($10.1 in chips)
Seat 4: af5eaa34 ($28.86 in chips)
Seat 5: a3696106 ($6.94 in chips)
af5eaa34: posts small blind $0.05
a3696106: posts big blind $0.1
*** HOLE CARDS ***
Dealt to bdf17d87 
Dealt to Hero [4h 7s]
Dealt to af5eaa34 
Dealt to a3696106 
bdf17d87: folds
Hero: folds
af5eaa34: folds
Uncalled bet ($0.05) returned to a3696106
*** SHOWDOWN ***
a3696106 collected $0.1 from pot
*** SUMMARY ***
Total pot $0.1 | Rake $0 | Jackpot $0 | Bingo $0 | Fortune $0 | Tax $0
Seat 2: bdf17d87 folded before Flop (didn't bet)
Seat 3: Hero (button) folded before Flop (didn't bet)
Seat 4: af5eaa34 (small blind) folded before Flop
Seat 5: a3696106 (big blind) collected ($0.1)


Poker Hand #HD1819171121: Hold'em No Limit ($0.05/$0.1) - 2024/06/17 12:07:28
Table 'NLHRed19' 6-max Seat #2 is the button
Seat 2: bdf17d87 ($2.59 in chips)
Seat 3: Hero ($10 in chips)
Seat 4: af5eaa34 ($28.96 in chips)
Seat 5: 8394b8f2 ($10.3 in chips)
Hero: posts small blind $0.05
af5eaa34: posts big blind $0.1
*** HOLE CARDS ***
Dealt to bdf17d87 
Dealt to Hero [Kd Ts]
Dealt to af5eaa34 
Dealt to 8394b8f2 
8394b8f2: folds
bdf17d87: folds
Hero: raises $0.2 to $0.3
af5eaa34: folds
Uncalled bet ($0.2) returned to Hero
*** SHOWDOWN ***
Hero collected $0.2 from pot
*** SUMMARY ***
Total pot $0.2 | Rake $0 | Jackpot $0 | Bingo $0 | Fortune $0 | Tax $0
Seat 2: bdf17d87 (button) folded before Flop (didn't bet)
Seat 3: Hero (small blind) collected ($0.2)
Seat 4: af5eaa34 (big blind) folded before Flop
Seat 5: 8394b8f2 folded before Flop (didn't bet)


Poker Hand #HD1819171042: Hold'em No Limit ($0.05/$0.1) - 2024/06/17 12:06:43
Table 'NLHRed19' 6-max Seat #5 is the button
Seat 2: bdf17d87 ($2.5 in chips)
Seat 3: Hero ($10 in chips)
Seat 4: af5eaa34 ($28.96 in chips)
Seat 5: 8394b8f2 ($10.3 in chips)
bdf17d87: posts small blind $0.05
Hero: posts big blind $0.1
*** HOLE CARDS ***
Dealt to bdf17d87 
Dealt to Hero [Ts Kh]
Dealt to af5eaa34 
Dealt to 8394b8f2 
af5eaa34: folds
8394b8f2: folds
bdf17d87: calls $0.05
Hero: checks
*** FLOP *** [2h 8h 8s]
bdf17d87: checks
Hero: checks
*** TURN *** [2h 8h 8s] [Jc]
bdf17d87: checks
Hero: checks
*** RIVER *** [2h 8h 8s Jc] [5h]
bdf17d87: checks
Hero: checks
bdf17d87: shows [6s 2s] (Pair of Eights and Pair of Twos)
Hero: shows [Ts Kh] (Pair of Eights)
*** SHOWDOWN ***
bdf17d87 collected $0.19 from pot
*** SUMMARY ***
Total pot $0.2 | Rake $0.01 | Jackpot $0 | Bingo $0 | Fortune $0 | Tax $0
Board [2h 8h 8s Jc 5h]
Seat 2: bdf17d87 (small blind) showed [6s 2s] and won ($0.19) with Pair of Eights and Pair of Twos
Seat 3: Hero (big blind) showed [Ts Kh] and lost with Pair of Eights
Seat 4: af5eaa34 folded before Flop (didn't bet)
Seat 5: 8394b8f2 (button) folded before Flop (didn't bet)


Poker Hand #HD1819171004: Hold'em No Limit ($0.05/$0.1) - 2024/06/17 12:06:21
Table 'NLHRed19' 6-max Seat #4 is the button
Seat 2: bdf17d87 ($2.6 in chips)
Seat 3: Hero ($10 in chips)
Seat 4: af5eaa34 ($29.18 in chips)
Seat 5: 8394b8f2 ($10 in chips)
8394b8f2: posts small blind $0.05
bdf17d87: posts big blind $0.1
*** HOLE CARDS ***
Dealt to bdf17d87 
Dealt to Hero [6d Ah]
Dealt to af5eaa34 
Dealt to 8394b8f2 
Hero: folds
af5eaa34: raises $0.12 to $0.22
8394b8f2: raises $0.68 to $0.9
bdf17d87: folds
af5eaa34: folds
Uncalled bet ($0.68) returned to 8394b8f2
*** SHOWDOWN ***
8394b8f2 collected $0.52 from pot
*** SUMMARY ***
Total pot $0.54 | Rake $0.02 | Jackpot $0 | Bingo $0 | Fortune $0 | Tax $0
Seat 2: bdf17d87 (big blind) folded before Flop
Seat 3: Hero folded before Flop (didn't bet)
Seat 4: af5eaa34 (button) folded before Flop
Seat 5: 8394b8f2 (small blind) collected ($0.52)


Poker Hand #HD1819170968: Hold'em No Limit ($0.05/$0.1) - 2024/06/17 12:06:04
Table 'NLHRed19' 6-max Seat #3 is the button
Seat 2: bdf17d87 ($2.6 in chips)
Seat 3: Hero ($10 in chips)
Seat 4: af5eaa34 ($29.08 in chips)
Seat 5: 8394b8f2 ($10 in chips)
af5eaa34: posts small blind $0.05
8394b8f2: posts big blind $0.1
*** HOLE CARDS ***
Dealt to bdf17d87 
Dealt to Hero [8s 9c]
Dealt to af5eaa34 
Dealt to 8394b8f2 
bdf17d87: folds
Hero: folds
af5eaa34: raises $0.2 to $0.3
8394b8f2: folds
Uncalled bet ($0.2) returned to af5eaa34
*** SHOWDOWN ***
af5eaa34 collected $0.2 from pot
*** SUMMARY ***
Total pot $0.2 | Rake $0 | Jackpot $0 | Bingo $0 | Fortune $0 | Tax $0
Seat 2: bdf17d87 folded before Flop (didn't bet)
Seat 3: Hero (button) folded before Flop (didn't bet)
Seat 4: af5eaa34 (small blind) collected ($0.2)
Seat 5: 8394b8f2 (big blind) folded before Flop


Poker Hand #HD1819170957: Hold'em No Limit ($0.05/$0.1) - 2024/06/17 12:05:58
Table 'NLHRed19' 6-max Seat #2 is the button
Seat 2: bdf17d87 ($2.6 in chips)
Seat 3: Hero ($10 in chips)
Seat 4: af5eaa34 ($29.03 in chips)
Seat 5: 8394b8f2 ($10 in chips)
Hero: posts small blind $0.05
af5eaa34: posts big blind $0.1
*** HOLE CARDS ***
Dealt to bdf17d87 
Dealt to Hero [6c 2d]
Dealt to af5eaa34 
Dealt to 8394b8f2 
8394b8f2: folds
bdf17d87: folds
Hero: folds
Uncalled bet ($0.05) returned to af5eaa34
*** SHOWDOWN ***
af5eaa34 collected $0.1 from pot
*** SUMMARY ***
Total pot $0.1 | Rake $0 | Jackpot $0 | Bingo $0 | Fortune $0 | Tax $0
Seat 2: bdf17d87 (button) folded before Flop (didn't bet)
Seat 3: Hero (small blind) folded before Flop
Seat 4: af5eaa34 (big blind) collected ($0.1)
Seat 5: 8394b8f2 folded before Flop (didn't bet)


Poker Hand #HD1819170731: Hold'em No Limit ($0.05/$0.1) - 2024/06/17 12:03:50
Table 'NLHRed19' 6-max Seat #1 is the button
Seat 1: 2bac8b4c ($5.82 in chips)
Seat 2: bdf17d87 ($2.65 in chips)
Seat 3: Hero ($11.16 in chips)
Seat 4: af5eaa34 ($10.46 in chips)
Seat 5: 8394b8f2 ($10 in chips)
Seat 6: 6c3cdf2c ($3.32 in chips)
bdf17d87: posts small blind $0.05
Hero: posts big blind $0.1
*** HOLE CARDS ***
Dealt to 2bac8b4c 
Dealt to bdf17d87 
Dealt to Hero [Qd Qs]
Dealt to af5eaa34 
Dealt to 8394b8f2 
Dealt to 6c3cdf2c 
af5eaa34: raises $0.1 to $0.2
8394b8f2: folds
6c3cdf2c: calls $0.2
2bac8b4c: calls $0.2
bdf17d87: folds
Hero: raises $1.2 to $1.4
af5eaa34: calls $1.2
6c3cdf2c: raises $1.92 to $3.32 and is all-in
2bac8b4c: raises $2.5 to $5.82 and is all-in
Hero: raises $5.34 to $11.16 and is all-in
af5eaa34: calls $9.06 and is all-in
Uncalled bet ($0.7) returned to Hero
Hero: shows [Qd Qs]
af5eaa34: shows [Ks Ad]
6c3cdf2c: shows [Jd Jh]
2bac8b4c: shows [Tc Ah]
*** FLOP *** [3c 4s 4d]
*** TURN *** [3c 4s 4d] [9h]
*** RIVER *** [3c 4s 4d 9h] [Kh]
*** SHOWDOWN ***
af5eaa34 collected $12.81 from pot
af5eaa34 collected $7.26 from pot
af5eaa34 collected $8.96 from pot
*** SUMMARY ***
Total pot $30.11 | Rake $0.98 | Jackpot $0.1 | Bingo $0 | Fortune $0 | Tax $0
Board [3c 4s 4d 9h Kh]
Seat 1: 2bac8b4c (button) showed [Tc Ah] and lost with Pair of Fours
Seat 2: bdf17d87 (small blind) folded before Flop
Seat 3: Hero (big blind) showed [Qd Qs] and lost with Pair of Queens and Pair of Fours
Seat 4: af5eaa34 showed [Ks Ad] and won ($29.03) with Pair of Kings and Pair of Fours
Seat 5: 8394b8f2 folded before Flop (didn't bet)
Seat 6: 6c3cdf2c showed [Jd Jh] and lost with Pair of Jacks and Pair of Fours


Poker Hand #HD1819170633: Hold'em No Limit ($0.05/$0.1) - 2024/06/17 12:02:56
Table 'NLHRed19' 6-max Seat #6 is the button
Seat 1: 2bac8b4c ($5.87 in chips)
Seat 2: bdf17d87 ($2 in chips)
Seat 3: Hero ($11.16 in chips)
Seat 4: af5eaa34 ($10.46 in chips)
Seat 5: 8394b8f2 ($10 in chips)
Seat 6: 6c3cdf2c ($3.32 in chips)
2bac8b4c: posts small blind $0.05
bdf17d87: posts big blind $0.1
*** HOLE CARDS ***
Dealt to 2bac8b4c 
Dealt to bdf17d87 
Dealt to Hero [5s Qc]
Dealt to af5eaa34 
Dealt to 8394b8f2 
Dealt to 6c3cdf2c 
Hero: folds
af5eaa34: folds
8394b8f2: raises $0.15 to $0.25
6c3cdf2c: folds
2bac8b4c: folds
bdf17d87: calls $0.15
*** FLOP *** [8s 2s 5d]
bdf17d87: checks
8394b8f2: checks
*** TURN *** [8s 2s 5d] [Jd]
bdf17d87: bets $0.42
8394b8f2: calls $0.42
*** RIVER *** [8s 2s 5d Jd] [9h]
bdf17d87: bets $1.33 and is all-in
8394b8f2: folds
Uncalled bet ($1.33) returned to bdf17d87
*** SHOWDOWN ***
bdf17d87 collected $1.32 from pot
*** SUMMARY ***
Total pot $1.39 | Rake $0.07 | Jackpot $0 | Bingo $0 | Fortune $0 | Tax $0
Board [8s 2s 5d Jd 9h]
Seat 1: 2bac8b4c (small blind) folded before Flop
Seat 2: bdf17d87 (big blind) won ($1.32)
Seat 3: Hero folded before Flop (didn't bet)
Seat 4: af5eaa34 folded before Flop (didn't bet)
Seat 5: 8394b8f2 folded on the River
Seat 6: 6c3cdf2c (button) folded before Flop (didn't bet)


Poker Hand #HD1819170606: Hold'em No Limit ($0.05/$0.1) - 2024/06/17 12:02:39
Table 'NLHRed19' 6-max Seat #5 is the button
Seat 1: 2bac8b4c ($5.82 in chips)
Seat 3: Hero ($11.16 in chips)
Seat 4: af5eaa34 ($10.46 in chips)
Seat 5: 8394b8f2 ($10 in chips)
Seat 6: 6c3cdf2c ($3.37 in chips)
6c3cdf2c: posts small blind $0.05
2bac8b4c: posts big blind $0.1
*** HOLE CARDS ***
Dealt to 2bac8b4c 
Dealt to Hero [9h 7c]
Dealt to af5eaa34 
Dealt to 8394b8f2 
Dealt to 6c3cdf2c 
Hero: folds
af5eaa34: folds
8394b8f2: folds
6c3cdf2c: folds
Uncalled bet ($0.05) returned to 2bac8b4c
*** SHOWDOWN ***
2bac8b4c collected $0.1 from pot
*** SUMMARY ***
Total pot $0.1 | Rake $0 | Jackpot $0 | Bingo $0 | Fortune $0 | Tax $0
Seat 1: 2bac8b4c (big blind) collected ($0.1)
Seat 3: Hero folded before Flop (didn't bet)
Seat 4: af5eaa34 folded before Flop (didn't bet)
Seat 5: 8394b8f2 (button) folded before Flop (didn't bet)
Seat 6: 6c3cdf2c (small blind) folded before Flop


Poker Hand #HD1819170586: Hold'em No Limit ($0.05/$0.1) - 2024/06/17 12:02:30
Table 'NLHRed19' 6-max Seat #4 is the button
Seat 1: 2bac8b4c ($5.67 in chips)
Seat 3: Hero ($11.16 in chips)
Seat 4: af5eaa34 ($10.46 in chips)
Seat 5: 8394b8f2 ($10 in chips)
Seat 6: 6c3cdf2c ($3.47 in chips)
8394b8f2: posts small blind $0.05
6c3cdf2c: posts big blind $0.1
*** HOLE CARDS ***
Dealt to 2bac8b4c 
Dealt to Hero [5s Ts]
Dealt to af5eaa34 
Dealt to 8394b8f2 
Dealt to 6c3cdf2c 
2bac8b4c: raises $0.1 to $0.2
Hero: folds
af5eaa34: folds
8394b8f2: folds
6c3cdf2c: folds
Uncalled bet ($0.1) returned to 2bac8b4c
*** SHOWDOWN ***
2bac8b4c collected $0.25 from pot
*** SUMMARY ***
Total pot $0.25 | Rake $0 | Jackpot $0 | Bingo $0 | Fortune $0 | Tax $0
Seat 1: 2bac8b4c collected ($0.25)
Seat 3: Hero folded before Flop (didn't bet)
Seat 4: af5eaa34 (button) folded before Flop (didn't bet)
Seat 5: 8394b8f2 (small blind) folded before Flop
Seat 6: 6c3cdf2c (big blind) folded before Flop


Poker Hand #HD1819170413: Hold'em No Limit ($0.05/$0.1) - 2024/06/17 12:00:54
Table 'NLHRed19' 6-max Seat #3 is the button
Seat 1: 2bac8b4c ($5.67 in chips)
Seat 3: Hero ($10 in chips)
Seat 4: af5eaa34 ($11.64 in chips)
Seat 5: 8394b8f2 ($10 in chips)
Seat 6: 6c3cdf2c ($3.47 in chips)
af5eaa34: posts small blind $0.05
8394b8f2: posts big blind $0.1
*** HOLE CARDS ***
Dealt to 2bac8b4c 
Dealt to Hero [Jh Ad]
Dealt to af5eaa34 
Dealt to 8394b8f2 
Dealt to 6c3cdf2c 
6c3cdf2c: folds
2bac8b4c: folds
Hero: raises $0.14 to $0.24
af5eaa34: calls $0.19
8394b8f2: folds
*** FLOP *** [8c Ah 4d]
af5eaa34: bets $0.2
Hero: calls $0.2
*** TURN *** [8c Ah 4d] [6c]
af5eaa34: bets $0.74
Hero: calls $0.74
*** RIVER *** [8c Ah 4d 6c] [Kd]
af5eaa34: checks
Hero: checks
af5eaa34: shows [Ac 9d] (Pair of Aces)
Hero: shows [Jh Ad] (Pair of Aces)
*** SHOWDOWN ***
Hero collected $2.34 from pot
*** SUMMARY ***
Total pot $2.46 | Rake $0.12 | Jackpot $0 | Bingo $0 | Fortune $0 | Tax $0
Board [8c Ah 4d 6c Kd]
Seat 1: 2bac8b4c folded before Flop (didn't bet)
Seat 3: Hero (button) showed [Jh Ad] and won ($2.34) with Pair of Aces
Seat 4: af5eaa34 (small blind) showed [Ac 9d] and lost with Pair of Aces
Seat 5: 8394b8f2 (big blind) folded before Flop
Seat 6: 6c3cdf2c folded before Flop (didn't bet)


Poker Hand #HD1819170386: Hold'em No Limit ($0.05/$0.1) - 2024/06/17 12:00:40
Table 'NLHRed19' 6-max Seat #1 is the button
Seat 1: 2bac8b4c ($5.67 in chips)
Seat 2: 4a0c8c25 ($27.79 in chips)
Seat 3: Hero ($10 in chips)
Seat 4: af5eaa34 ($11.64 in chips)
Seat 5: 8394b8f2 ($10 in chips)
Seat 6: 6c3cdf2c ($3.32 in chips)
4a0c8c25: posts small blind $0.05
Hero: posts big blind $0.1
*** HOLE CARDS ***
Dealt to 2bac8b4c 
Dealt to 4a0c8c25 
Dealt to Hero [7s 3c]
Dealt to af5eaa34 
Dealt to 8394b8f2 
Dealt to 6c3cdf2c 
af5eaa34: folds
8394b8f2: folds
6c3cdf2c: raises $0.1 to $0.2
2bac8b4c: folds
4a0c8c25: folds
Hero: folds
Uncalled bet ($0.1) returned to 6c3cdf2c
*** SHOWDOWN ***
6c3cdf2c collected $0.25 from pot
*** SUMMARY ***
Total pot $0.25 | Rake $0 | Jackpot $0 | Bingo $0 | Fortune $0 | Tax $0
Seat 1: 2bac8b4c (button) folded before Flop (didn't bet)
Seat 2: 4a0c8c25 (small blind) folded before Flop
Seat 3: Hero (big blind) folded before Flop
Seat 4: af5eaa34 folded before Flop (didn't bet)
Seat 5: 8394b8f2 folded before Flop (didn't bet)
Seat 6: 6c3cdf2c collected ($0.25)


Poker Hand #HD1819170329: Hold'em No Limit ($0.05/$0.1) - 2024/06/17 12:00:09
Table 'NLHRed19' 6-max Seat #6 is the button
Seat 1: 2bac8b4c ($5.72 in chips)
Seat 2: 4a0c8c25 ($27.89 in chips)
Seat 3: Hero ($10 in chips)
Seat 4: af5eaa34 ($11.64 in chips)
Seat 5: 8394b8f2 ($10.1 in chips)
Seat 6: 6c3cdf2c ($2.95 in chips)
2bac8b4c: posts small blind $0.05
4a0c8c25: posts big blind $0.1
*** HOLE CARDS ***
Dealt to 2bac8b4c 
Dealt to 4a0c8c25 
Dealt to Hero [2c 5s]
Dealt to af5eaa34 
Dealt to 8394b8f2 
Dealt to 6c3cdf2c 
Hero: folds
af5eaa34: folds
8394b8f2: raises $0.15 to $0.25
6c3cdf2c: calls $0.25
2bac8b4c: folds
4a0c8c25: folds
*** FLOP *** [6h 8h 7h]
8394b8f2: checks
6c3cdf2c: bets $0.22
8394b8f2: folds
Uncalled bet ($0.22) returned to 6c3cdf2c
*** SHOWDOWN ***
6c3cdf2c collected $0.62 from pot
*** SUMMARY ***
Total pot $0.65 | Rake $0.03 | Jackpot $0 | Bingo $0 | Fortune $0 | Tax $0
Board [6h 8h 7h]
Seat 1: 2bac8b4c (small blind) folded before Flop
Seat 2: 4a0c8c25 (big blind) folded before Flop
Seat 3: Hero folded before Flop (didn't bet)
Seat 4: af5eaa34 folded before Flop (didn't bet)
Seat 5: 8394b8f2 folded on the Flop
Seat 6: 6c3cdf2c (button) won ($0.62)


Poker Hand #HD1819170207: Hold'em No Limit ($0.05/$0.1) - 2024/06/17 11:58:56
Table 'NLHRed19' 6-max Seat #5 is the button
Seat 1: 2bac8b4c ($8.22 in chips)
Seat 2: 4a0c8c25 ($27.89 in chips)
Seat 3: Hero ($10 in chips)
Seat 4: af5eaa34 ($9.1 in chips)
Seat 5: 8394b8f2 ($10.1 in chips)
Seat 6: 6c3cdf2c ($3.35 in chips)
6c3cdf2c: posts small blind $0.05
2bac8b4c: posts big blind $0.1
*** HOLE CARDS ***
Dealt to 2bac8b4c 
Dealt to 4a0c8c25 
Dealt to Hero [7d 4d]
Dealt to af5eaa34 
Dealt to 8394b8f2 
Dealt to 6c3cdf2c 
4a0c8c25: folds
Hero: folds
af5eaa34: raises $0.1 to $0.2
8394b8f2: folds
6c3cdf2c: calls $0.15
2bac8b4c: calls $0.1
*** FLOP *** [2h 8s 4s]
6c3cdf2c: bets $0.2
2bac8b4c: calls $0.2
af5eaa34: raises $0.6 to $0.8
6c3cdf2c: folds
2bac8b4c: calls $0.6
*** TURN *** [2h 8s 4s] [3h]
2bac8b4c: checks
af5eaa34: bets $1.5
2bac8b4c: calls $1.5
*** RIVER *** [2h 8s 4s 3h] [4c]
2bac8b4c: checks
af5eaa34: checks
2bac8b4c: shows [8h As] (Pair of Eights and Pair of Fours)
af5eaa34: shows [Jd Jc] (Pair of Jacks and Pair of Fours)
*** SHOWDOWN ***
af5eaa34 collected $5.04 from pot
*** SUMMARY ***
Total pot $5.4 | Rake $0.26 | Jackpot $0.1 | Bingo $0 | Fortune $0 | Tax $0
Board [2h 8s 4s 3h 4c]
Seat 1: 2bac8b4c (big blind) showed [8h As] and lost with Pair of Eights and Pair of Fours
Seat 2: 4a0c8c25 folded before Flop (didn't bet)
Seat 3: Hero folded before Flop (didn't bet)
Seat 4: af5eaa34 showed [Jd Jc] and won ($5.04) with Pair of Jacks and Pair of Fours
Seat 5: 8394b8f2 (button) folded before Flop (didn't bet)
Seat 6: 6c3cdf2c (small blind) folded on the Flop


Poker Hand #HD1819170176: Hold'em No Limit ($0.05/$0.1) - 2024/06/17 11:58:40
Table 'NLHRed19' 6-max Seat #4 is the button
Seat 1: 2bac8b4c ($8.22 in chips)
Seat 2: 4a0c8c25 ($27.89 in chips)
Seat 3: Hero ($10 in chips)
Seat 4: af5eaa34 ($9.1 in chips)
Seat 5: 8394b8f2 ($10 in chips)
Seat 6: 6c3cdf2c ($3.45 in chips)
8394b8f2: posts small blind $0.05
6c3cdf2c: posts big blind $0.1
*** HOLE CARDS ***
Dealt to 2bac8b4c 
Dealt to 4a0c8c25 
Dealt to Hero [7d Kc]
Dealt to af5eaa34 
Dealt to 8394b8f2 
Dealt to 6c3cdf2c 
2bac8b4c: folds
4a0c8c25: folds
Hero: folds
af5eaa34: folds
8394b8f2: raises $0.2 to $0.3
6c3cdf2c: folds
Uncalled bet ($0.2) returned to 8394b8f2
*** SHOWDOWN ***
8394b8f2 collected $0.2 from pot
*** SUMMARY ***
Total pot $0.2 | Rake $0 | Jackpot $0 | Bingo $0 | Fortune $0 | Tax $0
Seat 1: 2bac8b4c folded before Flop (didn't bet)
Seat 2: 4a0c8c25 folded before Flop (didn't bet)
Seat 3: Hero folded before Flop (didn't bet)
Seat 4: af5eaa34 (button) folded before Flop (didn't bet)
Seat 5: 8394b8f2 (small blind) collected ($0.2)
Seat 6: 6c3cdf2c (big blind) folded before Flop


Poker Hand #HD1819170057: Hold'em No Limit ($0.05/$0.1) - 2024/06/17 11:57:26
Table 'NLHRed19' 6-max Seat #3 is the button
Seat 1: 2bac8b4c ($9.42 in chips)
Seat 2: 4a0c8c25 ($26.38 in chips)
Seat 3: Hero ($10 in chips)
Seat 4: af5eaa34 ($9.15 in chips)
Seat 5: 8394b8f2 ($10.1 in chips)
Seat 6: 6c3cdf2c ($3.65 in chips)
af5eaa34: posts small blind $0.05
8394b8f2: posts big blind $0.1
*** HOLE CARDS ***
Dealt to 2bac8b4c 
Dealt to 4a0c8c25 
Dealt to Hero [5s Qh]
Dealt to af5eaa34 
Dealt to 8394b8f2 
Dealt to 6c3cdf2c 
6c3cdf2c: raises $0.1 to $0.2
2bac8b4c: calls $0.2
4a0c8c25: calls $0.2
Hero: folds
af5eaa34: folds
8394b8f2: calls $0.1
*** FLOP *** [Qd 2h Td]
8394b8f2: checks
6c3cdf2c: checks
2bac8b4c: bets $0.43
4a0c8c25: calls $0.43
8394b8f2: folds
6c3cdf2c: folds
*** TURN *** [Qd 2h Td] [Tc]
2bac8b4c: checks
4a0c8c25: bets $0.57
2bac8b4c: calls $0.57
*** RIVER *** [Qd 2h Td Tc] [4c]
2bac8b4c: checks
4a0c8c25: bets $2.14
2bac8b4c: folds
Uncalled bet ($2.14) returned to 4a0c8c25
*** SHOWDOWN ***
4a0c8c25 collected $2.71 from pot
*** SUMMARY ***
Total pot $2.85 | Rake $0.14 | Jackpot $0 | Bingo $0 | Fortune $0 | Tax $0
Board [Qd 2h Td Tc 4c]
Seat 1: 2bac8b4c folded on the River
Seat 2: 4a0c8c25 won ($2.71)
Seat 3: Hero (button) folded before Flop (didn't bet)
Seat 4: af5eaa34 (small blind) folded before Flop
Seat 5: 8394b8f2 (big blind) folded on the Flop
Seat 6: 6c3cdf2c folded on the Flop


Poker Hand #HD1819170035: Hold'em No Limit ($0.05/$0.1) - 2024/06/17 11:57:16
Table 'NLHRed19' 6-max Seat #2 is the button
Seat 1: 2bac8b4c ($9.42 in chips)
Seat 2: 4a0c8c25 ($26.38 in chips)
Seat 3: Hero ($10 in chips)
Seat 4: af5eaa34 ($9.1 in chips)
Seat 5: 8394b8f2 ($10.1 in chips)
Seat 6: 6c3cdf2c ($3.65 in chips)
Hero: posts small blind $0.05
af5eaa34: posts big blind $0.1
*** HOLE CARDS ***
Dealt to 2bac8b4c 
Dealt to 4a0c8c25 
Dealt to Hero [4s 2s]
Dealt to af5eaa34 
Dealt to 8394b8f2 
Dealt to 6c3cdf2c 
8394b8f2: folds
6c3cdf2c: folds
2bac8b4c: folds
4a0c8c25: folds
Hero: folds
Uncalled bet ($0.05) returned to af5eaa34
*** SHOWDOWN ***
af5eaa34 collected $0.1 from pot
*** SUMMARY ***
Total pot $0.1 | Rake $0 | Jackpot $0 | Bingo $0 | Fortune $0 | Tax $0
Seat 1: 2bac8b4c folded before Flop (didn't bet)
Seat 2: 4a0c8c25 (button) folded before Flop (didn't bet)
Seat 3: Hero (small blind) folded before Flop
Seat 4: af5eaa34 (big blind) collected ($0.1)
Seat 5: 8394b8f2 folded before Flop (didn't bet)
Seat 6: 6c3cdf2c folded before Flop (didn't bet)


Poker Hand #HD1819170017: Hold'em No Limit ($0.05/$0.1) - 2024/06/17 11:57:05
Table 'NLHRed19' 6-max Seat #1 is the button
Seat 1: 2bac8b4c ($9.27 in chips)
Seat 2: 4a0c8c25 ($26.43 in chips)
Seat 3: Hero ($10 in chips)
Seat 4: af5eaa34 ($9.1 in chips)
Seat 5: 8394b8f2 ($10.1 in chips)
Seat 6: 6c3cdf2c ($3.65 in chips)
4a0c8c25: posts small blind $0.05
Hero: posts big blind $0.1
*** HOLE CARDS ***
Dealt to 2bac8b4c 
Dealt to 4a0c8c25 
Dealt to Hero [5h 7s]
Dealt to af5eaa34 
Dealt to 8394b8f2 
Dealt to 6c3cdf2c 
af5eaa34: folds
8394b8f2: folds
6c3cdf2c: folds
2bac8b4c: raises $0.1 to $0.2
4a0c8c25: folds
Hero: folds
Uncalled bet ($0.1) returned to 2bac8b4c
*** SHOWDOWN ***
2bac8b4c collected $0.25 from pot
*** SUMMARY ***
Total pot $0.25 | Rake $0 | Jackpot $0 | Bingo $0 | Fortune $0 | Tax $0
Seat 1: 2bac8b4c (button) collected ($0.25)
Seat 2: 4a0c8c25 (small blind) folded before Flop
Seat 3: Hero (big blind) folded before Flop
Seat 4: af5eaa34 folded before Flop (didn't bet)
Seat 5: 8394b8f2 folded before Flop (didn't bet)
Seat 6: 6c3cdf2c folded before Flop (didn't bet)


Poker Hand #HD1819169980: Hold'em No Limit ($0.05/$0.1) - 2024/06/17 11:56:43
Table 'NLHRed19' 6-max Seat #6 is the button
Seat 1: 2bac8b4c ($9.32 in chips)
Seat 2: 4a0c8c25 ($26.38 in chips)
Seat 3: Hero ($10 in chips)
Seat 4: af5eaa34 ($9.1 in chips)
Seat 5: 8394b8f2 ($10.1 in chips)
Seat 6: 6c3cdf2c ($3.65 in chips)
2bac8b4c: posts small blind $0.05
4a0c8c25: posts big blind $0.1
*** HOLE CARDS ***
Dealt to 2bac8b4c 
Dealt to 4a0c8c25 
Dealt to Hero [Jh 5d]
Dealt to af5eaa34 
Dealt to 8394b8f2 
Dealt to 6c3cdf2c 
Hero: folds
af5eaa34: folds
8394b8f2: folds
6c3cdf2c: folds
2bac8b4c: folds
Uncalled bet ($0.05) returned to 4a0c8c25
*** SHOWDOWN ***
4a0c8c25 collected $0.1 from pot
*** SUMMARY ***
Total pot $0.1 | Rake $0 | Jackpot $0 | Bingo $0 | Fortune $0 | Tax $0
Seat 1: 2bac8b4c (small blind) folded before Flop
Seat 2: 4a0c8c25 (big blind) collected ($0.1)
Seat 3: Hero folded before Flop (didn't bet)
Seat 4: af5eaa34 folded before Flop (didn't bet)
Seat 5: 8394b8f2 folded before Flop (didn't bet)
Seat 6: 6c3cdf2c (button) folded before Flop (didn't bet)


Poker Hand #HD1819169855: Hold'em No Limit ($0.05/$0.1) - 2024/06/17 11:55:32
Table 'NLHRed19' 6-max Seat #5 is the button
Seat 1: 2bac8b4c ($9.42 in chips)
Seat 2: 4a0c8c25 ($26.38 in chips)
Seat 3: Hero ($10.14 in chips)
Seat 4: af5eaa34 ($9.1 in chips)
Seat 5: 8394b8f2 ($10.1 in chips)
Seat 6: 6c3cdf2c ($3.22 in chips)
6c3cdf2c: posts small blind $0.05
2bac8b4c: posts big blind $0.1
*** HOLE CARDS ***
Dealt to 2bac8b4c 
Dealt to 4a0c8c25 
Dealt to Hero [Td Kd]
Dealt to af5eaa34 
Dealt to 8394b8f2 
Dealt to 6c3cdf2c 
4a0c8c25: folds
Hero: raises $0.1 to $0.2
af5eaa34: folds
8394b8f2: folds
6c3cdf2c: calls $0.15
2bac8b4c: folds
*** FLOP *** [2h 9c Qh]
6c3cdf2c: bets $0.17
Hero: calls $0.17
*** TURN *** [2h 9c Qh] [6d]
6c3cdf2c: checks
Hero: checks
*** RIVER *** [2h 9c Qh 6d] [7d]
6c3cdf2c: bets $0.28
Hero: folds
Uncalled bet ($0.28) returned to 6c3cdf2c
*** SHOWDOWN ***
6c3cdf2c collected $0.8 from pot
*** SUMMARY ***
Total pot $0.84 | Rake $0.04 | Jackpot $0 | Bingo $0 | Fortune $0 | Tax $0
Board [2h 9c Qh 6d 7d]
Seat 1: 2bac8b4c (big blind) folded before Flop
Seat 2: 4a0c8c25 folded before Flop (didn't bet)
Seat 3: Hero folded on the River
Seat 4: af5eaa34 folded before Flop (didn't bet)
Seat 5: 8394b8f2 (button) folded before Flop (didn't bet)
Seat 6: 6c3cdf2c (small blind) won ($0.8)


Poker Hand #HD1819169826: Hold'em No Limit ($0.05/$0.1) - 2024/06/17 11:55:11
Table 'NLHRed19' 6-max Seat #4 is the button
Seat 1: 2bac8b4c ($9.42 in chips)
Seat 2: 4a0c8c25 ($26.38 in chips)
Seat 3: Hero ($10.14 in chips)
Seat 4: af5eaa34 ($9.1 in chips)
Seat 5: 8394b8f2 ($10 in chips)
Seat 6: 6c3cdf2c ($3.32 in chips)
8394b8f2: posts small blind $0.05
6c3cdf2c: posts big blind $0.1
*** HOLE CARDS ***
Dealt to 2bac8b4c 
Dealt to 4a0c8c25 
Dealt to Hero [5h Js]
Dealt to af5eaa34 
Dealt to 8394b8f2 
Dealt to 6c3cdf2c 
2bac8b4c: folds
4a0c8c25: folds
Hero: folds
af5eaa34: folds
8394b8f2: raises $0.2 to $0.3
6c3cdf2c: folds
Uncalled bet ($0.2) returned to 8394b8f2
*** SHOWDOWN ***
8394b8f2 collected $0.2 from pot
*** SUMMARY ***
Total pot $0.2 | Rake $0 | Jackpot $0 | Bingo $0 | Fortune $0 | Tax $0
Seat 1: 2bac8b4c folded before Flop (didn't bet)
Seat 2: 4a0c8c25 folded before Flop (didn't bet)
Seat 3: Hero folded before Flop (didn't bet)
Seat 4: af5eaa34 (button) folded before Flop (didn't bet)
Seat 5: 8394b8f2 (small blind) collected ($0.2)
Seat 6: 6c3cdf2c (big blind) folded before Flop


Poker Hand #HD1819169801: Hold'em No Limit ($0.05/$0.1) - 2024/06/17 11:54:58
Table 'NLHRed19' 6-max Seat #3 is the button
Seat 1: 2bac8b4c ($9.27 in chips)
Seat 2: 4a0c8c25 ($26.38 in chips)
Seat 3: Hero ($10.14 in chips)
Seat 4: af5eaa34 ($9.15 in chips)
Seat 5: 8394b8f2 ($10 in chips)
Seat 6: 6c3cdf2c ($3.32 in chips)
af5eaa34: posts small blind $0.05
8394b8f2: posts big blind $0.1
*** HOLE CARDS ***
Dealt to 2bac8b4c 
Dealt to 4a0c8c25 
Dealt to Hero [8d Th]
Dealt to af5eaa34 
Dealt to 8394b8f2 
Dealt to 6c3cdf2c 
6c3cdf2c: folds
2bac8b4c: raises $0.1 to $0.2
4a0c8c25: folds
Hero: folds
af5eaa34: folds
8394b8f2: folds
Uncalled bet ($0.1) returned to 2bac8b4c
*** SHOWDOWN ***
2bac8b4c collected $0.25 from pot
*** SUMMARY ***
Total pot $0.25 | Rake $0 | Jackpot $0 | Bingo $0 | Fortune $0 | Tax $0
Seat 1: 2bac8b4c collected ($0.25)
Seat 2: 4a0c8c25 folded before Flop (didn't bet)
Seat 3: Hero (button) folded before Flop (didn't bet)
Seat 4: af5eaa34 (small blind) folded before Flop
Seat 5: 8394b8f2 (big blind) folded before Flop
Seat 6: 6c3cdf2c folded before Flop (didn't bet)


Poker Hand #HD1819169709: Hold'em No Limit ($0.05/$0.1) - 2024/06/17 11:54:08
Table 'NLHRed19' 6-max Seat #2 is the button
Seat 1: 2bac8b4c ($9.27 in chips)
Seat 2: 4a0c8c25 ($26.38 in chips)
Seat 3: Hero ($10.44 in chips)
Seat 4: af5eaa34 ($8.88 in chips)
Seat 5: 8394b8f2 ($10 in chips)
Seat 6: 6c3cdf2c ($3.32 in chips)
Hero: posts small blind $0.05
af5eaa34: posts big blind $0.1
*** HOLE CARDS ***
Dealt to 2bac8b4c 
Dealt to 4a0c8c25 
Dealt to Hero [Jc 7c]
Dealt to af5eaa34 
Dealt to 8394b8f2 
Dealt to 6c3cdf2c 
8394b8f2: folds
6c3cdf2c: folds
2bac8b4c: folds
4a0c8c25: folds
Hero: raises $0.2 to $0.3
af5eaa34: calls $0.2
*** FLOP *** [Qc 4d 4s]
Hero: checks
af5eaa34: bets $0.2
Hero: folds
Uncalled bet ($0.2) returned to af5eaa34
*** SHOWDOWN ***
af5eaa34 collected $0.57 from pot
*** SUMMARY ***
Total pot $0.6 | Rake $0.03 | Jackpot $0 | Bingo $0 | Fortune $0 | Tax $0
Board [Qc 4d 4s]
Seat 1: 2bac8b4c folded before Flop (didn't bet)
Seat 2: 4a0c8c25 (button) folded before Flop (didn't bet)
Seat 3: Hero (small blind) folded on the Flop
Seat 4: af5eaa34 (big blind) won ($0.57)
Seat 5: 8394b8f2 folded before Flop (didn't bet)
Seat 6: 6c3cdf2c folded before Flop (didn't bet)


Poker Hand #HD1819169641: Hold'em No Limit ($0.05/$0.1) - 2024/06/17 11:53:23
Table 'NLHRed19' 6-max Seat #1 is the button
Seat 1: 2bac8b4c ($9.7 in chips)
Seat 2: 4a0c8c25 ($26.43 in chips)
Seat 3: Hero ($10 in chips)
Seat 4: af5eaa34 ($8.88 in chips)
Seat 5: 8394b8f2 ($10 in chips)
Seat 6: 6c3cdf2c ($3.32 in chips)
4a0c8c25: posts small blind $0.05
Hero: posts big blind $0.1
*** HOLE CARDS ***
Dealt to 2bac8b4c 
Dealt to 4a0c8c25 
Dealt to Hero [Qs 6s]
Dealt to af5eaa34 
Dealt to 8394b8f2 
Dealt to 6c3cdf2c 
af5eaa34: folds
8394b8f2: folds
6c3cdf2c: folds
2bac8b4c: raises $0.1 to $0.2
4a0c8c25: folds
Hero: calls $0.1
*** FLOP *** [4s 6h 3s]
Hero: checks
2bac8b4c: checks
*** TURN *** [4s 6h 3s] [Qc]
Hero: checks
2bac8b4c: bets $0.23
Hero: raises $0.47 to $0.7
2bac8b4c: folds
Uncalled bet ($0.47) returned to Hero
*** SHOWDOWN ***
Hero collected $0.87 from pot
*** SUMMARY ***
Total pot $0.91 | Rake $0.04 | Jackpot $0 | Bingo $0 | Fortune $0 | Tax $0
Board [4s 6h 3s Qc]
Seat 1: 2bac8b4c (button) folded on the Turn
Seat 2: 4a0c8c25 (small blind) folded before Flop
Seat 3: Hero (big blind) won ($0.87)
Seat 4: af5eaa34 folded before Flop (didn't bet)
Seat 5: 8394b8f2 folded before Flop (didn't bet)
Seat 6: 6c3cdf2c folded before Flop (didn't bet)


