Poker Hand #HD1753942577: Hold'em No Limit ($0.05/$0.1) - 2024/05/01 12:04:02
Table 'NLHRed4' 6-max Seat #5 is the button
Seat 1: 9b77c6d2 ($5.15 in chips)
Seat 2: 4b643e05 ($22.74 in chips)
Seat 4: Hero ($13.51 in chips)
Seat 5: a74ec5a3 ($10.25 in chips)
Seat 6: 343750ca ($10.05 in chips)
343750ca: posts small blind $0.05
9b77c6d2: posts big blind $0.1
*** HOLE CARDS ***
Dealt to 9b77c6d2 
Dealt to 4b643e05 
Dealt to Hero [4h 3c]
Dealt to a74ec5a3 
Dealt to 343750ca 
4b643e05: folds
Hero: folds
a74ec5a3: folds
343750ca: raises $0.2 to $0.3
9b77c6d2: folds
Uncalled bet ($0.2) returned to 343750ca
*** SHOWDOWN ***
343750ca collected $0.2 from pot
*** SUMMARY ***
Total pot $0.2 | Rake $0 | Jackpot $0 | Bingo $0 | Fortune $0 | Tax $0
Seat 1: 9b77c6d2 (big blind) folded before Flop
Seat 2: 4b643e05 folded before Flop (didn't bet)
Seat 4: Hero folded before Flop (didn't bet)
Seat 5: a74ec5a3 (button) folded before Flop (didn't bet)
Seat 6: 343750ca (small blind) collected ($0.2)


Poker Hand #HD1753942550: Hold'em No Limit ($0.05/$0.1) - 2024/05/01 12:03:42
Table 'NLHRed4' 6-max Seat #4 is the button
Seat 1: 9b77c6d2 ($5.15 in chips)
Seat 2: 4b643e05 ($22.74 in chips)
Seat 4: Hero ($13.51 in chips)
Seat 5: a74ec5a3 ($10.15 in chips)
Seat 6: 343750ca ($10.15 in chips)
a74ec5a3: posts small blind $0.05
343750ca: posts big blind $0.1
*** HOLE CARDS ***
Dealt to 9b77c6d2 
Dealt to 4b643e05 
Dealt to Hero [Jd 9c]
Dealt to a74ec5a3 
Dealt to 343750ca 
9b77c6d2: folds
4b643e05: folds
Hero: folds
a74ec5a3: raises $0.2 to $0.3
343750ca: folds
Uncalled bet ($0.2) returned to a74ec5a3
*** SHOWDOWN ***
a74ec5a3 collected $0.2 from pot
*** SUMMARY ***
Total pot $0.2 | Rake $0 | Jackpot $0 | Bingo $0 | Fortune $0 | Tax $0
Seat 1: 9b77c6d2 folded before Flop (didn't bet)
Seat 2: 4b643e05 folded before Flop (didn't bet)
Seat 4: Hero (button) folded before Flop (didn't bet)
Seat 5: a74ec5a3 (small blind) collected ($0.2)
Seat 6: 343750ca (big blind) folded before Flop


Poker Hand #HD1753942516: Hold'em No Limit ($0.05/$0.1) - 2024/05/01 12:03:15
Table 'NLHRed4' 6-max Seat #2 is the button
Seat 1: 9b77c6d2 ($5.15 in chips)
Seat 2: 4b643e05 ($22.74 in chips)
Seat 3: c030619e ($10 in chips)
Seat 4: Hero ($13.61 in chips)
Seat 5: a74ec5a3 ($10.15 in chips)
Seat 6: 343750ca ($10 in chips)
c030619e: posts small blind $0.05
Hero: posts big blind $0.1
*** HOLE CARDS ***
Dealt to 9b77c6d2 
Dealt to 4b643e05 
Dealt to c030619e 
Dealt to Hero [3h 8c]
Dealt to a74ec5a3 
Dealt to 343750ca 
a74ec5a3: folds
343750ca: raises $0.15 to $0.25
9b77c6d2: folds
4b643e05: folds
c030619e: folds
Hero: folds
Uncalled bet ($0.15) returned to 343750ca
*** SHOWDOWN ***
343750ca collected $0.25 from pot
*** SUMMARY ***
Total pot $0.25 | Rake $0 | Jackpot $0 | Bingo $0 | Fortune $0 | Tax $0
Seat 1: 9b77c6d2 folded before Flop (didn't bet)
Seat 2: 4b643e05 (button) folded before Flop (didn't bet)
Seat 3: c030619e (small blind) folded before Flop
Seat 4: Hero (big blind) folded before Flop
Seat 5: a74ec5a3 folded before Flop (didn't bet)
Seat 6: 343750ca collected ($0.25)


Poker Hand #HD1753942481: Hold'em No Limit ($0.05/$0.1) - 2024/05/01 12:02:47
Table 'NLHRed4' 6-max Seat #1 is the button
Seat 1: 9b77c6d2 ($5.15 in chips)
Seat 2: 4b643e05 ($22.79 in chips)
Seat 3: c030619e ($10 in chips)
Seat 4: Hero ($13.38 in chips)
Seat 5: a74ec5a3 ($10.15 in chips)
Seat 6: 343750ca ($10 in chips)
4b643e05: posts small blind $0.05
c030619e: posts big blind $0.1
*** HOLE CARDS ***
Dealt to 9b77c6d2 
Dealt to 4b643e05 
Dealt to c030619e 
Dealt to Hero [Jc Qs]
Dealt to a74ec5a3 
Dealt to 343750ca 
Hero: raises $0.1 to $0.2
a74ec5a3: folds
343750ca: folds
9b77c6d2: folds
4b643e05: folds
c030619e: calls $0.1
*** FLOP *** [4d Js 5c]
c030619e: checks
Hero: bets $0.2
c030619e: folds
Uncalled bet ($0.2) returned to Hero
*** SHOWDOWN ***
Hero collected $0.43 from pot
*** SUMMARY ***
Total pot $0.45 | Rake $0.02 | Jackpot $0 | Bingo $0 | Fortune $0 | Tax $0
Board [4d Js 5c]
Seat 1: 9b77c6d2 (button) folded before Flop (didn't bet)
Seat 2: 4b643e05 (small blind) folded before Flop
Seat 3: c030619e (big blind) folded on the Flop
Seat 4: Hero won ($0.43)
Seat 5: a74ec5a3 folded before Flop (didn't bet)
Seat 6: 343750ca folded before Flop (didn't bet)


Poker Hand #HD1753942462: Hold'em No Limit ($0.05/$0.1) - 2024/05/01 12:02:31
Table 'NLHRed4' 6-max Seat #6 is the button
Seat 1: 9b77c6d2 ($5.05 in chips)
Seat 2: 4b643e05 ($22.89 in chips)
Seat 4: Hero ($13.38 in chips)
Seat 5: a74ec5a3 ($10.15 in chips)
Seat 6: 343750ca ($10 in chips)
9b77c6d2: posts small blind $0.05
4b643e05: posts big blind $0.1
*** HOLE CARDS ***
Dealt to 9b77c6d2 
Dealt to 4b643e05 
Dealt to Hero [3h Jh]
Dealt to a74ec5a3 
Dealt to 343750ca 
Hero: folds
a74ec5a3: folds
343750ca: folds
9b77c6d2: raises $0.15 to $0.25
4b643e05: folds
Uncalled bet ($0.15) returned to 9b77c6d2
*** SHOWDOWN ***
9b77c6d2 collected $0.2 from pot
*** SUMMARY ***
Total pot $0.2 | Rake $0 | Jackpot $0 | Bingo $0 | Fortune $0 | Tax $0
Seat 1: 9b77c6d2 (small blind) collected ($0.2)
Seat 2: 4b643e05 (big blind) folded before Flop
Seat 4: Hero folded before Flop (didn't bet)
Seat 5: a74ec5a3 folded before Flop (didn't bet)
Seat 6: 343750ca (button) folded before Flop (didn't bet)


Poker Hand #HD1753942440: Hold'em No Limit ($0.05/$0.1) - 2024/05/01 12:02:15
Table 'NLHRed4' 6-max Seat #5 is the button
Seat 1: 9b77c6d2 ($5.15 in chips)
Seat 2: 4b643e05 ($22.89 in chips)
Seat 4: Hero ($13.38 in chips)
Seat 5: a74ec5a3 ($10 in chips)
Seat 6: 343750ca ($10 in chips)
343750ca: posts small blind $0.05
9b77c6d2: posts big blind $0.1
*** HOLE CARDS ***
Dealt to 9b77c6d2 
Dealt to 4b643e05 
Dealt to Hero [Th 6s]
Dealt to a74ec5a3 
Dealt to 343750ca 
4b643e05: folds
Hero: folds
a74ec5a3: raises $0.15 to $0.25
343750ca: folds
9b77c6d2: folds
Uncalled bet ($0.15) returned to a74ec5a3
*** SHOWDOWN ***
a74ec5a3 collected $0.25 from pot
*** SUMMARY ***
Total pot $0.25 | Rake $0 | Jackpot $0 | Bingo $0 | Fortune $0 | Tax $0
Seat 1: 9b77c6d2 (big blind) folded before Flop
Seat 2: 4b643e05 folded before Flop (didn't bet)
Seat 4: Hero folded before Flop (didn't bet)
Seat 5: a74ec5a3 (button) collected ($0.25)
Seat 6: 343750ca (small blind) folded before Flop


Poker Hand #HD1753942413: Hold'em No Limit ($0.05/$0.1) - 2024/05/01 12:01:52
Table 'NLHRed4' 6-max Seat #4 is the button
Seat 1: 9b77c6d2 ($5 in chips)
Seat 2: 4b643e05 ($22.89 in chips)
Seat 4: Hero ($13.38 in chips)
Seat 5: a74ec5a3 ($10.05 in chips)
Seat 6: 343750ca ($10 in chips)
a74ec5a3: posts small blind $0.05
343750ca: posts big blind $0.1
*** HOLE CARDS ***
Dealt to 9b77c6d2 
Dealt to 4b643e05 
Dealt to Hero [Qc 2h]
Dealt to a74ec5a3 
Dealt to 343750ca 
9b77c6d2: raises $0.15 to $0.25
4b643e05: folds
Hero: folds
a74ec5a3: folds
343750ca: folds
Uncalled bet ($0.15) returned to 9b77c6d2
*** SHOWDOWN ***
9b77c6d2 collected $0.25 from pot
*** SUMMARY ***
Total pot $0.25 | Rake $0 | Jackpot $0 | Bingo $0 | Fortune $0 | Tax $0
Seat 1: 9b77c6d2 collected ($0.25)
Seat 2: 4b643e05 folded before Flop (didn't bet)
Seat 4: Hero (button) folded before Flop (didn't bet)
Seat 5: a74ec5a3 (small blind) folded before Flop
Seat 6: 343750ca (big blind) folded before Flop


Poker Hand #HD1753942400: Hold'em No Limit ($0.05/$0.1) - 2024/05/01 12:01:42
Table 'NLHRed4' 6-max Seat #2 is the button
Seat 1: 9b77c6d2 ($5 in chips)
Seat 2: 4b643e05 ($22.89 in chips)
Seat 4: Hero ($13.43 in chips)
Seat 5: a74ec5a3 ($10 in chips)
Seat 6: 343750ca ($10 in chips)
Hero: posts small blind $0.05
a74ec5a3: posts big blind $0.1
*** HOLE CARDS ***
Dealt to 9b77c6d2 
Dealt to 4b643e05 
Dealt to Hero [2c 8c]
Dealt to a74ec5a3 
Dealt to 343750ca 
343750ca: folds
9b77c6d2: folds
4b643e05: folds
Hero: folds
Uncalled bet ($0.05) returned to a74ec5a3
*** SHOWDOWN ***
a74ec5a3 collected $0.1 from pot
*** SUMMARY ***
Total pot $0.1 | Rake $0 | Jackpot $0 | Bingo $0 | Fortune $0 | Tax $0
Seat 1: 9b77c6d2 folded before Flop (didn't bet)
Seat 2: 4b643e05 (button) folded before Flop (didn't bet)
Seat 4: Hero (small blind) folded before Flop
Seat 5: a74ec5a3 (big blind) collected ($0.1)
Seat 6: 343750ca folded before Flop (didn't bet)


Poker Hand #HD1753942386: Hold'em No Limit ($0.05/$0.1) - 2024/05/01 12:01:34
Table 'NLHRed4' 6-max Seat #1 is the button
Seat 1: 9b77c6d2 ($5 in chips)
Seat 2: 4b643e05 ($22.94 in chips)
Seat 4: Hero ($13.38 in chips)
Seat 5: a74ec5a3 ($10 in chips)
Seat 6: 343750ca ($10 in chips)
4b643e05: posts small blind $0.05
Hero: posts big blind $0.1
*** HOLE CARDS ***
Dealt to 9b77c6d2 
Dealt to 4b643e05 
Dealt to Hero [8c Kh]
Dealt to a74ec5a3 
Dealt to 343750ca 
a74ec5a3: folds
343750ca: folds
9b77c6d2: folds
4b643e05: folds
Uncalled bet ($0.05) returned to Hero
*** SHOWDOWN ***
Hero collected $0.1 from pot
*** SUMMARY ***
Total pot $0.1 | Rake $0 | Jackpot $0 | Bingo $0 | Fortune $0 | Tax $0
Seat 1: 9b77c6d2 (button) folded before Flop (didn't bet)
Seat 2: 4b643e05 (small blind) folded before Flop
Seat 4: Hero (big blind) collected ($0.1)
Seat 5: a74ec5a3 folded before Flop (didn't bet)
Seat 6: 343750ca folded before Flop (didn't bet)


Poker Hand #HD1753942379: Hold'em No Limit ($0.05/$0.1) - 2024/05/01 12:01:21
Table 'NLHRed4' 6-max Seat #6 is the button
Seat 1: 9b77c6d2 ($5 in chips)
Seat 2: 4b643e05 ($22.89 in chips)
Seat 3: 3eaf35d6 ($16.67 in chips)
Seat 4: Hero ($13.38 in chips)
Seat 5: a74ec5a3 ($10 in chips)
Seat 6: 343750ca ($10 in chips)
9b77c6d2: posts small blind $0.05
4b643e05: posts big blind $0.1
*** HOLE CARDS ***
Dealt to 9b77c6d2 
Dealt to 4b643e05 
Dealt to 3eaf35d6 
Dealt to Hero [8d Jd]
Dealt to a74ec5a3 
Dealt to 343750ca 
3eaf35d6: folds
Hero: folds
a74ec5a3: folds
343750ca: folds
9b77c6d2: folds
Uncalled bet ($0.05) returned to 4b643e05
*** SHOWDOWN ***
4b643e05 collected $0.1 from pot
*** SUMMARY ***
Total pot $0.1 | Rake $0 | Jackpot $0 | Bingo $0 | Fortune $0 | Tax $0
Seat 1: 9b77c6d2 (small blind) folded before Flop
Seat 2: 4b643e05 (big blind) collected ($0.1)
Seat 3: 3eaf35d6 folded before Flop (didn't bet)
Seat 4: Hero folded before Flop (didn't bet)
Seat 5: a74ec5a3 folded before Flop (didn't bet)
Seat 6: 343750ca (button) folded before Flop (didn't bet)


Poker Hand #HD1753942362: Hold'em No Limit ($0.05/$0.1) - 2024/05/01 12:01:05
Table 'NLHRed4' 6-max Seat #5 is the button
Seat 1: 9b77c6d2 ($5 in chips)
Seat 2: 4b643e05 ($22.74 in chips)
Seat 3: 3eaf35d6 ($16.67 in chips)
Seat 4: Hero ($13.38 in chips)
Seat 5: a74ec5a3 ($10 in chips)
Seat 6: 343750ca ($10 in chips)
343750ca: posts small blind $0.05
9b77c6d2: posts big blind $0.1
*** HOLE CARDS ***
Dealt to 9b77c6d2 
Dealt to 4b643e05 
Dealt to 3eaf35d6 
Dealt to Hero [Kd 3d]
Dealt to a74ec5a3 
Dealt to 343750ca 
4b643e05: raises $0.1 to $0.2
3eaf35d6: folds
Hero: folds
a74ec5a3: folds
343750ca: folds
9b77c6d2: folds
Uncalled bet ($0.1) returned to 4b643e05
*** SHOWDOWN ***
4b643e05 collected $0.25 from pot
*** SUMMARY ***
Total pot $0.25 | Rake $0 | Jackpot $0 | Bingo $0 | Fortune $0 | Tax $0
Seat 1: 9b77c6d2 (big blind) folded before Flop
Seat 2: 4b643e05 collected ($0.25)
Seat 3: 3eaf35d6 folded before Flop (didn't bet)
Seat 4: Hero folded before Flop (didn't bet)
Seat 5: a74ec5a3 (button) folded before Flop (didn't bet)
Seat 6: 343750ca (small blind) folded before Flop


Poker Hand #HD1753942293: Hold'em No Limit ($0.05/$0.1) - 2024/05/01 12:00:11
Table 'NLHRed4' 6-max Seat #4 is the button
Seat 2: 4b643e05 ($21.47 in chips)
Seat 3: 3eaf35d6 ($16.67 in chips)
Seat 4: Hero ($14.63 in chips)
Seat 5: a74ec5a3 ($10 in chips)
Seat 6: 343750ca ($10 in chips)
a74ec5a3: posts small blind $0.05
343750ca: posts big blind $0.1
*** HOLE CARDS ***
Dealt to 4b643e05 
Dealt to 3eaf35d6 
Dealt to Hero [Qc Kd]
Dealt to a74ec5a3 
Dealt to 343750ca 
4b643e05: raises $0.1 to $0.2
3eaf35d6: folds
Hero: raises $0.4 to $0.6
a74ec5a3: folds
343750ca: folds
4b643e05: calls $0.4
*** FLOP *** [5h 5c Th]
4b643e05: checks
Hero: bets $0.65
4b643e05: calls $0.65
*** TURN *** [5h 5c Th] [6d]
4b643e05: checks
Hero: checks
*** RIVER *** [5h 5c Th 6d] [8s]
4b643e05: checks
Hero: checks
4b643e05: shows [Td Ks] (Pair of Tens and Pair of Fives)
Hero: shows [Qc Kd] (Pair of Fives)
*** SHOWDOWN ***
4b643e05 collected $2.52 from pot
*** SUMMARY ***
Total pot $2.65 | Rake $0.13 | Jackpot $0 | Bingo $0 | Fortune $0 | Tax $0
Board [5h 5c Th 6d 8s]
Seat 2: 4b643e05 showed [Td Ks] and won ($2.52) with Pair of Tens and Pair of Fives
Seat 3: 3eaf35d6 folded before Flop (didn't bet)
Seat 4: Hero (button) showed [Qc Kd] and lost with Pair of Fives
Seat 5: a74ec5a3 (small blind) folded before Flop
Seat 6: 343750ca (big blind) folded before Flop


Poker Hand #HD1753942281: Hold'em No Limit ($0.05/$0.1) - 2024/05/01 12:00:00
Table 'NLHRed4' 6-max Seat #3 is the button
Seat 2: 4b643e05 ($21.47 in chips)
Seat 3: 3eaf35d6 ($16.52 in chips)
Seat 4: Hero ($14.68 in chips)
Seat 5: a74ec5a3 ($10 in chips)
Seat 6: 343750ca ($10 in chips)
Hero: posts small blind $0.05
a74ec5a3: posts big blind $0.1
*** HOLE CARDS ***
Dealt to 4b643e05 
Dealt to 3eaf35d6 
Dealt to Hero [7d 2h]
Dealt to a74ec5a3 
Dealt to 343750ca 
343750ca: folds
4b643e05: folds
3eaf35d6: raises $0.15 to $0.25
Hero: folds
a74ec5a3: folds
Uncalled bet ($0.15) returned to 3eaf35d6
*** SHOWDOWN ***
3eaf35d6 collected $0.25 from pot
*** SUMMARY ***
Total pot $0.25 | Rake $0 | Jackpot $0 | Bingo $0 | Fortune $0 | Tax $0
Seat 2: 4b643e05 folded before Flop (didn't bet)
Seat 3: 3eaf35d6 (button) collected ($0.25)
Seat 4: Hero (small blind) folded before Flop
Seat 5: a74ec5a3 (big blind) folded before Flop
Seat 6: 343750ca folded before Flop (didn't bet)


Poker Hand #HD1753942254: Hold'em No Limit ($0.05/$0.1) - 2024/05/01 11:59:37
Table 'NLHRed4' 6-max Seat #2 is the button
Seat 2: 4b643e05 ($21.47 in chips)
Seat 3: 3eaf35d6 ($16.82 in chips)
Seat 4: Hero ($14.41 in chips)
Seat 6: 343750ca ($10 in chips)
3eaf35d6: posts small blind $0.05
Hero: posts big blind $0.1
*** HOLE CARDS ***
Dealt to 4b643e05 
Dealt to 3eaf35d6 
Dealt to Hero [Kd Qh]
Dealt to 343750ca 
343750ca: folds
4b643e05: folds
3eaf35d6: raises $0.2 to $0.3
Hero: raises $0.6 to $0.9
3eaf35d6: folds
Uncalled bet ($0.6) returned to Hero
*** SHOWDOWN ***
Hero collected $0.57 from pot
*** SUMMARY ***
Total pot $0.6 | Rake $0.03 | Jackpot $0 | Bingo $0 | Fortune $0 | Tax $0
Seat 2: 4b643e05 (button) folded before Flop (didn't bet)
Seat 3: 3eaf35d6 (small blind) folded before Flop
Seat 4: Hero (big blind) collected ($0.57)
Seat 6: 343750ca folded before Flop (didn't bet)


Poker Hand #HD1753942244: Hold'em No Limit ($0.05/$0.1) - 2024/05/01 11:59:31
Table 'NLHRed4' 6-max Seat #6 is the button
Seat 2: 4b643e05 ($21.52 in chips)
Seat 3: 3eaf35d6 ($16.92 in chips)
Seat 4: Hero ($14.26 in chips)
Seat 6: 343750ca ($10 in chips)
4b643e05: posts small blind $0.05
3eaf35d6: posts big blind $0.1
*** HOLE CARDS ***
Dealt to 4b643e05 
Dealt to 3eaf35d6 
Dealt to Hero [6h Ah]
Dealt to 343750ca 
Hero: raises $0.1 to $0.2
343750ca: folds
4b643e05: folds
3eaf35d6: folds
Uncalled bet ($0.1) returned to Hero
*** SHOWDOWN ***
Hero collected $0.25 from pot
*** SUMMARY ***
Total pot $0.25 | Rake $0 | Jackpot $0 | Bingo $0 | Fortune $0 | Tax $0
Seat 2: 4b643e05 (small blind) folded before Flop
Seat 3: 3eaf35d6 (big blind) folded before Flop
Seat 4: Hero collected ($0.25)
Seat 6: 343750ca (button) folded before Flop (didn't bet)


Poker Hand #HD1753942177: Hold'em No Limit ($0.05/$0.1) - 2024/05/01 11:58:29
Table 'NLHRed4' 6-max Seat #4 is the button
Seat 1: 2b6b6e6a ($9.64 in chips)
Seat 2: 4b643e05 ($21.52 in chips)
Seat 3: 3eaf35d6 ($10 in chips)
Seat 4: Hero ($14.26 in chips)
Seat 6: 343750ca ($10 in chips)
343750ca: posts small blind $0.05
2b6b6e6a: posts big blind $0.1
*** HOLE CARDS ***
Dealt to 2b6b6e6a 
Dealt to 4b643e05 
Dealt to 3eaf35d6 
Dealt to Hero [4c 4d]
Dealt to 343750ca 
4b643e05: folds
3eaf35d6: raises $0.2 to $0.3
Hero: folds
343750ca: folds
2b6b6e6a: raises $0.65 to $0.95
3eaf35d6: raises $1.15 to $2.1
2b6b6e6a: raises $7.54 to $9.64 and is all-in
3eaf35d6: calls $7.54
2b6b6e6a: shows [Kc Kd]
3eaf35d6: shows [Ac Ah]
*** FLOP *** [Js 8d 2h]
3eaf35d6: Chooses to EV Cashout 
*** TURN *** [Js 8d 2h] [Ad]
*** RIVER *** [Js 8d 2h Ad] [Jc]
3eaf35d6: Pays Cashout Risk ($1.71)
*** SHOWDOWN ***
3eaf35d6 collected $18.27 from pot
*** SUMMARY ***
Total pot $19.33 | Rake $0.96 | Jackpot $0.1 | Bingo $0 | Fortune $0 | Tax $0
Board [Js 8d 2h Ad Jc]
Seat 1: 2b6b6e6a (big blind) showed [Kc Kd] and lost with Pair of Kings and Pair of Jacks
Seat 2: 4b643e05 folded before Flop (didn't bet)
Seat 3: 3eaf35d6 showed [Ac Ah] and won ($18.27) with Aces Full over Jacks, Cashout Risk ($1.71)
Seat 4: Hero (button) folded before Flop (didn't bet)
Seat 6: 343750ca (small blind) folded before Flop


Poker Hand #HD1753942116: Hold'em No Limit ($0.05/$0.1) - 2024/05/01 11:57:42
Table 'NLHRed4' 6-max Seat #3 is the button
Seat 1: 2b6b6e6a ($8.71 in chips)
Seat 2: 4b643e05 ($22.39 in chips)
Seat 3: 3eaf35d6 ($10 in chips)
Seat 4: Hero ($14.31 in chips)
Seat 6: 343750ca ($10 in chips)
Hero: posts small blind $0.05
343750ca: posts big blind $0.1
*** HOLE CARDS ***
Dealt to 2b6b6e6a 
Dealt to 4b643e05 
Dealt to 3eaf35d6 
Dealt to Hero [Ks 7h]
Dealt to 343750ca 
2b6b6e6a: raises $0.2 to $0.3
4b643e05: raises $0.57 to $0.87
3eaf35d6: folds
Hero: folds
343750ca: folds
2b6b6e6a: calls $0.57
*** FLOP *** [6s 9d 2c]
2b6b6e6a: checks
4b643e05: checks
*** TURN *** [6s 9d 2c] [2h]
2b6b6e6a: checks
4b643e05: checks
*** RIVER *** [6s 9d 2c 2h] [Th]
2b6b6e6a: bets $0.63
4b643e05: folds
Uncalled bet ($0.63) returned to 2b6b6e6a
*** SHOWDOWN ***
2b6b6e6a collected $1.8 from pot
*** SUMMARY ***
Total pot $1.89 | Rake $0.09 | Jackpot $0 | Bingo $0 | Fortune $0 | Tax $0
Board [6s 9d 2c 2h Th]
Seat 1: 2b6b6e6a won ($1.8)
Seat 2: 4b643e05 folded on the River
Seat 3: 3eaf35d6 (button) folded before Flop (didn't bet)
Seat 4: Hero (small blind) folded before Flop
Seat 6: 343750ca (big blind) folded before Flop


Poker Hand #HD1753942078: Hold'em No Limit ($0.05/$0.1) - 2024/05/01 11:57:12
Table 'NLHRed4' 6-max Seat #2 is the button
Seat 1: 2b6b6e6a ($8.71 in chips)
Seat 2: 4b643e05 ($22.62 in chips)
Seat 3: 3eaf35d6 ($10 in chips)
Seat 4: Hero ($14.05 in chips)
Seat 5: 853b3392 ($12.21 in chips)
3eaf35d6: posts small blind $0.05
Hero: posts big blind $0.1
*** HOLE CARDS ***
Dealt to 2b6b6e6a 
Dealt to 4b643e05 
Dealt to 3eaf35d6 
Dealt to Hero [Qh Ks]
Dealt to 853b3392 
853b3392: folds
2b6b6e6a: folds
4b643e05: raises $0.13 to $0.23
3eaf35d6: folds
Hero: raises $0.57 to $0.8
4b643e05: folds
Uncalled bet ($0.57) returned to Hero
*** SHOWDOWN ***
Hero collected $0.49 from pot
*** SUMMARY ***
Total pot $0.51 | Rake $0.02 | Jackpot $0 | Bingo $0 | Fortune $0 | Tax $0
Seat 1: 2b6b6e6a folded before Flop (didn't bet)
Seat 2: 4b643e05 (button) folded before Flop
Seat 3: 3eaf35d6 (small blind) folded before Flop
Seat 4: Hero (big blind) collected ($0.49)
Seat 5: 853b3392 folded before Flop (didn't bet)


Poker Hand #HD1753942027: Hold'em No Limit ($0.05/$0.1) - 2024/05/01 11:56:21
Table 'NLHRed4' 6-max Seat #1 is the button
Seat 1: 2b6b6e6a ($9.18 in chips)
Seat 2: 4b643e05 ($22.67 in chips)
Seat 3: 3eaf35d6 ($10.25 in chips)
Seat 4: Hero ($14.05 in chips)
Seat 5: 853b3392 ($11.29 in chips)
4b643e05: posts small blind $0.05
3eaf35d6: posts big blind $0.1
*** HOLE CARDS ***
Dealt to 2b6b6e6a 
Dealt to 4b643e05 
Dealt to 3eaf35d6 
Dealt to Hero [4h 3s]
Dealt to 853b3392 
Hero: folds
853b3392: raises $0.12 to $0.22
2b6b6e6a: calls $0.22
4b643e05: folds
3eaf35d6: calls $0.12
*** FLOP *** [4d 9d 3h]
3eaf35d6: checks
853b3392: bets $0.25
2b6b6e6a: calls $0.25
3eaf35d6: calls $0.25
*** TURN *** [4d 9d 3h] [3d]
3eaf35d6: checks
853b3392: bets $0.6
2b6b6e6a: folds
3eaf35d6: folds
Uncalled bet ($0.6) returned to 853b3392
853b3392: shows [6d] (Pair of Treys)
*** SHOWDOWN ***
853b3392 collected $1.39 from pot
*** SUMMARY ***
Total pot $1.46 | Rake $0.07 | Jackpot $0 | Bingo $0 | Fortune $0 | Tax $0
Board [4d 9d 3h 3d]
Seat 1: 2b6b6e6a (button) folded on the Turn
Seat 2: 4b643e05 (small blind) folded before Flop
Seat 3: 3eaf35d6 (big blind) folded on the Turn
Seat 4: Hero folded before Flop (didn't bet)
Seat 5: 853b3392 showed [6d] and won ($1.39)


Poker Hand #HD1753941985: Hold'em No Limit ($0.05/$0.1) - 2024/05/01 11:55:48
Table 'NLHRed4' 6-max Seat #5 is the button
Seat 1: 2b6b6e6a ($8.73 in chips)
Seat 2: 4b643e05 ($22.91 in chips)
Seat 3: 3eaf35d6 ($10.25 in chips)
Seat 4: Hero ($14.29 in chips)
Seat 5: 853b3392 ($11.29 in chips)
2b6b6e6a: posts small blind $0.05
4b643e05: posts big blind $0.1
*** HOLE CARDS ***
Dealt to 2b6b6e6a 
Dealt to 4b643e05 
Dealt to 3eaf35d6 
Dealt to Hero [Td Ac]
Dealt to 853b3392 
3eaf35d6: folds
Hero: raises $0.14 to $0.24
853b3392: folds
2b6b6e6a: calls $0.19
4b643e05: calls $0.14
*** FLOP *** [Qh 5c 3s]
2b6b6e6a: bets $0.24
4b643e05: folds
Hero: folds
Uncalled bet ($0.24) returned to 2b6b6e6a
*** SHOWDOWN ***
2b6b6e6a collected $0.69 from pot
*** SUMMARY ***
Total pot $0.72 | Rake $0.03 | Jackpot $0 | Bingo $0 | Fortune $0 | Tax $0
Board [Qh 5c 3s]
Seat 1: 2b6b6e6a (small blind) won ($0.69)
Seat 2: 4b643e05 (big blind) folded on the Flop
Seat 3: 3eaf35d6 folded before Flop (didn't bet)
Seat 4: Hero folded on the Flop
Seat 5: 853b3392 (button) folded before Flop (didn't bet)


Poker Hand #HD1753941928: Hold'em No Limit ($0.05/$0.1) - 2024/05/01 11:55:03
Table 'NLHRed4' 6-max Seat #4 is the button
Seat 1: 2b6b6e6a ($8.64 in chips)
Seat 2: 4b643e05 ($22.91 in chips)
Seat 3: 3eaf35d6 ($10.25 in chips)
Seat 4: Hero ($14.29 in chips)
Seat 5: 853b3392 ($11.39 in chips)
853b3392: posts small blind $0.05
2b6b6e6a: posts big blind $0.1
*** HOLE CARDS ***
Dealt to 2b6b6e6a 
Dealt to 4b643e05 
Dealt to 3eaf35d6 
Dealt to Hero [6s Jc]
Dealt to 853b3392 
4b643e05: folds
3eaf35d6: folds
Hero: folds
853b3392: calls $0.05
2b6b6e6a: checks
*** FLOP *** [3c Kh 4h]
853b3392: checks
2b6b6e6a: checks
*** TURN *** [3c Kh 4h] [Ad]
853b3392: checks
2b6b6e6a: checks
*** RIVER *** [3c Kh 4h Ad] [Tc]
853b3392: checks
2b6b6e6a: checks
853b3392: shows [7s Qd] (Ace-High)
2b6b6e6a: shows [3d 9d] (Pair of Treys)
*** SHOWDOWN ***
2b6b6e6a collected $0.19 from pot
*** SUMMARY ***
Total pot $0.2 | Rake $0.01 | Jackpot $0 | Bingo $0 | Fortune $0 | Tax $0
Board [3c Kh 4h Ad Tc]
Seat 1: 2b6b6e6a (big blind) showed [3d 9d] and won ($0.19) with Pair of Treys
Seat 2: 4b643e05 folded before Flop (didn't bet)
Seat 3: 3eaf35d6 folded before Flop (didn't bet)
Seat 4: Hero (button) folded before Flop (didn't bet)
Seat 5: 853b3392 (small blind) showed [7s Qd] and lost with Ace-High


Poker Hand #HD1753941867: Hold'em No Limit ($0.05/$0.1) - 2024/05/01 11:54:11
Table 'NLHRed4' 6-max Seat #3 is the button
Seat 1: 2b6b6e6a ($7.24 in chips)
Seat 2: 4b643e05 ($24.41 in chips)
Seat 3: 3eaf35d6 ($10.25 in chips)
Seat 4: Hero ($14.34 in chips)
Seat 5: 853b3392 ($11.49 in chips)
Seat 6: d2e1a2b5 ($9.62 in chips)
Hero: posts small blind $0.05
853b3392: posts big blind $0.1
*** HOLE CARDS ***
Dealt to 2b6b6e6a 
Dealt to 4b643e05 
Dealt to 3eaf35d6 
Dealt to Hero [4d Ah]
Dealt to 853b3392 
Dealt to d2e1a2b5 
d2e1a2b5: folds
2b6b6e6a: raises $0.2 to $0.3
4b643e05: raises $0.57 to $0.87
3eaf35d6: folds
Hero: folds
853b3392: folds
2b6b6e6a: calls $0.57
*** FLOP *** [Qh 6d Ad]
2b6b6e6a: bets $0.63
4b643e05: calls $0.63
*** TURN *** [Qh 6d Ad] [4s]
2b6b6e6a: bets $2.37
4b643e05: folds
Uncalled bet ($2.37) returned to 2b6b6e6a
*** SHOWDOWN ***
2b6b6e6a collected $2.9 from pot
*** SUMMARY ***
Total pot $3.15 | Rake $0.15 | Jackpot $0.1 | Bingo $0 | Fortune $0 | Tax $0
Board [Qh 6d Ad 4s]
Seat 1: 2b6b6e6a won ($2.9)
Seat 2: 4b643e05 folded on the Turn
Seat 3: 3eaf35d6 (button) folded before Flop (didn't bet)
Seat 4: Hero (small blind) folded before Flop
Seat 5: 853b3392 (big blind) folded before Flop
Seat 6: d2e1a2b5 folded before Flop (didn't bet)


Poker Hand #HD1753941855: Hold'em No Limit ($0.05/$0.1) - 2024/05/01 11:54:00
Table 'NLHRed4' 6-max Seat #2 is the button
Seat 1: 2b6b6e6a ($7.09 in chips)
Seat 2: 4b643e05 ($24.41 in chips)
Seat 3: 3eaf35d6 ($10.3 in chips)
Seat 4: Hero ($14.44 in chips)
Seat 5: 853b3392 ($11.49 in chips)
Seat 6: d2e1a2b5 ($9.62 in chips)
3eaf35d6: posts small blind $0.05
Hero: posts big blind $0.1
*** HOLE CARDS ***
Dealt to 2b6b6e6a 
Dealt to 4b643e05 
Dealt to 3eaf35d6 
Dealt to Hero [4s 7h]
Dealt to 853b3392 
Dealt to d2e1a2b5 
853b3392: folds
d2e1a2b5: folds
2b6b6e6a: raises $0.2 to $0.3
4b643e05: folds
3eaf35d6: folds
Hero: folds
Uncalled bet ($0.2) returned to 2b6b6e6a
*** SHOWDOWN ***
2b6b6e6a collected $0.25 from pot
*** SUMMARY ***
Total pot $0.25 | Rake $0 | Jackpot $0 | Bingo $0 | Fortune $0 | Tax $0
Seat 1: 2b6b6e6a collected ($0.25)
Seat 2: 4b643e05 (button) folded before Flop (didn't bet)
Seat 3: 3eaf35d6 (small blind) folded before Flop
Seat 4: Hero (big blind) folded before Flop
Seat 5: 853b3392 folded before Flop (didn't bet)
Seat 6: d2e1a2b5 folded before Flop (didn't bet)


Poker Hand #HD1753941844: Hold'em No Limit ($0.05/$0.1) - 2024/05/01 11:53:46
Table 'NLHRed4' 6-max Seat #1 is the button
Seat 1: 2b6b6e6a ($7.09 in chips)
Seat 2: 4b643e05 ($24.46 in chips)
Seat 3: 3eaf35d6 ($10.4 in chips)
Seat 4: Hero ($14.44 in chips)
Seat 5: 853b3392 ($11.49 in chips)
Seat 6: d2e1a2b5 ($9.47 in chips)
4b643e05: posts small blind $0.05
3eaf35d6: posts big blind $0.1
*** HOLE CARDS ***
Dealt to 2b6b6e6a 
Dealt to 4b643e05 
Dealt to 3eaf35d6 
Dealt to Hero [6h 5d]
Dealt to 853b3392 
Dealt to d2e1a2b5 
Hero: folds
853b3392: folds
d2e1a2b5: raises $0.15 to $0.25
2b6b6e6a: folds
4b643e05: folds
3eaf35d6: folds
Uncalled bet ($0.15) returned to d2e1a2b5
*** SHOWDOWN ***
d2e1a2b5 collected $0.25 from pot
*** SUMMARY ***
Total pot $0.25 | Rake $0 | Jackpot $0 | Bingo $0 | Fortune $0 | Tax $0
Seat 1: 2b6b6e6a (button) folded before Flop (didn't bet)
Seat 2: 4b643e05 (small blind) folded before Flop
Seat 3: 3eaf35d6 (big blind) folded before Flop
Seat 4: Hero folded before Flop (didn't bet)
Seat 5: 853b3392 folded before Flop (didn't bet)
Seat 6: d2e1a2b5 collected ($0.25)


Poker Hand #HD1753941775: Hold'em No Limit ($0.05/$0.1) - 2024/05/01 11:52:51
Table 'NLHRed4' 6-max Seat #6 is the button
Seat 1: 2b6b6e6a ($6.4 in chips)
Seat 2: 4b643e05 ($24.56 in chips)
Seat 3: 3eaf35d6 ($10.4 in chips)
Seat 4: Hero ($14.44 in chips)
Seat 5: 853b3392 ($11.94 in chips)
Seat 6: d2e1a2b5 ($9.47 in chips)
2b6b6e6a: posts small blind $0.05
4b643e05: posts big blind $0.1
*** HOLE CARDS ***
Dealt to 2b6b6e6a 
Dealt to 4b643e05 
Dealt to 3eaf35d6 
Dealt to Hero [Ks 8h]
Dealt to 853b3392 
Dealt to d2e1a2b5 
3eaf35d6: folds
Hero: folds
853b3392: raises $0.15 to $0.25
d2e1a2b5: folds
2b6b6e6a: calls $0.2
4b643e05: folds
*** FLOP *** [6d Td 5s]
2b6b6e6a: checks
853b3392: bets $0.2
2b6b6e6a: calls $0.2
*** TURN *** [6d Td 5s] [Tc]
2b6b6e6a: checks
853b3392: checks
*** RIVER *** [6d Td 5s Tc] [4h]
2b6b6e6a: bets $0.3
853b3392: folds
Uncalled bet ($0.3) returned to 2b6b6e6a
*** SHOWDOWN ***
2b6b6e6a collected $0.95 from pot
*** SUMMARY ***
Total pot $1 | Rake $0.05 | Jackpot $0 | Bingo $0 | Fortune $0 | Tax $0
Board [6d Td 5s Tc 4h]
Seat 1: 2b6b6e6a (small blind) won ($0.95)
Seat 2: 4b643e05 (big blind) folded before Flop
Seat 3: 3eaf35d6 folded before Flop (didn't bet)
Seat 4: Hero folded before Flop (didn't bet)
Seat 5: 853b3392 folded on the River
Seat 6: d2e1a2b5 (button) folded before Flop (didn't bet)


Poker Hand #HD1753941704: Hold'em No Limit ($0.05/$0.1) - 2024/05/01 11:51:44
Table 'NLHRed4' 6-max Seat #5 is the button
Seat 1: 2b6b6e6a ($7.92 in chips)
Seat 2: 4b643e05 ($23.24 in chips)
Seat 3: 3eaf35d6 ($10.4 in chips)
Seat 4: Hero ($14.44 in chips)
Seat 5: 853b3392 ($11.94 in chips)
Seat 6: d2e1a2b5 ($9.52 in chips)
d2e1a2b5: posts small blind $0.05
2b6b6e6a: posts big blind $0.1
*** HOLE CARDS ***
Dealt to 2b6b6e6a 
Dealt to 4b643e05 
Dealt to 3eaf35d6 
Dealt to Hero [2d Jd]
Dealt to 853b3392 
Dealt to d2e1a2b5 
4b643e05: raises $0.1 to $0.2
3eaf35d6: folds
Hero: folds
853b3392: folds
d2e1a2b5: folds
2b6b6e6a: calls $0.1
*** FLOP *** [Qc Qd 9s]
2b6b6e6a: checks
4b643e05: bets $0.15
2b6b6e6a: calls $0.15
*** TURN *** [Qc Qd 9s] [5d]
2b6b6e6a: checks
4b643e05: bets $0.57
2b6b6e6a: calls $0.57
*** RIVER *** [Qc Qd 9s 5d] [Qh]
2b6b6e6a: bets $0.6
4b643e05: raises $21.72 to $22.32 and is all-in
2b6b6e6a: folds
Uncalled bet ($21.72) returned to 4b643e05
*** SHOWDOWN ***
4b643e05 collected $2.84 from pot
*** SUMMARY ***
Total pot $3.09 | Rake $0.15 | Jackpot $0.1 | Bingo $0 | Fortune $0 | Tax $0
Board [Qc Qd 9s 5d Qh]
Seat 1: 2b6b6e6a (big blind) folded on the River
Seat 2: 4b643e05 won ($2.84)
Seat 3: 3eaf35d6 folded before Flop (didn't bet)
Seat 4: Hero folded before Flop (didn't bet)
Seat 5: 853b3392 (button) folded before Flop (didn't bet)
Seat 6: d2e1a2b5 (small blind) folded before Flop


Poker Hand #HD1753941648: Hold'em No Limit ($0.05/$0.1) - 2024/05/01 11:50:57
Table 'NLHRed4' 6-max Seat #4 is the button
Seat 1: 2b6b6e6a ($8.46 in chips)
Seat 2: 4b643e05 ($23.24 in chips)
Seat 3: 3eaf35d6 ($10.4 in chips)
Seat 4: Hero ($14.44 in chips)
Seat 5: 853b3392 ($11.35 in chips)
Seat 6: d2e1a2b5 ($9.62 in chips)
853b3392: posts small blind $0.05
d2e1a2b5: posts big blind $0.1
*** HOLE CARDS ***
Dealt to 2b6b6e6a 
Dealt to 4b643e05 
Dealt to 3eaf35d6 
Dealt to Hero [Kc 5s]
Dealt to 853b3392 
Dealt to d2e1a2b5 
2b6b6e6a: raises $0.2 to $0.3
4b643e05: folds
3eaf35d6: folds
Hero: folds
853b3392: calls $0.25
d2e1a2b5: folds
*** FLOP *** [9s 7d Td]
853b3392: checks
2b6b6e6a: checks
*** TURN *** [9s 7d Td] [7c]
853b3392: checks
2b6b6e6a: bets $0.24
853b3392: calls $0.24
*** RIVER *** [9s 7d Td 7c] [Jd]
853b3392: checks
2b6b6e6a: checks
853b3392: shows [8s Qs] (Queens-High Straight)
2b6b6e6a: shows [9c Ah] (Pair of Nines and Pair of Sevens)
*** SHOWDOWN ***
853b3392 collected $1.13 from pot
*** SUMMARY ***
Total pot $1.18 | Rake $0.05 | Jackpot $0 | Bingo $0 | Fortune $0 | Tax $0
Board [9s 7d Td 7c Jd]
Seat 1: 2b6b6e6a showed [9c Ah] and lost with Pair of Nines and Pair of Sevens
Seat 2: 4b643e05 folded before Flop (didn't bet)
Seat 3: 3eaf35d6 folded before Flop (didn't bet)
Seat 4: Hero (button) folded before Flop (didn't bet)
Seat 5: 853b3392 (small blind) showed [8s Qs] and won ($1.13) with Queens-High Straight
Seat 6: d2e1a2b5 (big blind) folded before Flop


Poker Hand #HD1753941630: Hold'em No Limit ($0.05/$0.1) - 2024/05/01 11:50:40
Table 'NLHRed4' 6-max Seat #3 is the button
Seat 1: 2b6b6e6a ($8.46 in chips)
Seat 2: 4b643e05 ($23.24 in chips)
Seat 3: 3eaf35d6 ($10.4 in chips)
Seat 4: Hero ($14.49 in chips)
Seat 5: 853b3392 ($11.3 in chips)
Seat 6: d2e1a2b5 ($9.62 in chips)
Hero: posts small blind $0.05
853b3392: posts big blind $0.1
*** HOLE CARDS ***
Dealt to 2b6b6e6a 
Dealt to 4b643e05 
Dealt to 3eaf35d6 
Dealt to Hero [6c Jc]
Dealt to 853b3392 
Dealt to d2e1a2b5 
d2e1a2b5: folds
2b6b6e6a: folds
4b643e05: folds
3eaf35d6: folds
Hero: folds
Uncalled bet ($0.05) returned to 853b3392
*** SHOWDOWN ***
853b3392 collected $0.1 from pot
*** SUMMARY ***
Total pot $0.1 | Rake $0 | Jackpot $0 | Bingo $0 | Fortune $0 | Tax $0
Seat 1: 2b6b6e6a folded before Flop (didn't bet)
Seat 2: 4b643e05 folded before Flop (didn't bet)
Seat 3: 3eaf35d6 (button) folded before Flop (didn't bet)
Seat 4: Hero (small blind) folded before Flop
Seat 5: 853b3392 (big blind) collected ($0.1)
Seat 6: d2e1a2b5 folded before Flop (didn't bet)


Poker Hand #HD1753941620: Hold'em No Limit ($0.05/$0.1) - 2024/05/01 11:50:32
Table 'NLHRed4' 6-max Seat #2 is the button
Seat 1: 2b6b6e6a ($8.46 in chips)
Seat 2: 4b643e05 ($23.24 in chips)
Seat 3: 3eaf35d6 ($10.45 in chips)
Seat 4: Hero ($14.44 in chips)
Seat 5: 853b3392 ($11.3 in chips)
Seat 6: d2e1a2b5 ($9.62 in chips)
3eaf35d6: posts small blind $0.05
Hero: posts big blind $0.1
*** HOLE CARDS ***
Dealt to 2b6b6e6a 
Dealt to 4b643e05 
Dealt to 3eaf35d6 
Dealt to Hero [8h 6c]
Dealt to 853b3392 
Dealt to d2e1a2b5 
853b3392: folds
d2e1a2b5: folds
2b6b6e6a: folds
4b643e05: folds
3eaf35d6: folds
Uncalled bet ($0.05) returned to Hero
*** SHOWDOWN ***
Hero collected $0.1 from pot
*** SUMMARY ***
Total pot $0.1 | Rake $0 | Jackpot $0 | Bingo $0 | Fortune $0 | Tax $0
Seat 1: 2b6b6e6a folded before Flop (didn't bet)
Seat 2: 4b643e05 (button) folded before Flop (didn't bet)
Seat 3: 3eaf35d6 (small blind) folded before Flop
Seat 4: Hero (big blind) collected ($0.1)
Seat 5: 853b3392 folded before Flop (didn't bet)
Seat 6: d2e1a2b5 folded before Flop (didn't bet)


Poker Hand #HD1753941581: Hold'em No Limit ($0.05/$0.1) - 2024/05/01 11:50:02
Table 'NLHRed4' 6-max Seat #1 is the button
Seat 1: 2b6b6e6a ($8.94 in chips)
Seat 2: 4b643e05 ($23.29 in chips)
Seat 3: 3eaf35d6 ($10.55 in chips)
Seat 4: Hero ($13.41 in chips)
Seat 5: 853b3392 ($11.78 in chips)
Seat 6: d2e1a2b5 ($9.62 in chips)
4b643e05: posts small blind $0.05
3eaf35d6: posts big blind $0.1
*** HOLE CARDS ***
Dealt to 2b6b6e6a 
Dealt to 4b643e05 
Dealt to 3eaf35d6 
Dealt to Hero [Ac Ad]
Dealt to 853b3392 
Dealt to d2e1a2b5 
Hero: raises $0.1 to $0.2
853b3392: raises $0.28 to $0.48
d2e1a2b5: folds
2b6b6e6a: calls $0.48
4b643e05: folds
3eaf35d6: folds
Hero: raises $1.79 to $2.27
853b3392: folds
2b6b6e6a: folds
Uncalled bet ($1.79) returned to Hero
*** SHOWDOWN ***
Hero collected $1.51 from pot
*** SUMMARY ***
Total pot $1.59 | Rake $0.08 | Jackpot $0 | Bingo $0 | Fortune $0 | Tax $0
Seat 1: 2b6b6e6a (button) folded before Flop
Seat 2: 4b643e05 (small blind) folded before Flop
Seat 3: 3eaf35d6 (big blind) folded before Flop
Seat 4: Hero collected ($1.51)
Seat 5: 853b3392 folded before Flop
Seat 6: d2e1a2b5 folded before Flop (didn't bet)


Poker Hand #HD1753941528: Hold'em No Limit ($0.05/$0.1) - 2024/05/01 11:49:14
Table 'NLHRed4' 6-max Seat #6 is the button
Seat 1: 2b6b6e6a ($8.99 in chips)
Seat 2: 4b643e05 ($23.39 in chips)
Seat 3: 3eaf35d6 ($10.55 in chips)
Seat 4: Hero ($12.71 in chips)
Seat 5: 853b3392 ($12.4 in chips)
Seat 6: d2e1a2b5 ($9.62 in chips)
2b6b6e6a: posts small blind $0.05
4b643e05: posts big blind $0.1
*** HOLE CARDS ***
Dealt to 2b6b6e6a 
Dealt to 4b643e05 
Dealt to 3eaf35d6 
Dealt to Hero [6d Ad]
Dealt to 853b3392 
Dealt to d2e1a2b5 
3eaf35d6: folds
Hero: raises $0.1 to $0.2
853b3392: calls $0.2
d2e1a2b5: folds
2b6b6e6a: folds
4b643e05: folds
*** FLOP *** [Jh Kc 6c]
Hero: checks
853b3392: checks
*** TURN *** [Jh Kc 6c] [7s]
Hero: checks
853b3392: checks
*** RIVER *** [Jh Kc 6c 7s] [5d]
Hero: checks
853b3392: bets $0.42
Hero: calls $0.42
853b3392: shows [9c As] (Ace-High)
Hero: shows [6d Ad] (Pair of Sixes)
*** SHOWDOWN ***
Hero collected $1.32 from pot
*** SUMMARY ***
Total pot $1.39 | Rake $0.07 | Jackpot $0 | Bingo $0 | Fortune $0 | Tax $0
Board [Jh Kc 6c 7s 5d]
Seat 1: 2b6b6e6a (small blind) folded before Flop
Seat 2: 4b643e05 (big blind) folded before Flop
Seat 3: 3eaf35d6 folded before Flop (didn't bet)
Seat 4: Hero showed [6d Ad] and won ($1.32) with Pair of Sixes
Seat 5: 853b3392 showed [9c As] and lost with Ace-High
Seat 6: d2e1a2b5 (button) folded before Flop (didn't bet)


Poker Hand #HD1753941478: Hold'em No Limit ($0.05/$0.1) - 2024/05/01 11:48:39
Table 'NLHRed4' 6-max Seat #5 is the button
Seat 1: 2b6b6e6a ($7.86 in chips)
Seat 2: 4b643e05 ($23.39 in chips)
Seat 3: 3eaf35d6 ($10.55 in chips)
Seat 4: Hero ($12.71 in chips)
Seat 5: 853b3392 ($12.4 in chips)
Seat 6: d2e1a2b5 ($10.87 in chips)
d2e1a2b5: posts small blind $0.05
2b6b6e6a: posts big blind $0.1
*** HOLE CARDS ***
Dealt to 2b6b6e6a 
Dealt to 4b643e05 
Dealt to 3eaf35d6 
Dealt to Hero [6s Qd]
Dealt to 853b3392 
Dealt to d2e1a2b5 
4b643e05: folds
3eaf35d6: folds
Hero: folds
853b3392: folds
d2e1a2b5: raises $0.15 to $0.25
2b6b6e6a: calls $0.15
*** FLOP *** [7d 3h 4d]
d2e1a2b5: bets $0.25
2b6b6e6a: calls $0.25
*** TURN *** [7d 3h 4d] [Tc]
d2e1a2b5: bets $0.75
2b6b6e6a: calls $0.75
*** RIVER *** [7d 3h 4d Tc] [Kh]
d2e1a2b5: checks
2b6b6e6a: checks
d2e1a2b5: shows [Ad 6d] (Ace-High)
2b6b6e6a: shows [9c 7c] (Pair of Sevens)
*** SHOWDOWN ***
2b6b6e6a collected $2.38 from pot
*** SUMMARY ***
Total pot $2.5 | Rake $0.12 | Jackpot $0 | Bingo $0 | Fortune $0 | Tax $0
Board [7d 3h 4d Tc Kh]
Seat 1: 2b6b6e6a (big blind) showed [9c 7c] and won ($2.38) with Pair of Sevens
Seat 2: 4b643e05 folded before Flop (didn't bet)
Seat 3: 3eaf35d6 folded before Flop (didn't bet)
Seat 4: Hero folded before Flop (didn't bet)
Seat 5: 853b3392 (button) folded before Flop (didn't bet)
Seat 6: d2e1a2b5 (small blind) showed [Ad 6d] and lost with Ace-High


Poker Hand #HD1753941438: Hold'em No Limit ($0.05/$0.1) - 2024/05/01 11:48:04
Table 'NLHRed4' 6-max Seat #4 is the button
Seat 1: 2b6b6e6a ($10.74 in chips)
Seat 2: 4b643e05 ($23.39 in chips)
Seat 3: 3eaf35d6 ($10.55 in chips)
Seat 4: Hero ($12.71 in chips)
Seat 5: 853b3392 ($9.8 in chips)
Seat 6: d2e1a2b5 ($10.97 in chips)
853b3392: posts small blind $0.05
d2e1a2b5: posts big blind $0.1
*** HOLE CARDS ***
Dealt to 2b6b6e6a 
Dealt to 4b643e05 
Dealt to 3eaf35d6 
Dealt to Hero [9c Jd]
Dealt to 853b3392 
Dealt to d2e1a2b5 
2b6b6e6a: raises $0.2 to $0.3
4b643e05: folds
3eaf35d6: folds
Hero: folds
853b3392: raises $0.53 to $0.83
d2e1a2b5: folds
2b6b6e6a: calls $0.53
*** FLOP *** [5h Kc As]
853b3392: checks
2b6b6e6a: checks
*** TURN *** [5h Kc As] [5c]
853b3392: bets $0.88
2b6b6e6a: calls $0.88
*** RIVER *** [5h Kc As 5c] [Qc]
853b3392: bets $1.17
2b6b6e6a: calls $1.17
853b3392: shows [Ad Kh] (Pair of Aces and Pair of Kings)
2b6b6e6a: shows [Kd Js] (Pair of Kings and Pair of Fives)
*** SHOWDOWN ***
853b3392 collected $5.48 from pot
*** SUMMARY ***
Total pot $5.86 | Rake $0.28 | Jackpot $0.1 | Bingo $0 | Fortune $0 | Tax $0
Board [5h Kc As 5c Qc]
Seat 1: 2b6b6e6a showed [Kd Js] and lost with Pair of Kings and Pair of Fives
Seat 2: 4b643e05 folded before Flop (didn't bet)
Seat 3: 3eaf35d6 folded before Flop (didn't bet)
Seat 4: Hero (button) folded before Flop (didn't bet)
Seat 5: 853b3392 (small blind) showed [Ad Kh] and won ($5.48) with Pair of Aces and Pair of Kings
Seat 6: d2e1a2b5 (big blind) folded before Flop


Poker Hand #HD1753941388: Hold'em No Limit ($0.05/$0.1) - 2024/05/01 11:47:18
Table 'NLHRed4' 6-max Seat #3 is the button
Seat 1: 2b6b6e6a ($11.66 in chips)
Seat 2: 4b643e05 ($23.39 in chips)
Seat 3: 3eaf35d6 ($10.55 in chips)
Seat 4: Hero ($12.76 in chips)
Seat 5: 853b3392 ($9.9 in chips)
Seat 6: d2e1a2b5 ($10 in chips)
Hero: posts small blind $0.05
853b3392: posts big blind $0.1
*** HOLE CARDS ***
Dealt to 2b6b6e6a 
Dealt to 4b643e05 
Dealt to 3eaf35d6 
Dealt to Hero [As 8d]
Dealt to 853b3392 
Dealt to d2e1a2b5 
d2e1a2b5: raises $0.12 to $0.22
2b6b6e6a: calls $0.22
4b643e05: folds
3eaf35d6: folds
Hero: folds
853b3392: folds
*** FLOP *** [7c Ts 4d]
d2e1a2b5: bets $0.3
2b6b6e6a: calls $0.3
*** TURN *** [7c Ts 4d] [Ks]
d2e1a2b5: checks
2b6b6e6a: bets $0.4
d2e1a2b5: calls $0.4
*** RIVER *** [7c Ts 4d Ks] [Ah]
d2e1a2b5: checks
2b6b6e6a: checks
d2e1a2b5: shows [Ad Jd] (Pair of Aces)
2b6b6e6a: shows [6c 6h] (Pair of Sixes)
*** SHOWDOWN ***
d2e1a2b5 collected $1.89 from pot
*** SUMMARY ***
Total pot $1.99 | Rake $0.1 | Jackpot $0 | Bingo $0 | Fortune $0 | Tax $0
Board [7c Ts 4d Ks Ah]
Seat 1: 2b6b6e6a showed [6c 6h] and lost with Pair of Sixes
Seat 2: 4b643e05 folded before Flop (didn't bet)
Seat 3: 3eaf35d6 (button) folded before Flop (didn't bet)
Seat 4: Hero (small blind) folded before Flop
Seat 5: 853b3392 (big blind) folded before Flop
Seat 6: d2e1a2b5 showed [Ad Jd] and won ($1.89) with Pair of Aces


Poker Hand #HD1753941324: Hold'em No Limit ($0.05/$0.1) - 2024/05/01 11:46:22
Table 'NLHRed4' 6-max Seat #2 is the button
Seat 1: 2b6b6e6a ($12.18 in chips)
Seat 2: 4b643e05 ($23.39 in chips)
Seat 3: 3eaf35d6 ($10.6 in chips)
Seat 4: Hero ($12.15 in chips)
Seat 5: 853b3392 ($10 in chips)
Seat 6: d2e1a2b5 ($10 in chips)
3eaf35d6: posts small blind $0.05
Hero: posts big blind $0.1
853b3392: posts big blind $0.1
*** HOLE CARDS ***
Dealt to 2b6b6e6a 
Dealt to 4b643e05 
Dealt to 3eaf35d6 
Dealt to Hero [Ad 9d]
Dealt to 853b3392 
Dealt to d2e1a2b5 
853b3392: checks
d2e1a2b5: folds
2b6b6e6a: raises $0.18 to $0.28
4b643e05: folds
3eaf35d6: folds
Hero: calls $0.18
853b3392: folds
*** FLOP *** [Jh 5c 9s]
Hero: checks
2b6b6e6a: checks
*** TURN *** [Jh 5c 9s] [8s]
Hero: bets $0.24
2b6b6e6a: calls $0.24
*** RIVER *** [Jh 5c 9s 8s] [5s]
Hero: checks
2b6b6e6a: checks
Hero: shows [Ad 9d] (Pair of Nines and Pair of Fives)
2b6b6e6a: shows [Ac 4s] (Pair of Fives)
*** SHOWDOWN ***
Hero collected $1.13 from pot
*** SUMMARY ***
Total pot $1.19 | Rake $0.06 | Jackpot $0 | Bingo $0 | Fortune $0 | Tax $0
Board [Jh 5c 9s 8s 5s]
Seat 1: 2b6b6e6a showed [Ac 4s] and lost with Pair of Fives
Seat 2: 4b643e05 (button) folded before Flop (didn't bet)
Seat 3: 3eaf35d6 (small blind) folded before Flop
Seat 4: Hero (big blind) showed [Ad 9d] and won ($1.13) with Pair of Nines and Pair of Fives
Seat 5: 853b3392 folded before Flop
Seat 6: d2e1a2b5 folded before Flop (didn't bet)


Poker Hand #HD1753941308: Hold'em No Limit ($0.05/$0.1) - 2024/05/01 11:46:07
Table 'NLHRed4' 6-max Seat #1 is the button
Seat 1: 2b6b6e6a ($12.18 in chips)
Seat 2: 4b643e05 ($23.44 in chips)
Seat 3: 3eaf35d6 ($10.7 in chips)
Seat 4: Hero ($12.15 in chips)
Seat 6: d2e1a2b5 ($9.85 in chips)
4b643e05: posts small blind $0.05
3eaf35d6: posts big blind $0.1
*** HOLE CARDS ***
Dealt to 2b6b6e6a 
Dealt to 4b643e05 
Dealt to 3eaf35d6 
Dealt to Hero [9s Ah]
Dealt to d2e1a2b5 
Hero: folds
d2e1a2b5: raises $0.15 to $0.25
2b6b6e6a: folds
4b643e05: folds
3eaf35d6: folds
Uncalled bet ($0.15) returned to d2e1a2b5
*** SHOWDOWN ***
d2e1a2b5 collected $0.25 from pot
*** SUMMARY ***
Total pot $0.25 | Rake $0 | Jackpot $0 | Bingo $0 | Fortune $0 | Tax $0
Seat 1: 2b6b6e6a (button) folded before Flop (didn't bet)
Seat 2: 4b643e05 (small blind) folded before Flop
Seat 3: 3eaf35d6 (big blind) folded before Flop
Seat 4: Hero folded before Flop (didn't bet)
Seat 6: d2e1a2b5 collected ($0.25)


Poker Hand #HD1753941292: Hold'em No Limit ($0.05/$0.1) - 2024/05/01 11:45:54
Table 'NLHRed4' 6-max Seat #6 is the button
Seat 1: 2b6b6e6a ($12.23 in chips)
Seat 2: 4b643e05 ($23.54 in chips)
Seat 3: 3eaf35d6 ($10.7 in chips)
Seat 4: Hero ($12 in chips)
Seat 6: d2e1a2b5 ($9.85 in chips)
2b6b6e6a: posts small blind $0.05
4b643e05: posts big blind $0.1
*** HOLE CARDS ***
Dealt to 2b6b6e6a 
Dealt to 4b643e05 
Dealt to 3eaf35d6 
Dealt to Hero [5h 5c]
Dealt to d2e1a2b5 
3eaf35d6: folds
Hero: raises $0.1 to $0.2
d2e1a2b5: folds
2b6b6e6a: folds
4b643e05: folds
Uncalled bet ($0.1) returned to Hero
*** SHOWDOWN ***
Hero collected $0.25 from pot
*** SUMMARY ***
Total pot $0.25 | Rake $0 | Jackpot $0 | Bingo $0 | Fortune $0 | Tax $0
Seat 1: 2b6b6e6a (small blind) folded before Flop
Seat 2: 4b643e05 (big blind) folded before Flop
Seat 3: 3eaf35d6 folded before Flop (didn't bet)
Seat 4: Hero collected ($0.25)
Seat 6: d2e1a2b5 (button) folded before Flop (didn't bet)


Poker Hand #HD1753941277: Hold'em No Limit ($0.05/$0.1) - 2024/05/01 11:45:36
Table 'NLHRed4' 6-max Seat #4 is the button
Seat 1: 2b6b6e6a ($12.18 in chips)
Seat 2: 4b643e05 ($23.54 in chips)
Seat 3: 3eaf35d6 ($10.7 in chips)
Seat 4: Hero ($12 in chips)
Seat 6: d2e1a2b5 ($9.9 in chips)
d2e1a2b5: posts small blind $0.05
2b6b6e6a: posts big blind $0.1
*** HOLE CARDS ***
Dealt to 2b6b6e6a 
Dealt to 4b643e05 
Dealt to 3eaf35d6 
Dealt to Hero [Jh 5h]
Dealt to d2e1a2b5 
4b643e05: folds
3eaf35d6: folds
Hero: folds
d2e1a2b5: folds
Uncalled bet ($0.05) returned to 2b6b6e6a
*** SHOWDOWN ***
2b6b6e6a collected $0.1 from pot
*** SUMMARY ***
Total pot $0.1 | Rake $0 | Jackpot $0 | Bingo $0 | Fortune $0 | Tax $0
Seat 1: 2b6b6e6a (big blind) collected ($0.1)
Seat 2: 4b643e05 folded before Flop (didn't bet)
Seat 3: 3eaf35d6 folded before Flop (didn't bet)
Seat 4: Hero (button) folded before Flop (didn't bet)
Seat 6: d2e1a2b5 (small blind) folded before Flop


Poker Hand #HD1753941265: Hold'em No Limit ($0.05/$0.1) - 2024/05/01 11:45:21
Table 'NLHRed4' 6-max Seat #3 is the button
Seat 1: 2b6b6e6a ($12.03 in chips)
Seat 2: 4b643e05 ($23.54 in chips)
Seat 3: 3eaf35d6 ($10.7 in chips)
Seat 4: Hero ($12.05 in chips)
Seat 6: d2e1a2b5 ($10 in chips)
Hero: posts small blind $0.05
d2e1a2b5: posts big blind $0.1
*** HOLE CARDS ***
Dealt to 2b6b6e6a 
Dealt to 4b643e05 
Dealt to 3eaf35d6 
Dealt to Hero [Qd 6h]
Dealt to d2e1a2b5 
2b6b6e6a: raises $0.2 to $0.3
4b643e05: folds
3eaf35d6: folds
Hero: folds
d2e1a2b5: folds
Uncalled bet ($0.2) returned to 2b6b6e6a
*** SHOWDOWN ***
2b6b6e6a collected $0.25 from pot
*** SUMMARY ***
Total pot $0.25 | Rake $0 | Jackpot $0 | Bingo $0 | Fortune $0 | Tax $0
Seat 1: 2b6b6e6a collected ($0.25)
Seat 2: 4b643e05 folded before Flop (didn't bet)
Seat 3: 3eaf35d6 (button) folded before Flop (didn't bet)
Seat 4: Hero (small blind) folded before Flop
Seat 6: d2e1a2b5 (big blind) folded before Flop


Poker Hand #HD1753941256: Hold'em No Limit ($0.05/$0.1) - 2024/05/01 11:45:13
Table 'NLHRed4' 6-max Seat #2 is the button
Seat 1: 2b6b6e6a ($12.03 in chips)
Seat 2: 4b643e05 ($23.54 in chips)
Seat 3: 3eaf35d6 ($10.75 in chips)
Seat 4: Hero ($12 in chips)
Seat 6: d2e1a2b5 ($10 in chips)
3eaf35d6: posts small blind $0.05
Hero: posts big blind $0.1
*** HOLE CARDS ***
Dealt to 2b6b6e6a 
Dealt to 4b643e05 
Dealt to 3eaf35d6 
Dealt to Hero [Jc 7s]
Dealt to d2e1a2b5 
d2e1a2b5: folds
2b6b6e6a: folds
4b643e05: folds
3eaf35d6: folds
Uncalled bet ($0.05) returned to Hero
*** SHOWDOWN ***
Hero collected $0.1 from pot
*** SUMMARY ***
Total pot $0.1 | Rake $0 | Jackpot $0 | Bingo $0 | Fortune $0 | Tax $0
Seat 1: 2b6b6e6a folded before Flop (didn't bet)
Seat 2: 4b643e05 (button) folded before Flop (didn't bet)
Seat 3: 3eaf35d6 (small blind) folded before Flop
Seat 4: Hero (big blind) collected ($0.1)
Seat 6: d2e1a2b5 folded before Flop (didn't bet)


Poker Hand #HD1753941229: Hold'em No Limit ($0.05/$0.1) - 2024/05/01 11:44:57
Table 'NLHRed4' 6-max Seat #1 is the button
Seat 1: 2b6b6e6a ($11.88 in chips)
Seat 2: 4b643e05 ($23.59 in chips)
Seat 3: 3eaf35d6 ($10.85 in chips)
Seat 4: Hero ($12 in chips)
Seat 5: 9855460 ($16.03 in chips)
Seat 6: d2e1a2b5 ($10 in chips)
4b643e05: posts small blind $0.05
3eaf35d6: posts big blind $0.1
*** HOLE CARDS ***
Dealt to 2b6b6e6a 
Dealt to 4b643e05 
Dealt to 3eaf35d6 
Dealt to Hero [Tc 7d]
Dealt to 9855460 
Dealt to d2e1a2b5 
Hero: folds
9855460: folds
d2e1a2b5: folds
2b6b6e6a: raises $0.2 to $0.3
4b643e05: folds
3eaf35d6: folds
Uncalled bet ($0.2) returned to 2b6b6e6a
*** SHOWDOWN ***
2b6b6e6a collected $0.25 from pot
*** SUMMARY ***
Total pot $0.25 | Rake $0 | Jackpot $0 | Bingo $0 | Fortune $0 | Tax $0
Seat 1: 2b6b6e6a (button) collected ($0.25)
Seat 2: 4b643e05 (small blind) folded before Flop
Seat 3: 3eaf35d6 (big blind) folded before Flop
Seat 4: Hero folded before Flop (didn't bet)
Seat 5: 9855460 folded before Flop (didn't bet)
Seat 6: d2e1a2b5 folded before Flop (didn't bet)


Poker Hand #HD1753941196: Hold'em No Limit ($0.05/$0.1) - 2024/05/01 11:44:17
Table 'NLHRed4' 6-max Seat #6 is the button
Seat 1: 2b6b6e6a ($11.93 in chips)
Seat 2: 4b643e05 ($23.69 in chips)
Seat 3: 3eaf35d6 ($10.85 in chips)
Seat 4: Hero ($12 in chips)
Seat 5: 9855460 ($15.61 in chips)
Seat 6: d2e1a2b5 ($10.3 in chips)
2b6b6e6a: posts small blind $0.05
4b643e05: posts big blind $0.1
*** HOLE CARDS ***
Dealt to 2b6b6e6a 
Dealt to 4b643e05 
Dealt to 3eaf35d6 
Dealt to Hero [5h 9d]
Dealt to 9855460 
Dealt to d2e1a2b5 
3eaf35d6: folds
Hero: folds
9855460: raises $0.2 to $0.3
d2e1a2b5: calls $0.3
2b6b6e6a: folds
4b643e05: folds
*** FLOP *** [8s Jc 7d]
9855460: bets $0.38
d2e1a2b5: folds
Uncalled bet ($0.38) returned to 9855460
*** SHOWDOWN ***
9855460 collected $0.72 from pot
*** SUMMARY ***
Total pot $0.75 | Rake $0.03 | Jackpot $0 | Bingo $0 | Fortune $0 | Tax $0
Board [8s Jc 7d]
Seat 1: 2b6b6e6a (small blind) folded before Flop
Seat 2: 4b643e05 (big blind) folded before Flop
Seat 3: 3eaf35d6 folded before Flop (didn't bet)
Seat 4: Hero folded before Flop (didn't bet)
Seat 5: 9855460 won ($0.72)
Seat 6: d2e1a2b5 (button) folded on the Flop


Poker Hand #HD1753941176: Hold'em No Limit ($0.05/$0.1) - 2024/05/01 11:43:56
Table 'NLHRed4' 6-max Seat #5 is the button
Seat 1: 2b6b6e6a ($12.03 in chips)
Seat 2: 4b643e05 ($23.69 in chips)
Seat 3: 3eaf35d6 ($10.85 in chips)
Seat 4: Hero ($12 in chips)
Seat 5: 9855460 ($15.86 in chips)
Seat 6: d2e1a2b5 ($9.98 in chips)
d2e1a2b5: posts small blind $0.05
2b6b6e6a: posts big blind $0.1
*** HOLE CARDS ***
Dealt to 2b6b6e6a 
Dealt to 4b643e05 
Dealt to 3eaf35d6 
Dealt to Hero [Js 5h]
Dealt to 9855460 
Dealt to d2e1a2b5 
4b643e05: folds
3eaf35d6: folds
Hero: folds
9855460: raises $0.15 to $0.25
d2e1a2b5: raises $0.89 to $1.14
2b6b6e6a: folds
9855460: folds
Uncalled bet ($0.89) returned to d2e1a2b5
*** SHOWDOWN ***
d2e1a2b5 collected $0.57 from pot
*** SUMMARY ***
Total pot $0.6 | Rake $0.03 | Jackpot $0 | Bingo $0 | Fortune $0 | Tax $0
Seat 1: 2b6b6e6a (big blind) folded before Flop
Seat 2: 4b643e05 folded before Flop (didn't bet)
Seat 3: 3eaf35d6 folded before Flop (didn't bet)
Seat 4: Hero folded before Flop (didn't bet)
Seat 5: 9855460 (button) folded before Flop
Seat 6: d2e1a2b5 (small blind) collected ($0.57)


Poker Hand #HD1753941154: Hold'em No Limit ($0.05/$0.1) - 2024/05/01 11:43:39
Table 'NLHRed4' 6-max Seat #4 is the button
Seat 1: 2b6b6e6a ($11.88 in chips)
Seat 2: 4b643e05 ($23.69 in chips)
Seat 3: 3eaf35d6 ($10.85 in chips)
Seat 4: Hero ($12 in chips)
Seat 5: 9855460 ($15.91 in chips)
Seat 6: d2e1a2b5 ($10.08 in chips)
9855460: posts small blind $0.05
d2e1a2b5: posts big blind $0.1
*** HOLE CARDS ***
Dealt to 2b6b6e6a 
Dealt to 4b643e05 
Dealt to 3eaf35d6 
Dealt to Hero [Ac Th]
Dealt to 9855460 
Dealt to d2e1a2b5 
2b6b6e6a: raises $0.2 to $0.3
4b643e05: folds
3eaf35d6: folds
Hero: folds
9855460: folds
d2e1a2b5: folds
Uncalled bet ($0.2) returned to 2b6b6e6a
*** SHOWDOWN ***
2b6b6e6a collected $0.25 from pot
*** SUMMARY ***
Total pot $0.25 | Rake $0 | Jackpot $0 | Bingo $0 | Fortune $0 | Tax $0
Seat 1: 2b6b6e6a collected ($0.25)
Seat 2: 4b643e05 folded before Flop (didn't bet)
Seat 3: 3eaf35d6 folded before Flop (didn't bet)
Seat 4: Hero (button) folded before Flop (didn't bet)
Seat 5: 9855460 (small blind) folded before Flop
Seat 6: d2e1a2b5 (big blind) folded before Flop


Poker Hand #HD1753941089: Hold'em No Limit ($0.05/$0.1) - 2024/05/01 11:42:40
Table 'NLHRed4' 6-max Seat #3 is the button
Seat 1: 2b6b6e6a ($10.95 in chips)
Seat 2: 4b643e05 ($24.56 in chips)
Seat 3: 3eaf35d6 ($10.85 in chips)
Seat 4: Hero ($12.05 in chips)
Seat 5: 9855460 ($16.01 in chips)
Seat 6: d2e1a2b5 ($10.08 in chips)
Hero: posts small blind $0.05
9855460: posts big blind $0.1
*** HOLE CARDS ***
Dealt to 2b6b6e6a 
Dealt to 4b643e05 
Dealt to 3eaf35d6 
Dealt to Hero [Jd Kc]
Dealt to 9855460 
Dealt to d2e1a2b5 
d2e1a2b5: folds
2b6b6e6a: raises $0.2 to $0.3
4b643e05: raises $0.57 to $0.87
3eaf35d6: folds
Hero: folds
9855460: folds
2b6b6e6a: calls $0.57
*** FLOP *** [8s Jc 9h]
2b6b6e6a: checks
4b643e05: checks
*** TURN *** [8s Jc 9h] [Jh]
2b6b6e6a: bets $0.4
4b643e05: folds
Uncalled bet ($0.4) returned to 2b6b6e6a
*** SHOWDOWN ***
2b6b6e6a collected $1.8 from pot
*** SUMMARY ***
Total pot $1.89 | Rake $0.09 | Jackpot $0 | Bingo $0 | Fortune $0 | Tax $0
Board [8s Jc 9h Jh]
Seat 1: 2b6b6e6a won ($1.8)
Seat 2: 4b643e05 folded on the Turn
Seat 3: 3eaf35d6 (button) folded before Flop (didn't bet)
Seat 4: Hero (small blind) folded before Flop
Seat 5: 9855460 (big blind) folded before Flop
Seat 6: d2e1a2b5 folded before Flop (didn't bet)


Poker Hand #HD1753941010: Hold'em No Limit ($0.05/$0.1) - 2024/05/01 11:41:31
Table 'NLHRed4' 6-max Seat #2 is the button
Seat 1: 2b6b6e6a ($10.06 in chips)
Seat 2: 4b643e05 ($24.56 in chips)
Seat 3: 3eaf35d6 ($10.9 in chips)
Seat 4: Hero ($12.15 in chips)
Seat 5: 9855460 ($16.84 in chips)
Seat 6: d2e1a2b5 ($10.08 in chips)
3eaf35d6: posts small blind $0.05
Hero: posts big blind $0.1
*** HOLE CARDS ***
Dealt to 2b6b6e6a 
Dealt to 4b643e05 
Dealt to 3eaf35d6 
Dealt to Hero [6s 2d]
Dealt to 9855460 
Dealt to d2e1a2b5 
9855460: raises $0.15 to $0.25
d2e1a2b5: folds
2b6b6e6a: calls $0.25
4b643e05: folds
3eaf35d6: folds
Hero: folds
*** FLOP *** [4c 4d Ac]
9855460: checks
2b6b6e6a: bets $0.22
9855460: calls $0.22
*** TURN *** [4c 4d Ac] [Tc]
9855460: checks
2b6b6e6a: checks
*** RIVER *** [4c 4d Ac Tc] [9h]
9855460: bets $0.36
2b6b6e6a: calls $0.36
9855460: shows [Kd Kc] (Pair of Kings and Pair of Fours)
2b6b6e6a: shows [Ad 3d] (Pair of Aces and Pair of Fours)
*** SHOWDOWN ***
2b6b6e6a collected $1.72 from pot
*** SUMMARY ***
Total pot $1.81 | Rake $0.09 | Jackpot $0 | Bingo $0 | Fortune $0 | Tax $0
Board [4c 4d Ac Tc 9h]
Seat 1: 2b6b6e6a showed [Ad 3d] and won ($1.72) with Pair of Aces and Pair of Fours
Seat 2: 4b643e05 (button) folded before Flop (didn't bet)
Seat 3: 3eaf35d6 (small blind) folded before Flop
Seat 4: Hero (big blind) folded before Flop
Seat 5: 9855460 showed [Kd Kc] and lost with Pair of Kings and Pair of Fours
Seat 6: d2e1a2b5 folded before Flop (didn't bet)


Poker Hand #HD1753940990: Hold'em No Limit ($0.05/$0.1) - 2024/05/01 11:41:14
Table 'NLHRed4' 6-max Seat #1 is the button
Seat 1: 2b6b6e6a ($9.73 in chips)
Seat 2: 4b643e05 ($24.61 in chips)
Seat 3: 3eaf35d6 ($11 in chips)
Seat 4: Hero ($12.35 in chips)
Seat 5: 9855460 ($16.84 in chips)
Seat 6: d2e1a2b5 ($10.08 in chips)
4b643e05: posts small blind $0.05
3eaf35d6: posts big blind $0.1
*** HOLE CARDS ***
Dealt to 2b6b6e6a 
Dealt to 4b643e05 
Dealt to 3eaf35d6 
Dealt to Hero [Jd 9d]
Dealt to 9855460 
Dealt to d2e1a2b5 
Hero: raises $0.1 to $0.2
9855460: folds
d2e1a2b5: folds
2b6b6e6a: raises $0.55 to $0.75
4b643e05: folds
3eaf35d6: folds
Hero: folds
Uncalled bet ($0.55) returned to 2b6b6e6a
*** SHOWDOWN ***
2b6b6e6a collected $0.53 from pot
*** SUMMARY ***
Total pot $0.55 | Rake $0.02 | Jackpot $0 | Bingo $0 | Fortune $0 | Tax $0
Seat 1: 2b6b6e6a (button) collected ($0.53)
Seat 2: 4b643e05 (small blind) folded before Flop
Seat 3: 3eaf35d6 (big blind) folded before Flop
Seat 4: Hero folded before Flop
Seat 5: 9855460 folded before Flop (didn't bet)
Seat 6: d2e1a2b5 folded before Flop (didn't bet)


Poker Hand #HD1753940964: Hold'em No Limit ($0.05/$0.1) - 2024/05/01 11:40:49
Table 'NLHRed4' 6-max Seat #6 is the button
Seat 1: 2b6b6e6a ($9.45 in chips)
Seat 2: 4b643e05 ($24.71 in chips)
Seat 3: 3eaf35d6 ($11 in chips)
Seat 4: Hero ($12.55 in chips)
Seat 5: 9855460 ($16.84 in chips)
Seat 6: d2e1a2b5 ($10.08 in chips)
2b6b6e6a: posts small blind $0.05
4b643e05: posts big blind $0.1
*** HOLE CARDS ***
Dealt to 2b6b6e6a 
Dealt to 4b643e05 
Dealt to 3eaf35d6 
Dealt to Hero [Jh Ad]
Dealt to 9855460 
Dealt to d2e1a2b5 
3eaf35d6: folds
Hero: raises $0.1 to $0.2
9855460: folds
d2e1a2b5: folds
2b6b6e6a: calls $0.15
4b643e05: folds
*** FLOP *** [4d 3h 4h]
2b6b6e6a: bets $0.17
Hero: folds
Uncalled bet ($0.17) returned to 2b6b6e6a
*** SHOWDOWN ***
2b6b6e6a collected $0.48 from pot
*** SUMMARY ***
Total pot $0.5 | Rake $0.02 | Jackpot $0 | Bingo $0 | Fortune $0 | Tax $0
Board [4d 3h 4h]
Seat 1: 2b6b6e6a (small blind) won ($0.48)
Seat 2: 4b643e05 (big blind) folded before Flop
Seat 3: 3eaf35d6 folded before Flop (didn't bet)
Seat 4: Hero folded on the Flop
Seat 5: 9855460 folded before Flop (didn't bet)
Seat 6: d2e1a2b5 (button) folded before Flop (didn't bet)


Poker Hand #HD1753940918: Hold'em No Limit ($0.05/$0.1) - 2024/05/01 11:40:07
Table 'NLHRed4' 6-max Seat #5 is the button
Seat 1: 2b6b6e6a ($9.55 in chips)
Seat 2: 4b643e05 ($25.51 in chips)
Seat 3: 3eaf35d6 ($10.13 in chips)
Seat 4: Hero ($12.55 in chips)
Seat 5: 9855460 ($16.84 in chips)
Seat 6: d2e1a2b5 ($10.13 in chips)
d2e1a2b5: posts small blind $0.05
2b6b6e6a: posts big blind $0.1
*** HOLE CARDS ***
Dealt to 2b6b6e6a 
Dealt to 4b643e05 
Dealt to 3eaf35d6 
Dealt to Hero [8d 2h]
Dealt to 9855460 
Dealt to d2e1a2b5 
4b643e05: raises $0.1 to $0.2
3eaf35d6: raises $0.6 to $0.8
Hero: folds
9855460: folds
d2e1a2b5: folds
2b6b6e6a: folds
4b643e05: calls $0.6
*** FLOP *** [7h 3d Js]
4b643e05: checks
3eaf35d6: bets $0.62
4b643e05: folds
Uncalled bet ($0.62) returned to 3eaf35d6
*** SHOWDOWN ***
3eaf35d6 collected $1.67 from pot
*** SUMMARY ***
Total pot $1.75 | Rake $0.08 | Jackpot $0 | Bingo $0 | Fortune $0 | Tax $0
Board [7h 3d Js]
Seat 1: 2b6b6e6a (big blind) folded before Flop
Seat 2: 4b643e05 folded on the Flop
Seat 3: 3eaf35d6 won ($1.67)
Seat 4: Hero folded before Flop (didn't bet)
Seat 5: 9855460 (button) folded before Flop (didn't bet)
Seat 6: d2e1a2b5 (small blind) folded before Flop


Poker Hand #HD1753940872: Hold'em No Limit ($0.05/$0.1) - 2024/05/01 11:39:24
Table 'NLHRed4' 6-max Seat #4 is the button
Seat 1: 2b6b6e6a ($9.55 in chips)
Seat 2: 4b643e05 ($25.51 in chips)
Seat 3: 3eaf35d6 ($10.13 in chips)
Seat 4: Hero ($12.55 in chips)
Seat 5: 9855460 ($16.89 in chips)
Seat 6: d2e1a2b5 ($10.08 in chips)
9855460: posts small blind $0.05
d2e1a2b5: posts big blind $0.1
*** HOLE CARDS ***
Dealt to 2b6b6e6a 
Dealt to 4b643e05 
Dealt to 3eaf35d6 
Dealt to Hero [Th 4c]
Dealt to 9855460 
Dealt to d2e1a2b5 
2b6b6e6a: folds
4b643e05: folds
3eaf35d6: folds
Hero: folds
9855460: folds
Uncalled bet ($0.05) returned to d2e1a2b5
*** SHOWDOWN ***
d2e1a2b5 collected $0.1 from pot
*** SUMMARY ***
Total pot $0.1 | Rake $0 | Jackpot $0 | Bingo $0 | Fortune $0 | Tax $0
Seat 1: 2b6b6e6a folded before Flop (didn't bet)
Seat 2: 4b643e05 folded before Flop (didn't bet)
Seat 3: 3eaf35d6 folded before Flop (didn't bet)
Seat 4: Hero (button) folded before Flop (didn't bet)
Seat 5: 9855460 (small blind) folded before Flop
Seat 6: d2e1a2b5 (big blind) collected ($0.1)


Poker Hand #HD1753940845: Hold'em No Limit ($0.05/$0.1) - 2024/05/01 11:38:57
Table 'NLHRed4' 6-max Seat #3 is the button
Seat 1: 2b6b6e6a ($9.85 in chips)
Seat 2: 4b643e05 ($25.09 in chips)
Seat 3: 3eaf35d6 ($10.13 in chips)
Seat 4: Hero ($12.6 in chips)
Seat 5: 9855460 ($16.99 in chips)
Seat 6: d2e1a2b5 ($10.08 in chips)
Hero: posts small blind $0.05
9855460: posts big blind $0.1
*** HOLE CARDS ***
Dealt to 2b6b6e6a 
Dealt to 4b643e05 
Dealt to 3eaf35d6 
Dealt to Hero [5c 2d]
Dealt to 9855460 
Dealt to d2e1a2b5 
d2e1a2b5: folds
2b6b6e6a: raises $0.2 to $0.3
4b643e05: raises $0.57 to $0.87
3eaf35d6: folds
Hero: folds
9855460: folds
2b6b6e6a: folds
Uncalled bet ($0.57) returned to 4b643e05
*** SHOWDOWN ***
4b643e05 collected $0.72 from pot
*** SUMMARY ***
Total pot $0.75 | Rake $0.03 | Jackpot $0 | Bingo $0 | Fortune $0 | Tax $0
Seat 1: 2b6b6e6a folded before Flop
Seat 2: 4b643e05 collected ($0.72)
Seat 3: 3eaf35d6 (button) folded before Flop (didn't bet)
Seat 4: Hero (small blind) folded before Flop
Seat 5: 9855460 (big blind) folded before Flop
Seat 6: d2e1a2b5 folded before Flop (didn't bet)


Poker Hand #HD1753940828: Hold'em No Limit ($0.05/$0.1) - 2024/05/01 11:38:46
Table 'NLHRed4' 6-max Seat #2 is the button
Seat 1: 2b6b6e6a ($9.85 in chips)
Seat 2: 4b643e05 ($25.09 in chips)
Seat 3: 3eaf35d6 ($10.18 in chips)
Seat 4: Hero ($12.55 in chips)
Seat 5: 9855460 ($16.99 in chips)
Seat 6: d2e1a2b5 ($10.08 in chips)
3eaf35d6: posts small blind $0.05
Hero: posts big blind $0.1
*** HOLE CARDS ***
Dealt to 2b6b6e6a 
Dealt to 4b643e05 
Dealt to 3eaf35d6 
Dealt to Hero [4c Jc]
Dealt to 9855460 
Dealt to d2e1a2b5 
9855460: folds
d2e1a2b5: folds
2b6b6e6a: folds
4b643e05: folds
3eaf35d6: folds
Uncalled bet ($0.05) returned to Hero
*** SHOWDOWN ***
Hero collected $0.1 from pot
*** SUMMARY ***
Total pot $0.1 | Rake $0 | Jackpot $0 | Bingo $0 | Fortune $0 | Tax $0
Seat 1: 2b6b6e6a folded before Flop (didn't bet)
Seat 2: 4b643e05 (button) folded before Flop (didn't bet)
Seat 3: 3eaf35d6 (small blind) folded before Flop
Seat 4: Hero (big blind) collected ($0.1)
Seat 5: 9855460 folded before Flop (didn't bet)
Seat 6: d2e1a2b5 folded before Flop (didn't bet)


Poker Hand #HD1753940781: Hold'em No Limit ($0.05/$0.1) - 2024/05/01 11:38:04
Table 'NLHRed4' 6-max Seat #1 is the button
Seat 1: 2b6b6e6a ($9.53 in chips)
Seat 2: 4b643e05 ($25.14 in chips)
Seat 3: 3eaf35d6 ($10.48 in chips)
Seat 4: Hero ($12.55 in chips)
Seat 5: 9855460 ($16.99 in chips)
Seat 6: d2e1a2b5 ($10.08 in chips)
4b643e05: posts small blind $0.05
3eaf35d6: posts big blind $0.1
*** HOLE CARDS ***
Dealt to 2b6b6e6a 
Dealt to 4b643e05 
Dealt to 3eaf35d6 
Dealt to Hero [4h 4d]
Dealt to 9855460 
Dealt to d2e1a2b5 
Hero: folds
9855460: folds
d2e1a2b5: folds
2b6b6e6a: raises $0.2 to $0.3
4b643e05: folds
3eaf35d6: calls $0.2
*** FLOP *** [7s 6c 2c]
3eaf35d6: checks
2b6b6e6a: bets $0.22
3eaf35d6: folds
Uncalled bet ($0.22) returned to 2b6b6e6a
*** SHOWDOWN ***
2b6b6e6a collected $0.62 from pot
*** SUMMARY ***
Total pot $0.65 | Rake $0.03 | Jackpot $0 | Bingo $0 | Fortune $0 | Tax $0
Board [7s 6c 2c]
Seat 1: 2b6b6e6a (button) won ($0.62)
Seat 2: 4b643e05 (small blind) folded before Flop
Seat 3: 3eaf35d6 (big blind) folded on the Flop
Seat 4: Hero folded before Flop (didn't bet)
Seat 5: 9855460 folded before Flop (didn't bet)
Seat 6: d2e1a2b5 folded before Flop (didn't bet)


Poker Hand #HD1753940759: Hold'em No Limit ($0.05/$0.1) - 2024/05/01 11:37:47
Table 'NLHRed4' 6-max Seat #6 is the button
Seat 1: 2b6b6e6a ($9.58 in chips)
Seat 2: 4b643e05 ($25.09 in chips)
Seat 3: 3eaf35d6 ($10.48 in chips)
Seat 4: Hero ($12.55 in chips)
Seat 5: 9855460 ($16.99 in chips)
Seat 6: d2e1a2b5 ($10.08 in chips)
2b6b6e6a: posts small blind $0.05
4b643e05: posts big blind $0.1
*** HOLE CARDS ***
Dealt to 2b6b6e6a 
Dealt to 4b643e05 
Dealt to 3eaf35d6 
Dealt to Hero [Jd 4c]
Dealt to 9855460 
Dealt to d2e1a2b5 
3eaf35d6: folds
Hero: folds
9855460: folds
d2e1a2b5: folds
2b6b6e6a: folds
Uncalled bet ($0.05) returned to 4b643e05
*** SHOWDOWN ***
4b643e05 collected $0.1 from pot
*** SUMMARY ***
Total pot $0.1 | Rake $0 | Jackpot $0 | Bingo $0 | Fortune $0 | Tax $0
Seat 1: 2b6b6e6a (small blind) folded before Flop
Seat 2: 4b643e05 (big blind) collected ($0.1)
Seat 3: 3eaf35d6 folded before Flop (didn't bet)
Seat 4: Hero folded before Flop (didn't bet)
Seat 5: 9855460 folded before Flop (didn't bet)
Seat 6: d2e1a2b5 (button) folded before Flop (didn't bet)


Poker Hand #HD1753940719: Hold'em No Limit ($0.05/$0.1) - 2024/05/01 11:37:15
Table 'NLHRed4' 6-max Seat #5 is the button
Seat 1: 2b6b6e6a ($9.83 in chips)
Seat 2: 4b643e05 ($25.09 in chips)
Seat 3: 3eaf35d6 ($10.48 in chips)
Seat 4: Hero ($12.55 in chips)
Seat 5: 9855460 ($16.99 in chips)
Seat 6: d2e1a2b5 ($9.85 in chips)
d2e1a2b5: posts small blind $0.05
2b6b6e6a: posts big blind $0.1
*** HOLE CARDS ***
Dealt to 2b6b6e6a 
Dealt to 4b643e05 
Dealt to 3eaf35d6 
Dealt to Hero [Jd 6c]
Dealt to 9855460 
Dealt to d2e1a2b5 
4b643e05: folds
3eaf35d6: folds
Hero: folds
9855460: folds
d2e1a2b5: raises $0.15 to $0.25
2b6b6e6a: calls $0.15
*** FLOP *** [5d Th Jc]
d2e1a2b5: bets $0.25
2b6b6e6a: folds
Uncalled bet ($0.25) returned to d2e1a2b5
*** SHOWDOWN ***
d2e1a2b5 collected $0.48 from pot
*** SUMMARY ***
Total pot $0.5 | Rake $0.02 | Jackpot $0 | Bingo $0 | Fortune $0 | Tax $0
Board [5d Th Jc]
Seat 1: 2b6b6e6a (big blind) folded on the Flop
Seat 2: 4b643e05 folded before Flop (didn't bet)
Seat 3: 3eaf35d6 folded before Flop (didn't bet)
Seat 4: Hero folded before Flop (didn't bet)
Seat 5: 9855460 (button) folded before Flop (didn't bet)
Seat 6: d2e1a2b5 (small blind) won ($0.48)


Poker Hand #HD1753940705: Hold'em No Limit ($0.05/$0.1) - 2024/05/01 11:37:00
Table 'NLHRed4' 6-max Seat #4 is the button
Seat 1: 2b6b6e6a ($9.83 in chips)
Seat 2: 4b643e05 ($25.09 in chips)
Seat 3: 3eaf35d6 ($10.33 in chips)
Seat 4: Hero ($12.55 in chips)
Seat 5: 9855460 ($17.04 in chips)
Seat 6: d2e1a2b5 ($9.95 in chips)
9855460: posts small blind $0.05
d2e1a2b5: posts big blind $0.1
*** HOLE CARDS ***
Dealt to 2b6b6e6a 
Dealt to 4b643e05 
Dealt to 3eaf35d6 
Dealt to Hero [4h 5d]
Dealt to 9855460 
Dealt to d2e1a2b5 
2b6b6e6a: folds
4b643e05: folds
3eaf35d6: raises $0.2 to $0.3
Hero: folds
9855460: folds
d2e1a2b5: folds
Uncalled bet ($0.2) returned to 3eaf35d6
*** SHOWDOWN ***
3eaf35d6 collected $0.25 from pot
*** SUMMARY ***
Total pot $0.25 | Rake $0 | Jackpot $0 | Bingo $0 | Fortune $0 | Tax $0
Seat 1: 2b6b6e6a folded before Flop (didn't bet)
Seat 2: 4b643e05 folded before Flop (didn't bet)
Seat 3: 3eaf35d6 collected ($0.25)
Seat 4: Hero (button) folded before Flop (didn't bet)
Seat 5: 9855460 (small blind) folded before Flop
Seat 6: d2e1a2b5 (big blind) folded before Flop


Poker Hand #HD1753940672: Hold'em No Limit ($0.05/$0.1) - 2024/05/01 11:36:32
Table 'NLHRed4' 6-max Seat #3 is the button
Seat 1: 2b6b6e6a ($9.83 in chips)
Seat 2: 4b643e05 ($25.29 in chips)
Seat 3: 3eaf35d6 ($10 in chips)
Seat 4: Hero ($12.6 in chips)
Seat 5: 9855460 ($17.14 in chips)
Seat 6: d2e1a2b5 ($9.95 in chips)
Hero: posts small blind $0.05
9855460: posts big blind $0.1
*** HOLE CARDS ***
Dealt to 2b6b6e6a 
Dealt to 4b643e05 
Dealt to 3eaf35d6 
Dealt to Hero [7c 4h]
Dealt to 9855460 
Dealt to d2e1a2b5 
d2e1a2b5: folds
2b6b6e6a: folds
4b643e05: raises $0.1 to $0.2
3eaf35d6: raises $0.6 to $0.8
Hero: folds
9855460: folds
4b643e05: folds
Uncalled bet ($0.6) returned to 3eaf35d6
*** SHOWDOWN ***
3eaf35d6 collected $0.53 from pot
*** SUMMARY ***
Total pot $0.55 | Rake $0.02 | Jackpot $0 | Bingo $0 | Fortune $0 | Tax $0
Seat 1: 2b6b6e6a folded before Flop (didn't bet)
Seat 2: 4b643e05 folded before Flop
Seat 3: 3eaf35d6 (button) collected ($0.53)
Seat 4: Hero (small blind) folded before Flop
Seat 5: 9855460 (big blind) folded before Flop
Seat 6: d2e1a2b5 folded before Flop (didn't bet)


Poker Hand #HD1753940576: Hold'em No Limit ($0.05/$0.1) - 2024/05/01 11:34:56
Table 'NLHRed4' 6-max Seat #2 is the button
Seat 1: 2b6b6e6a ($9.83 in chips)
Seat 2: 4b643e05 ($25.29 in chips)
Seat 3: 3eaf35d6 ($10 in chips)
Seat 4: Hero ($10 in chips)
Seat 5: 9855460 ($17.14 in chips)
Seat 6: d2e1a2b5 ($9.95 in chips)
3eaf35d6: posts small blind $0.05
Hero: posts big blind $0.1
*** HOLE CARDS ***
Dealt to 2b6b6e6a 
Dealt to 4b643e05 
Dealt to 3eaf35d6 
Dealt to Hero [Qc Qd]
Dealt to 9855460 
Dealt to d2e1a2b5 
9855460: folds
d2e1a2b5: folds
2b6b6e6a: folds
4b643e05: folds
3eaf35d6: raises $0.15 to $0.25
Hero: raises $0.55 to $0.8
3eaf35d6: calls $0.55
*** FLOP *** [3c 6h 5c]
3eaf35d6: checks
Hero: bets $0.8
3eaf35d6: raises $8.4 to $9.2 and is all-in
Hero: calls $8.4 and is all-in
3eaf35d6: shows [7c 8c] (Eight-High)
Hero: shows [Qc Qd] (Pair of Queens)
*** FIRST TURN *** [3c 6h 5c] [Ac]
*** FIRST RIVER *** [3c 6h 5c Ac] [3d]
*** SECOND TURN *** [3c 6h 5c] [8s]
*** SECOND RIVER *** [3c 6h 5c 8s] [Jh]
*** THIRD TURN *** [3c 6h 5c] [5h]
*** THIRD RIVER *** [3c 6h 5c 5h] [As]
*** FIRST SHOWDOWN ***
3eaf35d6 collected $6.31 from pot
*** SECOND SHOWDOWN ***
Hero collected $6.3 from pot
*** THIRD SHOWDOWN ***
Hero collected $6.3 from pot
*** SUMMARY ***
Total pot $20 | Rake $0.99 | Jackpot $0.1 | Bingo $0 | Fortune $0 | Tax $0
Hand was run three times
FIRST Board [3c 6h 5c Ac 3d]
SECOND Board [8s Jh]
THIRD Board [5h As]
Seat 1: 2b6b6e6a folded before Flop (didn't bet)
Seat 2: 4b643e05 (button) folded before Flop (didn't bet)
Seat 3: 3eaf35d6 (small blind) showed [7c 8c] and won ($6.31) with Ace High Flush, and lost, and lost
Seat 4: Hero (big blind) showed [Qc Qd] and lost with Pair of Queens and Pair of Treys, and won ($6.3), and won ($6.3)
Seat 5: 9855460 folded before Flop (didn't bet)
Seat 6: d2e1a2b5 folded before Flop (didn't bet)


