Poker Hand #HD1809494874: Hold'em No Limit ($0.05/$0.1) - 2024/06/10 17:30:00
Table 'NLHRed42' 6-max Seat #1 is the button
Seat 1: a87ee06f ($11.09 in chips)
Seat 2: 50300e91 ($11.44 in chips)
Seat 3: Hero ($10 in chips)
Seat 4: 6cf4dac ($10 in chips)
Seat 5: d6cf9cd2 ($6.41 in chips)
Seat 6: 7a31debc ($10.1 in chips)
50300e91: posts small blind $0.05
Hero: posts big blind $0.1
*** HOLE CARDS ***
Dealt to a87ee06f 
Dealt to 50300e91 
Dealt to Hero [9d 7c]
Dealt to 6cf4dac 
Dealt to d6cf9cd2 
Dealt to 7a31debc 
6cf4dac: folds
d6cf9cd2: raises $0.1 to $0.2
7a31debc: folds
a87ee06f: calls $0.2
50300e91: folds
Hero: folds
*** FLOP *** [8c 6d Jh]
d6cf9cd2: checks
a87ee06f: bets $0.28
d6cf9cd2: calls $0.28
*** TURN *** [8c 6d Jh] [2h]
d6cf9cd2: checks
a87ee06f: bets $0.56
d6cf9cd2: folds
Uncalled bet ($0.56) returned to a87ee06f
*** SHOWDOWN ***
a87ee06f collected $1.06 from pot
*** SUMMARY ***
Total pot $1.11 | Rake $0.05 | Jackpot $0 | Bingo $0 | Fortune $0 | Tax $0
Board [8c 6d Jh 2h]
Seat 1: a87ee06f (button) won ($1.06)
Seat 2: 50300e91 (small blind) folded before Flop
Seat 3: Hero (big blind) folded before Flop
Seat 4: 6cf4dac folded before Flop (didn't bet)
Seat 5: d6cf9cd2 folded on the Turn
Seat 6: 7a31debc folded before Flop (didn't bet)


Poker Hand #HD1809494741: Hold'em No Limit ($0.05/$0.1) - 2024/06/10 17:28:57
Table 'NLHRed42' 6-max Seat #6 is the button
Seat 1: a87ee06f ($10.72 in chips)
Seat 2: 50300e91 ($11.64 in chips)
Seat 3: Hero ($10 in chips)
Seat 4: 6cf4dac ($10 in chips)
Seat 5: d6cf9cd2 ($6.61 in chips)
Seat 6: 7a31debc ($10.1 in chips)
a87ee06f: posts small blind $0.05
50300e91: posts big blind $0.1
*** HOLE CARDS ***
Dealt to a87ee06f 
Dealt to 50300e91 
Dealt to Hero [3s Td]
Dealt to 6cf4dac 
Dealt to d6cf9cd2 
Dealt to 7a31debc 
Hero: folds
6cf4dac: folds
d6cf9cd2: raises $0.1 to $0.2
7a31debc: folds
a87ee06f: calls $0.15
50300e91: calls $0.1
*** FLOP *** [Qs Jh 6s]
a87ee06f: checks
50300e91: checks
d6cf9cd2: checks
*** TURN *** [Qs Jh 6s] [Ad]
a87ee06f: checks
50300e91: checks
d6cf9cd2: checks
*** RIVER *** [Qs Jh 6s Ad] [Jc]
a87ee06f: checks
50300e91: checks
d6cf9cd2: checks
a87ee06f: shows [8d Ac] (Pair of Aces and Pair of Jacks)
50300e91: shows [8h 7d] (Pair of Jacks)
d6cf9cd2: shows [2h Kh] (Pair of Jacks)
*** SHOWDOWN ***
a87ee06f collected $0.57 from pot
*** SUMMARY ***
Total pot $0.6 | Rake $0.03 | Jackpot $0 | Bingo $0 | Fortune $0 | Tax $0
Board [Qs Jh 6s Ad Jc]
Seat 1: a87ee06f (small blind) showed [8d Ac] and won ($0.57) with Pair of Aces and Pair of Jacks
Seat 2: 50300e91 (big blind) showed [8h 7d] and lost with Pair of Jacks
Seat 3: Hero folded before Flop (didn't bet)
Seat 4: 6cf4dac folded before Flop (didn't bet)
Seat 5: d6cf9cd2 showed [2h Kh] and lost with Pair of Jacks
Seat 6: 7a31debc (button) folded before Flop (didn't bet)


Poker Hand #HD1809494694: Hold'em No Limit ($0.05/$0.1) - 2024/06/10 17:28:32
Table 'NLHRed42' 6-max Seat #5 is the button
Seat 1: a87ee06f ($10.82 in chips)
Seat 2: 50300e91 ($11.64 in chips)
Seat 3: Hero ($10 in chips)
Seat 4: 6cf4dac ($10 in chips)
Seat 5: d6cf9cd2 ($6.61 in chips)
Seat 6: 7a31debc ($10 in chips)
7a31debc: posts small blind $0.05
a87ee06f: posts big blind $0.1
*** HOLE CARDS ***
Dealt to a87ee06f 
Dealt to 50300e91 
Dealt to Hero [6d 3s]
Dealt to 6cf4dac 
Dealt to d6cf9cd2 
Dealt to 7a31debc 
50300e91: folds
Hero: folds
6cf4dac: folds
d6cf9cd2: folds
7a31debc: raises $0.2 to $0.3
a87ee06f: folds
Uncalled bet ($0.2) returned to 7a31debc
*** SHOWDOWN ***
7a31debc collected $0.2 from pot
*** SUMMARY ***
Total pot $0.2 | Rake $0 | Jackpot $0 | Bingo $0 | Fortune $0 | Tax $0
Seat 1: a87ee06f (big blind) folded before Flop
Seat 2: 50300e91 folded before Flop (didn't bet)
Seat 3: Hero folded before Flop (didn't bet)
Seat 4: 6cf4dac folded before Flop (didn't bet)
Seat 5: d6cf9cd2 (button) folded before Flop (didn't bet)
Seat 6: 7a31debc (small blind) collected ($0.2)


Poker Hand #HD1809494558: Hold'em No Limit ($0.05/$0.1) - 2024/06/10 17:27:29
Table 'NLHRed42' 6-max Seat #4 is the button
Seat 1: a87ee06f ($10.83 in chips)
Seat 2: 50300e91 ($11.64 in chips)
Seat 3: Hero ($10 in chips)
Seat 4: 6cf4dac ($10 in chips)
Seat 5: d6cf9cd2 ($6.66 in chips)
Seat 6: 7a31debc ($10 in chips)
d6cf9cd2: posts small blind $0.05
7a31debc: posts big blind $0.1
*** HOLE CARDS ***
Dealt to a87ee06f 
Dealt to 50300e91 
Dealt to Hero [4d Ac]
Dealt to 6cf4dac 
Dealt to d6cf9cd2 
Dealt to 7a31debc 
a87ee06f: calls $0.1
50300e91: folds
Hero: folds
6cf4dac: folds
d6cf9cd2: folds
7a31debc: checks
*** FLOP *** [Ks Tc 4c]
7a31debc: bets $0.2
a87ee06f: calls $0.2
*** TURN *** [Ks Tc 4c] [2h]
7a31debc: bets $0.45
a87ee06f: calls $0.45
*** RIVER *** [Ks Tc 4c 2h] [2c]
7a31debc: checks
a87ee06f: checks
7a31debc: shows [Kc 3s] (Pair of Kings and Pair of Twos)
a87ee06f: shows [Kh 9c] (Pair of Kings and Pair of Twos)
*** SHOWDOWN ***
7a31debc collected $0.75 from pot
a87ee06f collected $0.74 from pot
*** SUMMARY ***
Total pot $1.55 | Rake $0.06 | Jackpot $0 | Bingo $0 | Fortune $0 | Tax $0
Board [Ks Tc 4c 2h 2c]
Seat 1: a87ee06f showed [Kh 9c] and won ($0.74) with Pair of Kings and Pair of Twos
Seat 2: 50300e91 folded before Flop (didn't bet)
Seat 3: Hero folded before Flop (didn't bet)
Seat 4: 6cf4dac (button) folded before Flop (didn't bet)
Seat 5: d6cf9cd2 (small blind) folded before Flop
Seat 6: 7a31debc (big blind) showed [Kc 3s] and won ($0.75) with Pair of Kings and Pair of Twos


Poker Hand #HD1809494497: Hold'em No Limit ($0.05/$0.1) - 2024/06/10 17:26:58
Table 'NLHRed42' 6-max Seat #3 is the button
Seat 1: a87ee06f ($10.83 in chips)
Seat 2: 50300e91 ($11.49 in chips)
Seat 3: Hero ($10 in chips)
Seat 4: 6cf4dac ($10 in chips)
Seat 5: d6cf9cd2 ($6.76 in chips)
6cf4dac: posts small blind $0.05
d6cf9cd2: posts big blind $0.1
*** HOLE CARDS ***
Dealt to a87ee06f 
Dealt to 50300e91 
Dealt to Hero [7c Ah]
Dealt to 6cf4dac 
Dealt to d6cf9cd2 
a87ee06f: folds
50300e91: raises $0.2 to $0.3
Hero: folds
6cf4dac: folds
d6cf9cd2: folds
Uncalled bet ($0.2) returned to 50300e91
*** SHOWDOWN ***
50300e91 collected $0.25 from pot
*** SUMMARY ***
Total pot $0.25 | Rake $0 | Jackpot $0 | Bingo $0 | Fortune $0 | Tax $0
Seat 1: a87ee06f folded before Flop (didn't bet)
Seat 2: 50300e91 collected ($0.25)
Seat 3: Hero (button) folded before Flop (didn't bet)
Seat 4: 6cf4dac (small blind) folded before Flop
Seat 5: d6cf9cd2 (big blind) folded before Flop


Poker Hand #HD1809494431: Hold'em No Limit ($0.05/$0.1) - 2024/06/10 17:26:30
Table 'NLHRed42' 6-max Seat #2 is the button
Seat 1: a87ee06f ($10.83 in chips)
Seat 2: 50300e91 ($11.34 in chips)
Seat 3: Hero ($10.05 in chips)
Seat 4: 6cf4dac ($10 in chips)
Seat 5: d6cf9cd2 ($6.76 in chips)
Hero: posts small blind $0.05
6cf4dac: posts big blind $0.1
*** HOLE CARDS ***
Dealt to a87ee06f 
Dealt to 50300e91 
Dealt to Hero [5c 8c]
Dealt to 6cf4dac 
Dealt to d6cf9cd2 
d6cf9cd2: folds
a87ee06f: folds
50300e91: raises $0.2 to $0.3
Hero: folds
6cf4dac: folds
Uncalled bet ($0.2) returned to 50300e91
*** SHOWDOWN ***
50300e91 collected $0.25 from pot
*** SUMMARY ***
Total pot $0.25 | Rake $0 | Jackpot $0 | Bingo $0 | Fortune $0 | Tax $0
Seat 1: a87ee06f folded before Flop (didn't bet)
Seat 2: 50300e91 (button) collected ($0.25)
Seat 3: Hero (small blind) folded before Flop
Seat 4: 6cf4dac (big blind) folded before Flop
Seat 5: d6cf9cd2 folded before Flop (didn't bet)


Poker Hand #HD1809494412: Hold'em No Limit ($0.05/$0.1) - 2024/06/10 17:26:18
Table 'NLHRed42' 6-max Seat #1 is the button
Seat 1: a87ee06f ($10.83 in chips)
Seat 2: 50300e91 ($11.39 in chips)
Seat 3: Hero ($10 in chips)
Seat 4: 6cf4dac ($10 in chips)
Seat 5: d6cf9cd2 ($6.76 in chips)
Seat 6: 66ef7c64 ($5.08 in chips)
50300e91: posts small blind $0.05
Hero: posts big blind $0.1
*** HOLE CARDS ***
Dealt to a87ee06f 
Dealt to 50300e91 
Dealt to Hero [Js Kd]
Dealt to 6cf4dac 
Dealt to d6cf9cd2 
Dealt to 66ef7c64 
6cf4dac: folds
d6cf9cd2: folds
66ef7c64: folds
a87ee06f: folds
50300e91: folds
Uncalled bet ($0.05) returned to Hero
*** SHOWDOWN ***
Hero collected $0.1 from pot
*** SUMMARY ***
Total pot $0.1 | Rake $0 | Jackpot $0 | Bingo $0 | Fortune $0 | Tax $0
Seat 1: a87ee06f (button) folded before Flop (didn't bet)
Seat 2: 50300e91 (small blind) folded before Flop
Seat 3: Hero (big blind) collected ($0.1)
Seat 4: 6cf4dac folded before Flop (didn't bet)
Seat 5: d6cf9cd2 folded before Flop (didn't bet)
Seat 6: 66ef7c64 folded before Flop (didn't bet)


