Poker Hand #HD1716957688: Hold'em No Limit ($0.02/$0.05) - 2024/04/05 16:42:54
Table 'NLHBlue7' 6-max Seat #3 is the button
Seat 1: Hero ($5.37 in chips)
Seat 2: 11fa9c20 ($5 in chips)
Seat 3: f422cf1f ($14.93 in chips)
Seat 4: b373e333 ($5.02 in chips)
Seat 5: 200a765a ($4.89 in chips)
Seat 6: 4dceafb0 ($5.33 in chips)
b373e333: posts small blind $0.02
200a765a: posts big blind $0.05
*** HOLE CARDS ***
Dealt to Hero [7s 7h]
Dealt to 11fa9c20 
Dealt to f422cf1f 
Dealt to b373e333 
Dealt to 200a765a 
Dealt to 4dceafb0 
4dceafb0: folds
Hero: folds
11fa9c20: folds
f422cf1f: folds
b373e333: raises $0.08 to $0.13
200a765a: calls $0.08
*** FLOP *** [Kc 3h 9c]
b373e333: checks
200a765a: checks
*** TURN *** [Kc 3h 9c] [Ac]
b373e333: bets $0.13
200a765a: folds
Uncalled bet ($0.13) returned to b373e333
*** SHOWDOWN ***
b373e333 collected $0.25 from pot
*** SUMMARY ***
Total pot $0.26 | Rake $0.01 | Jackpot $0 | Bingo $0 | Fortune $0 | Tax $0
Board [Kc 3h 9c Ac]
Seat 1: Hero folded before Flop (didn't bet)
Seat 2: 11fa9c20 folded before Flop (didn't bet)
Seat 3: f422cf1f (button) folded before Flop (didn't bet)
Seat 4: b373e333 (small blind) won ($0.25)
Seat 5: 200a765a (big blind) folded on the Turn
Seat 6: 4dceafb0 folded before Flop (didn't bet)


Poker Hand #HD1716957636: Hold'em No Limit ($0.02/$0.05) - 2024/04/05 16:42:34
Table 'NLHBlue7' 6-max Seat #2 is the button
Seat 1: Hero ($5.37 in chips)
Seat 2: 11fa9c20 ($5 in chips)
Seat 3: f422cf1f ($14.95 in chips)
Seat 4: b373e333 ($5 in chips)
Seat 5: 200a765a ($4.89 in chips)
Seat 6: 4dceafb0 ($5.33 in chips)
f422cf1f: posts small blind $0.02
b373e333: posts big blind $0.05
*** HOLE CARDS ***
Dealt to Hero [7c Ah]
Dealt to 11fa9c20 
Dealt to f422cf1f 
Dealt to b373e333 
Dealt to 200a765a 
Dealt to 4dceafb0 
200a765a: folds
4dceafb0: folds
Hero: folds
11fa9c20: folds
f422cf1f: folds
Uncalled bet ($0.03) returned to b373e333
*** SHOWDOWN ***
b373e333 collected $0.04 from pot
*** SUMMARY ***
Total pot $0.04 | Rake $0 | Jackpot $0 | Bingo $0 | Fortune $0 | Tax $0
Seat 1: Hero folded before Flop (didn't bet)
Seat 2: 11fa9c20 (button) folded before Flop (didn't bet)
Seat 3: f422cf1f (small blind) folded before Flop
Seat 4: b373e333 (big blind) collected ($0.04)
Seat 5: 200a765a folded before Flop (didn't bet)
Seat 6: 4dceafb0 folded before Flop (didn't bet)


Poker Hand #HD1716957601: Hold'em No Limit ($0.02/$0.05) - 2024/04/05 16:42:22
Table 'NLHBlue7' 6-max Seat #1 is the button
Seat 1: Hero ($5.37 in chips)
Seat 2: 11fa9c20 ($5 in chips)
Seat 3: f422cf1f ($15 in chips)
Seat 5: 200a765a ($4.89 in chips)
Seat 6: 4dceafb0 ($5.26 in chips)
11fa9c20: posts small blind $0.02
f422cf1f: posts big blind $0.05
*** HOLE CARDS ***
Dealt to Hero [9d Jh]
Dealt to 11fa9c20 
Dealt to f422cf1f 
Dealt to 200a765a 
Dealt to 4dceafb0 
200a765a: folds
4dceafb0: raises $0.1 to $0.15
Hero: folds
11fa9c20: folds
f422cf1f: folds
Uncalled bet ($0.1) returned to 4dceafb0
*** SHOWDOWN ***
4dceafb0 collected $0.12 from pot
*** SUMMARY ***
Total pot $0.12 | Rake $0 | Jackpot $0 | Bingo $0 | Fortune $0 | Tax $0
Seat 1: Hero (button) folded before Flop (didn't bet)
Seat 2: 11fa9c20 (small blind) folded before Flop
Seat 3: f422cf1f (big blind) folded before Flop
Seat 5: 200a765a folded before Flop (didn't bet)
Seat 6: 4dceafb0 collected ($0.12)


Poker Hand #HD1716957570: Hold'em No Limit ($0.02/$0.05) - 2024/04/05 16:42:09
Table 'NLHBlue7' 6-max Seat #6 is the button
Seat 1: Hero ($5.32 in chips)
Seat 2: 11fa9c20 ($5 in chips)
Seat 3: f422cf1f ($15 in chips)
Seat 5: 200a765a ($4.89 in chips)
Seat 6: 4dceafb0 ($5.26 in chips)
Hero: posts small blind $0.02
11fa9c20: posts big blind $0.05
*** HOLE CARDS ***
Dealt to Hero [Tc Jh]
Dealt to 11fa9c20 
Dealt to f422cf1f 
Dealt to 200a765a 
Dealt to 4dceafb0 
f422cf1f: folds
200a765a: folds
4dceafb0: folds
Hero: raises $0.1 to $0.15
11fa9c20: folds
Uncalled bet ($0.1) returned to Hero
*** SHOWDOWN ***
Hero collected $0.1 from pot
*** SUMMARY ***
Total pot $0.1 | Rake $0 | Jackpot $0 | Bingo $0 | Fortune $0 | Tax $0
Seat 1: Hero (small blind) collected ($0.1)
Seat 2: 11fa9c20 (big blind) folded before Flop
Seat 3: f422cf1f folded before Flop (didn't bet)
Seat 5: 200a765a folded before Flop (didn't bet)
Seat 6: 4dceafb0 (button) folded before Flop (didn't bet)


Poker Hand #HD1716957529: Hold'em No Limit ($0.02/$0.05) - 2024/04/05 16:41:54
Table 'NLHBlue7' 6-max Seat #5 is the button
Seat 1: Hero ($5.37 in chips)
Seat 3: f422cf1f ($14.93 in chips)
Seat 5: 200a765a ($4.89 in chips)
Seat 6: 4dceafb0 ($5.28 in chips)
4dceafb0: posts small blind $0.02
Hero: posts big blind $0.05
*** HOLE CARDS ***
Dealt to Hero [4c 6h]
Dealt to f422cf1f 
Dealt to 200a765a 
Dealt to 4dceafb0 
f422cf1f: raises $0.07 to $0.12
200a765a: folds
4dceafb0: folds
Hero: folds
Uncalled bet ($0.07) returned to f422cf1f
*** SHOWDOWN ***
f422cf1f collected $0.12 from pot
*** SUMMARY ***
Total pot $0.12 | Rake $0 | Jackpot $0 | Bingo $0 | Fortune $0 | Tax $0
Seat 1: Hero (big blind) folded before Flop
Seat 3: f422cf1f collected ($0.12)
Seat 5: 200a765a (button) folded before Flop (didn't bet)
Seat 6: 4dceafb0 (small blind) folded before Flop


Poker Hand #HD1716957410: Hold'em No Limit ($0.02/$0.05) - 2024/04/05 16:41:10
Table 'NLHBlue7' 6-max Seat #3 is the button
Seat 1: Hero ($5.37 in chips)
Seat 3: f422cf1f ($14.93 in chips)
Seat 5: 200a765a ($5.02 in chips)
Seat 6: 4dceafb0 ($5.16 in chips)
200a765a: posts small blind $0.02
4dceafb0: posts big blind $0.05
*** HOLE CARDS ***
Dealt to Hero [8s 5c]
Dealt to f422cf1f 
Dealt to 200a765a 
Dealt to 4dceafb0 
Hero: folds
f422cf1f: folds
200a765a: raises $0.08 to $0.13
4dceafb0: calls $0.08
*** FLOP *** [Ac 7d 5s]
200a765a: checks
4dceafb0: checks
*** TURN *** [Ac 7d 5s] [9s]
200a765a: checks
4dceafb0: bets $0.09
200a765a: folds
Uncalled bet ($0.09) returned to 4dceafb0
*** SHOWDOWN ***
4dceafb0 collected $0.25 from pot
*** SUMMARY ***
Total pot $0.26 | Rake $0.01 | Jackpot $0 | Bingo $0 | Fortune $0 | Tax $0
Board [Ac 7d 5s 9s]
Seat 1: Hero folded before Flop (didn't bet)
Seat 3: f422cf1f (button) folded before Flop (didn't bet)
Seat 5: 200a765a (small blind) folded on the Turn
Seat 6: 4dceafb0 (big blind) won ($0.25)


Poker Hand #HD1716957364: Hold'em No Limit ($0.02/$0.05) - 2024/04/05 16:40:52
Table 'NLHBlue7' 6-max Seat #2 is the button
Seat 1: Hero ($5.37 in chips)
Seat 2: c74dfba3 ($18.54 in chips)
Seat 3: f422cf1f ($14.95 in chips)
Seat 5: 200a765a ($5 in chips)
Seat 6: 4dceafb0 ($5.16 in chips)
f422cf1f: posts small blind $0.02
200a765a: posts big blind $0.05
*** HOLE CARDS ***
Dealt to Hero [6d Ah]
Dealt to c74dfba3 
Dealt to f422cf1f 
Dealt to 200a765a 
Dealt to 4dceafb0 
4dceafb0: folds
Hero: folds
c74dfba3: folds
f422cf1f: folds
Uncalled bet ($0.03) returned to 200a765a
*** SHOWDOWN ***
200a765a collected $0.04 from pot
*** SUMMARY ***
Total pot $0.04 | Rake $0 | Jackpot $0 | Bingo $0 | Fortune $0 | Tax $0
Seat 1: Hero folded before Flop (didn't bet)
Seat 2: c74dfba3 (button) folded before Flop (didn't bet)
Seat 3: f422cf1f (small blind) folded before Flop
Seat 5: 200a765a (big blind) collected ($0.04)
Seat 6: 4dceafb0 folded before Flop (didn't bet)


Poker Hand #HD1716957295: Hold'em No Limit ($0.02/$0.05) - 2024/04/05 16:40:24
Table 'NLHBlue7' 6-max Seat #1 is the button
Seat 1: Hero ($5.37 in chips)
Seat 2: c74dfba3 ($18.56 in chips)
Seat 3: f422cf1f ($15.1 in chips)
Seat 6: 4dceafb0 ($5 in chips)
c74dfba3: posts small blind $0.02
f422cf1f: posts big blind $0.05
*** HOLE CARDS ***
Dealt to Hero [4h 3h]
Dealt to c74dfba3 
Dealt to f422cf1f 
Dealt to 4dceafb0 
4dceafb0: raises $0.1 to $0.15
Hero: folds
c74dfba3: folds
f422cf1f: calls $0.1
*** FLOP *** [Jc 9c 7s]
f422cf1f: checks
4dceafb0: bets $0.15
f422cf1f: folds
Uncalled bet ($0.15) returned to 4dceafb0
*** SHOWDOWN ***
4dceafb0 collected $0.31 from pot
*** SUMMARY ***
Total pot $0.32 | Rake $0.01 | Jackpot $0 | Bingo $0 | Fortune $0 | Tax $0
Board [Jc 9c 7s]
Seat 1: Hero (button) folded before Flop (didn't bet)
Seat 2: c74dfba3 (small blind) folded before Flop
Seat 3: f422cf1f (big blind) folded on the Flop
Seat 6: 4dceafb0 won ($0.31)


Poker Hand #HD1716957198: Hold'em No Limit ($0.02/$0.05) - 2024/04/05 16:39:47
Table 'NLHBlue7' 6-max Seat #6 is the button
Seat 1: Hero ($5.52 in chips)
Seat 2: c74dfba3 ($18.42 in chips)
Seat 3: f422cf1f ($15.1 in chips)
Seat 4: ee9bea51 ($5 in chips)
Seat 6: 4dceafb0 ($5 in chips)
Hero: posts small blind $0.02
c74dfba3: posts big blind $0.05
*** HOLE CARDS ***
Dealt to Hero [Jc Tc]
Dealt to c74dfba3 
Dealt to f422cf1f 
Dealt to ee9bea51 
Dealt to 4dceafb0 
f422cf1f: folds
ee9bea51: folds
4dceafb0: folds
Hero: raises $0.1 to $0.15
c74dfba3: calls $0.1
*** FLOP *** [4h 3d 8d]
Hero: checks
c74dfba3: bets $0.24
Hero: folds
Uncalled bet ($0.24) returned to c74dfba3
*** SHOWDOWN ***
c74dfba3 collected $0.29 from pot
*** SUMMARY ***
Total pot $0.3 | Rake $0.01 | Jackpot $0 | Bingo $0 | Fortune $0 | Tax $0
Board [4h 3d 8d]
Seat 1: Hero (small blind) folded on the Flop
Seat 2: c74dfba3 (big blind) won ($0.29)
Seat 3: f422cf1f folded before Flop (didn't bet)
Seat 4: ee9bea51 folded before Flop (didn't bet)
Seat 6: 4dceafb0 (button) folded before Flop (didn't bet)


Poker Hand #HD1716957145: Hold'em No Limit ($0.02/$0.05) - 2024/04/05 16:39:27
Table 'NLHBlue7' 6-max Seat #4 is the button
Seat 1: Hero ($5.57 in chips)
Seat 2: c74dfba3 ($18.42 in chips)
Seat 3: f422cf1f ($15.1 in chips)
Seat 4: ee9bea51 ($4.93 in chips)
Seat 6: 4dceafb0 ($5.02 in chips)
4dceafb0: posts small blind $0.02
Hero: posts big blind $0.05
*** HOLE CARDS ***
Dealt to Hero [4c Th]
Dealt to c74dfba3 
Dealt to f422cf1f 
Dealt to ee9bea51 
Dealt to 4dceafb0 
c74dfba3: folds
f422cf1f: folds
ee9bea51: raises $0.07 to $0.12
4dceafb0: folds
Hero: folds
Uncalled bet ($0.07) returned to ee9bea51
*** SHOWDOWN ***
ee9bea51 collected $0.12 from pot
*** SUMMARY ***
Total pot $0.12 | Rake $0 | Jackpot $0 | Bingo $0 | Fortune $0 | Tax $0
Seat 1: Hero (big blind) folded before Flop
Seat 2: c74dfba3 folded before Flop (didn't bet)
Seat 3: f422cf1f folded before Flop (didn't bet)
Seat 4: ee9bea51 (button) collected ($0.12)
Seat 6: 4dceafb0 (small blind) folded before Flop


Poker Hand #HD1716957119: Hold'em No Limit ($0.02/$0.05) - 2024/04/05 16:39:18
Table 'NLHBlue7' 6-max Seat #3 is the button
Seat 1: Hero ($5.57 in chips)
Seat 2: c74dfba3 ($18.42 in chips)
Seat 3: f422cf1f ($15.1 in chips)
Seat 4: ee9bea51 ($4.95 in chips)
Seat 6: 4dceafb0 ($5 in chips)
ee9bea51: posts small blind $0.02
4dceafb0: posts big blind $0.05
*** HOLE CARDS ***
Dealt to Hero [4d Ac]
Dealt to c74dfba3 
Dealt to f422cf1f 
Dealt to ee9bea51 
Dealt to 4dceafb0 
Hero: folds
c74dfba3: folds
f422cf1f: folds
ee9bea51: folds
Uncalled bet ($0.03) returned to 4dceafb0
*** SHOWDOWN ***
4dceafb0 collected $0.04 from pot
*** SUMMARY ***
Total pot $0.04 | Rake $0 | Jackpot $0 | Bingo $0 | Fortune $0 | Tax $0
Seat 1: Hero folded before Flop (didn't bet)
Seat 2: c74dfba3 folded before Flop (didn't bet)
Seat 3: f422cf1f (button) folded before Flop (didn't bet)
Seat 4: ee9bea51 (small blind) folded before Flop
Seat 6: 4dceafb0 (big blind) collected ($0.04)


Poker Hand #HD1716957058: Hold'em No Limit ($0.02/$0.05) - 2024/04/05 16:38:56
Table 'NLHBlue7' 6-max Seat #2 is the button
Seat 1: Hero ($5.5 in chips)
Seat 2: c74dfba3 ($18.42 in chips)
Seat 3: f422cf1f ($15.12 in chips)
Seat 4: ee9bea51 ($5 in chips)
Seat 5: c667305b ($5.1 in chips)
Seat 6: 4dceafb0 ($5 in chips)
f422cf1f: posts small blind $0.02
ee9bea51: posts big blind $0.05
*** HOLE CARDS ***
Dealt to Hero [9h Kd]
Dealt to c74dfba3 
Dealt to f422cf1f 
Dealt to ee9bea51 
Dealt to c667305b 
Dealt to 4dceafb0 
c667305b: folds
4dceafb0: folds
Hero: raises $0.08 to $0.13
c74dfba3: folds
f422cf1f: folds
ee9bea51: folds
Uncalled bet ($0.08) returned to Hero
*** SHOWDOWN ***
Hero collected $0.12 from pot
*** SUMMARY ***
Total pot $0.12 | Rake $0 | Jackpot $0 | Bingo $0 | Fortune $0 | Tax $0
Seat 1: Hero collected ($0.12)
Seat 2: c74dfba3 (button) folded before Flop (didn't bet)
Seat 3: f422cf1f (small blind) folded before Flop
Seat 4: ee9bea51 (big blind) folded before Flop
Seat 5: c667305b folded before Flop (didn't bet)
Seat 6: 4dceafb0 folded before Flop (didn't bet)


Poker Hand #HD1716956976: Hold'em No Limit ($0.02/$0.05) - 2024/04/05 16:38:22
Table 'NLHBlue7' 6-max Seat #1 is the button
Seat 1: Hero ($5.63 in chips)
Seat 2: c74dfba3 ($18.25 in chips)
Seat 3: f422cf1f ($15.17 in chips)
Seat 5: c667305b ($5.1 in chips)
Seat 6: 4dceafb0 ($5 in chips)
c74dfba3: posts small blind $0.02
f422cf1f: posts big blind $0.05
*** HOLE CARDS ***
Dealt to Hero [Ah 7d]
Dealt to c74dfba3 
Dealt to f422cf1f 
Dealt to c667305b 
Dealt to 4dceafb0 
c667305b: folds
4dceafb0: folds
Hero: raises $0.08 to $0.13
c74dfba3: raises $0.38 to $0.51
f422cf1f: folds
Hero: folds
Uncalled bet ($0.38) returned to c74dfba3
*** SHOWDOWN ***
c74dfba3 collected $0.3 from pot
*** SUMMARY ***
Total pot $0.31 | Rake $0.01 | Jackpot $0 | Bingo $0 | Fortune $0 | Tax $0
Seat 1: Hero (button) folded before Flop
Seat 2: c74dfba3 (small blind) collected ($0.3)
Seat 3: f422cf1f (big blind) folded before Flop
Seat 5: c667305b folded before Flop (didn't bet)
Seat 6: 4dceafb0 folded before Flop (didn't bet)


Poker Hand #HD1716956826: Hold'em No Limit ($0.02/$0.05) - 2024/04/05 16:37:21
Table 'NLHBlue7' 6-max Seat #6 is the button
Seat 1: Hero ($5 in chips)
Seat 2: c74dfba3 ($18.95 in chips)
Seat 3: f422cf1f ($15.17 in chips)
Seat 4: 9936279e ($6.01 in chips)
Seat 5: c667305b ($5.1 in chips)
Seat 6: 4dceafb0 ($5 in chips)
Hero: posts small blind $0.02
c74dfba3: posts big blind $0.05
*** HOLE CARDS ***
Dealt to Hero [Th Js]
Dealt to c74dfba3 
Dealt to f422cf1f 
Dealt to 9936279e 
Dealt to c667305b 
Dealt to 4dceafb0 
f422cf1f: folds
9936279e: folds
c667305b: folds
4dceafb0: folds
Hero: raises $0.1 to $0.15
c74dfba3: calls $0.1
*** FLOP *** [5c 8h 9d]
Hero: bets $0.2
c74dfba3: calls $0.2
*** TURN *** [5c 8h 9d] [4c]
Hero: bets $0.35
c74dfba3: calls $0.35
*** RIVER *** [5c 8h 9d 4c] [7s]
Hero: bets $4.3 and is all-in
c74dfba3: folds
Uncalled bet ($4.3) returned to Hero
*** SHOWDOWN ***
Hero collected $1.33 from pot
*** SUMMARY ***
Total pot $1.4 | Rake $0.07 | Jackpot $0 | Bingo $0 | Fortune $0 | Tax $0
Board [5c 8h 9d 4c 7s]
Seat 1: Hero (small blind) won ($1.33)
Seat 2: c74dfba3 (big blind) folded on the River
Seat 3: f422cf1f folded before Flop (didn't bet)
Seat 4: 9936279e folded before Flop (didn't bet)
Seat 5: c667305b folded before Flop (didn't bet)
Seat 6: 4dceafb0 (button) folded before Flop (didn't bet)


Poker Hand #HD1716956778: Hold'em No Limit ($0.02/$0.05) - 2024/04/05 16:37:01
Table 'NLHBlue7' 6-max Seat #5 is the button
Seat 1: Hero ($5 in chips)
Seat 2: c74dfba3 ($18.95 in chips)
Seat 3: f422cf1f ($15.27 in chips)
Seat 4: 9936279e ($5.85 in chips)
Seat 5: c667305b ($5.1 in chips)
Seat 6: 4dceafb0 ($5 in chips)
4dceafb0: posts small blind $0.02
Hero: posts big blind $0.05
*** HOLE CARDS ***
Dealt to Hero [5h 7d]
Dealt to c74dfba3 
Dealt to f422cf1f 
Dealt to 9936279e 
Dealt to c667305b 
Dealt to 4dceafb0 
c74dfba3: folds
f422cf1f: raises $0.05 to $0.1
9936279e: raises $0.25 to $0.35
c667305b: folds
4dceafb0: folds
Hero: folds
f422cf1f: folds
Uncalled bet ($0.25) returned to 9936279e
*** SHOWDOWN ***
9936279e collected $0.26 from pot
*** SUMMARY ***
Total pot $0.27 | Rake $0.01 | Jackpot $0 | Bingo $0 | Fortune $0 | Tax $0
Seat 1: Hero (big blind) folded before Flop
Seat 2: c74dfba3 folded before Flop (didn't bet)
Seat 3: f422cf1f folded before Flop
Seat 4: 9936279e collected ($0.26)
Seat 5: c667305b (button) folded before Flop (didn't bet)
Seat 6: 4dceafb0 (small blind) folded before Flop


Poker Hand #HD1716956743: Hold'em No Limit ($0.02/$0.05) - 2024/04/05 16:36:46
Table 'NLHBlue7' 6-max Seat #4 is the button
Seat 1: Hero ($5 in chips)
Seat 2: c74dfba3 ($18.95 in chips)
Seat 3: f422cf1f ($15.27 in chips)
Seat 4: 9936279e ($5.85 in chips)
Seat 5: c667305b ($5.05 in chips)
Seat 6: 4dceafb0 ($5 in chips)
c667305b: posts small blind $0.02
4dceafb0: posts big blind $0.05
*** HOLE CARDS ***
Dealt to Hero [8s 4h]
Dealt to c74dfba3 
Dealt to f422cf1f 
Dealt to 9936279e 
Dealt to c667305b 
Dealt to 4dceafb0 
Hero: folds
c74dfba3: folds
f422cf1f: folds
9936279e: folds
c667305b: raises $0.11 to $0.16
4dceafb0: folds
Uncalled bet ($0.11) returned to c667305b
*** SHOWDOWN ***
c667305b collected $0.1 from pot
*** SUMMARY ***
Total pot $0.1 | Rake $0 | Jackpot $0 | Bingo $0 | Fortune $0 | Tax $0
Seat 1: Hero folded before Flop (didn't bet)
Seat 2: c74dfba3 folded before Flop (didn't bet)
Seat 3: f422cf1f folded before Flop (didn't bet)
Seat 4: 9936279e (button) folded before Flop (didn't bet)
Seat 5: c667305b (small blind) collected ($0.1)
Seat 6: 4dceafb0 (big blind) folded before Flop


Poker Hand #HD1716956718: Hold'em No Limit ($0.02/$0.05) - 2024/04/05 16:36:33
Table 'NLHBlue7' 6-max Seat #3 is the button
Seat 1: Hero ($5 in chips)
Seat 2: c74dfba3 ($18.88 in chips)
Seat 3: f422cf1f ($15.27 in chips)
Seat 4: 9936279e ($5.87 in chips)
Seat 5: c667305b ($5.1 in chips)
Seat 6: 4dceafb0 ($5 in chips)
9936279e: posts small blind $0.02
c667305b: posts big blind $0.05
*** HOLE CARDS ***
Dealt to Hero [2s Qh]
Dealt to c74dfba3 
Dealt to f422cf1f 
Dealt to 9936279e 
Dealt to c667305b 
Dealt to 4dceafb0 
4dceafb0: folds
Hero: folds
c74dfba3: raises $0.1 to $0.15
f422cf1f: folds
9936279e: folds
c667305b: folds
Uncalled bet ($0.1) returned to c74dfba3
*** SHOWDOWN ***
c74dfba3 collected $0.12 from pot
*** SUMMARY ***
Total pot $0.12 | Rake $0 | Jackpot $0 | Bingo $0 | Fortune $0 | Tax $0
Seat 1: Hero folded before Flop (didn't bet)
Seat 2: c74dfba3 collected ($0.12)
Seat 3: f422cf1f (button) folded before Flop (didn't bet)
Seat 4: 9936279e (small blind) folded before Flop
Seat 5: c667305b (big blind) folded before Flop
Seat 6: 4dceafb0 folded before Flop (didn't bet)


Poker Hand #HD1716956601: Hold'em No Limit ($0.02/$0.05) - 2024/04/05 16:35:48
Table 'NLHBlue7' 6-max Seat #2 is the button
Seat 1: Hero ($5 in chips)
Seat 2: c74dfba3 ($18.3 in chips)
Seat 3: f422cf1f ($15.29 in chips)
Seat 4: 9936279e ($5.92 in chips)
Seat 5: c667305b ($5.67 in chips)
Seat 6: 4dceafb0 ($5 in chips)
f422cf1f: posts small blind $0.02
9936279e: posts big blind $0.05
*** HOLE CARDS ***
Dealt to Hero [Ac 3d]
Dealt to c74dfba3 
Dealt to f422cf1f 
Dealt to 9936279e 
Dealt to c667305b 
Dealt to 4dceafb0 
c667305b: raises $0.08 to $0.13
4dceafb0: folds
Hero: folds
c74dfba3: calls $0.13
f422cf1f: folds
9936279e: folds
*** FLOP *** [6d Qs 3h]
c667305b: bets $0.12
c74dfba3: calls $0.12
*** TURN *** [6d Qs 3h] [4h]
c667305b: bets $0.32
c74dfba3: calls $0.32
*** RIVER *** [6d Qs 3h 4h] [Ts]
c667305b: checks
c74dfba3: bets $0.4
c667305b: folds
Uncalled bet ($0.4) returned to c74dfba3
*** SHOWDOWN ***
c74dfba3 collected $1.15 from pot
*** SUMMARY ***
Total pot $1.21 | Rake $0.06 | Jackpot $0 | Bingo $0 | Fortune $0 | Tax $0
Board [6d Qs 3h 4h Ts]
Seat 1: Hero folded before Flop (didn't bet)
Seat 2: c74dfba3 (button) won ($1.15)
Seat 3: f422cf1f (small blind) folded before Flop
Seat 4: 9936279e (big blind) folded before Flop
Seat 5: c667305b folded on the River
Seat 6: 4dceafb0 folded before Flop (didn't bet)


Poker Hand #HD1716956573: Hold'em No Limit ($0.02/$0.05) - 2024/04/05 16:35:36
Table 'NLHBlue7' 6-max Seat #1 is the button
Seat 1: Hero ($5 in chips)
Seat 2: c74dfba3 ($18.32 in chips)
Seat 3: f422cf1f ($15.27 in chips)
Seat 4: 9936279e ($5.92 in chips)
Seat 5: c667305b ($5.67 in chips)
Seat 6: 4dceafb0 ($5 in chips)
c74dfba3: posts small blind $0.02
f422cf1f: posts big blind $0.05
*** HOLE CARDS ***
Dealt to Hero [9s Kd]
Dealt to c74dfba3 
Dealt to f422cf1f 
Dealt to 9936279e 
Dealt to c667305b 
Dealt to 4dceafb0 
9936279e: folds
c667305b: folds
4dceafb0: folds
Hero: folds
c74dfba3: folds
Uncalled bet ($0.03) returned to f422cf1f
*** SHOWDOWN ***
f422cf1f collected $0.04 from pot
*** SUMMARY ***
Total pot $0.04 | Rake $0 | Jackpot $0 | Bingo $0 | Fortune $0 | Tax $0
Seat 1: Hero (button) folded before Flop (didn't bet)
Seat 2: c74dfba3 (small blind) folded before Flop
Seat 3: f422cf1f (big blind) collected ($0.04)
Seat 4: 9936279e folded before Flop (didn't bet)
Seat 5: c667305b folded before Flop (didn't bet)
Seat 6: 4dceafb0 folded before Flop (didn't bet)


Poker Hand #HD1716956551: Hold'em No Limit ($0.02/$0.05) - 2024/04/05 16:35:25
Table 'NLHBlue7' 6-max Seat #6 is the button
Seat 1: Hero ($5 in chips)
Seat 2: c74dfba3 ($18.3 in chips)
Seat 3: f422cf1f ($15.27 in chips)
Seat 4: 9936279e ($5.92 in chips)
Seat 5: c667305b ($5.67 in chips)
Seat 6: 4dceafb0 ($5 in chips)
Hero: posts small blind $0.02
c74dfba3: posts big blind $0.05
*** HOLE CARDS ***
Dealt to Hero [6h Td]
Dealt to c74dfba3 
Dealt to f422cf1f 
Dealt to 9936279e 
Dealt to c667305b 
Dealt to 4dceafb0 
f422cf1f: folds
9936279e: folds
c667305b: folds
4dceafb0: folds
Hero: folds
Uncalled bet ($0.03) returned to c74dfba3
*** SHOWDOWN ***
c74dfba3 collected $0.04 from pot
*** SUMMARY ***
Total pot $0.04 | Rake $0 | Jackpot $0 | Bingo $0 | Fortune $0 | Tax $0
Seat 1: Hero (small blind) folded before Flop
Seat 2: c74dfba3 (big blind) collected ($0.04)
Seat 3: f422cf1f folded before Flop (didn't bet)
Seat 4: 9936279e folded before Flop (didn't bet)
Seat 5: c667305b folded before Flop (didn't bet)
Seat 6: 4dceafb0 (button) folded before Flop (didn't bet)


Poker Hand #HD1716956492: Hold'em No Limit ($0.02/$0.05) - 2024/04/05 16:35:02
Table 'NLHBlue7' 6-max Seat #5 is the button
Seat 1: Hero ($5 in chips)
Seat 2: c74dfba3 ($18.3 in chips)
Seat 3: f422cf1f ($15.2 in chips)
Seat 4: 9936279e ($5.92 in chips)
Seat 5: c667305b ($5.67 in chips)
Seat 6: 4dceafb0 ($5 in chips)
4dceafb0: posts small blind $0.02
Hero: posts big blind $0.05
*** HOLE CARDS ***
Dealt to Hero [Jc 7s]
Dealt to c74dfba3 
Dealt to f422cf1f 
Dealt to 9936279e 
Dealt to c667305b 
Dealt to 4dceafb0 
c74dfba3: folds
f422cf1f: raises $0.07 to $0.12
9936279e: folds
c667305b: folds
4dceafb0: folds
Hero: folds
Uncalled bet ($0.07) returned to f422cf1f
*** SHOWDOWN ***
f422cf1f collected $0.12 from pot
*** SUMMARY ***
Total pot $0.12 | Rake $0 | Jackpot $0 | Bingo $0 | Fortune $0 | Tax $0
Seat 1: Hero (big blind) folded before Flop
Seat 2: c74dfba3 folded before Flop (didn't bet)
Seat 3: f422cf1f collected ($0.12)
Seat 4: 9936279e folded before Flop (didn't bet)
Seat 5: c667305b (button) folded before Flop (didn't bet)
Seat 6: 4dceafb0 (small blind) folded before Flop


Poker Hand #HD1716956453: Hold'em No Limit ($0.02/$0.05) - 2024/04/05 16:34:43
Table 'NLHBlue7' 6-max Seat #4 is the button
Seat 1: Hero ($5 in chips)
Seat 2: c74dfba3 ($18.3 in chips)
Seat 3: f422cf1f ($15.2 in chips)
Seat 4: 9936279e ($5.85 in chips)
Seat 5: c667305b ($5.69 in chips)
Seat 6: 4dceafb0 ($5 in chips)
c667305b: posts small blind $0.02
4dceafb0: posts big blind $0.05
*** HOLE CARDS ***
Dealt to Hero [3s Kh]
Dealt to c74dfba3 
Dealt to f422cf1f 
Dealt to 9936279e 
Dealt to c667305b 
Dealt to 4dceafb0 
Hero: folds
c74dfba3: folds
f422cf1f: folds
9936279e: raises $0.08 to $0.13
c667305b: folds
4dceafb0: folds
Uncalled bet ($0.08) returned to 9936279e
*** SHOWDOWN ***
9936279e collected $0.12 from pot
*** SUMMARY ***
Total pot $0.12 | Rake $0 | Jackpot $0 | Bingo $0 | Fortune $0 | Tax $0
Seat 1: Hero folded before Flop (didn't bet)
Seat 2: c74dfba3 folded before Flop (didn't bet)
Seat 3: f422cf1f folded before Flop (didn't bet)
Seat 4: 9936279e (button) collected ($0.12)
Seat 5: c667305b (small blind) folded before Flop
Seat 6: 4dceafb0 (big blind) folded before Flop


Poker Hand #HD1716956371: Hold'em No Limit ($0.02/$0.05) - 2024/04/05 16:34:10
Table 'NLHBlue7' 6-max Seat #3 is the button
Seat 1: Hero ($5 in chips)
Seat 2: c74dfba3 ($18.3 in chips)
Seat 3: f422cf1f ($15.3 in chips)
Seat 4: 9936279e ($5.87 in chips)
Seat 5: c667305b ($5.58 in chips)
Seat 6: 4dceafb0 ($5 in chips)
9936279e: posts small blind $0.02
c667305b: posts big blind $0.05
*** HOLE CARDS ***
Dealt to Hero [Tc 7h]
Dealt to c74dfba3 
Dealt to f422cf1f 
Dealt to 9936279e 
Dealt to c667305b 
Dealt to 4dceafb0 
4dceafb0: folds
Hero: folds
c74dfba3: folds
f422cf1f: raises $0.05 to $0.1
9936279e: folds
c667305b: calls $0.05
*** FLOP *** [9h 3h Js]
c667305b: checks
f422cf1f: checks
*** TURN *** [9h 3h Js] [9s]
c667305b: bets $0.18
f422cf1f: folds
Uncalled bet ($0.18) returned to c667305b
*** SHOWDOWN ***
c667305b collected $0.21 from pot
*** SUMMARY ***
Total pot $0.22 | Rake $0.01 | Jackpot $0 | Bingo $0 | Fortune $0 | Tax $0
Board [9h 3h Js 9s]
Seat 1: Hero folded before Flop (didn't bet)
Seat 2: c74dfba3 folded before Flop (didn't bet)
Seat 3: f422cf1f (button) folded on the Turn
Seat 4: 9936279e (small blind) folded before Flop
Seat 5: c667305b (big blind) won ($0.21)
Seat 6: 4dceafb0 folded before Flop (didn't bet)


Poker Hand #HD1716956304: Hold'em No Limit ($0.02/$0.05) - 2024/04/05 16:33:47
Table 'NLHBlue7' 6-max Seat #2 is the button
Seat 1: Hero ($5 in chips)
Seat 2: c74dfba3 ($18.11 in chips)
Seat 3: f422cf1f ($15.32 in chips)
Seat 4: 9936279e ($5.92 in chips)
Seat 5: c667305b ($5.58 in chips)
Seat 6: 4dceafb0 ($5 in chips)
f422cf1f: posts small blind $0.02
9936279e: posts big blind $0.05
*** HOLE CARDS ***
Dealt to Hero [7d Qd]
Dealt to c74dfba3 
Dealt to f422cf1f 
Dealt to 9936279e 
Dealt to c667305b 
Dealt to 4dceafb0 
c667305b: folds
4dceafb0: folds
Hero: raises $0.08 to $0.13
c74dfba3: raises $0.4 to $0.53
f422cf1f: folds
9936279e: folds
Hero: folds
Uncalled bet ($0.4) returned to c74dfba3
*** SHOWDOWN ***
c74dfba3 collected $0.32 from pot
*** SUMMARY ***
Total pot $0.33 | Rake $0.01 | Jackpot $0 | Bingo $0 | Fortune $0 | Tax $0
Seat 1: Hero folded before Flop
Seat 2: c74dfba3 (button) collected ($0.32)
Seat 3: f422cf1f (small blind) folded before Flop
Seat 4: 9936279e (big blind) folded before Flop
Seat 5: c667305b folded before Flop (didn't bet)
Seat 6: 4dceafb0 folded before Flop (didn't bet)


Poker Hand #HD1716956093: Hold'em No Limit ($0.02/$0.05) - 2024/04/05 16:32:27
Table 'NLHBlue7' 6-max Seat #1 is the button
Seat 1: Hero ($5.07 in chips)
Seat 2: c74dfba3 ($18.13 in chips)
Seat 3: f422cf1f ($14.77 in chips)
Seat 4: 9936279e ($5.92 in chips)
Seat 5: c667305b ($5.58 in chips)
Seat 6: 4dceafb0 ($5 in chips)
c74dfba3: posts small blind $0.02
f422cf1f: posts big blind $0.05
*** HOLE CARDS ***
Dealt to Hero [9c 9h]
Dealt to c74dfba3 
Dealt to f422cf1f 
Dealt to 9936279e 
Dealt to c667305b 
Dealt to 4dceafb0 
9936279e: folds
c667305b: folds
4dceafb0: folds
Hero: raises $0.08 to $0.13
c74dfba3: folds
f422cf1f: calls $0.08
*** FLOP *** [7h 2s 8d]
f422cf1f: checks
Hero: bets $0.15
f422cf1f: calls $0.15
*** TURN *** [7h 2s 8d] [Ac]
f422cf1f: checks
Hero: checks
*** RIVER *** [7h 2s 8d Ac] [Kh]
f422cf1f: bets $0.3
Hero: calls $0.3
f422cf1f: shows [7d As] (Pair of Aces and Pair of Sevens)
Hero: shows [9c 9h] (Pair of Nines)
*** SHOWDOWN ***
f422cf1f collected $1.13 from pot
*** SUMMARY ***
Total pot $1.18 | Rake $0.05 | Jackpot $0 | Bingo $0 | Fortune $0 | Tax $0
Board [7h 2s 8d Ac Kh]
Seat 1: Hero (button) showed [9c 9h] and lost with Pair of Nines
Seat 2: c74dfba3 (small blind) folded before Flop
Seat 3: f422cf1f (big blind) showed [7d As] and won ($1.13) with Pair of Aces and Pair of Sevens
Seat 4: 9936279e folded before Flop (didn't bet)
Seat 5: c667305b folded before Flop (didn't bet)
Seat 6: 4dceafb0 folded before Flop (didn't bet)


Poker Hand #HD1716956062: Hold'em No Limit ($0.02/$0.05) - 2024/04/05 16:32:14
Table 'NLHBlue7' 6-max Seat #6 is the button
Seat 1: Hero ($5.02 in chips)
Seat 2: c74dfba3 ($18.18 in chips)
Seat 3: f422cf1f ($14.77 in chips)
Seat 4: 9936279e ($5.92 in chips)
Seat 5: c667305b ($5.58 in chips)
Seat 6: 4dceafb0 ($5 in chips)
Hero: posts small blind $0.02
c74dfba3: posts big blind $0.05
*** HOLE CARDS ***
Dealt to Hero [Ah Ac]
Dealt to c74dfba3 
Dealt to f422cf1f 
Dealt to 9936279e 
Dealt to c667305b 
Dealt to 4dceafb0 
f422cf1f: folds
9936279e: folds
c667305b: folds
4dceafb0: folds
Hero: raises $0.1 to $0.15
c74dfba3: folds
Uncalled bet ($0.1) returned to Hero
*** SHOWDOWN ***
Hero collected $0.1 from pot
*** SUMMARY ***
Total pot $0.1 | Rake $0 | Jackpot $0 | Bingo $0 | Fortune $0 | Tax $0
Seat 1: Hero (small blind) collected ($0.1)
Seat 2: c74dfba3 (big blind) folded before Flop
Seat 3: f422cf1f folded before Flop (didn't bet)
Seat 4: 9936279e folded before Flop (didn't bet)
Seat 5: c667305b folded before Flop (didn't bet)
Seat 6: 4dceafb0 (button) folded before Flop (didn't bet)


Poker Hand #HD1716956036: Hold'em No Limit ($0.02/$0.05) - 2024/04/05 16:32:01
Table 'NLHBlue7' 6-max Seat #5 is the button
Seat 1: Hero ($5 in chips)
Seat 2: c74dfba3 ($18.18 in chips)
Seat 3: f422cf1f ($14.77 in chips)
Seat 4: 9936279e ($5.92 in chips)
Seat 5: c667305b ($5.58 in chips)
Seat 6: 4dceafb0 ($5 in chips)
4dceafb0: posts small blind $0.02
Hero: posts big blind $0.05
*** HOLE CARDS ***
Dealt to Hero [2h Ad]
Dealt to c74dfba3 
Dealt to f422cf1f 
Dealt to 9936279e 
Dealt to c667305b 
Dealt to 4dceafb0 
c74dfba3: folds
f422cf1f: folds
9936279e: folds
c667305b: folds
4dceafb0: folds
Uncalled bet ($0.03) returned to Hero
*** SHOWDOWN ***
Hero collected $0.04 from pot
*** SUMMARY ***
Total pot $0.04 | Rake $0 | Jackpot $0 | Bingo $0 | Fortune $0 | Tax $0
Seat 1: Hero (big blind) collected ($0.04)
Seat 2: c74dfba3 folded before Flop (didn't bet)
Seat 3: f422cf1f folded before Flop (didn't bet)
Seat 4: 9936279e folded before Flop (didn't bet)
Seat 5: c667305b (button) folded before Flop (didn't bet)
Seat 6: 4dceafb0 (small blind) folded before Flop


Poker Hand #HD1716955944: Hold'em No Limit ($0.02/$0.05) - 2024/04/05 16:31:27
Table 'NLHBlue7' 6-max Seat #4 is the button
Seat 1: Hero ($5 in chips)
Seat 2: c74dfba3 ($17.99 in chips)
Seat 3: f422cf1f ($14.77 in chips)
Seat 4: 9936279e ($5.92 in chips)
Seat 5: c667305b ($5.73 in chips)
Seat 6: 4dceafb0 ($5 in chips)
c667305b: posts small blind $0.02
4dceafb0: posts big blind $0.05
*** HOLE CARDS ***
Dealt to Hero [8d Qc]
Dealt to c74dfba3 
Dealt to f422cf1f 
Dealt to 9936279e 
Dealt to c667305b 
Dealt to 4dceafb0 
Hero: folds
c74dfba3: raises $0.1 to $0.15
f422cf1f: folds
9936279e: folds
c667305b: calls $0.13
4dceafb0: folds
*** FLOP *** [As Td Jd]
c667305b: checks
c74dfba3: bets $0.12
c667305b: folds
Uncalled bet ($0.12) returned to c74dfba3
*** SHOWDOWN ***
c74dfba3 collected $0.34 from pot
*** SUMMARY ***
Total pot $0.35 | Rake $0.01 | Jackpot $0 | Bingo $0 | Fortune $0 | Tax $0
Board [As Td Jd]
Seat 1: Hero folded before Flop (didn't bet)
Seat 2: c74dfba3 won ($0.34)
Seat 3: f422cf1f folded before Flop (didn't bet)
Seat 4: 9936279e (button) folded before Flop (didn't bet)
Seat 5: c667305b (small blind) folded on the Flop
Seat 6: 4dceafb0 (big blind) folded before Flop


Poker Hand #HD1716955912: Hold'em No Limit ($0.02/$0.05) - 2024/04/05 16:31:15
Table 'NLHBlue7' 6-max Seat #3 is the button
Seat 1: Hero ($5 in chips)
Seat 2: c74dfba3 ($17.99 in chips)
Seat 3: f422cf1f ($14.77 in chips)
Seat 4: 9936279e ($5.94 in chips)
Seat 5: c667305b ($5.71 in chips)
Seat 6: 4dceafb0 ($5 in chips)
9936279e: posts small blind $0.02
c667305b: posts big blind $0.05
*** HOLE CARDS ***
Dealt to Hero [4h Qd]
Dealt to c74dfba3 
Dealt to f422cf1f 
Dealt to 9936279e 
Dealt to c667305b 
Dealt to 4dceafb0 
4dceafb0: folds
Hero: folds
c74dfba3: folds
f422cf1f: folds
9936279e: folds
Uncalled bet ($0.03) returned to c667305b
*** SHOWDOWN ***
c667305b collected $0.04 from pot
*** SUMMARY ***
Total pot $0.04 | Rake $0 | Jackpot $0 | Bingo $0 | Fortune $0 | Tax $0
Seat 1: Hero folded before Flop (didn't bet)
Seat 2: c74dfba3 folded before Flop (didn't bet)
Seat 3: f422cf1f (button) folded before Flop (didn't bet)
Seat 4: 9936279e (small blind) folded before Flop
Seat 5: c667305b (big blind) collected ($0.04)
Seat 6: 4dceafb0 folded before Flop (didn't bet)


Poker Hand #HD1716955839: Hold'em No Limit ($0.02/$0.05) - 2024/04/05 16:30:50
Table 'NLHBlue7' 6-max Seat #2 is the button
Seat 1: Hero ($5 in chips)
Seat 2: c74dfba3 ($17.8 in chips)
Seat 3: f422cf1f ($14.79 in chips)
Seat 4: 9936279e ($5.99 in chips)
Seat 5: c667305b ($5.84 in chips)
Seat 6: 4dceafb0 ($5 in chips)
f422cf1f: posts small blind $0.02
9936279e: posts big blind $0.05
*** HOLE CARDS ***
Dealt to Hero [Kd 9c]
Dealt to c74dfba3 
Dealt to f422cf1f 
Dealt to 9936279e 
Dealt to c667305b 
Dealt to 4dceafb0 
c667305b: raises $0.08 to $0.13
4dceafb0: folds
Hero: folds
c74dfba3: raises $0.27 to $0.4
f422cf1f: folds
9936279e: folds
c667305b: folds
Uncalled bet ($0.27) returned to c74dfba3
*** SHOWDOWN ***
c74dfba3 collected $0.32 from pot
*** SUMMARY ***
Total pot $0.33 | Rake $0.01 | Jackpot $0 | Bingo $0 | Fortune $0 | Tax $0
Seat 1: Hero folded before Flop (didn't bet)
Seat 2: c74dfba3 (button) collected ($0.32)
Seat 3: f422cf1f (small blind) folded before Flop
Seat 4: 9936279e (big blind) folded before Flop
Seat 5: c667305b folded before Flop
Seat 6: 4dceafb0 folded before Flop (didn't bet)


Poker Hand #HD1716955803: Hold'em No Limit ($0.02/$0.05) - 2024/04/05 16:30:37
Table 'NLHBlue7' 6-max Seat #1 is the button
Seat 1: Hero ($5 in chips)
Seat 2: c74dfba3 ($17.75 in chips)
Seat 3: f422cf1f ($14.84 in chips)
Seat 4: 9936279e ($5.99 in chips)
Seat 5: c667305b ($5.84 in chips)
Seat 6: 4dceafb0 ($5 in chips)
c74dfba3: posts small blind $0.02
f422cf1f: posts big blind $0.05
*** HOLE CARDS ***
Dealt to Hero [8h 3d]
Dealt to c74dfba3 
Dealt to f422cf1f 
Dealt to 9936279e 
Dealt to c667305b 
Dealt to 4dceafb0 
9936279e: folds
c667305b: folds
4dceafb0: folds
Hero: folds
c74dfba3: raises $0.1 to $0.15
f422cf1f: folds
Uncalled bet ($0.1) returned to c74dfba3
*** SHOWDOWN ***
c74dfba3 collected $0.1 from pot
*** SUMMARY ***
Total pot $0.1 | Rake $0 | Jackpot $0 | Bingo $0 | Fortune $0 | Tax $0
Seat 1: Hero (button) folded before Flop (didn't bet)
Seat 2: c74dfba3 (small blind) collected ($0.1)
Seat 3: f422cf1f (big blind) folded before Flop
Seat 4: 9936279e folded before Flop (didn't bet)
Seat 5: c667305b folded before Flop (didn't bet)
Seat 6: 4dceafb0 folded before Flop (didn't bet)


Poker Hand #HD1716955744: Hold'em No Limit ($0.02/$0.05) - 2024/04/05 16:30:14
Table 'NLHBlue7' 6-max Seat #6 is the button
Seat 1: Hero ($5 in chips)
Seat 2: c74dfba3 ($17.8 in chips)
Seat 3: f422cf1f ($14.94 in chips)
Seat 4: 9936279e ($5.99 in chips)
Seat 5: c667305b ($5.68 in chips)
Seat 6: 4dceafb0 ($5 in chips)
Hero: posts small blind $0.02
c74dfba3: posts big blind $0.05
*** HOLE CARDS ***
Dealt to Hero [Th 6h]
Dealt to c74dfba3 
Dealt to f422cf1f 
Dealt to 9936279e 
Dealt to c667305b 
Dealt to 4dceafb0 
f422cf1f: raises $0.05 to $0.1
9936279e: folds
c667305b: raises $0.26 to $0.36
4dceafb0: folds
Hero: folds
c74dfba3: folds
f422cf1f: folds
Uncalled bet ($0.26) returned to c667305b
*** SHOWDOWN ***
c667305b collected $0.26 from pot
*** SUMMARY ***
Total pot $0.27 | Rake $0.01 | Jackpot $0 | Bingo $0 | Fortune $0 | Tax $0
Seat 1: Hero (small blind) folded before Flop
Seat 2: c74dfba3 (big blind) folded before Flop
Seat 3: f422cf1f folded before Flop
Seat 4: 9936279e folded before Flop (didn't bet)
Seat 5: c667305b collected ($0.26)
Seat 6: 4dceafb0 (button) folded before Flop (didn't bet)


Poker Hand #HD1716955699: Hold'em No Limit ($0.02/$0.05) - 2024/04/05 16:29:59
Table 'NLHBlue7' 6-max Seat #5 is the button
Seat 1: Hero ($5 in chips)
Seat 2: c74dfba3 ($17.73 in chips)
Seat 3: f422cf1f ($14.94 in chips)
Seat 4: 9936279e ($5.99 in chips)
Seat 5: c667305b ($5.68 in chips)
Seat 6: 4dceafb0 ($5 in chips)
4dceafb0: posts small blind $0.02
Hero: posts big blind $0.05
*** HOLE CARDS ***
Dealt to Hero [6h Kc]
Dealt to c74dfba3 
Dealt to f422cf1f 
Dealt to 9936279e 
Dealt to c667305b 
Dealt to 4dceafb0 
c74dfba3: raises $0.1 to $0.15
f422cf1f: folds
9936279e: folds
c667305b: folds
4dceafb0: folds
Hero: folds
Uncalled bet ($0.1) returned to c74dfba3
*** SHOWDOWN ***
c74dfba3 collected $0.12 from pot
*** SUMMARY ***
Total pot $0.12 | Rake $0 | Jackpot $0 | Bingo $0 | Fortune $0 | Tax $0
Seat 1: Hero (big blind) folded before Flop
Seat 2: c74dfba3 collected ($0.12)
Seat 3: f422cf1f folded before Flop (didn't bet)
Seat 4: 9936279e folded before Flop (didn't bet)
Seat 5: c667305b (button) folded before Flop (didn't bet)
Seat 6: 4dceafb0 (small blind) folded before Flop


Poker Hand #HD1716885586: Hold'em No Limit ($0.02/$0.05) - 2024/04/05 16:29:12
Table 'NLHBlue7' 6-max Seat #4 is the button
Seat 1: Hero ($5 in chips)
Seat 2: c74dfba3 ($17.73 in chips)
Seat 3: f422cf1f ($14.94 in chips)
Seat 4: 9936279e ($5.57 in chips)
Seat 5: c667305b ($5.81 in chips)
Seat 6: 4dceafb0 ($5 in chips)
c667305b: posts small blind $0.02
4dceafb0: posts big blind $0.05
*** HOLE CARDS ***
Dealt to Hero [4d 3c]
Dealt to c74dfba3 
Dealt to f422cf1f 
Dealt to 9936279e 
Dealt to c667305b 
Dealt to 4dceafb0 
Hero: folds
c74dfba3: folds
f422cf1f: folds
9936279e: raises $0.08 to $0.13
c667305b: calls $0.11
4dceafb0: calls $0.08
*** FLOP *** [6d 7s Kc]
c667305b: checks
4dceafb0: checks
9936279e: bets $0.2
c667305b: folds
4dceafb0: calls $0.2
*** TURN *** [6d 7s Kc] [4c]
4dceafb0: checks
9936279e: bets $0.64
4dceafb0: folds
Uncalled bet ($0.64) returned to 9936279e
*** SHOWDOWN ***
9936279e collected $0.75 from pot
*** SUMMARY ***
Total pot $0.79 | Rake $0.04 | Jackpot $0 | Bingo $0 | Fortune $0 | Tax $0
Board [6d 7s Kc 4c]
Seat 1: Hero folded before Flop (didn't bet)
Seat 2: c74dfba3 folded before Flop (didn't bet)
Seat 3: f422cf1f folded before Flop (didn't bet)
Seat 4: 9936279e (button) won ($0.75)
Seat 5: c667305b (small blind) folded on the Flop
Seat 6: 4dceafb0 (big blind) folded on the Turn


Poker Hand #HD1716885556: Hold'em No Limit ($0.02/$0.05) - 2024/04/05 16:29:00
Table 'NLHBlue7' 6-max Seat #3 is the button
Seat 1: Hero ($5 in chips)
Seat 2: c74dfba3 ($17.66 in chips)
Seat 3: f422cf1f ($14.94 in chips)
Seat 4: 9936279e ($5.59 in chips)
Seat 5: c667305b ($5.86 in chips)
Seat 6: 4dceafb0 ($5 in chips)
9936279e: posts small blind $0.02
c667305b: posts big blind $0.05
*** HOLE CARDS ***
Dealt to Hero [Ac 3d]
Dealt to c74dfba3 
Dealt to f422cf1f 
Dealt to 9936279e 
Dealt to c667305b 
Dealt to 4dceafb0 
4dceafb0: folds
Hero: folds
c74dfba3: raises $0.1 to $0.15
f422cf1f: folds
9936279e: folds
c667305b: folds
Uncalled bet ($0.1) returned to c74dfba3
*** SHOWDOWN ***
c74dfba3 collected $0.12 from pot
*** SUMMARY ***
Total pot $0.12 | Rake $0 | Jackpot $0 | Bingo $0 | Fortune $0 | Tax $0
Seat 1: Hero folded before Flop (didn't bet)
Seat 2: c74dfba3 collected ($0.12)
Seat 3: f422cf1f (button) folded before Flop (didn't bet)
Seat 4: 9936279e (small blind) folded before Flop
Seat 5: c667305b (big blind) folded before Flop
Seat 6: 4dceafb0 folded before Flop (didn't bet)


Poker Hand #HD1716885385: Hold'em No Limit ($0.02/$0.05) - 2024/04/05 16:28:00
Table 'NLHBlue7' 6-max Seat #2 is the button
Seat 1: Hero ($5 in chips)
Seat 2: c74dfba3 ($12.57 in chips)
Seat 3: f422cf1f ($14.96 in chips)
Seat 4: 9936279e ($5.64 in chips)
Seat 5: c667305b ($5.86 in chips)
Seat 6: 4dceafb0 ($7.96 in chips)
f422cf1f: posts small blind $0.02
9936279e: posts big blind $0.05
*** HOLE CARDS ***
Dealt to Hero [Kd 4c]
Dealt to c74dfba3 
Dealt to f422cf1f 
Dealt to 9936279e 
Dealt to c667305b 
Dealt to 4dceafb0 
c667305b: folds
4dceafb0: raises $0.1 to $0.15
Hero: folds
c74dfba3: raises $0.31 to $0.46
f422cf1f: folds
9936279e: folds
4dceafb0: calls $0.31
*** FLOP *** [Kh Jd Qs]
4dceafb0: checks
c74dfba3: bets $0.8
4dceafb0: calls $0.8
*** TURN *** [Kh Jd Qs] [6d]
4dceafb0: checks
c74dfba3: bets $2.08
4dceafb0: calls $2.08
*** RIVER *** [Kh Jd Qs 6d] [2d]
4dceafb0: checks
c74dfba3: bets $2.23
4dceafb0: calls $2.23
c74dfba3: shows [Qc Kc] (Pair of Kings and Pair of Queens)
4dceafb0: shows [Qh Ah] (Pair of Queens)
*** SHOWDOWN ***
c74dfba3 collected $10.66 from pot
*** SUMMARY ***
Total pot $11.21 | Rake $0.5 | Jackpot $0.05 | Bingo $0 | Fortune $0 | Tax $0
Board [Kh Jd Qs 6d 2d]
Seat 1: Hero folded before Flop (didn't bet)
Seat 2: c74dfba3 (button) showed [Qc Kc] and won ($10.66) with Pair of Kings and Pair of Queens
Seat 3: f422cf1f (small blind) folded before Flop
Seat 4: 9936279e (big blind) folded before Flop
Seat 5: c667305b folded before Flop (didn't bet)
Seat 6: 4dceafb0 showed [Qh Ah] and lost with Pair of Queens


Poker Hand #HD1716885353: Hold'em No Limit ($0.02/$0.05) - 2024/04/05 16:27:50
Table 'NLHBlue7' 6-max Seat #1 is the button
Seat 1: Hero ($5 in chips)
Seat 2: c74dfba3 ($12.59 in chips)
Seat 3: f422cf1f ($14.94 in chips)
Seat 4: 9936279e ($5.64 in chips)
Seat 5: c667305b ($5.86 in chips)
Seat 6: 4dceafb0 ($7.96 in chips)
c74dfba3: posts small blind $0.02
f422cf1f: posts big blind $0.05
*** HOLE CARDS ***
Dealt to Hero [Td 8h]
Dealt to c74dfba3 
Dealt to f422cf1f 
Dealt to 9936279e 
Dealt to c667305b 
Dealt to 4dceafb0 
9936279e: folds
c667305b: folds
4dceafb0: folds
Hero: folds
c74dfba3: folds
Uncalled bet ($0.03) returned to f422cf1f
*** SHOWDOWN ***
f422cf1f collected $0.04 from pot
*** SUMMARY ***
Total pot $0.04 | Rake $0 | Jackpot $0 | Bingo $0 | Fortune $0 | Tax $0
Seat 1: Hero (button) folded before Flop (didn't bet)
Seat 2: c74dfba3 (small blind) folded before Flop
Seat 3: f422cf1f (big blind) collected ($0.04)
Seat 4: 9936279e folded before Flop (didn't bet)
Seat 5: c667305b folded before Flop (didn't bet)
Seat 6: 4dceafb0 folded before Flop (didn't bet)


Poker Hand #HD1716885292: Hold'em No Limit ($0.02/$0.05) - 2024/04/05 16:27:26
Table 'NLHBlue7' 6-max Seat #6 is the button
Seat 1: Hero ($5.02 in chips)
Seat 2: c74dfba3 ($12.64 in chips)
Seat 3: f422cf1f ($14.94 in chips)
Seat 4: 9936279e ($5.77 in chips)
Seat 5: c667305b ($5.67 in chips)
Seat 6: 4dceafb0 ($7.96 in chips)
Hero: posts small blind $0.02
c74dfba3: posts big blind $0.05
*** HOLE CARDS ***
Dealt to Hero [5c 5d]
Dealt to c74dfba3 
Dealt to f422cf1f 
Dealt to 9936279e 
Dealt to c667305b 
Dealt to 4dceafb0 
f422cf1f: folds
9936279e: raises $0.08 to $0.13
c667305b: raises $0.27 to $0.4
4dceafb0: folds
Hero: folds
c74dfba3: folds
9936279e: folds
Uncalled bet ($0.27) returned to c667305b
*** SHOWDOWN ***
c667305b collected $0.32 from pot
*** SUMMARY ***
Total pot $0.33 | Rake $0.01 | Jackpot $0 | Bingo $0 | Fortune $0 | Tax $0
Seat 1: Hero (small blind) folded before Flop
Seat 2: c74dfba3 (big blind) folded before Flop
Seat 3: f422cf1f folded before Flop (didn't bet)
Seat 4: 9936279e folded before Flop
Seat 5: c667305b collected ($0.32)
Seat 6: 4dceafb0 (button) folded before Flop (didn't bet)


Poker Hand #HD1716885180: Hold'em No Limit ($0.02/$0.05) - 2024/04/05 16:26:41
Table 'NLHBlue7' 6-max Seat #5 is the button
Seat 1: Hero ($5.07 in chips)
Seat 2: c74dfba3 ($12.43 in chips)
Seat 3: f422cf1f ($14.94 in chips)
Seat 4: 9936279e ($5.92 in chips)
Seat 5: c667305b ($5.67 in chips)
Seat 6: 4dceafb0 ($7.98 in chips)
4dceafb0: posts small blind $0.02
Hero: posts big blind $0.05
*** HOLE CARDS ***
Dealt to Hero [3d 2h]
Dealt to c74dfba3 
Dealt to f422cf1f 
Dealt to 9936279e 
Dealt to c667305b 
Dealt to 4dceafb0 
c74dfba3: raises $0.1 to $0.15
f422cf1f: folds
9936279e: calls $0.15
c667305b: folds
4dceafb0: folds
Hero: folds
*** FLOP *** [Js 4d Kc]
c74dfba3: bets $0.13
9936279e: folds
Uncalled bet ($0.13) returned to c74dfba3
*** SHOWDOWN ***
c74dfba3 collected $0.36 from pot
*** SUMMARY ***
Total pot $0.37 | Rake $0.01 | Jackpot $0 | Bingo $0 | Fortune $0 | Tax $0
Board [Js 4d Kc]
Seat 1: Hero (big blind) folded before Flop
Seat 2: c74dfba3 won ($0.36)
Seat 3: f422cf1f folded before Flop (didn't bet)
Seat 4: 9936279e folded on the Flop
Seat 5: c667305b (button) folded before Flop (didn't bet)
Seat 6: 4dceafb0 (small blind) folded before Flop


Poker Hand #HD1716885128: Hold'em No Limit ($0.02/$0.05) - 2024/04/05 16:26:20
Table 'NLHBlue7' 6-max Seat #4 is the button
Seat 1: Hero ($5.07 in chips)
Seat 2: c74dfba3 ($12.43 in chips)
Seat 3: f422cf1f ($14.94 in chips)
Seat 4: 9936279e ($5.85 in chips)
Seat 5: c667305b ($5.69 in chips)
Seat 6: 4dceafb0 ($8.03 in chips)
c667305b: posts small blind $0.02
4dceafb0: posts big blind $0.05
*** HOLE CARDS ***
Dealt to Hero [3s Qc]
Dealt to c74dfba3 
Dealt to f422cf1f 
Dealt to 9936279e 
Dealt to c667305b 
Dealt to 4dceafb0 
Hero: folds
c74dfba3: folds
f422cf1f: folds
9936279e: raises $0.08 to $0.13
c667305b: folds
4dceafb0: folds
Uncalled bet ($0.08) returned to 9936279e
*** SHOWDOWN ***
9936279e collected $0.12 from pot
*** SUMMARY ***
Total pot $0.12 | Rake $0 | Jackpot $0 | Bingo $0 | Fortune $0 | Tax $0
Seat 1: Hero folded before Flop (didn't bet)
Seat 2: c74dfba3 folded before Flop (didn't bet)
Seat 3: f422cf1f folded before Flop (didn't bet)
Seat 4: 9936279e (button) collected ($0.12)
Seat 5: c667305b (small blind) folded before Flop
Seat 6: 4dceafb0 (big blind) folded before Flop


Poker Hand #HD1716884979: Hold'em No Limit ($0.02/$0.05) - 2024/04/05 16:25:27
Table 'NLHBlue7' 6-max Seat #3 is the button
Seat 1: Hero ($5.07 in chips)
Seat 2: c74dfba3 ($12.43 in chips)
Seat 3: f422cf1f ($14.94 in chips)
Seat 4: 9936279e ($5.87 in chips)
Seat 5: c667305b ($5.95 in chips)
Seat 6: 4dceafb0 ($7.77 in chips)
9936279e: posts small blind $0.02
c667305b: posts big blind $0.05
*** HOLE CARDS ***
Dealt to Hero [Td 9s]
Dealt to c74dfba3 
Dealt to f422cf1f 
Dealt to 9936279e 
Dealt to c667305b 
Dealt to 4dceafb0 
4dceafb0: raises $0.1 to $0.15
Hero: folds
c74dfba3: folds
f422cf1f: folds
9936279e: folds
c667305b: calls $0.1
*** FLOP *** [5h 9h 3s]
c667305b: checks
4dceafb0: bets $0.11
c667305b: calls $0.11
*** TURN *** [5h 9h 3s] [Ah]
c667305b: checks
4dceafb0: bets $0.25
c667305b: folds
Uncalled bet ($0.25) returned to 4dceafb0
*** SHOWDOWN ***
4dceafb0 collected $0.52 from pot
*** SUMMARY ***
Total pot $0.54 | Rake $0.02 | Jackpot $0 | Bingo $0 | Fortune $0 | Tax $0
Board [5h 9h 3s Ah]
Seat 1: Hero folded before Flop (didn't bet)
Seat 2: c74dfba3 folded before Flop (didn't bet)
Seat 3: f422cf1f (button) folded before Flop (didn't bet)
Seat 4: 9936279e (small blind) folded before Flop
Seat 5: c667305b (big blind) folded on the Turn
Seat 6: 4dceafb0 won ($0.52)


Poker Hand #HD1716884822: Hold'em No Limit ($0.02/$0.05) - 2024/04/05 16:24:23
Table 'NLHBlue7' 6-max Seat #2 is the button
Seat 1: Hero ($5.07 in chips)
Seat 2: c74dfba3 ($12.43 in chips)
Seat 3: f422cf1f ($15.26 in chips)
Seat 4: 9936279e ($5.58 in chips)
Seat 5: c667305b ($5.95 in chips)
Seat 6: 4dceafb0 ($7.77 in chips)
f422cf1f: posts small blind $0.02
9936279e: posts big blind $0.05
*** HOLE CARDS ***
Dealt to Hero [5h Ts]
Dealt to c74dfba3 
Dealt to f422cf1f 
Dealt to 9936279e 
Dealt to c667305b 
Dealt to 4dceafb0 
c667305b: folds
4dceafb0: folds
Hero: folds
c74dfba3: folds
f422cf1f: raises $0.07 to $0.12
9936279e: calls $0.07
*** FLOP *** [Ah 9c 3c]
f422cf1f: bets $0.2
9936279e: calls $0.2
*** TURN *** [Ah 9c 3c] [9s]
f422cf1f: checks
9936279e: bets $0.52
f422cf1f: folds
Uncalled bet ($0.52) returned to 9936279e
*** SHOWDOWN ***
9936279e collected $0.61 from pot
*** SUMMARY ***
Total pot $0.64 | Rake $0.03 | Jackpot $0 | Bingo $0 | Fortune $0 | Tax $0
Board [Ah 9c 3c 9s]
Seat 1: Hero folded before Flop (didn't bet)
Seat 2: c74dfba3 (button) folded before Flop (didn't bet)
Seat 3: f422cf1f (small blind) folded on the Turn
Seat 4: 9936279e (big blind) won ($0.61)
Seat 5: c667305b folded before Flop (didn't bet)
Seat 6: 4dceafb0 folded before Flop (didn't bet)


Poker Hand #HD1716884774: Hold'em No Limit ($0.02/$0.05) - 2024/04/05 16:24:04
Table 'NLHBlue7' 6-max Seat #1 is the button
Seat 1: Hero ($5 in chips)
Seat 2: c74dfba3 ($12.45 in chips)
Seat 3: f422cf1f ($15.31 in chips)
Seat 4: 9936279e ($5.58 in chips)
Seat 5: c667305b ($5.95 in chips)
Seat 6: 4dceafb0 ($7.77 in chips)
c74dfba3: posts small blind $0.02
f422cf1f: posts big blind $0.05
*** HOLE CARDS ***
Dealt to Hero [Jc Ks]
Dealt to c74dfba3 
Dealt to f422cf1f 
Dealt to 9936279e 
Dealt to c667305b 
Dealt to 4dceafb0 
9936279e: folds
c667305b: folds
4dceafb0: folds
Hero: raises $0.08 to $0.13
c74dfba3: folds
f422cf1f: folds
Uncalled bet ($0.08) returned to Hero
*** SHOWDOWN ***
Hero collected $0.12 from pot
*** SUMMARY ***
Total pot $0.12 | Rake $0 | Jackpot $0 | Bingo $0 | Fortune $0 | Tax $0
Seat 1: Hero (button) collected ($0.12)
Seat 2: c74dfba3 (small blind) folded before Flop
Seat 3: f422cf1f (big blind) folded before Flop
Seat 4: 9936279e folded before Flop (didn't bet)
Seat 5: c667305b folded before Flop (didn't bet)
Seat 6: 4dceafb0 folded before Flop (didn't bet)


Poker Hand #HD1716884725: Hold'em No Limit ($0.02/$0.05) - 2024/04/05 16:23:46
Table 'NLHBlue7' 6-max Seat #6 is the button
Seat 1: Hero ($5 in chips)
Seat 2: c74dfba3 ($12.31 in chips)
Seat 3: f422cf1f ($15.31 in chips)
Seat 4: 9936279e ($5.58 in chips)
Seat 5: c667305b ($6.08 in chips)
Seat 6: 4dceafb0 ($7.77 in chips)
Hero: posts small blind $0.02
c74dfba3: posts big blind $0.05
*** HOLE CARDS ***
Dealt to Hero [2s Jc]
Dealt to c74dfba3 
Dealt to f422cf1f 
Dealt to 9936279e 
Dealt to c667305b 
Dealt to 4dceafb0 
f422cf1f: folds
9936279e: folds
c667305b: raises $0.08 to $0.13
4dceafb0: folds
Hero: folds
c74dfba3: raises $0.47 to $0.6
c667305b: folds
Uncalled bet ($0.47) returned to c74dfba3
*** SHOWDOWN ***
c74dfba3 collected $0.27 from pot
*** SUMMARY ***
Total pot $0.28 | Rake $0.01 | Jackpot $0 | Bingo $0 | Fortune $0 | Tax $0
Seat 1: Hero (small blind) folded before Flop
Seat 2: c74dfba3 (big blind) collected ($0.27)
Seat 3: f422cf1f folded before Flop (didn't bet)
Seat 4: 9936279e folded before Flop (didn't bet)
Seat 5: c667305b folded before Flop
Seat 6: 4dceafb0 (button) folded before Flop (didn't bet)


Poker Hand #HD1716884681: Hold'em No Limit ($0.02/$0.05) - 2024/04/05 16:23:33
Table 'NLHBlue7' 6-max Seat #5 is the button
Seat 1: Hero ($5 in chips)
Seat 2: c74dfba3 ($12.31 in chips)
Seat 3: f422cf1f ($15.31 in chips)
Seat 4: 9936279e ($5.58 in chips)
Seat 5: c667305b ($6.01 in chips)
Seat 6: 4dceafb0 ($7.79 in chips)
4dceafb0: posts small blind $0.02
Hero: posts big blind $0.05
*** HOLE CARDS ***
Dealt to Hero [7h 5c]
Dealt to c74dfba3 
Dealt to f422cf1f 
Dealt to 9936279e 
Dealt to c667305b 
Dealt to 4dceafb0 
c74dfba3: folds
f422cf1f: folds
9936279e: folds
c667305b: raises $0.08 to $0.13
4dceafb0: folds
Hero: folds
Uncalled bet ($0.08) returned to c667305b
*** SHOWDOWN ***
c667305b collected $0.12 from pot
*** SUMMARY ***
Total pot $0.12 | Rake $0 | Jackpot $0 | Bingo $0 | Fortune $0 | Tax $0
Seat 1: Hero (big blind) folded before Flop
Seat 2: c74dfba3 folded before Flop (didn't bet)
Seat 3: f422cf1f folded before Flop (didn't bet)
Seat 4: 9936279e folded before Flop (didn't bet)
Seat 5: c667305b (button) collected ($0.12)
Seat 6: 4dceafb0 (small blind) folded before Flop


