Poker Hand #HD1762821815: Hold'em No Limit ($0.05/$0.1) - 2024/05/07 19:47:45
Table 'NLHRed39' 6-max Seat #4 is the button
Seat 1: Hero ($10 in chips)
Seat 2: c5f8638 ($10 in chips)
Seat 4: 2bc9d3c3 ($10.62 in chips)
Hero: posts small blind $0.05
c5f8638: posts big blind $0.1
*** HOLE CARDS ***
Dealt to Hero [4s 3h]
Dealt to c5f8638 
Dealt to 2bc9d3c3 
2bc9d3c3: raises $0.15 to $0.25
Hero: folds
c5f8638: calls $0.15
*** FLOP *** [Kd 9d Qc]
c5f8638: checks
2bc9d3c3: bets $0.37
c5f8638: calls $0.37
*** TURN *** [Kd 9d Qc] [Ah]
c5f8638: checks
2bc9d3c3: bets $1.8
c5f8638: calls $1.8
*** RIVER *** [Kd 9d Qc Ah] [Jh]
c5f8638: checks
2bc9d3c3: bets $3.23
c5f8638: calls $3.23
2bc9d3c3: shows [Ts Jd] (Aces-High Straight)
c5f8638: shows [Kc 9c] (Pair of Kings and Pair of Nines)
*** SHOWDOWN ***
2bc9d3c3 collected $10.75 from pot
*** SUMMARY ***
Total pot $11.35 | Rake $0.5 | Jackpot $0.1 | Bingo $0 | Fortune $0 | Tax $0
Board [Kd 9d Qc Ah Jh]
Seat 1: Hero (small blind) folded before Flop
Seat 2: c5f8638 (big blind) showed [Kc 9c] and lost with Pair of Kings and Pair of Nines
Seat 4: 2bc9d3c3 (button) showed [Ts Jd] and won ($10.75) with Aces-High Straight


Poker Hand #HD1762821786: Hold'em No Limit ($0.05/$0.1) - 2024/05/07 19:47:33
Table 'NLHRed39' 6-max Seat #1 is the button
Seat 1: Hero ($10.05 in chips)
Seat 4: 2bc9d3c3 ($10.57 in chips)
Hero: posts small blind $0.05
2bc9d3c3: posts big blind $0.1
*** HOLE CARDS ***
Dealt to Hero [Ks 3h]
Dealt to 2bc9d3c3 
Hero: folds
Uncalled bet ($0.05) returned to 2bc9d3c3
*** SHOWDOWN ***
2bc9d3c3 collected $0.1 from pot
*** SUMMARY ***
Total pot $0.1 | Rake $0 | Jackpot $0 | Bingo $0 | Fortune $0 | Tax $0
Seat 1: Hero (small blind) folded before Flop
Seat 4: 2bc9d3c3 (big blind) collected ($0.1)


Poker Hand #HD1762821769: Hold'em No Limit ($0.05/$0.1) - 2024/05/07 19:47:25
Table 'NLHRed39' 6-max Seat #4 is the button
Seat 1: Hero ($10 in chips)
Seat 4: 2bc9d3c3 ($10.62 in chips)
2bc9d3c3: posts small blind $0.05
Hero: posts big blind $0.1
*** HOLE CARDS ***
Dealt to Hero [Qh Qc]
Dealt to 2bc9d3c3 
2bc9d3c3: folds
Uncalled bet ($0.05) returned to Hero
*** SHOWDOWN ***
Hero collected $0.1 from pot
*** SUMMARY ***
Total pot $0.1 | Rake $0 | Jackpot $0 | Bingo $0 | Fortune $0 | Tax $0
Seat 1: Hero (big blind) collected ($0.1)
Seat 4: 2bc9d3c3 (small blind) folded before Flop


Poker Hand #HD1762821758: Hold'em No Limit ($0.05/$0.1) - 2024/05/07 19:47:20
Table 'NLHRed39' 6-max Seat #1 is the button
Seat 1: Hero ($10 in chips)
Seat 4: 2bc9d3c3 ($10.57 in chips)
Hero: posts small blind $0.05
2bc9d3c3: posts big blind $0.1
*** HOLE CARDS ***
Dealt to Hero [8h 7c]
Dealt to 2bc9d3c3 
Hero: folds
Uncalled bet ($0.05) returned to 2bc9d3c3
*** SHOWDOWN ***
2bc9d3c3 collected $0.1 from pot
*** SUMMARY ***
Total pot $0.1 | Rake $0 | Jackpot $0 | Bingo $0 | Fortune $0 | Tax $0
Seat 1: Hero (small blind) folded before Flop
Seat 4: 2bc9d3c3 (big blind) collected ($0.1)


Poker Hand #HD1762821743: Hold'em No Limit ($0.05/$0.1) - 2024/05/07 19:47:15
Table 'NLHRed39' 6-max Seat #5 is the button
Seat 1: Hero ($10.05 in chips)
Seat 4: 2bc9d3c3 ($10.52 in chips)
Seat 5: 5e885d0c ($9.86 in chips)
Hero: posts small blind $0.05
2bc9d3c3: posts big blind $0.1
*** HOLE CARDS ***
Dealt to Hero [6c Qd]
Dealt to 2bc9d3c3 
Dealt to 5e885d0c 
5e885d0c: folds
Hero: folds
Uncalled bet ($0.05) returned to 2bc9d3c3
*** SHOWDOWN ***
2bc9d3c3 collected $0.1 from pot
*** SUMMARY ***
Total pot $0.1 | Rake $0 | Jackpot $0 | Bingo $0 | Fortune $0 | Tax $0
Seat 1: Hero (small blind) folded before Flop
Seat 4: 2bc9d3c3 (big blind) collected ($0.1)
Seat 5: 5e885d0c (button) folded before Flop (didn't bet)


Poker Hand #HD1762821717: Hold'em No Limit ($0.05/$0.1) - 2024/05/07 19:47:02
Table 'NLHRed39' 6-max Seat #4 is the button
Seat 1: Hero ($10 in chips)
Seat 4: 2bc9d3c3 ($10.52 in chips)
Seat 5: 5e885d0c ($9.91 in chips)
5e885d0c: posts small blind $0.05
Hero: posts big blind $0.1
*** HOLE CARDS ***
Dealt to Hero [2s Qc]
Dealt to 2bc9d3c3 
Dealt to 5e885d0c 
2bc9d3c3: folds
5e885d0c: folds
Uncalled bet ($0.05) returned to Hero
*** SHOWDOWN ***
Hero collected $0.1 from pot
*** SUMMARY ***
Total pot $0.1 | Rake $0 | Jackpot $0 | Bingo $0 | Fortune $0 | Tax $0
Seat 1: Hero (big blind) collected ($0.1)
Seat 4: 2bc9d3c3 (button) folded before Flop (didn't bet)
Seat 5: 5e885d0c (small blind) folded before Flop


Poker Hand #HD1762821704: Hold'em No Limit ($0.05/$0.1) - 2024/05/07 19:46:52
Table 'NLHRed39' 6-max Seat #1 is the button
Seat 1: Hero ($10 in chips)
Seat 4: 2bc9d3c3 ($10.57 in chips)
Seat 5: 5e885d0c ($9.86 in chips)
2bc9d3c3: posts small blind $0.05
5e885d0c: posts big blind $0.1
*** HOLE CARDS ***
Dealt to Hero [7h 7d]
Dealt to 2bc9d3c3 
Dealt to 5e885d0c 
Hero: folds
2bc9d3c3: folds
Uncalled bet ($0.05) returned to 5e885d0c
*** SHOWDOWN ***
5e885d0c collected $0.1 from pot
*** SUMMARY ***
Total pot $0.1 | Rake $0 | Jackpot $0 | Bingo $0 | Fortune $0 | Tax $0
Seat 1: Hero (button) folded before Flop (didn't bet)
Seat 4: 2bc9d3c3 (small blind) folded before Flop
Seat 5: 5e885d0c (big blind) collected ($0.1)


Poker Hand #HD1762821672: Hold'em No Limit ($0.05/$0.1) - 2024/05/07 19:46:38
Table 'NLHRed39' 6-max Seat #5 is the button
Seat 1: Hero ($10 in chips)
Seat 4: 2bc9d3c3 ($10.52 in chips)
Seat 5: 5e885d0c ($9.86 in chips)
Hero: posts small blind $0.05
2bc9d3c3: posts big blind $0.1
*** HOLE CARDS ***
Dealt to Hero [Qs 8c]
Dealt to 2bc9d3c3 
Dealt to 5e885d0c 
5e885d0c: folds
Hero: folds
Uncalled bet ($0.05) returned to 2bc9d3c3
*** SHOWDOWN ***
2bc9d3c3 collected $0.1 from pot
*** SUMMARY ***
Total pot $0.1 | Rake $0 | Jackpot $0 | Bingo $0 | Fortune $0 | Tax $0
Seat 1: Hero (small blind) folded before Flop
Seat 4: 2bc9d3c3 (big blind) collected ($0.1)
Seat 5: 5e885d0c (button) folded before Flop (didn't bet)


Poker Hand #HD1762821661: Hold'em No Limit ($0.05/$0.1) - 2024/05/07 19:46:27
Table 'NLHRed39' 6-max Seat #4 is the button
Seat 1: Hero ($10.08 in chips)
Seat 2: cb5e664b ($9.07 in chips)
Seat 4: 2bc9d3c3 ($10.37 in chips)
Seat 5: 5e885d0c ($9.91 in chips)
5e885d0c: posts small blind $0.05
Hero: posts big blind $0.1
*** HOLE CARDS ***
Dealt to Hero [2h 2s]
Dealt to cb5e664b 
Dealt to 2bc9d3c3 
Dealt to 5e885d0c 
cb5e664b: folds
2bc9d3c3: raises $0.15 to $0.25
5e885d0c: folds
Hero: folds
Uncalled bet ($0.15) returned to 2bc9d3c3
*** SHOWDOWN ***
2bc9d3c3 collected $0.25 from pot
*** SUMMARY ***
Total pot $0.25 | Rake $0 | Jackpot $0 | Bingo $0 | Fortune $0 | Tax $0
Seat 1: Hero (big blind) folded before Flop
Seat 2: cb5e664b folded before Flop (didn't bet)
Seat 4: 2bc9d3c3 (button) collected ($0.25)
Seat 5: 5e885d0c (small blind) folded before Flop


Poker Hand #HD1762821633: Hold'em No Limit ($0.05/$0.1) - 2024/05/07 19:46:16
Table 'NLHRed39' 6-max Seat #2 is the button
Seat 1: Hero ($10.08 in chips)
Seat 2: cb5e664b ($9.07 in chips)
Seat 4: 2bc9d3c3 ($10.42 in chips)
Seat 5: 5e885d0c ($9.86 in chips)
2bc9d3c3: posts small blind $0.05
5e885d0c: posts big blind $0.1
*** HOLE CARDS ***
Dealt to Hero [Th 4d]
Dealt to cb5e664b 
Dealt to 2bc9d3c3 
Dealt to 5e885d0c 
Hero: folds
cb5e664b: folds
2bc9d3c3: folds
Uncalled bet ($0.05) returned to 5e885d0c
*** SHOWDOWN ***
5e885d0c collected $0.1 from pot
*** SUMMARY ***
Total pot $0.1 | Rake $0 | Jackpot $0 | Bingo $0 | Fortune $0 | Tax $0
Seat 1: Hero folded before Flop (didn't bet)
Seat 2: cb5e664b (button) folded before Flop (didn't bet)
Seat 4: 2bc9d3c3 (small blind) folded before Flop
Seat 5: 5e885d0c (big blind) collected ($0.1)


Poker Hand #HD1762821565: Hold'em No Limit ($0.05/$0.1) - 2024/05/07 19:45:47
Table 'NLHRed39' 6-max Seat #1 is the button
Seat 1: Hero ($10.32 in chips)
Seat 2: cb5e664b ($8.75 in chips)
Seat 4: 2bc9d3c3 ($10.52 in chips)
Seat 5: 5e885d0c ($9.86 in chips)
cb5e664b: posts small blind $0.05
2bc9d3c3: posts big blind $0.1
*** HOLE CARDS ***
Dealt to Hero [Jd Kh]
Dealt to cb5e664b 
Dealt to 2bc9d3c3 
Dealt to 5e885d0c 
5e885d0c: folds
Hero: raises $0.14 to $0.24
cb5e664b: raises $0.41 to $0.65
2bc9d3c3: folds
Hero: folds
Uncalled bet ($0.41) returned to cb5e664b
*** SHOWDOWN ***
cb5e664b collected $0.56 from pot
*** SUMMARY ***
Total pot $0.58 | Rake $0.02 | Jackpot $0 | Bingo $0 | Fortune $0 | Tax $0
Seat 1: Hero (button) folded before Flop
Seat 2: cb5e664b (small blind) collected ($0.56)
Seat 4: 2bc9d3c3 (big blind) folded before Flop
Seat 5: 5e885d0c folded before Flop (didn't bet)


Poker Hand #HD1762821457: Hold'em No Limit ($0.05/$0.1) - 2024/05/07 19:44:52
Table 'NLHRed39' 6-max Seat #5 is the button
Seat 1: Hero ($11.15 in chips)
Seat 2: cb5e664b ($8 in chips)
Seat 4: 2bc9d3c3 ($10.52 in chips)
Seat 5: 5e885d0c ($9.86 in chips)
Hero: posts small blind $0.05
cb5e664b: posts big blind $0.1
*** HOLE CARDS ***
Dealt to Hero [Jc Td]
Dealt to cb5e664b 
Dealt to 2bc9d3c3 
Dealt to 5e885d0c 
2bc9d3c3: folds
5e885d0c: folds
Hero: raises $0.2 to $0.3
cb5e664b: calls $0.2
*** FLOP *** [2c 3c 4c]
Hero: bets $0.2
cb5e664b: calls $0.2
*** TURN *** [2c 3c 4c] [2s]
Hero: checks
cb5e664b: bets $0.33
Hero: calls $0.33
*** RIVER *** [2c 3c 4c 2s] [7d]
Hero: checks
cb5e664b: checks
Hero: shows [Jc Td] (Pair of Twos)
cb5e664b: shows [Jd 2d] (Three Twos)
*** SHOWDOWN ***
cb5e664b collected $1.58 from pot
*** SUMMARY ***
Total pot $1.66 | Rake $0.08 | Jackpot $0 | Bingo $0 | Fortune $0 | Tax $0
Board [2c 3c 4c 2s 7d]
Seat 1: Hero (small blind) showed [Jc Td] and lost with Pair of Twos
Seat 2: cb5e664b (big blind) showed [Jd 2d] and won ($1.58) with Three Twos
Seat 4: 2bc9d3c3 folded before Flop (didn't bet)
Seat 5: 5e885d0c (button) folded before Flop (didn't bet)


Poker Hand #HD1762821354: Hold'em No Limit ($0.05/$0.1) - 2024/05/07 19:43:56
Table 'NLHRed39' 6-max Seat #4 is the button
Seat 1: Hero ($10.97 in chips)
Seat 4: 2bc9d3c3 ($10.52 in chips)
Seat 5: 5e885d0c ($10.06 in chips)
5e885d0c: posts small blind $0.05
Hero: posts big blind $0.1
*** HOLE CARDS ***
Dealt to Hero [2c Qh]
Dealt to 2bc9d3c3 
Dealt to 5e885d0c 
2bc9d3c3: folds
5e885d0c: calls $0.05
Hero: checks
*** FLOP *** [6s Js Qc]
5e885d0c: checks
Hero: checks
*** TURN *** [6s Js Qc] [5h]
5e885d0c: checks
Hero: checks
*** RIVER *** [6s Js Qc 5h] [7s]
5e885d0c: checks
Hero: bets $0.1
5e885d0c: calls $0.1
Hero: shows [2c Qh] (Pair of Queens)
5e885d0c: shows [5d Tc] (Pair of Fives)
*** SHOWDOWN ***
Hero collected $0.38 from pot
*** SUMMARY ***
Total pot $0.4 | Rake $0.02 | Jackpot $0 | Bingo $0 | Fortune $0 | Tax $0
Board [6s Js Qc 5h 7s]
Seat 1: Hero (big blind) showed [2c Qh] and won ($0.38) with Pair of Queens
Seat 4: 2bc9d3c3 (button) folded before Flop (didn't bet)
Seat 5: 5e885d0c (small blind) showed [5d Tc] and lost with Pair of Fives


Poker Hand #HD1762821305: Hold'em No Limit ($0.05/$0.1) - 2024/05/07 19:43:29
Table 'NLHRed39' 6-max Seat #1 is the button
Seat 1: Hero ($11.21 in chips)
Seat 4: 2bc9d3c3 ($10.2 in chips)
Seat 5: 5e885d0c ($10.16 in chips)
2bc9d3c3: posts small blind $0.05
5e885d0c: posts big blind $0.1
*** HOLE CARDS ***
Dealt to Hero [As Th]
Dealt to 2bc9d3c3 
Dealt to 5e885d0c 
Hero: raises $0.14 to $0.24
2bc9d3c3: raises $0.96 to $1.2
5e885d0c: folds
Hero: folds
Uncalled bet ($0.96) returned to 2bc9d3c3
*** SHOWDOWN ***
2bc9d3c3 collected $0.56 from pot
*** SUMMARY ***
Total pot $0.58 | Rake $0.02 | Jackpot $0 | Bingo $0 | Fortune $0 | Tax $0
Seat 1: Hero (button) folded before Flop
Seat 4: 2bc9d3c3 (small blind) collected ($0.56)
Seat 5: 5e885d0c (big blind) folded before Flop


Poker Hand #HD1762821282: Hold'em No Limit ($0.05/$0.1) - 2024/05/07 19:43:18
Table 'NLHRed39' 6-max Seat #5 is the button
Seat 1: Hero ($11.26 in chips)
Seat 4: 2bc9d3c3 ($10.15 in chips)
Seat 5: 5e885d0c ($10.16 in chips)
Hero: posts small blind $0.05
2bc9d3c3: posts big blind $0.1
*** HOLE CARDS ***
Dealt to Hero [6c 3d]
Dealt to 2bc9d3c3 
Dealt to 5e885d0c 
5e885d0c: folds
Hero: folds
Uncalled bet ($0.05) returned to 2bc9d3c3
*** SHOWDOWN ***
2bc9d3c3 collected $0.1 from pot
*** SUMMARY ***
Total pot $0.1 | Rake $0 | Jackpot $0 | Bingo $0 | Fortune $0 | Tax $0
Seat 1: Hero (small blind) folded before Flop
Seat 4: 2bc9d3c3 (big blind) collected ($0.1)
Seat 5: 5e885d0c (button) folded before Flop (didn't bet)


Poker Hand #HD1762821252: Hold'em No Limit ($0.05/$0.1) - 2024/05/07 19:43:03
Table 'NLHRed39' 6-max Seat #4 is the button
Seat 1: Hero ($11.36 in chips)
Seat 2: 3e4fd4e9 ($10.25 in chips)
Seat 4: 2bc9d3c3 ($10 in chips)
Seat 5: 5e885d0c ($10.21 in chips)
5e885d0c: posts small blind $0.05
Hero: posts big blind $0.1
*** HOLE CARDS ***
Dealt to Hero [3d 7h]
Dealt to 3e4fd4e9 
Dealt to 2bc9d3c3 
Dealt to 5e885d0c 
3e4fd4e9: folds
2bc9d3c3: raises $0.15 to $0.25
5e885d0c: folds
Hero: folds
Uncalled bet ($0.15) returned to 2bc9d3c3
*** SHOWDOWN ***
2bc9d3c3 collected $0.25 from pot
*** SUMMARY ***
Total pot $0.25 | Rake $0 | Jackpot $0 | Bingo $0 | Fortune $0 | Tax $0
Seat 1: Hero (big blind) folded before Flop
Seat 2: 3e4fd4e9 folded before Flop (didn't bet)
Seat 4: 2bc9d3c3 (button) collected ($0.25)
Seat 5: 5e885d0c (small blind) folded before Flop


Poker Hand #HD1762821227: Hold'em No Limit ($0.05/$0.1) - 2024/05/07 19:42:52
Table 'NLHRed39' 6-max Seat #2 is the button
Seat 1: Hero ($11.36 in chips)
Seat 2: 3e4fd4e9 ($10.25 in chips)
Seat 4: 2bc9d3c3 ($10.05 in chips)
Seat 5: 5e885d0c ($10.16 in chips)
2bc9d3c3: posts small blind $0.05
5e885d0c: posts big blind $0.1
*** HOLE CARDS ***
Dealt to Hero [Th 3c]
Dealt to 3e4fd4e9 
Dealt to 2bc9d3c3 
Dealt to 5e885d0c 
Hero: folds
3e4fd4e9: folds
2bc9d3c3: folds
Uncalled bet ($0.05) returned to 5e885d0c
*** SHOWDOWN ***
5e885d0c collected $0.1 from pot
*** SUMMARY ***
Total pot $0.1 | Rake $0 | Jackpot $0 | Bingo $0 | Fortune $0 | Tax $0
Seat 1: Hero folded before Flop (didn't bet)
Seat 2: 3e4fd4e9 (button) folded before Flop (didn't bet)
Seat 4: 2bc9d3c3 (small blind) folded before Flop
Seat 5: 5e885d0c (big blind) collected ($0.1)


Poker Hand #HD1762821118: Hold'em No Limit ($0.05/$0.1) - 2024/05/07 19:41:48
Table 'NLHRed39' 6-max Seat #1 is the button
Seat 1: Hero ($11.36 in chips)
Seat 2: 3e4fd4e9 ($10.5 in chips)
Seat 4: 2bc9d3c3 ($10.15 in chips)
Seat 5: 5e885d0c ($9.84 in chips)
3e4fd4e9: posts small blind $0.05
2bc9d3c3: posts big blind $0.1
*** HOLE CARDS ***
Dealt to Hero [7c 2d]
Dealt to 3e4fd4e9 
Dealt to 2bc9d3c3 
Dealt to 5e885d0c 
5e885d0c: calls $0.1
Hero: folds
3e4fd4e9: calls $0.05
2bc9d3c3: checks
*** FLOP *** [2h Ah 9d]
3e4fd4e9: checks
2bc9d3c3: checks
5e885d0c: bets $0.15
3e4fd4e9: calls $0.15
2bc9d3c3: folds
*** TURN *** [2h Ah 9d] [Js]
3e4fd4e9: checks
5e885d0c: bets $0.3
3e4fd4e9: folds
Uncalled bet ($0.3) returned to 5e885d0c
*** SHOWDOWN ***
5e885d0c collected $0.57 from pot
*** SUMMARY ***
Total pot $0.6 | Rake $0.03 | Jackpot $0 | Bingo $0 | Fortune $0 | Tax $0
Board [2h Ah 9d Js]
Seat 1: Hero (button) folded before Flop (didn't bet)
Seat 2: 3e4fd4e9 (small blind) folded on the Turn
Seat 4: 2bc9d3c3 (big blind) folded on the Flop
Seat 5: 5e885d0c won ($0.57)


Poker Hand #HD1762821042: Hold'em No Limit ($0.05/$0.1) - 2024/05/07 19:41:11
Table 'NLHRed39' 6-max Seat #5 is the button
Seat 1: Hero ($11.41 in chips)
Seat 2: 3e4fd4e9 ($10.6 in chips)
Seat 4: 2bc9d3c3 ($10.15 in chips)
Seat 5: 5e885d0c ($9.7 in chips)
Hero: posts small blind $0.05
3e4fd4e9: posts big blind $0.1
*** HOLE CARDS ***
Dealt to Hero [2d 9c]
Dealt to 3e4fd4e9 
Dealt to 2bc9d3c3 
Dealt to 5e885d0c 
2bc9d3c3: folds
5e885d0c: calls $0.1
Hero: folds
3e4fd4e9: checks
*** FLOP *** [Qc Qd 2h]
3e4fd4e9: checks
5e885d0c: checks
*** TURN *** [Qc Qd 2h] [2c]
3e4fd4e9: checks
5e885d0c: checks
*** RIVER *** [Qc Qd 2h 2c] [4c]
3e4fd4e9: checks
5e885d0c: checks
3e4fd4e9: shows [6d 8s] (Pair of Queens and Pair of Twos)
5e885d0c: shows [Ks 3s] (Pair of Queens and Pair of Twos)
*** SHOWDOWN ***
5e885d0c collected $0.24 from pot
*** SUMMARY ***
Total pot $0.25 | Rake $0.01 | Jackpot $0 | Bingo $0 | Fortune $0 | Tax $0
Board [Qc Qd 2h 2c 4c]
Seat 1: Hero (small blind) folded before Flop
Seat 2: 3e4fd4e9 (big blind) showed [6d 8s] and lost with Pair of Queens and Pair of Twos
Seat 4: 2bc9d3c3 folded before Flop (didn't bet)
Seat 5: 5e885d0c (button) showed [Ks 3s] and won ($0.24) with Pair of Queens and Pair of Twos


Poker Hand #HD1762820998: Hold'em No Limit ($0.05/$0.1) - 2024/05/07 19:40:55
Table 'NLHRed39' 6-max Seat #4 is the button
Seat 1: Hero ($11.51 in chips)
Seat 2: 3e4fd4e9 ($10.6 in chips)
Seat 4: 2bc9d3c3 ($10 in chips)
Seat 5: 5e885d0c ($9.75 in chips)
5e885d0c: posts small blind $0.05
Hero: posts big blind $0.1
*** HOLE CARDS ***
Dealt to Hero [Kc 6s]
Dealt to 3e4fd4e9 
Dealt to 2bc9d3c3 
Dealt to 5e885d0c 
3e4fd4e9: folds
2bc9d3c3: raises $0.15 to $0.25
5e885d0c: folds
Hero: folds
Uncalled bet ($0.15) returned to 2bc9d3c3
*** SHOWDOWN ***
2bc9d3c3 collected $0.25 from pot
*** SUMMARY ***
Total pot $0.25 | Rake $0 | Jackpot $0 | Bingo $0 | Fortune $0 | Tax $0
Seat 1: Hero (big blind) folded before Flop
Seat 2: 3e4fd4e9 folded before Flop (didn't bet)
Seat 4: 2bc9d3c3 (button) collected ($0.25)
Seat 5: 5e885d0c (small blind) folded before Flop


Poker Hand #HD1762820945: Hold'em No Limit ($0.05/$0.1) - 2024/05/07 19:40:34
Table 'NLHRed39' 6-max Seat #2 is the button
Seat 1: Hero ($11.51 in chips)
Seat 2: 3e4fd4e9 ($10.6 in chips)
Seat 4: 2bc9d3c3 ($10 in chips)
Seat 5: 5e885d0c ($9.7 in chips)
2bc9d3c3: posts small blind $0.05
5e885d0c: posts big blind $0.1
*** HOLE CARDS ***
Dealt to Hero [Ks 7c]
Dealt to 3e4fd4e9 
Dealt to 2bc9d3c3 
Dealt to 5e885d0c 
Hero: folds
3e4fd4e9: folds
2bc9d3c3: folds
Uncalled bet ($0.05) returned to 5e885d0c
*** SHOWDOWN ***
5e885d0c collected $0.1 from pot
*** SUMMARY ***
Total pot $0.1 | Rake $0 | Jackpot $0 | Bingo $0 | Fortune $0 | Tax $0
Seat 1: Hero folded before Flop (didn't bet)
Seat 2: 3e4fd4e9 (button) folded before Flop (didn't bet)
Seat 4: 2bc9d3c3 (small blind) folded before Flop
Seat 5: 5e885d0c (big blind) collected ($0.1)


Poker Hand #HD1762820898: Hold'em No Limit ($0.05/$0.1) - 2024/05/07 19:40:07
Table 'NLHRed39' 6-max Seat #1 is the button
Seat 1: Hero ($11.75 in chips)
Seat 2: 3e4fd4e9 ($10.29 in chips)
Seat 3: 464d3631 ($12.16 in chips)
Seat 4: 2bc9d3c3 ($10 in chips)
Seat 5: 5e885d0c ($9.7 in chips)
3e4fd4e9: posts small blind $0.05
464d3631: posts big blind $0.1
*** HOLE CARDS ***
Dealt to Hero [Jc 9h]
Dealt to 3e4fd4e9 
Dealt to 464d3631 
Dealt to 2bc9d3c3 
Dealt to 5e885d0c 
2bc9d3c3: folds
5e885d0c: folds
Hero: raises $0.14 to $0.24
3e4fd4e9: raises $0.58 to $0.82
464d3631: folds
Hero: folds
Uncalled bet ($0.58) returned to 3e4fd4e9
*** SHOWDOWN ***
3e4fd4e9 collected $0.55 from pot
*** SUMMARY ***
Total pot $0.58 | Rake $0.03 | Jackpot $0 | Bingo $0 | Fortune $0 | Tax $0
Seat 1: Hero (button) folded before Flop
Seat 2: 3e4fd4e9 (small blind) collected ($0.55)
Seat 3: 464d3631 (big blind) folded before Flop
Seat 4: 2bc9d3c3 folded before Flop (didn't bet)
Seat 5: 5e885d0c folded before Flop (didn't bet)


Poker Hand #HD1762820834: Hold'em No Limit ($0.05/$0.1) - 2024/05/07 19:39:37
Table 'NLHRed39' 6-max Seat #5 is the button
Seat 1: Hero ($11.8 in chips)
Seat 2: 3e4fd4e9 ($10.15 in chips)
Seat 3: 464d3631 ($12.16 in chips)
Seat 4: 2bc9d3c3 ($10 in chips)
Seat 5: 5e885d0c ($9.8 in chips)
Hero: posts small blind $0.05
3e4fd4e9: posts big blind $0.1
*** HOLE CARDS ***
Dealt to Hero [6c Jc]
Dealt to 3e4fd4e9 
Dealt to 464d3631 
Dealt to 2bc9d3c3 
Dealt to 5e885d0c 
464d3631: folds
2bc9d3c3: folds
5e885d0c: calls $0.1
Hero: folds
3e4fd4e9: checks
*** FLOP *** [Js Kh Ah]
3e4fd4e9: checks
5e885d0c: checks
*** TURN *** [Js Kh Ah] [8h]
3e4fd4e9: bets $0.19
5e885d0c: folds
Uncalled bet ($0.19) returned to 3e4fd4e9
*** SHOWDOWN ***
3e4fd4e9 collected $0.24 from pot
*** SUMMARY ***
Total pot $0.25 | Rake $0.01 | Jackpot $0 | Bingo $0 | Fortune $0 | Tax $0
Board [Js Kh Ah 8h]
Seat 1: Hero (small blind) folded before Flop
Seat 2: 3e4fd4e9 (big blind) won ($0.24)
Seat 3: 464d3631 folded before Flop (didn't bet)
Seat 4: 2bc9d3c3 folded before Flop (didn't bet)
Seat 5: 5e885d0c (button) folded on the Turn


Poker Hand #HD1762820763: Hold'em No Limit ($0.05/$0.1) - 2024/05/07 19:39:06
Table 'NLHRed39' 6-max Seat #4 is the button
Seat 1: Hero ($11.71 in chips)
Seat 2: 3e4fd4e9 ($10.15 in chips)
Seat 3: 464d3631 ($12.16 in chips)
Seat 4: 2bc9d3c3 ($10 in chips)
Seat 5: 5e885d0c ($9.9 in chips)
5e885d0c: posts small blind $0.05
Hero: posts big blind $0.1
*** HOLE CARDS ***
Dealt to Hero [8s Ts]
Dealt to 3e4fd4e9 
Dealt to 464d3631 
Dealt to 2bc9d3c3 
Dealt to 5e885d0c 
3e4fd4e9: folds
464d3631: folds
2bc9d3c3: folds
5e885d0c: calls $0.05
Hero: checks
*** FLOP *** [Qs Ac 5d]
5e885d0c: checks
Hero: checks
*** TURN *** [Qs Ac 5d] [Js]
5e885d0c: checks
Hero: bets $0.2
5e885d0c: folds
Uncalled bet ($0.2) returned to Hero
*** SHOWDOWN ***
Hero collected $0.19 from pot
*** SUMMARY ***
Total pot $0.2 | Rake $0.01 | Jackpot $0 | Bingo $0 | Fortune $0 | Tax $0
Board [Qs Ac 5d Js]
Seat 1: Hero (big blind) won ($0.19)
Seat 2: 3e4fd4e9 folded before Flop (didn't bet)
Seat 3: 464d3631 folded before Flop (didn't bet)
Seat 4: 2bc9d3c3 (button) folded before Flop (didn't bet)
Seat 5: 5e885d0c (small blind) folded on the Turn


Poker Hand #HD1762820722: Hold'em No Limit ($0.05/$0.1) - 2024/05/07 19:38:44
Table 'NLHRed39' 6-max Seat #3 is the button
Seat 1: Hero ($11.71 in chips)
Seat 2: 3e4fd4e9 ($10 in chips)
Seat 3: 464d3631 ($12.16 in chips)
Seat 4: 2bc9d3c3 ($10 in chips)
Seat 5: 5e885d0c ($10 in chips)
2bc9d3c3: posts small blind $0.05
5e885d0c: posts big blind $0.1
3e4fd4e9: posts big blind $0.1
*** HOLE CARDS ***
Dealt to Hero [Ac 7c]
Dealt to 3e4fd4e9 
Dealt to 464d3631 
Dealt to 2bc9d3c3 
Dealt to 5e885d0c 
Hero: folds
3e4fd4e9: raises $0.3 to $0.4
464d3631: folds
2bc9d3c3: folds
5e885d0c: folds
Uncalled bet ($0.3) returned to 3e4fd4e9
*** SHOWDOWN ***
3e4fd4e9 collected $0.25 from pot
*** SUMMARY ***
Total pot $0.25 | Rake $0 | Jackpot $0 | Bingo $0 | Fortune $0 | Tax $0
Seat 1: Hero folded before Flop (didn't bet)
Seat 2: 3e4fd4e9 collected ($0.25)
Seat 3: 464d3631 (button) folded before Flop (didn't bet)
Seat 4: 2bc9d3c3 (small blind) folded before Flop
Seat 5: 5e885d0c (big blind) folded before Flop


Poker Hand #HD1762820621: Hold'em No Limit ($0.05/$0.1) - 2024/05/07 19:37:52
Table 'NLHRed39' 6-max Seat #2 is the button
Seat 1: Hero ($11.71 in chips)
Seat 2: 8fdc5312 ($10.38 in chips)
Seat 3: 464d3631 ($10 in chips)
Seat 4: 2bc9d3c3 ($10 in chips)
464d3631: posts small blind $0.05
2bc9d3c3: posts big blind $0.1
*** HOLE CARDS ***
Dealt to Hero [8s 4d]
Dealt to 8fdc5312 
Dealt to 464d3631 
Dealt to 2bc9d3c3 
Hero: folds
8fdc5312: folds
464d3631: raises $0.2 to $0.3
2bc9d3c3: raises $0.9 to $1.2
464d3631: calls $0.9
*** FLOP *** [9d Qh 3d]
464d3631: checks
2bc9d3c3: bets $1.3
464d3631: raises $2.5 to $3.8
2bc9d3c3: folds
Uncalled bet ($2.5) returned to 464d3631
*** SHOWDOWN ***
464d3631 collected $4.66 from pot
*** SUMMARY ***
Total pot $5 | Rake $0.24 | Jackpot $0.1 | Bingo $0 | Fortune $0 | Tax $0
Board [9d Qh 3d]
Seat 1: Hero folded before Flop (didn't bet)
Seat 2: 8fdc5312 (button) folded before Flop (didn't bet)
Seat 3: 464d3631 (small blind) won ($4.66)
Seat 4: 2bc9d3c3 (big blind) folded on the Flop


Poker Hand #HD1762820587: Hold'em No Limit ($0.05/$0.1) - 2024/05/07 19:37:37
Table 'NLHRed39' 6-max Seat #1 is the button
Seat 1: Hero ($11.56 in chips)
Seat 2: 8fdc5312 ($10.43 in chips)
Seat 3: 464d3631 ($10 in chips)
Seat 4: 2bc9d3c3 ($10 in chips)
8fdc5312: posts small blind $0.05
464d3631: posts big blind $0.1
*** HOLE CARDS ***
Dealt to Hero [Qs 9s]
Dealt to 8fdc5312 
Dealt to 464d3631 
Dealt to 2bc9d3c3 
2bc9d3c3: folds
Hero: raises $0.14 to $0.24
8fdc5312: folds
464d3631: folds
Uncalled bet ($0.14) returned to Hero
*** SHOWDOWN ***
Hero collected $0.25 from pot
*** SUMMARY ***
Total pot $0.25 | Rake $0 | Jackpot $0 | Bingo $0 | Fortune $0 | Tax $0
Seat 1: Hero (button) collected ($0.25)
Seat 2: 8fdc5312 (small blind) folded before Flop
Seat 3: 464d3631 (big blind) folded before Flop
Seat 4: 2bc9d3c3 folded before Flop (didn't bet)


Poker Hand #HD1762820520: Hold'em No Limit ($0.05/$0.1) - 2024/05/07 19:37:02
Table 'NLHRed39' 6-max Seat #4 is the button
Seat 1: Hero ($11.61 in chips)
Seat 2: 8fdc5312 ($10.15 in chips)
Seat 3: 464d3631 ($10 in chips)
Seat 4: 2bc9d3c3 ($10.23 in chips)
Hero: posts small blind $0.05
8fdc5312: posts big blind $0.1
*** HOLE CARDS ***
Dealt to Hero [8c Ts]
Dealt to 8fdc5312 
Dealt to 464d3631 
Dealt to 2bc9d3c3 
464d3631: folds
2bc9d3c3: raises $0.15 to $0.25
Hero: folds
8fdc5312: raises $0.9 to $1.15
2bc9d3c3: folds
Uncalled bet ($0.9) returned to 8fdc5312
*** SHOWDOWN ***
8fdc5312 collected $0.53 from pot
*** SUMMARY ***
Total pot $0.55 | Rake $0.02 | Jackpot $0 | Bingo $0 | Fortune $0 | Tax $0
Seat 1: Hero (small blind) folded before Flop
Seat 2: 8fdc5312 (big blind) collected ($0.53)
Seat 3: 464d3631 folded before Flop (didn't bet)
Seat 4: 2bc9d3c3 (button) folded before Flop


Poker Hand #HD1762820499: Hold'em No Limit ($0.05/$0.1) - 2024/05/07 19:36:51
Table 'NLHRed39' 6-max Seat #3 is the button
Seat 1: Hero ($11.71 in chips)
Seat 2: 8fdc5312 ($10 in chips)
Seat 3: 464d3631 ($10 in chips)
Seat 4: 2bc9d3c3 ($10.28 in chips)
2bc9d3c3: posts small blind $0.05
Hero: posts big blind $0.1
*** HOLE CARDS ***
Dealt to Hero [Ah 7c]
Dealt to 8fdc5312 
Dealt to 464d3631 
Dealt to 2bc9d3c3 
8fdc5312: raises $0.15 to $0.25
464d3631: folds
2bc9d3c3: folds
Hero: folds
Uncalled bet ($0.15) returned to 8fdc5312
*** SHOWDOWN ***
8fdc5312 collected $0.25 from pot
*** SUMMARY ***
Total pot $0.25 | Rake $0 | Jackpot $0 | Bingo $0 | Fortune $0 | Tax $0
Seat 1: Hero (big blind) folded before Flop
Seat 2: 8fdc5312 collected ($0.25)
Seat 3: 464d3631 (button) folded before Flop (didn't bet)
Seat 4: 2bc9d3c3 (small blind) folded before Flop


Poker Hand #HD1762820425: Hold'em No Limit ($0.05/$0.1) - 2024/05/07 19:36:18
Table 'NLHRed39' 6-max Seat #2 is the button
Seat 1: Hero ($11.71 in chips)
Seat 2: 8fdc5312 ($10.15 in chips)
Seat 3: 464d3631 ($10 in chips)
Seat 4: 2bc9d3c3 ($10 in chips)
Seat 5: 664cc39 ($16.03 in chips)
Seat 6: cef64b53 ($17.84 in chips)
464d3631: posts small blind $0.05
2bc9d3c3: posts big blind $0.1
*** HOLE CARDS ***
Dealt to Hero [Qc 6h]
Dealt to 8fdc5312 
Dealt to 464d3631 
Dealt to 2bc9d3c3 
Dealt to 664cc39 
Dealt to cef64b53 
664cc39: folds
cef64b53: folds
Hero: folds
8fdc5312: raises $0.15 to $0.25
464d3631: folds
2bc9d3c3: raises $0.95 to $1.2
8fdc5312: folds
Uncalled bet ($0.95) returned to 2bc9d3c3
*** SHOWDOWN ***
2bc9d3c3 collected $0.53 from pot
*** SUMMARY ***
Total pot $0.55 | Rake $0.02 | Jackpot $0 | Bingo $0 | Fortune $0 | Tax $0
Seat 1: Hero folded before Flop (didn't bet)
Seat 2: 8fdc5312 (button) folded before Flop
Seat 3: 464d3631 (small blind) folded before Flop
Seat 4: 2bc9d3c3 (big blind) collected ($0.53)
Seat 5: 664cc39 folded before Flop (didn't bet)
Seat 6: cef64b53 folded before Flop (didn't bet)


Poker Hand #HD1762820366: Hold'em No Limit ($0.05/$0.1) - 2024/05/07 19:35:56
Table 'NLHRed39' 6-max Seat #1 is the button
Seat 1: Hero ($11.71 in chips)
Seat 2: 8fdc5312 ($10.05 in chips)
Seat 3: 464d3631 ($10 in chips)
Seat 5: 664cc39 ($16.03 in chips)
Seat 6: cef64b53 ($17.84 in chips)
8fdc5312: posts small blind $0.05
464d3631: posts big blind $0.1
*** HOLE CARDS ***
Dealt to Hero [Kh 6s]
Dealt to 8fdc5312 
Dealt to 464d3631 
Dealt to 664cc39 
Dealt to cef64b53 
664cc39: folds
cef64b53: folds
Hero: folds
8fdc5312: raises $0.2 to $0.3
464d3631: folds
Uncalled bet ($0.2) returned to 8fdc5312
*** SHOWDOWN ***
8fdc5312 collected $0.2 from pot
*** SUMMARY ***
Total pot $0.2 | Rake $0 | Jackpot $0 | Bingo $0 | Fortune $0 | Tax $0
Seat 1: Hero (button) folded before Flop (didn't bet)
Seat 2: 8fdc5312 (small blind) collected ($0.2)
Seat 3: 464d3631 (big blind) folded before Flop
Seat 5: 664cc39 folded before Flop (didn't bet)
Seat 6: cef64b53 folded before Flop (didn't bet)


Poker Hand #HD1762820328: Hold'em No Limit ($0.05/$0.1) - 2024/05/07 19:35:38
Table 'NLHRed39' 6-max Seat #6 is the button
Seat 1: Hero ($11.76 in chips)
Seat 2: 8fdc5312 ($10.15 in chips)
Seat 3: 464d3631 ($10 in chips)
Seat 5: 664cc39 ($15.88 in chips)
Seat 6: cef64b53 ($17.84 in chips)
Hero: posts small blind $0.05
8fdc5312: posts big blind $0.1
*** HOLE CARDS ***
Dealt to Hero [Ts 7s]
Dealt to 8fdc5312 
Dealt to 464d3631 
Dealt to 664cc39 
Dealt to cef64b53 
464d3631: folds
664cc39: raises $0.15 to $0.25
cef64b53: folds
Hero: folds
8fdc5312: folds
Uncalled bet ($0.15) returned to 664cc39
*** SHOWDOWN ***
664cc39 collected $0.25 from pot
*** SUMMARY ***
Total pot $0.25 | Rake $0 | Jackpot $0 | Bingo $0 | Fortune $0 | Tax $0
Seat 1: Hero (small blind) folded before Flop
Seat 2: 8fdc5312 (big blind) folded before Flop
Seat 3: 464d3631 folded before Flop (didn't bet)
Seat 5: 664cc39 collected ($0.25)
Seat 6: cef64b53 (button) folded before Flop (didn't bet)


Poker Hand #HD1762820293: Hold'em No Limit ($0.05/$0.1) - 2024/05/07 19:35:17
Table 'NLHRed39' 6-max Seat #5 is the button
Seat 1: Hero ($11.71 in chips)
Seat 2: 8fdc5312 ($10.15 in chips)
Seat 3: 464d3631 ($10 in chips)
Seat 5: 664cc39 ($15.88 in chips)
Seat 6: cef64b53 ($17.89 in chips)
cef64b53: posts small blind $0.05
Hero: posts big blind $0.1
*** HOLE CARDS ***
Dealt to Hero [9d Qh]
Dealt to 8fdc5312 
Dealt to 464d3631 
Dealt to 664cc39 
Dealt to cef64b53 
8fdc5312: folds
464d3631: folds
664cc39: folds
cef64b53: folds
Uncalled bet ($0.05) returned to Hero
*** SHOWDOWN ***
Hero collected $0.1 from pot
*** SUMMARY ***
Total pot $0.1 | Rake $0 | Jackpot $0 | Bingo $0 | Fortune $0 | Tax $0
Seat 1: Hero (big blind) collected ($0.1)
Seat 2: 8fdc5312 folded before Flop (didn't bet)
Seat 3: 464d3631 folded before Flop (didn't bet)
Seat 5: 664cc39 (button) folded before Flop (didn't bet)
Seat 6: cef64b53 (small blind) folded before Flop


Poker Hand #HD1762820112: Hold'em No Limit ($0.05/$0.1) - 2024/05/07 19:33:45
Table 'NLHRed39' 6-max Seat #3 is the button
Seat 1: Hero ($10.85 in chips)
Seat 2: 8fdc5312 ($10.15 in chips)
Seat 3: 464d3631 ($10 in chips)
Seat 5: 664cc39 ($15.93 in chips)
Seat 6: cef64b53 ($18.79 in chips)
664cc39: posts small blind $0.05
cef64b53: posts big blind $0.1
*** HOLE CARDS ***
Dealt to Hero [As Ts]
Dealt to 8fdc5312 
Dealt to 464d3631 
Dealt to 664cc39 
Dealt to cef64b53 
Hero: raises $0.1 to $0.2
8fdc5312: folds
464d3631: folds
664cc39: folds
cef64b53: raises $0.7 to $0.9
Hero: calls $0.7
*** FLOP *** [7c 4s 7s]
cef64b53: checks
Hero: bets $1.03
cef64b53: folds
Uncalled bet ($1.03) returned to Hero
*** SHOWDOWN ***
Hero collected $1.76 from pot
*** SUMMARY ***
Total pot $1.85 | Rake $0.09 | Jackpot $0 | Bingo $0 | Fortune $0 | Tax $0
Board [7c 4s 7s]
Seat 1: Hero won ($1.76)
Seat 2: 8fdc5312 folded before Flop (didn't bet)
Seat 3: 464d3631 (button) folded before Flop (didn't bet)
Seat 5: 664cc39 (small blind) folded before Flop
Seat 6: cef64b53 (big blind) folded on the Flop


Poker Hand #HD1762820022: Hold'em No Limit ($0.05/$0.1) - 2024/05/07 19:33:00
Table 'NLHRed39' 6-max Seat #2 is the button
Seat 1: Hero ($10.85 in chips)
Seat 2: 8fdc5312 ($10 in chips)
Seat 3: 464d3631 ($10 in chips)
Seat 5: 664cc39 ($16.03 in chips)
Seat 6: cef64b53 ($18.79 in chips)
464d3631: posts small blind $0.05
664cc39: posts big blind $0.1
*** HOLE CARDS ***
Dealt to Hero [Jh 3c]
Dealt to 8fdc5312 
Dealt to 464d3631 
Dealt to 664cc39 
Dealt to cef64b53 
cef64b53: folds
Hero: folds
8fdc5312: raises $0.15 to $0.25
464d3631: folds
664cc39: folds
Uncalled bet ($0.15) returned to 8fdc5312
*** SHOWDOWN ***
8fdc5312 collected $0.25 from pot
*** SUMMARY ***
Total pot $0.25 | Rake $0 | Jackpot $0 | Bingo $0 | Fortune $0 | Tax $0
Seat 1: Hero folded before Flop (didn't bet)
Seat 2: 8fdc5312 (button) collected ($0.25)
Seat 3: 464d3631 (small blind) folded before Flop
Seat 5: 664cc39 (big blind) folded before Flop
Seat 6: cef64b53 folded before Flop (didn't bet)


Poker Hand #HD1762819878: Hold'em No Limit ($0.05/$0.1) - 2024/05/07 19:31:45
Table 'NLHRed39' 6-max Seat #1 is the button
Seat 1: Hero ($10.85 in chips)
Seat 2: 8fdc5312 ($10 in chips)
Seat 3: 464d3631 ($10 in chips)
Seat 4: 7a4df5fc ($23.12 in chips)
Seat 5: 664cc39 ($16.03 in chips)
Seat 6: cef64b53 ($18.79 in chips)
8fdc5312: posts small blind $0.05
464d3631: posts big blind $0.1
*** HOLE CARDS ***
Dealt to Hero [Js 2h]
Dealt to 8fdc5312 
Dealt to 464d3631 
Dealt to 7a4df5fc 
Dealt to 664cc39 
Dealt to cef64b53 
7a4df5fc: raises $0.1 to $0.2
664cc39: folds
cef64b53: folds
Hero: folds
8fdc5312: folds
464d3631: calls $0.1
*** FLOP *** [9h 7h Qs]
464d3631: checks
7a4df5fc: checks
*** TURN *** [9h 7h Qs] [4c]
464d3631: checks
7a4df5fc: checks
*** RIVER *** [9h 7h Qs 4c] [2c]
464d3631: checks
7a4df5fc: checks
464d3631: shows [3s 3d] (Pair of Treys)
7a4df5fc: shows [4d Ad] (Pair of Fours)
*** SHOWDOWN ***
7a4df5fc collected $0.43 from pot
*** SUMMARY ***
Total pot $0.45 | Rake $0.02 | Jackpot $0 | Bingo $0 | Fortune $0 | Tax $0
Board [9h 7h Qs 4c 2c]
Seat 1: Hero (button) folded before Flop (didn't bet)
Seat 2: 8fdc5312 (small blind) folded before Flop
Seat 3: 464d3631 (big blind) showed [3s 3d] and lost with Pair of Treys
Seat 4: 7a4df5fc showed [4d Ad] and won ($0.43) with Pair of Fours
Seat 5: 664cc39 folded before Flop (didn't bet)
Seat 6: cef64b53 folded before Flop (didn't bet)


Poker Hand #HD1762819811: Hold'em No Limit ($0.05/$0.1) - 2024/05/07 19:31:06
Table 'NLHRed39' 6-max Seat #6 is the button
Seat 1: Hero ($10.9 in chips)
Seat 2: 8fdc5312 ($10 in chips)
Seat 3: 464d3631 ($10 in chips)
Seat 4: 7a4df5fc ($22.97 in chips)
Seat 5: 664cc39 ($16.03 in chips)
Seat 6: cef64b53 ($18.79 in chips)
Hero: posts small blind $0.05
8fdc5312: posts big blind $0.1
*** HOLE CARDS ***
Dealt to Hero [Ac 5s]
Dealt to 8fdc5312 
Dealt to 464d3631 
Dealt to 7a4df5fc 
Dealt to 664cc39 
Dealt to cef64b53 
464d3631: folds
7a4df5fc: raises $0.1 to $0.2
664cc39: folds
cef64b53: folds
Hero: folds
8fdc5312: folds
Uncalled bet ($0.1) returned to 7a4df5fc
*** SHOWDOWN ***
7a4df5fc collected $0.25 from pot
*** SUMMARY ***
Total pot $0.25 | Rake $0 | Jackpot $0 | Bingo $0 | Fortune $0 | Tax $0
Seat 1: Hero (small blind) folded before Flop
Seat 2: 8fdc5312 (big blind) folded before Flop
Seat 3: 464d3631 folded before Flop (didn't bet)
Seat 4: 7a4df5fc collected ($0.25)
Seat 5: 664cc39 folded before Flop (didn't bet)
Seat 6: cef64b53 (button) folded before Flop (didn't bet)


Poker Hand #HD1762819730: Hold'em No Limit ($0.05/$0.1) - 2024/05/07 19:30:22
Table 'NLHRed39' 6-max Seat #5 is the button
Seat 1: Hero ($10.71 in chips)
Seat 3: 464d3631 ($10 in chips)
Seat 4: 7a4df5fc ($23.12 in chips)
Seat 5: 664cc39 ($16.03 in chips)
Seat 6: cef64b53 ($18.84 in chips)
cef64b53: posts small blind $0.05
Hero: posts big blind $0.1
7a4df5fc: posts big blind $0.1
7a4df5fc: posts missed blind $0.05
*** HOLE CARDS ***
Dealt to Hero [2s 8d]
Dealt to 464d3631 
Dealt to 7a4df5fc 
Dealt to 664cc39 
Dealt to cef64b53 
464d3631: folds
7a4df5fc: checks
664cc39: folds
cef64b53: folds
Hero: checks
*** FLOP *** [5d 8s 3d]
Hero: checks
7a4df5fc: checks
*** TURN *** [5d 8s 3d] [Kc]
Hero: checks
7a4df5fc: checks
*** RIVER *** [5d 8s 3d Kc] [Ac]
Hero: checks
7a4df5fc: checks
Hero: shows [2s 8d] (Pair of Eights)
7a4df5fc: shows [5s 9c] (Pair of Fives)
*** SHOWDOWN ***
Hero collected $0.29 from pot
*** SUMMARY ***
Total pot $0.3 | Rake $0.01 | Jackpot $0 | Bingo $0 | Fortune $0 | Tax $0
Board [5d 8s 3d Kc Ac]
Seat 1: Hero (big blind) showed [2s 8d] and won ($0.29) with Pair of Eights
Seat 3: 464d3631 folded before Flop (didn't bet)
Seat 4: 7a4df5fc showed [5s 9c] and lost with Pair of Fives
Seat 5: 664cc39 (button) folded before Flop (didn't bet)
Seat 6: cef64b53 (small blind) folded before Flop


Poker Hand #HD1762819712: Hold'em No Limit ($0.05/$0.1) - 2024/05/07 19:30:10
Table 'NLHRed39' 6-max Seat #3 is the button
Seat 1: Hero ($10.71 in chips)
Seat 3: 464d3631 ($10 in chips)
Seat 5: 664cc39 ($16.08 in chips)
Seat 6: cef64b53 ($18.79 in chips)
664cc39: posts small blind $0.05
cef64b53: posts big blind $0.1
*** HOLE CARDS ***
Dealt to Hero [6d 5c]
Dealt to 464d3631 
Dealt to 664cc39 
Dealt to cef64b53 
Hero: folds
464d3631: folds
664cc39: folds
Uncalled bet ($0.05) returned to cef64b53
*** SHOWDOWN ***
cef64b53 collected $0.1 from pot
*** SUMMARY ***
Total pot $0.1 | Rake $0 | Jackpot $0 | Bingo $0 | Fortune $0 | Tax $0
Seat 1: Hero folded before Flop (didn't bet)
Seat 3: 464d3631 (button) folded before Flop (didn't bet)
Seat 5: 664cc39 (small blind) folded before Flop
Seat 6: cef64b53 (big blind) collected ($0.1)


Poker Hand #HD1762819700: Hold'em No Limit ($0.05/$0.1) - 2024/05/07 19:30:01
Table 'NLHRed39' 6-max Seat #1 is the button
Seat 1: Hero ($10.71 in chips)
Seat 3: 464d3631 ($10 in chips)
Seat 5: 664cc39 ($16.03 in chips)
Seat 6: cef64b53 ($18.79 in chips)
464d3631: posts small blind $0.05
664cc39: posts big blind $0.1
*** HOLE CARDS ***
Dealt to Hero [Jh 7c]
Dealt to 464d3631 
Dealt to 664cc39 
Dealt to cef64b53 
cef64b53: folds
Hero: folds
464d3631: folds
Uncalled bet ($0.05) returned to 664cc39
*** SHOWDOWN ***
664cc39 collected $0.1 from pot
*** SUMMARY ***
Total pot $0.1 | Rake $0 | Jackpot $0 | Bingo $0 | Fortune $0 | Tax $0
Seat 1: Hero (button) folded before Flop (didn't bet)
Seat 3: 464d3631 (small blind) folded before Flop
Seat 5: 664cc39 (big blind) collected ($0.1)
Seat 6: cef64b53 folded before Flop (didn't bet)


Poker Hand #HD1762819641: Hold'em No Limit ($0.05/$0.1) - 2024/05/07 19:29:33
Table 'NLHRed39' 6-max Seat #6 is the button
Seat 1: Hero ($10.76 in chips)
Seat 3: 464d3631 ($10 in chips)
Seat 4: 7a4df5fc ($23.12 in chips)
Seat 5: 664cc39 ($15.88 in chips)
Seat 6: cef64b53 ($18.79 in chips)
Hero: posts small blind $0.05
464d3631: posts big blind $0.1
*** HOLE CARDS ***
Dealt to Hero [4h 8s]
Dealt to 464d3631 
Dealt to 7a4df5fc 
Dealt to 664cc39 
Dealt to cef64b53 
7a4df5fc: folds
664cc39: raises $0.15 to $0.25
cef64b53: folds
Hero: folds
464d3631: folds
Uncalled bet ($0.15) returned to 664cc39
*** SHOWDOWN ***
664cc39 collected $0.25 from pot
*** SUMMARY ***
Total pot $0.25 | Rake $0 | Jackpot $0 | Bingo $0 | Fortune $0 | Tax $0
Seat 1: Hero (small blind) folded before Flop
Seat 3: 464d3631 (big blind) folded before Flop
Seat 4: 7a4df5fc folded before Flop (didn't bet)
Seat 5: 664cc39 collected ($0.25)
Seat 6: cef64b53 (button) folded before Flop (didn't bet)


Poker Hand #HD1762819495: Hold'em No Limit ($0.05/$0.1) - 2024/05/07 19:28:12
Table 'NLHRed39' 6-max Seat #5 is the button
Seat 1: Hero ($10.15 in chips)
Seat 2: 69baa7d9 ($11.43 in chips)
Seat 3: 464d3631 ($10 in chips)
Seat 4: 7a4df5fc ($23.12 in chips)
Seat 5: 664cc39 ($15.88 in chips)
Seat 6: cef64b53 ($18.84 in chips)
cef64b53: posts small blind $0.05
Hero: posts big blind $0.1
*** HOLE CARDS ***
Dealt to Hero [Js Ad]
Dealt to 69baa7d9 
Dealt to 464d3631 
Dealt to 7a4df5fc 
Dealt to 664cc39 
Dealt to cef64b53 
69baa7d9: folds
464d3631: raises $0.15 to $0.25
7a4df5fc: folds
664cc39: folds
cef64b53: folds
Hero: calls $0.15
*** FLOP *** [6h Ah 8d]
Hero: checks
464d3631: checks
*** TURN *** [6h Ah 8d] [4h]
Hero: bets $0.37
464d3631: calls $0.37
*** RIVER *** [6h Ah 8d 4h] [2h]
Hero: checks
464d3631: checks
Hero: shows [Js Ad] (Pair of Aces)
464d3631: shows [Qc Qd] (Pair of Queens)
*** SHOWDOWN ***
Hero collected $1.23 from pot
*** SUMMARY ***
Total pot $1.29 | Rake $0.06 | Jackpot $0 | Bingo $0 | Fortune $0 | Tax $0
Board [6h Ah 8d 4h 2h]
Seat 1: Hero (big blind) showed [Js Ad] and won ($1.23) with Pair of Aces
Seat 2: 69baa7d9 folded before Flop (didn't bet)
Seat 3: 464d3631 showed [Qc Qd] and lost with Pair of Queens
Seat 4: 7a4df5fc folded before Flop (didn't bet)
Seat 5: 664cc39 (button) folded before Flop (didn't bet)
Seat 6: cef64b53 (small blind) folded before Flop


Poker Hand #HD1762819436: Hold'em No Limit ($0.05/$0.1) - 2024/05/07 19:27:45
Table 'NLHRed39' 6-max Seat #4 is the button
Seat 1: Hero ($10.15 in chips)
Seat 2: 69baa7d9 ($11.43 in chips)
Seat 3: 464d3631 ($10 in chips)
Seat 4: 7a4df5fc ($22.97 in chips)
Seat 5: 664cc39 ($15.93 in chips)
Seat 6: cef64b53 ($18.94 in chips)
664cc39: posts small blind $0.05
cef64b53: posts big blind $0.1
*** HOLE CARDS ***
Dealt to Hero [Tc Qh]
Dealt to 69baa7d9 
Dealt to 464d3631 
Dealt to 7a4df5fc 
Dealt to 664cc39 
Dealt to cef64b53 
Hero: folds
69baa7d9: folds
464d3631: folds
7a4df5fc: raises $0.2 to $0.3
664cc39: folds
cef64b53: folds
Uncalled bet ($0.2) returned to 7a4df5fc
*** SHOWDOWN ***
7a4df5fc collected $0.25 from pot
*** SUMMARY ***
Total pot $0.25 | Rake $0 | Jackpot $0 | Bingo $0 | Fortune $0 | Tax $0
Seat 1: Hero folded before Flop (didn't bet)
Seat 2: 69baa7d9 folded before Flop (didn't bet)
Seat 3: 464d3631 folded before Flop (didn't bet)
Seat 4: 7a4df5fc (button) collected ($0.25)
Seat 5: 664cc39 (small blind) folded before Flop
Seat 6: cef64b53 (big blind) folded before Flop


Poker Hand #HD1762819405: Hold'em No Limit ($0.05/$0.1) - 2024/05/07 19:27:24
Table 'NLHRed39' 6-max Seat #3 is the button
Seat 1: Hero ($10.15 in chips)
Seat 2: 69baa7d9 ($11.28 in chips)
Seat 3: 464d3631 ($10 in chips)
Seat 4: 7a4df5fc ($23.02 in chips)
Seat 5: 664cc39 ($16.03 in chips)
Seat 6: cef64b53 ($18.94 in chips)
7a4df5fc: posts small blind $0.05
664cc39: posts big blind $0.1
*** HOLE CARDS ***
Dealt to Hero [7h 5s]
Dealt to 69baa7d9 
Dealt to 464d3631 
Dealt to 7a4df5fc 
Dealt to 664cc39 
Dealt to cef64b53 
cef64b53: folds
Hero: folds
69baa7d9: raises $0.14 to $0.24
464d3631: folds
7a4df5fc: folds
664cc39: folds
Uncalled bet ($0.14) returned to 69baa7d9
*** SHOWDOWN ***
69baa7d9 collected $0.25 from pot
*** SUMMARY ***
Total pot $0.25 | Rake $0 | Jackpot $0 | Bingo $0 | Fortune $0 | Tax $0
Seat 1: Hero folded before Flop (didn't bet)
Seat 2: 69baa7d9 collected ($0.25)
Seat 3: 464d3631 (button) folded before Flop (didn't bet)
Seat 4: 7a4df5fc (small blind) folded before Flop
Seat 5: 664cc39 (big blind) folded before Flop
Seat 6: cef64b53 folded before Flop (didn't bet)


Poker Hand #HD1762819352: Hold'em No Limit ($0.05/$0.1) - 2024/05/07 19:26:59
Table 'NLHRed39' 6-max Seat #2 is the button
Seat 1: Hero ($10 in chips)
Seat 2: 69baa7d9 ($11.28 in chips)
Seat 3: 464d3631 ($10 in chips)
Seat 4: 7a4df5fc ($23.12 in chips)
Seat 5: 664cc39 ($16.03 in chips)
Seat 6: cef64b53 ($18.94 in chips)
464d3631: posts small blind $0.05
7a4df5fc: posts big blind $0.1
*** HOLE CARDS ***
Dealt to Hero [9s As]
Dealt to 69baa7d9 
Dealt to 464d3631 
Dealt to 7a4df5fc 
Dealt to 664cc39 
Dealt to cef64b53 
664cc39: folds
cef64b53: folds
Hero: raises $0.14 to $0.24
69baa7d9: folds
464d3631: folds
7a4df5fc: folds
Uncalled bet ($0.14) returned to Hero
*** SHOWDOWN ***
Hero collected $0.25 from pot
*** SUMMARY ***
Total pot $0.25 | Rake $0 | Jackpot $0 | Bingo $0 | Fortune $0 | Tax $0
Seat 1: Hero collected ($0.25)
Seat 2: 69baa7d9 (button) folded before Flop (didn't bet)
Seat 3: 464d3631 (small blind) folded before Flop
Seat 4: 7a4df5fc (big blind) folded before Flop
Seat 5: 664cc39 folded before Flop (didn't bet)
Seat 6: cef64b53 folded before Flop (didn't bet)


Poker Hand #HD1762819230: Hold'em No Limit ($0.05/$0.1) - 2024/05/07 19:25:55
Table 'NLHRed39' 6-max Seat #1 is the button
Seat 1: Hero ($10 in chips)
Seat 2: 69baa7d9 ($11.33 in chips)
Seat 3: 464d3631 ($10 in chips)
Seat 4: 7a4df5fc ($22.61 in chips)
Seat 5: 664cc39 ($16.03 in chips)
Seat 6: cef64b53 ($19.34 in chips)
69baa7d9: posts small blind $0.05
464d3631: posts big blind $0.1
*** HOLE CARDS ***
Dealt to Hero [8d Qc]
Dealt to 69baa7d9 
Dealt to 464d3631 
Dealt to 7a4df5fc 
Dealt to 664cc39 
Dealt to cef64b53 
7a4df5fc: calls $0.1
664cc39: folds
cef64b53: raises $0.3 to $0.4
Hero: folds
69baa7d9: folds
464d3631: folds
7a4df5fc: calls $0.3
*** FLOP *** [Qd 9d Jh]
7a4df5fc: checks
cef64b53: checks
*** TURN *** [Qd 9d Jh] [2s]
7a4df5fc: bets $0.72
cef64b53: folds
Uncalled bet ($0.72) returned to 7a4df5fc
*** SHOWDOWN ***
7a4df5fc collected $0.91 from pot
*** SUMMARY ***
Total pot $0.95 | Rake $0.04 | Jackpot $0 | Bingo $0 | Fortune $0 | Tax $0
Board [Qd 9d Jh 2s]
Seat 1: Hero (button) folded before Flop (didn't bet)
Seat 2: 69baa7d9 (small blind) folded before Flop
Seat 3: 464d3631 (big blind) folded before Flop
Seat 4: 7a4df5fc won ($0.91)
Seat 5: 664cc39 folded before Flop (didn't bet)
Seat 6: cef64b53 folded on the Turn


Poker Hand #HD1762819140: Hold'em No Limit ($0.05/$0.1) - 2024/05/07 19:25:10
Table 'NLHRed39' 6-max Seat #6 is the button
Seat 1: Hero ($10 in chips)
Seat 2: 69baa7d9 ($11.43 in chips)
Seat 3: 464d3631 ($10 in chips)
Seat 4: 7a4df5fc ($22.71 in chips)
Seat 5: 664cc39 ($15.79 in chips)
Seat 6: cef64b53 ($19.34 in chips)
Hero: posts small blind $0.05
69baa7d9: posts big blind $0.1
*** HOLE CARDS ***
Dealt to Hero [6c Ks]
Dealt to 69baa7d9 
Dealt to 464d3631 
Dealt to 7a4df5fc 
Dealt to 664cc39 
Dealt to cef64b53 
464d3631: folds
7a4df5fc: calls $0.1
664cc39: raises $0.3 to $0.4
cef64b53: folds
Hero: folds
69baa7d9: folds
7a4df5fc: folds
Uncalled bet ($0.3) returned to 664cc39
*** SHOWDOWN ***
664cc39 collected $0.34 from pot
*** SUMMARY ***
Total pot $0.35 | Rake $0.01 | Jackpot $0 | Bingo $0 | Fortune $0 | Tax $0
Seat 1: Hero (small blind) folded before Flop
Seat 2: 69baa7d9 (big blind) folded before Flop
Seat 3: 464d3631 folded before Flop (didn't bet)
Seat 4: 7a4df5fc folded before Flop
Seat 5: 664cc39 collected ($0.34)
Seat 6: cef64b53 (button) folded before Flop (didn't bet)


Poker Hand #HD1762819052: Hold'em No Limit ($0.05/$0.1) - 2024/05/07 19:24:25
Table 'NLHRed39' 6-max Seat #5 is the button
Seat 1: Hero ($10.15 in chips)
Seat 2: 69baa7d9 ($11.43 in chips)
Seat 3: 464d3631 ($10 in chips)
Seat 4: 7a4df5fc ($22.48 in chips)
Seat 5: 664cc39 ($15.79 in chips)
Seat 6: cef64b53 ($19.39 in chips)
cef64b53: posts small blind $0.05
Hero: posts big blind $0.1
*** HOLE CARDS ***
Dealt to Hero [7s 3c]
Dealt to 69baa7d9 
Dealt to 464d3631 
Dealt to 7a4df5fc 
Dealt to 664cc39 
Dealt to cef64b53 
69baa7d9: folds
464d3631: folds
7a4df5fc: calls $0.1
664cc39: folds
cef64b53: folds
Hero: checks
*** FLOP *** [Kd 6d Qs]
Hero: checks
7a4df5fc: checks
*** TURN *** [Kd 6d Qs] [9d]
Hero: bets $0.1
7a4df5fc: raises $0.4 to $0.5
Hero: folds
Uncalled bet ($0.4) returned to 7a4df5fc
*** SHOWDOWN ***
7a4df5fc collected $0.43 from pot
*** SUMMARY ***
Total pot $0.45 | Rake $0.02 | Jackpot $0 | Bingo $0 | Fortune $0 | Tax $0
Board [Kd 6d Qs 9d]
Seat 1: Hero (big blind) folded on the Turn
Seat 2: 69baa7d9 folded before Flop (didn't bet)
Seat 3: 464d3631 folded before Flop (didn't bet)
Seat 4: 7a4df5fc won ($0.43)
Seat 5: 664cc39 (button) folded before Flop (didn't bet)
Seat 6: cef64b53 (small blind) folded before Flop


Poker Hand #HD1762819036: Hold'em No Limit ($0.05/$0.1) - 2024/05/07 19:24:17
Table 'NLHRed39' 6-max Seat #4 is the button
Seat 1: Hero ($10.15 in chips)
Seat 2: 69baa7d9 ($11.43 in chips)
Seat 3: 464d3631 ($10 in chips)
Seat 4: 7a4df5fc ($22.48 in chips)
Seat 5: 664cc39 ($15.84 in chips)
Seat 6: cef64b53 ($19.34 in chips)
664cc39: posts small blind $0.05
cef64b53: posts big blind $0.1
*** HOLE CARDS ***
Dealt to Hero [Jc 6h]
Dealt to 69baa7d9 
Dealt to 464d3631 
Dealt to 7a4df5fc 
Dealt to 664cc39 
Dealt to cef64b53 
Hero: folds
69baa7d9: folds
464d3631: folds
7a4df5fc: folds
664cc39: folds
Uncalled bet ($0.05) returned to cef64b53
*** SHOWDOWN ***
cef64b53 collected $0.1 from pot
*** SUMMARY ***
Total pot $0.1 | Rake $0 | Jackpot $0 | Bingo $0 | Fortune $0 | Tax $0
Seat 1: Hero folded before Flop (didn't bet)
Seat 2: 69baa7d9 folded before Flop (didn't bet)
Seat 3: 464d3631 folded before Flop (didn't bet)
Seat 4: 7a4df5fc (button) folded before Flop (didn't bet)
Seat 5: 664cc39 (small blind) folded before Flop
Seat 6: cef64b53 (big blind) collected ($0.1)


Poker Hand #HD1762818898: Hold'em No Limit ($0.05/$0.1) - 2024/05/07 19:23:07
Table 'NLHRed39' 6-max Seat #3 is the button
Seat 1: Hero ($10.15 in chips)
Seat 2: 69baa7d9 ($11.43 in chips)
Seat 3: 464d3631 ($10.63 in chips)
Seat 4: 7a4df5fc ($21.17 in chips)
Seat 5: 664cc39 ($15.94 in chips)
Seat 6: cef64b53 ($19.34 in chips)
7a4df5fc: posts small blind $0.05
664cc39: posts big blind $0.1
*** HOLE CARDS ***
Dealt to Hero [6d 3d]
Dealt to 69baa7d9 
Dealt to 464d3631 
Dealt to 7a4df5fc 
Dealt to 664cc39 
Dealt to cef64b53 
cef64b53: folds
Hero: folds
69baa7d9: folds
464d3631: raises $0.15 to $0.25
7a4df5fc: calls $0.2
664cc39: folds
*** FLOP *** [2d Ah 9c]
7a4df5fc: bets $0.3
464d3631: calls $0.3
*** TURN *** [2d Ah 9c] [4d]
7a4df5fc: checks
464d3631: bets $0.8
7a4df5fc: calls $0.8
*** RIVER *** [2d Ah 9c 4d] [Jh]
7a4df5fc: checks
464d3631: checks
7a4df5fc: shows [8h As] (Pair of Aces)
464d3631: shows [Qc Kd] (Ace-High)
*** SHOWDOWN ***
7a4df5fc collected $2.66 from pot
*** SUMMARY ***
Total pot $2.8 | Rake $0.14 | Jackpot $0 | Bingo $0 | Fortune $0 | Tax $0
Board [2d Ah 9c 4d Jh]
Seat 1: Hero folded before Flop (didn't bet)
Seat 2: 69baa7d9 folded before Flop (didn't bet)
Seat 3: 464d3631 (button) showed [Qc Kd] and lost with Ace-High
Seat 4: 7a4df5fc (small blind) showed [8h As] and won ($2.66) with Pair of Aces
Seat 5: 664cc39 (big blind) folded before Flop
Seat 6: cef64b53 folded before Flop (didn't bet)


Poker Hand #HD1762818856: Hold'em No Limit ($0.05/$0.1) - 2024/05/07 19:22:42
Table 'NLHRed39' 6-max Seat #2 is the button
Seat 1: Hero ($10 in chips)
Seat 2: 69baa7d9 ($11.43 in chips)
Seat 3: 464d3631 ($10.68 in chips)
Seat 4: 7a4df5fc ($21.27 in chips)
Seat 5: 664cc39 ($15.94 in chips)
Seat 6: cef64b53 ($19.34 in chips)
464d3631: posts small blind $0.05
7a4df5fc: posts big blind $0.1
*** HOLE CARDS ***
Dealt to Hero [Th Ah]
Dealt to 69baa7d9 
Dealt to 464d3631 
Dealt to 7a4df5fc 
Dealt to 664cc39 
Dealt to cef64b53 
664cc39: folds
cef64b53: folds
Hero: raises $0.14 to $0.24
69baa7d9: folds
464d3631: folds
7a4df5fc: folds
Uncalled bet ($0.14) returned to Hero
*** SHOWDOWN ***
Hero collected $0.25 from pot
*** SUMMARY ***
Total pot $0.25 | Rake $0 | Jackpot $0 | Bingo $0 | Fortune $0 | Tax $0
Seat 1: Hero collected ($0.25)
Seat 2: 69baa7d9 (button) folded before Flop (didn't bet)
Seat 3: 464d3631 (small blind) folded before Flop
Seat 4: 7a4df5fc (big blind) folded before Flop
Seat 5: 664cc39 folded before Flop (didn't bet)
Seat 6: cef64b53 folded before Flop (didn't bet)


Poker Hand #HD1762818750: Hold'em No Limit ($0.05/$0.1) - 2024/05/07 19:21:51
Table 'NLHRed39' 6-max Seat #1 is the button
Seat 1: Hero ($10 in chips)
Seat 2: 69baa7d9 ($11.48 in chips)
Seat 3: 464d3631 ($10 in chips)
Seat 4: 7a4df5fc ($21.97 in chips)
Seat 5: 664cc39 ($15.94 in chips)
Seat 6: cef64b53 ($19.34 in chips)
69baa7d9: posts small blind $0.05
464d3631: posts big blind $0.1
*** HOLE CARDS ***
Dealt to Hero [4c 8d]
Dealt to 69baa7d9 
Dealt to 464d3631 
Dealt to 7a4df5fc 
Dealt to 664cc39 
Dealt to cef64b53 
7a4df5fc: calls $0.1
664cc39: folds
cef64b53: folds
Hero: folds
69baa7d9: folds
464d3631: checks
*** FLOP *** [2d 6h 2h]
464d3631: checks
7a4df5fc: checks
*** TURN *** [2d 6h 2h] [Ts]
464d3631: bets $0.3
7a4df5fc: raises $0.3 to $0.6
464d3631: calls $0.3
*** RIVER *** [2d 6h 2h Ts] [8c]
464d3631: checks
7a4df5fc: checks
464d3631: shows [6s Th] (Pair of Tens and Pair of Sixes)
7a4df5fc: shows [6d Jd] (Pair of Sixes and Pair of Twos)
*** SHOWDOWN ***
464d3631 collected $1.38 from pot
*** SUMMARY ***
Total pot $1.45 | Rake $0.07 | Jackpot $0 | Bingo $0 | Fortune $0 | Tax $0
Board [2d 6h 2h Ts 8c]
Seat 1: Hero (button) folded before Flop (didn't bet)
Seat 2: 69baa7d9 (small blind) folded before Flop
Seat 3: 464d3631 (big blind) showed [6s Th] and won ($1.38) with Pair of Tens and Pair of Sixes
Seat 4: 7a4df5fc showed [6d Jd] and lost with Pair of Sixes and Pair of Twos
Seat 5: 664cc39 folded before Flop (didn't bet)
Seat 6: cef64b53 folded before Flop (didn't bet)


Poker Hand #HD1762818651: Hold'em No Limit ($0.05/$0.1) - 2024/05/07 19:21:03
Table 'NLHRed39' 6-max Seat #6 is the button
Seat 1: Hero ($10 in chips)
Seat 2: 69baa7d9 ($11.73 in chips)
Seat 3: 464d3631 ($10 in chips)
Seat 4: 7a4df5fc ($21.97 in chips)
Seat 5: 664cc39 ($15.94 in chips)
Seat 6: cef64b53 ($19.06 in chips)
Hero: posts small blind $0.05
69baa7d9: posts big blind $0.1
*** HOLE CARDS ***
Dealt to Hero [5s Ts]
Dealt to 69baa7d9 
Dealt to 464d3631 
Dealt to 7a4df5fc 
Dealt to 664cc39 
Dealt to cef64b53 
464d3631: folds
7a4df5fc: folds
664cc39: folds
cef64b53: raises $0.15 to $0.25
Hero: folds
69baa7d9: calls $0.15
*** FLOP *** [4d 6c 5d]
69baa7d9: checks
cef64b53: bets $0.4
69baa7d9: folds
Uncalled bet ($0.4) returned to cef64b53
*** SHOWDOWN ***
cef64b53 collected $0.53 from pot
*** SUMMARY ***
Total pot $0.55 | Rake $0.02 | Jackpot $0 | Bingo $0 | Fortune $0 | Tax $0
Board [4d 6c 5d]
Seat 1: Hero (small blind) folded before Flop
Seat 2: 69baa7d9 (big blind) folded on the Flop
Seat 3: 464d3631 folded before Flop (didn't bet)
Seat 4: 7a4df5fc folded before Flop (didn't bet)
Seat 5: 664cc39 folded before Flop (didn't bet)
Seat 6: cef64b53 (button) won ($0.53)


Poker Hand #HD1762818609: Hold'em No Limit ($0.05/$0.1) - 2024/05/07 19:20:45
Table 'NLHRed39' 6-max Seat #5 is the button
Seat 1: Hero ($10 in chips)
Seat 2: 69baa7d9 ($11.73 in chips)
Seat 3: 464d3631 ($10 in chips)
Seat 4: 7a4df5fc ($21.97 in chips)
Seat 5: 664cc39 ($15.94 in chips)
Seat 6: cef64b53 ($18.96 in chips)
cef64b53: posts small blind $0.05
Hero: posts big blind $0.1
*** HOLE CARDS ***
Dealt to Hero [5d Kh]
Dealt to 69baa7d9 
Dealt to 464d3631 
Dealt to 7a4df5fc 
Dealt to 664cc39 
Dealt to cef64b53 
69baa7d9: folds
464d3631: folds
7a4df5fc: folds
664cc39: folds
cef64b53: raises $0.15 to $0.25
Hero: folds
Uncalled bet ($0.15) returned to cef64b53
*** SHOWDOWN ***
cef64b53 collected $0.2 from pot
*** SUMMARY ***
Total pot $0.2 | Rake $0 | Jackpot $0 | Bingo $0 | Fortune $0 | Tax $0
Seat 1: Hero (big blind) folded before Flop
Seat 2: 69baa7d9 folded before Flop (didn't bet)
Seat 3: 464d3631 folded before Flop (didn't bet)
Seat 4: 7a4df5fc folded before Flop (didn't bet)
Seat 5: 664cc39 (button) folded before Flop (didn't bet)
Seat 6: cef64b53 (small blind) collected ($0.2)


