Poker Hand #HD1789243625: Hold'em No Limit ($0.05/$0.1) - 2024/05/27 02:37:36
Table 'NLHRed17' 6-max Seat #5 is the button
Seat 1: f54bbb1e ($12.21 in chips)
Seat 2: 14f6c56e ($6.18 in chips)
Seat 3: Hero ($10 in chips)
Seat 5: 8449d8ff ($10.15 in chips)
Seat 6: c6bfb3ab ($10.2 in chips)
c6bfb3ab: posts small blind $0.05
f54bbb1e: posts big blind $0.1
*** HOLE CARDS ***
Dealt to f54bbb1e 
Dealt to 14f6c56e 
Dealt to Hero [2d 9s]
Dealt to 8449d8ff 
Dealt to c6bfb3ab 
14f6c56e: raises $0.2 to $0.3
Hero: folds
8449d8ff: folds
c6bfb3ab: folds
f54bbb1e: folds
Uncalled bet ($0.2) returned to 14f6c56e
*** SHOWDOWN ***
14f6c56e collected $0.25 from pot
*** SUMMARY ***
Total pot $0.25 | Rake $0 | Jackpot $0 | Bingo $0 | Fortune $0 | Tax $0
Seat 1: f54bbb1e (big blind) folded before Flop
Seat 2: 14f6c56e collected ($0.25)
Seat 3: Hero folded before Flop (didn't bet)
Seat 5: 8449d8ff (button) folded before Flop (didn't bet)
Seat 6: c6bfb3ab (small blind) folded before Flop


Poker Hand #HD1789243597: Hold'em No Limit ($0.05/$0.1) - 2024/05/27 02:37:21
Table 'NLHRed17' 6-max Seat #3 is the button
Seat 1: f54bbb1e ($12.21 in chips)
Seat 2: 14f6c56e ($6.03 in chips)
Seat 3: Hero ($10 in chips)
Seat 5: 8449d8ff ($10.2 in chips)
Seat 6: c6bfb3ab ($10.3 in chips)
8449d8ff: posts small blind $0.05
c6bfb3ab: posts big blind $0.1
*** HOLE CARDS ***
Dealt to f54bbb1e 
Dealt to 14f6c56e 
Dealt to Hero [5s Qs]
Dealt to 8449d8ff 
Dealt to c6bfb3ab 
f54bbb1e: folds
14f6c56e: raises $0.2 to $0.3
Hero: folds
8449d8ff: folds
c6bfb3ab: folds
Uncalled bet ($0.2) returned to 14f6c56e
*** SHOWDOWN ***
14f6c56e collected $0.25 from pot
*** SUMMARY ***
Total pot $0.25 | Rake $0 | Jackpot $0 | Bingo $0 | Fortune $0 | Tax $0
Seat 1: f54bbb1e folded before Flop (didn't bet)
Seat 2: 14f6c56e collected ($0.25)
Seat 3: Hero (button) folded before Flop (didn't bet)
Seat 5: 8449d8ff (small blind) folded before Flop
Seat 6: c6bfb3ab (big blind) folded before Flop


Poker Hand #HD1789243569: Hold'em No Limit ($0.05/$0.1) - 2024/05/27 02:37:01
Table 'NLHRed17' 6-max Seat #2 is the button
Seat 1: f54bbb1e ($12.21 in chips)
Seat 2: 14f6c56e ($6.03 in chips)
Seat 3: Hero ($10 in chips)
Seat 5: 8449d8ff ($10.15 in chips)
Seat 6: c6bfb3ab ($10.3 in chips)
Hero: posts small blind $0.05
8449d8ff: posts big blind $0.1
*** HOLE CARDS ***
Dealt to f54bbb1e 
Dealt to 14f6c56e 
Dealt to Hero [Qd 2s]
Dealt to 8449d8ff 
Dealt to c6bfb3ab 
c6bfb3ab: folds
f54bbb1e: folds
14f6c56e: folds
Hero: folds
Uncalled bet ($0.05) returned to 8449d8ff
*** SHOWDOWN ***
8449d8ff collected $0.1 from pot
*** SUMMARY ***
Total pot $0.1 | Rake $0 | Jackpot $0 | Bingo $0 | Fortune $0 | Tax $0
Seat 1: f54bbb1e folded before Flop (didn't bet)
Seat 2: 14f6c56e (button) folded before Flop (didn't bet)
Seat 3: Hero (small blind) folded before Flop
Seat 5: 8449d8ff (big blind) collected ($0.1)
Seat 6: c6bfb3ab folded before Flop (didn't bet)


Poker Hand #HD1789243507: Hold'em No Limit ($0.05/$0.1) - 2024/05/27 02:36:28
Table 'NLHRed17' 6-max Seat #1 is the button
Seat 1: f54bbb1e ($12.21 in chips)
Seat 2: 14f6c56e ($6.08 in chips)
Seat 3: Hero ($10 in chips)
Seat 4: 81c85fe6 ($10.15 in chips)
Seat 5: 8449d8ff ($10.15 in chips)
Seat 6: c6bfb3ab ($10.3 in chips)
14f6c56e: posts small blind $0.05
Hero: posts big blind $0.1
*** HOLE CARDS ***
Dealt to f54bbb1e 
Dealt to 14f6c56e 
Dealt to Hero [3c Kd]
Dealt to 81c85fe6 
Dealt to 8449d8ff 
Dealt to c6bfb3ab 
81c85fe6: raises $0.15 to $0.25
8449d8ff: folds
c6bfb3ab: folds
f54bbb1e: folds
14f6c56e: folds
Hero: folds
Uncalled bet ($0.15) returned to 81c85fe6
*** SHOWDOWN ***
81c85fe6 collected $0.25 from pot
*** SUMMARY ***
Total pot $0.25 | Rake $0 | Jackpot $0 | Bingo $0 | Fortune $0 | Tax $0
Seat 1: f54bbb1e (button) folded before Flop (didn't bet)
Seat 2: 14f6c56e (small blind) folded before Flop
Seat 3: Hero (big blind) folded before Flop
Seat 4: 81c85fe6 collected ($0.25)
Seat 5: 8449d8ff folded before Flop (didn't bet)
Seat 6: c6bfb3ab folded before Flop (didn't bet)


Poker Hand #HD1789243460: Hold'em No Limit ($0.05/$0.1) - 2024/05/27 02:36:05
Table 'NLHRed17' 6-max Seat #6 is the button
Seat 1: f54bbb1e ($12.26 in chips)
Seat 2: 14f6c56e ($6.03 in chips)
Seat 3: Hero ($10 in chips)
Seat 4: 81c85fe6 ($10.15 in chips)
Seat 5: 8449d8ff ($10.15 in chips)
Seat 6: c6bfb3ab ($10.3 in chips)
f54bbb1e: posts small blind $0.05
14f6c56e: posts big blind $0.1
*** HOLE CARDS ***
Dealt to f54bbb1e 
Dealt to 14f6c56e 
Dealt to Hero [4d Ks]
Dealt to 81c85fe6 
Dealt to 8449d8ff 
Dealt to c6bfb3ab 
Hero: folds
81c85fe6: folds
8449d8ff: folds
c6bfb3ab: folds
f54bbb1e: folds
Uncalled bet ($0.05) returned to 14f6c56e
*** SHOWDOWN ***
14f6c56e collected $0.1 from pot
*** SUMMARY ***
Total pot $0.1 | Rake $0 | Jackpot $0 | Bingo $0 | Fortune $0 | Tax $0
Seat 1: f54bbb1e (small blind) folded before Flop
Seat 2: 14f6c56e (big blind) collected ($0.1)
Seat 3: Hero folded before Flop (didn't bet)
Seat 4: 81c85fe6 folded before Flop (didn't bet)
Seat 5: 8449d8ff folded before Flop (didn't bet)
Seat 6: c6bfb3ab (button) folded before Flop (didn't bet)


Poker Hand #HD1789243409: Hold'em No Limit ($0.05/$0.1) - 2024/05/27 02:35:41
Table 'NLHRed17' 6-max Seat #5 is the button
Seat 1: f54bbb1e ($12.36 in chips)
Seat 2: 14f6c56e ($6.03 in chips)
Seat 3: Hero ($10 in chips)
Seat 4: 81c85fe6 ($10.15 in chips)
Seat 5: 8449d8ff ($10 in chips)
Seat 6: c6bfb3ab ($10.35 in chips)
c6bfb3ab: posts small blind $0.05
f54bbb1e: posts big blind $0.1
*** HOLE CARDS ***
Dealt to f54bbb1e 
Dealt to 14f6c56e 
Dealt to Hero [Kh 5s]
Dealt to 81c85fe6 
Dealt to 8449d8ff 
Dealt to c6bfb3ab 
14f6c56e: folds
Hero: folds
81c85fe6: folds
8449d8ff: raises $0.15 to $0.25
c6bfb3ab: folds
f54bbb1e: folds
Uncalled bet ($0.15) returned to 8449d8ff
*** SHOWDOWN ***
8449d8ff collected $0.25 from pot
*** SUMMARY ***
Total pot $0.25 | Rake $0 | Jackpot $0 | Bingo $0 | Fortune $0 | Tax $0
Seat 1: f54bbb1e (big blind) folded before Flop
Seat 2: 14f6c56e folded before Flop (didn't bet)
Seat 3: Hero folded before Flop (didn't bet)
Seat 4: 81c85fe6 folded before Flop (didn't bet)
Seat 5: 8449d8ff (button) collected ($0.25)
Seat 6: c6bfb3ab (small blind) folded before Flop


Poker Hand #HD1789243356: Hold'em No Limit ($0.05/$0.1) - 2024/05/27 02:35:12
Table 'NLHRed17' 6-max Seat #4 is the button
Seat 1: f54bbb1e ($12.36 in chips)
Seat 2: 14f6c56e ($6.03 in chips)
Seat 3: Hero ($10 in chips)
Seat 4: 81c85fe6 ($10 in chips)
Seat 5: 8449d8ff ($10 in chips)
Seat 6: c6bfb3ab ($10.45 in chips)
8449d8ff: posts small blind $0.05
c6bfb3ab: posts big blind $0.1
*** HOLE CARDS ***
Dealt to f54bbb1e 
Dealt to 14f6c56e 
Dealt to Hero [4s Th]
Dealt to 81c85fe6 
Dealt to 8449d8ff 
Dealt to c6bfb3ab 
f54bbb1e: folds
14f6c56e: folds
Hero: folds
81c85fe6: raises $0.15 to $0.25
8449d8ff: folds
c6bfb3ab: folds
Uncalled bet ($0.15) returned to 81c85fe6
*** SHOWDOWN ***
81c85fe6 collected $0.25 from pot
*** SUMMARY ***
Total pot $0.25 | Rake $0 | Jackpot $0 | Bingo $0 | Fortune $0 | Tax $0
Seat 1: f54bbb1e folded before Flop (didn't bet)
Seat 2: 14f6c56e folded before Flop (didn't bet)
Seat 3: Hero folded before Flop (didn't bet)
Seat 4: 81c85fe6 (button) collected ($0.25)
Seat 5: 8449d8ff (small blind) folded before Flop
Seat 6: c6bfb3ab (big blind) folded before Flop


Poker Hand #HD1789243313: Hold'em No Limit ($0.05/$0.1) - 2024/05/27 02:34:44
Table 'NLHRed17' 6-max Seat #3 is the button
Seat 1: f54bbb1e ($12.21 in chips)
Seat 2: 14f6c56e ($6.03 in chips)
Seat 3: Hero ($10 in chips)
Seat 4: 81c85fe6 ($10 in chips)
Seat 5: 8449d8ff ($10 in chips)
Seat 6: c6bfb3ab ($10.45 in chips)
81c85fe6: posts small blind $0.05
8449d8ff: posts big blind $0.1
*** HOLE CARDS ***
Dealt to f54bbb1e 
Dealt to 14f6c56e 
Dealt to Hero [9c Th]
Dealt to 81c85fe6 
Dealt to 8449d8ff 
Dealt to c6bfb3ab 
c6bfb3ab: folds
f54bbb1e: raises $0.2 to $0.3
14f6c56e: folds
Hero: folds
81c85fe6: folds
8449d8ff: folds
Uncalled bet ($0.2) returned to f54bbb1e
*** SHOWDOWN ***
f54bbb1e collected $0.25 from pot
*** SUMMARY ***
Total pot $0.25 | Rake $0 | Jackpot $0 | Bingo $0 | Fortune $0 | Tax $0
Seat 1: f54bbb1e collected ($0.25)
Seat 2: 14f6c56e folded before Flop (didn't bet)
Seat 3: Hero (button) folded before Flop (didn't bet)
Seat 4: 81c85fe6 (small blind) folded before Flop
Seat 5: 8449d8ff (big blind) folded before Flop
Seat 6: c6bfb3ab folded before Flop (didn't bet)


Poker Hand #HD1789243262: Hold'em No Limit ($0.05/$0.1) - 2024/05/27 02:34:18
Table 'NLHRed17' 6-max Seat #2 is the button
Seat 1: f54bbb1e ($12.06 in chips)
Seat 2: 14f6c56e ($6.03 in chips)
Seat 3: Hero ($10 in chips)
Seat 4: 81c85fe6 ($10 in chips)
Seat 6: c6bfb3ab ($10.45 in chips)
Hero: posts small blind $0.05
81c85fe6: posts big blind $0.1
*** HOLE CARDS ***
Dealt to f54bbb1e 
Dealt to 14f6c56e 
Dealt to Hero [Kh 8s]
Dealt to 81c85fe6 
Dealt to c6bfb3ab 
c6bfb3ab: folds
f54bbb1e: raises $0.2 to $0.3
14f6c56e: folds
Hero: folds
81c85fe6: folds
Uncalled bet ($0.2) returned to f54bbb1e
*** SHOWDOWN ***
f54bbb1e collected $0.25 from pot
*** SUMMARY ***
Total pot $0.25 | Rake $0 | Jackpot $0 | Bingo $0 | Fortune $0 | Tax $0
Seat 1: f54bbb1e collected ($0.25)
Seat 2: 14f6c56e (button) folded before Flop (didn't bet)
Seat 3: Hero (small blind) folded before Flop
Seat 4: 81c85fe6 (big blind) folded before Flop
Seat 6: c6bfb3ab folded before Flop (didn't bet)


Poker Hand #HD1789243202: Hold'em No Limit ($0.05/$0.1) - 2024/05/27 02:33:52
Table 'NLHRed17' 6-max Seat #1 is the button
Seat 1: f54bbb1e ($11.91 in chips)
Seat 2: 14f6c56e ($6.08 in chips)
Seat 3: Hero ($10 in chips)
Seat 4: 81c85fe6 ($10 in chips)
Seat 6: c6bfb3ab ($10.45 in chips)
14f6c56e: posts small blind $0.05
Hero: posts big blind $0.1
*** HOLE CARDS ***
Dealt to f54bbb1e 
Dealt to 14f6c56e 
Dealt to Hero [8c Kc]
Dealt to 81c85fe6 
Dealt to c6bfb3ab 
81c85fe6: folds
c6bfb3ab: folds
f54bbb1e: raises $0.15 to $0.25
14f6c56e: folds
Hero: folds
Uncalled bet ($0.15) returned to f54bbb1e
*** SHOWDOWN ***
f54bbb1e collected $0.25 from pot
*** SUMMARY ***
Total pot $0.25 | Rake $0 | Jackpot $0 | Bingo $0 | Fortune $0 | Tax $0
Seat 1: f54bbb1e (button) collected ($0.25)
Seat 2: 14f6c56e (small blind) folded before Flop
Seat 3: Hero (big blind) folded before Flop
Seat 4: 81c85fe6 folded before Flop (didn't bet)
Seat 6: c6bfb3ab folded before Flop (didn't bet)


Poker Hand #HD1789243075: Hold'em No Limit ($0.05/$0.1) - 2024/05/27 02:32:36
Table 'NLHRed17' 6-max Seat #6 is the button
Seat 1: f54bbb1e ($11.96 in chips)
Seat 2: 14f6c56e ($5 in chips)
Seat 3: Hero ($11.14 in chips)
Seat 4: 81c85fe6 ($10 in chips)
Seat 6: c6bfb3ab ($10.45 in chips)
f54bbb1e: posts small blind $0.05
14f6c56e: posts big blind $0.1
*** HOLE CARDS ***
Dealt to f54bbb1e 
Dealt to 14f6c56e 
Dealt to Hero [Ac 6c]
Dealt to 81c85fe6 
Dealt to c6bfb3ab 
Hero: raises $0.1 to $0.2
81c85fe6: folds
c6bfb3ab: folds
f54bbb1e: folds
14f6c56e: raises $0.34 to $0.54
Hero: calls $0.34
*** FLOP *** [3c 7h Tc]
14f6c56e: checks
Hero: bets $0.6
14f6c56e: calls $0.6
*** TURN *** [3c 7h Tc] [Td]
14f6c56e: checks
Hero: checks
*** RIVER *** [3c 7h Tc Td] [Jh]
14f6c56e: checks
Hero: checks
14f6c56e: shows [Ad Qs] (Pair of Tens)
Hero: shows [Ac 6c] (Pair of Tens)
*** SHOWDOWN ***
14f6c56e collected $2.22 from pot
*** SUMMARY ***
Total pot $2.33 | Rake $0.11 | Jackpot $0 | Bingo $0 | Fortune $0 | Tax $0
Board [3c 7h Tc Td Jh]
Seat 1: f54bbb1e (small blind) folded before Flop
Seat 2: 14f6c56e (big blind) showed [Ad Qs] and won ($2.22) with Pair of Tens
Seat 3: Hero showed [Ac 6c] and lost with Pair of Tens
Seat 4: 81c85fe6 folded before Flop (didn't bet)
Seat 6: c6bfb3ab (button) folded before Flop (didn't bet)


Poker Hand #HD1789242965: Hold'em No Limit ($0.05/$0.1) - 2024/05/27 02:31:34
Table 'NLHRed17' 6-max Seat #4 is the button
Seat 1: f54bbb1e ($12.46 in chips)
Seat 3: Hero ($11.14 in chips)
Seat 4: 81c85fe6 ($10 in chips)
Seat 6: c6bfb3ab ($10 in chips)
c6bfb3ab: posts small blind $0.05
f54bbb1e: posts big blind $0.1
*** HOLE CARDS ***
Dealt to f54bbb1e 
Dealt to Hero [7s Kd]
Dealt to 81c85fe6 
Dealt to c6bfb3ab 
Hero: folds
81c85fe6: folds
c6bfb3ab: raises $0.2 to $0.3
f54bbb1e: calls $0.2
*** FLOP *** [Jc 2s 3s]
c6bfb3ab: checks
f54bbb1e: bets $0.2
c6bfb3ab: raises $0.75 to $0.95
f54bbb1e: folds
Uncalled bet ($0.75) returned to c6bfb3ab
*** SHOWDOWN ***
c6bfb3ab collected $0.95 from pot
*** SUMMARY ***
Total pot $1 | Rake $0.05 | Jackpot $0 | Bingo $0 | Fortune $0 | Tax $0
Board [Jc 2s 3s]
Seat 1: f54bbb1e (big blind) folded on the Flop
Seat 3: Hero folded before Flop (didn't bet)
Seat 4: 81c85fe6 (button) folded before Flop (didn't bet)
Seat 6: c6bfb3ab (small blind) won ($0.95)


Poker Hand #HD1789242924: Hold'em No Limit ($0.05/$0.1) - 2024/05/27 02:31:10
Table 'NLHRed17' 6-max Seat #3 is the button
Seat 1: f54bbb1e ($12.46 in chips)
Seat 3: Hero ($10.99 in chips)
Seat 4: 81c85fe6 ($10.03 in chips)
Seat 6: c6bfb3ab ($10 in chips)
81c85fe6: posts small blind $0.05
c6bfb3ab: posts big blind $0.1
*** HOLE CARDS ***
Dealt to f54bbb1e 
Dealt to Hero [Js Ts]
Dealt to 81c85fe6 
Dealt to c6bfb3ab 
f54bbb1e: folds
Hero: raises $0.14 to $0.24
81c85fe6: folds
c6bfb3ab: folds
Uncalled bet ($0.14) returned to Hero
*** SHOWDOWN ***
Hero collected $0.25 from pot
*** SUMMARY ***
Total pot $0.25 | Rake $0 | Jackpot $0 | Bingo $0 | Fortune $0 | Tax $0
Seat 1: f54bbb1e folded before Flop (didn't bet)
Seat 3: Hero (button) collected ($0.25)
Seat 4: 81c85fe6 (small blind) folded before Flop
Seat 6: c6bfb3ab (big blind) folded before Flop


Poker Hand #HD1789242821: Hold'em No Limit ($0.05/$0.1) - 2024/05/27 02:30:09
Table 'NLHRed17' 6-max Seat #1 is the button
Seat 1: f54bbb1e ($11.46 in chips)
Seat 2: fc2ef5a ($15.69 in chips)
Seat 3: Hero ($11.09 in chips)
Seat 4: 81c85fe6 ($10.28 in chips)
Seat 5: 974491a3 ($12.96 in chips)
Seat 6: c6bfb3ab ($10 in chips)
fc2ef5a: posts small blind $0.05
Hero: posts big blind $0.1
*** HOLE CARDS ***
Dealt to f54bbb1e 
Dealt to fc2ef5a 
Dealt to Hero [3s 4c]
Dealt to 81c85fe6 
Dealt to 974491a3 
Dealt to c6bfb3ab 
81c85fe6: raises $0.15 to $0.25
974491a3: folds
c6bfb3ab: folds
f54bbb1e: raises $0.49 to $0.74
fc2ef5a: calls $0.69
Hero: folds
81c85fe6: folds
*** FLOP *** [Jc Js 9c]
fc2ef5a: checks
f54bbb1e: checks
*** TURN *** [Jc Js 9c] [2h]
fc2ef5a: checks
f54bbb1e: checks
*** RIVER *** [Jc Js 9c 2h] [7d]
fc2ef5a: checks
f54bbb1e: bets $0.61
fc2ef5a: folds
Uncalled bet ($0.61) returned to f54bbb1e
*** SHOWDOWN ***
f54bbb1e collected $1.74 from pot
*** SUMMARY ***
Total pot $1.83 | Rake $0.09 | Jackpot $0 | Bingo $0 | Fortune $0 | Tax $0
Board [Jc Js 9c 2h 7d]
Seat 1: f54bbb1e (button) won ($1.74)
Seat 2: fc2ef5a (small blind) folded on the River
Seat 3: Hero (big blind) folded before Flop
Seat 4: 81c85fe6 folded before Flop
Seat 5: 974491a3 folded before Flop (didn't bet)
Seat 6: c6bfb3ab folded before Flop (didn't bet)


Poker Hand #HD1789242805: Hold'em No Limit ($0.05/$0.1) - 2024/05/27 02:29:58
Table 'NLHRed17' 6-max Seat #6 is the button
Seat 1: f54bbb1e ($11.51 in chips)
Seat 2: fc2ef5a ($15.64 in chips)
Seat 3: Hero ($11.09 in chips)
Seat 4: 81c85fe6 ($10.28 in chips)
Seat 5: 974491a3 ($12.96 in chips)
Seat 6: c6bfb3ab ($10 in chips)
f54bbb1e: posts small blind $0.05
fc2ef5a: posts big blind $0.1
*** HOLE CARDS ***
Dealt to f54bbb1e 
Dealt to fc2ef5a 
Dealt to Hero [5h Qd]
Dealt to 81c85fe6 
Dealt to 974491a3 
Dealt to c6bfb3ab 
Hero: folds
81c85fe6: folds
974491a3: folds
c6bfb3ab: folds
f54bbb1e: folds
Uncalled bet ($0.05) returned to fc2ef5a
*** SHOWDOWN ***
fc2ef5a collected $0.1 from pot
*** SUMMARY ***
Total pot $0.1 | Rake $0 | Jackpot $0 | Bingo $0 | Fortune $0 | Tax $0
Seat 1: f54bbb1e (small blind) folded before Flop
Seat 2: fc2ef5a (big blind) collected ($0.1)
Seat 3: Hero folded before Flop (didn't bet)
Seat 4: 81c85fe6 folded before Flop (didn't bet)
Seat 5: 974491a3 folded before Flop (didn't bet)
Seat 6: c6bfb3ab (button) folded before Flop (didn't bet)


Poker Hand #HD1789242771: Hold'em No Limit ($0.05/$0.1) - 2024/05/27 02:29:44
Table 'NLHRed17' 6-max Seat #5 is the button
Seat 1: f54bbb1e ($11.61 in chips)
Seat 2: fc2ef5a ($15.49 in chips)
Seat 3: Hero ($11.09 in chips)
Seat 4: 81c85fe6 ($10.28 in chips)
Seat 5: 974491a3 ($12.96 in chips)
Seat 6: c6bfb3ab ($10 in chips)
c6bfb3ab: posts small blind $0.05
f54bbb1e: posts big blind $0.1
*** HOLE CARDS ***
Dealt to f54bbb1e 
Dealt to fc2ef5a 
Dealt to Hero [Qh 8d]
Dealt to 81c85fe6 
Dealt to 974491a3 
Dealt to c6bfb3ab 
fc2ef5a: raises $0.1 to $0.2
Hero: folds
81c85fe6: folds
974491a3: folds
c6bfb3ab: folds
f54bbb1e: folds
Uncalled bet ($0.1) returned to fc2ef5a
*** SHOWDOWN ***
fc2ef5a collected $0.25 from pot
*** SUMMARY ***
Total pot $0.25 | Rake $0 | Jackpot $0 | Bingo $0 | Fortune $0 | Tax $0
Seat 1: f54bbb1e (big blind) folded before Flop
Seat 2: fc2ef5a collected ($0.25)
Seat 3: Hero folded before Flop (didn't bet)
Seat 4: 81c85fe6 folded before Flop (didn't bet)
Seat 5: 974491a3 (button) folded before Flop (didn't bet)
Seat 6: c6bfb3ab (small blind) folded before Flop


Poker Hand #HD1789242717: Hold'em No Limit ($0.05/$0.1) - 2024/05/27 02:29:10
Table 'NLHRed17' 6-max Seat #4 is the button
Seat 1: f54bbb1e ($11.61 in chips)
Seat 2: fc2ef5a ($15.49 in chips)
Seat 3: Hero ($11.09 in chips)
Seat 4: 81c85fe6 ($10 in chips)
Seat 5: 974491a3 ($13.01 in chips)
Seat 6: c6bfb3ab ($10 in chips)
974491a3: posts small blind $0.05
c6bfb3ab: posts big blind $0.1
*** HOLE CARDS ***
Dealt to f54bbb1e 
Dealt to fc2ef5a 
Dealt to Hero [Th 6d]
Dealt to 81c85fe6 
Dealt to 974491a3 
Dealt to c6bfb3ab 
f54bbb1e: folds
fc2ef5a: folds
Hero: folds
81c85fe6: raises $0.15 to $0.25
974491a3: folds
c6bfb3ab: calls $0.15
*** FLOP *** [9h 6s Ad]
c6bfb3ab: checks
81c85fe6: bets $0.28
c6bfb3ab: folds
Uncalled bet ($0.28) returned to 81c85fe6
*** SHOWDOWN ***
81c85fe6 collected $0.53 from pot
*** SUMMARY ***
Total pot $0.55 | Rake $0.02 | Jackpot $0 | Bingo $0 | Fortune $0 | Tax $0
Board [9h 6s Ad]
Seat 1: f54bbb1e folded before Flop (didn't bet)
Seat 2: fc2ef5a folded before Flop (didn't bet)
Seat 3: Hero folded before Flop (didn't bet)
Seat 4: 81c85fe6 (button) won ($0.53)
Seat 5: 974491a3 (small blind) folded before Flop
Seat 6: c6bfb3ab (big blind) folded on the Flop


Poker Hand #HD1789242687: Hold'em No Limit ($0.05/$0.1) - 2024/05/27 02:28:53
Table 'NLHRed17' 6-max Seat #3 is the button
Seat 1: f54bbb1e ($11.61 in chips)
Seat 2: fc2ef5a ($15.49 in chips)
Seat 3: Hero ($10.94 in chips)
Seat 4: 81c85fe6 ($10 in chips)
Seat 5: 974491a3 ($13.11 in chips)
Seat 6: c6bfb3ab ($10 in chips)
81c85fe6: posts small blind $0.05
974491a3: posts big blind $0.1
*** HOLE CARDS ***
Dealt to f54bbb1e 
Dealt to fc2ef5a 
Dealt to Hero [Ac Tc]
Dealt to 81c85fe6 
Dealt to 974491a3 
Dealt to c6bfb3ab 
c6bfb3ab: folds
f54bbb1e: folds
fc2ef5a: folds
Hero: raises $0.14 to $0.24
81c85fe6: folds
974491a3: folds
Uncalled bet ($0.14) returned to Hero
*** SHOWDOWN ***
Hero collected $0.25 from pot
*** SUMMARY ***
Total pot $0.25 | Rake $0 | Jackpot $0 | Bingo $0 | Fortune $0 | Tax $0
Seat 1: f54bbb1e folded before Flop (didn't bet)
Seat 2: fc2ef5a folded before Flop (didn't bet)
Seat 3: Hero (button) collected ($0.25)
Seat 4: 81c85fe6 (small blind) folded before Flop
Seat 5: 974491a3 (big blind) folded before Flop
Seat 6: c6bfb3ab folded before Flop (didn't bet)


Poker Hand #HD1789242540: Hold'em No Limit ($0.05/$0.1) - 2024/05/27 02:27:30
Table 'NLHRed17' 6-max Seat #2 is the button
Seat 1: f54bbb1e ($11.61 in chips)
Seat 2: fc2ef5a ($15.49 in chips)
Seat 3: Hero ($10.99 in chips)
Seat 4: 81c85fe6 ($11.38 in chips)
Seat 5: 974491a3 ($11.35 in chips)
Seat 6: c6bfb3ab ($10 in chips)
Hero: posts small blind $0.05
81c85fe6: posts big blind $0.1
*** HOLE CARDS ***
Dealt to f54bbb1e 
Dealt to fc2ef5a 
Dealt to Hero [Th 9d]
Dealt to 81c85fe6 
Dealt to 974491a3 
Dealt to c6bfb3ab 
974491a3: raises $0.2 to $0.3
c6bfb3ab: folds
f54bbb1e: folds
fc2ef5a: folds
Hero: folds
81c85fe6: calls $0.2
*** FLOP *** [Jd 6c 4d]
81c85fe6: checks
974491a3: bets $0.27
81c85fe6: calls $0.27
*** TURN *** [Jd 6c 4d] [2s]
81c85fe6: checks
974491a3: bets $1.43
81c85fe6: calls $1.43
*** RIVER *** [Jd 6c 4d 2s] [9c]
81c85fe6: checks
974491a3: checks
81c85fe6: shows [Jc Qs] (Pair of Jacks)
974491a3: shows [Kh Kc] (Pair of Kings)
*** SHOWDOWN ***
974491a3 collected $3.76 from pot
*** SUMMARY ***
Total pot $4.05 | Rake $0.19 | Jackpot $0.1 | Bingo $0 | Fortune $0 | Tax $0
Board [Jd 6c 4d 2s 9c]
Seat 1: f54bbb1e folded before Flop (didn't bet)
Seat 2: fc2ef5a (button) folded before Flop (didn't bet)
Seat 3: Hero (small blind) folded before Flop
Seat 4: 81c85fe6 (big blind) showed [Jc Qs] and lost with Pair of Jacks
Seat 5: 974491a3 showed [Kh Kc] and won ($3.76) with Pair of Kings
Seat 6: c6bfb3ab folded before Flop (didn't bet)


Poker Hand #HD1789242495: Hold'em No Limit ($0.05/$0.1) - 2024/05/27 02:26:57
Table 'NLHRed17' 6-max Seat #1 is the button
Seat 1: f54bbb1e ($11.61 in chips)
Seat 2: fc2ef5a ($15.17 in chips)
Seat 3: Hero ($11.09 in chips)
Seat 4: 81c85fe6 ($11.38 in chips)
Seat 5: 974491a3 ($11.6 in chips)
Seat 6: c6bfb3ab ($10 in chips)
fc2ef5a: posts small blind $0.05
Hero: posts big blind $0.1
*** HOLE CARDS ***
Dealt to f54bbb1e 
Dealt to fc2ef5a 
Dealt to Hero [Ks 2h]
Dealt to 81c85fe6 
Dealt to 974491a3 
Dealt to c6bfb3ab 
81c85fe6: folds
974491a3: raises $0.15 to $0.25
c6bfb3ab: folds
f54bbb1e: folds
fc2ef5a: calls $0.2
Hero: folds
*** FLOP *** [5c 6c 8c]
fc2ef5a: bets $0.45
974491a3: folds
Uncalled bet ($0.45) returned to fc2ef5a
*** SHOWDOWN ***
fc2ef5a collected $0.57 from pot
*** SUMMARY ***
Total pot $0.6 | Rake $0.03 | Jackpot $0 | Bingo $0 | Fortune $0 | Tax $0
Board [5c 6c 8c]
Seat 1: f54bbb1e (button) folded before Flop (didn't bet)
Seat 2: fc2ef5a (small blind) won ($0.57)
Seat 3: Hero (big blind) folded before Flop
Seat 4: 81c85fe6 folded before Flop (didn't bet)
Seat 5: 974491a3 folded on the Flop
Seat 6: c6bfb3ab folded before Flop (didn't bet)


Poker Hand #HD1789242472: Hold'em No Limit ($0.05/$0.1) - 2024/05/27 02:26:49
Table 'NLHRed17' 6-max Seat #6 is the button
Seat 1: f54bbb1e ($11.66 in chips)
Seat 2: fc2ef5a ($15.12 in chips)
Seat 3: Hero ($11.09 in chips)
Seat 4: 81c85fe6 ($11.38 in chips)
Seat 5: 974491a3 ($11.6 in chips)
Seat 6: c6bfb3ab ($10 in chips)
f54bbb1e: posts small blind $0.05
fc2ef5a: posts big blind $0.1
*** HOLE CARDS ***
Dealt to f54bbb1e 
Dealt to fc2ef5a 
Dealt to Hero [4c 6s]
Dealt to 81c85fe6 
Dealt to 974491a3 
Dealt to c6bfb3ab 
Hero: folds
81c85fe6: folds
974491a3: folds
c6bfb3ab: folds
f54bbb1e: folds
Uncalled bet ($0.05) returned to fc2ef5a
*** SHOWDOWN ***
fc2ef5a collected $0.1 from pot
*** SUMMARY ***
Total pot $0.1 | Rake $0 | Jackpot $0 | Bingo $0 | Fortune $0 | Tax $0
Seat 1: f54bbb1e (small blind) folded before Flop
Seat 2: fc2ef5a (big blind) collected ($0.1)
Seat 3: Hero folded before Flop (didn't bet)
Seat 4: 81c85fe6 folded before Flop (didn't bet)
Seat 5: 974491a3 folded before Flop (didn't bet)
Seat 6: c6bfb3ab (button) folded before Flop (didn't bet)


Poker Hand #HD1789242393: Hold'em No Limit ($0.05/$0.1) - 2024/05/27 02:26:04
Table 'NLHRed17' 6-max Seat #5 is the button
Seat 1: f54bbb1e ($10.64 in chips)
Seat 2: fc2ef5a ($15.12 in chips)
Seat 3: Hero ($11.09 in chips)
Seat 4: 81c85fe6 ($12.46 in chips)
Seat 5: 974491a3 ($11.6 in chips)
Seat 6: c6bfb3ab ($10 in chips)
c6bfb3ab: posts small blind $0.05
f54bbb1e: posts big blind $0.1
*** HOLE CARDS ***
Dealt to f54bbb1e 
Dealt to fc2ef5a 
Dealt to Hero [Qc 8h]
Dealt to 81c85fe6 
Dealt to 974491a3 
Dealt to c6bfb3ab 
fc2ef5a: folds
Hero: folds
81c85fe6: raises $0.15 to $0.25
974491a3: folds
c6bfb3ab: folds
f54bbb1e: raises $0.83 to $1.08
81c85fe6: calls $0.83
*** FLOP *** [Ad 5h 2c]
f54bbb1e: bets $0.56
81c85fe6: folds
Uncalled bet ($0.56) returned to f54bbb1e
*** SHOWDOWN ***
f54bbb1e collected $2.1 from pot
*** SUMMARY ***
Total pot $2.21 | Rake $0.11 | Jackpot $0 | Bingo $0 | Fortune $0 | Tax $0
Board [Ad 5h 2c]
Seat 1: f54bbb1e (big blind) won ($2.1)
Seat 2: fc2ef5a folded before Flop (didn't bet)
Seat 3: Hero folded before Flop (didn't bet)
Seat 4: 81c85fe6 folded on the Flop
Seat 5: 974491a3 (button) folded before Flop (didn't bet)
Seat 6: c6bfb3ab (small blind) folded before Flop


Poker Hand #HD1789242297: Hold'em No Limit ($0.05/$0.1) - 2024/05/27 02:25:03
Table 'NLHRed17' 6-max Seat #4 is the button
Seat 1: f54bbb1e ($10.64 in chips)
Seat 2: fc2ef5a ($15.12 in chips)
Seat 3: Hero ($11.09 in chips)
Seat 4: 81c85fe6 ($11.31 in chips)
Seat 5: 974491a3 ($11.65 in chips)
Seat 6: c6bfb3ab ($10.15 in chips)
974491a3: posts small blind $0.05
c6bfb3ab: posts big blind $0.1
*** HOLE CARDS ***
Dealt to f54bbb1e 
Dealt to fc2ef5a 
Dealt to Hero [3c 2s]
Dealt to 81c85fe6 
Dealt to 974491a3 
Dealt to c6bfb3ab 
f54bbb1e: folds
fc2ef5a: folds
Hero: folds
81c85fe6: raises $0.15 to $0.25
974491a3: folds
c6bfb3ab: calls $0.15
*** FLOP *** [9s 3s 4d]
c6bfb3ab: checks
81c85fe6: bets $0.14
c6bfb3ab: calls $0.14
*** TURN *** [9s 3s 4d] [8d]
c6bfb3ab: checks
81c85fe6: checks
*** RIVER *** [9s 3s 4d 8d] [7d]
c6bfb3ab: bets $0.83
81c85fe6: calls $0.83
c6bfb3ab: shows [Kc Tc] (King-High)
81c85fe6: shows [8s As] (Pair of Eights)
*** SHOWDOWN ***
81c85fe6 collected $2.37 from pot
*** SUMMARY ***
Total pot $2.49 | Rake $0.12 | Jackpot $0 | Bingo $0 | Fortune $0 | Tax $0
Board [9s 3s 4d 8d 7d]
Seat 1: f54bbb1e folded before Flop (didn't bet)
Seat 2: fc2ef5a folded before Flop (didn't bet)
Seat 3: Hero folded before Flop (didn't bet)
Seat 4: 81c85fe6 (button) showed [8s As] and won ($2.37) with Pair of Eights
Seat 5: 974491a3 (small blind) folded before Flop
Seat 6: c6bfb3ab (big blind) showed [Kc Tc] and lost with King-High


Poker Hand #HD1789242219: Hold'em No Limit ($0.05/$0.1) - 2024/05/27 02:24:18
Table 'NLHRed17' 6-max Seat #3 is the button
Seat 1: f54bbb1e ($10 in chips)
Seat 2: fc2ef5a ($15.67 in chips)
Seat 3: Hero ($11.09 in chips)
Seat 4: 81c85fe6 ($11.36 in chips)
Seat 5: 974491a3 ($11.75 in chips)
Seat 6: c6bfb3ab ($10.15 in chips)
81c85fe6: posts small blind $0.05
974491a3: posts big blind $0.1
*** HOLE CARDS ***
Dealt to f54bbb1e 
Dealt to fc2ef5a 
Dealt to Hero [6h 3c]
Dealt to 81c85fe6 
Dealt to 974491a3 
Dealt to c6bfb3ab 
c6bfb3ab: folds
f54bbb1e: raises $0.2 to $0.3
fc2ef5a: calls $0.3
Hero: folds
81c85fe6: folds
974491a3: folds
*** FLOP *** [6c 8d 5h]
f54bbb1e: checks
fc2ef5a: checks
*** TURN *** [6c 8d 5h] [Kh]
f54bbb1e: bets $0.25
fc2ef5a: calls $0.25
*** RIVER *** [6c 8d 5h Kh] [4c]
f54bbb1e: bets $1.88
fc2ef5a: folds
Uncalled bet ($1.88) returned to f54bbb1e
*** SHOWDOWN ***
f54bbb1e collected $1.19 from pot
*** SUMMARY ***
Total pot $1.25 | Rake $0.06 | Jackpot $0 | Bingo $0 | Fortune $0 | Tax $0
Board [6c 8d 5h Kh 4c]
Seat 1: f54bbb1e won ($1.19)
Seat 2: fc2ef5a folded on the River
Seat 3: Hero (button) folded before Flop (didn't bet)
Seat 4: 81c85fe6 (small blind) folded before Flop
Seat 5: 974491a3 (big blind) folded before Flop
Seat 6: c6bfb3ab folded before Flop (didn't bet)


Poker Hand #HD1789242185: Hold'em No Limit ($0.05/$0.1) - 2024/05/27 02:24:03
Table 'NLHRed17' 6-max Seat #2 is the button
Seat 1: f54bbb1e ($10 in chips)
Seat 2: fc2ef5a ($15.67 in chips)
Seat 3: Hero ($11.14 in chips)
Seat 4: 81c85fe6 ($11.31 in chips)
Seat 5: 974491a3 ($11.75 in chips)
Seat 6: c6bfb3ab ($10.15 in chips)
Hero: posts small blind $0.05
81c85fe6: posts big blind $0.1
*** HOLE CARDS ***
Dealt to f54bbb1e 
Dealt to fc2ef5a 
Dealt to Hero [Kd 4d]
Dealt to 81c85fe6 
Dealt to 974491a3 
Dealt to c6bfb3ab 
974491a3: folds
c6bfb3ab: folds
f54bbb1e: folds
fc2ef5a: folds
Hero: folds
Uncalled bet ($0.05) returned to 81c85fe6
*** SHOWDOWN ***
81c85fe6 collected $0.1 from pot
*** SUMMARY ***
Total pot $0.1 | Rake $0 | Jackpot $0 | Bingo $0 | Fortune $0 | Tax $0
Seat 1: f54bbb1e folded before Flop (didn't bet)
Seat 2: fc2ef5a (button) folded before Flop (didn't bet)
Seat 3: Hero (small blind) folded before Flop
Seat 4: 81c85fe6 (big blind) collected ($0.1)
Seat 5: 974491a3 folded before Flop (didn't bet)
Seat 6: c6bfb3ab folded before Flop (didn't bet)


Poker Hand #HD1789242149: Hold'em No Limit ($0.05/$0.1) - 2024/05/27 02:23:41
Table 'NLHRed17' 6-max Seat #1 is the button
Seat 1: f54bbb1e ($10 in chips)
Seat 2: fc2ef5a ($15.72 in chips)
Seat 3: Hero ($11.24 in chips)
Seat 4: 81c85fe6 ($11.31 in chips)
Seat 5: 974491a3 ($11.75 in chips)
Seat 6: c6bfb3ab ($10 in chips)
fc2ef5a: posts small blind $0.05
Hero: posts big blind $0.1
*** HOLE CARDS ***
Dealt to f54bbb1e 
Dealt to fc2ef5a 
Dealt to Hero [2d Kh]
Dealt to 81c85fe6 
Dealt to 974491a3 
Dealt to c6bfb3ab 
81c85fe6: folds
974491a3: folds
c6bfb3ab: raises $0.15 to $0.25
f54bbb1e: folds
fc2ef5a: folds
Hero: folds
Uncalled bet ($0.15) returned to c6bfb3ab
*** SHOWDOWN ***
c6bfb3ab collected $0.25 from pot
*** SUMMARY ***
Total pot $0.25 | Rake $0 | Jackpot $0 | Bingo $0 | Fortune $0 | Tax $0
Seat 1: f54bbb1e (button) folded before Flop (didn't bet)
Seat 2: fc2ef5a (small blind) folded before Flop
Seat 3: Hero (big blind) folded before Flop
Seat 4: 81c85fe6 folded before Flop (didn't bet)
Seat 5: 974491a3 folded before Flop (didn't bet)
Seat 6: c6bfb3ab collected ($0.25)


Poker Hand #HD1789242111: Hold'em No Limit ($0.05/$0.1) - 2024/05/27 02:23:22
Table 'NLHRed17' 6-max Seat #6 is the button
Seat 1: f54bbb1e ($10 in chips)
Seat 2: fc2ef5a ($15.82 in chips)
Seat 3: Hero ($11.24 in chips)
Seat 4: 81c85fe6 ($11.31 in chips)
Seat 5: 974491a3 ($11.6 in chips)
Seat 6: c6bfb3ab ($10 in chips)
f54bbb1e: posts small blind $0.05
fc2ef5a: posts big blind $0.1
*** HOLE CARDS ***
Dealt to f54bbb1e 
Dealt to fc2ef5a 
Dealt to Hero [2d 2h]
Dealt to 81c85fe6 
Dealt to 974491a3 
Dealt to c6bfb3ab 
Hero: folds
81c85fe6: folds
974491a3: raises $0.2 to $0.3
c6bfb3ab: folds
f54bbb1e: folds
fc2ef5a: folds
Uncalled bet ($0.2) returned to 974491a3
*** SHOWDOWN ***
974491a3 collected $0.25 from pot
*** SUMMARY ***
Total pot $0.25 | Rake $0 | Jackpot $0 | Bingo $0 | Fortune $0 | Tax $0
Seat 1: f54bbb1e (small blind) folded before Flop
Seat 2: fc2ef5a (big blind) folded before Flop
Seat 3: Hero folded before Flop (didn't bet)
Seat 4: 81c85fe6 folded before Flop (didn't bet)
Seat 5: 974491a3 collected ($0.25)
Seat 6: c6bfb3ab (button) folded before Flop (didn't bet)


Poker Hand #HD1789242059: Hold'em No Limit ($0.05/$0.1) - 2024/05/27 02:22:51
Table 'NLHRed17' 6-max Seat #5 is the button
Seat 1: f54bbb1e ($10.11 in chips)
Seat 2: fc2ef5a ($15.82 in chips)
Seat 3: Hero ($11.24 in chips)
Seat 4: 81c85fe6 ($11.03 in chips)
Seat 5: 974491a3 ($11.6 in chips)
Seat 6: c6bfb3ab ($10.05 in chips)
c6bfb3ab: posts small blind $0.05
f54bbb1e: posts big blind $0.1
*** HOLE CARDS ***
Dealt to f54bbb1e 
Dealt to fc2ef5a 
Dealt to Hero [Ac 2c]
Dealt to 81c85fe6 
Dealt to 974491a3 
Dealt to c6bfb3ab 
fc2ef5a: folds
Hero: folds
81c85fe6: raises $0.15 to $0.25
974491a3: folds
c6bfb3ab: folds
f54bbb1e: calls $0.15
*** FLOP *** [4c Js 7c]
f54bbb1e: checks
81c85fe6: bets $0.28
f54bbb1e: folds
Uncalled bet ($0.28) returned to 81c85fe6
*** SHOWDOWN ***
81c85fe6 collected $0.53 from pot
*** SUMMARY ***
Total pot $0.55 | Rake $0.02 | Jackpot $0 | Bingo $0 | Fortune $0 | Tax $0
Board [4c Js 7c]
Seat 1: f54bbb1e (big blind) folded on the Flop
Seat 2: fc2ef5a folded before Flop (didn't bet)
Seat 3: Hero folded before Flop (didn't bet)
Seat 4: 81c85fe6 won ($0.53)
Seat 5: 974491a3 (button) folded before Flop (didn't bet)
Seat 6: c6bfb3ab (small blind) folded before Flop


Poker Hand #HD1789241979: Hold'em No Limit ($0.05/$0.1) - 2024/05/27 02:22:05
Table 'NLHRed17' 6-max Seat #4 is the button
Seat 1: f54bbb1e ($10.11 in chips)
Seat 2: fc2ef5a ($15.82 in chips)
Seat 3: Hero ($11.69 in chips)
Seat 4: 81c85fe6 ($10.48 in chips)
Seat 5: 974491a3 ($11.65 in chips)
Seat 6: c6bfb3ab ($10.15 in chips)
974491a3: posts small blind $0.05
c6bfb3ab: posts big blind $0.1
*** HOLE CARDS ***
Dealt to f54bbb1e 
Dealt to fc2ef5a 
Dealt to Hero [8c 5c]
Dealt to 81c85fe6 
Dealt to 974491a3 
Dealt to c6bfb3ab 
f54bbb1e: folds
fc2ef5a: folds
Hero: raises $0.14 to $0.24
81c85fe6: calls $0.24
974491a3: folds
c6bfb3ab: folds
*** FLOP *** [2s 6c Qh]
Hero: checks
81c85fe6: checks
*** TURN *** [2s 6c Qh] [Qd]
Hero: bets $0.21
81c85fe6: calls $0.21
*** RIVER *** [2s 6c Qh Qd] [Jd]
Hero: checks
81c85fe6: checks
Hero: shows [8c 5c] (Pair of Queens)
81c85fe6: shows [6s As] (Pair of Queens and Pair of Sixes)
*** SHOWDOWN ***
81c85fe6 collected $1 from pot
*** SUMMARY ***
Total pot $1.05 | Rake $0.05 | Jackpot $0 | Bingo $0 | Fortune $0 | Tax $0
Board [2s 6c Qh Qd Jd]
Seat 1: f54bbb1e folded before Flop (didn't bet)
Seat 2: fc2ef5a folded before Flop (didn't bet)
Seat 3: Hero showed [8c 5c] and lost with Pair of Queens
Seat 4: 81c85fe6 (button) showed [6s As] and won ($1) with Pair of Queens and Pair of Sixes
Seat 5: 974491a3 (small blind) folded before Flop
Seat 6: c6bfb3ab (big blind) folded before Flop


Poker Hand #HD1789241947: Hold'em No Limit ($0.05/$0.1) - 2024/05/27 02:21:44
Table 'NLHRed17' 6-max Seat #3 is the button
Seat 1: f54bbb1e ($10.11 in chips)
Seat 2: fc2ef5a ($15.82 in chips)
Seat 3: Hero ($11.69 in chips)
Seat 4: 81c85fe6 ($10.38 in chips)
Seat 5: 974491a3 ($11.75 in chips)
Seat 6: c6bfb3ab ($10.15 in chips)
81c85fe6: posts small blind $0.05
974491a3: posts big blind $0.1
*** HOLE CARDS ***
Dealt to f54bbb1e 
Dealt to fc2ef5a 
Dealt to Hero [8h 7c]
Dealt to 81c85fe6 
Dealt to 974491a3 
Dealt to c6bfb3ab 
c6bfb3ab: folds
f54bbb1e: folds
fc2ef5a: folds
Hero: folds
81c85fe6: raises $0.2 to $0.3
974491a3: folds
Uncalled bet ($0.2) returned to 81c85fe6
*** SHOWDOWN ***
81c85fe6 collected $0.2 from pot
*** SUMMARY ***
Total pot $0.2 | Rake $0 | Jackpot $0 | Bingo $0 | Fortune $0 | Tax $0
Seat 1: f54bbb1e folded before Flop (didn't bet)
Seat 2: fc2ef5a folded before Flop (didn't bet)
Seat 3: Hero (button) folded before Flop (didn't bet)
Seat 4: 81c85fe6 (small blind) collected ($0.2)
Seat 5: 974491a3 (big blind) folded before Flop
Seat 6: c6bfb3ab folded before Flop (didn't bet)


Poker Hand #HD1789241836: Hold'em No Limit ($0.05/$0.1) - 2024/05/27 02:20:44
Table 'NLHRed17' 6-max Seat #2 is the button
Seat 1: f54bbb1e ($10.66 in chips)
Seat 2: fc2ef5a ($15.18 in chips)
Seat 3: Hero ($11.74 in chips)
Seat 4: 81c85fe6 ($10.48 in chips)
Seat 5: 974491a3 ($11.75 in chips)
Seat 6: c6bfb3ab ($10.15 in chips)
Hero: posts small blind $0.05
81c85fe6: posts big blind $0.1
*** HOLE CARDS ***
Dealt to f54bbb1e 
Dealt to fc2ef5a 
Dealt to Hero [4c 4s]
Dealt to 81c85fe6 
Dealt to 974491a3 
Dealt to c6bfb3ab 
974491a3: folds
c6bfb3ab: folds
f54bbb1e: raises $0.2 to $0.3
fc2ef5a: calls $0.3
Hero: folds
81c85fe6: folds
*** FLOP *** [8s Ts 5s]
f54bbb1e: checks
fc2ef5a: checks
*** TURN *** [8s Ts 5s] [3d]
f54bbb1e: bets $0.25
fc2ef5a: raises $1.25 to $1.5
f54bbb1e: folds
Uncalled bet ($1.25) returned to fc2ef5a
*** SHOWDOWN ***
fc2ef5a collected $1.19 from pot
*** SUMMARY ***
Total pot $1.25 | Rake $0.06 | Jackpot $0 | Bingo $0 | Fortune $0 | Tax $0
Board [8s Ts 5s 3d]
Seat 1: f54bbb1e folded on the Turn
Seat 2: fc2ef5a (button) won ($1.19)
Seat 3: Hero (small blind) folded before Flop
Seat 4: 81c85fe6 (big blind) folded before Flop
Seat 5: 974491a3 folded before Flop (didn't bet)
Seat 6: c6bfb3ab folded before Flop (didn't bet)


Poker Hand #HD1789241815: Hold'em No Limit ($0.05/$0.1) - 2024/05/27 02:20:31
Table 'NLHRed17' 6-max Seat #1 is the button
Seat 1: f54bbb1e ($10.51 in chips)
Seat 2: fc2ef5a ($15.23 in chips)
Seat 3: Hero ($11.84 in chips)
Seat 4: 81c85fe6 ($10.48 in chips)
Seat 5: 974491a3 ($11.75 in chips)
Seat 6: c6bfb3ab ($10.15 in chips)
fc2ef5a: posts small blind $0.05
Hero: posts big blind $0.1
*** HOLE CARDS ***
Dealt to f54bbb1e 
Dealt to fc2ef5a 
Dealt to Hero [3d Tc]
Dealt to 81c85fe6 
Dealt to 974491a3 
Dealt to c6bfb3ab 
81c85fe6: folds
974491a3: folds
c6bfb3ab: folds
f54bbb1e: raises $0.15 to $0.25
fc2ef5a: folds
Hero: folds
Uncalled bet ($0.15) returned to f54bbb1e
*** SHOWDOWN ***
f54bbb1e collected $0.25 from pot
*** SUMMARY ***
Total pot $0.25 | Rake $0 | Jackpot $0 | Bingo $0 | Fortune $0 | Tax $0
Seat 1: f54bbb1e (button) collected ($0.25)
Seat 2: fc2ef5a (small blind) folded before Flop
Seat 3: Hero (big blind) folded before Flop
Seat 4: 81c85fe6 folded before Flop (didn't bet)
Seat 5: 974491a3 folded before Flop (didn't bet)
Seat 6: c6bfb3ab folded before Flop (didn't bet)


Poker Hand #HD1789241801: Hold'em No Limit ($0.05/$0.1) - 2024/05/27 02:20:21
Table 'NLHRed17' 6-max Seat #6 is the button
Seat 1: f54bbb1e ($10.56 in chips)
Seat 2: fc2ef5a ($15.33 in chips)
Seat 3: Hero ($11.84 in chips)
Seat 4: 81c85fe6 ($10.48 in chips)
Seat 5: 974491a3 ($11.75 in chips)
Seat 6: c6bfb3ab ($10 in chips)
f54bbb1e: posts small blind $0.05
fc2ef5a: posts big blind $0.1
*** HOLE CARDS ***
Dealt to f54bbb1e 
Dealt to fc2ef5a 
Dealt to Hero [4h 4c]
Dealt to 81c85fe6 
Dealt to 974491a3 
Dealt to c6bfb3ab 
Hero: folds
81c85fe6: folds
974491a3: folds
c6bfb3ab: raises $0.15 to $0.25
f54bbb1e: folds
fc2ef5a: folds
Uncalled bet ($0.15) returned to c6bfb3ab
*** SHOWDOWN ***
c6bfb3ab collected $0.25 from pot
*** SUMMARY ***
Total pot $0.25 | Rake $0 | Jackpot $0 | Bingo $0 | Fortune $0 | Tax $0
Seat 1: f54bbb1e (small blind) folded before Flop
Seat 2: fc2ef5a (big blind) folded before Flop
Seat 3: Hero folded before Flop (didn't bet)
Seat 4: 81c85fe6 folded before Flop (didn't bet)
Seat 5: 974491a3 folded before Flop (didn't bet)
Seat 6: c6bfb3ab (button) collected ($0.25)


Poker Hand #HD1789241762: Hold'em No Limit ($0.05/$0.1) - 2024/05/27 02:20:02
Table 'NLHRed17' 6-max Seat #5 is the button
Seat 1: f54bbb1e ($10.66 in chips)
Seat 2: fc2ef5a ($15.33 in chips)
Seat 3: Hero ($11.84 in chips)
Seat 4: 81c85fe6 ($10.48 in chips)
Seat 5: 974491a3 ($11.6 in chips)
Seat 6: c6bfb3ab ($10 in chips)
c6bfb3ab: posts small blind $0.05
f54bbb1e: posts big blind $0.1
*** HOLE CARDS ***
Dealt to f54bbb1e 
Dealt to fc2ef5a 
Dealt to Hero [Ts Jh]
Dealt to 81c85fe6 
Dealt to 974491a3 
Dealt to c6bfb3ab 
fc2ef5a: folds
Hero: folds
81c85fe6: folds
974491a3: raises $0.2 to $0.3
c6bfb3ab: folds
f54bbb1e: folds
Uncalled bet ($0.2) returned to 974491a3
*** SHOWDOWN ***
974491a3 collected $0.25 from pot
*** SUMMARY ***
Total pot $0.25 | Rake $0 | Jackpot $0 | Bingo $0 | Fortune $0 | Tax $0
Seat 1: f54bbb1e (big blind) folded before Flop
Seat 2: fc2ef5a folded before Flop (didn't bet)
Seat 3: Hero folded before Flop (didn't bet)
Seat 4: 81c85fe6 folded before Flop (didn't bet)
Seat 5: 974491a3 (button) collected ($0.25)
Seat 6: c6bfb3ab (small blind) folded before Flop


Poker Hand #HD1789241644: Hold'em No Limit ($0.05/$0.1) - 2024/05/27 02:18:56
Table 'NLHRed17' 6-max Seat #4 is the button
Seat 1: f54bbb1e ($10.66 in chips)
Seat 2: fc2ef5a ($14.42 in chips)
Seat 3: Hero ($11.84 in chips)
Seat 4: 81c85fe6 ($10.48 in chips)
Seat 5: 974491a3 ($11.65 in chips)
Seat 6: c6bfb3ab ($10.1 in chips)
974491a3: posts small blind $0.05
c6bfb3ab: posts big blind $0.1
*** HOLE CARDS ***
Dealt to f54bbb1e 
Dealt to fc2ef5a 
Dealt to Hero [2d Qs]
Dealt to 81c85fe6 
Dealt to 974491a3 
Dealt to c6bfb3ab 
f54bbb1e: folds
fc2ef5a: raises $0.1 to $0.2
Hero: folds
81c85fe6: folds
974491a3: folds
c6bfb3ab: raises $0.75 to $0.95
fc2ef5a: calls $0.75
*** FLOP *** [Tc 9c Js]
c6bfb3ab: checks
fc2ef5a: checks
*** TURN *** [Tc 9c Js] [Td]
c6bfb3ab: checks
fc2ef5a: checks
*** RIVER *** [Tc 9c Js Td] [6d]
c6bfb3ab: checks
fc2ef5a: checks
c6bfb3ab: shows [Kd Ad] (Pair of Tens)
fc2ef5a: shows [7h 9h] (Pair of Tens and Pair of Nines)
*** SHOWDOWN ***
fc2ef5a collected $1.86 from pot
*** SUMMARY ***
Total pot $1.95 | Rake $0.09 | Jackpot $0 | Bingo $0 | Fortune $0 | Tax $0
Board [Tc 9c Js Td 6d]
Seat 1: f54bbb1e folded before Flop (didn't bet)
Seat 2: fc2ef5a showed [7h 9h] and won ($1.86) with Pair of Tens and Pair of Nines
Seat 3: Hero folded before Flop (didn't bet)
Seat 4: 81c85fe6 (button) folded before Flop (didn't bet)
Seat 5: 974491a3 (small blind) folded before Flop
Seat 6: c6bfb3ab (big blind) showed [Kd Ad] and lost with Pair of Tens


Poker Hand #HD1789241612: Hold'em No Limit ($0.05/$0.1) - 2024/05/27 02:18:35
Table 'NLHRed17' 6-max Seat #3 is the button
Seat 1: f54bbb1e ($10.66 in chips)
Seat 2: fc2ef5a ($14.27 in chips)
Seat 3: Hero ($11.84 in chips)
Seat 4: 81c85fe6 ($10.53 in chips)
Seat 5: 974491a3 ($11.75 in chips)
Seat 6: c6bfb3ab ($10.1 in chips)
81c85fe6: posts small blind $0.05
974491a3: posts big blind $0.1
*** HOLE CARDS ***
Dealt to f54bbb1e 
Dealt to fc2ef5a 
Dealt to Hero [6s Kh]
Dealt to 81c85fe6 
Dealt to 974491a3 
Dealt to c6bfb3ab 
c6bfb3ab: folds
f54bbb1e: folds
fc2ef5a: raises $0.1 to $0.2
Hero: folds
81c85fe6: folds
974491a3: folds
Uncalled bet ($0.1) returned to fc2ef5a
*** SHOWDOWN ***
fc2ef5a collected $0.25 from pot
*** SUMMARY ***
Total pot $0.25 | Rake $0 | Jackpot $0 | Bingo $0 | Fortune $0 | Tax $0
Seat 1: f54bbb1e folded before Flop (didn't bet)
Seat 2: fc2ef5a collected ($0.25)
Seat 3: Hero (button) folded before Flop (didn't bet)
Seat 4: 81c85fe6 (small blind) folded before Flop
Seat 5: 974491a3 (big blind) folded before Flop
Seat 6: c6bfb3ab folded before Flop (didn't bet)


Poker Hand #HD1789241558: Hold'em No Limit ($0.05/$0.1) - 2024/05/27 02:18:01
Table 'NLHRed17' 6-max Seat #2 is the button
Seat 1: f54bbb1e ($10.66 in chips)
Seat 2: fc2ef5a ($14.27 in chips)
Seat 3: Hero ($11.89 in chips)
Seat 4: 81c85fe6 ($10.83 in chips)
Seat 5: 974491a3 ($11.43 in chips)
Seat 6: c6bfb3ab ($10.1 in chips)
Hero: posts small blind $0.05
81c85fe6: posts big blind $0.1
*** HOLE CARDS ***
Dealt to f54bbb1e 
Dealt to fc2ef5a 
Dealt to Hero [9s Jc]
Dealt to 81c85fe6 
Dealt to 974491a3 
Dealt to c6bfb3ab 
974491a3: raises $0.2 to $0.3
c6bfb3ab: folds
f54bbb1e: folds
fc2ef5a: folds
Hero: folds
81c85fe6: calls $0.2
*** FLOP *** [6c 3h Kc]
81c85fe6: checks
974491a3: checks
*** TURN *** [6c 3h Kc] [Ad]
81c85fe6: checks
974491a3: bets $0.36
81c85fe6: folds
Uncalled bet ($0.36) returned to 974491a3
*** SHOWDOWN ***
974491a3 collected $0.62 from pot
*** SUMMARY ***
Total pot $0.65 | Rake $0.03 | Jackpot $0 | Bingo $0 | Fortune $0 | Tax $0
Board [6c 3h Kc Ad]
Seat 1: f54bbb1e folded before Flop (didn't bet)
Seat 2: fc2ef5a (button) folded before Flop (didn't bet)
Seat 3: Hero (small blind) folded before Flop
Seat 4: 81c85fe6 (big blind) folded on the Turn
Seat 5: 974491a3 won ($0.62)
Seat 6: c6bfb3ab folded before Flop (didn't bet)


Poker Hand #HD1789241480: Hold'em No Limit ($0.05/$0.1) - 2024/05/27 02:17:15
Table 'NLHRed17' 6-max Seat #1 is the button
Seat 1: f54bbb1e ($10.66 in chips)
Seat 2: fc2ef5a ($15.67 in chips)
Seat 3: Hero ($10.63 in chips)
Seat 4: 81c85fe6 ($10.83 in chips)
Seat 5: 974491a3 ($11.43 in chips)
Seat 6: c6bfb3ab ($10.1 in chips)
fc2ef5a: posts small blind $0.05
Hero: posts big blind $0.1
*** HOLE CARDS ***
Dealt to f54bbb1e 
Dealt to fc2ef5a 
Dealt to Hero [Tc Kc]
Dealt to 81c85fe6 
Dealt to 974491a3 
Dealt to c6bfb3ab 
81c85fe6: folds
974491a3: folds
c6bfb3ab: folds
f54bbb1e: folds
fc2ef5a: raises $0.1 to $0.2
Hero: raises $0.5 to $0.7
fc2ef5a: calls $0.5
*** FLOP *** [9d Qs Ad]
fc2ef5a: bets $0.7
Hero: calls $0.7
*** TURN *** [9d Qs Ad] [6c]
fc2ef5a: checks
Hero: bets $1.9
fc2ef5a: folds
Uncalled bet ($1.9) returned to Hero
*** SHOWDOWN ***
Hero collected $2.66 from pot
*** SUMMARY ***
Total pot $2.8 | Rake $0.14 | Jackpot $0 | Bingo $0 | Fortune $0 | Tax $0
Board [9d Qs Ad 6c]
Seat 1: f54bbb1e (button) folded before Flop (didn't bet)
Seat 2: fc2ef5a (small blind) folded on the Turn
Seat 3: Hero (big blind) won ($2.66)
Seat 4: 81c85fe6 folded before Flop (didn't bet)
Seat 5: 974491a3 folded before Flop (didn't bet)
Seat 6: c6bfb3ab folded before Flop (didn't bet)


Poker Hand #HD1789241449: Hold'em No Limit ($0.05/$0.1) - 2024/05/27 02:16:56
Table 'NLHRed17' 6-max Seat #6 is the button
Seat 1: f54bbb1e ($10.71 in chips)
Seat 2: fc2ef5a ($15.62 in chips)
Seat 3: Hero ($10.63 in chips)
Seat 4: 81c85fe6 ($10.83 in chips)
Seat 5: 974491a3 ($11.43 in chips)
Seat 6: c6bfb3ab ($10.1 in chips)
f54bbb1e: posts small blind $0.05
fc2ef5a: posts big blind $0.1
*** HOLE CARDS ***
Dealt to f54bbb1e 
Dealt to fc2ef5a 
Dealt to Hero [Kd 8s]
Dealt to 81c85fe6 
Dealt to 974491a3 
Dealt to c6bfb3ab 
Hero: folds
81c85fe6: folds
974491a3: folds
c6bfb3ab: folds
f54bbb1e: folds
Uncalled bet ($0.05) returned to fc2ef5a
*** SHOWDOWN ***
fc2ef5a collected $0.1 from pot
*** SUMMARY ***
Total pot $0.1 | Rake $0 | Jackpot $0 | Bingo $0 | Fortune $0 | Tax $0
Seat 1: f54bbb1e (small blind) folded before Flop
Seat 2: fc2ef5a (big blind) collected ($0.1)
Seat 3: Hero folded before Flop (didn't bet)
Seat 4: 81c85fe6 folded before Flop (didn't bet)
Seat 5: 974491a3 folded before Flop (didn't bet)
Seat 6: c6bfb3ab (button) folded before Flop (didn't bet)


Poker Hand #HD1789241422: Hold'em No Limit ($0.05/$0.1) - 2024/05/27 02:16:42
Table 'NLHRed17' 6-max Seat #5 is the button
Seat 1: f54bbb1e ($10.81 in chips)
Seat 2: fc2ef5a ($15.47 in chips)
Seat 3: Hero ($10.63 in chips)
Seat 4: 81c85fe6 ($10.83 in chips)
Seat 5: 974491a3 ($11.43 in chips)
Seat 6: c6bfb3ab ($10.15 in chips)
c6bfb3ab: posts small blind $0.05
f54bbb1e: posts big blind $0.1
*** HOLE CARDS ***
Dealt to f54bbb1e 
Dealt to fc2ef5a 
Dealt to Hero [Js 4d]
Dealt to 81c85fe6 
Dealt to 974491a3 
Dealt to c6bfb3ab 
fc2ef5a: raises $0.1 to $0.2
Hero: folds
81c85fe6: folds
974491a3: folds
c6bfb3ab: folds
f54bbb1e: folds
Uncalled bet ($0.1) returned to fc2ef5a
*** SHOWDOWN ***
fc2ef5a collected $0.25 from pot
*** SUMMARY ***
Total pot $0.25 | Rake $0 | Jackpot $0 | Bingo $0 | Fortune $0 | Tax $0
Seat 1: f54bbb1e (big blind) folded before Flop
Seat 2: fc2ef5a collected ($0.25)
Seat 3: Hero folded before Flop (didn't bet)
Seat 4: 81c85fe6 folded before Flop (didn't bet)
Seat 5: 974491a3 (button) folded before Flop (didn't bet)
Seat 6: c6bfb3ab (small blind) folded before Flop


Poker Hand #HD1789241403: Hold'em No Limit ($0.05/$0.1) - 2024/05/27 02:16:33
Table 'NLHRed17' 6-max Seat #4 is the button
Seat 1: f54bbb1e ($10.81 in chips)
Seat 2: fc2ef5a ($15.47 in chips)
Seat 3: Hero ($10.63 in chips)
Seat 4: 81c85fe6 ($10.83 in chips)
Seat 5: 974491a3 ($11.48 in chips)
Seat 6: c6bfb3ab ($10.1 in chips)
974491a3: posts small blind $0.05
c6bfb3ab: posts big blind $0.1
*** HOLE CARDS ***
Dealt to f54bbb1e 
Dealt to fc2ef5a 
Dealt to Hero [9s 6h]
Dealt to 81c85fe6 
Dealt to 974491a3 
Dealt to c6bfb3ab 
f54bbb1e: folds
fc2ef5a: folds
Hero: folds
81c85fe6: folds
974491a3: folds
Uncalled bet ($0.05) returned to c6bfb3ab
*** SHOWDOWN ***
c6bfb3ab collected $0.1 from pot
*** SUMMARY ***
Total pot $0.1 | Rake $0 | Jackpot $0 | Bingo $0 | Fortune $0 | Tax $0
Seat 1: f54bbb1e folded before Flop (didn't bet)
Seat 2: fc2ef5a folded before Flop (didn't bet)
Seat 3: Hero folded before Flop (didn't bet)
Seat 4: 81c85fe6 (button) folded before Flop (didn't bet)
Seat 5: 974491a3 (small blind) folded before Flop
Seat 6: c6bfb3ab (big blind) collected ($0.1)


Poker Hand #HD1789241348: Hold'em No Limit ($0.05/$0.1) - 2024/05/27 02:16:04
Table 'NLHRed17' 6-max Seat #3 is the button
Seat 1: f54bbb1e ($10.81 in chips)
Seat 2: fc2ef5a ($15.32 in chips)
Seat 3: Hero ($10.63 in chips)
Seat 4: 81c85fe6 ($10.88 in chips)
Seat 5: 974491a3 ($11.58 in chips)
Seat 6: c6bfb3ab ($10.1 in chips)
81c85fe6: posts small blind $0.05
974491a3: posts big blind $0.1
*** HOLE CARDS ***
Dealt to f54bbb1e 
Dealt to fc2ef5a 
Dealt to Hero [Td Ac]
Dealt to 81c85fe6 
Dealt to 974491a3 
Dealt to c6bfb3ab 
c6bfb3ab: folds
f54bbb1e: folds
fc2ef5a: raises $0.1 to $0.2
Hero: folds
81c85fe6: folds
974491a3: folds
Uncalled bet ($0.1) returned to fc2ef5a
*** SHOWDOWN ***
fc2ef5a collected $0.25 from pot
*** SUMMARY ***
Total pot $0.25 | Rake $0 | Jackpot $0 | Bingo $0 | Fortune $0 | Tax $0
Seat 1: f54bbb1e folded before Flop (didn't bet)
Seat 2: fc2ef5a collected ($0.25)
Seat 3: Hero (button) folded before Flop (didn't bet)
Seat 4: 81c85fe6 (small blind) folded before Flop
Seat 5: 974491a3 (big blind) folded before Flop
Seat 6: c6bfb3ab folded before Flop (didn't bet)


Poker Hand #HD1789241322: Hold'em No Limit ($0.05/$0.1) - 2024/05/27 02:15:52
Table 'NLHRed17' 6-max Seat #2 is the button
Seat 1: f54bbb1e ($10.81 in chips)
Seat 2: fc2ef5a ($15.32 in chips)
Seat 3: Hero ($10.68 in chips)
Seat 4: 81c85fe6 ($10.83 in chips)
Seat 5: 974491a3 ($11.58 in chips)
Seat 6: c6bfb3ab ($10.1 in chips)
Hero: posts small blind $0.05
81c85fe6: posts big blind $0.1
*** HOLE CARDS ***
Dealt to f54bbb1e 
Dealt to fc2ef5a 
Dealt to Hero [2c 6h]
Dealt to 81c85fe6 
Dealt to 974491a3 
Dealt to c6bfb3ab 
974491a3: folds
c6bfb3ab: folds
f54bbb1e: folds
fc2ef5a: folds
Hero: folds
Uncalled bet ($0.05) returned to 81c85fe6
*** SHOWDOWN ***
81c85fe6 collected $0.1 from pot
*** SUMMARY ***
Total pot $0.1 | Rake $0 | Jackpot $0 | Bingo $0 | Fortune $0 | Tax $0
Seat 1: f54bbb1e folded before Flop (didn't bet)
Seat 2: fc2ef5a (button) folded before Flop (didn't bet)
Seat 3: Hero (small blind) folded before Flop
Seat 4: 81c85fe6 (big blind) collected ($0.1)
Seat 5: 974491a3 folded before Flop (didn't bet)
Seat 6: c6bfb3ab folded before Flop (didn't bet)


Poker Hand #HD1789241237: Hold'em No Limit ($0.05/$0.1) - 2024/05/27 02:14:54
Table 'NLHRed17' 6-max Seat #1 is the button
Seat 1: f54bbb1e ($10.81 in chips)
Seat 2: fc2ef5a ($15.37 in chips)
Seat 3: Hero ($10.15 in chips)
Seat 4: 81c85fe6 ($11.36 in chips)
Seat 5: 974491a3 ($11.58 in chips)
Seat 6: c6bfb3ab ($10.1 in chips)
fc2ef5a: posts small blind $0.05
Hero: posts big blind $0.1
*** HOLE CARDS ***
Dealt to f54bbb1e 
Dealt to fc2ef5a 
Dealt to Hero [Qc Kc]
Dealt to 81c85fe6 
Dealt to 974491a3 
Dealt to c6bfb3ab 
81c85fe6: raises $0.15 to $0.25
974491a3: folds
c6bfb3ab: folds
f54bbb1e: folds
fc2ef5a: folds
Hero: calls $0.15
*** FLOP *** [5c 8d 9h]
Hero: checks
81c85fe6: bets $0.28
Hero: raises $0.62 to $0.9
81c85fe6: folds
Uncalled bet ($0.62) returned to Hero
*** SHOWDOWN ***
Hero collected $1.06 from pot
*** SUMMARY ***
Total pot $1.11 | Rake $0.05 | Jackpot $0 | Bingo $0 | Fortune $0 | Tax $0
Board [5c 8d 9h]
Seat 1: f54bbb1e (button) folded before Flop (didn't bet)
Seat 2: fc2ef5a (small blind) folded before Flop
Seat 3: Hero (big blind) won ($1.06)
Seat 4: 81c85fe6 folded on the Flop
Seat 5: 974491a3 folded before Flop (didn't bet)
Seat 6: c6bfb3ab folded before Flop (didn't bet)


Poker Hand #HD1789241199: Hold'em No Limit ($0.05/$0.1) - 2024/05/27 02:14:30
Table 'NLHRed17' 6-max Seat #6 is the button
Seat 1: f54bbb1e ($10.86 in chips)
Seat 2: fc2ef5a ($15.47 in chips)
Seat 3: Hero ($10 in chips)
Seat 4: 81c85fe6 ($11.36 in chips)
Seat 5: 974491a3 ($11.58 in chips)
Seat 6: c6bfb3ab ($10.1 in chips)
f54bbb1e: posts small blind $0.05
fc2ef5a: posts big blind $0.1
*** HOLE CARDS ***
Dealt to f54bbb1e 
Dealt to fc2ef5a 
Dealt to Hero [Tc Ad]
Dealt to 81c85fe6 
Dealt to 974491a3 
Dealt to c6bfb3ab 
Hero: raises $0.1 to $0.2
81c85fe6: folds
974491a3: folds
c6bfb3ab: folds
f54bbb1e: folds
fc2ef5a: folds
Uncalled bet ($0.1) returned to Hero
*** SHOWDOWN ***
Hero collected $0.25 from pot
*** SUMMARY ***
Total pot $0.25 | Rake $0 | Jackpot $0 | Bingo $0 | Fortune $0 | Tax $0
Seat 1: f54bbb1e (small blind) folded before Flop
Seat 2: fc2ef5a (big blind) folded before Flop
Seat 3: Hero collected ($0.25)
Seat 4: 81c85fe6 folded before Flop (didn't bet)
Seat 5: 974491a3 folded before Flop (didn't bet)
Seat 6: c6bfb3ab (button) folded before Flop (didn't bet)


Poker Hand #HD1789241168: Hold'em No Limit ($0.05/$0.1) - 2024/05/27 02:14:10
Table 'NLHRed17' 6-max Seat #5 is the button
Seat 1: f54bbb1e ($10.96 in chips)
Seat 2: fc2ef5a ($15.47 in chips)
Seat 3: Hero ($10 in chips)
Seat 4: 81c85fe6 ($11.36 in chips)
Seat 5: 974491a3 ($11.58 in chips)
Seat 6: c6bfb3ab ($10 in chips)
c6bfb3ab: posts small blind $0.05
f54bbb1e: posts big blind $0.1
*** HOLE CARDS ***
Dealt to f54bbb1e 
Dealt to fc2ef5a 
Dealt to Hero [4h 5c]
Dealt to 81c85fe6 
Dealt to 974491a3 
Dealt to c6bfb3ab 
fc2ef5a: folds
Hero: folds
81c85fe6: folds
974491a3: folds
c6bfb3ab: raises $0.2 to $0.3
f54bbb1e: folds
Uncalled bet ($0.2) returned to c6bfb3ab
*** SHOWDOWN ***
c6bfb3ab collected $0.2 from pot
*** SUMMARY ***
Total pot $0.2 | Rake $0 | Jackpot $0 | Bingo $0 | Fortune $0 | Tax $0
Seat 1: f54bbb1e (big blind) folded before Flop
Seat 2: fc2ef5a folded before Flop (didn't bet)
Seat 3: Hero folded before Flop (didn't bet)
Seat 4: 81c85fe6 folded before Flop (didn't bet)
Seat 5: 974491a3 (button) folded before Flop (didn't bet)
Seat 6: c6bfb3ab (small blind) collected ($0.2)


Poker Hand #HD1789241073: Hold'em No Limit ($0.05/$0.1) - 2024/05/27 02:13:19
Table 'NLHRed17' 6-max Seat #4 is the button
Seat 1: f54bbb1e ($10 in chips)
Seat 2: fc2ef5a ($15.47 in chips)
Seat 3: Hero ($10 in chips)
Seat 4: 81c85fe6 ($11.36 in chips)
Seat 5: 974491a3 ($11.63 in chips)
Seat 6: c6bfb3ab ($10.07 in chips)
974491a3: posts small blind $0.05
c6bfb3ab: posts big blind $0.1
*** HOLE CARDS ***
Dealt to f54bbb1e 
Dealt to fc2ef5a 
Dealt to Hero [Qc Ad]
Dealt to 81c85fe6 
Dealt to 974491a3 
Dealt to c6bfb3ab 
f54bbb1e: raises $0.2 to $0.3
fc2ef5a: folds
Hero: raises $0.6 to $0.9
81c85fe6: folds
974491a3: folds
c6bfb3ab: folds
f54bbb1e: calls $0.6
*** FLOP *** [3c 9h 2c]
f54bbb1e: checks
Hero: checks
*** TURN *** [3c 9h 2c] [Th]
f54bbb1e: bets $0.65
Hero: folds
Uncalled bet ($0.65) returned to f54bbb1e
*** SHOWDOWN ***
f54bbb1e collected $1.86 from pot
*** SUMMARY ***
Total pot $1.95 | Rake $0.09 | Jackpot $0 | Bingo $0 | Fortune $0 | Tax $0
Board [3c 9h 2c Th]
Seat 1: f54bbb1e won ($1.86)
Seat 2: fc2ef5a folded before Flop (didn't bet)
Seat 3: Hero folded on the Turn
Seat 4: 81c85fe6 (button) folded before Flop (didn't bet)
Seat 5: 974491a3 (small blind) folded before Flop
Seat 6: c6bfb3ab (big blind) folded before Flop


Poker Hand #HD1789241049: Hold'em No Limit ($0.05/$0.1) - 2024/05/27 02:13:07
Table 'NLHRed17' 6-max Seat #3 is the button
Seat 1: f54bbb1e ($10 in chips)
Seat 2: fc2ef5a ($15.47 in chips)
Seat 3: Hero ($10 in chips)
Seat 4: 81c85fe6 ($11.41 in chips)
Seat 5: 974491a3 ($11.58 in chips)
Seat 6: c6bfb3ab ($10.07 in chips)
81c85fe6: posts small blind $0.05
974491a3: posts big blind $0.1
*** HOLE CARDS ***
Dealt to f54bbb1e 
Dealt to fc2ef5a 
Dealt to Hero [Qs 2c]
Dealt to 81c85fe6 
Dealt to 974491a3 
Dealt to c6bfb3ab 
c6bfb3ab: folds
f54bbb1e: folds
fc2ef5a: folds
Hero: folds
81c85fe6: folds
Uncalled bet ($0.05) returned to 974491a3
*** SHOWDOWN ***
974491a3 collected $0.1 from pot
*** SUMMARY ***
Total pot $0.1 | Rake $0 | Jackpot $0 | Bingo $0 | Fortune $0 | Tax $0
Seat 1: f54bbb1e folded before Flop (didn't bet)
Seat 2: fc2ef5a folded before Flop (didn't bet)
Seat 3: Hero (button) folded before Flop (didn't bet)
Seat 4: 81c85fe6 (small blind) folded before Flop
Seat 5: 974491a3 (big blind) collected ($0.1)
Seat 6: c6bfb3ab folded before Flop (didn't bet)


Poker Hand #HD1789240989: Hold'em No Limit ($0.05/$0.1) - 2024/05/27 02:12:31
Table 'NLHRed17' 6-max Seat #2 is the button
Seat 1: f54bbb1e ($10.1 in chips)
Seat 2: fc2ef5a ($15.47 in chips)
Seat 3: Hero ($10 in chips)
Seat 4: 81c85fe6 ($11.09 in chips)
Seat 5: 974491a3 ($11.58 in chips)
Seat 6: c6bfb3ab ($10.07 in chips)
Hero: posts small blind $0.05
81c85fe6: posts big blind $0.1
*** HOLE CARDS ***
Dealt to f54bbb1e 
Dealt to fc2ef5a 
Dealt to Hero [3s Jc]
Dealt to 81c85fe6 
Dealt to 974491a3 
Dealt to c6bfb3ab 
974491a3: folds
c6bfb3ab: folds
f54bbb1e: raises $0.2 to $0.3
fc2ef5a: folds
Hero: folds
81c85fe6: raises $0.8 to $1.1
f54bbb1e: folds
Uncalled bet ($0.8) returned to 81c85fe6
*** SHOWDOWN ***
81c85fe6 collected $0.62 from pot
*** SUMMARY ***
Total pot $0.65 | Rake $0.03 | Jackpot $0 | Bingo $0 | Fortune $0 | Tax $0
Seat 1: f54bbb1e folded before Flop
Seat 2: fc2ef5a (button) folded before Flop (didn't bet)
Seat 3: Hero (small blind) folded before Flop
Seat 4: 81c85fe6 (big blind) collected ($0.62)
Seat 5: 974491a3 folded before Flop (didn't bet)
Seat 6: c6bfb3ab folded before Flop (didn't bet)


Poker Hand #HD1789240961: Hold'em No Limit ($0.05/$0.1) - 2024/05/27 02:12:16
Table 'NLHRed17' 6-max Seat #1 is the button
Seat 1: f54bbb1e ($10.1 in chips)
Seat 2: fc2ef5a ($15.37 in chips)
Seat 3: Hero ($10 in chips)
Seat 4: 81c85fe6 ($11.09 in chips)
Seat 5: 974491a3 ($11.58 in chips)
Seat 6: c6bfb3ab ($10.07 in chips)
fc2ef5a: posts small blind $0.05
Hero: posts big blind $0.1
*** HOLE CARDS ***
Dealt to f54bbb1e 
Dealt to fc2ef5a 
Dealt to Hero [2s 7s]
Dealt to 81c85fe6 
Dealt to 974491a3 
Dealt to c6bfb3ab 
81c85fe6: folds
974491a3: folds
c6bfb3ab: folds
f54bbb1e: folds
fc2ef5a: raises $0.1 to $0.2
Hero: folds
Uncalled bet ($0.1) returned to fc2ef5a
*** SHOWDOWN ***
fc2ef5a collected $0.2 from pot
*** SUMMARY ***
Total pot $0.2 | Rake $0 | Jackpot $0 | Bingo $0 | Fortune $0 | Tax $0
Seat 1: f54bbb1e (button) folded before Flop (didn't bet)
Seat 2: fc2ef5a (small blind) collected ($0.2)
Seat 3: Hero (big blind) folded before Flop
Seat 4: 81c85fe6 folded before Flop (didn't bet)
Seat 5: 974491a3 folded before Flop (didn't bet)
Seat 6: c6bfb3ab folded before Flop (didn't bet)


Poker Hand #HD1789240920: Hold'em No Limit ($0.05/$0.1) - 2024/05/27 02:11:55
Table 'NLHRed17' 6-max Seat #6 is the button
Seat 1: f54bbb1e ($10 in chips)
Seat 2: fc2ef5a ($15.47 in chips)
Seat 3: Hero ($10 in chips)
Seat 4: 81c85fe6 ($11.09 in chips)
Seat 5: 974491a3 ($11.58 in chips)
Seat 6: c6bfb3ab ($10.07 in chips)
f54bbb1e: posts small blind $0.05
fc2ef5a: posts big blind $0.1
*** HOLE CARDS ***
Dealt to f54bbb1e 
Dealt to fc2ef5a 
Dealt to Hero [3c Ac]
Dealt to 81c85fe6 
Dealt to 974491a3 
Dealt to c6bfb3ab 
Hero: folds
81c85fe6: folds
974491a3: folds
c6bfb3ab: folds
f54bbb1e: raises $0.2 to $0.3
fc2ef5a: folds
Uncalled bet ($0.2) returned to f54bbb1e
*** SHOWDOWN ***
f54bbb1e collected $0.2 from pot
*** SUMMARY ***
Total pot $0.2 | Rake $0 | Jackpot $0 | Bingo $0 | Fortune $0 | Tax $0
Seat 1: f54bbb1e (small blind) collected ($0.2)
Seat 2: fc2ef5a (big blind) folded before Flop
Seat 3: Hero folded before Flop (didn't bet)
Seat 4: 81c85fe6 folded before Flop (didn't bet)
Seat 5: 974491a3 folded before Flop (didn't bet)
Seat 6: c6bfb3ab (button) folded before Flop (didn't bet)


Poker Hand #HD1789240890: Hold'em No Limit ($0.05/$0.1) - 2024/05/27 02:11:38
Table 'NLHRed17' 6-max Seat #5 is the button
Seat 1: f54bbb1e ($10 in chips)
Seat 2: fc2ef5a ($15.32 in chips)
Seat 3: Hero ($10 in chips)
Seat 4: 81c85fe6 ($11.09 in chips)
Seat 5: 974491a3 ($11.58 in chips)
Seat 6: c6bfb3ab ($10.12 in chips)
c6bfb3ab: posts small blind $0.05
f54bbb1e: posts big blind $0.1
*** HOLE CARDS ***
Dealt to f54bbb1e 
Dealt to fc2ef5a 
Dealt to Hero [4d 9h]
Dealt to 81c85fe6 
Dealt to 974491a3 
Dealt to c6bfb3ab 
fc2ef5a: raises $0.2 to $0.3
Hero: folds
81c85fe6: folds
974491a3: folds
c6bfb3ab: folds
f54bbb1e: folds
Uncalled bet ($0.2) returned to fc2ef5a
*** SHOWDOWN ***
fc2ef5a collected $0.25 from pot
*** SUMMARY ***
Total pot $0.25 | Rake $0 | Jackpot $0 | Bingo $0 | Fortune $0 | Tax $0
Seat 1: f54bbb1e (big blind) folded before Flop
Seat 2: fc2ef5a collected ($0.25)
Seat 3: Hero folded before Flop (didn't bet)
Seat 4: 81c85fe6 folded before Flop (didn't bet)
Seat 5: 974491a3 (button) folded before Flop (didn't bet)
Seat 6: c6bfb3ab (small blind) folded before Flop


Poker Hand #HD1789240798: Hold'em No Limit ($0.05/$0.1) - 2024/05/27 02:10:46
Table 'NLHRed17' 6-max Seat #4 is the button
Seat 1: f54bbb1e ($10 in chips)
Seat 2: fc2ef5a ($15.32 in chips)
Seat 3: Hero ($10 in chips)
Seat 4: 81c85fe6 ($10.81 in chips)
Seat 5: 974491a3 ($11.63 in chips)
Seat 6: c6bfb3ab ($10.37 in chips)
974491a3: posts small blind $0.05
c6bfb3ab: posts big blind $0.1
*** HOLE CARDS ***
Dealt to f54bbb1e 
Dealt to fc2ef5a 
Dealt to Hero [2s 8d]
Dealt to 81c85fe6 
Dealt to 974491a3 
Dealt to c6bfb3ab 
f54bbb1e: folds
fc2ef5a: folds
Hero: folds
81c85fe6: raises $0.15 to $0.25
974491a3: folds
c6bfb3ab: calls $0.15
*** FLOP *** [Kh 5d 8s]
c6bfb3ab: checks
81c85fe6: bets $0.28
c6bfb3ab: folds
Uncalled bet ($0.28) returned to 81c85fe6
*** SHOWDOWN ***
81c85fe6 collected $0.53 from pot
*** SUMMARY ***
Total pot $0.55 | Rake $0.02 | Jackpot $0 | Bingo $0 | Fortune $0 | Tax $0
Board [Kh 5d 8s]
Seat 1: f54bbb1e folded before Flop (didn't bet)
Seat 2: fc2ef5a folded before Flop (didn't bet)
Seat 3: Hero folded before Flop (didn't bet)
Seat 4: 81c85fe6 (button) won ($0.53)
Seat 5: 974491a3 (small blind) folded before Flop
Seat 6: c6bfb3ab (big blind) folded on the Flop


Poker Hand #HD1789240723: Hold'em No Limit ($0.05/$0.1) - 2024/05/27 02:10:02
Table 'NLHRed17' 6-max Seat #3 is the button
Seat 1: f54bbb1e ($10.3 in chips)
Seat 2: fc2ef5a ($13.94 in chips)
Seat 3: Hero ($10 in chips)
Seat 4: 81c85fe6 ($10.86 in chips)
Seat 5: 974491a3 ($11.73 in chips)
Seat 6: c6bfb3ab ($10.37 in chips)
81c85fe6: posts small blind $0.05
974491a3: posts big blind $0.1
*** HOLE CARDS ***
Dealt to f54bbb1e 
Dealt to fc2ef5a 
Dealt to Hero [9h Ad]
Dealt to 81c85fe6 
Dealt to 974491a3 
Dealt to c6bfb3ab 
c6bfb3ab: folds
f54bbb1e: raises $0.2 to $0.3
fc2ef5a: raises $0.2 to $0.5
Hero: folds
81c85fe6: folds
974491a3: folds
f54bbb1e: calls $0.2
*** FLOP *** [As Td 7s]
f54bbb1e: checks
fc2ef5a: bets $0.87
f54bbb1e: calls $0.87
*** TURN *** [As Td 7s] [Jc]
f54bbb1e: checks
fc2ef5a: bets $2.17
f54bbb1e: folds
Uncalled bet ($2.17) returned to fc2ef5a
*** SHOWDOWN ***
fc2ef5a collected $2.75 from pot
*** SUMMARY ***
Total pot $2.89 | Rake $0.14 | Jackpot $0 | Bingo $0 | Fortune $0 | Tax $0
Board [As Td 7s Jc]
Seat 1: f54bbb1e folded on the Turn
Seat 2: fc2ef5a won ($2.75)
Seat 3: Hero (button) folded before Flop (didn't bet)
Seat 4: 81c85fe6 (small blind) folded before Flop
Seat 5: 974491a3 (big blind) folded before Flop
Seat 6: c6bfb3ab folded before Flop (didn't bet)


Poker Hand #HD1789240693: Hold'em No Limit ($0.05/$0.1) - 2024/05/27 02:09:44
Table 'NLHRed17' 6-max Seat #2 is the button
Seat 1: f54bbb1e ($10.15 in chips)
Seat 2: fc2ef5a ($13.94 in chips)
Seat 3: Hero ($10 in chips)
Seat 4: 81c85fe6 ($10.96 in chips)
Seat 5: 974491a3 ($11.73 in chips)
Seat 6: c6bfb3ab ($10.37 in chips)
Hero: posts small blind $0.05
81c85fe6: posts big blind $0.1
*** HOLE CARDS ***
Dealt to f54bbb1e 
Dealt to fc2ef5a 
Dealt to Hero [2d 7s]
Dealt to 81c85fe6 
Dealt to 974491a3 
Dealt to c6bfb3ab 
974491a3: folds
c6bfb3ab: folds
f54bbb1e: raises $0.2 to $0.3
fc2ef5a: folds
Hero: folds
81c85fe6: folds
Uncalled bet ($0.2) returned to f54bbb1e
*** SHOWDOWN ***
f54bbb1e collected $0.25 from pot
*** SUMMARY ***
Total pot $0.25 | Rake $0 | Jackpot $0 | Bingo $0 | Fortune $0 | Tax $0
Seat 1: f54bbb1e collected ($0.25)
Seat 2: fc2ef5a (button) folded before Flop (didn't bet)
Seat 3: Hero (small blind) folded before Flop
Seat 4: 81c85fe6 (big blind) folded before Flop
Seat 5: 974491a3 folded before Flop (didn't bet)
Seat 6: c6bfb3ab folded before Flop (didn't bet)


Poker Hand #HD1789240657: Hold'em No Limit ($0.05/$0.1) - 2024/05/27 02:09:28
Table 'NLHRed17' 6-max Seat #1 is the button
Seat 1: f54bbb1e ($10 in chips)
Seat 2: fc2ef5a ($13.99 in chips)
Seat 3: Hero ($10 in chips)
Seat 4: 81c85fe6 ($10.96 in chips)
Seat 5: 974491a3 ($11.73 in chips)
Seat 6: c6bfb3ab ($10.37 in chips)
fc2ef5a: posts small blind $0.05
Hero: posts big blind $0.1
*** HOLE CARDS ***
Dealt to f54bbb1e 
Dealt to fc2ef5a 
Dealt to Hero [Qd 5h]
Dealt to 81c85fe6 
Dealt to 974491a3 
Dealt to c6bfb3ab 
81c85fe6: folds
974491a3: folds
c6bfb3ab: folds
f54bbb1e: raises $0.15 to $0.25
fc2ef5a: folds
Hero: folds
Uncalled bet ($0.15) returned to f54bbb1e
*** SHOWDOWN ***
f54bbb1e collected $0.25 from pot
*** SUMMARY ***
Total pot $0.25 | Rake $0 | Jackpot $0 | Bingo $0 | Fortune $0 | Tax $0
Seat 1: f54bbb1e (button) collected ($0.25)
Seat 2: fc2ef5a (small blind) folded before Flop
Seat 3: Hero (big blind) folded before Flop
Seat 4: 81c85fe6 folded before Flop (didn't bet)
Seat 5: 974491a3 folded before Flop (didn't bet)
Seat 6: c6bfb3ab folded before Flop (didn't bet)


Poker Hand #HD1789240626: Hold'em No Limit ($0.05/$0.1) - 2024/05/27 02:09:10
Table 'NLHRed17' 6-max Seat #6 is the button
Seat 1: f54bbb1e ($10 in chips)
Seat 2: fc2ef5a ($14.09 in chips)
Seat 3: Hero ($10 in chips)
Seat 4: 81c85fe6 ($10.96 in chips)
Seat 5: 974491a3 ($11.58 in chips)
Seat 6: c6bfb3ab ($10.37 in chips)
f54bbb1e: posts small blind $0.05
fc2ef5a: posts big blind $0.1
*** HOLE CARDS ***
Dealt to f54bbb1e 
Dealt to fc2ef5a 
Dealt to Hero [Kh 9s]
Dealt to 81c85fe6 
Dealt to 974491a3 
Dealt to c6bfb3ab 
Hero: folds
81c85fe6: folds
974491a3: raises $0.2 to $0.3
c6bfb3ab: folds
f54bbb1e: folds
fc2ef5a: folds
Uncalled bet ($0.2) returned to 974491a3
*** SHOWDOWN ***
974491a3 collected $0.25 from pot
*** SUMMARY ***
Total pot $0.25 | Rake $0 | Jackpot $0 | Bingo $0 | Fortune $0 | Tax $0
Seat 1: f54bbb1e (small blind) folded before Flop
Seat 2: fc2ef5a (big blind) folded before Flop
Seat 3: Hero folded before Flop (didn't bet)
Seat 4: 81c85fe6 folded before Flop (didn't bet)
Seat 5: 974491a3 collected ($0.25)
Seat 6: c6bfb3ab (button) folded before Flop (didn't bet)


Poker Hand #HD1789240600: Hold'em No Limit ($0.05/$0.1) - 2024/05/27 02:08:52
Table 'NLHRed17' 6-max Seat #5 is the button
Seat 1: f54bbb1e ($10 in chips)
Seat 2: fc2ef5a ($14.09 in chips)
Seat 3: Hero ($10 in chips)
Seat 4: 81c85fe6 ($10.96 in chips)
Seat 5: 974491a3 ($11.58 in chips)
Seat 6: c6bfb3ab ($10.27 in chips)
c6bfb3ab: posts small blind $0.05
f54bbb1e: posts big blind $0.1
*** HOLE CARDS ***
Dealt to f54bbb1e 
Dealt to fc2ef5a 
Dealt to Hero [Ks 5d]
Dealt to 81c85fe6 
Dealt to 974491a3 
Dealt to c6bfb3ab 
fc2ef5a: folds
Hero: folds
81c85fe6: folds
974491a3: folds
c6bfb3ab: raises $0.2 to $0.3
f54bbb1e: folds
Uncalled bet ($0.2) returned to c6bfb3ab
*** SHOWDOWN ***
c6bfb3ab collected $0.2 from pot
*** SUMMARY ***
Total pot $0.2 | Rake $0 | Jackpot $0 | Bingo $0 | Fortune $0 | Tax $0
Seat 1: f54bbb1e (big blind) folded before Flop
Seat 2: fc2ef5a folded before Flop (didn't bet)
Seat 3: Hero folded before Flop (didn't bet)
Seat 4: 81c85fe6 folded before Flop (didn't bet)
Seat 5: 974491a3 (button) folded before Flop (didn't bet)
Seat 6: c6bfb3ab (small blind) collected ($0.2)


Poker Hand #HD1789240543: Hold'em No Limit ($0.05/$0.1) - 2024/05/27 02:08:24
Table 'NLHRed17' 6-max Seat #4 is the button
Seat 1: f54bbb1e ($10 in chips)
Seat 2: fc2ef5a ($14.09 in chips)
Seat 3: Hero ($10 in chips)
Seat 4: 81c85fe6 ($10.96 in chips)
Seat 5: 974491a3 ($11.88 in chips)
Seat 6: c6bfb3ab ($10 in chips)
974491a3: posts small blind $0.05
c6bfb3ab: posts big blind $0.1
*** HOLE CARDS ***
Dealt to f54bbb1e 
Dealt to fc2ef5a 
Dealt to Hero [2s 2d]
Dealt to 81c85fe6 
Dealt to 974491a3 
Dealt to c6bfb3ab 
f54bbb1e: folds
fc2ef5a: folds
Hero: folds
81c85fe6: folds
974491a3: raises $0.2 to $0.3
c6bfb3ab: raises $0.6 to $0.9
974491a3: folds
Uncalled bet ($0.6) returned to c6bfb3ab
*** SHOWDOWN ***
c6bfb3ab collected $0.57 from pot
*** SUMMARY ***
Total pot $0.6 | Rake $0.03 | Jackpot $0 | Bingo $0 | Fortune $0 | Tax $0
Seat 1: f54bbb1e folded before Flop (didn't bet)
Seat 2: fc2ef5a folded before Flop (didn't bet)
Seat 3: Hero folded before Flop (didn't bet)
Seat 4: 81c85fe6 (button) folded before Flop (didn't bet)
Seat 5: 974491a3 (small blind) folded before Flop
Seat 6: c6bfb3ab (big blind) collected ($0.57)


Poker Hand #HD1789240476: Hold'em No Limit ($0.05/$0.1) - 2024/05/27 02:07:46
Table 'NLHRed17' 6-max Seat #3 is the button
Seat 1: f54bbb1e ($10 in chips)
Seat 2: fc2ef5a ($14.09 in chips)
Seat 3: Hero ($10 in chips)
Seat 4: 81c85fe6 ($10.69 in chips)
Seat 5: 974491a3 ($12.18 in chips)
Seat 6: c6bfb3ab ($10 in chips)
81c85fe6: posts small blind $0.05
974491a3: posts big blind $0.1
*** HOLE CARDS ***
Dealt to f54bbb1e 
Dealt to fc2ef5a 
Dealt to Hero [3c Qc]
Dealt to 81c85fe6 
Dealt to 974491a3 
Dealt to c6bfb3ab 
c6bfb3ab: folds
f54bbb1e: folds
fc2ef5a: folds
Hero: folds
81c85fe6: raises $0.2 to $0.3
974491a3: calls $0.2
*** FLOP *** [8c Js 5c]
81c85fe6: bets $0.15
974491a3: folds
Uncalled bet ($0.15) returned to 81c85fe6
*** SHOWDOWN ***
81c85fe6 collected $0.57 from pot
*** SUMMARY ***
Total pot $0.6 | Rake $0.03 | Jackpot $0 | Bingo $0 | Fortune $0 | Tax $0
Board [8c Js 5c]
Seat 1: f54bbb1e folded before Flop (didn't bet)
Seat 2: fc2ef5a folded before Flop (didn't bet)
Seat 3: Hero (button) folded before Flop (didn't bet)
Seat 4: 81c85fe6 (small blind) won ($0.57)
Seat 5: 974491a3 (big blind) folded on the Flop
Seat 6: c6bfb3ab folded before Flop (didn't bet)


Poker Hand #HD1789240456: Hold'em No Limit ($0.05/$0.1) - 2024/05/27 02:07:34
Table 'NLHRed17' 6-max Seat #2 is the button
Seat 1: f54bbb1e ($10 in chips)
Seat 2: fc2ef5a ($14.09 in chips)
Seat 3: Hero ($10 in chips)
Seat 4: 81c85fe6 ($10.64 in chips)
Seat 5: 974491a3 ($12.18 in chips)
Seat 6: c6bfb3ab ($10 in chips)
Hero: posts small blind $0.05
81c85fe6: posts big blind $0.1
*** HOLE CARDS ***
Dealt to f54bbb1e 
Dealt to fc2ef5a 
Dealt to Hero [5h 2h]
Dealt to 81c85fe6 
Dealt to 974491a3 
Dealt to c6bfb3ab 
974491a3: folds
c6bfb3ab: folds
f54bbb1e: folds
fc2ef5a: folds
Hero: folds
Uncalled bet ($0.05) returned to 81c85fe6
*** SHOWDOWN ***
81c85fe6 collected $0.1 from pot
*** SUMMARY ***
Total pot $0.1 | Rake $0 | Jackpot $0 | Bingo $0 | Fortune $0 | Tax $0
Seat 1: f54bbb1e folded before Flop (didn't bet)
Seat 2: fc2ef5a (button) folded before Flop (didn't bet)
Seat 3: Hero (small blind) folded before Flop
Seat 4: 81c85fe6 (big blind) collected ($0.1)
Seat 5: 974491a3 folded before Flop (didn't bet)
Seat 6: c6bfb3ab folded before Flop (didn't bet)


Poker Hand #HD1789240412: Hold'em No Limit ($0.05/$0.1) - 2024/05/27 02:07:08
Table 'NLHRed17' 6-max Seat #1 is the button
Seat 1: f54bbb1e ($10 in chips)
Seat 2: fc2ef5a ($13.99 in chips)
Seat 3: Hero ($10 in chips)
Seat 4: 81c85fe6 ($10.64 in chips)
Seat 5: 974491a3 ($12.18 in chips)
Seat 6: c6bfb3ab ($10 in chips)
fc2ef5a: posts small blind $0.05
Hero: posts big blind $0.1
*** HOLE CARDS ***
Dealt to f54bbb1e 
Dealt to fc2ef5a 
Dealt to Hero [2d 2s]
Dealt to 81c85fe6 
Dealt to 974491a3 
Dealt to c6bfb3ab 
81c85fe6: folds
974491a3: folds
c6bfb3ab: folds
f54bbb1e: folds
fc2ef5a: raises $0.1 to $0.2
Hero: folds
Uncalled bet ($0.1) returned to fc2ef5a
*** SHOWDOWN ***
fc2ef5a collected $0.2 from pot
*** SUMMARY ***
Total pot $0.2 | Rake $0 | Jackpot $0 | Bingo $0 | Fortune $0 | Tax $0
Seat 1: f54bbb1e (button) folded before Flop (didn't bet)
Seat 2: fc2ef5a (small blind) collected ($0.2)
Seat 3: Hero (big blind) folded before Flop
Seat 4: 81c85fe6 folded before Flop (didn't bet)
Seat 5: 974491a3 folded before Flop (didn't bet)
Seat 6: c6bfb3ab folded before Flop (didn't bet)


Poker Hand #HD1789240376: Hold'em No Limit ($0.05/$0.1) - 2024/05/27 02:06:51
Table 'NLHRed17' 6-max Seat #6 is the button
Seat 1: f54bbb1e ($10 in chips)
Seat 2: fc2ef5a ($14.09 in chips)
Seat 3: Hero ($10 in chips)
Seat 4: 81c85fe6 ($10.64 in chips)
Seat 5: 974491a3 ($12.03 in chips)
Seat 6: c6bfb3ab ($10 in chips)
f54bbb1e: posts small blind $0.05
fc2ef5a: posts big blind $0.1
*** HOLE CARDS ***
Dealt to f54bbb1e 
Dealt to fc2ef5a 
Dealt to Hero [8c Qh]
Dealt to 81c85fe6 
Dealt to 974491a3 
Dealt to c6bfb3ab 
Hero: folds
81c85fe6: folds
974491a3: raises $0.15 to $0.25
c6bfb3ab: folds
f54bbb1e: folds
fc2ef5a: folds
Uncalled bet ($0.15) returned to 974491a3
*** SHOWDOWN ***
974491a3 collected $0.25 from pot
*** SUMMARY ***
Total pot $0.25 | Rake $0 | Jackpot $0 | Bingo $0 | Fortune $0 | Tax $0
Seat 1: f54bbb1e (small blind) folded before Flop
Seat 2: fc2ef5a (big blind) folded before Flop
Seat 3: Hero folded before Flop (didn't bet)
Seat 4: 81c85fe6 folded before Flop (didn't bet)
Seat 5: 974491a3 collected ($0.25)
Seat 6: c6bfb3ab (button) folded before Flop (didn't bet)


Poker Hand #HD1789240327: Hold'em No Limit ($0.05/$0.1) - 2024/05/27 02:06:18
Table 'NLHRed17' 6-max Seat #5 is the button
Seat 1: f54bbb1e ($10 in chips)
Seat 2: fc2ef5a ($14.09 in chips)
Seat 3: Hero ($10 in chips)
Seat 4: 81c85fe6 ($10.49 in chips)
Seat 5: 974491a3 ($12.03 in chips)
Seat 6: c6bfb3ab ($10 in chips)
c6bfb3ab: posts small blind $0.05
f54bbb1e: posts big blind $0.1
*** HOLE CARDS ***
Dealt to f54bbb1e 
Dealt to fc2ef5a 
Dealt to Hero [3c Kd]
Dealt to 81c85fe6 
Dealt to 974491a3 
Dealt to c6bfb3ab 
fc2ef5a: folds
Hero: folds
81c85fe6: raises $0.15 to $0.25
974491a3: folds
c6bfb3ab: folds
f54bbb1e: folds
Uncalled bet ($0.15) returned to 81c85fe6
*** SHOWDOWN ***
81c85fe6 collected $0.25 from pot
*** SUMMARY ***
Total pot $0.25 | Rake $0 | Jackpot $0 | Bingo $0 | Fortune $0 | Tax $0
Seat 1: f54bbb1e (big blind) folded before Flop
Seat 2: fc2ef5a folded before Flop (didn't bet)
Seat 3: Hero folded before Flop (didn't bet)
Seat 4: 81c85fe6 collected ($0.25)
Seat 5: 974491a3 (button) folded before Flop (didn't bet)
Seat 6: c6bfb3ab (small blind) folded before Flop


Poker Hand #HD1789240195: Hold'em No Limit ($0.05/$0.1) - 2024/05/27 02:05:06
Table 'NLHRed17' 6-max Seat #4 is the button
Seat 1: 1f6f9230 ($16.07 in chips)
Seat 2: fc2ef5a ($8.02 in chips)
Seat 3: Hero ($11.23 in chips)
Seat 4: 81c85fe6 ($10.49 in chips)
Seat 5: 974491a3 ($12.08 in chips)
Seat 6: c6bfb3ab ($10 in chips)
974491a3: posts small blind $0.05
c6bfb3ab: posts big blind $0.1
*** HOLE CARDS ***
Dealt to 1f6f9230 
Dealt to fc2ef5a 
Dealt to Hero [Kh Ac]
Dealt to 81c85fe6 
Dealt to 974491a3 
Dealt to c6bfb3ab 
1f6f9230: folds
fc2ef5a: raises $0.3 to $0.4
Hero: raises $0.8 to $1.2
81c85fe6: folds
974491a3: folds
c6bfb3ab: folds
fc2ef5a: raises $6.82 to $8.02 and is all-in
Hero: calls $6.82
fc2ef5a: shows [Ks Kc]
Hero: shows [Kh Ac]
*** FLOP *** [Qc 8s 2h]
*** TURN *** [Qc 8s 2h] [8h]
fc2ef5a: Chooses to EV Cashout 
*** RIVER *** [Qc 8s 2h 8h] [9s]
fc2ef5a: Pays Cashout Risk ($1.2)
*** SHOWDOWN ***
fc2ef5a collected $15.29 from pot
*** SUMMARY ***
Total pot $16.19 | Rake $0.8 | Jackpot $0.1 | Bingo $0 | Fortune $0 | Tax $0
Board [Qc 8s 2h 8h 9s]
Seat 1: 1f6f9230 folded before Flop (didn't bet)
Seat 2: fc2ef5a showed [Ks Kc] and won ($15.29) with Pair of Kings and Pair of Eights, Cashout Risk ($1.2)
Seat 3: Hero showed [Kh Ac] and lost with Pair of Eights
Seat 4: 81c85fe6 (button) folded before Flop (didn't bet)
Seat 5: 974491a3 (small blind) folded before Flop
Seat 6: c6bfb3ab (big blind) folded before Flop


Poker Hand #HD1789240111: Hold'em No Limit ($0.05/$0.1) - 2024/05/27 02:04:21
Table 'NLHRed17' 6-max Seat #3 is the button
Seat 1: 1f6f9230 ($17.27 in chips)
Seat 2: fc2ef5a ($8.02 in chips)
Seat 3: Hero ($10 in chips)
Seat 4: 81c85fe6 ($10.54 in chips)
Seat 5: 974491a3 ($12.18 in chips)
81c85fe6: posts small blind $0.05
974491a3: posts big blind $0.1
*** HOLE CARDS ***
Dealt to 1f6f9230 
Dealt to fc2ef5a 
Dealt to Hero [As Qs]
Dealt to 81c85fe6 
Dealt to 974491a3 
1f6f9230: raises $0.3 to $0.4
fc2ef5a: folds
Hero: raises $0.8 to $1.2
81c85fe6: folds
974491a3: folds
1f6f9230: calls $0.8
*** FLOP *** [8h 8d Kd]
1f6f9230: checks
Hero: bets $1
1f6f9230: folds
Uncalled bet ($1) returned to Hero
*** SHOWDOWN ***
Hero collected $2.43 from pot
*** SUMMARY ***
Total pot $2.55 | Rake $0.12 | Jackpot $0 | Bingo $0 | Fortune $0 | Tax $0
Board [8h 8d Kd]
Seat 1: 1f6f9230 folded on the Flop
Seat 2: fc2ef5a folded before Flop (didn't bet)
Seat 3: Hero (button) won ($2.43)
Seat 4: 81c85fe6 (small blind) folded before Flop
Seat 5: 974491a3 (big blind) folded before Flop


Poker Hand #HD1789239995: Hold'em No Limit ($0.05/$0.1) - 2024/05/27 02:03:19
Table 'NLHRed17' 6-max Seat #2 is the button
Seat 1: 1f6f9230 ($17.27 in chips)
Seat 2: fc2ef5a ($8.02 in chips)
Seat 3: Hero ($10 in chips)
Seat 4: 81c85fe6 ($10 in chips)
Seat 5: 974491a3 ($12.18 in chips)
Hero: posts small blind $0.05
81c85fe6: posts big blind $0.1
*** HOLE CARDS ***
Dealt to 1f6f9230 
Dealt to fc2ef5a 
Dealt to Hero [Jd Ah]
Dealt to 81c85fe6 
Dealt to 974491a3 
974491a3: folds
1f6f9230: folds
fc2ef5a: folds
Hero: raises $0.2 to $0.3
81c85fe6: calls $0.2
*** FLOP *** [4h 5d 9h]
Hero: bets $0.3
81c85fe6: calls $0.3
*** TURN *** [4h 5d 9h] [6c]
Hero: checks
81c85fe6: checks
*** RIVER *** [4h 5d 9h 6c] [2c]
Hero: checks
81c85fe6: bets $0.9
Hero: folds
Uncalled bet ($0.9) returned to 81c85fe6
1f6f9230: shows [2h 6d] (Pair of Sixes and Pair of Twos)
*** SHOWDOWN ***
81c85fe6 collected $1.14 from pot
*** SUMMARY ***
Total pot $1.2 | Rake $0.06 | Jackpot $0 | Bingo $0 | Fortune $0 | Tax $0
Board [4h 5d 9h 6c 2c]
Seat 1: 1f6f9230 folded before Flop (didn't bet)
Seat 2: fc2ef5a (button) folded before Flop (didn't bet)
Seat 3: Hero (small blind) folded on the River
Seat 4: 81c85fe6 (big blind) won ($1.14)
Seat 5: 974491a3 folded before Flop (didn't bet)


Poker Hand #HD1789239931: Hold'em No Limit ($0.05/$0.1) - 2024/05/27 02:02:36
Table 'NLHRed17' 6-max Seat #1 is the button
Seat 1: 1f6f9230 ($16.99 in chips)
Seat 2: fc2ef5a ($8.22 in chips)
Seat 3: Hero ($10 in chips)
Seat 4: 81c85fe6 ($10 in chips)
Seat 5: 974491a3 ($12.18 in chips)
fc2ef5a: posts small blind $0.05
Hero: posts big blind $0.1
*** HOLE CARDS ***
Dealt to 1f6f9230 
Dealt to fc2ef5a 
Dealt to Hero [2d 7h]
Dealt to 81c85fe6 
Dealt to 974491a3 
81c85fe6: folds
974491a3: folds
1f6f9230: calls $0.1
fc2ef5a: raises $0.1 to $0.2
Hero: folds
1f6f9230: calls $0.1
*** FLOP *** [Ah 3h 2c]
fc2ef5a: checks
1f6f9230: bets $0.25
fc2ef5a: folds
Uncalled bet ($0.25) returned to 1f6f9230
*** SHOWDOWN ***
1f6f9230 collected $0.48 from pot
*** SUMMARY ***
Total pot $0.5 | Rake $0.02 | Jackpot $0 | Bingo $0 | Fortune $0 | Tax $0
Board [Ah 3h 2c]
Seat 1: 1f6f9230 (button) won ($0.48)
Seat 2: fc2ef5a (small blind) folded on the Flop
Seat 3: Hero (big blind) folded before Flop
Seat 4: 81c85fe6 folded before Flop (didn't bet)
Seat 5: 974491a3 folded before Flop (didn't bet)


Poker Hand #HD1789239856: Hold'em No Limit ($0.05/$0.1) - 2024/05/27 02:01:53
Table 'NLHRed17' 6-max Seat #5 is the button
Seat 1: 1f6f9230 ($16.81 in chips)
Seat 2: fc2ef5a ($8.42 in chips)
Seat 3: Hero ($10 in chips)
Seat 4: 81c85fe6 ($10 in chips)
Seat 5: 974491a3 ($12.18 in chips)
1f6f9230: posts small blind $0.05
fc2ef5a: posts big blind $0.1
*** HOLE CARDS ***
Dealt to 1f6f9230 
Dealt to fc2ef5a 
Dealt to Hero [4h 3d]
Dealt to 81c85fe6 
Dealt to 974491a3 
Hero: folds
81c85fe6: folds
974491a3: folds
1f6f9230: calls $0.05
fc2ef5a: checks
*** FLOP *** [3s 2c Qc]
1f6f9230: checks
fc2ef5a: checks
*** TURN *** [3s 2c Qc] [6d]
1f6f9230: bets $0.1
fc2ef5a: calls $0.1
*** RIVER *** [3s 2c Qc 6d] [4d]
1f6f9230: checks
fc2ef5a: checks
1f6f9230: shows [7s 6c] (Pair of Sixes)
fc2ef5a: shows [Jh 2h] (Pair of Twos)
*** SHOWDOWN ***
1f6f9230 collected $0.38 from pot
*** SUMMARY ***
Total pot $0.4 | Rake $0.02 | Jackpot $0 | Bingo $0 | Fortune $0 | Tax $0
Board [3s 2c Qc 6d 4d]
Seat 1: 1f6f9230 (small blind) showed [7s 6c] and won ($0.38) with Pair of Sixes
Seat 2: fc2ef5a (big blind) showed [Jh 2h] and lost with Pair of Twos
Seat 3: Hero folded before Flop (didn't bet)
Seat 4: 81c85fe6 folded before Flop (didn't bet)
Seat 5: 974491a3 (button) folded before Flop (didn't bet)


Poker Hand #HD1789239828: Hold'em No Limit ($0.05/$0.1) - 2024/05/27 02:01:33
Table 'NLHRed17' 6-max Seat #4 is the button
Seat 1: 1f6f9230 ($16.76 in chips)
Seat 2: fc2ef5a ($8.42 in chips)
Seat 3: Hero ($10 in chips)
Seat 4: 81c85fe6 ($10 in chips)
Seat 5: 974491a3 ($12.23 in chips)
974491a3: posts small blind $0.05
1f6f9230: posts big blind $0.1
*** HOLE CARDS ***
Dealt to 1f6f9230 
Dealt to fc2ef5a 
Dealt to Hero [3c Jh]
Dealt to 81c85fe6 
Dealt to 974491a3 
fc2ef5a: folds
Hero: folds
81c85fe6: folds
974491a3: folds
Uncalled bet ($0.05) returned to 1f6f9230
*** SHOWDOWN ***
1f6f9230 collected $0.1 from pot
*** SUMMARY ***
Total pot $0.1 | Rake $0 | Jackpot $0 | Bingo $0 | Fortune $0 | Tax $0
Seat 1: 1f6f9230 (big blind) collected ($0.1)
Seat 2: fc2ef5a folded before Flop (didn't bet)
Seat 3: Hero folded before Flop (didn't bet)
Seat 4: 81c85fe6 (button) folded before Flop (didn't bet)
Seat 5: 974491a3 (small blind) folded before Flop


Poker Hand #HD1789239791: Hold'em No Limit ($0.05/$0.1) - 2024/05/27 02:01:14
Table 'NLHRed17' 6-max Seat #3 is the button
Seat 1: 1f6f9230 ($16.76 in chips)
Seat 2: fc2ef5a ($8.27 in chips)
Seat 3: Hero ($10 in chips)
Seat 4: 81c85fe6 ($10 in chips)
Seat 5: 974491a3 ($12.33 in chips)
81c85fe6: posts small blind $0.05
974491a3: posts big blind $0.1
*** HOLE CARDS ***
Dealt to 1f6f9230 
Dealt to fc2ef5a 
Dealt to Hero [9d 2s]
Dealt to 81c85fe6 
Dealt to 974491a3 
1f6f9230: folds
fc2ef5a: raises $0.1 to $0.2
Hero: folds
81c85fe6: folds
974491a3: folds
Uncalled bet ($0.1) returned to fc2ef5a
*** SHOWDOWN ***
fc2ef5a collected $0.25 from pot
*** SUMMARY ***
Total pot $0.25 | Rake $0 | Jackpot $0 | Bingo $0 | Fortune $0 | Tax $0
Seat 1: 1f6f9230 folded before Flop (didn't bet)
Seat 2: fc2ef5a collected ($0.25)
Seat 3: Hero (button) folded before Flop (didn't bet)
Seat 4: 81c85fe6 (small blind) folded before Flop
Seat 5: 974491a3 (big blind) folded before Flop


Poker Hand #HD1789239721: Hold'em No Limit ($0.05/$0.1) - 2024/05/27 02:00:39
Table 'NLHRed17' 6-max Seat #2 is the button
Seat 1: 1f6f9230 ($16.62 in chips)
Seat 2: fc2ef5a ($8.27 in chips)
Seat 3: Hero ($10 in chips)
Seat 4: 81c85fe6 ($10 in chips)
Seat 5: 974491a3 ($12.33 in chips)
Hero: posts small blind $0.05
81c85fe6: posts big blind $0.1
*** HOLE CARDS ***
Dealt to 1f6f9230 
Dealt to fc2ef5a 
Dealt to Hero [2c Ks]
Dealt to 81c85fe6 
Dealt to 974491a3 
974491a3: folds
1f6f9230: calls $0.1
fc2ef5a: folds
Hero: folds
81c85fe6: checks
*** FLOP *** [7d 6c 3c]
81c85fe6: checks
1f6f9230: checks
*** TURN *** [7d 6c 3c] [Tc]
81c85fe6: checks
1f6f9230: checks
*** RIVER *** [7d 6c 3c Tc] [8d]
81c85fe6: checks
1f6f9230: checks
81c85fe6: shows [3h Js] (Pair of Treys)
1f6f9230: shows [8c 5h] (Pair of Eights)
*** SHOWDOWN ***
1f6f9230 collected $0.24 from pot
*** SUMMARY ***
Total pot $0.25 | Rake $0.01 | Jackpot $0 | Bingo $0 | Fortune $0 | Tax $0
Board [7d 6c 3c Tc 8d]
Seat 1: 1f6f9230 showed [8c 5h] and won ($0.24) with Pair of Eights
Seat 2: fc2ef5a (button) folded before Flop (didn't bet)
Seat 3: Hero (small blind) folded before Flop
Seat 4: 81c85fe6 (big blind) showed [3h Js] and lost with Pair of Treys
Seat 5: 974491a3 folded before Flop (didn't bet)


Poker Hand #HD1789239667: Hold'em No Limit ($0.05/$0.1) - 2024/05/27 02:00:08
Table 'NLHRed17' 6-max Seat #1 is the button
Seat 1: 1f6f9230 ($16.48 in chips)
Seat 2: fc2ef5a ($8.32 in chips)
Seat 3: Hero ($10 in chips)
Seat 5: 974491a3 ($12.33 in chips)
fc2ef5a: posts small blind $0.05
Hero: posts big blind $0.1
*** HOLE CARDS ***
Dealt to 1f6f9230 
Dealt to fc2ef5a 
Dealt to Hero [Td 7c]
Dealt to 974491a3 
974491a3: folds
1f6f9230: calls $0.1
fc2ef5a: folds
Hero: checks
*** FLOP *** [3h 6h 2h]
Hero: checks
1f6f9230: checks
*** TURN *** [3h 6h 2h] [4s]
Hero: checks
1f6f9230: bets $0.13
Hero: folds
Uncalled bet ($0.13) returned to 1f6f9230
*** SHOWDOWN ***
1f6f9230 collected $0.24 from pot
*** SUMMARY ***
Total pot $0.25 | Rake $0.01 | Jackpot $0 | Bingo $0 | Fortune $0 | Tax $0
Board [3h 6h 2h 4s]
Seat 1: 1f6f9230 (button) won ($0.24)
Seat 2: fc2ef5a (small blind) folded before Flop
Seat 3: Hero (big blind) folded on the Turn
Seat 5: 974491a3 folded before Flop (didn't bet)


Poker Hand #HD1789239566: Hold'em No Limit ($0.05/$0.1) - 2024/05/27 01:59:10
Table 'NLHRed17' 6-max Seat #6 is the button
Seat 1: 1f6f9230 ($15.52 in chips)
Seat 2: fc2ef5a ($9.07 in chips)
Seat 3: Hero ($10 in chips)
Seat 5: 974491a3 ($12.33 in chips)
Seat 6: e4004c1b ($10.95 in chips)
1f6f9230: posts small blind $0.05
fc2ef5a: posts big blind $0.1
*** HOLE CARDS ***
Dealt to 1f6f9230 
Dealt to fc2ef5a 
Dealt to Hero [Qd Kh]
Dealt to 974491a3 
Dealt to e4004c1b 
Hero: raises $0.1 to $0.2
974491a3: folds
e4004c1b: folds
1f6f9230: calls $0.15
fc2ef5a: raises $0.1 to $0.3
Hero: calls $0.1
1f6f9230: calls $0.1
*** FLOP *** [8d 6c 5h]
1f6f9230: checks
fc2ef5a: bets $0.45
Hero: folds
1f6f9230: calls $0.45
*** TURN *** [8d 6c 5h] [3d]
1f6f9230: checks
fc2ef5a: checks
*** RIVER *** [8d 6c 5h 3d] [Jd]
1f6f9230: checks
fc2ef5a: checks
1f6f9230: shows [4h 5d] (Pair of Fives)
fc2ef5a: shows [Ts 9s] (Jack-High)
*** SHOWDOWN ***
1f6f9230 collected $1.71 from pot
*** SUMMARY ***
Total pot $1.8 | Rake $0.09 | Jackpot $0 | Bingo $0 | Fortune $0 | Tax $0
Board [8d 6c 5h 3d Jd]
Seat 1: 1f6f9230 (small blind) showed [4h 5d] and won ($1.71) with Pair of Fives
Seat 2: fc2ef5a (big blind) showed [Ts 9s] and lost with Jack-High
Seat 3: Hero folded on the Flop
Seat 5: 974491a3 folded before Flop (didn't bet)
Seat 6: e4004c1b (button) folded before Flop (didn't bet)


Poker Hand #HD1789239547: Hold'em No Limit ($0.05/$0.1) - 2024/05/27 01:58:59
Table 'NLHRed17' 6-max Seat #5 is the button
Seat 1: 1f6f9230 ($15.47 in chips)
Seat 2: fc2ef5a ($9.07 in chips)
Seat 3: Hero ($10 in chips)
Seat 5: 974491a3 ($12.33 in chips)
Seat 6: e4004c1b ($11 in chips)
e4004c1b: posts small blind $0.05
1f6f9230: posts big blind $0.1
*** HOLE CARDS ***
Dealt to 1f6f9230 
Dealt to fc2ef5a 
Dealt to Hero [2s Js]
Dealt to 974491a3 
Dealt to e4004c1b 
fc2ef5a: folds
Hero: folds
974491a3: folds
e4004c1b: folds
Uncalled bet ($0.05) returned to 1f6f9230
*** SHOWDOWN ***
1f6f9230 collected $0.1 from pot
*** SUMMARY ***
Total pot $0.1 | Rake $0 | Jackpot $0 | Bingo $0 | Fortune $0 | Tax $0
Seat 1: 1f6f9230 (big blind) collected ($0.1)
Seat 2: fc2ef5a folded before Flop (didn't bet)
Seat 3: Hero folded before Flop (didn't bet)
Seat 5: 974491a3 (button) folded before Flop (didn't bet)
Seat 6: e4004c1b (small blind) folded before Flop


Poker Hand #HD1789239442: Hold'em No Limit ($0.05/$0.1) - 2024/05/27 01:58:02
Table 'NLHRed17' 6-max Seat #3 is the button
Seat 1: 1f6f9230 ($15.47 in chips)
Seat 2: fc2ef5a ($11.71 in chips)
Seat 3: Hero ($10 in chips)
Seat 4: a8875224 ($2.36 in chips)
Seat 5: 974491a3 ($10 in chips)
Seat 6: e4004c1b ($11 in chips)
a8875224: posts small blind $0.05
974491a3: posts big blind $0.1
*** HOLE CARDS ***
Dealt to 1f6f9230 
Dealt to fc2ef5a 
Dealt to Hero [9c 5s]
Dealt to a8875224 
Dealt to 974491a3 
Dealt to e4004c1b 
e4004c1b: folds
1f6f9230: folds
fc2ef5a: raises $0.3 to $0.4
Hero: folds
a8875224: folds
974491a3: calls $0.3
*** FLOP *** [Qs Ks 4h]
974491a3: checks
fc2ef5a: bets $0.64
974491a3: calls $0.64
*** TURN *** [Qs Ks 4h] [9s]
974491a3: bets $1.6
fc2ef5a: calls $1.6
*** RIVER *** [Qs Ks 4h 9s] [3s]
974491a3: bets $3.05
fc2ef5a: folds
Uncalled bet ($3.05) returned to 974491a3
fc2ef5a: shows [Qc Kd] (Pair of Kings and Pair of Queens)
*** SHOWDOWN ***
974491a3 collected $4.97 from pot
*** SUMMARY ***
Total pot $5.33 | Rake $0.26 | Jackpot $0.1 | Bingo $0 | Fortune $0 | Tax $0
Board [Qs Ks 4h 9s 3s]
Seat 1: 1f6f9230 folded before Flop (didn't bet)
Seat 2: fc2ef5a folded on the River
Seat 3: Hero (button) folded before Flop (didn't bet)
Seat 4: a8875224 (small blind) folded before Flop
Seat 5: 974491a3 (big blind) won ($4.97)
Seat 6: e4004c1b folded before Flop (didn't bet)


Poker Hand #HD1789239336: Hold'em No Limit ($0.05/$0.1) - 2024/05/27 01:56:57
Table 'NLHRed17' 6-max Seat #2 is the button
Seat 1: 1f6f9230 ($14.29 in chips)
Seat 2: fc2ef5a ($12.01 in chips)
Seat 3: Hero ($10 in chips)
Seat 4: a8875224 ($2.46 in chips)
Seat 5: 974491a3 ($10 in chips)
Seat 6: e4004c1b ($11 in chips)
Hero: posts small blind $0.05
a8875224: posts big blind $0.1
*** HOLE CARDS ***
Dealt to 1f6f9230 
Dealt to fc2ef5a 
Dealt to Hero [Td 2d]
Dealt to a8875224 
Dealt to 974491a3 
Dealt to e4004c1b 
974491a3: raises $0.2 to $0.3
e4004c1b: folds
1f6f9230: calls $0.3
fc2ef5a: calls $0.3
Hero: folds
a8875224: folds
*** FLOP *** [4h 5d 6h]
974491a3: checks
1f6f9230: checks
fc2ef5a: checks
*** TURN *** [4h 5d 6h] [Jc]
974491a3: checks
1f6f9230: checks
fc2ef5a: checks
*** RIVER *** [4h 5d 6h Jc] [Ah]
974491a3: checks
1f6f9230: bets $0.53
fc2ef5a: folds
974491a3: calls $0.53
1f6f9230: shows [5h 6d] (Pair of Sixes and Pair of Fives)
974491a3: shows [Qs Ac] (Pair of Aces)
*** SHOWDOWN ***
1f6f9230 collected $2.01 from pot
*** SUMMARY ***
Total pot $2.11 | Rake $0.1 | Jackpot $0 | Bingo $0 | Fortune $0 | Tax $0
Board [4h 5d 6h Jc Ah]
Seat 1: 1f6f9230 showed [5h 6d] and won ($2.01) with Pair of Sixes and Pair of Fives
Seat 2: fc2ef5a (button) folded on the River
Seat 3: Hero (small blind) folded before Flop
Seat 4: a8875224 (big blind) folded before Flop
Seat 5: 974491a3 showed [Qs Ac] and lost with Pair of Aces
Seat 6: e4004c1b folded before Flop (didn't bet)


Poker Hand #HD1789239283: Hold'em No Limit ($0.05/$0.1) - 2024/05/27 01:56:29
Table 'NLHRed17' 6-max Seat #1 is the button
Seat 1: 1f6f9230 ($13.59 in chips)
Seat 2: fc2ef5a ($12.06 in chips)
Seat 3: Hero ($10 in chips)
Seat 4: a8875224 ($3.08 in chips)
Seat 5: 974491a3 ($10 in chips)
Seat 6: e4004c1b ($11 in chips)
fc2ef5a: posts small blind $0.05
Hero: posts big blind $0.1
*** HOLE CARDS ***
Dealt to 1f6f9230 
Dealt to fc2ef5a 
Dealt to Hero [5h Ks]
Dealt to a8875224 
Dealt to 974491a3 
Dealt to e4004c1b 
a8875224: raises $0.1 to $0.2
974491a3: folds
e4004c1b: folds
1f6f9230: raises $0.42 to $0.62
fc2ef5a: folds
Hero: folds
a8875224: calls $0.42
*** FLOP *** [Ad 2h 5c]
a8875224: checks
1f6f9230: bets $0.7
a8875224: folds
Uncalled bet ($0.7) returned to 1f6f9230
*** SHOWDOWN ***
1f6f9230 collected $1.32 from pot
*** SUMMARY ***
Total pot $1.39 | Rake $0.07 | Jackpot $0 | Bingo $0 | Fortune $0 | Tax $0
Board [Ad 2h 5c]
Seat 1: 1f6f9230 (button) won ($1.32)
Seat 2: fc2ef5a (small blind) folded before Flop
Seat 3: Hero (big blind) folded before Flop
Seat 4: a8875224 folded on the Flop
Seat 5: 974491a3 folded before Flop (didn't bet)
Seat 6: e4004c1b folded before Flop (didn't bet)


Poker Hand #HD1789239200: Hold'em No Limit ($0.05/$0.1) - 2024/05/27 01:55:43
Table 'NLHRed17' 6-max Seat #6 is the button
Seat 1: 1f6f9230 ($14.59 in chips)
Seat 2: fc2ef5a ($12.16 in chips)
Seat 3: Hero ($10 in chips)
Seat 4: a8875224 ($3.08 in chips)
Seat 5: 974491a3 ($10 in chips)
Seat 6: e4004c1b ($10 in chips)
1f6f9230: posts small blind $0.05
fc2ef5a: posts big blind $0.1
*** HOLE CARDS ***
Dealt to 1f6f9230 
Dealt to fc2ef5a 
Dealt to Hero [6d As]
Dealt to a8875224 
Dealt to 974491a3 
Dealt to e4004c1b 
Hero: folds
a8875224: folds
974491a3: folds
e4004c1b: raises $0.2 to $0.3
1f6f9230: raises $0.7 to $1
fc2ef5a: folds
e4004c1b: raises $1.4 to $2.4
1f6f9230: folds
Uncalled bet ($1.4) returned to e4004c1b
*** SHOWDOWN ***
e4004c1b collected $2 from pot
*** SUMMARY ***
Total pot $2.1 | Rake $0.1 | Jackpot $0 | Bingo $0 | Fortune $0 | Tax $0
Seat 1: 1f6f9230 (small blind) folded before Flop
Seat 2: fc2ef5a (big blind) folded before Flop
Seat 3: Hero folded before Flop (didn't bet)
Seat 4: a8875224 folded before Flop (didn't bet)
Seat 5: 974491a3 folded before Flop (didn't bet)
Seat 6: e4004c1b (button) collected ($2)


Poker Hand #HD1789239120: Hold'em No Limit ($0.05/$0.1) - 2024/05/27 01:54:59
Table 'NLHRed17' 6-max Seat #5 is the button
Seat 1: 1f6f9230 ($14.79 in chips)
Seat 2: fc2ef5a ($11.74 in chips)
Seat 3: Hero ($10 in chips)
Seat 4: a8875224 ($3.28 in chips)
Seat 5: 974491a3 ($10 in chips)
Seat 6: e4004c1b ($10 in chips)
e4004c1b: posts small blind $0.05
1f6f9230: posts big blind $0.1
*** HOLE CARDS ***
Dealt to 1f6f9230 
Dealt to fc2ef5a 
Dealt to Hero [4s 3h]
Dealt to a8875224 
Dealt to 974491a3 
Dealt to e4004c1b 
fc2ef5a: raises $0.1 to $0.2
Hero: folds
a8875224: calls $0.2
974491a3: folds
e4004c1b: folds
1f6f9230: calls $0.1
*** FLOP *** [Kh Qs 3d]
1f6f9230: checks
fc2ef5a: checks
a8875224: checks
*** TURN *** [Kh Qs 3d] [8c]
1f6f9230: checks
fc2ef5a: checks
a8875224: checks
*** RIVER *** [Kh Qs 3d 8c] [6c]
1f6f9230: checks
fc2ef5a: checks
a8875224: checks
1f6f9230: shows [7h 9h] (King-High)
fc2ef5a: shows [Td Ac] (Ace-High)
a8875224: shows [5c As] (Ace-High)
*** SHOWDOWN ***
fc2ef5a collected $0.62 from pot
*** SUMMARY ***
Total pot $0.65 | Rake $0.03 | Jackpot $0 | Bingo $0 | Fortune $0 | Tax $0
Board [Kh Qs 3d 8c 6c]
Seat 1: 1f6f9230 (big blind) showed [7h 9h] and lost with King-High
Seat 2: fc2ef5a showed [Td Ac] and won ($0.62) with Ace-High
Seat 3: Hero folded before Flop (didn't bet)
Seat 4: a8875224 showed [5c As] and lost with Ace-High
Seat 5: 974491a3 (button) folded before Flop (didn't bet)
Seat 6: e4004c1b (small blind) folded before Flop


Poker Hand #HD1789239055: Hold'em No Limit ($0.05/$0.1) - 2024/05/27 01:54:17
Table 'NLHRed17' 6-max Seat #4 is the button
Seat 1: 1f6f9230 ($13.98 in chips)
Seat 2: fc2ef5a ($11.74 in chips)
Seat 3: Hero ($10 in chips)
Seat 4: a8875224 ($3.28 in chips)
Seat 5: 974491a3 ($10 in chips)
Seat 6: e4004c1b ($10 in chips)
974491a3: posts small blind $0.05
e4004c1b: posts big blind $0.1
*** HOLE CARDS ***
Dealt to 1f6f9230 
Dealt to fc2ef5a 
Dealt to Hero [Qh Jc]
Dealt to a8875224 
Dealt to 974491a3 
Dealt to e4004c1b 
1f6f9230: calls $0.1
fc2ef5a: folds
Hero: raises $0.24 to $0.34
a8875224: folds
974491a3: folds
e4004c1b: folds
1f6f9230: calls $0.24
*** FLOP *** [Ac 2d 3h]
1f6f9230: checks
Hero: bets $0.4
1f6f9230: raises $0.82 to $1.22
Hero: folds
Uncalled bet ($0.82) returned to 1f6f9230
*** SHOWDOWN ***
1f6f9230 collected $1.55 from pot
*** SUMMARY ***
Total pot $1.63 | Rake $0.08 | Jackpot $0 | Bingo $0 | Fortune $0 | Tax $0
Board [Ac 2d 3h]
Seat 1: 1f6f9230 won ($1.55)
Seat 2: fc2ef5a folded before Flop (didn't bet)
Seat 3: Hero folded on the Flop
Seat 4: a8875224 (button) folded before Flop (didn't bet)
Seat 5: 974491a3 (small blind) folded before Flop
Seat 6: e4004c1b (big blind) folded before Flop


Poker Hand #HD1789238940: Hold'em No Limit ($0.05/$0.1) - 2024/05/27 01:53:09
Table 'NLHRed17' 6-max Seat #3 is the button
Seat 1: 1f6f9230 ($14.43 in chips)
Seat 2: fc2ef5a ($10.81 in chips)
Seat 3: Hero ($10 in chips)
Seat 4: a8875224 ($3.73 in chips)
Seat 5: 974491a3 ($10 in chips)
Seat 6: e4004c1b ($10 in chips)
a8875224: posts small blind $0.05
974491a3: posts big blind $0.1
*** HOLE CARDS ***
Dealt to 1f6f9230 
Dealt to fc2ef5a 
Dealt to Hero [Th Jd]
Dealt to a8875224 
Dealt to 974491a3 
Dealt to e4004c1b 
e4004c1b: folds
1f6f9230: calls $0.1
fc2ef5a: raises $0.35 to $0.45
Hero: folds
a8875224: calls $0.4
974491a3: folds
1f6f9230: calls $0.35
*** FLOP *** [Ks 2d 8d]
a8875224: checks
1f6f9230: checks
fc2ef5a: checks
*** TURN *** [Ks 2d 8d] [3h]
a8875224: checks
1f6f9230: checks
fc2ef5a: checks
*** RIVER *** [Ks 2d 8d 3h] [9h]
a8875224: checks
1f6f9230: checks
fc2ef5a: checks
a8875224: shows [7d Ah] (Ace-High)
1f6f9230: shows [Jc Qh] (King-High)
fc2ef5a: shows [4s 4d] (Pair of Fours)
*** SHOWDOWN ***
fc2ef5a collected $1.38 from pot
*** SUMMARY ***
Total pot $1.45 | Rake $0.07 | Jackpot $0 | Bingo $0 | Fortune $0 | Tax $0
Board [Ks 2d 8d 3h 9h]
Seat 1: 1f6f9230 showed [Jc Qh] and lost with King-High
Seat 2: fc2ef5a showed [4s 4d] and won ($1.38) with Pair of Fours
Seat 3: Hero (button) folded before Flop (didn't bet)
Seat 4: a8875224 (small blind) showed [7d Ah] and lost with Ace-High
Seat 5: 974491a3 (big blind) folded before Flop
Seat 6: e4004c1b folded before Flop (didn't bet)


Poker Hand #HD1789238837: Hold'em No Limit ($0.05/$0.1) - 2024/05/27 01:52:10
Table 'NLHRed17' 6-max Seat #2 is the button
Seat 1: 1f6f9230 ($15.03 in chips)
Seat 2: fc2ef5a ($10.81 in chips)
Seat 3: Hero ($10 in chips)
Seat 4: a8875224 ($3.14 in chips)
Seat 5: 974491a3 ($10 in chips)
Seat 6: e4004c1b ($10 in chips)
Hero: posts small blind $0.05
a8875224: posts big blind $0.1
*** HOLE CARDS ***
Dealt to 1f6f9230 
Dealt to fc2ef5a 
Dealt to Hero [8d Ah]
Dealt to a8875224 
Dealt to 974491a3 
Dealt to e4004c1b 
974491a3: folds
e4004c1b: folds
1f6f9230: calls $0.1
fc2ef5a: folds
Hero: folds
a8875224: checks
*** FLOP *** [6s 7s 2d]
a8875224: bets $0.2
1f6f9230: calls $0.2
*** TURN *** [6s 7s 2d] [3c]
a8875224: bets $0.3
1f6f9230: calls $0.3
*** RIVER *** [6s 7s 2d 3c] [Jh]
a8875224: bets $0.4
1f6f9230: folds
Uncalled bet ($0.4) returned to a8875224
*** SHOWDOWN ***
a8875224 collected $1.19 from pot
*** SUMMARY ***
Total pot $1.25 | Rake $0.06 | Jackpot $0 | Bingo $0 | Fortune $0 | Tax $0
Board [6s 7s 2d 3c Jh]
Seat 1: 1f6f9230 folded on the River
Seat 2: fc2ef5a (button) folded before Flop (didn't bet)
Seat 3: Hero (small blind) folded before Flop
Seat 4: a8875224 (big blind) won ($1.19)
Seat 5: 974491a3 folded before Flop (didn't bet)
Seat 6: e4004c1b folded before Flop (didn't bet)


Poker Hand #HD1789238745: Hold'em No Limit ($0.05/$0.1) - 2024/05/27 01:51:16
Table 'NLHRed17' 6-max Seat #1 is the button
Seat 1: 1f6f9230 ($13.65 in chips)
Seat 2: fc2ef5a ($11.71 in chips)
Seat 3: Hero ($10 in chips)
Seat 4: a8875224 ($3.14 in chips)
Seat 5: 974491a3 ($10 in chips)
Seat 6: e4004c1b ($10 in chips)
fc2ef5a: posts small blind $0.05
Hero: posts big blind $0.1
*** HOLE CARDS ***
Dealt to 1f6f9230 
Dealt to fc2ef5a 
Dealt to Hero [Ks Js]
Dealt to a8875224 
Dealt to 974491a3 
Dealt to e4004c1b 
a8875224: folds
974491a3: folds
e4004c1b: raises $0.2 to $0.3
1f6f9230: calls $0.3
fc2ef5a: calls $0.25
Hero: calls $0.2
*** FLOP *** [7s 7d 2h]
fc2ef5a: bets $0.6
Hero: folds
e4004c1b: folds
1f6f9230: calls $0.6
*** TURN *** [7s 7d 2h] [2d]
fc2ef5a: checks
1f6f9230: bets $1.2
fc2ef5a: folds
Uncalled bet ($1.2) returned to 1f6f9230
*** SHOWDOWN ***
1f6f9230 collected $2.28 from pot
*** SUMMARY ***
Total pot $2.4 | Rake $0.12 | Jackpot $0 | Bingo $0 | Fortune $0 | Tax $0
Board [7s 7d 2h 2d]
Seat 1: 1f6f9230 (button) won ($2.28)
Seat 2: fc2ef5a (small blind) folded on the Turn
Seat 3: Hero (big blind) folded on the Flop
Seat 4: a8875224 folded before Flop (didn't bet)
Seat 5: 974491a3 folded before Flop (didn't bet)
Seat 6: e4004c1b folded on the Flop


Poker Hand #HD1789238651: Hold'em No Limit ($0.05/$0.1) - 2024/05/27 01:50:22
Table 'NLHRed17' 6-max Seat #6 is the button
Seat 1: 1f6f9230 ($13.7 in chips)
Seat 2: fc2ef5a ($11.16 in chips)
Seat 3: Hero ($10 in chips)
Seat 4: a8875224 ($3.24 in chips)
Seat 5: 974491a3 ($10 in chips)
Seat 6: e4004c1b ($10 in chips)
1f6f9230: posts small blind $0.05
fc2ef5a: posts big blind $0.1
*** HOLE CARDS ***
Dealt to 1f6f9230 
Dealt to fc2ef5a 
Dealt to Hero [2h 8c]
Dealt to a8875224 
Dealt to 974491a3 
Dealt to e4004c1b 
Hero: folds
a8875224: calls $0.1
974491a3: raises $0.35 to $0.45
e4004c1b: folds
1f6f9230: folds
fc2ef5a: calls $0.35
a8875224: folds
*** FLOP *** [8s 7c Ah]
fc2ef5a: checks
974491a3: checks
*** TURN *** [8s 7c Ah] [7h]
fc2ef5a: bets $1.05
974491a3: folds
Uncalled bet ($1.05) returned to fc2ef5a
*** SHOWDOWN ***
fc2ef5a collected $1 from pot
*** SUMMARY ***
Total pot $1.05 | Rake $0.05 | Jackpot $0 | Bingo $0 | Fortune $0 | Tax $0
Board [8s 7c Ah 7h]
Seat 1: 1f6f9230 (small blind) folded before Flop
Seat 2: fc2ef5a (big blind) won ($1)
Seat 3: Hero folded before Flop (didn't bet)
Seat 4: a8875224 folded before Flop
Seat 5: 974491a3 folded on the Turn
Seat 6: e4004c1b (button) folded before Flop (didn't bet)


Poker Hand #HD1789238619: Hold'em No Limit ($0.05/$0.1) - 2024/05/27 01:50:07
Table 'NLHRed17' 6-max Seat #5 is the button
Seat 1: 1f6f9230 ($13.8 in chips)
Seat 2: fc2ef5a ($11.01 in chips)
Seat 3: Hero ($10 in chips)
Seat 4: a8875224 ($3.24 in chips)
Seat 5: 974491a3 ($10 in chips)
Seat 6: e4004c1b ($10.05 in chips)
e4004c1b: posts small blind $0.05
1f6f9230: posts big blind $0.1
*** HOLE CARDS ***
Dealt to 1f6f9230 
Dealt to fc2ef5a 
Dealt to Hero [Ts 6c]
Dealt to a8875224 
Dealt to 974491a3 
Dealt to e4004c1b 
fc2ef5a: raises $0.2 to $0.3
Hero: folds
a8875224: folds
974491a3: folds
e4004c1b: folds
1f6f9230: folds
Uncalled bet ($0.2) returned to fc2ef5a
*** SHOWDOWN ***
fc2ef5a collected $0.25 from pot
*** SUMMARY ***
Total pot $0.25 | Rake $0 | Jackpot $0 | Bingo $0 | Fortune $0 | Tax $0
Seat 1: 1f6f9230 (big blind) folded before Flop
Seat 2: fc2ef5a collected ($0.25)
Seat 3: Hero folded before Flop (didn't bet)
Seat 4: a8875224 folded before Flop (didn't bet)
Seat 5: 974491a3 (button) folded before Flop (didn't bet)
Seat 6: e4004c1b (small blind) folded before Flop


Poker Hand #HD1789238596: Hold'em No Limit ($0.05/$0.1) - 2024/05/27 01:49:53
Table 'NLHRed17' 6-max Seat #4 is the button
Seat 1: 1f6f9230 ($13.8 in chips)
Seat 2: fc2ef5a ($11.01 in chips)
Seat 3: Hero ($10 in chips)
Seat 4: a8875224 ($3.24 in chips)
Seat 5: 974491a3 ($10.03 in chips)
Seat 6: e4004c1b ($10 in chips)
974491a3: posts small blind $0.05
e4004c1b: posts big blind $0.1
*** HOLE CARDS ***
Dealt to 1f6f9230 
Dealt to fc2ef5a 
Dealt to Hero [9s Tc]
Dealt to a8875224 
Dealt to 974491a3 
Dealt to e4004c1b 
1f6f9230: folds
fc2ef5a: folds
Hero: folds
a8875224: folds
974491a3: folds
Uncalled bet ($0.05) returned to e4004c1b
*** SHOWDOWN ***
e4004c1b collected $0.1 from pot
*** SUMMARY ***
Total pot $0.1 | Rake $0 | Jackpot $0 | Bingo $0 | Fortune $0 | Tax $0
Seat 1: 1f6f9230 folded before Flop (didn't bet)
Seat 2: fc2ef5a folded before Flop (didn't bet)
Seat 3: Hero folded before Flop (didn't bet)
Seat 4: a8875224 (button) folded before Flop (didn't bet)
Seat 5: 974491a3 (small blind) folded before Flop
Seat 6: e4004c1b (big blind) collected ($0.1)


Poker Hand #HD1789238551: Hold'em No Limit ($0.05/$0.1) - 2024/05/27 01:49:27
Table 'NLHRed17' 6-max Seat #3 is the button
Seat 1: 1f6f9230 ($13.8 in chips)
Seat 2: fc2ef5a ($11.01 in chips)
Seat 3: Hero ($10 in chips)
Seat 4: a8875224 ($3.06 in chips)
Seat 5: 974491a3 ($10.23 in chips)
Seat 6: e4004c1b ($10 in chips)
a8875224: posts small blind $0.05
974491a3: posts big blind $0.1
*** HOLE CARDS ***
Dealt to 1f6f9230 
Dealt to fc2ef5a 
Dealt to Hero [Qh 8c]
Dealt to a8875224 
Dealt to 974491a3 
Dealt to e4004c1b 
e4004c1b: folds
1f6f9230: folds
fc2ef5a: folds
Hero: folds
a8875224: raises $0.1 to $0.2
974491a3: calls $0.1
*** FLOP *** [9s 9h 2c]
a8875224: bets $0.2
974491a3: folds
Uncalled bet ($0.2) returned to a8875224
*** SHOWDOWN ***
a8875224 collected $0.38 from pot
*** SUMMARY ***
Total pot $0.4 | Rake $0.02 | Jackpot $0 | Bingo $0 | Fortune $0 | Tax $0
Board [9s 9h 2c]
Seat 1: 1f6f9230 folded before Flop (didn't bet)
Seat 2: fc2ef5a folded before Flop (didn't bet)
Seat 3: Hero (button) folded before Flop (didn't bet)
Seat 4: a8875224 (small blind) won ($0.38)
Seat 5: 974491a3 (big blind) folded on the Flop
Seat 6: e4004c1b folded before Flop (didn't bet)


Poker Hand #HD1789238476: Hold'em No Limit ($0.05/$0.1) - 2024/05/27 01:48:49
Table 'NLHRed17' 6-max Seat #2 is the button
Seat 1: 1f6f9230 ($13.9 in chips)
Seat 2: fc2ef5a ($11.01 in chips)
Seat 3: Hero ($10 in chips)
Seat 4: a8875224 ($2.92 in chips)
Seat 5: 974491a3 ($10.23 in chips)
Seat 6: e4004c1b ($10 in chips)
Hero: posts small blind $0.05
a8875224: posts big blind $0.1
*** HOLE CARDS ***
Dealt to 1f6f9230 
Dealt to fc2ef5a 
Dealt to Hero [3d 3s]
Dealt to a8875224 
Dealt to 974491a3 
Dealt to e4004c1b 
974491a3: folds
e4004c1b: folds
1f6f9230: calls $0.1
fc2ef5a: folds
Hero: folds
a8875224: checks
*** FLOP *** [6s As 9d]
a8875224: checks
1f6f9230: checks
*** TURN *** [6s As 9d] [4c]
a8875224: checks
1f6f9230: checks
*** RIVER *** [6s As 9d 4c] [4s]
a8875224: checks
1f6f9230: checks
a8875224: shows [7c Jd] (Pair of Fours)
1f6f9230: shows [5d 8d] (Pair of Fours)
*** SHOWDOWN ***
a8875224 collected $0.24 from pot
*** SUMMARY ***
Total pot $0.25 | Rake $0.01 | Jackpot $0 | Bingo $0 | Fortune $0 | Tax $0
Board [6s As 9d 4c 4s]
Seat 1: 1f6f9230 showed [5d 8d] and lost with Pair of Fours
Seat 2: fc2ef5a (button) folded before Flop (didn't bet)
Seat 3: Hero (small blind) folded before Flop
Seat 4: a8875224 (big blind) showed [7c Jd] and won ($0.24) with Pair of Fours
Seat 5: 974491a3 folded before Flop (didn't bet)
Seat 6: e4004c1b folded before Flop (didn't bet)


Poker Hand #HD1789238385: Hold'em No Limit ($0.05/$0.1) - 2024/05/27 01:48:04
Table 'NLHRed17' 6-max Seat #1 is the button
Seat 1: 1f6f9230 ($13.2 in chips)
Seat 2: fc2ef5a ($11.06 in chips)
Seat 3: Hero ($10 in chips)
Seat 4: a8875224 ($3.54 in chips)
Seat 5: 974491a3 ($10.23 in chips)
Seat 6: e4004c1b ($10 in chips)
fc2ef5a: posts small blind $0.05
Hero: posts big blind $0.1
*** HOLE CARDS ***
Dealt to 1f6f9230 
Dealt to fc2ef5a 
Dealt to Hero [Kc 4c]
Dealt to a8875224 
Dealt to 974491a3 
Dealt to e4004c1b 
a8875224: raises $0.1 to $0.2
974491a3: folds
e4004c1b: folds
1f6f9230: raises $0.42 to $0.62
fc2ef5a: folds
Hero: folds
a8875224: calls $0.42
*** FLOP *** [3s Ks Td]
a8875224: checks
1f6f9230: bets $0.7
a8875224: folds
Uncalled bet ($0.7) returned to 1f6f9230
*** SHOWDOWN ***
1f6f9230 collected $1.32 from pot
*** SUMMARY ***
Total pot $1.39 | Rake $0.07 | Jackpot $0 | Bingo $0 | Fortune $0 | Tax $0
Board [3s Ks Td]
Seat 1: 1f6f9230 (button) won ($1.32)
Seat 2: fc2ef5a (small blind) folded before Flop
Seat 3: Hero (big blind) folded before Flop
Seat 4: a8875224 folded on the Flop
Seat 5: 974491a3 folded before Flop (didn't bet)
Seat 6: e4004c1b folded before Flop (didn't bet)


Poker Hand #HD1789238264: Hold'em No Limit ($0.05/$0.1) - 2024/05/27 01:46:59
Table 'NLHRed17' 6-max Seat #6 is the button
Seat 1: 1f6f9230 ($12.88 in chips)
Seat 2: fc2ef5a ($11.16 in chips)
Seat 3: Hero ($10 in chips)
Seat 4: a8875224 ($3.54 in chips)
Seat 5: 974491a3 ($10.23 in chips)
Seat 6: e4004c1b ($10 in chips)
1f6f9230: posts small blind $0.05
fc2ef5a: posts big blind $0.1
*** HOLE CARDS ***
Dealt to 1f6f9230 
Dealt to fc2ef5a 
Dealt to Hero [Kh 9c]
Dealt to a8875224 
Dealt to 974491a3 
Dealt to e4004c1b 
Hero: folds
a8875224: folds
974491a3: folds
e4004c1b: raises $0.15 to $0.25
1f6f9230: calls $0.2
fc2ef5a: folds
*** FLOP *** [Ac 8c Qc]
1f6f9230: checks
e4004c1b: checks
*** TURN *** [Ac 8c Qc] [2h]
1f6f9230: checks
e4004c1b: checks
*** RIVER *** [Ac 8c Qc 2h] [7s]
1f6f9230: checks
e4004c1b: checks
1f6f9230: shows [8d 6d] (Pair of Eights)
e4004c1b: shows [9s Js] (Ace-High)
*** SHOWDOWN ***
1f6f9230 collected $0.57 from pot
*** SUMMARY ***
Total pot $0.6 | Rake $0.03 | Jackpot $0 | Bingo $0 | Fortune $0 | Tax $0
Board [Ac 8c Qc 2h 7s]
Seat 1: 1f6f9230 (small blind) showed [8d 6d] and won ($0.57) with Pair of Eights
Seat 2: fc2ef5a (big blind) folded before Flop
Seat 3: Hero folded before Flop (didn't bet)
Seat 4: a8875224 folded before Flop (didn't bet)
Seat 5: 974491a3 folded before Flop (didn't bet)
Seat 6: e4004c1b (button) showed [9s Js] and lost with Ace-High


Poker Hand #HD1789238188: Hold'em No Limit ($0.05/$0.1) - 2024/05/27 01:46:14
Table 'NLHRed17' 6-max Seat #5 is the button
Seat 1: 1f6f9230 ($14.17 in chips)
Seat 2: fc2ef5a ($9.95 in chips)
Seat 3: Hero ($10 in chips)
Seat 4: a8875224 ($3.54 in chips)
Seat 5: 974491a3 ($10.23 in chips)
Seat 6: e4004c1b ($10 in chips)
e4004c1b: posts small blind $0.05
1f6f9230: posts big blind $0.1
*** HOLE CARDS ***
Dealt to 1f6f9230 
Dealt to fc2ef5a 
Dealt to Hero [2c Tc]
Dealt to a8875224 
Dealt to 974491a3 
Dealt to e4004c1b 
fc2ef5a: raises $0.2 to $0.3
Hero: folds
a8875224: folds
974491a3: folds
e4004c1b: folds
1f6f9230: calls $0.2
*** FLOP *** [3h 2s 7h]
1f6f9230: bets $0.33
fc2ef5a: calls $0.33
*** TURN *** [3h 2s 7h] [7d]
1f6f9230: bets $0.66
fc2ef5a: calls $0.66
*** RIVER *** [3h 2s 7h 7d] [8d]
1f6f9230: checks
fc2ef5a: bets $8.66 and is all-in
1f6f9230: folds
Uncalled bet ($8.66) returned to fc2ef5a
*** SHOWDOWN ***
fc2ef5a collected $2.5 from pot
*** SUMMARY ***
Total pot $2.63 | Rake $0.13 | Jackpot $0 | Bingo $0 | Fortune $0 | Tax $0
Board [3h 2s 7h 7d 8d]
Seat 1: 1f6f9230 (big blind) folded on the River
Seat 2: fc2ef5a won ($2.5)
Seat 3: Hero folded before Flop (didn't bet)
Seat 4: a8875224 folded before Flop (didn't bet)
Seat 5: 974491a3 (button) folded before Flop (didn't bet)
Seat 6: e4004c1b (small blind) folded before Flop


Poker Hand #HD1789238086: Hold'em No Limit ($0.05/$0.1) - 2024/05/27 01:45:18
Table 'NLHRed17' 6-max Seat #4 is the button
Seat 1: 1f6f9230 ($14.56 in chips)
Seat 2: fc2ef5a ($9.45 in chips)
Seat 3: Hero ($10 in chips)
Seat 4: a8875224 ($3.54 in chips)
Seat 5: 974491a3 ($10.28 in chips)
Seat 6: e4004c1b ($10 in chips)
974491a3: posts small blind $0.05
e4004c1b: posts big blind $0.1
*** HOLE CARDS ***
Dealt to 1f6f9230 
Dealt to fc2ef5a 
Dealt to Hero [2c Ac]
Dealt to a8875224 
Dealt to 974491a3 
Dealt to e4004c1b 
1f6f9230: calls $0.1
fc2ef5a: raises $0.1 to $0.2
Hero: folds
a8875224: folds
974491a3: folds
e4004c1b: folds
1f6f9230: calls $0.1
*** FLOP *** [4s 5d 2d]
1f6f9230: checks
fc2ef5a: bets $0.19
1f6f9230: calls $0.19
*** TURN *** [4s 5d 2d] [Qc]
1f6f9230: checks
fc2ef5a: checks
*** RIVER *** [4s 5d 2d Qc] [6s]
1f6f9230: checks
fc2ef5a: bets $2.5
1f6f9230: folds
Uncalled bet ($2.5) returned to fc2ef5a
*** SHOWDOWN ***
fc2ef5a collected $0.89 from pot
*** SUMMARY ***
Total pot $0.93 | Rake $0.04 | Jackpot $0 | Bingo $0 | Fortune $0 | Tax $0
Board [4s 5d 2d Qc 6s]
Seat 1: 1f6f9230 folded on the River
Seat 2: fc2ef5a won ($0.89)
Seat 3: Hero folded before Flop (didn't bet)
Seat 4: a8875224 (button) folded before Flop (didn't bet)
Seat 5: 974491a3 (small blind) folded before Flop
Seat 6: e4004c1b (big blind) folded before Flop


Poker Hand #HD1789237959: Hold'em No Limit ($0.05/$0.1) - 2024/05/27 01:44:16
Table 'NLHRed17' 6-max Seat #3 is the button
Seat 1: 1f6f9230 ($13.54 in chips)
Seat 2: fc2ef5a ($9.75 in chips)
Seat 3: Hero ($10 in chips)
Seat 4: a8875224 ($3.59 in chips)
Seat 5: 974491a3 ($10.38 in chips)
Seat 6: e4004c1b ($10.06 in chips)
a8875224: posts small blind $0.05
974491a3: posts big blind $0.1
*** HOLE CARDS ***
Dealt to 1f6f9230 
Dealt to fc2ef5a 
Dealt to Hero [5c Js]
Dealt to a8875224 
Dealt to 974491a3 
Dealt to e4004c1b 
e4004c1b: raises $0.2 to $0.3
1f6f9230: calls $0.3
fc2ef5a: calls $0.3
Hero: folds
a8875224: folds
974491a3: folds
*** FLOP *** [7d 8h Ad]
e4004c1b: bets $0.35
1f6f9230: raises $1.32 to $1.67
fc2ef5a: folds
e4004c1b: folds
Uncalled bet ($1.32) returned to 1f6f9230
*** SHOWDOWN ***
1f6f9230 collected $1.67 from pot
*** SUMMARY ***
Total pot $1.75 | Rake $0.08 | Jackpot $0 | Bingo $0 | Fortune $0 | Tax $0
Board [7d 8h Ad]
Seat 1: 1f6f9230 won ($1.67)
Seat 2: fc2ef5a folded on the Flop
Seat 3: Hero (button) folded before Flop (didn't bet)
Seat 4: a8875224 (small blind) folded before Flop
Seat 5: 974491a3 (big blind) folded before Flop
Seat 6: e4004c1b folded on the Flop


Poker Hand #HD1789237855: Hold'em No Limit ($0.05/$0.1) - 2024/05/27 01:43:25
Table 'NLHRed17' 6-max Seat #2 is the button
Seat 1: 1f6f9230 ($13.84 in chips)
Seat 2: fc2ef5a ($9.75 in chips)
Seat 3: Hero ($10 in chips)
Seat 4: a8875224 ($2.98 in chips)
Seat 5: 974491a3 ($10.68 in chips)
Seat 6: e4004c1b ($10.06 in chips)
Hero: posts small blind $0.05
a8875224: posts big blind $0.1
*** HOLE CARDS ***
Dealt to 1f6f9230 
Dealt to fc2ef5a 
Dealt to Hero [8s Ad]
Dealt to a8875224 
Dealt to 974491a3 
Dealt to e4004c1b 
974491a3: raises $0.2 to $0.3
e4004c1b: folds
1f6f9230: calls $0.3
fc2ef5a: folds
Hero: folds
a8875224: calls $0.2
*** FLOP *** [2h Qh 6s]
a8875224: checks
974491a3: checks
1f6f9230: checks
*** TURN *** [2h Qh 6s] [6c]
a8875224: bets $0.4
974491a3: folds
1f6f9230: folds
Uncalled bet ($0.4) returned to a8875224
*** SHOWDOWN ***
a8875224 collected $0.91 from pot
*** SUMMARY ***
Total pot $0.95 | Rake $0.04 | Jackpot $0 | Bingo $0 | Fortune $0 | Tax $0
Board [2h Qh 6s 6c]
Seat 1: 1f6f9230 folded on the Turn
Seat 2: fc2ef5a (button) folded before Flop (didn't bet)
Seat 3: Hero (small blind) folded before Flop
Seat 4: a8875224 (big blind) won ($0.91)
Seat 5: 974491a3 folded on the Turn
Seat 6: e4004c1b folded before Flop (didn't bet)


Poker Hand #HD1789237785: Hold'em No Limit ($0.05/$0.1) - 2024/05/27 01:42:44
Table 'NLHRed17' 6-max Seat #1 is the button
Seat 1: 1f6f9230 ($13.84 in chips)
Seat 2: fc2ef5a ($10.68 in chips)
Seat 3: Hero ($10 in chips)
Seat 4: a8875224 ($2.04 in chips)
Seat 5: 974491a3 ($10.68 in chips)
Seat 6: e4004c1b ($10.06 in chips)
fc2ef5a: posts small blind $0.05
Hero: posts big blind $0.1
*** HOLE CARDS ***
Dealt to 1f6f9230 
Dealt to fc2ef5a 
Dealt to Hero [9c 6c]
Dealt to a8875224 
Dealt to 974491a3 
Dealt to e4004c1b 
a8875224: raises $0.2 to $0.3
974491a3: folds
e4004c1b: folds
1f6f9230: folds
fc2ef5a: calls $0.25
Hero: folds
*** FLOP *** [4c 5d Qc]
fc2ef5a: bets $0.24
a8875224: calls $0.24
*** TURN *** [4c 5d Qc] [3c]
fc2ef5a: bets $0.39
a8875224: calls $0.39
*** RIVER *** [4c 5d Qc 3c] [Td]
fc2ef5a: checks
a8875224: bets $1.11 and is all-in
fc2ef5a: folds
Uncalled bet ($1.11) returned to a8875224
*** SHOWDOWN ***
a8875224 collected $1.87 from pot
*** SUMMARY ***
Total pot $1.96 | Rake $0.09 | Jackpot $0 | Bingo $0 | Fortune $0 | Tax $0
Board [4c 5d Qc 3c Td]
Seat 1: 1f6f9230 (button) folded before Flop (didn't bet)
Seat 2: fc2ef5a (small blind) folded on the River
Seat 3: Hero (big blind) folded before Flop
Seat 4: a8875224 won ($1.87)
Seat 5: 974491a3 folded before Flop (didn't bet)
Seat 6: e4004c1b folded before Flop (didn't bet)


Poker Hand #HD1789237700: Hold'em No Limit ($0.05/$0.1) - 2024/05/27 01:41:57
Table 'NLHRed17' 6-max Seat #6 is the button
Seat 1: 1f6f9230 ($13.94 in chips)
Seat 2: fc2ef5a ($10.78 in chips)
Seat 3: Hero ($10 in chips)
Seat 4: a8875224 ($1.85 in chips)
Seat 5: 974491a3 ($10.68 in chips)
Seat 6: e4004c1b ($10.06 in chips)
1f6f9230: posts small blind $0.05
fc2ef5a: posts big blind $0.1
*** HOLE CARDS ***
Dealt to 1f6f9230 
Dealt to fc2ef5a 
Dealt to Hero [4c Jh]
Dealt to a8875224 
Dealt to 974491a3 
Dealt to e4004c1b 
Hero: folds
a8875224: calls $0.1
974491a3: folds
e4004c1b: folds
1f6f9230: calls $0.05
fc2ef5a: checks
*** FLOP *** [Kd 7s 9d]
1f6f9230: checks
fc2ef5a: checks
a8875224: bets $0.3
1f6f9230: folds
fc2ef5a: folds
Uncalled bet ($0.3) returned to a8875224
*** SHOWDOWN ***
a8875224 collected $0.29 from pot
*** SUMMARY ***
Total pot $0.3 | Rake $0.01 | Jackpot $0 | Bingo $0 | Fortune $0 | Tax $0
Board [Kd 7s 9d]
Seat 1: 1f6f9230 (small blind) folded on the Flop
Seat 2: fc2ef5a (big blind) folded on the Flop
Seat 3: Hero folded before Flop (didn't bet)
Seat 4: a8875224 won ($0.29)
Seat 5: 974491a3 folded before Flop (didn't bet)
Seat 6: e4004c1b (button) folded before Flop (didn't bet)


Poker Hand #HD1789237652: Hold'em No Limit ($0.05/$0.1) - 2024/05/27 01:41:29
Table 'NLHRed17' 6-max Seat #5 is the button
Seat 1: 1f6f9230 ($14.14 in chips)
Seat 2: fc2ef5a ($10.41 in chips)
Seat 3: Hero ($10 in chips)
Seat 4: a8875224 ($2 in chips)
Seat 5: 974491a3 ($10.68 in chips)
Seat 6: e4004c1b ($10.11 in chips)
e4004c1b: posts small blind $0.05
1f6f9230: posts big blind $0.1
a8875224: posts big blind $0.1
a8875224: posts missed blind $0.05
*** HOLE CARDS ***
Dealt to 1f6f9230 
Dealt to fc2ef5a 
Dealt to Hero [3h 4c]
Dealt to a8875224 
Dealt to 974491a3 
Dealt to e4004c1b 
fc2ef5a: raises $0.1 to $0.2
Hero: folds
a8875224: folds
974491a3: folds
e4004c1b: folds
1f6f9230: calls $0.1
*** FLOP *** [Tc 5s 9d]
1f6f9230: checks
fc2ef5a: bets $0.3
1f6f9230: folds
Uncalled bet ($0.3) returned to fc2ef5a
*** SHOWDOWN ***
fc2ef5a collected $0.57 from pot
*** SUMMARY ***
Total pot $0.6 | Rake $0.03 | Jackpot $0 | Bingo $0 | Fortune $0 | Tax $0
Board [Tc 5s 9d]
Seat 1: 1f6f9230 (big blind) folded on the Flop
Seat 2: fc2ef5a won ($0.57)
Seat 3: Hero folded before Flop (didn't bet)
Seat 4: a8875224 folded before Flop
Seat 5: 974491a3 (button) folded before Flop (didn't bet)
Seat 6: e4004c1b (small blind) folded before Flop


Poker Hand #HD1789237615: Hold'em No Limit ($0.05/$0.1) - 2024/05/27 01:41:13
Table 'NLHRed17' 6-max Seat #3 is the button
Seat 1: 1f6f9230 ($14.14 in chips)
Seat 2: fc2ef5a ($10.41 in chips)
Seat 3: Hero ($10 in chips)
Seat 5: 974491a3 ($10.58 in chips)
Seat 6: e4004c1b ($10.21 in chips)
974491a3: posts small blind $0.05
e4004c1b: posts big blind $0.1
*** HOLE CARDS ***
Dealt to 1f6f9230 
Dealt to fc2ef5a 
Dealt to Hero [Ac 2d]
Dealt to 974491a3 
Dealt to e4004c1b 
1f6f9230: folds
fc2ef5a: folds
Hero: folds
974491a3: raises $0.2 to $0.3
e4004c1b: folds
Uncalled bet ($0.2) returned to 974491a3
*** SHOWDOWN ***
974491a3 collected $0.2 from pot
*** SUMMARY ***
Total pot $0.2 | Rake $0 | Jackpot $0 | Bingo $0 | Fortune $0 | Tax $0
Seat 1: 1f6f9230 folded before Flop (didn't bet)
Seat 2: fc2ef5a folded before Flop (didn't bet)
Seat 3: Hero (button) folded before Flop (didn't bet)
Seat 5: 974491a3 (small blind) collected ($0.2)
Seat 6: e4004c1b (big blind) folded before Flop


Poker Hand #HD1789237485: Hold'em No Limit ($0.05/$0.1) - 2024/05/27 01:40:01
Table 'NLHRed17' 6-max Seat #2 is the button
Seat 1: 1f6f9230 ($14.37 in chips)
Seat 2: fc2ef5a ($10.41 in chips)
Seat 3: Hero ($10 in chips)
Seat 5: 974491a3 ($10.32 in chips)
Seat 6: e4004c1b ($10.21 in chips)
Hero: posts small blind $0.05
974491a3: posts big blind $0.1
*** HOLE CARDS ***
Dealt to 1f6f9230 
Dealt to fc2ef5a 
Dealt to Hero [Jc 5h]
Dealt to 974491a3 
Dealt to e4004c1b 
e4004c1b: folds
1f6f9230: calls $0.1
fc2ef5a: folds
Hero: folds
974491a3: checks
*** FLOP *** [8s 5d Ks]
974491a3: checks
1f6f9230: checks
*** TURN *** [8s 5d Ks] [2c]
974491a3: checks
1f6f9230: bets $0.13
974491a3: calls $0.13
*** RIVER *** [8s 5d Ks 2c] [3s]
974491a3: checks
1f6f9230: checks
974491a3: shows [4d 6s] (Sixes-High Straight)
1f6f9230: shows [8c 7s] (Pair of Eights)
*** SHOWDOWN ***
974491a3 collected $0.49 from pot
*** SUMMARY ***
Total pot $0.51 | Rake $0.02 | Jackpot $0 | Bingo $0 | Fortune $0 | Tax $0
Board [8s 5d Ks 2c 3s]
Seat 1: 1f6f9230 showed [8c 7s] and lost with Pair of Eights
Seat 2: fc2ef5a (button) folded before Flop (didn't bet)
Seat 3: Hero (small blind) folded before Flop
Seat 5: 974491a3 (big blind) showed [4d 6s] and won ($0.49) with Sixes-High Straight
Seat 6: e4004c1b folded before Flop (didn't bet)


Poker Hand #HD1789237355: Hold'em No Limit ($0.05/$0.1) - 2024/05/27 01:38:55
Table 'NLHRed17' 6-max Seat #1 is the button
Seat 1: 1f6f9230 ($9.31 in chips)
Seat 2: fc2ef5a ($10.46 in chips)
Seat 3: Hero ($10 in chips)
Seat 4: a8875224 ($5.56 in chips)
Seat 5: 974491a3 ($10.32 in chips)
Seat 6: e4004c1b ($10.21 in chips)
fc2ef5a: posts small blind $0.05
Hero: posts big blind $0.1
*** HOLE CARDS ***
Dealt to 1f6f9230 
Dealt to fc2ef5a 
Dealt to Hero [2c Ad]
Dealt to a8875224 
Dealt to 974491a3 
Dealt to e4004c1b 
a8875224: raises $0.1 to $0.2
974491a3: folds
e4004c1b: folds
1f6f9230: calls $0.2
fc2ef5a: folds
Hero: folds
*** FLOP *** [As Td Js]
a8875224: bets $0.3
1f6f9230: calls $0.3
*** TURN *** [As Td Js] [7c]
a8875224: bets $0.5
1f6f9230: calls $0.5
*** RIVER *** [As Td Js 7c] [Qh]
a8875224: bets $2
1f6f9230: raises $6.15 to $8.15
a8875224: calls $2.56 and is all-in
Uncalled bet ($3.59) returned to 1f6f9230
1f6f9230: shows [5s Ks] (Aces-High Straight)
a8875224: shows [Ah 7s] (Pair of Aces and Pair of Sevens)
*** SHOWDOWN ***
1f6f9230 collected $10.62 from pot
*** SUMMARY ***
Total pot $11.27 | Rake $0.55 | Jackpot $0.1 | Bingo $0 | Fortune $0 | Tax $0
Board [As Td Js 7c Qh]
Seat 1: 1f6f9230 (button) showed [5s Ks] and won ($10.62) with Aces-High Straight
Seat 2: fc2ef5a (small blind) folded before Flop
Seat 3: Hero (big blind) folded before Flop
Seat 4: a8875224 showed [Ah 7s] and lost with Pair of Aces and Pair of Sevens
Seat 5: 974491a3 folded before Flop (didn't bet)
Seat 6: e4004c1b folded before Flop (didn't bet)


Poker Hand #HD1789237270: Hold'em No Limit ($0.05/$0.1) - 2024/05/27 01:38:15
Table 'NLHRed17' 6-max Seat #6 is the button
Seat 1: 1f6f9230 ($9.51 in chips)
Seat 2: fc2ef5a ($10.28 in chips)
Seat 3: Hero ($10 in chips)
Seat 4: a8875224 ($5.56 in chips)
Seat 5: 974491a3 ($10.32 in chips)
Seat 6: e4004c1b ($10.21 in chips)
1f6f9230: posts small blind $0.05
fc2ef5a: posts big blind $0.1
*** HOLE CARDS ***
Dealt to 1f6f9230 
Dealt to fc2ef5a 
Dealt to Hero [3s 8h]
Dealt to a8875224 
Dealt to 974491a3 
Dealt to e4004c1b 
Hero: folds
a8875224: folds
974491a3: folds
e4004c1b: folds
1f6f9230: calls $0.05
fc2ef5a: checks
*** FLOP *** [9h Kc 3d]
1f6f9230: checks
fc2ef5a: checks
*** TURN *** [9h Kc 3d] [2c]
1f6f9230: bets $0.1
fc2ef5a: calls $0.1
*** RIVER *** [9h Kc 3d 2c] [9c]
1f6f9230: checks
fc2ef5a: bets $10.08 and is all-in
1f6f9230: folds
Uncalled bet ($10.08) returned to fc2ef5a
*** SHOWDOWN ***
fc2ef5a collected $0.38 from pot
*** SUMMARY ***
Total pot $0.4 | Rake $0.02 | Jackpot $0 | Bingo $0 | Fortune $0 | Tax $0
Board [9h Kc 3d 2c 9c]
Seat 1: 1f6f9230 (small blind) folded on the River
Seat 2: fc2ef5a (big blind) won ($0.38)
Seat 3: Hero folded before Flop (didn't bet)
Seat 4: a8875224 folded before Flop (didn't bet)
Seat 5: 974491a3 folded before Flop (didn't bet)
Seat 6: e4004c1b (button) folded before Flop (didn't bet)


Poker Hand #HD1789237204: Hold'em No Limit ($0.05/$0.1) - 2024/05/27 01:37:40
Table 'NLHRed17' 6-max Seat #5 is the button
Seat 1: 1f6f9230 ($9.81 in chips)
Seat 2: fc2ef5a ($10.28 in chips)
Seat 3: Hero ($10 in chips)
Seat 4: a8875224 ($5.56 in chips)
Seat 5: 974491a3 ($10 in chips)
Seat 6: e4004c1b ($10.26 in chips)
e4004c1b: posts small blind $0.05
1f6f9230: posts big blind $0.1
*** HOLE CARDS ***
Dealt to 1f6f9230 
Dealt to fc2ef5a 
Dealt to Hero [Kh 6d]
Dealt to a8875224 
Dealt to 974491a3 
Dealt to e4004c1b 
fc2ef5a: folds
Hero: folds
a8875224: folds
974491a3: raises $0.2 to $0.3
e4004c1b: folds
1f6f9230: calls $0.2
*** FLOP *** [Jd Kc 2h]
1f6f9230: checks
974491a3: bets $0.36
1f6f9230: folds
Uncalled bet ($0.36) returned to 974491a3
*** SHOWDOWN ***
974491a3 collected $0.62 from pot
*** SUMMARY ***
Total pot $0.65 | Rake $0.03 | Jackpot $0 | Bingo $0 | Fortune $0 | Tax $0
Board [Jd Kc 2h]
Seat 1: 1f6f9230 (big blind) folded on the Flop
Seat 2: fc2ef5a folded before Flop (didn't bet)
Seat 3: Hero folded before Flop (didn't bet)
Seat 4: a8875224 folded before Flop (didn't bet)
Seat 5: 974491a3 (button) won ($0.62)
Seat 6: e4004c1b (small blind) folded before Flop


Poker Hand #HD1789237128: Hold'em No Limit ($0.05/$0.1) - 2024/05/27 01:36:52
Table 'NLHRed17' 6-max Seat #4 is the button
Seat 1: 1f6f9230 ($10.09 in chips)
Seat 2: fc2ef5a ($10.89 in chips)
Seat 3: Hero ($10 in chips)
Seat 4: a8875224 ($4.6 in chips)
Seat 5: 974491a3 ($10 in chips)
Seat 6: e4004c1b ($10.36 in chips)
974491a3: posts small blind $0.05
e4004c1b: posts big blind $0.1
*** HOLE CARDS ***
Dealt to 1f6f9230 
Dealt to fc2ef5a 
Dealt to Hero [8s 8c]
Dealt to a8875224 
Dealt to 974491a3 
Dealt to e4004c1b 
1f6f9230: calls $0.1
fc2ef5a: raises $0.18 to $0.28
Hero: folds
a8875224: calls $0.28
974491a3: folds
e4004c1b: folds
1f6f9230: calls $0.18
*** FLOP *** [7c 9d Ts]
1f6f9230: checks
fc2ef5a: bets $0.33
a8875224: raises $0.67 to $1
1f6f9230: folds
fc2ef5a: folds
Uncalled bet ($0.67) returned to a8875224
a8875224: shows [Ks Kc] (Pair of Kings)
*** SHOWDOWN ***
a8875224 collected $1.57 from pot
*** SUMMARY ***
Total pot $1.65 | Rake $0.08 | Jackpot $0 | Bingo $0 | Fortune $0 | Tax $0
Board [7c 9d Ts]
Seat 1: 1f6f9230 folded on the Flop
Seat 2: fc2ef5a folded on the Flop
Seat 3: Hero folded before Flop (didn't bet)
Seat 4: a8875224 (button) showed [Ks Kc] and won ($1.57)
Seat 5: 974491a3 (small blind) folded before Flop
Seat 6: e4004c1b (big blind) folded before Flop


Poker Hand #HD1789237051: Hold'em No Limit ($0.05/$0.1) - 2024/05/27 01:36:13
Table 'NLHRed17' 6-max Seat #3 is the button
Seat 1: 1f6f9230 ($10.19 in chips)
Seat 2: fc2ef5a ($10.89 in chips)
Seat 3: Hero ($10 in chips)
Seat 4: a8875224 ($4.41 in chips)
Seat 5: 974491a3 ($10 in chips)
Seat 6: e4004c1b ($10.36 in chips)
a8875224: posts small blind $0.05
974491a3: posts big blind $0.1
*** HOLE CARDS ***
Dealt to 1f6f9230 
Dealt to fc2ef5a 
Dealt to Hero [Th 7c]
Dealt to a8875224 
Dealt to 974491a3 
Dealt to e4004c1b 
e4004c1b: folds
1f6f9230: calls $0.1
fc2ef5a: folds
Hero: folds
a8875224: calls $0.05
974491a3: checks
*** FLOP *** [Kc 3c Qs]
a8875224: bets $0.3
974491a3: folds
1f6f9230: folds
Uncalled bet ($0.3) returned to a8875224
*** SHOWDOWN ***
a8875224 collected $0.29 from pot
*** SUMMARY ***
Total pot $0.3 | Rake $0.01 | Jackpot $0 | Bingo $0 | Fortune $0 | Tax $0
Board [Kc 3c Qs]
Seat 1: 1f6f9230 folded on the Flop
Seat 2: fc2ef5a folded before Flop (didn't bet)
Seat 3: Hero (button) folded before Flop (didn't bet)
Seat 4: a8875224 (small blind) won ($0.29)
Seat 5: 974491a3 (big blind) folded on the Flop
Seat 6: e4004c1b folded before Flop (didn't bet)


Poker Hand #HD1789236999: Hold'em No Limit ($0.05/$0.1) - 2024/05/27 01:35:40
Table 'NLHRed17' 6-max Seat #2 is the button
Seat 1: 1f6f9230 ($10.19 in chips)
Seat 2: fc2ef5a ($10.66 in chips)
Seat 3: Hero ($10 in chips)
Seat 4: a8875224 ($4.61 in chips)
Seat 6: e4004c1b ($10.36 in chips)
Hero: posts small blind $0.05
a8875224: posts big blind $0.1
*** HOLE CARDS ***
Dealt to 1f6f9230 
Dealt to fc2ef5a 
Dealt to Hero [8d Ac]
Dealt to a8875224 
Dealt to e4004c1b 
e4004c1b: folds
1f6f9230: folds
fc2ef5a: raises $0.1 to $0.2
Hero: folds
a8875224: calls $0.1
*** FLOP *** [Kd 4h Ah]
a8875224: checks
fc2ef5a: bets $0.15
a8875224: folds
Uncalled bet ($0.15) returned to fc2ef5a
*** SHOWDOWN ***
fc2ef5a collected $0.43 from pot
*** SUMMARY ***
Total pot $0.45 | Rake $0.02 | Jackpot $0 | Bingo $0 | Fortune $0 | Tax $0
Board [Kd 4h Ah]
Seat 1: 1f6f9230 folded before Flop (didn't bet)
Seat 2: fc2ef5a (button) won ($0.43)
Seat 3: Hero (small blind) folded before Flop
Seat 4: a8875224 (big blind) folded on the Flop
Seat 6: e4004c1b folded before Flop (didn't bet)


Poker Hand #HD1789236851: Hold'em No Limit ($0.05/$0.1) - 2024/05/27 01:34:24
Table 'NLHRed17' 6-max Seat #1 is the button
Seat 1: 1f6f9230 ($8.83 in chips)
Seat 2: fc2ef5a ($10.86 in chips)
Seat 3: Hero ($10.69 in chips)
Seat 4: a8875224 ($4.61 in chips)
Seat 5: d8eda6ab ($12.04 in chips)
Seat 6: e4004c1b ($10.36 in chips)
fc2ef5a: posts small blind $0.05
Hero: posts big blind $0.1
*** HOLE CARDS ***
Dealt to 1f6f9230 
Dealt to fc2ef5a 
Dealt to Hero [Td Kd]
Dealt to a8875224 
Dealt to d8eda6ab 
Dealt to e4004c1b 
a8875224: folds
d8eda6ab: folds
e4004c1b: folds
1f6f9230: calls $0.1
fc2ef5a: raises $0.1 to $0.2
Hero: raises $0.7 to $0.9
1f6f9230: calls $0.8
fc2ef5a: folds
*** FLOP *** [Kc 7c 6c]
Hero: bets $0.5
1f6f9230: raises $3 to $3.5
Hero: folds
Uncalled bet ($3) returned to 1f6f9230
*** SHOWDOWN ***
1f6f9230 collected $2.76 from pot
*** SUMMARY ***
Total pot $3 | Rake $0.14 | Jackpot $0.1 | Bingo $0 | Fortune $0 | Tax $0
Board [Kc 7c 6c]
Seat 1: 1f6f9230 (button) won ($2.76)
Seat 2: fc2ef5a (small blind) folded before Flop
Seat 3: Hero (big blind) folded on the Flop
Seat 4: a8875224 folded before Flop (didn't bet)
Seat 5: d8eda6ab folded before Flop (didn't bet)
Seat 6: e4004c1b folded before Flop (didn't bet)


Poker Hand #HD1789236763: Hold'em No Limit ($0.05/$0.1) - 2024/05/27 01:33:38
Table 'NLHRed17' 6-max Seat #6 is the button
Seat 1: 1f6f9230 ($9.27 in chips)
Seat 2: fc2ef5a ($10.96 in chips)
Seat 3: Hero ($10 in chips)
Seat 4: a8875224 ($4.61 in chips)
Seat 5: d8eda6ab ($12.04 in chips)
Seat 6: e4004c1b ($10.56 in chips)
1f6f9230: posts small blind $0.05
fc2ef5a: posts big blind $0.1
*** HOLE CARDS ***
Dealt to 1f6f9230 
Dealt to fc2ef5a 
Dealt to Hero [Ac 2c]
Dealt to a8875224 
Dealt to d8eda6ab 
Dealt to e4004c1b 
Hero: raises $0.1 to $0.2
a8875224: folds
d8eda6ab: folds
e4004c1b: calls $0.2
1f6f9230: calls $0.15
fc2ef5a: folds
*** FLOP *** [2d As 4d]
1f6f9230: checks
Hero: bets $0.24
e4004c1b: folds
1f6f9230: calls $0.24
*** TURN *** [2d As 4d] [Ks]
1f6f9230: checks
Hero: bets $0.8
1f6f9230: folds
Uncalled bet ($0.8) returned to Hero
*** SHOWDOWN ***
Hero collected $1.13 from pot
*** SUMMARY ***
Total pot $1.18 | Rake $0.05 | Jackpot $0 | Bingo $0 | Fortune $0 | Tax $0
Board [2d As 4d Ks]
Seat 1: 1f6f9230 (small blind) folded on the Turn
Seat 2: fc2ef5a (big blind) folded before Flop
Seat 3: Hero won ($1.13)
Seat 4: a8875224 folded before Flop (didn't bet)
Seat 5: d8eda6ab folded before Flop (didn't bet)
Seat 6: e4004c1b (button) folded on the Flop


Poker Hand #HD1789236742: Hold'em No Limit ($0.05/$0.1) - 2024/05/27 01:33:29
Table 'NLHRed17' 6-max Seat #5 is the button
Seat 1: 1f6f9230 ($9.22 in chips)
Seat 2: fc2ef5a ($10.96 in chips)
Seat 3: Hero ($10 in chips)
Seat 4: a8875224 ($4.61 in chips)
Seat 5: d8eda6ab ($12.04 in chips)
Seat 6: e4004c1b ($10.61 in chips)
e4004c1b: posts small blind $0.05
1f6f9230: posts big blind $0.1
*** HOLE CARDS ***
Dealt to 1f6f9230 
Dealt to fc2ef5a 
Dealt to Hero [8h 9d]
Dealt to a8875224 
Dealt to d8eda6ab 
Dealt to e4004c1b 
fc2ef5a: folds
Hero: folds
a8875224: folds
d8eda6ab: folds
e4004c1b: folds
Uncalled bet ($0.05) returned to 1f6f9230
*** SHOWDOWN ***
1f6f9230 collected $0.1 from pot
*** SUMMARY ***
Total pot $0.1 | Rake $0 | Jackpot $0 | Bingo $0 | Fortune $0 | Tax $0
Seat 1: 1f6f9230 (big blind) collected ($0.1)
Seat 2: fc2ef5a folded before Flop (didn't bet)
Seat 3: Hero folded before Flop (didn't bet)
Seat 4: a8875224 folded before Flop (didn't bet)
Seat 5: d8eda6ab (button) folded before Flop (didn't bet)
Seat 6: e4004c1b (small blind) folded before Flop


Poker Hand #HD1789236582: Hold'em No Limit ($0.05/$0.1) - 2024/05/27 01:32:09
Table 'NLHRed17' 6-max Seat #4 is the button
Seat 1: 1f6f9230 ($9.22 in chips)
Seat 2: fc2ef5a ($10.96 in chips)
Seat 3: Hero ($10 in chips)
Seat 4: a8875224 ($4.02 in chips)
Seat 5: d8eda6ab ($12.09 in chips)
Seat 6: e4004c1b ($11.21 in chips)
d8eda6ab: posts small blind $0.05
e4004c1b: posts big blind $0.1
*** HOLE CARDS ***
Dealt to 1f6f9230 
Dealt to fc2ef5a 
Dealt to Hero [Jd 7h]
Dealt to a8875224 
Dealt to d8eda6ab 
Dealt to e4004c1b 
1f6f9230: folds
fc2ef5a: folds
Hero: folds
a8875224: raises $0.2 to $0.3
d8eda6ab: folds
e4004c1b: calls $0.2
*** FLOP *** [2d 8d 9s]
e4004c1b: checks
a8875224: checks
*** TURN *** [2d 8d 9s] [Qd]
e4004c1b: checks
a8875224: bets $0.3
e4004c1b: calls $0.3
*** RIVER *** [2d 8d 9s Qd] [6h]
e4004c1b: checks
a8875224: bets $1.25
e4004c1b: folds
Uncalled bet ($1.25) returned to a8875224
*** SHOWDOWN ***
a8875224 collected $1.19 from pot
*** SUMMARY ***
Total pot $1.25 | Rake $0.06 | Jackpot $0 | Bingo $0 | Fortune $0 | Tax $0
Board [2d 8d 9s Qd 6h]
Seat 1: 1f6f9230 folded before Flop (didn't bet)
Seat 2: fc2ef5a folded before Flop (didn't bet)
Seat 3: Hero folded before Flop (didn't bet)
Seat 4: a8875224 (button) won ($1.19)
Seat 5: d8eda6ab (small blind) folded before Flop
Seat 6: e4004c1b (big blind) folded on the River


Poker Hand #HD1789236503: Hold'em No Limit ($0.05/$0.1) - 2024/05/27 01:31:24
Table 'NLHRed17' 6-max Seat #3 is the button
Seat 1: 1f6f9230 ($8.36 in chips)
Seat 2: fc2ef5a ($10.96 in chips)
Seat 3: Hero ($10 in chips)
Seat 4: a8875224 ($4.87 in chips)
Seat 5: d8eda6ab ($12.19 in chips)
Seat 6: e4004c1b ($11.21 in chips)
a8875224: posts small blind $0.05
d8eda6ab: posts big blind $0.1
*** HOLE CARDS ***
Dealt to 1f6f9230 
Dealt to fc2ef5a 
Dealt to Hero [As 4d]
Dealt to a8875224 
Dealt to d8eda6ab 
Dealt to e4004c1b 
e4004c1b: folds
1f6f9230: raises $0.3 to $0.4
fc2ef5a: folds
Hero: folds
a8875224: calls $0.35
d8eda6ab: folds
*** FLOP *** [8s Kd 2h]
a8875224: checks
1f6f9230: bets $0.45
a8875224: calls $0.45
*** TURN *** [8s Kd 2h] [7d]
a8875224: checks
1f6f9230: bets $0.9
a8875224: folds
Uncalled bet ($0.9) returned to 1f6f9230
*** SHOWDOWN ***
1f6f9230 collected $1.71 from pot
*** SUMMARY ***
Total pot $1.8 | Rake $0.09 | Jackpot $0 | Bingo $0 | Fortune $0 | Tax $0
Board [8s Kd 2h 7d]
Seat 1: 1f6f9230 won ($1.71)
Seat 2: fc2ef5a folded before Flop (didn't bet)
Seat 3: Hero (button) folded before Flop (didn't bet)
Seat 4: a8875224 (small blind) folded on the Turn
Seat 5: d8eda6ab (big blind) folded before Flop
Seat 6: e4004c1b folded before Flop (didn't bet)


Poker Hand #HD1789236429: Hold'em No Limit ($0.05/$0.1) - 2024/05/27 01:30:32
Table 'NLHRed17' 6-max Seat #2 is the button
Seat 1: 1f6f9230 ($8.03 in chips)
Seat 2: fc2ef5a ($11.16 in chips)
Seat 3: Hero ($10 in chips)
Seat 4: a8875224 ($4.97 in chips)
Seat 5: d8eda6ab ($12.19 in chips)
Seat 6: e4004c1b ($11.21 in chips)
Hero: posts small blind $0.05
a8875224: posts big blind $0.1
*** HOLE CARDS ***
Dealt to 1f6f9230 
Dealt to fc2ef5a 
Dealt to Hero [2c 4h]
Dealt to a8875224 
Dealt to d8eda6ab 
Dealt to e4004c1b 
d8eda6ab: folds
e4004c1b: folds
1f6f9230: calls $0.1
fc2ef5a: raises $0.1 to $0.2
Hero: folds
a8875224: folds
1f6f9230: calls $0.1
*** FLOP *** [Jd Kc Th]
1f6f9230: checks
fc2ef5a: checks
*** TURN *** [Jd Kc Th] [5s]
1f6f9230: checks
fc2ef5a: checks
*** RIVER *** [Jd Kc Th 5s] [9s]
1f6f9230: checks
fc2ef5a: checks
1f6f9230: shows [5c 7h] (Pair of Fives)
fc2ef5a: shows [2h 2d] (Pair of Twos)
*** SHOWDOWN ***
1f6f9230 collected $0.53 from pot
*** SUMMARY ***
Total pot $0.55 | Rake $0.02 | Jackpot $0 | Bingo $0 | Fortune $0 | Tax $0
Board [Jd Kc Th 5s 9s]
Seat 1: 1f6f9230 showed [5c 7h] and won ($0.53) with Pair of Fives
Seat 2: fc2ef5a (button) showed [2h 2d] and lost with Pair of Twos
Seat 3: Hero (small blind) folded before Flop
Seat 4: a8875224 (big blind) folded before Flop
Seat 5: d8eda6ab folded before Flop (didn't bet)
Seat 6: e4004c1b folded before Flop (didn't bet)


Poker Hand #HD1789236373: Hold'em No Limit ($0.05/$0.1) - 2024/05/27 01:30:01
Table 'NLHRed17' 6-max Seat #1 is the button
Seat 1: 1f6f9230 ($8.33 in chips)
Seat 2: fc2ef5a ($11.21 in chips)
Seat 3: Hero ($10 in chips)
Seat 4: a8875224 ($4.97 in chips)
Seat 5: d8eda6ab ($12.19 in chips)
Seat 6: e4004c1b ($10.79 in chips)
fc2ef5a: posts small blind $0.05
Hero: posts big blind $0.1
*** HOLE CARDS ***
Dealt to 1f6f9230 
Dealt to fc2ef5a 
Dealt to Hero [Ts 6d]
Dealt to a8875224 
Dealt to d8eda6ab 
Dealt to e4004c1b 
a8875224: folds
d8eda6ab: folds
e4004c1b: raises $0.2 to $0.3
1f6f9230: calls $0.3
fc2ef5a: folds
Hero: folds
*** FLOP *** [3s Qc 3c]
e4004c1b: bets $0.38
1f6f9230: folds
Uncalled bet ($0.38) returned to e4004c1b
*** SHOWDOWN ***
e4004c1b collected $0.72 from pot
*** SUMMARY ***
Total pot $0.75 | Rake $0.03 | Jackpot $0 | Bingo $0 | Fortune $0 | Tax $0
Board [3s Qc 3c]
Seat 1: 1f6f9230 (button) folded on the Flop
Seat 2: fc2ef5a (small blind) folded before Flop
Seat 3: Hero (big blind) folded before Flop
Seat 4: a8875224 folded before Flop (didn't bet)
Seat 5: d8eda6ab folded before Flop (didn't bet)
Seat 6: e4004c1b won ($0.72)


