Poker Hand #HD1860509702: Hold'em No Limit ($0.05/$0.1) - 2024/07/17 10:43:58
Table 'NLHRed7' 6-max Seat #5 is the button
Seat 1: 2e460eff ($11.64 in chips)
Seat 3: b9b760eb ($11.02 in chips)
Seat 4: Hero ($10.33 in chips)
Seat 5: 47922f8a ($10 in chips)
Seat 6: 911d37a ($13.2 in chips)
911d37a: posts small blind $0.05
2e460eff: posts big blind $0.1
*** HOLE CARDS ***
Dealt to 2e460eff 
Dealt to b9b760eb 
Dealt to Hero [9s 2s]
Dealt to 47922f8a 
Dealt to 911d37a 
b9b760eb: raises $0.15 to $0.25
Hero: folds
47922f8a: folds
911d37a: calls $0.2
2e460eff: calls $0.15
*** FLOP *** [3c Kh 9d]
911d37a: checks
2e460eff: checks
b9b760eb: checks
*** TURN *** [3c Kh 9d] [7h]
911d37a: checks
2e460eff: bets $0.48
b9b760eb: folds
911d37a: raises $1.29 to $1.77
2e460eff: folds
Uncalled bet ($1.29) returned to 911d37a
*** SHOWDOWN ***
911d37a collected $1.63 from pot
*** SUMMARY ***
Total pot $1.71 | Rake $0.08 | Jackpot $0 | Bingo $0 | Fortune $0 | Tax $0
Board [3c Kh 9d 7h]
Seat 1: 2e460eff (big blind) folded on the Turn
Seat 3: b9b760eb folded on the Turn
Seat 4: Hero folded before Flop (didn't bet)
Seat 5: 47922f8a (button) folded before Flop (didn't bet)
Seat 6: 911d37a (small blind) won ($1.63)


Poker Hand #HD1860509647: Hold'em No Limit ($0.05/$0.1) - 2024/07/17 10:43:28
Table 'NLHRed7' 6-max Seat #4 is the button
Seat 1: 2e460eff ($11.64 in chips)
Seat 3: b9b760eb ($11.02 in chips)
Seat 4: Hero ($10.57 in chips)
Seat 5: 47922f8a ($10 in chips)
Seat 6: 911d37a ($12.93 in chips)
47922f8a: posts small blind $0.05
911d37a: posts big blind $0.1
*** HOLE CARDS ***
Dealt to 2e460eff 
Dealt to b9b760eb 
Dealt to Hero [Jd Ah]
Dealt to 47922f8a 
Dealt to 911d37a 
2e460eff: folds
b9b760eb: folds
Hero: raises $0.14 to $0.24
47922f8a: folds
911d37a: calls $0.14
*** FLOP *** [5h 8c 6d]
911d37a: checks
Hero: checks
*** TURN *** [5h 8c 6d] [8d]
911d37a: bets $0.27
Hero: folds
Uncalled bet ($0.27) returned to 911d37a
*** SHOWDOWN ***
911d37a collected $0.51 from pot
*** SUMMARY ***
Total pot $0.53 | Rake $0.02 | Jackpot $0 | Bingo $0 | Fortune $0 | Tax $0
Board [5h 8c 6d 8d]
Seat 1: 2e460eff folded before Flop (didn't bet)
Seat 3: b9b760eb folded before Flop (didn't bet)
Seat 4: Hero (button) folded on the Turn
Seat 5: 47922f8a (small blind) folded before Flop
Seat 6: 911d37a (big blind) won ($0.51)


Poker Hand #HD1860509599: Hold'em No Limit ($0.05/$0.1) - 2024/07/17 10:42:59
Table 'NLHRed7' 6-max Seat #3 is the button
Seat 1: 2e460eff ($11.89 in chips)
Seat 3: b9b760eb ($11.02 in chips)
Seat 4: Hero ($10.25 in chips)
Seat 5: 47922f8a ($10 in chips)
Seat 6: 911d37a ($12.93 in chips)
Hero: posts small blind $0.05
47922f8a: posts big blind $0.1
*** HOLE CARDS ***
Dealt to 2e460eff 
Dealt to b9b760eb 
Dealt to Hero [Qh Qs]
Dealt to 47922f8a 
Dealt to 911d37a 
911d37a: folds
2e460eff: raises $0.15 to $0.25
b9b760eb: folds
Hero: raises $0.85 to $1.1
47922f8a: folds
2e460eff: folds
Uncalled bet ($0.85) returned to Hero
*** SHOWDOWN ***
Hero collected $0.57 from pot
*** SUMMARY ***
Total pot $0.6 | Rake $0.03 | Jackpot $0 | Bingo $0 | Fortune $0 | Tax $0
Seat 1: 2e460eff folded before Flop
Seat 3: b9b760eb (button) folded before Flop (didn't bet)
Seat 4: Hero (small blind) collected ($0.57)
Seat 5: 47922f8a (big blind) folded before Flop
Seat 6: 911d37a folded before Flop (didn't bet)


Poker Hand #HD1860509535: Hold'em No Limit ($0.05/$0.1) - 2024/07/17 10:42:16
Table 'NLHRed7' 6-max Seat #1 is the button
Seat 1: 2e460eff ($12.59 in chips)
Seat 2: 7e9a2ee6 ($2.09 in chips)
Seat 3: b9b760eb ($11.72 in chips)
Seat 4: Hero ($10.25 in chips)
Seat 5: 47922f8a ($10 in chips)
Seat 6: 911d37a ($11.58 in chips)
7e9a2ee6: posts small blind $0.05
b9b760eb: posts big blind $0.1
*** HOLE CARDS ***
Dealt to 2e460eff 
Dealt to 7e9a2ee6 
Dealt to b9b760eb 
Dealt to Hero [8s 3d]
Dealt to 47922f8a 
Dealt to 911d37a 
Hero: folds
47922f8a: folds
911d37a: raises $0.1 to $0.2
2e460eff: raises $0.5 to $0.7
7e9a2ee6: folds
b9b760eb: calls $0.6
911d37a: raises $1.58 to $2.28
2e460eff: folds
b9b760eb: folds
Uncalled bet ($1.58) returned to 911d37a
*** SHOWDOWN ***
911d37a collected $2.05 from pot
*** SUMMARY ***
Total pot $2.15 | Rake $0.1 | Jackpot $0 | Bingo $0 | Fortune $0 | Tax $0
Seat 1: 2e460eff (button) folded before Flop
Seat 2: 7e9a2ee6 (small blind) folded before Flop
Seat 3: b9b760eb (big blind) folded before Flop
Seat 4: Hero folded before Flop (didn't bet)
Seat 5: 47922f8a folded before Flop (didn't bet)
Seat 6: 911d37a collected ($2.05)


Poker Hand #HD1860509517: Hold'em No Limit ($0.05/$0.1) - 2024/07/17 10:42:05
Table 'NLHRed7' 6-max Seat #6 is the button
Seat 1: 2e460eff ($12.64 in chips)
Seat 2: 7e9a2ee6 ($2.04 in chips)
Seat 3: b9b760eb ($11.72 in chips)
Seat 4: Hero ($10.25 in chips)
Seat 5: 47922f8a ($10 in chips)
Seat 6: 911d37a ($11.58 in chips)
2e460eff: posts small blind $0.05
7e9a2ee6: posts big blind $0.1
*** HOLE CARDS ***
Dealt to 2e460eff 
Dealt to 7e9a2ee6 
Dealt to b9b760eb 
Dealt to Hero [Tc 7h]
Dealt to 47922f8a 
Dealt to 911d37a 
b9b760eb: folds
Hero: folds
47922f8a: folds
911d37a: folds
2e460eff: folds
Uncalled bet ($0.05) returned to 7e9a2ee6
*** SHOWDOWN ***
7e9a2ee6 collected $0.1 from pot
*** SUMMARY ***
Total pot $0.1 | Rake $0 | Jackpot $0 | Bingo $0 | Fortune $0 | Tax $0
Seat 1: 2e460eff (small blind) folded before Flop
Seat 2: 7e9a2ee6 (big blind) collected ($0.1)
Seat 3: b9b760eb folded before Flop (didn't bet)
Seat 4: Hero folded before Flop (didn't bet)
Seat 5: 47922f8a folded before Flop (didn't bet)
Seat 6: 911d37a (button) folded before Flop (didn't bet)


Poker Hand #HD1860509496: Hold'em No Limit ($0.05/$0.1) - 2024/07/17 10:41:50
Table 'NLHRed7' 6-max Seat #5 is the button
Seat 1: 2e460eff ($12.74 in chips)
Seat 2: 7e9a2ee6 ($2.04 in chips)
Seat 3: b9b760eb ($11.57 in chips)
Seat 4: Hero ($10.25 in chips)
Seat 5: 47922f8a ($10 in chips)
Seat 6: 911d37a ($11.63 in chips)
911d37a: posts small blind $0.05
2e460eff: posts big blind $0.1
*** HOLE CARDS ***
Dealt to 2e460eff 
Dealt to 7e9a2ee6 
Dealt to b9b760eb 
Dealt to Hero [Td 2s]
Dealt to 47922f8a 
Dealt to 911d37a 
7e9a2ee6: folds
b9b760eb: raises $0.1 to $0.2
Hero: folds
47922f8a: folds
911d37a: folds
2e460eff: folds
Uncalled bet ($0.1) returned to b9b760eb
*** SHOWDOWN ***
b9b760eb collected $0.25 from pot
*** SUMMARY ***
Total pot $0.25 | Rake $0 | Jackpot $0 | Bingo $0 | Fortune $0 | Tax $0
Seat 1: 2e460eff (big blind) folded before Flop
Seat 2: 7e9a2ee6 folded before Flop (didn't bet)
Seat 3: b9b760eb collected ($0.25)
Seat 4: Hero folded before Flop (didn't bet)
Seat 5: 47922f8a (button) folded before Flop (didn't bet)
Seat 6: 911d37a (small blind) folded before Flop


Poker Hand #HD1860509433: Hold'em No Limit ($0.05/$0.1) - 2024/07/17 10:41:00
Table 'NLHRed7' 6-max Seat #4 is the button
Seat 1: 2e460eff ($12.74 in chips)
Seat 2: 7e9a2ee6 ($2.11 in chips)
Seat 3: b9b760eb ($11.57 in chips)
Seat 4: Hero ($10.33 in chips)
Seat 5: 47922f8a ($10.05 in chips)
Seat 6: 911d37a ($11.73 in chips)
47922f8a: posts small blind $0.05
911d37a: posts big blind $0.1
7e9a2ee6: posts big blind $0.1
*** HOLE CARDS ***
Dealt to 2e460eff 
Dealt to 7e9a2ee6 
Dealt to b9b760eb 
Dealt to Hero [Ts Tc]
Dealt to 47922f8a 
Dealt to 911d37a 
2e460eff: folds
7e9a2ee6: raises $0.1 to $0.2
b9b760eb: folds
Hero: raises $0.5 to $0.7
47922f8a: folds
911d37a: folds
7e9a2ee6: raises $1.41 to $2.11 and is all-in
Hero: calls $1.41
7e9a2ee6: shows [Th As]
Hero: shows [Ts Tc]
*** FIRST FLOP *** [Ks 6s 3s]
*** FIRST TURN *** [Ks 6s 3s] [6d]
*** FIRST RIVER *** [Ks 6s 3s 6d] [Qs]
*** SECOND FLOP *** [4c 9c 8d]
*** SECOND TURN *** [4c 9c 8d] [7h]
*** SECOND RIVER *** [4c 9c 8d 7h] [Td]
*** FIRST SHOWDOWN ***
7e9a2ee6 collected $2.04 from pot
*** SECOND SHOWDOWN ***
Hero collected $2.03 from pot
*** SUMMARY ***
Total pot $4.37 | Rake $0.2 | Jackpot $0.1 | Bingo $0 | Fortune $0 | Tax $0
Hand was run two times
FIRST Board [Ks 6s 3s 6d Qs]
SECOND Board [4c 9c 8d 7h Td]
Seat 1: 2e460eff folded before Flop (didn't bet)
Seat 2: 7e9a2ee6 showed [Th As] and won ($2.04) with Ace High Flush, and lost with Pair of Tens
Seat 3: b9b760eb folded before Flop (didn't bet)
Seat 4: Hero (button) showed [Ts Tc] and lost with King High Flush, and won ($2.03) with Three Tens
Seat 5: 47922f8a (small blind) folded before Flop
Seat 6: 911d37a (big blind) folded before Flop


Poker Hand #HD1860509385: Hold'em No Limit ($0.05/$0.1) - 2024/07/17 10:40:28
Table 'NLHRed7' 6-max Seat #3 is the button
Seat 1: 2e460eff ($12.74 in chips)
Seat 3: b9b760eb ($11.77 in chips)
Seat 4: Hero ($10.05 in chips)
Seat 5: 47922f8a ($10.15 in chips)
Seat 6: 911d37a ($11.73 in chips)
Hero: posts small blind $0.05
47922f8a: posts big blind $0.1
*** HOLE CARDS ***
Dealt to 2e460eff 
Dealt to b9b760eb 
Dealt to Hero [Js Jc]
Dealt to 47922f8a 
Dealt to 911d37a 
911d37a: folds
2e460eff: folds
b9b760eb: raises $0.1 to $0.2
Hero: raises $0.8 to $1
47922f8a: folds
b9b760eb: folds
Uncalled bet ($0.8) returned to Hero
*** SHOWDOWN ***
Hero collected $0.48 from pot
*** SUMMARY ***
Total pot $0.5 | Rake $0.02 | Jackpot $0 | Bingo $0 | Fortune $0 | Tax $0
Seat 1: 2e460eff folded before Flop (didn't bet)
Seat 3: b9b760eb (button) folded before Flop
Seat 4: Hero (small blind) collected ($0.48)
Seat 5: 47922f8a (big blind) folded before Flop
Seat 6: 911d37a folded before Flop (didn't bet)


Poker Hand #HD1860509362: Hold'em No Limit ($0.05/$0.1) - 2024/07/17 10:40:14
Table 'NLHRed7' 6-max Seat #1 is the button
Seat 1: 2e460eff ($12.74 in chips)
Seat 3: b9b760eb ($11.67 in chips)
Seat 4: Hero ($10.15 in chips)
Seat 5: 47922f8a ($10.15 in chips)
Seat 6: 911d37a ($11.73 in chips)
b9b760eb: posts small blind $0.05
Hero: posts big blind $0.1
*** HOLE CARDS ***
Dealt to 2e460eff 
Dealt to b9b760eb 
Dealt to Hero [Qc 2h]
Dealt to 47922f8a 
Dealt to 911d37a 
47922f8a: folds
911d37a: folds
2e460eff: folds
b9b760eb: raises $0.2 to $0.3
Hero: folds
Uncalled bet ($0.2) returned to b9b760eb
*** SHOWDOWN ***
b9b760eb collected $0.2 from pot
*** SUMMARY ***
Total pot $0.2 | Rake $0 | Jackpot $0 | Bingo $0 | Fortune $0 | Tax $0
Seat 1: 2e460eff (button) folded before Flop (didn't bet)
Seat 3: b9b760eb (small blind) collected ($0.2)
Seat 4: Hero (big blind) folded before Flop
Seat 5: 47922f8a folded before Flop (didn't bet)
Seat 6: 911d37a folded before Flop (didn't bet)


Poker Hand #HD1860509334: Hold'em No Limit ($0.05/$0.1) - 2024/07/17 10:39:58
Table 'NLHRed7' 6-max Seat #6 is the button
Seat 1: 2e460eff ($12.79 in chips)
Seat 3: b9b760eb ($11.77 in chips)
Seat 4: Hero ($10.15 in chips)
Seat 5: 47922f8a ($10 in chips)
Seat 6: 911d37a ($11.73 in chips)
2e460eff: posts small blind $0.05
b9b760eb: posts big blind $0.1
*** HOLE CARDS ***
Dealt to 2e460eff 
Dealt to b9b760eb 
Dealt to Hero [5h Kh]
Dealt to 47922f8a 
Dealt to 911d37a 
Hero: folds
47922f8a: raises $0.15 to $0.25
911d37a: folds
2e460eff: folds
b9b760eb: folds
Uncalled bet ($0.15) returned to 47922f8a
*** SHOWDOWN ***
47922f8a collected $0.25 from pot
*** SUMMARY ***
Total pot $0.25 | Rake $0 | Jackpot $0 | Bingo $0 | Fortune $0 | Tax $0
Seat 1: 2e460eff (small blind) folded before Flop
Seat 3: b9b760eb (big blind) folded before Flop
Seat 4: Hero folded before Flop (didn't bet)
Seat 5: 47922f8a collected ($0.25)
Seat 6: 911d37a (button) folded before Flop (didn't bet)


Poker Hand #HD1860509297: Hold'em No Limit ($0.05/$0.1) - 2024/07/17 10:39:35
Table 'NLHRed7' 6-max Seat #5 is the button
Seat 1: 2e460eff ($12.89 in chips)
Seat 2: ef857d93 ($3.17 in chips)
Seat 3: b9b760eb ($11.77 in chips)
Seat 4: Hero ($10 in chips)
Seat 5: 47922f8a ($10 in chips)
Seat 6: 911d37a ($11.78 in chips)
911d37a: posts small blind $0.05
2e460eff: posts big blind $0.1
*** HOLE CARDS ***
Dealt to 2e460eff 
Dealt to ef857d93 
Dealt to b9b760eb 
Dealt to Hero [As Ah]
Dealt to 47922f8a 
Dealt to 911d37a 
ef857d93: folds
b9b760eb: folds
Hero: raises $0.14 to $0.24
47922f8a: folds
911d37a: folds
2e460eff: folds
Uncalled bet ($0.14) returned to Hero
*** SHOWDOWN ***
Hero collected $0.25 from pot
*** SUMMARY ***
Total pot $0.25 | Rake $0 | Jackpot $0 | Bingo $0 | Fortune $0 | Tax $0
Seat 1: 2e460eff (big blind) folded before Flop
Seat 2: ef857d93 folded before Flop (didn't bet)
Seat 3: b9b760eb folded before Flop (didn't bet)
Seat 4: Hero collected ($0.25)
Seat 5: 47922f8a (button) folded before Flop (didn't bet)
Seat 6: 911d37a (small blind) folded before Flop


Poker Hand #HD1860509189: Hold'em No Limit ($0.05/$0.1) - 2024/07/17 10:38:29
Table 'NLHRed7' 6-max Seat #4 is the button
Seat 1: 2e460eff ($12.89 in chips)
Seat 2: ef857d93 ($3.17 in chips)
Seat 3: b9b760eb ($11.77 in chips)
Seat 4: Hero ($10 in chips)
Seat 5: 47922f8a ($10.91 in chips)
Seat 6: 911d37a ($10.52 in chips)
47922f8a: posts small blind $0.05
911d37a: posts big blind $0.1
*** HOLE CARDS ***
Dealt to 2e460eff 
Dealt to ef857d93 
Dealt to b9b760eb 
Dealt to Hero [2h Td]
Dealt to 47922f8a 
Dealt to 911d37a 
2e460eff: folds
ef857d93: folds
b9b760eb: folds
Hero: folds
47922f8a: raises $0.2 to $0.3
911d37a: raises $0.6 to $0.9
47922f8a: calls $0.6
*** FLOP *** [Th 8c Jd]
47922f8a: checks
911d37a: bets $0.6
47922f8a: calls $0.6
*** TURN *** [Th 8c Jd] [8h]
47922f8a: checks
911d37a: bets $2.25
47922f8a: folds
Uncalled bet ($2.25) returned to 911d37a
*** SHOWDOWN ***
911d37a collected $2.76 from pot
*** SUMMARY ***
Total pot $3 | Rake $0.14 | Jackpot $0.1 | Bingo $0 | Fortune $0 | Tax $0
Board [Th 8c Jd 8h]
Seat 1: 2e460eff folded before Flop (didn't bet)
Seat 2: ef857d93 folded before Flop (didn't bet)
Seat 3: b9b760eb folded before Flop (didn't bet)
Seat 4: Hero (button) folded before Flop (didn't bet)
Seat 5: 47922f8a (small blind) folded on the Turn
Seat 6: 911d37a (big blind) won ($2.76)


Poker Hand #HD1860509163: Hold'em No Limit ($0.05/$0.1) - 2024/07/17 10:38:12
Table 'NLHRed7' 6-max Seat #3 is the button
Seat 1: 2e460eff ($12.89 in chips)
Seat 2: ef857d93 ($3.17 in chips)
Seat 3: b9b760eb ($11.77 in chips)
Seat 4: Hero ($10 in chips)
Seat 5: 47922f8a ($11.01 in chips)
Seat 6: 911d37a ($10.37 in chips)
Hero: posts small blind $0.05
47922f8a: posts big blind $0.1
*** HOLE CARDS ***
Dealt to 2e460eff 
Dealt to ef857d93 
Dealt to b9b760eb 
Dealt to Hero [7d Qd]
Dealt to 47922f8a 
Dealt to 911d37a 
911d37a: raises $0.1 to $0.2
2e460eff: folds
ef857d93: folds
b9b760eb: folds
Hero: folds
47922f8a: folds
Uncalled bet ($0.1) returned to 911d37a
*** SHOWDOWN ***
911d37a collected $0.25 from pot
*** SUMMARY ***
Total pot $0.25 | Rake $0 | Jackpot $0 | Bingo $0 | Fortune $0 | Tax $0
Seat 1: 2e460eff folded before Flop (didn't bet)
Seat 2: ef857d93 folded before Flop (didn't bet)
Seat 3: b9b760eb (button) folded before Flop (didn't bet)
Seat 4: Hero (small blind) folded before Flop
Seat 5: 47922f8a (big blind) folded before Flop
Seat 6: 911d37a collected ($0.25)


Poker Hand #HD1860509132: Hold'em No Limit ($0.05/$0.1) - 2024/07/17 10:37:52
Table 'NLHRed7' 6-max Seat #2 is the button
Seat 1: 2e460eff ($12.89 in chips)
Seat 2: ef857d93 ($3.17 in chips)
Seat 3: b9b760eb ($11.82 in chips)
Seat 4: Hero ($10 in chips)
Seat 5: 47922f8a ($10.86 in chips)
Seat 6: 911d37a ($10.37 in chips)
b9b760eb: posts small blind $0.05
Hero: posts big blind $0.1
*** HOLE CARDS ***
Dealt to 2e460eff 
Dealt to ef857d93 
Dealt to b9b760eb 
Dealt to Hero [7d Ks]
Dealt to 47922f8a 
Dealt to 911d37a 
47922f8a: raises $0.15 to $0.25
911d37a: folds
2e460eff: folds
ef857d93: folds
b9b760eb: folds
Hero: folds
Uncalled bet ($0.15) returned to 47922f8a
*** SHOWDOWN ***
47922f8a collected $0.25 from pot
*** SUMMARY ***
Total pot $0.25 | Rake $0 | Jackpot $0 | Bingo $0 | Fortune $0 | Tax $0
Seat 1: 2e460eff folded before Flop (didn't bet)
Seat 2: ef857d93 (button) folded before Flop (didn't bet)
Seat 3: b9b760eb (small blind) folded before Flop
Seat 4: Hero (big blind) folded before Flop
Seat 5: 47922f8a collected ($0.25)
Seat 6: 911d37a folded before Flop (didn't bet)


