Poker Hand #HD1733558790: Hold'em No Limit ($0.02/$0.05) - 2024/04/16 23:05:32
Table 'NLHBlue5' 6-max Seat #4 is the button
Seat 1: 64181336 ($4.74 in chips)
Seat 2: 198746bc ($5.14 in chips)
Seat 3: Hero ($11.39 in chips)
Seat 4: c3fe02e5 ($6.19 in chips)
Seat 6: e5c819fa ($5.49 in chips)
e5c819fa: posts small blind $0.02
64181336: posts big blind $0.05
*** HOLE CARDS ***
Dealt to 64181336 
Dealt to 198746bc 
Dealt to Hero [8h Jh]
Dealt to c3fe02e5 
Dealt to e5c819fa 
198746bc: raises $0.05 to $0.1
Hero: folds
c3fe02e5: folds
e5c819fa: folds
64181336: calls $0.05
*** FLOP *** [4d 6c Tc]
64181336: bets $0.05
198746bc: calls $0.05
*** TURN *** [4d 6c Tc] [Jd]
64181336: bets $0.05
198746bc: raises $0.21 to $0.26
64181336: folds
Uncalled bet ($0.21) returned to 198746bc
*** SHOWDOWN ***
198746bc collected $0.4 from pot
*** SUMMARY ***
Total pot $0.42 | Rake $0.02 | Jackpot $0 | Bingo $0 | Fortune $0 | Tax $0
Board [4d 6c Tc Jd]
Seat 1: 64181336 (big blind) folded on the Turn
Seat 2: 198746bc won ($0.4)
Seat 3: Hero folded before Flop (didn't bet)
Seat 4: c3fe02e5 (button) folded before Flop (didn't bet)
Seat 6: e5c819fa (small blind) folded before Flop


Poker Hand #HD1733558723: Hold'em No Limit ($0.02/$0.05) - 2024/04/16 23:04:50
Table 'NLHBlue5' 6-max Seat #3 is the button
Seat 1: 64181336 ($4.94 in chips)
Seat 2: 198746bc ($5.14 in chips)
Seat 3: Hero ($11.39 in chips)
Seat 4: c3fe02e5 ($6.21 in chips)
Seat 6: e5c819fa ($5.29 in chips)
c3fe02e5: posts small blind $0.02
e5c819fa: posts big blind $0.05
*** HOLE CARDS ***
Dealt to 64181336 
Dealt to 198746bc 
Dealt to Hero [6c Ts]
Dealt to c3fe02e5 
Dealt to e5c819fa 
64181336: calls $0.05
198746bc: folds
Hero: folds
c3fe02e5: folds
e5c819fa: checks
*** FLOP *** [9s Qs 5h]
e5c819fa: checks
64181336: bets $0.05
e5c819fa: calls $0.05
*** TURN *** [9s Qs 5h] [Qc]
e5c819fa: checks
64181336: bets $0.05
e5c819fa: calls $0.05
*** RIVER *** [9s Qs 5h Qc] [9h]
e5c819fa: checks
64181336: bets $0.05
e5c819fa: calls $0.05
64181336: shows [5d 5s] (Fives Full over Queens)
e5c819fa: shows [3s 9c] (Nines Full over Queens)
*** SHOWDOWN ***
e5c819fa collected $0.4 from pot
*** SUMMARY ***
Total pot $0.42 | Rake $0.02 | Jackpot $0 | Bingo $0 | Fortune $0 | Tax $0
Board [9s Qs 5h Qc 9h]
Seat 1: 64181336 showed [5d 5s] and lost with Fives Full over Queens
Seat 2: 198746bc folded before Flop (didn't bet)
Seat 3: Hero (button) folded before Flop (didn't bet)
Seat 4: c3fe02e5 (small blind) folded before Flop
Seat 6: e5c819fa (big blind) showed [3s 9c] and won ($0.4) with Nines Full over Queens


Poker Hand #HD1733558685: Hold'em No Limit ($0.02/$0.05) - 2024/04/16 23:04:28
Table 'NLHBlue5' 6-max Seat #2 is the button
Seat 1: 64181336 ($4.87 in chips)
Seat 2: 198746bc ($5.14 in chips)
Seat 3: Hero ($11.41 in chips)
Seat 4: c3fe02e5 ($6.26 in chips)
Seat 6: e5c819fa ($5.29 in chips)
Hero: posts small blind $0.02
c3fe02e5: posts big blind $0.05
*** HOLE CARDS ***
Dealt to 64181336 
Dealt to 198746bc 
Dealt to Hero [Qd 3c]
Dealt to c3fe02e5 
Dealt to e5c819fa 
e5c819fa: folds
64181336: calls $0.05
198746bc: folds
Hero: folds
c3fe02e5: checks
*** FLOP *** [2h 9h As]
c3fe02e5: checks
64181336: bets $0.05
c3fe02e5: folds
Uncalled bet ($0.05) returned to 64181336
*** SHOWDOWN ***
64181336 collected $0.12 from pot
*** SUMMARY ***
Total pot $0.12 | Rake $0 | Jackpot $0 | Bingo $0 | Fortune $0 | Tax $0
Board [2h 9h As]
Seat 1: 64181336 won ($0.12)
Seat 2: 198746bc (button) folded before Flop (didn't bet)
Seat 3: Hero (small blind) folded before Flop
Seat 4: c3fe02e5 (big blind) folded on the Flop
Seat 6: e5c819fa folded before Flop (didn't bet)


Poker Hand #HD1733558667: Hold'em No Limit ($0.02/$0.05) - 2024/04/16 23:04:17
Table 'NLHBlue5' 6-max Seat #1 is the button
Seat 1: 64181336 ($4.87 in chips)
Seat 2: 198746bc ($5.16 in chips)
Seat 3: Hero ($11.46 in chips)
Seat 4: c3fe02e5 ($6.26 in chips)
Seat 6: e5c819fa ($5.22 in chips)
198746bc: posts small blind $0.02
Hero: posts big blind $0.05
*** HOLE CARDS ***
Dealt to 64181336 
Dealt to 198746bc 
Dealt to Hero [8c Ks]
Dealt to c3fe02e5 
Dealt to e5c819fa 
c3fe02e5: folds
e5c819fa: raises $0.05 to $0.1
64181336: folds
198746bc: folds
Hero: folds
Uncalled bet ($0.05) returned to e5c819fa
*** SHOWDOWN ***
e5c819fa collected $0.12 from pot
*** SUMMARY ***
Total pot $0.12 | Rake $0 | Jackpot $0 | Bingo $0 | Fortune $0 | Tax $0
Seat 1: 64181336 (button) folded before Flop (didn't bet)
Seat 2: 198746bc (small blind) folded before Flop
Seat 3: Hero (big blind) folded before Flop
Seat 4: c3fe02e5 folded before Flop (didn't bet)
Seat 6: e5c819fa collected ($0.12)


Poker Hand #HD1733558551: Hold'em No Limit ($0.02/$0.05) - 2024/04/16 23:03:08
Table 'NLHBlue5' 6-max Seat #6 is the button
Seat 1: 64181336 ($2.72 in chips)
Seat 2: 198746bc ($5.21 in chips)
Seat 3: Hero ($11.56 in chips)
Seat 4: c3fe02e5 ($6.26 in chips)
Seat 5: 8cb9dc34 ($2.33 in chips)
Seat 6: e5c819fa ($5.22 in chips)
64181336: posts small blind $0.02
198746bc: posts big blind $0.05
*** HOLE CARDS ***
Dealt to 64181336 
Dealt to 198746bc 
Dealt to Hero [Kd Qc]
Dealt to c3fe02e5 
Dealt to 8cb9dc34 
Dealt to e5c819fa 
Hero: raises $0.05 to $0.1
c3fe02e5: folds
8cb9dc34: raises $0.25 to $0.35
e5c819fa: folds
64181336: calls $0.33
198746bc: folds
Hero: folds
*** FLOP *** [Qs 3h Jh]
64181336: bets $0.05
8cb9dc34: calls $0.05
*** TURN *** [Qs 3h Jh] [Th]
64181336: bets $0.05
8cb9dc34: calls $0.05
*** RIVER *** [Qs 3h Jh Th] [Qh]
64181336: checks
8cb9dc34: bets $0.53
64181336: raises $0.53 to $1.06
8cb9dc34: raises $0.82 to $1.88 and is all-in
64181336: calls $0.82
8cb9dc34: shows [Jc Jd] (Jacks Full over Queens)
64181336: shows [Kh 9h] (King-High Straight Flush)
*** SHOWDOWN ***
64181336 collected $4.48 from pot
*** SUMMARY ***
Total pot $4.81 | Rake $0.28 | Jackpot $0.05 | Bingo $0 | Fortune $0 | Tax $0
Board [Qs 3h Jh Th Qh]
Seat 1: 64181336 (small blind) showed [Kh 9h] and won ($4.48) with King-High Straight Flush
Seat 2: 198746bc (big blind) folded before Flop
Seat 3: Hero folded before Flop
Seat 4: c3fe02e5 folded before Flop (didn't bet)
Seat 5: 8cb9dc34 showed [Jc Jd] and lost with Jacks Full over Queens
Seat 6: e5c819fa (button) folded before Flop (didn't bet)


Poker Hand #HD1733558439: Hold'em No Limit ($0.02/$0.05) - 2024/04/16 23:02:05
Table 'NLHBlue5' 6-max Seat #5 is the button
Seat 1: 64181336 ($1.94 in chips)
Seat 2: 198746bc ($5.21 in chips)
Seat 3: Hero ($11.56 in chips)
Seat 4: c3fe02e5 ($6.26 in chips)
Seat 5: 8cb9dc34 ($3.24 in chips)
Seat 6: e5c819fa ($5.24 in chips)
e5c819fa: posts small blind $0.02
64181336: posts big blind $0.05
*** HOLE CARDS ***
Dealt to 64181336 
Dealt to 198746bc 
Dealt to Hero [5s 3d]
Dealt to c3fe02e5 
Dealt to 8cb9dc34 
Dealt to e5c819fa 
198746bc: folds
Hero: folds
c3fe02e5: folds
8cb9dc34: raises $0.07 to $0.12
e5c819fa: folds
64181336: calls $0.07
*** FLOP *** [7c 4s Tc]
64181336: bets $0.05
8cb9dc34: raises $0.18 to $0.23
64181336: calls $0.18
*** TURN *** [7c 4s Tc] [3h]
64181336: bets $0.05
8cb9dc34: calls $0.05
*** RIVER *** [7c 4s Tc 3h] [Jc]
64181336: bets $0.05
8cb9dc34: raises $0.46 to $0.51
64181336: calls $0.46
8cb9dc34: shows [Qs Ac] (Ace-High)
64181336: shows [7s 5d] (Pair of Sevens)
*** SHOWDOWN ***
64181336 collected $1.69 from pot
*** SUMMARY ***
Total pot $1.84 | Rake $0.1 | Jackpot $0.05 | Bingo $0 | Fortune $0 | Tax $0
Board [7c 4s Tc 3h Jc]
Seat 1: 64181336 (big blind) showed [7s 5d] and won ($1.69) with Pair of Sevens
Seat 2: 198746bc folded before Flop (didn't bet)
Seat 3: Hero folded before Flop (didn't bet)
Seat 4: c3fe02e5 folded before Flop (didn't bet)
Seat 5: 8cb9dc34 (button) showed [Qs Ac] and lost with Ace-High
Seat 6: e5c819fa (small blind) folded before Flop


Poker Hand #HD1733558373: Hold'em No Limit ($0.02/$0.05) - 2024/04/16 23:01:28
Table 'NLHBlue5' 6-max Seat #4 is the button
Seat 1: 64181336 ($2.07 in chips)
Seat 2: 198746bc ($5.21 in chips)
Seat 3: Hero ($11.56 in chips)
Seat 4: c3fe02e5 ($6.26 in chips)
Seat 5: 8cb9dc34 ($3.37 in chips)
Seat 6: e5c819fa ($5 in chips)
8cb9dc34: posts small blind $0.02
e5c819fa: posts big blind $0.05
*** HOLE CARDS ***
Dealt to 64181336 
Dealt to 198746bc 
Dealt to Hero [Th 8h]
Dealt to c3fe02e5 
Dealt to 8cb9dc34 
Dealt to e5c819fa 
64181336: calls $0.05
198746bc: folds
Hero: folds
c3fe02e5: folds
8cb9dc34: raises $0.08 to $0.13
e5c819fa: calls $0.08
64181336: calls $0.08
*** FLOP *** [4h 2h As]
8cb9dc34: checks
e5c819fa: bets $0.11
64181336: folds
8cb9dc34: folds
Uncalled bet ($0.11) returned to e5c819fa
*** SHOWDOWN ***
e5c819fa collected $0.37 from pot
*** SUMMARY ***
Total pot $0.39 | Rake $0.02 | Jackpot $0 | Bingo $0 | Fortune $0 | Tax $0
Board [4h 2h As]
Seat 1: 64181336 folded on the Flop
Seat 2: 198746bc folded before Flop (didn't bet)
Seat 3: Hero folded before Flop (didn't bet)
Seat 4: c3fe02e5 (button) folded before Flop (didn't bet)
Seat 5: 8cb9dc34 (small blind) folded on the Flop
Seat 6: e5c819fa (big blind) won ($0.37)


Poker Hand #HD1733558280: Hold'em No Limit ($0.02/$0.05) - 2024/04/16 23:00:40
Table 'NLHBlue5' 6-max Seat #3 is the button
Seat 1: 64181336 ($2.07 in chips)
Seat 2: 198746bc ($5.21 in chips)
Seat 3: Hero ($11.15 in chips)
Seat 4: c3fe02e5 ($6.28 in chips)
Seat 5: 8cb9dc34 ($3.8 in chips)
Seat 6: e5c819fa ($5 in chips)
c3fe02e5: posts small blind $0.02
8cb9dc34: posts big blind $0.05
*** HOLE CARDS ***
Dealt to 64181336 
Dealt to 198746bc 
Dealt to Hero [Th Ts]
Dealt to c3fe02e5 
Dealt to 8cb9dc34 
Dealt to e5c819fa 
e5c819fa: folds
64181336: folds
198746bc: folds
Hero: raises $0.07 to $0.12
c3fe02e5: folds
8cb9dc34: calls $0.07
*** FLOP *** [6c 8h As]
8cb9dc34: bets $0.09
Hero: calls $0.09
*** TURN *** [6c 8h As] [2s]
8cb9dc34: bets $0.22
Hero: calls $0.22
*** RIVER *** [6c 8h As 2s] [Ad]
8cb9dc34: checks
Hero: checks
8cb9dc34: shows [7s 4s] (Pair of Aces)
Hero: shows [Th Ts] (Pair of Aces and Pair of Tens)
*** SHOWDOWN ***
Hero collected $0.84 from pot
*** SUMMARY ***
Total pot $0.88 | Rake $0.04 | Jackpot $0 | Bingo $0 | Fortune $0 | Tax $0
Board [6c 8h As 2s Ad]
Seat 1: 64181336 folded before Flop (didn't bet)
Seat 2: 198746bc folded before Flop (didn't bet)
Seat 3: Hero (button) showed [Th Ts] and won ($0.84) with Pair of Aces and Pair of Tens
Seat 4: c3fe02e5 (small blind) folded before Flop
Seat 5: 8cb9dc34 (big blind) showed [7s 4s] and lost with Pair of Aces
Seat 6: e5c819fa folded before Flop (didn't bet)


Poker Hand #HD1733558167: Hold'em No Limit ($0.02/$0.05) - 2024/04/16 22:59:36
Table 'NLHBlue5' 6-max Seat #2 is the button
Seat 1: 64181336 ($1.09 in chips)
Seat 2: 198746bc ($5.21 in chips)
Seat 3: Hero ($11.17 in chips)
Seat 4: c3fe02e5 ($6.33 in chips)
Seat 5: 8cb9dc34 ($3.8 in chips)
Seat 6: e5c819fa ($5 in chips)
Hero: posts small blind $0.02
c3fe02e5: posts big blind $0.05
*** HOLE CARDS ***
Dealt to 64181336 
Dealt to 198746bc 
Dealt to Hero [9s 7h]
Dealt to c3fe02e5 
Dealt to 8cb9dc34 
Dealt to e5c819fa 
8cb9dc34: folds
e5c819fa: raises $0.07 to $0.12
64181336: calls $0.12
198746bc: folds
Hero: folds
c3fe02e5: folds
*** FLOP *** [Jh 3h 5d]
e5c819fa: bets $0.24
64181336: calls $0.24
*** TURN *** [Jh 3h 5d] [8s]
e5c819fa: bets $0.8
64181336: calls $0.73 and is all-in
Uncalled bet ($0.07) returned to e5c819fa
e5c819fa: shows [Qh Ah] (Ace-High)
64181336: shows [Tc Js] (Pair of Jacks)
*** RIVER *** [Jh 3h 5d 8s] [Ks]
*** SHOWDOWN ***
64181336 collected $2.07 from pot
*** SUMMARY ***
Total pot $2.25 | Rake $0.13 | Jackpot $0.05 | Bingo $0 | Fortune $0 | Tax $0
Board [Jh 3h 5d 8s Ks]
Seat 1: 64181336 showed [Tc Js] and won ($2.07) with Pair of Jacks
Seat 2: 198746bc (button) folded before Flop (didn't bet)
Seat 3: Hero (small blind) folded before Flop
Seat 4: c3fe02e5 (big blind) folded before Flop
Seat 5: 8cb9dc34 folded before Flop (didn't bet)
Seat 6: e5c819fa showed [Qh Ah] and lost with Ace-High


Poker Hand #HD1733558133: Hold'em No Limit ($0.02/$0.05) - 2024/04/16 22:59:20
Table 'NLHBlue5' 6-max Seat #1 is the button
Seat 1: 64181336 ($1.09 in chips)
Seat 2: 198746bc ($5.23 in chips)
Seat 3: Hero ($11.22 in chips)
Seat 4: c3fe02e5 ($6.33 in chips)
Seat 5: 8cb9dc34 ($3.73 in chips)
Seat 6: e5c819fa ($5 in chips)
198746bc: posts small blind $0.02
Hero: posts big blind $0.05
*** HOLE CARDS ***
Dealt to 64181336 
Dealt to 198746bc 
Dealt to Hero [9c 2d]
Dealt to c3fe02e5 
Dealt to 8cb9dc34 
Dealt to e5c819fa 
c3fe02e5: folds
8cb9dc34: raises $0.05 to $0.1
e5c819fa: folds
64181336: folds
198746bc: folds
Hero: folds
Uncalled bet ($0.05) returned to 8cb9dc34
*** SHOWDOWN ***
8cb9dc34 collected $0.12 from pot
*** SUMMARY ***
Total pot $0.12 | Rake $0 | Jackpot $0 | Bingo $0 | Fortune $0 | Tax $0
Seat 1: 64181336 (button) folded before Flop (didn't bet)
Seat 2: 198746bc (small blind) folded before Flop
Seat 3: Hero (big blind) folded before Flop
Seat 4: c3fe02e5 folded before Flop (didn't bet)
Seat 5: 8cb9dc34 collected ($0.12)
Seat 6: e5c819fa folded before Flop (didn't bet)


Poker Hand #HD1733558089: Hold'em No Limit ($0.02/$0.05) - 2024/04/16 22:58:52
Table 'NLHBlue5' 6-max Seat #6 is the button
Seat 1: 64181336 ($0.85 in chips)
Seat 2: 198746bc ($5.28 in chips)
Seat 3: Hero ($11.22 in chips)
Seat 4: c3fe02e5 ($6.55 in chips)
Seat 5: 8cb9dc34 ($3.73 in chips)
Seat 6: e5c819fa ($5 in chips)
64181336: posts small blind $0.02
198746bc: posts big blind $0.05
*** HOLE CARDS ***
Dealt to 64181336 
Dealt to 198746bc 
Dealt to Hero [As 2h]
Dealt to c3fe02e5 
Dealt to 8cb9dc34 
Dealt to e5c819fa 
Hero: folds
c3fe02e5: raises $0.07 to $0.12
8cb9dc34: folds
e5c819fa: folds
64181336: calls $0.1
198746bc: folds
*** FLOP *** [Ad Qd Ks]
64181336: checks
c3fe02e5: bets $0.1
64181336: raises $0.1 to $0.2
c3fe02e5: folds
Uncalled bet ($0.1) returned to 64181336
*** SHOWDOWN ***
64181336 collected $0.46 from pot
*** SUMMARY ***
Total pot $0.49 | Rake $0.03 | Jackpot $0 | Bingo $0 | Fortune $0 | Tax $0
Board [Ad Qd Ks]
Seat 1: 64181336 (small blind) won ($0.46)
Seat 2: 198746bc (big blind) folded before Flop
Seat 3: Hero folded before Flop (didn't bet)
Seat 4: c3fe02e5 folded on the Flop
Seat 5: 8cb9dc34 folded before Flop (didn't bet)
Seat 6: e5c819fa (button) folded before Flop (didn't bet)


Poker Hand #HD1733558013: Hold'em No Limit ($0.02/$0.05) - 2024/04/16 22:58:07
Table 'NLHBlue5' 6-max Seat #5 is the button
Seat 1: 64181336 ($1 in chips)
Seat 2: 198746bc ($5.12 in chips)
Seat 3: Hero ($11.22 in chips)
Seat 4: c3fe02e5 ($6.55 in chips)
Seat 5: 8cb9dc34 ($3.73 in chips)
Seat 6: e5c819fa ($4.52 in chips)
e5c819fa: posts small blind $0.02
64181336: posts big blind $0.05
*** HOLE CARDS ***
Dealt to 64181336 
Dealt to 198746bc 
Dealt to Hero [4d 4c]
Dealt to c3fe02e5 
Dealt to 8cb9dc34 
Dealt to e5c819fa 
198746bc: raises $0.05 to $0.1
Hero: folds
c3fe02e5: folds
8cb9dc34: folds
e5c819fa: folds
64181336: calls $0.05
*** FLOP *** [Ks 9s 3d]
64181336: checks
198746bc: checks
*** TURN *** [Ks 9s 3d] [6s]
64181336: checks
198746bc: checks
*** RIVER *** [Ks 9s 3d 6s] [Kc]
64181336: bets $0.05
198746bc: calls $0.05
64181336: shows [8h 7h] (Pair of Kings)
198746bc: shows [2d 2c] (Pair of Kings and Pair of Twos)
*** SHOWDOWN ***
198746bc collected $0.31 from pot
*** SUMMARY ***
Total pot $0.32 | Rake $0.01 | Jackpot $0 | Bingo $0 | Fortune $0 | Tax $0
Board [Ks 9s 3d 6s Kc]
Seat 1: 64181336 (big blind) showed [8h 7h] and lost with Pair of Kings
Seat 2: 198746bc showed [2d 2c] and won ($0.31) with Pair of Kings and Pair of Twos
Seat 3: Hero folded before Flop (didn't bet)
Seat 4: c3fe02e5 folded before Flop (didn't bet)
Seat 5: 8cb9dc34 (button) folded before Flop (didn't bet)
Seat 6: e5c819fa (small blind) folded before Flop


Poker Hand #HD1733557926: Hold'em No Limit ($0.02/$0.05) - 2024/04/16 22:57:17
Table 'NLHBlue5' 6-max Seat #4 is the button
Seat 2: 198746bc ($5.12 in chips)
Seat 3: Hero ($10.77 in chips)
Seat 4: c3fe02e5 ($6.55 in chips)
Seat 5: 8cb9dc34 ($3.97 in chips)
Seat 6: e5c819fa ($4.76 in chips)
8cb9dc34: posts small blind $0.02
e5c819fa: posts big blind $0.05
*** HOLE CARDS ***
Dealt to 198746bc 
Dealt to Hero [Jd Qs]
Dealt to c3fe02e5 
Dealt to 8cb9dc34 
Dealt to e5c819fa 
198746bc: folds
Hero: raises $0.07 to $0.12
c3fe02e5: folds
8cb9dc34: calls $0.1
e5c819fa: calls $0.07
*** FLOP *** [9s Jh Kd]
8cb9dc34: checks
e5c819fa: checks
Hero: checks
*** TURN *** [9s Jh Kd] [9d]
8cb9dc34: bets $0.12
e5c819fa: calls $0.12
Hero: calls $0.12
*** RIVER *** [9s Jh Kd 9d] [Js]
8cb9dc34: checks
e5c819fa: checks
Hero: bets $0.35
8cb9dc34: folds
e5c819fa: folds
Uncalled bet ($0.35) returned to Hero
*** SHOWDOWN ***
Hero collected $0.69 from pot
*** SUMMARY ***
Total pot $0.72 | Rake $0.03 | Jackpot $0 | Bingo $0 | Fortune $0 | Tax $0
Board [9s Jh Kd 9d Js]
Seat 2: 198746bc folded before Flop (didn't bet)
Seat 3: Hero won ($0.69)
Seat 4: c3fe02e5 (button) folded before Flop (didn't bet)
Seat 5: 8cb9dc34 (small blind) folded on the River
Seat 6: e5c819fa (big blind) folded on the River


Poker Hand #HD1733557903: Hold'em No Limit ($0.02/$0.05) - 2024/04/16 22:57:05
Table 'NLHBlue5' 6-max Seat #3 is the button
Seat 2: 198746bc ($5.12 in chips)
Seat 3: Hero ($10.77 in chips)
Seat 4: c3fe02e5 ($6.57 in chips)
Seat 5: 8cb9dc34 ($3.95 in chips)
Seat 6: e5c819fa ($4.76 in chips)
c3fe02e5: posts small blind $0.02
8cb9dc34: posts big blind $0.05
*** HOLE CARDS ***
Dealt to 198746bc 
Dealt to Hero [4h 5s]
Dealt to c3fe02e5 
Dealt to 8cb9dc34 
Dealt to e5c819fa 
e5c819fa: folds
198746bc: folds
Hero: folds
c3fe02e5: folds
Uncalled bet ($0.03) returned to 8cb9dc34
*** SHOWDOWN ***
8cb9dc34 collected $0.04 from pot
*** SUMMARY ***
Total pot $0.04 | Rake $0 | Jackpot $0 | Bingo $0 | Fortune $0 | Tax $0
Seat 2: 198746bc folded before Flop (didn't bet)
Seat 3: Hero (button) folded before Flop (didn't bet)
Seat 4: c3fe02e5 (small blind) folded before Flop
Seat 5: 8cb9dc34 (big blind) collected ($0.04)
Seat 6: e5c819fa folded before Flop (didn't bet)


Poker Hand #HD1733557854: Hold'em No Limit ($0.02/$0.05) - 2024/04/16 22:56:41
Table 'NLHBlue5' 6-max Seat #2 is the button
Seat 2: 198746bc ($5.12 in chips)
Seat 3: Hero ($10.92 in chips)
Seat 4: c3fe02e5 ($6.43 in chips)
Seat 5: 8cb9dc34 ($3.95 in chips)
Seat 6: e5c819fa ($4.76 in chips)
Hero: posts small blind $0.02
c3fe02e5: posts big blind $0.05
*** HOLE CARDS ***
Dealt to 198746bc 
Dealt to Hero [7d 7s]
Dealt to c3fe02e5 
Dealt to 8cb9dc34 
Dealt to e5c819fa 
8cb9dc34: folds
e5c819fa: folds
198746bc: folds
Hero: raises $0.1 to $0.15
c3fe02e5: calls $0.1
*** FLOP *** [6c Ad Qc]
Hero: checks
c3fe02e5: bets $0.1
Hero: folds
Uncalled bet ($0.1) returned to c3fe02e5
*** SHOWDOWN ***
c3fe02e5 collected $0.29 from pot
*** SUMMARY ***
Total pot $0.3 | Rake $0.01 | Jackpot $0 | Bingo $0 | Fortune $0 | Tax $0
Board [6c Ad Qc]
Seat 2: 198746bc (button) folded before Flop (didn't bet)
Seat 3: Hero (small blind) folded on the Flop
Seat 4: c3fe02e5 (big blind) won ($0.29)
Seat 5: 8cb9dc34 folded before Flop (didn't bet)
Seat 6: e5c819fa folded before Flop (didn't bet)


Poker Hand #HD1733557826: Hold'em No Limit ($0.02/$0.05) - 2024/04/16 22:56:26
Table 'NLHBlue5' 6-max Seat #6 is the button
Seat 1: 856db4cc ($6.07 in chips)
Seat 2: 198746bc ($5.17 in chips)
Seat 3: Hero ($10.92 in chips)
Seat 4: c3fe02e5 ($6.36 in chips)
Seat 5: 8cb9dc34 ($3.95 in chips)
Seat 6: e5c819fa ($4.76 in chips)
856db4cc: posts small blind $0.02
198746bc: posts big blind $0.05
*** HOLE CARDS ***
Dealt to 856db4cc 
Dealt to 198746bc 
Dealt to Hero [Kh 2h]
Dealt to c3fe02e5 
Dealt to 8cb9dc34 
Dealt to e5c819fa 
Hero: folds
c3fe02e5: raises $0.07 to $0.12
8cb9dc34: folds
e5c819fa: folds
856db4cc: folds
198746bc: folds
Uncalled bet ($0.07) returned to c3fe02e5
*** SHOWDOWN ***
c3fe02e5 collected $0.12 from pot
*** SUMMARY ***
Total pot $0.12 | Rake $0 | Jackpot $0 | Bingo $0 | Fortune $0 | Tax $0
Seat 1: 856db4cc (small blind) folded before Flop
Seat 2: 198746bc (big blind) folded before Flop
Seat 3: Hero folded before Flop (didn't bet)
Seat 4: c3fe02e5 collected ($0.12)
Seat 5: 8cb9dc34 folded before Flop (didn't bet)
Seat 6: e5c819fa (button) folded before Flop (didn't bet)


Poker Hand #HD1733557691: Hold'em No Limit ($0.02/$0.05) - 2024/04/16 22:55:00
Table 'NLHBlue5' 6-max Seat #5 is the button
Seat 1: 856db4cc ($4.95 in chips)
Seat 2: 198746bc ($5.17 in chips)
Seat 3: Hero ($11.02 in chips)
Seat 4: c3fe02e5 ($6.36 in chips)
Seat 5: 8cb9dc34 ($5.12 in chips)
Seat 6: e5c819fa ($4.78 in chips)
e5c819fa: posts small blind $0.02
856db4cc: posts big blind $0.05
*** HOLE CARDS ***
Dealt to 856db4cc 
Dealt to 198746bc 
Dealt to Hero [Jd As]
Dealt to c3fe02e5 
Dealt to 8cb9dc34 
Dealt to e5c819fa 
198746bc: folds
Hero: raises $0.05 to $0.1
c3fe02e5: folds
8cb9dc34: raises $0.25 to $0.35
e5c819fa: folds
856db4cc: raises $0.82 to $1.17
Hero: folds
8cb9dc34: calls $0.82
*** FLOP *** [Js 5h 5s]
856db4cc: bets $1.23
8cb9dc34: folds
Uncalled bet ($1.23) returned to 856db4cc
*** SHOWDOWN ***
856db4cc collected $2.29 from pot
*** SUMMARY ***
Total pot $2.46 | Rake $0.12 | Jackpot $0.05 | Bingo $0 | Fortune $0 | Tax $0
Board [Js 5h 5s]
Seat 1: 856db4cc (big blind) won ($2.29)
Seat 2: 198746bc folded before Flop (didn't bet)
Seat 3: Hero folded before Flop
Seat 4: c3fe02e5 folded before Flop (didn't bet)
Seat 5: 8cb9dc34 (button) folded on the Flop
Seat 6: e5c819fa (small blind) folded before Flop


Poker Hand #HD1733557654: Hold'em No Limit ($0.02/$0.05) - 2024/04/16 22:54:38
Table 'NLHBlue5' 6-max Seat #4 is the button
Seat 1: 856db4cc ($4.95 in chips)
Seat 2: 198746bc ($5.17 in chips)
Seat 3: Hero ($11.02 in chips)
Seat 4: c3fe02e5 ($6.29 in chips)
Seat 5: 8cb9dc34 ($5.14 in chips)
Seat 6: e5c819fa ($4.83 in chips)
8cb9dc34: posts small blind $0.02
e5c819fa: posts big blind $0.05
*** HOLE CARDS ***
Dealt to 856db4cc 
Dealt to 198746bc 
Dealt to Hero [Qh 2d]
Dealt to c3fe02e5 
Dealt to 8cb9dc34 
Dealt to e5c819fa 
856db4cc: folds
198746bc: folds
Hero: folds
c3fe02e5: raises $0.07 to $0.12
8cb9dc34: folds
e5c819fa: folds
Uncalled bet ($0.07) returned to c3fe02e5
*** SHOWDOWN ***
c3fe02e5 collected $0.12 from pot
*** SUMMARY ***
Total pot $0.12 | Rake $0 | Jackpot $0 | Bingo $0 | Fortune $0 | Tax $0
Seat 1: 856db4cc folded before Flop (didn't bet)
Seat 2: 198746bc folded before Flop (didn't bet)
Seat 3: Hero folded before Flop (didn't bet)
Seat 4: c3fe02e5 (button) collected ($0.12)
Seat 5: 8cb9dc34 (small blind) folded before Flop
Seat 6: e5c819fa (big blind) folded before Flop


Poker Hand #HD1733557561: Hold'em No Limit ($0.02/$0.05) - 2024/04/16 22:53:47
Table 'NLHBlue5' 6-max Seat #3 is the button
Seat 1: 856db4cc ($5.08 in chips)
Seat 2: 198746bc ($5.17 in chips)
Seat 3: Hero ($11.02 in chips)
Seat 4: c3fe02e5 ($6.31 in chips)
Seat 5: 8cb9dc34 ($5 in chips)
Seat 6: e5c819fa ($4.83 in chips)
c3fe02e5: posts small blind $0.02
8cb9dc34: posts big blind $0.05
*** HOLE CARDS ***
Dealt to 856db4cc 
Dealt to 198746bc 
Dealt to Hero [Td Kh]
Dealt to c3fe02e5 
Dealt to 8cb9dc34 
Dealt to e5c819fa 
e5c819fa: folds
856db4cc: raises $0.08 to $0.13
198746bc: folds
Hero: folds
c3fe02e5: folds
8cb9dc34: calls $0.08
*** FLOP *** [2s Ah 6c]
8cb9dc34: checks
856db4cc: checks
*** TURN *** [2s Ah 6c] [4h]
8cb9dc34: bets $0.1
856db4cc: folds
Uncalled bet ($0.1) returned to 8cb9dc34
*** SHOWDOWN ***
8cb9dc34 collected $0.27 from pot
*** SUMMARY ***
Total pot $0.28 | Rake $0.01 | Jackpot $0 | Bingo $0 | Fortune $0 | Tax $0
Board [2s Ah 6c 4h]
Seat 1: 856db4cc folded on the Turn
Seat 2: 198746bc folded before Flop (didn't bet)
Seat 3: Hero (button) folded before Flop (didn't bet)
Seat 4: c3fe02e5 (small blind) folded before Flop
Seat 5: 8cb9dc34 (big blind) won ($0.27)
Seat 6: e5c819fa folded before Flop (didn't bet)


Poker Hand #HD1733557518: Hold'em No Limit ($0.02/$0.05) - 2024/04/16 22:53:25
Table 'NLHBlue5' 6-max Seat #2 is the button
Seat 1: 856db4cc ($5.08 in chips)
Seat 2: 198746bc ($5.17 in chips)
Seat 3: Hero ($11.04 in chips)
Seat 4: c3fe02e5 ($6.18 in chips)
Seat 6: e5c819fa ($4.95 in chips)
Hero: posts small blind $0.02
c3fe02e5: posts big blind $0.05
*** HOLE CARDS ***
Dealt to 856db4cc 
Dealt to 198746bc 
Dealt to Hero [8h 2c]
Dealt to c3fe02e5 
Dealt to e5c819fa 
e5c819fa: raises $0.07 to $0.12
856db4cc: folds
198746bc: folds
Hero: folds
c3fe02e5: raises $0.26 to $0.38
e5c819fa: folds
Uncalled bet ($0.26) returned to c3fe02e5
*** SHOWDOWN ***
c3fe02e5 collected $0.25 from pot
*** SUMMARY ***
Total pot $0.26 | Rake $0.01 | Jackpot $0 | Bingo $0 | Fortune $0 | Tax $0
Seat 1: 856db4cc folded before Flop (didn't bet)
Seat 2: 198746bc (button) folded before Flop (didn't bet)
Seat 3: Hero (small blind) folded before Flop
Seat 4: c3fe02e5 (big blind) collected ($0.25)
Seat 6: e5c819fa folded before Flop


Poker Hand #HD1733557477: Hold'em No Limit ($0.02/$0.05) - 2024/04/16 22:53:04
Table 'NLHBlue5' 6-max Seat #1 is the button
Seat 1: 856db4cc ($4.96 in chips)
Seat 2: 198746bc ($5.19 in chips)
Seat 3: Hero ($11.09 in chips)
Seat 4: c3fe02e5 ($6.18 in chips)
Seat 6: e5c819fa ($5 in chips)
198746bc: posts small blind $0.02
Hero: posts big blind $0.05
e5c819fa: posts big blind $0.05
*** HOLE CARDS ***
Dealt to 856db4cc 
Dealt to 198746bc 
Dealt to Hero [3c Kh]
Dealt to c3fe02e5 
Dealt to e5c819fa 
c3fe02e5: folds
e5c819fa: checks
856db4cc: raises $0.08 to $0.13
198746bc: folds
Hero: folds
e5c819fa: folds
Uncalled bet ($0.08) returned to 856db4cc
*** SHOWDOWN ***
856db4cc collected $0.17 from pot
*** SUMMARY ***
Total pot $0.17 | Rake $0 | Jackpot $0 | Bingo $0 | Fortune $0 | Tax $0
Seat 1: 856db4cc (button) collected ($0.17)
Seat 2: 198746bc (small blind) folded before Flop
Seat 3: Hero (big blind) folded before Flop
Seat 4: c3fe02e5 folded before Flop (didn't bet)
Seat 6: e5c819fa folded before Flop


Poker Hand #HD1733557430: Hold'em No Limit ($0.02/$0.05) - 2024/04/16 22:52:35
Table 'NLHBlue5' 6-max Seat #4 is the button
Seat 1: 856db4cc ($5.08 in chips)
Seat 2: 198746bc ($5.19 in chips)
Seat 3: Hero ($11.09 in chips)
Seat 4: c3fe02e5 ($6.05 in chips)
Seat 5: 7e691fc0 ($5 in chips)
7e691fc0: posts small blind $0.02
856db4cc: posts big blind $0.05
*** HOLE CARDS ***
Dealt to 856db4cc 
Dealt to 198746bc 
Dealt to Hero [4s 8d]
Dealt to c3fe02e5 
Dealt to 7e691fc0 
198746bc: folds
Hero: folds
c3fe02e5: raises $0.07 to $0.12
7e691fc0: folds
856db4cc: calls $0.07
*** FLOP *** [6d 5d 5c]
856db4cc: checks
c3fe02e5: bets $0.09
856db4cc: folds
Uncalled bet ($0.09) returned to c3fe02e5
*** SHOWDOWN ***
c3fe02e5 collected $0.25 from pot
*** SUMMARY ***
Total pot $0.26 | Rake $0.01 | Jackpot $0 | Bingo $0 | Fortune $0 | Tax $0
Board [6d 5d 5c]
Seat 1: 856db4cc (big blind) folded on the Flop
Seat 2: 198746bc folded before Flop (didn't bet)
Seat 3: Hero folded before Flop (didn't bet)
Seat 4: c3fe02e5 (button) won ($0.25)
Seat 5: 7e691fc0 (small blind) folded before Flop


Poker Hand #HD1733557408: Hold'em No Limit ($0.02/$0.05) - 2024/04/16 22:52:23
Table 'NLHBlue5' 6-max Seat #3 is the button
Seat 1: 856db4cc ($5.08 in chips)
Seat 2: 198746bc ($5.12 in chips)
Seat 3: Hero ($11.09 in chips)
Seat 4: c3fe02e5 ($6.07 in chips)
Seat 5: 7e691fc0 ($5 in chips)
c3fe02e5: posts small blind $0.02
7e691fc0: posts big blind $0.05
*** HOLE CARDS ***
Dealt to 856db4cc 
Dealt to 198746bc 
Dealt to Hero [5d Qd]
Dealt to c3fe02e5 
Dealt to 7e691fc0 
856db4cc: folds
198746bc: raises $0.06 to $0.11
Hero: folds
c3fe02e5: folds
7e691fc0: folds
Uncalled bet ($0.06) returned to 198746bc
*** SHOWDOWN ***
198746bc collected $0.12 from pot
*** SUMMARY ***
Total pot $0.12 | Rake $0 | Jackpot $0 | Bingo $0 | Fortune $0 | Tax $0
Seat 1: 856db4cc folded before Flop (didn't bet)
Seat 2: 198746bc collected ($0.12)
Seat 3: Hero (button) folded before Flop (didn't bet)
Seat 4: c3fe02e5 (small blind) folded before Flop
Seat 5: 7e691fc0 (big blind) folded before Flop


Poker Hand #HD1733557331: Hold'em No Limit ($0.02/$0.05) - 2024/04/16 22:51:39
Table 'NLHBlue5' 6-max Seat #2 is the button
Seat 1: 856db4cc ($5.08 in chips)
Seat 2: 198746bc ($5.12 in chips)
Seat 3: Hero ($11.11 in chips)
Seat 4: c3fe02e5 ($5.13 in chips)
Seat 5: 7e691fc0 ($5 in chips)
Seat 6: b392be7c ($1.07 in chips)
Hero: posts small blind $0.02
c3fe02e5: posts big blind $0.05
*** HOLE CARDS ***
Dealt to 856db4cc 
Dealt to 198746bc 
Dealt to Hero [7h Ah]
Dealt to c3fe02e5 
Dealt to 7e691fc0 
Dealt to b392be7c 
7e691fc0: folds
b392be7c: raises $1.02 to $1.07 and is all-in
856db4cc: folds
198746bc: folds
Hero: folds
c3fe02e5: calls $1.02
b392be7c: shows [Td Qh]
c3fe02e5: shows [Qd Kd]
*** FLOP *** [Jh 9s 6s]
*** TURN *** [Jh 9s 6s] [Qs]
*** RIVER *** [Jh 9s 6s Qs] [Jd]
*** SHOWDOWN ***
c3fe02e5 collected $2.01 from pot
*** SUMMARY ***
Total pot $2.16 | Rake $0.1 | Jackpot $0.05 | Bingo $0 | Fortune $0 | Tax $0
Board [Jh 9s 6s Qs Jd]
Seat 1: 856db4cc folded before Flop (didn't bet)
Seat 2: 198746bc (button) folded before Flop (didn't bet)
Seat 3: Hero (small blind) folded before Flop
Seat 4: c3fe02e5 (big blind) showed [Qd Kd] and won ($2.01) with Pair of Queens and Pair of Jacks
Seat 5: 7e691fc0 folded before Flop (didn't bet)
Seat 6: b392be7c showed [Td Qh] and lost with Pair of Queens and Pair of Jacks


Poker Hand #HD1733557288: Hold'em No Limit ($0.02/$0.05) - 2024/04/16 22:51:13
Table 'NLHBlue5' 6-max Seat #1 is the button
Seat 1: 856db4cc ($5.08 in chips)
Seat 2: 198746bc ($5.14 in chips)
Seat 3: Hero ($11.16 in chips)
Seat 4: c3fe02e5 ($5.13 in chips)
Seat 5: 7e691fc0 ($5 in chips)
Seat 6: b392be7c ($1 in chips)
198746bc: posts small blind $0.02
Hero: posts big blind $0.05
b392be7c: posts big blind $0.05
*** HOLE CARDS ***
Dealt to 856db4cc 
Dealt to 198746bc 
Dealt to Hero [4s 3s]
Dealt to c3fe02e5 
Dealt to 7e691fc0 
Dealt to b392be7c 
c3fe02e5: folds
7e691fc0: folds
b392be7c: raises $0.95 to $1 and is all-in
856db4cc: folds
198746bc: folds
Hero: folds
Uncalled bet ($0.95) returned to b392be7c
*** SHOWDOWN ***
b392be7c collected $0.12 from pot
*** SUMMARY ***
Total pot $0.12 | Rake $0 | Jackpot $0 | Bingo $0 | Fortune $0 | Tax $0
Seat 1: 856db4cc (button) folded before Flop (didn't bet)
Seat 2: 198746bc (small blind) folded before Flop
Seat 3: Hero (big blind) folded before Flop
Seat 4: c3fe02e5 folded before Flop (didn't bet)
Seat 5: 7e691fc0 folded before Flop (didn't bet)
Seat 6: b392be7c collected ($0.12)


Poker Hand #HD1733557218: Hold'em No Limit ($0.02/$0.05) - 2024/04/16 22:50:37
Table 'NLHBlue5' 6-max Seat #5 is the button
Seat 1: 856db4cc ($5.1 in chips)
Seat 2: 198746bc ($5.26 in chips)
Seat 3: Hero ($11.16 in chips)
Seat 4: c3fe02e5 ($5 in chips)
Seat 5: 7e691fc0 ($5 in chips)
856db4cc: posts small blind $0.02
198746bc: posts big blind $0.05
*** HOLE CARDS ***
Dealt to 856db4cc 
Dealt to 198746bc 
Dealt to Hero [2h 9d]
Dealt to c3fe02e5 
Dealt to 7e691fc0 
Hero: folds
c3fe02e5: raises $0.07 to $0.12
7e691fc0: folds
856db4cc: folds
198746bc: calls $0.07
*** FLOP *** [Qc Th 2s]
198746bc: checks
c3fe02e5: bets $0.09
198746bc: folds
Uncalled bet ($0.09) returned to c3fe02e5
*** SHOWDOWN ***
c3fe02e5 collected $0.25 from pot
*** SUMMARY ***
Total pot $0.26 | Rake $0.01 | Jackpot $0 | Bingo $0 | Fortune $0 | Tax $0
Board [Qc Th 2s]
Seat 1: 856db4cc (small blind) folded before Flop
Seat 2: 198746bc (big blind) folded on the Flop
Seat 3: Hero folded before Flop (didn't bet)
Seat 4: c3fe02e5 won ($0.25)
Seat 5: 7e691fc0 (button) folded before Flop (didn't bet)


Poker Hand #HD1733557137: Hold'em No Limit ($0.02/$0.05) - 2024/04/16 22:49:53
Table 'NLHBlue5' 6-max Seat #4 is the button
Seat 1: 856db4cc ($5.15 in chips)
Seat 2: 198746bc ($5.25 in chips)
Seat 3: Hero ($11.16 in chips)
Seat 4: c3fe02e5 ($5 in chips)
Seat 5: 7e691fc0 ($5.02 in chips)
7e691fc0: posts small blind $0.02
856db4cc: posts big blind $0.05
*** HOLE CARDS ***
Dealt to 856db4cc 
Dealt to 198746bc 
Dealt to Hero [Kh Qh]
Dealt to c3fe02e5 
Dealt to 7e691fc0 
198746bc: raises $0.05 to $0.1
Hero: raises $0.2 to $0.3
c3fe02e5: folds
7e691fc0: folds
856db4cc: folds
198746bc: calls $0.2
*** FLOP *** [Jd Qd 2c]
198746bc: checks
Hero: bets $0.3
198746bc: calls $0.3
*** TURN *** [Jd Qd 2c] [3h]
198746bc: checks
Hero: checks
*** RIVER *** [Jd Qd 2c 3h] [Ac]
198746bc: checks
Hero: checks
198746bc: shows [Qc Kc] (Pair of Queens)
Hero: shows [Kh Qh] (Pair of Queens)
*** SHOWDOWN ***
198746bc collected $0.61 from pot
Hero collected $0.6 from pot
*** SUMMARY ***
Total pot $1.27 | Rake $0.06 | Jackpot $0 | Bingo $0 | Fortune $0 | Tax $0
Board [Jd Qd 2c 3h Ac]
Seat 1: 856db4cc (big blind) folded before Flop
Seat 2: 198746bc showed [Qc Kc] and won ($0.61) with Pair of Queens
Seat 3: Hero showed [Kh Qh] and won ($0.6) with Pair of Queens
Seat 4: c3fe02e5 (button) folded before Flop (didn't bet)
Seat 5: 7e691fc0 (small blind) folded before Flop


Poker Hand #HD1733557036: Hold'em No Limit ($0.02/$0.05) - 2024/04/16 22:48:57
Table 'NLHBlue5' 6-max Seat #3 is the button
Seat 1: 856db4cc ($5.15 in chips)
Seat 2: 198746bc ($5.25 in chips)
Seat 3: Hero ($11.16 in chips)
Seat 4: c3fe02e5 ($5.75 in chips)
Seat 5: 7e691fc0 ($5.07 in chips)
Seat 6: 94ea025e ($2.46 in chips)
c3fe02e5: posts small blind $0.02
7e691fc0: posts big blind $0.05
*** HOLE CARDS ***
Dealt to 856db4cc 
Dealt to 198746bc 
Dealt to Hero [9s Jh]
Dealt to c3fe02e5 
Dealt to 7e691fc0 
Dealt to 94ea025e 
94ea025e: raises $0.05 to $0.1
856db4cc: folds
198746bc: folds
Hero: folds
c3fe02e5: raises $0.32 to $0.42
7e691fc0: folds
94ea025e: calls $0.32
*** FLOP *** [Tc 4h 7c]
c3fe02e5: bets $0.3
94ea025e: calls $0.3
*** TURN *** [Tc 4h 7c] [Kc]
c3fe02e5: bets $1.12
94ea025e: calls $1.12
*** RIVER *** [Tc 4h 7c Kc] [Ks]
c3fe02e5: checks
94ea025e: checks
c3fe02e5: shows [Jd Ac] (Pair of Kings)
94ea025e: shows [7h 5h] (Pair of Kings and Pair of Sevens)
*** SHOWDOWN ***
94ea025e collected $3.5 from pot
*** SUMMARY ***
Total pot $3.73 | Rake $0.18 | Jackpot $0.05 | Bingo $0 | Fortune $0 | Tax $0
Board [Tc 4h 7c Kc Ks]
Seat 1: 856db4cc folded before Flop (didn't bet)
Seat 2: 198746bc folded before Flop (didn't bet)
Seat 3: Hero (button) folded before Flop (didn't bet)
Seat 4: c3fe02e5 (small blind) showed [Jd Ac] and lost with Pair of Kings
Seat 5: 7e691fc0 (big blind) folded before Flop
Seat 6: 94ea025e showed [7h 5h] and won ($3.5) with Pair of Kings and Pair of Sevens


Poker Hand #HD1733557005: Hold'em No Limit ($0.02/$0.05) - 2024/04/16 22:48:41
Table 'NLHBlue5' 6-max Seat #2 is the button
Seat 1: 856db4cc ($5.15 in chips)
Seat 2: 198746bc ($5.25 in chips)
Seat 3: Hero ($11.18 in chips)
Seat 4: c3fe02e5 ($5.8 in chips)
Seat 5: 7e691fc0 ($5 in chips)
Seat 6: 94ea025e ($2.46 in chips)
Hero: posts small blind $0.02
c3fe02e5: posts big blind $0.05
*** HOLE CARDS ***
Dealt to 856db4cc 
Dealt to 198746bc 
Dealt to Hero [As 6c]
Dealt to c3fe02e5 
Dealt to 7e691fc0 
Dealt to 94ea025e 
7e691fc0: raises $0.05 to $0.1
94ea025e: folds
856db4cc: folds
198746bc: folds
Hero: folds
c3fe02e5: folds
Uncalled bet ($0.05) returned to 7e691fc0
*** SHOWDOWN ***
7e691fc0 collected $0.12 from pot
*** SUMMARY ***
Total pot $0.12 | Rake $0 | Jackpot $0 | Bingo $0 | Fortune $0 | Tax $0
Seat 1: 856db4cc folded before Flop (didn't bet)
Seat 2: 198746bc (button) folded before Flop (didn't bet)
Seat 3: Hero (small blind) folded before Flop
Seat 4: c3fe02e5 (big blind) folded before Flop
Seat 5: 7e691fc0 collected ($0.12)
Seat 6: 94ea025e folded before Flop (didn't bet)


Poker Hand #HD1733556925: Hold'em No Limit ($0.02/$0.05) - 2024/04/16 22:47:58
Table 'NLHBlue5' 6-max Seat #1 is the button
Seat 1: 856db4cc ($4.88 in chips)
Seat 2: 198746bc ($5.27 in chips)
Seat 3: Hero ($11.45 in chips)
Seat 4: c3fe02e5 ($5.8 in chips)
Seat 5: 7e691fc0 ($5 in chips)
Seat 6: 94ea025e ($2.46 in chips)
198746bc: posts small blind $0.02
Hero: posts big blind $0.05
*** HOLE CARDS ***
Dealt to 856db4cc 
Dealt to 198746bc 
Dealt to Hero [8h 8c]
Dealt to c3fe02e5 
Dealt to 7e691fc0 
Dealt to 94ea025e 
c3fe02e5: folds
7e691fc0: folds
94ea025e: folds
856db4cc: raises $0.08 to $0.13
198746bc: folds
Hero: calls $0.08
*** FLOP *** [2d 9d 4d]
Hero: checks
856db4cc: bets $0.14
Hero: calls $0.14
*** TURN *** [2d 9d 4d] [9c]
Hero: checks
856db4cc: bets $0.56
Hero: folds
Uncalled bet ($0.56) returned to 856db4cc
*** SHOWDOWN ***
856db4cc collected $0.54 from pot
*** SUMMARY ***
Total pot $0.56 | Rake $0.02 | Jackpot $0 | Bingo $0 | Fortune $0 | Tax $0
Board [2d 9d 4d 9c]
Seat 1: 856db4cc (button) won ($0.54)
Seat 2: 198746bc (small blind) folded before Flop
Seat 3: Hero (big blind) folded on the Turn
Seat 4: c3fe02e5 folded before Flop (didn't bet)
Seat 5: 7e691fc0 folded before Flop (didn't bet)
Seat 6: 94ea025e folded before Flop (didn't bet)


Poker Hand #HD1733556812: Hold'em No Limit ($0.02/$0.05) - 2024/04/16 22:46:51
Table 'NLHBlue5' 6-max Seat #6 is the button
Seat 1: 856db4cc ($5.25 in chips)
Seat 2: 198746bc ($4.93 in chips)
Seat 3: Hero ($11.45 in chips)
Seat 4: c3fe02e5 ($5.8 in chips)
Seat 5: 7e691fc0 ($5 in chips)
Seat 6: 94ea025e ($2.46 in chips)
856db4cc: posts small blind $0.02
198746bc: posts big blind $0.05
*** HOLE CARDS ***
Dealt to 856db4cc 
Dealt to 198746bc 
Dealt to Hero [2s 3s]
Dealt to c3fe02e5 
Dealt to 7e691fc0 
Dealt to 94ea025e 
Hero: folds
c3fe02e5: folds
7e691fc0: folds
94ea025e: folds
856db4cc: raises $0.08 to $0.13
198746bc: calls $0.08
*** FLOP *** [8d Jc Ah]
856db4cc: bets $0.09
198746bc: calls $0.09
*** TURN *** [8d Jc Ah] [Ad]
856db4cc: bets $0.15
198746bc: calls $0.15
*** RIVER *** [8d Jc Ah Ad] [Jd]
856db4cc: checks
198746bc: checks
856db4cc: shows [5s 5h] (Pair of Aces and Pair of Jacks)
198746bc: shows [Td 9d] (Ace High Flush)
*** SHOWDOWN ***
198746bc collected $0.71 from pot
*** SUMMARY ***
Total pot $0.74 | Rake $0.03 | Jackpot $0 | Bingo $0 | Fortune $0 | Tax $0
Board [8d Jc Ah Ad Jd]
Seat 1: 856db4cc (small blind) showed [5s 5h] and lost with Pair of Aces and Pair of Jacks
Seat 2: 198746bc (big blind) showed [Td 9d] and won ($0.71) with Ace High Flush
Seat 3: Hero folded before Flop (didn't bet)
Seat 4: c3fe02e5 folded before Flop (didn't bet)
Seat 5: 7e691fc0 folded before Flop (didn't bet)
Seat 6: 94ea025e (button) folded before Flop (didn't bet)


Poker Hand #HD1733556791: Hold'em No Limit ($0.02/$0.05) - 2024/04/16 22:46:39
Table 'NLHBlue5' 6-max Seat #5 is the button
Seat 1: 856db4cc ($5.23 in chips)
Seat 2: 198746bc ($4.93 in chips)
Seat 3: Hero ($11.45 in chips)
Seat 4: c3fe02e5 ($5.8 in chips)
Seat 5: 7e691fc0 ($5 in chips)
Seat 6: 94ea025e ($2.48 in chips)
94ea025e: posts small blind $0.02
856db4cc: posts big blind $0.05
*** HOLE CARDS ***
Dealt to 856db4cc 
Dealt to 198746bc 
Dealt to Hero [Ks 2h]
Dealt to c3fe02e5 
Dealt to 7e691fc0 
Dealt to 94ea025e 
198746bc: folds
Hero: folds
c3fe02e5: folds
7e691fc0: folds
94ea025e: folds
Uncalled bet ($0.03) returned to 856db4cc
*** SHOWDOWN ***
856db4cc collected $0.04 from pot
*** SUMMARY ***
Total pot $0.04 | Rake $0 | Jackpot $0 | Bingo $0 | Fortune $0 | Tax $0
Seat 1: 856db4cc (big blind) collected ($0.04)
Seat 2: 198746bc folded before Flop (didn't bet)
Seat 3: Hero folded before Flop (didn't bet)
Seat 4: c3fe02e5 folded before Flop (didn't bet)
Seat 5: 7e691fc0 (button) folded before Flop (didn't bet)
Seat 6: 94ea025e (small blind) folded before Flop


Poker Hand #HD1733556763: Hold'em No Limit ($0.02/$0.05) - 2024/04/16 22:46:23
Table 'NLHBlue5' 6-max Seat #4 is the button
Seat 1: 856db4cc ($5.23 in chips)
Seat 2: 198746bc ($4.93 in chips)
Seat 3: Hero ($11.45 in chips)
Seat 4: c3fe02e5 ($5.8 in chips)
Seat 5: 7e691fc0 ($5 in chips)
Seat 6: 94ea025e ($2.46 in chips)
7e691fc0: posts small blind $0.02
94ea025e: posts big blind $0.05
*** HOLE CARDS ***
Dealt to 856db4cc 
Dealt to 198746bc 
Dealt to Hero [4d 8d]
Dealt to c3fe02e5 
Dealt to 7e691fc0 
Dealt to 94ea025e 
856db4cc: folds
198746bc: folds
Hero: folds
c3fe02e5: folds
7e691fc0: folds
Uncalled bet ($0.03) returned to 94ea025e
*** SHOWDOWN ***
94ea025e collected $0.04 from pot
*** SUMMARY ***
Total pot $0.04 | Rake $0 | Jackpot $0 | Bingo $0 | Fortune $0 | Tax $0
Seat 1: 856db4cc folded before Flop (didn't bet)
Seat 2: 198746bc folded before Flop (didn't bet)
Seat 3: Hero folded before Flop (didn't bet)
Seat 4: c3fe02e5 (button) folded before Flop (didn't bet)
Seat 5: 7e691fc0 (small blind) folded before Flop
Seat 6: 94ea025e (big blind) collected ($0.04)


Poker Hand #HD1733556701: Hold'em No Limit ($0.02/$0.05) - 2024/04/16 22:45:48
Table 'NLHBlue5' 6-max Seat #3 is the button
Seat 1: 856db4cc ($4.83 in chips)
Seat 2: 198746bc ($4.93 in chips)
Seat 3: Hero ($11.45 in chips)
Seat 4: c3fe02e5 ($5.82 in chips)
Seat 5: 7e691fc0 ($5 in chips)
Seat 6: 94ea025e ($2.83 in chips)
c3fe02e5: posts small blind $0.02
7e691fc0: posts big blind $0.05
*** HOLE CARDS ***
Dealt to 856db4cc 
Dealt to 198746bc 
Dealt to Hero [3c 6c]
Dealt to c3fe02e5 
Dealt to 7e691fc0 
Dealt to 94ea025e 
94ea025e: raises $0.05 to $0.1
856db4cc: raises $0.27 to $0.37
198746bc: folds
Hero: folds
c3fe02e5: folds
7e691fc0: folds
94ea025e: calls $0.27
*** FLOP *** [As 5s Jh]
94ea025e: checks
856db4cc: bets $0.27
94ea025e: folds
Uncalled bet ($0.27) returned to 856db4cc
*** SHOWDOWN ***
856db4cc collected $0.77 from pot
*** SUMMARY ***
Total pot $0.81 | Rake $0.04 | Jackpot $0 | Bingo $0 | Fortune $0 | Tax $0
Board [As 5s Jh]
Seat 1: 856db4cc won ($0.77)
Seat 2: 198746bc folded before Flop (didn't bet)
Seat 3: Hero (button) folded before Flop (didn't bet)
Seat 4: c3fe02e5 (small blind) folded before Flop
Seat 5: 7e691fc0 (big blind) folded before Flop
Seat 6: 94ea025e folded on the Flop


Poker Hand #HD1733556666: Hold'em No Limit ($0.02/$0.05) - 2024/04/16 22:45:28
Table 'NLHBlue5' 6-max Seat #2 is the button
Seat 1: 856db4cc ($4.83 in chips)
Seat 2: 198746bc ($4.93 in chips)
Seat 3: Hero ($11.47 in chips)
Seat 4: c3fe02e5 ($5.8 in chips)
Seat 5: 7e691fc0 ($5 in chips)
Seat 6: 94ea025e ($2.83 in chips)
Hero: posts small blind $0.02
c3fe02e5: posts big blind $0.05
*** HOLE CARDS ***
Dealt to 856db4cc 
Dealt to 198746bc 
Dealt to Hero [Jc 5d]
Dealt to c3fe02e5 
Dealt to 7e691fc0 
Dealt to 94ea025e 
7e691fc0: folds
94ea025e: folds
856db4cc: folds
198746bc: folds
Hero: folds
Uncalled bet ($0.03) returned to c3fe02e5
*** SHOWDOWN ***
c3fe02e5 collected $0.04 from pot
*** SUMMARY ***
Total pot $0.04 | Rake $0 | Jackpot $0 | Bingo $0 | Fortune $0 | Tax $0
Seat 1: 856db4cc folded before Flop (didn't bet)
Seat 2: 198746bc (button) folded before Flop (didn't bet)
Seat 3: Hero (small blind) folded before Flop
Seat 4: c3fe02e5 (big blind) collected ($0.04)
Seat 5: 7e691fc0 folded before Flop (didn't bet)
Seat 6: 94ea025e folded before Flop (didn't bet)


Poker Hand #HD1733556592: Hold'em No Limit ($0.02/$0.05) - 2024/04/16 22:44:45
Table 'NLHBlue5' 6-max Seat #1 is the button
Seat 1: 856db4cc ($4.83 in chips)
Seat 2: 198746bc ($4.79 in chips)
Seat 3: Hero ($11.52 in chips)
Seat 4: c3fe02e5 ($5.8 in chips)
Seat 5: 7e691fc0 ($5.01 in chips)
Seat 6: 94ea025e ($2.83 in chips)
198746bc: posts small blind $0.02
Hero: posts big blind $0.05
*** HOLE CARDS ***
Dealt to 856db4cc 
Dealt to 198746bc 
Dealt to Hero [6h 9s]
Dealt to c3fe02e5 
Dealt to 7e691fc0 
Dealt to 94ea025e 
c3fe02e5: folds
7e691fc0: raises $0.05 to $0.1
94ea025e: folds
856db4cc: folds
198746bc: calls $0.08
Hero: folds
*** FLOP *** [9c 5c Jd]
198746bc: checks
7e691fc0: checks
*** TURN *** [9c 5c Jd] [4d]
198746bc: bets $0.13
7e691fc0: folds
Uncalled bet ($0.13) returned to 198746bc
*** SHOWDOWN ***
198746bc collected $0.24 from pot
*** SUMMARY ***
Total pot $0.25 | Rake $0.01 | Jackpot $0 | Bingo $0 | Fortune $0 | Tax $0
Board [9c 5c Jd 4d]
Seat 1: 856db4cc (button) folded before Flop (didn't bet)
Seat 2: 198746bc (small blind) won ($0.24)
Seat 3: Hero (big blind) folded before Flop
Seat 4: c3fe02e5 folded before Flop (didn't bet)
Seat 5: 7e691fc0 folded on the Turn
Seat 6: 94ea025e folded before Flop (didn't bet)


Poker Hand #HD1733556516: Hold'em No Limit ($0.02/$0.05) - 2024/04/16 22:44:03
Table 'NLHBlue5' 6-max Seat #6 is the button
Seat 1: 856db4cc ($4.85 in chips)
Seat 2: 198746bc ($4.63 in chips)
Seat 3: Hero ($11.52 in chips)
Seat 4: c3fe02e5 ($5.8 in chips)
Seat 5: 7e691fc0 ($5.01 in chips)
Seat 6: 94ea025e ($2.98 in chips)
856db4cc: posts small blind $0.02
198746bc: posts big blind $0.05
*** HOLE CARDS ***
Dealt to 856db4cc 
Dealt to 198746bc 
Dealt to Hero [4s 6s]
Dealt to c3fe02e5 
Dealt to 7e691fc0 
Dealt to 94ea025e 
Hero: folds
c3fe02e5: folds
7e691fc0: folds
94ea025e: raises $0.05 to $0.1
856db4cc: folds
198746bc: calls $0.05
*** FLOP *** [7h 9c Ts]
198746bc: checks
94ea025e: bets $0.05
198746bc: raises $0.16 to $0.21
94ea025e: folds
Uncalled bet ($0.16) returned to 198746bc
*** SHOWDOWN ***
198746bc collected $0.31 from pot
*** SUMMARY ***
Total pot $0.32 | Rake $0.01 | Jackpot $0 | Bingo $0 | Fortune $0 | Tax $0
Board [7h 9c Ts]
Seat 1: 856db4cc (small blind) folded before Flop
Seat 2: 198746bc (big blind) won ($0.31)
Seat 3: Hero folded before Flop (didn't bet)
Seat 4: c3fe02e5 folded before Flop (didn't bet)
Seat 5: 7e691fc0 folded before Flop (didn't bet)
Seat 6: 94ea025e (button) folded on the Flop


Poker Hand #HD1733556492: Hold'em No Limit ($0.02/$0.05) - 2024/04/16 22:43:50
Table 'NLHBlue5' 6-max Seat #5 is the button
Seat 1: 856db4cc ($4.9 in chips)
Seat 2: 198746bc ($4.56 in chips)
Seat 3: Hero ($11.52 in chips)
Seat 4: c3fe02e5 ($5.8 in chips)
Seat 5: 7e691fc0 ($5.01 in chips)
Seat 6: 94ea025e ($3 in chips)
94ea025e: posts small blind $0.02
856db4cc: posts big blind $0.05
*** HOLE CARDS ***
Dealt to 856db4cc 
Dealt to 198746bc 
Dealt to Hero [9c 8d]
Dealt to c3fe02e5 
Dealt to 7e691fc0 
Dealt to 94ea025e 
198746bc: raises $0.05 to $0.1
Hero: folds
c3fe02e5: folds
7e691fc0: folds
94ea025e: folds
856db4cc: folds
Uncalled bet ($0.05) returned to 198746bc
*** SHOWDOWN ***
198746bc collected $0.12 from pot
*** SUMMARY ***
Total pot $0.12 | Rake $0 | Jackpot $0 | Bingo $0 | Fortune $0 | Tax $0
Seat 1: 856db4cc (big blind) folded before Flop
Seat 2: 198746bc collected ($0.12)
Seat 3: Hero folded before Flop (didn't bet)
Seat 4: c3fe02e5 folded before Flop (didn't bet)
Seat 5: 7e691fc0 (button) folded before Flop (didn't bet)
Seat 6: 94ea025e (small blind) folded before Flop


Poker Hand #HD1733556457: Hold'em No Limit ($0.02/$0.05) - 2024/04/16 22:43:28
Table 'NLHBlue5' 6-max Seat #4 is the button
Seat 1: 856db4cc ($4.83 in chips)
Seat 2: 198746bc ($4.56 in chips)
Seat 3: Hero ($11.52 in chips)
Seat 4: c3fe02e5 ($5.8 in chips)
Seat 5: 7e691fc0 ($5.03 in chips)
Seat 6: 94ea025e ($3.05 in chips)
7e691fc0: posts small blind $0.02
94ea025e: posts big blind $0.05
*** HOLE CARDS ***
Dealt to 856db4cc 
Dealt to 198746bc 
Dealt to Hero [9c Kd]
Dealt to c3fe02e5 
Dealt to 7e691fc0 
Dealt to 94ea025e 
856db4cc: raises $0.08 to $0.13
198746bc: folds
Hero: folds
c3fe02e5: folds
7e691fc0: folds
94ea025e: folds
Uncalled bet ($0.08) returned to 856db4cc
*** SHOWDOWN ***
856db4cc collected $0.12 from pot
*** SUMMARY ***
Total pot $0.12 | Rake $0 | Jackpot $0 | Bingo $0 | Fortune $0 | Tax $0
Seat 1: 856db4cc collected ($0.12)
Seat 2: 198746bc folded before Flop (didn't bet)
Seat 3: Hero folded before Flop (didn't bet)
Seat 4: c3fe02e5 (button) folded before Flop (didn't bet)
Seat 5: 7e691fc0 (small blind) folded before Flop
Seat 6: 94ea025e (big blind) folded before Flop


Poker Hand #HD1733556380: Hold'em No Limit ($0.02/$0.05) - 2024/04/16 22:42:43
Table 'NLHBlue5' 6-max Seat #3 is the button
Seat 1: 856db4cc ($4.83 in chips)
Seat 2: 198746bc ($4.56 in chips)
Seat 3: Hero ($11.3 in chips)
Seat 4: c3fe02e5 ($5.82 in chips)
Seat 5: 7e691fc0 ($5.25 in chips)
Seat 6: 94ea025e ($3.05 in chips)
c3fe02e5: posts small blind $0.02
7e691fc0: posts big blind $0.05
*** HOLE CARDS ***
Dealt to 856db4cc 
Dealt to 198746bc 
Dealt to Hero [Jd Js]
Dealt to c3fe02e5 
Dealt to 7e691fc0 
Dealt to 94ea025e 
94ea025e: folds
856db4cc: folds
198746bc: folds
Hero: raises $0.07 to $0.12
c3fe02e5: folds
7e691fc0: calls $0.07
*** FLOP *** [Qh 4h 9c]
7e691fc0: checks
Hero: bets $0.1
7e691fc0: calls $0.1
*** TURN *** [Qh 4h 9c] [9d]
7e691fc0: checks
Hero: checks
*** RIVER *** [Qh 4h 9c 9d] [Ah]
7e691fc0: checks
Hero: checks
7e691fc0: shows [Kc Jh] (Pair of Nines)
Hero: shows [Jd Js] (Pair of Jacks and Pair of Nines)
*** SHOWDOWN ***
Hero collected $0.44 from pot
*** SUMMARY ***
Total pot $0.46 | Rake $0.02 | Jackpot $0 | Bingo $0 | Fortune $0 | Tax $0
Board [Qh 4h 9c 9d Ah]
Seat 1: 856db4cc folded before Flop (didn't bet)
Seat 2: 198746bc folded before Flop (didn't bet)
Seat 3: Hero (button) showed [Jd Js] and won ($0.44) with Pair of Jacks and Pair of Nines
Seat 4: c3fe02e5 (small blind) folded before Flop
Seat 5: 7e691fc0 (big blind) showed [Kc Jh] and lost with Pair of Nines
Seat 6: 94ea025e folded before Flop (didn't bet)


Poker Hand #HD1733556322: Hold'em No Limit ($0.02/$0.05) - 2024/04/16 22:42:09
Table 'NLHBlue5' 6-max Seat #2 is the button
Seat 1: 856db4cc ($4.83 in chips)
Seat 2: 198746bc ($4.56 in chips)
Seat 3: Hero ($11.75 in chips)
Seat 4: c3fe02e5 ($5.32 in chips)
Seat 5: 7e691fc0 ($5.25 in chips)
Seat 6: 94ea025e ($3.15 in chips)
Hero: posts small blind $0.02
c3fe02e5: posts big blind $0.05
*** HOLE CARDS ***
Dealt to 856db4cc 
Dealt to 198746bc 
Dealt to Hero [Qc Kc]
Dealt to c3fe02e5 
Dealt to 7e691fc0 
Dealt to 94ea025e 
7e691fc0: folds
94ea025e: raises $0.05 to $0.1
856db4cc: folds
198746bc: folds
Hero: raises $0.35 to $0.45
c3fe02e5: raises $0.5 to $0.95
94ea025e: folds
Hero: folds
Uncalled bet ($0.5) returned to c3fe02e5
*** SHOWDOWN ***
c3fe02e5 collected $0.95 from pot
*** SUMMARY ***
Total pot $1 | Rake $0.05 | Jackpot $0 | Bingo $0 | Fortune $0 | Tax $0
Seat 1: 856db4cc folded before Flop (didn't bet)
Seat 2: 198746bc (button) folded before Flop (didn't bet)
Seat 3: Hero (small blind) folded before Flop
Seat 4: c3fe02e5 (big blind) collected ($0.95)
Seat 5: 7e691fc0 folded before Flop (didn't bet)
Seat 6: 94ea025e folded before Flop


Poker Hand #HD1733556296: Hold'em No Limit ($0.02/$0.05) - 2024/04/16 22:41:53
Table 'NLHBlue5' 6-max Seat #1 is the button
Seat 1: 856db4cc ($4.83 in chips)
Seat 2: 198746bc ($4.58 in chips)
Seat 3: Hero ($11.8 in chips)
Seat 4: c3fe02e5 ($5.32 in chips)
Seat 5: 7e691fc0 ($5.18 in chips)
Seat 6: 94ea025e ($3.15 in chips)
198746bc: posts small blind $0.02
Hero: posts big blind $0.05
*** HOLE CARDS ***
Dealt to 856db4cc 
Dealt to 198746bc 
Dealt to Hero [6h 8d]
Dealt to c3fe02e5 
Dealt to 7e691fc0 
Dealt to 94ea025e 
c3fe02e5: folds
7e691fc0: raises $0.05 to $0.1
94ea025e: folds
856db4cc: folds
198746bc: folds
Hero: folds
Uncalled bet ($0.05) returned to 7e691fc0
*** SHOWDOWN ***
7e691fc0 collected $0.12 from pot
*** SUMMARY ***
Total pot $0.12 | Rake $0 | Jackpot $0 | Bingo $0 | Fortune $0 | Tax $0
Seat 1: 856db4cc (button) folded before Flop (didn't bet)
Seat 2: 198746bc (small blind) folded before Flop
Seat 3: Hero (big blind) folded before Flop
Seat 4: c3fe02e5 folded before Flop (didn't bet)
Seat 5: 7e691fc0 collected ($0.12)
Seat 6: 94ea025e folded before Flop (didn't bet)


Poker Hand #HD1733556245: Hold'em No Limit ($0.02/$0.05) - 2024/04/16 22:41:27
Table 'NLHBlue5' 6-max Seat #6 is the button
Seat 1: 856db4cc ($4.85 in chips)
Seat 2: 198746bc ($4.63 in chips)
Seat 3: Hero ($11.8 in chips)
Seat 4: c3fe02e5 ($5.44 in chips)
Seat 5: 7e691fc0 ($5 in chips)
Seat 6: 94ea025e ($3.15 in chips)
856db4cc: posts small blind $0.02
198746bc: posts big blind $0.05
*** HOLE CARDS ***
Dealt to 856db4cc 
Dealt to 198746bc 
Dealt to Hero [9s 5s]
Dealt to c3fe02e5 
Dealt to 7e691fc0 
Dealt to 94ea025e 
Hero: folds
c3fe02e5: raises $0.07 to $0.12
7e691fc0: raises $0.22 to $0.34
94ea025e: folds
856db4cc: folds
198746bc: folds
c3fe02e5: folds
Uncalled bet ($0.22) returned to 7e691fc0
*** SHOWDOWN ***
7e691fc0 collected $0.3 from pot
*** SUMMARY ***
Total pot $0.31 | Rake $0.01 | Jackpot $0 | Bingo $0 | Fortune $0 | Tax $0
Seat 1: 856db4cc (small blind) folded before Flop
Seat 2: 198746bc (big blind) folded before Flop
Seat 3: Hero folded before Flop (didn't bet)
Seat 4: c3fe02e5 folded before Flop
Seat 5: 7e691fc0 collected ($0.3)
Seat 6: 94ea025e (button) folded before Flop (didn't bet)


Poker Hand #HD1733556167: Hold'em No Limit ($0.02/$0.05) - 2024/04/16 22:40:41
Table 'NLHBlue5' 6-max Seat #5 is the button
Seat 1: 856db4cc ($5.21 in chips)
Seat 2: 198746bc ($4.63 in chips)
Seat 3: Hero ($11.8 in chips)
Seat 4: c3fe02e5 ($5.09 in chips)
Seat 5: 7e691fc0 ($5 in chips)
Seat 6: 94ea025e ($3.17 in chips)
94ea025e: posts small blind $0.02
856db4cc: posts big blind $0.05
*** HOLE CARDS ***
Dealt to 856db4cc 
Dealt to 198746bc 
Dealt to Hero [6c 5h]
Dealt to c3fe02e5 
Dealt to 7e691fc0 
Dealt to 94ea025e 
198746bc: folds
Hero: folds
c3fe02e5: raises $0.07 to $0.12
7e691fc0: folds
94ea025e: folds
856db4cc: calls $0.07
*** FLOP *** [Qd 5c 6h]
856db4cc: checks
c3fe02e5: bets $0.09
856db4cc: calls $0.09
*** TURN *** [Qd 5c 6h] [Kh]
856db4cc: checks
c3fe02e5: checks
*** RIVER *** [Qd 5c 6h Kh] [Qh]
856db4cc: bets $0.15
c3fe02e5: raises $0.56 to $0.71
856db4cc: folds
Uncalled bet ($0.56) returned to c3fe02e5
*** SHOWDOWN ***
c3fe02e5 collected $0.71 from pot
*** SUMMARY ***
Total pot $0.74 | Rake $0.03 | Jackpot $0 | Bingo $0 | Fortune $0 | Tax $0
Board [Qd 5c 6h Kh Qh]
Seat 1: 856db4cc (big blind) folded on the River
Seat 2: 198746bc folded before Flop (didn't bet)
Seat 3: Hero folded before Flop (didn't bet)
Seat 4: c3fe02e5 won ($0.71)
Seat 5: 7e691fc0 (button) folded before Flop (didn't bet)
Seat 6: 94ea025e (small blind) folded before Flop


Poker Hand #HD1733556142: Hold'em No Limit ($0.02/$0.05) - 2024/04/16 22:40:26
Table 'NLHBlue5' 6-max Seat #4 is the button
Seat 1: 856db4cc ($5.21 in chips)
Seat 2: 198746bc ($4.63 in chips)
Seat 3: Hero ($11.73 in chips)
Seat 4: c3fe02e5 ($5.09 in chips)
Seat 5: 7e691fc0 ($5 in chips)
Seat 6: 94ea025e ($3.22 in chips)
7e691fc0: posts small blind $0.02
94ea025e: posts big blind $0.05
*** HOLE CARDS ***
Dealt to 856db4cc 
Dealt to 198746bc 
Dealt to Hero [As 6s]
Dealt to c3fe02e5 
Dealt to 7e691fc0 
Dealt to 94ea025e 
856db4cc: folds
198746bc: folds
Hero: raises $0.07 to $0.12
c3fe02e5: folds
7e691fc0: folds
94ea025e: folds
Uncalled bet ($0.07) returned to Hero
*** SHOWDOWN ***
Hero collected $0.12 from pot
*** SUMMARY ***
Total pot $0.12 | Rake $0 | Jackpot $0 | Bingo $0 | Fortune $0 | Tax $0
Seat 1: 856db4cc folded before Flop (didn't bet)
Seat 2: 198746bc folded before Flop (didn't bet)
Seat 3: Hero collected ($0.12)
Seat 4: c3fe02e5 (button) folded before Flop (didn't bet)
Seat 5: 7e691fc0 (small blind) folded before Flop
Seat 6: 94ea025e (big blind) folded before Flop


Poker Hand #HD1733556084: Hold'em No Limit ($0.02/$0.05) - 2024/04/16 22:39:54
Table 'NLHBlue5' 6-max Seat #3 is the button
Seat 1: 856db4cc ($5.05 in chips)
Seat 2: 198746bc ($4.63 in chips)
Seat 3: Hero ($11.73 in chips)
Seat 4: c3fe02e5 ($5.11 in chips)
Seat 5: 7e691fc0 ($5 in chips)
Seat 6: 94ea025e ($3.32 in chips)
c3fe02e5: posts small blind $0.02
7e691fc0: posts big blind $0.05
*** HOLE CARDS ***
Dealt to 856db4cc 
Dealt to 198746bc 
Dealt to Hero [Qs 4d]
Dealt to c3fe02e5 
Dealt to 7e691fc0 
Dealt to 94ea025e 
94ea025e: raises $0.05 to $0.1
856db4cc: raises $0.27 to $0.37
198746bc: folds
Hero: folds
c3fe02e5: folds
7e691fc0: folds
94ea025e: folds
Uncalled bet ($0.27) returned to 856db4cc
*** SHOWDOWN ***
856db4cc collected $0.26 from pot
*** SUMMARY ***
Total pot $0.27 | Rake $0.01 | Jackpot $0 | Bingo $0 | Fortune $0 | Tax $0
Seat 1: 856db4cc collected ($0.26)
Seat 2: 198746bc folded before Flop (didn't bet)
Seat 3: Hero (button) folded before Flop (didn't bet)
Seat 4: c3fe02e5 (small blind) folded before Flop
Seat 5: 7e691fc0 (big blind) folded before Flop
Seat 6: 94ea025e folded before Flop


Poker Hand #HD1733556029: Hold'em No Limit ($0.02/$0.05) - 2024/04/16 22:39:24
Table 'NLHBlue5' 6-max Seat #2 is the button
Seat 1: 856db4cc ($4.98 in chips)
Seat 2: 198746bc ($4.63 in chips)
Seat 3: Hero ($11.75 in chips)
Seat 4: c3fe02e5 ($5.16 in chips)
Seat 6: 94ea025e ($3.32 in chips)
Hero: posts small blind $0.02
c3fe02e5: posts big blind $0.05
*** HOLE CARDS ***
Dealt to 856db4cc 
Dealt to 198746bc 
Dealt to Hero [7s Kh]
Dealt to c3fe02e5 
Dealt to 94ea025e 
94ea025e: folds
856db4cc: raises $0.08 to $0.13
198746bc: folds
Hero: folds
c3fe02e5: folds
Uncalled bet ($0.08) returned to 856db4cc
*** SHOWDOWN ***
856db4cc collected $0.12 from pot
*** SUMMARY ***
Total pot $0.12 | Rake $0 | Jackpot $0 | Bingo $0 | Fortune $0 | Tax $0
Seat 1: 856db4cc collected ($0.12)
Seat 2: 198746bc (button) folded before Flop (didn't bet)
Seat 3: Hero (small blind) folded before Flop
Seat 4: c3fe02e5 (big blind) folded before Flop
Seat 6: 94ea025e folded before Flop (didn't bet)


Poker Hand #HD1733556003: Hold'em No Limit ($0.02/$0.05) - 2024/04/16 22:39:12
Table 'NLHBlue5' 6-max Seat #1 is the button
Seat 1: 856db4cc ($4.98 in chips)
Seat 2: 198746bc ($4.65 in chips)
Seat 3: Hero ($11.73 in chips)
Seat 4: c3fe02e5 ($5.16 in chips)
Seat 6: 94ea025e ($3.32 in chips)
198746bc: posts small blind $0.02
Hero: posts big blind $0.05
*** HOLE CARDS ***
Dealt to 856db4cc 
Dealt to 198746bc 
Dealt to Hero [Ks 9h]
Dealt to c3fe02e5 
Dealt to 94ea025e 
c3fe02e5: folds
94ea025e: folds
856db4cc: folds
198746bc: folds
Uncalled bet ($0.03) returned to Hero
*** SHOWDOWN ***
Hero collected $0.04 from pot
*** SUMMARY ***
Total pot $0.04 | Rake $0 | Jackpot $0 | Bingo $0 | Fortune $0 | Tax $0
Seat 1: 856db4cc (button) folded before Flop (didn't bet)
Seat 2: 198746bc (small blind) folded before Flop
Seat 3: Hero (big blind) collected ($0.04)
Seat 4: c3fe02e5 folded before Flop (didn't bet)
Seat 6: 94ea025e folded before Flop (didn't bet)


Poker Hand #HD1733555963: Hold'em No Limit ($0.02/$0.05) - 2024/04/16 22:38:50
Table 'NLHBlue5' 6-max Seat #6 is the button
Seat 1: 856db4cc ($4.93 in chips)
Seat 2: 198746bc ($4.7 in chips)
Seat 3: Hero ($11.73 in chips)
Seat 4: c3fe02e5 ($5.16 in chips)
Seat 6: 94ea025e ($3.32 in chips)
856db4cc: posts small blind $0.02
198746bc: posts big blind $0.05
*** HOLE CARDS ***
Dealt to 856db4cc 
Dealt to 198746bc 
Dealt to Hero [8d Kc]
Dealt to c3fe02e5 
Dealt to 94ea025e 
Hero: folds
c3fe02e5: folds
94ea025e: folds
856db4cc: raises $0.08 to $0.13
198746bc: folds
Uncalled bet ($0.08) returned to 856db4cc
*** SHOWDOWN ***
856db4cc collected $0.1 from pot
*** SUMMARY ***
Total pot $0.1 | Rake $0 | Jackpot $0 | Bingo $0 | Fortune $0 | Tax $0
Seat 1: 856db4cc (small blind) collected ($0.1)
Seat 2: 198746bc (big blind) folded before Flop
Seat 3: Hero folded before Flop (didn't bet)
Seat 4: c3fe02e5 folded before Flop (didn't bet)
Seat 6: 94ea025e (button) folded before Flop (didn't bet)


Poker Hand #HD1733555915: Hold'em No Limit ($0.02/$0.05) - 2024/04/16 22:38:27
Table 'NLHBlue5' 6-max Seat #4 is the button
Seat 1: 856db4cc ($4.98 in chips)
Seat 2: 198746bc ($4.8 in chips)
Seat 3: Hero ($11.73 in chips)
Seat 4: c3fe02e5 ($5 in chips)
Seat 6: 94ea025e ($3.34 in chips)
94ea025e: posts small blind $0.02
856db4cc: posts big blind $0.05
*** HOLE CARDS ***
Dealt to 856db4cc 
Dealt to 198746bc 
Dealt to Hero [Ah 2d]
Dealt to c3fe02e5 
Dealt to 94ea025e 
198746bc: raises $0.05 to $0.1
Hero: folds
c3fe02e5: raises $0.21 to $0.31
94ea025e: folds
856db4cc: folds
198746bc: folds
Uncalled bet ($0.21) returned to c3fe02e5
*** SHOWDOWN ***
c3fe02e5 collected $0.26 from pot
*** SUMMARY ***
Total pot $0.27 | Rake $0.01 | Jackpot $0 | Bingo $0 | Fortune $0 | Tax $0
Seat 1: 856db4cc (big blind) folded before Flop
Seat 2: 198746bc folded before Flop
Seat 3: Hero folded before Flop (didn't bet)
Seat 4: c3fe02e5 (button) collected ($0.26)
Seat 6: 94ea025e (small blind) folded before Flop


Poker Hand #HD1733555847: Hold'em No Limit ($0.02/$0.05) - 2024/04/16 22:37:52
Table 'NLHBlue5' 6-max Seat #3 is the button
Seat 1: 856db4cc ($4.98 in chips)
Seat 2: 198746bc ($4.8 in chips)
Seat 3: Hero ($11.33 in chips)
Seat 4: c3fe02e5 ($5 in chips)
Seat 6: 94ea025e ($3.76 in chips)
c3fe02e5: posts small blind $0.02
94ea025e: posts big blind $0.05
*** HOLE CARDS ***
Dealt to 856db4cc 
Dealt to 198746bc 
Dealt to Hero [Ac Tc]
Dealt to c3fe02e5 
Dealt to 94ea025e 
856db4cc: folds
198746bc: folds
Hero: raises $0.07 to $0.12
c3fe02e5: folds
94ea025e: calls $0.07
*** FLOP *** [Kh Th Kc]
94ea025e: bets $0.05
Hero: calls $0.05
*** TURN *** [Kh Th Kc] [4h]
94ea025e: bets $0.1
Hero: calls $0.1
*** RIVER *** [Kh Th Kc 4h] [Jc]
94ea025e: bets $0.15
Hero: calls $0.15
94ea025e: shows [6d 9d] (Pair of Kings)
Hero: shows [Ac Tc] (Pair of Kings and Pair of Tens)
*** SHOWDOWN ***
Hero collected $0.82 from pot
*** SUMMARY ***
Total pot $0.86 | Rake $0.04 | Jackpot $0 | Bingo $0 | Fortune $0 | Tax $0
Board [Kh Th Kc 4h Jc]
Seat 1: 856db4cc folded before Flop (didn't bet)
Seat 2: 198746bc folded before Flop (didn't bet)
Seat 3: Hero (button) showed [Ac Tc] and won ($0.82) with Pair of Kings and Pair of Tens
Seat 4: c3fe02e5 (small blind) folded before Flop
Seat 6: 94ea025e (big blind) showed [6d 9d] and lost with Pair of Kings


Poker Hand #HD1733555783: Hold'em No Limit ($0.02/$0.05) - 2024/04/16 22:37:19
Table 'NLHBlue5' 6-max Seat #2 is the button
Seat 1: 856db4cc ($4.98 in chips)
Seat 2: 198746bc ($4.8 in chips)
Seat 3: Hero ($11.28 in chips)
Seat 4: c3fe02e5 ($5 in chips)
Seat 5: b0102204 ($5.14 in chips)
Seat 6: 94ea025e ($3.76 in chips)
Hero: posts small blind $0.02
c3fe02e5: posts big blind $0.05
*** HOLE CARDS ***
Dealt to 856db4cc 
Dealt to 198746bc 
Dealt to Hero [6s As]
Dealt to c3fe02e5 
Dealt to b0102204 
Dealt to 94ea025e 
b0102204: folds
94ea025e: folds
856db4cc: folds
198746bc: folds
Hero: raises $0.1 to $0.15
c3fe02e5: folds
Uncalled bet ($0.1) returned to Hero
*** SHOWDOWN ***
Hero collected $0.1 from pot
*** SUMMARY ***
Total pot $0.1 | Rake $0 | Jackpot $0 | Bingo $0 | Fortune $0 | Tax $0
Seat 1: 856db4cc folded before Flop (didn't bet)
Seat 2: 198746bc (button) folded before Flop (didn't bet)
Seat 3: Hero (small blind) collected ($0.1)
Seat 4: c3fe02e5 (big blind) folded before Flop
Seat 5: b0102204 folded before Flop (didn't bet)
Seat 6: 94ea025e folded before Flop (didn't bet)


Poker Hand #HD1733555746: Hold'em No Limit ($0.02/$0.05) - 2024/04/16 22:36:56
Table 'NLHBlue5' 6-max Seat #1 is the button
Seat 1: 856db4cc ($4.98 in chips)
Seat 2: 198746bc ($4.82 in chips)
Seat 3: Hero ($11.33 in chips)
Seat 4: c3fe02e5 ($5 in chips)
Seat 5: b0102204 ($5.07 in chips)
Seat 6: 94ea025e ($3.76 in chips)
198746bc: posts small blind $0.02
Hero: posts big blind $0.05
*** HOLE CARDS ***
Dealt to 856db4cc 
Dealt to 198746bc 
Dealt to Hero [9s Jc]
Dealt to c3fe02e5 
Dealt to b0102204 
Dealt to 94ea025e 
c3fe02e5: folds
b0102204: raises $0.08 to $0.13
94ea025e: folds
856db4cc: folds
198746bc: folds
Hero: folds
Uncalled bet ($0.08) returned to b0102204
*** SHOWDOWN ***
b0102204 collected $0.12 from pot
*** SUMMARY ***
Total pot $0.12 | Rake $0 | Jackpot $0 | Bingo $0 | Fortune $0 | Tax $0
Seat 1: 856db4cc (button) folded before Flop (didn't bet)
Seat 2: 198746bc (small blind) folded before Flop
Seat 3: Hero (big blind) folded before Flop
Seat 4: c3fe02e5 folded before Flop (didn't bet)
Seat 5: b0102204 collected ($0.12)
Seat 6: 94ea025e folded before Flop (didn't bet)


Poker Hand #HD1733555724: Hold'em No Limit ($0.02/$0.05) - 2024/04/16 22:36:42
Table 'NLHBlue5' 6-max Seat #6 is the button
Seat 1: 856db4cc ($5 in chips)
Seat 2: 198746bc ($4.8 in chips)
Seat 3: Hero ($11.33 in chips)
Seat 4: c3fe02e5 ($5 in chips)
Seat 5: b0102204 ($5.07 in chips)
Seat 6: 94ea025e ($3.76 in chips)
856db4cc: posts small blind $0.02
198746bc: posts big blind $0.05
*** HOLE CARDS ***
Dealt to 856db4cc 
Dealt to 198746bc 
Dealt to Hero [8c 5h]
Dealt to c3fe02e5 
Dealt to b0102204 
Dealt to 94ea025e 
Hero: folds
c3fe02e5: folds
b0102204: folds
94ea025e: folds
856db4cc: folds
Uncalled bet ($0.03) returned to 198746bc
*** SHOWDOWN ***
198746bc collected $0.04 from pot
*** SUMMARY ***
Total pot $0.04 | Rake $0 | Jackpot $0 | Bingo $0 | Fortune $0 | Tax $0
Seat 1: 856db4cc (small blind) folded before Flop
Seat 2: 198746bc (big blind) collected ($0.04)
Seat 3: Hero folded before Flop (didn't bet)
Seat 4: c3fe02e5 folded before Flop (didn't bet)
Seat 5: b0102204 folded before Flop (didn't bet)
Seat 6: 94ea025e (button) folded before Flop (didn't bet)


Poker Hand #HD1733465604: Hold'em No Limit ($0.02/$0.05) - 2024/04/16 22:35:34
Table 'NLHBlue5' 6-max Seat #5 is the button
Seat 1: 856db4cc ($5.13 in chips)
Seat 2: 198746bc ($4.8 in chips)
Seat 3: Hero ($10.54 in chips)
Seat 4: c3fe02e5 ($5 in chips)
Seat 5: b0102204 ($5.07 in chips)
Seat 6: 94ea025e ($3.78 in chips)
94ea025e: posts small blind $0.02
856db4cc: posts big blind $0.05
*** HOLE CARDS ***
Dealt to 856db4cc 
Dealt to 198746bc 
Dealt to Hero [Qc Js]
Dealt to c3fe02e5 
Dealt to b0102204 
Dealt to 94ea025e 
198746bc: folds
Hero: raises $0.05 to $0.1
c3fe02e5: folds
b0102204: folds
94ea025e: folds
856db4cc: calls $0.05
*** FLOP *** [Jd 4h 9c]
856db4cc: bets $0.11
Hero: calls $0.11
*** TURN *** [Jd 4h 9c] [6d]
856db4cc: checks
Hero: bets $0.25
856db4cc: calls $0.25
*** RIVER *** [Jd 4h 9c 6d] [2d]
856db4cc: checks
Hero: bets $0.45
856db4cc: calls $0.45
Hero: shows [Qc Js] (Pair of Jacks)
856db4cc: shows [Td Jc] (Pair of Jacks)
*** SHOWDOWN ***
Hero collected $1.7 from pot
*** SUMMARY ***
Total pot $1.84 | Rake $0.09 | Jackpot $0.05 | Bingo $0 | Fortune $0 | Tax $0
Board [Jd 4h 9c 6d 2d]
Seat 1: 856db4cc (big blind) showed [Td Jc] and lost with Pair of Jacks
Seat 2: 198746bc folded before Flop (didn't bet)
Seat 3: Hero showed [Qc Js] and won ($1.7) with Pair of Jacks
Seat 4: c3fe02e5 folded before Flop (didn't bet)
Seat 5: b0102204 (button) folded before Flop (didn't bet)
Seat 6: 94ea025e (small blind) folded before Flop


Poker Hand #HD1733465541: Hold'em No Limit ($0.02/$0.05) - 2024/04/16 22:35:05
Table 'NLHBlue5' 6-max Seat #4 is the button
Seat 1: 856db4cc ($5.13 in chips)
Seat 2: 198746bc ($4.9 in chips)
Seat 3: Hero ($10.38 in chips)
Seat 4: c3fe02e5 ($5 in chips)
Seat 5: b0102204 ($5.09 in chips)
Seat 6: 94ea025e ($3.83 in chips)
b0102204: posts small blind $0.02
94ea025e: posts big blind $0.05
*** HOLE CARDS ***
Dealt to 856db4cc 
Dealt to 198746bc 
Dealt to Hero [Qh Ah]
Dealt to c3fe02e5 
Dealt to b0102204 
Dealt to 94ea025e 
856db4cc: folds
198746bc: raises $0.05 to $0.1
Hero: raises $0.2 to $0.3
c3fe02e5: folds
b0102204: folds
94ea025e: folds
198746bc: folds
Uncalled bet ($0.2) returned to Hero
*** SHOWDOWN ***
Hero collected $0.26 from pot
*** SUMMARY ***
Total pot $0.27 | Rake $0.01 | Jackpot $0 | Bingo $0 | Fortune $0 | Tax $0
Seat 1: 856db4cc folded before Flop (didn't bet)
Seat 2: 198746bc folded before Flop
Seat 3: Hero collected ($0.26)
Seat 4: c3fe02e5 (button) folded before Flop (didn't bet)
Seat 5: b0102204 (small blind) folded before Flop
Seat 6: 94ea025e (big blind) folded before Flop


Poker Hand #HD1733465466: Hold'em No Limit ($0.02/$0.05) - 2024/04/16 22:34:21
Table 'NLHBlue5' 6-max Seat #3 is the button
Seat 1: 856db4cc ($5.13 in chips)
Seat 2: 198746bc ($4.9 in chips)
Seat 3: Hero ($10.38 in chips)
Seat 4: c3fe02e5 ($5 in chips)
Seat 5: b0102204 ($5.14 in chips)
Seat 6: 94ea025e ($3.76 in chips)
c3fe02e5: posts small blind $0.02
b0102204: posts big blind $0.05
*** HOLE CARDS ***
Dealt to 856db4cc 
Dealt to 198746bc 
Dealt to Hero [Ad 4c]
Dealt to c3fe02e5 
Dealt to b0102204 
Dealt to 94ea025e 
94ea025e: calls $0.05
856db4cc: folds
198746bc: folds
Hero: folds
c3fe02e5: folds
b0102204: checks
*** FLOP *** [9h 9s 2h]
b0102204: checks
94ea025e: checks
*** TURN *** [9h 9s 2h] [Ah]
b0102204: checks
94ea025e: bets $0.06
b0102204: folds
Uncalled bet ($0.06) returned to 94ea025e
*** SHOWDOWN ***
94ea025e collected $0.12 from pot
*** SUMMARY ***
Total pot $0.12 | Rake $0 | Jackpot $0 | Bingo $0 | Fortune $0 | Tax $0
Board [9h 9s 2h Ah]
Seat 1: 856db4cc folded before Flop (didn't bet)
Seat 2: 198746bc folded before Flop (didn't bet)
Seat 3: Hero (button) folded before Flop (didn't bet)
Seat 4: c3fe02e5 (small blind) folded before Flop
Seat 5: b0102204 (big blind) folded on the Turn
Seat 6: 94ea025e won ($0.12)


Poker Hand #HD1733465363: Hold'em No Limit ($0.02/$0.05) - 2024/04/16 22:33:25
Table 'NLHBlue5' 6-max Seat #2 is the button
Seat 1: 856db4cc ($5.13 in chips)
Seat 2: 198746bc ($4.9 in chips)
Seat 3: Hero ($10.4 in chips)
Seat 4: c3fe02e5 ($5 in chips)
Seat 5: b0102204 ($5.14 in chips)
Seat 6: 94ea025e ($3.65 in chips)
Hero: posts small blind $0.02
c3fe02e5: posts big blind $0.05
*** HOLE CARDS ***
Dealt to 856db4cc 
Dealt to 198746bc 
Dealt to Hero [Jh 3d]
Dealt to c3fe02e5 
Dealt to b0102204 
Dealt to 94ea025e 
b0102204: folds
94ea025e: calls $0.05
856db4cc: folds
198746bc: folds
Hero: folds
c3fe02e5: checks
*** FLOP *** [6s Ac 6d]
c3fe02e5: checks
94ea025e: checks
*** TURN *** [6s Ac 6d] [Qh]
c3fe02e5: checks
94ea025e: bets $0.05
c3fe02e5: calls $0.05
*** RIVER *** [6s Ac 6d Qh] [8h]
c3fe02e5: checks
94ea025e: bets $0.22
c3fe02e5: folds
Uncalled bet ($0.22) returned to 94ea025e
*** SHOWDOWN ***
94ea025e collected $0.21 from pot
*** SUMMARY ***
Total pot $0.22 | Rake $0.01 | Jackpot $0 | Bingo $0 | Fortune $0 | Tax $0
Board [6s Ac 6d Qh 8h]
Seat 1: 856db4cc folded before Flop (didn't bet)
Seat 2: 198746bc (button) folded before Flop (didn't bet)
Seat 3: Hero (small blind) folded before Flop
Seat 4: c3fe02e5 (big blind) folded on the River
Seat 5: b0102204 folded before Flop (didn't bet)
Seat 6: 94ea025e won ($0.21)


Poker Hand #HD1733465294: Hold'em No Limit ($0.02/$0.05) - 2024/04/16 22:32:45
Table 'NLHBlue5' 6-max Seat #1 is the button
Seat 1: 856db4cc ($5.26 in chips)
Seat 2: 198746bc ($4.68 in chips)
Seat 3: Hero ($10.45 in chips)
Seat 4: c3fe02e5 ($5 in chips)
Seat 5: b0102204 ($5.14 in chips)
Seat 6: 94ea025e ($3.7 in chips)
198746bc: posts small blind $0.02
Hero: posts big blind $0.05
94ea025e: posts big blind $0.05
*** HOLE CARDS ***
Dealt to 856db4cc 
Dealt to 198746bc 
Dealt to Hero [5s As]
Dealt to c3fe02e5 
Dealt to b0102204 
Dealt to 94ea025e 
c3fe02e5: folds
b0102204: folds
94ea025e: checks
856db4cc: raises $0.08 to $0.13
198746bc: raises $0.51 to $0.64
Hero: folds
94ea025e: folds
856db4cc: folds
Uncalled bet ($0.51) returned to 198746bc
*** SHOWDOWN ***
198746bc collected $0.35 from pot
*** SUMMARY ***
Total pot $0.36 | Rake $0.01 | Jackpot $0 | Bingo $0 | Fortune $0 | Tax $0
Seat 1: 856db4cc (button) folded before Flop
Seat 2: 198746bc (small blind) collected ($0.35)
Seat 3: Hero (big blind) folded before Flop
Seat 4: c3fe02e5 folded before Flop (didn't bet)
Seat 5: b0102204 folded before Flop (didn't bet)
Seat 6: 94ea025e folded before Flop


Poker Hand #HD1733465112: Hold'em No Limit ($0.02/$0.05) - 2024/04/16 22:31:10
Table 'NLHBlue5' 6-max Seat #5 is the button
Seat 1: 856db4cc ($5.28 in chips)
Seat 2: 198746bc ($4.81 in chips)
Seat 3: Hero ($10.45 in chips)
Seat 4: c3fe02e5 ($5 in chips)
Seat 5: b0102204 ($5 in chips)
856db4cc: posts small blind $0.02
198746bc: posts big blind $0.05
*** HOLE CARDS ***
Dealt to 856db4cc 
Dealt to 198746bc 
Dealt to Hero [2h 6h]
Dealt to c3fe02e5 
Dealt to b0102204 
Hero: folds
c3fe02e5: folds
b0102204: raises $0.08 to $0.13
856db4cc: folds
198746bc: calls $0.08
*** FLOP *** [4c Kc 9s]
198746bc: checks
b0102204: checks
*** TURN *** [4c Kc 9s] [3d]
198746bc: checks
b0102204: checks
*** RIVER *** [4c Kc 9s 3d] [Kd]
198746bc: checks
b0102204: checks
198746bc: shows [Jd 8c] (Pair of Kings)
b0102204: shows [Tc Jh] (Pair of Kings)
*** SHOWDOWN ***
b0102204 collected $0.27 from pot
*** SUMMARY ***
Total pot $0.28 | Rake $0.01 | Jackpot $0 | Bingo $0 | Fortune $0 | Tax $0
Board [4c Kc 9s 3d Kd]
Seat 1: 856db4cc (small blind) folded before Flop
Seat 2: 198746bc (big blind) showed [Jd 8c] and lost with Pair of Kings
Seat 3: Hero folded before Flop (didn't bet)
Seat 4: c3fe02e5 folded before Flop (didn't bet)
Seat 5: b0102204 (button) showed [Tc Jh] and won ($0.27) with Pair of Kings


Poker Hand #HD1733465052: Hold'em No Limit ($0.02/$0.05) - 2024/04/16 22:30:37
Table 'NLHBlue5' 6-max Seat #4 is the button
Seat 1: 856db4cc ($5.38 in chips)
Seat 2: 198746bc ($4.7 in chips)
Seat 3: Hero ($10.45 in chips)
Seat 4: c3fe02e5 ($5 in chips)
Seat 5: b0102204 ($5 in chips)
b0102204: posts small blind $0.02
856db4cc: posts big blind $0.05
*** HOLE CARDS ***
Dealt to 856db4cc 
Dealt to 198746bc 
Dealt to Hero [Th 8s]
Dealt to c3fe02e5 
Dealt to b0102204 
198746bc: raises $0.05 to $0.1
Hero: folds
c3fe02e5: folds
b0102204: folds
856db4cc: calls $0.05
*** FLOP *** [Qh 3s Jd]
856db4cc: checks
198746bc: bets $0.08
856db4cc: folds
Uncalled bet ($0.08) returned to 198746bc
*** SHOWDOWN ***
198746bc collected $0.21 from pot
*** SUMMARY ***
Total pot $0.22 | Rake $0.01 | Jackpot $0 | Bingo $0 | Fortune $0 | Tax $0
Board [Qh 3s Jd]
Seat 1: 856db4cc (big blind) folded on the Flop
Seat 2: 198746bc won ($0.21)
Seat 3: Hero folded before Flop (didn't bet)
Seat 4: c3fe02e5 (button) folded before Flop (didn't bet)
Seat 5: b0102204 (small blind) folded before Flop


Poker Hand #HD1733464962: Hold'em No Limit ($0.02/$0.05) - 2024/04/16 22:29:46
Table 'NLHBlue5' 6-max Seat #3 is the button
Seat 1: 856db4cc ($5.38 in chips)
Seat 2: 198746bc ($4.7 in chips)
Seat 3: Hero ($10.32 in chips)
Seat 4: c3fe02e5 ($5 in chips)
Seat 5: b0102204 ($5.03 in chips)
Seat 6: 63739f39 ($5.55 in chips)
c3fe02e5: posts small blind $0.02
b0102204: posts big blind $0.05
*** HOLE CARDS ***
Dealt to 856db4cc 
Dealt to 198746bc 
Dealt to Hero [7h 5h]
Dealt to c3fe02e5 
Dealt to b0102204 
Dealt to 63739f39 
63739f39: folds
856db4cc: folds
198746bc: folds
Hero: raises $0.07 to $0.12
c3fe02e5: folds
b0102204: calls $0.07
*** FLOP *** [9d 8d 8h]
b0102204: checks
Hero: bets $0.15
b0102204: folds
Uncalled bet ($0.15) returned to Hero
*** SHOWDOWN ***
Hero collected $0.25 from pot
*** SUMMARY ***
Total pot $0.26 | Rake $0.01 | Jackpot $0 | Bingo $0 | Fortune $0 | Tax $0
Board [9d 8d 8h]
Seat 1: 856db4cc folded before Flop (didn't bet)
Seat 2: 198746bc folded before Flop (didn't bet)
Seat 3: Hero (button) won ($0.25)
Seat 4: c3fe02e5 (small blind) folded before Flop
Seat 5: b0102204 (big blind) folded on the Flop
Seat 6: 63739f39 folded before Flop (didn't bet)


Poker Hand #HD1733464925: Hold'em No Limit ($0.02/$0.05) - 2024/04/16 22:29:29
Table 'NLHBlue5' 6-max Seat #2 is the button
Seat 1: 856db4cc ($5.38 in chips)
Seat 2: 198746bc ($4.63 in chips)
Seat 3: Hero ($10.34 in chips)
Seat 4: c3fe02e5 ($5 in chips)
Seat 5: b0102204 ($5.03 in chips)
Seat 6: 63739f39 ($5.55 in chips)
Hero: posts small blind $0.02
c3fe02e5: posts big blind $0.05
*** HOLE CARDS ***
Dealt to 856db4cc 
Dealt to 198746bc 
Dealt to Hero [3c Ts]
Dealt to c3fe02e5 
Dealt to b0102204 
Dealt to 63739f39 
b0102204: folds
63739f39: folds
856db4cc: folds
198746bc: raises $0.08 to $0.13
Hero: folds
c3fe02e5: folds
Uncalled bet ($0.08) returned to 198746bc
*** SHOWDOWN ***
198746bc collected $0.12 from pot
*** SUMMARY ***
Total pot $0.12 | Rake $0 | Jackpot $0 | Bingo $0 | Fortune $0 | Tax $0
Seat 1: 856db4cc folded before Flop (didn't bet)
Seat 2: 198746bc (button) collected ($0.12)
Seat 3: Hero (small blind) folded before Flop
Seat 4: c3fe02e5 (big blind) folded before Flop
Seat 5: b0102204 folded before Flop (didn't bet)
Seat 6: 63739f39 folded before Flop (didn't bet)


Poker Hand #HD1733464827: Hold'em No Limit ($0.02/$0.05) - 2024/04/16 22:28:32
Table 'NLHBlue5' 6-max Seat #1 is the button
Seat 1: 856db4cc ($5.51 in chips)
Seat 2: 198746bc ($4.65 in chips)
Seat 3: Hero ($10.2 in chips)
Seat 4: c3fe02e5 ($5 in chips)
Seat 5: b0102204 ($5.03 in chips)
Seat 6: 63739f39 ($5.55 in chips)
198746bc: posts small blind $0.02
Hero: posts big blind $0.05
*** HOLE CARDS ***
Dealt to 856db4cc 
Dealt to 198746bc 
Dealt to Hero [Jc Tc]
Dealt to c3fe02e5 
Dealt to b0102204 
Dealt to 63739f39 
c3fe02e5: folds
b0102204: folds
63739f39: folds
856db4cc: raises $0.08 to $0.13
198746bc: folds
Hero: calls $0.08
*** FLOP *** [3c 3d 9s]
Hero: checks
856db4cc: checks
*** TURN *** [3c 3d 9s] [2h]
Hero: bets $0.15
856db4cc: folds
Uncalled bet ($0.15) returned to Hero
*** SHOWDOWN ***
Hero collected $0.27 from pot
*** SUMMARY ***
Total pot $0.28 | Rake $0.01 | Jackpot $0 | Bingo $0 | Fortune $0 | Tax $0
Board [3c 3d 9s 2h]
Seat 1: 856db4cc (button) folded on the Turn
Seat 2: 198746bc (small blind) folded before Flop
Seat 3: Hero (big blind) won ($0.27)
Seat 4: c3fe02e5 folded before Flop (didn't bet)
Seat 5: b0102204 folded before Flop (didn't bet)
Seat 6: 63739f39 folded before Flop (didn't bet)


Poker Hand #HD1733464782: Hold'em No Limit ($0.02/$0.05) - 2024/04/16 22:28:08
Table 'NLHBlue5' 6-max Seat #6 is the button
Seat 1: 856db4cc ($5.53 in chips)
Seat 2: 198746bc ($4.7 in chips)
Seat 3: Hero ($10.2 in chips)
Seat 4: c3fe02e5 ($5 in chips)
Seat 5: b0102204 ($5.03 in chips)
Seat 6: 63739f39 ($5.48 in chips)
856db4cc: posts small blind $0.02
198746bc: posts big blind $0.05
*** HOLE CARDS ***
Dealt to 856db4cc 
Dealt to 198746bc 
Dealt to Hero [2h 3d]
Dealt to c3fe02e5 
Dealt to b0102204 
Dealt to 63739f39 
Hero: folds
c3fe02e5: folds
b0102204: folds
63739f39: raises $0.06 to $0.11
856db4cc: folds
198746bc: folds
Uncalled bet ($0.06) returned to 63739f39
*** SHOWDOWN ***
63739f39 collected $0.12 from pot
*** SUMMARY ***
Total pot $0.12 | Rake $0 | Jackpot $0 | Bingo $0 | Fortune $0 | Tax $0
Seat 1: 856db4cc (small blind) folded before Flop
Seat 2: 198746bc (big blind) folded before Flop
Seat 3: Hero folded before Flop (didn't bet)
Seat 4: c3fe02e5 folded before Flop (didn't bet)
Seat 5: b0102204 folded before Flop (didn't bet)
Seat 6: 63739f39 (button) collected ($0.12)


Poker Hand #HD1733464709: Hold'em No Limit ($0.02/$0.05) - 2024/04/16 22:27:29
Table 'NLHBlue5' 6-max Seat #5 is the button
Seat 1: 856db4cc ($5.68 in chips)
Seat 2: 198746bc ($4.7 in chips)
Seat 3: Hero ($10.2 in chips)
Seat 4: c3fe02e5 ($5 in chips)
Seat 5: b0102204 ($5.03 in chips)
Seat 6: 63739f39 ($5.34 in chips)
63739f39: posts small blind $0.02
856db4cc: posts big blind $0.05
*** HOLE CARDS ***
Dealt to 856db4cc 
Dealt to 198746bc 
Dealt to Hero [Td 9c]
Dealt to c3fe02e5 
Dealt to b0102204 
Dealt to 63739f39 
198746bc: folds
Hero: folds
c3fe02e5: folds
b0102204: folds
63739f39: raises $0.1 to $0.15
856db4cc: calls $0.1
*** FLOP *** [2s 5c Ac]
63739f39: bets $0.1
856db4cc: folds
Uncalled bet ($0.1) returned to 63739f39
*** SHOWDOWN ***
63739f39 collected $0.29 from pot
*** SUMMARY ***
Total pot $0.3 | Rake $0.01 | Jackpot $0 | Bingo $0 | Fortune $0 | Tax $0
Board [2s 5c Ac]
Seat 1: 856db4cc (big blind) folded on the Flop
Seat 2: 198746bc folded before Flop (didn't bet)
Seat 3: Hero folded before Flop (didn't bet)
Seat 4: c3fe02e5 folded before Flop (didn't bet)
Seat 5: b0102204 (button) folded before Flop (didn't bet)
Seat 6: 63739f39 (small blind) won ($0.29)


Poker Hand #HD1733464681: Hold'em No Limit ($0.02/$0.05) - 2024/04/16 22:27:18
Table 'NLHBlue5' 6-max Seat #4 is the button
Seat 1: 856db4cc ($5.68 in chips)
Seat 2: 198746bc ($4.7 in chips)
Seat 3: Hero ($10.2 in chips)
Seat 4: c3fe02e5 ($5 in chips)
Seat 5: b0102204 ($5.05 in chips)
Seat 6: 63739f39 ($5.32 in chips)
b0102204: posts small blind $0.02
63739f39: posts big blind $0.05
*** HOLE CARDS ***
Dealt to 856db4cc 
Dealt to 198746bc 
Dealt to Hero [5d 2d]
Dealt to c3fe02e5 
Dealt to b0102204 
Dealt to 63739f39 
856db4cc: folds
198746bc: folds
Hero: folds
c3fe02e5: folds
b0102204: folds
Uncalled bet ($0.03) returned to 63739f39
*** SHOWDOWN ***
63739f39 collected $0.04 from pot
*** SUMMARY ***
Total pot $0.04 | Rake $0 | Jackpot $0 | Bingo $0 | Fortune $0 | Tax $0
Seat 1: 856db4cc folded before Flop (didn't bet)
Seat 2: 198746bc folded before Flop (didn't bet)
Seat 3: Hero folded before Flop (didn't bet)
Seat 4: c3fe02e5 (button) folded before Flop (didn't bet)
Seat 5: b0102204 (small blind) folded before Flop
Seat 6: 63739f39 (big blind) collected ($0.04)


Poker Hand #HD1733464616: Hold'em No Limit ($0.02/$0.05) - 2024/04/16 22:26:46
Table 'NLHBlue5' 6-max Seat #3 is the button
Seat 1: 856db4cc ($5.68 in chips)
Seat 2: 198746bc ($4.63 in chips)
Seat 3: Hero ($10.2 in chips)
Seat 4: c3fe02e5 ($5 in chips)
Seat 5: b0102204 ($5.1 in chips)
Seat 6: 63739f39 ($5.32 in chips)
c3fe02e5: posts small blind $0.02
b0102204: posts big blind $0.05
*** HOLE CARDS ***
Dealt to 856db4cc 
Dealt to 198746bc 
Dealt to Hero [5h 3d]
Dealt to c3fe02e5 
Dealt to b0102204 
Dealt to 63739f39 
63739f39: folds
856db4cc: folds
198746bc: raises $0.06 to $0.11
Hero: folds
c3fe02e5: folds
b0102204: folds
Uncalled bet ($0.06) returned to 198746bc
*** SHOWDOWN ***
198746bc collected $0.12 from pot
*** SUMMARY ***
Total pot $0.12 | Rake $0 | Jackpot $0 | Bingo $0 | Fortune $0 | Tax $0
Seat 1: 856db4cc folded before Flop (didn't bet)
Seat 2: 198746bc collected ($0.12)
Seat 3: Hero (button) folded before Flop (didn't bet)
Seat 4: c3fe02e5 (small blind) folded before Flop
Seat 5: b0102204 (big blind) folded before Flop
Seat 6: 63739f39 folded before Flop (didn't bet)


Poker Hand #HD1733464515: Hold'em No Limit ($0.02/$0.05) - 2024/04/16 22:25:47
Table 'NLHBlue5' 6-max Seat #2 is the button
Seat 1: 856db4cc ($5.39 in chips)
Seat 2: 198746bc ($4.87 in chips)
Seat 3: Hero ($10.22 in chips)
Seat 4: c3fe02e5 ($5 in chips)
Seat 5: b0102204 ($5.1 in chips)
Seat 6: 63739f39 ($5.32 in chips)
Hero: posts small blind $0.02
c3fe02e5: posts big blind $0.05
*** HOLE CARDS ***
Dealt to 856db4cc 
Dealt to 198746bc 
Dealt to Hero [7s 2d]
Dealt to c3fe02e5 
Dealt to b0102204 
Dealt to 63739f39 
b0102204: folds
63739f39: folds
856db4cc: raises $0.08 to $0.13
198746bc: calls $0.13
Hero: folds
c3fe02e5: folds
*** FLOP *** [Jc 2c 8h]
856db4cc: bets $0.11
198746bc: calls $0.11
*** TURN *** [Jc 2c 8h] [Th]
856db4cc: bets $0.28
198746bc: folds
Uncalled bet ($0.28) returned to 856db4cc
*** SHOWDOWN ***
856db4cc collected $0.53 from pot
*** SUMMARY ***
Total pot $0.55 | Rake $0.02 | Jackpot $0 | Bingo $0 | Fortune $0 | Tax $0
Board [Jc 2c 8h Th]
Seat 1: 856db4cc won ($0.53)
Seat 2: 198746bc (button) folded on the Turn
Seat 3: Hero (small blind) folded before Flop
Seat 4: c3fe02e5 (big blind) folded before Flop
Seat 5: b0102204 folded before Flop (didn't bet)
Seat 6: 63739f39 folded before Flop (didn't bet)


Poker Hand #HD1733464436: Hold'em No Limit ($0.02/$0.05) - 2024/04/16 22:25:02
Table 'NLHBlue5' 6-max Seat #1 is the button
Seat 1: 856db4cc ($5.39 in chips)
Seat 2: 198746bc ($4.89 in chips)
Seat 3: Hero ($10.27 in chips)
Seat 4: c3fe02e5 ($5.07 in chips)
Seat 5: b0102204 ($5.22 in chips)
Seat 6: 63739f39 ($5.03 in chips)
198746bc: posts small blind $0.02
Hero: posts big blind $0.05
*** HOLE CARDS ***
Dealt to 856db4cc 
Dealt to 198746bc 
Dealt to Hero [6h Ac]
Dealt to c3fe02e5 
Dealt to b0102204 
Dealt to 63739f39 
c3fe02e5: raises $0.07 to $0.12
b0102204: calls $0.12
63739f39: raises $0.43 to $0.55
856db4cc: folds
198746bc: folds
Hero: folds
c3fe02e5: folds
b0102204: folds
Uncalled bet ($0.43) returned to 63739f39
*** SHOWDOWN ***
63739f39 collected $0.41 from pot
*** SUMMARY ***
Total pot $0.43 | Rake $0.02 | Jackpot $0 | Bingo $0 | Fortune $0 | Tax $0
Seat 1: 856db4cc (button) folded before Flop (didn't bet)
Seat 2: 198746bc (small blind) folded before Flop
Seat 3: Hero (big blind) folded before Flop
Seat 4: c3fe02e5 folded before Flop
Seat 5: b0102204 folded before Flop
Seat 6: 63739f39 collected ($0.41)


Poker Hand #HD1733464405: Hold'em No Limit ($0.02/$0.05) - 2024/04/16 22:24:44
Table 'NLHBlue5' 6-max Seat #6 is the button
Seat 1: 856db4cc ($5.41 in chips)
Seat 2: 198746bc ($4.94 in chips)
Seat 3: Hero ($10.27 in chips)
Seat 4: c3fe02e5 ($5 in chips)
Seat 5: b0102204 ($5.22 in chips)
Seat 6: 63739f39 ($5.03 in chips)
856db4cc: posts small blind $0.02
198746bc: posts big blind $0.05
*** HOLE CARDS ***
Dealt to 856db4cc 
Dealt to 198746bc 
Dealt to Hero [8h 2c]
Dealt to c3fe02e5 
Dealt to b0102204 
Dealt to 63739f39 
Hero: folds
c3fe02e5: raises $0.07 to $0.12
b0102204: folds
63739f39: folds
856db4cc: folds
198746bc: folds
Uncalled bet ($0.07) returned to c3fe02e5
*** SHOWDOWN ***
c3fe02e5 collected $0.12 from pot
*** SUMMARY ***
Total pot $0.12 | Rake $0 | Jackpot $0 | Bingo $0 | Fortune $0 | Tax $0
Seat 1: 856db4cc (small blind) folded before Flop
Seat 2: 198746bc (big blind) folded before Flop
Seat 3: Hero folded before Flop (didn't bet)
Seat 4: c3fe02e5 collected ($0.12)
Seat 5: b0102204 folded before Flop (didn't bet)
Seat 6: 63739f39 (button) folded before Flop (didn't bet)


Poker Hand #HD1733464320: Hold'em No Limit ($0.02/$0.05) - 2024/04/16 22:23:57
Table 'NLHBlue5' 6-max Seat #5 is the button
Seat 1: 856db4cc ($5.51 in chips)
Seat 2: 198746bc ($4.83 in chips)
Seat 3: Hero ($10.27 in chips)
Seat 4: c3fe02e5 ($5 in chips)
Seat 5: b0102204 ($5.22 in chips)
Seat 6: 63739f39 ($5.05 in chips)
63739f39: posts small blind $0.02
856db4cc: posts big blind $0.05
*** HOLE CARDS ***
Dealt to 856db4cc 
Dealt to 198746bc 
Dealt to Hero [Ts 2d]
Dealt to c3fe02e5 
Dealt to b0102204 
Dealt to 63739f39 
198746bc: raises $0.05 to $0.1
Hero: folds
c3fe02e5: folds
b0102204: folds
63739f39: folds
856db4cc: calls $0.05
*** FLOP *** [Qd Jc Ad]
856db4cc: checks
198746bc: bets $0.11
856db4cc: folds
Uncalled bet ($0.11) returned to 198746bc
*** SHOWDOWN ***
198746bc collected $0.21 from pot
*** SUMMARY ***
Total pot $0.22 | Rake $0.01 | Jackpot $0 | Bingo $0 | Fortune $0 | Tax $0
Board [Qd Jc Ad]
Seat 1: 856db4cc (big blind) folded on the Flop
Seat 2: 198746bc won ($0.21)
Seat 3: Hero folded before Flop (didn't bet)
Seat 4: c3fe02e5 folded before Flop (didn't bet)
Seat 5: b0102204 (button) folded before Flop (didn't bet)
Seat 6: 63739f39 (small blind) folded before Flop


Poker Hand #HD1733464128: Hold'em No Limit ($0.02/$0.05) - 2024/04/16 22:22:08
Table 'NLHBlue5' 6-max Seat #4 is the button
Seat 1: 856db4cc ($5.12 in chips)
Seat 2: 198746bc ($4.83 in chips)
Seat 3: Hero ($10.27 in chips)
Seat 4: c3fe02e5 ($5 in chips)
Seat 5: b0102204 ($5.6 in chips)
Seat 6: 63739f39 ($5.1 in chips)
b0102204: posts small blind $0.02
63739f39: posts big blind $0.05
*** HOLE CARDS ***
Dealt to 856db4cc 
Dealt to 198746bc 
Dealt to Hero [2c Kh]
Dealt to c3fe02e5 
Dealt to b0102204 
Dealt to 63739f39 
856db4cc: raises $0.1 to $0.15
198746bc: folds
Hero: folds
c3fe02e5: folds
b0102204: calls $0.13
63739f39: folds
*** FLOP *** [4d 4h 5c]
b0102204: bets $0.23
856db4cc: calls $0.23
*** TURN *** [4d 4h 5c] [3c]
b0102204: checks
856db4cc: checks
*** RIVER *** [4d 4h 5c 3c] [4c]
b0102204: checks
856db4cc: checks
b0102204: shows [As Js] (Three Fours)
856db4cc: shows [Kd Ac] (Three Fours)
*** SHOWDOWN ***
856db4cc collected $0.77 from pot
*** SUMMARY ***
Total pot $0.81 | Rake $0.04 | Jackpot $0 | Bingo $0 | Fortune $0 | Tax $0
Board [4d 4h 5c 3c 4c]
Seat 1: 856db4cc showed [Kd Ac] and won ($0.77) with Three Fours
Seat 2: 198746bc folded before Flop (didn't bet)
Seat 3: Hero folded before Flop (didn't bet)
Seat 4: c3fe02e5 (button) folded before Flop (didn't bet)
Seat 5: b0102204 (small blind) showed [As Js] and lost with Three Fours
Seat 6: 63739f39 (big blind) folded before Flop


Poker Hand #HD1733464085: Hold'em No Limit ($0.02/$0.05) - 2024/04/16 22:21:45
Table 'NLHBlue5' 6-max Seat #3 is the button
Seat 1: 856db4cc ($5.12 in chips)
Seat 2: 198746bc ($4.83 in chips)
Seat 3: Hero ($10.27 in chips)
Seat 4: c3fe02e5 ($5 in chips)
Seat 5: b0102204 ($5.58 in chips)
Seat 6: 63739f39 ($5.1 in chips)
c3fe02e5: posts small blind $0.02
b0102204: posts big blind $0.05
*** HOLE CARDS ***
Dealt to 856db4cc 
Dealt to 198746bc 
Dealt to Hero [Tc 4d]
Dealt to c3fe02e5 
Dealt to b0102204 
Dealt to 63739f39 
63739f39: folds
856db4cc: folds
198746bc: folds
Hero: folds
c3fe02e5: folds
Uncalled bet ($0.03) returned to b0102204
*** SHOWDOWN ***
b0102204 collected $0.04 from pot
*** SUMMARY ***
Total pot $0.04 | Rake $0 | Jackpot $0 | Bingo $0 | Fortune $0 | Tax $0
Seat 1: 856db4cc folded before Flop (didn't bet)
Seat 2: 198746bc folded before Flop (didn't bet)
Seat 3: Hero (button) folded before Flop (didn't bet)
Seat 4: c3fe02e5 (small blind) folded before Flop
Seat 5: b0102204 (big blind) collected ($0.04)
Seat 6: 63739f39 folded before Flop (didn't bet)


Poker Hand #HD1733464054: Hold'em No Limit ($0.02/$0.05) - 2024/04/16 22:21:29
Table 'NLHBlue5' 6-max Seat #2 is the button
Seat 1: 856db4cc ($5.05 in chips)
Seat 2: 198746bc ($4.83 in chips)
Seat 3: Hero ($10.29 in chips)
Seat 4: c3fe02e5 ($5 in chips)
Seat 5: b0102204 ($5.58 in chips)
Seat 6: 63739f39 ($5.1 in chips)
Hero: posts small blind $0.02
c3fe02e5: posts big blind $0.05
*** HOLE CARDS ***
Dealt to 856db4cc 
Dealt to 198746bc 
Dealt to Hero [6c Qc]
Dealt to c3fe02e5 
Dealt to b0102204 
Dealt to 63739f39 
b0102204: folds
63739f39: folds
856db4cc: raises $0.08 to $0.13
198746bc: folds
Hero: folds
c3fe02e5: folds
Uncalled bet ($0.08) returned to 856db4cc
*** SHOWDOWN ***
856db4cc collected $0.12 from pot
*** SUMMARY ***
Total pot $0.12 | Rake $0 | Jackpot $0 | Bingo $0 | Fortune $0 | Tax $0
Seat 1: 856db4cc collected ($0.12)
Seat 2: 198746bc (button) folded before Flop (didn't bet)
Seat 3: Hero (small blind) folded before Flop
Seat 4: c3fe02e5 (big blind) folded before Flop
Seat 5: b0102204 folded before Flop (didn't bet)
Seat 6: 63739f39 folded before Flop (didn't bet)


Poker Hand #HD1733464015: Hold'em No Limit ($0.02/$0.05) - 2024/04/16 22:21:03
Table 'NLHBlue5' 6-max Seat #1 is the button
Seat 1: 856db4cc ($4.98 in chips)
Seat 2: 198746bc ($4.85 in chips)
Seat 3: Hero ($10.34 in chips)
Seat 4: c3fe02e5 ($5 in chips)
Seat 5: b0102204 ($5.58 in chips)
Seat 6: 63739f39 ($5.1 in chips)
198746bc: posts small blind $0.02
Hero: posts big blind $0.05
*** HOLE CARDS ***
Dealt to 856db4cc 
Dealt to 198746bc 
Dealt to Hero [2s 4c]
Dealt to c3fe02e5 
Dealt to b0102204 
Dealt to 63739f39 
c3fe02e5: folds
b0102204: folds
63739f39: folds
856db4cc: raises $0.08 to $0.13
198746bc: folds
Hero: folds
Uncalled bet ($0.08) returned to 856db4cc
*** SHOWDOWN ***
856db4cc collected $0.12 from pot
*** SUMMARY ***
Total pot $0.12 | Rake $0 | Jackpot $0 | Bingo $0 | Fortune $0 | Tax $0
Seat 1: 856db4cc (button) collected ($0.12)
Seat 2: 198746bc (small blind) folded before Flop
Seat 3: Hero (big blind) folded before Flop
Seat 4: c3fe02e5 folded before Flop (didn't bet)
Seat 5: b0102204 folded before Flop (didn't bet)
Seat 6: 63739f39 folded before Flop (didn't bet)


Poker Hand #HD1733463965: Hold'em No Limit ($0.02/$0.05) - 2024/04/16 22:20:35
Table 'NLHBlue5' 6-max Seat #6 is the button
Seat 1: 856db4cc ($4.93 in chips)
Seat 2: 198746bc ($4.9 in chips)
Seat 3: Hero ($10.34 in chips)
Seat 4: c3fe02e5 ($5 in chips)
Seat 5: b0102204 ($5.58 in chips)
Seat 6: 63739f39 ($5.1 in chips)
856db4cc: posts small blind $0.02
198746bc: posts big blind $0.05
*** HOLE CARDS ***
Dealt to 856db4cc 
Dealt to 198746bc 
Dealt to Hero [5h 7c]
Dealt to c3fe02e5 
Dealt to b0102204 
Dealt to 63739f39 
Hero: folds
c3fe02e5: folds
b0102204: folds
63739f39: folds
856db4cc: raises $0.08 to $0.13
198746bc: folds
Uncalled bet ($0.08) returned to 856db4cc
*** SHOWDOWN ***
856db4cc collected $0.1 from pot
*** SUMMARY ***
Total pot $0.1 | Rake $0 | Jackpot $0 | Bingo $0 | Fortune $0 | Tax $0
Seat 1: 856db4cc (small blind) collected ($0.1)
Seat 2: 198746bc (big blind) folded before Flop
Seat 3: Hero folded before Flop (didn't bet)
Seat 4: c3fe02e5 folded before Flop (didn't bet)
Seat 5: b0102204 folded before Flop (didn't bet)
Seat 6: 63739f39 (button) folded before Flop (didn't bet)


Poker Hand #HD1733463880: Hold'em No Limit ($0.02/$0.05) - 2024/04/16 22:19:41
Table 'NLHBlue5' 6-max Seat #5 is the button
Seat 1: 856db4cc ($5.06 in chips)
Seat 2: 198746bc ($4.9 in chips)
Seat 3: Hero ($10.34 in chips)
Seat 4: c3fe02e5 ($5 in chips)
Seat 5: b0102204 ($5.44 in chips)
Seat 6: 63739f39 ($5.12 in chips)
63739f39: posts small blind $0.02
856db4cc: posts big blind $0.05
*** HOLE CARDS ***
Dealt to 856db4cc 
Dealt to 198746bc 
Dealt to Hero [7d 3d]
Dealt to c3fe02e5 
Dealt to b0102204 
Dealt to 63739f39 
198746bc: folds
Hero: folds
c3fe02e5: folds
b0102204: raises $0.08 to $0.13
63739f39: folds
856db4cc: calls $0.08
*** FLOP *** [Ah 5s Td]
856db4cc: checks
b0102204: bets $0.21
856db4cc: folds
Uncalled bet ($0.21) returned to b0102204
*** SHOWDOWN ***
b0102204 collected $0.27 from pot
*** SUMMARY ***
Total pot $0.28 | Rake $0.01 | Jackpot $0 | Bingo $0 | Fortune $0 | Tax $0
Board [Ah 5s Td]
Seat 1: 856db4cc (big blind) folded on the Flop
Seat 2: 198746bc folded before Flop (didn't bet)
Seat 3: Hero folded before Flop (didn't bet)
Seat 4: c3fe02e5 folded before Flop (didn't bet)
Seat 5: b0102204 (button) won ($0.27)
Seat 6: 63739f39 (small blind) folded before Flop


Poker Hand #HD1733463787: Hold'em No Limit ($0.02/$0.05) - 2024/04/16 22:18:53
Table 'NLHBlue5' 6-max Seat #4 is the button
Seat 1: 856db4cc ($5.06 in chips)
Seat 2: 198746bc ($4.9 in chips)
Seat 3: Hero ($10.34 in chips)
Seat 4: c3fe02e5 ($5 in chips)
Seat 5: b0102204 ($5.57 in chips)
Seat 6: 63739f39 ($5 in chips)
b0102204: posts small blind $0.02
63739f39: posts big blind $0.05
*** HOLE CARDS ***
Dealt to 856db4cc 
Dealt to 198746bc 
Dealt to Hero [8c 5s]
Dealt to c3fe02e5 
Dealt to b0102204 
Dealt to 63739f39 
856db4cc: folds
198746bc: folds
Hero: folds
c3fe02e5: folds
b0102204: raises $0.08 to $0.13
63739f39: raises $0.26 to $0.39
b0102204: folds
Uncalled bet ($0.26) returned to 63739f39
*** SHOWDOWN ***
63739f39 collected $0.25 from pot
*** SUMMARY ***
Total pot $0.26 | Rake $0.01 | Jackpot $0 | Bingo $0 | Fortune $0 | Tax $0
Seat 1: 856db4cc folded before Flop (didn't bet)
Seat 2: 198746bc folded before Flop (didn't bet)
Seat 3: Hero folded before Flop (didn't bet)
Seat 4: c3fe02e5 (button) folded before Flop (didn't bet)
Seat 5: b0102204 (small blind) folded before Flop
Seat 6: 63739f39 (big blind) collected ($0.25)


Poker Hand #HD1733463751: Hold'em No Limit ($0.02/$0.05) - 2024/04/16 22:18:35
Table 'NLHBlue5' 6-max Seat #3 is the button
Seat 2: 198746bc ($4.9 in chips)
Seat 3: Hero ($10.27 in chips)
Seat 4: c3fe02e5 ($5.02 in chips)
Seat 5: b0102204 ($5.62 in chips)
Seat 6: 63739f39 ($5 in chips)
c3fe02e5: posts small blind $0.02
b0102204: posts big blind $0.05
*** HOLE CARDS ***
Dealt to 198746bc 
Dealt to Hero [Jd Kh]
Dealt to c3fe02e5 
Dealt to b0102204 
Dealt to 63739f39 
63739f39: folds
198746bc: folds
Hero: raises $0.07 to $0.12
c3fe02e5: folds
b0102204: folds
Uncalled bet ($0.07) returned to Hero
*** SHOWDOWN ***
Hero collected $0.12 from pot
*** SUMMARY ***
Total pot $0.12 | Rake $0 | Jackpot $0 | Bingo $0 | Fortune $0 | Tax $0
Seat 2: 198746bc folded before Flop (didn't bet)
Seat 3: Hero (button) collected ($0.12)
Seat 4: c3fe02e5 (small blind) folded before Flop
Seat 5: b0102204 (big blind) folded before Flop
Seat 6: 63739f39 folded before Flop (didn't bet)


Poker Hand #HD1733463710: Hold'em No Limit ($0.02/$0.05) - 2024/04/16 22:18:08
Table 'NLHBlue5' 6-max Seat #2 is the button
Seat 2: 198746bc ($4.9 in chips)
Seat 3: Hero ($10.29 in chips)
Seat 4: c3fe02e5 ($5 in chips)
Seat 6: 63739f39 ($5 in chips)
Hero: posts small blind $0.02
c3fe02e5: posts big blind $0.05
*** HOLE CARDS ***
Dealt to 198746bc 
Dealt to Hero [6d 4s]
Dealt to c3fe02e5 
Dealt to 63739f39 
63739f39: folds
198746bc: folds
Hero: folds
Uncalled bet ($0.03) returned to c3fe02e5
*** SHOWDOWN ***
c3fe02e5 collected $0.04 from pot
*** SUMMARY ***
Total pot $0.04 | Rake $0 | Jackpot $0 | Bingo $0 | Fortune $0 | Tax $0
Seat 2: 198746bc (button) folded before Flop (didn't bet)
Seat 3: Hero (small blind) folded before Flop
Seat 4: c3fe02e5 (big blind) collected ($0.04)
Seat 6: 63739f39 folded before Flop (didn't bet)


Poker Hand #HD1733463648: Hold'em No Limit ($0.02/$0.05) - 2024/04/16 22:17:34
Table 'NLHBlue5' 6-max Seat #1 is the button
Seat 1: 856db4cc ($5.06 in chips)
Seat 2: 198746bc ($4.92 in chips)
Seat 3: Hero ($10.27 in chips)
Seat 4: c3fe02e5 ($5 in chips)
Seat 6: 63739f39 ($5 in chips)
198746bc: posts small blind $0.02
Hero: posts big blind $0.05
*** HOLE CARDS ***
Dealt to 856db4cc 
Dealt to 198746bc 
Dealt to Hero [Ad Js]
Dealt to c3fe02e5 
Dealt to 63739f39 
c3fe02e5: folds
63739f39: folds
856db4cc: folds
198746bc: folds
Uncalled bet ($0.03) returned to Hero
*** SHOWDOWN ***
Hero collected $0.04 from pot
*** SUMMARY ***
Total pot $0.04 | Rake $0 | Jackpot $0 | Bingo $0 | Fortune $0 | Tax $0
Seat 1: 856db4cc (button) folded before Flop (didn't bet)
Seat 2: 198746bc (small blind) folded before Flop
Seat 3: Hero (big blind) collected ($0.04)
Seat 4: c3fe02e5 folded before Flop (didn't bet)
Seat 6: 63739f39 folded before Flop (didn't bet)


Poker Hand #HD1733463617: Hold'em No Limit ($0.02/$0.05) - 2024/04/16 22:17:19
Table 'NLHBlue5' 6-max Seat #6 is the button
Seat 1: 856db4cc ($5.08 in chips)
Seat 2: 198746bc ($4.9 in chips)
Seat 3: Hero ($10.27 in chips)
Seat 4: c3fe02e5 ($5 in chips)
Seat 6: 63739f39 ($5 in chips)
856db4cc: posts small blind $0.02
198746bc: posts big blind $0.05
*** HOLE CARDS ***
Dealt to 856db4cc 
Dealt to 198746bc 
Dealt to Hero [Tc 4s]
Dealt to c3fe02e5 
Dealt to 63739f39 
Hero: folds
c3fe02e5: folds
63739f39: folds
856db4cc: folds
Uncalled bet ($0.03) returned to 198746bc
*** SHOWDOWN ***
198746bc collected $0.04 from pot
*** SUMMARY ***
Total pot $0.04 | Rake $0 | Jackpot $0 | Bingo $0 | Fortune $0 | Tax $0
Seat 1: 856db4cc (small blind) folded before Flop
Seat 2: 198746bc (big blind) collected ($0.04)
Seat 3: Hero folded before Flop (didn't bet)
Seat 4: c3fe02e5 folded before Flop (didn't bet)
Seat 6: 63739f39 (button) folded before Flop (didn't bet)


Poker Hand #HD1733463532: Hold'em No Limit ($0.02/$0.05) - 2024/04/16 22:16:24
Table 'NLHBlue5' 6-max Seat #4 is the button
Seat 1: 856db4cc ($4.94 in chips)
Seat 2: 198746bc ($4.9 in chips)
Seat 3: Hero ($10.27 in chips)
Seat 4: c3fe02e5 ($5 in chips)
Seat 6: 63739f39 ($5.03 in chips)
63739f39: posts small blind $0.02
856db4cc: posts big blind $0.05
*** HOLE CARDS ***
Dealt to 856db4cc 
Dealt to 198746bc 
Dealt to Hero [Ks 3d]
Dealt to c3fe02e5 
Dealt to 63739f39 
198746bc: folds
Hero: folds
c3fe02e5: folds
63739f39: raises $0.1 to $0.15
856db4cc: calls $0.1
*** FLOP *** [Tc Ac Qs]
63739f39: checks
856db4cc: bets $0.1
63739f39: folds
Uncalled bet ($0.1) returned to 856db4cc
*** SHOWDOWN ***
856db4cc collected $0.29 from pot
*** SUMMARY ***
Total pot $0.3 | Rake $0.01 | Jackpot $0 | Bingo $0 | Fortune $0 | Tax $0
Board [Tc Ac Qs]
Seat 1: 856db4cc (big blind) won ($0.29)
Seat 2: 198746bc folded before Flop (didn't bet)
Seat 3: Hero folded before Flop (didn't bet)
Seat 4: c3fe02e5 (button) folded before Flop (didn't bet)
Seat 6: 63739f39 (small blind) folded on the Flop


Poker Hand #HD1733463493: Hold'em No Limit ($0.02/$0.05) - 2024/04/16 22:16:03
Table 'NLHBlue5' 6-max Seat #3 is the button
Seat 2: 198746bc ($4.9 in chips)
Seat 3: Hero ($10.2 in chips)
Seat 4: c3fe02e5 ($5 in chips)
Seat 6: 63739f39 ($5.08 in chips)
c3fe02e5: posts small blind $0.02
63739f39: posts big blind $0.05
*** HOLE CARDS ***
Dealt to 198746bc 
Dealt to Hero [Ac Kh]
Dealt to c3fe02e5 
Dealt to 63739f39 
198746bc: folds
Hero: raises $0.07 to $0.12
c3fe02e5: folds
63739f39: folds
Uncalled bet ($0.07) returned to Hero
*** SHOWDOWN ***
Hero collected $0.12 from pot
*** SUMMARY ***
Total pot $0.12 | Rake $0 | Jackpot $0 | Bingo $0 | Fortune $0 | Tax $0
Seat 2: 198746bc folded before Flop (didn't bet)
Seat 3: Hero (button) collected ($0.12)
Seat 4: c3fe02e5 (small blind) folded before Flop
Seat 6: 63739f39 (big blind) folded before Flop


Poker Hand #HD1733463455: Hold'em No Limit ($0.02/$0.05) - 2024/04/16 22:15:43
Table 'NLHBlue5' 6-max Seat #2 is the button
Seat 2: 198746bc ($4.83 in chips)
Seat 3: Hero ($10.22 in chips)
Seat 4: c3fe02e5 ($5 in chips)
Seat 6: 63739f39 ($5.08 in chips)
Hero: posts small blind $0.02
c3fe02e5: posts big blind $0.05
*** HOLE CARDS ***
Dealt to 198746bc 
Dealt to Hero [7d Ad]
Dealt to c3fe02e5 
Dealt to 63739f39 
63739f39: folds
198746bc: raises $0.08 to $0.13
Hero: folds
c3fe02e5: folds
Uncalled bet ($0.08) returned to 198746bc
*** SHOWDOWN ***
198746bc collected $0.12 from pot
*** SUMMARY ***
Total pot $0.12 | Rake $0 | Jackpot $0 | Bingo $0 | Fortune $0 | Tax $0
Seat 2: 198746bc (button) collected ($0.12)
Seat 3: Hero (small blind) folded before Flop
Seat 4: c3fe02e5 (big blind) folded before Flop
Seat 6: 63739f39 folded before Flop (didn't bet)


Poker Hand #HD1733463402: Hold'em No Limit ($0.02/$0.05) - 2024/04/16 22:15:08
Table 'NLHBlue5' 6-max Seat #6 is the button
Seat 2: 198746bc ($4.88 in chips)
Seat 3: Hero ($10.17 in chips)
Seat 4: c3fe02e5 ($5 in chips)
Seat 6: 63739f39 ($5.08 in chips)
198746bc: posts small blind $0.02
Hero: posts big blind $0.05
*** HOLE CARDS ***
Dealt to 198746bc 
Dealt to Hero [6d 9s]
Dealt to c3fe02e5 
Dealt to 63739f39 
c3fe02e5: folds
63739f39: folds
198746bc: calls $0.03
Hero: checks
*** FLOP *** [Ks 2c 7c]
198746bc: checks
Hero: checks
*** TURN *** [Ks 2c 7c] [Jh]
198746bc: checks
Hero: checks
*** RIVER *** [Ks 2c 7c Jh] [Ts]
198746bc: checks
Hero: bets $0.1
198746bc: folds
Uncalled bet ($0.1) returned to Hero
*** SHOWDOWN ***
Hero collected $0.1 from pot
*** SUMMARY ***
Total pot $0.1 | Rake $0 | Jackpot $0 | Bingo $0 | Fortune $0 | Tax $0
Board [Ks 2c 7c Jh Ts]
Seat 2: 198746bc (small blind) folded on the River
Seat 3: Hero (big blind) won ($0.1)
Seat 4: c3fe02e5 folded before Flop (didn't bet)
Seat 6: 63739f39 (button) folded before Flop (didn't bet)


Poker Hand #HD1733463335: Hold'em No Limit ($0.02/$0.05) - 2024/04/16 22:14:30
Table 'NLHBlue5' 6-max Seat #4 is the button
Seat 2: 198746bc ($5 in chips)
Seat 3: Hero ($10.04 in chips)
Seat 4: c3fe02e5 ($5 in chips)
Seat 6: 63739f39 ($5.1 in chips)
63739f39: posts small blind $0.02
198746bc: posts big blind $0.05
*** HOLE CARDS ***
Dealt to 198746bc 
Dealt to Hero [Ks 9s]
Dealt to c3fe02e5 
Dealt to 63739f39 
Hero: raises $0.07 to $0.12
c3fe02e5: folds
63739f39: folds
198746bc: calls $0.07
*** FLOP *** [4d 4s 2d]
198746bc: checks
Hero: checks
*** TURN *** [4d 4s 2d] [5d]
198746bc: checks
Hero: checks
*** RIVER *** [4d 4s 2d 5d] [Ad]
198746bc: checks
Hero: checks
198746bc: shows [Qh Jc] (Pair of Fours)
Hero: shows [Ks 9s] (Pair of Fours)
*** SHOWDOWN ***
Hero collected $0.25 from pot
*** SUMMARY ***
Total pot $0.26 | Rake $0.01 | Jackpot $0 | Bingo $0 | Fortune $0 | Tax $0
Board [4d 4s 2d 5d Ad]
Seat 2: 198746bc (big blind) showed [Qh Jc] and lost with Pair of Fours
Seat 3: Hero showed [Ks 9s] and won ($0.25) with Pair of Fours
Seat 4: c3fe02e5 (button) folded before Flop (didn't bet)
Seat 6: 63739f39 (small blind) folded before Flop


Poker Hand #HD1733463296: Hold'em No Limit ($0.02/$0.05) - 2024/04/16 22:14:05
Table 'NLHBlue5' 6-max Seat #3 is the button
Seat 3: Hero ($10.04 in chips)
Seat 4: c3fe02e5 ($5.02 in chips)
Seat 5: b0102204 ($5.67 in chips)
Seat 6: 63739f39 ($5.03 in chips)
c3fe02e5: posts small blind $0.02
b0102204: posts big blind $0.05
*** HOLE CARDS ***
Dealt to Hero [4c Qs]
Dealt to c3fe02e5 
Dealt to b0102204 
Dealt to 63739f39 
63739f39: raises $0.06 to $0.11
Hero: folds
c3fe02e5: folds
b0102204: folds
Uncalled bet ($0.06) returned to 63739f39
*** SHOWDOWN ***
63739f39 collected $0.12 from pot
*** SUMMARY ***
Total pot $0.12 | Rake $0 | Jackpot $0 | Bingo $0 | Fortune $0 | Tax $0
Seat 3: Hero (button) folded before Flop (didn't bet)
Seat 4: c3fe02e5 (small blind) folded before Flop
Seat 5: b0102204 (big blind) folded before Flop
Seat 6: 63739f39 collected ($0.12)


Poker Hand #HD1733463204: Hold'em No Limit ($0.02/$0.05) - 2024/04/16 22:13:11
Table 'NLHBlue5' 6-max Seat #6 is the button
Seat 2: 679a8f4e ($5.3 in chips)
Seat 3: Hero ($10.19 in chips)
Seat 4: c3fe02e5 ($5.02 in chips)
Seat 5: b0102204 ($5.51 in chips)
Seat 6: 63739f39 ($5.03 in chips)
679a8f4e: posts small blind $0.02
Hero: posts big blind $0.05
*** HOLE CARDS ***
Dealt to 679a8f4e 
Dealt to Hero [Ks Td]
Dealt to c3fe02e5 
Dealt to b0102204 
Dealt to 63739f39 
c3fe02e5: folds
b0102204: raises $0.1 to $0.15
63739f39: folds
679a8f4e: folds
Hero: calls $0.1
*** FLOP *** [8d Ac 6c]
Hero: checks
b0102204: bets $0.16
Hero: folds
Uncalled bet ($0.16) returned to b0102204
*** SHOWDOWN ***
b0102204 collected $0.31 from pot
*** SUMMARY ***
Total pot $0.32 | Rake $0.01 | Jackpot $0 | Bingo $0 | Fortune $0 | Tax $0
Board [8d Ac 6c]
Seat 2: 679a8f4e (small blind) folded before Flop
Seat 3: Hero (big blind) folded on the Flop
Seat 4: c3fe02e5 folded before Flop (didn't bet)
Seat 5: b0102204 won ($0.31)
Seat 6: 63739f39 (button) folded before Flop (didn't bet)


Poker Hand #HD1733463171: Hold'em No Limit ($0.02/$0.05) - 2024/04/16 22:12:49
Table 'NLHBlue5' 6-max Seat #5 is the button
Seat 2: 679a8f4e ($5.35 in chips)
Seat 3: Hero ($10.19 in chips)
Seat 4: c3fe02e5 ($5.02 in chips)
Seat 5: b0102204 ($5.44 in chips)
Seat 6: 63739f39 ($5.05 in chips)
63739f39: posts small blind $0.02
679a8f4e: posts big blind $0.05
*** HOLE CARDS ***
Dealt to 679a8f4e 
Dealt to Hero [Jd 8h]
Dealt to c3fe02e5 
Dealt to b0102204 
Dealt to 63739f39 
Hero: folds
c3fe02e5: folds
b0102204: raises $0.08 to $0.13
63739f39: folds
679a8f4e: folds
Uncalled bet ($0.08) returned to b0102204
*** SHOWDOWN ***
b0102204 collected $0.12 from pot
*** SUMMARY ***
Total pot $0.12 | Rake $0 | Jackpot $0 | Bingo $0 | Fortune $0 | Tax $0
Seat 2: 679a8f4e (big blind) folded before Flop
Seat 3: Hero folded before Flop (didn't bet)
Seat 4: c3fe02e5 folded before Flop (didn't bet)
Seat 5: b0102204 (button) collected ($0.12)
Seat 6: 63739f39 (small blind) folded before Flop


Poker Hand #HD1733463111: Hold'em No Limit ($0.02/$0.05) - 2024/04/16 22:12:17
Table 'NLHBlue5' 6-max Seat #4 is the button
Seat 2: 679a8f4e ($5.35 in chips)
Seat 3: Hero ($10.19 in chips)
Seat 4: c3fe02e5 ($5.14 in chips)
Seat 5: b0102204 ($5.28 in chips)
Seat 6: 63739f39 ($5.1 in chips)
b0102204: posts small blind $0.02
63739f39: posts big blind $0.05
*** HOLE CARDS ***
Dealt to 679a8f4e 
Dealt to Hero [Th 2c]
Dealt to c3fe02e5 
Dealt to b0102204 
Dealt to 63739f39 
679a8f4e: folds
Hero: folds
c3fe02e5: raises $0.07 to $0.12
b0102204: raises $0.22 to $0.34
63739f39: folds
c3fe02e5: folds
Uncalled bet ($0.22) returned to b0102204
*** SHOWDOWN ***
b0102204 collected $0.28 from pot
*** SUMMARY ***
Total pot $0.29 | Rake $0.01 | Jackpot $0 | Bingo $0 | Fortune $0 | Tax $0
Seat 2: 679a8f4e folded before Flop (didn't bet)
Seat 3: Hero folded before Flop (didn't bet)
Seat 4: c3fe02e5 (button) folded before Flop
Seat 5: b0102204 (small blind) collected ($0.28)
Seat 6: 63739f39 (big blind) folded before Flop


Poker Hand #HD1733463006: Hold'em No Limit ($0.02/$0.05) - 2024/04/16 22:11:19
Table 'NLHBlue5' 6-max Seat #3 is the button
Seat 2: 679a8f4e ($5.35 in chips)
Seat 3: Hero ($10.19 in chips)
Seat 4: c3fe02e5 ($5.16 in chips)
Seat 5: b0102204 ($5 in chips)
Seat 6: 63739f39 ($5.39 in chips)
c3fe02e5: posts small blind $0.02
b0102204: posts big blind $0.05
*** HOLE CARDS ***
Dealt to 679a8f4e 
Dealt to Hero [4s 7s]
Dealt to c3fe02e5 
Dealt to b0102204 
Dealt to 63739f39 
63739f39: raises $0.06 to $0.11
679a8f4e: folds
Hero: folds
c3fe02e5: folds
b0102204: raises $0.18 to $0.29
63739f39: calls $0.18
*** FLOP *** [2s 4d 6c]
b0102204: bets $0.45
63739f39: folds
Uncalled bet ($0.45) returned to b0102204
*** SHOWDOWN ***
b0102204 collected $0.57 from pot
*** SUMMARY ***
Total pot $0.6 | Rake $0.03 | Jackpot $0 | Bingo $0 | Fortune $0 | Tax $0
Board [2s 4d 6c]
Seat 2: 679a8f4e folded before Flop (didn't bet)
Seat 3: Hero (button) folded before Flop (didn't bet)
Seat 4: c3fe02e5 (small blind) folded before Flop
Seat 5: b0102204 (big blind) won ($0.57)
Seat 6: 63739f39 folded on the Flop


Poker Hand #HD1733462961: Hold'em No Limit ($0.02/$0.05) - 2024/04/16 22:10:58
Table 'NLHBlue5' 6-max Seat #2 is the button
Seat 2: 679a8f4e ($5.28 in chips)
Seat 3: Hero ($10.21 in chips)
Seat 4: c3fe02e5 ($5.21 in chips)
Seat 6: 63739f39 ($5.39 in chips)
Hero: posts small blind $0.02
c3fe02e5: posts big blind $0.05
*** HOLE CARDS ***
Dealt to 679a8f4e 
Dealt to Hero [As 8s]
Dealt to c3fe02e5 
Dealt to 63739f39 
63739f39: folds
679a8f4e: raises $0.08 to $0.13
Hero: folds
c3fe02e5: folds
Uncalled bet ($0.08) returned to 679a8f4e
*** SHOWDOWN ***
679a8f4e collected $0.12 from pot
*** SUMMARY ***
Total pot $0.12 | Rake $0 | Jackpot $0 | Bingo $0 | Fortune $0 | Tax $0
Seat 2: 679a8f4e (button) collected ($0.12)
Seat 3: Hero (small blind) folded before Flop
Seat 4: c3fe02e5 (big blind) folded before Flop
Seat 6: 63739f39 folded before Flop (didn't bet)


Poker Hand #HD1733462938: Hold'em No Limit ($0.02/$0.05) - 2024/04/16 22:10:46
Table 'NLHBlue5' 6-max Seat #6 is the button
Seat 2: 679a8f4e ($5.3 in chips)
Seat 3: Hero ($10.26 in chips)
Seat 4: c3fe02e5 ($5.21 in chips)
Seat 6: 63739f39 ($5.32 in chips)
679a8f4e: posts small blind $0.02
Hero: posts big blind $0.05
*** HOLE CARDS ***
Dealt to 679a8f4e 
Dealt to Hero [9d 2c]
Dealt to c3fe02e5 
Dealt to 63739f39 
c3fe02e5: folds
63739f39: raises $0.06 to $0.11
679a8f4e: folds
Hero: folds
Uncalled bet ($0.06) returned to 63739f39
*** SHOWDOWN ***
63739f39 collected $0.12 from pot
*** SUMMARY ***
Total pot $0.12 | Rake $0 | Jackpot $0 | Bingo $0 | Fortune $0 | Tax $0
Seat 2: 679a8f4e (small blind) folded before Flop
Seat 3: Hero (big blind) folded before Flop
Seat 4: c3fe02e5 folded before Flop (didn't bet)
Seat 6: 63739f39 (button) collected ($0.12)


Poker Hand #HD1733462911: Hold'em No Limit ($0.02/$0.05) - 2024/04/16 22:10:32
Table 'NLHBlue5' 6-max Seat #4 is the button
Seat 2: 679a8f4e ($5.35 in chips)
Seat 3: Hero ($10.26 in chips)
Seat 4: c3fe02e5 ($5.14 in chips)
Seat 6: 63739f39 ($5.34 in chips)
63739f39: posts small blind $0.02
679a8f4e: posts big blind $0.05
*** HOLE CARDS ***
Dealt to 679a8f4e 
Dealt to Hero [8h As]
Dealt to c3fe02e5 
Dealt to 63739f39 
Hero: folds
c3fe02e5: raises $0.07 to $0.12
63739f39: folds
679a8f4e: folds
Uncalled bet ($0.07) returned to c3fe02e5
*** SHOWDOWN ***
c3fe02e5 collected $0.12 from pot
*** SUMMARY ***
Total pot $0.12 | Rake $0 | Jackpot $0 | Bingo $0 | Fortune $0 | Tax $0
Seat 2: 679a8f4e (big blind) folded before Flop
Seat 3: Hero folded before Flop (didn't bet)
Seat 4: c3fe02e5 (button) collected ($0.12)
Seat 6: 63739f39 (small blind) folded before Flop


Poker Hand #HD1733462860: Hold'em No Limit ($0.02/$0.05) - 2024/04/16 22:10:05
Table 'NLHBlue5' 6-max Seat #3 is the button
Seat 2: 679a8f4e ($5.28 in chips)
Seat 3: Hero ($10.26 in chips)
Seat 4: c3fe02e5 ($5.16 in chips)
Seat 5: b0102204 ($5.02 in chips)
Seat 6: 63739f39 ($5.34 in chips)
c3fe02e5: posts small blind $0.02
b0102204: posts big blind $0.05
*** HOLE CARDS ***
Dealt to 679a8f4e 
Dealt to Hero [5s Qc]
Dealt to c3fe02e5 
Dealt to b0102204 
Dealt to 63739f39 
63739f39: folds
679a8f4e: raises $0.1 to $0.15
Hero: folds
c3fe02e5: folds
b0102204: folds
Uncalled bet ($0.1) returned to 679a8f4e
*** SHOWDOWN ***
679a8f4e collected $0.12 from pot
*** SUMMARY ***
Total pot $0.12 | Rake $0 | Jackpot $0 | Bingo $0 | Fortune $0 | Tax $0
Seat 2: 679a8f4e collected ($0.12)
Seat 3: Hero (button) folded before Flop (didn't bet)
Seat 4: c3fe02e5 (small blind) folded before Flop
Seat 5: b0102204 (big blind) folded before Flop
Seat 6: 63739f39 folded before Flop (didn't bet)


Poker Hand #HD1733462833: Hold'em No Limit ($0.02/$0.05) - 2024/04/16 22:09:48
Table 'NLHBlue5' 6-max Seat #2 is the button
Seat 2: 679a8f4e ($5.28 in chips)
Seat 3: Hero ($10.28 in chips)
Seat 4: c3fe02e5 ($5.21 in chips)
Seat 5: b0102204 ($5.02 in chips)
Seat 6: 63739f39 ($5.27 in chips)
Hero: posts small blind $0.02
c3fe02e5: posts big blind $0.05
*** HOLE CARDS ***
Dealt to 679a8f4e 
Dealt to Hero [4h Ks]
Dealt to c3fe02e5 
Dealt to b0102204 
Dealt to 63739f39 
b0102204: folds
63739f39: raises $0.06 to $0.11
679a8f4e: folds
Hero: folds
c3fe02e5: folds
Uncalled bet ($0.06) returned to 63739f39
*** SHOWDOWN ***
63739f39 collected $0.12 from pot
*** SUMMARY ***
Total pot $0.12 | Rake $0 | Jackpot $0 | Bingo $0 | Fortune $0 | Tax $0
Seat 2: 679a8f4e (button) folded before Flop (didn't bet)
Seat 3: Hero (small blind) folded before Flop
Seat 4: c3fe02e5 (big blind) folded before Flop
Seat 5: b0102204 folded before Flop (didn't bet)
Seat 6: 63739f39 collected ($0.12)


Poker Hand #HD1733462801: Hold'em No Limit ($0.02/$0.05) - 2024/04/16 22:09:30
Table 'NLHBlue5' 6-max Seat #6 is the button
Seat 2: 679a8f4e ($5.3 in chips)
Seat 3: Hero ($10.26 in chips)
Seat 4: c3fe02e5 ($5.21 in chips)
Seat 5: b0102204 ($5.02 in chips)
Seat 6: 63739f39 ($5.27 in chips)
679a8f4e: posts small blind $0.02
Hero: posts big blind $0.05
*** HOLE CARDS ***
Dealt to 679a8f4e 
Dealt to Hero [Th 5s]
Dealt to c3fe02e5 
Dealt to b0102204 
Dealt to 63739f39 
c3fe02e5: folds
b0102204: folds
63739f39: folds
679a8f4e: folds
Uncalled bet ($0.03) returned to Hero
*** SHOWDOWN ***
Hero collected $0.04 from pot
*** SUMMARY ***
Total pot $0.04 | Rake $0 | Jackpot $0 | Bingo $0 | Fortune $0 | Tax $0
Seat 2: 679a8f4e (small blind) folded before Flop
Seat 3: Hero (big blind) collected ($0.04)
Seat 4: c3fe02e5 folded before Flop (didn't bet)
Seat 5: b0102204 folded before Flop (didn't bet)
Seat 6: 63739f39 (button) folded before Flop (didn't bet)


Poker Hand #HD1733462767: Hold'em No Limit ($0.02/$0.05) - 2024/04/16 22:09:16
Table 'NLHBlue5' 6-max Seat #5 is the button
Seat 2: 679a8f4e ($5.35 in chips)
Seat 3: Hero ($10.26 in chips)
Seat 4: c3fe02e5 ($5.14 in chips)
Seat 5: b0102204 ($5.02 in chips)
Seat 6: 63739f39 ($5.29 in chips)
63739f39: posts small blind $0.02
679a8f4e: posts big blind $0.05
*** HOLE CARDS ***
Dealt to 679a8f4e 
Dealt to Hero [9h 6h]
Dealt to c3fe02e5 
Dealt to b0102204 
Dealt to 63739f39 
Hero: folds
c3fe02e5: raises $0.07 to $0.12
b0102204: folds
63739f39: folds
679a8f4e: folds
Uncalled bet ($0.07) returned to c3fe02e5
*** SHOWDOWN ***
c3fe02e5 collected $0.12 from pot
*** SUMMARY ***
Total pot $0.12 | Rake $0 | Jackpot $0 | Bingo $0 | Fortune $0 | Tax $0
Seat 2: 679a8f4e (big blind) folded before Flop
Seat 3: Hero folded before Flop (didn't bet)
Seat 4: c3fe02e5 collected ($0.12)
Seat 5: b0102204 (button) folded before Flop (didn't bet)
Seat 6: 63739f39 (small blind) folded before Flop


Poker Hand #HD1733462674: Hold'em No Limit ($0.02/$0.05) - 2024/04/16 22:08:21
Table 'NLHBlue5' 6-max Seat #4 is the button
Seat 2: 679a8f4e ($5.35 in chips)
Seat 3: Hero ($10.48 in chips)
Seat 4: c3fe02e5 ($5.14 in chips)
Seat 5: b0102204 ($5.04 in chips)
Seat 6: 63739f39 ($5.07 in chips)
b0102204: posts small blind $0.02
63739f39: posts big blind $0.05
*** HOLE CARDS ***
Dealt to 679a8f4e 
Dealt to Hero [9d Ac]
Dealt to c3fe02e5 
Dealt to b0102204 
Dealt to 63739f39 
679a8f4e: folds
Hero: raises $0.07 to $0.12
c3fe02e5: folds
b0102204: folds
63739f39: calls $0.07
*** FLOP *** [4s 5c Qh]
63739f39: checks
Hero: bets $0.1
63739f39: calls $0.1
*** TURN *** [4s 5c Qh] [6h]
63739f39: bets $0.15
Hero: folds
Uncalled bet ($0.15) returned to 63739f39
*** SHOWDOWN ***
63739f39 collected $0.44 from pot
*** SUMMARY ***
Total pot $0.46 | Rake $0.02 | Jackpot $0 | Bingo $0 | Fortune $0 | Tax $0
Board [4s 5c Qh 6h]
Seat 2: 679a8f4e folded before Flop (didn't bet)
Seat 3: Hero folded on the Turn
Seat 4: c3fe02e5 (button) folded before Flop (didn't bet)
Seat 5: b0102204 (small blind) folded before Flop
Seat 6: 63739f39 (big blind) won ($0.44)


Poker Hand #HD1733462642: Hold'em No Limit ($0.02/$0.05) - 2024/04/16 22:08:02
Table 'NLHBlue5' 6-max Seat #3 is the button
Seat 2: 679a8f4e ($5.28 in chips)
Seat 3: Hero ($10.48 in chips)
Seat 4: c3fe02e5 ($5.16 in chips)
Seat 5: b0102204 ($5.09 in chips)
Seat 6: 63739f39 ($5.07 in chips)
c3fe02e5: posts small blind $0.02
b0102204: posts big blind $0.05
*** HOLE CARDS ***
Dealt to 679a8f4e 
Dealt to Hero [4h Td]
Dealt to c3fe02e5 
Dealt to b0102204 
Dealt to 63739f39 
63739f39: folds
679a8f4e: raises $0.1 to $0.15
Hero: folds
c3fe02e5: folds
b0102204: folds
Uncalled bet ($0.1) returned to 679a8f4e
*** SHOWDOWN ***
679a8f4e collected $0.12 from pot
*** SUMMARY ***
Total pot $0.12 | Rake $0 | Jackpot $0 | Bingo $0 | Fortune $0 | Tax $0
Seat 2: 679a8f4e collected ($0.12)
Seat 3: Hero (button) folded before Flop (didn't bet)
Seat 4: c3fe02e5 (small blind) folded before Flop
Seat 5: b0102204 (big blind) folded before Flop
Seat 6: 63739f39 folded before Flop (didn't bet)


Poker Hand #HD1733462621: Hold'em No Limit ($0.02/$0.05) - 2024/04/16 22:07:47
Table 'NLHBlue5' 6-max Seat #2 is the button
Seat 2: 679a8f4e ($5.28 in chips)
Seat 3: Hero ($10.43 in chips)
Seat 4: c3fe02e5 ($5.21 in chips)
Seat 5: b0102204 ($5.09 in chips)
Seat 6: 63739f39 ($5.07 in chips)
Hero: posts small blind $0.02
c3fe02e5: posts big blind $0.05
*** HOLE CARDS ***
Dealt to 679a8f4e 
Dealt to Hero [Jd Jc]
Dealt to c3fe02e5 
Dealt to b0102204 
Dealt to 63739f39 
b0102204: folds
63739f39: folds
679a8f4e: folds
Hero: raises $0.1 to $0.15
c3fe02e5: folds
Uncalled bet ($0.1) returned to Hero
*** SHOWDOWN ***
Hero collected $0.1 from pot
*** SUMMARY ***
Total pot $0.1 | Rake $0 | Jackpot $0 | Bingo $0 | Fortune $0 | Tax $0
Seat 2: 679a8f4e (button) folded before Flop (didn't bet)
Seat 3: Hero (small blind) collected ($0.1)
Seat 4: c3fe02e5 (big blind) folded before Flop
Seat 5: b0102204 folded before Flop (didn't bet)
Seat 6: 63739f39 folded before Flop (didn't bet)


Poker Hand #HD1733462590: Hold'em No Limit ($0.02/$0.05) - 2024/04/16 22:07:33
Table 'NLHBlue5' 6-max Seat #6 is the button
Seat 2: 679a8f4e ($5.3 in chips)
Seat 3: Hero ($10.48 in chips)
Seat 4: c3fe02e5 ($5.21 in chips)
Seat 5: b0102204 ($5.09 in chips)
Seat 6: 63739f39 ($5 in chips)
679a8f4e: posts small blind $0.02
Hero: posts big blind $0.05
*** HOLE CARDS ***
Dealt to 679a8f4e 
Dealt to Hero [7s Qc]
Dealt to c3fe02e5 
Dealt to b0102204 
Dealt to 63739f39 
c3fe02e5: folds
b0102204: folds
63739f39: raises $0.06 to $0.11
679a8f4e: folds
Hero: folds
Uncalled bet ($0.06) returned to 63739f39
*** SHOWDOWN ***
63739f39 collected $0.12 from pot
*** SUMMARY ***
Total pot $0.12 | Rake $0 | Jackpot $0 | Bingo $0 | Fortune $0 | Tax $0
Seat 2: 679a8f4e (small blind) folded before Flop
Seat 3: Hero (big blind) folded before Flop
Seat 4: c3fe02e5 folded before Flop (didn't bet)
Seat 5: b0102204 folded before Flop (didn't bet)
Seat 6: 63739f39 (button) collected ($0.12)


Poker Hand #HD1733462303: Hold'em No Limit ($0.02/$0.05) - 2024/04/16 22:05:05
Table 'NLHBlue5' 6-max Seat #5 is the button
Seat 1: 856db4cc ($5.04 in chips)
Seat 2: 679a8f4e ($5.3 in chips)
Seat 3: Hero ($10.29 in chips)
Seat 4: c3fe02e5 ($5.21 in chips)
Seat 5: b0102204 ($5.09 in chips)
Seat 6: 63739f39 ($5.02 in chips)
63739f39: posts small blind $0.02
856db4cc: posts big blind $0.05
*** HOLE CARDS ***
Dealt to 856db4cc 
Dealt to 679a8f4e 
Dealt to Hero [Jd Qd]
Dealt to c3fe02e5 
Dealt to b0102204 
Dealt to 63739f39 
679a8f4e: folds
Hero: raises $0.05 to $0.1
c3fe02e5: folds
b0102204: folds
63739f39: calls $0.08
856db4cc: calls $0.05
*** FLOP *** [2d Qs Ah]
63739f39: checks
856db4cc: checks
Hero: checks
*** TURN *** [2d Qs Ah] [6d]
63739f39: checks
856db4cc: checks
Hero: bets $0.15
63739f39: folds
856db4cc: folds
Uncalled bet ($0.15) returned to Hero
*** SHOWDOWN ***
Hero collected $0.29 from pot
*** SUMMARY ***
Total pot $0.3 | Rake $0.01 | Jackpot $0 | Bingo $0 | Fortune $0 | Tax $0
Board [2d Qs Ah 6d]
Seat 1: 856db4cc (big blind) folded on the Turn
Seat 2: 679a8f4e folded before Flop (didn't bet)
Seat 3: Hero won ($0.29)
Seat 4: c3fe02e5 folded before Flop (didn't bet)
Seat 5: b0102204 (button) folded before Flop (didn't bet)
Seat 6: 63739f39 (small blind) folded on the Turn


Poker Hand #HD1733462265: Hold'em No Limit ($0.02/$0.05) - 2024/04/16 22:04:46
Table 'NLHBlue5' 6-max Seat #4 is the button
Seat 2: 679a8f4e ($5.3 in chips)
Seat 3: Hero ($10.29 in chips)
Seat 4: c3fe02e5 ($5.21 in chips)
Seat 5: b0102204 ($5.11 in chips)
Seat 6: 63739f39 ($5 in chips)
b0102204: posts small blind $0.02
63739f39: posts big blind $0.05
*** HOLE CARDS ***
Dealt to 679a8f4e 
Dealt to Hero [7d 5h]
Dealt to c3fe02e5 
Dealt to b0102204 
Dealt to 63739f39 
679a8f4e: folds
Hero: folds
c3fe02e5: folds
b0102204: folds
Uncalled bet ($0.03) returned to 63739f39
*** SHOWDOWN ***
63739f39 collected $0.04 from pot
*** SUMMARY ***
Total pot $0.04 | Rake $0 | Jackpot $0 | Bingo $0 | Fortune $0 | Tax $0
Seat 2: 679a8f4e folded before Flop (didn't bet)
Seat 3: Hero folded before Flop (didn't bet)
Seat 4: c3fe02e5 (button) folded before Flop (didn't bet)
Seat 5: b0102204 (small blind) folded before Flop
Seat 6: 63739f39 (big blind) collected ($0.04)


Poker Hand #HD1733462224: Hold'em No Limit ($0.02/$0.05) - 2024/04/16 22:04:26
Table 'NLHBlue5' 6-max Seat #3 is the button
Seat 2: 679a8f4e ($5.3 in chips)
Seat 3: Hero ($10.29 in chips)
Seat 4: c3fe02e5 ($5.16 in chips)
Seat 5: b0102204 ($5.16 in chips)
Seat 6: 834449c5 ($6.52 in chips)
c3fe02e5: posts small blind $0.02
b0102204: posts big blind $0.05
*** HOLE CARDS ***
Dealt to 679a8f4e 
Dealt to Hero [2s Qh]
Dealt to c3fe02e5 
Dealt to b0102204 
Dealt to 834449c5 
834449c5: folds
679a8f4e: folds
Hero: folds
c3fe02e5: raises $0.07 to $0.12
b0102204: folds
Uncalled bet ($0.07) returned to c3fe02e5
*** SHOWDOWN ***
c3fe02e5 collected $0.1 from pot
*** SUMMARY ***
Total pot $0.1 | Rake $0 | Jackpot $0 | Bingo $0 | Fortune $0 | Tax $0
Seat 2: 679a8f4e folded before Flop (didn't bet)
Seat 3: Hero (button) folded before Flop (didn't bet)
Seat 4: c3fe02e5 (small blind) collected ($0.1)
Seat 5: b0102204 (big blind) folded before Flop
Seat 6: 834449c5 folded before Flop (didn't bet)


Poker Hand #HD1733462203: Hold'em No Limit ($0.02/$0.05) - 2024/04/16 22:04:12
Table 'NLHBlue5' 6-max Seat #2 is the button
Seat 2: 679a8f4e ($5.23 in chips)
Seat 3: Hero ($10.31 in chips)
Seat 4: c3fe02e5 ($5.21 in chips)
Seat 5: b0102204 ($5.16 in chips)
Seat 6: 834449c5 ($6.52 in chips)
Hero: posts small blind $0.02
c3fe02e5: posts big blind $0.05
*** HOLE CARDS ***
Dealt to 679a8f4e 
Dealt to Hero [9h 2c]
Dealt to c3fe02e5 
Dealt to b0102204 
Dealt to 834449c5 
b0102204: folds
834449c5: folds
679a8f4e: raises $0.08 to $0.13
Hero: folds
c3fe02e5: folds
Uncalled bet ($0.08) returned to 679a8f4e
*** SHOWDOWN ***
679a8f4e collected $0.12 from pot
*** SUMMARY ***
Total pot $0.12 | Rake $0 | Jackpot $0 | Bingo $0 | Fortune $0 | Tax $0
Seat 2: 679a8f4e (button) collected ($0.12)
Seat 3: Hero (small blind) folded before Flop
Seat 4: c3fe02e5 (big blind) folded before Flop
Seat 5: b0102204 folded before Flop (didn't bet)
Seat 6: 834449c5 folded before Flop (didn't bet)


Poker Hand #HD1733462114: Hold'em No Limit ($0.02/$0.05) - 2024/04/16 22:03:21
Table 'NLHBlue5' 6-max Seat #6 is the button
Seat 2: 679a8f4e ($5.25 in chips)
Seat 3: Hero ($10.52 in chips)
Seat 4: c3fe02e5 ($5 in chips)
Seat 5: b0102204 ($5.16 in chips)
Seat 6: 834449c5 ($6.52 in chips)
679a8f4e: posts small blind $0.02
Hero: posts big blind $0.05
*** HOLE CARDS ***
Dealt to 679a8f4e 
Dealt to Hero [8h 8d]
Dealt to c3fe02e5 
Dealt to b0102204 
Dealt to 834449c5 
c3fe02e5: raises $0.07 to $0.12
b0102204: folds
834449c5: folds
679a8f4e: folds
Hero: calls $0.07
*** FLOP *** [5d Js 2s]
Hero: checks
c3fe02e5: bets $0.09
Hero: calls $0.09
*** TURN *** [5d Js 2s] [3h]
Hero: checks
c3fe02e5: bets $0.33
Hero: folds
Uncalled bet ($0.33) returned to c3fe02e5
*** SHOWDOWN ***
c3fe02e5 collected $0.42 from pot
*** SUMMARY ***
Total pot $0.44 | Rake $0.02 | Jackpot $0 | Bingo $0 | Fortune $0 | Tax $0
Board [5d Js 2s 3h]
Seat 2: 679a8f4e (small blind) folded before Flop
Seat 3: Hero (big blind) folded on the Turn
Seat 4: c3fe02e5 won ($0.42)
Seat 5: b0102204 folded before Flop (didn't bet)
Seat 6: 834449c5 (button) folded before Flop (didn't bet)


Poker Hand #HD1733462049: Hold'em No Limit ($0.02/$0.05) - 2024/04/16 22:02:49
Table 'NLHBlue5' 6-max Seat #5 is the button
Seat 2: 679a8f4e ($5.14 in chips)
Seat 3: Hero ($10.62 in chips)
Seat 4: c3fe02e5 ($5 in chips)
Seat 5: b0102204 ($5.16 in chips)
Seat 6: 834449c5 ($6.54 in chips)
834449c5: posts small blind $0.02
679a8f4e: posts big blind $0.05
*** HOLE CARDS ***
Dealt to 679a8f4e 
Dealt to Hero [6d Ad]
Dealt to c3fe02e5 
Dealt to b0102204 
Dealt to 834449c5 
Hero: raises $0.05 to $0.1
c3fe02e5: folds
b0102204: folds
834449c5: folds
679a8f4e: raises $0.5 to $0.6
Hero: folds
Uncalled bet ($0.5) returned to 679a8f4e
*** SHOWDOWN ***
679a8f4e collected $0.21 from pot
*** SUMMARY ***
Total pot $0.22 | Rake $0.01 | Jackpot $0 | Bingo $0 | Fortune $0 | Tax $0
Seat 2: 679a8f4e (big blind) collected ($0.21)
Seat 3: Hero folded before Flop
Seat 4: c3fe02e5 folded before Flop (didn't bet)
Seat 5: b0102204 (button) folded before Flop (didn't bet)
Seat 6: 834449c5 (small blind) folded before Flop


Poker Hand #HD1733461976: Hold'em No Limit ($0.02/$0.05) - 2024/04/16 22:02:16
Table 'NLHBlue5' 6-max Seat #4 is the button
Seat 2: 679a8f4e ($5.14 in chips)
Seat 3: Hero ($10.74 in chips)
Seat 4: c3fe02e5 ($5 in chips)
Seat 5: b0102204 ($5 in chips)
Seat 6: 834449c5 ($6.59 in chips)
b0102204: posts small blind $0.02
834449c5: posts big blind $0.05
*** HOLE CARDS ***
Dealt to 679a8f4e 
Dealt to Hero [Kh Ts]
Dealt to c3fe02e5 
Dealt to b0102204 
Dealt to 834449c5 
679a8f4e: folds
Hero: raises $0.07 to $0.12
c3fe02e5: folds
b0102204: raises $0.22 to $0.34
834449c5: folds
Hero: folds
Uncalled bet ($0.22) returned to b0102204
*** SHOWDOWN ***
b0102204 collected $0.28 from pot
*** SUMMARY ***
Total pot $0.29 | Rake $0.01 | Jackpot $0 | Bingo $0 | Fortune $0 | Tax $0
Seat 2: 679a8f4e folded before Flop (didn't bet)
Seat 3: Hero folded before Flop
Seat 4: c3fe02e5 (button) folded before Flop (didn't bet)
Seat 5: b0102204 (small blind) collected ($0.28)
Seat 6: 834449c5 (big blind) folded before Flop


Poker Hand #HD1733461937: Hold'em No Limit ($0.02/$0.05) - 2024/04/16 22:01:59
Table 'NLHBlue5' 6-max Seat #3 is the button
Seat 2: 679a8f4e ($5.07 in chips)
Seat 3: Hero ($10.74 in chips)
Seat 4: c3fe02e5 ($5 in chips)
Seat 5: b0102204 ($5 in chips)
Seat 6: 834449c5 ($6.59 in chips)
c3fe02e5: posts small blind $0.02
b0102204: posts big blind $0.05
*** HOLE CARDS ***
Dealt to 679a8f4e 
Dealt to Hero [6d 7d]
Dealt to c3fe02e5 
Dealt to b0102204 
Dealt to 834449c5 
834449c5: folds
679a8f4e: raises $0.1 to $0.15
Hero: folds
c3fe02e5: folds
b0102204: folds
Uncalled bet ($0.1) returned to 679a8f4e
*** SHOWDOWN ***
679a8f4e collected $0.12 from pot
*** SUMMARY ***
Total pot $0.12 | Rake $0 | Jackpot $0 | Bingo $0 | Fortune $0 | Tax $0
Seat 2: 679a8f4e collected ($0.12)
Seat 3: Hero (button) folded before Flop (didn't bet)
Seat 4: c3fe02e5 (small blind) folded before Flop
Seat 5: b0102204 (big blind) folded before Flop
Seat 6: 834449c5 folded before Flop (didn't bet)


Poker Hand #HD1733461853: Hold'em No Limit ($0.02/$0.05) - 2024/04/16 22:01:15
Table 'NLHBlue5' 6-max Seat #2 is the button
Seat 1: 856db4cc ($5.04 in chips)
Seat 2: 679a8f4e ($5 in chips)
Seat 3: Hero ($10.76 in chips)
Seat 4: c3fe02e5 ($5 in chips)
Seat 5: b0102204 ($5 in chips)
Seat 6: 834449c5 ($6.59 in chips)
Hero: posts small blind $0.02
c3fe02e5: posts big blind $0.05
*** HOLE CARDS ***
Dealt to 856db4cc 
Dealt to 679a8f4e 
Dealt to Hero [Td 5c]
Dealt to c3fe02e5 
Dealt to b0102204 
Dealt to 834449c5 
b0102204: folds
834449c5: folds
856db4cc: folds
679a8f4e: raises $0.08 to $0.13
Hero: folds
c3fe02e5: folds
Uncalled bet ($0.08) returned to 679a8f4e
*** SHOWDOWN ***
679a8f4e collected $0.12 from pot
*** SUMMARY ***
Total pot $0.12 | Rake $0 | Jackpot $0 | Bingo $0 | Fortune $0 | Tax $0
Seat 1: 856db4cc folded before Flop (didn't bet)
Seat 2: 679a8f4e (button) collected ($0.12)
Seat 3: Hero (small blind) folded before Flop
Seat 4: c3fe02e5 (big blind) folded before Flop
Seat 5: b0102204 folded before Flop (didn't bet)
Seat 6: 834449c5 folded before Flop (didn't bet)


Poker Hand #HD1733461810: Hold'em No Limit ($0.02/$0.05) - 2024/04/16 22:00:57
Table 'NLHBlue5' 6-max Seat #1 is the button
Seat 1: 856db4cc ($4.97 in chips)
Seat 2: 679a8f4e ($5 in chips)
Seat 3: Hero ($10.81 in chips)
Seat 5: b0102204 ($5 in chips)
Seat 6: 834449c5 ($6.59 in chips)
679a8f4e: posts small blind $0.02
Hero: posts big blind $0.05
*** HOLE CARDS ***
Dealt to 856db4cc 
Dealt to 679a8f4e 
Dealt to Hero [Ac 4d]
Dealt to b0102204 
Dealt to 834449c5 
b0102204: folds
834449c5: folds
856db4cc: raises $0.1 to $0.15
679a8f4e: folds
Hero: folds
Uncalled bet ($0.1) returned to 856db4cc
*** SHOWDOWN ***
856db4cc collected $0.12 from pot
*** SUMMARY ***
Total pot $0.12 | Rake $0 | Jackpot $0 | Bingo $0 | Fortune $0 | Tax $0
Seat 1: 856db4cc (button) collected ($0.12)
Seat 2: 679a8f4e (small blind) folded before Flop
Seat 3: Hero (big blind) folded before Flop
Seat 5: b0102204 folded before Flop (didn't bet)
Seat 6: 834449c5 folded before Flop (didn't bet)


Poker Hand #HD1733461741: Hold'em No Limit ($0.02/$0.05) - 2024/04/16 22:00:16
Table 'NLHBlue5' 6-max Seat #6 is the button
Seat 1: 856db4cc ($4.99 in chips)
Seat 2: 679a8f4e ($5.07 in chips)
Seat 3: Hero ($10.7 in chips)
Seat 5: b0102204 ($5 in chips)
Seat 6: 834449c5 ($6.59 in chips)
856db4cc: posts small blind $0.02
679a8f4e: posts big blind $0.05
*** HOLE CARDS ***
Dealt to 856db4cc 
Dealt to 679a8f4e 
Dealt to Hero [5s As]
Dealt to b0102204 
Dealt to 834449c5 
Hero: raises $0.05 to $0.1
b0102204: folds
834449c5: folds
856db4cc: folds
679a8f4e: calls $0.05
*** FLOP *** [Ad Qh 7h]
679a8f4e: checks
Hero: bets $0.1
679a8f4e: folds
Uncalled bet ($0.1) returned to Hero
*** SHOWDOWN ***
Hero collected $0.21 from pot
*** SUMMARY ***
Total pot $0.22 | Rake $0.01 | Jackpot $0 | Bingo $0 | Fortune $0 | Tax $0
Board [Ad Qh 7h]
Seat 1: 856db4cc (small blind) folded before Flop
Seat 2: 679a8f4e (big blind) folded on the Flop
Seat 3: Hero won ($0.21)
Seat 5: b0102204 folded before Flop (didn't bet)
Seat 6: 834449c5 (button) folded before Flop (didn't bet)


Poker Hand #HD1733461668: Hold'em No Limit ($0.02/$0.05) - 2024/04/16 21:59:38
Table 'NLHBlue5' 6-max Seat #5 is the button
Seat 1: 856db4cc ($4.85 in chips)
Seat 2: 679a8f4e ($5.07 in chips)
Seat 3: Hero ($10.7 in chips)
Seat 4: c828c0c4 ($5 in chips)
Seat 5: b0102204 ($5 in chips)
Seat 6: 834449c5 ($6.74 in chips)
834449c5: posts small blind $0.02
856db4cc: posts big blind $0.05
*** HOLE CARDS ***
Dealt to 856db4cc 
Dealt to 679a8f4e 
Dealt to Hero [9h 4d]
Dealt to c828c0c4 
Dealt to b0102204 
Dealt to 834449c5 
679a8f4e: folds
Hero: folds
c828c0c4: folds
b0102204: folds
834449c5: raises $0.1 to $0.15
856db4cc: raises $0.3 to $0.45
834449c5: folds
Uncalled bet ($0.3) returned to 856db4cc
*** SHOWDOWN ***
856db4cc collected $0.29 from pot
*** SUMMARY ***
Total pot $0.3 | Rake $0.01 | Jackpot $0 | Bingo $0 | Fortune $0 | Tax $0
Seat 1: 856db4cc (big blind) collected ($0.29)
Seat 2: 679a8f4e folded before Flop (didn't bet)
Seat 3: Hero folded before Flop (didn't bet)
Seat 4: c828c0c4 folded before Flop (didn't bet)
Seat 5: b0102204 (button) folded before Flop (didn't bet)
Seat 6: 834449c5 (small blind) folded before Flop


Poker Hand #HD1733461516: Hold'em No Limit ($0.02/$0.05) - 2024/04/16 21:58:19
Table 'NLHBlue5' 6-max Seat #4 is the button
Seat 1: 856db4cc ($4.85 in chips)
Seat 2: 679a8f4e ($5.07 in chips)
Seat 3: Hero ($10.25 in chips)
Seat 4: c828c0c4 ($5.26 in chips)
Seat 5: b0102204 ($5 in chips)
Seat 6: 834449c5 ($6.79 in chips)
b0102204: posts small blind $0.02
834449c5: posts big blind $0.05
*** HOLE CARDS ***
Dealt to 856db4cc 
Dealt to 679a8f4e 
Dealt to Hero [8c 7c]
Dealt to c828c0c4 
Dealt to b0102204 
Dealt to 834449c5 
856db4cc: folds
679a8f4e: folds
Hero: raises $0.07 to $0.12
c828c0c4: calls $0.12
b0102204: folds
834449c5: folds
*** FLOP *** [7s 5d 9s]
Hero: bets $0.1
c828c0c4: calls $0.1
*** TURN *** [7s 5d 9s] [2h]
Hero: checks
c828c0c4: checks
*** RIVER *** [7s 5d 9s 2h] [6c]
Hero: bets $0.2
c828c0c4: calls $0.2
Hero: shows [8c 7c] (Nines-High Straight)
c828c0c4: shows [9h Ah] (Pair of Nines)
*** SHOWDOWN ***
Hero collected $0.87 from pot
*** SUMMARY ***
Total pot $0.91 | Rake $0.04 | Jackpot $0 | Bingo $0 | Fortune $0 | Tax $0
Board [7s 5d 9s 2h 6c]
Seat 1: 856db4cc folded before Flop (didn't bet)
Seat 2: 679a8f4e folded before Flop (didn't bet)
Seat 3: Hero showed [8c 7c] and won ($0.87) with Nines-High Straight
Seat 4: c828c0c4 (button) showed [9h Ah] and lost with Pair of Nines
Seat 5: b0102204 (small blind) folded before Flop
Seat 6: 834449c5 (big blind) folded before Flop


Poker Hand #HD1733461453: Hold'em No Limit ($0.02/$0.05) - 2024/04/16 21:57:51
Table 'NLHBlue5' 6-max Seat #3 is the button
Seat 1: 856db4cc ($4.85 in chips)
Seat 2: 679a8f4e ($5 in chips)
Seat 3: Hero ($10.25 in chips)
Seat 4: c828c0c4 ($5.28 in chips)
Seat 5: b0102204 ($5 in chips)
Seat 6: 834449c5 ($6.79 in chips)
c828c0c4: posts small blind $0.02
b0102204: posts big blind $0.05
*** HOLE CARDS ***
Dealt to 856db4cc 
Dealt to 679a8f4e 
Dealt to Hero [Kc 4d]
Dealt to c828c0c4 
Dealt to b0102204 
Dealt to 834449c5 
834449c5: folds
856db4cc: folds
679a8f4e: raises $0.1 to $0.15
Hero: folds
c828c0c4: folds
b0102204: folds
Uncalled bet ($0.1) returned to 679a8f4e
*** SHOWDOWN ***
679a8f4e collected $0.12 from pot
*** SUMMARY ***
Total pot $0.12 | Rake $0 | Jackpot $0 | Bingo $0 | Fortune $0 | Tax $0
Seat 1: 856db4cc folded before Flop (didn't bet)
Seat 2: 679a8f4e collected ($0.12)
Seat 3: Hero (button) folded before Flop (didn't bet)
Seat 4: c828c0c4 (small blind) folded before Flop
Seat 5: b0102204 (big blind) folded before Flop
Seat 6: 834449c5 folded before Flop (didn't bet)


Poker Hand #HD1733461419: Hold'em No Limit ($0.02/$0.05) - 2024/04/16 21:57:33
Table 'NLHBlue5' 6-max Seat #2 is the button
Seat 1: 856db4cc ($4.85 in chips)
Seat 2: 679a8f4e ($5 in chips)
Seat 3: Hero ($10.27 in chips)
Seat 4: c828c0c4 ($5.33 in chips)
Seat 5: b0102204 ($5 in chips)
Seat 6: 834449c5 ($6.72 in chips)
Hero: posts small blind $0.02
c828c0c4: posts big blind $0.05
*** HOLE CARDS ***
Dealt to 856db4cc 
Dealt to 679a8f4e 
Dealt to Hero [Qs 8d]
Dealt to c828c0c4 
Dealt to b0102204 
Dealt to 834449c5 
b0102204: folds
834449c5: raises $0.1 to $0.15
856db4cc: folds
679a8f4e: folds
Hero: folds
c828c0c4: folds
Uncalled bet ($0.1) returned to 834449c5
*** SHOWDOWN ***
834449c5 collected $0.12 from pot
*** SUMMARY ***
Total pot $0.12 | Rake $0 | Jackpot $0 | Bingo $0 | Fortune $0 | Tax $0
Seat 1: 856db4cc folded before Flop (didn't bet)
Seat 2: 679a8f4e (button) folded before Flop (didn't bet)
Seat 3: Hero (small blind) folded before Flop
Seat 4: c828c0c4 (big blind) folded before Flop
Seat 5: b0102204 folded before Flop (didn't bet)
Seat 6: 834449c5 collected ($0.12)


Poker Hand #HD1733461345: Hold'em No Limit ($0.02/$0.05) - 2024/04/16 21:56:56
Table 'NLHBlue5' 6-max Seat #1 is the button
Seat 1: 856db4cc ($4.98 in chips)
Seat 2: 679a8f4e ($5 in chips)
Seat 3: Hero ($10.13 in chips)
Seat 4: c828c0c4 ($5.33 in chips)
Seat 5: b0102204 ($5 in chips)
Seat 6: 834449c5 ($6.72 in chips)
679a8f4e: posts small blind $0.02
Hero: posts big blind $0.05
*** HOLE CARDS ***
Dealt to 856db4cc 
Dealt to 679a8f4e 
Dealt to Hero [Ks Kd]
Dealt to c828c0c4 
Dealt to b0102204 
Dealt to 834449c5 
c828c0c4: folds
b0102204: folds
834449c5: folds
856db4cc: raises $0.08 to $0.13
679a8f4e: folds
Hero: raises $0.37 to $0.5
856db4cc: folds
Uncalled bet ($0.37) returned to Hero
*** SHOWDOWN ***
Hero collected $0.27 from pot
*** SUMMARY ***
Total pot $0.28 | Rake $0.01 | Jackpot $0 | Bingo $0 | Fortune $0 | Tax $0
Seat 1: 856db4cc (button) folded before Flop
Seat 2: 679a8f4e (small blind) folded before Flop
Seat 3: Hero (big blind) collected ($0.27)
Seat 4: c828c0c4 folded before Flop (didn't bet)
Seat 5: b0102204 folded before Flop (didn't bet)
Seat 6: 834449c5 folded before Flop (didn't bet)


Poker Hand #HD1733461251: Hold'em No Limit ($0.02/$0.05) - 2024/04/16 21:56:12
Table 'NLHBlue5' 6-max Seat #6 is the button
Seat 1: 856db4cc ($5 in chips)
Seat 2: 679a8f4e ($5 in chips)
Seat 3: Hero ($10.23 in chips)
Seat 4: c828c0c4 ($5.33 in chips)
Seat 5: b0102204 ($5 in chips)
Seat 6: 834449c5 ($6.56 in chips)
856db4cc: posts small blind $0.02
679a8f4e: posts big blind $0.05
*** HOLE CARDS ***
Dealt to 856db4cc 
Dealt to 679a8f4e 
Dealt to Hero [5d 5s]
Dealt to c828c0c4 
Dealt to b0102204 
Dealt to 834449c5 
Hero: raises $0.05 to $0.1
c828c0c4: folds
b0102204: folds
834449c5: raises $0.27 to $0.37
856db4cc: folds
679a8f4e: folds
Hero: folds
Uncalled bet ($0.27) returned to 834449c5
*** SHOWDOWN ***
834449c5 collected $0.26 from pot
*** SUMMARY ***
Total pot $0.27 | Rake $0.01 | Jackpot $0 | Bingo $0 | Fortune $0 | Tax $0
Seat 1: 856db4cc (small blind) folded before Flop
Seat 2: 679a8f4e (big blind) folded before Flop
Seat 3: Hero folded before Flop
Seat 4: c828c0c4 folded before Flop (didn't bet)
Seat 5: b0102204 folded before Flop (didn't bet)
Seat 6: 834449c5 (button) collected ($0.26)


Poker Hand #HD1733461144: Hold'em No Limit ($0.02/$0.05) - 2024/04/16 21:55:22
Table 'NLHBlue5' 6-max Seat #5 is the button
Seat 1: 856db4cc ($4.79 in chips)
Seat 2: cb4bac87 ($7.86 in chips)
Seat 3: Hero ($10.23 in chips)
Seat 4: c828c0c4 ($5 in chips)
Seat 5: b0102204 ($5 in chips)
Seat 6: 834449c5 ($6.58 in chips)
834449c5: posts small blind $0.02
856db4cc: posts big blind $0.05
*** HOLE CARDS ***
Dealt to 856db4cc 
Dealt to cb4bac87 
Dealt to Hero [2h 4c]
Dealt to c828c0c4 
Dealt to b0102204 
Dealt to 834449c5 
cb4bac87: calls $0.05
Hero: folds
c828c0c4: raises $0.06 to $0.11
b0102204: folds
834449c5: folds
856db4cc: calls $0.06
cb4bac87: calls $0.06
*** FLOP *** [Jh 7h Js]
856db4cc: bets $0.12
cb4bac87: folds
c828c0c4: raises $0.18 to $0.3
856db4cc: folds
Uncalled bet ($0.18) returned to c828c0c4
*** SHOWDOWN ***
c828c0c4 collected $0.56 from pot
*** SUMMARY ***
Total pot $0.59 | Rake $0.03 | Jackpot $0 | Bingo $0 | Fortune $0 | Tax $0
Board [Jh 7h Js]
Seat 1: 856db4cc (big blind) folded on the Flop
Seat 2: cb4bac87 folded on the Flop
Seat 3: Hero folded before Flop (didn't bet)
Seat 4: c828c0c4 won ($0.56)
Seat 5: b0102204 (button) folded before Flop (didn't bet)
Seat 6: 834449c5 (small blind) folded before Flop


Poker Hand #HD1733461097: Hold'em No Limit ($0.02/$0.05) - 2024/04/16 21:54:54
Table 'NLHBlue5' 6-max Seat #4 is the button
Seat 1: 856db4cc ($4.79 in chips)
Seat 2: cb4bac87 ($7.79 in chips)
Seat 3: Hero ($10.23 in chips)
Seat 4: c828c0c4 ($5 in chips)
Seat 5: b0102204 ($5 in chips)
Seat 6: 834449c5 ($6.63 in chips)
b0102204: posts small blind $0.02
834449c5: posts big blind $0.05
*** HOLE CARDS ***
Dealt to 856db4cc 
Dealt to cb4bac87 
Dealt to Hero [5c Jd]
Dealt to c828c0c4 
Dealt to b0102204 
Dealt to 834449c5 
856db4cc: folds
cb4bac87: calls $0.05
Hero: folds
c828c0c4: folds
b0102204: folds
834449c5: checks
*** FLOP *** [3s Kd 4h]
834449c5: checks
cb4bac87: bets $0.12
834449c5: folds
Uncalled bet ($0.12) returned to cb4bac87
*** SHOWDOWN ***
cb4bac87 collected $0.12 from pot
*** SUMMARY ***
Total pot $0.12 | Rake $0 | Jackpot $0 | Bingo $0 | Fortune $0 | Tax $0
Board [3s Kd 4h]
Seat 1: 856db4cc folded before Flop (didn't bet)
Seat 2: cb4bac87 won ($0.12)
Seat 3: Hero folded before Flop (didn't bet)
Seat 4: c828c0c4 (button) folded before Flop (didn't bet)
Seat 5: b0102204 (small blind) folded before Flop
Seat 6: 834449c5 (big blind) folded on the Flop


Poker Hand #HD1733460875: Hold'em No Limit ($0.02/$0.05) - 2024/04/16 21:53:07
Table 'NLHBlue5' 6-max Seat #3 is the button
Seat 1: 856db4cc ($4.79 in chips)
Seat 2: cb4bac87 ($7.79 in chips)
Seat 3: Hero ($5.73 in chips)
Seat 4: c828c0c4 ($5 in chips)
Seat 5: b0102204 ($5 in chips)
Seat 6: 834449c5 ($6.63 in chips)
c828c0c4: posts small blind $0.02
b0102204: posts big blind $0.05
*** HOLE CARDS ***
Dealt to 856db4cc 
Dealt to cb4bac87 
Dealt to Hero [Kh Qh]
Dealt to c828c0c4 
Dealt to b0102204 
Dealt to 834449c5 
834449c5: folds
856db4cc: folds
cb4bac87: folds
Hero: raises $0.07 to $0.12
c828c0c4: raises $0.38 to $0.5
b0102204: folds
Hero: calls $0.38
*** FLOP *** [Qs 9d 4c]
c828c0c4: bets $0.35
Hero: calls $0.35
*** TURN *** [Qs 9d 4c] [Ks]
c828c0c4: bets $1.32
Hero: raises $3.56 to $4.88 and is all-in
c828c0c4: calls $2.83 and is all-in
Uncalled bet ($0.73) returned to Hero
Hero: shows [Kh Qh] (Pair of Kings and Pair of Queens)
c828c0c4: shows [Ac Kc] (Pair of Kings)
*** RIVER *** [Qs 9d 4c Ks] [Td]
*** SHOWDOWN ***
Hero collected $9.5 from pot
*** SUMMARY ***
Total pot $10.05 | Rake $0.5 | Jackpot $0.05 | Bingo $0 | Fortune $0 | Tax $0
Board [Qs 9d 4c Ks Td]
Seat 1: 856db4cc folded before Flop (didn't bet)
Seat 2: cb4bac87 folded before Flop (didn't bet)
Seat 3: Hero (button) showed [Kh Qh] and won ($9.5) with Pair of Kings and Pair of Queens
Seat 4: c828c0c4 (small blind) showed [Ac Kc] and lost with Pair of Kings
Seat 5: b0102204 (big blind) folded before Flop
Seat 6: 834449c5 folded before Flop (didn't bet)


Poker Hand #HD1733460729: Hold'em No Limit ($0.02/$0.05) - 2024/04/16 21:51:54
Table 'NLHBlue5' 6-max Seat #2 is the button
Seat 1: 856db4cc ($4.79 in chips)
Seat 2: cb4bac87 ($7.46 in chips)
Seat 3: Hero ($5.75 in chips)
Seat 4: c828c0c4 ($5 in chips)
Seat 6: 834449c5 ($6.63 in chips)
Hero: posts small blind $0.02
c828c0c4: posts big blind $0.05
*** HOLE CARDS ***
Dealt to 856db4cc 
Dealt to cb4bac87 
Dealt to Hero [5c 8h]
Dealt to c828c0c4 
Dealt to 834449c5 
834449c5: folds
856db4cc: folds
cb4bac87: calls $0.05
Hero: folds
c828c0c4: raises $0.15 to $0.2
cb4bac87: calls $0.15
*** FLOP *** [Td 9s Jc]
c828c0c4: bets $0.14
cb4bac87: calls $0.14
*** TURN *** [Td 9s Jc] [7s]
c828c0c4: checks
cb4bac87: checks
*** RIVER *** [Td 9s Jc 7s] [Ad]
c828c0c4: checks
cb4bac87: bets $3.22
c828c0c4: folds
Uncalled bet ($3.22) returned to cb4bac87
*** SHOWDOWN ***
cb4bac87 collected $0.67 from pot
*** SUMMARY ***
Total pot $0.7 | Rake $0.03 | Jackpot $0 | Bingo $0 | Fortune $0 | Tax $0
Board [Td 9s Jc 7s Ad]
Seat 1: 856db4cc folded before Flop (didn't bet)
Seat 2: cb4bac87 (button) won ($0.67)
Seat 3: Hero (small blind) folded before Flop
Seat 4: c828c0c4 (big blind) folded on the River
Seat 6: 834449c5 folded before Flop (didn't bet)


Poker Hand #HD1733460617: Hold'em No Limit ($0.02/$0.05) - 2024/04/16 21:50:57
Table 'NLHBlue5' 6-max Seat #1 is the button
Seat 1: 856db4cc ($5.05 in chips)
Seat 2: cb4bac87 ($7.72 in chips)
Seat 3: Hero ($5.26 in chips)
Seat 6: 834449c5 ($6.63 in chips)
cb4bac87: posts small blind $0.02
Hero: posts big blind $0.05
*** HOLE CARDS ***
Dealt to 856db4cc 
Dealt to cb4bac87 
Dealt to Hero [9c Kd]
Dealt to 834449c5 
834449c5: folds
856db4cc: raises $0.08 to $0.13
cb4bac87: calls $0.11
Hero: calls $0.08
*** FLOP *** [8h Js Td]
cb4bac87: checks
Hero: checks
856db4cc: bets $0.13
cb4bac87: calls $0.13
Hero: raises $0.37 to $0.5
856db4cc: folds
cb4bac87: folds
Uncalled bet ($0.37) returned to Hero
*** SHOWDOWN ***
Hero collected $0.75 from pot
*** SUMMARY ***
Total pot $0.78 | Rake $0.03 | Jackpot $0 | Bingo $0 | Fortune $0 | Tax $0
Board [8h Js Td]
Seat 1: 856db4cc (button) folded on the Flop
Seat 2: cb4bac87 (small blind) folded on the Flop
Seat 3: Hero (big blind) won ($0.75)
Seat 6: 834449c5 folded before Flop (didn't bet)


Poker Hand #HD1733460519: Hold'em No Limit ($0.02/$0.05) - 2024/04/16 21:50:10
Table 'NLHBlue5' 6-max Seat #6 is the button
Seat 1: 856db4cc ($5.07 in chips)
Seat 2: cb4bac87 ($7.45 in chips)
Seat 3: Hero ($5.53 in chips)
Seat 6: 834449c5 ($6.63 in chips)
856db4cc: posts small blind $0.02
cb4bac87: posts big blind $0.05
*** HOLE CARDS ***
Dealt to 856db4cc 
Dealt to cb4bac87 
Dealt to Hero [Qc Jc]
Dealt to 834449c5 
Hero: raises $0.07 to $0.12
834449c5: folds
856db4cc: folds
cb4bac87: calls $0.07
*** FLOP *** [5d As 5c]
cb4bac87: checks
Hero: bets $0.15
cb4bac87: calls $0.15
*** TURN *** [5d As 5c] [4s]
cb4bac87: checks
Hero: checks
*** RIVER *** [5d As 5c 4s] [7c]
cb4bac87: bets $2.2
Hero: folds
Uncalled bet ($2.2) returned to cb4bac87
*** SHOWDOWN ***
cb4bac87 collected $0.54 from pot
*** SUMMARY ***
Total pot $0.56 | Rake $0.02 | Jackpot $0 | Bingo $0 | Fortune $0 | Tax $0
Board [5d As 5c 4s 7c]
Seat 1: 856db4cc (small blind) folded before Flop
Seat 2: cb4bac87 (big blind) won ($0.54)
Seat 3: Hero folded on the River
Seat 6: 834449c5 (button) folded before Flop (didn't bet)


Poker Hand #HD1733460470: Hold'em No Limit ($0.02/$0.05) - 2024/04/16 21:49:50
Table 'NLHBlue5' 6-max Seat #3 is the button
Seat 1: 856db4cc ($4.88 in chips)
Seat 2: cb4bac87 ($7.5 in chips)
Seat 3: Hero ($5.53 in chips)
Seat 6: 834449c5 ($6.78 in chips)
834449c5: posts small blind $0.02
856db4cc: posts big blind $0.05
*** HOLE CARDS ***
Dealt to 856db4cc 
Dealt to cb4bac87 
Dealt to Hero [6c 9c]
Dealt to 834449c5 
cb4bac87: calls $0.05
Hero: folds
834449c5: raises $0.1 to $0.15
856db4cc: raises $0.35 to $0.5
cb4bac87: folds
834449c5: folds
Uncalled bet ($0.35) returned to 856db4cc
*** SHOWDOWN ***
856db4cc collected $0.34 from pot
*** SUMMARY ***
Total pot $0.35 | Rake $0.01 | Jackpot $0 | Bingo $0 | Fortune $0 | Tax $0
Seat 1: 856db4cc (big blind) collected ($0.34)
Seat 2: cb4bac87 folded before Flop
Seat 3: Hero (button) folded before Flop (didn't bet)
Seat 6: 834449c5 (small blind) folded before Flop


Poker Hand #HD1733460389: Hold'em No Limit ($0.02/$0.05) - 2024/04/16 21:49:06
Table 'NLHBlue5' 6-max Seat #2 is the button
Seat 1: 856db4cc ($4.88 in chips)
Seat 2: cb4bac87 ($7.85 in chips)
Seat 3: Hero ($5.16 in chips)
Seat 4: 6becd733 ($2.61 in chips)
Seat 6: 834449c5 ($6.78 in chips)
Hero: posts small blind $0.02
6becd733: posts big blind $0.05
*** HOLE CARDS ***
Dealt to 856db4cc 
Dealt to cb4bac87 
Dealt to Hero [Jh 9h]
Dealt to 6becd733 
Dealt to 834449c5 
834449c5: folds
856db4cc: folds
cb4bac87: calls $0.05
Hero: raises $0.15 to $0.2
6becd733: folds
cb4bac87: calls $0.15
*** FLOP *** [Ac 9c 5h]
Hero: checks
cb4bac87: checks
*** TURN *** [Ac 9c 5h] [Ah]
Hero: bets $0.15
cb4bac87: calls $0.15
*** RIVER *** [Ac 9c 5h Ah] [2c]
Hero: checks
cb4bac87: checks
Hero: shows [Jh 9h] (Pair of Aces and Pair of Nines)
cb4bac87: shows [Kd 7h] (Pair of Aces)
*** SHOWDOWN ***
Hero collected $0.72 from pot
*** SUMMARY ***
Total pot $0.75 | Rake $0.03 | Jackpot $0 | Bingo $0 | Fortune $0 | Tax $0
Board [Ac 9c 5h Ah 2c]
Seat 1: 856db4cc folded before Flop (didn't bet)
Seat 2: cb4bac87 (button) showed [Kd 7h] and lost with Pair of Aces
Seat 3: Hero (small blind) showed [Jh 9h] and won ($0.72) with Pair of Aces and Pair of Nines
Seat 4: 6becd733 (big blind) folded before Flop
Seat 6: 834449c5 folded before Flop (didn't bet)


Poker Hand #HD1733460333: Hold'em No Limit ($0.02/$0.05) - 2024/04/16 21:48:44
Table 'NLHBlue5' 6-max Seat #1 is the button
Seat 1: 856db4cc ($4.88 in chips)
Seat 2: cb4bac87 ($7.87 in chips)
Seat 3: Hero ($5.21 in chips)
Seat 4: 6becd733 ($2.61 in chips)
Seat 6: 834449c5 ($6.71 in chips)
cb4bac87: posts small blind $0.02
Hero: posts big blind $0.05
*** HOLE CARDS ***
Dealt to 856db4cc 
Dealt to cb4bac87 
Dealt to Hero [Ks 6s]
Dealt to 6becd733 
Dealt to 834449c5 
6becd733: folds
834449c5: raises $0.1 to $0.15
856db4cc: folds
cb4bac87: folds
Hero: folds
Uncalled bet ($0.1) returned to 834449c5
*** SHOWDOWN ***
834449c5 collected $0.12 from pot
*** SUMMARY ***
Total pot $0.12 | Rake $0 | Jackpot $0 | Bingo $0 | Fortune $0 | Tax $0
Seat 1: 856db4cc (button) folded before Flop (didn't bet)
Seat 2: cb4bac87 (small blind) folded before Flop
Seat 3: Hero (big blind) folded before Flop
Seat 4: 6becd733 folded before Flop (didn't bet)
Seat 6: 834449c5 collected ($0.12)


Poker Hand #HD1733460182: Hold'em No Limit ($0.02/$0.05) - 2024/04/16 21:47:28
Table 'NLHBlue5' 6-max Seat #6 is the button
Seat 1: 856db4cc ($4.9 in chips)
Seat 2: cb4bac87 ($7.14 in chips)
Seat 3: Hero ($5.21 in chips)
Seat 4: 6becd733 ($2.99 in chips)
Seat 6: 834449c5 ($7.09 in chips)
856db4cc: posts small blind $0.02
cb4bac87: posts big blind $0.05
*** HOLE CARDS ***
Dealt to 856db4cc 
Dealt to cb4bac87 
Dealt to Hero [5d Qs]
Dealt to 6becd733 
Dealt to 834449c5 
Hero: folds
6becd733: raises $0.08 to $0.13
834449c5: calls $0.13
856db4cc: folds
cb4bac87: calls $0.08
*** FLOP *** [Tc 2d 2c]
cb4bac87: checks
6becd733: bets $0.25
834449c5: calls $0.25
cb4bac87: calls $0.25
*** TURN *** [Tc 2d 2c] [8c]
cb4bac87: checks
6becd733: checks
834449c5: checks
*** RIVER *** [Tc 2d 2c 8c] [2s]
cb4bac87: bets $6.76 and is all-in
6becd733: folds
834449c5: folds
Uncalled bet ($6.76) returned to cb4bac87
834449c5: shows [9s 9h] (Twos Full over Nines)
*** SHOWDOWN ***
cb4bac87 collected $1.11 from pot
*** SUMMARY ***
Total pot $1.16 | Rake $0.05 | Jackpot $0 | Bingo $0 | Fortune $0 | Tax $0
Board [Tc 2d 2c 8c 2s]
Seat 1: 856db4cc (small blind) folded before Flop
Seat 2: cb4bac87 (big blind) won ($1.11)
Seat 3: Hero folded before Flop (didn't bet)
Seat 4: 6becd733 folded on the River
Seat 6: 834449c5 (button) folded on the River


Poker Hand #HD1733460037: Hold'em No Limit ($0.02/$0.05) - 2024/04/16 21:46:27
Table 'NLHBlue5' 6-max Seat #4 is the button
Seat 1: 856db4cc ($5 in chips)
Seat 2: cb4bac87 ($7.24 in chips)
Seat 3: Hero ($5 in chips)
Seat 4: 6becd733 ($2.99 in chips)
Seat 6: 834449c5 ($7.11 in chips)
834449c5: posts small blind $0.02
856db4cc: posts big blind $0.05
*** HOLE CARDS ***
Dealt to 856db4cc 
Dealt to cb4bac87 
Dealt to Hero [Ah Jc]
Dealt to 6becd733 
Dealt to 834449c5 
cb4bac87: calls $0.05
Hero: raises $0.05 to $0.1
6becd733: folds
834449c5: folds
856db4cc: calls $0.05
cb4bac87: calls $0.05
*** FLOP *** [As Ks Ac]
856db4cc: checks
cb4bac87: checks
Hero: checks
*** TURN *** [As Ks Ac] [5h]
856db4cc: checks
cb4bac87: checks
Hero: bets $0.1
856db4cc: folds
cb4bac87: folds
Uncalled bet ($0.1) returned to Hero
*** SHOWDOWN ***
Hero collected $0.31 from pot
*** SUMMARY ***
Total pot $0.32 | Rake $0.01 | Jackpot $0 | Bingo $0 | Fortune $0 | Tax $0
Board [As Ks Ac 5h]
Seat 1: 856db4cc (big blind) folded on the Turn
Seat 2: cb4bac87 folded on the Turn
Seat 3: Hero won ($0.31)
Seat 4: 6becd733 (button) folded before Flop (didn't bet)
Seat 6: 834449c5 (small blind) folded before Flop


Poker Hand #HD1733459855: Hold'em No Limit ($0.02/$0.05) - 2024/04/16 21:45:03
Table 'NLHBlue5' 6-max Seat #3 is the button
Seat 2: cb4bac87 ($5.98 in chips)
Seat 3: Hero ($5 in chips)
Seat 4: 6becd733 ($4.39 in chips)
Seat 6: 834449c5 ($7.16 in chips)
6becd733: posts small blind $0.02
834449c5: posts big blind $0.05
*** HOLE CARDS ***
Dealt to cb4bac87 
Dealt to Hero [3s 3h]
Dealt to 6becd733 
Dealt to 834449c5 
cb4bac87: calls $0.05
Hero: folds
6becd733: raises $0.2 to $0.25
834449c5: folds
cb4bac87: calls $0.2
*** FLOP *** [As Ks 3c]
6becd733: bets $0.3
cb4bac87: calls $0.3
*** TURN *** [As Ks 3c] [Ad]
6becd733: bets $0.85
cb4bac87: calls $0.85
*** RIVER *** [As Ks 3c Ad] [6s]
6becd733: checks
cb4bac87: bets $0.95
6becd733: folds
Uncalled bet ($0.95) returned to cb4bac87
*** SHOWDOWN ***
cb4bac87 collected $2.66 from pot
*** SUMMARY ***
Total pot $2.85 | Rake $0.14 | Jackpot $0.05 | Bingo $0 | Fortune $0 | Tax $0
Board [As Ks 3c Ad 6s]
Seat 2: cb4bac87 won ($2.66)
Seat 3: Hero (button) folded before Flop (didn't bet)
Seat 4: 6becd733 (small blind) folded on the River
Seat 6: 834449c5 (big blind) folded before Flop


Poker Hand #HD1733459779: Hold'em No Limit ($0.02/$0.05) - 2024/04/16 21:44:28
Table 'NLHBlue5' 6-max Seat #2 is the button
Seat 2: cb4bac87 ($5.91 in chips)
Seat 3: Hero ($5 in chips)
Seat 4: 6becd733 ($4.44 in chips)
Seat 6: 834449c5 ($7.16 in chips)
Hero: posts small blind $0.02
6becd733: posts big blind $0.05
*** HOLE CARDS ***
Dealt to cb4bac87 
Dealt to Hero [3s Ad]
Dealt to 6becd733 
Dealt to 834449c5 
834449c5: folds
cb4bac87: calls $0.05
Hero: folds
6becd733: checks
*** FLOP *** [Ac 4c As]
6becd733: checks
cb4bac87: checks
*** TURN *** [Ac 4c As] [7s]
6becd733: checks
cb4bac87: checks
*** RIVER *** [Ac 4c As 7s] [6c]
6becd733: checks
cb4bac87: bets $0.06
6becd733: folds
Uncalled bet ($0.06) returned to cb4bac87
*** SHOWDOWN ***
cb4bac87 collected $0.12 from pot
*** SUMMARY ***
Total pot $0.12 | Rake $0 | Jackpot $0 | Bingo $0 | Fortune $0 | Tax $0
Board [Ac 4c As 7s 6c]
Seat 2: cb4bac87 (button) won ($0.12)
Seat 3: Hero (small blind) folded before Flop
Seat 4: 6becd733 (big blind) folded on the River
Seat 6: 834449c5 folded before Flop (didn't bet)


Poker Hand #HD1733459692: Hold'em No Limit ($0.02/$0.05) - 2024/04/16 21:43:41
Table 'NLHBlue5' 6-max Seat #6 is the button
Seat 2: cb4bac87 ($5.44 in chips)
Seat 3: Hero ($5 in chips)
Seat 4: 6becd733 ($4.44 in chips)
Seat 6: 834449c5 ($7.63 in chips)
cb4bac87: posts small blind $0.02
Hero: posts big blind $0.05
*** HOLE CARDS ***
Dealt to cb4bac87 
Dealt to Hero [Ac 8s]
Dealt to 6becd733 
Dealt to 834449c5 
6becd733: folds
834449c5: raises $0.1 to $0.15
cb4bac87: calls $0.13
Hero: folds
*** FLOP *** [Ah 2s 5d]
cb4bac87: checks
834449c5: checks
*** TURN *** [Ah 2s 5d] [4s]
cb4bac87: checks
834449c5: bets $0.12
cb4bac87: calls $0.12
*** RIVER *** [Ah 2s 5d 4s] [Ks]
cb4bac87: checks
834449c5: bets $0.2
cb4bac87: calls $0.2
834449c5: shows [Qs Jd] (Ace-High)
cb4bac87: shows [5c Kh] (Pair of Kings and Pair of Fives)
*** SHOWDOWN ***
cb4bac87 collected $0.94 from pot
*** SUMMARY ***
Total pot $0.99 | Rake $0.05 | Jackpot $0 | Bingo $0 | Fortune $0 | Tax $0
Board [Ah 2s 5d 4s Ks]
Seat 2: cb4bac87 (small blind) showed [5c Kh] and won ($0.94) with Pair of Kings and Pair of Fives
Seat 3: Hero (big blind) folded before Flop
Seat 4: 6becd733 folded before Flop (didn't bet)
Seat 6: 834449c5 (button) showed [Qs Jd] and lost with Ace-High


Poker Hand #HD1733459587: Hold'em No Limit ($0.02/$0.05) - 2024/04/16 21:42:51
Table 'NLHBlue5' 6-max Seat #4 is the button
Seat 2: cb4bac87 ($5 in chips)
Seat 3: Hero ($5 in chips)
Seat 4: 6becd733 ($4.59 in chips)
Seat 5: 129cdad8 ($6.16 in chips)
Seat 6: 834449c5 ($7.78 in chips)
129cdad8: posts small blind $0.02
834449c5: posts big blind $0.05
cb4bac87: posts big blind $0.05
*** HOLE CARDS ***
Dealt to cb4bac87 
Dealt to Hero [9s Qs]
Dealt to 6becd733 
Dealt to 129cdad8 
Dealt to 834449c5 
cb4bac87: checks
Hero: raises $0.1 to $0.15
6becd733: calls $0.15
129cdad8: folds
834449c5: calls $0.1
cb4bac87: calls $0.1
*** FLOP *** [5h 8d Kd]
834449c5: checks
cb4bac87: checks
Hero: checks
6becd733: checks
*** TURN *** [5h 8d Kd] [Ad]
834449c5: checks
cb4bac87: checks
Hero: checks
6becd733: checks
*** RIVER *** [5h 8d Kd Ad] [9c]
834449c5: checks
cb4bac87: bets $0.31
Hero: folds
6becd733: folds
834449c5: folds
Uncalled bet ($0.31) returned to cb4bac87
*** SHOWDOWN ***
cb4bac87 collected $0.59 from pot
*** SUMMARY ***
Total pot $0.62 | Rake $0.03 | Jackpot $0 | Bingo $0 | Fortune $0 | Tax $0
Board [5h 8d Kd Ad 9c]
Seat 2: cb4bac87 won ($0.59)
Seat 3: Hero folded on the River
Seat 4: 6becd733 (button) folded on the River
Seat 5: 129cdad8 (small blind) folded before Flop
Seat 6: 834449c5 (big blind) folded on the River


Poker Hand #HD1733459451: Hold'em No Limit ($0.02/$0.05) - 2024/04/16 21:41:50
Table 'NLHBlue5' 6-max Seat #3 is the button
Seat 3: Hero ($5.12 in chips)
Seat 4: 6becd733 ($4.61 in chips)
Seat 5: 129cdad8 ($6.21 in chips)
Seat 6: 834449c5 ($7.26 in chips)
6becd733: posts small blind $0.02
129cdad8: posts big blind $0.05
*** HOLE CARDS ***
Dealt to Hero [Qs Ks]
Dealt to 6becd733 
Dealt to 129cdad8 
Dealt to 834449c5 
834449c5: raises $0.1 to $0.15
Hero: raises $0.35 to $0.5
6becd733: folds
129cdad8: folds
834449c5: calls $0.35
*** FLOP *** [2h 6h 4c]
834449c5: checks
Hero: checks
*** TURN *** [2h 6h 4c] [7d]
834449c5: bets $0.81
Hero: folds
Uncalled bet ($0.81) returned to 834449c5
*** SHOWDOWN ***
834449c5 collected $1.02 from pot
*** SUMMARY ***
Total pot $1.07 | Rake $0.05 | Jackpot $0 | Bingo $0 | Fortune $0 | Tax $0
Board [2h 6h 4c 7d]
Seat 3: Hero (button) folded on the Turn
Seat 4: 6becd733 (small blind) folded before Flop
Seat 5: 129cdad8 (big blind) folded before Flop
Seat 6: 834449c5 won ($1.02)


Poker Hand #HD1733459436: Hold'em No Limit ($0.02/$0.05) - 2024/04/16 21:41:39
Table 'NLHBlue5' 6-max Seat #6 is the button
Seat 3: Hero ($5.14 in chips)
Seat 4: 6becd733 ($4.66 in chips)
Seat 5: 129cdad8 ($6.21 in chips)
Seat 6: 834449c5 ($7.19 in chips)
Hero: posts small blind $0.02
6becd733: posts big blind $0.05
*** HOLE CARDS ***
Dealt to Hero [Kd 6s]
Dealt to 6becd733 
Dealt to 129cdad8 
Dealt to 834449c5 
129cdad8: folds
834449c5: raises $0.1 to $0.15
Hero: folds
6becd733: folds
Uncalled bet ($0.1) returned to 834449c5
*** SHOWDOWN ***
834449c5 collected $0.12 from pot
*** SUMMARY ***
Total pot $0.12 | Rake $0 | Jackpot $0 | Bingo $0 | Fortune $0 | Tax $0
Seat 3: Hero (small blind) folded before Flop
Seat 4: 6becd733 (big blind) folded before Flop
Seat 5: 129cdad8 folded before Flop (didn't bet)
Seat 6: 834449c5 (button) collected ($0.12)


Poker Hand #HD1733459418: Hold'em No Limit ($0.02/$0.05) - 2024/04/16 21:41:33
Table 'NLHBlue5' 6-max Seat #5 is the button
Seat 3: Hero ($5.12 in chips)
Seat 4: 6becd733 ($4.66 in chips)
Seat 5: 129cdad8 ($6.21 in chips)
Seat 6: 834449c5 ($7.21 in chips)
834449c5: posts small blind $0.02
Hero: posts big blind $0.05
*** HOLE CARDS ***
Dealt to Hero [Jd 6c]
Dealt to 6becd733 
Dealt to 129cdad8 
Dealt to 834449c5 
6becd733: folds
129cdad8: folds
834449c5: folds
Uncalled bet ($0.03) returned to Hero
*** SHOWDOWN ***
Hero collected $0.04 from pot
*** SUMMARY ***
Total pot $0.04 | Rake $0 | Jackpot $0 | Bingo $0 | Fortune $0 | Tax $0
Seat 3: Hero (big blind) collected ($0.04)
Seat 4: 6becd733 folded before Flop (didn't bet)
Seat 5: 129cdad8 (button) folded before Flop (didn't bet)
Seat 6: 834449c5 (small blind) folded before Flop


Poker Hand #HD1733459304: Hold'em No Limit ($0.02/$0.05) - 2024/04/16 21:40:37
Table 'NLHBlue5' 6-max Seat #4 is the button
Seat 3: Hero ($5.12 in chips)
Seat 4: 6becd733 ($4.95 in chips)
Seat 5: 129cdad8 ($5.9 in chips)
Seat 6: 834449c5 ($7.26 in chips)
129cdad8: posts small blind $0.02
834449c5: posts big blind $0.05
*** HOLE CARDS ***
Dealt to Hero [2s 6s]
Dealt to 6becd733 
Dealt to 129cdad8 
Dealt to 834449c5 
Hero: folds
6becd733: raises $0.08 to $0.13
129cdad8: calls $0.11
834449c5: folds
*** FLOP *** [6c 5c 9c]
129cdad8: checks
6becd733: checks
*** TURN *** [6c 5c 9c] [7d]
129cdad8: checks
6becd733: bets $0.16
129cdad8: calls $0.16
*** RIVER *** [6c 5c 9c 7d] [5d]
129cdad8: checks
6becd733: checks
129cdad8: shows [9h 8h] (Nines-High Straight)
6becd733: shows [Ac Qd] (Pair of Fives)
*** SHOWDOWN ***
129cdad8 collected $0.6 from pot
*** SUMMARY ***
Total pot $0.63 | Rake $0.03 | Jackpot $0 | Bingo $0 | Fortune $0 | Tax $0
Board [6c 5c 9c 7d 5d]
Seat 3: Hero folded before Flop (didn't bet)
Seat 4: 6becd733 (button) showed [Ac Qd] and lost with Pair of Fives
Seat 5: 129cdad8 (small blind) showed [9h 8h] and won ($0.6) with Nines-High Straight
Seat 6: 834449c5 (big blind) folded before Flop


Poker Hand #HD1733459260: Hold'em No Limit ($0.02/$0.05) - 2024/04/16 21:40:12
Table 'NLHBlue5' 6-max Seat #3 is the button
Seat 3: Hero ($5.05 in chips)
Seat 4: 6becd733 ($4.97 in chips)
Seat 5: 129cdad8 ($5.95 in chips)
Seat 6: 834449c5 ($7.26 in chips)
6becd733: posts small blind $0.02
129cdad8: posts big blind $0.05
*** HOLE CARDS ***
Dealt to Hero [5s Ad]
Dealt to 6becd733 
Dealt to 129cdad8 
Dealt to 834449c5 
834449c5: folds
Hero: raises $0.07 to $0.12
6becd733: folds
129cdad8: folds
Uncalled bet ($0.07) returned to Hero
*** SHOWDOWN ***
Hero collected $0.12 from pot
*** SUMMARY ***
Total pot $0.12 | Rake $0 | Jackpot $0 | Bingo $0 | Fortune $0 | Tax $0
Seat 3: Hero (button) collected ($0.12)
Seat 4: 6becd733 (small blind) folded before Flop
Seat 5: 129cdad8 (big blind) folded before Flop
Seat 6: 834449c5 folded before Flop (didn't bet)


Poker Hand #HD1733459219: Hold'em No Limit ($0.02/$0.05) - 2024/04/16 21:39:53
Table 'NLHBlue5' 6-max Seat #6 is the button
Seat 3: Hero ($5 in chips)
Seat 4: 6becd733 ($5.02 in chips)
Seat 5: 129cdad8 ($5.95 in chips)
Seat 6: 834449c5 ($7.26 in chips)
Hero: posts small blind $0.02
6becd733: posts big blind $0.05
*** HOLE CARDS ***
Dealt to Hero [9c Jd]
Dealt to 6becd733 
Dealt to 129cdad8 
Dealt to 834449c5 
129cdad8: folds
834449c5: folds
Hero: raises $0.1 to $0.15
6becd733: folds
Uncalled bet ($0.1) returned to Hero
*** SHOWDOWN ***
Hero collected $0.1 from pot
*** SUMMARY ***
Total pot $0.1 | Rake $0 | Jackpot $0 | Bingo $0 | Fortune $0 | Tax $0
Seat 3: Hero (small blind) collected ($0.1)
Seat 4: 6becd733 (big blind) folded before Flop
Seat 5: 129cdad8 folded before Flop (didn't bet)
Seat 6: 834449c5 (button) folded before Flop (didn't bet)


Poker Hand #HD1733459142: Hold'em No Limit ($0.02/$0.05) - 2024/04/16 21:39:14
Table 'NLHBlue5' 6-max Seat #5 is the button
Seat 3: Hero ($5 in chips)
Seat 4: 6becd733 ($5.02 in chips)
Seat 5: 129cdad8 ($5.95 in chips)
Seat 6: 834449c5 ($6.99 in chips)
834449c5: posts small blind $0.02
Hero: posts big blind $0.05
*** HOLE CARDS ***
Dealt to Hero [Td 7d]
Dealt to 6becd733 
Dealt to 129cdad8 
Dealt to 834449c5 
6becd733: folds
129cdad8: folds
834449c5: raises $0.1 to $0.15
Hero: calls $0.1
*** FLOP *** [Ah Qh 3h]
834449c5: checks
Hero: checks
*** TURN *** [Ah Qh 3h] [5h]
834449c5: checks
Hero: bets $0.15
834449c5: calls $0.15
*** RIVER *** [Ah Qh 3h 5h] [8s]
834449c5: checks
Hero: checks
834449c5: shows [Jc Ac] (Pair of Aces)
Hero: shows [Td 7d] (Ace-High)
*** SHOWDOWN ***
834449c5 collected $0.57 from pot
*** SUMMARY ***
Total pot $0.6 | Rake $0.03 | Jackpot $0 | Bingo $0 | Fortune $0 | Tax $0
Board [Ah Qh 3h 5h 8s]
Seat 3: Hero (big blind) showed [Td 7d] and lost with Ace-High
Seat 4: 6becd733 folded before Flop (didn't bet)
Seat 5: 129cdad8 (button) folded before Flop (didn't bet)
Seat 6: 834449c5 (small blind) showed [Jc Ac] and won ($0.57) with Pair of Aces


Poker Hand #HD1733459060: Hold'em No Limit ($0.02/$0.05) - 2024/04/16 21:38:39
Table 'NLHBlue5' 6-max Seat #4 is the button
Seat 1: a9b7407a ($2.43 in chips)
Seat 3: Hero ($5 in chips)
Seat 4: 6becd733 ($5.02 in chips)
Seat 5: 129cdad8 ($6.07 in chips)
Seat 6: 834449c5 ($6.88 in chips)
129cdad8: posts small blind $0.02
834449c5: posts big blind $0.05
*** HOLE CARDS ***
Dealt to a9b7407a 
Dealt to Hero [9s Td]
Dealt to 6becd733 
Dealt to 129cdad8 
Dealt to 834449c5 
a9b7407a: folds
Hero: folds
6becd733: folds
129cdad8: raises $0.07 to $0.12
834449c5: calls $0.07
*** FLOP *** [5c As 4c]
129cdad8: checks
834449c5: bets $0.08
129cdad8: folds
Uncalled bet ($0.08) returned to 834449c5
*** SHOWDOWN ***
834449c5 collected $0.23 from pot
*** SUMMARY ***
Total pot $0.24 | Rake $0.01 | Jackpot $0 | Bingo $0 | Fortune $0 | Tax $0
Board [5c As 4c]
Seat 1: a9b7407a folded before Flop (didn't bet)
Seat 3: Hero folded before Flop (didn't bet)
Seat 4: 6becd733 (button) folded before Flop (didn't bet)
Seat 5: 129cdad8 (small blind) folded on the Flop
Seat 6: 834449c5 (big blind) won ($0.23)


Poker Hand #HD1733459036: Hold'em No Limit ($0.02/$0.05) - 2024/04/16 21:38:27
Table 'NLHBlue5' 6-max Seat #3 is the button
Seat 1: a9b7407a ($2.43 in chips)
Seat 3: Hero ($5 in chips)
Seat 4: 6becd733 ($5.04 in chips)
Seat 5: 129cdad8 ($6.05 in chips)
Seat 6: 834449c5 ($6.88 in chips)
6becd733: posts small blind $0.02
129cdad8: posts big blind $0.05
*** HOLE CARDS ***
Dealt to a9b7407a 
Dealt to Hero [Td 3s]
Dealt to 6becd733 
Dealt to 129cdad8 
Dealt to 834449c5 
834449c5: folds
a9b7407a: folds
Hero: folds
6becd733: folds
Uncalled bet ($0.03) returned to 129cdad8
*** SHOWDOWN ***
129cdad8 collected $0.04 from pot
*** SUMMARY ***
Total pot $0.04 | Rake $0 | Jackpot $0 | Bingo $0 | Fortune $0 | Tax $0
Seat 1: a9b7407a folded before Flop (didn't bet)
Seat 3: Hero (button) folded before Flop (didn't bet)
Seat 4: 6becd733 (small blind) folded before Flop
Seat 5: 129cdad8 (big blind) collected ($0.04)
Seat 6: 834449c5 folded before Flop (didn't bet)


Poker Hand #HD1733459012: Hold'em No Limit ($0.02/$0.05) - 2024/04/16 21:38:13
Table 'NLHBlue5' 6-max Seat #1 is the button
Seat 1: a9b7407a ($2.43 in chips)
Seat 3: Hero ($5 in chips)
Seat 4: 6becd733 ($5.09 in chips)
Seat 5: 129cdad8 ($6.05 in chips)
Seat 6: 834449c5 ($6.81 in chips)
Hero: posts small blind $0.02
6becd733: posts big blind $0.05
*** HOLE CARDS ***
Dealt to a9b7407a 
Dealt to Hero [3d 7c]
Dealt to 6becd733 
Dealt to 129cdad8 
Dealt to 834449c5 
129cdad8: folds
834449c5: raises $0.1 to $0.15
a9b7407a: folds
Hero: folds
6becd733: folds
Uncalled bet ($0.1) returned to 834449c5
*** SHOWDOWN ***
834449c5 collected $0.12 from pot
*** SUMMARY ***
Total pot $0.12 | Rake $0 | Jackpot $0 | Bingo $0 | Fortune $0 | Tax $0
Seat 1: a9b7407a (button) folded before Flop (didn't bet)
Seat 3: Hero (small blind) folded before Flop
Seat 4: 6becd733 (big blind) folded before Flop
Seat 5: 129cdad8 folded before Flop (didn't bet)
Seat 6: 834449c5 collected ($0.12)


Poker Hand #HD1733458924: Hold'em No Limit ($0.02/$0.05) - 2024/04/16 21:37:25
Table 'NLHBlue5' 6-max Seat #6 is the button
Seat 1: a9b7407a ($2.45 in chips)
Seat 3: Hero ($5 in chips)
Seat 4: 6becd733 ($5.09 in chips)
Seat 5: 129cdad8 ($5.47 in chips)
Seat 6: 834449c5 ($6.81 in chips)
a9b7407a: posts small blind $0.02
Hero: posts big blind $0.05
*** HOLE CARDS ***
Dealt to a9b7407a 
Dealt to Hero [Td Jc]
Dealt to 6becd733 
Dealt to 129cdad8 
Dealt to 834449c5 
6becd733: folds
129cdad8: raises $0.07 to $0.12
834449c5: folds
a9b7407a: folds
Hero: calls $0.07
*** FLOP *** [8h 5c 3s]
Hero: checks
129cdad8: bets $0.15
Hero: raises $0.35 to $0.5
129cdad8: raises $0.7 to $1.2
Hero: folds
Uncalled bet ($0.7) returned to 129cdad8
*** SHOWDOWN ***
129cdad8 collected $1.2 from pot
*** SUMMARY ***
Total pot $1.26 | Rake $0.06 | Jackpot $0 | Bingo $0 | Fortune $0 | Tax $0
Board [8h 5c 3s]
Seat 1: a9b7407a (small blind) folded before Flop
Seat 3: Hero (big blind) folded on the Flop
Seat 4: 6becd733 folded before Flop (didn't bet)
Seat 5: 129cdad8 won ($1.2)
Seat 6: 834449c5 (button) folded before Flop (didn't bet)


