Poker Hand #HD1755894205: Hold'em No Limit ($0.05/$0.1) - 2024/05/02 20:32:12
Table 'NLHRed13' 6-max Seat #3 is the button
Seat 1: bbc769cc ($4.35 in chips)
Seat 2: Hero ($23.34 in chips)
Seat 3: 1c273009 ($10.37 in chips)
Seat 4: b8ee637f ($36.77 in chips)
Seat 5: 5366a6ce ($10.33 in chips)
Seat 6: 9348de32 ($10.31 in chips)
b8ee637f: posts small blind $0.05
5366a6ce: posts big blind $0.1
*** HOLE CARDS ***
Dealt to bbc769cc 
Dealt to Hero [As 6s]
Dealt to 1c273009 
Dealt to b8ee637f 
Dealt to 5366a6ce 
Dealt to 9348de32 
9348de32: folds
bbc769cc: folds
Hero: raises $0.14 to $0.24
1c273009: raises $0.56 to $0.8
b8ee637f: folds
5366a6ce: folds
Hero: folds
Uncalled bet ($0.56) returned to 1c273009
*** SHOWDOWN ***
1c273009 collected $0.6 from pot
*** SUMMARY ***
Total pot $0.63 | Rake $0.03 | Jackpot $0 | Bingo $0 | Fortune $0 | Tax $0
Seat 1: bbc769cc folded before Flop (didn't bet)
Seat 2: Hero folded before Flop
Seat 3: 1c273009 (button) collected ($0.6)
Seat 4: b8ee637f (small blind) folded before Flop
Seat 5: 5366a6ce (big blind) folded before Flop
Seat 6: 9348de32 folded before Flop (didn't bet)


Poker Hand #HD1755894153: Hold'em No Limit ($0.05/$0.1) - 2024/05/02 20:31:51
Table 'NLHRed13' 6-max Seat #2 is the button
Seat 1: bbc769cc ($4.65 in chips)
Seat 2: Hero ($23.34 in chips)
Seat 3: 1c273009 ($10 in chips)
Seat 4: b8ee637f ($36.87 in chips)
Seat 5: 5366a6ce ($10.33 in chips)
Seat 6: 9348de32 ($10.31 in chips)
1c273009: posts small blind $0.05
b8ee637f: posts big blind $0.1
*** HOLE CARDS ***
Dealt to bbc769cc 
Dealt to Hero [2s 5d]
Dealt to 1c273009 
Dealt to b8ee637f 
Dealt to 5366a6ce 
Dealt to 9348de32 
5366a6ce: folds
9348de32: folds
bbc769cc: raises $0.2 to $0.3
Hero: folds
1c273009: raises $0.9 to $1.2
b8ee637f: folds
bbc769cc: folds
Uncalled bet ($0.9) returned to 1c273009
*** SHOWDOWN ***
1c273009 collected $0.67 from pot
*** SUMMARY ***
Total pot $0.7 | Rake $0.03 | Jackpot $0 | Bingo $0 | Fortune $0 | Tax $0
Seat 1: bbc769cc folded before Flop
Seat 2: Hero (button) folded before Flop (didn't bet)
Seat 3: 1c273009 (small blind) collected ($0.67)
Seat 4: b8ee637f (big blind) folded before Flop
Seat 5: 5366a6ce folded before Flop (didn't bet)
Seat 6: 9348de32 folded before Flop (didn't bet)


Poker Hand #HD1755894096: Hold'em No Limit ($0.05/$0.1) - 2024/05/02 20:31:31
Table 'NLHRed13' 6-max Seat #1 is the button
Seat 1: bbc769cc ($4.65 in chips)
Seat 2: Hero ($23.39 in chips)
Seat 3: 1c273009 ($10.1 in chips)
Seat 4: b8ee637f ($37.07 in chips)
Seat 5: 5366a6ce ($10 in chips)
Seat 6: 9348de32 ($10.31 in chips)
Hero: posts small blind $0.05
1c273009: posts big blind $0.1
*** HOLE CARDS ***
Dealt to bbc769cc 
Dealt to Hero [Jc 4s]
Dealt to 1c273009 
Dealt to b8ee637f 
Dealt to 5366a6ce 
Dealt to 9348de32 
b8ee637f: raises $0.1 to $0.2
5366a6ce: raises $0.42 to $0.62
9348de32: folds
bbc769cc: folds
Hero: folds
1c273009: folds
b8ee637f: folds
Uncalled bet ($0.42) returned to 5366a6ce
*** SHOWDOWN ***
5366a6ce collected $0.53 from pot
*** SUMMARY ***
Total pot $0.55 | Rake $0.02 | Jackpot $0 | Bingo $0 | Fortune $0 | Tax $0
Seat 1: bbc769cc (button) folded before Flop (didn't bet)
Seat 2: Hero (small blind) folded before Flop
Seat 3: 1c273009 (big blind) folded before Flop
Seat 4: b8ee637f folded before Flop
Seat 5: 5366a6ce collected ($0.53)
Seat 6: 9348de32 folded before Flop (didn't bet)


Poker Hand #HD1755893954: Hold'em No Limit ($0.05/$0.1) - 2024/05/02 20:30:38
Table 'NLHRed13' 6-max Seat #6 is the button
Seat 1: bbc769cc ($4.7 in chips)
Seat 2: Hero ($23.89 in chips)
Seat 3: 1c273009 ($10.1 in chips)
Seat 4: b8ee637f ($36.57 in chips)
Seat 5: 5366a6ce ($10 in chips)
Seat 6: 9348de32 ($10.31 in chips)
bbc769cc: posts small blind $0.05
Hero: posts big blind $0.1
*** HOLE CARDS ***
Dealt to bbc769cc 
Dealt to Hero [Kd Qc]
Dealt to 1c273009 
Dealt to b8ee637f 
Dealt to 5366a6ce 
Dealt to 9348de32 
1c273009: folds
b8ee637f: raises $0.1 to $0.2
5366a6ce: folds
9348de32: folds
bbc769cc: folds
Hero: calls $0.1
*** FLOP *** [Jc 6c Kh]
Hero: checks
b8ee637f: bets $0.3
Hero: calls $0.3
*** TURN *** [Jc 6c Kh] [Jh]
Hero: checks
b8ee637f: bets $0.95
Hero: folds
Uncalled bet ($0.95) returned to b8ee637f
*** SHOWDOWN ***
b8ee637f collected $1 from pot
*** SUMMARY ***
Total pot $1.05 | Rake $0.05 | Jackpot $0 | Bingo $0 | Fortune $0 | Tax $0
Board [Jc 6c Kh Jh]
Seat 1: bbc769cc (small blind) folded before Flop
Seat 2: Hero (big blind) folded on the Turn
Seat 3: 1c273009 folded before Flop (didn't bet)
Seat 4: b8ee637f won ($1)
Seat 5: 5366a6ce folded before Flop (didn't bet)
Seat 6: 9348de32 (button) folded before Flop (didn't bet)


Poker Hand #HD1755893640: Hold'em No Limit ($0.05/$0.1) - 2024/05/02 20:28:35
Table 'NLHRed13' 6-max Seat #5 is the button
Seat 1: bbc769cc ($4.9 in chips)
Seat 2: Hero ($12.37 in chips)
Seat 3: 1c273009 ($10.1 in chips)
Seat 4: b8ee637f ($48.94 in chips)
Seat 5: 5366a6ce ($10 in chips)
Seat 6: 9348de32 ($10.36 in chips)
9348de32: posts small blind $0.05
bbc769cc: posts big blind $0.1
*** HOLE CARDS ***
Dealt to bbc769cc 
Dealt to Hero [Qd Qc]
Dealt to 1c273009 
Dealt to b8ee637f 
Dealt to 5366a6ce 
Dealt to 9348de32 
Hero: raises $0.1 to $0.2
1c273009: folds
b8ee637f: calls $0.2
5366a6ce: folds
9348de32: folds
bbc769cc: calls $0.1
*** FLOP *** [Qs 8h 5c]
bbc769cc: checks
Hero: bets $0.22
b8ee637f: calls $0.22
bbc769cc: folds
*** TURN *** [Qs 8h 5c] [Ts]
Hero: bets $0.76
b8ee637f: calls $0.76
*** RIVER *** [Qs 8h 5c Ts] [Td]
Hero: bets $1.73
b8ee637f: raises $2.31 to $4.04
Hero: raises $7.15 to $11.19 and is all-in
b8ee637f: calls $7.15
Hero: shows [Qd Qc] (Queens Full over Tens)
b8ee637f: shows [Kc Tc] (Three Tens)
*** SHOWDOWN ***
Hero collected $23.89 from pot
*** SUMMARY ***
Total pot $24.99 | Rake $1 | Jackpot $0.1 | Bingo $0 | Fortune $0 | Tax $0
Board [Qs 8h 5c Ts Td]
Seat 1: bbc769cc (big blind) folded on the Flop
Seat 2: Hero showed [Qd Qc] and won ($23.89) with Queens Full over Tens
Seat 3: 1c273009 folded before Flop (didn't bet)
Seat 4: b8ee637f showed [Kc Tc] and lost with Three Tens
Seat 5: 5366a6ce (button) folded before Flop (didn't bet)
Seat 6: 9348de32 (small blind) folded before Flop


Poker Hand #HD1755893622: Hold'em No Limit ($0.05/$0.1) - 2024/05/02 20:28:28
Table 'NLHRed13' 6-max Seat #4 is the button
Seat 1: bbc769cc ($4.9 in chips)
Seat 2: Hero ($12.37 in chips)
Seat 3: 1c273009 ($10.1 in chips)
Seat 4: b8ee637f ($48.94 in chips)
Seat 5: 5366a6ce ($10 in chips)
Seat 6: 9348de32 ($10.31 in chips)
5366a6ce: posts small blind $0.05
9348de32: posts big blind $0.1
*** HOLE CARDS ***
Dealt to bbc769cc 
Dealt to Hero [4s 2d]
Dealt to 1c273009 
Dealt to b8ee637f 
Dealt to 5366a6ce 
Dealt to 9348de32 
bbc769cc: folds
Hero: folds
1c273009: folds
b8ee637f: folds
5366a6ce: folds
Uncalled bet ($0.05) returned to 9348de32
*** SHOWDOWN ***
9348de32 collected $0.1 from pot
*** SUMMARY ***
Total pot $0.1 | Rake $0 | Jackpot $0 | Bingo $0 | Fortune $0 | Tax $0
Seat 1: bbc769cc folded before Flop (didn't bet)
Seat 2: Hero folded before Flop (didn't bet)
Seat 3: 1c273009 folded before Flop (didn't bet)
Seat 4: b8ee637f (button) folded before Flop (didn't bet)
Seat 5: 5366a6ce (small blind) folded before Flop
Seat 6: 9348de32 (big blind) collected ($0.1)


Poker Hand #HD1755893583: Hold'em No Limit ($0.05/$0.1) - 2024/05/02 20:28:14
Table 'NLHRed13' 6-max Seat #3 is the button
Seat 1: bbc769cc ($4.75 in chips)
Seat 2: Hero ($12.37 in chips)
Seat 3: 1c273009 ($10.1 in chips)
Seat 4: b8ee637f ($48.99 in chips)
Seat 5: 5366a6ce ($10 in chips)
Seat 6: 9348de32 ($10.31 in chips)
b8ee637f: posts small blind $0.05
5366a6ce: posts big blind $0.1
*** HOLE CARDS ***
Dealt to bbc769cc 
Dealt to Hero [Ks 5h]
Dealt to 1c273009 
Dealt to b8ee637f 
Dealt to 5366a6ce 
Dealt to 9348de32 
9348de32: folds
bbc769cc: raises $0.2 to $0.3
Hero: folds
1c273009: folds
b8ee637f: folds
5366a6ce: folds
Uncalled bet ($0.2) returned to bbc769cc
*** SHOWDOWN ***
bbc769cc collected $0.25 from pot
*** SUMMARY ***
Total pot $0.25 | Rake $0 | Jackpot $0 | Bingo $0 | Fortune $0 | Tax $0
Seat 1: bbc769cc collected ($0.25)
Seat 2: Hero folded before Flop (didn't bet)
Seat 3: 1c273009 (button) folded before Flop (didn't bet)
Seat 4: b8ee637f (small blind) folded before Flop
Seat 5: 5366a6ce (big blind) folded before Flop
Seat 6: 9348de32 folded before Flop (didn't bet)


Poker Hand #HD1755893544: Hold'em No Limit ($0.05/$0.1) - 2024/05/02 20:27:59
Table 'NLHRed13' 6-max Seat #2 is the button
Seat 1: bbc769cc ($4.75 in chips)
Seat 2: Hero ($12.37 in chips)
Seat 3: 1c273009 ($10 in chips)
Seat 4: b8ee637f ($49.09 in chips)
Seat 5: 5366a6ce ($10 in chips)
Seat 6: 9348de32 ($10.31 in chips)
1c273009: posts small blind $0.05
b8ee637f: posts big blind $0.1
*** HOLE CARDS ***
Dealt to bbc769cc 
Dealt to Hero [Js 3d]
Dealt to 1c273009 
Dealt to b8ee637f 
Dealt to 5366a6ce 
Dealt to 9348de32 
5366a6ce: folds
9348de32: folds
bbc769cc: folds
Hero: folds
1c273009: raises $0.2 to $0.3
b8ee637f: folds
Uncalled bet ($0.2) returned to 1c273009
*** SHOWDOWN ***
1c273009 collected $0.2 from pot
*** SUMMARY ***
Total pot $0.2 | Rake $0 | Jackpot $0 | Bingo $0 | Fortune $0 | Tax $0
Seat 1: bbc769cc folded before Flop (didn't bet)
Seat 2: Hero (button) folded before Flop (didn't bet)
Seat 3: 1c273009 (small blind) collected ($0.2)
Seat 4: b8ee637f (big blind) folded before Flop
Seat 5: 5366a6ce folded before Flop (didn't bet)
Seat 6: 9348de32 folded before Flop (didn't bet)


Poker Hand #HD1755893429: Hold'em No Limit ($0.05/$0.1) - 2024/05/02 20:27:10
Table 'NLHRed13' 6-max Seat #1 is the button
Seat 1: bbc769cc ($4.75 in chips)
Seat 2: Hero ($12.42 in chips)
Seat 3: 1c273009 ($11.06 in chips)
Seat 4: b8ee637f ($49.09 in chips)
Seat 5: 5366a6ce ($10 in chips)
Seat 6: 9348de32 ($8.88 in chips)
Hero: posts small blind $0.05
1c273009: posts big blind $0.1
*** HOLE CARDS ***
Dealt to bbc769cc 
Dealt to Hero [8s Ad]
Dealt to 1c273009 
Dealt to b8ee637f 
Dealt to 5366a6ce 
Dealt to 9348de32 
b8ee637f: folds
5366a6ce: folds
9348de32: raises $0.1 to $0.2
bbc769cc: folds
Hero: folds
1c273009: calls $0.1
*** FLOP *** [2d Qh 5s]
1c273009: checks
9348de32: bets $0.15
1c273009: calls $0.15
*** TURN *** [2d Qh 5s] [5h]
1c273009: checks
9348de32: checks
*** RIVER *** [2d Qh 5s 5h] [4c]
1c273009: bets $0.38
9348de32: raises $0.91 to $1.29
1c273009: calls $0.91
9348de32: shows [3c Ac] (Fives-High Straight)
1c273009: shows [6d 5d] (Three Fives)
*** SHOWDOWN ***
9348de32 collected $3.07 from pot
*** SUMMARY ***
Total pot $3.33 | Rake $0.16 | Jackpot $0.1 | Bingo $0 | Fortune $0 | Tax $0
Board [2d Qh 5s 5h 4c]
Seat 1: bbc769cc (button) folded before Flop (didn't bet)
Seat 2: Hero (small blind) folded before Flop
Seat 3: 1c273009 (big blind) showed [6d 5d] and lost with Three Fives
Seat 4: b8ee637f folded before Flop (didn't bet)
Seat 5: 5366a6ce folded before Flop (didn't bet)
Seat 6: 9348de32 showed [3c Ac] and won ($3.07) with Fives-High Straight


Poker Hand #HD1755893349: Hold'em No Limit ($0.05/$0.1) - 2024/05/02 20:26:40
Table 'NLHRed13' 6-max Seat #6 is the button
Seat 1: bbc769cc ($4.8 in chips)
Seat 2: Hero ($12.62 in chips)
Seat 3: 1c273009 ($11.06 in chips)
Seat 4: b8ee637f ($48.86 in chips)
Seat 5: 5366a6ce ($10 in chips)
Seat 6: 9348de32 ($8.88 in chips)
bbc769cc: posts small blind $0.05
Hero: posts big blind $0.1
*** HOLE CARDS ***
Dealt to bbc769cc 
Dealt to Hero [Qc Ks]
Dealt to 1c273009 
Dealt to b8ee637f 
Dealt to 5366a6ce 
Dealt to 9348de32 
1c273009: folds
b8ee637f: raises $0.1 to $0.2
5366a6ce: folds
9348de32: folds
bbc769cc: folds
Hero: calls $0.1
*** FLOP *** [7c 9c 7d]
Hero: checks
b8ee637f: bets $0.3
Hero: folds
Uncalled bet ($0.3) returned to b8ee637f
*** SHOWDOWN ***
b8ee637f collected $0.43 from pot
*** SUMMARY ***
Total pot $0.45 | Rake $0.02 | Jackpot $0 | Bingo $0 | Fortune $0 | Tax $0
Board [7c 9c 7d]
Seat 1: bbc769cc (small blind) folded before Flop
Seat 2: Hero (big blind) folded on the Flop
Seat 3: 1c273009 folded before Flop (didn't bet)
Seat 4: b8ee637f won ($0.43)
Seat 5: 5366a6ce folded before Flop (didn't bet)
Seat 6: 9348de32 (button) folded before Flop (didn't bet)


Poker Hand #HD1755893168: Hold'em No Limit ($0.05/$0.1) - 2024/05/02 20:25:35
Table 'NLHRed13' 6-max Seat #5 is the button
Seat 1: bbc769cc ($5 in chips)
Seat 2: Hero ($12.62 in chips)
Seat 3: 1c273009 ($11.06 in chips)
Seat 4: b8ee637f ($47.5 in chips)
Seat 5: 5366a6ce ($10 in chips)
Seat 6: 9348de32 ($8.93 in chips)
9348de32: posts small blind $0.05
bbc769cc: posts big blind $0.1
*** HOLE CARDS ***
Dealt to bbc769cc 
Dealt to Hero [9c 2s]
Dealt to 1c273009 
Dealt to b8ee637f 
Dealt to 5366a6ce 
Dealt to 9348de32 
Hero: folds
1c273009: folds
b8ee637f: raises $0.1 to $0.2
5366a6ce: calls $0.2
9348de32: folds
bbc769cc: calls $0.1
*** FLOP *** [6c 6d Tc]
bbc769cc: checks
b8ee637f: bets $0.22
5366a6ce: calls $0.22
bbc769cc: folds
*** TURN *** [6c 6d Tc] [Jd]
b8ee637f: checks
5366a6ce: bets $0.82
b8ee637f: calls $0.82
*** RIVER *** [6c 6d Tc Jd] [As]
b8ee637f: checks
5366a6ce: checks
b8ee637f: shows [Qc Qh] (Pair of Queens and Pair of Sixes)
5366a6ce: shows [5d 5h] (Pair of Sixes and Pair of Fives)
*** SHOWDOWN ***
b8ee637f collected $2.6 from pot
*** SUMMARY ***
Total pot $2.73 | Rake $0.13 | Jackpot $0 | Bingo $0 | Fortune $0 | Tax $0
Board [6c 6d Tc Jd As]
Seat 1: bbc769cc (big blind) folded on the Flop
Seat 2: Hero folded before Flop (didn't bet)
Seat 3: 1c273009 folded before Flop (didn't bet)
Seat 4: b8ee637f showed [Qc Qh] and won ($2.6) with Pair of Queens and Pair of Sixes
Seat 5: 5366a6ce (button) showed [5d 5h] and lost with Pair of Sixes and Pair of Fives
Seat 6: 9348de32 (small blind) folded before Flop


Poker Hand #HD1755893145: Hold'em No Limit ($0.05/$0.1) - 2024/05/02 20:25:23
Table 'NLHRed13' 6-max Seat #4 is the button
Seat 2: Hero ($12.62 in chips)
Seat 3: 1c273009 ($10.91 in chips)
Seat 4: b8ee637f ($47.5 in chips)
Seat 5: 5366a6ce ($9.24 in chips)
Seat 6: 9348de32 ($9.03 in chips)
5366a6ce: posts small blind $0.05
9348de32: posts big blind $0.1
*** HOLE CARDS ***
Dealt to Hero [2c Qh]
Dealt to 1c273009 
Dealt to b8ee637f 
Dealt to 5366a6ce 
Dealt to 9348de32 
Hero: folds
1c273009: raises $0.15 to $0.25
b8ee637f: folds
5366a6ce: folds
9348de32: folds
Uncalled bet ($0.15) returned to 1c273009
*** SHOWDOWN ***
1c273009 collected $0.25 from pot
*** SUMMARY ***
Total pot $0.25 | Rake $0 | Jackpot $0 | Bingo $0 | Fortune $0 | Tax $0
Seat 2: Hero folded before Flop (didn't bet)
Seat 3: 1c273009 collected ($0.25)
Seat 4: b8ee637f (button) folded before Flop (didn't bet)
Seat 5: 5366a6ce (small blind) folded before Flop
Seat 6: 9348de32 (big blind) folded before Flop


Poker Hand #HD1755893015: Hold'em No Limit ($0.05/$0.1) - 2024/05/02 20:24:30
Table 'NLHRed13' 6-max Seat #3 is the button
Seat 1: dc4b1463 ($10 in chips)
Seat 2: Hero ($11.67 in chips)
Seat 3: 1c273009 ($10.91 in chips)
Seat 4: b8ee637f ($47.55 in chips)
Seat 5: 5366a6ce ($10 in chips)
Seat 6: 9348de32 ($9.03 in chips)
b8ee637f: posts small blind $0.05
5366a6ce: posts big blind $0.1
*** HOLE CARDS ***
Dealt to dc4b1463 
Dealt to Hero [Js Jc]
Dealt to 1c273009 
Dealt to b8ee637f 
Dealt to 5366a6ce 
Dealt to 9348de32 
9348de32: folds
dc4b1463: folds
Hero: raises $0.14 to $0.24
1c273009: folds
b8ee637f: folds
5366a6ce: calls $0.14
*** FLOP *** [7d 8h 2s]
5366a6ce: checks
Hero: bets $0.35
5366a6ce: calls $0.35
*** TURN *** [7d 8h 2s] [9s]
5366a6ce: checks
Hero: checks
*** RIVER *** [7d 8h 2s 9s] [5d]
5366a6ce: bets $0.41
Hero: calls $0.41
5366a6ce: shows [9h Ac] (Pair of Nines)
Hero: shows [Js Jc] (Pair of Jacks)
*** SHOWDOWN ***
Hero collected $1.95 from pot
*** SUMMARY ***
Total pot $2.05 | Rake $0.1 | Jackpot $0 | Bingo $0 | Fortune $0 | Tax $0
Board [7d 8h 2s 9s 5d]
Seat 1: dc4b1463 folded before Flop (didn't bet)
Seat 2: Hero showed [Js Jc] and won ($1.95) with Pair of Jacks
Seat 3: 1c273009 (button) folded before Flop (didn't bet)
Seat 4: b8ee637f (small blind) folded before Flop
Seat 5: 5366a6ce (big blind) showed [9h Ac] and lost with Pair of Nines
Seat 6: 9348de32 folded before Flop (didn't bet)


Poker Hand #HD1755892899: Hold'em No Limit ($0.05/$0.1) - 2024/05/02 20:23:46
Table 'NLHRed13' 6-max Seat #2 is the button
Seat 1: dc4b1463 ($10 in chips)
Seat 2: Hero ($11.67 in chips)
Seat 3: 1c273009 ($10 in chips)
Seat 4: b8ee637f ($47.65 in chips)
Seat 6: 9348de32 ($9.03 in chips)
1c273009: posts small blind $0.05
b8ee637f: posts big blind $0.1
*** HOLE CARDS ***
Dealt to dc4b1463 
Dealt to Hero [9d Jd]
Dealt to 1c273009 
Dealt to b8ee637f 
Dealt to 9348de32 
9348de32: folds
dc4b1463: raises $0.1 to $0.2
Hero: folds
1c273009: raises $0.7 to $0.9
b8ee637f: folds
dc4b1463: calls $0.7
*** FLOP *** [9h 3h 4c]
1c273009: bets $0.63
dc4b1463: folds
Uncalled bet ($0.63) returned to 1c273009
*** SHOWDOWN ***
1c273009 collected $1.81 from pot
*** SUMMARY ***
Total pot $1.9 | Rake $0.09 | Jackpot $0 | Bingo $0 | Fortune $0 | Tax $0
Board [9h 3h 4c]
Seat 1: dc4b1463 folded on the Flop
Seat 2: Hero (button) folded before Flop (didn't bet)
Seat 3: 1c273009 (small blind) won ($1.81)
Seat 4: b8ee637f (big blind) folded before Flop
Seat 6: 9348de32 folded before Flop (didn't bet)


Poker Hand #HD1755892846: Hold'em No Limit ($0.05/$0.1) - 2024/05/02 20:23:27
Table 'NLHRed13' 6-max Seat #1 is the button
Seat 1: dc4b1463 ($10 in chips)
Seat 2: Hero ($11.72 in chips)
Seat 3: 1c273009 ($10 in chips)
Seat 4: b8ee637f ($47.65 in chips)
Seat 6: 9348de32 ($8.88 in chips)
Hero: posts small blind $0.05
1c273009: posts big blind $0.1
*** HOLE CARDS ***
Dealt to dc4b1463 
Dealt to Hero [Ts Kh]
Dealt to 1c273009 
Dealt to b8ee637f 
Dealt to 9348de32 
b8ee637f: folds
9348de32: raises $0.15 to $0.25
dc4b1463: folds
Hero: folds
1c273009: folds
Uncalled bet ($0.15) returned to 9348de32
*** SHOWDOWN ***
9348de32 collected $0.25 from pot
*** SUMMARY ***
Total pot $0.25 | Rake $0 | Jackpot $0 | Bingo $0 | Fortune $0 | Tax $0
Seat 1: dc4b1463 (button) folded before Flop (didn't bet)
Seat 2: Hero (small blind) folded before Flop
Seat 3: 1c273009 (big blind) folded before Flop
Seat 4: b8ee637f folded before Flop (didn't bet)
Seat 6: 9348de32 collected ($0.25)


Poker Hand #HD1755892819: Hold'em No Limit ($0.05/$0.1) - 2024/05/02 20:23:15
Table 'NLHRed13' 6-max Seat #6 is the button
Seat 1: dc4b1463 ($10 in chips)
Seat 2: Hero ($11.67 in chips)
Seat 4: b8ee637f ($47.65 in chips)
Seat 6: 9348de32 ($8.88 in chips)
dc4b1463: posts small blind $0.05
Hero: posts big blind $0.1
*** HOLE CARDS ***
Dealt to dc4b1463 
Dealt to Hero [Td Qd]
Dealt to b8ee637f 
Dealt to 9348de32 
b8ee637f: folds
9348de32: folds
dc4b1463: folds
Uncalled bet ($0.05) returned to Hero
*** SHOWDOWN ***
Hero collected $0.1 from pot
*** SUMMARY ***
Total pot $0.1 | Rake $0 | Jackpot $0 | Bingo $0 | Fortune $0 | Tax $0
Seat 1: dc4b1463 (small blind) folded before Flop
Seat 2: Hero (big blind) collected ($0.1)
Seat 4: b8ee637f folded before Flop (didn't bet)
Seat 6: 9348de32 (button) folded before Flop (didn't bet)


Poker Hand #HD1755892722: Hold'em No Limit ($0.05/$0.1) - 2024/05/02 20:22:39
Table 'NLHRed13' 6-max Seat #4 is the button
Seat 1: dc4b1463 ($10 in chips)
Seat 2: Hero ($11.67 in chips)
Seat 4: b8ee637f ($47.42 in chips)
Seat 6: 9348de32 ($8.93 in chips)
9348de32: posts small blind $0.05
dc4b1463: posts big blind $0.1
*** HOLE CARDS ***
Dealt to dc4b1463 
Dealt to Hero [Td 6h]
Dealt to b8ee637f 
Dealt to 9348de32 
Hero: folds
b8ee637f: raises $0.1 to $0.2
9348de32: folds
dc4b1463: calls $0.1
*** FLOP *** [Qs Qh 7s]
dc4b1463: checks
b8ee637f: checks
*** TURN *** [Qs Qh 7s] [Kd]
dc4b1463: checks
b8ee637f: checks
*** RIVER *** [Qs Qh 7s Kd] [6d]
dc4b1463: checks
b8ee637f: checks
dc4b1463: shows [9h 8s] (Pair of Queens)
b8ee637f: shows [5d Jd] (Pair of Queens)
*** SHOWDOWN ***
b8ee637f collected $0.43 from pot
*** SUMMARY ***
Total pot $0.45 | Rake $0.02 | Jackpot $0 | Bingo $0 | Fortune $0 | Tax $0
Board [Qs Qh 7s Kd 6d]
Seat 1: dc4b1463 (big blind) showed [9h 8s] and lost with Pair of Queens
Seat 2: Hero folded before Flop (didn't bet)
Seat 4: b8ee637f (button) showed [5d Jd] and won ($0.43) with Pair of Queens
Seat 6: 9348de32 (small blind) folded before Flop


Poker Hand #HD1755892517: Hold'em No Limit ($0.05/$0.1) - 2024/05/02 20:21:20
Table 'NLHRed13' 6-max Seat #2 is the button
Seat 1: dc4b1463 ($10 in chips)
Seat 2: Hero ($11.67 in chips)
Seat 4: b8ee637f ($47.47 in chips)
Seat 6: 9348de32 ($6.62 in chips)
b8ee637f: posts small blind $0.05
9348de32: posts big blind $0.1
*** HOLE CARDS ***
Dealt to dc4b1463 
Dealt to Hero [Ad 7s]
Dealt to b8ee637f 
Dealt to 9348de32 
dc4b1463: raises $0.1 to $0.2
Hero: folds
b8ee637f: folds
9348de32: calls $0.1
*** FLOP *** [7h 8c 6h]
9348de32: bets $0.27
dc4b1463: calls $0.27
*** TURN *** [7h 8c 6h] [Kd]
9348de32: bets $0.7
dc4b1463: raises $1.45 to $2.15
9348de32: calls $1.45
*** RIVER *** [7h 8c 6h Kd] [5c]
9348de32: bets $4 and is all-in
dc4b1463: folds
Uncalled bet ($4) returned to 9348de32
*** SHOWDOWN ***
9348de32 collected $4.93 from pot
*** SUMMARY ***
Total pot $5.29 | Rake $0.26 | Jackpot $0.1 | Bingo $0 | Fortune $0 | Tax $0
Board [7h 8c 6h Kd 5c]
Seat 1: dc4b1463 folded on the River
Seat 2: Hero (button) folded before Flop (didn't bet)
Seat 4: b8ee637f (small blind) folded before Flop
Seat 6: 9348de32 (big blind) won ($4.93)


Poker Hand #HD1755892496: Hold'em No Limit ($0.05/$0.1) - 2024/05/02 20:21:09
Table 'NLHRed13' 6-max Seat #1 is the button
Seat 1: dc4b1463 ($10 in chips)
Seat 2: Hero ($11.72 in chips)
Seat 4: b8ee637f ($47.57 in chips)
Seat 6: 9348de32 ($6.47 in chips)
Hero: posts small blind $0.05
b8ee637f: posts big blind $0.1
*** HOLE CARDS ***
Dealt to dc4b1463 
Dealt to Hero [6h Kd]
Dealt to b8ee637f 
Dealt to 9348de32 
9348de32: raises $0.15 to $0.25
dc4b1463: folds
Hero: folds
b8ee637f: folds
Uncalled bet ($0.15) returned to 9348de32
*** SHOWDOWN ***
9348de32 collected $0.25 from pot
*** SUMMARY ***
Total pot $0.25 | Rake $0 | Jackpot $0 | Bingo $0 | Fortune $0 | Tax $0
Seat 1: dc4b1463 (button) folded before Flop (didn't bet)
Seat 2: Hero (small blind) folded before Flop
Seat 4: b8ee637f (big blind) folded before Flop
Seat 6: 9348de32 collected ($0.25)


Poker Hand #HD1755892459: Hold'em No Limit ($0.05/$0.1) - 2024/05/02 20:20:56
Table 'NLHRed13' 6-max Seat #6 is the button
Seat 1: dc4b1463 ($10 in chips)
Seat 2: Hero ($11.67 in chips)
Seat 3: e0e4a245 ($3.52 in chips)
Seat 4: b8ee637f ($47.57 in chips)
Seat 6: 9348de32 ($6.47 in chips)
dc4b1463: posts small blind $0.05
Hero: posts big blind $0.1
*** HOLE CARDS ***
Dealt to dc4b1463 
Dealt to Hero [3s Kc]
Dealt to e0e4a245 
Dealt to b8ee637f 
Dealt to 9348de32 
e0e4a245: folds
b8ee637f: folds
9348de32: folds
dc4b1463: folds
Uncalled bet ($0.05) returned to Hero
*** SHOWDOWN ***
Hero collected $0.1 from pot
*** SUMMARY ***
Total pot $0.1 | Rake $0 | Jackpot $0 | Bingo $0 | Fortune $0 | Tax $0
Seat 1: dc4b1463 (small blind) folded before Flop
Seat 2: Hero (big blind) collected ($0.1)
Seat 3: e0e4a245 folded before Flop (didn't bet)
Seat 4: b8ee637f folded before Flop (didn't bet)
Seat 6: 9348de32 (button) folded before Flop (didn't bet)


Poker Hand #HD1755892407: Hold'em No Limit ($0.05/$0.1) - 2024/05/02 20:20:38
Table 'NLHRed13' 6-max Seat #4 is the button
Seat 1: dc4b1463 ($10 in chips)
Seat 2: Hero ($11.52 in chips)
Seat 3: e0e4a245 ($3.52 in chips)
Seat 4: b8ee637f ($47.57 in chips)
Seat 6: 9348de32 ($6.52 in chips)
9348de32: posts small blind $0.05
dc4b1463: posts big blind $0.1
*** HOLE CARDS ***
Dealt to dc4b1463 
Dealt to Hero [Ad 8d]
Dealt to e0e4a245 
Dealt to b8ee637f 
Dealt to 9348de32 
Hero: raises $0.1 to $0.2
e0e4a245: folds
b8ee637f: folds
9348de32: folds
dc4b1463: folds
Uncalled bet ($0.1) returned to Hero
*** SHOWDOWN ***
Hero collected $0.25 from pot
*** SUMMARY ***
Total pot $0.25 | Rake $0 | Jackpot $0 | Bingo $0 | Fortune $0 | Tax $0
Seat 1: dc4b1463 (big blind) folded before Flop
Seat 2: Hero collected ($0.25)
Seat 3: e0e4a245 folded before Flop (didn't bet)
Seat 4: b8ee637f (button) folded before Flop (didn't bet)
Seat 6: 9348de32 (small blind) folded before Flop


Poker Hand #HD1755892376: Hold'em No Limit ($0.05/$0.1) - 2024/05/02 20:20:27
Table 'NLHRed13' 6-max Seat #3 is the button
Seat 1: dc4b1463 ($10 in chips)
Seat 2: Hero ($11.37 in chips)
Seat 3: e0e4a245 ($3.52 in chips)
Seat 4: b8ee637f ($47.62 in chips)
Seat 6: 9348de32 ($6.62 in chips)
b8ee637f: posts small blind $0.05
9348de32: posts big blind $0.1
*** HOLE CARDS ***
Dealt to dc4b1463 
Dealt to Hero [8c 9c]
Dealt to e0e4a245 
Dealt to b8ee637f 
Dealt to 9348de32 
dc4b1463: folds
Hero: raises $0.14 to $0.24
e0e4a245: folds
b8ee637f: folds
9348de32: folds
Uncalled bet ($0.14) returned to Hero
*** SHOWDOWN ***
Hero collected $0.25 from pot
*** SUMMARY ***
Total pot $0.25 | Rake $0 | Jackpot $0 | Bingo $0 | Fortune $0 | Tax $0
Seat 1: dc4b1463 folded before Flop (didn't bet)
Seat 2: Hero collected ($0.25)
Seat 3: e0e4a245 (button) folded before Flop (didn't bet)
Seat 4: b8ee637f (small blind) folded before Flop
Seat 6: 9348de32 (big blind) folded before Flop


Poker Hand #HD1755892236: Hold'em No Limit ($0.05/$0.1) - 2024/05/02 20:19:38
Table 'NLHRed13' 6-max Seat #2 is the button
Seat 1: dc4b1463 ($10 in chips)
Seat 2: Hero ($11.37 in chips)
Seat 3: e0e4a245 ($1.9 in chips)
Seat 4: b8ee637f ($49.52 in chips)
Seat 6: 9348de32 ($6.62 in chips)
e0e4a245: posts small blind $0.05
b8ee637f: posts big blind $0.1
*** HOLE CARDS ***
Dealt to dc4b1463 
Dealt to Hero [6d 4c]
Dealt to e0e4a245 
Dealt to b8ee637f 
Dealt to 9348de32 
9348de32: folds
dc4b1463: folds
Hero: folds
e0e4a245: raises $1.8 to $1.9 and is all-in
b8ee637f: calls $1.8
e0e4a245: shows [7d As]
b8ee637f: shows [Td Ks]
*** FLOP *** [9s 4s 4h]
*** TURN *** [9s 4s 4h] [9d]
*** RIVER *** [9s 4s 4h 9d] [Js]
*** SHOWDOWN ***
e0e4a245 collected $3.52 from pot
*** SUMMARY ***
Total pot $3.8 | Rake $0.18 | Jackpot $0.1 | Bingo $0 | Fortune $0 | Tax $0
Board [9s 4s 4h 9d Js]
Seat 1: dc4b1463 folded before Flop (didn't bet)
Seat 2: Hero (button) folded before Flop (didn't bet)
Seat 3: e0e4a245 (small blind) showed [7d As] and won ($3.52) with Pair of Nines and Pair of Fours
Seat 4: b8ee637f (big blind) showed [Td Ks] and lost with Pair of Nines and Pair of Fours
Seat 6: 9348de32 folded before Flop (didn't bet)


Poker Hand #HD1755892212: Hold'em No Limit ($0.05/$0.1) - 2024/05/02 20:19:26
Table 'NLHRed13' 6-max Seat #1 is the button
Seat 1: dc4b1463 ($10 in chips)
Seat 2: Hero ($11.27 in chips)
Seat 3: e0e4a245 ($2 in chips)
Seat 4: b8ee637f ($49.52 in chips)
Seat 6: 9348de32 ($6.62 in chips)
Hero: posts small blind $0.05
e0e4a245: posts big blind $0.1
*** HOLE CARDS ***
Dealt to dc4b1463 
Dealt to Hero [Jc Js]
Dealt to e0e4a245 
Dealt to b8ee637f 
Dealt to 9348de32 
b8ee637f: folds
9348de32: folds
dc4b1463: folds
Hero: raises $0.2 to $0.3
e0e4a245: folds
Uncalled bet ($0.2) returned to Hero
*** SHOWDOWN ***
Hero collected $0.2 from pot
*** SUMMARY ***
Total pot $0.2 | Rake $0 | Jackpot $0 | Bingo $0 | Fortune $0 | Tax $0
Seat 1: dc4b1463 (button) folded before Flop (didn't bet)
Seat 2: Hero (small blind) collected ($0.2)
Seat 3: e0e4a245 (big blind) folded before Flop
Seat 4: b8ee637f folded before Flop (didn't bet)
Seat 6: 9348de32 folded before Flop (didn't bet)


Poker Hand #HD1755892190: Hold'em No Limit ($0.05/$0.1) - 2024/05/02 20:19:18
Table 'NLHRed13' 6-max Seat #6 is the button
Seat 1: dc4b1463 ($10 in chips)
Seat 2: Hero ($11.22 in chips)
Seat 3: e0e4a245 ($1.78 in chips)
Seat 4: b8ee637f ($49.52 in chips)
Seat 6: 9348de32 ($6.62 in chips)
dc4b1463: posts small blind $0.05
Hero: posts big blind $0.1
*** HOLE CARDS ***
Dealt to dc4b1463 
Dealt to Hero [7c Kc]
Dealt to e0e4a245 
Dealt to b8ee637f 
Dealt to 9348de32 
e0e4a245: folds
b8ee637f: folds
9348de32: folds
dc4b1463: folds
Uncalled bet ($0.05) returned to Hero
*** SHOWDOWN ***
Hero collected $0.1 from pot
*** SUMMARY ***
Total pot $0.1 | Rake $0 | Jackpot $0 | Bingo $0 | Fortune $0 | Tax $0
Seat 1: dc4b1463 (small blind) folded before Flop
Seat 2: Hero (big blind) collected ($0.1)
Seat 3: e0e4a245 folded before Flop (didn't bet)
Seat 4: b8ee637f folded before Flop (didn't bet)
Seat 6: 9348de32 (button) folded before Flop (didn't bet)


Poker Hand #HD1755892083: Hold'em No Limit ($0.05/$0.1) - 2024/05/02 20:18:36
Table 'NLHRed13' 6-max Seat #4 is the button
Seat 1: dc4b1463 ($10 in chips)
Seat 2: Hero ($11.28 in chips)
Seat 3: e0e4a245 ($1.85 in chips)
Seat 4: b8ee637f ($49.52 in chips)
Seat 6: 9348de32 ($6.67 in chips)
9348de32: posts small blind $0.05
dc4b1463: posts big blind $0.1
*** HOLE CARDS ***
Dealt to dc4b1463 
Dealt to Hero [Kh Kc]
Dealt to e0e4a245 
Dealt to b8ee637f 
Dealt to 9348de32 
Hero: raises $0.1 to $0.2
e0e4a245: raises $1.65 to $1.85 and is all-in
b8ee637f: folds
9348de32: folds
dc4b1463: folds
Hero: calls $1.65
e0e4a245: shows [Ad Kd]
Hero: shows [Kh Kc]
*** FIRST FLOP *** [7s 2h 9s]
*** FIRST TURN *** [7s 2h 9s] [8d]
*** FIRST RIVER *** [7s 2h 9s 8d] [Ah]
*** SECOND FLOP *** [Td 3s 8s]
*** SECOND TURN *** [Td 3s 8s] [5c]
*** SECOND RIVER *** [Td 3s 8s 5c] [Jc]
*** FIRST SHOWDOWN ***
e0e4a245 collected $1.78 from pot
*** SECOND SHOWDOWN ***
Hero collected $1.79 from pot
*** SUMMARY ***
Total pot $3.85 | Rake $0.18 | Jackpot $0.1 | Bingo $0 | Fortune $0 | Tax $0
Hand was run two times
FIRST Board [7s 2h 9s 8d Ah]
SECOND Board [Td 3s 8s 5c Jc]
Seat 1: dc4b1463 (big blind) folded before Flop
Seat 2: Hero showed [Kh Kc] and lost with Pair of Kings, and won ($1.79) with Pair of Kings
Seat 3: e0e4a245 showed [Ad Kd] and won ($1.78) with Pair of Aces, and lost with Ace-High
Seat 4: b8ee637f (button) folded before Flop (didn't bet)
Seat 6: 9348de32 (small blind) folded before Flop


Poker Hand #HD1755892031: Hold'em No Limit ($0.05/$0.1) - 2024/05/02 20:18:16
Table 'NLHRed13' 6-max Seat #3 is the button
Seat 2: Hero ($11.28 in chips)
Seat 3: e0e4a245 ($1.85 in chips)
Seat 4: b8ee637f ($49.25 in chips)
Seat 6: 9348de32 ($6.97 in chips)
b8ee637f: posts small blind $0.05
9348de32: posts big blind $0.1
*** HOLE CARDS ***
Dealt to Hero [3s 2h]
Dealt to e0e4a245 
Dealt to b8ee637f 
Dealt to 9348de32 
Hero: folds
e0e4a245: folds
b8ee637f: raises $0.2 to $0.3
9348de32: calls $0.2
*** FLOP *** [2d As Qh]
b8ee637f: bets $0.2
9348de32: folds
Uncalled bet ($0.2) returned to b8ee637f
*** SHOWDOWN ***
b8ee637f collected $0.57 from pot
*** SUMMARY ***
Total pot $0.6 | Rake $0.03 | Jackpot $0 | Bingo $0 | Fortune $0 | Tax $0
Board [2d As Qh]
Seat 2: Hero folded before Flop (didn't bet)
Seat 3: e0e4a245 (button) folded before Flop (didn't bet)
Seat 4: b8ee637f (small blind) won ($0.57)
Seat 6: 9348de32 (big blind) folded on the Flop


Poker Hand #HD1755891887: Hold'em No Limit ($0.05/$0.1) - 2024/05/02 20:17:22
Table 'NLHRed13' 6-max Seat #2 is the button
Seat 1: 11eaf19a ($10.1 in chips)
Seat 2: Hero ($11.28 in chips)
Seat 3: e0e4a245 ($1.9 in chips)
Seat 4: b8ee637f ($49.35 in chips)
Seat 5: bb1ef961 ($14.43 in chips)
Seat 6: 9348de32 ($6.33 in chips)
e0e4a245: posts small blind $0.05
b8ee637f: posts big blind $0.1
*** HOLE CARDS ***
Dealt to 11eaf19a 
Dealt to Hero [9d 8d]
Dealt to e0e4a245 
Dealt to b8ee637f 
Dealt to bb1ef961 
Dealt to 9348de32 
bb1ef961: raises $0.2 to $0.3
9348de32: calls $0.3
11eaf19a: folds
Hero: folds
e0e4a245: folds
b8ee637f: folds
*** FLOP *** [Th Kh Kd]
bb1ef961: bets $0.25
9348de32: calls $0.25
*** TURN *** [Th Kh Kd] [Qd]
bb1ef961: checks
9348de32: checks
*** RIVER *** [Th Kh Kd Qd] [9c]
bb1ef961: checks
9348de32: checks
bb1ef961: shows [Ad 4d] (Pair of Kings)
9348de32: shows [4s 4h] (Pair of Kings and Pair of Fours)
*** SHOWDOWN ***
9348de32 collected $1.19 from pot
*** SUMMARY ***
Total pot $1.25 | Rake $0.06 | Jackpot $0 | Bingo $0 | Fortune $0 | Tax $0
Board [Th Kh Kd Qd 9c]
Seat 1: 11eaf19a folded before Flop (didn't bet)
Seat 2: Hero (button) folded before Flop (didn't bet)
Seat 3: e0e4a245 (small blind) folded before Flop
Seat 4: b8ee637f (big blind) folded before Flop
Seat 5: bb1ef961 showed [Ad 4d] and lost with Pair of Kings
Seat 6: 9348de32 showed [4s 4h] and won ($1.19) with Pair of Kings and Pair of Fours


Poker Hand #HD1755891840: Hold'em No Limit ($0.05/$0.1) - 2024/05/02 20:17:00
Table 'NLHRed13' 6-max Seat #1 is the button
Seat 1: 11eaf19a ($10.1 in chips)
Seat 2: Hero ($11.33 in chips)
Seat 3: e0e4a245 ($2 in chips)
Seat 4: b8ee637f ($49.35 in chips)
Seat 5: bb1ef961 ($14.43 in chips)
Seat 6: 9348de32 ($6.18 in chips)
Hero: posts small blind $0.05
e0e4a245: posts big blind $0.1
*** HOLE CARDS ***
Dealt to 11eaf19a 
Dealt to Hero [7d Kh]
Dealt to e0e4a245 
Dealt to b8ee637f 
Dealt to bb1ef961 
Dealt to 9348de32 
b8ee637f: folds
bb1ef961: folds
9348de32: raises $0.15 to $0.25
11eaf19a: folds
Hero: folds
e0e4a245: folds
Uncalled bet ($0.15) returned to 9348de32
*** SHOWDOWN ***
9348de32 collected $0.25 from pot
*** SUMMARY ***
Total pot $0.25 | Rake $0 | Jackpot $0 | Bingo $0 | Fortune $0 | Tax $0
Seat 1: 11eaf19a (button) folded before Flop (didn't bet)
Seat 2: Hero (small blind) folded before Flop
Seat 3: e0e4a245 (big blind) folded before Flop
Seat 4: b8ee637f folded before Flop (didn't bet)
Seat 5: bb1ef961 folded before Flop (didn't bet)
Seat 6: 9348de32 collected ($0.25)


Poker Hand #HD1755891798: Hold'em No Limit ($0.05/$0.1) - 2024/05/02 20:16:44
Table 'NLHRed13' 6-max Seat #6 is the button
Seat 1: 11eaf19a ($10 in chips)
Seat 2: Hero ($11.43 in chips)
Seat 3: e0e4a245 ($2 in chips)
Seat 4: b8ee637f ($49.35 in chips)
Seat 5: bb1ef961 ($14.43 in chips)
Seat 6: 9348de32 ($6.18 in chips)
11eaf19a: posts small blind $0.05
Hero: posts big blind $0.1
*** HOLE CARDS ***
Dealt to 11eaf19a 
Dealt to Hero [5c 4c]
Dealt to e0e4a245 
Dealt to b8ee637f 
Dealt to bb1ef961 
Dealt to 9348de32 
e0e4a245: folds
b8ee637f: folds
bb1ef961: folds
9348de32: folds
11eaf19a: raises $0.2 to $0.3
Hero: folds
Uncalled bet ($0.2) returned to 11eaf19a
*** SHOWDOWN ***
11eaf19a collected $0.2 from pot
*** SUMMARY ***
Total pot $0.2 | Rake $0 | Jackpot $0 | Bingo $0 | Fortune $0 | Tax $0
Seat 1: 11eaf19a (small blind) collected ($0.2)
Seat 2: Hero (big blind) folded before Flop
Seat 3: e0e4a245 folded before Flop (didn't bet)
Seat 4: b8ee637f folded before Flop (didn't bet)
Seat 5: bb1ef961 folded before Flop (didn't bet)
Seat 6: 9348de32 (button) folded before Flop (didn't bet)


Poker Hand #HD1755891699: Hold'em No Limit ($0.05/$0.1) - 2024/05/02 20:16:11
Table 'NLHRed13' 6-max Seat #5 is the button
Seat 1: 11eaf19a ($10.15 in chips)
Seat 2: Hero ($11.43 in chips)
Seat 3: e0e4a245 ($2 in chips)
Seat 4: b8ee637f ($49.35 in chips)
Seat 5: bb1ef961 ($14.15 in chips)
Seat 6: 9348de32 ($6.23 in chips)
9348de32: posts small blind $0.05
11eaf19a: posts big blind $0.1
*** HOLE CARDS ***
Dealt to 11eaf19a 
Dealt to Hero [9s 2c]
Dealt to e0e4a245 
Dealt to b8ee637f 
Dealt to bb1ef961 
Dealt to 9348de32 
Hero: folds
e0e4a245: folds
b8ee637f: folds
bb1ef961: raises $0.15 to $0.25
9348de32: folds
11eaf19a: calls $0.15
*** FLOP *** [2s Qd 2d]
11eaf19a: checks
bb1ef961: bets $0.19
11eaf19a: folds
Uncalled bet ($0.19) returned to bb1ef961
*** SHOWDOWN ***
bb1ef961 collected $0.53 from pot
*** SUMMARY ***
Total pot $0.55 | Rake $0.02 | Jackpot $0 | Bingo $0 | Fortune $0 | Tax $0
Board [2s Qd 2d]
Seat 1: 11eaf19a (big blind) folded on the Flop
Seat 2: Hero folded before Flop (didn't bet)
Seat 3: e0e4a245 folded before Flop (didn't bet)
Seat 4: b8ee637f folded before Flop (didn't bet)
Seat 5: bb1ef961 (button) won ($0.53)
Seat 6: 9348de32 (small blind) folded before Flop


Poker Hand #HD1755891601: Hold'em No Limit ($0.05/$0.1) - 2024/05/02 20:15:34
Table 'NLHRed13' 6-max Seat #4 is the button
Seat 1: 11eaf19a ($10.15 in chips)
Seat 2: Hero ($11.43 in chips)
Seat 3: e0e4a245 ($2 in chips)
Seat 4: b8ee637f ($49.55 in chips)
Seat 5: bb1ef961 ($14.2 in chips)
Seat 6: 9348de32 ($6 in chips)
bb1ef961: posts small blind $0.05
9348de32: posts big blind $0.1
*** HOLE CARDS ***
Dealt to 11eaf19a 
Dealt to Hero [Ks 3d]
Dealt to e0e4a245 
Dealt to b8ee637f 
Dealt to bb1ef961 
Dealt to 9348de32 
11eaf19a: folds
Hero: folds
e0e4a245: folds
b8ee637f: raises $0.1 to $0.2
bb1ef961: folds
9348de32: calls $0.1
*** FLOP *** [2h 8h 3c]
9348de32: checks
b8ee637f: checks
*** TURN *** [2h 8h 3c] [5s]
9348de32: checks
b8ee637f: checks
*** RIVER *** [2h 8h 3c 5s] [8c]
9348de32: bets $0.27
b8ee637f: folds
Uncalled bet ($0.27) returned to 9348de32
*** SHOWDOWN ***
9348de32 collected $0.43 from pot
*** SUMMARY ***
Total pot $0.45 | Rake $0.02 | Jackpot $0 | Bingo $0 | Fortune $0 | Tax $0
Board [2h 8h 3c 5s 8c]
Seat 1: 11eaf19a folded before Flop (didn't bet)
Seat 2: Hero folded before Flop (didn't bet)
Seat 3: e0e4a245 folded before Flop (didn't bet)
Seat 4: b8ee637f (button) folded on the River
Seat 5: bb1ef961 (small blind) folded before Flop
Seat 6: 9348de32 (big blind) won ($0.43)


Poker Hand #HD1755891482: Hold'em No Limit ($0.05/$0.1) - 2024/05/02 20:14:51
Table 'NLHRed13' 6-max Seat #3 is the button
Seat 1: 11eaf19a ($10.15 in chips)
Seat 2: Hero ($11.67 in chips)
Seat 3: e0e4a245 ($2 in chips)
Seat 4: b8ee637f ($49.23 in chips)
Seat 5: bb1ef961 ($14.3 in chips)
Seat 6: 9348de32 ($6 in chips)
b8ee637f: posts small blind $0.05
bb1ef961: posts big blind $0.1
*** HOLE CARDS ***
Dealt to 11eaf19a 
Dealt to Hero [Ac 2c]
Dealt to e0e4a245 
Dealt to b8ee637f 
Dealt to bb1ef961 
Dealt to 9348de32 
9348de32: folds
11eaf19a: folds
Hero: raises $0.14 to $0.24
e0e4a245: folds
b8ee637f: calls $0.19
bb1ef961: folds
*** FLOP *** [2s 9d 3d]
b8ee637f: checks
Hero: checks
*** TURN *** [2s 9d 3d] [8s]
b8ee637f: checks
Hero: checks
*** RIVER *** [2s 9d 3d 8s] [5d]
b8ee637f: bets $0.2
Hero: folds
Uncalled bet ($0.2) returned to b8ee637f
*** SHOWDOWN ***
b8ee637f collected $0.56 from pot
*** SUMMARY ***
Total pot $0.58 | Rake $0.02 | Jackpot $0 | Bingo $0 | Fortune $0 | Tax $0
Board [2s 9d 3d 8s 5d]
Seat 1: 11eaf19a folded before Flop (didn't bet)
Seat 2: Hero folded on the River
Seat 3: e0e4a245 (button) folded before Flop (didn't bet)
Seat 4: b8ee637f (small blind) won ($0.56)
Seat 5: bb1ef961 (big blind) folded before Flop
Seat 6: 9348de32 folded before Flop (didn't bet)


Poker Hand #HD1755891446: Hold'em No Limit ($0.05/$0.1) - 2024/05/02 20:14:37
Table 'NLHRed13' 6-max Seat #2 is the button
Seat 1: 11eaf19a ($10.15 in chips)
Seat 2: Hero ($11.67 in chips)
Seat 3: e0e4a245 ($2.05 in chips)
Seat 4: b8ee637f ($49.18 in chips)
Seat 5: bb1ef961 ($14.3 in chips)
Seat 6: 9348de32 ($6 in chips)
e0e4a245: posts small blind $0.05
b8ee637f: posts big blind $0.1
*** HOLE CARDS ***
Dealt to 11eaf19a 
Dealt to Hero [7h 4s]
Dealt to e0e4a245 
Dealt to b8ee637f 
Dealt to bb1ef961 
Dealt to 9348de32 
bb1ef961: folds
9348de32: folds
11eaf19a: folds
Hero: folds
e0e4a245: folds
Uncalled bet ($0.05) returned to b8ee637f
*** SHOWDOWN ***
b8ee637f collected $0.1 from pot
*** SUMMARY ***
Total pot $0.1 | Rake $0 | Jackpot $0 | Bingo $0 | Fortune $0 | Tax $0
Seat 1: 11eaf19a folded before Flop (didn't bet)
Seat 2: Hero (button) folded before Flop (didn't bet)
Seat 3: e0e4a245 (small blind) folded before Flop
Seat 4: b8ee637f (big blind) collected ($0.1)
Seat 5: bb1ef961 folded before Flop (didn't bet)
Seat 6: 9348de32 folded before Flop (didn't bet)


Poker Hand #HD1755891416: Hold'em No Limit ($0.05/$0.1) - 2024/05/02 20:14:27
Table 'NLHRed13' 6-max Seat #1 is the button
Seat 1: 11eaf19a ($10.15 in chips)
Seat 2: Hero ($11.72 in chips)
Seat 3: e0e4a245 ($2 in chips)
Seat 4: b8ee637f ($49.18 in chips)
Seat 5: bb1ef961 ($14.3 in chips)
Seat 6: 9348de32 ($6 in chips)
Hero: posts small blind $0.05
e0e4a245: posts big blind $0.1
*** HOLE CARDS ***
Dealt to 11eaf19a 
Dealt to Hero [9h Tc]
Dealt to e0e4a245 
Dealt to b8ee637f 
Dealt to bb1ef961 
Dealt to 9348de32 
b8ee637f: folds
bb1ef961: folds
9348de32: folds
11eaf19a: folds
Hero: folds
Uncalled bet ($0.05) returned to e0e4a245
*** SHOWDOWN ***
e0e4a245 collected $0.1 from pot
*** SUMMARY ***
Total pot $0.1 | Rake $0 | Jackpot $0 | Bingo $0 | Fortune $0 | Tax $0
Seat 1: 11eaf19a (button) folded before Flop (didn't bet)
Seat 2: Hero (small blind) folded before Flop
Seat 3: e0e4a245 (big blind) collected ($0.1)
Seat 4: b8ee637f folded before Flop (didn't bet)
Seat 5: bb1ef961 folded before Flop (didn't bet)
Seat 6: 9348de32 folded before Flop (didn't bet)


Poker Hand #HD1755891396: Hold'em No Limit ($0.05/$0.1) - 2024/05/02 20:14:18
Table 'NLHRed13' 6-max Seat #6 is the button
Seat 1: 11eaf19a ($10.2 in chips)
Seat 2: Hero ($11.82 in chips)
Seat 4: b8ee637f ($49.03 in chips)
Seat 5: bb1ef961 ($14.3 in chips)
Seat 6: 9348de32 ($6 in chips)
11eaf19a: posts small blind $0.05
Hero: posts big blind $0.1
*** HOLE CARDS ***
Dealt to 11eaf19a 
Dealt to Hero [Ah 8c]
Dealt to b8ee637f 
Dealt to bb1ef961 
Dealt to 9348de32 
b8ee637f: raises $0.1 to $0.2
bb1ef961: folds
9348de32: folds
11eaf19a: folds
Hero: folds
Uncalled bet ($0.1) returned to b8ee637f
*** SHOWDOWN ***
b8ee637f collected $0.25 from pot
*** SUMMARY ***
Total pot $0.25 | Rake $0 | Jackpot $0 | Bingo $0 | Fortune $0 | Tax $0
Seat 1: 11eaf19a (small blind) folded before Flop
Seat 2: Hero (big blind) folded before Flop
Seat 4: b8ee637f collected ($0.25)
Seat 5: bb1ef961 folded before Flop (didn't bet)
Seat 6: 9348de32 (button) folded before Flop (didn't bet)


Poker Hand #HD1755891258: Hold'em No Limit ($0.05/$0.1) - 2024/05/02 20:13:22
Table 'NLHRed13' 6-max Seat #5 is the button
Seat 1: 11eaf19a ($10.3 in chips)
Seat 2: Hero ($11.04 in chips)
Seat 4: b8ee637f ($49.03 in chips)
Seat 5: bb1ef961 ($15 in chips)
Seat 6: 9348de32 ($6.05 in chips)
9348de32: posts small blind $0.05
11eaf19a: posts big blind $0.1
*** HOLE CARDS ***
Dealt to 11eaf19a 
Dealt to Hero [Ad Ks]
Dealt to b8ee637f 
Dealt to bb1ef961 
Dealt to 9348de32 
Hero: raises $0.1 to $0.2
b8ee637f: folds
bb1ef961: raises $0.5 to $0.7
9348de32: folds
11eaf19a: folds
Hero: raises $10.34 to $11.04 and is all-in
bb1ef961: folds
Uncalled bet ($10.34) returned to Hero
*** SHOWDOWN ***
Hero collected $1.48 from pot
*** SUMMARY ***
Total pot $1.55 | Rake $0.07 | Jackpot $0 | Bingo $0 | Fortune $0 | Tax $0
Seat 1: 11eaf19a (big blind) folded before Flop
Seat 2: Hero collected ($1.48)
Seat 4: b8ee637f folded before Flop (didn't bet)
Seat 5: bb1ef961 (button) folded before Flop
Seat 6: 9348de32 (small blind) folded before Flop


Poker Hand #HD1755891221: Hold'em No Limit ($0.05/$0.1) - 2024/05/02 20:13:06
Table 'NLHRed13' 6-max Seat #4 is the button
Seat 1: 11eaf19a ($10.3 in chips)
Seat 2: Hero ($11.04 in chips)
Seat 4: b8ee637f ($49.03 in chips)
Seat 5: bb1ef961 ($15.05 in chips)
Seat 6: 9348de32 ($6 in chips)
bb1ef961: posts small blind $0.05
9348de32: posts big blind $0.1
*** HOLE CARDS ***
Dealt to 11eaf19a 
Dealt to Hero [2s 6c]
Dealt to b8ee637f 
Dealt to bb1ef961 
Dealt to 9348de32 
11eaf19a: folds
Hero: folds
b8ee637f: folds
bb1ef961: folds
Uncalled bet ($0.05) returned to 9348de32
*** SHOWDOWN ***
9348de32 collected $0.1 from pot
*** SUMMARY ***
Total pot $0.1 | Rake $0 | Jackpot $0 | Bingo $0 | Fortune $0 | Tax $0
Seat 1: 11eaf19a folded before Flop (didn't bet)
Seat 2: Hero folded before Flop (didn't bet)
Seat 4: b8ee637f (button) folded before Flop (didn't bet)
Seat 5: bb1ef961 (small blind) folded before Flop
Seat 6: 9348de32 (big blind) collected ($0.1)


Poker Hand #HD1755891189: Hold'em No Limit ($0.05/$0.1) - 2024/05/02 20:12:54
Table 'NLHRed13' 6-max Seat #2 is the button
Seat 1: 11eaf19a ($10.3 in chips)
Seat 2: Hero ($11.04 in chips)
Seat 4: b8ee637f ($49.08 in chips)
Seat 5: bb1ef961 ($15 in chips)
b8ee637f: posts small blind $0.05
bb1ef961: posts big blind $0.1
*** HOLE CARDS ***
Dealt to 11eaf19a 
Dealt to Hero [Jc 3d]
Dealt to b8ee637f 
Dealt to bb1ef961 
11eaf19a: folds
Hero: folds
b8ee637f: folds
Uncalled bet ($0.05) returned to bb1ef961
*** SHOWDOWN ***
bb1ef961 collected $0.1 from pot
*** SUMMARY ***
Total pot $0.1 | Rake $0 | Jackpot $0 | Bingo $0 | Fortune $0 | Tax $0
Seat 1: 11eaf19a folded before Flop (didn't bet)
Seat 2: Hero (button) folded before Flop (didn't bet)
Seat 4: b8ee637f (small blind) folded before Flop
Seat 5: bb1ef961 (big blind) collected ($0.1)


Poker Hand #HD1755891158: Hold'em No Limit ($0.05/$0.1) - 2024/05/02 20:12:42
Table 'NLHRed13' 6-max Seat #1 is the button
Seat 1: 11eaf19a ($10.15 in chips)
Seat 2: Hero ($11.09 in chips)
Seat 4: b8ee637f ($49.18 in chips)
Seat 5: bb1ef961 ($15 in chips)
Hero: posts small blind $0.05
b8ee637f: posts big blind $0.1
*** HOLE CARDS ***
Dealt to 11eaf19a 
Dealt to Hero [3d 9d]
Dealt to b8ee637f 
Dealt to bb1ef961 
bb1ef961: folds
11eaf19a: raises $0.2 to $0.3
Hero: folds
b8ee637f: folds
Uncalled bet ($0.2) returned to 11eaf19a
*** SHOWDOWN ***
11eaf19a collected $0.25 from pot
*** SUMMARY ***
Total pot $0.25 | Rake $0 | Jackpot $0 | Bingo $0 | Fortune $0 | Tax $0
Seat 1: 11eaf19a (button) collected ($0.25)
Seat 2: Hero (small blind) folded before Flop
Seat 4: b8ee637f (big blind) folded before Flop
Seat 5: bb1ef961 folded before Flop (didn't bet)


Poker Hand #HD1755891109: Hold'em No Limit ($0.05/$0.1) - 2024/05/02 20:12:21
Table 'NLHRed13' 6-max Seat #5 is the button
Seat 1: 11eaf19a ($10.05 in chips)
Seat 2: Hero ($11.19 in chips)
Seat 4: b8ee637f ($49.18 in chips)
Seat 5: bb1ef961 ($15 in chips)
11eaf19a: posts small blind $0.05
Hero: posts big blind $0.1
*** HOLE CARDS ***
Dealt to 11eaf19a 
Dealt to Hero [7s Kh]
Dealt to b8ee637f 
Dealt to bb1ef961 
b8ee637f: folds
bb1ef961: folds
11eaf19a: raises $0.2 to $0.3
Hero: folds
Uncalled bet ($0.2) returned to 11eaf19a
*** SHOWDOWN ***
11eaf19a collected $0.2 from pot
*** SUMMARY ***
Total pot $0.2 | Rake $0 | Jackpot $0 | Bingo $0 | Fortune $0 | Tax $0
Seat 1: 11eaf19a (small blind) collected ($0.2)
Seat 2: Hero (big blind) folded before Flop
Seat 4: b8ee637f folded before Flop (didn't bet)
Seat 5: bb1ef961 (button) folded before Flop (didn't bet)


Poker Hand #HD1755891073: Hold'em No Limit ($0.05/$0.1) - 2024/05/02 20:12:07
Table 'NLHRed13' 6-max Seat #4 is the button
Seat 1: 11eaf19a ($10.15 in chips)
Seat 2: Hero ($11.19 in chips)
Seat 3: 8b918544 ($10 in chips)
Seat 4: b8ee637f ($49.03 in chips)
Seat 5: bb1ef961 ($15.05 in chips)
bb1ef961: posts small blind $0.05
11eaf19a: posts big blind $0.1
*** HOLE CARDS ***
Dealt to 11eaf19a 
Dealt to Hero [8h 5d]
Dealt to 8b918544 
Dealt to b8ee637f 
Dealt to bb1ef961 
Hero: folds
8b918544: folds
b8ee637f: raises $0.1 to $0.2
bb1ef961: folds
11eaf19a: folds
Uncalled bet ($0.1) returned to b8ee637f
*** SHOWDOWN ***
b8ee637f collected $0.25 from pot
*** SUMMARY ***
Total pot $0.25 | Rake $0 | Jackpot $0 | Bingo $0 | Fortune $0 | Tax $0
Seat 1: 11eaf19a (big blind) folded before Flop
Seat 2: Hero folded before Flop (didn't bet)
Seat 3: 8b918544 folded before Flop (didn't bet)
Seat 4: b8ee637f (button) collected ($0.25)
Seat 5: bb1ef961 (small blind) folded before Flop


Poker Hand #HD1755890897: Hold'em No Limit ($0.05/$0.1) - 2024/05/02 20:11:03
Table 'NLHRed13' 6-max Seat #3 is the button
Seat 1: 11eaf19a ($10.15 in chips)
Seat 2: Hero ($11.19 in chips)
Seat 3: 8b918544 ($10.27 in chips)
Seat 4: b8ee637f ($39.76 in chips)
Seat 5: bb1ef961 ($15.15 in chips)
Seat 6: 929bfd22 ($3.71 in chips)
b8ee637f: posts small blind $0.05
bb1ef961: posts big blind $0.1
*** HOLE CARDS ***
Dealt to 11eaf19a 
Dealt to Hero [8c Js]
Dealt to 8b918544 
Dealt to b8ee637f 
Dealt to bb1ef961 
Dealt to 929bfd22 
929bfd22: folds
11eaf19a: folds
Hero: folds
8b918544: raises $0.2 to $0.3
b8ee637f: raises $1 to $1.3
bb1ef961: folds
8b918544: calls $1
*** FLOP *** [4s Ks 9h]
b8ee637f: bets $0.6
8b918544: raises $1.4 to $2
b8ee637f: calls $1.4
*** TURN *** [4s Ks 9h] [Jh]
b8ee637f: checks
8b918544: bets $6.97 and is all-in
b8ee637f: calls $6.97
8b918544: shows [Ah Th] (Ace-High)
b8ee637f: shows [Kh Qs] (Pair of Kings)
*** RIVER *** [4s Ks 9h Jh] [Kc]
*** SHOWDOWN ***
b8ee637f collected $19.54 from pot
*** SUMMARY ***
Total pot $20.64 | Rake $1 | Jackpot $0.1 | Bingo $0 | Fortune $0 | Tax $0
Board [4s Ks 9h Jh Kc]
Seat 1: 11eaf19a folded before Flop (didn't bet)
Seat 2: Hero folded before Flop (didn't bet)
Seat 3: 8b918544 (button) showed [Ah Th] and lost with Pair of Kings
Seat 4: b8ee637f (small blind) showed [Kh Qs] and won ($19.54) with Three Kings
Seat 5: bb1ef961 (big blind) folded before Flop
Seat 6: 929bfd22 folded before Flop (didn't bet)


Poker Hand #HD1755890815: Hold'em No Limit ($0.05/$0.1) - 2024/05/02 20:10:34
Table 'NLHRed13' 6-max Seat #2 is the button
Seat 1: 11eaf19a ($10.15 in chips)
Seat 2: Hero ($11.19 in chips)
Seat 3: 8b918544 ($10 in chips)
Seat 4: b8ee637f ($40.06 in chips)
Seat 5: bb1ef961 ($15.15 in chips)
Seat 6: 929bfd22 ($3.71 in chips)
8b918544: posts small blind $0.05
b8ee637f: posts big blind $0.1
*** HOLE CARDS ***
Dealt to 11eaf19a 
Dealt to Hero [5h 8s]
Dealt to 8b918544 
Dealt to b8ee637f 
Dealt to bb1ef961 
Dealt to 929bfd22 
bb1ef961: folds
929bfd22: folds
11eaf19a: folds
Hero: folds
8b918544: raises $0.2 to $0.3
b8ee637f: calls $0.2
*** FLOP *** [Ks 7d Jc]
8b918544: checks
b8ee637f: checks
*** TURN *** [Ks 7d Jc] [9d]
8b918544: bets $0.9
b8ee637f: folds
Uncalled bet ($0.9) returned to 8b918544
*** SHOWDOWN ***
8b918544 collected $0.57 from pot
*** SUMMARY ***
Total pot $0.6 | Rake $0.03 | Jackpot $0 | Bingo $0 | Fortune $0 | Tax $0
Board [Ks 7d Jc 9d]
Seat 1: 11eaf19a folded before Flop (didn't bet)
Seat 2: Hero (button) folded before Flop (didn't bet)
Seat 3: 8b918544 (small blind) won ($0.57)
Seat 4: b8ee637f (big blind) folded on the Turn
Seat 5: bb1ef961 folded before Flop (didn't bet)
Seat 6: 929bfd22 folded before Flop (didn't bet)


Poker Hand #HD1755890762: Hold'em No Limit ($0.05/$0.1) - 2024/05/02 20:10:14
Table 'NLHRed13' 6-max Seat #1 is the button
Seat 1: 11eaf19a ($10 in chips)
Seat 2: Hero ($11.24 in chips)
Seat 3: 8b918544 ($10 in chips)
Seat 4: b8ee637f ($40.06 in chips)
Seat 5: bb1ef961 ($15.15 in chips)
Seat 6: 929bfd22 ($3.71 in chips)
Hero: posts small blind $0.05
8b918544: posts big blind $0.1
*** HOLE CARDS ***
Dealt to 11eaf19a 
Dealt to Hero [9c 3c]
Dealt to 8b918544 
Dealt to b8ee637f 
Dealt to bb1ef961 
Dealt to 929bfd22 
b8ee637f: folds
bb1ef961: folds
929bfd22: folds
11eaf19a: raises $0.2 to $0.3
Hero: folds
8b918544: folds
Uncalled bet ($0.2) returned to 11eaf19a
*** SHOWDOWN ***
11eaf19a collected $0.25 from pot
*** SUMMARY ***
Total pot $0.25 | Rake $0 | Jackpot $0 | Bingo $0 | Fortune $0 | Tax $0
Seat 1: 11eaf19a (button) collected ($0.25)
Seat 2: Hero (small blind) folded before Flop
Seat 3: 8b918544 (big blind) folded before Flop
Seat 4: b8ee637f folded before Flop (didn't bet)
Seat 5: bb1ef961 folded before Flop (didn't bet)
Seat 6: 929bfd22 folded before Flop (didn't bet)


Poker Hand #HD1755890668: Hold'em No Limit ($0.05/$0.1) - 2024/05/02 20:09:35
Table 'NLHRed13' 6-max Seat #6 is the button
Seat 1: 11eaf19a ($10 in chips)
Seat 2: Hero ($11.34 in chips)
Seat 4: b8ee637f ($40.06 in chips)
Seat 5: bb1ef961 ($14.58 in chips)
Seat 6: 929bfd22 ($4.18 in chips)
11eaf19a: posts small blind $0.05
Hero: posts big blind $0.1
*** HOLE CARDS ***
Dealt to 11eaf19a 
Dealt to Hero [3d 7h]
Dealt to b8ee637f 
Dealt to bb1ef961 
Dealt to 929bfd22 
b8ee637f: folds
bb1ef961: raises $0.15 to $0.25
929bfd22: calls $0.25
11eaf19a: folds
Hero: folds
*** FLOP *** [4d Js 3c]
bb1ef961: bets $0.22
929bfd22: calls $0.22
*** TURN *** [4d Js 3c] [Ad]
bb1ef961: bets $0.84
929bfd22: folds
Uncalled bet ($0.84) returned to bb1ef961
*** SHOWDOWN ***
bb1ef961 collected $1.04 from pot
*** SUMMARY ***
Total pot $1.09 | Rake $0.05 | Jackpot $0 | Bingo $0 | Fortune $0 | Tax $0
Board [4d Js 3c Ad]
Seat 1: 11eaf19a (small blind) folded before Flop
Seat 2: Hero (big blind) folded before Flop
Seat 4: b8ee637f folded before Flop (didn't bet)
Seat 5: bb1ef961 won ($1.04)
Seat 6: 929bfd22 (button) folded on the Turn


Poker Hand #HD1755890543: Hold'em No Limit ($0.05/$0.1) - 2024/05/02 20:08:45
Table 'NLHRed13' 6-max Seat #5 is the button
Seat 1: 11eaf19a ($10 in chips)
Seat 2: Hero ($10.1 in chips)
Seat 4: b8ee637f ($40.06 in chips)
Seat 5: bb1ef961 ($14.58 in chips)
Seat 6: 929bfd22 ($5.45 in chips)
929bfd22: posts small blind $0.05
11eaf19a: posts big blind $0.1
*** HOLE CARDS ***
Dealt to 11eaf19a 
Dealt to Hero [Kd Ks]
Dealt to b8ee637f 
Dealt to bb1ef961 
Dealt to 929bfd22 
Hero: raises $0.1 to $0.2
b8ee637f: folds
bb1ef961: folds
929bfd22: calls $0.15
11eaf19a: folds
*** FLOP *** [Kc 8h 6s]
929bfd22: checks
Hero: checks
*** TURN *** [Kc 8h 6s] [5h]
929bfd22: bets $0.3
Hero: raises $0.77 to $1.07
929bfd22: calls $0.77
*** RIVER *** [Kc 8h 6s 5h] [Ac]
929bfd22: checks
Hero: bets $1.75
929bfd22: folds
Uncalled bet ($1.75) returned to Hero
*** SHOWDOWN ***
Hero collected $2.51 from pot
*** SUMMARY ***
Total pot $2.64 | Rake $0.13 | Jackpot $0 | Bingo $0 | Fortune $0 | Tax $0
Board [Kc 8h 6s 5h Ac]
Seat 1: 11eaf19a (big blind) folded before Flop
Seat 2: Hero won ($2.51)
Seat 4: b8ee637f folded before Flop (didn't bet)
Seat 5: bb1ef961 (button) folded before Flop (didn't bet)
Seat 6: 929bfd22 (small blind) folded on the River


Poker Hand #HD1755890341: Hold'em No Limit ($0.05/$0.1) - 2024/05/02 20:07:21
Table 'NLHRed13' 6-max Seat #4 is the button
Seat 1: 11eaf19a ($10 in chips)
Seat 2: Hero ($10.1 in chips)
Seat 3: df9cd5bc ($5.08 in chips)
Seat 4: b8ee637f ($40.06 in chips)
Seat 5: bb1ef961 ($10 in chips)
Seat 6: 929bfd22 ($5.55 in chips)
bb1ef961: posts small blind $0.05
929bfd22: posts big blind $0.1
*** HOLE CARDS ***
Dealt to 11eaf19a 
Dealt to Hero [3h 3d]
Dealt to df9cd5bc 
Dealt to b8ee637f 
Dealt to bb1ef961 
Dealt to 929bfd22 
11eaf19a: folds
Hero: folds
df9cd5bc: raises $0.1 to $0.2
b8ee637f: folds
bb1ef961: raises $0.7 to $0.9
929bfd22: folds
df9cd5bc: calls $0.7
*** FLOP *** [Kd 2c 9h]
bb1ef961: checks
df9cd5bc: bets $0.63
bb1ef961: calls $0.63
*** TURN *** [Kd 2c 9h] [4h]
bb1ef961: checks
df9cd5bc: bets $1.58
bb1ef961: raises $4.27 to $5.85
df9cd5bc: calls $1.97 and is all-in
Uncalled bet ($2.3) returned to bb1ef961
bb1ef961: shows [Ad As] (Pair of Aces)
df9cd5bc: shows [6h 5h] (King-High)
*** RIVER *** [Kd 2c 9h 4h] [6c]
*** SHOWDOWN ***
bb1ef961 collected $9.66 from pot
*** SUMMARY ***
Total pot $10.26 | Rake $0.5 | Jackpot $0.1 | Bingo $0 | Fortune $0 | Tax $0
Board [Kd 2c 9h 4h 6c]
Seat 1: 11eaf19a folded before Flop (didn't bet)
Seat 2: Hero folded before Flop (didn't bet)
Seat 3: df9cd5bc showed [6h 5h] and lost with Pair of Sixes
Seat 4: b8ee637f (button) folded before Flop (didn't bet)
Seat 5: bb1ef961 (small blind) showed [Ad As] and won ($9.66) with Pair of Aces
Seat 6: 929bfd22 (big blind) folded before Flop


Poker Hand #HD1755890306: Hold'em No Limit ($0.05/$0.1) - 2024/05/02 20:07:07
Table 'NLHRed13' 6-max Seat #3 is the button
Seat 1: 11eaf19a ($10 in chips)
Seat 2: Hero ($10.1 in chips)
Seat 3: df9cd5bc ($4.93 in chips)
Seat 4: b8ee637f ($40.11 in chips)
Seat 5: bb1ef961 ($10 in chips)
Seat 6: 929bfd22 ($5.55 in chips)
b8ee637f: posts small blind $0.05
bb1ef961: posts big blind $0.1
*** HOLE CARDS ***
Dealt to 11eaf19a 
Dealt to Hero [2s 5s]
Dealt to df9cd5bc 
Dealt to b8ee637f 
Dealt to bb1ef961 
Dealt to 929bfd22 
929bfd22: folds
11eaf19a: folds
Hero: folds
df9cd5bc: raises $0.1 to $0.2
b8ee637f: folds
bb1ef961: folds
Uncalled bet ($0.1) returned to df9cd5bc
*** SHOWDOWN ***
df9cd5bc collected $0.25 from pot
*** SUMMARY ***
Total pot $0.25 | Rake $0 | Jackpot $0 | Bingo $0 | Fortune $0 | Tax $0
Seat 1: 11eaf19a folded before Flop (didn't bet)
Seat 2: Hero folded before Flop (didn't bet)
Seat 3: df9cd5bc (button) collected ($0.25)
Seat 4: b8ee637f (small blind) folded before Flop
Seat 5: bb1ef961 (big blind) folded before Flop
Seat 6: 929bfd22 folded before Flop (didn't bet)


Poker Hand #HD1755890142: Hold'em No Limit ($0.05/$0.1) - 2024/05/02 20:06:02
Table 'NLHRed13' 6-max Seat #2 is the button
Seat 1: 11eaf19a ($10 in chips)
Seat 2: Hero ($10.1 in chips)
Seat 3: df9cd5bc ($3.76 in chips)
Seat 4: b8ee637f ($40.41 in chips)
Seat 6: 929bfd22 ($6.53 in chips)
df9cd5bc: posts small blind $0.05
b8ee637f: posts big blind $0.1
*** HOLE CARDS ***
Dealt to 11eaf19a 
Dealt to Hero [9d 8c]
Dealt to df9cd5bc 
Dealt to b8ee637f 
Dealt to 929bfd22 
929bfd22: raises $0.2 to $0.3
11eaf19a: folds
Hero: folds
df9cd5bc: calls $0.25
b8ee637f: calls $0.2
*** FLOP *** [6c 6d 6h]
df9cd5bc: checks
b8ee637f: checks
929bfd22: bets $0.68
df9cd5bc: calls $0.68
b8ee637f: folds
*** TURN *** [6c 6d 6h] [Ks]
df9cd5bc: checks
929bfd22: checks
*** RIVER *** [6c 6d 6h Ks] [Tc]
df9cd5bc: bets $2.78 and is all-in
929bfd22: folds
Uncalled bet ($2.78) returned to df9cd5bc
*** SHOWDOWN ***
df9cd5bc collected $2.15 from pot
*** SUMMARY ***
Total pot $2.26 | Rake $0.11 | Jackpot $0 | Bingo $0 | Fortune $0 | Tax $0
Board [6c 6d 6h Ks Tc]
Seat 1: 11eaf19a folded before Flop (didn't bet)
Seat 2: Hero (button) folded before Flop (didn't bet)
Seat 3: df9cd5bc (small blind) won ($2.15)
Seat 4: b8ee637f (big blind) folded on the Flop
Seat 6: 929bfd22 folded on the River


Poker Hand #HD1755890089: Hold'em No Limit ($0.05/$0.1) - 2024/05/02 20:05:44
Table 'NLHRed13' 6-max Seat #1 is the button
Seat 1: 11eaf19a ($10 in chips)
Seat 2: Hero ($10 in chips)
Seat 3: df9cd5bc ($3.86 in chips)
Seat 4: b8ee637f ($40.41 in chips)
Seat 6: 929bfd22 ($6.53 in chips)
Hero: posts small blind $0.05
df9cd5bc: posts big blind $0.1
*** HOLE CARDS ***
Dealt to 11eaf19a 
Dealt to Hero [Kd 9c]
Dealt to df9cd5bc 
Dealt to b8ee637f 
Dealt to 929bfd22 
b8ee637f: folds
929bfd22: folds
11eaf19a: folds
Hero: raises $0.2 to $0.3
df9cd5bc: folds
Uncalled bet ($0.2) returned to Hero
*** SHOWDOWN ***
Hero collected $0.2 from pot
*** SUMMARY ***
Total pot $0.2 | Rake $0 | Jackpot $0 | Bingo $0 | Fortune $0 | Tax $0
Seat 1: 11eaf19a (button) folded before Flop (didn't bet)
Seat 2: Hero (small blind) collected ($0.2)
Seat 3: df9cd5bc (big blind) folded before Flop
Seat 4: b8ee637f folded before Flop (didn't bet)
Seat 6: 929bfd22 folded before Flop (didn't bet)


Poker Hand #HD1755889993: Hold'em No Limit ($0.05/$0.1) - 2024/05/02 20:05:05
Table 'NLHRed13' 6-max Seat #6 is the button
Seat 1: 11eaf19a ($10.02 in chips)
Seat 2: Hero ($10 in chips)
Seat 3: df9cd5bc ($3.04 in chips)
Seat 4: b8ee637f ($40.41 in chips)
Seat 6: 929bfd22 ($6.53 in chips)
11eaf19a: posts small blind $0.05
Hero: posts big blind $0.1
*** HOLE CARDS ***
Dealt to 11eaf19a 
Dealt to Hero [8c 9s]
Dealt to df9cd5bc 
Dealt to b8ee637f 
Dealt to 929bfd22 
df9cd5bc: calls $0.1
b8ee637f: folds
929bfd22: folds
11eaf19a: folds
Hero: checks
*** FLOP *** [7c 6c As]
Hero: checks
df9cd5bc: bets $0.25
Hero: raises $0.5 to $0.75
df9cd5bc: raises $2.19 to $2.94 and is all-in
Hero: folds
Uncalled bet ($2.19) returned to df9cd5bc
*** SHOWDOWN ***
df9cd5bc collected $1.67 from pot
*** SUMMARY ***
Total pot $1.75 | Rake $0.08 | Jackpot $0 | Bingo $0 | Fortune $0 | Tax $0
Board [7c 6c As]
Seat 1: 11eaf19a (small blind) folded before Flop
Seat 2: Hero (big blind) folded on the Flop
Seat 3: df9cd5bc won ($1.67)
Seat 4: b8ee637f folded before Flop (didn't bet)
Seat 6: 929bfd22 (button) folded before Flop (didn't bet)


Poker Hand #HD1755889669: Hold'em No Limit ($0.05/$0.1) - 2024/05/02 20:03:05
Table 'NLHRed13' 6-max Seat #4 is the button
Seat 1: 11eaf19a ($10.02 in chips)
Seat 2: Hero ($10 in chips)
Seat 3: df9cd5bc ($3.94 in chips)
Seat 4: b8ee637f ($36.13 in chips)
Seat 5: 8be4a0a6 ($3.12 in chips)
Seat 6: 929bfd22 ($9.43 in chips)
8be4a0a6: posts small blind $0.05
929bfd22: posts big blind $0.1
*** HOLE CARDS ***
Dealt to 11eaf19a 
Dealt to Hero [Td Tc]
Dealt to df9cd5bc 
Dealt to b8ee637f 
Dealt to 8be4a0a6 
Dealt to 929bfd22 
11eaf19a: folds
Hero: raises $0.1 to $0.2
df9cd5bc: calls $0.2
b8ee637f: raises $0.7 to $0.9
8be4a0a6: folds
929bfd22: calls $0.8
Hero: calls $0.7
df9cd5bc: calls $0.7
*** FLOP *** [8c Qh 3s]
929bfd22: checks
Hero: checks
df9cd5bc: checks
b8ee637f: checks
*** TURN *** [8c Qh 3s] [4s]
929bfd22: bets $2
Hero: folds
df9cd5bc: folds
b8ee637f: calls $2
*** RIVER *** [8c Qh 3s 4s] [7s]
929bfd22: checks
b8ee637f: bets $33.23 and is all-in
929bfd22: folds
Uncalled bet ($33.23) returned to b8ee637f
*** SHOWDOWN ***
b8ee637f collected $7.18 from pot
*** SUMMARY ***
Total pot $7.65 | Rake $0.37 | Jackpot $0.1 | Bingo $0 | Fortune $0 | Tax $0
Board [8c Qh 3s 4s 7s]
Seat 1: 11eaf19a folded before Flop (didn't bet)
Seat 2: Hero folded on the Turn
Seat 3: df9cd5bc folded on the Turn
Seat 4: b8ee637f (button) won ($7.18)
Seat 5: 8be4a0a6 (small blind) folded before Flop
Seat 6: 929bfd22 (big blind) folded on the River


Poker Hand #HD1755889588: Hold'em No Limit ($0.05/$0.1) - 2024/05/02 20:02:31
Table 'NLHRed13' 6-max Seat #3 is the button
Seat 1: 11eaf19a ($10.32 in chips)
Seat 2: Hero ($10 in chips)
Seat 3: df9cd5bc ($3.52 in chips)
Seat 4: b8ee637f ($36.18 in chips)
Seat 5: 8be4a0a6 ($3.22 in chips)
Seat 6: 929bfd22 ($9.43 in chips)
b8ee637f: posts small blind $0.05
8be4a0a6: posts big blind $0.1
*** HOLE CARDS ***
Dealt to 11eaf19a 
Dealt to Hero [5c 4h]
Dealt to df9cd5bc 
Dealt to b8ee637f 
Dealt to 8be4a0a6 
Dealt to 929bfd22 
929bfd22: folds
11eaf19a: raises $0.2 to $0.3
Hero: folds
df9cd5bc: calls $0.3
b8ee637f: folds
8be4a0a6: folds
*** FLOP *** [2s Jd 2h]
11eaf19a: checks
df9cd5bc: checks
*** TURN *** [2s Jd 2h] [Tc]
11eaf19a: checks
df9cd5bc: bets $0.57
11eaf19a: folds
Uncalled bet ($0.57) returned to df9cd5bc
*** SHOWDOWN ***
df9cd5bc collected $0.72 from pot
*** SUMMARY ***
Total pot $0.75 | Rake $0.03 | Jackpot $0 | Bingo $0 | Fortune $0 | Tax $0
Board [2s Jd 2h Tc]
Seat 1: 11eaf19a folded on the Turn
Seat 2: Hero folded before Flop (didn't bet)
Seat 3: df9cd5bc (button) won ($0.72)
Seat 4: b8ee637f (small blind) folded before Flop
Seat 5: 8be4a0a6 (big blind) folded before Flop
Seat 6: 929bfd22 folded before Flop (didn't bet)


Poker Hand #HD1755889545: Hold'em No Limit ($0.05/$0.1) - 2024/05/02 20:02:11
Table 'NLHRed13' 6-max Seat #2 is the button
Seat 1: 11eaf19a ($10.32 in chips)
Seat 2: Hero ($10.03 in chips)
Seat 3: df9cd5bc ($3.2 in chips)
Seat 4: b8ee637f ($36.28 in chips)
Seat 5: 8be4a0a6 ($3.22 in chips)
Seat 6: 929bfd22 ($9.43 in chips)
df9cd5bc: posts small blind $0.05
b8ee637f: posts big blind $0.1
*** HOLE CARDS ***
Dealt to 11eaf19a 
Dealt to Hero [4h 4c]
Dealt to df9cd5bc 
Dealt to b8ee637f 
Dealt to 8be4a0a6 
Dealt to 929bfd22 
8be4a0a6: folds
929bfd22: folds
11eaf19a: folds
Hero: raises $0.14 to $0.24
df9cd5bc: raises $2.96 to $3.2 and is all-in
b8ee637f: folds
Hero: folds
Uncalled bet ($2.96) returned to df9cd5bc
*** SHOWDOWN ***
df9cd5bc collected $0.56 from pot
*** SUMMARY ***
Total pot $0.58 | Rake $0.02 | Jackpot $0 | Bingo $0 | Fortune $0 | Tax $0
Seat 1: 11eaf19a folded before Flop (didn't bet)
Seat 2: Hero (button) folded before Flop
Seat 3: df9cd5bc (small blind) collected ($0.56)
Seat 4: b8ee637f (big blind) folded before Flop
Seat 5: 8be4a0a6 folded before Flop (didn't bet)
Seat 6: 929bfd22 folded before Flop (didn't bet)


Poker Hand #HD1755889477: Hold'em No Limit ($0.05/$0.1) - 2024/05/02 20:01:44
Table 'NLHRed13' 6-max Seat #1 is the button
Seat 1: 11eaf19a ($10 in chips)
Seat 2: Hero ($10.08 in chips)
Seat 3: df9cd5bc ($3.5 in chips)
Seat 4: b8ee637f ($36.28 in chips)
Seat 5: 8be4a0a6 ($3.22 in chips)
Seat 6: 929bfd22 ($9.43 in chips)
Hero: posts small blind $0.05
df9cd5bc: posts big blind $0.1
*** HOLE CARDS ***
Dealt to 11eaf19a 
Dealt to Hero [9c Kh]
Dealt to df9cd5bc 
Dealt to b8ee637f 
Dealt to 8be4a0a6 
Dealt to 929bfd22 
b8ee637f: folds
8be4a0a6: folds
929bfd22: folds
11eaf19a: raises $0.2 to $0.3
Hero: folds
df9cd5bc: calls $0.2
*** FLOP *** [6c Qd 5h]
df9cd5bc: checks
11eaf19a: bets $0.33
df9cd5bc: folds
Uncalled bet ($0.33) returned to 11eaf19a
*** SHOWDOWN ***
11eaf19a collected $0.62 from pot
*** SUMMARY ***
Total pot $0.65 | Rake $0.03 | Jackpot $0 | Bingo $0 | Fortune $0 | Tax $0
Board [6c Qd 5h]
Seat 1: 11eaf19a (button) won ($0.62)
Seat 2: Hero (small blind) folded before Flop
Seat 3: df9cd5bc (big blind) folded on the Flop
Seat 4: b8ee637f folded before Flop (didn't bet)
Seat 5: 8be4a0a6 folded before Flop (didn't bet)
Seat 6: 929bfd22 folded before Flop (didn't bet)


Poker Hand #HD1755889358: Hold'em No Limit ($0.05/$0.1) - 2024/05/02 20:00:58
Table 'NLHRed13' 6-max Seat #6 is the button
Seat 1: 11eaf19a ($10 in chips)
Seat 2: Hero ($10.18 in chips)
Seat 3: df9cd5bc ($3.7 in chips)
Seat 4: b8ee637f ($36.28 in chips)
Seat 5: 8be4a0a6 ($1.57 in chips)
Seat 6: 929bfd22 ($11 in chips)
11eaf19a: posts small blind $0.05
Hero: posts big blind $0.1
*** HOLE CARDS ***
Dealt to 11eaf19a 
Dealt to Hero [4h 9c]
Dealt to df9cd5bc 
Dealt to b8ee637f 
Dealt to 8be4a0a6 
Dealt to 929bfd22 
df9cd5bc: raises $0.1 to $0.2
b8ee637f: folds
8be4a0a6: raises $1.37 to $1.57 and is all-in
929bfd22: calls $1.57
11eaf19a: folds
Hero: folds
df9cd5bc: folds
8be4a0a6: shows [6d 6c]
929bfd22: shows [Kd Qh]
*** FLOP *** [7c 2s 8h]
*** TURN *** [7c 2s 8h] [5c]
*** RIVER *** [7c 2s 8h 5c] [Jc]
*** SHOWDOWN ***
8be4a0a6 collected $3.22 from pot
*** SUMMARY ***
Total pot $3.49 | Rake $0.17 | Jackpot $0.1 | Bingo $0 | Fortune $0 | Tax $0
Board [7c 2s 8h 5c Jc]
Seat 1: 11eaf19a (small blind) folded before Flop
Seat 2: Hero (big blind) folded before Flop
Seat 3: df9cd5bc folded before Flop
Seat 4: b8ee637f folded before Flop (didn't bet)
Seat 5: 8be4a0a6 showed [6d 6c] and won ($3.22) with Pair of Sixes
Seat 6: 929bfd22 (button) showed [Kd Qh] and lost with King-High


Poker Hand #HD1755889247: Hold'em No Limit ($0.05/$0.1) - 2024/05/02 20:00:19
Table 'NLHRed13' 6-max Seat #5 is the button
Seat 1: 11eaf19a ($10 in chips)
Seat 2: Hero ($10.18 in chips)
Seat 3: df9cd5bc ($3.7 in chips)
Seat 4: b8ee637f ($36.28 in chips)
Seat 5: 8be4a0a6 ($1.77 in chips)
Seat 6: 929bfd22 ($10.72 in chips)
929bfd22: posts small blind $0.05
11eaf19a: posts big blind $0.1
*** HOLE CARDS ***
Dealt to 11eaf19a 
Dealt to Hero [Qc 6h]
Dealt to df9cd5bc 
Dealt to b8ee637f 
Dealt to 8be4a0a6 
Dealt to 929bfd22 
Hero: folds
df9cd5bc: folds
b8ee637f: folds
8be4a0a6: raises $0.1 to $0.2
929bfd22: raises $0.38 to $0.58
11eaf19a: folds
8be4a0a6: folds
Uncalled bet ($0.38) returned to 929bfd22
*** SHOWDOWN ***
929bfd22 collected $0.48 from pot
*** SUMMARY ***
Total pot $0.5 | Rake $0.02 | Jackpot $0 | Bingo $0 | Fortune $0 | Tax $0
Seat 1: 11eaf19a (big blind) folded before Flop
Seat 2: Hero folded before Flop (didn't bet)
Seat 3: df9cd5bc folded before Flop (didn't bet)
Seat 4: b8ee637f folded before Flop (didn't bet)
Seat 5: 8be4a0a6 (button) folded before Flop
Seat 6: 929bfd22 (small blind) collected ($0.48)


Poker Hand #HD1755889163: Hold'em No Limit ($0.05/$0.1) - 2024/05/02 19:59:52
Table 'NLHRed13' 6-max Seat #4 is the button
Seat 1: 11eaf19a ($10 in chips)
Seat 2: Hero ($10.18 in chips)
Seat 3: df9cd5bc ($3.7 in chips)
Seat 4: b8ee637f ($36.28 in chips)
Seat 5: 8be4a0a6 ($1.67 in chips)
Seat 6: 929bfd22 ($10.82 in chips)
8be4a0a6: posts small blind $0.05
929bfd22: posts big blind $0.1
*** HOLE CARDS ***
Dealt to 11eaf19a 
Dealt to Hero [Qs 6d]
Dealt to df9cd5bc 
Dealt to b8ee637f 
Dealt to 8be4a0a6 
Dealt to 929bfd22 
11eaf19a: folds
Hero: folds
df9cd5bc: folds
b8ee637f: folds
8be4a0a6: raises $0.2 to $0.3
929bfd22: folds
Uncalled bet ($0.2) returned to 8be4a0a6
*** SHOWDOWN ***
8be4a0a6 collected $0.2 from pot
*** SUMMARY ***
Total pot $0.2 | Rake $0 | Jackpot $0 | Bingo $0 | Fortune $0 | Tax $0
Seat 1: 11eaf19a folded before Flop (didn't bet)
Seat 2: Hero folded before Flop (didn't bet)
Seat 3: df9cd5bc folded before Flop (didn't bet)
Seat 4: b8ee637f (button) folded before Flop (didn't bet)
Seat 5: 8be4a0a6 (small blind) collected ($0.2)
Seat 6: 929bfd22 (big blind) folded before Flop


Poker Hand #HD1755889104: Hold'em No Limit ($0.05/$0.1) - 2024/05/02 19:59:29
Table 'NLHRed13' 6-max Seat #3 is the button
Seat 1: 11eaf19a ($10 in chips)
Seat 2: Hero ($10.18 in chips)
Seat 3: df9cd5bc ($3.55 in chips)
Seat 4: b8ee637f ($36.33 in chips)
Seat 5: 8be4a0a6 ($1.77 in chips)
Seat 6: 929bfd22 ($10.82 in chips)
b8ee637f: posts small blind $0.05
8be4a0a6: posts big blind $0.1
*** HOLE CARDS ***
Dealt to 11eaf19a 
Dealt to Hero [4s Js]
Dealt to df9cd5bc 
Dealt to b8ee637f 
Dealt to 8be4a0a6 
Dealt to 929bfd22 
929bfd22: folds
11eaf19a: folds
Hero: folds
df9cd5bc: raises $0.25 to $0.35
b8ee637f: folds
8be4a0a6: folds
Uncalled bet ($0.25) returned to df9cd5bc
*** SHOWDOWN ***
df9cd5bc collected $0.25 from pot
*** SUMMARY ***
Total pot $0.25 | Rake $0 | Jackpot $0 | Bingo $0 | Fortune $0 | Tax $0
Seat 1: 11eaf19a folded before Flop (didn't bet)
Seat 2: Hero folded before Flop (didn't bet)
Seat 3: df9cd5bc (button) collected ($0.25)
Seat 4: b8ee637f (small blind) folded before Flop
Seat 5: 8be4a0a6 (big blind) folded before Flop
Seat 6: 929bfd22 folded before Flop (didn't bet)


Poker Hand #HD1755888980: Hold'em No Limit ($0.05/$0.1) - 2024/05/02 19:58:43
Table 'NLHRed13' 6-max Seat #2 is the button
Seat 1: 11eaf19a ($10 in chips)
Seat 2: Hero ($10.18 in chips)
Seat 3: df9cd5bc ($3.05 in chips)
Seat 4: b8ee637f ($36.43 in chips)
Seat 5: 8be4a0a6 ($2.22 in chips)
Seat 6: 929bfd22 ($10.82 in chips)
df9cd5bc: posts small blind $0.05
b8ee637f: posts big blind $0.1
*** HOLE CARDS ***
Dealt to 11eaf19a 
Dealt to Hero [Td 4h]
Dealt to df9cd5bc 
Dealt to b8ee637f 
Dealt to 8be4a0a6 
Dealt to 929bfd22 
8be4a0a6: raises $0.1 to $0.2
929bfd22: folds
11eaf19a: folds
Hero: folds
df9cd5bc: calls $0.15
b8ee637f: folds
*** FLOP *** [6s 6d 7d]
df9cd5bc: checks
8be4a0a6: bets $0.25
df9cd5bc: calls $0.25
*** TURN *** [6s 6d 7d] [5s]
df9cd5bc: checks
8be4a0a6: checks
*** RIVER *** [6s 6d 7d 5s] [2h]
df9cd5bc: bets $0.33
8be4a0a6: folds
Uncalled bet ($0.33) returned to df9cd5bc
*** SHOWDOWN ***
df9cd5bc collected $0.95 from pot
*** SUMMARY ***
Total pot $1 | Rake $0.05 | Jackpot $0 | Bingo $0 | Fortune $0 | Tax $0
Board [6s 6d 7d 5s 2h]
Seat 1: 11eaf19a folded before Flop (didn't bet)
Seat 2: Hero (button) folded before Flop (didn't bet)
Seat 3: df9cd5bc (small blind) won ($0.95)
Seat 4: b8ee637f (big blind) folded before Flop
Seat 5: 8be4a0a6 folded on the River
Seat 6: 929bfd22 folded before Flop (didn't bet)


Poker Hand #HD1755888950: Hold'em No Limit ($0.05/$0.1) - 2024/05/02 19:58:32
Table 'NLHRed13' 6-max Seat #1 is the button
Seat 1: 11eaf19a ($10 in chips)
Seat 2: Hero ($10.23 in chips)
Seat 3: df9cd5bc ($3 in chips)
Seat 4: b8ee637f ($36.43 in chips)
Seat 5: 8be4a0a6 ($2.22 in chips)
Seat 6: 929bfd22 ($10.82 in chips)
Hero: posts small blind $0.05
df9cd5bc: posts big blind $0.1
*** HOLE CARDS ***
Dealt to 11eaf19a 
Dealt to Hero [8s 7h]
Dealt to df9cd5bc 
Dealt to b8ee637f 
Dealt to 8be4a0a6 
Dealt to 929bfd22 
b8ee637f: folds
8be4a0a6: folds
929bfd22: folds
11eaf19a: folds
Hero: folds
Uncalled bet ($0.05) returned to df9cd5bc
*** SHOWDOWN ***
df9cd5bc collected $0.1 from pot
*** SUMMARY ***
Total pot $0.1 | Rake $0 | Jackpot $0 | Bingo $0 | Fortune $0 | Tax $0
Seat 1: 11eaf19a (button) folded before Flop (didn't bet)
Seat 2: Hero (small blind) folded before Flop
Seat 3: df9cd5bc (big blind) collected ($0.1)
Seat 4: b8ee637f folded before Flop (didn't bet)
Seat 5: 8be4a0a6 folded before Flop (didn't bet)
Seat 6: 929bfd22 folded before Flop (didn't bet)


Poker Hand #HD1755888868: Hold'em No Limit ($0.05/$0.1) - 2024/05/02 19:58:03
Table 'NLHRed13' 6-max Seat #6 is the button
Seat 1: 11eaf19a ($10 in chips)
Seat 2: Hero ($10 in chips)
Seat 4: b8ee637f ($36.63 in chips)
Seat 5: 8be4a0a6 ($2.22 in chips)
Seat 6: 929bfd22 ($10.82 in chips)
11eaf19a: posts small blind $0.05
Hero: posts big blind $0.1
*** HOLE CARDS ***
Dealt to 11eaf19a 
Dealt to Hero [As 6s]
Dealt to b8ee637f 
Dealt to 8be4a0a6 
Dealt to 929bfd22 
b8ee637f: raises $0.1 to $0.2
8be4a0a6: folds
929bfd22: folds
11eaf19a: folds
Hero: calls $0.1
*** FLOP *** [4d 8s Jd]
Hero: checks
b8ee637f: checks
*** TURN *** [4d 8s Jd] [7s]
Hero: bets $0.3
b8ee637f: folds
Uncalled bet ($0.3) returned to Hero
*** SHOWDOWN ***
Hero collected $0.43 from pot
*** SUMMARY ***
Total pot $0.45 | Rake $0.02 | Jackpot $0 | Bingo $0 | Fortune $0 | Tax $0
Board [4d 8s Jd 7s]
Seat 1: 11eaf19a (small blind) folded before Flop
Seat 2: Hero (big blind) won ($0.43)
Seat 4: b8ee637f folded on the Turn
Seat 5: 8be4a0a6 folded before Flop (didn't bet)
Seat 6: 929bfd22 (button) folded before Flop (didn't bet)


Poker Hand #HD1755888798: Hold'em No Limit ($0.05/$0.1) - 2024/05/02 19:57:39
Table 'NLHRed13' 6-max Seat #5 is the button
Seat 1: 11eaf19a ($10 in chips)
Seat 2: Hero ($10 in chips)
Seat 3: f2bbccea ($1.42 in chips)
Seat 4: b8ee637f ($36.63 in chips)
Seat 5: 8be4a0a6 ($2.42 in chips)
Seat 6: 929bfd22 ($10.54 in chips)
929bfd22: posts small blind $0.05
11eaf19a: posts big blind $0.1
*** HOLE CARDS ***
Dealt to 11eaf19a 
Dealt to Hero [Ks 3d]
Dealt to f2bbccea 
Dealt to b8ee637f 
Dealt to 8be4a0a6 
Dealt to 929bfd22 
Hero: folds
f2bbccea: folds
b8ee637f: folds
8be4a0a6: raises $0.1 to $0.2
929bfd22: raises $0.5 to $0.7
11eaf19a: folds
8be4a0a6: folds
Uncalled bet ($0.5) returned to 929bfd22
*** SHOWDOWN ***
929bfd22 collected $0.48 from pot
*** SUMMARY ***
Total pot $0.5 | Rake $0.02 | Jackpot $0 | Bingo $0 | Fortune $0 | Tax $0
Seat 1: 11eaf19a (big blind) folded before Flop
Seat 2: Hero folded before Flop (didn't bet)
Seat 3: f2bbccea folded before Flop (didn't bet)
Seat 4: b8ee637f folded before Flop (didn't bet)
Seat 5: 8be4a0a6 (button) folded before Flop
Seat 6: 929bfd22 (small blind) collected ($0.48)


Poker Hand #HD1755888724: Hold'em No Limit ($0.05/$0.1) - 2024/05/02 19:57:12
Table 'NLHRed13' 6-max Seat #4 is the button
Seat 1: 51730d26 ($9.74 in chips)
Seat 2: Hero ($10 in chips)
Seat 3: f2bbccea ($1.42 in chips)
Seat 4: b8ee637f ($36.48 in chips)
Seat 5: 8be4a0a6 ($2.47 in chips)
Seat 6: 929bfd22 ($10.64 in chips)
8be4a0a6: posts small blind $0.05
929bfd22: posts big blind $0.1
*** HOLE CARDS ***
Dealt to 51730d26 
Dealt to Hero [5h Ac]
Dealt to f2bbccea 
Dealt to b8ee637f 
Dealt to 8be4a0a6 
Dealt to 929bfd22 
51730d26: folds
Hero: folds
f2bbccea: folds
b8ee637f: raises $0.1 to $0.2
8be4a0a6: folds
929bfd22: folds
Uncalled bet ($0.1) returned to b8ee637f
*** SHOWDOWN ***
b8ee637f collected $0.25 from pot
*** SUMMARY ***
Total pot $0.25 | Rake $0 | Jackpot $0 | Bingo $0 | Fortune $0 | Tax $0
Seat 1: 51730d26 folded before Flop (didn't bet)
Seat 2: Hero folded before Flop (didn't bet)
Seat 3: f2bbccea folded before Flop (didn't bet)
Seat 4: b8ee637f (button) collected ($0.25)
Seat 5: 8be4a0a6 (small blind) folded before Flop
Seat 6: 929bfd22 (big blind) folded before Flop


Poker Hand #HD1755888591: Hold'em No Limit ($0.05/$0.1) - 2024/05/02 19:56:18
Table 'NLHRed13' 6-max Seat #3 is the button
Seat 1: 51730d26 ($9.74 in chips)
Seat 2: Hero ($10 in chips)
Seat 3: f2bbccea ($1.62 in chips)
Seat 4: b8ee637f ($35.57 in chips)
Seat 5: 8be4a0a6 ($3.27 in chips)
Seat 6: 929bfd22 ($10.64 in chips)
b8ee637f: posts small blind $0.05
8be4a0a6: posts big blind $0.1
*** HOLE CARDS ***
Dealt to 51730d26 
Dealt to Hero [2c 5c]
Dealt to f2bbccea 
Dealt to b8ee637f 
Dealt to 8be4a0a6 
Dealt to 929bfd22 
929bfd22: folds
51730d26: folds
Hero: folds
f2bbccea: raises $0.1 to $0.2
b8ee637f: raises $0.6 to $0.8
8be4a0a6: calls $0.7
f2bbccea: folds
*** FLOP *** [3s 8d 8h]
b8ee637f: bets $34.77 and is all-in
8be4a0a6: folds
Uncalled bet ($34.77) returned to b8ee637f
*** SHOWDOWN ***
b8ee637f collected $1.71 from pot
*** SUMMARY ***
Total pot $1.8 | Rake $0.09 | Jackpot $0 | Bingo $0 | Fortune $0 | Tax $0
Board [3s 8d 8h]
Seat 1: 51730d26 folded before Flop (didn't bet)
Seat 2: Hero folded before Flop (didn't bet)
Seat 3: f2bbccea (button) folded before Flop
Seat 4: b8ee637f (small blind) won ($1.71)
Seat 5: 8be4a0a6 (big blind) folded on the Flop
Seat 6: 929bfd22 folded before Flop (didn't bet)


Poker Hand #HD1755888487: Hold'em No Limit ($0.05/$0.1) - 2024/05/02 19:55:42
Table 'NLHRed13' 6-max Seat #2 is the button
Seat 1: 51730d26 ($9.74 in chips)
Seat 2: Hero ($10 in chips)
Seat 3: f2bbccea ($1.67 in chips)
Seat 4: b8ee637f ($35.13 in chips)
Seat 5: 8be4a0a6 ($3.7 in chips)
Seat 6: 929bfd22 ($10.64 in chips)
f2bbccea: posts small blind $0.05
b8ee637f: posts big blind $0.1
*** HOLE CARDS ***
Dealt to 51730d26 
Dealt to Hero [8s 5h]
Dealt to f2bbccea 
Dealt to b8ee637f 
Dealt to 8be4a0a6 
Dealt to 929bfd22 
8be4a0a6: raises $0.1 to $0.2
929bfd22: folds
51730d26: folds
Hero: folds
f2bbccea: folds
b8ee637f: calls $0.1
*** FLOP *** [9s Ts 4h]
b8ee637f: checks
8be4a0a6: bets $0.23
b8ee637f: calls $0.23
*** TURN *** [9s Ts 4h] [Ks]
b8ee637f: checks
8be4a0a6: checks
*** RIVER *** [9s Ts 4h Ks] [3c]
b8ee637f: checks
8be4a0a6: checks
b8ee637f: shows [Qd Tc] (Pair of Tens)
8be4a0a6: shows [Ac Js] (Ace-High)
*** SHOWDOWN ***
b8ee637f collected $0.87 from pot
*** SUMMARY ***
Total pot $0.91 | Rake $0.04 | Jackpot $0 | Bingo $0 | Fortune $0 | Tax $0
Board [9s Ts 4h Ks 3c]
Seat 1: 51730d26 folded before Flop (didn't bet)
Seat 2: Hero (button) folded before Flop (didn't bet)
Seat 3: f2bbccea (small blind) folded before Flop
Seat 4: b8ee637f (big blind) showed [Qd Tc] and won ($0.87) with Pair of Tens
Seat 5: 8be4a0a6 showed [Ac Js] and lost with Ace-High
Seat 6: 929bfd22 folded before Flop (didn't bet)


Poker Hand #HD1755888325: Hold'em No Limit ($0.05/$0.1) - 2024/05/02 19:54:34
Table 'NLHRed13' 6-max Seat #1 is the button
Seat 1: 51730d26 ($9.32 in chips)
Seat 2: Hero ($10 in chips)
Seat 3: f2bbccea ($1.87 in chips)
Seat 4: b8ee637f ($35.33 in chips)
Seat 5: 8be4a0a6 ($3.7 in chips)
Seat 6: 929bfd22 ($10.64 in chips)
Hero: posts small blind $0.05
f2bbccea: posts big blind $0.1
*** HOLE CARDS ***
Dealt to 51730d26 
Dealt to Hero [Jh 4h]
Dealt to f2bbccea 
Dealt to b8ee637f 
Dealt to 8be4a0a6 
Dealt to 929bfd22 
b8ee637f: raises $0.1 to $0.2
8be4a0a6: folds
929bfd22: folds
51730d26: calls $0.2
Hero: folds
f2bbccea: calls $0.1
*** FLOP *** [5s 8h Td]
f2bbccea: checks
b8ee637f: checks
51730d26: checks
*** TURN *** [5s 8h Td] [2h]
f2bbccea: checks
b8ee637f: checks
51730d26: checks
*** RIVER *** [5s 8h Td 2h] [3c]
f2bbccea: checks
b8ee637f: checks
51730d26: checks
f2bbccea: shows [Ac 9c] (Ace-High)
b8ee637f: shows [9d Kd] (King-High)
51730d26: shows [7c 7h] (Pair of Sevens)
*** SHOWDOWN ***
51730d26 collected $0.62 from pot
*** SUMMARY ***
Total pot $0.65 | Rake $0.03 | Jackpot $0 | Bingo $0 | Fortune $0 | Tax $0
Board [5s 8h Td 2h 3c]
Seat 1: 51730d26 (button) showed [7c 7h] and won ($0.62) with Pair of Sevens
Seat 2: Hero (small blind) folded before Flop
Seat 3: f2bbccea (big blind) showed [Ac 9c] and lost with Ace-High
Seat 4: b8ee637f showed [9d Kd] and lost with King-High
Seat 5: 8be4a0a6 folded before Flop (didn't bet)
Seat 6: 929bfd22 folded before Flop (didn't bet)


Poker Hand #HD1755888236: Hold'em No Limit ($0.05/$0.1) - 2024/05/02 19:54:06
Table 'NLHRed13' 6-max Seat #6 is the button
Seat 1: 51730d26 ($9.37 in chips)
Seat 2: Hero ($10 in chips)
Seat 3: f2bbccea ($1.87 in chips)
Seat 4: b8ee637f ($35.33 in chips)
Seat 5: 8be4a0a6 ($3.55 in chips)
Seat 6: 929bfd22 ($10.64 in chips)
51730d26: posts small blind $0.05
Hero: posts big blind $0.1
*** HOLE CARDS ***
Dealt to 51730d26 
Dealt to Hero [5h Jc]
Dealt to f2bbccea 
Dealt to b8ee637f 
Dealt to 8be4a0a6 
Dealt to 929bfd22 
f2bbccea: folds
b8ee637f: folds
8be4a0a6: raises $0.1 to $0.2
929bfd22: folds
51730d26: folds
Hero: folds
Uncalled bet ($0.1) returned to 8be4a0a6
*** SHOWDOWN ***
8be4a0a6 collected $0.25 from pot
*** SUMMARY ***
Total pot $0.25 | Rake $0 | Jackpot $0 | Bingo $0 | Fortune $0 | Tax $0
Seat 1: 51730d26 (small blind) folded before Flop
Seat 2: Hero (big blind) folded before Flop
Seat 3: f2bbccea folded before Flop (didn't bet)
Seat 4: b8ee637f folded before Flop (didn't bet)
Seat 5: 8be4a0a6 collected ($0.25)
Seat 6: 929bfd22 (button) folded before Flop (didn't bet)


Poker Hand #HD1755888179: Hold'em No Limit ($0.05/$0.1) - 2024/05/02 19:53:46
Table 'NLHRed13' 6-max Seat #5 is the button
Seat 1: 51730d26 ($9.47 in chips)
Seat 2: Hero ($10 in chips)
Seat 3: f2bbccea ($1.87 in chips)
Seat 4: b8ee637f ($35.33 in chips)
Seat 5: 8be4a0a6 ($3.55 in chips)
Seat 6: 929bfd22 ($10.54 in chips)
929bfd22: posts small blind $0.05
51730d26: posts big blind $0.1
*** HOLE CARDS ***
Dealt to 51730d26 
Dealt to Hero [3s 4c]
Dealt to f2bbccea 
Dealt to b8ee637f 
Dealt to 8be4a0a6 
Dealt to 929bfd22 
Hero: folds
f2bbccea: folds
b8ee637f: folds
8be4a0a6: folds
929bfd22: raises $0.2 to $0.3
51730d26: folds
Uncalled bet ($0.2) returned to 929bfd22
*** SHOWDOWN ***
929bfd22 collected $0.2 from pot
*** SUMMARY ***
Total pot $0.2 | Rake $0 | Jackpot $0 | Bingo $0 | Fortune $0 | Tax $0
Seat 1: 51730d26 (big blind) folded before Flop
Seat 2: Hero folded before Flop (didn't bet)
Seat 3: f2bbccea folded before Flop (didn't bet)
Seat 4: b8ee637f folded before Flop (didn't bet)
Seat 5: 8be4a0a6 (button) folded before Flop (didn't bet)
Seat 6: 929bfd22 (small blind) collected ($0.2)


Poker Hand #HD1755888054: Hold'em No Limit ($0.05/$0.1) - 2024/05/02 19:53:03
Table 'NLHRed13' 6-max Seat #4 is the button
Seat 1: 51730d26 ($9.47 in chips)
Seat 2: Hero ($10 in chips)
Seat 3: f2bbccea ($1.87 in chips)
Seat 4: b8ee637f ($35.33 in chips)
Seat 5: 8be4a0a6 ($4.15 in chips)
Seat 6: 929bfd22 ($10 in chips)
8be4a0a6: posts small blind $0.05
929bfd22: posts big blind $0.1
*** HOLE CARDS ***
Dealt to 51730d26 
Dealt to Hero [Ad 8h]
Dealt to f2bbccea 
Dealt to b8ee637f 
Dealt to 8be4a0a6 
Dealt to 929bfd22 
51730d26: folds
Hero: folds
f2bbccea: folds
b8ee637f: folds
8be4a0a6: raises $0.2 to $0.3
929bfd22: calls $0.2
*** FLOP *** [As 6h Th]
8be4a0a6: checks
929bfd22: bets $0.3
8be4a0a6: calls $0.3
*** TURN *** [As 6h Th] [2c]
8be4a0a6: checks
929bfd22: bets $0.5
8be4a0a6: folds
Uncalled bet ($0.5) returned to 929bfd22
*** SHOWDOWN ***
929bfd22 collected $1.14 from pot
*** SUMMARY ***
Total pot $1.2 | Rake $0.06 | Jackpot $0 | Bingo $0 | Fortune $0 | Tax $0
Board [As 6h Th 2c]
Seat 1: 51730d26 folded before Flop (didn't bet)
Seat 2: Hero folded before Flop (didn't bet)
Seat 3: f2bbccea folded before Flop (didn't bet)
Seat 4: b8ee637f (button) folded before Flop (didn't bet)
Seat 5: 8be4a0a6 (small blind) folded on the Turn
Seat 6: 929bfd22 (big blind) won ($1.14)


Poker Hand #HD1755887945: Hold'em No Limit ($0.05/$0.1) - 2024/05/02 19:52:21
Table 'NLHRed13' 6-max Seat #3 is the button
Seat 1: 51730d26 ($9.47 in chips)
Seat 2: Hero ($10 in chips)
Seat 3: f2bbccea ($2.22 in chips)
Seat 4: b8ee637f ($35.38 in chips)
Seat 5: 8be4a0a6 ($3.78 in chips)
b8ee637f: posts small blind $0.05
8be4a0a6: posts big blind $0.1
*** HOLE CARDS ***
Dealt to 51730d26 
Dealt to Hero [8s Kc]
Dealt to f2bbccea 
Dealt to b8ee637f 
Dealt to 8be4a0a6 
51730d26: folds
Hero: folds
f2bbccea: raises $0.1 to $0.2
b8ee637f: folds
8be4a0a6: calls $0.1
*** FLOP *** [3d 6c 3h]
8be4a0a6: checks
f2bbccea: checks
*** TURN *** [3d 6c 3h] [4d]
8be4a0a6: bets $0.15
f2bbccea: calls $0.15
*** RIVER *** [3d 6c 3h 4d] [Jc]
8be4a0a6: bets $0.25
f2bbccea: folds
Uncalled bet ($0.25) returned to 8be4a0a6
*** SHOWDOWN ***
8be4a0a6 collected $0.72 from pot
*** SUMMARY ***
Total pot $0.75 | Rake $0.03 | Jackpot $0 | Bingo $0 | Fortune $0 | Tax $0
Board [3d 6c 3h 4d Jc]
Seat 1: 51730d26 folded before Flop (didn't bet)
Seat 2: Hero folded before Flop (didn't bet)
Seat 3: f2bbccea (button) folded on the River
Seat 4: b8ee637f (small blind) folded before Flop
Seat 5: 8be4a0a6 (big blind) won ($0.72)


Poker Hand #HD1755887873: Hold'em No Limit ($0.05/$0.1) - 2024/05/02 19:51:52
Table 'NLHRed13' 6-max Seat #2 is the button
Seat 1: 51730d26 ($9.72 in chips)
Seat 2: Hero ($10 in chips)
Seat 3: f2bbccea ($1.9 in chips)
Seat 4: b8ee637f ($35.48 in chips)
Seat 5: 8be4a0a6 ($3.78 in chips)
f2bbccea: posts small blind $0.05
b8ee637f: posts big blind $0.1
*** HOLE CARDS ***
Dealt to 51730d26 
Dealt to Hero [8s 5h]
Dealt to f2bbccea 
Dealt to b8ee637f 
Dealt to 8be4a0a6 
8be4a0a6: folds
51730d26: raises $0.15 to $0.25
Hero: folds
f2bbccea: raises $0.55 to $0.8
b8ee637f: folds
51730d26: folds
Uncalled bet ($0.55) returned to f2bbccea
*** SHOWDOWN ***
f2bbccea collected $0.57 from pot
*** SUMMARY ***
Total pot $0.6 | Rake $0.03 | Jackpot $0 | Bingo $0 | Fortune $0 | Tax $0
Seat 1: 51730d26 folded before Flop
Seat 2: Hero (button) folded before Flop (didn't bet)
Seat 3: f2bbccea (small blind) collected ($0.57)
Seat 4: b8ee637f (big blind) folded before Flop
Seat 5: 8be4a0a6 folded before Flop (didn't bet)


Poker Hand #HD1755887819: Hold'em No Limit ($0.05/$0.1) - 2024/05/02 19:51:35
Table 'NLHRed13' 6-max Seat #1 is the button
Seat 1: 51730d26 ($9.72 in chips)
Seat 2: Hero ($10 in chips)
Seat 3: f2bbccea ($2 in chips)
Seat 4: b8ee637f ($35.33 in chips)
Seat 5: 8be4a0a6 ($3.78 in chips)
Hero: posts small blind $0.05
f2bbccea: posts big blind $0.1
*** HOLE CARDS ***
Dealt to 51730d26 
Dealt to Hero [7d 3s]
Dealt to f2bbccea 
Dealt to b8ee637f 
Dealt to 8be4a0a6 
b8ee637f: raises $0.1 to $0.2
8be4a0a6: folds
51730d26: folds
Hero: folds
f2bbccea: folds
Uncalled bet ($0.1) returned to b8ee637f
*** SHOWDOWN ***
b8ee637f collected $0.25 from pot
*** SUMMARY ***
Total pot $0.25 | Rake $0 | Jackpot $0 | Bingo $0 | Fortune $0 | Tax $0
Seat 1: 51730d26 (button) folded before Flop (didn't bet)
Seat 2: Hero (small blind) folded before Flop
Seat 3: f2bbccea (big blind) folded before Flop
Seat 4: b8ee637f collected ($0.25)
Seat 5: 8be4a0a6 folded before Flop (didn't bet)


Poker Hand #HD1755887777: Hold'em No Limit ($0.05/$0.1) - 2024/05/02 19:51:20
Table 'NLHRed13' 6-max Seat #5 is the button
Seat 1: 51730d26 ($9.77 in chips)
Seat 2: Hero ($10 in chips)
Seat 4: b8ee637f ($35.33 in chips)
Seat 5: 8be4a0a6 ($3.63 in chips)
51730d26: posts small blind $0.05
Hero: posts big blind $0.1
*** HOLE CARDS ***
Dealt to 51730d26 
Dealt to Hero [Qd 6d]
Dealt to b8ee637f 
Dealt to 8be4a0a6 
b8ee637f: folds
8be4a0a6: raises $0.1 to $0.2
51730d26: folds
Hero: folds
Uncalled bet ($0.1) returned to 8be4a0a6
*** SHOWDOWN ***
8be4a0a6 collected $0.25 from pot
*** SUMMARY ***
Total pot $0.25 | Rake $0 | Jackpot $0 | Bingo $0 | Fortune $0 | Tax $0
Seat 1: 51730d26 (small blind) folded before Flop
Seat 2: Hero (big blind) folded before Flop
Seat 4: b8ee637f folded before Flop (didn't bet)
Seat 5: 8be4a0a6 (button) collected ($0.25)


Poker Hand #HD1755887741: Hold'em No Limit ($0.05/$0.1) - 2024/05/02 19:51:04
Table 'NLHRed13' 6-max Seat #4 is the button
Seat 1: 51730d26 ($9.87 in chips)
Seat 2: Hero ($10 in chips)
Seat 4: b8ee637f ($35.18 in chips)
Seat 5: 8be4a0a6 ($3.68 in chips)
8be4a0a6: posts small blind $0.05
51730d26: posts big blind $0.1
*** HOLE CARDS ***
Dealt to 51730d26 
Dealt to Hero [2c 8d]
Dealt to b8ee637f 
Dealt to 8be4a0a6 
Hero: folds
b8ee637f: raises $0.1 to $0.2
8be4a0a6: folds
51730d26: folds
Uncalled bet ($0.1) returned to b8ee637f
*** SHOWDOWN ***
b8ee637f collected $0.25 from pot
*** SUMMARY ***
Total pot $0.25 | Rake $0 | Jackpot $0 | Bingo $0 | Fortune $0 | Tax $0
Seat 1: 51730d26 (big blind) folded before Flop
Seat 2: Hero folded before Flop (didn't bet)
Seat 4: b8ee637f (button) collected ($0.25)
Seat 5: 8be4a0a6 (small blind) folded before Flop


Poker Hand #HD1755887692: Hold'em No Limit ($0.05/$0.1) - 2024/05/02 19:50:45
Table 'NLHRed13' 6-max Seat #3 is the button
Seat 1: 51730d26 ($9.87 in chips)
Seat 2: Hero ($10 in chips)
Seat 3: b19aac36 ($10.44 in chips)
Seat 4: b8ee637f ($35.23 in chips)
Seat 5: 8be4a0a6 ($3.63 in chips)
Seat 6: fd21fa07 ($12 in chips)
b8ee637f: posts small blind $0.05
8be4a0a6: posts big blind $0.1
*** HOLE CARDS ***
Dealt to 51730d26 
Dealt to Hero [7d Js]
Dealt to b19aac36 
Dealt to b8ee637f 
Dealt to 8be4a0a6 
Dealt to fd21fa07 
fd21fa07: folds
51730d26: folds
Hero: folds
b19aac36: folds
b8ee637f: folds
Uncalled bet ($0.05) returned to 8be4a0a6
*** SHOWDOWN ***
8be4a0a6 collected $0.1 from pot
*** SUMMARY ***
Total pot $0.1 | Rake $0 | Jackpot $0 | Bingo $0 | Fortune $0 | Tax $0
Seat 1: 51730d26 folded before Flop (didn't bet)
Seat 2: Hero folded before Flop (didn't bet)
Seat 3: b19aac36 (button) folded before Flop (didn't bet)
Seat 4: b8ee637f (small blind) folded before Flop
Seat 5: 8be4a0a6 (big blind) collected ($0.1)
Seat 6: fd21fa07 folded before Flop (didn't bet)


Poker Hand #HD1755887497: Hold'em No Limit ($0.05/$0.1) - 2024/05/02 19:49:35
Table 'NLHRed13' 6-max Seat #2 is the button
Seat 1: 51730d26 ($9.87 in chips)
Seat 2: Hero ($10 in chips)
Seat 3: b19aac36 ($12.49 in chips)
Seat 4: b8ee637f ($35.33 in chips)
Seat 5: 8be4a0a6 ($3.63 in chips)
Seat 6: fd21fa07 ($10.15 in chips)
b19aac36: posts small blind $0.05
b8ee637f: posts big blind $0.1
*** HOLE CARDS ***
Dealt to 51730d26 
Dealt to Hero [Qc 6c]
Dealt to b19aac36 
Dealt to b8ee637f 
Dealt to 8be4a0a6 
Dealt to fd21fa07 
8be4a0a6: folds
fd21fa07: raises $0.2 to $0.3
51730d26: folds
Hero: folds
b19aac36: raises $0.9 to $1.2
b8ee637f: folds
fd21fa07: calls $0.9
*** FLOP *** [3d Jc 5s]
b19aac36: bets $0.85
fd21fa07: calls $0.85
*** TURN *** [3d Jc 5s] [Tc]
b19aac36: checks
fd21fa07: checks
*** RIVER *** [3d Jc 5s Tc] [5c]
b19aac36: checks
fd21fa07: bets $0.93
b19aac36: folds
Uncalled bet ($0.93) returned to fd21fa07
*** SHOWDOWN ***
fd21fa07 collected $3.9 from pot
*** SUMMARY ***
Total pot $4.2 | Rake $0.2 | Jackpot $0.1 | Bingo $0 | Fortune $0 | Tax $0
Board [3d Jc 5s Tc 5c]
Seat 1: 51730d26 folded before Flop (didn't bet)
Seat 2: Hero (button) folded before Flop (didn't bet)
Seat 3: b19aac36 (small blind) folded on the River
Seat 4: b8ee637f (big blind) folded before Flop
Seat 5: 8be4a0a6 folded before Flop (didn't bet)
Seat 6: fd21fa07 won ($3.9)


Poker Hand #HD1755887435: Hold'em No Limit ($0.05/$0.1) - 2024/05/02 19:49:12
Table 'NLHRed13' 6-max Seat #1 is the button
Seat 1: 51730d26 ($9.87 in chips)
Seat 2: Hero ($10 in chips)
Seat 3: b19aac36 ($12.59 in chips)
Seat 4: b8ee637f ($35.33 in chips)
Seat 5: 8be4a0a6 ($3.63 in chips)
Seat 6: fd21fa07 ($10 in chips)
Hero: posts small blind $0.05
b19aac36: posts big blind $0.1
*** HOLE CARDS ***
Dealt to 51730d26 
Dealt to Hero [Jc 7c]
Dealt to b19aac36 
Dealt to b8ee637f 
Dealt to 8be4a0a6 
Dealt to fd21fa07 
b8ee637f: folds
8be4a0a6: folds
fd21fa07: raises $0.2 to $0.3
51730d26: folds
Hero: folds
b19aac36: folds
Uncalled bet ($0.2) returned to fd21fa07
*** SHOWDOWN ***
fd21fa07 collected $0.25 from pot
*** SUMMARY ***
Total pot $0.25 | Rake $0 | Jackpot $0 | Bingo $0 | Fortune $0 | Tax $0
Seat 1: 51730d26 (button) folded before Flop (didn't bet)
Seat 2: Hero (small blind) folded before Flop
Seat 3: b19aac36 (big blind) folded before Flop
Seat 4: b8ee637f folded before Flop (didn't bet)
Seat 5: 8be4a0a6 folded before Flop (didn't bet)
Seat 6: fd21fa07 collected ($0.25)


Poker Hand #HD1755887378: Hold'em No Limit ($0.05/$0.1) - 2024/05/02 19:48:52
Table 'NLHRed13' 6-max Seat #6 is the button
Seat 1: 51730d26 ($9.92 in chips)
Seat 2: Hero ($10 in chips)
Seat 3: b19aac36 ($12.59 in chips)
Seat 4: b8ee637f ($35.18 in chips)
Seat 6: fd21fa07 ($10 in chips)
51730d26: posts small blind $0.05
Hero: posts big blind $0.1
*** HOLE CARDS ***
Dealt to 51730d26 
Dealt to Hero [Ac 8s]
Dealt to b19aac36 
Dealt to b8ee637f 
Dealt to fd21fa07 
b19aac36: folds
b8ee637f: raises $0.1 to $0.2
fd21fa07: folds
51730d26: folds
Hero: folds
Uncalled bet ($0.1) returned to b8ee637f
*** SHOWDOWN ***
b8ee637f collected $0.25 from pot
*** SUMMARY ***
Total pot $0.25 | Rake $0 | Jackpot $0 | Bingo $0 | Fortune $0 | Tax $0
Seat 1: 51730d26 (small blind) folded before Flop
Seat 2: Hero (big blind) folded before Flop
Seat 3: b19aac36 folded before Flop (didn't bet)
Seat 4: b8ee637f collected ($0.25)
Seat 6: fd21fa07 (button) folded before Flop (didn't bet)


Poker Hand #HD1755887253: Hold'em No Limit ($0.05/$0.1) - 2024/05/02 19:48:02
Table 'NLHRed13' 6-max Seat #5 is the button
Seat 1: 51730d26 ($10.02 in chips)
Seat 2: Hero ($10 in chips)
Seat 3: b19aac36 ($12.44 in chips)
Seat 4: b8ee637f ($35.18 in chips)
Seat 5: 8be4a0a6 ($3.63 in chips)
Seat 6: fd21fa07 ($10 in chips)
fd21fa07: posts small blind $0.05
51730d26: posts big blind $0.1
*** HOLE CARDS ***
Dealt to 51730d26 
Dealt to Hero [7d 8h]
Dealt to b19aac36 
Dealt to b8ee637f 
Dealt to 8be4a0a6 
Dealt to fd21fa07 
Hero: folds
b19aac36: raises $0.1 to $0.2
b8ee637f: folds
8be4a0a6: folds
fd21fa07: folds
51730d26: folds
Uncalled bet ($0.1) returned to b19aac36
*** SHOWDOWN ***
b19aac36 collected $0.25 from pot
*** SUMMARY ***
Total pot $0.25 | Rake $0 | Jackpot $0 | Bingo $0 | Fortune $0 | Tax $0
Seat 1: 51730d26 (big blind) folded before Flop
Seat 2: Hero folded before Flop (didn't bet)
Seat 3: b19aac36 collected ($0.25)
Seat 4: b8ee637f folded before Flop (didn't bet)
Seat 5: 8be4a0a6 (button) folded before Flop (didn't bet)
Seat 6: fd21fa07 (small blind) folded before Flop


Poker Hand #HD1755887170: Hold'em No Limit ($0.05/$0.1) - 2024/05/02 19:47:34
Table 'NLHRed13' 6-max Seat #4 is the button
Seat 1: 51730d26 ($10.02 in chips)
Seat 2: Hero ($10 in chips)
Seat 3: b19aac36 ($12.29 in chips)
Seat 4: b8ee637f ($35.18 in chips)
Seat 5: 8be4a0a6 ($3.68 in chips)
Seat 6: fd21fa07 ($10 in chips)
8be4a0a6: posts small blind $0.05
fd21fa07: posts big blind $0.1
*** HOLE CARDS ***
Dealt to 51730d26 
Dealt to Hero [Ad 6s]
Dealt to b19aac36 
Dealt to b8ee637f 
Dealt to 8be4a0a6 
Dealt to fd21fa07 
51730d26: folds
Hero: folds
b19aac36: raises $0.1 to $0.2
b8ee637f: folds
8be4a0a6: folds
fd21fa07: folds
Uncalled bet ($0.1) returned to b19aac36
*** SHOWDOWN ***
b19aac36 collected $0.25 from pot
*** SUMMARY ***
Total pot $0.25 | Rake $0 | Jackpot $0 | Bingo $0 | Fortune $0 | Tax $0
Seat 1: 51730d26 folded before Flop (didn't bet)
Seat 2: Hero folded before Flop (didn't bet)
Seat 3: b19aac36 collected ($0.25)
Seat 4: b8ee637f (button) folded before Flop (didn't bet)
Seat 5: 8be4a0a6 (small blind) folded before Flop
Seat 6: fd21fa07 (big blind) folded before Flop


Poker Hand #HD1755887075: Hold'em No Limit ($0.05/$0.1) - 2024/05/02 19:46:59
Table 'NLHRed13' 6-max Seat #3 is the button
Seat 1: 51730d26 ($10.02 in chips)
Seat 2: Hero ($10 in chips)
Seat 3: b19aac36 ($12.29 in chips)
Seat 4: b8ee637f ($34.91 in chips)
Seat 5: 8be4a0a6 ($3.98 in chips)
Seat 6: fd21fa07 ($10 in chips)
b8ee637f: posts small blind $0.05
8be4a0a6: posts big blind $0.1
*** HOLE CARDS ***
Dealt to 51730d26 
Dealt to Hero [4d Qc]
Dealt to b19aac36 
Dealt to b8ee637f 
Dealt to 8be4a0a6 
Dealt to fd21fa07 
fd21fa07: folds
51730d26: folds
Hero: folds
b19aac36: folds
b8ee637f: raises $0.2 to $0.3
8be4a0a6: calls $0.2
*** FLOP *** [Jc 5s 7d]
b8ee637f: bets $0.2
8be4a0a6: folds
Uncalled bet ($0.2) returned to b8ee637f
*** SHOWDOWN ***
b8ee637f collected $0.57 from pot
*** SUMMARY ***
Total pot $0.6 | Rake $0.03 | Jackpot $0 | Bingo $0 | Fortune $0 | Tax $0
Board [Jc 5s 7d]
Seat 1: 51730d26 folded before Flop (didn't bet)
Seat 2: Hero folded before Flop (didn't bet)
Seat 3: b19aac36 (button) folded before Flop (didn't bet)
Seat 4: b8ee637f (small blind) won ($0.57)
Seat 5: 8be4a0a6 (big blind) folded on the Flop
Seat 6: fd21fa07 folded before Flop (didn't bet)


Poker Hand #HD1755887029: Hold'em No Limit ($0.05/$0.1) - 2024/05/02 19:46:41
Table 'NLHRed13' 6-max Seat #2 is the button
Seat 1: 51730d26 ($10.02 in chips)
Seat 2: Hero ($10 in chips)
Seat 3: b19aac36 ($12.19 in chips)
Seat 4: b8ee637f ($35.01 in chips)
Seat 5: 8be4a0a6 ($3.98 in chips)
Seat 6: fd21fa07 ($10 in chips)
b19aac36: posts small blind $0.05
b8ee637f: posts big blind $0.1
*** HOLE CARDS ***
Dealt to 51730d26 
Dealt to Hero [Jh 4h]
Dealt to b19aac36 
Dealt to b8ee637f 
Dealt to 8be4a0a6 
Dealt to fd21fa07 
8be4a0a6: folds
fd21fa07: folds
51730d26: folds
Hero: folds
b19aac36: raises $0.2 to $0.3
b8ee637f: folds
Uncalled bet ($0.2) returned to b19aac36
*** SHOWDOWN ***
b19aac36 collected $0.2 from pot
*** SUMMARY ***
Total pot $0.2 | Rake $0 | Jackpot $0 | Bingo $0 | Fortune $0 | Tax $0
Seat 1: 51730d26 folded before Flop (didn't bet)
Seat 2: Hero (button) folded before Flop (didn't bet)
Seat 3: b19aac36 (small blind) collected ($0.2)
Seat 4: b8ee637f (big blind) folded before Flop
Seat 5: 8be4a0a6 folded before Flop (didn't bet)
Seat 6: fd21fa07 folded before Flop (didn't bet)


Poker Hand #HD1755886915: Hold'em No Limit ($0.05/$0.1) - 2024/05/02 19:45:56
Table 'NLHRed13' 6-max Seat #1 is the button
Seat 1: 51730d26 ($10.32 in chips)
Seat 2: Hero ($10.05 in chips)
Seat 3: b19aac36 ($11.87 in chips)
Seat 4: b8ee637f ($35.01 in chips)
Seat 5: 8be4a0a6 ($3.98 in chips)
Seat 6: fd21fa07 ($10 in chips)
Hero: posts small blind $0.05
b19aac36: posts big blind $0.1
*** HOLE CARDS ***
Dealt to 51730d26 
Dealt to Hero [Ah 4h]
Dealt to b19aac36 
Dealt to b8ee637f 
Dealt to 8be4a0a6 
Dealt to fd21fa07 
b8ee637f: folds
8be4a0a6: folds
fd21fa07: folds
51730d26: raises $0.2 to $0.3
Hero: folds
b19aac36: raises $0.9 to $1.2
51730d26: folds
Uncalled bet ($0.9) returned to b19aac36
*** SHOWDOWN ***
b19aac36 collected $0.62 from pot
*** SUMMARY ***
Total pot $0.65 | Rake $0.03 | Jackpot $0 | Bingo $0 | Fortune $0 | Tax $0
Seat 1: 51730d26 (button) folded before Flop
Seat 2: Hero (small blind) folded before Flop
Seat 3: b19aac36 (big blind) collected ($0.62)
Seat 4: b8ee637f folded before Flop (didn't bet)
Seat 5: 8be4a0a6 folded before Flop (didn't bet)
Seat 6: fd21fa07 folded before Flop (didn't bet)


Poker Hand #HD1755886823: Hold'em No Limit ($0.05/$0.1) - 2024/05/02 19:45:20
Table 'NLHRed13' 6-max Seat #6 is the button
Seat 1: 51730d26 ($10.22 in chips)
Seat 2: Hero ($10.15 in chips)
Seat 3: b19aac36 ($11.87 in chips)
Seat 4: b8ee637f ($35.01 in chips)
Seat 5: 8be4a0a6 ($3.98 in chips)
Seat 6: fd21fa07 ($10 in chips)
51730d26: posts small blind $0.05
Hero: posts big blind $0.1
*** HOLE CARDS ***
Dealt to 51730d26 
Dealt to Hero [Kc 5h]
Dealt to b19aac36 
Dealt to b8ee637f 
Dealt to 8be4a0a6 
Dealt to fd21fa07 
b19aac36: folds
b8ee637f: folds
8be4a0a6: folds
fd21fa07: folds
51730d26: raises $0.3 to $0.4
Hero: folds
Uncalled bet ($0.3) returned to 51730d26
*** SHOWDOWN ***
51730d26 collected $0.2 from pot
*** SUMMARY ***
Total pot $0.2 | Rake $0 | Jackpot $0 | Bingo $0 | Fortune $0 | Tax $0
Seat 1: 51730d26 (small blind) collected ($0.2)
Seat 2: Hero (big blind) folded before Flop
Seat 3: b19aac36 folded before Flop (didn't bet)
Seat 4: b8ee637f folded before Flop (didn't bet)
Seat 5: 8be4a0a6 folded before Flop (didn't bet)
Seat 6: fd21fa07 (button) folded before Flop (didn't bet)


Poker Hand #HD1755886761: Hold'em No Limit ($0.05/$0.1) - 2024/05/02 19:44:58
Table 'NLHRed13' 6-max Seat #5 is the button
Seat 1: 51730d26 ($10.32 in chips)
Seat 2: Hero ($10.15 in chips)
Seat 3: b19aac36 ($11.87 in chips)
Seat 4: b8ee637f ($34.86 in chips)
Seat 5: 8be4a0a6 ($3.98 in chips)
Seat 6: fd21fa07 ($10 in chips)
fd21fa07: posts small blind $0.05
51730d26: posts big blind $0.1
*** HOLE CARDS ***
Dealt to 51730d26 
Dealt to Hero [6d 3d]
Dealt to b19aac36 
Dealt to b8ee637f 
Dealt to 8be4a0a6 
Dealt to fd21fa07 
Hero: folds
b19aac36: folds
b8ee637f: raises $0.1 to $0.2
8be4a0a6: folds
fd21fa07: folds
51730d26: folds
Uncalled bet ($0.1) returned to b8ee637f
*** SHOWDOWN ***
b8ee637f collected $0.25 from pot
*** SUMMARY ***
Total pot $0.25 | Rake $0 | Jackpot $0 | Bingo $0 | Fortune $0 | Tax $0
Seat 1: 51730d26 (big blind) folded before Flop
Seat 2: Hero folded before Flop (didn't bet)
Seat 3: b19aac36 folded before Flop (didn't bet)
Seat 4: b8ee637f collected ($0.25)
Seat 5: 8be4a0a6 (button) folded before Flop (didn't bet)
Seat 6: fd21fa07 (small blind) folded before Flop


Poker Hand #HD1755886672: Hold'em No Limit ($0.05/$0.1) - 2024/05/02 19:44:25
Table 'NLHRed13' 6-max Seat #4 is the button
Seat 1: 51730d26 ($10.32 in chips)
Seat 2: Hero ($10.15 in chips)
Seat 3: b19aac36 ($11.87 in chips)
Seat 4: b8ee637f ($34.86 in chips)
Seat 5: 8be4a0a6 ($3.88 in chips)
Seat 6: fd21fa07 ($10 in chips)
8be4a0a6: posts small blind $0.05
fd21fa07: posts big blind $0.1
*** HOLE CARDS ***
Dealt to 51730d26 
Dealt to Hero [9s 4c]
Dealt to b19aac36 
Dealt to b8ee637f 
Dealt to 8be4a0a6 
Dealt to fd21fa07 
51730d26: folds
Hero: folds
b19aac36: folds
b8ee637f: folds
8be4a0a6: raises $0.2 to $0.3
fd21fa07: folds
Uncalled bet ($0.2) returned to 8be4a0a6
*** SHOWDOWN ***
8be4a0a6 collected $0.2 from pot
*** SUMMARY ***
Total pot $0.2 | Rake $0 | Jackpot $0 | Bingo $0 | Fortune $0 | Tax $0
Seat 1: 51730d26 folded before Flop (didn't bet)
Seat 2: Hero folded before Flop (didn't bet)
Seat 3: b19aac36 folded before Flop (didn't bet)
Seat 4: b8ee637f (button) folded before Flop (didn't bet)
Seat 5: 8be4a0a6 (small blind) collected ($0.2)
Seat 6: fd21fa07 (big blind) folded before Flop


Poker Hand #HD1755886605: Hold'em No Limit ($0.05/$0.1) - 2024/05/02 19:44:01
Table 'NLHRed13' 6-max Seat #3 is the button
Seat 1: 51730d26 ($10.32 in chips)
Seat 2: Hero ($10 in chips)
Seat 3: b19aac36 ($11.87 in chips)
Seat 4: b8ee637f ($34.91 in chips)
Seat 5: 8be4a0a6 ($3.98 in chips)
Seat 6: fd21fa07 ($10 in chips)
b8ee637f: posts small blind $0.05
8be4a0a6: posts big blind $0.1
*** HOLE CARDS ***
Dealt to 51730d26 
Dealt to Hero [Ts Js]
Dealt to b19aac36 
Dealt to b8ee637f 
Dealt to 8be4a0a6 
Dealt to fd21fa07 
fd21fa07: folds
51730d26: folds
Hero: raises $0.14 to $0.24
b19aac36: folds
b8ee637f: folds
8be4a0a6: folds
Uncalled bet ($0.14) returned to Hero
*** SHOWDOWN ***
Hero collected $0.25 from pot
*** SUMMARY ***
Total pot $0.25 | Rake $0 | Jackpot $0 | Bingo $0 | Fortune $0 | Tax $0
Seat 1: 51730d26 folded before Flop (didn't bet)
Seat 2: Hero collected ($0.25)
Seat 3: b19aac36 (button) folded before Flop (didn't bet)
Seat 4: b8ee637f (small blind) folded before Flop
Seat 5: 8be4a0a6 (big blind) folded before Flop
Seat 6: fd21fa07 folded before Flop (didn't bet)


Poker Hand #HD1755886578: Hold'em No Limit ($0.05/$0.1) - 2024/05/02 19:43:48
Table 'NLHRed13' 6-max Seat #2 is the button
Seat 1: 51730d26 ($10.32 in chips)
Seat 2: Hero ($10 in chips)
Seat 3: b19aac36 ($11.92 in chips)
Seat 4: b8ee637f ($34.86 in chips)
Seat 5: 8be4a0a6 ($3.98 in chips)
Seat 6: fd21fa07 ($10 in chips)
b19aac36: posts small blind $0.05
b8ee637f: posts big blind $0.1
*** HOLE CARDS ***
Dealt to 51730d26 
Dealt to Hero [5s 8c]
Dealt to b19aac36 
Dealt to b8ee637f 
Dealt to 8be4a0a6 
Dealt to fd21fa07 
8be4a0a6: folds
fd21fa07: folds
51730d26: folds
Hero: folds
b19aac36: folds
Uncalled bet ($0.05) returned to b8ee637f
*** SHOWDOWN ***
b8ee637f collected $0.1 from pot
*** SUMMARY ***
Total pot $0.1 | Rake $0 | Jackpot $0 | Bingo $0 | Fortune $0 | Tax $0
Seat 1: 51730d26 folded before Flop (didn't bet)
Seat 2: Hero (button) folded before Flop (didn't bet)
Seat 3: b19aac36 (small blind) folded before Flop
Seat 4: b8ee637f (big blind) collected ($0.1)
Seat 5: 8be4a0a6 folded before Flop (didn't bet)
Seat 6: fd21fa07 folded before Flop (didn't bet)


Poker Hand #HD1755886386: Hold'em No Limit ($0.05/$0.1) - 2024/05/02 19:42:32
Table 'NLHRed13' 6-max Seat #1 is the button
Seat 1: 51730d26 ($10 in chips)
Seat 2: Hero ($10 in chips)
Seat 3: b19aac36 ($12.22 in chips)
Seat 4: b8ee637f ($34.86 in chips)
Seat 5: 8be4a0a6 ($3.98 in chips)
Seat 6: fd21fa07 ($10 in chips)
Hero: posts small blind $0.05
b19aac36: posts big blind $0.1
*** HOLE CARDS ***
Dealt to 51730d26 
Dealt to Hero [Ks Td]
Dealt to b19aac36 
Dealt to b8ee637f 
Dealt to 8be4a0a6 
Dealt to fd21fa07 
b8ee637f: folds
8be4a0a6: folds
fd21fa07: folds
51730d26: raises $0.2 to $0.3
Hero: folds
b19aac36: calls $0.2
*** FLOP *** [3s 6h 5d]
b19aac36: checks
51730d26: checks
*** TURN *** [3s 6h 5d] [Kd]
b19aac36: checks
51730d26: bets $0.51
b19aac36: folds
Uncalled bet ($0.51) returned to 51730d26
*** SHOWDOWN ***
51730d26 collected $0.62 from pot
*** SUMMARY ***
Total pot $0.65 | Rake $0.03 | Jackpot $0 | Bingo $0 | Fortune $0 | Tax $0
Board [3s 6h 5d Kd]
Seat 1: 51730d26 (button) won ($0.62)
Seat 2: Hero (small blind) folded before Flop
Seat 3: b19aac36 (big blind) folded on the Turn
Seat 4: b8ee637f folded before Flop (didn't bet)
Seat 5: 8be4a0a6 folded before Flop (didn't bet)
Seat 6: fd21fa07 folded before Flop (didn't bet)


Poker Hand #HD1755886325: Hold'em No Limit ($0.05/$0.1) - 2024/05/02 19:42:12
Table 'NLHRed13' 6-max Seat #6 is the button
Seat 1: 51730d26 ($10.05 in chips)
Seat 2: Hero ($10.1 in chips)
Seat 3: b19aac36 ($12.22 in chips)
Seat 4: b8ee637f ($34.86 in chips)
Seat 5: 8be4a0a6 ($3.83 in chips)
Seat 6: fd21fa07 ($10 in chips)
51730d26: posts small blind $0.05
Hero: posts big blind $0.1
*** HOLE CARDS ***
Dealt to 51730d26 
Dealt to Hero [8s Tc]
Dealt to b19aac36 
Dealt to b8ee637f 
Dealt to 8be4a0a6 
Dealt to fd21fa07 
b19aac36: folds
b8ee637f: folds
8be4a0a6: raises $0.1 to $0.2
fd21fa07: folds
51730d26: folds
Hero: folds
Uncalled bet ($0.1) returned to 8be4a0a6
*** SHOWDOWN ***
8be4a0a6 collected $0.25 from pot
*** SUMMARY ***
Total pot $0.25 | Rake $0 | Jackpot $0 | Bingo $0 | Fortune $0 | Tax $0
Seat 1: 51730d26 (small blind) folded before Flop
Seat 2: Hero (big blind) folded before Flop
Seat 3: b19aac36 folded before Flop (didn't bet)
Seat 4: b8ee637f folded before Flop (didn't bet)
Seat 5: 8be4a0a6 collected ($0.25)
Seat 6: fd21fa07 (button) folded before Flop (didn't bet)


Poker Hand #HD1755886294: Hold'em No Limit ($0.05/$0.1) - 2024/05/02 19:42:00
Table 'NLHRed13' 6-max Seat #5 is the button
Seat 1: 51730d26 ($10 in chips)
Seat 2: Hero ($10.1 in chips)
Seat 3: b19aac36 ($12.22 in chips)
Seat 4: b8ee637f ($34.86 in chips)
Seat 5: 8be4a0a6 ($3.83 in chips)
Seat 6: fd21fa07 ($10 in chips)
fd21fa07: posts small blind $0.05
51730d26: posts big blind $0.1
*** HOLE CARDS ***
Dealt to 51730d26 
Dealt to Hero [5d Ah]
Dealt to b19aac36 
Dealt to b8ee637f 
Dealt to 8be4a0a6 
Dealt to fd21fa07 
Hero: folds
b19aac36: folds
b8ee637f: folds
8be4a0a6: folds
fd21fa07: folds
Uncalled bet ($0.05) returned to 51730d26
*** SHOWDOWN ***
51730d26 collected $0.1 from pot
*** SUMMARY ***
Total pot $0.1 | Rake $0 | Jackpot $0 | Bingo $0 | Fortune $0 | Tax $0
Seat 1: 51730d26 (big blind) collected ($0.1)
Seat 2: Hero folded before Flop (didn't bet)
Seat 3: b19aac36 folded before Flop (didn't bet)
Seat 4: b8ee637f folded before Flop (didn't bet)
Seat 5: 8be4a0a6 (button) folded before Flop (didn't bet)
Seat 6: fd21fa07 (small blind) folded before Flop


Poker Hand #HD1755886130: Hold'em No Limit ($0.05/$0.1) - 2024/05/02 19:40:52
Table 'NLHRed13' 6-max Seat #4 is the button
Seat 2: Hero ($10.1 in chips)
Seat 3: b19aac36 ($13.12 in chips)
Seat 4: b8ee637f ($33.9 in chips)
Seat 5: 8be4a0a6 ($3.88 in chips)
Seat 6: fd21fa07 ($10 in chips)
8be4a0a6: posts small blind $0.05
fd21fa07: posts big blind $0.1
*** HOLE CARDS ***
Dealt to Hero [5d 5s]
Dealt to b19aac36 
Dealt to b8ee637f 
Dealt to 8be4a0a6 
Dealt to fd21fa07 
Hero: folds
b19aac36: raises $0.1 to $0.2
b8ee637f: calls $0.2
8be4a0a6: folds
fd21fa07: folds
*** FLOP *** [Ts 4s 2h]
b19aac36: checks
b8ee637f: checks
*** TURN *** [Ts 4s 2h] [Jh]
b19aac36: bets $0.7
b8ee637f: calls $0.7
*** RIVER *** [Ts 4s 2h Jh] [4h]
b19aac36: checks
b8ee637f: checks
b19aac36: shows [Ks 3s] (Pair of Fours)
b8ee637f: shows [Qd Jd] (Pair of Jacks and Pair of Fours)
*** SHOWDOWN ***
b8ee637f collected $1.86 from pot
*** SUMMARY ***
Total pot $1.95 | Rake $0.09 | Jackpot $0 | Bingo $0 | Fortune $0 | Tax $0
Board [Ts 4s 2h Jh 4h]
Seat 2: Hero folded before Flop (didn't bet)
Seat 3: b19aac36 showed [Ks 3s] and lost with Pair of Fours
Seat 4: b8ee637f (button) showed [Qd Jd] and won ($1.86) with Pair of Jacks and Pair of Fours
Seat 5: 8be4a0a6 (small blind) folded before Flop
Seat 6: fd21fa07 (big blind) folded before Flop


Poker Hand #HD1755886015: Hold'em No Limit ($0.05/$0.1) - 2024/05/02 19:40:09
Table 'NLHRed13' 6-max Seat #3 is the button
Seat 2: Hero ($10.1 in chips)
Seat 3: b19aac36 ($13.12 in chips)
Seat 4: b8ee637f ($34.2 in chips)
Seat 5: 8be4a0a6 ($3.61 in chips)
b8ee637f: posts small blind $0.05
8be4a0a6: posts big blind $0.1
*** HOLE CARDS ***
Dealt to Hero [Qd 2c]
Dealt to b19aac36 
Dealt to b8ee637f 
Dealt to 8be4a0a6 
Hero: folds
b19aac36: folds
b8ee637f: raises $0.2 to $0.3
8be4a0a6: calls $0.2
*** FLOP *** [Kd As Jc]
b8ee637f: checks
8be4a0a6: bets $0.3
b8ee637f: folds
Uncalled bet ($0.3) returned to 8be4a0a6
*** SHOWDOWN ***
8be4a0a6 collected $0.57 from pot
*** SUMMARY ***
Total pot $0.6 | Rake $0.03 | Jackpot $0 | Bingo $0 | Fortune $0 | Tax $0
Board [Kd As Jc]
Seat 2: Hero folded before Flop (didn't bet)
Seat 3: b19aac36 (button) folded before Flop (didn't bet)
Seat 4: b8ee637f (small blind) folded on the Flop
Seat 5: 8be4a0a6 (big blind) won ($0.57)


Poker Hand #HD1755885984: Hold'em No Limit ($0.05/$0.1) - 2024/05/02 19:39:53
Table 'NLHRed13' 6-max Seat #2 is the button
Seat 2: Hero ($10.1 in chips)
Seat 3: b19aac36 ($13.02 in chips)
Seat 4: b8ee637f ($34.3 in chips)
Seat 5: 8be4a0a6 ($3.61 in chips)
b19aac36: posts small blind $0.05
b8ee637f: posts big blind $0.1
*** HOLE CARDS ***
Dealt to Hero [Ts 9c]
Dealt to b19aac36 
Dealt to b8ee637f 
Dealt to 8be4a0a6 
8be4a0a6: folds
Hero: folds
b19aac36: raises $0.2 to $0.3
b8ee637f: folds
Uncalled bet ($0.2) returned to b19aac36
*** SHOWDOWN ***
b19aac36 collected $0.2 from pot
*** SUMMARY ***
Total pot $0.2 | Rake $0 | Jackpot $0 | Bingo $0 | Fortune $0 | Tax $0
Seat 2: Hero (button) folded before Flop (didn't bet)
Seat 3: b19aac36 (small blind) collected ($0.2)
Seat 4: b8ee637f (big blind) folded before Flop
Seat 5: 8be4a0a6 folded before Flop (didn't bet)


Poker Hand #HD1755885933: Hold'em No Limit ($0.05/$0.1) - 2024/05/02 19:39:32
Table 'NLHRed13' 6-max Seat #5 is the button
Seat 2: Hero ($10 in chips)
Seat 3: b19aac36 ($13.12 in chips)
Seat 4: b8ee637f ($34.3 in chips)
Seat 5: 8be4a0a6 ($3.61 in chips)
Hero: posts small blind $0.05
b19aac36: posts big blind $0.1
*** HOLE CARDS ***
Dealt to Hero [Kd Th]
Dealt to b19aac36 
Dealt to b8ee637f 
Dealt to 8be4a0a6 
b8ee637f: folds
8be4a0a6: folds
Hero: raises $0.2 to $0.3
b19aac36: folds
Uncalled bet ($0.2) returned to Hero
*** SHOWDOWN ***
Hero collected $0.2 from pot
*** SUMMARY ***
Total pot $0.2 | Rake $0 | Jackpot $0 | Bingo $0 | Fortune $0 | Tax $0
Seat 2: Hero (small blind) collected ($0.2)
Seat 3: b19aac36 (big blind) folded before Flop
Seat 4: b8ee637f folded before Flop (didn't bet)
Seat 5: 8be4a0a6 (button) folded before Flop (didn't bet)


Poker Hand #HD1755885869: Hold'em No Limit ($0.05/$0.1) - 2024/05/02 19:39:11
Table 'NLHRed13' 6-max Seat #4 is the button
Seat 2: Hero ($10 in chips)
Seat 3: b19aac36 ($13.12 in chips)
Seat 4: b8ee637f ($34.3 in chips)
Seat 5: 8be4a0a6 ($3.51 in chips)
8be4a0a6: posts small blind $0.05
Hero: posts big blind $0.1
*** HOLE CARDS ***
Dealt to Hero [Qs Td]
Dealt to b19aac36 
Dealt to b8ee637f 
Dealt to 8be4a0a6 
b19aac36: folds
b8ee637f: folds
8be4a0a6: raises $0.2 to $0.3
Hero: folds
Uncalled bet ($0.2) returned to 8be4a0a6
*** SHOWDOWN ***
8be4a0a6 collected $0.2 from pot
*** SUMMARY ***
Total pot $0.2 | Rake $0 | Jackpot $0 | Bingo $0 | Fortune $0 | Tax $0
Seat 2: Hero (big blind) folded before Flop
Seat 3: b19aac36 folded before Flop (didn't bet)
Seat 4: b8ee637f (button) folded before Flop (didn't bet)
Seat 5: 8be4a0a6 (small blind) collected ($0.2)


Poker Hand #HD1755885835: Hold'em No Limit ($0.05/$0.1) - 2024/05/02 19:38:59
Table 'NLHRed13' 6-max Seat #3 is the button
Seat 2: Hero ($10 in chips)
Seat 3: b19aac36 ($13.12 in chips)
Seat 4: b8ee637f ($34.35 in chips)
Seat 5: 8be4a0a6 ($3.46 in chips)
Seat 6: 94b89e06 ($10.15 in chips)
b8ee637f: posts small blind $0.05
8be4a0a6: posts big blind $0.1
*** HOLE CARDS ***
Dealt to Hero [8h As]
Dealt to b19aac36 
Dealt to b8ee637f 
Dealt to 8be4a0a6 
Dealt to 94b89e06 
94b89e06: folds
Hero: folds
b19aac36: folds
b8ee637f: folds
Uncalled bet ($0.05) returned to 8be4a0a6
*** SHOWDOWN ***
8be4a0a6 collected $0.1 from pot
*** SUMMARY ***
Total pot $0.1 | Rake $0 | Jackpot $0 | Bingo $0 | Fortune $0 | Tax $0
Seat 2: Hero folded before Flop (didn't bet)
Seat 3: b19aac36 (button) folded before Flop (didn't bet)
Seat 4: b8ee637f (small blind) folded before Flop
Seat 5: 8be4a0a6 (big blind) collected ($0.1)
Seat 6: 94b89e06 folded before Flop (didn't bet)


Poker Hand #HD1755885779: Hold'em No Limit ($0.05/$0.1) - 2024/05/02 19:38:35
Table 'NLHRed13' 6-max Seat #2 is the button
Seat 2: Hero ($10 in chips)
Seat 3: b19aac36 ($12.84 in chips)
Seat 4: b8ee637f ($34.45 in chips)
Seat 5: 8be4a0a6 ($3.66 in chips)
Seat 6: 94b89e06 ($10.15 in chips)
b19aac36: posts small blind $0.05
b8ee637f: posts big blind $0.1
*** HOLE CARDS ***
Dealt to Hero [Qd 8h]
Dealt to b19aac36 
Dealt to b8ee637f 
Dealt to 8be4a0a6 
Dealt to 94b89e06 
8be4a0a6: raises $0.1 to $0.2
94b89e06: folds
Hero: folds
b19aac36: raises $0.7 to $0.9
b8ee637f: folds
8be4a0a6: folds
Uncalled bet ($0.7) returned to b19aac36
*** SHOWDOWN ***
b19aac36 collected $0.48 from pot
*** SUMMARY ***
Total pot $0.5 | Rake $0.02 | Jackpot $0 | Bingo $0 | Fortune $0 | Tax $0
Seat 2: Hero (button) folded before Flop (didn't bet)
Seat 3: b19aac36 (small blind) collected ($0.48)
Seat 4: b8ee637f (big blind) folded before Flop
Seat 5: 8be4a0a6 folded before Flop
Seat 6: 94b89e06 folded before Flop (didn't bet)


Poker Hand #HD1755885686: Hold'em No Limit ($0.05/$0.1) - 2024/05/02 19:38:01
Table 'NLHRed13' 6-max Seat #6 is the button
Seat 2: Hero ($10 in chips)
Seat 3: b19aac36 ($12.94 in chips)
Seat 4: b8ee637f ($34.45 in chips)
Seat 5: 8be4a0a6 ($3.66 in chips)
Seat 6: 94b89e06 ($10 in chips)
Hero: posts small blind $0.05
b19aac36: posts big blind $0.1
*** HOLE CARDS ***
Dealt to Hero [Jd 3s]
Dealt to b19aac36 
Dealt to b8ee637f 
Dealt to 8be4a0a6 
Dealt to 94b89e06 
b8ee637f: folds
8be4a0a6: folds
94b89e06: raises $0.15 to $0.25
Hero: folds
b19aac36: folds
Uncalled bet ($0.15) returned to 94b89e06
*** SHOWDOWN ***
94b89e06 collected $0.25 from pot
*** SUMMARY ***
Total pot $0.25 | Rake $0 | Jackpot $0 | Bingo $0 | Fortune $0 | Tax $0
Seat 2: Hero (small blind) folded before Flop
Seat 3: b19aac36 (big blind) folded before Flop
Seat 4: b8ee637f folded before Flop (didn't bet)
Seat 5: 8be4a0a6 folded before Flop (didn't bet)
Seat 6: 94b89e06 (button) collected ($0.25)


Poker Hand #HD1755885642: Hold'em No Limit ($0.05/$0.1) - 2024/05/02 19:37:42
Table 'NLHRed13' 6-max Seat #5 is the button
Seat 2: Hero ($10 in chips)
Seat 3: b19aac36 ($12.94 in chips)
Seat 4: b8ee637f ($34.3 in chips)
Seat 5: 8be4a0a6 ($3.66 in chips)
Seat 6: 94b89e06 ($10.05 in chips)
94b89e06: posts small blind $0.05
Hero: posts big blind $0.1
*** HOLE CARDS ***
Dealt to Hero [6c 5s]
Dealt to b19aac36 
Dealt to b8ee637f 
Dealt to 8be4a0a6 
Dealt to 94b89e06 
b19aac36: folds
b8ee637f: raises $0.1 to $0.2
8be4a0a6: folds
94b89e06: folds
Hero: folds
Uncalled bet ($0.1) returned to b8ee637f
*** SHOWDOWN ***
b8ee637f collected $0.25 from pot
*** SUMMARY ***
Total pot $0.25 | Rake $0 | Jackpot $0 | Bingo $0 | Fortune $0 | Tax $0
Seat 2: Hero (big blind) folded before Flop
Seat 3: b19aac36 folded before Flop (didn't bet)
Seat 4: b8ee637f collected ($0.25)
Seat 5: 8be4a0a6 (button) folded before Flop (didn't bet)
Seat 6: 94b89e06 (small blind) folded before Flop


Poker Hand #HD1755815588: Hold'em No Limit ($0.05/$0.1) - 2024/05/02 19:37:25
Table 'NLHRed13' 6-max Seat #4 is the button
Seat 1: fdb10746 ($11.73 in chips)
Seat 2: Hero ($10 in chips)
Seat 3: b19aac36 ($12.94 in chips)
Seat 4: b8ee637f ($34.3 in chips)
Seat 5: 8be4a0a6 ($3.71 in chips)
Seat 6: 94b89e06 ($10 in chips)
8be4a0a6: posts small blind $0.05
94b89e06: posts big blind $0.1
*** HOLE CARDS ***
Dealt to fdb10746 
Dealt to Hero [Kd 7d]
Dealt to b19aac36 
Dealt to b8ee637f 
Dealt to 8be4a0a6 
Dealt to 94b89e06 
fdb10746: folds
Hero: folds
b19aac36: folds
b8ee637f: folds
8be4a0a6: folds
Uncalled bet ($0.05) returned to 94b89e06
*** SHOWDOWN ***
94b89e06 collected $0.1 from pot
*** SUMMARY ***
Total pot $0.1 | Rake $0 | Jackpot $0 | Bingo $0 | Fortune $0 | Tax $0
Seat 1: fdb10746 folded before Flop (didn't bet)
Seat 2: Hero folded before Flop (didn't bet)
Seat 3: b19aac36 folded before Flop (didn't bet)
Seat 4: b8ee637f (button) folded before Flop (didn't bet)
Seat 5: 8be4a0a6 (small blind) folded before Flop
Seat 6: 94b89e06 (big blind) collected ($0.1)


Poker Hand #HD1755815466: Hold'em No Limit ($0.05/$0.1) - 2024/05/02 19:36:41
Table 'NLHRed13' 6-max Seat #3 is the button
Seat 1: fdb10746 ($11.73 in chips)
Seat 2: Hero ($10 in chips)
Seat 3: b19aac36 ($12.94 in chips)
Seat 4: b8ee637f ($36.3 in chips)
Seat 5: 8be4a0a6 ($2 in chips)
Seat 6: 94b89e06 ($10 in chips)
b8ee637f: posts small blind $0.05
8be4a0a6: posts big blind $0.1
*** HOLE CARDS ***
Dealt to fdb10746 
Dealt to Hero [Td 3s]
Dealt to b19aac36 
Dealt to b8ee637f 
Dealt to 8be4a0a6 
Dealt to 94b89e06 
94b89e06: folds
fdb10746: folds
Hero: folds
b19aac36: folds
b8ee637f: raises $0.2 to $0.3
8be4a0a6: raises $1.7 to $2 and is all-in
b8ee637f: calls $1.7
8be4a0a6: shows [Ts Th]
b8ee637f: shows [Ah 9h]
*** FLOP *** [As 6h Tc]
*** TURN *** [As 6h Tc] [3c]
*** RIVER *** [As 6h Tc 3c] [6d]
*** SHOWDOWN ***
8be4a0a6 collected $3.71 from pot
*** SUMMARY ***
Total pot $4 | Rake $0.19 | Jackpot $0.1 | Bingo $0 | Fortune $0 | Tax $0
Board [As 6h Tc 3c 6d]
Seat 1: fdb10746 folded before Flop (didn't bet)
Seat 2: Hero folded before Flop (didn't bet)
Seat 3: b19aac36 (button) folded before Flop (didn't bet)
Seat 4: b8ee637f (small blind) showed [Ah 9h] and lost with Pair of Aces and Pair of Sixes
Seat 5: 8be4a0a6 (big blind) showed [Ts Th] and won ($3.71) with Tens Full over Sixes
Seat 6: 94b89e06 folded before Flop (didn't bet)


Poker Hand #HD1755815413: Hold'em No Limit ($0.05/$0.1) - 2024/05/02 19:36:20
Table 'NLHRed13' 6-max Seat #2 is the button
Seat 1: fdb10746 ($11.36 in chips)
Seat 2: Hero ($10 in chips)
Seat 3: b19aac36 ($12.99 in chips)
Seat 4: b8ee637f ($36.4 in chips)
Seat 6: 94b89e06 ($10 in chips)
b19aac36: posts small blind $0.05
b8ee637f: posts big blind $0.1
*** HOLE CARDS ***
Dealt to fdb10746 
Dealt to Hero [5c Kh]
Dealt to b19aac36 
Dealt to b8ee637f 
Dealt to 94b89e06 
94b89e06: raises $0.15 to $0.25
fdb10746: raises $0.49 to $0.74
Hero: folds
b19aac36: folds
b8ee637f: folds
94b89e06: folds
Uncalled bet ($0.49) returned to fdb10746
*** SHOWDOWN ***
fdb10746 collected $0.62 from pot
*** SUMMARY ***
Total pot $0.65 | Rake $0.03 | Jackpot $0 | Bingo $0 | Fortune $0 | Tax $0
Seat 1: fdb10746 collected ($0.62)
Seat 2: Hero (button) folded before Flop (didn't bet)
Seat 3: b19aac36 (small blind) folded before Flop
Seat 4: b8ee637f (big blind) folded before Flop
Seat 6: 94b89e06 folded before Flop


Poker Hand #HD1755815311: Hold'em No Limit ($0.05/$0.1) - 2024/05/02 19:35:42
Table 'NLHRed13' 6-max Seat #1 is the button
Seat 1: fdb10746 ($11.13 in chips)
Seat 2: Hero ($10 in chips)
Seat 3: b19aac36 ($13.19 in chips)
Seat 4: b8ee637f ($36.4 in chips)
Seat 6: 94b89e06 ($10 in chips)
Hero: posts small blind $0.05
b19aac36: posts big blind $0.1
*** HOLE CARDS ***
Dealt to fdb10746 
Dealt to Hero [Ts 9h]
Dealt to b19aac36 
Dealt to b8ee637f 
Dealt to 94b89e06 
b8ee637f: folds
94b89e06: folds
fdb10746: raises $0.1 to $0.2
Hero: folds
b19aac36: calls $0.1
*** FLOP *** [7c Kh Tc]
b19aac36: checks
fdb10746: bets $0.15
b19aac36: folds
Uncalled bet ($0.15) returned to fdb10746
*** SHOWDOWN ***
fdb10746 collected $0.43 from pot
*** SUMMARY ***
Total pot $0.45 | Rake $0.02 | Jackpot $0 | Bingo $0 | Fortune $0 | Tax $0
Board [7c Kh Tc]
Seat 1: fdb10746 (button) won ($0.43)
Seat 2: Hero (small blind) folded before Flop
Seat 3: b19aac36 (big blind) folded on the Flop
Seat 4: b8ee637f folded before Flop (didn't bet)
Seat 6: 94b89e06 folded before Flop (didn't bet)


Poker Hand #HD1755815279: Hold'em No Limit ($0.05/$0.1) - 2024/05/02 19:35:30
Table 'NLHRed13' 6-max Seat #6 is the button
Seat 1: fdb10746 ($11.18 in chips)
Seat 2: Hero ($10 in chips)
Seat 3: b19aac36 ($13.19 in chips)
Seat 4: b8ee637f ($36.25 in chips)
Seat 6: 94b89e06 ($10 in chips)
fdb10746: posts small blind $0.05
Hero: posts big blind $0.1
*** HOLE CARDS ***
Dealt to fdb10746 
Dealt to Hero [6d 3c]
Dealt to b19aac36 
Dealt to b8ee637f 
Dealt to 94b89e06 
b19aac36: folds
b8ee637f: raises $0.1 to $0.2
94b89e06: folds
fdb10746: folds
Hero: folds
Uncalled bet ($0.1) returned to b8ee637f
*** SHOWDOWN ***
b8ee637f collected $0.25 from pot
*** SUMMARY ***
Total pot $0.25 | Rake $0 | Jackpot $0 | Bingo $0 | Fortune $0 | Tax $0
Seat 1: fdb10746 (small blind) folded before Flop
Seat 2: Hero (big blind) folded before Flop
Seat 3: b19aac36 folded before Flop (didn't bet)
Seat 4: b8ee637f collected ($0.25)
Seat 6: 94b89e06 (button) folded before Flop (didn't bet)


Poker Hand #HD1755815259: Hold'em No Limit ($0.05/$0.1) - 2024/05/02 19:35:22
Table 'NLHRed13' 6-max Seat #4 is the button
Seat 1: fdb10746 ($11.13 in chips)
Seat 2: Hero ($10 in chips)
Seat 3: b19aac36 ($13.19 in chips)
Seat 4: b8ee637f ($36.25 in chips)
Seat 6: 94b89e06 ($10 in chips)
94b89e06: posts small blind $0.05
fdb10746: posts big blind $0.1
*** HOLE CARDS ***
Dealt to fdb10746 
Dealt to Hero [9s 7d]
Dealt to b19aac36 
Dealt to b8ee637f 
Dealt to 94b89e06 
Hero: folds
b19aac36: folds
b8ee637f: folds
94b89e06: folds
Uncalled bet ($0.05) returned to fdb10746
*** SHOWDOWN ***
fdb10746 collected $0.1 from pot
*** SUMMARY ***
Total pot $0.1 | Rake $0 | Jackpot $0 | Bingo $0 | Fortune $0 | Tax $0
Seat 1: fdb10746 (big blind) collected ($0.1)
Seat 2: Hero folded before Flop (didn't bet)
Seat 3: b19aac36 folded before Flop (didn't bet)
Seat 4: b8ee637f (button) folded before Flop (didn't bet)
Seat 6: 94b89e06 (small blind) folded before Flop


Poker Hand #HD1755814989: Hold'em No Limit ($0.05/$0.1) - 2024/05/02 19:33:42
Table 'NLHRed13' 6-max Seat #3 is the button
Seat 1: fdb10746 ($11.13 in chips)
Seat 2: Hero ($10 in chips)
Seat 3: b19aac36 ($13.19 in chips)
Seat 4: b8ee637f ($33.14 in chips)
Seat 5: 17b2c52c ($5.51 in chips)
Seat 6: 94b89e06 ($10 in chips)
b8ee637f: posts small blind $0.05
17b2c52c: posts big blind $0.1
*** HOLE CARDS ***
Dealt to fdb10746 
Dealt to Hero [Qc Tc]
Dealt to b19aac36 
Dealt to b8ee637f 
Dealt to 17b2c52c 
Dealt to 94b89e06 
94b89e06: raises $0.15 to $0.25
fdb10746: folds
Hero: folds
b19aac36: folds
b8ee637f: raises $0.85 to $1.1
17b2c52c: folds
94b89e06: calls $0.85
*** FLOP *** [2c 9h 6c]
b8ee637f: bets $0.6
94b89e06: calls $0.6
*** TURN *** [2c 9h 6c] [5h]
b8ee637f: checks
94b89e06: bets $1.75
b8ee637f: raises $29.69 to $31.44 and is all-in
94b89e06: folds
Uncalled bet ($29.69) returned to b8ee637f
*** SHOWDOWN ***
b8ee637f collected $6.56 from pot
*** SUMMARY ***
Total pot $7 | Rake $0.34 | Jackpot $0.1 | Bingo $0 | Fortune $0 | Tax $0
Board [2c 9h 6c 5h]
Seat 1: fdb10746 folded before Flop (didn't bet)
Seat 2: Hero folded before Flop (didn't bet)
Seat 3: b19aac36 (button) folded before Flop (didn't bet)
Seat 4: b8ee637f (small blind) won ($6.56)
Seat 5: 17b2c52c (big blind) folded before Flop
Seat 6: 94b89e06 folded on the Turn


Poker Hand #HD1755814841: Hold'em No Limit ($0.05/$0.1) - 2024/05/02 19:32:46
Table 'NLHRed13' 6-max Seat #2 is the button
Seat 1: fdb10746 ($11.13 in chips)
Seat 2: Hero ($10 in chips)
Seat 3: b19aac36 ($13.24 in chips)
Seat 4: b8ee637f ($33.45 in chips)
Seat 5: 17b2c52c ($5.83 in chips)
Seat 6: 94b89e06 ($10 in chips)
b19aac36: posts small blind $0.05
b8ee637f: posts big blind $0.1
*** HOLE CARDS ***
Dealt to fdb10746 
Dealt to Hero [9s 4c]
Dealt to b19aac36 
Dealt to b8ee637f 
Dealt to 17b2c52c 
Dealt to 94b89e06 
17b2c52c: raises $5.73 to $5.83 and is all-in
94b89e06: folds
fdb10746: folds
Hero: folds
b19aac36: folds
b8ee637f: calls $5.73
17b2c52c: shows [4h 4s]
b8ee637f: shows [7h Ah]
*** FIRST FLOP *** [Qh Kh Th]
*** FIRST TURN *** [Qh Kh Th] [9c]
*** FIRST RIVER *** [Qh Kh Th 9c] [6s]
*** SECOND FLOP *** [5c Qc 2h]
*** SECOND TURN *** [5c Qc 2h] [2s]
*** SECOND RIVER *** [5c Qc 2h 2s] [5d]
*** FIRST SHOWDOWN ***
b8ee637f collected $5.52 from pot
*** SECOND SHOWDOWN ***
17b2c52c collected $5.51 from pot
*** SUMMARY ***
Total pot $11.71 | Rake $0.58 | Jackpot $0.1 | Bingo $0 | Fortune $0 | Tax $0
Hand was run two times
FIRST Board [Qh Kh Th 9c 6s]
SECOND Board [5c Qc 2h 2s 5d]
Seat 1: fdb10746 folded before Flop (didn't bet)
Seat 2: Hero (button) folded before Flop (didn't bet)
Seat 3: b19aac36 (small blind) folded before Flop
Seat 4: b8ee637f (big blind) showed [7h Ah] and won ($5.52) with Ace High Flush, and lost with Pair of Fives and Pair of Twos
Seat 5: 17b2c52c showed [4h 4s] and lost with Pair of Fours, and won ($5.51) with Pair of Fives and Pair of Fours
Seat 6: 94b89e06 folded before Flop (didn't bet)


Poker Hand #HD1755814785: Hold'em No Limit ($0.05/$0.1) - 2024/05/02 19:32:27
Table 'NLHRed13' 6-max Seat #1 is the button
Seat 1: fdb10746 ($11.13 in chips)
Seat 2: Hero ($10 in chips)
Seat 3: b19aac36 ($13.34 in chips)
Seat 4: b8ee637f ($33.45 in chips)
Seat 5: 17b2c52c ($5.68 in chips)
Seat 6: 94b89e06 ($10 in chips)
Hero: posts small blind $0.05
b19aac36: posts big blind $0.1
*** HOLE CARDS ***
Dealt to fdb10746 
Dealt to Hero [3c Kd]
Dealt to b19aac36 
Dealt to b8ee637f 
Dealt to 17b2c52c 
Dealt to 94b89e06 
b8ee637f: folds
17b2c52c: raises $0.2 to $0.3
94b89e06: folds
fdb10746: folds
Hero: folds
b19aac36: folds
Uncalled bet ($0.2) returned to 17b2c52c
*** SHOWDOWN ***
17b2c52c collected $0.25 from pot
*** SUMMARY ***
Total pot $0.25 | Rake $0 | Jackpot $0 | Bingo $0 | Fortune $0 | Tax $0
Seat 1: fdb10746 (button) folded before Flop (didn't bet)
Seat 2: Hero (small blind) folded before Flop
Seat 3: b19aac36 (big blind) folded before Flop
Seat 4: b8ee637f folded before Flop (didn't bet)
Seat 5: 17b2c52c collected ($0.25)
Seat 6: 94b89e06 folded before Flop (didn't bet)


Poker Hand #HD1755814495: Hold'em No Limit ($0.05/$0.1) - 2024/05/02 19:30:42
Table 'NLHRed13' 6-max Seat #6 is the button
Seat 1: fdb10746 ($11.18 in chips)
Seat 2: Hero ($10 in chips)
Seat 3: b19aac36 ($13.34 in chips)
Seat 4: b8ee637f ($17.2 in chips)
Seat 5: 17b2c52c ($22.88 in chips)
Seat 6: 94b89e06 ($10 in chips)
fdb10746: posts small blind $0.05
Hero: posts big blind $0.1
*** HOLE CARDS ***
Dealt to fdb10746 
Dealt to Hero [8h Kc]
Dealt to b19aac36 
Dealt to b8ee637f 
Dealt to 17b2c52c 
Dealt to 94b89e06 
b19aac36: folds
b8ee637f: raises $0.1 to $0.2
17b2c52c: raises $0.42 to $0.62
94b89e06: folds
fdb10746: folds
Hero: folds
b8ee637f: calls $0.42
*** FLOP *** [7c 4h 4c]
b8ee637f: checks
17b2c52c: bets $0.7
b8ee637f: calls $0.7
*** TURN *** [7c 4h 4c] [5s]
b8ee637f: checks
17b2c52c: bets $0.93
b8ee637f: raises $2.07 to $3
17b2c52c: calls $2.07
*** RIVER *** [7c 4h 4c 5s] [7s]
b8ee637f: bets $12.88 and is all-in
17b2c52c: calls $12.88
b8ee637f: shows [6d 8d] (Eights-High Straight)
17b2c52c: shows [As Ah] (Pair of Aces and Pair of Sevens)
*** SHOWDOWN ***
b8ee637f collected $33.45 from pot
*** SUMMARY ***
Total pot $34.55 | Rake $1 | Jackpot $0.1 | Bingo $0 | Fortune $0 | Tax $0
Board [7c 4h 4c 5s 7s]
Seat 1: fdb10746 (small blind) folded before Flop
Seat 2: Hero (big blind) folded before Flop
Seat 3: b19aac36 folded before Flop (didn't bet)
Seat 4: b8ee637f showed [6d 8d] and won ($33.45) with Eights-High Straight
Seat 5: 17b2c52c showed [As Ah] and lost with Pair of Aces and Pair of Sevens
Seat 6: 94b89e06 (button) folded before Flop (didn't bet)


Poker Hand #HD1755814317: Hold'em No Limit ($0.05/$0.1) - 2024/05/02 19:29:40
Table 'NLHRed13' 6-max Seat #5 is the button
Seat 1: fdb10746 ($12.8 in chips)
Seat 2: Hero ($10 in chips)
Seat 3: b19aac36 ($13.34 in chips)
Seat 4: b8ee637f ($17.2 in chips)
Seat 5: 17b2c52c ($21.47 in chips)
Seat 6: 94b89e06 ($10 in chips)
94b89e06: posts small blind $0.05
fdb10746: posts big blind $0.1
*** HOLE CARDS ***
Dealt to fdb10746 
Dealt to Hero [5d 7c]
Dealt to b19aac36 
Dealt to b8ee637f 
Dealt to 17b2c52c 
Dealt to 94b89e06 
Hero: folds
b19aac36: folds
b8ee637f: folds
17b2c52c: raises $0.2 to $0.3
94b89e06: folds
fdb10746: calls $0.2
*** FLOP *** [4c As 7s]
fdb10746: checks
17b2c52c: checks
*** TURN *** [4c As 7s] [2s]
fdb10746: checks
17b2c52c: bets $0.33
fdb10746: raises $0.99 to $1.32
17b2c52c: calls $0.99
*** RIVER *** [4c As 7s 2s] [9h]
fdb10746: checks
17b2c52c: bets $2.47
fdb10746: folds
Uncalled bet ($2.47) returned to 17b2c52c
*** SHOWDOWN ***
17b2c52c collected $3.03 from pot
*** SUMMARY ***
Total pot $3.29 | Rake $0.16 | Jackpot $0.1 | Bingo $0 | Fortune $0 | Tax $0
Board [4c As 7s 2s 9h]
Seat 1: fdb10746 (big blind) folded on the River
Seat 2: Hero folded before Flop (didn't bet)
Seat 3: b19aac36 folded before Flop (didn't bet)
Seat 4: b8ee637f folded before Flop (didn't bet)
Seat 5: 17b2c52c (button) won ($3.03)
Seat 6: 94b89e06 (small blind) folded before Flop


Poker Hand #HD1755814238: Hold'em No Limit ($0.05/$0.1) - 2024/05/02 19:29:11
Table 'NLHRed13' 6-max Seat #4 is the button
Seat 1: fdb10746 ($12.8 in chips)
Seat 2: Hero ($10 in chips)
Seat 3: b19aac36 ($13.34 in chips)
Seat 4: b8ee637f ($17.2 in chips)
Seat 5: 17b2c52c ($21.2 in chips)
Seat 6: 94b89e06 ($10.07 in chips)
17b2c52c: posts small blind $0.05
94b89e06: posts big blind $0.1
*** HOLE CARDS ***
Dealt to fdb10746 
Dealt to Hero [Jh 3c]
Dealt to b19aac36 
Dealt to b8ee637f 
Dealt to 17b2c52c 
Dealt to 94b89e06 
fdb10746: folds
Hero: folds
b19aac36: folds
b8ee637f: folds
17b2c52c: raises $0.2 to $0.3
94b89e06: calls $0.2
*** FLOP *** [2c Jd Qs]
17b2c52c: bets $0.3
94b89e06: folds
Uncalled bet ($0.3) returned to 17b2c52c
*** SHOWDOWN ***
17b2c52c collected $0.57 from pot
*** SUMMARY ***
Total pot $0.6 | Rake $0.03 | Jackpot $0 | Bingo $0 | Fortune $0 | Tax $0
Board [2c Jd Qs]
Seat 1: fdb10746 folded before Flop (didn't bet)
Seat 2: Hero folded before Flop (didn't bet)
Seat 3: b19aac36 folded before Flop (didn't bet)
Seat 4: b8ee637f (button) folded before Flop (didn't bet)
Seat 5: 17b2c52c (small blind) won ($0.57)
Seat 6: 94b89e06 (big blind) folded on the Flop


Poker Hand #HD1755814178: Hold'em No Limit ($0.05/$0.1) - 2024/05/02 19:28:51
Table 'NLHRed13' 6-max Seat #3 is the button
Seat 1: fdb10746 ($12.8 in chips)
Seat 2: Hero ($10 in chips)
Seat 3: b19aac36 ($13.34 in chips)
Seat 4: b8ee637f ($17.25 in chips)
Seat 5: 17b2c52c ($21.15 in chips)
Seat 6: 94b89e06 ($10.07 in chips)
b8ee637f: posts small blind $0.05
17b2c52c: posts big blind $0.1
*** HOLE CARDS ***
Dealt to fdb10746 
Dealt to Hero [As 6h]
Dealt to b19aac36 
Dealt to b8ee637f 
Dealt to 17b2c52c 
Dealt to 94b89e06 
94b89e06: folds
fdb10746: folds
Hero: folds
b19aac36: folds
b8ee637f: folds
Uncalled bet ($0.05) returned to 17b2c52c
*** SHOWDOWN ***
17b2c52c collected $0.1 from pot
*** SUMMARY ***
Total pot $0.1 | Rake $0 | Jackpot $0 | Bingo $0 | Fortune $0 | Tax $0
Seat 1: fdb10746 folded before Flop (didn't bet)
Seat 2: Hero folded before Flop (didn't bet)
Seat 3: b19aac36 (button) folded before Flop (didn't bet)
Seat 4: b8ee637f (small blind) folded before Flop
Seat 5: 17b2c52c (big blind) collected ($0.1)
Seat 6: 94b89e06 folded before Flop (didn't bet)


Poker Hand #HD1755814006: Hold'em No Limit ($0.05/$0.1) - 2024/05/02 19:27:48
Table 'NLHRed13' 6-max Seat #2 is the button
Seat 1: fdb10746 ($12.8 in chips)
Seat 2: Hero ($10 in chips)
Seat 3: b19aac36 ($13.39 in chips)
Seat 4: b8ee637f ($15.39 in chips)
Seat 5: 17b2c52c ($23.26 in chips)
Seat 6: 94b89e06 ($10.07 in chips)
b19aac36: posts small blind $0.05
b8ee637f: posts big blind $0.1
*** HOLE CARDS ***
Dealt to fdb10746 
Dealt to Hero [2h 6s]
Dealt to b19aac36 
Dealt to b8ee637f 
Dealt to 17b2c52c 
Dealt to 94b89e06 
17b2c52c: raises $0.2 to $0.3
94b89e06: folds
fdb10746: folds
Hero: folds
b19aac36: folds
b8ee637f: raises $0.9 to $1.2
17b2c52c: calls $0.9
*** FLOP *** [3h 8h 4c]
b8ee637f: bets $0.91
17b2c52c: calls $0.91
*** TURN *** [3h 8h 4c] [7h]
b8ee637f: checks
17b2c52c: checks
*** RIVER *** [3h 8h 4c 7h] [6h]
b8ee637f: bets $1.41
17b2c52c: folds
Uncalled bet ($1.41) returned to b8ee637f
b8ee637f: shows [As] (Ace-High)
*** SHOWDOWN ***
b8ee637f collected $3.97 from pot
*** SUMMARY ***
Total pot $4.27 | Rake $0.2 | Jackpot $0.1 | Bingo $0 | Fortune $0 | Tax $0
Board [3h 8h 4c 7h 6h]
Seat 1: fdb10746 folded before Flop (didn't bet)
Seat 2: Hero (button) folded before Flop (didn't bet)
Seat 3: b19aac36 (small blind) folded before Flop
Seat 4: b8ee637f (big blind) showed [As] and won ($3.97)
Seat 5: 17b2c52c folded on the River
Seat 6: 94b89e06 folded before Flop (didn't bet)


Poker Hand #HD1755813970: Hold'em No Limit ($0.05/$0.1) - 2024/05/02 19:27:35
Table 'NLHRed13' 6-max Seat #1 is the button
Seat 1: fdb10746 ($12.8 in chips)
Seat 2: Hero ($10 in chips)
Seat 3: b19aac36 ($13.34 in chips)
Seat 4: b8ee637f ($15.39 in chips)
Seat 5: 17b2c52c ($23.26 in chips)
Seat 6: 94b89e06 ($10.07 in chips)
Hero: posts small blind $0.05
b19aac36: posts big blind $0.1
*** HOLE CARDS ***
Dealt to fdb10746 
Dealt to Hero [8s Kd]
Dealt to b19aac36 
Dealt to b8ee637f 
Dealt to 17b2c52c 
Dealt to 94b89e06 
b8ee637f: folds
17b2c52c: folds
94b89e06: folds
fdb10746: folds
Hero: folds
Uncalled bet ($0.05) returned to b19aac36
*** SHOWDOWN ***
b19aac36 collected $0.1 from pot
*** SUMMARY ***
Total pot $0.1 | Rake $0 | Jackpot $0 | Bingo $0 | Fortune $0 | Tax $0
Seat 1: fdb10746 (button) folded before Flop (didn't bet)
Seat 2: Hero (small blind) folded before Flop
Seat 3: b19aac36 (big blind) collected ($0.1)
Seat 4: b8ee637f folded before Flop (didn't bet)
Seat 5: 17b2c52c folded before Flop (didn't bet)
Seat 6: 94b89e06 folded before Flop (didn't bet)


Poker Hand #HD1755813817: Hold'em No Limit ($0.05/$0.1) - 2024/05/02 19:26:44
Table 'NLHRed13' 6-max Seat #6 is the button
Seat 1: fdb10746 ($12.85 in chips)
Seat 2: Hero ($10 in chips)
Seat 3: b19aac36 ($13.34 in chips)
Seat 4: b8ee637f ($16.74 in chips)
Seat 5: 17b2c52c ($21.8 in chips)
Seat 6: 94b89e06 ($10.07 in chips)
fdb10746: posts small blind $0.05
Hero: posts big blind $0.1
*** HOLE CARDS ***
Dealt to fdb10746 
Dealt to Hero [2c 2s]
Dealt to b19aac36 
Dealt to b8ee637f 
Dealt to 17b2c52c 
Dealt to 94b89e06 
b19aac36: folds
b8ee637f: raises $0.1 to $0.2
17b2c52c: calls $0.2
94b89e06: folds
fdb10746: folds
Hero: calls $0.1
*** FLOP *** [Jc Ah 9d]
Hero: checks
b8ee637f: bets $0.2
17b2c52c: calls $0.2
Hero: folds
*** TURN *** [Jc Ah 9d] [6c]
b8ee637f: bets $0.95
17b2c52c: raises $1.48 to $2.43
b8ee637f: folds
Uncalled bet ($1.48) returned to 17b2c52c
b8ee637f: shows [Qc Kd] (Ace-High)
*** SHOWDOWN ***
17b2c52c collected $2.81 from pot
*** SUMMARY ***
Total pot $2.95 | Rake $0.14 | Jackpot $0 | Bingo $0 | Fortune $0 | Tax $0
Board [Jc Ah 9d 6c]
Seat 1: fdb10746 (small blind) folded before Flop
Seat 2: Hero (big blind) folded on the Flop
Seat 3: b19aac36 folded before Flop (didn't bet)
Seat 4: b8ee637f folded on the Turn
Seat 5: 17b2c52c won ($2.81)
Seat 6: 94b89e06 (button) folded before Flop (didn't bet)


Poker Hand #HD1755813717: Hold'em No Limit ($0.05/$0.1) - 2024/05/02 19:26:08
Table 'NLHRed13' 6-max Seat #5 is the button
Seat 1: fdb10746 ($12.95 in chips)
Seat 2: Hero ($10.15 in chips)
Seat 3: b19aac36 ($13.01 in chips)
Seat 4: b8ee637f ($16.74 in chips)
Seat 5: 17b2c52c ($21.8 in chips)
Seat 6: 94b89e06 ($10.12 in chips)
94b89e06: posts small blind $0.05
fdb10746: posts big blind $0.1
*** HOLE CARDS ***
Dealt to fdb10746 
Dealt to Hero [Qc As]
Dealt to b19aac36 
Dealt to b8ee637f 
Dealt to 17b2c52c 
Dealt to 94b89e06 
Hero: raises $0.1 to $0.2
b19aac36: raises $0.5 to $0.7
b8ee637f: folds
17b2c52c: folds
94b89e06: folds
fdb10746: folds
Hero: folds
Uncalled bet ($0.5) returned to b19aac36
17b2c52c: shows [8h]
*** SHOWDOWN ***
b19aac36 collected $0.53 from pot
*** SUMMARY ***
Total pot $0.55 | Rake $0.02 | Jackpot $0 | Bingo $0 | Fortune $0 | Tax $0
Seat 1: fdb10746 (big blind) folded before Flop
Seat 2: Hero folded before Flop
Seat 3: b19aac36 collected ($0.53)
Seat 4: b8ee637f folded before Flop (didn't bet)
Seat 5: 17b2c52c (button) folded before Flop (didn't bet)
Seat 6: 94b89e06 (small blind) folded before Flop


Poker Hand #HD1755813621: Hold'em No Limit ($0.05/$0.1) - 2024/05/02 19:25:37
Table 'NLHRed13' 6-max Seat #4 is the button
Seat 1: fdb10746 ($12.95 in chips)
Seat 2: Hero ($10 in chips)
Seat 3: b19aac36 ($13.01 in chips)
Seat 4: b8ee637f ($16.74 in chips)
Seat 5: 17b2c52c ($21.85 in chips)
Seat 6: 94b89e06 ($10.22 in chips)
17b2c52c: posts small blind $0.05
94b89e06: posts big blind $0.1
*** HOLE CARDS ***
Dealt to fdb10746 
Dealt to Hero [Kc Kh]
Dealt to b19aac36 
Dealt to b8ee637f 
Dealt to 17b2c52c 
Dealt to 94b89e06 
fdb10746: folds
Hero: raises $0.1 to $0.2
b19aac36: folds
b8ee637f: folds
17b2c52c: folds
94b89e06: folds
Uncalled bet ($0.1) returned to Hero
*** SHOWDOWN ***
Hero collected $0.25 from pot
*** SUMMARY ***
Total pot $0.25 | Rake $0 | Jackpot $0 | Bingo $0 | Fortune $0 | Tax $0
Seat 1: fdb10746 folded before Flop (didn't bet)
Seat 2: Hero collected ($0.25)
Seat 3: b19aac36 folded before Flop (didn't bet)
Seat 4: b8ee637f (button) folded before Flop (didn't bet)
Seat 5: 17b2c52c (small blind) folded before Flop
Seat 6: 94b89e06 (big blind) folded before Flop


Poker Hand #HD1755813284: Hold'em No Limit ($0.05/$0.1) - 2024/05/02 19:23:35
Table 'NLHRed13' 6-max Seat #3 is the button
Seat 1: fdb10746 ($13.45 in chips)
Seat 2: Hero ($10 in chips)
Seat 3: b19aac36 ($13.01 in chips)
Seat 4: b8ee637f ($17.24 in chips)
Seat 5: 17b2c52c ($21.95 in chips)
Seat 6: 94b89e06 ($10.22 in chips)
b8ee637f: posts small blind $0.05
17b2c52c: posts big blind $0.1
*** HOLE CARDS ***
Dealt to fdb10746 
Dealt to Hero [2c 8h]
Dealt to b19aac36 
Dealt to b8ee637f 
Dealt to 17b2c52c 
Dealt to 94b89e06 
94b89e06: folds
fdb10746: raises $0.1 to $0.2
Hero: folds
b19aac36: folds
b8ee637f: raises $0.8 to $1
17b2c52c: folds
fdb10746: calls $0.8
*** FLOP *** [Ad 5s 8c]
b8ee637f: bets $0.7
fdb10746: calls $0.7
*** TURN *** [Ad 5s 8c] [3d]
b8ee637f: checks
fdb10746: bets $2.63
b8ee637f: calls $2.63
*** RIVER *** [Ad 5s 8c 3d] [5h]
b8ee637f: checks
fdb10746: bets $9.12 and is all-in
b8ee637f: calls $9.12
fdb10746: shows [Kh Ah] (Pair of Aces and Pair of Fives)
b8ee637f: shows [Ac Kd] (Pair of Aces and Pair of Fives)
*** SHOWDOWN ***
b8ee637f collected $12.95 from pot
fdb10746 collected $12.95 from pot
*** SUMMARY ***
Total pot $27 | Rake $1 | Jackpot $0.1 | Bingo $0 | Fortune $0 | Tax $0
Board [Ad 5s 8c 3d 5h]
Seat 1: fdb10746 showed [Kh Ah] and won ($12.95) with Pair of Aces and Pair of Fives
Seat 2: Hero folded before Flop (didn't bet)
Seat 3: b19aac36 (button) folded before Flop (didn't bet)
Seat 4: b8ee637f (small blind) showed [Ac Kd] and won ($12.95) with Pair of Aces and Pair of Fives
Seat 5: 17b2c52c (big blind) folded before Flop
Seat 6: 94b89e06 folded before Flop (didn't bet)


Poker Hand #HD1755813249: Hold'em No Limit ($0.05/$0.1) - 2024/05/02 19:23:20
Table 'NLHRed13' 6-max Seat #2 is the button
Seat 1: fdb10746 ($13.45 in chips)
Seat 2: Hero ($10 in chips)
Seat 3: b19aac36 ($13.06 in chips)
Seat 4: b8ee637f ($17.34 in chips)
Seat 5: 17b2c52c ($21.8 in chips)
Seat 6: 94b89e06 ($10.22 in chips)
b19aac36: posts small blind $0.05
b8ee637f: posts big blind $0.1
*** HOLE CARDS ***
Dealt to fdb10746 
Dealt to Hero [Ks 2s]
Dealt to b19aac36 
Dealt to b8ee637f 
Dealt to 17b2c52c 
Dealt to 94b89e06 
17b2c52c: raises $0.2 to $0.3
94b89e06: folds
fdb10746: folds
Hero: folds
b19aac36: folds
b8ee637f: folds
Uncalled bet ($0.2) returned to 17b2c52c
*** SHOWDOWN ***
17b2c52c collected $0.25 from pot
*** SUMMARY ***
Total pot $0.25 | Rake $0 | Jackpot $0 | Bingo $0 | Fortune $0 | Tax $0
Seat 1: fdb10746 folded before Flop (didn't bet)
Seat 2: Hero (button) folded before Flop (didn't bet)
Seat 3: b19aac36 (small blind) folded before Flop
Seat 4: b8ee637f (big blind) folded before Flop
Seat 5: 17b2c52c collected ($0.25)
Seat 6: 94b89e06 folded before Flop (didn't bet)


Poker Hand #HD1755813204: Hold'em No Limit ($0.05/$0.1) - 2024/05/02 19:23:04
Table 'NLHRed13' 6-max Seat #1 is the button
Seat 1: fdb10746 ($13.45 in chips)
Seat 2: Hero ($10 in chips)
Seat 3: b19aac36 ($13.16 in chips)
Seat 4: b8ee637f ($17.19 in chips)
Seat 5: 17b2c52c ($21.8 in chips)
Seat 6: 94b89e06 ($10.22 in chips)
Hero: posts small blind $0.05
b19aac36: posts big blind $0.1
*** HOLE CARDS ***
Dealt to fdb10746 
Dealt to Hero [8c Ts]
Dealt to b19aac36 
Dealt to b8ee637f 
Dealt to 17b2c52c 
Dealt to 94b89e06 
b8ee637f: raises $0.1 to $0.2
17b2c52c: folds
94b89e06: folds
fdb10746: folds
Hero: folds
b19aac36: folds
Uncalled bet ($0.1) returned to b8ee637f
*** SHOWDOWN ***
b8ee637f collected $0.25 from pot
*** SUMMARY ***
Total pot $0.25 | Rake $0 | Jackpot $0 | Bingo $0 | Fortune $0 | Tax $0
Seat 1: fdb10746 (button) folded before Flop (didn't bet)
Seat 2: Hero (small blind) folded before Flop
Seat 3: b19aac36 (big blind) folded before Flop
Seat 4: b8ee637f collected ($0.25)
Seat 5: 17b2c52c folded before Flop (didn't bet)
Seat 6: 94b89e06 folded before Flop (didn't bet)


Poker Hand #HD1755812883: Hold'em No Limit ($0.05/$0.1) - 2024/05/02 19:21:15
Table 'NLHRed13' 6-max Seat #6 is the button
Seat 1: fdb10746 ($13.65 in chips)
Seat 2: Hero ($10 in chips)
Seat 3: b19aac36 ($10 in chips)
Seat 4: b8ee637f ($20.27 in chips)
Seat 5: 17b2c52c ($22 in chips)
Seat 6: 94b89e06 ($10.22 in chips)
fdb10746: posts small blind $0.05
Hero: posts big blind $0.1
*** HOLE CARDS ***
Dealt to fdb10746 
Dealt to Hero [7s 3h]
Dealt to b19aac36 
Dealt to b8ee637f 
Dealt to 17b2c52c 
Dealt to 94b89e06 
b19aac36: raises $0.1 to $0.2
b8ee637f: calls $0.2
17b2c52c: calls $0.2
94b89e06: folds
fdb10746: calls $0.15
Hero: folds
*** FLOP *** [9d 6d Ac]
fdb10746: checks
b19aac36: bets $0.33
b8ee637f: calls $0.33
17b2c52c: folds
fdb10746: folds
*** TURN *** [9d 6d Ac] [Kd]
b19aac36: bets $0.45
b8ee637f: calls $0.45
*** RIVER *** [9d 6d Ac Kd] [7d]
b19aac36: bets $2.1
b8ee637f: calls $2.1
b19aac36: shows [Ad Jh] (Ace High Flush)
b8ee637f: shows [Qd As] (King High Flush)
*** SHOWDOWN ***
b19aac36 collected $6.24 from pot
*** SUMMARY ***
Total pot $6.66 | Rake $0.32 | Jackpot $0.1 | Bingo $0 | Fortune $0 | Tax $0
Board [9d 6d Ac Kd 7d]
Seat 1: fdb10746 (small blind) folded on the Flop
Seat 2: Hero (big blind) folded before Flop
Seat 3: b19aac36 showed [Ad Jh] and won ($6.24) with Ace High Flush
Seat 4: b8ee637f showed [Qd As] and lost with King High Flush
Seat 5: 17b2c52c folded on the Flop
Seat 6: 94b89e06 (button) folded before Flop (didn't bet)


