Poker Hand #HD1826878027: Hold'em No Limit ($0.05/$0.1) - 2024/06/22 19:42:28
Table 'NLHRed76' 6-max Seat #5 is the button
Seat 2: 6e973b97 ($10.05 in chips)
Seat 3: 9abf3513 ($12.27 in chips)
Seat 4: e0b327e4 ($26.97 in chips)
Seat 5: Hero ($17.12 in chips)
6e973b97: posts small blind $0.05
9abf3513: posts big blind $0.1
*** HOLE CARDS ***
Dealt to 6e973b97 
Dealt to 9abf3513 
Dealt to e0b327e4 
Dealt to Hero [3h Qh]
e0b327e4: folds
Hero: folds
6e973b97: raises $0.2 to $0.3
9abf3513: calls $0.2
*** FLOP *** [Ad 5s 3d]
6e973b97: bets $0.33
9abf3513: folds
Uncalled bet ($0.33) returned to 6e973b97
*** SHOWDOWN ***
6e973b97 collected $0.57 from pot
*** SUMMARY ***
Total pot $0.6 | Rake $0.03 | Jackpot $0 | Bingo $0 | Fortune $0 | Tax $0
Board [Ad 5s 3d]
Seat 2: 6e973b97 (small blind) won ($0.57)
Seat 3: 9abf3513 (big blind) folded on the Flop
Seat 4: e0b327e4 folded before Flop (didn't bet)
Seat 5: Hero (button) folded before Flop (didn't bet)


Poker Hand #HD1826878006: Hold'em No Limit ($0.05/$0.1) - 2024/06/22 19:42:19
Table 'NLHRed76' 6-max Seat #4 is the button
Seat 2: 6e973b97 ($10 in chips)
Seat 3: 9abf3513 ($12.27 in chips)
Seat 4: e0b327e4 ($26.97 in chips)
Seat 5: Hero ($17.17 in chips)
Hero: posts small blind $0.05
6e973b97: posts big blind $0.1
*** HOLE CARDS ***
Dealt to 6e973b97 
Dealt to 9abf3513 
Dealt to e0b327e4 
Dealt to Hero [9s Qh]
9abf3513: folds
e0b327e4: folds
Hero: folds
Uncalled bet ($0.05) returned to 6e973b97
*** SHOWDOWN ***
6e973b97 collected $0.1 from pot
*** SUMMARY ***
Total pot $0.1 | Rake $0 | Jackpot $0 | Bingo $0 | Fortune $0 | Tax $0
Seat 2: 6e973b97 (big blind) collected ($0.1)
Seat 3: 9abf3513 folded before Flop (didn't bet)
Seat 4: e0b327e4 (button) folded before Flop (didn't bet)
Seat 5: Hero (small blind) folded before Flop


Poker Hand #HD1826877977: Hold'em No Limit ($0.05/$0.1) - 2024/06/22 19:42:07
Table 'NLHRed76' 6-max Seat #3 is the button
Seat 1: 898af22b ($14.59 in chips)
Seat 3: 9abf3513 ($12.27 in chips)
Seat 4: e0b327e4 ($27.02 in chips)
Seat 5: Hero ($17.12 in chips)
Seat 6: fa06f619 ($10.47 in chips)
e0b327e4: posts small blind $0.05
Hero: posts big blind $0.1
*** HOLE CARDS ***
Dealt to 898af22b 
Dealt to 9abf3513 
Dealt to e0b327e4 
Dealt to Hero [3h 5s]
Dealt to fa06f619 
fa06f619: folds
898af22b: folds
9abf3513: folds
e0b327e4: folds
Uncalled bet ($0.05) returned to Hero
*** SHOWDOWN ***
Hero collected $0.1 from pot
*** SUMMARY ***
Total pot $0.1 | Rake $0 | Jackpot $0 | Bingo $0 | Fortune $0 | Tax $0
Seat 1: 898af22b folded before Flop (didn't bet)
Seat 3: 9abf3513 (button) folded before Flop (didn't bet)
Seat 4: e0b327e4 (small blind) folded before Flop
Seat 5: Hero (big blind) collected ($0.1)
Seat 6: fa06f619 folded before Flop (didn't bet)


Poker Hand #HD1826877846: Hold'em No Limit ($0.05/$0.1) - 2024/06/22 19:40:54
Table 'NLHRed76' 6-max Seat #1 is the button
Seat 1: 898af22b ($10 in chips)
Seat 2: 204af5cd ($4.88 in chips)
Seat 3: 9abf3513 ($12.57 in chips)
Seat 4: e0b327e4 ($27.02 in chips)
Seat 5: Hero ($17.12 in chips)
Seat 6: fa06f619 ($10.47 in chips)
204af5cd: posts small blind $0.05
9abf3513: posts big blind $0.1
*** HOLE CARDS ***
Dealt to 898af22b 
Dealt to 204af5cd 
Dealt to 9abf3513 
Dealt to e0b327e4 
Dealt to Hero [5s Ac]
Dealt to fa06f619 
e0b327e4: folds
Hero: folds
fa06f619: folds
898af22b: raises $0.2 to $0.3
204af5cd: calls $0.25
9abf3513: calls $0.2
*** FLOP *** [4h 6d 2h]
204af5cd: bets $0.3
9abf3513: folds
898af22b: raises $0.96 to $1.26
204af5cd: calls $0.96
*** TURN *** [4h 6d 2h] [3s]
204af5cd: bets $1.13
898af22b: calls $1.13
*** RIVER *** [4h 6d 2h 3s] [2c]
204af5cd: bets $2.19 and is all-in
898af22b: calls $2.19
204af5cd: shows [9d 9h] (Pair of Nines and Pair of Twos)
898af22b: shows [Qd Qs] (Pair of Queens and Pair of Twos)
*** SHOWDOWN ***
898af22b collected $9.47 from pot
*** SUMMARY ***
Total pot $10.06 | Rake $0.49 | Jackpot $0.1 | Bingo $0 | Fortune $0 | Tax $0
Board [4h 6d 2h 3s 2c]
Seat 1: 898af22b (button) showed [Qd Qs] and won ($9.47) with Pair of Queens and Pair of Twos
Seat 2: 204af5cd (small blind) showed [9d 9h] and lost with Pair of Nines and Pair of Twos
Seat 3: 9abf3513 (big blind) folded on the Flop
Seat 4: e0b327e4 folded before Flop (didn't bet)
Seat 5: Hero folded before Flop (didn't bet)
Seat 6: fa06f619 folded before Flop (didn't bet)


Poker Hand #HD1826877763: Hold'em No Limit ($0.05/$0.1) - 2024/06/22 19:40:12
Table 'NLHRed76' 6-max Seat #6 is the button
Seat 1: 898af22b ($10 in chips)
Seat 2: 204af5cd ($6.12 in chips)
Seat 3: 9abf3513 ($11.4 in chips)
Seat 4: e0b327e4 ($27.02 in chips)
Seat 5: Hero ($17.12 in chips)
Seat 6: fa06f619 ($10.47 in chips)
898af22b: posts small blind $0.05
204af5cd: posts big blind $0.1
*** HOLE CARDS ***
Dealt to 898af22b 
Dealt to 204af5cd 
Dealt to 9abf3513 
Dealt to e0b327e4 
Dealt to Hero [2s Td]
Dealt to fa06f619 
9abf3513: raises $0.2 to $0.3
e0b327e4: folds
Hero: folds
fa06f619: folds
898af22b: folds
204af5cd: calls $0.2
*** FLOP *** [5c 6h As]
204af5cd: bets $0.22
9abf3513: raises $0.72 to $0.94
204af5cd: calls $0.72
*** TURN *** [5c 6h As] [Ts]
204af5cd: checks
9abf3513: bets $1.67
204af5cd: folds
Uncalled bet ($1.67) returned to 9abf3513
*** SHOWDOWN ***
9abf3513 collected $2.41 from pot
*** SUMMARY ***
Total pot $2.53 | Rake $0.12 | Jackpot $0 | Bingo $0 | Fortune $0 | Tax $0
Board [5c 6h As Ts]
Seat 1: 898af22b (small blind) folded before Flop
Seat 2: 204af5cd (big blind) folded on the Turn
Seat 3: 9abf3513 won ($2.41)
Seat 4: e0b327e4 folded before Flop (didn't bet)
Seat 5: Hero folded before Flop (didn't bet)
Seat 6: fa06f619 (button) folded before Flop (didn't bet)


Poker Hand #HD1826877614: Hold'em No Limit ($0.05/$0.1) - 2024/06/22 19:38:53
Table 'NLHRed76' 6-max Seat #5 is the button
Seat 1: 898af22b ($10 in chips)
Seat 2: 204af5cd ($5.5 in chips)
Seat 3: 9abf3513 ($11.4 in chips)
Seat 4: e0b327e4 ($27.02 in chips)
Seat 5: Hero ($17.12 in chips)
Seat 6: fa06f619 ($10.52 in chips)
fa06f619: posts small blind $0.05
898af22b: posts big blind $0.1
*** HOLE CARDS ***
Dealt to 898af22b 
Dealt to 204af5cd 
Dealt to 9abf3513 
Dealt to e0b327e4 
Dealt to Hero [3h Ac]
Dealt to fa06f619 
204af5cd: raises $0.2 to $0.3
9abf3513: folds
e0b327e4: folds
Hero: folds
fa06f619: folds
898af22b: calls $0.2
*** FLOP *** [5c Jd Qh]
898af22b: checks
204af5cd: bets $0.33
898af22b: calls $0.33
*** TURN *** [5c Jd Qh] [Qc]
898af22b: checks
204af5cd: checks
*** RIVER *** [5c Jd Qh Qc] [9s]
898af22b: checks
204af5cd: bets $1.31
898af22b: folds
Uncalled bet ($1.31) returned to 204af5cd
204af5cd: shows [Jh] (Pair of Queens and Pair of Jacks)
*** SHOWDOWN ***
204af5cd collected $1.25 from pot
*** SUMMARY ***
Total pot $1.31 | Rake $0.06 | Jackpot $0 | Bingo $0 | Fortune $0 | Tax $0
Board [5c Jd Qh Qc 9s]
Seat 1: 898af22b (big blind) folded on the River
Seat 2: 204af5cd showed [Jh] and won ($1.25)
Seat 3: 9abf3513 folded before Flop (didn't bet)
Seat 4: e0b327e4 folded before Flop (didn't bet)
Seat 5: Hero (button) folded before Flop (didn't bet)
Seat 6: fa06f619 (small blind) folded before Flop


Poker Hand #HD1826877527: Hold'em No Limit ($0.05/$0.1) - 2024/06/22 19:38:06
Table 'NLHRed76' 6-max Seat #4 is the button
Seat 1: 898af22b ($10 in chips)
Seat 2: 204af5cd ($6.17 in chips)
Seat 3: 9abf3513 ($10.65 in chips)
Seat 4: e0b327e4 ($27.02 in chips)
Seat 5: Hero ($17.17 in chips)
Seat 6: fa06f619 ($10.62 in chips)
Hero: posts small blind $0.05
fa06f619: posts big blind $0.1
*** HOLE CARDS ***
Dealt to 898af22b 
Dealt to 204af5cd 
Dealt to 9abf3513 
Dealt to e0b327e4 
Dealt to Hero [5d Kc]
Dealt to fa06f619 
898af22b: folds
204af5cd: calls $0.1
9abf3513: raises $0.27 to $0.37
e0b327e4: folds
Hero: folds
fa06f619: folds
204af5cd: calls $0.27
*** FLOP *** [9c 7h Ks]
204af5cd: bets $0.3
9abf3513: raises $0.75 to $1.05
204af5cd: folds
Uncalled bet ($0.75) returned to 9abf3513
*** SHOWDOWN ***
9abf3513 collected $1.42 from pot
*** SUMMARY ***
Total pot $1.49 | Rake $0.07 | Jackpot $0 | Bingo $0 | Fortune $0 | Tax $0
Board [9c 7h Ks]
Seat 1: 898af22b folded before Flop (didn't bet)
Seat 2: 204af5cd folded on the Flop
Seat 3: 9abf3513 won ($1.42)
Seat 4: e0b327e4 (button) folded before Flop (didn't bet)
Seat 5: Hero (small blind) folded before Flop
Seat 6: fa06f619 (big blind) folded before Flop


Poker Hand #HD1826877451: Hold'em No Limit ($0.05/$0.1) - 2024/06/22 19:37:35
Table 'NLHRed76' 6-max Seat #3 is the button
Seat 1: 898af22b ($10 in chips)
Seat 2: 204af5cd ($6.02 in chips)
Seat 3: 9abf3513 ($10.65 in chips)
Seat 4: e0b327e4 ($27.07 in chips)
Seat 5: Hero ($17.27 in chips)
Seat 6: fa06f619 ($10.62 in chips)
e0b327e4: posts small blind $0.05
Hero: posts big blind $0.1
*** HOLE CARDS ***
Dealt to 898af22b 
Dealt to 204af5cd 
Dealt to 9abf3513 
Dealt to e0b327e4 
Dealt to Hero [3d Ac]
Dealt to fa06f619 
fa06f619: folds
898af22b: folds
204af5cd: raises $0.2 to $0.3
9abf3513: folds
e0b327e4: folds
Hero: folds
Uncalled bet ($0.2) returned to 204af5cd
*** SHOWDOWN ***
204af5cd collected $0.25 from pot
*** SUMMARY ***
Total pot $0.25 | Rake $0 | Jackpot $0 | Bingo $0 | Fortune $0 | Tax $0
Seat 1: 898af22b folded before Flop (didn't bet)
Seat 2: 204af5cd collected ($0.25)
Seat 3: 9abf3513 (button) folded before Flop (didn't bet)
Seat 4: e0b327e4 (small blind) folded before Flop
Seat 5: Hero (big blind) folded before Flop
Seat 6: fa06f619 folded before Flop (didn't bet)


Poker Hand #HD1826877422: Hold'em No Limit ($0.05/$0.1) - 2024/06/22 19:37:19
Table 'NLHRed76' 6-max Seat #2 is the button
Seat 1: 898af22b ($10 in chips)
Seat 2: 204af5cd ($6.12 in chips)
Seat 3: 9abf3513 ($10.7 in chips)
Seat 4: e0b327e4 ($26.92 in chips)
Seat 5: Hero ($17.27 in chips)
Seat 6: fa06f619 ($10.62 in chips)
9abf3513: posts small blind $0.05
e0b327e4: posts big blind $0.1
*** HOLE CARDS ***
Dealt to 898af22b 
Dealt to 204af5cd 
Dealt to 9abf3513 
Dealt to e0b327e4 
Dealt to Hero [Td 4s]
Dealt to fa06f619 
Hero: folds
fa06f619: folds
898af22b: folds
204af5cd: calls $0.1
9abf3513: folds
e0b327e4: raises $0.45 to $0.55
204af5cd: folds
Uncalled bet ($0.45) returned to e0b327e4
*** SHOWDOWN ***
e0b327e4 collected $0.25 from pot
*** SUMMARY ***
Total pot $0.25 | Rake $0 | Jackpot $0 | Bingo $0 | Fortune $0 | Tax $0
Seat 1: 898af22b folded before Flop (didn't bet)
Seat 2: 204af5cd (button) folded before Flop
Seat 3: 9abf3513 (small blind) folded before Flop
Seat 4: e0b327e4 (big blind) collected ($0.25)
Seat 5: Hero folded before Flop (didn't bet)
Seat 6: fa06f619 folded before Flop (didn't bet)


Poker Hand #HD1826877396: Hold'em No Limit ($0.05/$0.1) - 2024/06/22 19:37:10
Table 'NLHRed76' 6-max Seat #1 is the button
Seat 1: 898af22b ($10 in chips)
Seat 2: 204af5cd ($6.17 in chips)
Seat 3: 9abf3513 ($10.65 in chips)
Seat 4: e0b327e4 ($26.92 in chips)
Seat 5: Hero ($17.27 in chips)
Seat 6: fa06f619 ($10.62 in chips)
204af5cd: posts small blind $0.05
9abf3513: posts big blind $0.1
*** HOLE CARDS ***
Dealt to 898af22b 
Dealt to 204af5cd 
Dealt to 9abf3513 
Dealt to e0b327e4 
Dealt to Hero [8s Qs]
Dealt to fa06f619 
e0b327e4: folds
Hero: folds
fa06f619: folds
898af22b: folds
204af5cd: folds
Uncalled bet ($0.05) returned to 9abf3513
*** SHOWDOWN ***
9abf3513 collected $0.1 from pot
*** SUMMARY ***
Total pot $0.1 | Rake $0 | Jackpot $0 | Bingo $0 | Fortune $0 | Tax $0
Seat 1: 898af22b (button) folded before Flop (didn't bet)
Seat 2: 204af5cd (small blind) folded before Flop
Seat 3: 9abf3513 (big blind) collected ($0.1)
Seat 4: e0b327e4 folded before Flop (didn't bet)
Seat 5: Hero folded before Flop (didn't bet)
Seat 6: fa06f619 folded before Flop (didn't bet)


Poker Hand #HD1826877293: Hold'em No Limit ($0.05/$0.1) - 2024/06/22 19:36:11
Table 'NLHRed76' 6-max Seat #6 is the button
Seat 1: 898af22b ($10 in chips)
Seat 2: 204af5cd ($6.8 in chips)
Seat 3: 9abf3513 ($10.65 in chips)
Seat 4: e0b327e4 ($26.92 in chips)
Seat 5: Hero ($17.27 in chips)
Seat 6: fa06f619 ($10 in chips)
898af22b: posts small blind $0.05
204af5cd: posts big blind $0.1
*** HOLE CARDS ***
Dealt to 898af22b 
Dealt to 204af5cd 
Dealt to 9abf3513 
Dealt to e0b327e4 
Dealt to Hero [Ah 4s]
Dealt to fa06f619 
9abf3513: folds
e0b327e4: folds
Hero: folds
fa06f619: raises $0.2 to $0.3
898af22b: folds
204af5cd: calls $0.2
*** FLOP *** [5h 8d 3c]
204af5cd: bets $0.33
fa06f619: calls $0.33
*** TURN *** [5h 8d 3c] [9d]
204af5cd: checks
fa06f619: bets $1.05
204af5cd: folds
Uncalled bet ($1.05) returned to fa06f619
204af5cd: shows [4h 5c] (Pair of Fives)
*** SHOWDOWN ***
fa06f619 collected $1.25 from pot
*** SUMMARY ***
Total pot $1.31 | Rake $0.06 | Jackpot $0 | Bingo $0 | Fortune $0 | Tax $0
Board [5h 8d 3c 9d]
Seat 1: 898af22b (small blind) folded before Flop
Seat 2: 204af5cd (big blind) folded on the Turn
Seat 3: 9abf3513 folded before Flop (didn't bet)
Seat 4: e0b327e4 folded before Flop (didn't bet)
Seat 5: Hero folded before Flop (didn't bet)
Seat 6: fa06f619 (button) won ($1.25)


Poker Hand #HD1826877146: Hold'em No Limit ($0.05/$0.1) - 2024/06/22 19:34:58
Table 'NLHRed76' 6-max Seat #5 is the button
Seat 1: 898af22b ($10 in chips)
Seat 2: 204af5cd ($5.76 in chips)
Seat 3: 9abf3513 ($10.65 in chips)
Seat 4: e0b327e4 ($26.92 in chips)
Seat 5: Hero ($17.27 in chips)
Seat 6: fa06f619 ($10.69 in chips)
fa06f619: posts small blind $0.05
898af22b: posts big blind $0.1
*** HOLE CARDS ***
Dealt to 898af22b 
Dealt to 204af5cd 
Dealt to 9abf3513 
Dealt to e0b327e4 
Dealt to Hero [6s Qh]
Dealt to fa06f619 
204af5cd: calls $0.1
9abf3513: folds
e0b327e4: folds
Hero: folds
fa06f619: raises $0.4 to $0.5
898af22b: folds
204af5cd: calls $0.4
*** FLOP *** [7h As 3h]
fa06f619: checks
204af5cd: bets $0.55
fa06f619: calls $0.55
*** TURN *** [7h As 3h] [Qd]
fa06f619: checks
204af5cd: checks
*** RIVER *** [7h As 3h Qd] [4d]
fa06f619: checks
204af5cd: bets $4.71 and is all-in
fa06f619: folds
Uncalled bet ($4.71) returned to 204af5cd
*** SHOWDOWN ***
204af5cd collected $2.09 from pot
*** SUMMARY ***
Total pot $2.2 | Rake $0.11 | Jackpot $0 | Bingo $0 | Fortune $0 | Tax $0
Board [7h As 3h Qd 4d]
Seat 1: 898af22b (big blind) folded before Flop
Seat 2: 204af5cd won ($2.09)
Seat 3: 9abf3513 folded before Flop (didn't bet)
Seat 4: e0b327e4 folded before Flop (didn't bet)
Seat 5: Hero (button) folded before Flop (didn't bet)
Seat 6: fa06f619 (small blind) folded on the River


Poker Hand #HD1826877111: Hold'em No Limit ($0.05/$0.1) - 2024/06/22 19:34:41
Table 'NLHRed76' 6-max Seat #4 is the button
Seat 2: 204af5cd ($5.86 in chips)
Seat 3: 9abf3513 ($10.41 in chips)
Seat 4: e0b327e4 ($26.92 in chips)
Seat 5: Hero ($17.32 in chips)
Seat 6: fa06f619 ($10.79 in chips)
Hero: posts small blind $0.05
fa06f619: posts big blind $0.1
*** HOLE CARDS ***
Dealt to 204af5cd 
Dealt to 9abf3513 
Dealt to e0b327e4 
Dealt to Hero [3s Tc]
Dealt to fa06f619 
204af5cd: calls $0.1
9abf3513: raises $0.24 to $0.34
e0b327e4: folds
Hero: folds
fa06f619: folds
204af5cd: folds
Uncalled bet ($0.24) returned to 9abf3513
*** SHOWDOWN ***
9abf3513 collected $0.34 from pot
*** SUMMARY ***
Total pot $0.35 | Rake $0.01 | Jackpot $0 | Bingo $0 | Fortune $0 | Tax $0
Seat 2: 204af5cd folded before Flop
Seat 3: 9abf3513 collected ($0.34)
Seat 4: e0b327e4 (button) folded before Flop (didn't bet)
Seat 5: Hero (small blind) folded before Flop
Seat 6: fa06f619 (big blind) folded before Flop


Poker Hand #HD1826877057: Hold'em No Limit ($0.05/$0.1) - 2024/06/22 19:34:12
Table 'NLHRed76' 6-max Seat #3 is the button
Seat 2: 204af5cd ($5.96 in chips)
Seat 3: 9abf3513 ($10.41 in chips)
Seat 4: e0b327e4 ($26.73 in chips)
Seat 5: Hero ($17.42 in chips)
Seat 6: fa06f619 ($10.79 in chips)
e0b327e4: posts small blind $0.05
Hero: posts big blind $0.1
*** HOLE CARDS ***
Dealt to 204af5cd 
Dealt to 9abf3513 
Dealt to e0b327e4 
Dealt to Hero [3h 5h]
Dealt to fa06f619 
fa06f619: folds
204af5cd: calls $0.1
9abf3513: folds
e0b327e4: calls $0.05
Hero: checks
*** FLOP *** [5c 9d Ts]
e0b327e4: bets $0.3
Hero: folds
204af5cd: folds
Uncalled bet ($0.3) returned to e0b327e4
*** SHOWDOWN ***
e0b327e4 collected $0.29 from pot
*** SUMMARY ***
Total pot $0.3 | Rake $0.01 | Jackpot $0 | Bingo $0 | Fortune $0 | Tax $0
Board [5c 9d Ts]
Seat 2: 204af5cd folded on the Flop
Seat 3: 9abf3513 (button) folded before Flop (didn't bet)
Seat 4: e0b327e4 (small blind) won ($0.29)
Seat 5: Hero (big blind) folded on the Flop
Seat 6: fa06f619 folded before Flop (didn't bet)


Poker Hand #HD1826876994: Hold'em No Limit ($0.05/$0.1) - 2024/06/22 19:33:37
Table 'NLHRed76' 6-max Seat #2 is the button
Seat 2: 204af5cd ($5.96 in chips)
Seat 3: 9abf3513 ($10.46 in chips)
Seat 4: e0b327e4 ($26.5 in chips)
Seat 5: Hero ($17.62 in chips)
Seat 6: fa06f619 ($10.79 in chips)
9abf3513: posts small blind $0.05
e0b327e4: posts big blind $0.1
*** HOLE CARDS ***
Dealt to 204af5cd 
Dealt to 9abf3513 
Dealt to e0b327e4 
Dealt to Hero [8h Jh]
Dealt to fa06f619 
Hero: raises $0.1 to $0.2
fa06f619: folds
204af5cd: folds
9abf3513: folds
e0b327e4: raises $0.65 to $0.85
Hero: folds
Uncalled bet ($0.65) returned to e0b327e4
*** SHOWDOWN ***
e0b327e4 collected $0.43 from pot
*** SUMMARY ***
Total pot $0.45 | Rake $0.02 | Jackpot $0 | Bingo $0 | Fortune $0 | Tax $0
Seat 2: 204af5cd (button) folded before Flop (didn't bet)
Seat 3: 9abf3513 (small blind) folded before Flop
Seat 4: e0b327e4 (big blind) collected ($0.43)
Seat 5: Hero folded before Flop
Seat 6: fa06f619 folded before Flop (didn't bet)


Poker Hand #HD1826876910: Hold'em No Limit ($0.05/$0.1) - 2024/06/22 19:32:50
Table 'NLHRed76' 6-max Seat #6 is the button
Seat 2: 204af5cd ($6.71 in chips)
Seat 3: 9abf3513 ($9.5 in chips)
Seat 4: e0b327e4 ($26.5 in chips)
Seat 5: Hero ($17.62 in chips)
Seat 6: fa06f619 ($11.09 in chips)
204af5cd: posts small blind $0.05
9abf3513: posts big blind $0.1
*** HOLE CARDS ***
Dealt to 204af5cd 
Dealt to 9abf3513 
Dealt to e0b327e4 
Dealt to Hero [Qc 4s]
Dealt to fa06f619 
e0b327e4: folds
Hero: folds
fa06f619: raises $0.2 to $0.3
204af5cd: calls $0.25
9abf3513: calls $0.2
*** FLOP *** [Jc 2h 4c]
204af5cd: checks
9abf3513: checks
fa06f619: checks
*** TURN *** [Jc 2h 4c] [4d]
204af5cd: checks
9abf3513: bets $0.45
fa06f619: folds
204af5cd: calls $0.45
*** RIVER *** [Jc 2h 4c 4d] [As]
204af5cd: checks
9abf3513: checks
204af5cd: shows [3s 6d] (Pair of Fours)
9abf3513: shows [Td Th] (Pair of Tens and Pair of Fours)
*** SHOWDOWN ***
9abf3513 collected $1.71 from pot
*** SUMMARY ***
Total pot $1.8 | Rake $0.09 | Jackpot $0 | Bingo $0 | Fortune $0 | Tax $0
Board [Jc 2h 4c 4d As]
Seat 2: 204af5cd (small blind) showed [3s 6d] and lost with Pair of Fours
Seat 3: 9abf3513 (big blind) showed [Td Th] and won ($1.71) with Pair of Tens and Pair of Fours
Seat 4: e0b327e4 folded before Flop (didn't bet)
Seat 5: Hero folded before Flop (didn't bet)
Seat 6: fa06f619 (button) folded on the Turn


Poker Hand #HD1826876885: Hold'em No Limit ($0.05/$0.1) - 2024/06/22 19:32:37
Table 'NLHRed76' 6-max Seat #5 is the button
Seat 2: 204af5cd ($6.81 in chips)
Seat 3: 9abf3513 ($9.5 in chips)
Seat 4: e0b327e4 ($26.5 in chips)
Seat 5: Hero ($17.62 in chips)
Seat 6: fa06f619 ($10.99 in chips)
fa06f619: posts small blind $0.05
204af5cd: posts big blind $0.1
*** HOLE CARDS ***
Dealt to 204af5cd 
Dealt to 9abf3513 
Dealt to e0b327e4 
Dealt to Hero [6h Ac]
Dealt to fa06f619 
9abf3513: folds
e0b327e4: folds
Hero: folds
fa06f619: raises $0.2 to $0.3
204af5cd: folds
Uncalled bet ($0.2) returned to fa06f619
*** SHOWDOWN ***
fa06f619 collected $0.2 from pot
*** SUMMARY ***
Total pot $0.2 | Rake $0 | Jackpot $0 | Bingo $0 | Fortune $0 | Tax $0
Seat 2: 204af5cd (big blind) folded before Flop
Seat 3: 9abf3513 folded before Flop (didn't bet)
Seat 4: e0b327e4 folded before Flop (didn't bet)
Seat 5: Hero (button) folded before Flop (didn't bet)
Seat 6: fa06f619 (small blind) collected ($0.2)


Poker Hand #HD1826876789: Hold'em No Limit ($0.05/$0.1) - 2024/06/22 19:31:48
Table 'NLHRed76' 6-max Seat #4 is the button
Seat 1: 512a58a ($23.63 in chips)
Seat 2: 204af5cd ($5.96 in chips)
Seat 3: 9abf3513 ($9.5 in chips)
Seat 4: e0b327e4 ($26.5 in chips)
Seat 5: Hero ($17.67 in chips)
Seat 6: fa06f619 ($11.09 in chips)
Hero: posts small blind $0.05
fa06f619: posts big blind $0.1
*** HOLE CARDS ***
Dealt to 512a58a 
Dealt to 204af5cd 
Dealt to 9abf3513 
Dealt to e0b327e4 
Dealt to Hero [5c 7h]
Dealt to fa06f619 
512a58a: raises $0.13 to $0.23
204af5cd: calls $0.23
9abf3513: folds
e0b327e4: folds
Hero: folds
fa06f619: folds
*** FLOP *** [7c 6h 2h]
512a58a: bets $0.21
204af5cd: calls $0.21
*** TURN *** [7c 6h 2h] [5d]
512a58a: checks
204af5cd: checks
*** RIVER *** [7c 6h 2h 5d] [Qd]
512a58a: bets $0.34
204af5cd: calls $0.34
512a58a: shows [3c 3d] (Pair of Treys)
204af5cd: shows [Ks Qh] (Pair of Queens)
*** SHOWDOWN ***
204af5cd collected $1.63 from pot
*** SUMMARY ***
Total pot $1.71 | Rake $0.08 | Jackpot $0 | Bingo $0 | Fortune $0 | Tax $0
Board [7c 6h 2h 5d Qd]
Seat 1: 512a58a showed [3c 3d] and lost with Pair of Treys
Seat 2: 204af5cd showed [Ks Qh] and won ($1.63) with Pair of Queens
Seat 3: 9abf3513 folded before Flop (didn't bet)
Seat 4: e0b327e4 (button) folded before Flop (didn't bet)
Seat 5: Hero (small blind) folded before Flop
Seat 6: fa06f619 (big blind) folded before Flop


Poker Hand #HD1826876678: Hold'em No Limit ($0.05/$0.1) - 2024/06/22 19:30:49
Table 'NLHRed76' 6-max Seat #3 is the button
Seat 1: 512a58a ($23.63 in chips)
Seat 2: 204af5cd ($5.18 in chips)
Seat 3: 9abf3513 ($10.2 in chips)
Seat 4: e0b327e4 ($26.55 in chips)
Seat 5: Hero ($17.77 in chips)
Seat 6: fa06f619 ($11.09 in chips)
e0b327e4: posts small blind $0.05
Hero: posts big blind $0.1
*** HOLE CARDS ***
Dealt to 512a58a 
Dealt to 204af5cd 
Dealt to 9abf3513 
Dealt to e0b327e4 
Dealt to Hero [Ac 2d]
Dealt to fa06f619 
fa06f619: folds
512a58a: folds
204af5cd: raises $0.1 to $0.2
9abf3513: calls $0.2
e0b327e4: folds
Hero: folds
*** FLOP *** [Td 4s 5s]
204af5cd: bets $0.19
9abf3513: calls $0.19
*** TURN *** [Td 4s 5s] [6c]
204af5cd: bets $0.31
9abf3513: calls $0.31
*** RIVER *** [Td 4s 5s 6c] [Kc]
204af5cd: bets $1.17
9abf3513: folds
Uncalled bet ($1.17) returned to 204af5cd
*** SHOWDOWN ***
204af5cd collected $1.48 from pot
*** SUMMARY ***
Total pot $1.55 | Rake $0.07 | Jackpot $0 | Bingo $0 | Fortune $0 | Tax $0
Board [Td 4s 5s 6c Kc]
Seat 1: 512a58a folded before Flop (didn't bet)
Seat 2: 204af5cd won ($1.48)
Seat 3: 9abf3513 (button) folded on the River
Seat 4: e0b327e4 (small blind) folded before Flop
Seat 5: Hero (big blind) folded before Flop
Seat 6: fa06f619 folded before Flop (didn't bet)


Poker Hand #HD1826876542: Hold'em No Limit ($0.05/$0.1) - 2024/06/22 19:29:41
Table 'NLHRed76' 6-max Seat #2 is the button
Seat 1: 512a58a ($23.87 in chips)
Seat 2: 204af5cd ($5.43 in chips)
Seat 3: 9abf3513 ($10.25 in chips)
Seat 4: e0b327e4 ($26.65 in chips)
Seat 5: Hero ($17.77 in chips)
Seat 6: fa06f619 ($11.09 in chips)
9abf3513: posts small blind $0.05
e0b327e4: posts big blind $0.1
*** HOLE CARDS ***
Dealt to 512a58a 
Dealt to 204af5cd 
Dealt to 9abf3513 
Dealt to e0b327e4 
Dealt to Hero [Kd 9h]
Dealt to fa06f619 
Hero: folds
fa06f619: folds
512a58a: raises $0.13 to $0.23
204af5cd: raises $0.21 to $0.44
9abf3513: folds
e0b327e4: folds
512a58a: raises $0.79 to $1.23
204af5cd: calls $0.79
*** FLOP *** [Jh 5h Ts]
512a58a: bets $1.17
204af5cd: calls $1.17
*** TURN *** [Jh 5h Ts] [7h]
512a58a: bets $3.77
204af5cd: calls $3.03 and is all-in
Uncalled bet ($0.74) returned to 512a58a
512a58a: shows [Jc Js] (Three Jacks)
204af5cd: shows [Ks Ah] (Ace-High)
*** FIRST RIVER *** [Jh 5h Ts 7h] [Ad]
*** SECOND RIVER *** [Jh 5h Ts 7h] [Qs]
*** FIRST SHOWDOWN ***
512a58a collected $5.19 from pot
*** SECOND SHOWDOWN ***
204af5cd collected $5.18 from pot
*** SUMMARY ***
Total pot $11.01 | Rake $0.54 | Jackpot $0.1 | Bingo $0 | Fortune $0 | Tax $0
Hand was run two times
FIRST Board [Jh 5h Ts 7h Ad]
SECOND Board [Qs]
Seat 1: 512a58a showed [Jc Js] and won ($5.19) with Three Jacks, and lost
Seat 2: 204af5cd (button) showed [Ks Ah] and lost with Pair of Aces, and won ($5.18)
Seat 3: 9abf3513 (small blind) folded before Flop
Seat 4: e0b327e4 (big blind) folded before Flop
Seat 5: Hero folded before Flop (didn't bet)
Seat 6: fa06f619 folded before Flop (didn't bet)


Poker Hand #HD1826876372: Hold'em No Limit ($0.05/$0.1) - 2024/06/22 19:28:12
Table 'NLHRed76' 6-max Seat #1 is the button
Seat 1: 512a58a ($23.87 in chips)
Seat 2: 204af5cd ($6.36 in chips)
Seat 3: 9abf3513 ($10.35 in chips)
Seat 4: e0b327e4 ($26.65 in chips)
Seat 5: Hero ($17.77 in chips)
Seat 6: fa06f619 ($10.15 in chips)
204af5cd: posts small blind $0.05
9abf3513: posts big blind $0.1
*** HOLE CARDS ***
Dealt to 512a58a 
Dealt to 204af5cd 
Dealt to 9abf3513 
Dealt to e0b327e4 
Dealt to Hero [6h 3h]
Dealt to fa06f619 
e0b327e4: folds
Hero: folds
fa06f619: raises $0.14 to $0.24
512a58a: folds
204af5cd: calls $0.19
9abf3513: folds
*** FLOP *** [8s 5c As]
204af5cd: bets $0.2
fa06f619: calls $0.2
*** TURN *** [8s 5c As] [9h]
204af5cd: bets $0.49
fa06f619: calls $0.49
*** RIVER *** [8s 5c As 9h] [2s]
204af5cd: checks
fa06f619: bets $0.8
204af5cd: folds
Uncalled bet ($0.8) returned to fa06f619
*** SHOWDOWN ***
fa06f619 collected $1.87 from pot
*** SUMMARY ***
Total pot $1.96 | Rake $0.09 | Jackpot $0 | Bingo $0 | Fortune $0 | Tax $0
Board [8s 5c As 9h 2s]
Seat 1: 512a58a (button) folded before Flop (didn't bet)
Seat 2: 204af5cd (small blind) folded on the River
Seat 3: 9abf3513 (big blind) folded before Flop
Seat 4: e0b327e4 folded before Flop (didn't bet)
Seat 5: Hero folded before Flop (didn't bet)
Seat 6: fa06f619 won ($1.87)


Poker Hand #HD1826876328: Hold'em No Limit ($0.05/$0.1) - 2024/06/22 19:27:53
Table 'NLHRed76' 6-max Seat #6 is the button
Seat 1: 512a58a ($23.92 in chips)
Seat 2: 204af5cd ($6.46 in chips)
Seat 3: 9abf3513 ($10.35 in chips)
Seat 4: e0b327e4 ($26.65 in chips)
Seat 5: Hero ($17.77 in chips)
Seat 6: fa06f619 ($10 in chips)
512a58a: posts small blind $0.05
204af5cd: posts big blind $0.1
*** HOLE CARDS ***
Dealt to 512a58a 
Dealt to 204af5cd 
Dealt to 9abf3513 
Dealt to e0b327e4 
Dealt to Hero [Jc 3c]
Dealt to fa06f619 
9abf3513: folds
e0b327e4: folds
Hero: folds
fa06f619: raises $0.2 to $0.3
512a58a: folds
204af5cd: folds
Uncalled bet ($0.2) returned to fa06f619
*** SHOWDOWN ***
fa06f619 collected $0.25 from pot
*** SUMMARY ***
Total pot $0.25 | Rake $0 | Jackpot $0 | Bingo $0 | Fortune $0 | Tax $0
Seat 1: 512a58a (small blind) folded before Flop
Seat 2: 204af5cd (big blind) folded before Flop
Seat 3: 9abf3513 folded before Flop (didn't bet)
Seat 4: e0b327e4 folded before Flop (didn't bet)
Seat 5: Hero folded before Flop (didn't bet)
Seat 6: fa06f619 (button) collected ($0.25)


Poker Hand #HD1826876247: Hold'em No Limit ($0.05/$0.1) - 2024/06/22 19:27:06
Table 'NLHRed76' 6-max Seat #5 is the button
Seat 1: 512a58a ($23.78 in chips)
Seat 2: 204af5cd ($6.56 in chips)
Seat 3: 9abf3513 ($10.35 in chips)
Seat 4: e0b327e4 ($26.65 in chips)
Seat 5: Hero ($17.77 in chips)
Seat 6: fa06f619 ($10 in chips)
fa06f619: posts small blind $0.05
512a58a: posts big blind $0.1
*** HOLE CARDS ***
Dealt to 512a58a 
Dealt to 204af5cd 
Dealt to 9abf3513 
Dealt to e0b327e4 
Dealt to Hero [2h Kh]
Dealt to fa06f619 
204af5cd: calls $0.1
9abf3513: folds
e0b327e4: folds
Hero: folds
fa06f619: folds
512a58a: checks
*** FLOP *** [Ad 8h 2c]
512a58a: checks
204af5cd: checks
*** TURN *** [Ad 8h 2c] [Kc]
512a58a: checks
204af5cd: checks
*** RIVER *** [Ad 8h 2c Kc] [9s]
512a58a: checks
204af5cd: checks
512a58a: shows [3s 2s] (Pair of Twos)
204af5cd: shows [Qh 7h] (Ace-High)
*** SHOWDOWN ***
512a58a collected $0.24 from pot
*** SUMMARY ***
Total pot $0.25 | Rake $0.01 | Jackpot $0 | Bingo $0 | Fortune $0 | Tax $0
Board [Ad 8h 2c Kc 9s]
Seat 1: 512a58a (big blind) showed [3s 2s] and won ($0.24) with Pair of Twos
Seat 2: 204af5cd showed [Qh 7h] and lost with Ace-High
Seat 3: 9abf3513 folded before Flop (didn't bet)
Seat 4: e0b327e4 folded before Flop (didn't bet)
Seat 5: Hero (button) folded before Flop (didn't bet)
Seat 6: fa06f619 (small blind) folded before Flop


Poker Hand #HD1826876063: Hold'em No Limit ($0.05/$0.1) - 2024/06/22 19:25:30
Table 'NLHRed76' 6-max Seat #4 is the button
Seat 1: 512a58a ($23.78 in chips)
Seat 2: 204af5cd ($6.46 in chips)
Seat 3: 9abf3513 ($10.35 in chips)
Seat 4: e0b327e4 ($20.78 in chips)
Seat 5: Hero ($17.82 in chips)
Seat 6: fa06f619 ($10 in chips)
Hero: posts small blind $0.05
fa06f619: posts big blind $0.1
*** HOLE CARDS ***
Dealt to 512a58a 
Dealt to 204af5cd 
Dealt to 9abf3513 
Dealt to e0b327e4 
Dealt to Hero [8c Ad]
Dealt to fa06f619 
512a58a: folds
204af5cd: calls $0.1
9abf3513: folds
e0b327e4: raises $0.25 to $0.35
Hero: folds
fa06f619: folds
204af5cd: raises $0.29 to $0.64
e0b327e4: raises $7.11 to $7.75
204af5cd: calls $5.82 and is all-in
Uncalled bet ($1.29) returned to e0b327e4
e0b327e4: shows [Qd Qc]
204af5cd: shows [As Ac]
*** FLOP *** [2d 9d 2s]
204af5cd: Chooses to EV Cashout 
*** TURN *** [2d 9d 2s] [5d]
204af5cd: Pays Cashout Risk ($0.41)
204af5cd: Chooses to EV Cashout 
*** RIVER *** [2d 9d 2s 5d] [3d]
204af5cd: Receives Cashout ($6.97)
*** SHOWDOWN ***
e0b327e4 collected $12.33 from pot
*** SUMMARY ***
Total pot $13.07 | Rake $0.64 | Jackpot $0.1 | Bingo $0 | Fortune $0 | Tax $0
Board [2d 9d 2s 5d 3d]
Seat 1: 512a58a folded before Flop (didn't bet)
Seat 2: 204af5cd showed [As Ac] and lost with Pair of Aces and Pair of Twos, Cashout Risk ($0.41), EV Cashout ($0)
Seat 3: 9abf3513 folded before Flop (didn't bet)
Seat 4: e0b327e4 (button) showed [Qd Qc] and won ($12.33) with Queen High Flush
Seat 5: Hero (small blind) folded before Flop
Seat 6: fa06f619 (big blind) folded before Flop


Poker Hand #HD1826876030: Hold'em No Limit ($0.05/$0.1) - 2024/06/22 19:25:17
Table 'NLHRed76' 6-max Seat #3 is the button
Seat 1: 512a58a ($23.78 in chips)
Seat 2: 204af5cd ($6.46 in chips)
Seat 3: 9abf3513 ($10.35 in chips)
Seat 4: e0b327e4 ($20.83 in chips)
Seat 5: Hero ($17.77 in chips)
e0b327e4: posts small blind $0.05
Hero: posts big blind $0.1
*** HOLE CARDS ***
Dealt to 512a58a 
Dealt to 204af5cd 
Dealt to 9abf3513 
Dealt to e0b327e4 
Dealt to Hero [3d 6h]
512a58a: folds
204af5cd: folds
9abf3513: folds
e0b327e4: folds
Uncalled bet ($0.05) returned to Hero
*** SHOWDOWN ***
Hero collected $0.1 from pot
*** SUMMARY ***
Total pot $0.1 | Rake $0 | Jackpot $0 | Bingo $0 | Fortune $0 | Tax $0
Seat 1: 512a58a folded before Flop (didn't bet)
Seat 2: 204af5cd folded before Flop (didn't bet)
Seat 3: 9abf3513 (button) folded before Flop (didn't bet)
Seat 4: e0b327e4 (small blind) folded before Flop
Seat 5: Hero (big blind) collected ($0.1)


Poker Hand #HD1826875895: Hold'em No Limit ($0.05/$0.1) - 2024/06/22 19:24:06
Table 'NLHRed76' 6-max Seat #2 is the button
Seat 1: 512a58a ($23.78 in chips)
Seat 2: 204af5cd ($3.3 in chips)
Seat 3: 9abf3513 ($13.65 in chips)
Seat 4: e0b327e4 ($20.93 in chips)
Seat 5: Hero ($17.97 in chips)
9abf3513: posts small blind $0.05
e0b327e4: posts big blind $0.1
*** HOLE CARDS ***
Dealt to 512a58a 
Dealt to 204af5cd 
Dealt to 9abf3513 
Dealt to e0b327e4 
Dealt to Hero [Js Kc]
Hero: raises $0.1 to $0.2
512a58a: folds
204af5cd: calls $0.2
9abf3513: raises $0.8 to $1
e0b327e4: folds
Hero: folds
204af5cd: calls $0.8
*** FLOP *** [Qc 4h 4d]
9abf3513: bets $0.76
204af5cd: calls $0.76
*** TURN *** [Qc 4h 4d] [2c]
9abf3513: bets $2.87
204af5cd: calls $1.54 and is all-in
Uncalled bet ($1.33) returned to 9abf3513
9abf3513: shows [Ad Kd] (Pair of Fours)
204af5cd: shows [7c 4c] (Three Fours)
*** RIVER *** [Qc 4h 4d 2c] [9h]
*** SHOWDOWN ***
204af5cd collected $6.46 from pot
*** SUMMARY ***
Total pot $6.9 | Rake $0.34 | Jackpot $0.1 | Bingo $0 | Fortune $0 | Tax $0
Board [Qc 4h 4d 2c 9h]
Seat 1: 512a58a folded before Flop (didn't bet)
Seat 2: 204af5cd (button) showed [7c 4c] and won ($6.46) with Three Fours
Seat 3: 9abf3513 (small blind) showed [Ad Kd] and lost with Pair of Fours
Seat 4: e0b327e4 (big blind) folded before Flop
Seat 5: Hero folded before Flop


Poker Hand #HD1826875791: Hold'em No Limit ($0.05/$0.1) - 2024/06/22 19:23:10
Table 'NLHRed76' 6-max Seat #1 is the button
Seat 1: 512a58a ($23.78 in chips)
Seat 2: 204af5cd ($4.2 in chips)
Seat 3: 9abf3513 ($12.65 in chips)
Seat 4: e0b327e4 ($20.93 in chips)
Seat 5: Hero ($18.17 in chips)
204af5cd: posts small blind $0.05
9abf3513: posts big blind $0.1
*** HOLE CARDS ***
Dealt to 512a58a 
Dealt to 204af5cd 
Dealt to 9abf3513 
Dealt to e0b327e4 
Dealt to Hero [7d 7h]
e0b327e4: folds
Hero: raises $0.1 to $0.2
512a58a: folds
204af5cd: calls $0.15
9abf3513: raises $0.7 to $0.9
Hero: folds
204af5cd: calls $0.7
*** FLOP *** [4s Qh Kd]
204af5cd: checks
9abf3513: bets $1
204af5cd: folds
Uncalled bet ($1) returned to 9abf3513
*** SHOWDOWN ***
9abf3513 collected $1.9 from pot
*** SUMMARY ***
Total pot $2 | Rake $0.1 | Jackpot $0 | Bingo $0 | Fortune $0 | Tax $0
Board [4s Qh Kd]
Seat 1: 512a58a (button) folded before Flop (didn't bet)
Seat 2: 204af5cd (small blind) folded on the Flop
Seat 3: 9abf3513 (big blind) won ($1.9)
Seat 4: e0b327e4 folded before Flop (didn't bet)
Seat 5: Hero folded before Flop


Poker Hand #HD1826875763: Hold'em No Limit ($0.05/$0.1) - 2024/06/22 19:22:57
Table 'NLHRed76' 6-max Seat #5 is the button
Seat 1: 512a58a ($23.83 in chips)
Seat 2: 204af5cd ($4.3 in chips)
Seat 3: 9abf3513 ($12.65 in chips)
Seat 4: e0b327e4 ($20.93 in chips)
Seat 5: Hero ($18.02 in chips)
512a58a: posts small blind $0.05
204af5cd: posts big blind $0.1
*** HOLE CARDS ***
Dealt to 512a58a 
Dealt to 204af5cd 
Dealt to 9abf3513 
Dealt to e0b327e4 
Dealt to Hero [Jc 8c]
9abf3513: folds
e0b327e4: folds
Hero: raises $0.14 to $0.24
512a58a: folds
204af5cd: folds
Uncalled bet ($0.14) returned to Hero
*** SHOWDOWN ***
Hero collected $0.25 from pot
*** SUMMARY ***
Total pot $0.25 | Rake $0 | Jackpot $0 | Bingo $0 | Fortune $0 | Tax $0
Seat 1: 512a58a (small blind) folded before Flop
Seat 2: 204af5cd (big blind) folded before Flop
Seat 3: 9abf3513 folded before Flop (didn't bet)
Seat 4: e0b327e4 folded before Flop (didn't bet)
Seat 5: Hero (button) collected ($0.25)


Poker Hand #HD1826875705: Hold'em No Limit ($0.05/$0.1) - 2024/06/22 19:22:27
Table 'NLHRed76' 6-max Seat #4 is the button
Seat 1: 512a58a ($23.93 in chips)
Seat 2: 204af5cd ($4.4 in chips)
Seat 3: 9abf3513 ($12.65 in chips)
Seat 4: e0b327e4 ($20.69 in chips)
Seat 5: Hero ($18.07 in chips)
Hero: posts small blind $0.05
512a58a: posts big blind $0.1
*** HOLE CARDS ***
Dealt to 512a58a 
Dealt to 204af5cd 
Dealt to 9abf3513 
Dealt to e0b327e4 
Dealt to Hero [8s 8d]
204af5cd: calls $0.1
9abf3513: folds
e0b327e4: raises $0.35 to $0.45
Hero: folds
512a58a: folds
204af5cd: folds
Uncalled bet ($0.35) returned to e0b327e4
*** SHOWDOWN ***
e0b327e4 collected $0.34 from pot
*** SUMMARY ***
Total pot $0.35 | Rake $0.01 | Jackpot $0 | Bingo $0 | Fortune $0 | Tax $0
Seat 1: 512a58a (big blind) folded before Flop
Seat 2: 204af5cd folded before Flop
Seat 3: 9abf3513 folded before Flop (didn't bet)
Seat 4: e0b327e4 (button) collected ($0.34)
Seat 5: Hero (small blind) folded before Flop


Poker Hand #HD1826875643: Hold'em No Limit ($0.05/$0.1) - 2024/06/22 19:21:54
Table 'NLHRed76' 6-max Seat #3 is the button
Seat 1: 512a58a ($23.93 in chips)
Seat 2: 204af5cd ($4.5 in chips)
Seat 3: 9abf3513 ($12.65 in chips)
Seat 4: e0b327e4 ($20.74 in chips)
Seat 5: Hero ($17.93 in chips)
Seat 6: 3220dcef ($10 in chips)
e0b327e4: posts small blind $0.05
Hero: posts big blind $0.1
*** HOLE CARDS ***
Dealt to 512a58a 
Dealt to 204af5cd 
Dealt to 9abf3513 
Dealt to e0b327e4 
Dealt to Hero [3h 6c]
Dealt to 3220dcef 
3220dcef: folds
512a58a: folds
204af5cd: calls $0.1
9abf3513: folds
e0b327e4: folds
Hero: checks
*** FLOP *** [5s 8s Th]
Hero: checks
204af5cd: checks
*** TURN *** [5s 8s Th] [2d]
Hero: bets $0.2
204af5cd: folds
Uncalled bet ($0.2) returned to Hero
*** SHOWDOWN ***
Hero collected $0.24 from pot
*** SUMMARY ***
Total pot $0.25 | Rake $0.01 | Jackpot $0 | Bingo $0 | Fortune $0 | Tax $0
Board [5s 8s Th 2d]
Seat 1: 512a58a folded before Flop (didn't bet)
Seat 2: 204af5cd folded on the Turn
Seat 3: 9abf3513 (button) folded before Flop (didn't bet)
Seat 4: e0b327e4 (small blind) folded before Flop
Seat 5: Hero (big blind) won ($0.24)
Seat 6: 3220dcef folded before Flop (didn't bet)


Poker Hand #HD1826775578: Hold'em No Limit ($0.05/$0.1) - 2024/06/22 19:21:18
Table 'NLHRed76' 6-max Seat #2 is the button
Seat 1: 512a58a ($23.93 in chips)
Seat 2: 204af5cd ($4.17 in chips)
Seat 3: 9abf3513 ($12.7 in chips)
Seat 4: e0b327e4 ($20.84 in chips)
Seat 5: Hero ($18.13 in chips)
Seat 6: 3220dcef ($10 in chips)
9abf3513: posts small blind $0.05
e0b327e4: posts big blind $0.1
*** HOLE CARDS ***
Dealt to 512a58a 
Dealt to 204af5cd 
Dealt to 9abf3513 
Dealt to e0b327e4 
Dealt to Hero [8c 7c]
Dealt to 3220dcef 
Hero: raises $0.1 to $0.2
3220dcef: folds
512a58a: folds
204af5cd: calls $0.2
9abf3513: folds
e0b327e4: folds
*** FLOP *** [4s 2c Qd]
Hero: checks
204af5cd: bets $0.28
Hero: folds
Uncalled bet ($0.28) returned to 204af5cd
*** SHOWDOWN ***
204af5cd collected $0.53 from pot
*** SUMMARY ***
Total pot $0.55 | Rake $0.02 | Jackpot $0 | Bingo $0 | Fortune $0 | Tax $0
Board [4s 2c Qd]
Seat 1: 512a58a folded before Flop (didn't bet)
Seat 2: 204af5cd (button) won ($0.53)
Seat 3: 9abf3513 (small blind) folded before Flop
Seat 4: e0b327e4 (big blind) folded before Flop
Seat 5: Hero folded on the Flop
Seat 6: 3220dcef folded before Flop (didn't bet)


Poker Hand #HD1826775552: Hold'em No Limit ($0.05/$0.1) - 2024/06/22 19:21:05
Table 'NLHRed76' 6-max Seat #1 is the button
Seat 1: 512a58a ($23.78 in chips)
Seat 2: 204af5cd ($4.22 in chips)
Seat 3: 9abf3513 ($12.8 in chips)
Seat 5: Hero ($18.13 in chips)
Seat 6: 3220dcef ($10 in chips)
204af5cd: posts small blind $0.05
9abf3513: posts big blind $0.1
*** HOLE CARDS ***
Dealt to 512a58a 
Dealt to 204af5cd 
Dealt to 9abf3513 
Dealt to Hero [9d Qc]
Dealt to 3220dcef 
Hero: folds
3220dcef: folds
512a58a: raises $0.13 to $0.23
204af5cd: folds
9abf3513: folds
Uncalled bet ($0.13) returned to 512a58a
*** SHOWDOWN ***
512a58a collected $0.25 from pot
*** SUMMARY ***
Total pot $0.25 | Rake $0 | Jackpot $0 | Bingo $0 | Fortune $0 | Tax $0
Seat 1: 512a58a (button) collected ($0.25)
Seat 2: 204af5cd (small blind) folded before Flop
Seat 3: 9abf3513 (big blind) folded before Flop
Seat 5: Hero folded before Flop (didn't bet)
Seat 6: 3220dcef folded before Flop (didn't bet)


Poker Hand #HD1826775513: Hold'em No Limit ($0.05/$0.1) - 2024/06/22 19:20:49
Table 'NLHRed76' 6-max Seat #6 is the button
Seat 1: 512a58a ($23.83 in chips)
Seat 2: 204af5cd ($4.17 in chips)
Seat 3: 9abf3513 ($12.8 in chips)
Seat 5: Hero ($18.13 in chips)
Seat 6: 3220dcef ($10 in chips)
512a58a: posts small blind $0.05
204af5cd: posts big blind $0.1
*** HOLE CARDS ***
Dealt to 512a58a 
Dealt to 204af5cd 
Dealt to 9abf3513 
Dealt to Hero [8s Ah]
Dealt to 3220dcef 
9abf3513: folds
Hero: folds
3220dcef: folds
512a58a: folds
Uncalled bet ($0.05) returned to 204af5cd
*** SHOWDOWN ***
204af5cd collected $0.1 from pot
*** SUMMARY ***
Total pot $0.1 | Rake $0 | Jackpot $0 | Bingo $0 | Fortune $0 | Tax $0
Seat 1: 512a58a (small blind) folded before Flop
Seat 2: 204af5cd (big blind) collected ($0.1)
Seat 3: 9abf3513 folded before Flop (didn't bet)
Seat 5: Hero folded before Flop (didn't bet)
Seat 6: 3220dcef (button) folded before Flop (didn't bet)


Poker Hand #HD1826775415: Hold'em No Limit ($0.05/$0.1) - 2024/06/22 19:19:56
Table 'NLHRed76' 6-max Seat #5 is the button
Seat 1: 512a58a ($23.93 in chips)
Seat 2: 204af5cd ($4.89 in chips)
Seat 3: 9abf3513 ($12.01 in chips)
Seat 5: Hero ($18.13 in chips)
Seat 6: 3220dcef ($10 in chips)
3220dcef: posts small blind $0.05
512a58a: posts big blind $0.1
*** HOLE CARDS ***
Dealt to 512a58a 
Dealt to 204af5cd 
Dealt to 9abf3513 
Dealt to Hero [7h Tc]
Dealt to 3220dcef 
204af5cd: calls $0.1
9abf3513: raises $0.3 to $0.4
Hero: folds
3220dcef: folds
512a58a: folds
204af5cd: calls $0.3
*** FLOP *** [3h Qc 5d]
204af5cd: bets $0.32
9abf3513: calls $0.32
*** TURN *** [3h Qc 5d] [2c]
204af5cd: checks
9abf3513: checks
*** RIVER *** [3h Qc 5d 2c] [7c]
204af5cd: checks
9abf3513: bets $1.2
204af5cd: folds
Uncalled bet ($1.2) returned to 9abf3513
*** SHOWDOWN ***
9abf3513 collected $1.51 from pot
*** SUMMARY ***
Total pot $1.59 | Rake $0.08 | Jackpot $0 | Bingo $0 | Fortune $0 | Tax $0
Board [3h Qc 5d 2c 7c]
Seat 1: 512a58a (big blind) folded before Flop
Seat 2: 204af5cd folded on the River
Seat 3: 9abf3513 won ($1.51)
Seat 5: Hero (button) folded before Flop (didn't bet)
Seat 6: 3220dcef (small blind) folded before Flop


Poker Hand #HD1826775281: Hold'em No Limit ($0.05/$0.1) - 2024/06/22 19:18:45
Table 'NLHRed76' 6-max Seat #3 is the button
Seat 1: 512a58a ($23.3 in chips)
Seat 2: 204af5cd ($5.43 in chips)
Seat 3: 9abf3513 ($12.01 in chips)
Seat 5: Hero ($18.18 in chips)
Seat 6: 3220dcef ($10 in chips)
Hero: posts small blind $0.05
3220dcef: posts big blind $0.1
*** HOLE CARDS ***
Dealt to 512a58a 
Dealt to 204af5cd 
Dealt to 9abf3513 
Dealt to Hero [5s Ks]
Dealt to 3220dcef 
512a58a: raises $0.13 to $0.23
204af5cd: calls $0.23
9abf3513: folds
Hero: folds
3220dcef: folds
*** FLOP *** [8h 3h 4d]
512a58a: bets $0.31
204af5cd: calls $0.31
*** TURN *** [8h 3h 4d] [Kd]
512a58a: checks
204af5cd: checks
*** RIVER *** [8h 3h 4d Kd] [6s]
512a58a: bets $1.14
204af5cd: folds
Uncalled bet ($1.14) returned to 512a58a
204af5cd: shows [7s 7h] (Pair of Sevens)
*** SHOWDOWN ***
512a58a collected $1.17 from pot
*** SUMMARY ***
Total pot $1.23 | Rake $0.06 | Jackpot $0 | Bingo $0 | Fortune $0 | Tax $0
Board [8h 3h 4d Kd 6s]
Seat 1: 512a58a won ($1.17)
Seat 2: 204af5cd folded on the River
Seat 3: 9abf3513 (button) folded before Flop (didn't bet)
Seat 5: Hero (small blind) folded before Flop
Seat 6: 3220dcef (big blind) folded before Flop


Poker Hand #HD1826775257: Hold'em No Limit ($0.05/$0.1) - 2024/06/22 19:18:29
Table 'NLHRed76' 6-max Seat #2 is the button
Seat 1: 512a58a ($23.15 in chips)
Seat 2: 204af5cd ($5.43 in chips)
Seat 3: 9abf3513 ($12.06 in chips)
Seat 5: Hero ($18.28 in chips)
Seat 6: 3220dcef ($10 in chips)
9abf3513: posts small blind $0.05
Hero: posts big blind $0.1
*** HOLE CARDS ***
Dealt to 512a58a 
Dealt to 204af5cd 
Dealt to 9abf3513 
Dealt to Hero [Kd 9h]
Dealt to 3220dcef 
3220dcef: folds
512a58a: raises $0.13 to $0.23
204af5cd: folds
9abf3513: folds
Hero: folds
Uncalled bet ($0.13) returned to 512a58a
*** SHOWDOWN ***
512a58a collected $0.25 from pot
*** SUMMARY ***
Total pot $0.25 | Rake $0 | Jackpot $0 | Bingo $0 | Fortune $0 | Tax $0
Seat 1: 512a58a collected ($0.25)
Seat 2: 204af5cd (button) folded before Flop (didn't bet)
Seat 3: 9abf3513 (small blind) folded before Flop
Seat 5: Hero (big blind) folded before Flop
Seat 6: 3220dcef folded before Flop (didn't bet)


Poker Hand #HD1826775194: Hold'em No Limit ($0.05/$0.1) - 2024/06/22 19:17:55
Table 'NLHRed76' 6-max Seat #1 is the button
Seat 1: 512a58a ($23.57 in chips)
Seat 2: 204af5cd ($4.95 in chips)
Seat 3: 9abf3513 ($12.16 in chips)
Seat 5: Hero ($18.28 in chips)
Seat 6: 3220dcef ($10 in chips)
204af5cd: posts small blind $0.05
9abf3513: posts big blind $0.1
*** HOLE CARDS ***
Dealt to 512a58a 
Dealt to 204af5cd 
Dealt to 9abf3513 
Dealt to Hero [7s 6h]
Dealt to 3220dcef 
Hero: folds
3220dcef: folds
512a58a: raises $0.13 to $0.23
204af5cd: calls $0.18
9abf3513: folds
*** FLOP *** [Ts 3h 6d]
204af5cd: checks
512a58a: bets $0.19
204af5cd: raises $0.32 to $0.51
512a58a: folds
Uncalled bet ($0.32) returned to 204af5cd
*** SHOWDOWN ***
204af5cd collected $0.9 from pot
*** SUMMARY ***
Total pot $0.94 | Rake $0.04 | Jackpot $0 | Bingo $0 | Fortune $0 | Tax $0
Board [Ts 3h 6d]
Seat 1: 512a58a (button) folded on the Flop
Seat 2: 204af5cd (small blind) won ($0.9)
Seat 3: 9abf3513 (big blind) folded before Flop
Seat 5: Hero folded before Flop (didn't bet)
Seat 6: 3220dcef folded before Flop (didn't bet)


Poker Hand #HD1826775071: Hold'em No Limit ($0.05/$0.1) - 2024/06/22 19:16:48
Table 'NLHRed76' 6-max Seat #6 is the button
Seat 1: 512a58a ($13.61 in chips)
Seat 2: 204af5cd ($5.05 in chips)
Seat 3: 9abf3513 ($12.16 in chips)
Seat 5: Hero ($18.28 in chips)
Seat 6: 3220dcef ($10.96 in chips)
512a58a: posts small blind $0.05
204af5cd: posts big blind $0.1
*** HOLE CARDS ***
Dealt to 512a58a 
Dealt to 204af5cd 
Dealt to 9abf3513 
Dealt to Hero [5d Ks]
Dealt to 3220dcef 
9abf3513: folds
Hero: folds
3220dcef: raises $0.2 to $0.3
512a58a: raises $0.84 to $1.14
204af5cd: folds
3220dcef: calls $0.84
*** FLOP *** [2s 8c 3h]
512a58a: checks
3220dcef: checks
*** TURN *** [2s 8c 3h] [7h]
512a58a: checks
3220dcef: bets $1.31
512a58a: calls $1.31
*** RIVER *** [2s 8c 3h 7h] [6d]
512a58a: checks
3220dcef: bets $8.51 and is all-in
512a58a: calls $8.51
3220dcef: shows [Qh Th] (Queen-High)
512a58a: shows [8h 8d] (Three Eights)
*** SHOWDOWN ***
512a58a collected $20.92 from pot
*** SUMMARY ***
Total pot $22.02 | Rake $1 | Jackpot $0.1 | Bingo $0 | Fortune $0 | Tax $0
Board [2s 8c 3h 7h 6d]
Seat 1: 512a58a (small blind) showed [8h 8d] and won ($20.92) with Three Eights
Seat 2: 204af5cd (big blind) folded before Flop
Seat 3: 9abf3513 folded before Flop (didn't bet)
Seat 5: Hero folded before Flop (didn't bet)
Seat 6: 3220dcef (button) showed [Qh Th] and lost with Queen-High


Poker Hand #HD1826775040: Hold'em No Limit ($0.05/$0.1) - 2024/06/22 19:16:34
Table 'NLHRed76' 6-max Seat #5 is the button
Seat 1: 512a58a ($13.71 in chips)
Seat 2: 204af5cd ($4.9 in chips)
Seat 3: 9abf3513 ($12.16 in chips)
Seat 5: Hero ($18.28 in chips)
Seat 6: 3220dcef ($11.01 in chips)
3220dcef: posts small blind $0.05
512a58a: posts big blind $0.1
*** HOLE CARDS ***
Dealt to 512a58a 
Dealt to 204af5cd 
Dealt to 9abf3513 
Dealt to Hero [Jh Ts]
Dealt to 3220dcef 
204af5cd: raises $0.2 to $0.3
9abf3513: folds
Hero: folds
3220dcef: folds
512a58a: folds
Uncalled bet ($0.2) returned to 204af5cd
*** SHOWDOWN ***
204af5cd collected $0.25 from pot
*** SUMMARY ***
Total pot $0.25 | Rake $0 | Jackpot $0 | Bingo $0 | Fortune $0 | Tax $0
Seat 1: 512a58a (big blind) folded before Flop
Seat 2: 204af5cd collected ($0.25)
Seat 3: 9abf3513 folded before Flop (didn't bet)
Seat 5: Hero (button) folded before Flop (didn't bet)
Seat 6: 3220dcef (small blind) folded before Flop


Poker Hand #HD1826775009: Hold'em No Limit ($0.05/$0.1) - 2024/06/22 19:16:21
Table 'NLHRed76' 6-max Seat #3 is the button
Seat 1: 512a58a ($13.71 in chips)
Seat 2: 204af5cd ($4.9 in chips)
Seat 3: 9abf3513 ($12.16 in chips)
Seat 5: Hero ($18.33 in chips)
Seat 6: 3220dcef ($10.96 in chips)
Hero: posts small blind $0.05
3220dcef: posts big blind $0.1
*** HOLE CARDS ***
Dealt to 512a58a 
Dealt to 204af5cd 
Dealt to 9abf3513 
Dealt to Hero [7s Qc]
Dealt to 3220dcef 
512a58a: folds
204af5cd: folds
9abf3513: folds
Hero: folds
Uncalled bet ($0.05) returned to 3220dcef
*** SHOWDOWN ***
3220dcef collected $0.1 from pot
*** SUMMARY ***
Total pot $0.1 | Rake $0 | Jackpot $0 | Bingo $0 | Fortune $0 | Tax $0
Seat 1: 512a58a folded before Flop (didn't bet)
Seat 2: 204af5cd folded before Flop (didn't bet)
Seat 3: 9abf3513 (button) folded before Flop (didn't bet)
Seat 5: Hero (small blind) folded before Flop
Seat 6: 3220dcef (big blind) collected ($0.1)


Poker Hand #HD1826774924: Hold'em No Limit ($0.05/$0.1) - 2024/06/22 19:15:42
Table 'NLHRed76' 6-max Seat #2 is the button
Seat 1: 512a58a ($13.71 in chips)
Seat 2: 204af5cd ($5 in chips)
Seat 3: 9abf3513 ($12.26 in chips)
Seat 5: Hero ($18.14 in chips)
Seat 6: 3220dcef ($10.96 in chips)
9abf3513: posts small blind $0.05
Hero: posts big blind $0.1
*** HOLE CARDS ***
Dealt to 512a58a 
Dealt to 204af5cd 
Dealt to 9abf3513 
Dealt to Hero [Qs 3h]
Dealt to 3220dcef 
3220dcef: folds
512a58a: folds
204af5cd: calls $0.1
9abf3513: calls $0.05
Hero: checks
*** FLOP *** [Jd Ts 7s]
9abf3513: checks
Hero: checks
204af5cd: checks
*** TURN *** [Jd Ts 7s] [9s]
9abf3513: checks
Hero: bets $0.2
204af5cd: folds
9abf3513: folds
Uncalled bet ($0.2) returned to Hero
*** SHOWDOWN ***
Hero collected $0.29 from pot
*** SUMMARY ***
Total pot $0.3 | Rake $0.01 | Jackpot $0 | Bingo $0 | Fortune $0 | Tax $0
Board [Jd Ts 7s 9s]
Seat 1: 512a58a folded before Flop (didn't bet)
Seat 2: 204af5cd (button) folded on the Turn
Seat 3: 9abf3513 (small blind) folded on the Turn
Seat 5: Hero (big blind) won ($0.29)
Seat 6: 3220dcef folded before Flop (didn't bet)


Poker Hand #HD1826774884: Hold'em No Limit ($0.05/$0.1) - 2024/06/22 19:15:17
Table 'NLHRed76' 6-max Seat #1 is the button
Seat 1: 512a58a ($13.71 in chips)
Seat 2: 204af5cd ($5.05 in chips)
Seat 3: 9abf3513 ($12.36 in chips)
Seat 4: e0b327e4 ($21.14 in chips)
Seat 5: Hero ($17.72 in chips)
Seat 6: 3220dcef ($10.96 in chips)
204af5cd: posts small blind $0.05
9abf3513: posts big blind $0.1
*** HOLE CARDS ***
Dealt to 512a58a 
Dealt to 204af5cd 
Dealt to 9abf3513 
Dealt to e0b327e4 
Dealt to Hero [Kh Ac]
Dealt to 3220dcef 
e0b327e4: raises $0.2 to $0.3
Hero: raises $0.6 to $0.9
3220dcef: folds
512a58a: folds
204af5cd: folds
9abf3513: folds
e0b327e4: folds
Uncalled bet ($0.6) returned to Hero
*** SHOWDOWN ***
Hero collected $0.72 from pot
*** SUMMARY ***
Total pot $0.75 | Rake $0.03 | Jackpot $0 | Bingo $0 | Fortune $0 | Tax $0
Seat 1: 512a58a (button) folded before Flop (didn't bet)
Seat 2: 204af5cd (small blind) folded before Flop
Seat 3: 9abf3513 (big blind) folded before Flop
Seat 4: e0b327e4 folded before Flop
Seat 5: Hero collected ($0.72)
Seat 6: 3220dcef folded before Flop (didn't bet)


Poker Hand #HD1826774783: Hold'em No Limit ($0.05/$0.1) - 2024/06/22 19:14:23
Table 'NLHRed76' 6-max Seat #6 is the button
Seat 1: 512a58a ($14.31 in chips)
Seat 2: 204af5cd ($4.22 in chips)
Seat 3: 9abf3513 ($12.36 in chips)
Seat 4: e0b327e4 ($21.14 in chips)
Seat 5: Hero ($17.72 in chips)
Seat 6: 3220dcef ($11.26 in chips)
512a58a: posts small blind $0.05
204af5cd: posts big blind $0.1
*** HOLE CARDS ***
Dealt to 512a58a 
Dealt to 204af5cd 
Dealt to 9abf3513 
Dealt to e0b327e4 
Dealt to Hero [2c 8d]
Dealt to 3220dcef 
9abf3513: folds
e0b327e4: folds
Hero: folds
3220dcef: raises $0.2 to $0.3
512a58a: calls $0.25
204af5cd: calls $0.2
*** FLOP *** [5h Qd 2d]
512a58a: checks
204af5cd: bets $0.3
3220dcef: folds
512a58a: calls $0.3
*** TURN *** [5h Qd 2d] [7h]
512a58a: checks
204af5cd: bets $3.62 and is all-in
512a58a: folds
Uncalled bet ($3.62) returned to 204af5cd
*** SHOWDOWN ***
204af5cd collected $1.43 from pot
*** SUMMARY ***
Total pot $1.5 | Rake $0.07 | Jackpot $0 | Bingo $0 | Fortune $0 | Tax $0
Board [5h Qd 2d 7h]
Seat 1: 512a58a (small blind) folded on the Turn
Seat 2: 204af5cd (big blind) won ($1.43)
Seat 3: 9abf3513 folded before Flop (didn't bet)
Seat 4: e0b327e4 folded before Flop (didn't bet)
Seat 5: Hero folded before Flop (didn't bet)
Seat 6: 3220dcef (button) folded on the Flop


Poker Hand #HD1826774639: Hold'em No Limit ($0.05/$0.1) - 2024/06/22 19:13:13
Table 'NLHRed76' 6-max Seat #5 is the button
Seat 1: 512a58a ($14.41 in chips)
Seat 2: 204af5cd ($3.69 in chips)
Seat 3: 9abf3513 ($12.36 in chips)
Seat 4: e0b327e4 ($21.14 in chips)
Seat 5: Hero ($17.72 in chips)
Seat 6: 3220dcef ($11.74 in chips)
3220dcef: posts small blind $0.05
512a58a: posts big blind $0.1
*** HOLE CARDS ***
Dealt to 512a58a 
Dealt to 204af5cd 
Dealt to 9abf3513 
Dealt to e0b327e4 
Dealt to Hero [9c Ah]
Dealt to 3220dcef 
204af5cd: calls $0.1
9abf3513: folds
e0b327e4: folds
Hero: folds
3220dcef: calls $0.05
512a58a: checks
*** FLOP *** [8d Td 4c]
3220dcef: checks
512a58a: checks
204af5cd: bets $0.1
3220dcef: calls $0.1
512a58a: folds
*** TURN *** [8d Td 4c] [2h]
3220dcef: checks
204af5cd: checks
*** RIVER *** [8d Td 4c 2h] [4h]
3220dcef: bets $0.28
204af5cd: calls $0.28
3220dcef: shows [5d 6d] (Pair of Fours)
204af5cd: shows [3d 3s] (Pair of Fours and Pair of Treys)
*** SHOWDOWN ***
204af5cd collected $1.01 from pot
*** SUMMARY ***
Total pot $1.06 | Rake $0.05 | Jackpot $0 | Bingo $0 | Fortune $0 | Tax $0
Board [8d Td 4c 2h 4h]
Seat 1: 512a58a (big blind) folded on the Flop
Seat 2: 204af5cd showed [3d 3s] and won ($1.01) with Pair of Fours and Pair of Treys
Seat 3: 9abf3513 folded before Flop (didn't bet)
Seat 4: e0b327e4 folded before Flop (didn't bet)
Seat 5: Hero (button) folded before Flop (didn't bet)
Seat 6: 3220dcef (small blind) showed [5d 6d] and lost with Pair of Fours


Poker Hand #HD1826774521: Hold'em No Limit ($0.05/$0.1) - 2024/06/22 19:12:09
Table 'NLHRed76' 6-max Seat #4 is the button
Seat 2: 204af5cd ($3.92 in chips)
Seat 3: 9abf3513 ($12.36 in chips)
Seat 4: e0b327e4 ($21.14 in chips)
Seat 5: Hero ($17.77 in chips)
Seat 6: 3220dcef ($11.48 in chips)
Hero: posts small blind $0.05
3220dcef: posts big blind $0.1
*** HOLE CARDS ***
Dealt to 204af5cd 
Dealt to 9abf3513 
Dealt to e0b327e4 
Dealt to Hero [7s 5d]
Dealt to 3220dcef 
204af5cd: calls $0.1
9abf3513: folds
e0b327e4: folds
Hero: folds
3220dcef: checks
*** FLOP *** [8d Kh 4c]
3220dcef: checks
204af5cd: bets $0.13
3220dcef: calls $0.13
*** TURN *** [8d Kh 4c] [5s]
3220dcef: checks
204af5cd: checks
*** RIVER *** [8d Kh 4c 5s] [Tc]
3220dcef: bets $0.29
204af5cd: folds
Uncalled bet ($0.29) returned to 3220dcef
*** SHOWDOWN ***
3220dcef collected $0.49 from pot
*** SUMMARY ***
Total pot $0.51 | Rake $0.02 | Jackpot $0 | Bingo $0 | Fortune $0 | Tax $0
Board [8d Kh 4c 5s Tc]
Seat 2: 204af5cd folded on the River
Seat 3: 9abf3513 folded before Flop (didn't bet)
Seat 4: e0b327e4 (button) folded before Flop (didn't bet)
Seat 5: Hero (small blind) folded before Flop
Seat 6: 3220dcef (big blind) won ($0.49)


Poker Hand #HD1826774471: Hold'em No Limit ($0.05/$0.1) - 2024/06/22 19:11:41
Table 'NLHRed76' 6-max Seat #3 is the button
Seat 2: 204af5cd ($4.02 in chips)
Seat 3: 9abf3513 ($12.36 in chips)
Seat 4: e0b327e4 ($21.19 in chips)
Seat 5: Hero ($17.63 in chips)
Seat 6: 3220dcef ($11.48 in chips)
e0b327e4: posts small blind $0.05
Hero: posts big blind $0.1
*** HOLE CARDS ***
Dealt to 204af5cd 
Dealt to 9abf3513 
Dealt to e0b327e4 
Dealt to Hero [8c 2d]
Dealt to 3220dcef 
3220dcef: folds
204af5cd: calls $0.1
9abf3513: folds
e0b327e4: folds
Hero: checks
*** FLOP *** [5h Qs Ts]
Hero: checks
204af5cd: checks
*** TURN *** [5h Qs Ts] [4s]
Hero: checks
204af5cd: checks
*** RIVER *** [5h Qs Ts 4s] [Jc]
Hero: bets $0.2
204af5cd: folds
Uncalled bet ($0.2) returned to Hero
*** SHOWDOWN ***
Hero collected $0.24 from pot
*** SUMMARY ***
Total pot $0.25 | Rake $0.01 | Jackpot $0 | Bingo $0 | Fortune $0 | Tax $0
Board [5h Qs Ts 4s Jc]
Seat 2: 204af5cd folded on the River
Seat 3: 9abf3513 (button) folded before Flop (didn't bet)
Seat 4: e0b327e4 (small blind) folded before Flop
Seat 5: Hero (big blind) won ($0.24)
Seat 6: 3220dcef folded before Flop (didn't bet)


Poker Hand #HD1826774368: Hold'em No Limit ($0.05/$0.1) - 2024/06/22 19:10:51
Table 'NLHRed76' 6-max Seat #2 is the button
Seat 2: 204af5cd ($4.12 in chips)
Seat 3: 9abf3513 ($12.41 in chips)
Seat 4: e0b327e4 ($21.05 in chips)
Seat 5: Hero ($17.63 in chips)
Seat 6: 3220dcef ($11.48 in chips)
9abf3513: posts small blind $0.05
e0b327e4: posts big blind $0.1
*** HOLE CARDS ***
Dealt to 204af5cd 
Dealt to 9abf3513 
Dealt to e0b327e4 
Dealt to Hero [Jh 6d]
Dealt to 3220dcef 
Hero: folds
3220dcef: folds
204af5cd: calls $0.1
9abf3513: folds
e0b327e4: checks
*** FLOP *** [Qs 8d 2d]
e0b327e4: checks
204af5cd: checks
*** TURN *** [Qs 8d 2d] [8h]
e0b327e4: checks
204af5cd: checks
*** RIVER *** [Qs 8d 2d 8h] [5c]
e0b327e4: checks
204af5cd: checks
e0b327e4: shows [2h Kc] (Pair of Eights and Pair of Twos)
204af5cd: shows [Td Ks] (Pair of Eights)
*** SHOWDOWN ***
e0b327e4 collected $0.24 from pot
*** SUMMARY ***
Total pot $0.25 | Rake $0.01 | Jackpot $0 | Bingo $0 | Fortune $0 | Tax $0
Board [Qs 8d 2d 8h 5c]
Seat 2: 204af5cd (button) showed [Td Ks] and lost with Pair of Eights
Seat 3: 9abf3513 (small blind) folded before Flop
Seat 4: e0b327e4 (big blind) showed [2h Kc] and won ($0.24) with Pair of Eights and Pair of Twos
Seat 5: Hero folded before Flop (didn't bet)
Seat 6: 3220dcef folded before Flop (didn't bet)


Poker Hand #HD1826774284: Hold'em No Limit ($0.05/$0.1) - 2024/06/22 19:10:04
Table 'NLHRed76' 6-max Seat #6 is the button
Seat 2: 204af5cd ($4.17 in chips)
Seat 3: 9abf3513 ($12.51 in chips)
Seat 4: e0b327e4 ($21.05 in chips)
Seat 5: Hero ($16.81 in chips)
Seat 6: 3220dcef ($12.23 in chips)
204af5cd: posts small blind $0.05
9abf3513: posts big blind $0.1
*** HOLE CARDS ***
Dealt to 204af5cd 
Dealt to 9abf3513 
Dealt to e0b327e4 
Dealt to Hero [Ac Kd]
Dealt to 3220dcef 
e0b327e4: folds
Hero: raises $0.1 to $0.2
3220dcef: raises $0.55 to $0.75
204af5cd: folds
9abf3513: folds
Hero: raises $1.65 to $2.4
3220dcef: folds
Uncalled bet ($1.65) returned to Hero
*** SHOWDOWN ***
Hero collected $1.57 from pot
*** SUMMARY ***
Total pot $1.65 | Rake $0.08 | Jackpot $0 | Bingo $0 | Fortune $0 | Tax $0
Seat 2: 204af5cd (small blind) folded before Flop
Seat 3: 9abf3513 (big blind) folded before Flop
Seat 4: e0b327e4 folded before Flop (didn't bet)
Seat 5: Hero collected ($1.57)
Seat 6: 3220dcef (button) folded before Flop


Poker Hand #HD1826774250: Hold'em No Limit ($0.05/$0.1) - 2024/06/22 19:09:47
Table 'NLHRed76' 6-max Seat #5 is the button
Seat 2: 204af5cd ($4.27 in chips)
Seat 3: 9abf3513 ($12.51 in chips)
Seat 4: e0b327e4 ($21.05 in chips)
Seat 5: Hero ($16.66 in chips)
Seat 6: 3220dcef ($12.28 in chips)
3220dcef: posts small blind $0.05
204af5cd: posts big blind $0.1
*** HOLE CARDS ***
Dealt to 204af5cd 
Dealt to 9abf3513 
Dealt to e0b327e4 
Dealt to Hero [9d 9c]
Dealt to 3220dcef 
9abf3513: folds
e0b327e4: folds
Hero: raises $0.14 to $0.24
3220dcef: folds
204af5cd: folds
Uncalled bet ($0.14) returned to Hero
*** SHOWDOWN ***
Hero collected $0.25 from pot
*** SUMMARY ***
Total pot $0.25 | Rake $0 | Jackpot $0 | Bingo $0 | Fortune $0 | Tax $0
Seat 2: 204af5cd (big blind) folded before Flop
Seat 3: 9abf3513 folded before Flop (didn't bet)
Seat 4: e0b327e4 folded before Flop (didn't bet)
Seat 5: Hero (button) collected ($0.25)
Seat 6: 3220dcef (small blind) folded before Flop


Poker Hand #HD1826774187: Hold'em No Limit ($0.05/$0.1) - 2024/06/22 19:09:09
Table 'NLHRed76' 6-max Seat #4 is the button
Seat 2: 204af5cd ($4.13 in chips)
Seat 3: 9abf3513 ($12.51 in chips)
Seat 4: e0b327e4 ($21.05 in chips)
Seat 5: Hero ($16.71 in chips)
Seat 6: 3220dcef ($12.38 in chips)
Hero: posts small blind $0.05
3220dcef: posts big blind $0.1
*** HOLE CARDS ***
Dealt to 204af5cd 
Dealt to 9abf3513 
Dealt to e0b327e4 
Dealt to Hero [5d 4s]
Dealt to 3220dcef 
204af5cd: calls $0.1
9abf3513: folds
e0b327e4: folds
Hero: folds
3220dcef: checks
*** FLOP *** [Jc 4h Ad]
3220dcef: checks
204af5cd: bets $0.13
3220dcef: folds
Uncalled bet ($0.13) returned to 204af5cd
*** SHOWDOWN ***
204af5cd collected $0.24 from pot
*** SUMMARY ***
Total pot $0.25 | Rake $0.01 | Jackpot $0 | Bingo $0 | Fortune $0 | Tax $0
Board [Jc 4h Ad]
Seat 2: 204af5cd won ($0.24)
Seat 3: 9abf3513 folded before Flop (didn't bet)
Seat 4: e0b327e4 (button) folded before Flop (didn't bet)
Seat 5: Hero (small blind) folded before Flop
Seat 6: 3220dcef (big blind) folded on the Flop


Poker Hand #HD1826774054: Hold'em No Limit ($0.05/$0.1) - 2024/06/22 19:08:02
Table 'NLHRed76' 6-max Seat #3 is the button
Seat 2: 204af5cd ($4.36 in chips)
Seat 3: 9abf3513 ($12.51 in chips)
Seat 4: e0b327e4 ($21.1 in chips)
Seat 5: Hero ($16.45 in chips)
Seat 6: 3220dcef ($12.38 in chips)
e0b327e4: posts small blind $0.05
Hero: posts big blind $0.1
*** HOLE CARDS ***
Dealt to 204af5cd 
Dealt to 9abf3513 
Dealt to e0b327e4 
Dealt to Hero [9c Td]
Dealt to 3220dcef 
3220dcef: folds
204af5cd: calls $0.1
9abf3513: folds
e0b327e4: folds
Hero: checks
*** FLOP *** [7c 3d Th]
Hero: checks
204af5cd: bets $0.13
Hero: calls $0.13
*** TURN *** [7c 3d Th] [2h]
Hero: checks
204af5cd: checks
*** RIVER *** [7c 3d Th 2h] [9s]
Hero: bets $0.34
204af5cd: folds
Uncalled bet ($0.34) returned to Hero
*** SHOWDOWN ***
Hero collected $0.49 from pot
*** SUMMARY ***
Total pot $0.51 | Rake $0.02 | Jackpot $0 | Bingo $0 | Fortune $0 | Tax $0
Board [7c 3d Th 2h 9s]
Seat 2: 204af5cd folded on the River
Seat 3: 9abf3513 (button) folded before Flop (didn't bet)
Seat 4: e0b327e4 (small blind) folded before Flop
Seat 5: Hero (big blind) won ($0.49)
Seat 6: 3220dcef folded before Flop (didn't bet)


Poker Hand #HD1826773963: Hold'em No Limit ($0.05/$0.1) - 2024/06/22 19:07:12
Table 'NLHRed76' 6-max Seat #2 is the button
Seat 2: 204af5cd ($4.46 in chips)
Seat 3: 9abf3513 ($12.61 in chips)
Seat 4: e0b327e4 ($20.91 in chips)
Seat 5: Hero ($16.45 in chips)
Seat 6: 3220dcef ($12.38 in chips)
9abf3513: posts small blind $0.05
e0b327e4: posts big blind $0.1
*** HOLE CARDS ***
Dealt to 204af5cd 
Dealt to 9abf3513 
Dealt to e0b327e4 
Dealt to Hero [7d Kd]
Dealt to 3220dcef 
Hero: folds
3220dcef: folds
204af5cd: calls $0.1
9abf3513: calls $0.05
e0b327e4: checks
*** FLOP *** [2h Jh 6s]
9abf3513: checks
e0b327e4: checks
204af5cd: checks
*** TURN *** [2h Jh 6s] [9s]
9abf3513: checks
e0b327e4: checks
204af5cd: checks
*** RIVER *** [2h Jh 6s 9s] [2s]
9abf3513: checks
e0b327e4: bets $0.23
204af5cd: folds
9abf3513: folds
Uncalled bet ($0.23) returned to e0b327e4
*** SHOWDOWN ***
e0b327e4 collected $0.29 from pot
*** SUMMARY ***
Total pot $0.3 | Rake $0.01 | Jackpot $0 | Bingo $0 | Fortune $0 | Tax $0
Board [2h Jh 6s 9s 2s]
Seat 2: 204af5cd (button) folded on the River
Seat 3: 9abf3513 (small blind) folded on the River
Seat 4: e0b327e4 (big blind) won ($0.29)
Seat 5: Hero folded before Flop (didn't bet)
Seat 6: 3220dcef folded before Flop (didn't bet)


Poker Hand #HD1826773921: Hold'em No Limit ($0.05/$0.1) - 2024/06/22 19:06:53
Table 'NLHRed76' 6-max Seat #6 is the button
Seat 2: 204af5cd ($4.19 in chips)
Seat 3: 9abf3513 ($12.91 in chips)
Seat 4: e0b327e4 ($20.91 in chips)
Seat 5: Hero ($16.45 in chips)
Seat 6: 3220dcef ($12.38 in chips)
204af5cd: posts small blind $0.05
9abf3513: posts big blind $0.1
*** HOLE CARDS ***
Dealt to 204af5cd 
Dealt to 9abf3513 
Dealt to e0b327e4 
Dealt to Hero [7s 2h]
Dealt to 3220dcef 
e0b327e4: folds
Hero: folds
3220dcef: folds
204af5cd: calls $0.05
9abf3513: raises $0.2 to $0.3
204af5cd: calls $0.2
*** FLOP *** [7d 9d 2d]
204af5cd: bets $0.3
9abf3513: folds
Uncalled bet ($0.3) returned to 204af5cd
*** SHOWDOWN ***
204af5cd collected $0.57 from pot
*** SUMMARY ***
Total pot $0.6 | Rake $0.03 | Jackpot $0 | Bingo $0 | Fortune $0 | Tax $0
Board [7d 9d 2d]
Seat 2: 204af5cd (small blind) won ($0.57)
Seat 3: 9abf3513 (big blind) folded on the Flop
Seat 4: e0b327e4 folded before Flop (didn't bet)
Seat 5: Hero folded before Flop (didn't bet)
Seat 6: 3220dcef (button) folded before Flop (didn't bet)


Poker Hand #HD1826773910: Hold'em No Limit ($0.05/$0.1) - 2024/06/22 19:06:45
Table 'NLHRed76' 6-max Seat #5 is the button
Seat 2: 204af5cd ($4.14 in chips)
Seat 3: 9abf3513 ($12.91 in chips)
Seat 4: e0b327e4 ($20.91 in chips)
Seat 5: Hero ($16.45 in chips)
Seat 6: 3220dcef ($12.43 in chips)
3220dcef: posts small blind $0.05
204af5cd: posts big blind $0.1
*** HOLE CARDS ***
Dealt to 204af5cd 
Dealt to 9abf3513 
Dealt to e0b327e4 
Dealt to Hero [8c Js]
Dealt to 3220dcef 
9abf3513: folds
e0b327e4: folds
Hero: folds
3220dcef: folds
Uncalled bet ($0.05) returned to 204af5cd
*** SHOWDOWN ***
204af5cd collected $0.1 from pot
*** SUMMARY ***
Total pot $0.1 | Rake $0 | Jackpot $0 | Bingo $0 | Fortune $0 | Tax $0
Seat 2: 204af5cd (big blind) collected ($0.1)
Seat 3: 9abf3513 folded before Flop (didn't bet)
Seat 4: e0b327e4 folded before Flop (didn't bet)
Seat 5: Hero (button) folded before Flop (didn't bet)
Seat 6: 3220dcef (small blind) folded before Flop


Poker Hand #HD1826773893: Hold'em No Limit ($0.05/$0.1) - 2024/06/22 19:06:36
Table 'NLHRed76' 6-max Seat #4 is the button
Seat 2: 204af5cd ($4.14 in chips)
Seat 3: 9abf3513 ($12.91 in chips)
Seat 4: e0b327e4 ($20.91 in chips)
Seat 5: Hero ($16.5 in chips)
Seat 6: 3220dcef ($12.38 in chips)
Hero: posts small blind $0.05
3220dcef: posts big blind $0.1
*** HOLE CARDS ***
Dealt to 204af5cd 
Dealt to 9abf3513 
Dealt to e0b327e4 
Dealt to Hero [8d 3d]
Dealt to 3220dcef 
204af5cd: folds
9abf3513: folds
e0b327e4: folds
Hero: folds
Uncalled bet ($0.05) returned to 3220dcef
*** SHOWDOWN ***
3220dcef collected $0.1 from pot
*** SUMMARY ***
Total pot $0.1 | Rake $0 | Jackpot $0 | Bingo $0 | Fortune $0 | Tax $0
Seat 2: 204af5cd folded before Flop (didn't bet)
Seat 3: 9abf3513 folded before Flop (didn't bet)
Seat 4: e0b327e4 (button) folded before Flop (didn't bet)
Seat 5: Hero (small blind) folded before Flop
Seat 6: 3220dcef (big blind) collected ($0.1)


Poker Hand #HD1826773854: Hold'em No Limit ($0.05/$0.1) - 2024/06/22 19:06:17
Table 'NLHRed76' 6-max Seat #3 is the button
Seat 2: 204af5cd ($4 in chips)
Seat 3: 9abf3513 ($12.91 in chips)
Seat 4: e0b327e4 ($20.96 in chips)
Seat 5: Hero ($16.6 in chips)
Seat 6: 3220dcef ($12.38 in chips)
e0b327e4: posts small blind $0.05
Hero: posts big blind $0.1
204af5cd: posts missed blind $0.05
204af5cd: posts big blind $0.1
*** HOLE CARDS ***
Dealt to 204af5cd 
Dealt to 9abf3513 
Dealt to e0b327e4 
Dealt to Hero [2c Tc]
Dealt to 3220dcef 
3220dcef: folds
204af5cd: raises $0.1 to $0.2
9abf3513: folds
e0b327e4: folds
Hero: folds
Uncalled bet ($0.1) returned to 204af5cd
*** SHOWDOWN ***
204af5cd collected $0.29 from pot
*** SUMMARY ***
Total pot $0.3 | Rake $0.01 | Jackpot $0 | Bingo $0 | Fortune $0 | Tax $0
Seat 2: 204af5cd collected ($0.29)
Seat 3: 9abf3513 (button) folded before Flop (didn't bet)
Seat 4: e0b327e4 (small blind) folded before Flop
Seat 5: Hero (big blind) folded before Flop
Seat 6: 3220dcef folded before Flop (didn't bet)


Poker Hand #HD1826773833: Hold'em No Limit ($0.05/$0.1) - 2024/06/22 19:06:08
Table 'NLHRed76' 6-max Seat #6 is the button
Seat 3: 9abf3513 ($12.96 in chips)
Seat 4: e0b327e4 ($20.91 in chips)
Seat 5: Hero ($16.6 in chips)
Seat 6: 3220dcef ($12.38 in chips)
9abf3513: posts small blind $0.05
e0b327e4: posts big blind $0.1
*** HOLE CARDS ***
Dealt to 9abf3513 
Dealt to e0b327e4 
Dealt to Hero [4s Tc]
Dealt to 3220dcef 
Hero: folds
3220dcef: folds
9abf3513: folds
Uncalled bet ($0.05) returned to e0b327e4
*** SHOWDOWN ***
e0b327e4 collected $0.1 from pot
*** SUMMARY ***
Total pot $0.1 | Rake $0 | Jackpot $0 | Bingo $0 | Fortune $0 | Tax $0
Seat 3: 9abf3513 (small blind) folded before Flop
Seat 4: e0b327e4 (big blind) collected ($0.1)
Seat 5: Hero folded before Flop (didn't bet)
Seat 6: 3220dcef (button) folded before Flop (didn't bet)


Poker Hand #HD1826773713: Hold'em No Limit ($0.05/$0.1) - 2024/06/22 19:05:07
Table 'NLHRed76' 6-max Seat #5 is the button
Seat 2: 204af5cd ($2.51 in chips)
Seat 3: 9abf3513 ($12.96 in chips)
Seat 4: e0b327e4 ($20.91 in chips)
Seat 5: Hero ($14.38 in chips)
Seat 6: 3220dcef ($12.43 in chips)
3220dcef: posts small blind $0.05
204af5cd: posts big blind $0.1
*** HOLE CARDS ***
Dealt to 204af5cd 
Dealt to 9abf3513 
Dealt to e0b327e4 
Dealt to Hero [8d Qd]
Dealt to 3220dcef 
9abf3513: folds
e0b327e4: folds
Hero: raises $0.14 to $0.24
3220dcef: folds
204af5cd: calls $0.14
*** FLOP *** [5d 9s Td]
204af5cd: checks
Hero: bets $0.4
204af5cd: raises $0.44 to $0.84
Hero: calls $0.44
*** TURN *** [5d 9s Td] [As]
204af5cd: checks
Hero: checks
*** RIVER *** [5d 9s Td As] [Jh]
204af5cd: bets $1.43 and is all-in
Hero: calls $1.43
204af5cd: shows [2d Ad] (Pair of Aces)
Hero: shows [8d Qd] (Queens-High Straight)
*** SHOWDOWN ***
Hero collected $4.73 from pot
*** SUMMARY ***
Total pot $5.07 | Rake $0.24 | Jackpot $0.1 | Bingo $0 | Fortune $0 | Tax $0
Board [5d 9s Td As Jh]
Seat 2: 204af5cd (big blind) showed [2d Ad] and lost with Pair of Aces
Seat 3: 9abf3513 folded before Flop (didn't bet)
Seat 4: e0b327e4 folded before Flop (didn't bet)
Seat 5: Hero (button) showed [8d Qd] and won ($4.73) with Queens-High Straight
Seat 6: 3220dcef (small blind) folded before Flop


Poker Hand #HD1826773649: Hold'em No Limit ($0.05/$0.1) - 2024/06/22 19:04:36
Table 'NLHRed76' 6-max Seat #4 is the button
Seat 2: 204af5cd ($2.37 in chips)
Seat 3: 9abf3513 ($12.96 in chips)
Seat 4: e0b327e4 ($20.91 in chips)
Seat 5: Hero ($14.43 in chips)
Seat 6: 3220dcef ($12.53 in chips)
Hero: posts small blind $0.05
3220dcef: posts big blind $0.1
*** HOLE CARDS ***
Dealt to 204af5cd 
Dealt to 9abf3513 
Dealt to e0b327e4 
Dealt to Hero [2c 4c]
Dealt to 3220dcef 
204af5cd: calls $0.1
9abf3513: folds
e0b327e4: folds
Hero: folds
3220dcef: checks
*** FLOP *** [8d As Kh]
3220dcef: checks
204af5cd: bets $0.13
3220dcef: folds
Uncalled bet ($0.13) returned to 204af5cd
*** SHOWDOWN ***
204af5cd collected $0.24 from pot
*** SUMMARY ***
Total pot $0.25 | Rake $0.01 | Jackpot $0 | Bingo $0 | Fortune $0 | Tax $0
Board [8d As Kh]
Seat 2: 204af5cd won ($0.24)
Seat 3: 9abf3513 folded before Flop (didn't bet)
Seat 4: e0b327e4 (button) folded before Flop (didn't bet)
Seat 5: Hero (small blind) folded before Flop
Seat 6: 3220dcef (big blind) folded on the Flop


Poker Hand #HD1826773592: Hold'em No Limit ($0.05/$0.1) - 2024/06/22 19:04:05
Table 'NLHRed76' 6-max Seat #3 is the button
Seat 2: 204af5cd ($2 in chips)
Seat 3: 9abf3513 ($12.96 in chips)
Seat 4: e0b327e4 ($20.96 in chips)
Seat 5: Hero ($14.53 in chips)
Seat 6: 3220dcef ($12.78 in chips)
e0b327e4: posts small blind $0.05
Hero: posts big blind $0.1
204af5cd: posts missed blind $0.05
*** HOLE CARDS ***
Dealt to 204af5cd 
Dealt to 9abf3513 
Dealt to e0b327e4 
Dealt to Hero [5s Ad]
Dealt to 3220dcef 
3220dcef: raises $0.15 to $0.25
204af5cd: calls $0.25
9abf3513: folds
e0b327e4: folds
Hero: folds
*** FLOP *** [2h 6d 8s]
3220dcef: checks
204af5cd: bets $0.35
3220dcef: folds
Uncalled bet ($0.35) returned to 204af5cd
*** SHOWDOWN ***
204af5cd collected $0.67 from pot
*** SUMMARY ***
Total pot $0.7 | Rake $0.03 | Jackpot $0 | Bingo $0 | Fortune $0 | Tax $0
Board [2h 6d 8s]
Seat 2: 204af5cd won ($0.67)
Seat 3: 9abf3513 (button) folded before Flop (didn't bet)
Seat 4: e0b327e4 (small blind) folded before Flop
Seat 5: Hero (big blind) folded before Flop
Seat 6: 3220dcef folded on the Flop


Poker Hand #HD1826773125: Hold'em No Limit ($0.05/$0.1) - 2024/06/22 18:59:56
Table 'NLHRed76' 6-max Seat #4 is the button
Seat 1: 512a58a ($10.9 in chips)
Seat 2: 204af5cd ($2.6 in chips)
Seat 3: 9abf3513 ($12.5 in chips)
Seat 4: e0b327e4 ($21.49 in chips)
Seat 5: Hero ($14.58 in chips)
Seat 6: 3220dcef ($14.28 in chips)
Hero: posts small blind $0.05
3220dcef: posts big blind $0.1
*** HOLE CARDS ***
Dealt to 512a58a 
Dealt to 204af5cd 
Dealt to 9abf3513 
Dealt to e0b327e4 
Dealt to Hero [Td 6d]
Dealt to 3220dcef 
512a58a: folds
204af5cd: calls $0.1
9abf3513: folds
e0b327e4: folds
Hero: folds
3220dcef: checks
*** FLOP *** [Qc 4d Th]
3220dcef: checks
204af5cd: bets $0.13
3220dcef: folds
Uncalled bet ($0.13) returned to 204af5cd
*** SHOWDOWN ***
204af5cd collected $0.24 from pot
*** SUMMARY ***
Total pot $0.25 | Rake $0.01 | Jackpot $0 | Bingo $0 | Fortune $0 | Tax $0
Board [Qc 4d Th]
Seat 1: 512a58a folded before Flop (didn't bet)
Seat 2: 204af5cd won ($0.24)
Seat 3: 9abf3513 folded before Flop (didn't bet)
Seat 4: e0b327e4 (button) folded before Flop (didn't bet)
Seat 5: Hero (small blind) folded before Flop
Seat 6: 3220dcef (big blind) folded on the Flop


Poker Hand #HD1826773094: Hold'em No Limit ($0.05/$0.1) - 2024/06/22 18:59:36
Table 'NLHRed76' 6-max Seat #3 is the button
Seat 1: 512a58a ($10.9 in chips)
Seat 2: 204af5cd ($2.6 in chips)
Seat 3: 9abf3513 ($12.5 in chips)
Seat 4: e0b327e4 ($21.39 in chips)
Seat 5: Hero ($14.68 in chips)
Seat 6: 3220dcef ($14.28 in chips)
e0b327e4: posts small blind $0.05
Hero: posts big blind $0.1
*** HOLE CARDS ***
Dealt to 512a58a 
Dealt to 204af5cd 
Dealt to 9abf3513 
Dealt to e0b327e4 
Dealt to Hero [7s Js]
Dealt to 3220dcef 
3220dcef: folds
512a58a: folds
204af5cd: folds
9abf3513: folds
e0b327e4: raises $0.2 to $0.3
Hero: folds
Uncalled bet ($0.2) returned to e0b327e4
*** SHOWDOWN ***
e0b327e4 collected $0.2 from pot
*** SUMMARY ***
Total pot $0.2 | Rake $0 | Jackpot $0 | Bingo $0 | Fortune $0 | Tax $0
Seat 1: 512a58a folded before Flop (didn't bet)
Seat 2: 204af5cd folded before Flop (didn't bet)
Seat 3: 9abf3513 (button) folded before Flop (didn't bet)
Seat 4: e0b327e4 (small blind) collected ($0.2)
Seat 5: Hero (big blind) folded before Flop
Seat 6: 3220dcef folded before Flop (didn't bet)


Poker Hand #HD1826773058: Hold'em No Limit ($0.05/$0.1) - 2024/06/22 18:59:17
Table 'NLHRed76' 6-max Seat #2 is the button
Seat 1: 512a58a ($10.9 in chips)
Seat 2: 204af5cd ($2.6 in chips)
Seat 3: 9abf3513 ($12.55 in chips)
Seat 4: e0b327e4 ($21.49 in chips)
Seat 5: Hero ($14.88 in chips)
Seat 6: 3220dcef ($13.95 in chips)
9abf3513: posts small blind $0.05
e0b327e4: posts big blind $0.1
*** HOLE CARDS ***
Dealt to 512a58a 
Dealt to 204af5cd 
Dealt to 9abf3513 
Dealt to e0b327e4 
Dealt to Hero [As Jh]
Dealt to 3220dcef 
Hero: raises $0.1 to $0.2
3220dcef: raises $0.55 to $0.75
512a58a: folds
204af5cd: folds
9abf3513: folds
e0b327e4: folds
Hero: folds
Uncalled bet ($0.55) returned to 3220dcef
*** SHOWDOWN ***
3220dcef collected $0.53 from pot
*** SUMMARY ***
Total pot $0.55 | Rake $0.02 | Jackpot $0 | Bingo $0 | Fortune $0 | Tax $0
Seat 1: 512a58a folded before Flop (didn't bet)
Seat 2: 204af5cd (button) folded before Flop (didn't bet)
Seat 3: 9abf3513 (small blind) folded before Flop
Seat 4: e0b327e4 (big blind) folded before Flop
Seat 5: Hero folded before Flop
Seat 6: 3220dcef collected ($0.53)


Poker Hand #HD1826772982: Hold'em No Limit ($0.05/$0.1) - 2024/06/22 18:58:37
Table 'NLHRed76' 6-max Seat #1 is the button
Seat 1: 512a58a ($10 in chips)
Seat 2: 204af5cd ($3.49 in chips)
Seat 3: 9abf3513 ($12.65 in chips)
Seat 4: e0b327e4 ($21.49 in chips)
Seat 5: Hero ($14.88 in chips)
Seat 6: 3220dcef ($13.95 in chips)
204af5cd: posts small blind $0.05
9abf3513: posts big blind $0.1
*** HOLE CARDS ***
Dealt to 512a58a 
Dealt to 204af5cd 
Dealt to 9abf3513 
Dealt to e0b327e4 
Dealt to Hero [Tc 5h]
Dealt to 3220dcef 
e0b327e4: folds
Hero: folds
3220dcef: folds
512a58a: raises $0.13 to $0.23
204af5cd: calls $0.18
9abf3513: folds
*** FLOP *** [Ts 5s 4d]
204af5cd: bets $0.19
512a58a: calls $0.19
*** TURN *** [Ts 5s 4d] [7c]
204af5cd: bets $0.47
512a58a: raises $1.23 to $1.7
204af5cd: folds
Uncalled bet ($1.23) returned to 512a58a
*** SHOWDOWN ***
512a58a collected $1.79 from pot
*** SUMMARY ***
Total pot $1.88 | Rake $0.09 | Jackpot $0 | Bingo $0 | Fortune $0 | Tax $0
Board [Ts 5s 4d 7c]
Seat 1: 512a58a (button) won ($1.79)
Seat 2: 204af5cd (small blind) folded on the Turn
Seat 3: 9abf3513 (big blind) folded before Flop
Seat 4: e0b327e4 folded before Flop (didn't bet)
Seat 5: Hero folded before Flop (didn't bet)
Seat 6: 3220dcef folded before Flop (didn't bet)


Poker Hand #HD1826772878: Hold'em No Limit ($0.05/$0.1) - 2024/06/22 18:57:45
Table 'NLHRed76' 6-max Seat #6 is the button
Seat 1: 512a58a ($11.44 in chips)
Seat 2: 204af5cd ($1.76 in chips)
Seat 3: 9abf3513 ($12.65 in chips)
Seat 4: e0b327e4 ($21.49 in chips)
Seat 5: Hero ($14.88 in chips)
Seat 6: 3220dcef ($14.2 in chips)
512a58a: posts small blind $0.05
204af5cd: posts big blind $0.1
*** HOLE CARDS ***
Dealt to 512a58a 
Dealt to 204af5cd 
Dealt to 9abf3513 
Dealt to e0b327e4 
Dealt to Hero [Ts 8d]
Dealt to 3220dcef 
9abf3513: folds
e0b327e4: folds
Hero: folds
3220dcef: raises $0.15 to $0.25
512a58a: calls $0.2
204af5cd: raises $0.75 to $1
3220dcef: folds
512a58a: raises $10.44 to $11.44 and is all-in
204af5cd: calls $0.76 and is all-in
Uncalled bet ($9.68) returned to 512a58a
512a58a: shows [9s 8s]
204af5cd: shows [Jd Kh]
*** FLOP *** [2h Jh Ac]
*** TURN *** [2h Jh Ac] [9d]
*** RIVER *** [2h Jh Ac 9d] [5s]
*** SHOWDOWN ***
204af5cd collected $3.49 from pot
*** SUMMARY ***
Total pot $3.77 | Rake $0.18 | Jackpot $0.1 | Bingo $0 | Fortune $0 | Tax $0
Board [2h Jh Ac 9d 5s]
Seat 1: 512a58a (small blind) showed [9s 8s] and lost with Pair of Nines
Seat 2: 204af5cd (big blind) showed [Jd Kh] and won ($3.49) with Pair of Jacks
Seat 3: 9abf3513 folded before Flop (didn't bet)
Seat 4: e0b327e4 folded before Flop (didn't bet)
Seat 5: Hero folded before Flop (didn't bet)
Seat 6: 3220dcef (button) folded before Flop


Poker Hand #HD1826772807: Hold'em No Limit ($0.05/$0.1) - 2024/06/22 18:57:10
Table 'NLHRed76' 6-max Seat #5 is the button
Seat 1: 512a58a ($11.18 in chips)
Seat 2: 204af5cd ($1.99 in chips)
Seat 3: 9abf3513 ($12.65 in chips)
Seat 4: e0b327e4 ($21.49 in chips)
Seat 5: Hero ($14.88 in chips)
Seat 6: 3220dcef ($14.25 in chips)
3220dcef: posts small blind $0.05
512a58a: posts big blind $0.1
*** HOLE CARDS ***
Dealt to 512a58a 
Dealt to 204af5cd 
Dealt to 9abf3513 
Dealt to e0b327e4 
Dealt to Hero [5d 3s]
Dealt to 3220dcef 
204af5cd: calls $0.1
9abf3513: folds
e0b327e4: folds
Hero: folds
3220dcef: folds
512a58a: checks
*** FLOP *** [Jc Tc 4d]
512a58a: checks
204af5cd: bets $0.13
512a58a: calls $0.13
*** TURN *** [Jc Tc 4d] [5c]
512a58a: checks
204af5cd: checks
*** RIVER *** [Jc Tc 4d 5c] [2c]
512a58a: checks
204af5cd: checks
512a58a: shows [Jh 2s] (Pair of Jacks and Pair of Twos)
204af5cd: shows [7d Th] (Pair of Tens)
*** SHOWDOWN ***
512a58a collected $0.49 from pot
*** SUMMARY ***
Total pot $0.51 | Rake $0.02 | Jackpot $0 | Bingo $0 | Fortune $0 | Tax $0
Board [Jc Tc 4d 5c 2c]
Seat 1: 512a58a (big blind) showed [Jh 2s] and won ($0.49) with Pair of Jacks and Pair of Twos
Seat 2: 204af5cd showed [7d Th] and lost with Pair of Tens
Seat 3: 9abf3513 folded before Flop (didn't bet)
Seat 4: e0b327e4 folded before Flop (didn't bet)
Seat 5: Hero (button) folded before Flop (didn't bet)
Seat 6: 3220dcef (small blind) folded before Flop


Poker Hand #HD1826772645: Hold'em No Limit ($0.05/$0.1) - 2024/06/22 18:55:43
Table 'NLHRed76' 6-max Seat #4 is the button
Seat 1: 512a58a ($11.18 in chips)
Seat 2: 204af5cd ($2.22 in chips)
Seat 3: 9abf3513 ($12.65 in chips)
Seat 4: e0b327e4 ($21.49 in chips)
Seat 5: Hero ($14.93 in chips)
Seat 6: 3220dcef ($13.99 in chips)
Hero: posts small blind $0.05
3220dcef: posts big blind $0.1
*** HOLE CARDS ***
Dealt to 512a58a 
Dealt to 204af5cd 
Dealt to 9abf3513 
Dealt to e0b327e4 
Dealt to Hero [6h 2d]
Dealt to 3220dcef 
512a58a: folds
204af5cd: calls $0.1
9abf3513: folds
e0b327e4: folds
Hero: folds
3220dcef: checks
*** FLOP *** [Qs 5s 5d]
3220dcef: checks
204af5cd: bets $0.13
3220dcef: calls $0.13
*** TURN *** [Qs 5s 5d] [Qh]
3220dcef: checks
204af5cd: checks
*** RIVER *** [Qs 5s 5d Qh] [3h]
3220dcef: bets $0.29
204af5cd: folds
Uncalled bet ($0.29) returned to 3220dcef
*** SHOWDOWN ***
3220dcef collected $0.49 from pot
*** SUMMARY ***
Total pot $0.51 | Rake $0.02 | Jackpot $0 | Bingo $0 | Fortune $0 | Tax $0
Board [Qs 5s 5d Qh 3h]
Seat 1: 512a58a folded before Flop (didn't bet)
Seat 2: 204af5cd folded on the River
Seat 3: 9abf3513 folded before Flop (didn't bet)
Seat 4: e0b327e4 (button) folded before Flop (didn't bet)
Seat 5: Hero (small blind) folded before Flop
Seat 6: 3220dcef (big blind) won ($0.49)


Poker Hand #HD1826772600: Hold'em No Limit ($0.05/$0.1) - 2024/06/22 18:55:17
Table 'NLHRed76' 6-max Seat #3 is the button
Seat 1: 512a58a ($11.18 in chips)
Seat 2: 204af5cd ($2.32 in chips)
Seat 3: 9abf3513 ($12.65 in chips)
Seat 4: e0b327e4 ($21.3 in chips)
Seat 5: Hero ($15.03 in chips)
Seat 6: 3220dcef ($13.99 in chips)
e0b327e4: posts small blind $0.05
Hero: posts big blind $0.1
*** HOLE CARDS ***
Dealt to 512a58a 
Dealt to 204af5cd 
Dealt to 9abf3513 
Dealt to e0b327e4 
Dealt to Hero [5c 4s]
Dealt to 3220dcef 
3220dcef: folds
512a58a: folds
204af5cd: calls $0.1
9abf3513: folds
e0b327e4: raises $0.45 to $0.55
Hero: folds
204af5cd: folds
Uncalled bet ($0.45) returned to e0b327e4
e0b327e4: shows [Kh Kc]
*** SHOWDOWN ***
e0b327e4 collected $0.29 from pot
*** SUMMARY ***
Total pot $0.3 | Rake $0.01 | Jackpot $0 | Bingo $0 | Fortune $0 | Tax $0
Seat 1: 512a58a folded before Flop (didn't bet)
Seat 2: 204af5cd folded before Flop
Seat 3: 9abf3513 (button) folded before Flop (didn't bet)
Seat 4: e0b327e4 (small blind) showed [Kh Kc] and collected ($0.29)
Seat 5: Hero (big blind) folded before Flop
Seat 6: 3220dcef folded before Flop (didn't bet)


Poker Hand #HD1826772492: Hold'em No Limit ($0.05/$0.1) - 2024/06/22 18:54:20
Table 'NLHRed76' 6-max Seat #2 is the button
Seat 1: 512a58a ($11.18 in chips)
Seat 2: 204af5cd ($2.37 in chips)
Seat 3: 9abf3513 ($12.7 in chips)
Seat 4: e0b327e4 ($21.34 in chips)
Seat 5: Hero ($15.23 in chips)
Seat 6: 3220dcef ($13.99 in chips)
9abf3513: posts small blind $0.05
e0b327e4: posts big blind $0.1
*** HOLE CARDS ***
Dealt to 512a58a 
Dealt to 204af5cd 
Dealt to 9abf3513 
Dealt to e0b327e4 
Dealt to Hero [8s 8d]
Dealt to 3220dcef 
Hero: raises $0.1 to $0.2
3220dcef: folds
512a58a: folds
204af5cd: calls $0.2
9abf3513: folds
e0b327e4: raises $0.85 to $1.05
Hero: folds
204af5cd: calls $0.85
*** FLOP *** [9c 8h 9s]
e0b327e4: checks
204af5cd: bets $1.32 and is all-in
e0b327e4: calls $1.32
204af5cd: shows [5d Ac] (Pair of Nines)
e0b327e4: shows [Ks Kd] (Pair of Kings and Pair of Nines)
*** FIRST TURN *** [9c 8h 9s] [5c]
*** FIRST RIVER *** [9c 8h 9s 5c] [As]
*** SECOND TURN *** [9c 8h 9s] [2c]
*** SECOND RIVER *** [9c 8h 9s 2c] [Jc]
*** FIRST SHOWDOWN ***
204af5cd collected $2.32 from pot
*** SECOND SHOWDOWN ***
e0b327e4 collected $2.33 from pot
*** SUMMARY ***
Total pot $4.99 | Rake $0.24 | Jackpot $0.1 | Bingo $0 | Fortune $0 | Tax $0
Hand was run two times
FIRST Board [9c 8h 9s 5c As]
SECOND Board [2c Jc]
Seat 1: 512a58a folded before Flop (didn't bet)
Seat 2: 204af5cd (button) showed [5d Ac] and won ($2.32) with Pair of Aces and Pair of Nines, and lost
Seat 3: 9abf3513 (small blind) folded before Flop
Seat 4: e0b327e4 (big blind) showed [Ks Kd] and lost with Pair of Kings and Pair of Nines, and won ($2.33)
Seat 5: Hero folded before Flop
Seat 6: 3220dcef folded before Flop (didn't bet)


Poker Hand #HD1826772427: Hold'em No Limit ($0.05/$0.1) - 2024/06/22 18:53:48
Table 'NLHRed76' 6-max Seat #1 is the button
Seat 1: 512a58a ($11.18 in chips)
Seat 2: 204af5cd ($2.62 in chips)
Seat 3: 9abf3513 ($12.8 in chips)
Seat 4: e0b327e4 ($21.34 in chips)
Seat 5: Hero ($15.23 in chips)
Seat 6: 3220dcef ($13.67 in chips)
204af5cd: posts small blind $0.05
9abf3513: posts big blind $0.1
*** HOLE CARDS ***
Dealt to 512a58a 
Dealt to 204af5cd 
Dealt to 9abf3513 
Dealt to e0b327e4 
Dealt to Hero [9c 8d]
Dealt to 3220dcef 
e0b327e4: folds
Hero: folds
3220dcef: raises $0.15 to $0.25
512a58a: folds
204af5cd: calls $0.2
9abf3513: folds
*** FLOP *** [7c 3c 7h]
204af5cd: checks
3220dcef: checks
*** TURN *** [7c 3c 7h] [Qh]
204af5cd: checks
3220dcef: checks
*** RIVER *** [7c 3c 7h Qh] [6h]
204af5cd: checks
3220dcef: checks
204af5cd: shows [5c Jc] (Pair of Sevens)
3220dcef: shows [2d Ad] (Pair of Sevens)
*** SHOWDOWN ***
3220dcef collected $0.57 from pot
*** SUMMARY ***
Total pot $0.6 | Rake $0.03 | Jackpot $0 | Bingo $0 | Fortune $0 | Tax $0
Board [7c 3c 7h Qh 6h]
Seat 1: 512a58a (button) folded before Flop (didn't bet)
Seat 2: 204af5cd (small blind) showed [5c Jc] and lost with Pair of Sevens
Seat 3: 9abf3513 (big blind) folded before Flop
Seat 4: e0b327e4 folded before Flop (didn't bet)
Seat 5: Hero folded before Flop (didn't bet)
Seat 6: 3220dcef showed [2d Ad] and won ($0.57) with Pair of Sevens


Poker Hand #HD1826772350: Hold'em No Limit ($0.05/$0.1) - 2024/06/22 18:52:58
Table 'NLHRed76' 6-max Seat #6 is the button
Seat 1: 512a58a ($10 in chips)
Seat 2: 204af5cd ($2.72 in chips)
Seat 3: 9abf3513 ($14 in chips)
Seat 4: e0b327e4 ($21.34 in chips)
Seat 5: Hero ($15.23 in chips)
Seat 6: 3220dcef ($13.67 in chips)
512a58a: posts small blind $0.05
204af5cd: posts big blind $0.1
*** HOLE CARDS ***
Dealt to 512a58a 
Dealt to 204af5cd 
Dealt to 9abf3513 
Dealt to e0b327e4 
Dealt to Hero [7c Ks]
Dealt to 3220dcef 
9abf3513: raises $0.2 to $0.3
e0b327e4: folds
Hero: folds
3220dcef: folds
512a58a: raises $0.9 to $1.2
204af5cd: folds
9abf3513: calls $0.9
*** FLOP *** [5h 8s 6c]
512a58a: bets $0.83
9abf3513: folds
Uncalled bet ($0.83) returned to 512a58a
*** SHOWDOWN ***
512a58a collected $2.38 from pot
*** SUMMARY ***
Total pot $2.5 | Rake $0.12 | Jackpot $0 | Bingo $0 | Fortune $0 | Tax $0
Board [5h 8s 6c]
Seat 1: 512a58a (small blind) won ($2.38)
Seat 2: 204af5cd (big blind) folded before Flop
Seat 3: 9abf3513 folded on the Flop
Seat 4: e0b327e4 folded before Flop (didn't bet)
Seat 5: Hero folded before Flop (didn't bet)
Seat 6: 3220dcef (button) folded before Flop (didn't bet)


Poker Hand #HD1826772299: Hold'em No Limit ($0.05/$0.1) - 2024/06/22 18:52:26
Table 'NLHRed76' 6-max Seat #5 is the button
Seat 1: 512a58a ($10 in chips)
Seat 2: 204af5cd ($2.82 in chips)
Seat 3: 9abf3513 ($14.34 in chips)
Seat 4: e0b327e4 ($21.34 in chips)
Seat 5: Hero ($14.68 in chips)
Seat 6: 3220dcef ($13.72 in chips)
3220dcef: posts small blind $0.05
512a58a: posts big blind $0.1
*** HOLE CARDS ***
Dealt to 512a58a 
Dealt to 204af5cd 
Dealt to 9abf3513 
Dealt to e0b327e4 
Dealt to Hero [Kd Qh]
Dealt to 3220dcef 
204af5cd: calls $0.1
9abf3513: raises $0.24 to $0.34
e0b327e4: folds
Hero: raises $0.66 to $1
3220dcef: folds
512a58a: folds
204af5cd: folds
9abf3513: folds
Uncalled bet ($0.66) returned to Hero
*** SHOWDOWN ***
Hero collected $0.89 from pot
*** SUMMARY ***
Total pot $0.93 | Rake $0.04 | Jackpot $0 | Bingo $0 | Fortune $0 | Tax $0
Seat 1: 512a58a (big blind) folded before Flop
Seat 2: 204af5cd folded before Flop
Seat 3: 9abf3513 folded before Flop
Seat 4: e0b327e4 folded before Flop (didn't bet)
Seat 5: Hero (button) collected ($0.89)
Seat 6: 3220dcef (small blind) folded before Flop


Poker Hand #HD1826772240: Hold'em No Limit ($0.05/$0.1) - 2024/06/22 18:51:57
Table 'NLHRed76' 6-max Seat #4 is the button
Seat 1: 512a58a ($10 in chips)
Seat 2: 204af5cd ($3.27 in chips)
Seat 3: 9abf3513 ($14.34 in chips)
Seat 4: e0b327e4 ($21.34 in chips)
Seat 5: Hero ($14.73 in chips)
Seat 6: 3220dcef ($13.26 in chips)
Hero: posts small blind $0.05
3220dcef: posts big blind $0.1
*** HOLE CARDS ***
Dealt to 512a58a 
Dealt to 204af5cd 
Dealt to 9abf3513 
Dealt to e0b327e4 
Dealt to Hero [2c 8h]
Dealt to 3220dcef 
512a58a: folds
204af5cd: calls $0.1
9abf3513: folds
e0b327e4: folds
Hero: folds
3220dcef: raises $0.35 to $0.45
204af5cd: calls $0.35
*** FLOP *** [Js Th 4c]
3220dcef: bets $0.5
204af5cd: folds
Uncalled bet ($0.5) returned to 3220dcef
*** SHOWDOWN ***
3220dcef collected $0.91 from pot
*** SUMMARY ***
Total pot $0.95 | Rake $0.04 | Jackpot $0 | Bingo $0 | Fortune $0 | Tax $0
Board [Js Th 4c]
Seat 1: 512a58a folded before Flop (didn't bet)
Seat 2: 204af5cd folded on the Flop
Seat 3: 9abf3513 folded before Flop (didn't bet)
Seat 4: e0b327e4 (button) folded before Flop (didn't bet)
Seat 5: Hero (small blind) folded before Flop
Seat 6: 3220dcef (big blind) won ($0.91)


Poker Hand #HD1826772082: Hold'em No Limit ($0.05/$0.1) - 2024/06/22 18:50:36
Table 'NLHRed76' 6-max Seat #3 is the button
Seat 1: 512a58a ($11 in chips)
Seat 2: 204af5cd ($3.27 in chips)
Seat 3: 9abf3513 ($14.34 in chips)
Seat 4: e0b327e4 ($21.39 in chips)
Seat 5: Hero ($14.83 in chips)
Seat 6: 3220dcef ($10 in chips)
e0b327e4: posts small blind $0.05
Hero: posts big blind $0.1
*** HOLE CARDS ***
Dealt to 512a58a 
Dealt to 204af5cd 
Dealt to 9abf3513 
Dealt to e0b327e4 
Dealt to Hero [3h 2h]
Dealt to 3220dcef 
3220dcef: raises $0.2 to $0.3
512a58a: raises $0.67 to $0.97
204af5cd: folds
9abf3513: folds
e0b327e4: folds
Hero: folds
3220dcef: calls $0.67
*** FLOP *** [Kh 9c Kc]
3220dcef: checks
512a58a: bets $0.69
3220dcef: calls $0.69
*** TURN *** [Kh 9c Kc] [4h]
3220dcef: bets $1.91
512a58a: calls $1.91
*** RIVER *** [Kh 9c Kc 4h] [Jc]
3220dcef: bets $6.43 and is all-in
512a58a: folds
Uncalled bet ($6.43) returned to 3220dcef
*** SHOWDOWN ***
3220dcef collected $6.83 from pot
*** SUMMARY ***
Total pot $7.29 | Rake $0.36 | Jackpot $0.1 | Bingo $0 | Fortune $0 | Tax $0
Board [Kh 9c Kc 4h Jc]
Seat 1: 512a58a folded on the River
Seat 2: 204af5cd folded before Flop (didn't bet)
Seat 3: 9abf3513 (button) folded before Flop (didn't bet)
Seat 4: e0b327e4 (small blind) folded before Flop
Seat 5: Hero (big blind) folded before Flop
Seat 6: 3220dcef won ($6.83)


Poker Hand #HD1826772035: Hold'em No Limit ($0.05/$0.1) - 2024/06/22 18:50:10
Table 'NLHRed76' 6-max Seat #2 is the button
Seat 1: 512a58a ($11.23 in chips)
Seat 2: 204af5cd ($2.92 in chips)
Seat 3: 9abf3513 ($14.39 in chips)
Seat 4: e0b327e4 ($21.49 in chips)
Seat 5: Hero ($14.83 in chips)
Seat 6: 3220dcef ($10 in chips)
9abf3513: posts small blind $0.05
e0b327e4: posts big blind $0.1
*** HOLE CARDS ***
Dealt to 512a58a 
Dealt to 204af5cd 
Dealt to 9abf3513 
Dealt to e0b327e4 
Dealt to Hero [6s Jh]
Dealt to 3220dcef 
Hero: folds
3220dcef: folds
512a58a: raises $0.13 to $0.23
204af5cd: calls $0.23
9abf3513: folds
e0b327e4: folds
*** FLOP *** [7h 9d Ac]
512a58a: checks
204af5cd: bets $0.21
512a58a: folds
Uncalled bet ($0.21) returned to 204af5cd
*** SHOWDOWN ***
204af5cd collected $0.58 from pot
*** SUMMARY ***
Total pot $0.61 | Rake $0.03 | Jackpot $0 | Bingo $0 | Fortune $0 | Tax $0
Board [7h 9d Ac]
Seat 1: 512a58a folded on the Flop
Seat 2: 204af5cd (button) won ($0.58)
Seat 3: 9abf3513 (small blind) folded before Flop
Seat 4: e0b327e4 (big blind) folded before Flop
Seat 5: Hero folded before Flop (didn't bet)
Seat 6: 3220dcef folded before Flop (didn't bet)


Poker Hand #HD1826771940: Hold'em No Limit ($0.05/$0.1) - 2024/06/22 18:49:21
Table 'NLHRed76' 6-max Seat #1 is the button
Seat 1: 512a58a ($10 in chips)
Seat 2: 204af5cd ($3.32 in chips)
Seat 3: 9abf3513 ($14.49 in chips)
Seat 4: e0b327e4 ($21.49 in chips)
Seat 5: Hero ($14.83 in chips)
Seat 6: 3220dcef ($10 in chips)
204af5cd: posts small blind $0.05
9abf3513: posts big blind $0.1
*** HOLE CARDS ***
Dealt to 512a58a 
Dealt to 204af5cd 
Dealt to 9abf3513 
Dealt to e0b327e4 
Dealt to Hero [2c 5c]
Dealt to 3220dcef 
e0b327e4: folds
Hero: folds
3220dcef: raises $0.3 to $0.4
512a58a: calls $0.4
204af5cd: calls $0.35
9abf3513: folds
*** FLOP *** [Th 2d 6h]
204af5cd: checks
3220dcef: bets $0.43
512a58a: calls $0.43
204af5cd: folds
*** TURN *** [Th 2d 6h] [4d]
3220dcef: checks
512a58a: bets $1.41
3220dcef: folds
Uncalled bet ($1.41) returned to 512a58a
*** SHOWDOWN ***
512a58a collected $2.06 from pot
*** SUMMARY ***
Total pot $2.16 | Rake $0.1 | Jackpot $0 | Bingo $0 | Fortune $0 | Tax $0
Board [Th 2d 6h 4d]
Seat 1: 512a58a (button) won ($2.06)
Seat 2: 204af5cd (small blind) folded on the Flop
Seat 3: 9abf3513 (big blind) folded before Flop
Seat 4: e0b327e4 folded before Flop (didn't bet)
Seat 5: Hero folded before Flop (didn't bet)
Seat 6: 3220dcef folded on the Turn


Poker Hand #HD1826771873: Hold'em No Limit ($0.05/$0.1) - 2024/06/22 18:48:46
Table 'NLHRed76' 6-max Seat #6 is the button
Seat 1: 512a58a ($10 in chips)
Seat 2: 204af5cd ($3.62 in chips)
Seat 3: 9abf3513 ($13.88 in chips)
Seat 4: e0b327e4 ($21.49 in chips)
Seat 5: Hero ($14.83 in chips)
Seat 6: 3220dcef ($10.19 in chips)
512a58a: posts small blind $0.05
204af5cd: posts big blind $0.1
*** HOLE CARDS ***
Dealt to 512a58a 
Dealt to 204af5cd 
Dealt to 9abf3513 
Dealt to e0b327e4 
Dealt to Hero [Th 7s]
Dealt to 3220dcef 
9abf3513: raises $0.2 to $0.3
e0b327e4: folds
Hero: folds
3220dcef: calls $0.3
512a58a: folds
204af5cd: calls $0.2
*** FLOP *** [6s 5h 3h]
204af5cd: checks
9abf3513: bets $0.48
3220dcef: folds
204af5cd: folds
Uncalled bet ($0.48) returned to 9abf3513
*** SHOWDOWN ***
9abf3513 collected $0.91 from pot
*** SUMMARY ***
Total pot $0.95 | Rake $0.04 | Jackpot $0 | Bingo $0 | Fortune $0 | Tax $0
Board [6s 5h 3h]
Seat 1: 512a58a (small blind) folded before Flop
Seat 2: 204af5cd (big blind) folded on the Flop
Seat 3: 9abf3513 won ($0.91)
Seat 4: e0b327e4 folded before Flop (didn't bet)
Seat 5: Hero folded before Flop (didn't bet)
Seat 6: 3220dcef (button) folded on the Flop


Poker Hand #HD1826771831: Hold'em No Limit ($0.05/$0.1) - 2024/06/22 18:48:22
Table 'NLHRed76' 6-max Seat #5 is the button
Seat 1: 512a58a ($10 in chips)
Seat 2: 204af5cd ($3.72 in chips)
Seat 3: 9abf3513 ($13.88 in chips)
Seat 4: e0b327e4 ($21.49 in chips)
Seat 5: Hero ($14.83 in chips)
Seat 6: 3220dcef ($10 in chips)
3220dcef: posts small blind $0.05
512a58a: posts big blind $0.1
*** HOLE CARDS ***
Dealt to 512a58a 
Dealt to 204af5cd 
Dealt to 9abf3513 
Dealt to e0b327e4 
Dealt to Hero [2c Js]
Dealt to 3220dcef 
204af5cd: calls $0.1
9abf3513: folds
e0b327e4: folds
Hero: folds
3220dcef: raises $0.5 to $0.6
512a58a: folds
204af5cd: folds
Uncalled bet ($0.5) returned to 3220dcef
*** SHOWDOWN ***
3220dcef collected $0.29 from pot
*** SUMMARY ***
Total pot $0.3 | Rake $0.01 | Jackpot $0 | Bingo $0 | Fortune $0 | Tax $0
Seat 1: 512a58a (big blind) folded before Flop
Seat 2: 204af5cd folded before Flop
Seat 3: 9abf3513 folded before Flop (didn't bet)
Seat 4: e0b327e4 folded before Flop (didn't bet)
Seat 5: Hero (button) folded before Flop (didn't bet)
Seat 6: 3220dcef (small blind) collected ($0.29)


Poker Hand #HD1826771765: Hold'em No Limit ($0.05/$0.1) - 2024/06/22 18:47:55
Table 'NLHRed76' 6-max Seat #4 is the button
Seat 1: 512a58a ($10 in chips)
Seat 2: 204af5cd ($3.82 in chips)
Seat 3: 9abf3513 ($13.88 in chips)
Seat 4: e0b327e4 ($21.49 in chips)
Seat 5: Hero ($14.64 in chips)
Seat 6: 3220dcef ($10 in chips)
Hero: posts small blind $0.05
3220dcef: posts big blind $0.1
*** HOLE CARDS ***
Dealt to 512a58a 
Dealt to 204af5cd 
Dealt to 9abf3513 
Dealt to e0b327e4 
Dealt to Hero [As Th]
Dealt to 3220dcef 
512a58a: folds
204af5cd: calls $0.1
9abf3513: folds
e0b327e4: folds
Hero: raises $0.3 to $0.4
3220dcef: folds
204af5cd: folds
Uncalled bet ($0.3) returned to Hero
*** SHOWDOWN ***
Hero collected $0.29 from pot
*** SUMMARY ***
Total pot $0.3 | Rake $0.01 | Jackpot $0 | Bingo $0 | Fortune $0 | Tax $0
Seat 1: 512a58a folded before Flop (didn't bet)
Seat 2: 204af5cd folded before Flop
Seat 3: 9abf3513 folded before Flop (didn't bet)
Seat 4: e0b327e4 (button) folded before Flop (didn't bet)
Seat 5: Hero (small blind) collected ($0.29)
Seat 6: 3220dcef (big blind) folded before Flop


Poker Hand #HD1826771708: Hold'em No Limit ($0.05/$0.1) - 2024/06/22 18:47:18
Table 'NLHRed76' 6-max Seat #3 is the button
Seat 1: 512a58a ($10.14 in chips)
Seat 2: 204af5cd ($4.05 in chips)
Seat 3: 9abf3513 ($14.11 in chips)
Seat 4: e0b327e4 ($20.75 in chips)
Seat 5: Hero ($14.74 in chips)
Seat 6: 3220dcef ($10 in chips)
e0b327e4: posts small blind $0.05
Hero: posts big blind $0.1
*** HOLE CARDS ***
Dealt to 512a58a 
Dealt to 204af5cd 
Dealt to 9abf3513 
Dealt to e0b327e4 
Dealt to Hero [3h 3c]
Dealt to 3220dcef 
3220dcef: folds
512a58a: raises $0.13 to $0.23
204af5cd: calls $0.23
9abf3513: calls $0.23
e0b327e4: raises $1.17 to $1.4
Hero: folds
512a58a: folds
204af5cd: folds
9abf3513: folds
Uncalled bet ($1.17) returned to e0b327e4
*** SHOWDOWN ***
e0b327e4 collected $0.97 from pot
*** SUMMARY ***
Total pot $1.02 | Rake $0.05 | Jackpot $0 | Bingo $0 | Fortune $0 | Tax $0
Seat 1: 512a58a folded before Flop
Seat 2: 204af5cd folded before Flop
Seat 3: 9abf3513 (button) folded before Flop
Seat 4: e0b327e4 (small blind) collected ($0.97)
Seat 5: Hero (big blind) folded before Flop
Seat 6: 3220dcef folded before Flop (didn't bet)


Poker Hand #HD1826771638: Hold'em No Limit ($0.05/$0.1) - 2024/06/22 18:46:46
Table 'NLHRed76' 6-max Seat #2 is the button
Seat 1: 512a58a ($10.37 in chips)
Seat 2: 204af5cd ($3.7 in chips)
Seat 3: 9abf3513 ($14.16 in chips)
Seat 4: e0b327e4 ($20.85 in chips)
Seat 5: Hero ($14.74 in chips)
Seat 6: 3220dcef ($10 in chips)
9abf3513: posts small blind $0.05
e0b327e4: posts big blind $0.1
*** HOLE CARDS ***
Dealt to 512a58a 
Dealt to 204af5cd 
Dealt to 9abf3513 
Dealt to e0b327e4 
Dealt to Hero [2c Js]
Dealt to 3220dcef 
Hero: folds
3220dcef: folds
512a58a: raises $0.13 to $0.23
204af5cd: calls $0.23
9abf3513: folds
e0b327e4: folds
*** FLOP *** [Td 5s 8c]
512a58a: checks
204af5cd: bets $0.31
512a58a: folds
Uncalled bet ($0.31) returned to 204af5cd
*** SHOWDOWN ***
204af5cd collected $0.58 from pot
*** SUMMARY ***
Total pot $0.61 | Rake $0.03 | Jackpot $0 | Bingo $0 | Fortune $0 | Tax $0
Board [Td 5s 8c]
Seat 1: 512a58a folded on the Flop
Seat 2: 204af5cd (button) won ($0.58)
Seat 3: 9abf3513 (small blind) folded before Flop
Seat 4: e0b327e4 (big blind) folded before Flop
Seat 5: Hero folded before Flop (didn't bet)
Seat 6: 3220dcef folded before Flop (didn't bet)


Poker Hand #HD1826771565: Hold'em No Limit ($0.05/$0.1) - 2024/06/22 18:46:06
Table 'NLHRed76' 6-max Seat #1 is the button
Seat 1: 512a58a ($10 in chips)
Seat 2: 204af5cd ($3.75 in chips)
Seat 3: 9abf3513 ($14.26 in chips)
Seat 4: e0b327e4 ($20.85 in chips)
Seat 5: Hero ($14.74 in chips)
Seat 6: 3220dcef ($10 in chips)
204af5cd: posts small blind $0.05
9abf3513: posts big blind $0.1
*** HOLE CARDS ***
Dealt to 512a58a 
Dealt to 204af5cd 
Dealt to 9abf3513 
Dealt to e0b327e4 
Dealt to Hero [Ah 5s]
Dealt to 3220dcef 
e0b327e4: folds
Hero: folds
3220dcef: raises $0.15 to $0.25
512a58a: raises $0.7 to $0.95
204af5cd: folds
9abf3513: folds
3220dcef: folds
Uncalled bet ($0.7) returned to 512a58a
*** SHOWDOWN ***
512a58a collected $0.62 from pot
*** SUMMARY ***
Total pot $0.65 | Rake $0.03 | Jackpot $0 | Bingo $0 | Fortune $0 | Tax $0
Seat 1: 512a58a (button) collected ($0.62)
Seat 2: 204af5cd (small blind) folded before Flop
Seat 3: 9abf3513 (big blind) folded before Flop
Seat 4: e0b327e4 folded before Flop (didn't bet)
Seat 5: Hero folded before Flop (didn't bet)
Seat 6: 3220dcef folded before Flop


Poker Hand #HD1826771498: Hold'em No Limit ($0.05/$0.1) - 2024/06/22 18:45:33
Table 'NLHRed76' 6-max Seat #6 is the button
Seat 1: 512a58a ($10 in chips)
Seat 2: 204af5cd ($3.99 in chips)
Seat 3: 9abf3513 ($14.26 in chips)
Seat 4: e0b327e4 ($20.85 in chips)
Seat 5: Hero ($14.47 in chips)
Seat 6: 3220dcef ($10 in chips)
512a58a: posts small blind $0.05
204af5cd: posts big blind $0.1
*** HOLE CARDS ***
Dealt to 512a58a 
Dealt to 204af5cd 
Dealt to 9abf3513 
Dealt to e0b327e4 
Dealt to Hero [Jc Kh]
Dealt to 3220dcef 
9abf3513: folds
e0b327e4: folds
Hero: raises $0.14 to $0.24
3220dcef: folds
512a58a: folds
204af5cd: calls $0.14
*** FLOP *** [Ad Ts 9h]
204af5cd: checks
Hero: bets $0.3
204af5cd: folds
Uncalled bet ($0.3) returned to Hero
*** SHOWDOWN ***
Hero collected $0.51 from pot
*** SUMMARY ***
Total pot $0.53 | Rake $0.02 | Jackpot $0 | Bingo $0 | Fortune $0 | Tax $0
Board [Ad Ts 9h]
Seat 1: 512a58a (small blind) folded before Flop
Seat 2: 204af5cd (big blind) folded on the Flop
Seat 3: 9abf3513 folded before Flop (didn't bet)
Seat 4: e0b327e4 folded before Flop (didn't bet)
Seat 5: Hero won ($0.51)
Seat 6: 3220dcef (button) folded before Flop (didn't bet)


Poker Hand #HD1826771401: Hold'em No Limit ($0.05/$0.1) - 2024/06/22 18:44:37
Table 'NLHRed76' 6-max Seat #5 is the button
Seat 1: 512a58a ($10 in chips)
Seat 2: 204af5cd ($3.49 in chips)
Seat 3: 9abf3513 ($14.26 in chips)
Seat 4: e0b327e4 ($20.85 in chips)
Seat 5: Hero ($14.47 in chips)
Seat 6: 3220dcef ($10 in chips)
3220dcef: posts small blind $0.05
512a58a: posts big blind $0.1
*** HOLE CARDS ***
Dealt to 512a58a 
Dealt to 204af5cd 
Dealt to 9abf3513 
Dealt to e0b327e4 
Dealt to Hero [As 9d]
Dealt to 3220dcef 
204af5cd: calls $0.1
9abf3513: folds
e0b327e4: folds
Hero: folds
3220dcef: folds
512a58a: raises $0.4 to $0.5
204af5cd: raises $1.05 to $1.55
512a58a: folds
Uncalled bet ($1.05) returned to 204af5cd
*** SHOWDOWN ***
204af5cd collected $1 from pot
*** SUMMARY ***
Total pot $1.05 | Rake $0.05 | Jackpot $0 | Bingo $0 | Fortune $0 | Tax $0
Seat 1: 512a58a (big blind) folded before Flop
Seat 2: 204af5cd collected ($1)
Seat 3: 9abf3513 folded before Flop (didn't bet)
Seat 4: e0b327e4 folded before Flop (didn't bet)
Seat 5: Hero (button) folded before Flop (didn't bet)
Seat 6: 3220dcef (small blind) folded before Flop


Poker Hand #HD1826771241: Hold'em No Limit ($0.05/$0.1) - 2024/06/22 18:43:14
Table 'NLHRed76' 6-max Seat #4 is the button
Seat 2: 204af5cd ($3.49 in chips)
Seat 3: 9abf3513 ($14.56 in chips)
Seat 4: e0b327e4 ($20.85 in chips)
Seat 5: Hero ($10.59 in chips)
Seat 6: 3220dcef ($11.08 in chips)
Hero: posts small blind $0.05
3220dcef: posts big blind $0.1
*** HOLE CARDS ***
Dealt to 204af5cd 
Dealt to 9abf3513 
Dealt to e0b327e4 
Dealt to Hero [Ad Kc]
Dealt to 3220dcef 
204af5cd: folds
9abf3513: raises $0.2 to $0.3
e0b327e4: folds
Hero: raises $0.9 to $1.2
3220dcef: calls $1.1
9abf3513: folds
*** FLOP *** [Kd 4h 2h]
Hero: bets $1
3220dcef: calls $1
*** TURN *** [Kd 4h 2h] [7c]
Hero: bets $1.9
3220dcef: calls $1.9
*** RIVER *** [Kd 4h 2h 7c] [9c]
Hero: bets $6.49 and is all-in
3220dcef: folds
Uncalled bet ($6.49) returned to Hero
*** SHOWDOWN ***
Hero collected $7.98 from pot
*** SUMMARY ***
Total pot $8.5 | Rake $0.42 | Jackpot $0.1 | Bingo $0 | Fortune $0 | Tax $0
Board [Kd 4h 2h 7c 9c]
Seat 2: 204af5cd folded before Flop (didn't bet)
Seat 3: 9abf3513 folded before Flop
Seat 4: e0b327e4 (button) folded before Flop (didn't bet)
Seat 5: Hero (small blind) won ($7.98)
Seat 6: 3220dcef (big blind) folded on the River


Poker Hand #HD1826771208: Hold'em No Limit ($0.05/$0.1) - 2024/06/22 18:43:01
Table 'NLHRed76' 6-max Seat #3 is the button
Seat 2: 204af5cd ($3.34 in chips)
Seat 3: 9abf3513 ($14.56 in chips)
Seat 4: e0b327e4 ($20.9 in chips)
Seat 5: Hero ($10.69 in chips)
Seat 6: 3220dcef ($11.08 in chips)
e0b327e4: posts small blind $0.05
Hero: posts big blind $0.1
*** HOLE CARDS ***
Dealt to 204af5cd 
Dealt to 9abf3513 
Dealt to e0b327e4 
Dealt to Hero [Ts 5s]
Dealt to 3220dcef 
3220dcef: folds
204af5cd: raises $0.2 to $0.3
9abf3513: folds
e0b327e4: folds
Hero: folds
Uncalled bet ($0.2) returned to 204af5cd
*** SHOWDOWN ***
204af5cd collected $0.25 from pot
*** SUMMARY ***
Total pot $0.25 | Rake $0 | Jackpot $0 | Bingo $0 | Fortune $0 | Tax $0
Seat 2: 204af5cd collected ($0.25)
Seat 3: 9abf3513 (button) folded before Flop (didn't bet)
Seat 4: e0b327e4 (small blind) folded before Flop
Seat 5: Hero (big blind) folded before Flop
Seat 6: 3220dcef folded before Flop (didn't bet)


Poker Hand #HD1826771188: Hold'em No Limit ($0.05/$0.1) - 2024/06/22 18:42:49
Table 'NLHRed76' 6-max Seat #2 is the button
Seat 1: 3953fa75 ($10.66 in chips)
Seat 2: 204af5cd ($3.34 in chips)
Seat 3: 9abf3513 ($14.46 in chips)
Seat 4: e0b327e4 ($21 in chips)
Seat 5: Hero ($10.69 in chips)
Seat 6: 3220dcef ($11.08 in chips)
9abf3513: posts small blind $0.05
e0b327e4: posts big blind $0.1
*** HOLE CARDS ***
Dealt to 3953fa75 
Dealt to 204af5cd 
Dealt to 9abf3513 
Dealt to e0b327e4 
Dealt to Hero [6h 7c]
Dealt to 3220dcef 
Hero: folds
3220dcef: folds
3953fa75: folds
204af5cd: folds
9abf3513: raises $0.2 to $0.3
e0b327e4: folds
Uncalled bet ($0.2) returned to 9abf3513
*** SHOWDOWN ***
9abf3513 collected $0.2 from pot
*** SUMMARY ***
Total pot $0.2 | Rake $0 | Jackpot $0 | Bingo $0 | Fortune $0 | Tax $0
Seat 1: 3953fa75 folded before Flop (didn't bet)
Seat 2: 204af5cd (button) folded before Flop (didn't bet)
Seat 3: 9abf3513 (small blind) collected ($0.2)
Seat 4: e0b327e4 (big blind) folded before Flop
Seat 5: Hero folded before Flop (didn't bet)
Seat 6: 3220dcef folded before Flop (didn't bet)


Poker Hand #HD1826771136: Hold'em No Limit ($0.05/$0.1) - 2024/06/22 18:42:22
Table 'NLHRed76' 6-max Seat #1 is the button
Seat 1: 3953fa75 ($10.66 in chips)
Seat 2: 204af5cd ($3.24 in chips)
Seat 3: 9abf3513 ($14.56 in chips)
Seat 4: e0b327e4 ($21 in chips)
Seat 5: Hero ($10.69 in chips)
Seat 6: 3220dcef ($11.08 in chips)
204af5cd: posts small blind $0.05
9abf3513: posts big blind $0.1
*** HOLE CARDS ***
Dealt to 3953fa75 
Dealt to 204af5cd 
Dealt to 9abf3513 
Dealt to e0b327e4 
Dealt to Hero [2c Ah]
Dealt to 3220dcef 
e0b327e4: folds
Hero: folds
3220dcef: folds
3953fa75: folds
204af5cd: raises $0.1 to $0.2
9abf3513: folds
Uncalled bet ($0.1) returned to 204af5cd
*** SHOWDOWN ***
204af5cd collected $0.2 from pot
*** SUMMARY ***
Total pot $0.2 | Rake $0 | Jackpot $0 | Bingo $0 | Fortune $0 | Tax $0
Seat 1: 3953fa75 (button) folded before Flop (didn't bet)
Seat 2: 204af5cd (small blind) collected ($0.2)
Seat 3: 9abf3513 (big blind) folded before Flop
Seat 4: e0b327e4 folded before Flop (didn't bet)
Seat 5: Hero folded before Flop (didn't bet)
Seat 6: 3220dcef folded before Flop (didn't bet)


Poker Hand #HD1826771090: Hold'em No Limit ($0.05/$0.1) - 2024/06/22 18:41:55
Table 'NLHRed76' 6-max Seat #6 is the button
Seat 1: 3953fa75 ($10.71 in chips)
Seat 2: 204af5cd ($3.19 in chips)
Seat 3: 9abf3513 ($14.56 in chips)
Seat 4: e0b327e4 ($21 in chips)
Seat 5: Hero ($10.69 in chips)
Seat 6: 3220dcef ($11.08 in chips)
3953fa75: posts small blind $0.05
204af5cd: posts big blind $0.1
*** HOLE CARDS ***
Dealt to 3953fa75 
Dealt to 204af5cd 
Dealt to 9abf3513 
Dealt to e0b327e4 
Dealt to Hero [2h 4s]
Dealt to 3220dcef 
9abf3513: folds
e0b327e4: folds
Hero: folds
3220dcef: folds
3953fa75: folds
Uncalled bet ($0.05) returned to 204af5cd
*** SHOWDOWN ***
204af5cd collected $0.1 from pot
*** SUMMARY ***
Total pot $0.1 | Rake $0 | Jackpot $0 | Bingo $0 | Fortune $0 | Tax $0
Seat 1: 3953fa75 (small blind) folded before Flop
Seat 2: 204af5cd (big blind) collected ($0.1)
Seat 3: 9abf3513 folded before Flop (didn't bet)
Seat 4: e0b327e4 folded before Flop (didn't bet)
Seat 5: Hero folded before Flop (didn't bet)
Seat 6: 3220dcef (button) folded before Flop (didn't bet)


Poker Hand #HD1826771038: Hold'em No Limit ($0.05/$0.1) - 2024/06/22 18:41:25
Table 'NLHRed76' 6-max Seat #5 is the button
Seat 1: 3953fa75 ($10.81 in chips)
Seat 2: 204af5cd ($3.05 in chips)
Seat 3: 9abf3513 ($14.56 in chips)
Seat 4: e0b327e4 ($21 in chips)
Seat 5: Hero ($10.69 in chips)
Seat 6: 3220dcef ($11.13 in chips)
3220dcef: posts small blind $0.05
3953fa75: posts big blind $0.1
*** HOLE CARDS ***
Dealt to 3953fa75 
Dealt to 204af5cd 
Dealt to 9abf3513 
Dealt to e0b327e4 
Dealt to Hero [6s Jd]
Dealt to 3220dcef 
204af5cd: calls $0.1
9abf3513: folds
e0b327e4: folds
Hero: folds
3220dcef: folds
3953fa75: checks
*** FLOP *** [Kh 9d 9h]
3953fa75: checks
204af5cd: bets $0.13
3953fa75: folds
Uncalled bet ($0.13) returned to 204af5cd
*** SHOWDOWN ***
204af5cd collected $0.24 from pot
*** SUMMARY ***
Total pot $0.25 | Rake $0.01 | Jackpot $0 | Bingo $0 | Fortune $0 | Tax $0
Board [Kh 9d 9h]
Seat 1: 3953fa75 (big blind) folded on the Flop
Seat 2: 204af5cd won ($0.24)
Seat 3: 9abf3513 folded before Flop (didn't bet)
Seat 4: e0b327e4 folded before Flop (didn't bet)
Seat 5: Hero (button) folded before Flop (didn't bet)
Seat 6: 3220dcef (small blind) folded before Flop


Poker Hand #HD1826770950: Hold'em No Limit ($0.05/$0.1) - 2024/06/22 18:40:40
Table 'NLHRed76' 6-max Seat #4 is the button
Seat 1: 3953fa75 ($11.06 in chips)
Seat 2: 204af5cd ($2.54 in chips)
Seat 3: 9abf3513 ($14.56 in chips)
Seat 4: e0b327e4 ($21 in chips)
Seat 5: Hero ($10.74 in chips)
Seat 6: 3220dcef ($11.38 in chips)
Hero: posts small blind $0.05
3220dcef: posts big blind $0.1
*** HOLE CARDS ***
Dealt to 3953fa75 
Dealt to 204af5cd 
Dealt to 9abf3513 
Dealt to e0b327e4 
Dealt to Hero [8s 6c]
Dealt to 3220dcef 
3953fa75: raises $0.15 to $0.25
204af5cd: calls $0.25
9abf3513: folds
e0b327e4: folds
Hero: folds
3220dcef: calls $0.15
*** FLOP *** [8h 6d 3s]
3220dcef: checks
3953fa75: checks
204af5cd: checks
*** TURN *** [8h 6d 3s] [2c]
3220dcef: checks
3953fa75: checks
204af5cd: bets $0.4
3220dcef: folds
3953fa75: folds
Uncalled bet ($0.4) returned to 204af5cd
*** SHOWDOWN ***
204af5cd collected $0.76 from pot
*** SUMMARY ***
Total pot $0.8 | Rake $0.04 | Jackpot $0 | Bingo $0 | Fortune $0 | Tax $0
Board [8h 6d 3s 2c]
Seat 1: 3953fa75 folded on the Turn
Seat 2: 204af5cd won ($0.76)
Seat 3: 9abf3513 folded before Flop (didn't bet)
Seat 4: e0b327e4 (button) folded before Flop (didn't bet)
Seat 5: Hero (small blind) folded before Flop
Seat 6: 3220dcef (big blind) folded on the Turn


Poker Hand #HD1826770887: Hold'em No Limit ($0.05/$0.1) - 2024/06/22 18:40:09
Table 'NLHRed76' 6-max Seat #3 is the button
Seat 1: 3953fa75 ($10.43 in chips)
Seat 2: 204af5cd ($3.09 in chips)
Seat 3: 9abf3513 ($14.56 in chips)
Seat 4: e0b327e4 ($21.05 in chips)
Seat 5: Hero ($10.84 in chips)
Seat 6: 3220dcef ($11.38 in chips)
e0b327e4: posts small blind $0.05
Hero: posts big blind $0.1
*** HOLE CARDS ***
Dealt to 3953fa75 
Dealt to 204af5cd 
Dealt to 9abf3513 
Dealt to e0b327e4 
Dealt to Hero [2c 6d]
Dealt to 3220dcef 
3220dcef: folds
3953fa75: raises $0.15 to $0.25
204af5cd: calls $0.25
9abf3513: folds
e0b327e4: folds
Hero: folds
*** FLOP *** [6s Qc 2s]
3953fa75: bets $0.3
204af5cd: calls $0.3
*** TURN *** [6s Qc 2s] [Qh]
3953fa75: bets $0.6
204af5cd: folds
Uncalled bet ($0.6) returned to 3953fa75
*** SHOWDOWN ***
3953fa75 collected $1.18 from pot
*** SUMMARY ***
Total pot $1.25 | Rake $0.07 | Jackpot $0 | Bingo $0 | Fortune $0 | Tax $0
Board [6s Qc 2s Qh]
Seat 1: 3953fa75 won ($1.18)
Seat 2: 204af5cd folded on the Turn
Seat 3: 9abf3513 (button) folded before Flop (didn't bet)
Seat 4: e0b327e4 (small blind) folded before Flop
Seat 5: Hero (big blind) folded before Flop
Seat 6: 3220dcef folded before Flop (didn't bet)


Poker Hand #HD1826770854: Hold'em No Limit ($0.05/$0.1) - 2024/06/22 18:39:50
Table 'NLHRed76' 6-max Seat #2 is the button
Seat 1: 3953fa75 ($10.28 in chips)
Seat 2: 204af5cd ($3.09 in chips)
Seat 3: 9abf3513 ($14.61 in chips)
Seat 4: e0b327e4 ($21.15 in chips)
Seat 5: Hero ($10.84 in chips)
Seat 6: 3220dcef ($11.38 in chips)
9abf3513: posts small blind $0.05
e0b327e4: posts big blind $0.1
*** HOLE CARDS ***
Dealt to 3953fa75 
Dealt to 204af5cd 
Dealt to 9abf3513 
Dealt to e0b327e4 
Dealt to Hero [6s Js]
Dealt to 3220dcef 
Hero: folds
3220dcef: folds
3953fa75: raises $0.15 to $0.25
204af5cd: folds
9abf3513: folds
e0b327e4: folds
Uncalled bet ($0.15) returned to 3953fa75
*** SHOWDOWN ***
3953fa75 collected $0.25 from pot
*** SUMMARY ***
Total pot $0.25 | Rake $0 | Jackpot $0 | Bingo $0 | Fortune $0 | Tax $0
Seat 1: 3953fa75 collected ($0.25)
Seat 2: 204af5cd (button) folded before Flop (didn't bet)
Seat 3: 9abf3513 (small blind) folded before Flop
Seat 4: e0b327e4 (big blind) folded before Flop
Seat 5: Hero folded before Flop (didn't bet)
Seat 6: 3220dcef folded before Flop (didn't bet)


Poker Hand #HD1826770759: Hold'em No Limit ($0.05/$0.1) - 2024/06/22 18:39:05
Table 'NLHRed76' 6-max Seat #1 is the button
Seat 1: 3953fa75 ($11.03 in chips)
Seat 2: 204af5cd ($1.7 in chips)
Seat 3: 9abf3513 ($15.36 in chips)
Seat 4: e0b327e4 ($21.15 in chips)
Seat 5: Hero ($10.84 in chips)
Seat 6: 3220dcef ($11.38 in chips)
204af5cd: posts small blind $0.05
9abf3513: posts big blind $0.1
*** HOLE CARDS ***
Dealt to 3953fa75 
Dealt to 204af5cd 
Dealt to 9abf3513 
Dealt to e0b327e4 
Dealt to Hero [Td 5s]
Dealt to 3220dcef 
e0b327e4: folds
Hero: folds
3220dcef: folds
3953fa75: raises $0.15 to $0.25
204af5cd: calls $0.2
9abf3513: calls $0.15
*** FLOP *** [4h Js 6s]
204af5cd: checks
9abf3513: checks
3953fa75: checks
*** TURN *** [4h Js 6s] [3h]
204af5cd: checks
9abf3513: bets $0.5
3953fa75: calls $0.5
204af5cd: calls $0.5
*** RIVER *** [4h Js 6s 3h] [Kh]
204af5cd: bets $0.95 and is all-in
9abf3513: folds
3953fa75: folds
Uncalled bet ($0.95) returned to 204af5cd
*** SHOWDOWN ***
204af5cd collected $2.14 from pot
*** SUMMARY ***
Total pot $2.25 | Rake $0.11 | Jackpot $0 | Bingo $0 | Fortune $0 | Tax $0
Board [4h Js 6s 3h Kh]
Seat 1: 3953fa75 (button) folded on the River
Seat 2: 204af5cd (small blind) won ($2.14)
Seat 3: 9abf3513 (big blind) folded on the River
Seat 4: e0b327e4 folded before Flop (didn't bet)
Seat 5: Hero folded before Flop (didn't bet)
Seat 6: 3220dcef folded before Flop (didn't bet)


Poker Hand #HD1826770713: Hold'em No Limit ($0.05/$0.1) - 2024/06/22 18:38:43
Table 'NLHRed76' 6-max Seat #6 is the button
Seat 1: 3953fa75 ($10.76 in chips)
Seat 2: 204af5cd ($2 in chips)
Seat 3: 9abf3513 ($15.36 in chips)
Seat 4: e0b327e4 ($21.15 in chips)
Seat 5: Hero ($10.84 in chips)
Seat 6: 3220dcef ($11.38 in chips)
3953fa75: posts small blind $0.05
204af5cd: posts big blind $0.1
*** HOLE CARDS ***
Dealt to 3953fa75 
Dealt to 204af5cd 
Dealt to 9abf3513 
Dealt to e0b327e4 
Dealt to Hero [7h 4s]
Dealt to 3220dcef 
9abf3513: folds
e0b327e4: folds
Hero: folds
3220dcef: folds
3953fa75: raises $0.2 to $0.3
204af5cd: calls $0.2
*** FLOP *** [4c 7d Qc]
3953fa75: bets $0.2
204af5cd: folds
Uncalled bet ($0.2) returned to 3953fa75
*** SHOWDOWN ***
3953fa75 collected $0.57 from pot
*** SUMMARY ***
Total pot $0.6 | Rake $0.03 | Jackpot $0 | Bingo $0 | Fortune $0 | Tax $0
Board [4c 7d Qc]
Seat 1: 3953fa75 (small blind) won ($0.57)
Seat 2: 204af5cd (big blind) folded on the Flop
Seat 3: 9abf3513 folded before Flop (didn't bet)
Seat 4: e0b327e4 folded before Flop (didn't bet)
Seat 5: Hero folded before Flop (didn't bet)
Seat 6: 3220dcef (button) folded before Flop (didn't bet)


Poker Hand #HD1826770689: Hold'em No Limit ($0.05/$0.1) - 2024/06/22 18:38:32
Table 'NLHRed76' 6-max Seat #5 is the button
Seat 1: 3953fa75 ($10.86 in chips)
Seat 3: 9abf3513 ($15.36 in chips)
Seat 4: e0b327e4 ($21 in chips)
Seat 5: Hero ($10.84 in chips)
Seat 6: 3220dcef ($11.43 in chips)
3220dcef: posts small blind $0.05
3953fa75: posts big blind $0.1
*** HOLE CARDS ***
Dealt to 3953fa75 
Dealt to 9abf3513 
Dealt to e0b327e4 
Dealt to Hero [2s 7s]
Dealt to 3220dcef 
9abf3513: folds
e0b327e4: raises $0.15 to $0.25
Hero: folds
3220dcef: folds
3953fa75: folds
Uncalled bet ($0.15) returned to e0b327e4
*** SHOWDOWN ***
e0b327e4 collected $0.25 from pot
*** SUMMARY ***
Total pot $0.25 | Rake $0 | Jackpot $0 | Bingo $0 | Fortune $0 | Tax $0
Seat 1: 3953fa75 (big blind) folded before Flop
Seat 3: 9abf3513 folded before Flop (didn't bet)
Seat 4: e0b327e4 collected ($0.25)
Seat 5: Hero (button) folded before Flop (didn't bet)
Seat 6: 3220dcef (small blind) folded before Flop


Poker Hand #HD1826770578: Hold'em No Limit ($0.05/$0.1) - 2024/06/22 18:37:33
Table 'NLHRed76' 6-max Seat #4 is the button
Seat 1: 3953fa75 ($10.86 in chips)
Seat 2: 204af5cd ($0.99 in chips)
Seat 3: 9abf3513 ($15.36 in chips)
Seat 4: e0b327e4 ($19.96 in chips)
Seat 5: Hero ($10.89 in chips)
Seat 6: 3220dcef ($11.53 in chips)
Hero: posts small blind $0.05
3220dcef: posts big blind $0.1
*** HOLE CARDS ***
Dealt to 3953fa75 
Dealt to 204af5cd 
Dealt to 9abf3513 
Dealt to e0b327e4 
Dealt to Hero [Qh 5c]
Dealt to 3220dcef 
3953fa75: folds
204af5cd: raises $0.3 to $0.4
9abf3513: folds
e0b327e4: raises $0.9 to $1.3
Hero: folds
3220dcef: folds
204af5cd: calls $0.59 and is all-in
Uncalled bet ($0.31) returned to e0b327e4
e0b327e4: shows [As Tc]
204af5cd: shows [4s 4d]
*** FLOP *** [Kc 8s Ac]
*** TURN *** [Kc 8s Ac] [6s]
*** RIVER *** [Kc 8s Ac 6s] [5d]
*** SHOWDOWN ***
e0b327e4 collected $2.03 from pot
*** SUMMARY ***
Total pot $2.13 | Rake $0.1 | Jackpot $0 | Bingo $0 | Fortune $0 | Tax $0
Board [Kc 8s Ac 6s 5d]
Seat 1: 3953fa75 folded before Flop (didn't bet)
Seat 2: 204af5cd showed [4s 4d] and lost with Pair of Fours
Seat 3: 9abf3513 folded before Flop (didn't bet)
Seat 4: e0b327e4 (button) showed [As Tc] and won ($2.03) with Pair of Aces
Seat 5: Hero (small blind) folded before Flop
Seat 6: 3220dcef (big blind) folded before Flop


Poker Hand #HD1826770511: Hold'em No Limit ($0.05/$0.1) - 2024/06/22 18:37:01
Table 'NLHRed76' 6-max Seat #3 is the button
Seat 1: 3953fa75 ($10.86 in chips)
Seat 2: 204af5cd ($1.24 in chips)
Seat 3: 9abf3513 ($15.36 in chips)
Seat 4: e0b327e4 ($20.01 in chips)
Seat 5: Hero ($10.99 in chips)
Seat 6: 3220dcef ($11.16 in chips)
e0b327e4: posts small blind $0.05
Hero: posts big blind $0.1
*** HOLE CARDS ***
Dealt to 3953fa75 
Dealt to 204af5cd 
Dealt to 9abf3513 
Dealt to e0b327e4 
Dealt to Hero [6c 2s]
Dealt to 3220dcef 
3220dcef: raises $0.15 to $0.25
3953fa75: folds
204af5cd: calls $0.25
9abf3513: folds
e0b327e4: folds
Hero: folds
*** FLOP *** [9s 5c As]
3220dcef: checks
204af5cd: checks
*** TURN *** [9s 5c As] [Ad]
3220dcef: bets $0.36
204af5cd: folds
Uncalled bet ($0.36) returned to 3220dcef
*** SHOWDOWN ***
3220dcef collected $0.62 from pot
*** SUMMARY ***
Total pot $0.65 | Rake $0.03 | Jackpot $0 | Bingo $0 | Fortune $0 | Tax $0
Board [9s 5c As Ad]
Seat 1: 3953fa75 folded before Flop (didn't bet)
Seat 2: 204af5cd folded on the Turn
Seat 3: 9abf3513 (button) folded before Flop (didn't bet)
Seat 4: e0b327e4 (small blind) folded before Flop
Seat 5: Hero (big blind) folded before Flop
Seat 6: 3220dcef won ($0.62)


Poker Hand #HD1826770424: Hold'em No Limit ($0.05/$0.1) - 2024/06/22 18:36:21
Table 'NLHRed76' 6-max Seat #2 is the button
Seat 1: 3953fa75 ($11.11 in chips)
Seat 2: 204af5cd ($1.24 in chips)
Seat 3: 9abf3513 ($15.04 in chips)
Seat 4: e0b327e4 ($20.11 in chips)
Seat 5: Hero ($10.99 in chips)
Seat 6: 3220dcef ($11.16 in chips)
9abf3513: posts small blind $0.05
e0b327e4: posts big blind $0.1
*** HOLE CARDS ***
Dealt to 3953fa75 
Dealt to 204af5cd 
Dealt to 9abf3513 
Dealt to e0b327e4 
Dealt to Hero [2s Ah]
Dealt to 3220dcef 
Hero: folds
3220dcef: folds
3953fa75: raises $0.15 to $0.25
204af5cd: folds
9abf3513: raises $0.85 to $1.1
e0b327e4: folds
3953fa75: folds
Uncalled bet ($0.85) returned to 9abf3513
*** SHOWDOWN ***
9abf3513 collected $0.57 from pot
*** SUMMARY ***
Total pot $0.6 | Rake $0.03 | Jackpot $0 | Bingo $0 | Fortune $0 | Tax $0
Seat 1: 3953fa75 folded before Flop
Seat 2: 204af5cd (button) folded before Flop (didn't bet)
Seat 3: 9abf3513 (small blind) collected ($0.57)
Seat 4: e0b327e4 (big blind) folded before Flop
Seat 5: Hero folded before Flop (didn't bet)
Seat 6: 3220dcef folded before Flop (didn't bet)


Poker Hand #HD1826770395: Hold'em No Limit ($0.05/$0.1) - 2024/06/22 18:36:05
Table 'NLHRed76' 6-max Seat #1 is the button
Seat 1: 3953fa75 ($11.11 in chips)
Seat 2: 204af5cd ($1.29 in chips)
Seat 3: 9abf3513 ($15.14 in chips)
Seat 4: e0b327e4 ($20.11 in chips)
Seat 5: Hero ($10.84 in chips)
Seat 6: 3220dcef ($11.16 in chips)
204af5cd: posts small blind $0.05
9abf3513: posts big blind $0.1
*** HOLE CARDS ***
Dealt to 3953fa75 
Dealt to 204af5cd 
Dealt to 9abf3513 
Dealt to e0b327e4 
Dealt to Hero [5c Ac]
Dealt to 3220dcef 
e0b327e4: folds
Hero: raises $0.1 to $0.2
3220dcef: folds
3953fa75: folds
204af5cd: folds
9abf3513: folds
Uncalled bet ($0.1) returned to Hero
*** SHOWDOWN ***
Hero collected $0.25 from pot
*** SUMMARY ***
Total pot $0.25 | Rake $0 | Jackpot $0 | Bingo $0 | Fortune $0 | Tax $0
Seat 1: 3953fa75 (button) folded before Flop (didn't bet)
Seat 2: 204af5cd (small blind) folded before Flop
Seat 3: 9abf3513 (big blind) folded before Flop
Seat 4: e0b327e4 folded before Flop (didn't bet)
Seat 5: Hero collected ($0.25)
Seat 6: 3220dcef folded before Flop (didn't bet)


Poker Hand #HD1826770335: Hold'em No Limit ($0.05/$0.1) - 2024/06/22 18:35:33
Table 'NLHRed76' 6-max Seat #6 is the button
Seat 1: 3953fa75 ($11.16 in chips)
Seat 2: 204af5cd ($1.02 in chips)
Seat 3: 9abf3513 ($15.14 in chips)
Seat 4: e0b327e4 ($20.11 in chips)
Seat 5: Hero ($11.08 in chips)
Seat 6: 3220dcef ($11.16 in chips)
3953fa75: posts small blind $0.05
204af5cd: posts big blind $0.1
*** HOLE CARDS ***
Dealt to 3953fa75 
Dealt to 204af5cd 
Dealt to 9abf3513 
Dealt to e0b327e4 
Dealt to Hero [9c 9d]
Dealt to 3220dcef 
9abf3513: folds
e0b327e4: folds
Hero: raises $0.14 to $0.24
3220dcef: folds
3953fa75: folds
204af5cd: calls $0.14
*** FLOP *** [Qc 2h Ad]
204af5cd: bets $0.18
Hero: folds
Uncalled bet ($0.18) returned to 204af5cd
*** SHOWDOWN ***
204af5cd collected $0.51 from pot
*** SUMMARY ***
Total pot $0.53 | Rake $0.02 | Jackpot $0 | Bingo $0 | Fortune $0 | Tax $0
Board [Qc 2h Ad]
Seat 1: 3953fa75 (small blind) folded before Flop
Seat 2: 204af5cd (big blind) won ($0.51)
Seat 3: 9abf3513 folded before Flop (didn't bet)
Seat 4: e0b327e4 folded before Flop (didn't bet)
Seat 5: Hero folded on the Flop
Seat 6: 3220dcef (button) folded before Flop (didn't bet)


Poker Hand #HD1826770241: Hold'em No Limit ($0.05/$0.1) - 2024/06/22 18:34:42
Table 'NLHRed76' 6-max Seat #5 is the button
Seat 1: 3953fa75 ($10 in chips)
Seat 2: 204af5cd ($2.28 in chips)
Seat 3: 9abf3513 ($15.14 in chips)
Seat 4: e0b327e4 ($20.11 in chips)
Seat 5: Hero ($11.08 in chips)
Seat 6: 3220dcef ($11.21 in chips)
3220dcef: posts small blind $0.05
3953fa75: posts big blind $0.1
*** HOLE CARDS ***
Dealt to 3953fa75 
Dealt to 204af5cd 
Dealt to 9abf3513 
Dealt to e0b327e4 
Dealt to Hero [Kc 4h]
Dealt to 3220dcef 
204af5cd: calls $0.1
9abf3513: folds
e0b327e4: folds
Hero: folds
3220dcef: folds
3953fa75: checks
*** FLOP *** [4s 5h 3h]
3953fa75: checks
204af5cd: bets $0.13
3953fa75: raises $0.43 to $0.56
204af5cd: calls $0.43
*** TURN *** [4s 5h 3h] [Js]
3953fa75: bets $0.6
204af5cd: calls $0.6
*** RIVER *** [4s 5h 3h Js] [Qc]
3953fa75: bets $8.74 and is all-in
204af5cd: folds
Uncalled bet ($8.74) returned to 3953fa75
*** SHOWDOWN ***
3953fa75 collected $2.42 from pot
*** SUMMARY ***
Total pot $2.57 | Rake $0.15 | Jackpot $0 | Bingo $0 | Fortune $0 | Tax $0
Board [4s 5h 3h Js Qc]
Seat 1: 3953fa75 (big blind) won ($2.42)
Seat 2: 204af5cd folded on the River
Seat 3: 9abf3513 folded before Flop (didn't bet)
Seat 4: e0b327e4 folded before Flop (didn't bet)
Seat 5: Hero (button) folded before Flop (didn't bet)
Seat 6: 3220dcef (small blind) folded before Flop


Poker Hand #HD1826770194: Hold'em No Limit ($0.05/$0.1) - 2024/06/22 18:34:20
Table 'NLHRed76' 6-max Seat #4 is the button
Seat 1: 3953fa75 ($10 in chips)
Seat 2: 204af5cd ($2.14 in chips)
Seat 3: 9abf3513 ($15.14 in chips)
Seat 4: e0b327e4 ($20.11 in chips)
Seat 5: Hero ($11.13 in chips)
Seat 6: 3220dcef ($11.31 in chips)
Hero: posts small blind $0.05
3220dcef: posts big blind $0.1
*** HOLE CARDS ***
Dealt to 3953fa75 
Dealt to 204af5cd 
Dealt to 9abf3513 
Dealt to e0b327e4 
Dealt to Hero [2d As]
Dealt to 3220dcef 
3953fa75: folds
204af5cd: calls $0.1
9abf3513: folds
e0b327e4: folds
Hero: folds
3220dcef: checks
*** FLOP *** [7s 9c Jh]
3220dcef: checks
204af5cd: bets $0.13
3220dcef: folds
Uncalled bet ($0.13) returned to 204af5cd
*** SHOWDOWN ***
204af5cd collected $0.24 from pot
*** SUMMARY ***
Total pot $0.25 | Rake $0.01 | Jackpot $0 | Bingo $0 | Fortune $0 | Tax $0
Board [7s 9c Jh]
Seat 1: 3953fa75 folded before Flop (didn't bet)
Seat 2: 204af5cd won ($0.24)
Seat 3: 9abf3513 folded before Flop (didn't bet)
Seat 4: e0b327e4 (button) folded before Flop (didn't bet)
Seat 5: Hero (small blind) folded before Flop
Seat 6: 3220dcef (big blind) folded on the Flop


Poker Hand #HD1826770140: Hold'em No Limit ($0.05/$0.1) - 2024/06/22 18:33:50
Table 'NLHRed76' 6-max Seat #3 is the button
Seat 1: 3953fa75 ($10 in chips)
Seat 2: 204af5cd ($2 in chips)
Seat 3: 9abf3513 ($15.14 in chips)
Seat 4: e0b327e4 ($20.16 in chips)
Seat 5: Hero ($11.23 in chips)
Seat 6: 3220dcef ($11.31 in chips)
e0b327e4: posts small blind $0.05
Hero: posts big blind $0.1
204af5cd: posts missed blind $0.05
204af5cd: posts big blind $0.1
*** HOLE CARDS ***
Dealt to 3953fa75 
Dealt to 204af5cd 
Dealt to 9abf3513 
Dealt to e0b327e4 
Dealt to Hero [2s Kc]
Dealt to 3220dcef 
3220dcef: folds
3953fa75: folds
204af5cd: checks
9abf3513: folds
e0b327e4: folds
Hero: checks
*** FLOP *** [8h 8d 7c]
Hero: checks
204af5cd: bets $0.1
Hero: folds
Uncalled bet ($0.1) returned to 204af5cd
*** SHOWDOWN ***
204af5cd collected $0.29 from pot
*** SUMMARY ***
Total pot $0.3 | Rake $0.01 | Jackpot $0 | Bingo $0 | Fortune $0 | Tax $0
Board [8h 8d 7c]
Seat 1: 3953fa75 folded before Flop (didn't bet)
Seat 2: 204af5cd won ($0.29)
Seat 3: 9abf3513 (button) folded before Flop (didn't bet)
Seat 4: e0b327e4 (small blind) folded before Flop
Seat 5: Hero (big blind) folded on the Flop
Seat 6: 3220dcef folded before Flop (didn't bet)


Poker Hand #HD1826770064: Hold'em No Limit ($0.05/$0.1) - 2024/06/22 18:33:09
Table 'NLHRed76' 6-max Seat #1 is the button
Seat 1: 3953fa75 ($10 in chips)
Seat 3: 9abf3513 ($14.87 in chips)
Seat 4: e0b327e4 ($20.46 in chips)
Seat 5: Hero ($11.23 in chips)
Seat 6: 3220dcef ($11.31 in chips)
9abf3513: posts small blind $0.05
e0b327e4: posts big blind $0.1
*** HOLE CARDS ***
Dealt to 3953fa75 
Dealt to 9abf3513 
Dealt to e0b327e4 
Dealt to Hero [8s Th]
Dealt to 3220dcef 
Hero: folds
3220dcef: folds
3953fa75: folds
9abf3513: raises $0.2 to $0.3
e0b327e4: calls $0.2
*** FLOP *** [8d Kd 3d]
9abf3513: checks
e0b327e4: checks
*** TURN *** [8d Kd 3d] [7c]
9abf3513: bets $0.3
e0b327e4: folds
Uncalled bet ($0.3) returned to 9abf3513
*** SHOWDOWN ***
9abf3513 collected $0.57 from pot
*** SUMMARY ***
Total pot $0.6 | Rake $0.03 | Jackpot $0 | Bingo $0 | Fortune $0 | Tax $0
Board [8d Kd 3d 7c]
Seat 1: 3953fa75 (button) folded before Flop (didn't bet)
Seat 3: 9abf3513 (small blind) won ($0.57)
Seat 4: e0b327e4 (big blind) folded on the Turn
Seat 5: Hero folded before Flop (didn't bet)
Seat 6: 3220dcef folded before Flop (didn't bet)


Poker Hand #HD1826769962: Hold'em No Limit ($0.05/$0.1) - 2024/06/22 18:32:14
Table 'NLHRed76' 6-max Seat #6 is the button
Seat 1: 3953fa75 ($10 in chips)
Seat 3: 9abf3513 ($14.97 in chips)
Seat 4: e0b327e4 ($20.46 in chips)
Seat 5: Hero ($11.23 in chips)
Seat 6: 3220dcef ($10 in chips)
3953fa75: posts small blind $0.05
9abf3513: posts big blind $0.1
*** HOLE CARDS ***
Dealt to 3953fa75 
Dealt to 9abf3513 
Dealt to e0b327e4 
Dealt to Hero [Qs 5h]
Dealt to 3220dcef 
e0b327e4: folds
Hero: folds
3220dcef: raises $0.2 to $0.3
3953fa75: calls $0.25
9abf3513: folds
*** FLOP *** [7s 6h 2d]
3953fa75: checks
3220dcef: bets $1.05
3953fa75: calls $1.05
*** TURN *** [7s 6h 2d] [3s]
3953fa75: checks
3220dcef: bets $2.6
3953fa75: folds
Uncalled bet ($2.6) returned to 3220dcef
*** SHOWDOWN ***
3220dcef collected $2.66 from pot
*** SUMMARY ***
Total pot $2.8 | Rake $0.14 | Jackpot $0 | Bingo $0 | Fortune $0 | Tax $0
Board [7s 6h 2d 3s]
Seat 1: 3953fa75 (small blind) folded on the Turn
Seat 3: 9abf3513 (big blind) folded before Flop
Seat 4: e0b327e4 folded before Flop (didn't bet)
Seat 5: Hero folded before Flop (didn't bet)
Seat 6: 3220dcef (button) won ($2.66)


Poker Hand #HD1826769836: Hold'em No Limit ($0.05/$0.1) - 2024/06/22 18:31:17
Table 'NLHRed76' 6-max Seat #5 is the button
Seat 1: 3953fa75 ($10 in chips)
Seat 2: 204af5cd ($2.47 in chips)
Seat 3: 9abf3513 ($15.27 in chips)
Seat 4: e0b327e4 ($17.9 in chips)
Seat 5: Hero ($11.23 in chips)
Seat 6: 3220dcef ($10 in chips)
3220dcef: posts small blind $0.05
3953fa75: posts big blind $0.1
*** HOLE CARDS ***
Dealt to 3953fa75 
Dealt to 204af5cd 
Dealt to 9abf3513 
Dealt to e0b327e4 
Dealt to Hero [6s Js]
Dealt to 3220dcef 
204af5cd: raises $0.2 to $0.3
9abf3513: calls $0.3
e0b327e4: raises $1 to $1.3
Hero: folds
3220dcef: folds
3953fa75: folds
204af5cd: calls $1
9abf3513: folds
*** FLOP *** [3c 7d 8h]
204af5cd: bets $1.17 and is all-in
e0b327e4: calls $1.17
204af5cd: shows [9d 9h] (Pair of Nines)
e0b327e4: shows [Jc Kc] (King-High)
*** TURN *** [3c 7d 8h] [Kd]
*** RIVER *** [3c 7d 8h Kd] [5c]
*** SHOWDOWN ***
e0b327e4 collected $5.03 from pot
*** SUMMARY ***
Total pot $5.39 | Rake $0.26 | Jackpot $0.1 | Bingo $0 | Fortune $0 | Tax $0
Board [3c 7d 8h Kd 5c]
Seat 1: 3953fa75 (big blind) folded before Flop
Seat 2: 204af5cd showed [9d 9h] and lost with Pair of Nines
Seat 3: 9abf3513 folded before Flop
Seat 4: e0b327e4 showed [Jc Kc] and won ($5.03) with Pair of Kings
Seat 5: Hero (button) folded before Flop (didn't bet)
Seat 6: 3220dcef (small blind) folded before Flop


Poker Hand #HD1826769735: Hold'em No Limit ($0.05/$0.1) - 2024/06/22 18:30:28
Table 'NLHRed76' 6-max Seat #4 is the button
Seat 2: 204af5cd ($2.57 in chips)
Seat 3: 9abf3513 ($13.91 in chips)
Seat 4: e0b327e4 ($17.9 in chips)
Seat 5: Hero ($11.28 in chips)
Seat 6: 3220dcef ($10 in chips)
Hero: posts small blind $0.05
3220dcef: posts big blind $0.1
*** HOLE CARDS ***
Dealt to 204af5cd 
Dealt to 9abf3513 
Dealt to e0b327e4 
Dealt to Hero [Td Jh]
Dealt to 3220dcef 
204af5cd: calls $0.1
9abf3513: raises $0.3 to $0.4
e0b327e4: folds
Hero: folds
3220dcef: raises $1.05 to $1.45
204af5cd: folds
9abf3513: raises $2.05 to $3.5
3220dcef: folds
Uncalled bet ($2.05) returned to 9abf3513
*** SHOWDOWN ***
9abf3513 collected $2.81 from pot
*** SUMMARY ***
Total pot $3.05 | Rake $0.14 | Jackpot $0.1 | Bingo $0 | Fortune $0 | Tax $0
Seat 2: 204af5cd folded before Flop
Seat 3: 9abf3513 collected ($2.81)
Seat 4: e0b327e4 (button) folded before Flop (didn't bet)
Seat 5: Hero (small blind) folded before Flop
Seat 6: 3220dcef (big blind) folded before Flop


Poker Hand #HD1826769702: Hold'em No Limit ($0.05/$0.1) - 2024/06/22 18:30:09
Table 'NLHRed76' 6-max Seat #3 is the button
Seat 2: 204af5cd ($2.57 in chips)
Seat 3: 9abf3513 ($13.76 in chips)
Seat 4: e0b327e4 ($17.95 in chips)
Seat 5: Hero ($11.38 in chips)
Seat 6: 3220dcef ($10 in chips)
e0b327e4: posts small blind $0.05
Hero: posts big blind $0.1
*** HOLE CARDS ***
Dealt to 204af5cd 
Dealt to 9abf3513 
Dealt to e0b327e4 
Dealt to Hero [5c Ks]
Dealt to 3220dcef 
3220dcef: folds
204af5cd: folds
9abf3513: raises $0.2 to $0.3
e0b327e4: folds
Hero: folds
Uncalled bet ($0.2) returned to 9abf3513
*** SHOWDOWN ***
9abf3513 collected $0.25 from pot
*** SUMMARY ***
Total pot $0.25 | Rake $0 | Jackpot $0 | Bingo $0 | Fortune $0 | Tax $0
Seat 2: 204af5cd folded before Flop (didn't bet)
Seat 3: 9abf3513 (button) collected ($0.25)
Seat 4: e0b327e4 (small blind) folded before Flop
Seat 5: Hero (big blind) folded before Flop
Seat 6: 3220dcef folded before Flop (didn't bet)


Poker Hand #HD1826769675: Hold'em No Limit ($0.05/$0.1) - 2024/06/22 18:29:56
Table 'NLHRed76' 6-max Seat #2 is the button
Seat 2: 204af5cd ($2.57 in chips)
Seat 3: 9abf3513 ($13.81 in chips)
Seat 4: e0b327e4 ($17.9 in chips)
Seat 5: Hero ($11.38 in chips)
Seat 6: 3220dcef ($10 in chips)
9abf3513: posts small blind $0.05
e0b327e4: posts big blind $0.1
*** HOLE CARDS ***
Dealt to 204af5cd 
Dealt to 9abf3513 
Dealt to e0b327e4 
Dealt to Hero [2c Jc]
Dealt to 3220dcef 
Hero: folds
3220dcef: folds
204af5cd: folds
9abf3513: folds
Uncalled bet ($0.05) returned to e0b327e4
*** SHOWDOWN ***
e0b327e4 collected $0.1 from pot
*** SUMMARY ***
Total pot $0.1 | Rake $0 | Jackpot $0 | Bingo $0 | Fortune $0 | Tax $0
Seat 2: 204af5cd (button) folded before Flop (didn't bet)
Seat 3: 9abf3513 (small blind) folded before Flop
Seat 4: e0b327e4 (big blind) collected ($0.1)
Seat 5: Hero folded before Flop (didn't bet)
Seat 6: 3220dcef folded before Flop (didn't bet)


Poker Hand #HD1826769586: Hold'em No Limit ($0.05/$0.1) - 2024/06/22 18:29:06
Table 'NLHRed76' 6-max Seat #6 is the button
Seat 2: 204af5cd ($4.1 in chips)
Seat 3: 9abf3513 ($13.91 in chips)
Seat 4: e0b327e4 ($17.9 in chips)
Seat 5: Hero ($10 in chips)
Seat 6: 3220dcef ($10 in chips)
204af5cd: posts small blind $0.05
9abf3513: posts big blind $0.1
*** HOLE CARDS ***
Dealt to 204af5cd 
Dealt to 9abf3513 
Dealt to e0b327e4 
Dealt to Hero [Td Kh]
Dealt to 3220dcef 
e0b327e4: folds
Hero: raises $0.14 to $0.24
3220dcef: folds
204af5cd: calls $0.19
9abf3513: folds
*** FLOP *** [6s Ts 9h]
204af5cd: bets $0.2
Hero: calls $0.2
*** TURN *** [6s Ts 9h] [6d]
204af5cd: bets $0.49
Hero: calls $0.49
*** RIVER *** [6s Ts 9h 6d] [6c]
204af5cd: checks
Hero: bets $0.6
204af5cd: calls $0.6
Hero: shows [Td Kh] (Sixes Full over Tens)
204af5cd: shows [Ac 8s] (Three Sixes)
*** SHOWDOWN ***
Hero collected $2.91 from pot
*** SUMMARY ***
Total pot $3.16 | Rake $0.15 | Jackpot $0.1 | Bingo $0 | Fortune $0 | Tax $0
Board [6s Ts 9h 6d 6c]
Seat 2: 204af5cd (small blind) showed [Ac 8s] and lost with Three Sixes
Seat 3: 9abf3513 (big blind) folded before Flop
Seat 4: e0b327e4 folded before Flop (didn't bet)
Seat 5: Hero showed [Td Kh] and won ($2.91) with Sixes Full over Tens
Seat 6: 3220dcef (button) folded before Flop (didn't bet)


Poker Hand #HD1826769558: Hold'em No Limit ($0.05/$0.1) - 2024/06/22 18:28:54
Table 'NLHRed76' 6-max Seat #5 is the button
Seat 2: 204af5cd ($4.2 in chips)
Seat 3: 9abf3513 ($13.76 in chips)
Seat 4: e0b327e4 ($17.9 in chips)
Seat 5: Hero ($10 in chips)
Seat 6: 3220dcef ($10 in chips)
3220dcef: posts small blind $0.05
204af5cd: posts big blind $0.1
*** HOLE CARDS ***
Dealt to 204af5cd 
Dealt to 9abf3513 
Dealt to e0b327e4 
Dealt to Hero [7h As]
Dealt to 3220dcef 
9abf3513: raises $0.2 to $0.3
e0b327e4: folds
Hero: folds
3220dcef: folds
204af5cd: folds
Uncalled bet ($0.2) returned to 9abf3513
*** SHOWDOWN ***
9abf3513 collected $0.25 from pot
*** SUMMARY ***
Total pot $0.25 | Rake $0 | Jackpot $0 | Bingo $0 | Fortune $0 | Tax $0
Seat 2: 204af5cd (big blind) folded before Flop
Seat 3: 9abf3513 collected ($0.25)
Seat 4: e0b327e4 folded before Flop (didn't bet)
Seat 5: Hero (button) folded before Flop (didn't bet)
Seat 6: 3220dcef (small blind) folded before Flop


Poker Hand #HD1826769466: Hold'em No Limit ($0.05/$0.1) - 2024/06/22 18:28:01
Table 'NLHRed76' 6-max Seat #4 is the button
Seat 1: af0a7a51 ($20.37 in chips)
Seat 2: 204af5cd ($4.6 in chips)
Seat 3: 9abf3513 ($13.25 in chips)
Seat 4: e0b327e4 ($17.9 in chips)
Seat 5: Hero ($10 in chips)
Seat 6: 3220dcef ($10 in chips)
Hero: posts small blind $0.05
3220dcef: posts big blind $0.1
*** HOLE CARDS ***
Dealt to af0a7a51 
Dealt to 204af5cd 
Dealt to 9abf3513 
Dealt to e0b327e4 
Dealt to Hero [7s 6c]
Dealt to 3220dcef 
af0a7a51: folds
204af5cd: calls $0.1
9abf3513: raises $0.3 to $0.4
e0b327e4: folds
Hero: folds
3220dcef: folds
204af5cd: calls $0.3
*** FLOP *** [Jh Qh Th]
204af5cd: checks
9abf3513: bets $0.63
204af5cd: folds
Uncalled bet ($0.63) returned to 9abf3513
*** SHOWDOWN ***
9abf3513 collected $0.91 from pot
*** SUMMARY ***
Total pot $0.95 | Rake $0.04 | Jackpot $0 | Bingo $0 | Fortune $0 | Tax $0
Board [Jh Qh Th]
Seat 1: af0a7a51 folded before Flop (didn't bet)
Seat 2: 204af5cd folded on the Flop
Seat 3: 9abf3513 won ($0.91)
Seat 4: e0b327e4 (button) folded before Flop (didn't bet)
Seat 5: Hero (small blind) folded before Flop
Seat 6: 3220dcef (big blind) folded before Flop


Poker Hand #HD1826769455: Hold'em No Limit ($0.05/$0.1) - 2024/06/22 18:27:51
Table 'NLHRed76' 6-max Seat #3 is the button
Seat 1: af0a7a51 ($20.37 in chips)
Seat 2: 204af5cd ($4.6 in chips)
Seat 3: 9abf3513 ($13.25 in chips)
Seat 4: e0b327e4 ($17.8 in chips)
Seat 5: Hero ($10 in chips)
e0b327e4: posts small blind $0.05
Hero: posts big blind $0.1
*** HOLE CARDS ***
Dealt to af0a7a51 
Dealt to 204af5cd 
Dealt to 9abf3513 
Dealt to e0b327e4 
Dealt to Hero [4s Qh]
af0a7a51: folds
204af5cd: folds
9abf3513: folds
e0b327e4: raises $0.2 to $0.3
Hero: folds
Uncalled bet ($0.2) returned to e0b327e4
*** SHOWDOWN ***
e0b327e4 collected $0.2 from pot
*** SUMMARY ***
Total pot $0.2 | Rake $0 | Jackpot $0 | Bingo $0 | Fortune $0 | Tax $0
Seat 1: af0a7a51 folded before Flop (didn't bet)
Seat 2: 204af5cd folded before Flop (didn't bet)
Seat 3: 9abf3513 (button) folded before Flop (didn't bet)
Seat 4: e0b327e4 (small blind) collected ($0.2)
Seat 5: Hero (big blind) folded before Flop


Poker Hand #HD1826769366: Hold'em No Limit ($0.05/$0.1) - 2024/06/22 18:27:08
Table 'NLHRed76' 6-max Seat #2 is the button
Seat 1: af0a7a51 ($20.62 in chips)
Seat 2: 204af5cd ($4.85 in chips)
Seat 3: 9abf3513 ($12.55 in chips)
Seat 4: e0b327e4 ($18.05 in chips)
Seat 5: Hero ($10 in chips)
9abf3513: posts small blind $0.05
e0b327e4: posts big blind $0.1
*** HOLE CARDS ***
Dealt to af0a7a51 
Dealt to 204af5cd 
Dealt to 9abf3513 
Dealt to e0b327e4 
Dealt to Hero [Kc 3s]
Hero: folds
af0a7a51: raises $0.15 to $0.25
204af5cd: calls $0.25
9abf3513: calls $0.2
e0b327e4: calls $0.15
*** FLOP *** [Qd Td 2s]
9abf3513: checks
e0b327e4: checks
af0a7a51: checks
204af5cd: checks
*** TURN *** [Qd Td 2s] [4s]
9abf3513: bets $0.66
e0b327e4: folds
af0a7a51: folds
204af5cd: folds
Uncalled bet ($0.66) returned to 9abf3513
*** SHOWDOWN ***
9abf3513 collected $0.95 from pot
*** SUMMARY ***
Total pot $1 | Rake $0.05 | Jackpot $0 | Bingo $0 | Fortune $0 | Tax $0
Board [Qd Td 2s 4s]
Seat 1: af0a7a51 folded on the Turn
Seat 2: 204af5cd (button) folded on the Turn
Seat 3: 9abf3513 (small blind) won ($0.95)
Seat 4: e0b327e4 (big blind) folded on the Turn
Seat 5: Hero folded before Flop (didn't bet)


Poker Hand #HD1826769295: Hold'em No Limit ($0.05/$0.1) - 2024/06/22 18:26:27
Table 'NLHRed76' 6-max Seat #1 is the button
Seat 1: af0a7a51 ($20.3 in chips)
Seat 2: 204af5cd ($5.1 in chips)
Seat 3: 9abf3513 ($12.65 in chips)
Seat 4: e0b327e4 ($18.05 in chips)
Seat 5: Hero ($10 in chips)
204af5cd: posts small blind $0.05
9abf3513: posts big blind $0.1
*** HOLE CARDS ***
Dealt to af0a7a51 
Dealt to 204af5cd 
Dealt to 9abf3513 
Dealt to e0b327e4 
Dealt to Hero [8h 5h]
e0b327e4: folds
Hero: folds
af0a7a51: raises $0.15 to $0.25
204af5cd: calls $0.2
9abf3513: folds
*** FLOP *** [4c 4s 6c]
204af5cd: checks
af0a7a51: bets $0.3
204af5cd: folds
Uncalled bet ($0.3) returned to af0a7a51
*** SHOWDOWN ***
af0a7a51 collected $0.57 from pot
*** SUMMARY ***
Total pot $0.6 | Rake $0.03 | Jackpot $0 | Bingo $0 | Fortune $0 | Tax $0
Board [4c 4s 6c]
Seat 1: af0a7a51 (button) won ($0.57)
Seat 2: 204af5cd (small blind) folded on the Flop
Seat 3: 9abf3513 (big blind) folded before Flop
Seat 4: e0b327e4 folded before Flop (didn't bet)
Seat 5: Hero folded before Flop (didn't bet)


Poker Hand #HD1826769218: Hold'em No Limit ($0.05/$0.1) - 2024/06/22 18:25:44
Table 'NLHRed76' 6-max Seat #5 is the button
Seat 1: af0a7a51 ($20.4 in chips)
Seat 2: 204af5cd ($4.59 in chips)
Seat 3: 9abf3513 ($12.65 in chips)
Seat 4: e0b327e4 ($18.05 in chips)
Seat 5: Hero ($10.07 in chips)
Seat 6: 49d1af35 ($16.37 in chips)
49d1af35: posts small blind $0.05
af0a7a51: posts big blind $0.1
*** HOLE CARDS ***
Dealt to af0a7a51 
Dealt to 204af5cd 
Dealt to 9abf3513 
Dealt to e0b327e4 
Dealt to Hero [Ks Td]
Dealt to 49d1af35 
204af5cd: calls $0.1
9abf3513: folds
e0b327e4: folds
Hero: raises $0.3 to $0.4
49d1af35: folds
af0a7a51: folds
204af5cd: calls $0.3
*** FLOP *** [Jh 2d 7s]
204af5cd: bets $0.32
Hero: folds
Uncalled bet ($0.32) returned to 204af5cd
*** SHOWDOWN ***
204af5cd collected $0.91 from pot
*** SUMMARY ***
Total pot $0.95 | Rake $0.04 | Jackpot $0 | Bingo $0 | Fortune $0 | Tax $0
Board [Jh 2d 7s]
Seat 1: af0a7a51 (big blind) folded before Flop
Seat 2: 204af5cd won ($0.91)
Seat 3: 9abf3513 folded before Flop (didn't bet)
Seat 4: e0b327e4 folded before Flop (didn't bet)
Seat 5: Hero (button) folded on the Flop
Seat 6: 49d1af35 (small blind) folded before Flop


Poker Hand #HD1826769182: Hold'em No Limit ($0.05/$0.1) - 2024/06/22 18:25:29
Table 'NLHRed76' 6-max Seat #4 is the button
Seat 1: af0a7a51 ($20.4 in chips)
Seat 2: 204af5cd ($4.59 in chips)
Seat 3: 9abf3513 ($12.65 in chips)
Seat 4: e0b327e4 ($18.05 in chips)
Seat 5: Hero ($10.12 in chips)
Seat 6: 49d1af35 ($16.32 in chips)
Hero: posts small blind $0.05
49d1af35: posts big blind $0.1
*** HOLE CARDS ***
Dealt to af0a7a51 
Dealt to 204af5cd 
Dealt to 9abf3513 
Dealt to e0b327e4 
Dealt to Hero [2d Ac]
Dealt to 49d1af35 
af0a7a51: folds
204af5cd: folds
9abf3513: folds
e0b327e4: folds
Hero: folds
Uncalled bet ($0.05) returned to 49d1af35
*** SHOWDOWN ***
49d1af35 collected $0.1 from pot
*** SUMMARY ***
Total pot $0.1 | Rake $0 | Jackpot $0 | Bingo $0 | Fortune $0 | Tax $0
Seat 1: af0a7a51 folded before Flop (didn't bet)
Seat 2: 204af5cd folded before Flop (didn't bet)
Seat 3: 9abf3513 folded before Flop (didn't bet)
Seat 4: e0b327e4 (button) folded before Flop (didn't bet)
Seat 5: Hero (small blind) folded before Flop
Seat 6: 49d1af35 (big blind) collected ($0.1)


Poker Hand #HD1826769098: Hold'em No Limit ($0.05/$0.1) - 2024/06/22 18:24:46
Table 'NLHRed76' 6-max Seat #3 is the button
Seat 1: af0a7a51 ($20.4 in chips)
Seat 2: 204af5cd ($4.3 in chips)
Seat 3: 9abf3513 ($12.65 in chips)
Seat 4: e0b327e4 ($18.1 in chips)
Seat 5: Hero ($10.39 in chips)
Seat 6: 49d1af35 ($16.32 in chips)
e0b327e4: posts small blind $0.05
Hero: posts big blind $0.1
*** HOLE CARDS ***
Dealt to af0a7a51 
Dealt to 204af5cd 
Dealt to 9abf3513 
Dealt to e0b327e4 
Dealt to Hero [Qc 9c]
Dealt to 49d1af35 
49d1af35: folds
af0a7a51: folds
204af5cd: calls $0.1
9abf3513: folds
e0b327e4: folds
Hero: checks
*** FLOP *** [5c 6c 8h]
Hero: checks
204af5cd: checks
*** TURN *** [5c 6c 8h] [Kh]
Hero: bets $0.17
204af5cd: calls $0.17
*** RIVER *** [5c 6c 8h Kh] [5s]
Hero: checks
204af5cd: bets $0.59
Hero: folds
Uncalled bet ($0.59) returned to 204af5cd
204af5cd: shows [Kc] (Pair of Kings and Pair of Fives)
*** SHOWDOWN ***
204af5cd collected $0.56 from pot
*** SUMMARY ***
Total pot $0.59 | Rake $0.03 | Jackpot $0 | Bingo $0 | Fortune $0 | Tax $0
Board [5c 6c 8h Kh 5s]
Seat 1: af0a7a51 folded before Flop (didn't bet)
Seat 2: 204af5cd showed [Kc] and won ($0.56)
Seat 3: 9abf3513 (button) folded before Flop (didn't bet)
Seat 4: e0b327e4 (small blind) folded before Flop
Seat 5: Hero (big blind) folded on the River
Seat 6: 49d1af35 folded before Flop (didn't bet)


Poker Hand #HD1826769002: Hold'em No Limit ($0.05/$0.1) - 2024/06/22 18:23:58
Table 'NLHRed76' 6-max Seat #2 is the button
Seat 1: af0a7a51 ($20.87 in chips)
Seat 2: 204af5cd ($3.73 in chips)
Seat 3: 9abf3513 ($12.7 in chips)
Seat 4: e0b327e4 ($18.2 in chips)
Seat 5: Hero ($10.39 in chips)
Seat 6: 49d1af35 ($16.32 in chips)
9abf3513: posts small blind $0.05
e0b327e4: posts big blind $0.1
*** HOLE CARDS ***
Dealt to af0a7a51 
Dealt to 204af5cd 
Dealt to 9abf3513 
Dealt to e0b327e4 
Dealt to Hero [6d 7d]
Dealt to 49d1af35 
Hero: folds
49d1af35: folds
af0a7a51: raises $0.15 to $0.25
204af5cd: calls $0.25
9abf3513: folds
e0b327e4: folds
*** FLOP *** [3c 7h Td]
af0a7a51: bets $0.22
204af5cd: calls $0.22
*** TURN *** [3c 7h Td] [2c]
af0a7a51: checks
204af5cd: bets $0.55
af0a7a51: folds
Uncalled bet ($0.55) returned to 204af5cd
*** SHOWDOWN ***
204af5cd collected $1.04 from pot
*** SUMMARY ***
Total pot $1.09 | Rake $0.05 | Jackpot $0 | Bingo $0 | Fortune $0 | Tax $0
Board [3c 7h Td 2c]
Seat 1: af0a7a51 folded on the Turn
Seat 2: 204af5cd (button) won ($1.04)
Seat 3: 9abf3513 (small blind) folded before Flop
Seat 4: e0b327e4 (big blind) folded before Flop
Seat 5: Hero folded before Flop (didn't bet)
Seat 6: 49d1af35 folded before Flop (didn't bet)


Poker Hand #HD1826768953: Hold'em No Limit ($0.05/$0.1) - 2024/06/22 18:23:37
Table 'NLHRed76' 6-max Seat #1 is the button
Seat 1: af0a7a51 ($20.87 in chips)
Seat 2: 204af5cd ($3.78 in chips)
Seat 3: 9abf3513 ($12.65 in chips)
Seat 4: e0b327e4 ($18.2 in chips)
Seat 5: Hero ($10.39 in chips)
Seat 6: 49d1af35 ($16.32 in chips)
204af5cd: posts small blind $0.05
9abf3513: posts big blind $0.1
*** HOLE CARDS ***
Dealt to af0a7a51 
Dealt to 204af5cd 
Dealt to 9abf3513 
Dealt to e0b327e4 
Dealt to Hero [8c 5h]
Dealt to 49d1af35 
e0b327e4: folds
Hero: folds
49d1af35: folds
af0a7a51: folds
204af5cd: folds
Uncalled bet ($0.05) returned to 9abf3513
*** SHOWDOWN ***
9abf3513 collected $0.1 from pot
*** SUMMARY ***
Total pot $0.1 | Rake $0 | Jackpot $0 | Bingo $0 | Fortune $0 | Tax $0
Seat 1: af0a7a51 (button) folded before Flop (didn't bet)
Seat 2: 204af5cd (small blind) folded before Flop
Seat 3: 9abf3513 (big blind) collected ($0.1)
Seat 4: e0b327e4 folded before Flop (didn't bet)
Seat 5: Hero folded before Flop (didn't bet)
Seat 6: 49d1af35 folded before Flop (didn't bet)


Poker Hand #HD1826768836: Hold'em No Limit ($0.05/$0.1) - 2024/06/22 18:22:42
Table 'NLHRed76' 6-max Seat #6 is the button
Seat 1: af0a7a51 ($20.5 in chips)
Seat 2: 204af5cd ($3.88 in chips)
Seat 3: 9abf3513 ($12.65 in chips)
Seat 4: e0b327e4 ($18.2 in chips)
Seat 5: Hero ($10.39 in chips)
Seat 6: 49d1af35 ($16.62 in chips)
af0a7a51: posts small blind $0.05
204af5cd: posts big blind $0.1
*** HOLE CARDS ***
Dealt to af0a7a51 
Dealt to 204af5cd 
Dealt to 9abf3513 
Dealt to e0b327e4 
Dealt to Hero [9s 4d]
Dealt to 49d1af35 
9abf3513: folds
e0b327e4: folds
Hero: folds
49d1af35: raises $0.2 to $0.3
af0a7a51: calls $0.25
204af5cd: folds
*** FLOP *** [2d 3h Kd]
af0a7a51: checks
49d1af35: checks
*** TURN *** [2d 3h Kd] [Td]
af0a7a51: bets $0.24
49d1af35: folds
Uncalled bet ($0.24) returned to af0a7a51
*** SHOWDOWN ***
af0a7a51 collected $0.67 from pot
*** SUMMARY ***
Total pot $0.7 | Rake $0.03 | Jackpot $0 | Bingo $0 | Fortune $0 | Tax $0
Board [2d 3h Kd Td]
Seat 1: af0a7a51 (small blind) won ($0.67)
Seat 2: 204af5cd (big blind) folded before Flop
Seat 3: 9abf3513 folded before Flop (didn't bet)
Seat 4: e0b327e4 folded before Flop (didn't bet)
Seat 5: Hero folded before Flop (didn't bet)
Seat 6: 49d1af35 (button) folded on the Turn


Poker Hand #HD1826768809: Hold'em No Limit ($0.05/$0.1) - 2024/06/22 18:22:28
Table 'NLHRed76' 6-max Seat #5 is the button
Seat 1: af0a7a51 ($20.6 in chips)
Seat 2: 204af5cd ($3.88 in chips)
Seat 3: 9abf3513 ($12.65 in chips)
Seat 4: e0b327e4 ($18.2 in chips)
Seat 5: Hero ($10.24 in chips)
Seat 6: 49d1af35 ($16.67 in chips)
49d1af35: posts small blind $0.05
af0a7a51: posts big blind $0.1
*** HOLE CARDS ***
Dealt to af0a7a51 
Dealt to 204af5cd 
Dealt to 9abf3513 
Dealt to e0b327e4 
Dealt to Hero [Kc Ts]
Dealt to 49d1af35 
204af5cd: folds
9abf3513: folds
e0b327e4: folds
Hero: raises $0.14 to $0.24
49d1af35: folds
af0a7a51: folds
Uncalled bet ($0.14) returned to Hero
*** SHOWDOWN ***
Hero collected $0.25 from pot
*** SUMMARY ***
Total pot $0.25 | Rake $0 | Jackpot $0 | Bingo $0 | Fortune $0 | Tax $0
Seat 1: af0a7a51 (big blind) folded before Flop
Seat 2: 204af5cd folded before Flop (didn't bet)
Seat 3: 9abf3513 folded before Flop (didn't bet)
Seat 4: e0b327e4 folded before Flop (didn't bet)
Seat 5: Hero (button) collected ($0.25)
Seat 6: 49d1af35 (small blind) folded before Flop


Poker Hand #HD1826768766: Hold'em No Limit ($0.05/$0.1) - 2024/06/22 18:22:04
Table 'NLHRed76' 6-max Seat #4 is the button
Seat 1: af0a7a51 ($20.6 in chips)
Seat 2: 204af5cd ($3.98 in chips)
Seat 3: 9abf3513 ($12.65 in chips)
Seat 4: e0b327e4 ($18.2 in chips)
Seat 5: Hero ($10.05 in chips)
Seat 6: 49d1af35 ($16.77 in chips)
Hero: posts small blind $0.05
49d1af35: posts big blind $0.1
*** HOLE CARDS ***
Dealt to af0a7a51 
Dealt to 204af5cd 
Dealt to 9abf3513 
Dealt to e0b327e4 
Dealt to Hero [Ts Ad]
Dealt to 49d1af35 
af0a7a51: folds
204af5cd: calls $0.1
9abf3513: folds
e0b327e4: folds
Hero: raises $0.3 to $0.4
49d1af35: folds
204af5cd: folds
Uncalled bet ($0.3) returned to Hero
*** SHOWDOWN ***
Hero collected $0.29 from pot
*** SUMMARY ***
Total pot $0.3 | Rake $0.01 | Jackpot $0 | Bingo $0 | Fortune $0 | Tax $0
Seat 1: af0a7a51 folded before Flop (didn't bet)
Seat 2: 204af5cd folded before Flop
Seat 3: 9abf3513 folded before Flop (didn't bet)
Seat 4: e0b327e4 (button) folded before Flop (didn't bet)
Seat 5: Hero (small blind) collected ($0.29)
Seat 6: 49d1af35 (big blind) folded before Flop


Poker Hand #HD1826768727: Hold'em No Limit ($0.05/$0.1) - 2024/06/22 18:21:41
Table 'NLHRed76' 6-max Seat #3 is the button
Seat 1: af0a7a51 ($20.6 in chips)
Seat 2: 204af5cd ($4.32 in chips)
Seat 3: 9abf3513 ($12.2 in chips)
Seat 4: e0b327e4 ($18.25 in chips)
Seat 5: Hero ($10.15 in chips)
Seat 6: 49d1af35 ($16.77 in chips)
e0b327e4: posts small blind $0.05
Hero: posts big blind $0.1
*** HOLE CARDS ***
Dealt to af0a7a51 
Dealt to 204af5cd 
Dealt to 9abf3513 
Dealt to e0b327e4 
Dealt to Hero [Qd Ts]
Dealt to 49d1af35 
49d1af35: folds
af0a7a51: folds
204af5cd: calls $0.1
9abf3513: raises $0.24 to $0.34
e0b327e4: folds
Hero: folds
204af5cd: calls $0.24
*** FLOP *** [Qh Ks Kd]
204af5cd: checks
9abf3513: bets $0.28
204af5cd: folds
Uncalled bet ($0.28) returned to 9abf3513
*** SHOWDOWN ***
9abf3513 collected $0.79 from pot
*** SUMMARY ***
Total pot $0.83 | Rake $0.04 | Jackpot $0 | Bingo $0 | Fortune $0 | Tax $0
Board [Qh Ks Kd]
Seat 1: af0a7a51 folded before Flop (didn't bet)
Seat 2: 204af5cd folded on the Flop
Seat 3: 9abf3513 (button) won ($0.79)
Seat 4: e0b327e4 (small blind) folded before Flop
Seat 5: Hero (big blind) folded before Flop
Seat 6: 49d1af35 folded before Flop (didn't bet)


Poker Hand #HD1826768667: Hold'em No Limit ($0.05/$0.1) - 2024/06/22 18:21:10
Table 'NLHRed76' 6-max Seat #2 is the button
Seat 1: af0a7a51 ($20.85 in chips)
Seat 2: 204af5cd ($4.32 in chips)
Seat 3: 9abf3513 ($11.88 in chips)
Seat 4: e0b327e4 ($18.35 in chips)
Seat 5: Hero ($10.15 in chips)
Seat 6: 49d1af35 ($16.77 in chips)
9abf3513: posts small blind $0.05
e0b327e4: posts big blind $0.1
*** HOLE CARDS ***
Dealt to af0a7a51 
Dealt to 204af5cd 
Dealt to 9abf3513 
Dealt to e0b327e4 
Dealt to Hero [Qd 8d]
Dealt to 49d1af35 
Hero: folds
49d1af35: folds
af0a7a51: raises $0.15 to $0.25
204af5cd: folds
9abf3513: raises $0.85 to $1.1
e0b327e4: folds
af0a7a51: folds
Uncalled bet ($0.85) returned to 9abf3513
*** SHOWDOWN ***
9abf3513 collected $0.57 from pot
*** SUMMARY ***
Total pot $0.6 | Rake $0.03 | Jackpot $0 | Bingo $0 | Fortune $0 | Tax $0
Seat 1: af0a7a51 folded before Flop
Seat 2: 204af5cd (button) folded before Flop (didn't bet)
Seat 3: 9abf3513 (small blind) collected ($0.57)
Seat 4: e0b327e4 (big blind) folded before Flop
Seat 5: Hero folded before Flop (didn't bet)
Seat 6: 49d1af35 folded before Flop (didn't bet)


Poker Hand #HD1826768639: Hold'em No Limit ($0.05/$0.1) - 2024/06/22 18:20:58
Table 'NLHRed76' 6-max Seat #1 is the button
Seat 1: af0a7a51 ($20.85 in chips)
Seat 2: 204af5cd ($4.37 in chips)
Seat 3: 9abf3513 ($11.83 in chips)
Seat 5: Hero ($10.15 in chips)
Seat 6: 49d1af35 ($16.77 in chips)
204af5cd: posts small blind $0.05
9abf3513: posts big blind $0.1
*** HOLE CARDS ***
Dealt to af0a7a51 
Dealt to 204af5cd 
Dealt to 9abf3513 
Dealt to Hero [Qc 9s]
Dealt to 49d1af35 
Hero: folds
49d1af35: folds
af0a7a51: folds
204af5cd: folds
Uncalled bet ($0.05) returned to 9abf3513
*** SHOWDOWN ***
9abf3513 collected $0.1 from pot
*** SUMMARY ***
Total pot $0.1 | Rake $0 | Jackpot $0 | Bingo $0 | Fortune $0 | Tax $0
Seat 1: af0a7a51 (button) folded before Flop (didn't bet)
Seat 2: 204af5cd (small blind) folded before Flop
Seat 3: 9abf3513 (big blind) collected ($0.1)
Seat 5: Hero folded before Flop (didn't bet)
Seat 6: 49d1af35 folded before Flop (didn't bet)


Poker Hand #HD1826768592: Hold'em No Limit ($0.05/$0.1) - 2024/06/22 18:20:39
Table 'NLHRed76' 6-max Seat #6 is the button
Seat 1: af0a7a51 ($20.9 in chips)
Seat 2: 204af5cd ($4.47 in chips)
Seat 3: 9abf3513 ($11.83 in chips)
Seat 4: e0b327e4 ($18.35 in chips)
Seat 5: Hero ($10 in chips)
Seat 6: 49d1af35 ($16.77 in chips)
af0a7a51: posts small blind $0.05
204af5cd: posts big blind $0.1
*** HOLE CARDS ***
Dealt to af0a7a51 
Dealt to 204af5cd 
Dealt to 9abf3513 
Dealt to e0b327e4 
Dealt to Hero [Js Jd]
Dealt to 49d1af35 
9abf3513: folds
e0b327e4: folds
Hero: raises $0.14 to $0.24
49d1af35: folds
af0a7a51: folds
204af5cd: folds
Uncalled bet ($0.14) returned to Hero
*** SHOWDOWN ***
Hero collected $0.25 from pot
*** SUMMARY ***
Total pot $0.25 | Rake $0 | Jackpot $0 | Bingo $0 | Fortune $0 | Tax $0
Seat 1: af0a7a51 (small blind) folded before Flop
Seat 2: 204af5cd (big blind) folded before Flop
Seat 3: 9abf3513 folded before Flop (didn't bet)
Seat 4: e0b327e4 folded before Flop (didn't bet)
Seat 5: Hero collected ($0.25)
Seat 6: 49d1af35 (button) folded before Flop (didn't bet)


Poker Hand #HD1826768517: Hold'em No Limit ($0.05/$0.1) - 2024/06/22 18:19:57
Table 'NLHRed76' 6-max Seat #5 is the button
Seat 1: af0a7a51 ($21.1 in chips)
Seat 2: 204af5cd ($4.24 in chips)
Seat 3: 9abf3513 ($11.83 in chips)
Seat 4: e0b327e4 ($18.35 in chips)
Seat 5: Hero ($10 in chips)
Seat 6: 49d1af35 ($16.82 in chips)
49d1af35: posts small blind $0.05
af0a7a51: posts big blind $0.1
*** HOLE CARDS ***
Dealt to af0a7a51 
Dealt to 204af5cd 
Dealt to 9abf3513 
Dealt to e0b327e4 
Dealt to Hero [8h 5c]
Dealt to 49d1af35 
204af5cd: raises $0.1 to $0.2
9abf3513: folds
e0b327e4: folds
Hero: folds
49d1af35: folds
af0a7a51: calls $0.1
*** FLOP *** [Qc Th Kd]
af0a7a51: checks
204af5cd: bets $0.23
af0a7a51: folds
Uncalled bet ($0.23) returned to 204af5cd
*** SHOWDOWN ***
204af5cd collected $0.43 from pot
*** SUMMARY ***
Total pot $0.45 | Rake $0.02 | Jackpot $0 | Bingo $0 | Fortune $0 | Tax $0
Board [Qc Th Kd]
Seat 1: af0a7a51 (big blind) folded on the Flop
Seat 2: 204af5cd won ($0.43)
Seat 3: 9abf3513 folded before Flop (didn't bet)
Seat 4: e0b327e4 folded before Flop (didn't bet)
Seat 5: Hero (button) folded before Flop (didn't bet)
Seat 6: 49d1af35 (small blind) folded before Flop


Poker Hand #HD1826768471: Hold'em No Limit ($0.05/$0.1) - 2024/06/22 18:19:33
Table 'NLHRed76' 6-max Seat #4 is the button
Seat 1: af0a7a51 ($21.1 in chips)
Seat 2: 204af5cd ($4.01 in chips)
Seat 3: 9abf3513 ($11.83 in chips)
Seat 4: e0b327e4 ($18.35 in chips)
Seat 5: Hero ($10.05 in chips)
Seat 6: 49d1af35 ($17.02 in chips)
Hero: posts small blind $0.05
49d1af35: posts big blind $0.1
*** HOLE CARDS ***
Dealt to af0a7a51 
Dealt to 204af5cd 
Dealt to 9abf3513 
Dealt to e0b327e4 
Dealt to Hero [3d Kd]
Dealt to 49d1af35 
af0a7a51: folds
204af5cd: raises $0.1 to $0.2
9abf3513: folds
e0b327e4: folds
Hero: folds
49d1af35: calls $0.1
*** FLOP *** [7s 3h 3s]
49d1af35: checks
204af5cd: bets $0.23
49d1af35: folds
Uncalled bet ($0.23) returned to 204af5cd
*** SHOWDOWN ***
204af5cd collected $0.43 from pot
*** SUMMARY ***
Total pot $0.45 | Rake $0.02 | Jackpot $0 | Bingo $0 | Fortune $0 | Tax $0
Board [7s 3h 3s]
Seat 1: af0a7a51 folded before Flop (didn't bet)
Seat 2: 204af5cd won ($0.43)
Seat 3: 9abf3513 folded before Flop (didn't bet)
Seat 4: e0b327e4 (button) folded before Flop (didn't bet)
Seat 5: Hero (small blind) folded before Flop
Seat 6: 49d1af35 (big blind) folded on the Flop


Poker Hand #HD1826768456: Hold'em No Limit ($0.05/$0.1) - 2024/06/22 18:19:25
Table 'NLHRed76' 6-max Seat #3 is the button
Seat 1: af0a7a51 ($21.1 in chips)
Seat 2: 204af5cd ($4.01 in chips)
Seat 3: 9abf3513 ($11.83 in chips)
Seat 4: e0b327e4 ($18.4 in chips)
Seat 5: Hero ($10 in chips)
Seat 6: 49d1af35 ($17.02 in chips)
e0b327e4: posts small blind $0.05
Hero: posts big blind $0.1
*** HOLE CARDS ***
Dealt to af0a7a51 
Dealt to 204af5cd 
Dealt to 9abf3513 
Dealt to e0b327e4 
Dealt to Hero [8c Ts]
Dealt to 49d1af35 
49d1af35: folds
af0a7a51: folds
204af5cd: folds
9abf3513: folds
e0b327e4: folds
Uncalled bet ($0.05) returned to Hero
*** SHOWDOWN ***
Hero collected $0.1 from pot
*** SUMMARY ***
Total pot $0.1 | Rake $0 | Jackpot $0 | Bingo $0 | Fortune $0 | Tax $0
Seat 1: af0a7a51 folded before Flop (didn't bet)
Seat 2: 204af5cd folded before Flop (didn't bet)
Seat 3: 9abf3513 (button) folded before Flop (didn't bet)
Seat 4: e0b327e4 (small blind) folded before Flop
Seat 5: Hero (big blind) collected ($0.1)
Seat 6: 49d1af35 folded before Flop (didn't bet)


Poker Hand #HD1826768438: Hold'em No Limit ($0.05/$0.1) - 2024/06/22 18:19:15
Table 'NLHRed76' 6-max Seat #2 is the button
Seat 1: af0a7a51 ($21.1 in chips)
Seat 2: 204af5cd ($4.01 in chips)
Seat 3: 9abf3513 ($11.88 in chips)
Seat 4: e0b327e4 ($18.35 in chips)
Seat 5: Hero ($10 in chips)
Seat 6: 49d1af35 ($17.02 in chips)
9abf3513: posts small blind $0.05
e0b327e4: posts big blind $0.1
*** HOLE CARDS ***
Dealt to af0a7a51 
Dealt to 204af5cd 
Dealt to 9abf3513 
Dealt to e0b327e4 
Dealt to Hero [2c 2h]
Dealt to 49d1af35 
Hero: folds
49d1af35: folds
af0a7a51: folds
204af5cd: folds
9abf3513: folds
Uncalled bet ($0.05) returned to e0b327e4
*** SHOWDOWN ***
e0b327e4 collected $0.1 from pot
*** SUMMARY ***
Total pot $0.1 | Rake $0 | Jackpot $0 | Bingo $0 | Fortune $0 | Tax $0
Seat 1: af0a7a51 folded before Flop (didn't bet)
Seat 2: 204af5cd (button) folded before Flop (didn't bet)
Seat 3: 9abf3513 (small blind) folded before Flop
Seat 4: e0b327e4 (big blind) collected ($0.1)
Seat 5: Hero folded before Flop (didn't bet)
Seat 6: 49d1af35 folded before Flop (didn't bet)


Poker Hand #HD1826768415: Hold'em No Limit ($0.05/$0.1) - 2024/06/22 18:19:03
Table 'NLHRed76' 6-max Seat #1 is the button
Seat 1: af0a7a51 ($21.1 in chips)
Seat 2: 204af5cd ($4.06 in chips)
Seat 3: 9abf3513 ($11.98 in chips)
Seat 4: e0b327e4 ($18.35 in chips)
Seat 5: Hero ($10 in chips)
Seat 6: 49d1af35 ($16.87 in chips)
204af5cd: posts small blind $0.05
9abf3513: posts big blind $0.1
*** HOLE CARDS ***
Dealt to af0a7a51 
Dealt to 204af5cd 
Dealt to 9abf3513 
Dealt to e0b327e4 
Dealt to Hero [Qs 9h]
Dealt to 49d1af35 
e0b327e4: folds
Hero: folds
49d1af35: raises $0.2 to $0.3
af0a7a51: folds
204af5cd: folds
9abf3513: folds
Uncalled bet ($0.2) returned to 49d1af35
*** SHOWDOWN ***
49d1af35 collected $0.25 from pot
*** SUMMARY ***
Total pot $0.25 | Rake $0 | Jackpot $0 | Bingo $0 | Fortune $0 | Tax $0
Seat 1: af0a7a51 (button) folded before Flop (didn't bet)
Seat 2: 204af5cd (small blind) folded before Flop
Seat 3: 9abf3513 (big blind) folded before Flop
Seat 4: e0b327e4 folded before Flop (didn't bet)
Seat 5: Hero folded before Flop (didn't bet)
Seat 6: 49d1af35 collected ($0.25)


Poker Hand #HD1826768378: Hold'em No Limit ($0.05/$0.1) - 2024/06/22 18:18:44
Table 'NLHRed76' 6-max Seat #6 is the button
Seat 1: af0a7a51 ($21.15 in chips)
Seat 2: 204af5cd ($4.16 in chips)
Seat 3: 9abf3513 ($11.83 in chips)
Seat 4: e0b327e4 ($18.35 in chips)
Seat 5: Hero ($10 in chips)
Seat 6: 49d1af35 ($16.87 in chips)
af0a7a51: posts small blind $0.05
204af5cd: posts big blind $0.1
*** HOLE CARDS ***
Dealt to af0a7a51 
Dealt to 204af5cd 
Dealt to 9abf3513 
Dealt to e0b327e4 
Dealt to Hero [Th Ac]
Dealt to 49d1af35 
9abf3513: raises $0.2 to $0.3
e0b327e4: folds
Hero: folds
49d1af35: folds
af0a7a51: folds
204af5cd: folds
Uncalled bet ($0.2) returned to 9abf3513
*** SHOWDOWN ***
9abf3513 collected $0.25 from pot
*** SUMMARY ***
Total pot $0.25 | Rake $0 | Jackpot $0 | Bingo $0 | Fortune $0 | Tax $0
Seat 1: af0a7a51 (small blind) folded before Flop
Seat 2: 204af5cd (big blind) folded before Flop
Seat 3: 9abf3513 collected ($0.25)
Seat 4: e0b327e4 folded before Flop (didn't bet)
Seat 5: Hero folded before Flop (didn't bet)
Seat 6: 49d1af35 (button) folded before Flop (didn't bet)


Poker Hand #HD1826768257: Hold'em No Limit ($0.05/$0.1) - 2024/06/22 18:17:45
Table 'NLHRed76' 6-max Seat #5 is the button
Seat 1: af0a7a51 ($21.25 in chips)
Seat 2: 204af5cd ($4.02 in chips)
Seat 3: 9abf3513 ($11.83 in chips)
Seat 4: e0b327e4 ($18.35 in chips)
Seat 5: Hero ($10 in chips)
Seat 6: 49d1af35 ($16.92 in chips)
49d1af35: posts small blind $0.05
af0a7a51: posts big blind $0.1
*** HOLE CARDS ***
Dealt to af0a7a51 
Dealt to 204af5cd 
Dealt to 9abf3513 
Dealt to e0b327e4 
Dealt to Hero [9h 6h]
Dealt to 49d1af35 
204af5cd: calls $0.1
9abf3513: folds
e0b327e4: folds
Hero: folds
49d1af35: folds
af0a7a51: checks
*** FLOP *** [7h 2d Qh]
af0a7a51: checks
204af5cd: checks
*** TURN *** [7h 2d Qh] [4h]
af0a7a51: checks
204af5cd: checks
*** RIVER *** [7h 2d Qh 4h] [4d]
af0a7a51: checks
204af5cd: bets $0.25
af0a7a51: folds
Uncalled bet ($0.25) returned to 204af5cd
*** SHOWDOWN ***
204af5cd collected $0.24 from pot
*** SUMMARY ***
Total pot $0.25 | Rake $0.01 | Jackpot $0 | Bingo $0 | Fortune $0 | Tax $0
Board [7h 2d Qh 4h 4d]
Seat 1: af0a7a51 (big blind) folded on the River
Seat 2: 204af5cd won ($0.24)
Seat 3: 9abf3513 folded before Flop (didn't bet)
Seat 4: e0b327e4 folded before Flop (didn't bet)
Seat 5: Hero (button) folded before Flop (didn't bet)
Seat 6: 49d1af35 (small blind) folded before Flop


Poker Hand #HD1826768175: Hold'em No Limit ($0.05/$0.1) - 2024/06/22 18:16:59
Table 'NLHRed76' 6-max Seat #4 is the button
Seat 1: af0a7a51 ($21.25 in chips)
Seat 2: 204af5cd ($3.23 in chips)
Seat 3: 9abf3513 ($12.55 in chips)
Seat 4: e0b327e4 ($18.35 in chips)
Seat 5: Hero ($10 in chips)
Seat 6: 49d1af35 ($17.02 in chips)
Hero: posts small blind $0.05
49d1af35: posts big blind $0.1
*** HOLE CARDS ***
Dealt to af0a7a51 
Dealt to 204af5cd 
Dealt to 9abf3513 
Dealt to e0b327e4 
Dealt to Hero [3c 5h]
Dealt to 49d1af35 
af0a7a51: folds
204af5cd: calls $0.1
9abf3513: raises $0.3 to $0.4
e0b327e4: folds
Hero: folds
49d1af35: folds
204af5cd: calls $0.3
*** FLOP *** [3d 8h 7c]
204af5cd: bets $0.32
9abf3513: calls $0.32
*** TURN *** [3d 8h 7c] [8c]
204af5cd: bets $0.8
9abf3513: folds
Uncalled bet ($0.8) returned to 204af5cd
*** SHOWDOWN ***
204af5cd collected $1.51 from pot
*** SUMMARY ***
Total pot $1.59 | Rake $0.08 | Jackpot $0 | Bingo $0 | Fortune $0 | Tax $0
Board [3d 8h 7c 8c]
Seat 1: af0a7a51 folded before Flop (didn't bet)
Seat 2: 204af5cd won ($1.51)
Seat 3: 9abf3513 folded on the Turn
Seat 4: e0b327e4 (button) folded before Flop (didn't bet)
Seat 5: Hero (small blind) folded before Flop
Seat 6: 49d1af35 (big blind) folded before Flop


Poker Hand #HD1826768135: Hold'em No Limit ($0.05/$0.1) - 2024/06/22 18:16:39
Table 'NLHRed76' 6-max Seat #3 is the button
Seat 1: af0a7a51 ($21.1 in chips)
Seat 2: 204af5cd ($3.23 in chips)
Seat 3: 9abf3513 ($12.55 in chips)
Seat 4: e0b327e4 ($18.4 in chips)
Seat 5: Hero ($10 in chips)
Seat 6: 49d1af35 ($17.02 in chips)
e0b327e4: posts small blind $0.05
Hero: posts big blind $0.1
*** HOLE CARDS ***
Dealt to af0a7a51 
Dealt to 204af5cd 
Dealt to 9abf3513 
Dealt to e0b327e4 
Dealt to Hero [8h Kd]
Dealt to 49d1af35 
49d1af35: folds
af0a7a51: raises $0.15 to $0.25
204af5cd: folds
9abf3513: folds
e0b327e4: folds
Hero: folds
Uncalled bet ($0.15) returned to af0a7a51
*** SHOWDOWN ***
af0a7a51 collected $0.25 from pot
*** SUMMARY ***
Total pot $0.25 | Rake $0 | Jackpot $0 | Bingo $0 | Fortune $0 | Tax $0
Seat 1: af0a7a51 collected ($0.25)
Seat 2: 204af5cd folded before Flop (didn't bet)
Seat 3: 9abf3513 (button) folded before Flop (didn't bet)
Seat 4: e0b327e4 (small blind) folded before Flop
Seat 5: Hero (big blind) folded before Flop
Seat 6: 49d1af35 folded before Flop (didn't bet)


