Poker Hand #HD1847989706: Hold'em No Limit ($0.05/$0.1) - 2024/07/08 11:06:41
Table 'NLHRed48' 6-max Seat #3 is the button
Seat 1: Hero ($10 in chips)
Seat 2: 504c4223 ($9.99 in chips)
Seat 3: cf6670bd ($12.93 in chips)
Seat 5: 4bdf5ca7 ($9.07 in chips)
Seat 6: 28de5dba ($11.98 in chips)
4bdf5ca7: posts small blind $0.05
28de5dba: posts big blind $0.1
*** HOLE CARDS ***
Dealt to Hero [4h 2c]
Dealt to 504c4223 
Dealt to cf6670bd 
Dealt to 4bdf5ca7 
Dealt to 28de5dba 
Hero: folds
504c4223: raises $0.15 to $0.25
cf6670bd: calls $0.25
4bdf5ca7: raises $0.85 to $1.1
28de5dba: folds
504c4223: calls $0.85
cf6670bd: folds
*** FLOP *** [2s Qd 4c]
4bdf5ca7: bets $0.85
504c4223: calls $0.85
*** TURN *** [2s Qd 4c] [Jc]
4bdf5ca7: bets $1
504c4223: raises $7.04 to $8.04 and is all-in
4bdf5ca7: folds
Uncalled bet ($7.04) returned to 504c4223
*** SHOWDOWN ***
504c4223 collected $5.85 from pot
*** SUMMARY ***
Total pot $6.25 | Rake $0.3 | Jackpot $0.1 | Bingo $0 | Fortune $0 | Tax $0
Board [2s Qd 4c Jc]
Seat 1: Hero folded before Flop (didn't bet)
Seat 2: 504c4223 won ($5.85)
Seat 3: cf6670bd (button) folded before Flop
Seat 5: 4bdf5ca7 (small blind) folded on the Turn
Seat 6: 28de5dba (big blind) folded before Flop


Poker Hand #HD1847989669: Hold'em No Limit ($0.05/$0.1) - 2024/07/08 11:06:14
Table 'NLHRed48' 6-max Seat #2 is the button
Seat 1: Hero ($10 in chips)
Seat 2: 504c4223 ($9.99 in chips)
Seat 3: cf6670bd ($12.98 in chips)
Seat 5: 4bdf5ca7 ($9.17 in chips)
Seat 6: 28de5dba ($11.83 in chips)
cf6670bd: posts small blind $0.05
4bdf5ca7: posts big blind $0.1
*** HOLE CARDS ***
Dealt to Hero [5h 5d]
Dealt to 504c4223 
Dealt to cf6670bd 
Dealt to 4bdf5ca7 
Dealt to 28de5dba 
28de5dba: raises $0.15 to $0.25
Hero: folds
504c4223: folds
cf6670bd: folds
4bdf5ca7: folds
Uncalled bet ($0.15) returned to 28de5dba
*** SHOWDOWN ***
28de5dba collected $0.25 from pot
*** SUMMARY ***
Total pot $0.25 | Rake $0 | Jackpot $0 | Bingo $0 | Fortune $0 | Tax $0
Seat 1: Hero folded before Flop (didn't bet)
Seat 2: 504c4223 (button) folded before Flop (didn't bet)
Seat 3: cf6670bd (small blind) folded before Flop
Seat 5: 4bdf5ca7 (big blind) folded before Flop
Seat 6: 28de5dba collected ($0.25)


Poker Hand #HD1847989640: Hold'em No Limit ($0.05/$0.1) - 2024/07/08 11:05:54
Table 'NLHRed48' 6-max Seat #1 is the button
Seat 1: Hero ($10 in chips)
Seat 2: 504c4223 ($9.68 in chips)
Seat 3: cf6670bd ($13.08 in chips)
Seat 5: 4bdf5ca7 ($9.17 in chips)
Seat 6: 28de5dba ($12.06 in chips)
504c4223: posts small blind $0.05
cf6670bd: posts big blind $0.1
*** HOLE CARDS ***
Dealt to Hero [3c 2s]
Dealt to 504c4223 
Dealt to cf6670bd 
Dealt to 4bdf5ca7 
Dealt to 28de5dba 
4bdf5ca7: folds
28de5dba: raises $0.13 to $0.23
Hero: folds
504c4223: raises $0.77 to $1
cf6670bd: folds
28de5dba: folds
Uncalled bet ($0.77) returned to 504c4223
*** SHOWDOWN ***
504c4223 collected $0.54 from pot
*** SUMMARY ***
Total pot $0.56 | Rake $0.02 | Jackpot $0 | Bingo $0 | Fortune $0 | Tax $0
Seat 1: Hero (button) folded before Flop (didn't bet)
Seat 2: 504c4223 (small blind) collected ($0.54)
Seat 3: cf6670bd (big blind) folded before Flop
Seat 5: 4bdf5ca7 folded before Flop (didn't bet)
Seat 6: 28de5dba folded before Flop


Poker Hand #HD1847989596: Hold'em No Limit ($0.05/$0.1) - 2024/07/08 11:05:24
Table 'NLHRed48' 6-max Seat #6 is the button
Seat 1: Hero ($10.05 in chips)
Seat 2: 504c4223 ($9.4 in chips)
Seat 3: cf6670bd ($13.08 in chips)
Seat 5: 4bdf5ca7 ($9.17 in chips)
Seat 6: 28de5dba ($12.31 in chips)
Hero: posts small blind $0.05
504c4223: posts big blind $0.1
*** HOLE CARDS ***
Dealt to Hero [6d 9s]
Dealt to 504c4223 
Dealt to cf6670bd 
Dealt to 4bdf5ca7 
Dealt to 28de5dba 
cf6670bd: folds
4bdf5ca7: folds
28de5dba: raises $0.15 to $0.25
Hero: folds
504c4223: calls $0.15
*** FLOP *** [2c 2h Kc]
504c4223: checks
28de5dba: checks
*** TURN *** [2c 2h Kc] [Ts]
504c4223: bets $0.39
28de5dba: folds
Uncalled bet ($0.39) returned to 504c4223
*** SHOWDOWN ***
504c4223 collected $0.53 from pot
*** SUMMARY ***
Total pot $0.55 | Rake $0.02 | Jackpot $0 | Bingo $0 | Fortune $0 | Tax $0
Board [2c 2h Kc Ts]
Seat 1: Hero (small blind) folded before Flop
Seat 2: 504c4223 (big blind) won ($0.53)
Seat 3: cf6670bd folded before Flop (didn't bet)
Seat 5: 4bdf5ca7 folded before Flop (didn't bet)
Seat 6: 28de5dba (button) folded on the Turn


Poker Hand #HD1847989584: Hold'em No Limit ($0.05/$0.1) - 2024/07/08 11:05:11
Table 'NLHRed48' 6-max Seat #5 is the button
Seat 1: Hero ($10 in chips)
Seat 2: 504c4223 ($9.4 in chips)
Seat 3: cf6670bd ($13.08 in chips)
Seat 5: 4bdf5ca7 ($9.17 in chips)
Seat 6: 28de5dba ($12.36 in chips)
28de5dba: posts small blind $0.05
Hero: posts big blind $0.1
*** HOLE CARDS ***
Dealt to Hero [7c 5c]
Dealt to 504c4223 
Dealt to cf6670bd 
Dealt to 4bdf5ca7 
Dealt to 28de5dba 
504c4223: folds
cf6670bd: folds
4bdf5ca7: folds
28de5dba: folds
Uncalled bet ($0.05) returned to Hero
*** SHOWDOWN ***
Hero collected $0.1 from pot
*** SUMMARY ***
Total pot $0.1 | Rake $0 | Jackpot $0 | Bingo $0 | Fortune $0 | Tax $0
Seat 1: Hero (big blind) collected ($0.1)
Seat 2: 504c4223 folded before Flop (didn't bet)
Seat 3: cf6670bd folded before Flop (didn't bet)
Seat 5: 4bdf5ca7 (button) folded before Flop (didn't bet)
Seat 6: 28de5dba (small blind) folded before Flop


Poker Hand #HD1847989516: Hold'em No Limit ($0.05/$0.1) - 2024/07/08 11:04:22
Table 'NLHRed48' 6-max Seat #3 is the button
Seat 1: Hero ($10 in chips)
Seat 2: 504c4223 ($9.4 in chips)
Seat 3: cf6670bd ($13.08 in chips)
Seat 4: f0005781 ($7.59 in chips)
Seat 5: 4bdf5ca7 ($9.85 in chips)
Seat 6: 28de5dba ($11.7 in chips)
f0005781: posts small blind $0.05
4bdf5ca7: posts big blind $0.1
*** HOLE CARDS ***
Dealt to Hero [4h 6s]
Dealt to 504c4223 
Dealt to cf6670bd 
Dealt to f0005781 
Dealt to 4bdf5ca7 
Dealt to 28de5dba 
28de5dba: raises $0.15 to $0.25
Hero: folds
504c4223: folds
cf6670bd: folds
f0005781: folds
4bdf5ca7: calls $0.15
*** FLOP *** [2s Js 2c]
4bdf5ca7: checks
28de5dba: bets $0.43
4bdf5ca7: calls $0.43
*** TURN *** [2s Js 2c] [Qd]
4bdf5ca7: checks
28de5dba: bets $0.91
4bdf5ca7: folds
Uncalled bet ($0.91) returned to 28de5dba
*** SHOWDOWN ***
28de5dba collected $1.34 from pot
*** SUMMARY ***
Total pot $1.41 | Rake $0.07 | Jackpot $0 | Bingo $0 | Fortune $0 | Tax $0
Board [2s Js 2c Qd]
Seat 1: Hero folded before Flop (didn't bet)
Seat 2: 504c4223 folded before Flop (didn't bet)
Seat 3: cf6670bd (button) folded before Flop (didn't bet)
Seat 4: f0005781 (small blind) folded before Flop
Seat 5: 4bdf5ca7 (big blind) folded on the Turn
Seat 6: 28de5dba won ($1.34)


Poker Hand #HD1847989466: Hold'em No Limit ($0.05/$0.1) - 2024/07/08 11:03:52
Table 'NLHRed48' 6-max Seat #2 is the button
Seat 1: Hero ($10.64 in chips)
Seat 2: 504c4223 ($9.4 in chips)
Seat 3: cf6670bd ($13.13 in chips)
Seat 4: f0005781 ($7.69 in chips)
Seat 5: 4bdf5ca7 ($9.85 in chips)
Seat 6: 28de5dba ($10.83 in chips)
cf6670bd: posts small blind $0.05
f0005781: posts big blind $0.1
*** HOLE CARDS ***
Dealt to Hero [Ac Jh]
Dealt to 504c4223 
Dealt to cf6670bd 
Dealt to f0005781 
Dealt to 4bdf5ca7 
Dealt to 28de5dba 
4bdf5ca7: folds
28de5dba: raises $0.15 to $0.25
Hero: raises $0.55 to $0.8
504c4223: folds
cf6670bd: folds
f0005781: folds
28de5dba: raises $1.35 to $2.15
Hero: folds
Uncalled bet ($1.35) returned to 28de5dba
*** SHOWDOWN ***
28de5dba collected $1.67 from pot
*** SUMMARY ***
Total pot $1.75 | Rake $0.08 | Jackpot $0 | Bingo $0 | Fortune $0 | Tax $0
Seat 1: Hero folded before Flop
Seat 2: 504c4223 (button) folded before Flop (didn't bet)
Seat 3: cf6670bd (small blind) folded before Flop
Seat 4: f0005781 (big blind) folded before Flop
Seat 5: 4bdf5ca7 folded before Flop (didn't bet)
Seat 6: 28de5dba collected ($1.67)


Poker Hand #HD1847989441: Hold'em No Limit ($0.05/$0.1) - 2024/07/08 11:03:35
Table 'NLHRed48' 6-max Seat #1 is the button
Seat 1: Hero ($10.64 in chips)
Seat 2: 504c4223 ($9.45 in chips)
Seat 3: cf6670bd ($13.08 in chips)
Seat 4: f0005781 ($7.69 in chips)
Seat 5: 4bdf5ca7 ($9.85 in chips)
Seat 6: 28de5dba ($10.83 in chips)
504c4223: posts small blind $0.05
cf6670bd: posts big blind $0.1
*** HOLE CARDS ***
Dealt to Hero [Js 5c]
Dealt to 504c4223 
Dealt to cf6670bd 
Dealt to f0005781 
Dealt to 4bdf5ca7 
Dealt to 28de5dba 
f0005781: folds
4bdf5ca7: folds
28de5dba: folds
Hero: folds
504c4223: folds
Uncalled bet ($0.05) returned to cf6670bd
*** SHOWDOWN ***
cf6670bd collected $0.1 from pot
*** SUMMARY ***
Total pot $0.1 | Rake $0 | Jackpot $0 | Bingo $0 | Fortune $0 | Tax $0
Seat 1: Hero (button) folded before Flop (didn't bet)
Seat 2: 504c4223 (small blind) folded before Flop
Seat 3: cf6670bd (big blind) collected ($0.1)
Seat 4: f0005781 folded before Flop (didn't bet)
Seat 5: 4bdf5ca7 folded before Flop (didn't bet)
Seat 6: 28de5dba folded before Flop (didn't bet)


Poker Hand #HD1847989358: Hold'em No Limit ($0.05/$0.1) - 2024/07/08 11:02:47
Table 'NLHRed48' 6-max Seat #6 is the button
Seat 1: Hero ($10.69 in chips)
Seat 2: 504c4223 ($9.55 in chips)
Seat 3: cf6670bd ($13.08 in chips)
Seat 4: f0005781 ($8.45 in chips)
Seat 5: 4bdf5ca7 ($9.85 in chips)
Seat 6: 28de5dba ($10 in chips)
Hero: posts small blind $0.05
504c4223: posts big blind $0.1
*** HOLE CARDS ***
Dealt to Hero [5d Ah]
Dealt to 504c4223 
Dealt to cf6670bd 
Dealt to f0005781 
Dealt to 4bdf5ca7 
Dealt to 28de5dba 
cf6670bd: folds
f0005781: raises $0.15 to $0.25
4bdf5ca7: folds
28de5dba: raises $0.51 to $0.76
Hero: folds
504c4223: folds
f0005781: calls $0.51
*** FLOP *** [2s 7h 8d]
f0005781: checks
28de5dba: bets $0.84
f0005781: folds
Uncalled bet ($0.84) returned to 28de5dba
*** SHOWDOWN ***
28de5dba collected $1.59 from pot
*** SUMMARY ***
Total pot $1.67 | Rake $0.08 | Jackpot $0 | Bingo $0 | Fortune $0 | Tax $0
Board [2s 7h 8d]
Seat 1: Hero (small blind) folded before Flop
Seat 2: 504c4223 (big blind) folded before Flop
Seat 3: cf6670bd folded before Flop (didn't bet)
Seat 4: f0005781 folded on the Flop
Seat 5: 4bdf5ca7 folded before Flop (didn't bet)
Seat 6: 28de5dba (button) won ($1.59)


Poker Hand #HD1847989286: Hold'em No Limit ($0.05/$0.1) - 2024/07/08 11:02:08
Table 'NLHRed48' 6-max Seat #5 is the button
Seat 1: Hero ($10.79 in chips)
Seat 2: 504c4223 ($9.55 in chips)
Seat 3: cf6670bd ($12.13 in chips)
Seat 4: f0005781 ($8.45 in chips)
Seat 5: 4bdf5ca7 ($9.85 in chips)
Seat 6: 28de5dba ($9.9 in chips)
28de5dba: posts small blind $0.05
Hero: posts big blind $0.1
*** HOLE CARDS ***
Dealt to Hero [3d 9d]
Dealt to 504c4223 
Dealt to cf6670bd 
Dealt to f0005781 
Dealt to 4bdf5ca7 
Dealt to 28de5dba 
504c4223: folds
cf6670bd: raises $0.1 to $0.2
f0005781: folds
4bdf5ca7: folds
28de5dba: raises $0.75 to $0.95
Hero: folds
cf6670bd: calls $0.75
*** FLOP *** [2s Jc Qh]
28de5dba: checks
cf6670bd: checks
*** TURN *** [2s Jc Qh] [4s]
28de5dba: checks
cf6670bd: bets $1.5
28de5dba: folds
Uncalled bet ($1.5) returned to cf6670bd
*** SHOWDOWN ***
cf6670bd collected $1.9 from pot
*** SUMMARY ***
Total pot $2 | Rake $0.1 | Jackpot $0 | Bingo $0 | Fortune $0 | Tax $0
Board [2s Jc Qh 4s]
Seat 1: Hero (big blind) folded before Flop
Seat 2: 504c4223 folded before Flop (didn't bet)
Seat 3: cf6670bd won ($1.9)
Seat 4: f0005781 folded before Flop (didn't bet)
Seat 5: 4bdf5ca7 (button) folded before Flop (didn't bet)
Seat 6: 28de5dba (small blind) folded on the Turn


Poker Hand #HD1847989258: Hold'em No Limit ($0.05/$0.1) - 2024/07/08 11:01:48
Table 'NLHRed48' 6-max Seat #4 is the button
Seat 1: Hero ($10.64 in chips)
Seat 2: 504c4223 ($9.55 in chips)
Seat 3: cf6670bd ($12.13 in chips)
Seat 4: f0005781 ($8.45 in chips)
Seat 5: 4bdf5ca7 ($9.9 in chips)
Seat 6: 28de5dba ($10 in chips)
4bdf5ca7: posts small blind $0.05
28de5dba: posts big blind $0.1
*** HOLE CARDS ***
Dealt to Hero [Ad Qs]
Dealt to 504c4223 
Dealt to cf6670bd 
Dealt to f0005781 
Dealt to 4bdf5ca7 
Dealt to 28de5dba 
Hero: raises $0.1 to $0.2
504c4223: folds
cf6670bd: folds
f0005781: folds
4bdf5ca7: folds
28de5dba: folds
Uncalled bet ($0.1) returned to Hero
*** SHOWDOWN ***
Hero collected $0.25 from pot
*** SUMMARY ***
Total pot $0.25 | Rake $0 | Jackpot $0 | Bingo $0 | Fortune $0 | Tax $0
Seat 1: Hero collected ($0.25)
Seat 2: 504c4223 folded before Flop (didn't bet)
Seat 3: cf6670bd folded before Flop (didn't bet)
Seat 4: f0005781 (button) folded before Flop (didn't bet)
Seat 5: 4bdf5ca7 (small blind) folded before Flop
Seat 6: 28de5dba (big blind) folded before Flop


Poker Hand #HD1847989165: Hold'em No Limit ($0.05/$0.1) - 2024/07/08 11:00:48
Table 'NLHRed48' 6-max Seat #3 is the button
Seat 1: Hero ($10 in chips)
Seat 2: 504c4223 ($9.55 in chips)
Seat 3: cf6670bd ($12.13 in chips)
Seat 4: f0005781 ($9.05 in chips)
Seat 5: 4bdf5ca7 ($10 in chips)
Seat 6: 28de5dba ($10 in chips)
f0005781: posts small blind $0.05
4bdf5ca7: posts big blind $0.1
*** HOLE CARDS ***
Dealt to Hero [Tc Ts]
Dealt to 504c4223 
Dealt to cf6670bd 
Dealt to f0005781 
Dealt to 4bdf5ca7 
Dealt to 28de5dba 
28de5dba: folds
Hero: raises $0.1 to $0.2
504c4223: folds
cf6670bd: folds
f0005781: calls $0.15
4bdf5ca7: folds
*** FLOP *** [7c 2d 9d]
f0005781: checks
Hero: bets $0.4
f0005781: calls $0.4
*** TURN *** [7c 2d 9d] [Qc]
f0005781: checks
Hero: bets $0.8
f0005781: folds
Uncalled bet ($0.8) returned to Hero
*** SHOWDOWN ***
Hero collected $1.24 from pot
*** SUMMARY ***
Total pot $1.3 | Rake $0.06 | Jackpot $0 | Bingo $0 | Fortune $0 | Tax $0
Board [7c 2d 9d Qc]
Seat 1: Hero won ($1.24)
Seat 2: 504c4223 folded before Flop (didn't bet)
Seat 3: cf6670bd (button) folded before Flop (didn't bet)
Seat 4: f0005781 (small blind) folded on the Turn
Seat 5: 4bdf5ca7 (big blind) folded before Flop
Seat 6: 28de5dba folded before Flop (didn't bet)


Poker Hand #HD1847989093: Hold'em No Limit ($0.05/$0.1) - 2024/07/08 11:00:03
Table 'NLHRed48' 6-max Seat #2 is the button
Seat 1: Hero ($10 in chips)
Seat 2: 504c4223 ($9.55 in chips)
Seat 3: cf6670bd ($12.18 in chips)
Seat 4: f0005781 ($8.77 in chips)
Seat 6: 28de5dba ($10 in chips)
cf6670bd: posts small blind $0.05
f0005781: posts big blind $0.1
*** HOLE CARDS ***
Dealt to Hero [Kc 3c]
Dealt to 504c4223 
Dealt to cf6670bd 
Dealt to f0005781 
Dealt to 28de5dba 
28de5dba: raises $0.15 to $0.25
Hero: folds
504c4223: folds
cf6670bd: folds
f0005781: calls $0.15
*** FLOP *** [9d 5h 9s]
f0005781: checks
28de5dba: checks
*** TURN *** [9d 5h 9s] [5s]
f0005781: checks
28de5dba: checks
*** RIVER *** [9d 5h 9s 5s] [6s]
f0005781: checks
28de5dba: checks
f0005781: shows [6d Ad] (Pair of Nines and Pair of Sixes)
28de5dba: shows [Qh As] (Pair of Nines and Pair of Fives)
*** SHOWDOWN ***
f0005781 collected $0.53 from pot
*** SUMMARY ***
Total pot $0.55 | Rake $0.02 | Jackpot $0 | Bingo $0 | Fortune $0 | Tax $0
Board [9d 5h 9s 5s 6s]
Seat 1: Hero folded before Flop (didn't bet)
Seat 2: 504c4223 (button) folded before Flop (didn't bet)
Seat 3: cf6670bd (small blind) folded before Flop
Seat 4: f0005781 (big blind) showed [6d Ad] and won ($0.53) with Pair of Nines and Pair of Sixes
Seat 6: 28de5dba showed [Qh As] and lost with Pair of Nines and Pair of Fives


Poker Hand #HD1847989038: Hold'em No Limit ($0.05/$0.1) - 2024/07/08 10:59:30
Table 'NLHRed48' 6-max Seat #1 is the button
Seat 1: Hero ($10 in chips)
Seat 2: 504c4223 ($9.6 in chips)
Seat 3: cf6670bd ($11.41 in chips)
Seat 4: f0005781 ($9.57 in chips)
Seat 6: 28de5dba ($10 in chips)
504c4223: posts small blind $0.05
cf6670bd: posts big blind $0.1
*** HOLE CARDS ***
Dealt to Hero [7s 5d]
Dealt to 504c4223 
Dealt to cf6670bd 
Dealt to f0005781 
Dealt to 28de5dba 
f0005781: raises $0.15 to $0.25
28de5dba: folds
Hero: folds
504c4223: folds
cf6670bd: raises $0.55 to $0.8
f0005781: calls $0.55
*** FLOP *** [4c 4s 8c]
cf6670bd: bets $0.55
f0005781: folds
Uncalled bet ($0.55) returned to cf6670bd
*** SHOWDOWN ***
cf6670bd collected $1.57 from pot
*** SUMMARY ***
Total pot $1.65 | Rake $0.08 | Jackpot $0 | Bingo $0 | Fortune $0 | Tax $0
Board [4c 4s 8c]
Seat 1: Hero (button) folded before Flop (didn't bet)
Seat 2: 504c4223 (small blind) folded before Flop
Seat 3: cf6670bd (big blind) won ($1.57)
Seat 4: f0005781 folded on the Flop
Seat 6: 28de5dba folded before Flop (didn't bet)


Poker Hand #HD1847989025: Hold'em No Limit ($0.05/$0.1) - 2024/07/08 10:59:16
Table 'NLHRed48' 6-max Seat #6 is the button
Seat 1: Hero ($10 in chips)
Seat 2: 504c4223 ($9.7 in chips)
Seat 3: cf6670bd ($11.41 in chips)
Seat 4: f0005781 ($9.42 in chips)
Seat 6: 28de5dba ($10 in chips)
Hero: posts small blind $0.05
504c4223: posts big blind $0.1
*** HOLE CARDS ***
Dealt to Hero [7d Qc]
Dealt to 504c4223 
Dealt to cf6670bd 
Dealt to f0005781 
Dealt to 28de5dba 
cf6670bd: folds
f0005781: raises $0.15 to $0.25
28de5dba: folds
Hero: folds
504c4223: folds
Uncalled bet ($0.15) returned to f0005781
*** SHOWDOWN ***
f0005781 collected $0.25 from pot
*** SUMMARY ***
Total pot $0.25 | Rake $0 | Jackpot $0 | Bingo $0 | Fortune $0 | Tax $0
Seat 1: Hero (small blind) folded before Flop
Seat 2: 504c4223 (big blind) folded before Flop
Seat 3: cf6670bd folded before Flop (didn't bet)
Seat 4: f0005781 collected ($0.25)
Seat 6: 28de5dba (button) folded before Flop (didn't bet)


Poker Hand #HD1847988887: Hold'em No Limit ($0.05/$0.1) - 2024/07/08 10:57:57
Table 'NLHRed48' 6-max Seat #4 is the button
Seat 1: Hero ($11.04 in chips)
Seat 2: 504c4223 ($9.7 in chips)
Seat 3: cf6670bd ($10.23 in chips)
Seat 4: f0005781 ($9.42 in chips)
Seat 6: 28de5dba ($9.9 in chips)
28de5dba: posts small blind $0.05
Hero: posts big blind $0.1
*** HOLE CARDS ***
Dealt to Hero [Jd 8d]
Dealt to 504c4223 
Dealt to cf6670bd 
Dealt to f0005781 
Dealt to 28de5dba 
504c4223: folds
cf6670bd: raises $0.1 to $0.2
f0005781: folds
28de5dba: calls $0.15
Hero: calls $0.1
*** FLOP *** [Ts Qs 5s]
28de5dba: checks
Hero: checks
cf6670bd: bets $0.3
28de5dba: folds
Hero: raises $0.6 to $0.9
cf6670bd: calls $0.6
*** TURN *** [Ts Qs 5s] [As]
Hero: checks
cf6670bd: checks
*** RIVER *** [Ts Qs 5s As] [9d]
Hero: checks
cf6670bd: bets $2.4
Hero: folds
Uncalled bet ($2.4) returned to cf6670bd
*** SHOWDOWN ***
cf6670bd collected $2.28 from pot
*** SUMMARY ***
Total pot $2.4 | Rake $0.12 | Jackpot $0 | Bingo $0 | Fortune $0 | Tax $0
Board [Ts Qs 5s As 9d]
Seat 1: Hero (big blind) folded on the River
Seat 2: 504c4223 folded before Flop (didn't bet)
Seat 3: cf6670bd won ($2.28)
Seat 4: f0005781 (button) folded before Flop (didn't bet)
Seat 6: 28de5dba (small blind) folded on the Flop


Poker Hand #HD1847988816: Hold'em No Limit ($0.05/$0.1) - 2024/07/08 10:57:10
Table 'NLHRed48' 6-max Seat #3 is the button
Seat 1: Hero ($11.04 in chips)
Seat 2: 504c4223 ($9.7 in chips)
Seat 3: cf6670bd ($10.04 in chips)
Seat 4: f0005781 ($9.52 in chips)
Seat 6: 28de5dba ($10 in chips)
f0005781: posts small blind $0.05
28de5dba: posts big blind $0.1
*** HOLE CARDS ***
Dealt to Hero [Ad 4h]
Dealt to 504c4223 
Dealt to cf6670bd 
Dealt to f0005781 
Dealt to 28de5dba 
Hero: folds
504c4223: folds
cf6670bd: calls $0.1
f0005781: calls $0.05
28de5dba: checks
*** FLOP *** [7h Ks 9d]
f0005781: checks
28de5dba: checks
cf6670bd: bets $0.23
f0005781: folds
28de5dba: folds
Uncalled bet ($0.23) returned to cf6670bd
*** SHOWDOWN ***
cf6670bd collected $0.29 from pot
*** SUMMARY ***
Total pot $0.3 | Rake $0.01 | Jackpot $0 | Bingo $0 | Fortune $0 | Tax $0
Board [7h Ks 9d]
Seat 1: Hero folded before Flop (didn't bet)
Seat 2: 504c4223 folded before Flop (didn't bet)
Seat 3: cf6670bd (button) won ($0.29)
Seat 4: f0005781 (small blind) folded on the Flop
Seat 6: 28de5dba (big blind) folded on the Flop


Poker Hand #HD1847988767: Hold'em No Limit ($0.05/$0.1) - 2024/07/08 10:56:40
Table 'NLHRed48' 6-max Seat #2 is the button
Seat 1: Hero ($10.72 in chips)
Seat 2: 504c4223 ($9.7 in chips)
Seat 3: cf6670bd ($10.28 in chips)
Seat 4: f0005781 ($9.62 in chips)
Seat 5: ecb3c868 ($11.88 in chips)
cf6670bd: posts small blind $0.05
f0005781: posts big blind $0.1
*** HOLE CARDS ***
Dealt to Hero [Kh Ad]
Dealt to 504c4223 
Dealt to cf6670bd 
Dealt to f0005781 
Dealt to ecb3c868 
ecb3c868: folds
Hero: raises $0.14 to $0.24
504c4223: folds
cf6670bd: calls $0.19
f0005781: folds
*** FLOP *** [Ah 8c 5c]
cf6670bd: checks
Hero: bets $0.3
cf6670bd: folds
Uncalled bet ($0.3) returned to Hero
*** SHOWDOWN ***
Hero collected $0.56 from pot
*** SUMMARY ***
Total pot $0.58 | Rake $0.02 | Jackpot $0 | Bingo $0 | Fortune $0 | Tax $0
Board [Ah 8c 5c]
Seat 1: Hero won ($0.56)
Seat 2: 504c4223 (button) folded before Flop (didn't bet)
Seat 3: cf6670bd (small blind) folded on the Flop
Seat 4: f0005781 (big blind) folded before Flop
Seat 5: ecb3c868 folded before Flop (didn't bet)


Poker Hand #HD1847988707: Hold'em No Limit ($0.05/$0.1) - 2024/07/08 10:56:07
Table 'NLHRed48' 6-max Seat #1 is the button
Seat 1: Hero ($10.72 in chips)
Seat 2: 504c4223 ($9.75 in chips)
Seat 3: cf6670bd ($10 in chips)
Seat 4: f0005781 ($9.87 in chips)
Seat 5: ecb3c868 ($11.88 in chips)
504c4223: posts small blind $0.05
cf6670bd: posts big blind $0.1
*** HOLE CARDS ***
Dealt to Hero [4d 3s]
Dealt to 504c4223 
Dealt to cf6670bd 
Dealt to f0005781 
Dealt to ecb3c868 
f0005781: raises $0.15 to $0.25
ecb3c868: folds
Hero: folds
504c4223: folds
cf6670bd: raises $0.85 to $1.1
f0005781: folds
Uncalled bet ($0.85) returned to cf6670bd
*** SHOWDOWN ***
cf6670bd collected $0.53 from pot
*** SUMMARY ***
Total pot $0.55 | Rake $0.02 | Jackpot $0 | Bingo $0 | Fortune $0 | Tax $0
Seat 1: Hero (button) folded before Flop (didn't bet)
Seat 2: 504c4223 (small blind) folded before Flop
Seat 3: cf6670bd (big blind) collected ($0.53)
Seat 4: f0005781 folded before Flop
Seat 5: ecb3c868 folded before Flop (didn't bet)


Poker Hand #HD1847988654: Hold'em No Limit ($0.05/$0.1) - 2024/07/08 10:55:29
Table 'NLHRed48' 6-max Seat #5 is the button
Seat 1: Hero ($10.77 in chips)
Seat 2: 504c4223 ($9.22 in chips)
Seat 4: f0005781 ($10.4 in chips)
Seat 5: ecb3c868 ($11.88 in chips)
Hero: posts small blind $0.05
504c4223: posts big blind $0.1
*** HOLE CARDS ***
Dealt to Hero [Ts 2h]
Dealt to 504c4223 
Dealt to f0005781 
Dealt to ecb3c868 
f0005781: raises $0.15 to $0.25
ecb3c868: folds
Hero: folds
504c4223: calls $0.15
*** FLOP *** [7d 6c 8c]
504c4223: checks
f0005781: bets $0.28
504c4223: calls $0.28
*** TURN *** [7d 6c 8c] [Kd]
504c4223: checks
f0005781: checks
*** RIVER *** [7d 6c 8c Kd] [3h]
504c4223: bets $0.78
f0005781: folds
Uncalled bet ($0.78) returned to 504c4223
*** SHOWDOWN ***
504c4223 collected $1.06 from pot
*** SUMMARY ***
Total pot $1.11 | Rake $0.05 | Jackpot $0 | Bingo $0 | Fortune $0 | Tax $0
Board [7d 6c 8c Kd 3h]
Seat 1: Hero (small blind) folded before Flop
Seat 2: 504c4223 (big blind) won ($1.06)
Seat 4: f0005781 folded on the River
Seat 5: ecb3c868 (button) folded before Flop (didn't bet)


Poker Hand #HD1847988620: Hold'em No Limit ($0.05/$0.1) - 2024/07/08 10:55:13
Table 'NLHRed48' 6-max Seat #4 is the button
Seat 1: Hero ($10.87 in chips)
Seat 2: 504c4223 ($9.07 in chips)
Seat 3: 8cd8f4c2 ($10 in chips)
Seat 4: f0005781 ($10.4 in chips)
Seat 5: ecb3c868 ($11.93 in chips)
ecb3c868: posts small blind $0.05
Hero: posts big blind $0.1
*** HOLE CARDS ***
Dealt to Hero [7d 4h]
Dealt to 504c4223 
Dealt to 8cd8f4c2 
Dealt to f0005781 
Dealt to ecb3c868 
504c4223: raises $0.15 to $0.25
8cd8f4c2: folds
f0005781: folds
ecb3c868: folds
Hero: folds
Uncalled bet ($0.15) returned to 504c4223
*** SHOWDOWN ***
504c4223 collected $0.25 from pot
*** SUMMARY ***
Total pot $0.25 | Rake $0 | Jackpot $0 | Bingo $0 | Fortune $0 | Tax $0
Seat 1: Hero (big blind) folded before Flop
Seat 2: 504c4223 collected ($0.25)
Seat 3: 8cd8f4c2 folded before Flop (didn't bet)
Seat 4: f0005781 (button) folded before Flop (didn't bet)
Seat 5: ecb3c868 (small blind) folded before Flop


Poker Hand #HD1847988582: Hold'em No Limit ($0.05/$0.1) - 2024/07/08 10:54:55
Table 'NLHRed48' 6-max Seat #3 is the button
Seat 1: Hero ($10.87 in chips)
Seat 2: 504c4223 ($9.07 in chips)
Seat 3: 8cd8f4c2 ($10 in chips)
Seat 4: f0005781 ($10.45 in chips)
Seat 5: ecb3c868 ($11.88 in chips)
Seat 6: 8525b58b ($8.78 in chips)
f0005781: posts small blind $0.05
ecb3c868: posts big blind $0.1
*** HOLE CARDS ***
Dealt to Hero [2d Kd]
Dealt to 504c4223 
Dealt to 8cd8f4c2 
Dealt to f0005781 
Dealt to ecb3c868 
Dealt to 8525b58b 
8525b58b: folds
Hero: folds
504c4223: folds
8cd8f4c2: folds
f0005781: folds
Uncalled bet ($0.05) returned to ecb3c868
*** SHOWDOWN ***
ecb3c868 collected $0.1 from pot
*** SUMMARY ***
Total pot $0.1 | Rake $0 | Jackpot $0 | Bingo $0 | Fortune $0 | Tax $0
Seat 1: Hero folded before Flop (didn't bet)
Seat 2: 504c4223 folded before Flop (didn't bet)
Seat 3: 8cd8f4c2 (button) folded before Flop (didn't bet)
Seat 4: f0005781 (small blind) folded before Flop
Seat 5: ecb3c868 (big blind) collected ($0.1)
Seat 6: 8525b58b folded before Flop (didn't bet)


Poker Hand #HD1847988565: Hold'em No Limit ($0.05/$0.1) - 2024/07/08 10:54:43
Table 'NLHRed48' 6-max Seat #2 is the button
Seat 1: Hero ($10.87 in chips)
Seat 2: 504c4223 ($9.07 in chips)
Seat 3: 8cd8f4c2 ($10 in chips)
Seat 4: f0005781 ($10.4 in chips)
Seat 5: ecb3c868 ($11.88 in chips)
Seat 6: 8525b58b ($8.78 in chips)
8cd8f4c2: posts small blind $0.05
f0005781: posts big blind $0.1
*** HOLE CARDS ***
Dealt to Hero [Th 6d]
Dealt to 504c4223 
Dealt to 8cd8f4c2 
Dealt to f0005781 
Dealt to ecb3c868 
Dealt to 8525b58b 
ecb3c868: folds
8525b58b: folds
Hero: folds
504c4223: folds
8cd8f4c2: folds
Uncalled bet ($0.05) returned to f0005781
*** SHOWDOWN ***
f0005781 collected $0.1 from pot
*** SUMMARY ***
Total pot $0.1 | Rake $0 | Jackpot $0 | Bingo $0 | Fortune $0 | Tax $0
Seat 1: Hero folded before Flop (didn't bet)
Seat 2: 504c4223 (button) folded before Flop (didn't bet)
Seat 3: 8cd8f4c2 (small blind) folded before Flop
Seat 4: f0005781 (big blind) collected ($0.1)
Seat 5: ecb3c868 folded before Flop (didn't bet)
Seat 6: 8525b58b folded before Flop (didn't bet)


Poker Hand #HD1847988450: Hold'em No Limit ($0.05/$0.1) - 2024/07/08 10:53:39
Table 'NLHRed48' 6-max Seat #1 is the button
Seat 1: Hero ($10 in chips)
Seat 2: 504c4223 ($9.12 in chips)
Seat 3: 8cd8f4c2 ($10 in chips)
Seat 4: f0005781 ($10.4 in chips)
Seat 5: ecb3c868 ($12.68 in chips)
Seat 6: 8525b58b ($8.78 in chips)
504c4223: posts small blind $0.05
8cd8f4c2: posts big blind $0.1
*** HOLE CARDS ***
Dealt to Hero [Td Kd]
Dealt to 504c4223 
Dealt to 8cd8f4c2 
Dealt to f0005781 
Dealt to ecb3c868 
Dealt to 8525b58b 
f0005781: folds
ecb3c868: calls $0.1
8525b58b: folds
Hero: raises $0.2 to $0.3
504c4223: folds
8cd8f4c2: folds
ecb3c868: calls $0.2
*** FLOP *** [7h Js Qh]
ecb3c868: checks
Hero: bets $0.5
ecb3c868: calls $0.5
*** TURN *** [7h Js Qh] [Qd]
ecb3c868: checks
Hero: bets $1.2
ecb3c868: folds
Uncalled bet ($1.2) returned to Hero
*** SHOWDOWN ***
Hero collected $1.67 from pot
*** SUMMARY ***
Total pot $1.75 | Rake $0.08 | Jackpot $0 | Bingo $0 | Fortune $0 | Tax $0
Board [7h Js Qh Qd]
Seat 1: Hero (button) won ($1.67)
Seat 2: 504c4223 (small blind) folded before Flop
Seat 3: 8cd8f4c2 (big blind) folded before Flop
Seat 4: f0005781 folded before Flop (didn't bet)
Seat 5: ecb3c868 folded on the Turn
Seat 6: 8525b58b folded before Flop (didn't bet)


Poker Hand #HD1847988388: Hold'em No Limit ($0.05/$0.1) - 2024/07/08 10:53:00
Table 'NLHRed48' 6-max Seat #6 is the button
Seat 1: Hero ($10 in chips)
Seat 2: 504c4223 ($9.22 in chips)
Seat 3: 8cd8f4c2 ($10.14 in chips)
Seat 4: f0005781 ($10.4 in chips)
Seat 5: ecb3c868 ($12.26 in chips)
Seat 6: 8525b58b ($8.78 in chips)
Hero: posts small blind $0.05
504c4223: posts big blind $0.1
*** HOLE CARDS ***
Dealt to Hero [Qc 2c]
Dealt to 504c4223 
Dealt to 8cd8f4c2 
Dealt to f0005781 
Dealt to ecb3c868 
Dealt to 8525b58b 
8cd8f4c2: raises $0.2 to $0.3
f0005781: folds
ecb3c868: calls $0.3
8525b58b: folds
Hero: folds
504c4223: folds
*** FLOP *** [8s 3d 2d]
8cd8f4c2: checks
ecb3c868: checks
*** TURN *** [8s 3d 2d] [Ts]
8cd8f4c2: checks
ecb3c868: bets $0.25
8cd8f4c2: folds
Uncalled bet ($0.25) returned to ecb3c868
*** SHOWDOWN ***
ecb3c868 collected $0.72 from pot
*** SUMMARY ***
Total pot $0.75 | Rake $0.03 | Jackpot $0 | Bingo $0 | Fortune $0 | Tax $0
Board [8s 3d 2d Ts]
Seat 1: Hero (small blind) folded before Flop
Seat 2: 504c4223 (big blind) folded before Flop
Seat 3: 8cd8f4c2 folded on the Turn
Seat 4: f0005781 folded before Flop (didn't bet)
Seat 5: ecb3c868 won ($0.72)
Seat 6: 8525b58b (button) folded before Flop (didn't bet)


Poker Hand #HD1847988353: Hold'em No Limit ($0.05/$0.1) - 2024/07/08 10:52:42
Table 'NLHRed48' 6-max Seat #5 is the button
Seat 1: Hero ($10 in chips)
Seat 2: 504c4223 ($9.22 in chips)
Seat 3: 8cd8f4c2 ($10.14 in chips)
Seat 4: f0005781 ($10.4 in chips)
Seat 5: ecb3c868 ($12.26 in chips)
Seat 6: 8525b58b ($8.68 in chips)
8525b58b: posts small blind $0.05
Hero: posts big blind $0.1
*** HOLE CARDS ***
Dealt to Hero [8c 6s]
Dealt to 504c4223 
Dealt to 8cd8f4c2 
Dealt to f0005781 
Dealt to ecb3c868 
Dealt to 8525b58b 
504c4223: folds
8cd8f4c2: folds
f0005781: folds
ecb3c868: folds
8525b58b: raises $0.2 to $0.3
Hero: folds
Uncalled bet ($0.2) returned to 8525b58b
*** SHOWDOWN ***
8525b58b collected $0.2 from pot
*** SUMMARY ***
Total pot $0.2 | Rake $0 | Jackpot $0 | Bingo $0 | Fortune $0 | Tax $0
Seat 1: Hero (big blind) folded before Flop
Seat 2: 504c4223 folded before Flop (didn't bet)
Seat 3: 8cd8f4c2 folded before Flop (didn't bet)
Seat 4: f0005781 folded before Flop (didn't bet)
Seat 5: ecb3c868 (button) folded before Flop (didn't bet)
Seat 6: 8525b58b (small blind) collected ($0.2)


Poker Hand #HD1847988299: Hold'em No Limit ($0.05/$0.1) - 2024/07/08 10:52:05
Table 'NLHRed48' 6-max Seat #4 is the button
Seat 1: Hero ($10 in chips)
Seat 2: 504c4223 ($10.02 in chips)
Seat 3: 8cd8f4c2 ($10.14 in chips)
Seat 4: f0005781 ($10.4 in chips)
Seat 5: ecb3c868 ($12.31 in chips)
Seat 6: 8525b58b ($7.91 in chips)
ecb3c868: posts small blind $0.05
8525b58b: posts big blind $0.1
*** HOLE CARDS ***
Dealt to Hero [5s Ks]
Dealt to 504c4223 
Dealt to 8cd8f4c2 
Dealt to f0005781 
Dealt to ecb3c868 
Dealt to 8525b58b 
Hero: folds
504c4223: raises $0.15 to $0.25
8cd8f4c2: folds
f0005781: folds
ecb3c868: folds
8525b58b: raises $0.55 to $0.8
504c4223: calls $0.55
*** FLOP *** [Ah 3s 8s]
8525b58b: bets $0.83
504c4223: folds
Uncalled bet ($0.83) returned to 8525b58b
*** SHOWDOWN ***
8525b58b collected $1.57 from pot
*** SUMMARY ***
Total pot $1.65 | Rake $0.08 | Jackpot $0 | Bingo $0 | Fortune $0 | Tax $0
Board [Ah 3s 8s]
Seat 1: Hero folded before Flop (didn't bet)
Seat 2: 504c4223 folded on the Flop
Seat 3: 8cd8f4c2 folded before Flop (didn't bet)
Seat 4: f0005781 (button) folded before Flop (didn't bet)
Seat 5: ecb3c868 (small blind) folded before Flop
Seat 6: 8525b58b (big blind) won ($1.57)


Poker Hand #HD1847988258: Hold'em No Limit ($0.05/$0.1) - 2024/07/08 10:51:39
Table 'NLHRed48' 6-max Seat #3 is the button
Seat 1: Hero ($10 in chips)
Seat 2: 504c4223 ($10.02 in chips)
Seat 3: 8cd8f4c2 ($10.14 in chips)
Seat 4: f0005781 ($10.45 in chips)
Seat 5: ecb3c868 ($12.61 in chips)
Seat 6: 8525b58b ($7.59 in chips)
f0005781: posts small blind $0.05
ecb3c868: posts big blind $0.1
*** HOLE CARDS ***
Dealt to Hero [5d 9d]
Dealt to 504c4223 
Dealt to 8cd8f4c2 
Dealt to f0005781 
Dealt to ecb3c868 
Dealt to 8525b58b 
8525b58b: raises $0.2 to $0.3
Hero: folds
504c4223: folds
8cd8f4c2: folds
f0005781: folds
ecb3c868: calls $0.2
*** FLOP *** [4h 4d Qc]
ecb3c868: checks
8525b58b: bets $0.33
ecb3c868: folds
Uncalled bet ($0.33) returned to 8525b58b
*** SHOWDOWN ***
8525b58b collected $0.62 from pot
*** SUMMARY ***
Total pot $0.65 | Rake $0.03 | Jackpot $0 | Bingo $0 | Fortune $0 | Tax $0
Board [4h 4d Qc]
Seat 1: Hero folded before Flop (didn't bet)
Seat 2: 504c4223 folded before Flop (didn't bet)
Seat 3: 8cd8f4c2 (button) folded before Flop (didn't bet)
Seat 4: f0005781 (small blind) folded before Flop
Seat 5: ecb3c868 (big blind) folded on the Flop
Seat 6: 8525b58b won ($0.62)


Poker Hand #HD1847988197: Hold'em No Limit ($0.05/$0.1) - 2024/07/08 10:50:58
Table 'NLHRed48' 6-max Seat #2 is the button
Seat 1: Hero ($10 in chips)
Seat 2: 504c4223 ($10.02 in chips)
Seat 3: 8cd8f4c2 ($10.19 in chips)
Seat 4: f0005781 ($10.8 in chips)
Seat 5: ecb3c868 ($12.24 in chips)
Seat 6: 8525b58b ($7.59 in chips)
8cd8f4c2: posts small blind $0.05
f0005781: posts big blind $0.1
*** HOLE CARDS ***
Dealt to Hero [4h 6s]
Dealt to 504c4223 
Dealt to 8cd8f4c2 
Dealt to f0005781 
Dealt to ecb3c868 
Dealt to 8525b58b 
ecb3c868: calls $0.1
8525b58b: folds
Hero: folds
504c4223: folds
8cd8f4c2: folds
f0005781: checks
*** FLOP *** [Jc Ts 5c]
f0005781: checks
ecb3c868: bets $0.1
f0005781: calls $0.1
*** TURN *** [Jc Ts 5c] [4d]
f0005781: checks
ecb3c868: bets $0.15
f0005781: calls $0.15
*** RIVER *** [Jc Ts 5c 4d] [9h]
f0005781: checks
ecb3c868: bets $0.6
f0005781: folds
Uncalled bet ($0.6) returned to ecb3c868
*** SHOWDOWN ***
ecb3c868 collected $0.72 from pot
*** SUMMARY ***
Total pot $0.75 | Rake $0.03 | Jackpot $0 | Bingo $0 | Fortune $0 | Tax $0
Board [Jc Ts 5c 4d 9h]
Seat 1: Hero folded before Flop (didn't bet)
Seat 2: 504c4223 (button) folded before Flop (didn't bet)
Seat 3: 8cd8f4c2 (small blind) folded before Flop
Seat 4: f0005781 (big blind) folded on the River
Seat 5: ecb3c868 won ($0.72)
Seat 6: 8525b58b folded before Flop (didn't bet)


Poker Hand #HD1847988138: Hold'em No Limit ($0.05/$0.1) - 2024/07/08 10:50:25
Table 'NLHRed48' 6-max Seat #1 is the button
Seat 1: Hero ($10 in chips)
Seat 2: 504c4223 ($10.12 in chips)
Seat 3: 8cd8f4c2 ($10 in chips)
Seat 4: f0005781 ($10.8 in chips)
Seat 5: ecb3c868 ($12.34 in chips)
Seat 6: 8525b58b ($7.59 in chips)
504c4223: posts small blind $0.05
8cd8f4c2: posts big blind $0.1
*** HOLE CARDS ***
Dealt to Hero [Kc 6c]
Dealt to 504c4223 
Dealt to 8cd8f4c2 
Dealt to f0005781 
Dealt to ecb3c868 
Dealt to 8525b58b 
f0005781: folds
ecb3c868: calls $0.1
8525b58b: folds
Hero: folds
504c4223: calls $0.05
8cd8f4c2: raises $0.5 to $0.6
ecb3c868: folds
504c4223: folds
Uncalled bet ($0.5) returned to 8cd8f4c2
*** SHOWDOWN ***
8cd8f4c2 collected $0.29 from pot
*** SUMMARY ***
Total pot $0.3 | Rake $0.01 | Jackpot $0 | Bingo $0 | Fortune $0 | Tax $0
Seat 1: Hero (button) folded before Flop (didn't bet)
Seat 2: 504c4223 (small blind) folded before Flop
Seat 3: 8cd8f4c2 (big blind) collected ($0.29)
Seat 4: f0005781 folded before Flop (didn't bet)
Seat 5: ecb3c868 folded before Flop
Seat 6: 8525b58b folded before Flop (didn't bet)


Poker Hand #HD1847988121: Hold'em No Limit ($0.05/$0.1) - 2024/07/08 10:50:16
Table 'NLHRed48' 6-max Seat #6 is the button
Seat 1: Hero ($10 in chips)
Seat 2: 504c4223 ($10.07 in chips)
Seat 4: f0005781 ($10.8 in chips)
Seat 5: ecb3c868 ($12.34 in chips)
Seat 6: 8525b58b ($7.59 in chips)
Hero: posts small blind $0.05
504c4223: posts big blind $0.1
*** HOLE CARDS ***
Dealt to Hero [Jd 6c]
Dealt to 504c4223 
Dealt to f0005781 
Dealt to ecb3c868 
Dealt to 8525b58b 
f0005781: folds
ecb3c868: folds
8525b58b: folds
Hero: folds
Uncalled bet ($0.05) returned to 504c4223
*** SHOWDOWN ***
504c4223 collected $0.1 from pot
*** SUMMARY ***
Total pot $0.1 | Rake $0 | Jackpot $0 | Bingo $0 | Fortune $0 | Tax $0
Seat 1: Hero (small blind) folded before Flop
Seat 2: 504c4223 (big blind) collected ($0.1)
Seat 4: f0005781 folded before Flop (didn't bet)
Seat 5: ecb3c868 folded before Flop (didn't bet)
Seat 6: 8525b58b (button) folded before Flop (didn't bet)


Poker Hand #HD1847988078: Hold'em No Limit ($0.05/$0.1) - 2024/07/08 10:49:39
Table 'NLHRed48' 6-max Seat #5 is the button
Seat 1: Hero ($10 in chips)
Seat 2: 504c4223 ($10.07 in chips)
Seat 4: f0005781 ($10.8 in chips)
Seat 5: ecb3c868 ($11.88 in chips)
Seat 6: 8525b58b ($7.99 in chips)
8525b58b: posts small blind $0.05
Hero: posts big blind $0.1
*** HOLE CARDS ***
Dealt to Hero [3h Js]
Dealt to 504c4223 
Dealt to f0005781 
Dealt to ecb3c868 
Dealt to 8525b58b 
504c4223: folds
f0005781: folds
ecb3c868: calls $0.1
8525b58b: raises $0.3 to $0.4
Hero: folds
ecb3c868: calls $0.3
*** FLOP *** [2d 2h 4d]
8525b58b: checks
ecb3c868: bets $0.3
8525b58b: folds
Uncalled bet ($0.3) returned to ecb3c868
*** SHOWDOWN ***
ecb3c868 collected $0.86 from pot
*** SUMMARY ***
Total pot $0.9 | Rake $0.04 | Jackpot $0 | Bingo $0 | Fortune $0 | Tax $0
Board [2d 2h 4d]
Seat 1: Hero (big blind) folded before Flop
Seat 2: 504c4223 folded before Flop (didn't bet)
Seat 4: f0005781 folded before Flop (didn't bet)
Seat 5: ecb3c868 (button) won ($0.86)
Seat 6: 8525b58b (small blind) folded on the Flop


