Poker Hand #HD1723159320: Hold'em No Limit ($0.02/$0.05) - 2024/04/09 20:42:24
Table 'NLHBlue34' 6-max Seat #6 is the button
Seat 1: d6c3e9fd ($6.76 in chips)
Seat 2: 5989782d ($5.12 in chips)
Seat 3: 5b96f89 ($6.35 in chips)
Seat 4: e4d3bb2c ($5.36 in chips)
Seat 5: 96432e08 ($5.53 in chips)
Seat 6: Hero ($5 in chips)
d6c3e9fd: posts small blind $0.02
5989782d: posts big blind $0.05
*** HOLE CARDS ***
Dealt to d6c3e9fd 
Dealt to 5989782d 
Dealt to 5b96f89 
Dealt to e4d3bb2c 
Dealt to 96432e08 
Dealt to Hero [6c 9c]
5b96f89: raises $0.08 to $0.13
e4d3bb2c: folds
96432e08: raises $0.17 to $0.3
Hero: folds
d6c3e9fd: folds
5989782d: calls $0.25
5b96f89: calls $0.17
*** FLOP *** [8s 7c Th]
5989782d: checks
5b96f89: checks
96432e08: checks
*** TURN *** [8s 7c Th] [2d]
5989782d: checks
5b96f89: checks
96432e08: checks
*** RIVER *** [8s 7c Th 2d] [3d]
5989782d: checks
5b96f89: checks
96432e08: bets $0.46
5989782d: folds
5b96f89: folds
Uncalled bet ($0.46) returned to 96432e08
*** SHOWDOWN ***
96432e08 collected $0.88 from pot
*** SUMMARY ***
Total pot $0.92 | Rake $0.04 | Jackpot $0 | Bingo $0 | Fortune $0 | Tax $0
Board [8s 7c Th 2d 3d]
Seat 1: d6c3e9fd (small blind) folded before Flop
Seat 2: 5989782d (big blind) folded on the River
Seat 3: 5b96f89 folded on the River
Seat 4: e4d3bb2c folded before Flop (didn't bet)
Seat 5: 96432e08 won ($0.88)
Seat 6: Hero (button) folded before Flop (didn't bet)


Poker Hand #HD1723159125: Hold'em No Limit ($0.02/$0.05) - 2024/04/09 20:41:05
Table 'NLHBlue34' 6-max Seat #5 is the button
Seat 1: d6c3e9fd ($6.81 in chips)
Seat 2: 5989782d ($5.12 in chips)
Seat 3: 5b96f89 ($6.35 in chips)
Seat 4: e4d3bb2c ($4.94 in chips)
Seat 5: 96432e08 ($5.92 in chips)
Seat 6: Hero ($5.02 in chips)
Hero: posts small blind $0.02
d6c3e9fd: posts big blind $0.05
*** HOLE CARDS ***
Dealt to d6c3e9fd 
Dealt to 5989782d 
Dealt to 5b96f89 
Dealt to e4d3bb2c 
Dealt to 96432e08 
Dealt to Hero [8d 8h]
5989782d: folds
5b96f89: folds
e4d3bb2c: calls $0.05
96432e08: raises $0.17 to $0.22
Hero: folds
d6c3e9fd: folds
e4d3bb2c: calls $0.17
*** FLOP *** [9c 2h Kd]
e4d3bb2c: checks
96432e08: bets $0.17
e4d3bb2c: calls $0.17
*** TURN *** [9c 2h Kd] [5d]
e4d3bb2c: checks
96432e08: checks
*** RIVER *** [9c 2h Kd 5d] [9s]
e4d3bb2c: bets $1.25
96432e08: folds
Uncalled bet ($1.25) returned to e4d3bb2c
*** SHOWDOWN ***
e4d3bb2c collected $0.81 from pot
*** SUMMARY ***
Total pot $0.85 | Rake $0.04 | Jackpot $0 | Bingo $0 | Fortune $0 | Tax $0
Board [9c 2h Kd 5d 9s]
Seat 1: d6c3e9fd (big blind) folded before Flop
Seat 2: 5989782d folded before Flop (didn't bet)
Seat 3: 5b96f89 folded before Flop (didn't bet)
Seat 4: e4d3bb2c won ($0.81)
Seat 5: 96432e08 (button) folded on the River
Seat 6: Hero (small blind) folded before Flop


Poker Hand #HD1723159095: Hold'em No Limit ($0.02/$0.05) - 2024/04/09 20:40:51
Table 'NLHBlue34' 6-max Seat #4 is the button
Seat 1: d6c3e9fd ($6.74 in chips)
Seat 2: 5989782d ($5.12 in chips)
Seat 3: 5b96f89 ($6.35 in chips)
Seat 4: e4d3bb2c ($4.94 in chips)
Seat 5: 96432e08 ($5.94 in chips)
Seat 6: Hero ($5.07 in chips)
96432e08: posts small blind $0.02
Hero: posts big blind $0.05
*** HOLE CARDS ***
Dealt to d6c3e9fd 
Dealt to 5989782d 
Dealt to 5b96f89 
Dealt to e4d3bb2c 
Dealt to 96432e08 
Dealt to Hero [8h 9d]
d6c3e9fd: raises $0.08 to $0.13
5989782d: folds
5b96f89: folds
e4d3bb2c: folds
96432e08: folds
Hero: folds
Uncalled bet ($0.08) returned to d6c3e9fd
*** SHOWDOWN ***
d6c3e9fd collected $0.12 from pot
*** SUMMARY ***
Total pot $0.12 | Rake $0 | Jackpot $0 | Bingo $0 | Fortune $0 | Tax $0
Seat 1: d6c3e9fd collected ($0.12)
Seat 2: 5989782d folded before Flop (didn't bet)
Seat 3: 5b96f89 folded before Flop (didn't bet)
Seat 4: e4d3bb2c (button) folded before Flop (didn't bet)
Seat 5: 96432e08 (small blind) folded before Flop
Seat 6: Hero (big blind) folded before Flop


Poker Hand #HD1723158963: Hold'em No Limit ($0.02/$0.05) - 2024/04/09 20:39:57
Table 'NLHBlue34' 6-max Seat #3 is the button
Seat 1: d6c3e9fd ($6.74 in chips)
Seat 2: 5989782d ($5.12 in chips)
Seat 3: 5b96f89 ($6.35 in chips)
Seat 4: e4d3bb2c ($4.95 in chips)
Seat 5: 96432e08 ($5.95 in chips)
Seat 6: Hero ($5.07 in chips)
e4d3bb2c: posts small blind $0.02
96432e08: posts big blind $0.05
*** HOLE CARDS ***
Dealt to d6c3e9fd 
Dealt to 5989782d 
Dealt to 5b96f89 
Dealt to e4d3bb2c 
Dealt to 96432e08 
Dealt to Hero [2c 5d]
Hero: folds
d6c3e9fd: folds
5989782d: folds
5b96f89: folds
e4d3bb2c: calls $0.03
96432e08: raises $0.1 to $0.15
e4d3bb2c: calls $0.1
*** FLOP *** [Kc 4h 4s]
e4d3bb2c: bets $0.05
96432e08: calls $0.05
*** TURN *** [Kc 4h 4s] [4c]
e4d3bb2c: bets $0.05
96432e08: calls $0.05
*** RIVER *** [Kc 4h 4s 4c] [Kd]
e4d3bb2c: checks
96432e08: checks
e4d3bb2c: shows [2h 2d] (Fours Full over Kings)
96432e08: shows [5c Jc] (Fours Full over Kings)
*** SHOWDOWN ***
e4d3bb2c collected $0.24 from pot
96432e08 collected $0.24 from pot
*** SUMMARY ***
Total pot $0.5 | Rake $0.02 | Jackpot $0 | Bingo $0 | Fortune $0 | Tax $0
Board [Kc 4h 4s 4c Kd]
Seat 1: d6c3e9fd folded before Flop (didn't bet)
Seat 2: 5989782d folded before Flop (didn't bet)
Seat 3: 5b96f89 (button) folded before Flop (didn't bet)
Seat 4: e4d3bb2c (small blind) showed [2h 2d] and won ($0.24) with Fours Full over Kings
Seat 5: 96432e08 (big blind) showed [5c Jc] and won ($0.24) with Fours Full over Kings
Seat 6: Hero folded before Flop (didn't bet)


Poker Hand #HD1723158906: Hold'em No Limit ($0.02/$0.05) - 2024/04/09 20:39:35
Table 'NLHBlue34' 6-max Seat #2 is the button
Seat 1: d6c3e9fd ($6.74 in chips)
Seat 2: 5989782d ($5.12 in chips)
Seat 3: 5b96f89 ($6.37 in chips)
Seat 4: e4d3bb2c ($5 in chips)
Seat 5: 96432e08 ($5.95 in chips)
Seat 6: Hero ($5 in chips)
5b96f89: posts small blind $0.02
e4d3bb2c: posts big blind $0.05
*** HOLE CARDS ***
Dealt to d6c3e9fd 
Dealt to 5989782d 
Dealt to 5b96f89 
Dealt to e4d3bb2c 
Dealt to 96432e08 
Dealt to Hero [5c Ac]
96432e08: folds
Hero: raises $0.05 to $0.1
d6c3e9fd: folds
5989782d: folds
5b96f89: folds
e4d3bb2c: folds
Uncalled bet ($0.05) returned to Hero
*** SHOWDOWN ***
Hero collected $0.12 from pot
*** SUMMARY ***
Total pot $0.12 | Rake $0 | Jackpot $0 | Bingo $0 | Fortune $0 | Tax $0
Seat 1: d6c3e9fd folded before Flop (didn't bet)
Seat 2: 5989782d (button) folded before Flop (didn't bet)
Seat 3: 5b96f89 (small blind) folded before Flop
Seat 4: e4d3bb2c (big blind) folded before Flop
Seat 5: 96432e08 folded before Flop (didn't bet)
Seat 6: Hero collected ($0.12)


Poker Hand #HD1723158828: Hold'em No Limit ($0.02/$0.05) - 2024/04/09 20:39:03
Table 'NLHBlue34' 6-max Seat #1 is the button
Seat 1: d6c3e9fd ($6.74 in chips)
Seat 2: 5989782d ($5.14 in chips)
Seat 3: 5b96f89 ($6.35 in chips)
Seat 4: e4d3bb2c ($4.85 in chips)
Seat 5: 96432e08 ($5.95 in chips)
Seat 6: Hero ($5 in chips)
5989782d: posts small blind $0.02
5b96f89: posts big blind $0.05
*** HOLE CARDS ***
Dealt to d6c3e9fd 
Dealt to 5989782d 
Dealt to 5b96f89 
Dealt to e4d3bb2c 
Dealt to 96432e08 
Dealt to Hero [Kd 8s]
e4d3bb2c: folds
96432e08: folds
Hero: folds
d6c3e9fd: folds
5989782d: folds
Uncalled bet ($0.03) returned to 5b96f89
*** SHOWDOWN ***
5b96f89 collected $0.04 from pot
*** SUMMARY ***
Total pot $0.04 | Rake $0 | Jackpot $0 | Bingo $0 | Fortune $0 | Tax $0
Seat 1: d6c3e9fd (button) folded before Flop (didn't bet)
Seat 2: 5989782d (small blind) folded before Flop
Seat 3: 5b96f89 (big blind) collected ($0.04)
Seat 4: e4d3bb2c folded before Flop (didn't bet)
Seat 5: 96432e08 folded before Flop (didn't bet)
Seat 6: Hero folded before Flop (didn't bet)


Poker Hand #HD1723158693: Hold'em No Limit ($0.02/$0.05) - 2024/04/09 20:38:07
Table 'NLHBlue34' 6-max Seat #6 is the button
Seat 1: d6c3e9fd ($6.76 in chips)
Seat 2: 5989782d ($5 in chips)
Seat 3: 5b96f89 ($6.35 in chips)
Seat 4: e4d3bb2c ($4.98 in chips)
Seat 5: 96432e08 ($5.95 in chips)
Seat 6: Hero ($5 in chips)
d6c3e9fd: posts small blind $0.02
5989782d: posts big blind $0.05
*** HOLE CARDS ***
Dealt to d6c3e9fd 
Dealt to 5989782d 
Dealt to 5b96f89 
Dealt to e4d3bb2c 
Dealt to 96432e08 
Dealt to Hero [Js 6h]
5b96f89: folds
e4d3bb2c: raises $0.08 to $0.13
96432e08: folds
Hero: folds
d6c3e9fd: folds
5989782d: raises $0.22 to $0.35
e4d3bb2c: folds
Uncalled bet ($0.22) returned to 5989782d
*** SHOWDOWN ***
5989782d collected $0.27 from pot
*** SUMMARY ***
Total pot $0.28 | Rake $0.01 | Jackpot $0 | Bingo $0 | Fortune $0 | Tax $0
Seat 1: d6c3e9fd (small blind) folded before Flop
Seat 2: 5989782d (big blind) collected ($0.27)
Seat 3: 5b96f89 folded before Flop (didn't bet)
Seat 4: e4d3bb2c folded before Flop
Seat 5: 96432e08 folded before Flop (didn't bet)
Seat 6: Hero (button) folded before Flop (didn't bet)


Poker Hand #HD1723158652: Hold'em No Limit ($0.02/$0.05) - 2024/04/09 20:37:49
Table 'NLHBlue34' 6-max Seat #5 is the button
Seat 1: d6c3e9fd ($6.74 in chips)
Seat 3: 5b96f89 ($6.35 in chips)
Seat 4: e4d3bb2c ($4.98 in chips)
Seat 5: 96432e08 ($5.95 in chips)
Seat 6: Hero ($5 in chips)
Hero: posts small blind $0.02
d6c3e9fd: posts big blind $0.05
*** HOLE CARDS ***
Dealt to d6c3e9fd 
Dealt to 5b96f89 
Dealt to e4d3bb2c 
Dealt to 96432e08 
Dealt to Hero [2h Th]
5b96f89: folds
e4d3bb2c: folds
96432e08: folds
Hero: folds
Uncalled bet ($0.03) returned to d6c3e9fd
*** SHOWDOWN ***
d6c3e9fd collected $0.04 from pot
*** SUMMARY ***
Total pot $0.04 | Rake $0 | Jackpot $0 | Bingo $0 | Fortune $0 | Tax $0
Seat 1: d6c3e9fd (big blind) collected ($0.04)
Seat 3: 5b96f89 folded before Flop (didn't bet)
Seat 4: e4d3bb2c folded before Flop (didn't bet)
Seat 5: 96432e08 (button) folded before Flop (didn't bet)
Seat 6: Hero (small blind) folded before Flop


Poker Hand #HD1723158597: Hold'em No Limit ($0.02/$0.05) - 2024/04/09 20:37:29
Table 'NLHBlue34' 6-max Seat #4 is the button
Seat 1: d6c3e9fd ($6.67 in chips)
Seat 3: 5b96f89 ($6.35 in chips)
Seat 4: e4d3bb2c ($4.98 in chips)
Seat 5: 96432e08 ($5.97 in chips)
Seat 6: Hero ($5 in chips)
96432e08: posts small blind $0.02
Hero: posts big blind $0.05
*** HOLE CARDS ***
Dealt to d6c3e9fd 
Dealt to 5b96f89 
Dealt to e4d3bb2c 
Dealt to 96432e08 
Dealt to Hero [8h 4h]
d6c3e9fd: raises $0.08 to $0.13
5b96f89: folds
e4d3bb2c: folds
96432e08: folds
Hero: folds
Uncalled bet ($0.08) returned to d6c3e9fd
*** SHOWDOWN ***
d6c3e9fd collected $0.12 from pot
*** SUMMARY ***
Total pot $0.12 | Rake $0 | Jackpot $0 | Bingo $0 | Fortune $0 | Tax $0
Seat 1: d6c3e9fd collected ($0.12)
Seat 3: 5b96f89 folded before Flop (didn't bet)
Seat 4: e4d3bb2c (button) folded before Flop (didn't bet)
Seat 5: 96432e08 (small blind) folded before Flop
Seat 6: Hero (big blind) folded before Flop


Poker Hand #HD1723158404: Hold'em No Limit ($0.02/$0.05) - 2024/04/09 20:36:05
Table 'NLHBlue34' 6-max Seat #3 is the button
Seat 1: d6c3e9fd ($6.67 in chips)
Seat 3: 5b96f89 ($6.45 in chips)
Seat 4: e4d3bb2c ($4.63 in chips)
Seat 5: 96432e08 ($5.14 in chips)
Seat 6: Hero ($5 in chips)
e4d3bb2c: posts small blind $0.02
96432e08: posts big blind $0.05
*** HOLE CARDS ***
Dealt to d6c3e9fd 
Dealt to 5b96f89 
Dealt to e4d3bb2c 
Dealt to 96432e08 
Dealt to Hero [Jc Tc]
Hero: raises $0.05 to $0.1
d6c3e9fd: folds
5b96f89: calls $0.1
e4d3bb2c: folds
96432e08: calls $0.05
*** FLOP *** [Qs 5d 3c]
96432e08: checks
Hero: checks
5b96f89: checks
*** TURN *** [Qs 5d 3c] [Js]
96432e08: bets $0.24
Hero: calls $0.24
5b96f89: folds
*** RIVER *** [Qs 5d 3c Js] [5c]
96432e08: bets $0.5
Hero: calls $0.5
96432e08: shows [Qh 6h] (Pair of Queens and Pair of Fives)
Hero: shows [Jc Tc] (Pair of Jacks and Pair of Fives)
*** SHOWDOWN ***
96432e08 collected $1.67 from pot
*** SUMMARY ***
Total pot $1.8 | Rake $0.08 | Jackpot $0.05 | Bingo $0 | Fortune $0 | Tax $0
Board [Qs 5d 3c Js 5c]
Seat 1: d6c3e9fd folded before Flop (didn't bet)
Seat 3: 5b96f89 (button) folded on the Turn
Seat 4: e4d3bb2c (small blind) folded before Flop
Seat 5: 96432e08 (big blind) showed [Qh 6h] and won ($1.67) with Pair of Queens and Pair of Fives
Seat 6: Hero showed [Jc Tc] and lost with Pair of Jacks and Pair of Fives


Poker Hand #HD1723158302: Hold'em No Limit ($0.02/$0.05) - 2024/04/09 20:35:18
Table 'NLHBlue34' 6-max Seat #2 is the button
Seat 1: d6c3e9fd ($6.4 in chips)
Seat 2: 3b91ef88 ($5.02 in chips)
Seat 3: 5b96f89 ($6.47 in chips)
Seat 4: e4d3bb2c ($4.9 in chips)
Seat 5: 96432e08 ($5.14 in chips)
Seat 6: Hero ($5 in chips)
5b96f89: posts small blind $0.02
e4d3bb2c: posts big blind $0.05
*** HOLE CARDS ***
Dealt to d6c3e9fd 
Dealt to 3b91ef88 
Dealt to 5b96f89 
Dealt to e4d3bb2c 
Dealt to 96432e08 
Dealt to Hero [Qd 2s]
96432e08: folds
Hero: folds
d6c3e9fd: raises $0.08 to $0.13
3b91ef88: folds
5b96f89: folds
e4d3bb2c: calls $0.08
*** FLOP *** [9h 3c 6s]
e4d3bb2c: checks
d6c3e9fd: bets $0.14
e4d3bb2c: calls $0.14
*** TURN *** [9h 3c 6s] [7h]
e4d3bb2c: checks
d6c3e9fd: bets $0.42
e4d3bb2c: folds
Uncalled bet ($0.42) returned to d6c3e9fd
*** SHOWDOWN ***
d6c3e9fd collected $0.54 from pot
*** SUMMARY ***
Total pot $0.56 | Rake $0.02 | Jackpot $0 | Bingo $0 | Fortune $0 | Tax $0
Board [9h 3c 6s 7h]
Seat 1: d6c3e9fd won ($0.54)
Seat 2: 3b91ef88 (button) folded before Flop (didn't bet)
Seat 3: 5b96f89 (small blind) folded before Flop
Seat 4: e4d3bb2c (big blind) folded on the Turn
Seat 5: 96432e08 folded before Flop (didn't bet)
Seat 6: Hero folded before Flop (didn't bet)


Poker Hand #HD1723158144: Hold'em No Limit ($0.02/$0.05) - 2024/04/09 20:34:05
Table 'NLHBlue34' 6-max Seat #1 is the button
Seat 1: d6c3e9fd ($6.4 in chips)
Seat 2: 3b91ef88 ($5.04 in chips)
Seat 3: 5b96f89 ($5.76 in chips)
Seat 4: e4d3bb2c ($4.95 in chips)
Seat 5: 96432e08 ($5.14 in chips)
Seat 6: Hero ($5.07 in chips)
3b91ef88: posts small blind $0.02
5b96f89: posts big blind $0.05
*** HOLE CARDS ***
Dealt to d6c3e9fd 
Dealt to 3b91ef88 
Dealt to 5b96f89 
Dealt to e4d3bb2c 
Dealt to 96432e08 
Dealt to Hero [Kh Jd]
e4d3bb2c: calls $0.05
96432e08: folds
Hero: raises $0.1 to $0.15
d6c3e9fd: folds
3b91ef88: folds
5b96f89: raises $0.15 to $0.3
e4d3bb2c: folds
Hero: calls $0.15
*** FLOP *** [3s 7d Kc]
5b96f89: bets $0.23
Hero: calls $0.23
*** TURN *** [3s 7d Kc] [2h]
5b96f89: bets $0.23
Hero: calls $0.23
*** RIVER *** [3s 7d Kc 2h] [4h]
5b96f89: checks
Hero: checks
5b96f89: shows [Qs Kd] (Pair of Kings)
Hero: shows [Kh Jd] (Pair of Kings)
*** SHOWDOWN ***
5b96f89 collected $1.47 from pot
*** SUMMARY ***
Total pot $1.59 | Rake $0.07 | Jackpot $0.05 | Bingo $0 | Fortune $0 | Tax $0
Board [3s 7d Kc 2h 4h]
Seat 1: d6c3e9fd (button) folded before Flop (didn't bet)
Seat 2: 3b91ef88 (small blind) folded before Flop
Seat 3: 5b96f89 (big blind) showed [Qs Kd] and won ($1.47) with Pair of Kings
Seat 4: e4d3bb2c folded before Flop
Seat 5: 96432e08 folded before Flop (didn't bet)
Seat 6: Hero showed [Kh Jd] and lost with Pair of Kings


Poker Hand #HD1723158018: Hold'em No Limit ($0.02/$0.05) - 2024/04/09 20:33:09
Table 'NLHBlue34' 6-max Seat #6 is the button
Seat 1: d6c3e9fd ($6.42 in chips)
Seat 2: 3b91ef88 ($4.78 in chips)
Seat 3: 5b96f89 ($5.89 in chips)
Seat 4: e4d3bb2c ($5.08 in chips)
Seat 5: 96432e08 ($5.14 in chips)
Seat 6: Hero ($5.07 in chips)
d6c3e9fd: posts small blind $0.02
3b91ef88: posts big blind $0.05
*** HOLE CARDS ***
Dealt to d6c3e9fd 
Dealt to 3b91ef88 
Dealt to 5b96f89 
Dealt to e4d3bb2c 
Dealt to 96432e08 
Dealt to Hero [3d 9h]
5b96f89: raises $0.08 to $0.13
e4d3bb2c: calls $0.13
96432e08: folds
Hero: folds
d6c3e9fd: folds
3b91ef88: raises $0.47 to $0.6
5b96f89: folds
e4d3bb2c: folds
Uncalled bet ($0.47) returned to 3b91ef88
*** SHOWDOWN ***
3b91ef88 collected $0.39 from pot
*** SUMMARY ***
Total pot $0.41 | Rake $0.02 | Jackpot $0 | Bingo $0 | Fortune $0 | Tax $0
Seat 1: d6c3e9fd (small blind) folded before Flop
Seat 2: 3b91ef88 (big blind) collected ($0.39)
Seat 3: 5b96f89 folded before Flop
Seat 4: e4d3bb2c folded before Flop
Seat 5: 96432e08 folded before Flop (didn't bet)
Seat 6: Hero (button) folded before Flop (didn't bet)


Poker Hand #HD1723157959: Hold'em No Limit ($0.02/$0.05) - 2024/04/09 20:32:41
Table 'NLHBlue34' 6-max Seat #5 is the button
Seat 1: d6c3e9fd ($6.47 in chips)
Seat 2: 3b91ef88 ($4.71 in chips)
Seat 3: 5b96f89 ($5.89 in chips)
Seat 4: e4d3bb2c ($5.08 in chips)
Seat 5: 96432e08 ($5.14 in chips)
Seat 6: Hero ($5.09 in chips)
Hero: posts small blind $0.02
d6c3e9fd: posts big blind $0.05
*** HOLE CARDS ***
Dealt to d6c3e9fd 
Dealt to 3b91ef88 
Dealt to 5b96f89 
Dealt to e4d3bb2c 
Dealt to 96432e08 
Dealt to Hero [2s Qs]
3b91ef88: raises $0.06 to $0.11
5b96f89: folds
e4d3bb2c: folds
96432e08: folds
Hero: folds
d6c3e9fd: folds
Uncalled bet ($0.06) returned to 3b91ef88
*** SHOWDOWN ***
3b91ef88 collected $0.12 from pot
*** SUMMARY ***
Total pot $0.12 | Rake $0 | Jackpot $0 | Bingo $0 | Fortune $0 | Tax $0
Seat 1: d6c3e9fd (big blind) folded before Flop
Seat 2: 3b91ef88 collected ($0.12)
Seat 3: 5b96f89 folded before Flop (didn't bet)
Seat 4: e4d3bb2c folded before Flop (didn't bet)
Seat 5: 96432e08 (button) folded before Flop (didn't bet)
Seat 6: Hero (small blind) folded before Flop


Poker Hand #HD1723157923: Hold'em No Limit ($0.02/$0.05) - 2024/04/09 20:32:25
Table 'NLHBlue34' 6-max Seat #4 is the button
Seat 1: d6c3e9fd ($6.47 in chips)
Seat 2: 3b91ef88 ($4.64 in chips)
Seat 3: 5b96f89 ($5.89 in chips)
Seat 4: e4d3bb2c ($5.08 in chips)
Seat 5: 96432e08 ($5.16 in chips)
Seat 6: Hero ($5.14 in chips)
96432e08: posts small blind $0.02
Hero: posts big blind $0.05
*** HOLE CARDS ***
Dealt to d6c3e9fd 
Dealt to 3b91ef88 
Dealt to 5b96f89 
Dealt to e4d3bb2c 
Dealt to 96432e08 
Dealt to Hero [8c 5s]
d6c3e9fd: folds
3b91ef88: raises $0.06 to $0.11
5b96f89: folds
e4d3bb2c: folds
96432e08: folds
Hero: folds
Uncalled bet ($0.06) returned to 3b91ef88
*** SHOWDOWN ***
3b91ef88 collected $0.12 from pot
*** SUMMARY ***
Total pot $0.12 | Rake $0 | Jackpot $0 | Bingo $0 | Fortune $0 | Tax $0
Seat 1: d6c3e9fd folded before Flop (didn't bet)
Seat 2: 3b91ef88 collected ($0.12)
Seat 3: 5b96f89 folded before Flop (didn't bet)
Seat 4: e4d3bb2c (button) folded before Flop (didn't bet)
Seat 5: 96432e08 (small blind) folded before Flop
Seat 6: Hero (big blind) folded before Flop


Poker Hand #HD1723157822: Hold'em No Limit ($0.02/$0.05) - 2024/04/09 20:31:41
Table 'NLHBlue34' 6-max Seat #3 is the button
Seat 1: d6c3e9fd ($6.47 in chips)
Seat 2: 3b91ef88 ($4.64 in chips)
Seat 3: 5b96f89 ($5.89 in chips)
Seat 4: e4d3bb2c ($4.96 in chips)
Seat 5: 96432e08 ($5.29 in chips)
Seat 6: Hero ($5.14 in chips)
e4d3bb2c: posts small blind $0.02
96432e08: posts big blind $0.05
*** HOLE CARDS ***
Dealt to d6c3e9fd 
Dealt to 3b91ef88 
Dealt to 5b96f89 
Dealt to e4d3bb2c 
Dealt to 96432e08 
Dealt to Hero [5d 6d]
Hero: folds
d6c3e9fd: folds
3b91ef88: folds
5b96f89: folds
e4d3bb2c: raises $0.08 to $0.13
96432e08: calls $0.08
*** FLOP *** [7s Ks 9c]
e4d3bb2c: bets $0.13
96432e08: folds
Uncalled bet ($0.13) returned to e4d3bb2c
*** SHOWDOWN ***
e4d3bb2c collected $0.25 from pot
*** SUMMARY ***
Total pot $0.26 | Rake $0.01 | Jackpot $0 | Bingo $0 | Fortune $0 | Tax $0
Board [7s Ks 9c]
Seat 1: d6c3e9fd folded before Flop (didn't bet)
Seat 2: 3b91ef88 folded before Flop (didn't bet)
Seat 3: 5b96f89 (button) folded before Flop (didn't bet)
Seat 4: e4d3bb2c (small blind) won ($0.25)
Seat 5: 96432e08 (big blind) folded on the Flop
Seat 6: Hero folded before Flop (didn't bet)


Poker Hand #HD1723157779: Hold'em No Limit ($0.02/$0.05) - 2024/04/09 20:31:19
Table 'NLHBlue34' 6-max Seat #2 is the button
Seat 1: d6c3e9fd ($6.47 in chips)
Seat 2: 3b91ef88 ($4.57 in chips)
Seat 3: 5b96f89 ($5.91 in chips)
Seat 4: e4d3bb2c ($5.01 in chips)
Seat 5: 96432e08 ($5.29 in chips)
Seat 6: Hero ($5.14 in chips)
5b96f89: posts small blind $0.02
e4d3bb2c: posts big blind $0.05
*** HOLE CARDS ***
Dealt to d6c3e9fd 
Dealt to 3b91ef88 
Dealt to 5b96f89 
Dealt to e4d3bb2c 
Dealt to 96432e08 
Dealt to Hero [6d 3c]
96432e08: folds
Hero: folds
d6c3e9fd: folds
3b91ef88: raises $0.06 to $0.11
5b96f89: folds
e4d3bb2c: folds
Uncalled bet ($0.06) returned to 3b91ef88
*** SHOWDOWN ***
3b91ef88 collected $0.12 from pot
*** SUMMARY ***
Total pot $0.12 | Rake $0 | Jackpot $0 | Bingo $0 | Fortune $0 | Tax $0
Seat 1: d6c3e9fd folded before Flop (didn't bet)
Seat 2: 3b91ef88 (button) collected ($0.12)
Seat 3: 5b96f89 (small blind) folded before Flop
Seat 4: e4d3bb2c (big blind) folded before Flop
Seat 5: 96432e08 folded before Flop (didn't bet)
Seat 6: Hero folded before Flop (didn't bet)


Poker Hand #HD1723157756: Hold'em No Limit ($0.02/$0.05) - 2024/04/09 20:31:09
Table 'NLHBlue34' 6-max Seat #1 is the button
Seat 1: d6c3e9fd ($6.47 in chips)
Seat 2: 3b91ef88 ($4.59 in chips)
Seat 3: 5b96f89 ($5.89 in chips)
Seat 4: e4d3bb2c ($5.01 in chips)
Seat 5: 96432e08 ($5.29 in chips)
Seat 6: Hero ($5.14 in chips)
3b91ef88: posts small blind $0.02
5b96f89: posts big blind $0.05
*** HOLE CARDS ***
Dealt to d6c3e9fd 
Dealt to 3b91ef88 
Dealt to 5b96f89 
Dealt to e4d3bb2c 
Dealt to 96432e08 
Dealt to Hero [8h Tc]
e4d3bb2c: folds
96432e08: folds
Hero: folds
d6c3e9fd: folds
3b91ef88: folds
Uncalled bet ($0.03) returned to 5b96f89
*** SHOWDOWN ***
5b96f89 collected $0.04 from pot
*** SUMMARY ***
Total pot $0.04 | Rake $0 | Jackpot $0 | Bingo $0 | Fortune $0 | Tax $0
Seat 1: d6c3e9fd (button) folded before Flop (didn't bet)
Seat 2: 3b91ef88 (small blind) folded before Flop
Seat 3: 5b96f89 (big blind) collected ($0.04)
Seat 4: e4d3bb2c folded before Flop (didn't bet)
Seat 5: 96432e08 folded before Flop (didn't bet)
Seat 6: Hero folded before Flop (didn't bet)


Poker Hand #HD1723157712: Hold'em No Limit ($0.02/$0.05) - 2024/04/09 20:30:48
Table 'NLHBlue34' 6-max Seat #6 is the button
Seat 1: d6c3e9fd ($6.42 in chips)
Seat 2: 3b91ef88 ($4.64 in chips)
Seat 3: 5b96f89 ($5.89 in chips)
Seat 4: e4d3bb2c ($5.01 in chips)
Seat 5: 96432e08 ($5.29 in chips)
Seat 6: Hero ($5.14 in chips)
d6c3e9fd: posts small blind $0.02
3b91ef88: posts big blind $0.05
*** HOLE CARDS ***
Dealt to d6c3e9fd 
Dealt to 3b91ef88 
Dealt to 5b96f89 
Dealt to e4d3bb2c 
Dealt to 96432e08 
Dealt to Hero [8d 2h]
5b96f89: folds
e4d3bb2c: folds
96432e08: folds
Hero: folds
d6c3e9fd: raises $0.08 to $0.13
3b91ef88: folds
Uncalled bet ($0.08) returned to d6c3e9fd
*** SHOWDOWN ***
d6c3e9fd collected $0.1 from pot
*** SUMMARY ***
Total pot $0.1 | Rake $0 | Jackpot $0 | Bingo $0 | Fortune $0 | Tax $0
Seat 1: d6c3e9fd (small blind) collected ($0.1)
Seat 2: 3b91ef88 (big blind) folded before Flop
Seat 3: 5b96f89 folded before Flop (didn't bet)
Seat 4: e4d3bb2c folded before Flop (didn't bet)
Seat 5: 96432e08 folded before Flop (didn't bet)
Seat 6: Hero (button) folded before Flop (didn't bet)


Poker Hand #HD1723157596: Hold'em No Limit ($0.02/$0.05) - 2024/04/09 20:30:05
Table 'NLHBlue34' 6-max Seat #5 is the button
Seat 1: d6c3e9fd ($6.57 in chips)
Seat 2: 3b91ef88 ($4.64 in chips)
Seat 3: 5b96f89 ($5.89 in chips)
Seat 4: e4d3bb2c ($5.01 in chips)
Seat 5: 96432e08 ($5.29 in chips)
Seat 6: Hero ($5 in chips)
Hero: posts small blind $0.02
d6c3e9fd: posts big blind $0.05
*** HOLE CARDS ***
Dealt to d6c3e9fd 
Dealt to 3b91ef88 
Dealt to 5b96f89 
Dealt to e4d3bb2c 
Dealt to 96432e08 
Dealt to Hero [5d As]
3b91ef88: folds
5b96f89: folds
e4d3bb2c: folds
96432e08: folds
Hero: raises $0.1 to $0.15
d6c3e9fd: calls $0.1
*** FLOP *** [2c 6c 4c]
Hero: bets $0.1
d6c3e9fd: folds
Uncalled bet ($0.1) returned to Hero
*** SHOWDOWN ***
Hero collected $0.29 from pot
*** SUMMARY ***
Total pot $0.3 | Rake $0.01 | Jackpot $0 | Bingo $0 | Fortune $0 | Tax $0
Board [2c 6c 4c]
Seat 1: d6c3e9fd (big blind) folded on the Flop
Seat 2: 3b91ef88 folded before Flop (didn't bet)
Seat 3: 5b96f89 folded before Flop (didn't bet)
Seat 4: e4d3bb2c folded before Flop (didn't bet)
Seat 5: 96432e08 (button) folded before Flop (didn't bet)
Seat 6: Hero (small blind) won ($0.29)


Poker Hand #HD1723157536: Hold'em No Limit ($0.02/$0.05) - 2024/04/09 20:29:42
Table 'NLHBlue34' 6-max Seat #4 is the button
Seat 1: d6c3e9fd ($6.57 in chips)
Seat 2: 3b91ef88 ($4.57 in chips)
Seat 3: 5b96f89 ($5.89 in chips)
Seat 4: e4d3bb2c ($5.01 in chips)
Seat 5: 96432e08 ($5.31 in chips)
Seat 6: Hero ($5 in chips)
96432e08: posts small blind $0.02
Hero: posts big blind $0.05
*** HOLE CARDS ***
Dealt to d6c3e9fd 
Dealt to 3b91ef88 
Dealt to 5b96f89 
Dealt to e4d3bb2c 
Dealt to 96432e08 
Dealt to Hero [3c Ad]
d6c3e9fd: folds
3b91ef88: raises $0.06 to $0.11
5b96f89: folds
e4d3bb2c: folds
96432e08: folds
Hero: folds
Uncalled bet ($0.06) returned to 3b91ef88
*** SHOWDOWN ***
3b91ef88 collected $0.12 from pot
*** SUMMARY ***
Total pot $0.12 | Rake $0 | Jackpot $0 | Bingo $0 | Fortune $0 | Tax $0
Seat 1: d6c3e9fd folded before Flop (didn't bet)
Seat 2: 3b91ef88 collected ($0.12)
Seat 3: 5b96f89 folded before Flop (didn't bet)
Seat 4: e4d3bb2c (button) folded before Flop (didn't bet)
Seat 5: 96432e08 (small blind) folded before Flop
Seat 6: Hero (big blind) folded before Flop


Poker Hand #HD1723157406: Hold'em No Limit ($0.02/$0.05) - 2024/04/09 20:28:42
Table 'NLHBlue34' 6-max Seat #3 is the button
Seat 1: d6c3e9fd ($6.57 in chips)
Seat 2: 3b91ef88 ($4.67 in chips)
Seat 3: 5b96f89 ($5.59 in chips)
Seat 4: e4d3bb2c ($5.03 in chips)
Seat 5: 96432e08 ($5.41 in chips)
Seat 6: Hero ($5 in chips)
e4d3bb2c: posts small blind $0.02
96432e08: posts big blind $0.05
*** HOLE CARDS ***
Dealt to d6c3e9fd 
Dealt to 3b91ef88 
Dealt to 5b96f89 
Dealt to e4d3bb2c 
Dealt to 96432e08 
Dealt to Hero [Ks Js]
Hero: raises $0.05 to $0.1
d6c3e9fd: folds
3b91ef88: calls $0.1
5b96f89: calls $0.1
e4d3bb2c: folds
96432e08: calls $0.05
*** FLOP *** [Jh As 6h]
96432e08: checks
Hero: checks
3b91ef88: checks
5b96f89: checks
*** TURN *** [Jh As 6h] [7d]
96432e08: checks
Hero: checks
3b91ef88: checks
5b96f89: bets $0.14
96432e08: folds
Hero: folds
3b91ef88: folds
Uncalled bet ($0.14) returned to 5b96f89
*** SHOWDOWN ***
5b96f89 collected $0.4 from pot
*** SUMMARY ***
Total pot $0.42 | Rake $0.02 | Jackpot $0 | Bingo $0 | Fortune $0 | Tax $0
Board [Jh As 6h 7d]
Seat 1: d6c3e9fd folded before Flop (didn't bet)
Seat 2: 3b91ef88 folded on the Turn
Seat 3: 5b96f89 (button) won ($0.4)
Seat 4: e4d3bb2c (small blind) folded before Flop
Seat 5: 96432e08 (big blind) folded on the Turn
Seat 6: Hero folded on the Turn


Poker Hand #HD1723157356: Hold'em No Limit ($0.02/$0.05) - 2024/04/09 20:28:22
Table 'NLHBlue34' 6-max Seat #2 is the button
Seat 1: d6c3e9fd ($6.57 in chips)
Seat 2: 3b91ef88 ($4.67 in chips)
Seat 3: 5b96f89 ($5.54 in chips)
Seat 4: e4d3bb2c ($5.08 in chips)
Seat 5: 96432e08 ($5.41 in chips)
Seat 6: Hero ($5 in chips)
5b96f89: posts small blind $0.02
e4d3bb2c: posts big blind $0.05
*** HOLE CARDS ***
Dealt to d6c3e9fd 
Dealt to 3b91ef88 
Dealt to 5b96f89 
Dealt to e4d3bb2c 
Dealt to 96432e08 
Dealt to Hero [3c Ks]
96432e08: folds
Hero: folds
d6c3e9fd: folds
3b91ef88: folds
5b96f89: raises $0.08 to $0.13
e4d3bb2c: folds
Uncalled bet ($0.08) returned to 5b96f89
*** SHOWDOWN ***
5b96f89 collected $0.1 from pot
*** SUMMARY ***
Total pot $0.1 | Rake $0 | Jackpot $0 | Bingo $0 | Fortune $0 | Tax $0
Seat 1: d6c3e9fd folded before Flop (didn't bet)
Seat 2: 3b91ef88 (button) folded before Flop (didn't bet)
Seat 3: 5b96f89 (small blind) collected ($0.1)
Seat 4: e4d3bb2c (big blind) folded before Flop
Seat 5: 96432e08 folded before Flop (didn't bet)
Seat 6: Hero folded before Flop (didn't bet)


Poker Hand #HD1723157319: Hold'em No Limit ($0.02/$0.05) - 2024/04/09 20:28:04
Table 'NLHBlue34' 6-max Seat #1 is the button
Seat 1: d6c3e9fd ($6.57 in chips)
Seat 2: 3b91ef88 ($4.69 in chips)
Seat 3: 5b96f89 ($5.52 in chips)
Seat 4: e4d3bb2c ($5.08 in chips)
Seat 5: 96432e08 ($5.41 in chips)
Seat 6: Hero ($5 in chips)
3b91ef88: posts small blind $0.02
5b96f89: posts big blind $0.05
*** HOLE CARDS ***
Dealt to d6c3e9fd 
Dealt to 3b91ef88 
Dealt to 5b96f89 
Dealt to e4d3bb2c 
Dealt to 96432e08 
Dealt to Hero [Kc 6h]
e4d3bb2c: folds
96432e08: folds
Hero: folds
d6c3e9fd: folds
3b91ef88: folds
Uncalled bet ($0.03) returned to 5b96f89
*** SHOWDOWN ***
5b96f89 collected $0.04 from pot
*** SUMMARY ***
Total pot $0.04 | Rake $0 | Jackpot $0 | Bingo $0 | Fortune $0 | Tax $0
Seat 1: d6c3e9fd (button) folded before Flop (didn't bet)
Seat 2: 3b91ef88 (small blind) folded before Flop
Seat 3: 5b96f89 (big blind) collected ($0.04)
Seat 4: e4d3bb2c folded before Flop (didn't bet)
Seat 5: 96432e08 folded before Flop (didn't bet)
Seat 6: Hero folded before Flop (didn't bet)


Poker Hand #HD1723157207: Hold'em No Limit ($0.02/$0.05) - 2024/04/09 20:27:14
Table 'NLHBlue34' 6-max Seat #6 is the button
Seat 1: d6c3e9fd ($5.75 in chips)
Seat 2: 3b91ef88 ($4.74 in chips)
Seat 3: 5b96f89 ($5.52 in chips)
Seat 4: e4d3bb2c ($5.08 in chips)
Seat 5: 96432e08 ($5.51 in chips)
Seat 6: Hero ($5.05 in chips)
d6c3e9fd: posts small blind $0.02
3b91ef88: posts big blind $0.05
*** HOLE CARDS ***
Dealt to d6c3e9fd 
Dealt to 3b91ef88 
Dealt to 5b96f89 
Dealt to e4d3bb2c 
Dealt to 96432e08 
Dealt to Hero [Ac Qd]
5b96f89: folds
e4d3bb2c: folds
96432e08: raises $0.05 to $0.1
Hero: raises $0.25 to $0.35
d6c3e9fd: calls $0.33
3b91ef88: folds
96432e08: folds
*** FLOP *** [2c 6s 4h]
d6c3e9fd: checks
Hero: checks
*** TURN *** [2c 6s 4h] [9c]
d6c3e9fd: checks
Hero: bets $0.45
d6c3e9fd: calls $0.45
*** RIVER *** [2c 6s 4h 9c] [Jh]
d6c3e9fd: bets $0.88
Hero: folds
Uncalled bet ($0.88) returned to d6c3e9fd
*** SHOWDOWN ***
d6c3e9fd collected $1.62 from pot
*** SUMMARY ***
Total pot $1.75 | Rake $0.08 | Jackpot $0.05 | Bingo $0 | Fortune $0 | Tax $0
Board [2c 6s 4h 9c Jh]
Seat 1: d6c3e9fd (small blind) won ($1.62)
Seat 2: 3b91ef88 (big blind) folded before Flop
Seat 3: 5b96f89 folded before Flop (didn't bet)
Seat 4: e4d3bb2c folded before Flop (didn't bet)
Seat 5: 96432e08 folded before Flop
Seat 6: Hero (button) folded on the River


Poker Hand #HD1723157160: Hold'em No Limit ($0.02/$0.05) - 2024/04/09 20:26:55
Table 'NLHBlue34' 6-max Seat #5 is the button
Seat 1: d6c3e9fd ($5.73 in chips)
Seat 2: 3b91ef88 ($4.74 in chips)
Seat 3: 5b96f89 ($5.52 in chips)
Seat 4: e4d3bb2c ($5.08 in chips)
Seat 5: 96432e08 ($5.51 in chips)
Seat 6: Hero ($5.07 in chips)
Hero: posts small blind $0.02
d6c3e9fd: posts big blind $0.05
*** HOLE CARDS ***
Dealt to d6c3e9fd 
Dealt to 3b91ef88 
Dealt to 5b96f89 
Dealt to e4d3bb2c 
Dealt to 96432e08 
Dealt to Hero [8c 2d]
3b91ef88: folds
5b96f89: folds
e4d3bb2c: folds
96432e08: folds
Hero: folds
Uncalled bet ($0.03) returned to d6c3e9fd
*** SHOWDOWN ***
d6c3e9fd collected $0.04 from pot
*** SUMMARY ***
Total pot $0.04 | Rake $0 | Jackpot $0 | Bingo $0 | Fortune $0 | Tax $0
Seat 1: d6c3e9fd (big blind) collected ($0.04)
Seat 2: 3b91ef88 folded before Flop (didn't bet)
Seat 3: 5b96f89 folded before Flop (didn't bet)
Seat 4: e4d3bb2c folded before Flop (didn't bet)
Seat 5: 96432e08 (button) folded before Flop (didn't bet)
Seat 6: Hero (small blind) folded before Flop


Poker Hand #HD1723157066: Hold'em No Limit ($0.02/$0.05) - 2024/04/09 20:26:16
Table 'NLHBlue34' 6-max Seat #4 is the button
Seat 1: d6c3e9fd ($5.73 in chips)
Seat 2: 3b91ef88 ($4.74 in chips)
Seat 3: 5b96f89 ($5.38 in chips)
Seat 4: e4d3bb2c ($5.08 in chips)
Seat 5: 96432e08 ($5.53 in chips)
Seat 6: Hero ($5.2 in chips)
96432e08: posts small blind $0.02
Hero: posts big blind $0.05
*** HOLE CARDS ***
Dealt to d6c3e9fd 
Dealt to 3b91ef88 
Dealt to 5b96f89 
Dealt to e4d3bb2c 
Dealt to 96432e08 
Dealt to Hero [Td Kh]
d6c3e9fd: folds
3b91ef88: folds
5b96f89: raises $0.08 to $0.13
e4d3bb2c: folds
96432e08: folds
Hero: calls $0.08
*** FLOP *** [6c Js 2c]
Hero: checks
5b96f89: bets $0.14
Hero: folds
Uncalled bet ($0.14) returned to 5b96f89
*** SHOWDOWN ***
5b96f89 collected $0.27 from pot
*** SUMMARY ***
Total pot $0.28 | Rake $0.01 | Jackpot $0 | Bingo $0 | Fortune $0 | Tax $0
Board [6c Js 2c]
Seat 1: d6c3e9fd folded before Flop (didn't bet)
Seat 2: 3b91ef88 folded before Flop (didn't bet)
Seat 3: 5b96f89 won ($0.27)
Seat 4: e4d3bb2c (button) folded before Flop (didn't bet)
Seat 5: 96432e08 (small blind) folded before Flop
Seat 6: Hero (big blind) folded on the Flop


Poker Hand #HD1723157034: Hold'em No Limit ($0.02/$0.05) - 2024/04/09 20:26:00
Table 'NLHBlue34' 6-max Seat #3 is the button
Seat 1: d6c3e9fd ($5.73 in chips)
Seat 2: 3b91ef88 ($4.74 in chips)
Seat 3: 5b96f89 ($5.38 in chips)
Seat 4: e4d3bb2c ($5.1 in chips)
Seat 5: 96432e08 ($5.51 in chips)
Seat 6: Hero ($5.2 in chips)
e4d3bb2c: posts small blind $0.02
96432e08: posts big blind $0.05
*** HOLE CARDS ***
Dealt to d6c3e9fd 
Dealt to 3b91ef88 
Dealt to 5b96f89 
Dealt to e4d3bb2c 
Dealt to 96432e08 
Dealt to Hero [2s 4c]
Hero: folds
d6c3e9fd: folds
3b91ef88: folds
5b96f89: folds
e4d3bb2c: folds
Uncalled bet ($0.03) returned to 96432e08
*** SHOWDOWN ***
96432e08 collected $0.04 from pot
*** SUMMARY ***
Total pot $0.04 | Rake $0 | Jackpot $0 | Bingo $0 | Fortune $0 | Tax $0
Seat 1: d6c3e9fd folded before Flop (didn't bet)
Seat 2: 3b91ef88 folded before Flop (didn't bet)
Seat 3: 5b96f89 (button) folded before Flop (didn't bet)
Seat 4: e4d3bb2c (small blind) folded before Flop
Seat 5: 96432e08 (big blind) collected ($0.04)
Seat 6: Hero folded before Flop (didn't bet)


Poker Hand #HD1723156991: Hold'em No Limit ($0.02/$0.05) - 2024/04/09 20:25:41
Table 'NLHBlue34' 6-max Seat #2 is the button
Seat 1: d6c3e9fd ($5.73 in chips)
Seat 2: 3b91ef88 ($4.67 in chips)
Seat 3: 5b96f89 ($5.4 in chips)
Seat 4: e4d3bb2c ($5.15 in chips)
Seat 5: 96432e08 ($5.51 in chips)
Seat 6: Hero ($5.2 in chips)
5b96f89: posts small blind $0.02
e4d3bb2c: posts big blind $0.05
*** HOLE CARDS ***
Dealt to d6c3e9fd 
Dealt to 3b91ef88 
Dealt to 5b96f89 
Dealt to e4d3bb2c 
Dealt to 96432e08 
Dealt to Hero [8c Ad]
96432e08: folds
Hero: folds
d6c3e9fd: folds
3b91ef88: raises $0.1 to $0.15
5b96f89: folds
e4d3bb2c: folds
Uncalled bet ($0.1) returned to 3b91ef88
*** SHOWDOWN ***
3b91ef88 collected $0.12 from pot
*** SUMMARY ***
Total pot $0.12 | Rake $0 | Jackpot $0 | Bingo $0 | Fortune $0 | Tax $0
Seat 1: d6c3e9fd folded before Flop (didn't bet)
Seat 2: 3b91ef88 (button) collected ($0.12)
Seat 3: 5b96f89 (small blind) folded before Flop
Seat 4: e4d3bb2c (big blind) folded before Flop
Seat 5: 96432e08 folded before Flop (didn't bet)
Seat 6: Hero folded before Flop (didn't bet)


Poker Hand #HD1723156953: Hold'em No Limit ($0.02/$0.05) - 2024/04/09 20:25:25
Table 'NLHBlue34' 6-max Seat #1 is the button
Seat 1: d6c3e9fd ($5.73 in chips)
Seat 2: 3b91ef88 ($4.62 in chips)
Seat 3: 5b96f89 ($5.45 in chips)
Seat 4: e4d3bb2c ($5.15 in chips)
Seat 5: 96432e08 ($5.51 in chips)
Seat 6: Hero ($5.2 in chips)
3b91ef88: posts small blind $0.02
5b96f89: posts big blind $0.05
*** HOLE CARDS ***
Dealt to d6c3e9fd 
Dealt to 3b91ef88 
Dealt to 5b96f89 
Dealt to e4d3bb2c 
Dealt to 96432e08 
Dealt to Hero [4c Kh]
e4d3bb2c: folds
96432e08: folds
Hero: folds
d6c3e9fd: folds
3b91ef88: raises $0.06 to $0.11
5b96f89: folds
Uncalled bet ($0.06) returned to 3b91ef88
*** SHOWDOWN ***
3b91ef88 collected $0.1 from pot
*** SUMMARY ***
Total pot $0.1 | Rake $0 | Jackpot $0 | Bingo $0 | Fortune $0 | Tax $0
Seat 1: d6c3e9fd (button) folded before Flop (didn't bet)
Seat 2: 3b91ef88 (small blind) collected ($0.1)
Seat 3: 5b96f89 (big blind) folded before Flop
Seat 4: e4d3bb2c folded before Flop (didn't bet)
Seat 5: 96432e08 folded before Flop (didn't bet)
Seat 6: Hero folded before Flop (didn't bet)


Poker Hand #HD1723156911: Hold'em No Limit ($0.02/$0.05) - 2024/04/09 20:25:05
Table 'NLHBlue34' 6-max Seat #6 is the button
Seat 1: d6c3e9fd ($5.68 in chips)
Seat 2: 3b91ef88 ($4.67 in chips)
Seat 3: 5b96f89 ($5.45 in chips)
Seat 4: e4d3bb2c ($5.15 in chips)
Seat 5: 96432e08 ($5.51 in chips)
Seat 6: Hero ($5.2 in chips)
d6c3e9fd: posts small blind $0.02
3b91ef88: posts big blind $0.05
*** HOLE CARDS ***
Dealt to d6c3e9fd 
Dealt to 3b91ef88 
Dealt to 5b96f89 
Dealt to e4d3bb2c 
Dealt to 96432e08 
Dealt to Hero [4s 9h]
5b96f89: folds
e4d3bb2c: folds
96432e08: folds
Hero: folds
d6c3e9fd: raises $0.08 to $0.13
3b91ef88: folds
Uncalled bet ($0.08) returned to d6c3e9fd
*** SHOWDOWN ***
d6c3e9fd collected $0.1 from pot
*** SUMMARY ***
Total pot $0.1 | Rake $0 | Jackpot $0 | Bingo $0 | Fortune $0 | Tax $0
Seat 1: d6c3e9fd (small blind) collected ($0.1)
Seat 2: 3b91ef88 (big blind) folded before Flop
Seat 3: 5b96f89 folded before Flop (didn't bet)
Seat 4: e4d3bb2c folded before Flop (didn't bet)
Seat 5: 96432e08 folded before Flop (didn't bet)
Seat 6: Hero (button) folded before Flop (didn't bet)


Poker Hand #HD1723156868: Hold'em No Limit ($0.02/$0.05) - 2024/04/09 20:24:47
Table 'NLHBlue34' 6-max Seat #5 is the button
Seat 1: d6c3e9fd ($5.73 in chips)
Seat 2: 3b91ef88 ($4.67 in chips)
Seat 3: 5b96f89 ($5.45 in chips)
Seat 4: e4d3bb2c ($5.15 in chips)
Seat 5: 96432e08 ($5.51 in chips)
Seat 6: Hero ($5.15 in chips)
Hero: posts small blind $0.02
d6c3e9fd: posts big blind $0.05
*** HOLE CARDS ***
Dealt to d6c3e9fd 
Dealt to 3b91ef88 
Dealt to 5b96f89 
Dealt to e4d3bb2c 
Dealt to 96432e08 
Dealt to Hero [Qh Ah]
3b91ef88: folds
5b96f89: folds
e4d3bb2c: folds
96432e08: folds
Hero: raises $0.1 to $0.15
d6c3e9fd: folds
Uncalled bet ($0.1) returned to Hero
*** SHOWDOWN ***
Hero collected $0.1 from pot
*** SUMMARY ***
Total pot $0.1 | Rake $0 | Jackpot $0 | Bingo $0 | Fortune $0 | Tax $0
Seat 1: d6c3e9fd (big blind) folded before Flop
Seat 2: 3b91ef88 folded before Flop (didn't bet)
Seat 3: 5b96f89 folded before Flop (didn't bet)
Seat 4: e4d3bb2c folded before Flop (didn't bet)
Seat 5: 96432e08 (button) folded before Flop (didn't bet)
Seat 6: Hero (small blind) collected ($0.1)


Poker Hand #HD1723156813: Hold'em No Limit ($0.02/$0.05) - 2024/04/09 20:24:21
Table 'NLHBlue34' 6-max Seat #4 is the button
Seat 1: d6c3e9fd ($5.73 in chips)
Seat 2: 3b91ef88 ($4.67 in chips)
Seat 3: 5b96f89 ($5.38 in chips)
Seat 4: e4d3bb2c ($5.15 in chips)
Seat 5: 96432e08 ($5.53 in chips)
Seat 6: Hero ($5.2 in chips)
96432e08: posts small blind $0.02
Hero: posts big blind $0.05
*** HOLE CARDS ***
Dealt to d6c3e9fd 
Dealt to 3b91ef88 
Dealt to 5b96f89 
Dealt to e4d3bb2c 
Dealt to 96432e08 
Dealt to Hero [2h 9s]
d6c3e9fd: folds
3b91ef88: folds
5b96f89: raises $0.08 to $0.13
e4d3bb2c: folds
96432e08: folds
Hero: folds
Uncalled bet ($0.08) returned to 5b96f89
*** SHOWDOWN ***
5b96f89 collected $0.12 from pot
*** SUMMARY ***
Total pot $0.12 | Rake $0 | Jackpot $0 | Bingo $0 | Fortune $0 | Tax $0
Seat 1: d6c3e9fd folded before Flop (didn't bet)
Seat 2: 3b91ef88 folded before Flop (didn't bet)
Seat 3: 5b96f89 collected ($0.12)
Seat 4: e4d3bb2c (button) folded before Flop (didn't bet)
Seat 5: 96432e08 (small blind) folded before Flop
Seat 6: Hero (big blind) folded before Flop


Poker Hand #HD1723156678: Hold'em No Limit ($0.02/$0.05) - 2024/04/09 20:23:25
Table 'NLHBlue34' 6-max Seat #3 is the button
Seat 1: d6c3e9fd ($5.73 in chips)
Seat 2: 3b91ef88 ($4.67 in chips)
Seat 3: 5b96f89 ($5.38 in chips)
Seat 4: e4d3bb2c ($5.17 in chips)
Seat 5: 96432e08 ($5.73 in chips)
Seat 6: Hero ($5 in chips)
e4d3bb2c: posts small blind $0.02
96432e08: posts big blind $0.05
*** HOLE CARDS ***
Dealt to d6c3e9fd 
Dealt to 3b91ef88 
Dealt to 5b96f89 
Dealt to e4d3bb2c 
Dealt to 96432e08 
Dealt to Hero [Qc Ks]
Hero: raises $0.05 to $0.1
d6c3e9fd: folds
3b91ef88: folds
5b96f89: folds
e4d3bb2c: folds
96432e08: calls $0.05
*** FLOP *** [7c 5s Qs]
96432e08: checks
Hero: bets $0.1
96432e08: calls $0.1
*** TURN *** [7c 5s Qs] [As]
96432e08: checks
Hero: bets $0.15
96432e08: folds
Uncalled bet ($0.15) returned to Hero
*** SHOWDOWN ***
Hero collected $0.4 from pot
*** SUMMARY ***
Total pot $0.42 | Rake $0.02 | Jackpot $0 | Bingo $0 | Fortune $0 | Tax $0
Board [7c 5s Qs As]
Seat 1: d6c3e9fd folded before Flop (didn't bet)
Seat 2: 3b91ef88 folded before Flop (didn't bet)
Seat 3: 5b96f89 (button) folded before Flop (didn't bet)
Seat 4: e4d3bb2c (small blind) folded before Flop
Seat 5: 96432e08 (big blind) folded on the Turn
Seat 6: Hero won ($0.4)


Poker Hand #HD1723156578: Hold'em No Limit ($0.02/$0.05) - 2024/04/09 20:22:41
Table 'NLHBlue34' 6-max Seat #2 is the button
Seat 1: d6c3e9fd ($5.59 in chips)
Seat 2: 3b91ef88 ($4.67 in chips)
Seat 3: 5b96f89 ($5.4 in chips)
Seat 4: e4d3bb2c ($5.3 in chips)
Seat 5: 96432e08 ($5.73 in chips)
Seat 6: Hero ($5 in chips)
5b96f89: posts small blind $0.02
e4d3bb2c: posts big blind $0.05
*** HOLE CARDS ***
Dealt to d6c3e9fd 
Dealt to 3b91ef88 
Dealt to 5b96f89 
Dealt to e4d3bb2c 
Dealt to 96432e08 
Dealt to Hero [3d 5d]
96432e08: folds
Hero: folds
d6c3e9fd: raises $0.08 to $0.13
3b91ef88: folds
5b96f89: folds
e4d3bb2c: calls $0.08
*** FLOP *** [Kd 4d 4h]
e4d3bb2c: checks
d6c3e9fd: bets $0.14
e4d3bb2c: folds
Uncalled bet ($0.14) returned to d6c3e9fd
*** SHOWDOWN ***
d6c3e9fd collected $0.27 from pot
*** SUMMARY ***
Total pot $0.28 | Rake $0.01 | Jackpot $0 | Bingo $0 | Fortune $0 | Tax $0
Board [Kd 4d 4h]
Seat 1: d6c3e9fd won ($0.27)
Seat 2: 3b91ef88 (button) folded before Flop (didn't bet)
Seat 3: 5b96f89 (small blind) folded before Flop
Seat 4: e4d3bb2c (big blind) folded on the Flop
Seat 5: 96432e08 folded before Flop (didn't bet)
Seat 6: Hero folded before Flop (didn't bet)


Poker Hand #HD1723156541: Hold'em No Limit ($0.02/$0.05) - 2024/04/09 20:22:24
Table 'NLHBlue34' 6-max Seat #1 is the button
Seat 1: d6c3e9fd ($5.59 in chips)
Seat 2: 3b91ef88 ($4.69 in chips)
Seat 3: 5b96f89 ($5.45 in chips)
Seat 4: e4d3bb2c ($5.23 in chips)
Seat 5: 96432e08 ($5.73 in chips)
Seat 6: Hero ($5 in chips)
3b91ef88: posts small blind $0.02
5b96f89: posts big blind $0.05
*** HOLE CARDS ***
Dealt to d6c3e9fd 
Dealt to 3b91ef88 
Dealt to 5b96f89 
Dealt to e4d3bb2c 
Dealt to 96432e08 
Dealt to Hero [6h 3c]
e4d3bb2c: raises $0.08 to $0.13
96432e08: folds
Hero: folds
d6c3e9fd: folds
3b91ef88: folds
5b96f89: folds
Uncalled bet ($0.08) returned to e4d3bb2c
*** SHOWDOWN ***
e4d3bb2c collected $0.12 from pot
*** SUMMARY ***
Total pot $0.12 | Rake $0 | Jackpot $0 | Bingo $0 | Fortune $0 | Tax $0
Seat 1: d6c3e9fd (button) folded before Flop (didn't bet)
Seat 2: 3b91ef88 (small blind) folded before Flop
Seat 3: 5b96f89 (big blind) folded before Flop
Seat 4: e4d3bb2c collected ($0.12)
Seat 5: 96432e08 folded before Flop (didn't bet)
Seat 6: Hero folded before Flop (didn't bet)


Poker Hand #HD1723156466: Hold'em No Limit ($0.02/$0.05) - 2024/04/09 20:21:53
Table 'NLHBlue34' 6-max Seat #6 is the button
Seat 1: d6c3e9fd ($5.47 in chips)
Seat 2: 3b91ef88 ($4.82 in chips)
Seat 3: 5b96f89 ($5.45 in chips)
Seat 4: e4d3bb2c ($5.23 in chips)
Seat 5: 96432e08 ($5.73 in chips)
Seat 6: Hero ($5 in chips)
d6c3e9fd: posts small blind $0.02
3b91ef88: posts big blind $0.05
*** HOLE CARDS ***
Dealt to d6c3e9fd 
Dealt to 3b91ef88 
Dealt to 5b96f89 
Dealt to e4d3bb2c 
Dealt to 96432e08 
Dealt to Hero [Ks 2h]
5b96f89: folds
e4d3bb2c: folds
96432e08: folds
Hero: folds
d6c3e9fd: raises $0.08 to $0.13
3b91ef88: calls $0.08
*** FLOP *** [As 9d Jh]
d6c3e9fd: bets $0.09
3b91ef88: folds
Uncalled bet ($0.09) returned to d6c3e9fd
*** SHOWDOWN ***
d6c3e9fd collected $0.25 from pot
*** SUMMARY ***
Total pot $0.26 | Rake $0.01 | Jackpot $0 | Bingo $0 | Fortune $0 | Tax $0
Board [As 9d Jh]
Seat 1: d6c3e9fd (small blind) won ($0.25)
Seat 2: 3b91ef88 (big blind) folded on the Flop
Seat 3: 5b96f89 folded before Flop (didn't bet)
Seat 4: e4d3bb2c folded before Flop (didn't bet)
Seat 5: 96432e08 folded before Flop (didn't bet)
Seat 6: Hero (button) folded before Flop (didn't bet)


Poker Hand #HD1723156271: Hold'em No Limit ($0.02/$0.05) - 2024/04/09 20:20:27
Table 'NLHBlue34' 6-max Seat #5 is the button
Seat 1: d6c3e9fd ($5.52 in chips)
Seat 2: 3b91ef88 ($4.82 in chips)
Seat 3: 5b96f89 ($5.45 in chips)
Seat 4: e4d3bb2c ($5.23 in chips)
Seat 5: 96432e08 ($5.32 in chips)
Seat 6: Hero ($5.17 in chips)
Hero: posts small blind $0.02
d6c3e9fd: posts big blind $0.05
*** HOLE CARDS ***
Dealt to d6c3e9fd 
Dealt to 3b91ef88 
Dealt to 5b96f89 
Dealt to e4d3bb2c 
Dealt to 96432e08 
Dealt to Hero [Kh As]
3b91ef88: folds
5b96f89: folds
e4d3bb2c: folds
96432e08: raises $0.05 to $0.1
Hero: raises $0.3 to $0.4
d6c3e9fd: folds
96432e08: calls $0.3
*** FLOP *** [9d 8h 5s]
Hero: checks
96432e08: checks
*** TURN *** [9d 8h 5s] [Qd]
Hero: checks
96432e08: bets $0.43
Hero: folds
Uncalled bet ($0.43) returned to 96432e08
*** SHOWDOWN ***
96432e08 collected $0.81 from pot
*** SUMMARY ***
Total pot $0.85 | Rake $0.04 | Jackpot $0 | Bingo $0 | Fortune $0 | Tax $0
Board [9d 8h 5s Qd]
Seat 1: d6c3e9fd (big blind) folded before Flop
Seat 2: 3b91ef88 folded before Flop (didn't bet)
Seat 3: 5b96f89 folded before Flop (didn't bet)
Seat 4: e4d3bb2c folded before Flop (didn't bet)
Seat 5: 96432e08 (button) won ($0.81)
Seat 6: Hero (small blind) folded on the Turn


Poker Hand #HD1723156165: Hold'em No Limit ($0.02/$0.05) - 2024/04/09 20:19:43
Table 'NLHBlue34' 6-max Seat #4 is the button
Seat 1: d6c3e9fd ($5.52 in chips)
Seat 2: 3b91ef88 ($4.82 in chips)
Seat 3: 5b96f89 ($5.47 in chips)
Seat 4: e4d3bb2c ($5.23 in chips)
Seat 5: 96432e08 ($5.48 in chips)
Seat 6: Hero ($5 in chips)
96432e08: posts small blind $0.02
Hero: posts big blind $0.05
5b96f89: posts missed blind $0.02
*** HOLE CARDS ***
Dealt to d6c3e9fd 
Dealt to 3b91ef88 
Dealt to 5b96f89 
Dealt to e4d3bb2c 
Dealt to 96432e08 
Dealt to Hero [Kc As]
d6c3e9fd: folds
3b91ef88: folds
5b96f89: folds
e4d3bb2c: folds
96432e08: raises $0.11 to $0.16
Hero: raises $0.34 to $0.5
96432e08: folds
Uncalled bet ($0.34) returned to Hero
*** SHOWDOWN ***
Hero collected $0.33 from pot
*** SUMMARY ***
Total pot $0.34 | Rake $0.01 | Jackpot $0 | Bingo $0 | Fortune $0 | Tax $0
Seat 1: d6c3e9fd folded before Flop (didn't bet)
Seat 2: 3b91ef88 folded before Flop (didn't bet)
Seat 3: 5b96f89 folded before Flop
Seat 4: e4d3bb2c (button) folded before Flop (didn't bet)
Seat 5: 96432e08 (small blind) folded before Flop
Seat 6: Hero (big blind) collected ($0.33)


Poker Hand #HD1723156131: Hold'em No Limit ($0.02/$0.05) - 2024/04/09 20:19:31
Table 'NLHBlue34' 6-max Seat #2 is the button
Seat 1: d6c3e9fd ($5.52 in chips)
Seat 2: 3b91ef88 ($4.82 in chips)
Seat 4: e4d3bb2c ($5.25 in chips)
Seat 5: 96432e08 ($5.46 in chips)
Seat 6: Hero ($5 in chips)
e4d3bb2c: posts small blind $0.02
96432e08: posts big blind $0.05
*** HOLE CARDS ***
Dealt to d6c3e9fd 
Dealt to 3b91ef88 
Dealt to e4d3bb2c 
Dealt to 96432e08 
Dealt to Hero [Js Th]
Hero: folds
d6c3e9fd: folds
3b91ef88: folds
e4d3bb2c: folds
Uncalled bet ($0.03) returned to 96432e08
*** SHOWDOWN ***
96432e08 collected $0.04 from pot
*** SUMMARY ***
Total pot $0.04 | Rake $0 | Jackpot $0 | Bingo $0 | Fortune $0 | Tax $0
Seat 1: d6c3e9fd folded before Flop (didn't bet)
Seat 2: 3b91ef88 (button) folded before Flop (didn't bet)
Seat 4: e4d3bb2c (small blind) folded before Flop
Seat 5: 96432e08 (big blind) collected ($0.04)
Seat 6: Hero folded before Flop (didn't bet)


Poker Hand #HD1723156047: Hold'em No Limit ($0.02/$0.05) - 2024/04/09 20:18:56
Table 'NLHBlue34' 6-max Seat #1 is the button
Seat 1: d6c3e9fd ($5.52 in chips)
Seat 2: 3b91ef88 ($4.77 in chips)
Seat 3: 5b96f89 ($5.52 in chips)
Seat 4: e4d3bb2c ($5.25 in chips)
Seat 5: 96432e08 ($5.46 in chips)
Seat 6: Hero ($5 in chips)
3b91ef88: posts small blind $0.02
5b96f89: posts big blind $0.05
*** HOLE CARDS ***
Dealt to d6c3e9fd 
Dealt to 3b91ef88 
Dealt to 5b96f89 
Dealt to e4d3bb2c 
Dealt to 96432e08 
Dealt to Hero [5d Js]
e4d3bb2c: folds
96432e08: folds
Hero: folds
d6c3e9fd: folds
3b91ef88: raises $0.1 to $0.15
5b96f89: folds
Uncalled bet ($0.1) returned to 3b91ef88
*** SHOWDOWN ***
3b91ef88 collected $0.1 from pot
*** SUMMARY ***
Total pot $0.1 | Rake $0 | Jackpot $0 | Bingo $0 | Fortune $0 | Tax $0
Seat 1: d6c3e9fd (button) folded before Flop (didn't bet)
Seat 2: 3b91ef88 (small blind) collected ($0.1)
Seat 3: 5b96f89 (big blind) folded before Flop
Seat 4: e4d3bb2c folded before Flop (didn't bet)
Seat 5: 96432e08 folded before Flop (didn't bet)
Seat 6: Hero folded before Flop (didn't bet)


Poker Hand #HD1723155898: Hold'em No Limit ($0.02/$0.05) - 2024/04/09 20:17:57
Table 'NLHBlue34' 6-max Seat #6 is the button
Seat 1: d6c3e9fd ($5.54 in chips)
Seat 2: 3b91ef88 ($5 in chips)
Seat 3: 5b96f89 ($5.52 in chips)
Seat 4: e4d3bb2c ($5.02 in chips)
Seat 5: 96432e08 ($5.46 in chips)
Seat 6: Hero ($5 in chips)
d6c3e9fd: posts small blind $0.02
3b91ef88: posts big blind $0.05
*** HOLE CARDS ***
Dealt to d6c3e9fd 
Dealt to 3b91ef88 
Dealt to 5b96f89 
Dealt to e4d3bb2c 
Dealt to 96432e08 
Dealt to Hero [5s 2d]
5b96f89: folds
e4d3bb2c: raises $0.08 to $0.13
96432e08: folds
Hero: folds
d6c3e9fd: folds
3b91ef88: calls $0.08
*** FLOP *** [9c Tc 5h]
3b91ef88: checks
e4d3bb2c: checks
*** TURN *** [9c Tc 5h] [Js]
3b91ef88: bets $0.1
e4d3bb2c: raises $0.36 to $0.46
3b91ef88: folds
Uncalled bet ($0.36) returned to e4d3bb2c
*** SHOWDOWN ***
e4d3bb2c collected $0.46 from pot
*** SUMMARY ***
Total pot $0.48 | Rake $0.02 | Jackpot $0 | Bingo $0 | Fortune $0 | Tax $0
Board [9c Tc 5h Js]
Seat 1: d6c3e9fd (small blind) folded before Flop
Seat 2: 3b91ef88 (big blind) folded on the Turn
Seat 3: 5b96f89 folded before Flop (didn't bet)
Seat 4: e4d3bb2c won ($0.46)
Seat 5: 96432e08 folded before Flop (didn't bet)
Seat 6: Hero (button) folded before Flop (didn't bet)


Poker Hand #HD1723155798: Hold'em No Limit ($0.02/$0.05) - 2024/04/09 20:17:08
Table 'NLHBlue34' 6-max Seat #5 is the button
Seat 1: d6c3e9fd ($5.59 in chips)
Seat 3: 5b96f89 ($5.52 in chips)
Seat 4: e4d3bb2c ($5.02 in chips)
Seat 5: 96432e08 ($5 in chips)
Seat 6: Hero ($5 in chips)
Hero: posts small blind $0.02
d6c3e9fd: posts big blind $0.05
*** HOLE CARDS ***
Dealt to d6c3e9fd 
Dealt to 5b96f89 
Dealt to e4d3bb2c 
Dealt to 96432e08 
Dealt to Hero [9h Th]
5b96f89: folds
e4d3bb2c: folds
96432e08: raises $0.05 to $0.1
Hero: raises $0.35 to $0.45
d6c3e9fd: folds
96432e08: raises $0.63 to $1.08
Hero: folds
Uncalled bet ($0.63) returned to 96432e08
*** SHOWDOWN ***
96432e08 collected $0.91 from pot
*** SUMMARY ***
Total pot $0.95 | Rake $0.04 | Jackpot $0 | Bingo $0 | Fortune $0 | Tax $0
Seat 1: d6c3e9fd (big blind) folded before Flop
Seat 3: 5b96f89 folded before Flop (didn't bet)
Seat 4: e4d3bb2c folded before Flop (didn't bet)
Seat 5: 96432e08 (button) collected ($0.91)
Seat 6: Hero (small blind) folded before Flop


Poker Hand #HD1723155770: Hold'em No Limit ($0.02/$0.05) - 2024/04/09 20:16:54
Table 'NLHBlue34' 6-max Seat #4 is the button
Seat 1: d6c3e9fd ($5.59 in chips)
Seat 3: 5b96f89 ($5.52 in chips)
Seat 4: e4d3bb2c ($5.02 in chips)
Seat 5: 96432e08 ($4.95 in chips)
Seat 6: Hero ($5 in chips)
96432e08: posts small blind $0.02
Hero: posts big blind $0.05
*** HOLE CARDS ***
Dealt to d6c3e9fd 
Dealt to 5b96f89 
Dealt to e4d3bb2c 
Dealt to 96432e08 
Dealt to Hero [5s Ts]
d6c3e9fd: folds
5b96f89: folds
e4d3bb2c: folds
96432e08: raises $0.11 to $0.16
Hero: folds
Uncalled bet ($0.11) returned to 96432e08
*** SHOWDOWN ***
96432e08 collected $0.1 from pot
*** SUMMARY ***
Total pot $0.1 | Rake $0 | Jackpot $0 | Bingo $0 | Fortune $0 | Tax $0
Seat 1: d6c3e9fd folded before Flop (didn't bet)
Seat 3: 5b96f89 folded before Flop (didn't bet)
Seat 4: e4d3bb2c (button) folded before Flop (didn't bet)
Seat 5: 96432e08 (small blind) collected ($0.1)
Seat 6: Hero (big blind) folded before Flop


Poker Hand #HD1723155693: Hold'em No Limit ($0.02/$0.05) - 2024/04/09 20:16:19
Table 'NLHBlue34' 6-max Seat #3 is the button
Seat 1: d6c3e9fd ($5.52 in chips)
Seat 3: 5b96f89 ($5.52 in chips)
Seat 4: e4d3bb2c ($5.04 in chips)
Seat 5: 96432e08 ($5 in chips)
Seat 6: Hero ($5 in chips)
e4d3bb2c: posts small blind $0.02
96432e08: posts big blind $0.05
d6c3e9fd: posts big blind $0.05
d6c3e9fd: posts missed blind $0.02
*** HOLE CARDS ***
Dealt to d6c3e9fd 
Dealt to 5b96f89 
Dealt to e4d3bb2c 
Dealt to 96432e08 
Dealt to Hero [Th 7c]
Hero: folds
d6c3e9fd: raises $0.07 to $0.12
5b96f89: folds
e4d3bb2c: folds
96432e08: folds
Uncalled bet ($0.07) returned to d6c3e9fd
*** SHOWDOWN ***
d6c3e9fd collected $0.14 from pot
*** SUMMARY ***
Total pot $0.14 | Rake $0 | Jackpot $0 | Bingo $0 | Fortune $0 | Tax $0
Seat 1: d6c3e9fd collected ($0.14)
Seat 3: 5b96f89 (button) folded before Flop (didn't bet)
Seat 4: e4d3bb2c (small blind) folded before Flop
Seat 5: 96432e08 (big blind) folded before Flop
Seat 6: Hero folded before Flop (didn't bet)


Poker Hand #HD1723065543: Hold'em No Limit ($0.02/$0.05) - 2024/04/09 20:15:14
Table 'NLHBlue34' 6-max Seat #6 is the button
Seat 3: 5b96f89 ($5.32 in chips)
Seat 4: e4d3bb2c ($5.26 in chips)
Seat 5: 96432e08 ($5 in chips)
Seat 6: Hero ($5 in chips)
5b96f89: posts small blind $0.02
e4d3bb2c: posts big blind $0.05
*** HOLE CARDS ***
Dealt to 5b96f89 
Dealt to e4d3bb2c 
Dealt to 96432e08 
Dealt to Hero [5d 2s]
96432e08: folds
Hero: folds
5b96f89: raises $0.08 to $0.13
e4d3bb2c: calls $0.08
*** FLOP *** [Jc 4d 2h]
5b96f89: bets $0.09
e4d3bb2c: calls $0.09
*** TURN *** [Jc 4d 2h] [8h]
5b96f89: bets $0.15
e4d3bb2c: folds
Uncalled bet ($0.15) returned to 5b96f89
*** SHOWDOWN ***
5b96f89 collected $0.42 from pot
*** SUMMARY ***
Total pot $0.44 | Rake $0.02 | Jackpot $0 | Bingo $0 | Fortune $0 | Tax $0
Board [Jc 4d 2h 8h]
Seat 3: 5b96f89 (small blind) won ($0.42)
Seat 4: e4d3bb2c (big blind) folded on the Turn
Seat 5: 96432e08 folded before Flop (didn't bet)
Seat 6: Hero (button) folded before Flop (didn't bet)


Poker Hand #HD1723065405: Hold'em No Limit ($0.02/$0.05) - 2024/04/09 20:14:15
Table 'NLHBlue34' 6-max Seat #5 is the button
Seat 3: 5b96f89 ($5.06 in chips)
Seat 4: e4d3bb2c ($5.52 in chips)
Seat 5: 96432e08 ($5 in chips)
Seat 6: Hero ($5.02 in chips)
Hero: posts small blind $0.02
5b96f89: posts big blind $0.05
*** HOLE CARDS ***
Dealt to 5b96f89 
Dealt to e4d3bb2c 
Dealt to 96432e08 
Dealt to Hero [9h Ts]
e4d3bb2c: calls $0.05
96432e08: folds
Hero: folds
5b96f89: raises $0.1 to $0.15
e4d3bb2c: calls $0.1
*** FLOP *** [9d 4s Kh]
5b96f89: bets $0.11
e4d3bb2c: calls $0.11
*** TURN *** [9d 4s Kh] [Jh]
5b96f89: bets $0.18
e4d3bb2c: folds
Uncalled bet ($0.18) returned to 5b96f89
*** SHOWDOWN ***
5b96f89 collected $0.52 from pot
*** SUMMARY ***
Total pot $0.54 | Rake $0.02 | Jackpot $0 | Bingo $0 | Fortune $0 | Tax $0
Board [9d 4s Kh Jh]
Seat 3: 5b96f89 (big blind) won ($0.52)
Seat 4: e4d3bb2c folded on the Turn
Seat 5: 96432e08 (button) folded before Flop (didn't bet)
Seat 6: Hero (small blind) folded before Flop


Poker Hand #HD1723065329: Hold'em No Limit ($0.02/$0.05) - 2024/04/09 20:13:43
Table 'NLHBlue34' 6-max Seat #4 is the button
Seat 1: d6c3e9fd ($5.52 in chips)
Seat 2: 390fe2e6 ($6.54 in chips)
Seat 3: 5b96f89 ($5.06 in chips)
Seat 4: e4d3bb2c ($5.52 in chips)
Seat 5: 96432e08 ($4.95 in chips)
Seat 6: Hero ($5.07 in chips)
96432e08: posts small blind $0.02
Hero: posts big blind $0.05
*** HOLE CARDS ***
Dealt to d6c3e9fd 
Dealt to 390fe2e6 
Dealt to 5b96f89 
Dealt to e4d3bb2c 
Dealt to 96432e08 
Dealt to Hero [5c Ah]
d6c3e9fd: folds
390fe2e6: folds
5b96f89: folds
e4d3bb2c: folds
96432e08: raises $0.11 to $0.16
Hero: folds
Uncalled bet ($0.11) returned to 96432e08
*** SHOWDOWN ***
96432e08 collected $0.1 from pot
*** SUMMARY ***
Total pot $0.1 | Rake $0 | Jackpot $0 | Bingo $0 | Fortune $0 | Tax $0
Seat 1: d6c3e9fd folded before Flop (didn't bet)
Seat 2: 390fe2e6 folded before Flop (didn't bet)
Seat 3: 5b96f89 folded before Flop (didn't bet)
Seat 4: e4d3bb2c (button) folded before Flop (didn't bet)
Seat 5: 96432e08 (small blind) collected ($0.1)
Seat 6: Hero (big blind) folded before Flop


Poker Hand #HD1723065273: Hold'em No Limit ($0.02/$0.05) - 2024/04/09 20:13:20
Table 'NLHBlue34' 6-max Seat #3 is the button
Seat 1: d6c3e9fd ($5.52 in chips)
Seat 2: 390fe2e6 ($6.54 in chips)
Seat 3: 5b96f89 ($5.06 in chips)
Seat 4: e4d3bb2c ($5.54 in chips)
Seat 5: 96432e08 ($5 in chips)
Seat 6: Hero ($5 in chips)
e4d3bb2c: posts small blind $0.02
96432e08: posts big blind $0.05
*** HOLE CARDS ***
Dealt to d6c3e9fd 
Dealt to 390fe2e6 
Dealt to 5b96f89 
Dealt to e4d3bb2c 
Dealt to 96432e08 
Dealt to Hero [Ad 4d]
Hero: raises $0.05 to $0.1
d6c3e9fd: folds
390fe2e6: folds
5b96f89: folds
e4d3bb2c: folds
96432e08: folds
Uncalled bet ($0.05) returned to Hero
*** SHOWDOWN ***
Hero collected $0.12 from pot
*** SUMMARY ***
Total pot $0.12 | Rake $0 | Jackpot $0 | Bingo $0 | Fortune $0 | Tax $0
Seat 1: d6c3e9fd folded before Flop (didn't bet)
Seat 2: 390fe2e6 folded before Flop (didn't bet)
Seat 3: 5b96f89 (button) folded before Flop (didn't bet)
Seat 4: e4d3bb2c (small blind) folded before Flop
Seat 5: 96432e08 (big blind) folded before Flop
Seat 6: Hero collected ($0.12)


Poker Hand #HD1723065113: Hold'em No Limit ($0.02/$0.05) - 2024/04/09 20:12:11
Table 'NLHBlue34' 6-max Seat #2 is the button
Seat 1: d6c3e9fd ($5.52 in chips)
Seat 2: 390fe2e6 ($6.77 in chips)
Seat 3: 5b96f89 ($4.8 in chips)
Seat 4: e4d3bb2c ($5.59 in chips)
Seat 6: Hero ($5 in chips)
5b96f89: posts small blind $0.02
e4d3bb2c: posts big blind $0.05
*** HOLE CARDS ***
Dealt to d6c3e9fd 
Dealt to 390fe2e6 
Dealt to 5b96f89 
Dealt to e4d3bb2c 
Dealt to Hero [7d 6c]
Hero: folds
d6c3e9fd: folds
390fe2e6: raises $0.05 to $0.1
5b96f89: calls $0.08
e4d3bb2c: folds
*** FLOP *** [Kc 4c 6d]
5b96f89: checks
390fe2e6: checks
*** TURN *** [Kc 4c 6d] [4d]
5b96f89: checks
390fe2e6: bets $0.13
5b96f89: raises $0.22 to $0.35
390fe2e6: folds
Uncalled bet ($0.22) returned to 5b96f89
*** SHOWDOWN ***
5b96f89 collected $0.49 from pot
*** SUMMARY ***
Total pot $0.51 | Rake $0.02 | Jackpot $0 | Bingo $0 | Fortune $0 | Tax $0
Board [Kc 4c 6d 4d]
Seat 1: d6c3e9fd folded before Flop (didn't bet)
Seat 2: 390fe2e6 (button) folded on the Turn
Seat 3: 5b96f89 (small blind) won ($0.49)
Seat 4: e4d3bb2c (big blind) folded before Flop
Seat 6: Hero folded before Flop (didn't bet)


Poker Hand #HD1723065067: Hold'em No Limit ($0.02/$0.05) - 2024/04/09 20:11:52
Table 'NLHBlue34' 6-max Seat #1 is the button
Seat 1: d6c3e9fd ($5.52 in chips)
Seat 2: 390fe2e6 ($6.72 in chips)
Seat 3: 5b96f89 ($4.85 in chips)
Seat 4: e4d3bb2c ($5.59 in chips)
Seat 6: Hero ($5 in chips)
390fe2e6: posts small blind $0.02
5b96f89: posts big blind $0.05
*** HOLE CARDS ***
Dealt to d6c3e9fd 
Dealt to 390fe2e6 
Dealt to 5b96f89 
Dealt to e4d3bb2c 
Dealt to Hero [5s 4d]
e4d3bb2c: folds
Hero: folds
d6c3e9fd: folds
390fe2e6: raises $0.1 to $0.15
5b96f89: folds
Uncalled bet ($0.1) returned to 390fe2e6
*** SHOWDOWN ***
390fe2e6 collected $0.1 from pot
*** SUMMARY ***
Total pot $0.1 | Rake $0 | Jackpot $0 | Bingo $0 | Fortune $0 | Tax $0
Seat 1: d6c3e9fd (button) folded before Flop (didn't bet)
Seat 2: 390fe2e6 (small blind) collected ($0.1)
Seat 3: 5b96f89 (big blind) folded before Flop
Seat 4: e4d3bb2c folded before Flop (didn't bet)
Seat 6: Hero folded before Flop (didn't bet)


Poker Hand #HD1723064963: Hold'em No Limit ($0.02/$0.05) - 2024/04/09 20:11:05
Table 'NLHBlue34' 6-max Seat #6 is the button
Seat 1: d6c3e9fd ($5.54 in chips)
Seat 2: 390fe2e6 ($6.49 in chips)
Seat 3: 5b96f89 ($5.08 in chips)
Seat 4: e4d3bb2c ($5.59 in chips)
Seat 6: Hero ($5 in chips)
d6c3e9fd: posts small blind $0.02
390fe2e6: posts big blind $0.05
*** HOLE CARDS ***
Dealt to d6c3e9fd 
Dealt to 390fe2e6 
Dealt to 5b96f89 
Dealt to e4d3bb2c 
Dealt to Hero [6d 7s]
5b96f89: raises $0.08 to $0.13
e4d3bb2c: folds
Hero: folds
d6c3e9fd: folds
390fe2e6: calls $0.08
*** FLOP *** [8s 6s Td]
390fe2e6: checks
5b96f89: bets $0.1
390fe2e6: calls $0.1
*** TURN *** [8s 6s Td] [2d]
390fe2e6: checks
5b96f89: checks
*** RIVER *** [8s 6s Td 2d] [9d]
390fe2e6: bets $0.16
5b96f89: folds
Uncalled bet ($0.16) returned to 390fe2e6
*** SHOWDOWN ***
390fe2e6 collected $0.46 from pot
*** SUMMARY ***
Total pot $0.48 | Rake $0.02 | Jackpot $0 | Bingo $0 | Fortune $0 | Tax $0
Board [8s 6s Td 2d 9d]
Seat 1: d6c3e9fd (small blind) folded before Flop
Seat 2: 390fe2e6 (big blind) won ($0.46)
Seat 3: 5b96f89 folded on the River
Seat 4: e4d3bb2c folded before Flop (didn't bet)
Seat 6: Hero (button) folded before Flop (didn't bet)


Poker Hand #HD1723064772: Hold'em No Limit ($0.02/$0.05) - 2024/04/09 20:09:47
Table 'NLHBlue34' 6-max Seat #4 is the button
Seat 1: d6c3e9fd ($5.59 in chips)
Seat 2: 390fe2e6 ($6.49 in chips)
Seat 3: 5b96f89 ($5.08 in chips)
Seat 4: e4d3bb2c ($5.52 in chips)
Seat 6: Hero ($5.02 in chips)
Hero: posts small blind $0.02
d6c3e9fd: posts big blind $0.05
*** HOLE CARDS ***
Dealt to d6c3e9fd 
Dealt to 390fe2e6 
Dealt to 5b96f89 
Dealt to e4d3bb2c 
Dealt to Hero [8d Jc]
390fe2e6: folds
5b96f89: folds
e4d3bb2c: calls $0.05
Hero: folds
d6c3e9fd: checks
*** FLOP *** [7s 9c Qh]
d6c3e9fd: checks
e4d3bb2c: checks
*** TURN *** [7s 9c Qh] [Th]
d6c3e9fd: checks
e4d3bb2c: bets $0.25
d6c3e9fd: folds
Uncalled bet ($0.25) returned to e4d3bb2c
*** SHOWDOWN ***
e4d3bb2c collected $0.12 from pot
*** SUMMARY ***
Total pot $0.12 | Rake $0 | Jackpot $0 | Bingo $0 | Fortune $0 | Tax $0
Board [7s 9c Qh Th]
Seat 1: d6c3e9fd (big blind) folded on the Turn
Seat 2: 390fe2e6 folded before Flop (didn't bet)
Seat 3: 5b96f89 folded before Flop (didn't bet)
Seat 4: e4d3bb2c (button) won ($0.12)
Seat 6: Hero (small blind) folded before Flop


Poker Hand #HD1723064740: Hold'em No Limit ($0.02/$0.05) - 2024/04/09 20:09:29
Table 'NLHBlue34' 6-max Seat #3 is the button
Seat 1: d6c3e9fd ($5.59 in chips)
Seat 2: 390fe2e6 ($6.49 in chips)
Seat 3: 5b96f89 ($5.08 in chips)
Seat 4: e4d3bb2c ($5.54 in chips)
Seat 6: Hero ($5 in chips)
e4d3bb2c: posts small blind $0.02
Hero: posts big blind $0.05
*** HOLE CARDS ***
Dealt to d6c3e9fd 
Dealt to 390fe2e6 
Dealt to 5b96f89 
Dealt to e4d3bb2c 
Dealt to Hero [6d Ts]
d6c3e9fd: folds
390fe2e6: folds
5b96f89: folds
e4d3bb2c: folds
Uncalled bet ($0.03) returned to Hero
*** SHOWDOWN ***
Hero collected $0.04 from pot
*** SUMMARY ***
Total pot $0.04 | Rake $0 | Jackpot $0 | Bingo $0 | Fortune $0 | Tax $0
Seat 1: d6c3e9fd folded before Flop (didn't bet)
Seat 2: 390fe2e6 folded before Flop (didn't bet)
Seat 3: 5b96f89 (button) folded before Flop (didn't bet)
Seat 4: e4d3bb2c (small blind) folded before Flop
Seat 6: Hero (big blind) collected ($0.04)


Poker Hand #HD1723064660: Hold'em No Limit ($0.02/$0.05) - 2024/04/09 20:08:57
Table 'NLHBlue34' 6-max Seat #2 is the button
Seat 1: d6c3e9fd ($5.59 in chips)
Seat 2: 390fe2e6 ($6.33 in chips)
Seat 3: 5b96f89 ($5.1 in chips)
Seat 4: e4d3bb2c ($5.59 in chips)
Seat 5: 739b8d05 ($5.68 in chips)
Seat 6: Hero ($5 in chips)
5b96f89: posts small blind $0.02
e4d3bb2c: posts big blind $0.05
*** HOLE CARDS ***
Dealt to d6c3e9fd 
Dealt to 390fe2e6 
Dealt to 5b96f89 
Dealt to e4d3bb2c 
Dealt to 739b8d05 
Dealt to Hero [9d Kd]
739b8d05: folds
Hero: raises $0.05 to $0.1
d6c3e9fd: folds
390fe2e6: raises $0.27 to $0.37
5b96f89: folds
e4d3bb2c: folds
Hero: folds
Uncalled bet ($0.27) returned to 390fe2e6
*** SHOWDOWN ***
390fe2e6 collected $0.26 from pot
*** SUMMARY ***
Total pot $0.27 | Rake $0.01 | Jackpot $0 | Bingo $0 | Fortune $0 | Tax $0
Seat 1: d6c3e9fd folded before Flop (didn't bet)
Seat 2: 390fe2e6 (button) collected ($0.26)
Seat 3: 5b96f89 (small blind) folded before Flop
Seat 4: e4d3bb2c (big blind) folded before Flop
Seat 5: 739b8d05 folded before Flop (didn't bet)
Seat 6: Hero folded before Flop


Poker Hand #HD1723064563: Hold'em No Limit ($0.02/$0.05) - 2024/04/09 20:08:18
Table 'NLHBlue34' 6-max Seat #1 is the button
Seat 1: d6c3e9fd ($5.72 in chips)
Seat 2: 390fe2e6 ($6.35 in chips)
Seat 3: 5b96f89 ($4.96 in chips)
Seat 4: e4d3bb2c ($5.59 in chips)
Seat 5: 739b8d05 ($5.68 in chips)
Seat 6: Hero ($5 in chips)
390fe2e6: posts small blind $0.02
5b96f89: posts big blind $0.05
*** HOLE CARDS ***
Dealt to d6c3e9fd 
Dealt to 390fe2e6 
Dealt to 5b96f89 
Dealt to e4d3bb2c 
Dealt to 739b8d05 
Dealt to Hero [9d 2s]
e4d3bb2c: folds
739b8d05: folds
Hero: folds
d6c3e9fd: raises $0.08 to $0.13
390fe2e6: folds
5b96f89: calls $0.08
*** FLOP *** [8s 5s Kd]
5b96f89: checks
d6c3e9fd: checks
*** TURN *** [8s 5s Kd] [Td]
5b96f89: bets $0.14
d6c3e9fd: folds
Uncalled bet ($0.14) returned to 5b96f89
*** SHOWDOWN ***
5b96f89 collected $0.27 from pot
*** SUMMARY ***
Total pot $0.28 | Rake $0.01 | Jackpot $0 | Bingo $0 | Fortune $0 | Tax $0
Board [8s 5s Kd Td]
Seat 1: d6c3e9fd (button) folded on the Turn
Seat 2: 390fe2e6 (small blind) folded before Flop
Seat 3: 5b96f89 (big blind) won ($0.27)
Seat 4: e4d3bb2c folded before Flop (didn't bet)
Seat 5: 739b8d05 folded before Flop (didn't bet)
Seat 6: Hero folded before Flop (didn't bet)


Poker Hand #HD1723064516: Hold'em No Limit ($0.02/$0.05) - 2024/04/09 20:08:00
Table 'NLHBlue34' 6-max Seat #6 is the button
Seat 1: d6c3e9fd ($5.74 in chips)
Seat 2: 390fe2e6 ($6.33 in chips)
Seat 3: 5b96f89 ($4.96 in chips)
Seat 4: e4d3bb2c ($5.59 in chips)
Seat 5: 739b8d05 ($5.68 in chips)
Seat 6: Hero ($5 in chips)
d6c3e9fd: posts small blind $0.02
390fe2e6: posts big blind $0.05
*** HOLE CARDS ***
Dealt to d6c3e9fd 
Dealt to 390fe2e6 
Dealt to 5b96f89 
Dealt to e4d3bb2c 
Dealt to 739b8d05 
Dealt to Hero [3c Ad]
5b96f89: folds
e4d3bb2c: folds
739b8d05: folds
Hero: folds
d6c3e9fd: folds
Uncalled bet ($0.03) returned to 390fe2e6
*** SHOWDOWN ***
390fe2e6 collected $0.04 from pot
*** SUMMARY ***
Total pot $0.04 | Rake $0 | Jackpot $0 | Bingo $0 | Fortune $0 | Tax $0
Seat 1: d6c3e9fd (small blind) folded before Flop
Seat 2: 390fe2e6 (big blind) collected ($0.04)
Seat 3: 5b96f89 folded before Flop (didn't bet)
Seat 4: e4d3bb2c folded before Flop (didn't bet)
Seat 5: 739b8d05 folded before Flop (didn't bet)
Seat 6: Hero (button) folded before Flop (didn't bet)


Poker Hand #HD1723064458: Hold'em No Limit ($0.02/$0.05) - 2024/04/09 20:07:33
Table 'NLHBlue34' 6-max Seat #5 is the button
Seat 1: d6c3e9fd ($5.79 in chips)
Seat 2: 390fe2e6 ($6.33 in chips)
Seat 3: 5b96f89 ($4.89 in chips)
Seat 4: e4d3bb2c ($5.59 in chips)
Seat 5: 739b8d05 ($5.68 in chips)
Seat 6: Hero ($5 in chips)
Hero: posts small blind $0.02
d6c3e9fd: posts big blind $0.05
*** HOLE CARDS ***
Dealt to d6c3e9fd 
Dealt to 390fe2e6 
Dealt to 5b96f89 
Dealt to e4d3bb2c 
Dealt to 739b8d05 
Dealt to Hero [5h Ad]
390fe2e6: folds
5b96f89: raises $0.08 to $0.13
e4d3bb2c: folds
739b8d05: folds
Hero: folds
d6c3e9fd: folds
Uncalled bet ($0.08) returned to 5b96f89
*** SHOWDOWN ***
5b96f89 collected $0.12 from pot
*** SUMMARY ***
Total pot $0.12 | Rake $0 | Jackpot $0 | Bingo $0 | Fortune $0 | Tax $0
Seat 1: d6c3e9fd (big blind) folded before Flop
Seat 2: 390fe2e6 folded before Flop (didn't bet)
Seat 3: 5b96f89 collected ($0.12)
Seat 4: e4d3bb2c folded before Flop (didn't bet)
Seat 5: 739b8d05 (button) folded before Flop (didn't bet)
Seat 6: Hero (small blind) folded before Flop


Poker Hand #HD1723064342: Hold'em No Limit ($0.02/$0.05) - 2024/04/09 20:06:47
Table 'NLHBlue34' 6-max Seat #4 is the button
Seat 1: d6c3e9fd ($5.79 in chips)
Seat 2: 390fe2e6 ($6.33 in chips)
Seat 3: 5b96f89 ($4.89 in chips)
Seat 4: e4d3bb2c ($5.59 in chips)
Seat 5: 739b8d05 ($5.15 in chips)
Seat 6: Hero ($5.19 in chips)
739b8d05: posts small blind $0.02
Hero: posts big blind $0.05
*** HOLE CARDS ***
Dealt to d6c3e9fd 
Dealt to 390fe2e6 
Dealt to 5b96f89 
Dealt to e4d3bb2c 
Dealt to 739b8d05 
Dealt to Hero [9h Kd]
d6c3e9fd: folds
390fe2e6: folds
5b96f89: folds
e4d3bb2c: folds
739b8d05: raises $0.1 to $0.15
Hero: calls $0.1
*** FLOP *** [Kc 3h Js]
739b8d05: bets $0.08
Hero: calls $0.08
*** TURN *** [Kc 3h Js] [Ts]
739b8d05: bets $0.35
Hero: calls $0.35
*** RIVER *** [Kc 3h Js Ts] [5s]
739b8d05: bets $0.87
Hero: folds
Uncalled bet ($0.87) returned to 739b8d05
*** SHOWDOWN ***
739b8d05 collected $1.11 from pot
*** SUMMARY ***
Total pot $1.16 | Rake $0.05 | Jackpot $0 | Bingo $0 | Fortune $0 | Tax $0
Board [Kc 3h Js Ts 5s]
Seat 1: d6c3e9fd folded before Flop (didn't bet)
Seat 2: 390fe2e6 folded before Flop (didn't bet)
Seat 3: 5b96f89 folded before Flop (didn't bet)
Seat 4: e4d3bb2c (button) folded before Flop (didn't bet)
Seat 5: 739b8d05 (small blind) won ($1.11)
Seat 6: Hero (big blind) folded on the River


Poker Hand #HD1723064305: Hold'em No Limit ($0.02/$0.05) - 2024/04/09 20:06:32
Table 'NLHBlue34' 6-max Seat #3 is the button
Seat 1: d6c3e9fd ($5.79 in chips)
Seat 2: 390fe2e6 ($6.33 in chips)
Seat 3: 5b96f89 ($4.89 in chips)
Seat 4: e4d3bb2c ($5.61 in chips)
Seat 5: 739b8d05 ($5.13 in chips)
Seat 6: Hero ($5.19 in chips)
e4d3bb2c: posts small blind $0.02
739b8d05: posts big blind $0.05
*** HOLE CARDS ***
Dealt to d6c3e9fd 
Dealt to 390fe2e6 
Dealt to 5b96f89 
Dealt to e4d3bb2c 
Dealt to 739b8d05 
Dealt to Hero [8d Td]
Hero: folds
d6c3e9fd: folds
390fe2e6: folds
5b96f89: folds
e4d3bb2c: folds
Uncalled bet ($0.03) returned to 739b8d05
*** SHOWDOWN ***
739b8d05 collected $0.04 from pot
*** SUMMARY ***
Total pot $0.04 | Rake $0 | Jackpot $0 | Bingo $0 | Fortune $0 | Tax $0
Seat 1: d6c3e9fd folded before Flop (didn't bet)
Seat 2: 390fe2e6 folded before Flop (didn't bet)
Seat 3: 5b96f89 (button) folded before Flop (didn't bet)
Seat 4: e4d3bb2c (small blind) folded before Flop
Seat 5: 739b8d05 (big blind) collected ($0.04)
Seat 6: Hero folded before Flop (didn't bet)


Poker Hand #HD1723064219: Hold'em No Limit ($0.02/$0.05) - 2024/04/09 20:05:55
Table 'NLHBlue34' 6-max Seat #2 is the button
Seat 1: d6c3e9fd ($5.79 in chips)
Seat 2: 390fe2e6 ($6.33 in chips)
Seat 3: 5b96f89 ($4.84 in chips)
Seat 4: e4d3bb2c ($5.66 in chips)
Seat 5: 739b8d05 ($5.13 in chips)
Seat 6: Hero ($5.19 in chips)
5b96f89: posts small blind $0.02
e4d3bb2c: posts big blind $0.05
*** HOLE CARDS ***
Dealt to d6c3e9fd 
Dealt to 390fe2e6 
Dealt to 5b96f89 
Dealt to e4d3bb2c 
Dealt to 739b8d05 
Dealt to Hero [3s 3h]
739b8d05: folds
Hero: folds
d6c3e9fd: folds
390fe2e6: folds
5b96f89: raises $0.08 to $0.13
e4d3bb2c: folds
Uncalled bet ($0.08) returned to 5b96f89
*** SHOWDOWN ***
5b96f89 collected $0.1 from pot
*** SUMMARY ***
Total pot $0.1 | Rake $0 | Jackpot $0 | Bingo $0 | Fortune $0 | Tax $0
Seat 1: d6c3e9fd folded before Flop (didn't bet)
Seat 2: 390fe2e6 (button) folded before Flop (didn't bet)
Seat 3: 5b96f89 (small blind) collected ($0.1)
Seat 4: e4d3bb2c (big blind) folded before Flop
Seat 5: 739b8d05 folded before Flop (didn't bet)
Seat 6: Hero folded before Flop (didn't bet)


Poker Hand #HD1723064150: Hold'em No Limit ($0.02/$0.05) - 2024/04/09 20:05:26
Table 'NLHBlue34' 6-max Seat #1 is the button
Seat 1: d6c3e9fd ($5.79 in chips)
Seat 2: 390fe2e6 ($6.35 in chips)
Seat 3: 5b96f89 ($4.77 in chips)
Seat 4: e4d3bb2c ($5.71 in chips)
Seat 5: 739b8d05 ($5.13 in chips)
Seat 6: Hero ($5.19 in chips)
390fe2e6: posts small blind $0.02
5b96f89: posts big blind $0.05
*** HOLE CARDS ***
Dealt to d6c3e9fd 
Dealt to 390fe2e6 
Dealt to 5b96f89 
Dealt to e4d3bb2c 
Dealt to 739b8d05 
Dealt to Hero [5h 8d]
e4d3bb2c: calls $0.05
739b8d05: folds
Hero: folds
d6c3e9fd: folds
390fe2e6: folds
5b96f89: checks
*** FLOP *** [7h 2h Tc]
5b96f89: checks
e4d3bb2c: checks
*** TURN *** [7h 2h Tc] [5c]
5b96f89: bets $0.09
e4d3bb2c: folds
Uncalled bet ($0.09) returned to 5b96f89
*** SHOWDOWN ***
5b96f89 collected $0.12 from pot
*** SUMMARY ***
Total pot $0.12 | Rake $0 | Jackpot $0 | Bingo $0 | Fortune $0 | Tax $0
Board [7h 2h Tc 5c]
Seat 1: d6c3e9fd (button) folded before Flop (didn't bet)
Seat 2: 390fe2e6 (small blind) folded before Flop
Seat 3: 5b96f89 (big blind) won ($0.12)
Seat 4: e4d3bb2c folded on the Turn
Seat 5: 739b8d05 folded before Flop (didn't bet)
Seat 6: Hero folded before Flop (didn't bet)


Poker Hand #HD1723064059: Hold'em No Limit ($0.02/$0.05) - 2024/04/09 20:04:50
Table 'NLHBlue34' 6-max Seat #6 is the button
Seat 1: d6c3e9fd ($5.81 in chips)
Seat 2: 390fe2e6 ($6.4 in chips)
Seat 3: 5b96f89 ($4.77 in chips)
Seat 4: e4d3bb2c ($5.71 in chips)
Seat 5: 739b8d05 ($5.26 in chips)
Seat 6: Hero ($5 in chips)
d6c3e9fd: posts small blind $0.02
390fe2e6: posts big blind $0.05
*** HOLE CARDS ***
Dealt to d6c3e9fd 
Dealt to 390fe2e6 
Dealt to 5b96f89 
Dealt to e4d3bb2c 
Dealt to 739b8d05 
Dealt to Hero [Ad Js]
5b96f89: folds
e4d3bb2c: folds
739b8d05: raises $0.08 to $0.13
Hero: raises $0.32 to $0.45
d6c3e9fd: folds
390fe2e6: folds
739b8d05: folds
Uncalled bet ($0.32) returned to Hero
*** SHOWDOWN ***
Hero collected $0.32 from pot
*** SUMMARY ***
Total pot $0.33 | Rake $0.01 | Jackpot $0 | Bingo $0 | Fortune $0 | Tax $0
Seat 1: d6c3e9fd (small blind) folded before Flop
Seat 2: 390fe2e6 (big blind) folded before Flop
Seat 3: 5b96f89 folded before Flop (didn't bet)
Seat 4: e4d3bb2c folded before Flop (didn't bet)
Seat 5: 739b8d05 folded before Flop
Seat 6: Hero (button) collected ($0.32)


Poker Hand #HD1723063924: Hold'em No Limit ($0.02/$0.05) - 2024/04/09 20:03:57
Table 'NLHBlue34' 6-max Seat #5 is the button
Seat 1: d6c3e9fd ($5.86 in chips)
Seat 2: 390fe2e6 ($5.73 in chips)
Seat 3: 5b96f89 ($4.77 in chips)
Seat 4: e4d3bb2c ($5.71 in chips)
Seat 5: 739b8d05 ($5.26 in chips)
Seat 6: Hero ($5 in chips)
Hero: posts small blind $0.02
d6c3e9fd: posts big blind $0.05
*** HOLE CARDS ***
Dealt to d6c3e9fd 
Dealt to 390fe2e6 
Dealt to 5b96f89 
Dealt to e4d3bb2c 
Dealt to 739b8d05 
Dealt to Hero [As Ts]
390fe2e6: raises $0.1 to $0.15
5b96f89: folds
e4d3bb2c: folds
739b8d05: folds
Hero: calls $0.13
d6c3e9fd: folds
*** FLOP *** [8c Th 8h]
Hero: checks
390fe2e6: bets $0.18
Hero: calls $0.18
*** TURN *** [8c Th 8h] [Kc]
Hero: checks
390fe2e6: bets $0.36
Hero: calls $0.36
*** RIVER *** [8c Th 8h Kc] [Jh]
Hero: checks
390fe2e6: checks
Hero: shows [As Ts] (Pair of Tens and Pair of Eights)
390fe2e6: shows [Ah Ac] (Pair of Aces and Pair of Eights)
*** SHOWDOWN ***
390fe2e6 collected $1.36 from pot
*** SUMMARY ***
Total pot $1.43 | Rake $0.07 | Jackpot $0 | Bingo $0 | Fortune $0 | Tax $0
Board [8c Th 8h Kc Jh]
Seat 1: d6c3e9fd (big blind) folded before Flop
Seat 2: 390fe2e6 showed [Ah Ac] and won ($1.36) with Pair of Aces and Pair of Eights
Seat 3: 5b96f89 folded before Flop (didn't bet)
Seat 4: e4d3bb2c folded before Flop (didn't bet)
Seat 5: 739b8d05 (button) folded before Flop (didn't bet)
Seat 6: Hero (small blind) showed [As Ts] and lost with Pair of Tens and Pair of Eights


Poker Hand #HD1723063801: Hold'em No Limit ($0.02/$0.05) - 2024/04/09 20:03:00
Table 'NLHBlue34' 6-max Seat #4 is the button
Seat 1: d6c3e9fd ($5.86 in chips)
Seat 2: 390fe2e6 ($5.96 in chips)
Seat 3: 5b96f89 ($4.77 in chips)
Seat 4: e4d3bb2c ($5.71 in chips)
Seat 5: 739b8d05 ($5 in chips)
Seat 6: Hero ($5 in chips)
739b8d05: posts small blind $0.02
Hero: posts big blind $0.05
*** HOLE CARDS ***
Dealt to d6c3e9fd 
Dealt to 390fe2e6 
Dealt to 5b96f89 
Dealt to e4d3bb2c 
Dealt to 739b8d05 
Dealt to Hero [Kd 3d]
d6c3e9fd: folds
390fe2e6: raises $0.05 to $0.1
5b96f89: folds
e4d3bb2c: folds
739b8d05: calls $0.08
Hero: folds
*** FLOP *** [2c Kh 7d]
739b8d05: checks
390fe2e6: bets $0.13
739b8d05: calls $0.13
*** TURN *** [2c Kh 7d] [Qs]
739b8d05: checks
390fe2e6: checks
*** RIVER *** [2c Kh 7d Qs] [4c]
739b8d05: checks
390fe2e6: checks
739b8d05: shows [Js Jh] (Pair of Jacks)
390fe2e6: shows [7s Ac] (Pair of Sevens)
*** SHOWDOWN ***
739b8d05 collected $0.49 from pot
*** SUMMARY ***
Total pot $0.51 | Rake $0.02 | Jackpot $0 | Bingo $0 | Fortune $0 | Tax $0
Board [2c Kh 7d Qs 4c]
Seat 1: d6c3e9fd folded before Flop (didn't bet)
Seat 2: 390fe2e6 showed [7s Ac] and lost with Pair of Sevens
Seat 3: 5b96f89 folded before Flop (didn't bet)
Seat 4: e4d3bb2c (button) folded before Flop (didn't bet)
Seat 5: 739b8d05 (small blind) showed [Js Jh] and won ($0.49) with Pair of Jacks
Seat 6: Hero (big blind) folded before Flop


Poker Hand #HD1723063766: Hold'em No Limit ($0.02/$0.05) - 2024/04/09 20:02:44
Table 'NLHBlue34' 6-max Seat #3 is the button
Seat 1: d6c3e9fd ($5.86 in chips)
Seat 2: 390fe2e6 ($5.89 in chips)
Seat 3: 5b96f89 ($4.77 in chips)
Seat 4: e4d3bb2c ($5.73 in chips)
Seat 5: 739b8d05 ($5 in chips)
Seat 6: Hero ($5 in chips)
e4d3bb2c: posts small blind $0.02
739b8d05: posts big blind $0.05
*** HOLE CARDS ***
Dealt to d6c3e9fd 
Dealt to 390fe2e6 
Dealt to 5b96f89 
Dealt to e4d3bb2c 
Dealt to 739b8d05 
Dealt to Hero [4s 5c]
Hero: folds
d6c3e9fd: folds
390fe2e6: raises $0.05 to $0.1
5b96f89: folds
e4d3bb2c: folds
739b8d05: folds
Uncalled bet ($0.05) returned to 390fe2e6
*** SHOWDOWN ***
390fe2e6 collected $0.12 from pot
*** SUMMARY ***
Total pot $0.12 | Rake $0 | Jackpot $0 | Bingo $0 | Fortune $0 | Tax $0
Seat 1: d6c3e9fd folded before Flop (didn't bet)
Seat 2: 390fe2e6 collected ($0.12)
Seat 3: 5b96f89 (button) folded before Flop (didn't bet)
Seat 4: e4d3bb2c (small blind) folded before Flop
Seat 5: 739b8d05 (big blind) folded before Flop
Seat 6: Hero folded before Flop (didn't bet)


Poker Hand #HD1723063676: Hold'em No Limit ($0.02/$0.05) - 2024/04/09 20:02:05
Table 'NLHBlue34' 6-max Seat #2 is the button
Seat 1: d6c3e9fd ($5.86 in chips)
Seat 2: 390fe2e6 ($5.89 in chips)
Seat 3: 5b96f89 ($4.72 in chips)
Seat 4: e4d3bb2c ($5.78 in chips)
Seat 5: 739b8d05 ($5 in chips)
Seat 6: Hero ($5 in chips)
5b96f89: posts small blind $0.02
e4d3bb2c: posts big blind $0.05
*** HOLE CARDS ***
Dealt to d6c3e9fd 
Dealt to 390fe2e6 
Dealt to 5b96f89 
Dealt to e4d3bb2c 
Dealt to 739b8d05 
Dealt to Hero [Qd 3d]
739b8d05: folds
Hero: folds
d6c3e9fd: folds
390fe2e6: folds
5b96f89: raises $0.08 to $0.13
e4d3bb2c: folds
Uncalled bet ($0.08) returned to 5b96f89
*** SHOWDOWN ***
5b96f89 collected $0.1 from pot
*** SUMMARY ***
Total pot $0.1 | Rake $0 | Jackpot $0 | Bingo $0 | Fortune $0 | Tax $0
Seat 1: d6c3e9fd folded before Flop (didn't bet)
Seat 2: 390fe2e6 (button) folded before Flop (didn't bet)
Seat 3: 5b96f89 (small blind) collected ($0.1)
Seat 4: e4d3bb2c (big blind) folded before Flop
Seat 5: 739b8d05 folded before Flop (didn't bet)
Seat 6: Hero folded before Flop (didn't bet)


Poker Hand #HD1723063639: Hold'em No Limit ($0.02/$0.05) - 2024/04/09 20:01:51
Table 'NLHBlue34' 6-max Seat #1 is the button
Seat 1: d6c3e9fd ($5.86 in chips)
Seat 2: 390fe2e6 ($5.91 in chips)
Seat 3: 5b96f89 ($4.7 in chips)
Seat 4: e4d3bb2c ($5.78 in chips)
Seat 5: 739b8d05 ($5 in chips)
Seat 6: Hero ($5 in chips)
390fe2e6: posts small blind $0.02
5b96f89: posts big blind $0.05
*** HOLE CARDS ***
Dealt to d6c3e9fd 
Dealt to 390fe2e6 
Dealt to 5b96f89 
Dealt to e4d3bb2c 
Dealt to 739b8d05 
Dealt to Hero [Qc 2d]
e4d3bb2c: folds
739b8d05: folds
Hero: folds
d6c3e9fd: folds
390fe2e6: folds
Uncalled bet ($0.03) returned to 5b96f89
*** SHOWDOWN ***
5b96f89 collected $0.04 from pot
*** SUMMARY ***
Total pot $0.04 | Rake $0 | Jackpot $0 | Bingo $0 | Fortune $0 | Tax $0
Seat 1: d6c3e9fd (button) folded before Flop (didn't bet)
Seat 2: 390fe2e6 (small blind) folded before Flop
Seat 3: 5b96f89 (big blind) collected ($0.04)
Seat 4: e4d3bb2c folded before Flop (didn't bet)
Seat 5: 739b8d05 folded before Flop (didn't bet)
Seat 6: Hero folded before Flop (didn't bet)


Poker Hand #HD1723063417: Hold'em No Limit ($0.02/$0.05) - 2024/04/09 20:00:11
Table 'NLHBlue34' 6-max Seat #6 is the button
Seat 1: d6c3e9fd ($5.88 in chips)
Seat 2: 390fe2e6 ($5.96 in chips)
Seat 3: 5b96f89 ($5.28 in chips)
Seat 4: e4d3bb2c ($5.19 in chips)
Seat 5: 739b8d05 ($5 in chips)
Seat 6: Hero ($5 in chips)
d6c3e9fd: posts small blind $0.02
390fe2e6: posts big blind $0.05
*** HOLE CARDS ***
Dealt to d6c3e9fd 
Dealt to 390fe2e6 
Dealt to 5b96f89 
Dealt to e4d3bb2c 
Dealt to 739b8d05 
Dealt to Hero [3h 7h]
5b96f89: raises $0.08 to $0.13
e4d3bb2c: calls $0.13
739b8d05: folds
Hero: folds
d6c3e9fd: folds
390fe2e6: folds
*** FLOP *** [9s Qh 7s]
5b96f89: bets $0.17
e4d3bb2c: calls $0.17
*** TURN *** [9s Qh 7s] [6c]
5b96f89: bets $0.28
e4d3bb2c: calls $0.28
*** RIVER *** [9s Qh 7s 6c] [8h]
5b96f89: checks
e4d3bb2c: bets $0.44
5b96f89: folds
Uncalled bet ($0.44) returned to e4d3bb2c
*** SHOWDOWN ***
e4d3bb2c collected $1.17 from pot
*** SUMMARY ***
Total pot $1.23 | Rake $0.06 | Jackpot $0 | Bingo $0 | Fortune $0 | Tax $0
Board [9s Qh 7s 6c 8h]
Seat 1: d6c3e9fd (small blind) folded before Flop
Seat 2: 390fe2e6 (big blind) folded before Flop
Seat 3: 5b96f89 folded on the River
Seat 4: e4d3bb2c won ($1.17)
Seat 5: 739b8d05 folded before Flop (didn't bet)
Seat 6: Hero (button) folded before Flop (didn't bet)


Poker Hand #HD1723063386: Hold'em No Limit ($0.02/$0.05) - 2024/04/09 20:00:00
Table 'NLHBlue34' 6-max Seat #5 is the button
Seat 1: d6c3e9fd ($5.86 in chips)
Seat 2: 390fe2e6 ($5.96 in chips)
Seat 3: 5b96f89 ($5.28 in chips)
Seat 4: e4d3bb2c ($5.19 in chips)
Seat 5: 739b8d05 ($5 in chips)
Seat 6: Hero ($5.02 in chips)
Hero: posts small blind $0.02
d6c3e9fd: posts big blind $0.05
*** HOLE CARDS ***
Dealt to d6c3e9fd 
Dealt to 390fe2e6 
Dealt to 5b96f89 
Dealt to e4d3bb2c 
Dealt to 739b8d05 
Dealt to Hero [6c 3d]
390fe2e6: folds
5b96f89: folds
e4d3bb2c: folds
739b8d05: folds
Hero: folds
Uncalled bet ($0.03) returned to d6c3e9fd
*** SHOWDOWN ***
d6c3e9fd collected $0.04 from pot
*** SUMMARY ***
Total pot $0.04 | Rake $0 | Jackpot $0 | Bingo $0 | Fortune $0 | Tax $0
Seat 1: d6c3e9fd (big blind) collected ($0.04)
Seat 2: 390fe2e6 folded before Flop (didn't bet)
Seat 3: 5b96f89 folded before Flop (didn't bet)
Seat 4: e4d3bb2c folded before Flop (didn't bet)
Seat 5: 739b8d05 (button) folded before Flop (didn't bet)
Seat 6: Hero (small blind) folded before Flop


Poker Hand #HD1723063339: Hold'em No Limit ($0.02/$0.05) - 2024/04/09 19:59:41
Table 'NLHBlue34' 6-max Seat #4 is the button
Seat 1: d6c3e9fd ($5.79 in chips)
Seat 2: 390fe2e6 ($5.96 in chips)
Seat 3: 5b96f89 ($5.28 in chips)
Seat 4: e4d3bb2c ($5.19 in chips)
Seat 5: 739b8d05 ($5 in chips)
Seat 6: Hero ($5.07 in chips)
739b8d05: posts small blind $0.02
Hero: posts big blind $0.05
*** HOLE CARDS ***
Dealt to d6c3e9fd 
Dealt to 390fe2e6 
Dealt to 5b96f89 
Dealt to e4d3bb2c 
Dealt to 739b8d05 
Dealt to Hero [9d Ks]
d6c3e9fd: raises $0.08 to $0.13
390fe2e6: folds
5b96f89: folds
e4d3bb2c: folds
739b8d05: folds
Hero: folds
Uncalled bet ($0.08) returned to d6c3e9fd
*** SHOWDOWN ***
d6c3e9fd collected $0.12 from pot
*** SUMMARY ***
Total pot $0.12 | Rake $0 | Jackpot $0 | Bingo $0 | Fortune $0 | Tax $0
Seat 1: d6c3e9fd collected ($0.12)
Seat 2: 390fe2e6 folded before Flop (didn't bet)
Seat 3: 5b96f89 folded before Flop (didn't bet)
Seat 4: e4d3bb2c (button) folded before Flop (didn't bet)
Seat 5: 739b8d05 (small blind) folded before Flop
Seat 6: Hero (big blind) folded before Flop


Poker Hand #HD1723063273: Hold'em No Limit ($0.02/$0.05) - 2024/04/09 19:59:19
Table 'NLHBlue34' 6-max Seat #3 is the button
Seat 1: d6c3e9fd ($5.79 in chips)
Seat 2: 390fe2e6 ($5.96 in chips)
Seat 3: 5b96f89 ($5.28 in chips)
Seat 4: e4d3bb2c ($5.14 in chips)
Seat 5: 739b8d05 ($5 in chips)
Seat 6: Hero ($5.07 in chips)
e4d3bb2c: posts small blind $0.02
739b8d05: posts big blind $0.05
*** HOLE CARDS ***
Dealt to d6c3e9fd 
Dealt to 390fe2e6 
Dealt to 5b96f89 
Dealt to e4d3bb2c 
Dealt to 739b8d05 
Dealt to Hero [8d Td]
Hero: folds
d6c3e9fd: folds
390fe2e6: folds
5b96f89: folds
e4d3bb2c: raises $0.08 to $0.13
739b8d05: folds
Uncalled bet ($0.08) returned to e4d3bb2c
*** SHOWDOWN ***
e4d3bb2c collected $0.1 from pot
*** SUMMARY ***
Total pot $0.1 | Rake $0 | Jackpot $0 | Bingo $0 | Fortune $0 | Tax $0
Seat 1: d6c3e9fd folded before Flop (didn't bet)
Seat 2: 390fe2e6 folded before Flop (didn't bet)
Seat 3: 5b96f89 (button) folded before Flop (didn't bet)
Seat 4: e4d3bb2c (small blind) collected ($0.1)
Seat 5: 739b8d05 (big blind) folded before Flop
Seat 6: Hero folded before Flop (didn't bet)


Poker Hand #HD1723063186: Hold'em No Limit ($0.02/$0.05) - 2024/04/09 19:58:37
Table 'NLHBlue34' 6-max Seat #2 is the button
Seat 1: d6c3e9fd ($5.79 in chips)
Seat 2: 390fe2e6 ($5.96 in chips)
Seat 3: 5b96f89 ($5.11 in chips)
Seat 4: e4d3bb2c ($5.19 in chips)
Seat 5: 739b8d05 ($5.07 in chips)
Seat 6: Hero ($5.07 in chips)
5b96f89: posts small blind $0.02
e4d3bb2c: posts big blind $0.05
*** HOLE CARDS ***
Dealt to d6c3e9fd 
Dealt to 390fe2e6 
Dealt to 5b96f89 
Dealt to e4d3bb2c 
Dealt to 739b8d05 
Dealt to Hero [Td 5d]
739b8d05: raises $0.08 to $0.13
Hero: folds
d6c3e9fd: folds
390fe2e6: folds
5b96f89: calls $0.11
e4d3bb2c: folds
*** FLOP *** [7s 5h 2d]
5b96f89: checks
739b8d05: checks
*** TURN *** [7s 5h 2d] [Tc]
5b96f89: bets $0.16
739b8d05: folds
Uncalled bet ($0.16) returned to 5b96f89
*** SHOWDOWN ***
5b96f89 collected $0.3 from pot
*** SUMMARY ***
Total pot $0.31 | Rake $0.01 | Jackpot $0 | Bingo $0 | Fortune $0 | Tax $0
Board [7s 5h 2d Tc]
Seat 1: d6c3e9fd folded before Flop (didn't bet)
Seat 2: 390fe2e6 (button) folded before Flop (didn't bet)
Seat 3: 5b96f89 (small blind) won ($0.3)
Seat 4: e4d3bb2c (big blind) folded before Flop
Seat 5: 739b8d05 folded on the Turn
Seat 6: Hero folded before Flop (didn't bet)


Poker Hand #HD1723063068: Hold'em No Limit ($0.02/$0.05) - 2024/04/09 19:57:43
Table 'NLHBlue34' 6-max Seat #1 is the button
Seat 1: d6c3e9fd ($5.79 in chips)
Seat 2: 390fe2e6 ($5.98 in chips)
Seat 3: 5b96f89 ($5 in chips)
Seat 4: e4d3bb2c ($5.29 in chips)
Seat 5: 739b8d05 ($5.07 in chips)
Seat 6: Hero ($5.07 in chips)
390fe2e6: posts small blind $0.02
5b96f89: posts big blind $0.05
*** HOLE CARDS ***
Dealt to d6c3e9fd 
Dealt to 390fe2e6 
Dealt to 5b96f89 
Dealt to e4d3bb2c 
Dealt to 739b8d05 
Dealt to Hero [3c Qd]
e4d3bb2c: calls $0.05
739b8d05: folds
Hero: folds
d6c3e9fd: folds
390fe2e6: folds
5b96f89: checks
*** FLOP *** [6c 2s 2h]
5b96f89: checks
e4d3bb2c: bets $0.05
5b96f89: calls $0.05
*** TURN *** [6c 2s 2h] [5c]
5b96f89: checks
e4d3bb2c: checks
*** RIVER *** [6c 2s 2h 5c] [7c]
5b96f89: bets $0.11
e4d3bb2c: folds
Uncalled bet ($0.11) returned to 5b96f89
*** SHOWDOWN ***
5b96f89 collected $0.21 from pot
*** SUMMARY ***
Total pot $0.22 | Rake $0.01 | Jackpot $0 | Bingo $0 | Fortune $0 | Tax $0
Board [6c 2s 2h 5c 7c]
Seat 1: d6c3e9fd (button) folded before Flop (didn't bet)
Seat 2: 390fe2e6 (small blind) folded before Flop
Seat 3: 5b96f89 (big blind) won ($0.21)
Seat 4: e4d3bb2c folded on the River
Seat 5: 739b8d05 folded before Flop (didn't bet)
Seat 6: Hero folded before Flop (didn't bet)


Poker Hand #HD1723063027: Hold'em No Limit ($0.02/$0.05) - 2024/04/09 19:57:26
Table 'NLHBlue34' 6-max Seat #6 is the button
Seat 1: d6c3e9fd ($5.81 in chips)
Seat 2: 390fe2e6 ($6.03 in chips)
Seat 4: e4d3bb2c ($5.29 in chips)
Seat 5: 739b8d05 ($5.07 in chips)
Seat 6: Hero ($5 in chips)
d6c3e9fd: posts small blind $0.02
390fe2e6: posts big blind $0.05
*** HOLE CARDS ***
Dealt to d6c3e9fd 
Dealt to 390fe2e6 
Dealt to e4d3bb2c 
Dealt to 739b8d05 
Dealt to Hero [Ks Ah]
e4d3bb2c: folds
739b8d05: folds
Hero: raises $0.08 to $0.13
d6c3e9fd: folds
390fe2e6: folds
Uncalled bet ($0.08) returned to Hero
*** SHOWDOWN ***
Hero collected $0.12 from pot
*** SUMMARY ***
Total pot $0.12 | Rake $0 | Jackpot $0 | Bingo $0 | Fortune $0 | Tax $0
Seat 1: d6c3e9fd (small blind) folded before Flop
Seat 2: 390fe2e6 (big blind) folded before Flop
Seat 4: e4d3bb2c folded before Flop (didn't bet)
Seat 5: 739b8d05 folded before Flop (didn't bet)
Seat 6: Hero (button) collected ($0.12)


Poker Hand #HD1723062978: Hold'em No Limit ($0.02/$0.05) - 2024/04/09 19:57:04
Table 'NLHBlue34' 6-max Seat #5 is the button
Seat 1: d6c3e9fd ($5.86 in chips)
Seat 2: 390fe2e6 ($6.03 in chips)
Seat 4: e4d3bb2c ($5.29 in chips)
Seat 5: 739b8d05 ($5 in chips)
Seat 6: Hero ($5.02 in chips)
Hero: posts small blind $0.02
d6c3e9fd: posts big blind $0.05
*** HOLE CARDS ***
Dealt to d6c3e9fd 
Dealt to 390fe2e6 
Dealt to e4d3bb2c 
Dealt to 739b8d05 
Dealt to Hero [9c 4c]
390fe2e6: folds
e4d3bb2c: folds
739b8d05: raises $0.08 to $0.13
Hero: folds
d6c3e9fd: folds
Uncalled bet ($0.08) returned to 739b8d05
*** SHOWDOWN ***
739b8d05 collected $0.12 from pot
*** SUMMARY ***
Total pot $0.12 | Rake $0 | Jackpot $0 | Bingo $0 | Fortune $0 | Tax $0
Seat 1: d6c3e9fd (big blind) folded before Flop
Seat 2: 390fe2e6 folded before Flop (didn't bet)
Seat 4: e4d3bb2c folded before Flop (didn't bet)
Seat 5: 739b8d05 (button) collected ($0.12)
Seat 6: Hero (small blind) folded before Flop


Poker Hand #HD1723062958: Hold'em No Limit ($0.02/$0.05) - 2024/04/09 19:56:53
Table 'NLHBlue34' 6-max Seat #4 is the button
Seat 1: d6c3e9fd ($5.86 in chips)
Seat 2: 390fe2e6 ($6.03 in chips)
Seat 4: e4d3bb2c ($5.29 in chips)
Seat 5: 739b8d05 ($5 in chips)
Seat 6: Hero ($5 in chips)
739b8d05: posts small blind $0.02
Hero: posts big blind $0.05
*** HOLE CARDS ***
Dealt to d6c3e9fd 
Dealt to 390fe2e6 
Dealt to e4d3bb2c 
Dealt to 739b8d05 
Dealt to Hero [Ts Kh]
d6c3e9fd: folds
390fe2e6: folds
e4d3bb2c: folds
739b8d05: folds
Uncalled bet ($0.03) returned to Hero
*** SHOWDOWN ***
Hero collected $0.04 from pot
*** SUMMARY ***
Total pot $0.04 | Rake $0 | Jackpot $0 | Bingo $0 | Fortune $0 | Tax $0
Seat 1: d6c3e9fd folded before Flop (didn't bet)
Seat 2: 390fe2e6 folded before Flop (didn't bet)
Seat 4: e4d3bb2c (button) folded before Flop (didn't bet)
Seat 5: 739b8d05 (small blind) folded before Flop
Seat 6: Hero (big blind) collected ($0.04)


Poker Hand #HD1723062922: Hold'em No Limit ($0.02/$0.05) - 2024/04/09 19:56:41
Table 'NLHBlue34' 6-max Seat #2 is the button
Seat 1: d6c3e9fd ($5.79 in chips)
Seat 2: 390fe2e6 ($6.03 in chips)
Seat 4: e4d3bb2c ($5.31 in chips)
Seat 5: 739b8d05 ($5 in chips)
Seat 6: Hero ($5 in chips)
e4d3bb2c: posts small blind $0.02
739b8d05: posts big blind $0.05
*** HOLE CARDS ***
Dealt to d6c3e9fd 
Dealt to 390fe2e6 
Dealt to e4d3bb2c 
Dealt to 739b8d05 
Dealt to Hero [Qc 7d]
Hero: folds
d6c3e9fd: raises $0.08 to $0.13
390fe2e6: folds
e4d3bb2c: folds
739b8d05: folds
Uncalled bet ($0.08) returned to d6c3e9fd
*** SHOWDOWN ***
d6c3e9fd collected $0.12 from pot
*** SUMMARY ***
Total pot $0.12 | Rake $0 | Jackpot $0 | Bingo $0 | Fortune $0 | Tax $0
Seat 1: d6c3e9fd collected ($0.12)
Seat 2: 390fe2e6 (button) folded before Flop (didn't bet)
Seat 4: e4d3bb2c (small blind) folded before Flop
Seat 5: 739b8d05 (big blind) folded before Flop
Seat 6: Hero folded before Flop (didn't bet)


Poker Hand #HD1723062861: Hold'em No Limit ($0.02/$0.05) - 2024/04/09 19:56:16
Table 'NLHBlue34' 6-max Seat #1 is the button
Seat 1: d6c3e9fd ($5.6 in chips)
Seat 2: 390fe2e6 ($6.05 in chips)
Seat 3: bff070a5 ($9.35 in chips)
Seat 4: e4d3bb2c ($5.31 in chips)
Seat 5: 739b8d05 ($5 in chips)
Seat 6: Hero ($5.06 in chips)
390fe2e6: posts small blind $0.02
bff070a5: posts big blind $0.05
*** HOLE CARDS ***
Dealt to d6c3e9fd 
Dealt to 390fe2e6 
Dealt to bff070a5 
Dealt to e4d3bb2c 
Dealt to 739b8d05 
Dealt to Hero [Ah Jd]
e4d3bb2c: folds
739b8d05: folds
Hero: raises $0.08 to $0.13
d6c3e9fd: raises $0.25 to $0.38
390fe2e6: folds
bff070a5: folds
Hero: folds
Uncalled bet ($0.25) returned to d6c3e9fd
*** SHOWDOWN ***
d6c3e9fd collected $0.32 from pot
*** SUMMARY ***
Total pot $0.33 | Rake $0.01 | Jackpot $0 | Bingo $0 | Fortune $0 | Tax $0
Seat 1: d6c3e9fd (button) collected ($0.32)
Seat 2: 390fe2e6 (small blind) folded before Flop
Seat 3: bff070a5 (big blind) folded before Flop
Seat 4: e4d3bb2c folded before Flop (didn't bet)
Seat 5: 739b8d05 folded before Flop (didn't bet)
Seat 6: Hero folded before Flop


Poker Hand #HD1723062762: Hold'em No Limit ($0.02/$0.05) - 2024/04/09 19:55:29
Table 'NLHBlue34' 6-max Seat #6 is the button
Seat 1: d6c3e9fd ($5.62 in chips)
Seat 2: 390fe2e6 ($5.98 in chips)
Seat 3: bff070a5 ($9.35 in chips)
Seat 4: e4d3bb2c ($5.36 in chips)
Seat 5: 739b8d05 ($5 in chips)
Seat 6: Hero ($5.06 in chips)
d6c3e9fd: posts small blind $0.02
390fe2e6: posts big blind $0.05
*** HOLE CARDS ***
Dealt to d6c3e9fd 
Dealt to 390fe2e6 
Dealt to bff070a5 
Dealt to e4d3bb2c 
Dealt to 739b8d05 
Dealt to Hero [4c 7d]
bff070a5: folds
e4d3bb2c: calls $0.05
739b8d05: folds
Hero: folds
d6c3e9fd: folds
390fe2e6: checks
*** FLOP *** [8d 8c 4h]
390fe2e6: checks
e4d3bb2c: checks
*** TURN *** [8d 8c 4h] [3h]
390fe2e6: bets $0.06
e4d3bb2c: folds
Uncalled bet ($0.06) returned to 390fe2e6
*** SHOWDOWN ***
390fe2e6 collected $0.12 from pot
*** SUMMARY ***
Total pot $0.12 | Rake $0 | Jackpot $0 | Bingo $0 | Fortune $0 | Tax $0
Board [8d 8c 4h 3h]
Seat 1: d6c3e9fd (small blind) folded before Flop
Seat 2: 390fe2e6 (big blind) won ($0.12)
Seat 3: bff070a5 folded before Flop (didn't bet)
Seat 4: e4d3bb2c folded on the Turn
Seat 5: 739b8d05 folded before Flop (didn't bet)
Seat 6: Hero (button) folded before Flop (didn't bet)


Poker Hand #HD1723062577: Hold'em No Limit ($0.02/$0.05) - 2024/04/09 19:54:05
Table 'NLHBlue34' 6-max Seat #5 is the button
Seat 1: d6c3e9fd ($5.77 in chips)
Seat 2: 390fe2e6 ($5.98 in chips)
Seat 3: bff070a5 ($9.35 in chips)
Seat 4: e4d3bb2c ($4.86 in chips)
Seat 5: 739b8d05 ($5 in chips)
Seat 6: Hero ($5.08 in chips)
Hero: posts small blind $0.02
d6c3e9fd: posts big blind $0.05
*** HOLE CARDS ***
Dealt to d6c3e9fd 
Dealt to 390fe2e6 
Dealt to bff070a5 
Dealt to e4d3bb2c 
Dealt to 739b8d05 
Dealt to Hero [2s 5h]
390fe2e6: folds
bff070a5: folds
e4d3bb2c: calls $0.05
739b8d05: raises $0.1 to $0.15
Hero: folds
d6c3e9fd: calls $0.1
e4d3bb2c: calls $0.1
*** FLOP *** [5c Jd Kd]
d6c3e9fd: checks
e4d3bb2c: checks
739b8d05: bets $0.22
d6c3e9fd: folds
e4d3bb2c: calls $0.22
*** TURN *** [5c Jd Kd] [8d]
e4d3bb2c: checks
739b8d05: checks
*** RIVER *** [5c Jd Kd 8d] [5s]
e4d3bb2c: bets $0.46
739b8d05: folds
Uncalled bet ($0.46) returned to e4d3bb2c
*** SHOWDOWN ***
e4d3bb2c collected $0.87 from pot
*** SUMMARY ***
Total pot $0.91 | Rake $0.04 | Jackpot $0 | Bingo $0 | Fortune $0 | Tax $0
Board [5c Jd Kd 8d 5s]
Seat 1: d6c3e9fd (big blind) folded on the Flop
Seat 2: 390fe2e6 folded before Flop (didn't bet)
Seat 3: bff070a5 folded before Flop (didn't bet)
Seat 4: e4d3bb2c won ($0.87)
Seat 5: 739b8d05 (button) folded on the River
Seat 6: Hero (small blind) folded before Flop


Poker Hand #HD1723062479: Hold'em No Limit ($0.02/$0.05) - 2024/04/09 19:53:27
Table 'NLHBlue34' 6-max Seat #4 is the button
Seat 1: d6c3e9fd ($5.77 in chips)
Seat 2: 390fe2e6 ($6.13 in chips)
Seat 3: bff070a5 ($9.05 in chips)
Seat 4: e4d3bb2c ($4.86 in chips)
Seat 5: 739b8d05 ($5 in chips)
Seat 6: Hero ($5.23 in chips)
739b8d05: posts small blind $0.02
Hero: posts big blind $0.05
*** HOLE CARDS ***
Dealt to d6c3e9fd 
Dealt to 390fe2e6 
Dealt to bff070a5 
Dealt to e4d3bb2c 
Dealt to 739b8d05 
Dealt to Hero [2s 2d]
d6c3e9fd: folds
390fe2e6: raises $0.1 to $0.15
bff070a5: calls $0.15
e4d3bb2c: folds
739b8d05: folds
Hero: calls $0.1
*** FLOP *** [3d Jc 7d]
Hero: checks
390fe2e6: checks
bff070a5: bets $0.16
Hero: folds
390fe2e6: folds
Uncalled bet ($0.16) returned to bff070a5
*** SHOWDOWN ***
bff070a5 collected $0.45 from pot
*** SUMMARY ***
Total pot $0.47 | Rake $0.02 | Jackpot $0 | Bingo $0 | Fortune $0 | Tax $0
Board [3d Jc 7d]
Seat 1: d6c3e9fd folded before Flop (didn't bet)
Seat 2: 390fe2e6 folded on the Flop
Seat 3: bff070a5 won ($0.45)
Seat 4: e4d3bb2c (button) folded before Flop (didn't bet)
Seat 5: 739b8d05 (small blind) folded before Flop
Seat 6: Hero (big blind) folded on the Flop


Poker Hand #HD1723062420: Hold'em No Limit ($0.02/$0.05) - 2024/04/09 19:53:02
Table 'NLHBlue34' 6-max Seat #3 is the button
Seat 1: d6c3e9fd ($5.77 in chips)
Seat 2: 390fe2e6 ($6.06 in chips)
Seat 3: bff070a5 ($9.05 in chips)
Seat 4: e4d3bb2c ($4.88 in chips)
Seat 5: 739b8d05 ($5 in chips)
Seat 6: Hero ($5.23 in chips)
e4d3bb2c: posts small blind $0.02
739b8d05: posts big blind $0.05
*** HOLE CARDS ***
Dealt to d6c3e9fd 
Dealt to 390fe2e6 
Dealt to bff070a5 
Dealt to e4d3bb2c 
Dealt to 739b8d05 
Dealt to Hero [7h Jd]
Hero: folds
d6c3e9fd: folds
390fe2e6: raises $0.1 to $0.15
bff070a5: folds
e4d3bb2c: folds
739b8d05: folds
Uncalled bet ($0.1) returned to 390fe2e6
*** SHOWDOWN ***
390fe2e6 collected $0.12 from pot
*** SUMMARY ***
Total pot $0.12 | Rake $0 | Jackpot $0 | Bingo $0 | Fortune $0 | Tax $0
Seat 1: d6c3e9fd folded before Flop (didn't bet)
Seat 2: 390fe2e6 collected ($0.12)
Seat 3: bff070a5 (button) folded before Flop (didn't bet)
Seat 4: e4d3bb2c (small blind) folded before Flop
Seat 5: 739b8d05 (big blind) folded before Flop
Seat 6: Hero folded before Flop (didn't bet)


Poker Hand #HD1723062390: Hold'em No Limit ($0.02/$0.05) - 2024/04/09 19:52:44
Table 'NLHBlue34' 6-max Seat #2 is the button
Seat 1: d6c3e9fd ($5.77 in chips)
Seat 2: 390fe2e6 ($6.06 in chips)
Seat 3: bff070a5 ($9 in chips)
Seat 4: e4d3bb2c ($4.93 in chips)
Seat 6: Hero ($5.23 in chips)
bff070a5: posts small blind $0.02
e4d3bb2c: posts big blind $0.05
*** HOLE CARDS ***
Dealt to d6c3e9fd 
Dealt to 390fe2e6 
Dealt to bff070a5 
Dealt to e4d3bb2c 
Dealt to Hero [7d 3h]
Hero: folds
d6c3e9fd: folds
390fe2e6: folds
bff070a5: raises $0.08 to $0.13
e4d3bb2c: folds
Uncalled bet ($0.08) returned to bff070a5
*** SHOWDOWN ***
bff070a5 collected $0.1 from pot
*** SUMMARY ***
Total pot $0.1 | Rake $0 | Jackpot $0 | Bingo $0 | Fortune $0 | Tax $0
Seat 1: d6c3e9fd folded before Flop (didn't bet)
Seat 2: 390fe2e6 (button) folded before Flop (didn't bet)
Seat 3: bff070a5 (small blind) collected ($0.1)
Seat 4: e4d3bb2c (big blind) folded before Flop
Seat 6: Hero folded before Flop (didn't bet)


Poker Hand #HD1723062358: Hold'em No Limit ($0.02/$0.05) - 2024/04/09 19:52:32
Table 'NLHBlue34' 6-max Seat #1 is the button
Seat 1: d6c3e9fd ($5.77 in chips)
Seat 2: 390fe2e6 ($6.08 in chips)
Seat 3: bff070a5 ($8.98 in chips)
Seat 4: e4d3bb2c ($4.93 in chips)
Seat 6: Hero ($5.23 in chips)
390fe2e6: posts small blind $0.02
bff070a5: posts big blind $0.05
*** HOLE CARDS ***
Dealt to d6c3e9fd 
Dealt to 390fe2e6 
Dealt to bff070a5 
Dealt to e4d3bb2c 
Dealt to Hero [Th 8d]
e4d3bb2c: folds
Hero: folds
d6c3e9fd: folds
390fe2e6: folds
Uncalled bet ($0.03) returned to bff070a5
*** SHOWDOWN ***
bff070a5 collected $0.04 from pot
*** SUMMARY ***
Total pot $0.04 | Rake $0 | Jackpot $0 | Bingo $0 | Fortune $0 | Tax $0
Seat 1: d6c3e9fd (button) folded before Flop (didn't bet)
Seat 2: 390fe2e6 (small blind) folded before Flop
Seat 3: bff070a5 (big blind) collected ($0.04)
Seat 4: e4d3bb2c folded before Flop (didn't bet)
Seat 6: Hero folded before Flop (didn't bet)


Poker Hand #HD1723062317: Hold'em No Limit ($0.02/$0.05) - 2024/04/09 19:52:16
Table 'NLHBlue34' 6-max Seat #6 is the button
Seat 1: d6c3e9fd ($5.72 in chips)
Seat 2: 390fe2e6 ($6.13 in chips)
Seat 3: bff070a5 ($8.98 in chips)
Seat 4: e4d3bb2c ($4.93 in chips)
Seat 6: Hero ($5.23 in chips)
d6c3e9fd: posts small blind $0.02
390fe2e6: posts big blind $0.05
*** HOLE CARDS ***
Dealt to d6c3e9fd 
Dealt to 390fe2e6 
Dealt to bff070a5 
Dealt to e4d3bb2c 
Dealt to Hero [9h Td]
bff070a5: folds
e4d3bb2c: folds
Hero: folds
d6c3e9fd: raises $0.08 to $0.13
390fe2e6: folds
Uncalled bet ($0.08) returned to d6c3e9fd
*** SHOWDOWN ***
d6c3e9fd collected $0.1 from pot
*** SUMMARY ***
Total pot $0.1 | Rake $0 | Jackpot $0 | Bingo $0 | Fortune $0 | Tax $0
Seat 1: d6c3e9fd (small blind) collected ($0.1)
Seat 2: 390fe2e6 (big blind) folded before Flop
Seat 3: bff070a5 folded before Flop (didn't bet)
Seat 4: e4d3bb2c folded before Flop (didn't bet)
Seat 6: Hero (button) folded before Flop (didn't bet)


Poker Hand #HD1723062280: Hold'em No Limit ($0.02/$0.05) - 2024/04/09 19:52:01
Table 'NLHBlue34' 6-max Seat #5 is the button
Seat 1: d6c3e9fd ($5.77 in chips)
Seat 2: 390fe2e6 ($6.06 in chips)
Seat 3: bff070a5 ($8.98 in chips)
Seat 4: e4d3bb2c ($4.93 in chips)
Seat 5: a3639709 ($4.78 in chips)
Seat 6: Hero ($5.25 in chips)
Hero: posts small blind $0.02
d6c3e9fd: posts big blind $0.05
*** HOLE CARDS ***
Dealt to d6c3e9fd 
Dealt to 390fe2e6 
Dealt to bff070a5 
Dealt to e4d3bb2c 
Dealt to a3639709 
Dealt to Hero [4c 2c]
390fe2e6: raises $0.05 to $0.1
bff070a5: folds
e4d3bb2c: folds
a3639709: folds
Hero: folds
d6c3e9fd: folds
Uncalled bet ($0.05) returned to 390fe2e6
*** SHOWDOWN ***
390fe2e6 collected $0.12 from pot
*** SUMMARY ***
Total pot $0.12 | Rake $0 | Jackpot $0 | Bingo $0 | Fortune $0 | Tax $0
Seat 1: d6c3e9fd (big blind) folded before Flop
Seat 2: 390fe2e6 collected ($0.12)
Seat 3: bff070a5 folded before Flop (didn't bet)
Seat 4: e4d3bb2c folded before Flop (didn't bet)
Seat 5: a3639709 (button) folded before Flop (didn't bet)
Seat 6: Hero (small blind) folded before Flop


Poker Hand #HD1723062205: Hold'em No Limit ($0.02/$0.05) - 2024/04/09 19:51:28
Table 'NLHBlue34' 6-max Seat #4 is the button
Seat 1: d6c3e9fd ($5.77 in chips)
Seat 2: 390fe2e6 ($6.06 in chips)
Seat 3: bff070a5 ($9.11 in chips)
Seat 4: e4d3bb2c ($4.93 in chips)
Seat 5: a3639709 ($4.61 in chips)
Seat 6: Hero ($5.3 in chips)
a3639709: posts small blind $0.02
Hero: posts big blind $0.05
*** HOLE CARDS ***
Dealt to d6c3e9fd 
Dealt to 390fe2e6 
Dealt to bff070a5 
Dealt to e4d3bb2c 
Dealt to a3639709 
Dealt to Hero [5h Js]
d6c3e9fd: folds
390fe2e6: folds
bff070a5: raises $0.08 to $0.13
e4d3bb2c: folds
a3639709: calls $0.11
Hero: folds
*** FLOP *** [3h 5c Kh]
a3639709: checks
bff070a5: checks
*** TURN *** [3h 5c Kh] [6s]
a3639709: bets $0.25
bff070a5: folds
Uncalled bet ($0.25) returned to a3639709
*** SHOWDOWN ***
a3639709 collected $0.3 from pot
*** SUMMARY ***
Total pot $0.31 | Rake $0.01 | Jackpot $0 | Bingo $0 | Fortune $0 | Tax $0
Board [3h 5c Kh 6s]
Seat 1: d6c3e9fd folded before Flop (didn't bet)
Seat 2: 390fe2e6 folded before Flop (didn't bet)
Seat 3: bff070a5 folded on the Turn
Seat 4: e4d3bb2c (button) folded before Flop (didn't bet)
Seat 5: a3639709 (small blind) won ($0.3)
Seat 6: Hero (big blind) folded before Flop


Poker Hand #HD1723062138: Hold'em No Limit ($0.02/$0.05) - 2024/04/09 19:50:57
Table 'NLHBlue34' 6-max Seat #3 is the button
Seat 1: d6c3e9fd ($5.7 in chips)
Seat 2: 390fe2e6 ($6.06 in chips)
Seat 3: bff070a5 ($9.11 in chips)
Seat 4: e4d3bb2c ($4.95 in chips)
Seat 5: a3639709 ($4.66 in chips)
Seat 6: Hero ($5.3 in chips)
e4d3bb2c: posts small blind $0.02
a3639709: posts big blind $0.05
*** HOLE CARDS ***
Dealt to d6c3e9fd 
Dealt to 390fe2e6 
Dealt to bff070a5 
Dealt to e4d3bb2c 
Dealt to a3639709 
Dealt to Hero [5h 4s]
Hero: folds
d6c3e9fd: raises $0.08 to $0.13
390fe2e6: folds
bff070a5: folds
e4d3bb2c: folds
a3639709: folds
Uncalled bet ($0.08) returned to d6c3e9fd
*** SHOWDOWN ***
d6c3e9fd collected $0.12 from pot
*** SUMMARY ***
Total pot $0.12 | Rake $0 | Jackpot $0 | Bingo $0 | Fortune $0 | Tax $0
Seat 1: d6c3e9fd collected ($0.12)
Seat 2: 390fe2e6 folded before Flop (didn't bet)
Seat 3: bff070a5 (button) folded before Flop (didn't bet)
Seat 4: e4d3bb2c (small blind) folded before Flop
Seat 5: a3639709 (big blind) folded before Flop
Seat 6: Hero folded before Flop (didn't bet)


Poker Hand #HD1723062030: Hold'em No Limit ($0.02/$0.05) - 2024/04/09 19:50:10
Table 'NLHBlue34' 6-max Seat #2 is the button
Seat 1: d6c3e9fd ($5.7 in chips)
Seat 2: 390fe2e6 ($5 in chips)
Seat 3: bff070a5 ($9.13 in chips)
Seat 4: e4d3bb2c ($5 in chips)
Seat 5: a3639709 ($5.81 in chips)
Seat 6: Hero ($5.3 in chips)
bff070a5: posts small blind $0.02
e4d3bb2c: posts big blind $0.05
*** HOLE CARDS ***
Dealt to d6c3e9fd 
Dealt to 390fe2e6 
Dealt to bff070a5 
Dealt to e4d3bb2c 
Dealt to a3639709 
Dealt to Hero [5c 3d]
a3639709: calls $0.05
Hero: folds
d6c3e9fd: folds
390fe2e6: raises $0.09 to $0.14
bff070a5: folds
e4d3bb2c: folds
a3639709: calls $0.09
*** FLOP *** [9s 4d 9d]
a3639709: checks
390fe2e6: checks
*** TURN *** [9s 4d 9d] [Js]
a3639709: bets $0.28
390fe2e6: calls $0.28
*** RIVER *** [9s 4d 9d Js] [Qs]
a3639709: bets $0.73
390fe2e6: calls $0.73
a3639709: shows [3h Jh] (Pair of Jacks and Pair of Nines)
390fe2e6: shows [Jc Ah] (Pair of Jacks and Pair of Nines)
*** SHOWDOWN ***
390fe2e6 collected $2.21 from pot
*** SUMMARY ***
Total pot $2.37 | Rake $0.11 | Jackpot $0.05 | Bingo $0 | Fortune $0 | Tax $0
Board [9s 4d 9d Js Qs]
Seat 1: d6c3e9fd folded before Flop (didn't bet)
Seat 2: 390fe2e6 (button) showed [Jc Ah] and won ($2.21) with Pair of Jacks and Pair of Nines
Seat 3: bff070a5 (small blind) folded before Flop
Seat 4: e4d3bb2c (big blind) folded before Flop
Seat 5: a3639709 showed [3h Jh] and lost with Pair of Jacks and Pair of Nines
Seat 6: Hero folded before Flop (didn't bet)


Poker Hand #HD1723061943: Hold'em No Limit ($0.02/$0.05) - 2024/04/09 19:49:30
Table 'NLHBlue34' 6-max Seat #1 is the button
Seat 1: d6c3e9fd ($5.7 in chips)
Seat 2: 390fe2e6 ($4.75 in chips)
Seat 3: bff070a5 ($9.18 in chips)
Seat 4: e4d3bb2c ($5 in chips)
Seat 5: a3639709 ($5.81 in chips)
Seat 6: Hero ($5 in chips)
390fe2e6: posts small blind $0.02
bff070a5: posts big blind $0.05
*** HOLE CARDS ***
Dealt to d6c3e9fd 
Dealt to 390fe2e6 
Dealt to bff070a5 
Dealt to e4d3bb2c 
Dealt to a3639709 
Dealt to Hero [Th Ac]
e4d3bb2c: folds
a3639709: folds
Hero: raises $0.08 to $0.13
d6c3e9fd: folds
390fe2e6: calls $0.11
bff070a5: folds
*** FLOP *** [Jc Qh Ad]
390fe2e6: checks
Hero: bets $0.15
390fe2e6: calls $0.15
*** TURN *** [Jc Qh Ad] [3s]
390fe2e6: checks
Hero: bets $0.3
390fe2e6: folds
Uncalled bet ($0.3) returned to Hero
*** SHOWDOWN ***
Hero collected $0.58 from pot
*** SUMMARY ***
Total pot $0.61 | Rake $0.03 | Jackpot $0 | Bingo $0 | Fortune $0 | Tax $0
Board [Jc Qh Ad 3s]
Seat 1: d6c3e9fd (button) folded before Flop (didn't bet)
Seat 2: 390fe2e6 (small blind) folded on the Turn
Seat 3: bff070a5 (big blind) folded before Flop
Seat 4: e4d3bb2c folded before Flop (didn't bet)
Seat 5: a3639709 folded before Flop (didn't bet)
Seat 6: Hero won ($0.58)


Poker Hand #HD1723061861: Hold'em No Limit ($0.02/$0.05) - 2024/04/09 19:48:53
Table 'NLHBlue34' 6-max Seat #6 is the button
Seat 1: d6c3e9fd ($5.83 in chips)
Seat 2: 390fe2e6 ($4.63 in chips)
Seat 3: bff070a5 ($9.18 in chips)
Seat 4: e4d3bb2c ($5 in chips)
Seat 5: a3639709 ($5.81 in chips)
Seat 6: Hero ($5 in chips)
d6c3e9fd: posts small blind $0.02
390fe2e6: posts big blind $0.05
*** HOLE CARDS ***
Dealt to d6c3e9fd 
Dealt to 390fe2e6 
Dealt to bff070a5 
Dealt to e4d3bb2c 
Dealt to a3639709 
Dealt to Hero [6d 3c]
bff070a5: folds
e4d3bb2c: folds
a3639709: folds
Hero: folds
d6c3e9fd: raises $0.08 to $0.13
390fe2e6: raises $0.26 to $0.39
d6c3e9fd: folds
Uncalled bet ($0.26) returned to 390fe2e6
*** SHOWDOWN ***
390fe2e6 collected $0.25 from pot
*** SUMMARY ***
Total pot $0.26 | Rake $0.01 | Jackpot $0 | Bingo $0 | Fortune $0 | Tax $0
Seat 1: d6c3e9fd (small blind) folded before Flop
Seat 2: 390fe2e6 (big blind) collected ($0.25)
Seat 3: bff070a5 folded before Flop (didn't bet)
Seat 4: e4d3bb2c folded before Flop (didn't bet)
Seat 5: a3639709 folded before Flop (didn't bet)
Seat 6: Hero (button) folded before Flop (didn't bet)


Poker Hand #HD1723061685: Hold'em No Limit ($0.02/$0.05) - 2024/04/09 19:47:39
Table 'NLHBlue34' 6-max Seat #5 is the button
Seat 1: d6c3e9fd ($5.19 in chips)
Seat 2: 390fe2e6 ($4.63 in chips)
Seat 3: bff070a5 ($9.18 in chips)
Seat 4: e4d3bb2c ($4.9 in chips)
Seat 5: a3639709 ($6.13 in chips)
Seat 6: Hero ($5.05 in chips)
Hero: posts small blind $0.02
d6c3e9fd: posts big blind $0.05
*** HOLE CARDS ***
Dealt to d6c3e9fd 
Dealt to 390fe2e6 
Dealt to bff070a5 
Dealt to e4d3bb2c 
Dealt to a3639709 
Dealt to Hero [Ah 9c]
390fe2e6: folds
bff070a5: folds
e4d3bb2c: calls $0.05
a3639709: calls $0.05
Hero: calls $0.03
d6c3e9fd: checks
*** FLOP *** [Ad Qs 6c]
Hero: checks
d6c3e9fd: checks
e4d3bb2c: checks
a3639709: checks
*** TURN *** [Ad Qs 6c] [3d]
Hero: bets $0.1
d6c3e9fd: calls $0.1
e4d3bb2c: folds
a3639709: calls $0.1
*** RIVER *** [Ad Qs 6c 3d] [7d]
Hero: checks
d6c3e9fd: bets $0.17
a3639709: calls $0.17
Hero: calls $0.17
d6c3e9fd: shows [7h 3h] (Pair of Sevens and Pair of Treys)
a3639709: shows [6s 4c] (Pair of Sixes)
Hero: shows [Ah 9c] (Pair of Aces)
*** SHOWDOWN ***
d6c3e9fd collected $0.96 from pot
*** SUMMARY ***
Total pot $1.01 | Rake $0.05 | Jackpot $0 | Bingo $0 | Fortune $0 | Tax $0
Board [Ad Qs 6c 3d 7d]
Seat 1: d6c3e9fd (big blind) showed [7h 3h] and won ($0.96) with Pair of Sevens and Pair of Treys
Seat 2: 390fe2e6 folded before Flop (didn't bet)
Seat 3: bff070a5 folded before Flop (didn't bet)
Seat 4: e4d3bb2c folded on the Turn
Seat 5: a3639709 (button) showed [6s 4c] and lost with Pair of Sixes
Seat 6: Hero (small blind) showed [Ah 9c] and lost with Pair of Aces


Poker Hand #HD1723061436: Hold'em No Limit ($0.02/$0.05) - 2024/04/09 19:45:55
Table 'NLHBlue34' 6-max Seat #4 is the button
Seat 1: d6c3e9fd ($5.19 in chips)
Seat 2: 390fe2e6 ($4.78 in chips)
Seat 3: bff070a5 ($9.18 in chips)
Seat 4: e4d3bb2c ($6.05 in chips)
Seat 5: a3639709 ($4.95 in chips)
Seat 6: Hero ($5.1 in chips)
a3639709: posts small blind $0.02
Hero: posts big blind $0.05
*** HOLE CARDS ***
Dealt to d6c3e9fd 
Dealt to 390fe2e6 
Dealt to bff070a5 
Dealt to e4d3bb2c 
Dealt to a3639709 
Dealt to Hero [5c 6d]
d6c3e9fd: folds
390fe2e6: raises $0.1 to $0.15
bff070a5: folds
e4d3bb2c: calls $0.15
a3639709: raises $0.25 to $0.4
Hero: folds
390fe2e6: folds
e4d3bb2c: calls $0.25
*** FLOP *** [4h 3h 8d]
a3639709: bets $0.75
e4d3bb2c: calls $0.75
*** TURN *** [4h 3h 8d] [9h]
a3639709: bets $2
e4d3bb2c: folds
Uncalled bet ($2) returned to a3639709
*** SHOWDOWN ***
a3639709 collected $2.33 from pot
*** SUMMARY ***
Total pot $2.5 | Rake $0.12 | Jackpot $0.05 | Bingo $0 | Fortune $0 | Tax $0
Board [4h 3h 8d 9h]
Seat 1: d6c3e9fd folded before Flop (didn't bet)
Seat 2: 390fe2e6 folded before Flop
Seat 3: bff070a5 folded before Flop (didn't bet)
Seat 4: e4d3bb2c (button) folded on the Turn
Seat 5: a3639709 (small blind) won ($2.33)
Seat 6: Hero (big blind) folded before Flop


Poker Hand #HD1723061390: Hold'em No Limit ($0.02/$0.05) - 2024/04/09 19:45:39
Table 'NLHBlue34' 6-max Seat #3 is the button
Seat 1: d6c3e9fd ($5.12 in chips)
Seat 2: 390fe2e6 ($4.78 in chips)
Seat 3: bff070a5 ($9.18 in chips)
Seat 4: e4d3bb2c ($6.07 in chips)
Seat 5: a3639709 ($5 in chips)
Seat 6: Hero ($5.1 in chips)
e4d3bb2c: posts small blind $0.02
a3639709: posts big blind $0.05
*** HOLE CARDS ***
Dealt to d6c3e9fd 
Dealt to 390fe2e6 
Dealt to bff070a5 
Dealt to e4d3bb2c 
Dealt to a3639709 
Dealt to Hero [Kd Th]
Hero: folds
d6c3e9fd: raises $0.08 to $0.13
390fe2e6: folds
bff070a5: folds
e4d3bb2c: folds
a3639709: folds
Uncalled bet ($0.08) returned to d6c3e9fd
*** SHOWDOWN ***
d6c3e9fd collected $0.12 from pot
*** SUMMARY ***
Total pot $0.12 | Rake $0 | Jackpot $0 | Bingo $0 | Fortune $0 | Tax $0
Seat 1: d6c3e9fd collected ($0.12)
Seat 2: 390fe2e6 folded before Flop (didn't bet)
Seat 3: bff070a5 (button) folded before Flop (didn't bet)
Seat 4: e4d3bb2c (small blind) folded before Flop
Seat 5: a3639709 (big blind) folded before Flop
Seat 6: Hero folded before Flop (didn't bet)


Poker Hand #HD1723061352: Hold'em No Limit ($0.02/$0.05) - 2024/04/09 19:45:25
Table 'NLHBlue34' 6-max Seat #2 is the button
Seat 1: d6c3e9fd ($5.12 in chips)
Seat 2: 390fe2e6 ($4.78 in chips)
Seat 3: bff070a5 ($9.2 in chips)
Seat 4: e4d3bb2c ($6.05 in chips)
Seat 6: Hero ($5.1 in chips)
bff070a5: posts small blind $0.02
e4d3bb2c: posts big blind $0.05
*** HOLE CARDS ***
Dealt to d6c3e9fd 
Dealt to 390fe2e6 
Dealt to bff070a5 
Dealt to e4d3bb2c 
Dealt to Hero [Kh 3h]
Hero: folds
d6c3e9fd: folds
390fe2e6: folds
bff070a5: folds
Uncalled bet ($0.03) returned to e4d3bb2c
*** SHOWDOWN ***
e4d3bb2c collected $0.04 from pot
*** SUMMARY ***
Total pot $0.04 | Rake $0 | Jackpot $0 | Bingo $0 | Fortune $0 | Tax $0
Seat 1: d6c3e9fd folded before Flop (didn't bet)
Seat 2: 390fe2e6 (button) folded before Flop (didn't bet)
Seat 3: bff070a5 (small blind) folded before Flop
Seat 4: e4d3bb2c (big blind) collected ($0.04)
Seat 6: Hero folded before Flop (didn't bet)


Poker Hand #HD1723061308: Hold'em No Limit ($0.02/$0.05) - 2024/04/09 19:45:03
Table 'NLHBlue34' 6-max Seat #1 is the button
Seat 1: d6c3e9fd ($5.12 in chips)
Seat 2: 390fe2e6 ($4.73 in chips)
Seat 3: bff070a5 ($9.25 in chips)
Seat 4: e4d3bb2c ($6.05 in chips)
Seat 5: 9f3f337 ($9.02 in chips)
Seat 6: Hero ($5.1 in chips)
390fe2e6: posts small blind $0.02
bff070a5: posts big blind $0.05
*** HOLE CARDS ***
Dealt to d6c3e9fd 
Dealt to 390fe2e6 
Dealt to bff070a5 
Dealt to e4d3bb2c 
Dealt to 9f3f337 
Dealt to Hero [2c 5h]
e4d3bb2c: folds
9f3f337: folds
Hero: folds
d6c3e9fd: folds
390fe2e6: raises $0.1 to $0.15
bff070a5: folds
Uncalled bet ($0.1) returned to 390fe2e6
*** SHOWDOWN ***
390fe2e6 collected $0.1 from pot
*** SUMMARY ***
Total pot $0.1 | Rake $0 | Jackpot $0 | Bingo $0 | Fortune $0 | Tax $0
Seat 1: d6c3e9fd (button) folded before Flop (didn't bet)
Seat 2: 390fe2e6 (small blind) collected ($0.1)
Seat 3: bff070a5 (big blind) folded before Flop
Seat 4: e4d3bb2c folded before Flop (didn't bet)
Seat 5: 9f3f337 folded before Flop (didn't bet)
Seat 6: Hero folded before Flop (didn't bet)


Poker Hand #HD1723061229: Hold'em No Limit ($0.02/$0.05) - 2024/04/09 19:44:28
Table 'NLHBlue34' 6-max Seat #6 is the button
Seat 1: d6c3e9fd ($5.25 in chips)
Seat 2: 390fe2e6 ($4.61 in chips)
Seat 3: bff070a5 ($9.25 in chips)
Seat 4: e4d3bb2c ($6.05 in chips)
Seat 5: 9f3f337 ($9.02 in chips)
Seat 6: Hero ($5.1 in chips)
d6c3e9fd: posts small blind $0.02
390fe2e6: posts big blind $0.05
*** HOLE CARDS ***
Dealt to d6c3e9fd 
Dealt to 390fe2e6 
Dealt to bff070a5 
Dealt to e4d3bb2c 
Dealt to 9f3f337 
Dealt to Hero [Ac 2d]
bff070a5: folds
e4d3bb2c: folds
9f3f337: folds
Hero: folds
d6c3e9fd: raises $0.08 to $0.13
390fe2e6: raises $0.26 to $0.39
d6c3e9fd: folds
Uncalled bet ($0.26) returned to 390fe2e6
*** SHOWDOWN ***
390fe2e6 collected $0.25 from pot
*** SUMMARY ***
Total pot $0.26 | Rake $0.01 | Jackpot $0 | Bingo $0 | Fortune $0 | Tax $0
Seat 1: d6c3e9fd (small blind) folded before Flop
Seat 2: 390fe2e6 (big blind) collected ($0.25)
Seat 3: bff070a5 folded before Flop (didn't bet)
Seat 4: e4d3bb2c folded before Flop (didn't bet)
Seat 5: 9f3f337 folded before Flop (didn't bet)
Seat 6: Hero (button) folded before Flop (didn't bet)


Poker Hand #HD1723061131: Hold'em No Limit ($0.02/$0.05) - 2024/04/09 19:43:48
Table 'NLHBlue34' 6-max Seat #5 is the button
Seat 1: d6c3e9fd ($5.3 in chips)
Seat 2: 390fe2e6 ($4.61 in chips)
Seat 3: bff070a5 ($9.25 in chips)
Seat 4: e4d3bb2c ($6.05 in chips)
Seat 5: 9f3f337 ($9.07 in chips)
Seat 6: Hero ($5 in chips)
Hero: posts small blind $0.02
d6c3e9fd: posts big blind $0.05
*** HOLE CARDS ***
Dealt to d6c3e9fd 
Dealt to 390fe2e6 
Dealt to bff070a5 
Dealt to e4d3bb2c 
Dealt to 9f3f337 
Dealt to Hero [Qd Kh]
390fe2e6: folds
bff070a5: folds
e4d3bb2c: folds
9f3f337: calls $0.05
Hero: raises $0.15 to $0.2
d6c3e9fd: folds
9f3f337: folds
Uncalled bet ($0.15) returned to Hero
*** SHOWDOWN ***
Hero collected $0.15 from pot
*** SUMMARY ***
Total pot $0.15 | Rake $0 | Jackpot $0 | Bingo $0 | Fortune $0 | Tax $0
Seat 1: d6c3e9fd (big blind) folded before Flop
Seat 2: 390fe2e6 folded before Flop (didn't bet)
Seat 3: bff070a5 folded before Flop (didn't bet)
Seat 4: e4d3bb2c folded before Flop (didn't bet)
Seat 5: 9f3f337 (button) folded before Flop
Seat 6: Hero (small blind) collected ($0.15)


Poker Hand #HD1723061073: Hold'em No Limit ($0.02/$0.05) - 2024/04/09 19:43:22
Table 'NLHBlue34' 6-max Seat #4 is the button
Seat 1: d6c3e9fd ($5.13 in chips)
Seat 2: 390fe2e6 ($4.61 in chips)
Seat 3: bff070a5 ($9.25 in chips)
Seat 4: e4d3bb2c ($6.05 in chips)
Seat 5: 9f3f337 ($9.2 in chips)
Seat 6: Hero ($5 in chips)
9f3f337: posts small blind $0.02
Hero: posts big blind $0.05
*** HOLE CARDS ***
Dealt to d6c3e9fd 
Dealt to 390fe2e6 
Dealt to bff070a5 
Dealt to e4d3bb2c 
Dealt to 9f3f337 
Dealt to Hero [7s 4h]
d6c3e9fd: raises $0.08 to $0.13
390fe2e6: folds
bff070a5: folds
e4d3bb2c: folds
9f3f337: calls $0.11
Hero: folds
*** FLOP *** [7c 2d Kd]
9f3f337: checks
d6c3e9fd: bets $0.16
9f3f337: folds
Uncalled bet ($0.16) returned to d6c3e9fd
*** SHOWDOWN ***
d6c3e9fd collected $0.3 from pot
*** SUMMARY ***
Total pot $0.31 | Rake $0.01 | Jackpot $0 | Bingo $0 | Fortune $0 | Tax $0
Board [7c 2d Kd]
Seat 1: d6c3e9fd won ($0.3)
Seat 2: 390fe2e6 folded before Flop (didn't bet)
Seat 3: bff070a5 folded before Flop (didn't bet)
Seat 4: e4d3bb2c (button) folded before Flop (didn't bet)
Seat 5: 9f3f337 (small blind) folded on the Flop
Seat 6: Hero (big blind) folded before Flop


