Poker Hand #HD1750328201: Hold'em No Limit ($0.02/$0.05) - 2024/04/28 18:26:15
Table 'NLHBlue10' 6-max Seat #1 is the button
Seat 1: 3b1e1d6 ($1.28 in chips)
Seat 2: 5865e83b ($5.26 in chips)
Seat 3: 8ce845f7 ($5 in chips)
Seat 4: abfd3936 ($6.02 in chips)
Seat 5: Hero ($5.93 in chips)
Seat 6: b2f9960e ($5.67 in chips)
5865e83b: posts small blind $0.02
8ce845f7: posts big blind $0.05
*** HOLE CARDS ***
Dealt to 3b1e1d6 
Dealt to 5865e83b 
Dealt to 8ce845f7 
Dealt to abfd3936 
Dealt to Hero [2c 7c]
Dealt to b2f9960e 
abfd3936: folds
Hero: folds
b2f9960e: folds
3b1e1d6: folds
5865e83b: folds
Uncalled bet ($0.03) returned to 8ce845f7
*** SHOWDOWN ***
8ce845f7 collected $0.04 from pot
*** SUMMARY ***
Total pot $0.04 | Rake $0 | Jackpot $0 | Bingo $0 | Fortune $0 | Tax $0
Seat 1: 3b1e1d6 (button) folded before Flop (didn't bet)
Seat 2: 5865e83b (small blind) folded before Flop
Seat 3: 8ce845f7 (big blind) collected ($0.04)
Seat 4: abfd3936 folded before Flop (didn't bet)
Seat 5: Hero folded before Flop (didn't bet)
Seat 6: b2f9960e folded before Flop (didn't bet)


Poker Hand #HD1750328138: Hold'em No Limit ($0.02/$0.05) - 2024/04/28 18:25:35
Table 'NLHBlue10' 6-max Seat #6 is the button
Seat 1: 3b1e1d6 ($1.3 in chips)
Seat 2: 5865e83b ($4.98 in chips)
Seat 4: abfd3936 ($6.31 in chips)
Seat 5: Hero ($5.93 in chips)
Seat 6: b2f9960e ($5.67 in chips)
3b1e1d6: posts small blind $0.02
5865e83b: posts big blind $0.05
*** HOLE CARDS ***
Dealt to 3b1e1d6 
Dealt to 5865e83b 
Dealt to abfd3936 
Dealt to Hero [8d 4d]
Dealt to b2f9960e 
abfd3936: raises $0.09 to $0.14
Hero: folds
b2f9960e: folds
3b1e1d6: folds
5865e83b: calls $0.09
*** FLOP *** [Td 3d 7d]
5865e83b: checks
abfd3936: checks
*** TURN *** [Td 3d 7d] [8s]
5865e83b: bets $0.15
abfd3936: calls $0.15
*** RIVER *** [Td 3d 7d 8s] [9d]
5865e83b: bets $0.3
abfd3936: folds
Uncalled bet ($0.3) returned to 5865e83b
*** SHOWDOWN ***
5865e83b collected $0.57 from pot
*** SUMMARY ***
Total pot $0.6 | Rake $0.03 | Jackpot $0 | Bingo $0 | Fortune $0 | Tax $0
Board [Td 3d 7d 8s 9d]
Seat 1: 3b1e1d6 (small blind) folded before Flop
Seat 2: 5865e83b (big blind) won ($0.57)
Seat 4: abfd3936 folded on the River
Seat 5: Hero folded before Flop (didn't bet)
Seat 6: b2f9960e (button) folded before Flop (didn't bet)


Poker Hand #HD1750328105: Hold'em No Limit ($0.02/$0.05) - 2024/04/28 18:25:16
Table 'NLHBlue10' 6-max Seat #5 is the button
Seat 1: 3b1e1d6 ($1.28 in chips)
Seat 2: 5865e83b ($4.98 in chips)
Seat 4: abfd3936 ($6.31 in chips)
Seat 5: Hero ($5.93 in chips)
Seat 6: b2f9960e ($5.69 in chips)
b2f9960e: posts small blind $0.02
3b1e1d6: posts big blind $0.05
*** HOLE CARDS ***
Dealt to 3b1e1d6 
Dealt to 5865e83b 
Dealt to abfd3936 
Dealt to Hero [2s 3c]
Dealt to b2f9960e 
5865e83b: folds
abfd3936: folds
Hero: folds
b2f9960e: folds
Uncalled bet ($0.03) returned to 3b1e1d6
*** SHOWDOWN ***
3b1e1d6 collected $0.04 from pot
*** SUMMARY ***
Total pot $0.04 | Rake $0 | Jackpot $0 | Bingo $0 | Fortune $0 | Tax $0
Seat 1: 3b1e1d6 (big blind) collected ($0.04)
Seat 2: 5865e83b folded before Flop (didn't bet)
Seat 4: abfd3936 folded before Flop (didn't bet)
Seat 5: Hero (button) folded before Flop (didn't bet)
Seat 6: b2f9960e (small blind) folded before Flop


Poker Hand #HD1750327927: Hold'em No Limit ($0.02/$0.05) - 2024/04/28 18:23:26
Table 'NLHBlue10' 6-max Seat #4 is the button
Seat 1: 3b1e1d6 ($1.28 in chips)
Seat 2: 5865e83b ($4.98 in chips)
Seat 4: abfd3936 ($6.31 in chips)
Seat 5: Hero ($5.3 in chips)
Seat 6: b2f9960e ($6.39 in chips)
Hero: posts small blind $0.02
b2f9960e: posts big blind $0.05
*** HOLE CARDS ***
Dealt to 3b1e1d6 
Dealt to 5865e83b 
Dealt to abfd3936 
Dealt to Hero [Ac Js]
Dealt to b2f9960e 
3b1e1d6: folds
5865e83b: folds
abfd3936: folds
Hero: raises $0.1 to $0.15
b2f9960e: calls $0.1
*** FLOP *** [Qh Jc Kc]
Hero: bets $0.15
b2f9960e: calls $0.15
*** TURN *** [Qh Jc Kc] [Td]
Hero: bets $0.4
b2f9960e: calls $0.4
*** RIVER *** [Qh Jc Kc Td] [2h]
Hero: bets $0.62
b2f9960e: folds
Uncalled bet ($0.62) returned to Hero
*** SHOWDOWN ***
Hero collected $1.33 from pot
*** SUMMARY ***
Total pot $1.4 | Rake $0.07 | Jackpot $0 | Bingo $0 | Fortune $0 | Tax $0
Board [Qh Jc Kc Td 2h]
Seat 1: 3b1e1d6 folded before Flop (didn't bet)
Seat 2: 5865e83b folded before Flop (didn't bet)
Seat 4: abfd3936 (button) folded before Flop (didn't bet)
Seat 5: Hero (small blind) won ($1.33)
Seat 6: b2f9960e (big blind) folded on the River


Poker Hand #HD1750327871: Hold'em No Limit ($0.02/$0.05) - 2024/04/28 18:22:52
Table 'NLHBlue10' 6-max Seat #2 is the button
Seat 1: 3b1e1d6 ($1.28 in chips)
Seat 2: 5865e83b ($4.98 in chips)
Seat 4: abfd3936 ($6.17 in chips)
Seat 5: Hero ($5.45 in chips)
Seat 6: b2f9960e ($6.39 in chips)
abfd3936: posts small blind $0.02
Hero: posts big blind $0.05
*** HOLE CARDS ***
Dealt to 3b1e1d6 
Dealt to 5865e83b 
Dealt to abfd3936 
Dealt to Hero [8d Jd]
Dealt to b2f9960e 
b2f9960e: folds
3b1e1d6: folds
5865e83b: folds
abfd3936: raises $0.1 to $0.15
Hero: calls $0.1
*** FLOP *** [Kc 7s Ac]
abfd3936: bets $0.14
Hero: folds
Uncalled bet ($0.14) returned to abfd3936
*** SHOWDOWN ***
abfd3936 collected $0.29 from pot
*** SUMMARY ***
Total pot $0.3 | Rake $0.01 | Jackpot $0 | Bingo $0 | Fortune $0 | Tax $0
Board [Kc 7s Ac]
Seat 1: 3b1e1d6 folded before Flop (didn't bet)
Seat 2: 5865e83b (button) folded before Flop (didn't bet)
Seat 4: abfd3936 (small blind) won ($0.29)
Seat 5: Hero (big blind) folded on the Flop
Seat 6: b2f9960e folded before Flop (didn't bet)


Poker Hand #HD1750327845: Hold'em No Limit ($0.02/$0.05) - 2024/04/28 18:22:35
Table 'NLHBlue10' 6-max Seat #1 is the button
Seat 1: 3b1e1d6 ($1.21 in chips)
Seat 2: 5865e83b ($5 in chips)
Seat 4: abfd3936 ($6.22 in chips)
Seat 5: Hero ($5.45 in chips)
Seat 6: b2f9960e ($6.39 in chips)
5865e83b: posts small blind $0.02
abfd3936: posts big blind $0.05
*** HOLE CARDS ***
Dealt to 3b1e1d6 
Dealt to 5865e83b 
Dealt to abfd3936 
Dealt to Hero [7h Jc]
Dealt to b2f9960e 
Hero: folds
b2f9960e: folds
3b1e1d6: raises $0.08 to $0.13
5865e83b: folds
abfd3936: folds
Uncalled bet ($0.08) returned to 3b1e1d6
*** SHOWDOWN ***
3b1e1d6 collected $0.12 from pot
*** SUMMARY ***
Total pot $0.12 | Rake $0 | Jackpot $0 | Bingo $0 | Fortune $0 | Tax $0
Seat 1: 3b1e1d6 (button) collected ($0.12)
Seat 2: 5865e83b (small blind) folded before Flop
Seat 4: abfd3936 (big blind) folded before Flop
Seat 5: Hero folded before Flop (didn't bet)
Seat 6: b2f9960e folded before Flop (didn't bet)


Poker Hand #HD1750327819: Hold'em No Limit ($0.02/$0.05) - 2024/04/28 18:22:21
Table 'NLHBlue10' 6-max Seat #6 is the button
Seat 1: 3b1e1d6 ($1.23 in chips)
Seat 2: 5865e83b ($1 in chips)
Seat 3: 304af081 ($21.18 in chips)
Seat 4: abfd3936 ($6.22 in chips)
Seat 5: Hero ($5.45 in chips)
Seat 6: b2f9960e ($6.39 in chips)
3b1e1d6: posts small blind $0.02
5865e83b: posts big blind $0.05
*** HOLE CARDS ***
Dealt to 3b1e1d6 
Dealt to 5865e83b 
Dealt to 304af081 
Dealt to abfd3936 
Dealt to Hero [Js 5s]
Dealt to b2f9960e 
304af081: folds
abfd3936: folds
Hero: folds
b2f9960e: folds
3b1e1d6: folds
Uncalled bet ($0.03) returned to 5865e83b
*** SHOWDOWN ***
5865e83b collected $0.04 from pot
*** SUMMARY ***
Total pot $0.04 | Rake $0 | Jackpot $0 | Bingo $0 | Fortune $0 | Tax $0
Seat 1: 3b1e1d6 (small blind) folded before Flop
Seat 2: 5865e83b (big blind) collected ($0.04)
Seat 3: 304af081 folded before Flop (didn't bet)
Seat 4: abfd3936 folded before Flop (didn't bet)
Seat 5: Hero folded before Flop (didn't bet)
Seat 6: b2f9960e (button) folded before Flop (didn't bet)


Poker Hand #HD1750327798: Hold'em No Limit ($0.02/$0.05) - 2024/04/28 18:22:08
Table 'NLHBlue10' 6-max Seat #5 is the button
Seat 1: 3b1e1d6 ($1.21 in chips)
Seat 3: 304af081 ($21.18 in chips)
Seat 4: abfd3936 ($6.22 in chips)
Seat 5: Hero ($5.45 in chips)
Seat 6: b2f9960e ($6.41 in chips)
b2f9960e: posts small blind $0.02
3b1e1d6: posts big blind $0.05
*** HOLE CARDS ***
Dealt to 3b1e1d6 
Dealt to 304af081 
Dealt to abfd3936 
Dealt to Hero [4c Jh]
Dealt to b2f9960e 
304af081: folds
abfd3936: folds
Hero: folds
b2f9960e: folds
Uncalled bet ($0.03) returned to 3b1e1d6
*** SHOWDOWN ***
3b1e1d6 collected $0.04 from pot
*** SUMMARY ***
Total pot $0.04 | Rake $0 | Jackpot $0 | Bingo $0 | Fortune $0 | Tax $0
Seat 1: 3b1e1d6 (big blind) collected ($0.04)
Seat 3: 304af081 folded before Flop (didn't bet)
Seat 4: abfd3936 folded before Flop (didn't bet)
Seat 5: Hero (button) folded before Flop (didn't bet)
Seat 6: b2f9960e (small blind) folded before Flop


Poker Hand #HD1750327779: Hold'em No Limit ($0.02/$0.05) - 2024/04/28 18:21:58
Table 'NLHBlue10' 6-max Seat #4 is the button
Seat 1: 3b1e1d6 ($1.21 in chips)
Seat 3: 304af081 ($21.18 in chips)
Seat 4: abfd3936 ($6.22 in chips)
Seat 5: Hero ($5.47 in chips)
Seat 6: b2f9960e ($6.39 in chips)
Hero: posts small blind $0.02
b2f9960e: posts big blind $0.05
*** HOLE CARDS ***
Dealt to 3b1e1d6 
Dealt to 304af081 
Dealt to abfd3936 
Dealt to Hero [4c Qh]
Dealt to b2f9960e 
3b1e1d6: folds
304af081: folds
abfd3936: folds
Hero: folds
Uncalled bet ($0.03) returned to b2f9960e
*** SHOWDOWN ***
b2f9960e collected $0.04 from pot
*** SUMMARY ***
Total pot $0.04 | Rake $0 | Jackpot $0 | Bingo $0 | Fortune $0 | Tax $0
Seat 1: 3b1e1d6 folded before Flop (didn't bet)
Seat 3: 304af081 folded before Flop (didn't bet)
Seat 4: abfd3936 (button) folded before Flop (didn't bet)
Seat 5: Hero (small blind) folded before Flop
Seat 6: b2f9960e (big blind) collected ($0.04)


Poker Hand #HD1750327761: Hold'em No Limit ($0.02/$0.05) - 2024/04/28 18:21:47
Table 'NLHBlue10' 6-max Seat #3 is the button
Seat 1: 3b1e1d6 ($1.14 in chips)
Seat 3: 304af081 ($21.18 in chips)
Seat 4: abfd3936 ($6.24 in chips)
Seat 5: Hero ($5.52 in chips)
Seat 6: b2f9960e ($6.39 in chips)
abfd3936: posts small blind $0.02
Hero: posts big blind $0.05
*** HOLE CARDS ***
Dealt to 3b1e1d6 
Dealt to 304af081 
Dealt to abfd3936 
Dealt to Hero [9c 4s]
Dealt to b2f9960e 
b2f9960e: folds
3b1e1d6: raises $0.08 to $0.13
304af081: folds
abfd3936: folds
Hero: folds
Uncalled bet ($0.08) returned to 3b1e1d6
*** SHOWDOWN ***
3b1e1d6 collected $0.12 from pot
*** SUMMARY ***
Total pot $0.12 | Rake $0 | Jackpot $0 | Bingo $0 | Fortune $0 | Tax $0
Seat 1: 3b1e1d6 collected ($0.12)
Seat 3: 304af081 (button) folded before Flop (didn't bet)
Seat 4: abfd3936 (small blind) folded before Flop
Seat 5: Hero (big blind) folded before Flop
Seat 6: b2f9960e folded before Flop (didn't bet)


Poker Hand #HD1750327689: Hold'em No Limit ($0.02/$0.05) - 2024/04/28 18:21:00
Table 'NLHBlue10' 6-max Seat #1 is the button
Seat 1: 3b1e1d6 ($1 in chips)
Seat 3: 304af081 ($21.2 in chips)
Seat 4: abfd3936 ($6.37 in chips)
Seat 5: Hero ($5.52 in chips)
Seat 6: b2f9960e ($6.39 in chips)
304af081: posts small blind $0.02
abfd3936: posts big blind $0.05
*** HOLE CARDS ***
Dealt to 3b1e1d6 
Dealt to 304af081 
Dealt to abfd3936 
Dealt to Hero [9h Ac]
Dealt to b2f9960e 
Hero: folds
b2f9960e: folds
3b1e1d6: raises $0.08 to $0.13
304af081: folds
abfd3936: calls $0.08
*** FLOP *** [6c 2s 9c]
abfd3936: checks
3b1e1d6: checks
*** TURN *** [6c 2s 9c] [2c]
abfd3936: checks
3b1e1d6: bets $0.16
abfd3936: folds
Uncalled bet ($0.16) returned to 3b1e1d6
*** SHOWDOWN ***
3b1e1d6 collected $0.27 from pot
*** SUMMARY ***
Total pot $0.28 | Rake $0.01 | Jackpot $0 | Bingo $0 | Fortune $0 | Tax $0
Board [6c 2s 9c 2c]
Seat 1: 3b1e1d6 (button) won ($0.27)
Seat 3: 304af081 (small blind) folded before Flop
Seat 4: abfd3936 (big blind) folded on the Turn
Seat 5: Hero folded before Flop (didn't bet)
Seat 6: b2f9960e folded before Flop (didn't bet)


Poker Hand #HD1750327594: Hold'em No Limit ($0.02/$0.05) - 2024/04/28 18:20:05
Table 'NLHBlue10' 6-max Seat #6 is the button
Seat 1: 3b1e1d6 ($1.12 in chips)
Seat 3: 304af081 ($21.25 in chips)
Seat 4: abfd3936 ($6.37 in chips)
Seat 5: Hero ($5.52 in chips)
Seat 6: b2f9960e ($5.38 in chips)
3b1e1d6: posts small blind $0.02
304af081: posts big blind $0.05
*** HOLE CARDS ***
Dealt to 3b1e1d6 
Dealt to 304af081 
Dealt to abfd3936 
Dealt to Hero [Qh 5h]
Dealt to b2f9960e 
abfd3936: folds
Hero: folds
b2f9960e: raises $0.1 to $0.15
3b1e1d6: raises $0.97 to $1.12 and is all-in
304af081: folds
b2f9960e: calls $0.97
3b1e1d6: shows [As Kh]
b2f9960e: shows [Ac Jc]
*** FLOP *** [7s 6h Jd]
*** TURN *** [7s 6h Jd] [4h]
*** RIVER *** [7s 6h Jd 4h] [Qd]
*** SHOWDOWN ***
b2f9960e collected $2.13 from pot
*** SUMMARY ***
Total pot $2.29 | Rake $0.11 | Jackpot $0.05 | Bingo $0 | Fortune $0 | Tax $0
Board [7s 6h Jd 4h Qd]
Seat 1: 3b1e1d6 (small blind) showed [As Kh] and lost with Ace-High
Seat 3: 304af081 (big blind) folded before Flop
Seat 4: abfd3936 folded before Flop (didn't bet)
Seat 5: Hero folded before Flop (didn't bet)
Seat 6: b2f9960e (button) showed [Ac Jc] and won ($2.13) with Pair of Jacks


Poker Hand #HD1750327568: Hold'em No Limit ($0.02/$0.05) - 2024/04/28 18:19:51
Table 'NLHBlue10' 6-max Seat #5 is the button
Seat 1: 3b1e1d6 ($1.1 in chips)
Seat 2: e4b5931 ($5.03 in chips)
Seat 3: 304af081 ($21.25 in chips)
Seat 4: abfd3936 ($6.37 in chips)
Seat 5: Hero ($5.52 in chips)
Seat 6: b2f9960e ($5.4 in chips)
b2f9960e: posts small blind $0.02
3b1e1d6: posts big blind $0.05
*** HOLE CARDS ***
Dealt to 3b1e1d6 
Dealt to e4b5931 
Dealt to 304af081 
Dealt to abfd3936 
Dealt to Hero [Qd 4h]
Dealt to b2f9960e 
e4b5931: folds
304af081: folds
abfd3936: folds
Hero: folds
b2f9960e: folds
Uncalled bet ($0.03) returned to 3b1e1d6
*** SHOWDOWN ***
3b1e1d6 collected $0.04 from pot
*** SUMMARY ***
Total pot $0.04 | Rake $0 | Jackpot $0 | Bingo $0 | Fortune $0 | Tax $0
Seat 1: 3b1e1d6 (big blind) collected ($0.04)
Seat 2: e4b5931 folded before Flop (didn't bet)
Seat 3: 304af081 folded before Flop (didn't bet)
Seat 4: abfd3936 folded before Flop (didn't bet)
Seat 5: Hero (button) folded before Flop (didn't bet)
Seat 6: b2f9960e (small blind) folded before Flop


Poker Hand #HD1750327458: Hold'em No Limit ($0.02/$0.05) - 2024/04/28 18:18:45
Table 'NLHBlue10' 6-max Seat #4 is the button
Seat 1: 3b1e1d6 ($1.1 in chips)
Seat 2: e4b5931 ($5.03 in chips)
Seat 3: 304af081 ($21.12 in chips)
Seat 4: abfd3936 ($6.37 in chips)
Seat 5: Hero ($5.54 in chips)
Seat 6: b2f9960e ($5.52 in chips)
Hero: posts small blind $0.02
b2f9960e: posts big blind $0.05
*** HOLE CARDS ***
Dealt to 3b1e1d6 
Dealt to e4b5931 
Dealt to 304af081 
Dealt to abfd3936 
Dealt to Hero [Qd 4s]
Dealt to b2f9960e 
3b1e1d6: folds
e4b5931: folds
304af081: raises $0.07 to $0.12
abfd3936: folds
Hero: folds
b2f9960e: calls $0.07
*** FLOP *** [9h 7h 9d]
b2f9960e: checks
304af081: bets $0.1
b2f9960e: folds
Uncalled bet ($0.1) returned to 304af081
*** SHOWDOWN ***
304af081 collected $0.25 from pot
*** SUMMARY ***
Total pot $0.26 | Rake $0.01 | Jackpot $0 | Bingo $0 | Fortune $0 | Tax $0
Board [9h 7h 9d]
Seat 1: 3b1e1d6 folded before Flop (didn't bet)
Seat 2: e4b5931 folded before Flop (didn't bet)
Seat 3: 304af081 won ($0.25)
Seat 4: abfd3936 (button) folded before Flop (didn't bet)
Seat 5: Hero (small blind) folded before Flop
Seat 6: b2f9960e (big blind) folded on the Flop


Poker Hand #HD1750327434: Hold'em No Limit ($0.02/$0.05) - 2024/04/28 18:18:31
Table 'NLHBlue10' 6-max Seat #3 is the button
Seat 1: 3b1e1d6 ($1.1 in chips)
Seat 2: e4b5931 ($5.03 in chips)
Seat 3: 304af081 ($21.12 in chips)
Seat 4: abfd3936 ($6.32 in chips)
Seat 5: Hero ($5.59 in chips)
Seat 6: b2f9960e ($5.52 in chips)
abfd3936: posts small blind $0.02
Hero: posts big blind $0.05
*** HOLE CARDS ***
Dealt to 3b1e1d6 
Dealt to e4b5931 
Dealt to 304af081 
Dealt to abfd3936 
Dealt to Hero [Qc 3s]
Dealt to b2f9960e 
b2f9960e: folds
3b1e1d6: folds
e4b5931: folds
304af081: folds
abfd3936: raises $0.1 to $0.15
Hero: folds
Uncalled bet ($0.1) returned to abfd3936
*** SHOWDOWN ***
abfd3936 collected $0.1 from pot
*** SUMMARY ***
Total pot $0.1 | Rake $0 | Jackpot $0 | Bingo $0 | Fortune $0 | Tax $0
Seat 1: 3b1e1d6 folded before Flop (didn't bet)
Seat 2: e4b5931 folded before Flop (didn't bet)
Seat 3: 304af081 (button) folded before Flop (didn't bet)
Seat 4: abfd3936 (small blind) collected ($0.1)
Seat 5: Hero (big blind) folded before Flop
Seat 6: b2f9960e folded before Flop (didn't bet)


Poker Hand #HD1750327414: Hold'em No Limit ($0.02/$0.05) - 2024/04/28 18:18:18
Table 'NLHBlue10' 6-max Seat #2 is the button
Seat 1: 3b1e1d6 ($1.1 in chips)
Seat 2: e4b5931 ($5.03 in chips)
Seat 3: 304af081 ($21.14 in chips)
Seat 4: abfd3936 ($6.37 in chips)
Seat 5: Hero ($5.59 in chips)
Seat 6: b2f9960e ($5.45 in chips)
304af081: posts small blind $0.02
abfd3936: posts big blind $0.05
*** HOLE CARDS ***
Dealt to 3b1e1d6 
Dealt to e4b5931 
Dealt to 304af081 
Dealt to abfd3936 
Dealt to Hero [8s Th]
Dealt to b2f9960e 
Hero: folds
b2f9960e: raises $0.05 to $0.1
3b1e1d6: folds
e4b5931: folds
304af081: folds
abfd3936: folds
Uncalled bet ($0.05) returned to b2f9960e
*** SHOWDOWN ***
b2f9960e collected $0.12 from pot
*** SUMMARY ***
Total pot $0.12 | Rake $0 | Jackpot $0 | Bingo $0 | Fortune $0 | Tax $0
Seat 1: 3b1e1d6 folded before Flop (didn't bet)
Seat 2: e4b5931 (button) folded before Flop (didn't bet)
Seat 3: 304af081 (small blind) folded before Flop
Seat 4: abfd3936 (big blind) folded before Flop
Seat 5: Hero folded before Flop (didn't bet)
Seat 6: b2f9960e collected ($0.12)


Poker Hand #HD1750327393: Hold'em No Limit ($0.02/$0.05) - 2024/04/28 18:18:04
Table 'NLHBlue10' 6-max Seat #1 is the button
Seat 1: 3b1e1d6 ($1.1 in chips)
Seat 2: e4b5931 ($5.05 in chips)
Seat 3: 304af081 ($21.12 in chips)
Seat 4: abfd3936 ($6.37 in chips)
Seat 5: Hero ($5.59 in chips)
Seat 6: b2f9960e ($5.45 in chips)
e4b5931: posts small blind $0.02
304af081: posts big blind $0.05
*** HOLE CARDS ***
Dealt to 3b1e1d6 
Dealt to e4b5931 
Dealt to 304af081 
Dealt to abfd3936 
Dealt to Hero [9h 7s]
Dealt to b2f9960e 
abfd3936: folds
Hero: folds
b2f9960e: folds
3b1e1d6: folds
e4b5931: folds
Uncalled bet ($0.03) returned to 304af081
*** SHOWDOWN ***
304af081 collected $0.04 from pot
*** SUMMARY ***
Total pot $0.04 | Rake $0 | Jackpot $0 | Bingo $0 | Fortune $0 | Tax $0
Seat 1: 3b1e1d6 (button) folded before Flop (didn't bet)
Seat 2: e4b5931 (small blind) folded before Flop
Seat 3: 304af081 (big blind) collected ($0.04)
Seat 4: abfd3936 folded before Flop (didn't bet)
Seat 5: Hero folded before Flop (didn't bet)
Seat 6: b2f9960e folded before Flop (didn't bet)


Poker Hand #HD1750327343: Hold'em No Limit ($0.02/$0.05) - 2024/04/28 18:17:34
Table 'NLHBlue10' 6-max Seat #6 is the button
Seat 1: 3b1e1d6 ($1.12 in chips)
Seat 2: e4b5931 ($5.1 in chips)
Seat 3: 304af081 ($21.12 in chips)
Seat 4: abfd3936 ($6.37 in chips)
Seat 5: Hero ($5.52 in chips)
Seat 6: b2f9960e ($5.45 in chips)
3b1e1d6: posts small blind $0.02
e4b5931: posts big blind $0.05
*** HOLE CARDS ***
Dealt to 3b1e1d6 
Dealt to e4b5931 
Dealt to 304af081 
Dealt to abfd3936 
Dealt to Hero [Jd Kh]
Dealt to b2f9960e 
304af081: folds
abfd3936: folds
Hero: raises $0.07 to $0.12
b2f9960e: folds
3b1e1d6: folds
e4b5931: folds
Uncalled bet ($0.07) returned to Hero
*** SHOWDOWN ***
Hero collected $0.12 from pot
*** SUMMARY ***
Total pot $0.12 | Rake $0 | Jackpot $0 | Bingo $0 | Fortune $0 | Tax $0
Seat 1: 3b1e1d6 (small blind) folded before Flop
Seat 2: e4b5931 (big blind) folded before Flop
Seat 3: 304af081 folded before Flop (didn't bet)
Seat 4: abfd3936 folded before Flop (didn't bet)
Seat 5: Hero collected ($0.12)
Seat 6: b2f9960e (button) folded before Flop (didn't bet)


Poker Hand #HD1750327304: Hold'em No Limit ($0.02/$0.05) - 2024/04/28 18:17:07
Table 'NLHBlue10' 6-max Seat #5 is the button
Seat 1: 3b1e1d6 ($1 in chips)
Seat 2: e4b5931 ($5.1 in chips)
Seat 3: 304af081 ($21.12 in chips)
Seat 4: abfd3936 ($6.37 in chips)
Seat 5: Hero ($5.52 in chips)
Seat 6: b2f9960e ($5.58 in chips)
b2f9960e: posts small blind $0.02
3b1e1d6: posts big blind $0.05
*** HOLE CARDS ***
Dealt to 3b1e1d6 
Dealt to e4b5931 
Dealt to 304af081 
Dealt to abfd3936 
Dealt to Hero [Jc 3s]
Dealt to b2f9960e 
e4b5931: folds
304af081: folds
abfd3936: folds
Hero: folds
b2f9960e: raises $0.08 to $0.13
3b1e1d6: raises $0.87 to $1 and is all-in
b2f9960e: folds
Uncalled bet ($0.87) returned to 3b1e1d6
*** SHOWDOWN ***
3b1e1d6 collected $0.25 from pot
*** SUMMARY ***
Total pot $0.26 | Rake $0.01 | Jackpot $0 | Bingo $0 | Fortune $0 | Tax $0
Seat 1: 3b1e1d6 (big blind) collected ($0.25)
Seat 2: e4b5931 folded before Flop (didn't bet)
Seat 3: 304af081 folded before Flop (didn't bet)
Seat 4: abfd3936 folded before Flop (didn't bet)
Seat 5: Hero (button) folded before Flop (didn't bet)
Seat 6: b2f9960e (small blind) folded before Flop


Poker Hand #HD1750327240: Hold'em No Limit ($0.02/$0.05) - 2024/04/28 18:16:30
Table 'NLHBlue10' 6-max Seat #4 is the button
Seat 1: 3b1e1d6 ($1.07 in chips)
Seat 2: e4b5931 ($5.1 in chips)
Seat 3: 304af081 ($21.12 in chips)
Seat 4: abfd3936 ($6.37 in chips)
Seat 5: Hero ($5.54 in chips)
Seat 6: b2f9960e ($5.44 in chips)
Hero: posts small blind $0.02
b2f9960e: posts big blind $0.05
*** HOLE CARDS ***
Dealt to 3b1e1d6 
Dealt to e4b5931 
Dealt to 304af081 
Dealt to abfd3936 
Dealt to Hero [7c 7d]
Dealt to b2f9960e 
3b1e1d6: raises $0.08 to $0.13
e4b5931: folds
304af081: folds
abfd3936: folds
Hero: folds
b2f9960e: raises $3.83 to $3.96
3b1e1d6: folds
Uncalled bet ($3.83) returned to b2f9960e
*** SHOWDOWN ***
b2f9960e collected $0.27 from pot
*** SUMMARY ***
Total pot $0.28 | Rake $0.01 | Jackpot $0 | Bingo $0 | Fortune $0 | Tax $0
Seat 1: 3b1e1d6 folded before Flop
Seat 2: e4b5931 folded before Flop (didn't bet)
Seat 3: 304af081 folded before Flop (didn't bet)
Seat 4: abfd3936 (button) folded before Flop (didn't bet)
Seat 5: Hero (small blind) folded before Flop
Seat 6: b2f9960e (big blind) collected ($0.27)


Poker Hand #HD1750327217: Hold'em No Limit ($0.02/$0.05) - 2024/04/28 18:16:19
Table 'NLHBlue10' 6-max Seat #3 is the button
Seat 1: 3b1e1d6 ($1.07 in chips)
Seat 2: e4b5931 ($5.1 in chips)
Seat 3: 304af081 ($21.12 in chips)
Seat 4: abfd3936 ($6.39 in chips)
Seat 5: Hero ($5.52 in chips)
Seat 6: b2f9960e ($5.44 in chips)
abfd3936: posts small blind $0.02
Hero: posts big blind $0.05
*** HOLE CARDS ***
Dealt to 3b1e1d6 
Dealt to e4b5931 
Dealt to 304af081 
Dealt to abfd3936 
Dealt to Hero [4d Kh]
Dealt to b2f9960e 
b2f9960e: folds
3b1e1d6: folds
e4b5931: folds
304af081: folds
abfd3936: folds
Uncalled bet ($0.03) returned to Hero
*** SHOWDOWN ***
Hero collected $0.04 from pot
*** SUMMARY ***
Total pot $0.04 | Rake $0 | Jackpot $0 | Bingo $0 | Fortune $0 | Tax $0
Seat 1: 3b1e1d6 folded before Flop (didn't bet)
Seat 2: e4b5931 folded before Flop (didn't bet)
Seat 3: 304af081 (button) folded before Flop (didn't bet)
Seat 4: abfd3936 (small blind) folded before Flop
Seat 5: Hero (big blind) collected ($0.04)
Seat 6: b2f9960e folded before Flop (didn't bet)


Poker Hand #HD1750327197: Hold'em No Limit ($0.02/$0.05) - 2024/04/28 18:16:06
Table 'NLHBlue10' 6-max Seat #2 is the button
Seat 1: 3b1e1d6 ($1.07 in chips)
Seat 2: e4b5931 ($5.1 in chips)
Seat 3: 304af081 ($21.07 in chips)
Seat 4: abfd3936 ($6.44 in chips)
Seat 5: Hero ($5.52 in chips)
Seat 6: b2f9960e ($5.44 in chips)
304af081: posts small blind $0.02
abfd3936: posts big blind $0.05
*** HOLE CARDS ***
Dealt to 3b1e1d6 
Dealt to e4b5931 
Dealt to 304af081 
Dealt to abfd3936 
Dealt to Hero [9c Td]
Dealt to b2f9960e 
Hero: folds
b2f9960e: folds
3b1e1d6: folds
e4b5931: folds
304af081: raises $0.1 to $0.15
abfd3936: folds
Uncalled bet ($0.1) returned to 304af081
*** SHOWDOWN ***
304af081 collected $0.1 from pot
*** SUMMARY ***
Total pot $0.1 | Rake $0 | Jackpot $0 | Bingo $0 | Fortune $0 | Tax $0
Seat 1: 3b1e1d6 folded before Flop (didn't bet)
Seat 2: e4b5931 (button) folded before Flop (didn't bet)
Seat 3: 304af081 (small blind) collected ($0.1)
Seat 4: abfd3936 (big blind) folded before Flop
Seat 5: Hero folded before Flop (didn't bet)
Seat 6: b2f9960e folded before Flop (didn't bet)


Poker Hand #HD1750327161: Hold'em No Limit ($0.02/$0.05) - 2024/04/28 18:15:48
Table 'NLHBlue10' 6-max Seat #1 is the button
Seat 1: 3b1e1d6 ($1 in chips)
Seat 2: e4b5931 ($5.12 in chips)
Seat 3: 304af081 ($21.12 in chips)
Seat 4: abfd3936 ($6.44 in chips)
Seat 5: Hero ($5.52 in chips)
Seat 6: b2f9960e ($5.44 in chips)
e4b5931: posts small blind $0.02
304af081: posts big blind $0.05
*** HOLE CARDS ***
Dealt to 3b1e1d6 
Dealt to e4b5931 
Dealt to 304af081 
Dealt to abfd3936 
Dealt to Hero [2h 7s]
Dealt to b2f9960e 
abfd3936: folds
Hero: folds
b2f9960e: folds
3b1e1d6: raises $0.08 to $0.13
e4b5931: folds
304af081: folds
Uncalled bet ($0.08) returned to 3b1e1d6
*** SHOWDOWN ***
3b1e1d6 collected $0.12 from pot
*** SUMMARY ***
Total pot $0.12 | Rake $0 | Jackpot $0 | Bingo $0 | Fortune $0 | Tax $0
Seat 1: 3b1e1d6 (button) collected ($0.12)
Seat 2: e4b5931 (small blind) folded before Flop
Seat 3: 304af081 (big blind) folded before Flop
Seat 4: abfd3936 folded before Flop (didn't bet)
Seat 5: Hero folded before Flop (didn't bet)
Seat 6: b2f9960e folded before Flop (didn't bet)


Poker Hand #HD1750327125: Hold'em No Limit ($0.02/$0.05) - 2024/04/28 18:15:22
Table 'NLHBlue10' 6-max Seat #6 is the button
Seat 1: 3b1e1d6 ($1.07 in chips)
Seat 2: e4b5931 ($5 in chips)
Seat 3: 304af081 ($21.12 in chips)
Seat 4: abfd3936 ($6.44 in chips)
Seat 5: Hero ($5.52 in chips)
Seat 6: b2f9960e ($5.44 in chips)
3b1e1d6: posts small blind $0.02
e4b5931: posts big blind $0.05
*** HOLE CARDS ***
Dealt to 3b1e1d6 
Dealt to e4b5931 
Dealt to 304af081 
Dealt to abfd3936 
Dealt to Hero [5c Qd]
Dealt to b2f9960e 
304af081: folds
abfd3936: folds
Hero: folds
b2f9960e: folds
3b1e1d6: raises $0.08 to $0.13
e4b5931: raises $0.26 to $0.39
3b1e1d6: folds
Uncalled bet ($0.26) returned to e4b5931
*** SHOWDOWN ***
e4b5931 collected $0.25 from pot
*** SUMMARY ***
Total pot $0.26 | Rake $0.01 | Jackpot $0 | Bingo $0 | Fortune $0 | Tax $0
Seat 1: 3b1e1d6 (small blind) folded before Flop
Seat 2: e4b5931 (big blind) collected ($0.25)
Seat 3: 304af081 folded before Flop (didn't bet)
Seat 4: abfd3936 folded before Flop (didn't bet)
Seat 5: Hero folded before Flop (didn't bet)
Seat 6: b2f9960e (button) folded before Flop (didn't bet)


Poker Hand #HD1750327087: Hold'em No Limit ($0.02/$0.05) - 2024/04/28 18:15:01
Table 'NLHBlue10' 6-max Seat #5 is the button
Seat 1: 3b1e1d6 ($1.05 in chips)
Seat 3: 304af081 ($21.12 in chips)
Seat 4: abfd3936 ($6.44 in chips)
Seat 5: Hero ($5.52 in chips)
Seat 6: b2f9960e ($5.46 in chips)
b2f9960e: posts small blind $0.02
3b1e1d6: posts big blind $0.05
*** HOLE CARDS ***
Dealt to 3b1e1d6 
Dealt to 304af081 
Dealt to abfd3936 
Dealt to Hero [4c Tc]
Dealt to b2f9960e 
304af081: folds
abfd3936: folds
Hero: folds
b2f9960e: folds
Uncalled bet ($0.03) returned to 3b1e1d6
*** SHOWDOWN ***
3b1e1d6 collected $0.04 from pot
*** SUMMARY ***
Total pot $0.04 | Rake $0 | Jackpot $0 | Bingo $0 | Fortune $0 | Tax $0
Seat 1: 3b1e1d6 (big blind) collected ($0.04)
Seat 3: 304af081 folded before Flop (didn't bet)
Seat 4: abfd3936 folded before Flop (didn't bet)
Seat 5: Hero (button) folded before Flop (didn't bet)
Seat 6: b2f9960e (small blind) folded before Flop


Poker Hand #HD1750327074: Hold'em No Limit ($0.02/$0.05) - 2024/04/28 18:14:52
Table 'NLHBlue10' 6-max Seat #4 is the button
Seat 1: 3b1e1d6 ($1.05 in chips)
Seat 3: 304af081 ($21.12 in chips)
Seat 4: abfd3936 ($6.44 in chips)
Seat 5: Hero ($5.54 in chips)
Seat 6: b2f9960e ($5.44 in chips)
Hero: posts small blind $0.02
b2f9960e: posts big blind $0.05
*** HOLE CARDS ***
Dealt to 3b1e1d6 
Dealt to 304af081 
Dealt to abfd3936 
Dealt to Hero [Jc 8d]
Dealt to b2f9960e 
3b1e1d6: folds
304af081: folds
abfd3936: folds
Hero: folds
Uncalled bet ($0.03) returned to b2f9960e
*** SHOWDOWN ***
b2f9960e collected $0.04 from pot
*** SUMMARY ***
Total pot $0.04 | Rake $0 | Jackpot $0 | Bingo $0 | Fortune $0 | Tax $0
Seat 1: 3b1e1d6 folded before Flop (didn't bet)
Seat 3: 304af081 folded before Flop (didn't bet)
Seat 4: abfd3936 (button) folded before Flop (didn't bet)
Seat 5: Hero (small blind) folded before Flop
Seat 6: b2f9960e (big blind) collected ($0.04)


Poker Hand #HD1750327051: Hold'em No Limit ($0.02/$0.05) - 2024/04/28 18:14:38
Table 'NLHBlue10' 6-max Seat #3 is the button
Seat 1: 3b1e1d6 ($1.05 in chips)
Seat 3: 304af081 ($21.12 in chips)
Seat 4: abfd3936 ($6.39 in chips)
Seat 5: Hero ($5.59 in chips)
Seat 6: b2f9960e ($5.44 in chips)
abfd3936: posts small blind $0.02
Hero: posts big blind $0.05
*** HOLE CARDS ***
Dealt to 3b1e1d6 
Dealt to 304af081 
Dealt to abfd3936 
Dealt to Hero [2c 5d]
Dealt to b2f9960e 
b2f9960e: folds
3b1e1d6: folds
304af081: folds
abfd3936: raises $0.1 to $0.15
Hero: folds
Uncalled bet ($0.1) returned to abfd3936
*** SHOWDOWN ***
abfd3936 collected $0.1 from pot
*** SUMMARY ***
Total pot $0.1 | Rake $0 | Jackpot $0 | Bingo $0 | Fortune $0 | Tax $0
Seat 1: 3b1e1d6 folded before Flop (didn't bet)
Seat 3: 304af081 (button) folded before Flop (didn't bet)
Seat 4: abfd3936 (small blind) collected ($0.1)
Seat 5: Hero (big blind) folded before Flop
Seat 6: b2f9960e folded before Flop (didn't bet)


Poker Hand #HD1750327026: Hold'em No Limit ($0.02/$0.05) - 2024/04/28 18:14:21
Table 'NLHBlue10' 6-max Seat #1 is the button
Seat 1: 3b1e1d6 ($1.05 in chips)
Seat 3: 304af081 ($21.07 in chips)
Seat 4: abfd3936 ($6.44 in chips)
Seat 5: Hero ($5.59 in chips)
Seat 6: b2f9960e ($5.44 in chips)
304af081: posts small blind $0.02
abfd3936: posts big blind $0.05
*** HOLE CARDS ***
Dealt to 3b1e1d6 
Dealt to 304af081 
Dealt to abfd3936 
Dealt to Hero [9d 4h]
Dealt to b2f9960e 
Hero: folds
b2f9960e: folds
3b1e1d6: folds
304af081: raises $0.1 to $0.15
abfd3936: folds
Uncalled bet ($0.1) returned to 304af081
*** SHOWDOWN ***
304af081 collected $0.1 from pot
*** SUMMARY ***
Total pot $0.1 | Rake $0 | Jackpot $0 | Bingo $0 | Fortune $0 | Tax $0
Seat 1: 3b1e1d6 (button) folded before Flop (didn't bet)
Seat 3: 304af081 (small blind) collected ($0.1)
Seat 4: abfd3936 (big blind) folded before Flop
Seat 5: Hero folded before Flop (didn't bet)
Seat 6: b2f9960e folded before Flop (didn't bet)


Poker Hand #HD1750326978: Hold'em No Limit ($0.02/$0.05) - 2024/04/28 18:13:54
Table 'NLHBlue10' 6-max Seat #6 is the button
Seat 1: 3b1e1d6 ($1 in chips)
Seat 3: 304af081 ($21.12 in chips)
Seat 4: abfd3936 ($6.44 in chips)
Seat 5: Hero ($5.59 in chips)
Seat 6: b2f9960e ($5.44 in chips)
3b1e1d6: posts small blind $0.02
304af081: posts big blind $0.05
*** HOLE CARDS ***
Dealt to 3b1e1d6 
Dealt to 304af081 
Dealt to abfd3936 
Dealt to Hero [4h 7c]
Dealt to b2f9960e 
abfd3936: folds
Hero: folds
b2f9960e: folds
3b1e1d6: raises $0.08 to $0.13
304af081: folds
Uncalled bet ($0.08) returned to 3b1e1d6
*** SHOWDOWN ***
3b1e1d6 collected $0.1 from pot
*** SUMMARY ***
Total pot $0.1 | Rake $0 | Jackpot $0 | Bingo $0 | Fortune $0 | Tax $0
Seat 1: 3b1e1d6 (small blind) collected ($0.1)
Seat 3: 304af081 (big blind) folded before Flop
Seat 4: abfd3936 folded before Flop (didn't bet)
Seat 5: Hero folded before Flop (didn't bet)
Seat 6: b2f9960e (button) folded before Flop (didn't bet)


Poker Hand #HD1750326944: Hold'em No Limit ($0.02/$0.05) - 2024/04/28 18:13:33
Table 'NLHBlue10' 6-max Seat #5 is the button
Seat 1: 3b1e1d6 ($1 in chips)
Seat 2: 253e4fd2 ($7.43 in chips)
Seat 3: 304af081 ($21.05 in chips)
Seat 4: abfd3936 ($6.44 in chips)
Seat 5: Hero ($5.59 in chips)
Seat 6: b2f9960e ($5.46 in chips)
b2f9960e: posts small blind $0.02
3b1e1d6: posts big blind $0.05
*** HOLE CARDS ***
Dealt to 3b1e1d6 
Dealt to 253e4fd2 
Dealt to 304af081 
Dealt to abfd3936 
Dealt to Hero [Tc 7s]
Dealt to b2f9960e 
253e4fd2: folds
304af081: raises $0.07 to $0.12
abfd3936: folds
Hero: folds
b2f9960e: folds
3b1e1d6: folds
Uncalled bet ($0.07) returned to 304af081
*** SHOWDOWN ***
304af081 collected $0.12 from pot
*** SUMMARY ***
Total pot $0.12 | Rake $0 | Jackpot $0 | Bingo $0 | Fortune $0 | Tax $0
Seat 1: 3b1e1d6 (big blind) folded before Flop
Seat 2: 253e4fd2 folded before Flop (didn't bet)
Seat 3: 304af081 collected ($0.12)
Seat 4: abfd3936 folded before Flop (didn't bet)
Seat 5: Hero (button) folded before Flop (didn't bet)
Seat 6: b2f9960e (small blind) folded before Flop


Poker Hand #HD1750326901: Hold'em No Limit ($0.02/$0.05) - 2024/04/28 18:13:06
Table 'NLHBlue10' 6-max Seat #4 is the button
Seat 2: 253e4fd2 ($7.43 in chips)
Seat 3: 304af081 ($21.05 in chips)
Seat 4: abfd3936 ($6.37 in chips)
Seat 5: Hero ($5.61 in chips)
Seat 6: b2f9960e ($5.51 in chips)
Hero: posts small blind $0.02
b2f9960e: posts big blind $0.05
*** HOLE CARDS ***
Dealt to 253e4fd2 
Dealt to 304af081 
Dealt to abfd3936 
Dealt to Hero [9s Qh]
Dealt to b2f9960e 
253e4fd2: folds
304af081: folds
abfd3936: raises $0.09 to $0.14
Hero: folds
b2f9960e: folds
Uncalled bet ($0.09) returned to abfd3936
*** SHOWDOWN ***
abfd3936 collected $0.12 from pot
*** SUMMARY ***
Total pot $0.12 | Rake $0 | Jackpot $0 | Bingo $0 | Fortune $0 | Tax $0
Seat 2: 253e4fd2 folded before Flop (didn't bet)
Seat 3: 304af081 folded before Flop (didn't bet)
Seat 4: abfd3936 (button) collected ($0.12)
Seat 5: Hero (small blind) folded before Flop
Seat 6: b2f9960e (big blind) folded before Flop


Poker Hand #HD1750326761: Hold'em No Limit ($0.02/$0.05) - 2024/04/28 18:11:47
Table 'NLHBlue10' 6-max Seat #3 is the button
Seat 2: 253e4fd2 ($7.43 in chips)
Seat 3: 304af081 ($21.05 in chips)
Seat 4: abfd3936 ($6.1 in chips)
Seat 5: Hero ($5.91 in chips)
Seat 6: b2f9960e ($5.51 in chips)
abfd3936: posts small blind $0.02
Hero: posts big blind $0.05
*** HOLE CARDS ***
Dealt to 253e4fd2 
Dealt to 304af081 
Dealt to abfd3936 
Dealt to Hero [Kh 9h]
Dealt to b2f9960e 
b2f9960e: folds
253e4fd2: folds
304af081: folds
abfd3936: raises $0.1 to $0.15
Hero: calls $0.1
*** FLOP *** [5s Kd 3h]
abfd3936: bets $0.15
Hero: calls $0.15
*** TURN *** [5s Kd 3h] [Qd]
abfd3936: checks
Hero: checks
*** RIVER *** [5s Kd 3h Qd] [2d]
abfd3936: checks
Hero: checks
abfd3936: shows [Ac Ah] (Pair of Aces)
Hero: shows [Kh 9h] (Pair of Kings)
*** SHOWDOWN ***
abfd3936 collected $0.57 from pot
*** SUMMARY ***
Total pot $0.6 | Rake $0.03 | Jackpot $0 | Bingo $0 | Fortune $0 | Tax $0
Board [5s Kd 3h Qd 2d]
Seat 2: 253e4fd2 folded before Flop (didn't bet)
Seat 3: 304af081 (button) folded before Flop (didn't bet)
Seat 4: abfd3936 (small blind) showed [Ac Ah] and won ($0.57) with Pair of Aces
Seat 5: Hero (big blind) showed [Kh 9h] and lost with Pair of Kings
Seat 6: b2f9960e folded before Flop (didn't bet)


Poker Hand #HD1750326730: Hold'em No Limit ($0.02/$0.05) - 2024/04/28 18:11:29
Table 'NLHBlue10' 6-max Seat #2 is the button
Seat 2: 253e4fd2 ($7.43 in chips)
Seat 3: 304af081 ($21.07 in chips)
Seat 4: abfd3936 ($6.15 in chips)
Seat 5: Hero ($5.91 in chips)
Seat 6: b2f9960e ($5.44 in chips)
304af081: posts small blind $0.02
abfd3936: posts big blind $0.05
*** HOLE CARDS ***
Dealt to 253e4fd2 
Dealt to 304af081 
Dealt to abfd3936 
Dealt to Hero [4c Jd]
Dealt to b2f9960e 
Hero: folds
b2f9960e: raises $0.05 to $0.1
253e4fd2: folds
304af081: folds
abfd3936: folds
Uncalled bet ($0.05) returned to b2f9960e
*** SHOWDOWN ***
b2f9960e collected $0.12 from pot
*** SUMMARY ***
Total pot $0.12 | Rake $0 | Jackpot $0 | Bingo $0 | Fortune $0 | Tax $0
Seat 2: 253e4fd2 (button) folded before Flop (didn't bet)
Seat 3: 304af081 (small blind) folded before Flop
Seat 4: abfd3936 (big blind) folded before Flop
Seat 5: Hero folded before Flop (didn't bet)
Seat 6: b2f9960e collected ($0.12)


Poker Hand #HD1750326707: Hold'em No Limit ($0.02/$0.05) - 2024/04/28 18:11:15
Table 'NLHBlue10' 6-max Seat #6 is the button
Seat 2: 253e4fd2 ($7.45 in chips)
Seat 3: 304af081 ($21.05 in chips)
Seat 4: abfd3936 ($6.15 in chips)
Seat 5: Hero ($5.91 in chips)
Seat 6: b2f9960e ($5.44 in chips)
253e4fd2: posts small blind $0.02
304af081: posts big blind $0.05
*** HOLE CARDS ***
Dealt to 253e4fd2 
Dealt to 304af081 
Dealt to abfd3936 
Dealt to Hero [8h Qh]
Dealt to b2f9960e 
abfd3936: folds
Hero: folds
b2f9960e: folds
253e4fd2: folds
Uncalled bet ($0.03) returned to 304af081
*** SHOWDOWN ***
304af081 collected $0.04 from pot
*** SUMMARY ***
Total pot $0.04 | Rake $0 | Jackpot $0 | Bingo $0 | Fortune $0 | Tax $0
Seat 2: 253e4fd2 (small blind) folded before Flop
Seat 3: 304af081 (big blind) collected ($0.04)
Seat 4: abfd3936 folded before Flop (didn't bet)
Seat 5: Hero folded before Flop (didn't bet)
Seat 6: b2f9960e (button) folded before Flop (didn't bet)


Poker Hand #HD1750326582: Hold'em No Limit ($0.02/$0.05) - 2024/04/28 18:09:58
Table 'NLHBlue10' 6-max Seat #5 is the button
Seat 2: 253e4fd2 ($7.6 in chips)
Seat 3: 304af081 ($21.05 in chips)
Seat 4: abfd3936 ($6.15 in chips)
Seat 5: Hero ($5.91 in chips)
Seat 6: b2f9960e ($5.3 in chips)
b2f9960e: posts small blind $0.02
253e4fd2: posts big blind $0.05
*** HOLE CARDS ***
Dealt to 253e4fd2 
Dealt to 304af081 
Dealt to abfd3936 
Dealt to Hero [Js 8h]
Dealt to b2f9960e 
304af081: folds
abfd3936: folds
Hero: folds
b2f9960e: raises $0.1 to $0.15
253e4fd2: calls $0.1
*** FLOP *** [2s 9s 4c]
b2f9960e: checks
253e4fd2: checks
*** TURN *** [2s 9s 4c] [5h]
b2f9960e: checks
253e4fd2: checks
*** RIVER *** [2s 9s 4c 5h] [Qc]
b2f9960e: checks
253e4fd2: checks
b2f9960e: shows [Kh Ah] (Ace-High)
253e4fd2: shows [Jc Tc] (Queen-High)
*** SHOWDOWN ***
b2f9960e collected $0.29 from pot
*** SUMMARY ***
Total pot $0.3 | Rake $0.01 | Jackpot $0 | Bingo $0 | Fortune $0 | Tax $0
Board [2s 9s 4c 5h Qc]
Seat 2: 253e4fd2 (big blind) showed [Jc Tc] and lost with Queen-High
Seat 3: 304af081 folded before Flop (didn't bet)
Seat 4: abfd3936 folded before Flop (didn't bet)
Seat 5: Hero (button) folded before Flop (didn't bet)
Seat 6: b2f9960e (small blind) showed [Kh Ah] and won ($0.29) with Ace-High


Poker Hand #HD1750326538: Hold'em No Limit ($0.02/$0.05) - 2024/04/28 18:09:31
Table 'NLHBlue10' 6-max Seat #4 is the button
Seat 2: 253e4fd2 ($7.6 in chips)
Seat 3: 304af081 ($21.05 in chips)
Seat 4: abfd3936 ($6.08 in chips)
Seat 5: Hero ($5.93 in chips)
Seat 6: b2f9960e ($5.35 in chips)
Hero: posts small blind $0.02
b2f9960e: posts big blind $0.05
*** HOLE CARDS ***
Dealt to 253e4fd2 
Dealt to 304af081 
Dealt to abfd3936 
Dealt to Hero [7h Ts]
Dealt to b2f9960e 
253e4fd2: folds
304af081: folds
abfd3936: raises $0.09 to $0.14
Hero: folds
b2f9960e: folds
Uncalled bet ($0.09) returned to abfd3936
*** SHOWDOWN ***
abfd3936 collected $0.12 from pot
*** SUMMARY ***
Total pot $0.12 | Rake $0 | Jackpot $0 | Bingo $0 | Fortune $0 | Tax $0
Seat 2: 253e4fd2 folded before Flop (didn't bet)
Seat 3: 304af081 folded before Flop (didn't bet)
Seat 4: abfd3936 (button) collected ($0.12)
Seat 5: Hero (small blind) folded before Flop
Seat 6: b2f9960e (big blind) folded before Flop


Poker Hand #HD1750326451: Hold'em No Limit ($0.02/$0.05) - 2024/04/28 18:08:41
Table 'NLHBlue10' 6-max Seat #3 is the button
Seat 1: 1faeaa9b ($3.48 in chips)
Seat 2: 253e4fd2 ($7.6 in chips)
Seat 3: 304af081 ($17.89 in chips)
Seat 4: abfd3936 ($6.1 in chips)
Seat 5: Hero ($5.98 in chips)
Seat 6: b2f9960e ($5.35 in chips)
abfd3936: posts small blind $0.02
Hero: posts big blind $0.05
*** HOLE CARDS ***
Dealt to 1faeaa9b 
Dealt to 253e4fd2 
Dealt to 304af081 
Dealt to abfd3936 
Dealt to Hero [3h 9s]
Dealt to b2f9960e 
b2f9960e: folds
1faeaa9b: calls $0.05
253e4fd2: folds
304af081: raises $0.15 to $0.2
abfd3936: folds
Hero: folds
1faeaa9b: calls $0.15
*** FLOP *** [8h Th 9d]
1faeaa9b: bets $3.28 and is all-in
304af081: calls $3.28
1faeaa9b: shows [Ts Jd] (Pair of Tens)
304af081: shows [Jh Kh] (King-High)
*** TURN *** [8h Th 9d] [Qd]
*** RIVER *** [8h Th 9d Qd] [Td]
*** SHOWDOWN ***
304af081 collected $6.64 from pot
*** SUMMARY ***
Total pot $7.03 | Rake $0.34 | Jackpot $0.05 | Bingo $0 | Fortune $0 | Tax $0
Board [8h Th 9d Qd Td]
Seat 1: 1faeaa9b showed [Ts Jd] and lost with Queens-High Straight
Seat 2: 253e4fd2 folded before Flop (didn't bet)
Seat 3: 304af081 (button) showed [Jh Kh] and won ($6.64) with Kings-High Straight
Seat 4: abfd3936 (small blind) folded before Flop
Seat 5: Hero (big blind) folded before Flop
Seat 6: b2f9960e folded before Flop (didn't bet)


Poker Hand #HD1750326362: Hold'em No Limit ($0.02/$0.05) - 2024/04/28 18:07:48
Table 'NLHBlue10' 6-max Seat #2 is the button
Seat 1: 1faeaa9b ($3.48 in chips)
Seat 2: 253e4fd2 ($7.7 in chips)
Seat 3: 304af081 ($17.91 in chips)
Seat 4: abfd3936 ($6.15 in chips)
Seat 5: Hero ($5.98 in chips)
Seat 6: b2f9960e ($5.19 in chips)
304af081: posts small blind $0.02
abfd3936: posts big blind $0.05
*** HOLE CARDS ***
Dealt to 1faeaa9b 
Dealt to 253e4fd2 
Dealt to 304af081 
Dealt to abfd3936 
Dealt to Hero [3h 6c]
Dealt to b2f9960e 
Hero: folds
b2f9960e: raises $0.05 to $0.1
1faeaa9b: folds
253e4fd2: calls $0.1
304af081: folds
abfd3936: folds
*** FLOP *** [2h 6h 3s]
b2f9960e: checks
253e4fd2: checks
*** TURN *** [2h 6h 3s] [Ah]
b2f9960e: checks
253e4fd2: checks
*** RIVER *** [2h 6h 3s Ah] [Jd]
b2f9960e: checks
253e4fd2: checks
b2f9960e: shows [8d 8s] (Pair of Eights)
253e4fd2: shows [5s 5d] (Pair of Fives)
*** SHOWDOWN ***
b2f9960e collected $0.26 from pot
*** SUMMARY ***
Total pot $0.27 | Rake $0.01 | Jackpot $0 | Bingo $0 | Fortune $0 | Tax $0
Board [2h 6h 3s Ah Jd]
Seat 1: 1faeaa9b folded before Flop (didn't bet)
Seat 2: 253e4fd2 (button) showed [5s 5d] and lost with Pair of Fives
Seat 3: 304af081 (small blind) folded before Flop
Seat 4: abfd3936 (big blind) folded before Flop
Seat 5: Hero folded before Flop (didn't bet)
Seat 6: b2f9960e showed [8d 8s] and won ($0.26) with Pair of Eights


Poker Hand #HD1750326322: Hold'em No Limit ($0.02/$0.05) - 2024/04/28 18:07:24
Table 'NLHBlue10' 6-max Seat #1 is the button
Seat 1: 1faeaa9b ($3.53 in chips)
Seat 2: 253e4fd2 ($7.72 in chips)
Seat 3: 304af081 ($17.84 in chips)
Seat 4: abfd3936 ($6.15 in chips)
Seat 5: Hero ($5.98 in chips)
Seat 6: b2f9960e ($5.19 in chips)
253e4fd2: posts small blind $0.02
304af081: posts big blind $0.05
*** HOLE CARDS ***
Dealt to 1faeaa9b 
Dealt to 253e4fd2 
Dealt to 304af081 
Dealt to abfd3936 
Dealt to Hero [Ac 3h]
Dealt to b2f9960e 
abfd3936: folds
Hero: folds
b2f9960e: folds
1faeaa9b: calls $0.05
253e4fd2: folds
304af081: raises $0.2 to $0.25
1faeaa9b: folds
Uncalled bet ($0.2) returned to 304af081
*** SHOWDOWN ***
304af081 collected $0.12 from pot
*** SUMMARY ***
Total pot $0.12 | Rake $0 | Jackpot $0 | Bingo $0 | Fortune $0 | Tax $0
Seat 1: 1faeaa9b (button) folded before Flop
Seat 2: 253e4fd2 (small blind) folded before Flop
Seat 3: 304af081 (big blind) collected ($0.12)
Seat 4: abfd3936 folded before Flop (didn't bet)
Seat 5: Hero folded before Flop (didn't bet)
Seat 6: b2f9960e folded before Flop (didn't bet)


Poker Hand #HD1750326284: Hold'em No Limit ($0.02/$0.05) - 2024/04/28 18:06:57
Table 'NLHBlue10' 6-max Seat #6 is the button
Seat 1: 1faeaa9b ($3.68 in chips)
Seat 2: 253e4fd2 ($7.77 in chips)
Seat 3: 304af081 ($17.84 in chips)
Seat 4: abfd3936 ($6.15 in chips)
Seat 5: Hero ($5.98 in chips)
Seat 6: b2f9960e ($5 in chips)
1faeaa9b: posts small blind $0.02
253e4fd2: posts big blind $0.05
*** HOLE CARDS ***
Dealt to 1faeaa9b 
Dealt to 253e4fd2 
Dealt to 304af081 
Dealt to abfd3936 
Dealt to Hero [7h 4c]
Dealt to b2f9960e 
304af081: folds
abfd3936: folds
Hero: folds
b2f9960e: raises $0.1 to $0.15
1faeaa9b: calls $0.13
253e4fd2: folds
*** FLOP *** [Qd 3d 2s]
1faeaa9b: checks
b2f9960e: bets $0.1
1faeaa9b: folds
Uncalled bet ($0.1) returned to b2f9960e
*** SHOWDOWN ***
b2f9960e collected $0.34 from pot
*** SUMMARY ***
Total pot $0.35 | Rake $0.01 | Jackpot $0 | Bingo $0 | Fortune $0 | Tax $0
Board [Qd 3d 2s]
Seat 1: 1faeaa9b (small blind) folded on the Flop
Seat 2: 253e4fd2 (big blind) folded before Flop
Seat 3: 304af081 folded before Flop (didn't bet)
Seat 4: abfd3936 folded before Flop (didn't bet)
Seat 5: Hero folded before Flop (didn't bet)
Seat 6: b2f9960e (button) won ($0.34)


Poker Hand #HD1750326183: Hold'em No Limit ($0.02/$0.05) - 2024/04/28 18:05:59
Table 'NLHBlue10' 6-max Seat #5 is the button
Seat 1: 1faeaa9b ($3.38 in chips)
Seat 2: 253e4fd2 ($7.77 in chips)
Seat 3: 304af081 ($17.84 in chips)
Seat 4: abfd3936 ($6.15 in chips)
Seat 5: Hero ($5.98 in chips)
Seat 6: b2f9960e ($5.2 in chips)
b2f9960e: posts small blind $0.02
1faeaa9b: posts big blind $0.05
*** HOLE CARDS ***
Dealt to 1faeaa9b 
Dealt to 253e4fd2 
Dealt to 304af081 
Dealt to abfd3936 
Dealt to Hero [5s 2c]
Dealt to b2f9960e 
253e4fd2: folds
304af081: folds
abfd3936: folds
Hero: folds
b2f9960e: raises $0.11 to $0.16
1faeaa9b: calls $0.11
*** FLOP *** [Tc 4d Ts]
b2f9960e: checks
1faeaa9b: checks
*** TURN *** [Tc 4d Ts] [As]
b2f9960e: bets $0.17
1faeaa9b: calls $0.17
*** RIVER *** [Tc 4d Ts As] [Qs]
b2f9960e: checks
1faeaa9b: bets $3.05 and is all-in
b2f9960e: folds
Uncalled bet ($3.05) returned to 1faeaa9b
*** SHOWDOWN ***
1faeaa9b collected $0.63 from pot
*** SUMMARY ***
Total pot $0.66 | Rake $0.03 | Jackpot $0 | Bingo $0 | Fortune $0 | Tax $0
Board [Tc 4d Ts As Qs]
Seat 1: 1faeaa9b (big blind) won ($0.63)
Seat 2: 253e4fd2 folded before Flop (didn't bet)
Seat 3: 304af081 folded before Flop (didn't bet)
Seat 4: abfd3936 folded before Flop (didn't bet)
Seat 5: Hero (button) folded before Flop (didn't bet)
Seat 6: b2f9960e (small blind) folded on the River


Poker Hand #HD1750326046: Hold'em No Limit ($0.02/$0.05) - 2024/04/28 18:04:32
Table 'NLHBlue10' 6-max Seat #4 is the button
Seat 1: 1faeaa9b ($4.88 in chips)
Seat 2: 253e4fd2 ($7.89 in chips)
Seat 3: 304af081 ($16.35 in chips)
Seat 4: abfd3936 ($6.15 in chips)
Seat 5: Hero ($6 in chips)
Seat 6: b2f9960e ($5.25 in chips)
Hero: posts small blind $0.02
b2f9960e: posts big blind $0.05
*** HOLE CARDS ***
Dealt to 1faeaa9b 
Dealt to 253e4fd2 
Dealt to 304af081 
Dealt to abfd3936 
Dealt to Hero [4d Qh]
Dealt to b2f9960e 
1faeaa9b: calls $0.05
253e4fd2: raises $0.07 to $0.12
304af081: raises $0.48 to $0.6
abfd3936: folds
Hero: folds
b2f9960e: folds
1faeaa9b: calls $0.55
253e4fd2: folds
*** FLOP *** [8d 6c Tc]
1faeaa9b: checks
304af081: checks
*** TURN *** [8d 6c Tc] [3c]
1faeaa9b: checks
304af081: bets $0.9
1faeaa9b: calls $0.9
*** RIVER *** [8d 6c Tc 3c] [Ac]
1faeaa9b: checks
304af081: bets $14.85 and is all-in
1faeaa9b: folds
Uncalled bet ($14.85) returned to 304af081
*** SHOWDOWN ***
304af081 collected $2.99 from pot
*** SUMMARY ***
Total pot $3.19 | Rake $0.15 | Jackpot $0.05 | Bingo $0 | Fortune $0 | Tax $0
Board [8d 6c Tc 3c Ac]
Seat 1: 1faeaa9b folded on the River
Seat 2: 253e4fd2 folded before Flop
Seat 3: 304af081 won ($2.99)
Seat 4: abfd3936 (button) folded before Flop (didn't bet)
Seat 5: Hero (small blind) folded before Flop
Seat 6: b2f9960e (big blind) folded before Flop


Poker Hand #HD1750325998: Hold'em No Limit ($0.02/$0.05) - 2024/04/28 18:03:56
Table 'NLHBlue10' 6-max Seat #3 is the button
Seat 1: 1faeaa9b ($4.78 in chips)
Seat 2: 253e4fd2 ($7.89 in chips)
Seat 3: 304af081 ($16.35 in chips)
Seat 4: abfd3936 ($6.2 in chips)
Seat 5: Hero ($6.05 in chips)
Seat 6: b2f9960e ($5.25 in chips)
abfd3936: posts small blind $0.02
Hero: posts big blind $0.05
*** HOLE CARDS ***
Dealt to 1faeaa9b 
Dealt to 253e4fd2 
Dealt to 304af081 
Dealt to abfd3936 
Dealt to Hero [2c 6h]
Dealt to b2f9960e 
b2f9960e: folds
1faeaa9b: calls $0.05
253e4fd2: folds
304af081: folds
abfd3936: calls $0.03
Hero: checks
*** FLOP *** [Qc Ad 4c]
abfd3936: checks
Hero: checks
1faeaa9b: checks
*** TURN *** [Qc Ad 4c] [Jd]
abfd3936: checks
Hero: checks
1faeaa9b: checks
*** RIVER *** [Qc Ad 4c Jd] [5c]
abfd3936: checks
Hero: checks
1faeaa9b: checks
abfd3936: shows [Td 9d] (Ace-High)
Hero: shows [2c 6h] (Ace-High)
1faeaa9b: shows [4s 6d] (Pair of Fours)
*** SHOWDOWN ***
1faeaa9b collected $0.15 from pot
*** SUMMARY ***
Total pot $0.15 | Rake $0 | Jackpot $0 | Bingo $0 | Fortune $0 | Tax $0
Board [Qc Ad 4c Jd 5c]
Seat 1: 1faeaa9b showed [4s 6d] and won ($0.15) with Pair of Fours
Seat 2: 253e4fd2 folded before Flop (didn't bet)
Seat 3: 304af081 (button) folded before Flop (didn't bet)
Seat 4: abfd3936 (small blind) showed [Td 9d] and lost with Ace-High
Seat 5: Hero (big blind) showed [2c 6h] and lost with Ace-High
Seat 6: b2f9960e folded before Flop (didn't bet)


Poker Hand #HD1750325889: Hold'em No Limit ($0.02/$0.05) - 2024/04/28 18:02:57
Table 'NLHBlue10' 6-max Seat #2 is the button
Seat 1: 1faeaa9b ($5.97 in chips)
Seat 2: 253e4fd2 ($7.89 in chips)
Seat 3: 304af081 ($16.37 in chips)
Seat 4: abfd3936 ($5.15 in chips)
Seat 5: Hero ($6.05 in chips)
Seat 6: b2f9960e ($5.25 in chips)
304af081: posts small blind $0.02
abfd3936: posts big blind $0.05
*** HOLE CARDS ***
Dealt to 1faeaa9b 
Dealt to 253e4fd2 
Dealt to 304af081 
Dealt to abfd3936 
Dealt to Hero [Ks 4h]
Dealt to b2f9960e 
Hero: folds
b2f9960e: folds
1faeaa9b: calls $0.05
253e4fd2: folds
304af081: folds
abfd3936: checks
*** FLOP *** [5h 7d 6s]
abfd3936: checks
1faeaa9b: checks
*** TURN *** [5h 7d 6s] [Jh]
abfd3936: bets $0.12
1faeaa9b: calls $0.12
*** RIVER *** [5h 7d 6s Jh] [Td]
abfd3936: bets $0.18
1faeaa9b: raises $0.24 to $0.42
abfd3936: raises $0.6 to $1.02
1faeaa9b: calls $0.6
abfd3936: shows [4s 8h] (Eights-High Straight)
1faeaa9b: shows [7h 7c] (Three Sevens)
*** SHOWDOWN ***
abfd3936 collected $2.24 from pot
*** SUMMARY ***
Total pot $2.4 | Rake $0.11 | Jackpot $0.05 | Bingo $0 | Fortune $0 | Tax $0
Board [5h 7d 6s Jh Td]
Seat 1: 1faeaa9b showed [7h 7c] and lost with Three Sevens
Seat 2: 253e4fd2 (button) folded before Flop (didn't bet)
Seat 3: 304af081 (small blind) folded before Flop
Seat 4: abfd3936 (big blind) showed [4s 8h] and won ($2.24) with Eights-High Straight
Seat 5: Hero folded before Flop (didn't bet)
Seat 6: b2f9960e folded before Flop (didn't bet)


Poker Hand #HD1750325831: Hold'em No Limit ($0.02/$0.05) - 2024/04/28 18:02:21
Table 'NLHBlue10' 6-max Seat #1 is the button
Seat 1: 1faeaa9b ($6.07 in chips)
Seat 2: 253e4fd2 ($7.91 in chips)
Seat 3: 304af081 ($16.47 in chips)
Seat 4: abfd3936 ($5.15 in chips)
Seat 5: Hero ($5.84 in chips)
Seat 6: b2f9960e ($5.25 in chips)
253e4fd2: posts small blind $0.02
304af081: posts big blind $0.05
*** HOLE CARDS ***
Dealt to 1faeaa9b 
Dealt to 253e4fd2 
Dealt to 304af081 
Dealt to abfd3936 
Dealt to Hero [Ad Ac]
Dealt to b2f9960e 
abfd3936: folds
Hero: raises $0.05 to $0.1
b2f9960e: folds
1faeaa9b: calls $0.1
253e4fd2: folds
304af081: calls $0.05
*** FLOP *** [Jh Qd Jc]
304af081: checks
Hero: bets $0.16
1faeaa9b: folds
304af081: folds
Uncalled bet ($0.16) returned to Hero
*** SHOWDOWN ***
Hero collected $0.31 from pot
*** SUMMARY ***
Total pot $0.32 | Rake $0.01 | Jackpot $0 | Bingo $0 | Fortune $0 | Tax $0
Board [Jh Qd Jc]
Seat 1: 1faeaa9b (button) folded on the Flop
Seat 2: 253e4fd2 (small blind) folded before Flop
Seat 3: 304af081 (big blind) folded on the Flop
Seat 4: abfd3936 folded before Flop (didn't bet)
Seat 5: Hero won ($0.31)
Seat 6: b2f9960e folded before Flop (didn't bet)


Poker Hand #HD1750325757: Hold'em No Limit ($0.02/$0.05) - 2024/04/28 18:01:33
Table 'NLHBlue10' 6-max Seat #6 is the button
Seat 1: 1faeaa9b ($6.12 in chips)
Seat 2: 253e4fd2 ($7.86 in chips)
Seat 3: 304af081 ($16.47 in chips)
Seat 4: abfd3936 ($5.15 in chips)
Seat 5: Hero ($5.84 in chips)
Seat 6: b2f9960e ($5.25 in chips)
1faeaa9b: posts small blind $0.02
253e4fd2: posts big blind $0.05
*** HOLE CARDS ***
Dealt to 1faeaa9b 
Dealt to 253e4fd2 
Dealt to 304af081 
Dealt to abfd3936 
Dealt to Hero [Kd 2c]
Dealt to b2f9960e 
304af081: folds
abfd3936: folds
Hero: folds
b2f9960e: folds
1faeaa9b: calls $0.03
253e4fd2: checks
*** FLOP *** [4d Jd 7s]
1faeaa9b: checks
253e4fd2: checks
*** TURN *** [4d Jd 7s] [Tc]
1faeaa9b: checks
253e4fd2: checks
*** RIVER *** [4d Jd 7s Tc] [5s]
1faeaa9b: checks
253e4fd2: checks
1faeaa9b: shows [8h Kh] (King-High)
253e4fd2: shows [Qs 5h] (Pair of Fives)
*** SHOWDOWN ***
253e4fd2 collected $0.1 from pot
*** SUMMARY ***
Total pot $0.1 | Rake $0 | Jackpot $0 | Bingo $0 | Fortune $0 | Tax $0
Board [4d Jd 7s Tc 5s]
Seat 1: 1faeaa9b (small blind) showed [8h Kh] and lost with King-High
Seat 2: 253e4fd2 (big blind) showed [Qs 5h] and won ($0.1) with Pair of Fives
Seat 3: 304af081 folded before Flop (didn't bet)
Seat 4: abfd3936 folded before Flop (didn't bet)
Seat 5: Hero folded before Flop (didn't bet)
Seat 6: b2f9960e (button) folded before Flop (didn't bet)


Poker Hand #HD1750325716: Hold'em No Limit ($0.02/$0.05) - 2024/04/28 18:01:10
Table 'NLHBlue10' 6-max Seat #5 is the button
Seat 1: 1faeaa9b ($6.17 in chips)
Seat 2: 253e4fd2 ($7.86 in chips)
Seat 3: 304af081 ($16.47 in chips)
Seat 4: abfd3936 ($5.15 in chips)
Seat 5: Hero ($5.84 in chips)
Seat 6: b2f9960e ($5.2 in chips)
b2f9960e: posts small blind $0.02
1faeaa9b: posts big blind $0.05
*** HOLE CARDS ***
Dealt to 1faeaa9b 
Dealt to 253e4fd2 
Dealt to 304af081 
Dealt to abfd3936 
Dealt to Hero [5h 6c]
Dealt to b2f9960e 
253e4fd2: folds
304af081: folds
abfd3936: folds
Hero: folds
b2f9960e: raises $0.1 to $0.15
1faeaa9b: folds
Uncalled bet ($0.1) returned to b2f9960e
*** SHOWDOWN ***
b2f9960e collected $0.1 from pot
*** SUMMARY ***
Total pot $0.1 | Rake $0 | Jackpot $0 | Bingo $0 | Fortune $0 | Tax $0
Seat 1: 1faeaa9b (big blind) folded before Flop
Seat 2: 253e4fd2 folded before Flop (didn't bet)
Seat 3: 304af081 folded before Flop (didn't bet)
Seat 4: abfd3936 folded before Flop (didn't bet)
Seat 5: Hero (button) folded before Flop (didn't bet)
Seat 6: b2f9960e (small blind) collected ($0.1)


Poker Hand #HD1750225600: Hold'em No Limit ($0.02/$0.05) - 2024/04/28 18:00:00
Table 'NLHBlue10' 6-max Seat #4 is the button
Seat 1: 1faeaa9b ($5.99 in chips)
Seat 2: 253e4fd2 ($7.98 in chips)
Seat 3: 304af081 ($16.47 in chips)
Seat 4: abfd3936 ($5.15 in chips)
Seat 5: Hero ($5.86 in chips)
Seat 6: b2f9960e ($5.25 in chips)
Hero: posts small blind $0.02
b2f9960e: posts big blind $0.05
*** HOLE CARDS ***
Dealt to 1faeaa9b 
Dealt to 253e4fd2 
Dealt to 304af081 
Dealt to abfd3936 
Dealt to Hero [9h 9s]
Dealt to b2f9960e 
1faeaa9b: calls $0.05
253e4fd2: raises $0.07 to $0.12
304af081: folds
abfd3936: folds
Hero: folds
b2f9960e: folds
1faeaa9b: calls $0.07
*** FLOP *** [7c Kh 2c]
1faeaa9b: checks
253e4fd2: checks
*** TURN *** [7c Kh 2c] [9c]
1faeaa9b: checks
253e4fd2: checks
*** RIVER *** [7c Kh 2c 9c] [8d]
1faeaa9b: checks
253e4fd2: checks
1faeaa9b: shows [7h Th] (Pair of Sevens)
253e4fd2: shows [Ts Qs] (King-High)
*** SHOWDOWN ***
1faeaa9b collected $0.3 from pot
*** SUMMARY ***
Total pot $0.31 | Rake $0.01 | Jackpot $0 | Bingo $0 | Fortune $0 | Tax $0
Board [7c Kh 2c 9c 8d]
Seat 1: 1faeaa9b showed [7h Th] and won ($0.3) with Pair of Sevens
Seat 2: 253e4fd2 showed [Ts Qs] and lost with King-High
Seat 3: 304af081 folded before Flop (didn't bet)
Seat 4: abfd3936 (button) folded before Flop (didn't bet)
Seat 5: Hero (small blind) folded before Flop
Seat 6: b2f9960e (big blind) folded before Flop


Poker Hand #HD1750225521: Hold'em No Limit ($0.02/$0.05) - 2024/04/28 17:59:10
Table 'NLHBlue10' 6-max Seat #3 is the button
Seat 1: 1faeaa9b ($6.18 in chips)
Seat 2: 253e4fd2 ($7.98 in chips)
Seat 3: 304af081 ($16.47 in chips)
Seat 4: abfd3936 ($5.17 in chips)
Seat 5: Hero ($5.67 in chips)
Seat 6: b2f9960e ($5.25 in chips)
abfd3936: posts small blind $0.02
Hero: posts big blind $0.05
*** HOLE CARDS ***
Dealt to 1faeaa9b 
Dealt to 253e4fd2 
Dealt to 304af081 
Dealt to abfd3936 
Dealt to Hero [Th Ac]
Dealt to b2f9960e 
b2f9960e: folds
1faeaa9b: calls $0.05
253e4fd2: folds
304af081: folds
abfd3936: folds
Hero: checks
*** FLOP *** [Qs Kc 5d]
Hero: checks
1faeaa9b: bets $0.06
Hero: calls $0.06
*** TURN *** [Qs Kc 5d] [Ts]
Hero: checks
1faeaa9b: bets $0.08
Hero: calls $0.08
*** RIVER *** [Qs Kc 5d Ts] [3c]
Hero: checks
1faeaa9b: checks
Hero: shows [Th Ac] (Pair of Tens)
1faeaa9b: shows [Js Tc] (Pair of Tens)
*** SHOWDOWN ***
Hero collected $0.38 from pot
*** SUMMARY ***
Total pot $0.4 | Rake $0.02 | Jackpot $0 | Bingo $0 | Fortune $0 | Tax $0
Board [Qs Kc 5d Ts 3c]
Seat 1: 1faeaa9b showed [Js Tc] and lost with Pair of Tens
Seat 2: 253e4fd2 folded before Flop (didn't bet)
Seat 3: 304af081 (button) folded before Flop (didn't bet)
Seat 4: abfd3936 (small blind) folded before Flop
Seat 5: Hero (big blind) showed [Th Ac] and won ($0.38) with Pair of Tens
Seat 6: b2f9960e folded before Flop (didn't bet)


Poker Hand #HD1750225401: Hold'em No Limit ($0.02/$0.05) - 2024/04/28 17:57:55
Table 'NLHBlue10' 6-max Seat #2 is the button
Seat 1: 1faeaa9b ($5.71 in chips)
Seat 2: 253e4fd2 ($7.98 in chips)
Seat 3: 304af081 ($16.72 in chips)
Seat 4: abfd3936 ($5.42 in chips)
Seat 5: Hero ($5.67 in chips)
Seat 6: b2f9960e ($5.25 in chips)
304af081: posts small blind $0.02
abfd3936: posts big blind $0.05
*** HOLE CARDS ***
Dealt to 1faeaa9b 
Dealt to 253e4fd2 
Dealt to 304af081 
Dealt to abfd3936 
Dealt to Hero [6c Td]
Dealt to b2f9960e 
Hero: folds
b2f9960e: folds
1faeaa9b: calls $0.05
253e4fd2: folds
304af081: raises $0.2 to $0.25
abfd3936: calls $0.2
1faeaa9b: calls $0.2
*** FLOP *** [2h 4c Jd]
304af081: checks
abfd3936: checks
1faeaa9b: checks
*** TURN *** [2h 4c Jd] [Qc]
304af081: checks
abfd3936: checks
1faeaa9b: checks
*** RIVER *** [2h 4c Jd Qc] [4d]
304af081: checks
abfd3936: checks
1faeaa9b: checks
304af081: shows [6d 6s] (Pair of Sixes and Pair of Fours)
abfd3936: shows [5c 5d] (Pair of Fives and Pair of Fours)
1faeaa9b: shows [Ts Th] (Pair of Tens and Pair of Fours)
*** SHOWDOWN ***
1faeaa9b collected $0.72 from pot
*** SUMMARY ***
Total pot $0.75 | Rake $0.03 | Jackpot $0 | Bingo $0 | Fortune $0 | Tax $0
Board [2h 4c Jd Qc 4d]
Seat 1: 1faeaa9b showed [Ts Th] and won ($0.72) with Pair of Tens and Pair of Fours
Seat 2: 253e4fd2 (button) folded before Flop (didn't bet)
Seat 3: 304af081 (small blind) showed [6d 6s] and lost with Pair of Sixes and Pair of Fours
Seat 4: abfd3936 (big blind) showed [5c 5d] and lost with Pair of Fives and Pair of Fours
Seat 5: Hero folded before Flop (didn't bet)
Seat 6: b2f9960e folded before Flop (didn't bet)


Poker Hand #HD1750225367: Hold'em No Limit ($0.02/$0.05) - 2024/04/28 17:57:31
Table 'NLHBlue10' 6-max Seat #1 is the button
Seat 1: 1faeaa9b ($5.86 in chips)
Seat 2: 253e4fd2 ($8 in chips)
Seat 3: 304af081 ($16.77 in chips)
Seat 4: abfd3936 ($5.21 in chips)
Seat 5: Hero ($5.67 in chips)
Seat 6: b2f9960e ($5.25 in chips)
253e4fd2: posts small blind $0.02
304af081: posts big blind $0.05
*** HOLE CARDS ***
Dealt to 1faeaa9b 
Dealt to 253e4fd2 
Dealt to 304af081 
Dealt to abfd3936 
Dealt to Hero [Jc 2h]
Dealt to b2f9960e 
abfd3936: raises $0.1 to $0.15
Hero: folds
b2f9960e: folds
1faeaa9b: calls $0.15
253e4fd2: folds
304af081: folds
*** FLOP *** [Ah Qd Jh]
abfd3936: bets $0.18
1faeaa9b: folds
Uncalled bet ($0.18) returned to abfd3936
*** SHOWDOWN ***
abfd3936 collected $0.36 from pot
*** SUMMARY ***
Total pot $0.37 | Rake $0.01 | Jackpot $0 | Bingo $0 | Fortune $0 | Tax $0
Board [Ah Qd Jh]
Seat 1: 1faeaa9b (button) folded on the Flop
Seat 2: 253e4fd2 (small blind) folded before Flop
Seat 3: 304af081 (big blind) folded before Flop
Seat 4: abfd3936 won ($0.36)
Seat 5: Hero folded before Flop (didn't bet)
Seat 6: b2f9960e folded before Flop (didn't bet)


Poker Hand #HD1750225280: Hold'em No Limit ($0.02/$0.05) - 2024/04/28 17:56:36
Table 'NLHBlue10' 6-max Seat #6 is the button
Seat 1: 1faeaa9b ($5.88 in chips)
Seat 2: 253e4fd2 ($8.05 in chips)
Seat 3: 304af081 ($16.77 in chips)
Seat 4: abfd3936 ($5.21 in chips)
Seat 5: Hero ($5.79 in chips)
Seat 6: b2f9960e ($5.07 in chips)
1faeaa9b: posts small blind $0.02
253e4fd2: posts big blind $0.05
*** HOLE CARDS ***
Dealt to 1faeaa9b 
Dealt to 253e4fd2 
Dealt to 304af081 
Dealt to abfd3936 
Dealt to Hero [Qd Jc]
Dealt to b2f9960e 
304af081: folds
abfd3936: folds
Hero: raises $0.07 to $0.12
b2f9960e: raises $0.26 to $0.38
1faeaa9b: folds
253e4fd2: folds
Hero: folds
Uncalled bet ($0.26) returned to b2f9960e
*** SHOWDOWN ***
b2f9960e collected $0.3 from pot
*** SUMMARY ***
Total pot $0.31 | Rake $0.01 | Jackpot $0 | Bingo $0 | Fortune $0 | Tax $0
Seat 1: 1faeaa9b (small blind) folded before Flop
Seat 2: 253e4fd2 (big blind) folded before Flop
Seat 3: 304af081 folded before Flop (didn't bet)
Seat 4: abfd3936 folded before Flop (didn't bet)
Seat 5: Hero folded before Flop
Seat 6: b2f9960e (button) collected ($0.3)


Poker Hand #HD1750225255: Hold'em No Limit ($0.02/$0.05) - 2024/04/28 17:56:15
Table 'NLHBlue10' 6-max Seat #5 is the button
Seat 1: 1faeaa9b ($5.86 in chips)
Seat 2: 253e4fd2 ($8.05 in chips)
Seat 3: 304af081 ($16.77 in chips)
Seat 4: abfd3936 ($5.21 in chips)
Seat 5: Hero ($5.79 in chips)
Seat 6: b2f9960e ($5.09 in chips)
b2f9960e: posts small blind $0.02
1faeaa9b: posts big blind $0.05
*** HOLE CARDS ***
Dealt to 1faeaa9b 
Dealt to 253e4fd2 
Dealt to 304af081 
Dealt to abfd3936 
Dealt to Hero [2s 9h]
Dealt to b2f9960e 
253e4fd2: folds
304af081: folds
abfd3936: folds
Hero: folds
b2f9960e: folds
Uncalled bet ($0.03) returned to 1faeaa9b
*** SHOWDOWN ***
1faeaa9b collected $0.04 from pot
*** SUMMARY ***
Total pot $0.04 | Rake $0 | Jackpot $0 | Bingo $0 | Fortune $0 | Tax $0
Seat 1: 1faeaa9b (big blind) collected ($0.04)
Seat 2: 253e4fd2 folded before Flop (didn't bet)
Seat 3: 304af081 folded before Flop (didn't bet)
Seat 4: abfd3936 folded before Flop (didn't bet)
Seat 5: Hero (button) folded before Flop (didn't bet)
Seat 6: b2f9960e (small blind) folded before Flop


Poker Hand #HD1750225185: Hold'em No Limit ($0.02/$0.05) - 2024/04/28 17:55:31
Table 'NLHBlue10' 6-max Seat #4 is the button
Seat 1: 1faeaa9b ($5.86 in chips)
Seat 2: 253e4fd2 ($8.05 in chips)
Seat 3: 304af081 ($16.89 in chips)
Seat 4: abfd3936 ($5.03 in chips)
Seat 5: Hero ($5.81 in chips)
Seat 6: b2f9960e ($5.14 in chips)
Hero: posts small blind $0.02
b2f9960e: posts big blind $0.05
*** HOLE CARDS ***
Dealt to 1faeaa9b 
Dealt to 253e4fd2 
Dealt to 304af081 
Dealt to abfd3936 
Dealt to Hero [4c Ts]
Dealt to b2f9960e 
1faeaa9b: folds
253e4fd2: folds
304af081: raises $0.07 to $0.12
abfd3936: raises $0.24 to $0.36
Hero: folds
b2f9960e: folds
304af081: folds
Uncalled bet ($0.24) returned to abfd3936
*** SHOWDOWN ***
abfd3936 collected $0.3 from pot
*** SUMMARY ***
Total pot $0.31 | Rake $0.01 | Jackpot $0 | Bingo $0 | Fortune $0 | Tax $0
Seat 1: 1faeaa9b folded before Flop (didn't bet)
Seat 2: 253e4fd2 folded before Flop (didn't bet)
Seat 3: 304af081 folded before Flop
Seat 4: abfd3936 (button) collected ($0.3)
Seat 5: Hero (small blind) folded before Flop
Seat 6: b2f9960e (big blind) folded before Flop


Poker Hand #HD1750225157: Hold'em No Limit ($0.02/$0.05) - 2024/04/28 17:55:17
Table 'NLHBlue10' 6-max Seat #3 is the button
Seat 1: 1faeaa9b ($5.86 in chips)
Seat 2: 253e4fd2 ($8.05 in chips)
Seat 3: 304af081 ($16.89 in chips)
Seat 4: abfd3936 ($5.05 in chips)
Seat 5: Hero ($5.79 in chips)
Seat 6: b2f9960e ($5.14 in chips)
abfd3936: posts small blind $0.02
Hero: posts big blind $0.05
*** HOLE CARDS ***
Dealt to 1faeaa9b 
Dealt to 253e4fd2 
Dealt to 304af081 
Dealt to abfd3936 
Dealt to Hero [6h 2c]
Dealt to b2f9960e 
b2f9960e: folds
1faeaa9b: folds
253e4fd2: folds
304af081: folds
abfd3936: folds
Uncalled bet ($0.03) returned to Hero
*** SHOWDOWN ***
Hero collected $0.04 from pot
*** SUMMARY ***
Total pot $0.04 | Rake $0 | Jackpot $0 | Bingo $0 | Fortune $0 | Tax $0
Seat 1: 1faeaa9b folded before Flop (didn't bet)
Seat 2: 253e4fd2 folded before Flop (didn't bet)
Seat 3: 304af081 (button) folded before Flop (didn't bet)
Seat 4: abfd3936 (small blind) folded before Flop
Seat 5: Hero (big blind) collected ($0.04)
Seat 6: b2f9960e folded before Flop (didn't bet)


Poker Hand #HD1750225066: Hold'em No Limit ($0.02/$0.05) - 2024/04/28 17:54:25
Table 'NLHBlue10' 6-max Seat #2 is the button
Seat 1: 1faeaa9b ($6.2 in chips)
Seat 2: 253e4fd2 ($8.05 in chips)
Seat 3: 304af081 ($16.91 in chips)
Seat 4: abfd3936 ($5.1 in chips)
Seat 5: Hero ($5.41 in chips)
Seat 6: b2f9960e ($5.14 in chips)
304af081: posts small blind $0.02
abfd3936: posts big blind $0.05
*** HOLE CARDS ***
Dealt to 1faeaa9b 
Dealt to 253e4fd2 
Dealt to 304af081 
Dealt to abfd3936 
Dealt to Hero [Qc Ac]
Dealt to b2f9960e 
Hero: raises $0.05 to $0.1
b2f9960e: folds
1faeaa9b: calls $0.1
253e4fd2: folds
304af081: folds
abfd3936: folds
*** FLOP *** [6c 8c 5c]
Hero: checks
1faeaa9b: checks
*** TURN *** [6c 8c 5c] [8h]
Hero: bets $0.09
1faeaa9b: calls $0.09
*** RIVER *** [6c 8c 5c 8h] [5d]
Hero: bets $0.15
1faeaa9b: calls $0.15
Hero: shows [Qc Ac] (Ace High Flush)
1faeaa9b: shows [Td Ts] (Pair of Tens and Pair of Eights)
*** SHOWDOWN ***
Hero collected $0.72 from pot
*** SUMMARY ***
Total pot $0.75 | Rake $0.03 | Jackpot $0 | Bingo $0 | Fortune $0 | Tax $0
Board [6c 8c 5c 8h 5d]
Seat 1: 1faeaa9b showed [Td Ts] and lost with Pair of Tens and Pair of Eights
Seat 2: 253e4fd2 (button) folded before Flop (didn't bet)
Seat 3: 304af081 (small blind) folded before Flop
Seat 4: abfd3936 (big blind) folded before Flop
Seat 5: Hero showed [Qc Ac] and won ($0.72) with Ace High Flush
Seat 6: b2f9960e folded before Flop (didn't bet)


Poker Hand #HD1750224963: Hold'em No Limit ($0.02/$0.05) - 2024/04/28 17:53:22
Table 'NLHBlue10' 6-max Seat #1 is the button
Seat 1: 1faeaa9b ($8.66 in chips)
Seat 2: 253e4fd2 ($8.07 in chips)
Seat 3: 304af081 ($14.72 in chips)
Seat 4: abfd3936 ($5.1 in chips)
Seat 5: Hero ($5.41 in chips)
Seat 6: b2f9960e ($5.14 in chips)
253e4fd2: posts small blind $0.02
304af081: posts big blind $0.05
*** HOLE CARDS ***
Dealt to 1faeaa9b 
Dealt to 253e4fd2 
Dealt to 304af081 
Dealt to abfd3936 
Dealt to Hero [7s 2d]
Dealt to b2f9960e 
abfd3936: folds
Hero: folds
b2f9960e: folds
1faeaa9b: calls $0.05
253e4fd2: folds
304af081: raises $0.2 to $0.25
1faeaa9b: calls $0.2
*** FLOP *** [Tc Kc 7h]
304af081: bets $0.39
1faeaa9b: calls $0.39
*** TURN *** [Tc Kc 7h] [8d]
304af081: bets $1.82
1faeaa9b: calls $1.82
*** RIVER *** [Tc Kc 7h 8d] [Js]
304af081: checks
1faeaa9b: checks
304af081: shows [Ad Kd] (Pair of Kings)
1faeaa9b: shows [Ac Jc] (Pair of Jacks)
*** SHOWDOWN ***
304af081 collected $4.65 from pot
*** SUMMARY ***
Total pot $4.94 | Rake $0.24 | Jackpot $0.05 | Bingo $0 | Fortune $0 | Tax $0
Board [Tc Kc 7h 8d Js]
Seat 1: 1faeaa9b (button) showed [Ac Jc] and lost with Pair of Jacks
Seat 2: 253e4fd2 (small blind) folded before Flop
Seat 3: 304af081 (big blind) showed [Ad Kd] and won ($4.65) with Pair of Kings
Seat 4: abfd3936 folded before Flop (didn't bet)
Seat 5: Hero folded before Flop (didn't bet)
Seat 6: b2f9960e folded before Flop (didn't bet)


Poker Hand #HD1750224874: Hold'em No Limit ($0.02/$0.05) - 2024/04/28 17:52:23
Table 'NLHBlue10' 6-max Seat #6 is the button
Seat 1: 1faeaa9b ($8.32 in chips)
Seat 2: 253e4fd2 ($8.12 in chips)
Seat 3: 304af081 ($14.72 in chips)
Seat 4: abfd3936 ($5.1 in chips)
Seat 5: Hero ($5.73 in chips)
Seat 6: b2f9960e ($5.14 in chips)
1faeaa9b: posts small blind $0.02
253e4fd2: posts big blind $0.05
*** HOLE CARDS ***
Dealt to 1faeaa9b 
Dealt to 253e4fd2 
Dealt to 304af081 
Dealt to abfd3936 
Dealt to Hero [Js Jh]
Dealt to b2f9960e 
304af081: folds
abfd3936: folds
Hero: raises $0.07 to $0.12
b2f9960e: folds
1faeaa9b: calls $0.1
253e4fd2: folds
*** FLOP *** [Ac Td Ah]
1faeaa9b: checks
Hero: checks
*** TURN *** [Ac Td Ah] [8d]
1faeaa9b: checks
Hero: bets $0.2
1faeaa9b: calls $0.2
*** RIVER *** [Ac Td Ah 8d] [Kh]
1faeaa9b: checks
Hero: checks
1faeaa9b: shows [As 5h] (Three Aces)
Hero: shows [Js Jh] (Pair of Aces and Pair of Jacks)
*** SHOWDOWN ***
1faeaa9b collected $0.66 from pot
*** SUMMARY ***
Total pot $0.69 | Rake $0.03 | Jackpot $0 | Bingo $0 | Fortune $0 | Tax $0
Board [Ac Td Ah 8d Kh]
Seat 1: 1faeaa9b (small blind) showed [As 5h] and won ($0.66) with Three Aces
Seat 2: 253e4fd2 (big blind) folded before Flop
Seat 3: 304af081 folded before Flop (didn't bet)
Seat 4: abfd3936 folded before Flop (didn't bet)
Seat 5: Hero showed [Js Jh] and lost with Pair of Aces and Pair of Jacks
Seat 6: b2f9960e (button) folded before Flop (didn't bet)


Poker Hand #HD1750224818: Hold'em No Limit ($0.02/$0.05) - 2024/04/28 17:51:49
Table 'NLHBlue10' 6-max Seat #5 is the button
Seat 1: 1faeaa9b ($8.18 in chips)
Seat 2: 253e4fd2 ($8.25 in chips)
Seat 3: 304af081 ($14.72 in chips)
Seat 4: abfd3936 ($5.1 in chips)
Seat 5: Hero ($5.73 in chips)
Seat 6: b2f9960e ($5.16 in chips)
b2f9960e: posts small blind $0.02
1faeaa9b: posts big blind $0.05
*** HOLE CARDS ***
Dealt to 1faeaa9b 
Dealt to 253e4fd2 
Dealt to 304af081 
Dealt to abfd3936 
Dealt to Hero [6h 7c]
Dealt to b2f9960e 
253e4fd2: raises $0.08 to $0.13
304af081: folds
abfd3936: folds
Hero: folds
b2f9960e: folds
1faeaa9b: calls $0.08
*** FLOP *** [Kh 2s 7s]
1faeaa9b: checks
253e4fd2: checks
*** TURN *** [Kh 2s 7s] [7h]
1faeaa9b: checks
253e4fd2: checks
*** RIVER *** [Kh 2s 7s 7h] [5h]
1faeaa9b: bets $0.28
253e4fd2: folds
Uncalled bet ($0.28) returned to 1faeaa9b
*** SHOWDOWN ***
1faeaa9b collected $0.27 from pot
*** SUMMARY ***
Total pot $0.28 | Rake $0.01 | Jackpot $0 | Bingo $0 | Fortune $0 | Tax $0
Board [Kh 2s 7s 7h 5h]
Seat 1: 1faeaa9b (big blind) won ($0.27)
Seat 2: 253e4fd2 folded on the River
Seat 3: 304af081 folded before Flop (didn't bet)
Seat 4: abfd3936 folded before Flop (didn't bet)
Seat 5: Hero (button) folded before Flop (didn't bet)
Seat 6: b2f9960e (small blind) folded before Flop


Poker Hand #HD1750224779: Hold'em No Limit ($0.02/$0.05) - 2024/04/28 17:51:23
Table 'NLHBlue10' 6-max Seat #4 is the button
Seat 1: 1faeaa9b ($8.23 in chips)
Seat 2: 253e4fd2 ($8.13 in chips)
Seat 3: 304af081 ($14.72 in chips)
Seat 4: abfd3936 ($5.1 in chips)
Seat 5: Hero ($5.75 in chips)
Seat 6: b2f9960e ($5.21 in chips)
Hero: posts small blind $0.02
b2f9960e: posts big blind $0.05
*** HOLE CARDS ***
Dealt to 1faeaa9b 
Dealt to 253e4fd2 
Dealt to 304af081 
Dealt to abfd3936 
Dealt to Hero [5s Ah]
Dealt to b2f9960e 
1faeaa9b: calls $0.05
253e4fd2: raises $0.21 to $0.26
304af081: folds
abfd3936: folds
Hero: folds
b2f9960e: folds
1faeaa9b: folds
Uncalled bet ($0.21) returned to 253e4fd2
*** SHOWDOWN ***
253e4fd2 collected $0.17 from pot
*** SUMMARY ***
Total pot $0.17 | Rake $0 | Jackpot $0 | Bingo $0 | Fortune $0 | Tax $0
Seat 1: 1faeaa9b folded before Flop
Seat 2: 253e4fd2 collected ($0.17)
Seat 3: 304af081 folded before Flop (didn't bet)
Seat 4: abfd3936 (button) folded before Flop (didn't bet)
Seat 5: Hero (small blind) folded before Flop
Seat 6: b2f9960e (big blind) folded before Flop


Poker Hand #HD1750224724: Hold'em No Limit ($0.02/$0.05) - 2024/04/28 17:50:49
Table 'NLHBlue10' 6-max Seat #3 is the button
Seat 1: 1faeaa9b ($7.98 in chips)
Seat 2: 253e4fd2 ($8.13 in chips)
Seat 3: 304af081 ($14.92 in chips)
Seat 4: abfd3936 ($5.12 in chips)
Seat 5: Hero ($5.8 in chips)
Seat 6: b2f9960e ($5.21 in chips)
abfd3936: posts small blind $0.02
Hero: posts big blind $0.05
*** HOLE CARDS ***
Dealt to 1faeaa9b 
Dealt to 253e4fd2 
Dealt to 304af081 
Dealt to abfd3936 
Dealt to Hero [Kd 5c]
Dealt to b2f9960e 
b2f9960e: folds
1faeaa9b: calls $0.05
253e4fd2: folds
304af081: raises $0.15 to $0.2
abfd3936: folds
Hero: folds
1faeaa9b: calls $0.15
*** FLOP *** [8s 6s 7d]
1faeaa9b: checks
304af081: checks
*** TURN *** [8s 6s 7d] [2c]
1faeaa9b: bets $0.47
304af081: folds
Uncalled bet ($0.47) returned to 1faeaa9b
*** SHOWDOWN ***
1faeaa9b collected $0.45 from pot
*** SUMMARY ***
Total pot $0.47 | Rake $0.02 | Jackpot $0 | Bingo $0 | Fortune $0 | Tax $0
Board [8s 6s 7d 2c]
Seat 1: 1faeaa9b won ($0.45)
Seat 2: 253e4fd2 folded before Flop (didn't bet)
Seat 3: 304af081 (button) folded on the Turn
Seat 4: abfd3936 (small blind) folded before Flop
Seat 5: Hero (big blind) folded before Flop
Seat 6: b2f9960e folded before Flop (didn't bet)


Poker Hand #HD1750224646: Hold'em No Limit ($0.02/$0.05) - 2024/04/28 17:50:00
Table 'NLHBlue10' 6-max Seat #2 is the button
Seat 1: 1faeaa9b ($8.09 in chips)
Seat 2: 253e4fd2 ($8.13 in chips)
Seat 3: 304af081 ($14.94 in chips)
Seat 4: abfd3936 ($5 in chips)
Seat 5: Hero ($5.8 in chips)
Seat 6: b2f9960e ($5.21 in chips)
304af081: posts small blind $0.02
abfd3936: posts big blind $0.05
*** HOLE CARDS ***
Dealt to 1faeaa9b 
Dealt to 253e4fd2 
Dealt to 304af081 
Dealt to abfd3936 
Dealt to Hero [2d Ah]
Dealt to b2f9960e 
Hero: folds
b2f9960e: folds
1faeaa9b: calls $0.05
253e4fd2: folds
304af081: folds
abfd3936: checks
*** FLOP *** [5c 3c 9c]
abfd3936: checks
1faeaa9b: checks
*** TURN *** [5c 3c 9c] [9h]
abfd3936: bets $0.06
1faeaa9b: calls $0.06
*** RIVER *** [5c 3c 9c 9h] [As]
abfd3936: checks
1faeaa9b: checks
abfd3936: shows [9d 2c] (Three Nines)
1faeaa9b: shows [Ac 5h] (Pair of Aces and Pair of Nines)
*** SHOWDOWN ***
abfd3936 collected $0.23 from pot
*** SUMMARY ***
Total pot $0.24 | Rake $0.01 | Jackpot $0 | Bingo $0 | Fortune $0 | Tax $0
Board [5c 3c 9c 9h As]
Seat 1: 1faeaa9b showed [Ac 5h] and lost with Pair of Aces and Pair of Nines
Seat 2: 253e4fd2 (button) folded before Flop (didn't bet)
Seat 3: 304af081 (small blind) folded before Flop
Seat 4: abfd3936 (big blind) showed [9d 2c] and won ($0.23) with Three Nines
Seat 5: Hero folded before Flop (didn't bet)
Seat 6: b2f9960e folded before Flop (didn't bet)


Poker Hand #HD1750224625: Hold'em No Limit ($0.02/$0.05) - 2024/04/28 17:49:45
Table 'NLHBlue10' 6-max Seat #1 is the button
Seat 1: 1faeaa9b ($8.09 in chips)
Seat 2: 253e4fd2 ($8.15 in chips)
Seat 3: 304af081 ($14.99 in chips)
Seat 4: abfd3936 ($5 in chips)
Seat 5: Hero ($5.73 in chips)
Seat 6: b2f9960e ($5.21 in chips)
253e4fd2: posts small blind $0.02
304af081: posts big blind $0.05
*** HOLE CARDS ***
Dealt to 1faeaa9b 
Dealt to 253e4fd2 
Dealt to 304af081 
Dealt to abfd3936 
Dealt to Hero [Jc Ah]
Dealt to b2f9960e 
abfd3936: folds
Hero: raises $0.05 to $0.1
b2f9960e: folds
1faeaa9b: folds
253e4fd2: folds
304af081: folds
Uncalled bet ($0.05) returned to Hero
*** SHOWDOWN ***
Hero collected $0.12 from pot
*** SUMMARY ***
Total pot $0.12 | Rake $0 | Jackpot $0 | Bingo $0 | Fortune $0 | Tax $0
Seat 1: 1faeaa9b (button) folded before Flop (didn't bet)
Seat 2: 253e4fd2 (small blind) folded before Flop
Seat 3: 304af081 (big blind) folded before Flop
Seat 4: abfd3936 folded before Flop (didn't bet)
Seat 5: Hero collected ($0.12)
Seat 6: b2f9960e folded before Flop (didn't bet)


Poker Hand #HD1750224566: Hold'em No Limit ($0.02/$0.05) - 2024/04/28 17:49:06
Table 'NLHBlue10' 6-max Seat #6 is the button
Seat 1: 1faeaa9b ($8.43 in chips)
Seat 2: 253e4fd2 ($7.84 in chips)
Seat 3: 304af081 ($14.99 in chips)
Seat 4: abfd3936 ($5 in chips)
Seat 5: Hero ($5.73 in chips)
Seat 6: b2f9960e ($5.21 in chips)
1faeaa9b: posts small blind $0.02
253e4fd2: posts big blind $0.05
*** HOLE CARDS ***
Dealt to 1faeaa9b 
Dealt to 253e4fd2 
Dealt to 304af081 
Dealt to abfd3936 
Dealt to Hero [6d 9d]
Dealt to b2f9960e 
304af081: folds
abfd3936: folds
Hero: folds
b2f9960e: folds
1faeaa9b: calls $0.03
253e4fd2: checks
*** FLOP *** [Kh 3c 3h]
1faeaa9b: checks
253e4fd2: bets $0.05
1faeaa9b: calls $0.05
*** TURN *** [Kh 3c 3h] [As]
1faeaa9b: checks
253e4fd2: bets $0.1
1faeaa9b: calls $0.1
*** RIVER *** [Kh 3c 3h As] [5d]
1faeaa9b: checks
253e4fd2: bets $0.14
1faeaa9b: calls $0.14
253e4fd2: shows [3s 9h] (Three Treys)
1faeaa9b: shows [Qh Kc] (Pair of Kings and Pair of Treys)
*** SHOWDOWN ***
253e4fd2 collected $0.65 from pot
*** SUMMARY ***
Total pot $0.68 | Rake $0.03 | Jackpot $0 | Bingo $0 | Fortune $0 | Tax $0
Board [Kh 3c 3h As 5d]
Seat 1: 1faeaa9b (small blind) showed [Qh Kc] and lost with Pair of Kings and Pair of Treys
Seat 2: 253e4fd2 (big blind) showed [3s 9h] and won ($0.65) with Three Treys
Seat 3: 304af081 folded before Flop (didn't bet)
Seat 4: abfd3936 folded before Flop (didn't bet)
Seat 5: Hero folded before Flop (didn't bet)
Seat 6: b2f9960e (button) folded before Flop (didn't bet)


Poker Hand #HD1750224503: Hold'em No Limit ($0.02/$0.05) - 2024/04/28 17:48:23
Table 'NLHBlue10' 6-max Seat #5 is the button
Seat 1: 1faeaa9b ($8.56 in chips)
Seat 2: 253e4fd2 ($7.7 in chips)
Seat 3: 304af081 ($14.99 in chips)
Seat 4: abfd3936 ($5 in chips)
Seat 5: Hero ($5.73 in chips)
Seat 6: b2f9960e ($5.23 in chips)
b2f9960e: posts small blind $0.02
1faeaa9b: posts big blind $0.05
*** HOLE CARDS ***
Dealt to 1faeaa9b 
Dealt to 253e4fd2 
Dealt to 304af081 
Dealt to abfd3936 
Dealt to Hero [Kc 6c]
Dealt to b2f9960e 
253e4fd2: raises $0.08 to $0.13
304af081: folds
abfd3936: folds
Hero: folds
b2f9960e: folds
1faeaa9b: calls $0.08
*** FLOP *** [5h 3c Td]
1faeaa9b: checks
253e4fd2: bets $0.14
1faeaa9b: folds
Uncalled bet ($0.14) returned to 253e4fd2
*** SHOWDOWN ***
253e4fd2 collected $0.27 from pot
*** SUMMARY ***
Total pot $0.28 | Rake $0.01 | Jackpot $0 | Bingo $0 | Fortune $0 | Tax $0
Board [5h 3c Td]
Seat 1: 1faeaa9b (big blind) folded on the Flop
Seat 2: 253e4fd2 won ($0.27)
Seat 3: 304af081 folded before Flop (didn't bet)
Seat 4: abfd3936 folded before Flop (didn't bet)
Seat 5: Hero (button) folded before Flop (didn't bet)
Seat 6: b2f9960e (small blind) folded before Flop


Poker Hand #HD1750224410: Hold'em No Limit ($0.02/$0.05) - 2024/04/28 17:47:22
Table 'NLHBlue10' 6-max Seat #4 is the button
Seat 1: 1faeaa9b ($7.21 in chips)
Seat 2: 253e4fd2 ($7.7 in chips)
Seat 3: 304af081 ($16.46 in chips)
Seat 4: abfd3936 ($5 in chips)
Seat 5: Hero ($5.75 in chips)
Seat 6: b2f9960e ($5.28 in chips)
Hero: posts small blind $0.02
b2f9960e: posts big blind $0.05
*** HOLE CARDS ***
Dealt to 1faeaa9b 
Dealt to 253e4fd2 
Dealt to 304af081 
Dealt to abfd3936 
Dealt to Hero [5c 5h]
Dealt to b2f9960e 
1faeaa9b: calls $0.05
253e4fd2: folds
304af081: raises $0.15 to $0.2
abfd3936: folds
Hero: folds
b2f9960e: folds
1faeaa9b: calls $0.15
*** FLOP *** [Jc Jh 3s]
1faeaa9b: checks
304af081: bets $0.16
1faeaa9b: calls $0.16
*** TURN *** [Jc Jh 3s] [Kd]
1faeaa9b: checks
304af081: bets $1.11
1faeaa9b: raises $5.74 to $6.85 and is all-in
304af081: folds
Uncalled bet ($5.74) returned to 1faeaa9b
*** SHOWDOWN ***
1faeaa9b collected $2.82 from pot
*** SUMMARY ***
Total pot $3.01 | Rake $0.14 | Jackpot $0.05 | Bingo $0 | Fortune $0 | Tax $0
Board [Jc Jh 3s Kd]
Seat 1: 1faeaa9b won ($2.82)
Seat 2: 253e4fd2 folded before Flop (didn't bet)
Seat 3: 304af081 folded on the Turn
Seat 4: abfd3936 (button) folded before Flop (didn't bet)
Seat 5: Hero (small blind) folded before Flop
Seat 6: b2f9960e (big blind) folded before Flop


Poker Hand #HD1750224305: Hold'em No Limit ($0.02/$0.05) - 2024/04/28 17:46:24
Table 'NLHBlue10' 6-max Seat #3 is the button
Seat 1: 1faeaa9b ($7.26 in chips)
Seat 2: 253e4fd2 ($7.7 in chips)
Seat 3: 304af081 ($16.46 in chips)
Seat 4: abfd3936 ($5 in chips)
Seat 5: Hero ($5.68 in chips)
Seat 6: b2f9960e ($5.28 in chips)
abfd3936: posts small blind $0.02
Hero: posts big blind $0.05
*** HOLE CARDS ***
Dealt to 1faeaa9b 
Dealt to 253e4fd2 
Dealt to 304af081 
Dealt to abfd3936 
Dealt to Hero [7s Ts]
Dealt to b2f9960e 
b2f9960e: folds
1faeaa9b: calls $0.05
253e4fd2: folds
304af081: folds
abfd3936: folds
Hero: checks
*** FLOP *** [7d 6d Qh]
Hero: checks
1faeaa9b: checks
*** TURN *** [7d 6d Qh] [9d]
Hero: checks
1faeaa9b: checks
*** RIVER *** [7d 6d Qh 9d] [8h]
Hero: bets $0.08
1faeaa9b: folds
Uncalled bet ($0.08) returned to Hero
*** SHOWDOWN ***
Hero collected $0.12 from pot
*** SUMMARY ***
Total pot $0.12 | Rake $0 | Jackpot $0 | Bingo $0 | Fortune $0 | Tax $0
Board [7d 6d Qh 9d 8h]
Seat 1: 1faeaa9b folded on the River
Seat 2: 253e4fd2 folded before Flop (didn't bet)
Seat 3: 304af081 (button) folded before Flop (didn't bet)
Seat 4: abfd3936 (small blind) folded before Flop
Seat 5: Hero (big blind) won ($0.12)
Seat 6: b2f9960e folded before Flop (didn't bet)


Poker Hand #HD1750224234: Hold'em No Limit ($0.02/$0.05) - 2024/04/28 17:45:40
Table 'NLHBlue10' 6-max Seat #2 is the button
Seat 1: 1faeaa9b ($7.92 in chips)
Seat 2: 253e4fd2 ($7.7 in chips)
Seat 3: 304af081 ($15.81 in chips)
Seat 4: abfd3936 ($5 in chips)
Seat 5: Hero ($5.68 in chips)
Seat 6: b2f9960e ($5.28 in chips)
304af081: posts small blind $0.02
abfd3936: posts big blind $0.05
*** HOLE CARDS ***
Dealt to 1faeaa9b 
Dealt to 253e4fd2 
Dealt to 304af081 
Dealt to abfd3936 
Dealt to Hero [2c Tc]
Dealt to b2f9960e 
Hero: folds
b2f9960e: folds
1faeaa9b: calls $0.05
253e4fd2: folds
304af081: raises $0.21 to $0.26
abfd3936: folds
1faeaa9b: calls $0.21
*** FLOP *** [9c 7h Qs]
304af081: bets $0.4
1faeaa9b: calls $0.4
*** TURN *** [9c 7h Qs] [Ad]
304af081: bets $1.75
1faeaa9b: folds
Uncalled bet ($1.75) returned to 304af081
*** SHOWDOWN ***
304af081 collected $1.31 from pot
*** SUMMARY ***
Total pot $1.37 | Rake $0.06 | Jackpot $0 | Bingo $0 | Fortune $0 | Tax $0
Board [9c 7h Qs Ad]
Seat 1: 1faeaa9b folded on the Turn
Seat 2: 253e4fd2 (button) folded before Flop (didn't bet)
Seat 3: 304af081 (small blind) won ($1.31)
Seat 4: abfd3936 (big blind) folded before Flop
Seat 5: Hero folded before Flop (didn't bet)
Seat 6: b2f9960e folded before Flop (didn't bet)


Poker Hand #HD1750224188: Hold'em No Limit ($0.02/$0.05) - 2024/04/28 17:45:08
Table 'NLHBlue10' 6-max Seat #1 is the button
Seat 1: 1faeaa9b ($7.97 in chips)
Seat 2: 253e4fd2 ($7.72 in chips)
Seat 3: 304af081 ($15.74 in chips)
Seat 5: Hero ($5.68 in chips)
Seat 6: b2f9960e ($5.28 in chips)
253e4fd2: posts small blind $0.02
304af081: posts big blind $0.05
*** HOLE CARDS ***
Dealt to 1faeaa9b 
Dealt to 253e4fd2 
Dealt to 304af081 
Dealt to Hero [5c Tc]
Dealt to b2f9960e 
Hero: folds
b2f9960e: folds
1faeaa9b: calls $0.05
253e4fd2: folds
304af081: checks
*** FLOP *** [As 7c 4h]
304af081: checks
1faeaa9b: checks
*** TURN *** [As 7c 4h] [3s]
304af081: bets $0.09
1faeaa9b: folds
Uncalled bet ($0.09) returned to 304af081
*** SHOWDOWN ***
304af081 collected $0.12 from pot
*** SUMMARY ***
Total pot $0.12 | Rake $0 | Jackpot $0 | Bingo $0 | Fortune $0 | Tax $0
Board [As 7c 4h 3s]
Seat 1: 1faeaa9b (button) folded on the Turn
Seat 2: 253e4fd2 (small blind) folded before Flop
Seat 3: 304af081 (big blind) won ($0.12)
Seat 5: Hero folded before Flop (didn't bet)
Seat 6: b2f9960e folded before Flop (didn't bet)


Poker Hand #HD1750224148: Hold'em No Limit ($0.02/$0.05) - 2024/04/28 17:44:47
Table 'NLHBlue10' 6-max Seat #6 is the button
Seat 1: 1faeaa9b ($7.99 in chips)
Seat 2: 253e4fd2 ($7.77 in chips)
Seat 3: 304af081 ($15.74 in chips)
Seat 5: Hero ($5.68 in chips)
Seat 6: b2f9960e ($5.21 in chips)
1faeaa9b: posts small blind $0.02
253e4fd2: posts big blind $0.05
*** HOLE CARDS ***
Dealt to 1faeaa9b 
Dealt to 253e4fd2 
Dealt to 304af081 
Dealt to Hero [5c Qh]
Dealt to b2f9960e 
304af081: folds
Hero: folds
b2f9960e: raises $0.1 to $0.15
1faeaa9b: folds
253e4fd2: folds
Uncalled bet ($0.1) returned to b2f9960e
*** SHOWDOWN ***
b2f9960e collected $0.12 from pot
*** SUMMARY ***
Total pot $0.12 | Rake $0 | Jackpot $0 | Bingo $0 | Fortune $0 | Tax $0
Seat 1: 1faeaa9b (small blind) folded before Flop
Seat 2: 253e4fd2 (big blind) folded before Flop
Seat 3: 304af081 folded before Flop (didn't bet)
Seat 5: Hero folded before Flop (didn't bet)
Seat 6: b2f9960e (button) collected ($0.12)


Poker Hand #HD1750224112: Hold'em No Limit ($0.02/$0.05) - 2024/04/28 17:44:31
Table 'NLHBlue10' 6-max Seat #5 is the button
Seat 1: 1faeaa9b ($7.97 in chips)
Seat 2: 253e4fd2 ($7.77 in chips)
Seat 3: 304af081 ($15.74 in chips)
Seat 5: Hero ($5.68 in chips)
Seat 6: b2f9960e ($5.23 in chips)
b2f9960e: posts small blind $0.02
1faeaa9b: posts big blind $0.05
*** HOLE CARDS ***
Dealt to 1faeaa9b 
Dealt to 253e4fd2 
Dealt to 304af081 
Dealt to Hero [7c Td]
Dealt to b2f9960e 
253e4fd2: folds
304af081: folds
Hero: folds
b2f9960e: folds
Uncalled bet ($0.03) returned to 1faeaa9b
*** SHOWDOWN ***
1faeaa9b collected $0.04 from pot
*** SUMMARY ***
Total pot $0.04 | Rake $0 | Jackpot $0 | Bingo $0 | Fortune $0 | Tax $0
Seat 1: 1faeaa9b (big blind) collected ($0.04)
Seat 2: 253e4fd2 folded before Flop (didn't bet)
Seat 3: 304af081 folded before Flop (didn't bet)
Seat 5: Hero (button) folded before Flop (didn't bet)
Seat 6: b2f9960e (small blind) folded before Flop


Poker Hand #HD1750224049: Hold'em No Limit ($0.02/$0.05) - 2024/04/28 17:43:58
Table 'NLHBlue10' 6-max Seat #3 is the button
Seat 1: 1faeaa9b ($7.97 in chips)
Seat 2: 253e4fd2 ($7.7 in chips)
Seat 3: 304af081 ($15.74 in chips)
Seat 5: Hero ($5.7 in chips)
Seat 6: b2f9960e ($5.28 in chips)
Hero: posts small blind $0.02
b2f9960e: posts big blind $0.05
*** HOLE CARDS ***
Dealt to 1faeaa9b 
Dealt to 253e4fd2 
Dealt to 304af081 
Dealt to Hero [8s Ks]
Dealt to b2f9960e 
1faeaa9b: folds
253e4fd2: raises $0.08 to $0.13
304af081: folds
Hero: folds
b2f9960e: folds
Uncalled bet ($0.08) returned to 253e4fd2
*** SHOWDOWN ***
253e4fd2 collected $0.12 from pot
*** SUMMARY ***
Total pot $0.12 | Rake $0 | Jackpot $0 | Bingo $0 | Fortune $0 | Tax $0
Seat 1: 1faeaa9b folded before Flop (didn't bet)
Seat 2: 253e4fd2 collected ($0.12)
Seat 3: 304af081 (button) folded before Flop (didn't bet)
Seat 5: Hero (small blind) folded before Flop
Seat 6: b2f9960e (big blind) folded before Flop


Poker Hand #HD1750224021: Hold'em No Limit ($0.02/$0.05) - 2024/04/28 17:43:43
Table 'NLHBlue10' 6-max Seat #2 is the button
Seat 1: 1faeaa9b ($7.97 in chips)
Seat 2: 253e4fd2 ($7.7 in chips)
Seat 3: 304af081 ($15.76 in chips)
Seat 5: Hero ($5.68 in chips)
Seat 6: b2f9960e ($5.28 in chips)
304af081: posts small blind $0.02
Hero: posts big blind $0.05
*** HOLE CARDS ***
Dealt to 1faeaa9b 
Dealt to 253e4fd2 
Dealt to 304af081 
Dealt to Hero [Js Kh]
Dealt to b2f9960e 
b2f9960e: folds
1faeaa9b: folds
253e4fd2: folds
304af081: folds
Uncalled bet ($0.03) returned to Hero
*** SHOWDOWN ***
Hero collected $0.04 from pot
*** SUMMARY ***
Total pot $0.04 | Rake $0 | Jackpot $0 | Bingo $0 | Fortune $0 | Tax $0
Seat 1: 1faeaa9b folded before Flop (didn't bet)
Seat 2: 253e4fd2 (button) folded before Flop (didn't bet)
Seat 3: 304af081 (small blind) folded before Flop
Seat 5: Hero (big blind) collected ($0.04)
Seat 6: b2f9960e folded before Flop (didn't bet)


Poker Hand #HD1750223998: Hold'em No Limit ($0.02/$0.05) - 2024/04/28 17:43:31
Table 'NLHBlue10' 6-max Seat #1 is the button
Seat 1: 1faeaa9b ($7.97 in chips)
Seat 2: 253e4fd2 ($7.72 in chips)
Seat 3: 304af081 ($15.74 in chips)
Seat 5: Hero ($5.68 in chips)
Seat 6: b2f9960e ($5.28 in chips)
253e4fd2: posts small blind $0.02
304af081: posts big blind $0.05
*** HOLE CARDS ***
Dealt to 1faeaa9b 
Dealt to 253e4fd2 
Dealt to 304af081 
Dealt to Hero [3s 4d]
Dealt to b2f9960e 
Hero: folds
b2f9960e: folds
1faeaa9b: folds
253e4fd2: folds
Uncalled bet ($0.03) returned to 304af081
*** SHOWDOWN ***
304af081 collected $0.04 from pot
*** SUMMARY ***
Total pot $0.04 | Rake $0 | Jackpot $0 | Bingo $0 | Fortune $0 | Tax $0
Seat 1: 1faeaa9b (button) folded before Flop (didn't bet)
Seat 2: 253e4fd2 (small blind) folded before Flop
Seat 3: 304af081 (big blind) collected ($0.04)
Seat 5: Hero folded before Flop (didn't bet)
Seat 6: b2f9960e folded before Flop (didn't bet)


Poker Hand #HD1750223901: Hold'em No Limit ($0.02/$0.05) - 2024/04/28 17:42:37
Table 'NLHBlue10' 6-max Seat #6 is the button
Seat 1: 1faeaa9b ($8.12 in chips)
Seat 2: 253e4fd2 ($7.87 in chips)
Seat 3: 304af081 ($15.74 in chips)
Seat 5: Hero ($5.68 in chips)
Seat 6: b2f9960e ($5 in chips)
1faeaa9b: posts small blind $0.02
253e4fd2: posts big blind $0.05
*** HOLE CARDS ***
Dealt to 1faeaa9b 
Dealt to 253e4fd2 
Dealt to 304af081 
Dealt to Hero [5h 2d]
Dealt to b2f9960e 
304af081: folds
Hero: folds
b2f9960e: raises $0.1 to $0.15
1faeaa9b: calls $0.13
253e4fd2: calls $0.1
*** FLOP *** [Tc 4h 6s]
1faeaa9b: checks
253e4fd2: checks
b2f9960e: bets $0.18
1faeaa9b: folds
253e4fd2: folds
Uncalled bet ($0.18) returned to b2f9960e
*** SHOWDOWN ***
b2f9960e collected $0.43 from pot
*** SUMMARY ***
Total pot $0.45 | Rake $0.02 | Jackpot $0 | Bingo $0 | Fortune $0 | Tax $0
Board [Tc 4h 6s]
Seat 1: 1faeaa9b (small blind) folded on the Flop
Seat 2: 253e4fd2 (big blind) folded on the Flop
Seat 3: 304af081 folded before Flop (didn't bet)
Seat 5: Hero folded before Flop (didn't bet)
Seat 6: b2f9960e (button) won ($0.43)


Poker Hand #HD1750223848: Hold'em No Limit ($0.02/$0.05) - 2024/04/28 17:42:13
Table 'NLHBlue10' 6-max Seat #5 is the button
Seat 1: 1faeaa9b ($8.17 in chips)
Seat 2: 253e4fd2 ($7.8 in chips)
Seat 3: 304af081 ($15.74 in chips)
Seat 5: Hero ($5.68 in chips)
Seat 6: b2f9960e ($5 in chips)
b2f9960e: posts small blind $0.02
1faeaa9b: posts big blind $0.05
*** HOLE CARDS ***
Dealt to 1faeaa9b 
Dealt to 253e4fd2 
Dealt to 304af081 
Dealt to Hero [Ac Qs]
Dealt to b2f9960e 
253e4fd2: raises $0.08 to $0.13
304af081: folds
Hero: folds
b2f9960e: folds
1faeaa9b: folds
Uncalled bet ($0.08) returned to 253e4fd2
*** SHOWDOWN ***
253e4fd2 collected $0.12 from pot
*** SUMMARY ***
Total pot $0.12 | Rake $0 | Jackpot $0 | Bingo $0 | Fortune $0 | Tax $0
Seat 1: 1faeaa9b (big blind) folded before Flop
Seat 2: 253e4fd2 collected ($0.12)
Seat 3: 304af081 folded before Flop (didn't bet)
Seat 5: Hero (button) folded before Flop (didn't bet)
Seat 6: b2f9960e (small blind) folded before Flop


Poker Hand #HD1750223819: Hold'em No Limit ($0.02/$0.05) - 2024/04/28 17:41:53
Table 'NLHBlue10' 6-max Seat #4 is the button
Seat 1: 1faeaa9b ($8.17 in chips)
Seat 2: 253e4fd2 ($7.73 in chips)
Seat 3: 304af081 ($15.74 in chips)
Seat 4: abfd3936 ($5 in chips)
Seat 5: Hero ($5.7 in chips)
Seat 6: b2f9960e ($5 in chips)
Hero: posts small blind $0.02
b2f9960e: posts big blind $0.05
*** HOLE CARDS ***
Dealt to 1faeaa9b 
Dealt to 253e4fd2 
Dealt to 304af081 
Dealt to abfd3936 
Dealt to Hero [Tc 7c]
Dealt to b2f9960e 
1faeaa9b: folds
253e4fd2: raises $0.08 to $0.13
304af081: folds
abfd3936: folds
Hero: folds
b2f9960e: folds
Uncalled bet ($0.08) returned to 253e4fd2
*** SHOWDOWN ***
253e4fd2 collected $0.12 from pot
*** SUMMARY ***
Total pot $0.12 | Rake $0 | Jackpot $0 | Bingo $0 | Fortune $0 | Tax $0
Seat 1: 1faeaa9b folded before Flop (didn't bet)
Seat 2: 253e4fd2 collected ($0.12)
Seat 3: 304af081 folded before Flop (didn't bet)
Seat 4: abfd3936 (button) folded before Flop (didn't bet)
Seat 5: Hero (small blind) folded before Flop
Seat 6: b2f9960e (big blind) folded before Flop


Poker Hand #HD1750223797: Hold'em No Limit ($0.02/$0.05) - 2024/04/28 17:41:41
Table 'NLHBlue10' 6-max Seat #3 is the button
Seat 1: 1faeaa9b ($8.17 in chips)
Seat 2: 253e4fd2 ($7.73 in chips)
Seat 3: 304af081 ($15.67 in chips)
Seat 4: abfd3936 ($5.02 in chips)
Seat 5: Hero ($5.75 in chips)
abfd3936: posts small blind $0.02
Hero: posts big blind $0.05
*** HOLE CARDS ***
Dealt to 1faeaa9b 
Dealt to 253e4fd2 
Dealt to 304af081 
Dealt to abfd3936 
Dealt to Hero [2d Qd]
1faeaa9b: folds
253e4fd2: folds
304af081: raises $0.07 to $0.12
abfd3936: folds
Hero: folds
Uncalled bet ($0.07) returned to 304af081
*** SHOWDOWN ***
304af081 collected $0.12 from pot
*** SUMMARY ***
Total pot $0.12 | Rake $0 | Jackpot $0 | Bingo $0 | Fortune $0 | Tax $0
Seat 1: 1faeaa9b folded before Flop (didn't bet)
Seat 2: 253e4fd2 folded before Flop (didn't bet)
Seat 3: 304af081 (button) collected ($0.12)
Seat 4: abfd3936 (small blind) folded before Flop
Seat 5: Hero (big blind) folded before Flop


Poker Hand #HD1750223722: Hold'em No Limit ($0.02/$0.05) - 2024/04/28 17:40:57
Table 'NLHBlue10' 6-max Seat #2 is the button
Seat 1: 1faeaa9b ($8.17 in chips)
Seat 2: 253e4fd2 ($8.09 in chips)
Seat 3: 304af081 ($15.69 in chips)
Seat 4: abfd3936 ($5.07 in chips)
Seat 5: Hero ($5.36 in chips)
304af081: posts small blind $0.02
abfd3936: posts big blind $0.05
*** HOLE CARDS ***
Dealt to 1faeaa9b 
Dealt to 253e4fd2 
Dealt to 304af081 
Dealt to abfd3936 
Dealt to Hero [Jh Ah]
Hero: raises $0.05 to $0.1
1faeaa9b: folds
253e4fd2: raises $0.26 to $0.36
304af081: folds
abfd3936: folds
Hero: calls $0.26
*** FLOP *** [6c Qh Kh]
Hero: bets $0.42
253e4fd2: folds
Uncalled bet ($0.42) returned to Hero
*** SHOWDOWN ***
Hero collected $0.75 from pot
*** SUMMARY ***
Total pot $0.79 | Rake $0.04 | Jackpot $0 | Bingo $0 | Fortune $0 | Tax $0
Board [6c Qh Kh]
Seat 1: 1faeaa9b folded before Flop (didn't bet)
Seat 2: 253e4fd2 (button) folded on the Flop
Seat 3: 304af081 (small blind) folded before Flop
Seat 4: abfd3936 (big blind) folded before Flop
Seat 5: Hero won ($0.75)


Poker Hand #HD1750223707: Hold'em No Limit ($0.02/$0.05) - 2024/04/28 17:40:45
Table 'NLHBlue10' 6-max Seat #1 is the button
Seat 1: 1faeaa9b ($8.17 in chips)
Seat 2: 253e4fd2 ($8.11 in chips)
Seat 3: 304af081 ($15.74 in chips)
Seat 4: abfd3936 ($5 in chips)
Seat 5: Hero ($5.36 in chips)
253e4fd2: posts small blind $0.02
304af081: posts big blind $0.05
*** HOLE CARDS ***
Dealt to 1faeaa9b 
Dealt to 253e4fd2 
Dealt to 304af081 
Dealt to abfd3936 
Dealt to Hero [Td 2h]
abfd3936: raises $0.1 to $0.15
Hero: folds
1faeaa9b: folds
253e4fd2: folds
304af081: folds
Uncalled bet ($0.1) returned to abfd3936
*** SHOWDOWN ***
abfd3936 collected $0.12 from pot
*** SUMMARY ***
Total pot $0.12 | Rake $0 | Jackpot $0 | Bingo $0 | Fortune $0 | Tax $0
Seat 1: 1faeaa9b (button) folded before Flop (didn't bet)
Seat 2: 253e4fd2 (small blind) folded before Flop
Seat 3: 304af081 (big blind) folded before Flop
Seat 4: abfd3936 collected ($0.12)
Seat 5: Hero folded before Flop (didn't bet)


Poker Hand #HD1750223672: Hold'em No Limit ($0.02/$0.05) - 2024/04/28 17:40:26
Table 'NLHBlue10' 6-max Seat #5 is the button
Seat 1: 1faeaa9b ($8.19 in chips)
Seat 2: 253e4fd2 ($8.16 in chips)
Seat 3: 304af081 ($15.74 in chips)
Seat 4: abfd3936 ($5 in chips)
Seat 5: Hero ($5.29 in chips)
1faeaa9b: posts small blind $0.02
253e4fd2: posts big blind $0.05
*** HOLE CARDS ***
Dealt to 1faeaa9b 
Dealt to 253e4fd2 
Dealt to 304af081 
Dealt to abfd3936 
Dealt to Hero [Ad 5d]
304af081: folds
abfd3936: folds
Hero: raises $0.07 to $0.12
1faeaa9b: folds
253e4fd2: folds
Uncalled bet ($0.07) returned to Hero
*** SHOWDOWN ***
Hero collected $0.12 from pot
*** SUMMARY ***
Total pot $0.12 | Rake $0 | Jackpot $0 | Bingo $0 | Fortune $0 | Tax $0
Seat 1: 1faeaa9b (small blind) folded before Flop
Seat 2: 253e4fd2 (big blind) folded before Flop
Seat 3: 304af081 folded before Flop (didn't bet)
Seat 4: abfd3936 folded before Flop (didn't bet)
Seat 5: Hero (button) collected ($0.12)


Poker Hand #HD1750223647: Hold'em No Limit ($0.02/$0.05) - 2024/04/28 17:40:14
Table 'NLHBlue10' 6-max Seat #4 is the button
Seat 1: 1faeaa9b ($8.17 in chips)
Seat 2: 253e4fd2 ($8.16 in chips)
Seat 3: 304af081 ($15.74 in chips)
Seat 4: abfd3936 ($5 in chips)
Seat 5: Hero ($5.31 in chips)
Hero: posts small blind $0.02
1faeaa9b: posts big blind $0.05
*** HOLE CARDS ***
Dealt to 1faeaa9b 
Dealt to 253e4fd2 
Dealt to 304af081 
Dealt to abfd3936 
Dealt to Hero [Tc 5d]
253e4fd2: folds
304af081: folds
abfd3936: folds
Hero: folds
Uncalled bet ($0.03) returned to 1faeaa9b
*** SHOWDOWN ***
1faeaa9b collected $0.04 from pot
*** SUMMARY ***
Total pot $0.04 | Rake $0 | Jackpot $0 | Bingo $0 | Fortune $0 | Tax $0
Seat 1: 1faeaa9b (big blind) collected ($0.04)
Seat 2: 253e4fd2 folded before Flop (didn't bet)
Seat 3: 304af081 folded before Flop (didn't bet)
Seat 4: abfd3936 (button) folded before Flop (didn't bet)
Seat 5: Hero (small blind) folded before Flop


Poker Hand #HD1750223571: Hold'em No Limit ($0.02/$0.05) - 2024/04/28 17:39:31
Table 'NLHBlue10' 6-max Seat #3 is the button
Seat 1: 1faeaa9b ($4.29 in chips)
Seat 2: 253e4fd2 ($8.16 in chips)
Seat 3: 304af081 ($15.74 in chips)
Seat 4: abfd3936 ($5 in chips)
Seat 5: Hero ($5.36 in chips)
Seat 6: 73c2c336 ($4.64 in chips)
abfd3936: posts small blind $0.02
Hero: posts big blind $0.05
*** HOLE CARDS ***
Dealt to 1faeaa9b 
Dealt to 253e4fd2 
Dealt to 304af081 
Dealt to abfd3936 
Dealt to Hero [8c 2c]
Dealt to 73c2c336 
73c2c336: raises $0.09 to $0.14
1faeaa9b: raises $4.15 to $4.29 and is all-in
253e4fd2: folds
304af081: folds
abfd3936: folds
Hero: folds
73c2c336: calls $4.15
1faeaa9b: shows [Ks Kh]
73c2c336: shows [Jc Ac]
*** FLOP *** [Th 3c 4h]
*** TURN *** [Th 3c 4h] [4s]
*** RIVER *** [Th 3c 4h 4s] [3h]
*** SHOWDOWN ***
1faeaa9b collected $8.17 from pot
*** SUMMARY ***
Total pot $8.65 | Rake $0.43 | Jackpot $0.05 | Bingo $0 | Fortune $0 | Tax $0
Board [Th 3c 4h 4s 3h]
Seat 1: 1faeaa9b showed [Ks Kh] and won ($8.17) with Pair of Kings and Pair of Fours
Seat 2: 253e4fd2 folded before Flop (didn't bet)
Seat 3: 304af081 (button) folded before Flop (didn't bet)
Seat 4: abfd3936 (small blind) folded before Flop
Seat 5: Hero (big blind) folded before Flop
Seat 6: 73c2c336 showed [Jc Ac] and lost with Pair of Fours and Pair of Treys


Poker Hand #HD1750223535: Hold'em No Limit ($0.02/$0.05) - 2024/04/28 17:39:14
Table 'NLHBlue10' 6-max Seat #2 is the button
Seat 2: 253e4fd2 ($8.16 in chips)
Seat 3: 304af081 ($15.76 in chips)
Seat 4: abfd3936 ($5 in chips)
Seat 5: Hero ($5.36 in chips)
Seat 6: 73c2c336 ($4.57 in chips)
304af081: posts small blind $0.02
abfd3936: posts big blind $0.05
*** HOLE CARDS ***
Dealt to 253e4fd2 
Dealt to 304af081 
Dealt to abfd3936 
Dealt to Hero [8h Qh]
Dealt to 73c2c336 
Hero: folds
73c2c336: raises $0.07 to $0.12
253e4fd2: folds
304af081: folds
abfd3936: folds
Uncalled bet ($0.07) returned to 73c2c336
*** SHOWDOWN ***
73c2c336 collected $0.12 from pot
*** SUMMARY ***
Total pot $0.12 | Rake $0 | Jackpot $0 | Bingo $0 | Fortune $0 | Tax $0
Seat 2: 253e4fd2 (button) folded before Flop (didn't bet)
Seat 3: 304af081 (small blind) folded before Flop
Seat 4: abfd3936 (big blind) folded before Flop
Seat 5: Hero folded before Flop (didn't bet)
Seat 6: 73c2c336 collected ($0.12)


Poker Hand #HD1750223445: Hold'em No Limit ($0.02/$0.05) - 2024/04/28 17:38:16
Table 'NLHBlue10' 6-max Seat #1 is the button
Seat 1: 1faeaa9b ($6.21 in chips)
Seat 2: 253e4fd2 ($8.18 in chips)
Seat 3: 304af081 ($10.08 in chips)
Seat 4: abfd3936 ($5 in chips)
Seat 5: Hero ($5.36 in chips)
Seat 6: 73c2c336 ($4.57 in chips)
253e4fd2: posts small blind $0.02
304af081: posts big blind $0.05
*** HOLE CARDS ***
Dealt to 1faeaa9b 
Dealt to 253e4fd2 
Dealt to 304af081 
Dealt to abfd3936 
Dealt to Hero [Kh 8s]
Dealt to 73c2c336 
abfd3936: folds
Hero: folds
73c2c336: folds
1faeaa9b: calls $0.05
253e4fd2: folds
304af081: raises $0.2 to $0.25
1faeaa9b: calls $0.2
*** FLOP *** [5c 7c 6s]
304af081: bets $0.26
1faeaa9b: calls $0.26
*** TURN *** [5c 7c 6s] [9d]
304af081: bets $0.75
1faeaa9b: calls $0.75
*** RIVER *** [5c 7c 6s 9d] [3c]
304af081: bets $1.91
1faeaa9b: raises $3.04 to $4.95 and is all-in
304af081: calls $3.04
1faeaa9b: shows [Tc 9c] (Ten High Flush)
304af081: shows [6c Ac] (Ace High Flush)
*** SHOWDOWN ***
304af081 collected $11.89 from pot
*** SUMMARY ***
Total pot $12.44 | Rake $0.5 | Jackpot $0.05 | Bingo $0 | Fortune $0 | Tax $0
Board [5c 7c 6s 9d 3c]
Seat 1: 1faeaa9b (button) showed [Tc 9c] and lost with Ten High Flush
Seat 2: 253e4fd2 (small blind) folded before Flop
Seat 3: 304af081 (big blind) showed [6c Ac] and won ($11.89) with Ace High Flush
Seat 4: abfd3936 folded before Flop (didn't bet)
Seat 5: Hero folded before Flop (didn't bet)
Seat 6: 73c2c336 folded before Flop (didn't bet)


Poker Hand #HD1750223375: Hold'em No Limit ($0.02/$0.05) - 2024/04/28 17:37:34
Table 'NLHBlue10' 6-max Seat #6 is the button
Seat 1: 1faeaa9b ($6.31 in chips)
Seat 2: 253e4fd2 ($8.09 in chips)
Seat 3: 304af081 ($10.08 in chips)
Seat 4: abfd3936 ($5 in chips)
Seat 5: Hero ($5.36 in chips)
Seat 6: 73c2c336 ($4.57 in chips)
1faeaa9b: posts small blind $0.02
253e4fd2: posts big blind $0.05
*** HOLE CARDS ***
Dealt to 1faeaa9b 
Dealt to 253e4fd2 
Dealt to 304af081 
Dealt to abfd3936 
Dealt to Hero [5s 3h]
Dealt to 73c2c336 
304af081: folds
abfd3936: folds
Hero: folds
73c2c336: folds
1faeaa9b: calls $0.03
253e4fd2: checks
*** FLOP *** [4s Qd 6s]
1faeaa9b: checks
253e4fd2: checks
*** TURN *** [4s Qd 6s] [7c]
1faeaa9b: checks
253e4fd2: bets $0.05
1faeaa9b: calls $0.05
*** RIVER *** [4s Qd 6s 7c] [5d]
1faeaa9b: checks
253e4fd2: checks
1faeaa9b: shows [6h Ad] (Pair of Sixes)
253e4fd2: shows [Jc 7h] (Pair of Sevens)
*** SHOWDOWN ***
253e4fd2 collected $0.19 from pot
*** SUMMARY ***
Total pot $0.2 | Rake $0.01 | Jackpot $0 | Bingo $0 | Fortune $0 | Tax $0
Board [4s Qd 6s 7c 5d]
Seat 1: 1faeaa9b (small blind) showed [6h Ad] and lost with Pair of Sixes
Seat 2: 253e4fd2 (big blind) showed [Jc 7h] and won ($0.19) with Pair of Sevens
Seat 3: 304af081 folded before Flop (didn't bet)
Seat 4: abfd3936 folded before Flop (didn't bet)
Seat 5: Hero folded before Flop (didn't bet)
Seat 6: 73c2c336 (button) folded before Flop (didn't bet)


Poker Hand #HD1750223343: Hold'em No Limit ($0.02/$0.05) - 2024/04/28 17:37:15
Table 'NLHBlue10' 6-max Seat #5 is the button
Seat 1: 1faeaa9b ($6.29 in chips)
Seat 2: 253e4fd2 ($8.09 in chips)
Seat 3: 304af081 ($10.08 in chips)
Seat 4: abfd3936 ($5 in chips)
Seat 5: Hero ($5.36 in chips)
Seat 6: 73c2c336 ($4.59 in chips)
73c2c336: posts small blind $0.02
1faeaa9b: posts big blind $0.05
*** HOLE CARDS ***
Dealt to 1faeaa9b 
Dealt to 253e4fd2 
Dealt to 304af081 
Dealt to abfd3936 
Dealt to Hero [Qh 6h]
Dealt to 73c2c336 
253e4fd2: folds
304af081: folds
abfd3936: folds
Hero: folds
73c2c336: folds
Uncalled bet ($0.03) returned to 1faeaa9b
*** SHOWDOWN ***
1faeaa9b collected $0.04 from pot
*** SUMMARY ***
Total pot $0.04 | Rake $0 | Jackpot $0 | Bingo $0 | Fortune $0 | Tax $0
Seat 1: 1faeaa9b (big blind) collected ($0.04)
Seat 2: 253e4fd2 folded before Flop (didn't bet)
Seat 3: 304af081 folded before Flop (didn't bet)
Seat 4: abfd3936 folded before Flop (didn't bet)
Seat 5: Hero (button) folded before Flop (didn't bet)
Seat 6: 73c2c336 (small blind) folded before Flop


Poker Hand #HD1750223215: Hold'em No Limit ($0.02/$0.05) - 2024/04/28 17:35:57
Table 'NLHBlue10' 6-max Seat #4 is the button
Seat 1: 1faeaa9b ($4.91 in chips)
Seat 2: 253e4fd2 ($8.09 in chips)
Seat 3: 304af081 ($10.08 in chips)
Seat 4: abfd3936 ($5.1 in chips)
Seat 5: Hero ($5.38 in chips)
Seat 6: 73c2c336 ($4.64 in chips)
Hero: posts small blind $0.02
73c2c336: posts big blind $0.05
*** HOLE CARDS ***
Dealt to 1faeaa9b 
Dealt to 253e4fd2 
Dealt to 304af081 
Dealt to abfd3936 
Dealt to Hero [9c Kh]
Dealt to 73c2c336 
1faeaa9b: calls $0.05
253e4fd2: folds
304af081: folds
abfd3936: raises $0.17 to $0.22
Hero: folds
73c2c336: folds
1faeaa9b: calls $0.17
*** FLOP *** [Jh 3s 2s]
1faeaa9b: checks
abfd3936: checks
*** TURN *** [Jh 3s 2s] [4d]
1faeaa9b: checks
abfd3936: checks
*** RIVER *** [Jh 3s 2s 4d] [Kc]
1faeaa9b: checks
abfd3936: bets $0.26
1faeaa9b: raises $1.03 to $1.29
abfd3936: calls $1.03
1faeaa9b: shows [4h 4s] (Three Fours)
abfd3936: shows [Ad Kd] (Pair of Kings)
*** SHOWDOWN ***
1faeaa9b collected $2.89 from pot
*** SUMMARY ***
Total pot $3.09 | Rake $0.15 | Jackpot $0.05 | Bingo $0 | Fortune $0 | Tax $0
Board [Jh 3s 2s 4d Kc]
Seat 1: 1faeaa9b showed [4h 4s] and won ($2.89) with Three Fours
Seat 2: 253e4fd2 folded before Flop (didn't bet)
Seat 3: 304af081 folded before Flop (didn't bet)
Seat 4: abfd3936 (button) showed [Ad Kd] and lost with Pair of Kings
Seat 5: Hero (small blind) folded before Flop
Seat 6: 73c2c336 (big blind) folded before Flop


Poker Hand #HD1750223140: Hold'em No Limit ($0.02/$0.05) - 2024/04/28 17:35:11
Table 'NLHBlue10' 6-max Seat #3 is the button
Seat 1: 1faeaa9b ($4.91 in chips)
Seat 2: 253e4fd2 ($8.09 in chips)
Seat 3: 304af081 ($10.08 in chips)
Seat 4: abfd3936 ($5.12 in chips)
Seat 5: Hero ($5.63 in chips)
Seat 6: 73c2c336 ($4.39 in chips)
abfd3936: posts small blind $0.02
Hero: posts big blind $0.05
*** HOLE CARDS ***
Dealt to 1faeaa9b 
Dealt to 253e4fd2 
Dealt to 304af081 
Dealt to abfd3936 
Dealt to Hero [As Jc]
Dealt to 73c2c336 
73c2c336: raises $0.07 to $0.12
1faeaa9b: folds
253e4fd2: folds
304af081: folds
abfd3936: folds
Hero: calls $0.07
*** FLOP *** [5h Ks Qd]
Hero: checks
73c2c336: bets $0.13
Hero: calls $0.13
*** TURN *** [5h Ks Qd] [6d]
Hero: checks
73c2c336: bets $0.39
Hero: folds
Uncalled bet ($0.39) returned to 73c2c336
*** SHOWDOWN ***
73c2c336 collected $0.5 from pot
*** SUMMARY ***
Total pot $0.52 | Rake $0.02 | Jackpot $0 | Bingo $0 | Fortune $0 | Tax $0
Board [5h Ks Qd 6d]
Seat 1: 1faeaa9b folded before Flop (didn't bet)
Seat 2: 253e4fd2 folded before Flop (didn't bet)
Seat 3: 304af081 (button) folded before Flop (didn't bet)
Seat 4: abfd3936 (small blind) folded before Flop
Seat 5: Hero (big blind) folded on the Turn
Seat 6: 73c2c336 won ($0.5)


Poker Hand #HD1750223034: Hold'em No Limit ($0.02/$0.05) - 2024/04/28 17:34:09
Table 'NLHBlue10' 6-max Seat #2 is the button
Seat 1: 1faeaa9b ($4.96 in chips)
Seat 2: 253e4fd2 ($8.09 in chips)
Seat 3: 304af081 ($10.1 in chips)
Seat 4: abfd3936 ($5 in chips)
Seat 5: Hero ($5.63 in chips)
Seat 6: 73c2c336 ($4.44 in chips)
304af081: posts small blind $0.02
abfd3936: posts big blind $0.05
*** HOLE CARDS ***
Dealt to 1faeaa9b 
Dealt to 253e4fd2 
Dealt to 304af081 
Dealt to abfd3936 
Dealt to Hero [5s 6s]
Dealt to 73c2c336 
Hero: folds
73c2c336: calls $0.05
1faeaa9b: calls $0.05
253e4fd2: folds
304af081: folds
abfd3936: checks
*** FLOP *** [4c Qc Ah]
abfd3936: checks
73c2c336: checks
1faeaa9b: checks
*** TURN *** [4c Qc Ah] [Kh]
abfd3936: checks
73c2c336: checks
1faeaa9b: checks
*** RIVER *** [4c Qc Ah Kh] [As]
abfd3936: checks
73c2c336: checks
1faeaa9b: checks
abfd3936: shows [9s 4s] (Pair of Aces and Pair of Fours)
73c2c336: shows [2s Js] (Pair of Aces)
1faeaa9b: shows [9c Jh] (Pair of Aces)
*** SHOWDOWN ***
abfd3936 collected $0.17 from pot
*** SUMMARY ***
Total pot $0.17 | Rake $0 | Jackpot $0 | Bingo $0 | Fortune $0 | Tax $0
Board [4c Qc Ah Kh As]
Seat 1: 1faeaa9b showed [9c Jh] and lost with Pair of Aces
Seat 2: 253e4fd2 (button) folded before Flop (didn't bet)
Seat 3: 304af081 (small blind) folded before Flop
Seat 4: abfd3936 (big blind) showed [9s 4s] and won ($0.17) with Pair of Aces and Pair of Fours
Seat 5: Hero folded before Flop (didn't bet)
Seat 6: 73c2c336 showed [2s Js] and lost with Pair of Aces


Poker Hand #HD1750222958: Hold'em No Limit ($0.02/$0.05) - 2024/04/28 17:33:26
Table 'NLHBlue10' 6-max Seat #1 is the button
Seat 1: 1faeaa9b ($5.01 in chips)
Seat 2: 253e4fd2 ($8.11 in chips)
Seat 3: 304af081 ($10.03 in chips)
Seat 4: abfd3936 ($5 in chips)
Seat 5: Hero ($5.63 in chips)
Seat 6: 73c2c336 ($4.44 in chips)
253e4fd2: posts small blind $0.02
304af081: posts big blind $0.05
*** HOLE CARDS ***
Dealt to 1faeaa9b 
Dealt to 253e4fd2 
Dealt to 304af081 
Dealt to abfd3936 
Dealt to Hero [Kh 3h]
Dealt to 73c2c336 
abfd3936: folds
Hero: folds
73c2c336: folds
1faeaa9b: calls $0.05
253e4fd2: folds
304af081: checks
*** FLOP *** [8s Jd 7c]
304af081: checks
1faeaa9b: checks
*** TURN *** [8s Jd 7c] [2s]
304af081: checks
1faeaa9b: checks
*** RIVER *** [8s Jd 7c 2s] [Js]
304af081: checks
1faeaa9b: checks
304af081: shows [2c 3d] (Pair of Jacks and Pair of Twos)
1faeaa9b: shows [9s Kd] (Pair of Jacks)
*** SHOWDOWN ***
304af081 collected $0.12 from pot
*** SUMMARY ***
Total pot $0.12 | Rake $0 | Jackpot $0 | Bingo $0 | Fortune $0 | Tax $0
Board [8s Jd 7c 2s Js]
Seat 1: 1faeaa9b (button) showed [9s Kd] and lost with Pair of Jacks
Seat 2: 253e4fd2 (small blind) folded before Flop
Seat 3: 304af081 (big blind) showed [2c 3d] and won ($0.12) with Pair of Jacks and Pair of Twos
Seat 4: abfd3936 folded before Flop (didn't bet)
Seat 5: Hero folded before Flop (didn't bet)
Seat 6: 73c2c336 folded before Flop (didn't bet)


Poker Hand #HD1750222933: Hold'em No Limit ($0.02/$0.05) - 2024/04/28 17:33:10
Table 'NLHBlue10' 6-max Seat #6 is the button
Seat 1: 1faeaa9b ($5.03 in chips)
Seat 2: 253e4fd2 ($8.16 in chips)
Seat 3: 304af081 ($9.96 in chips)
Seat 4: abfd3936 ($5 in chips)
Seat 5: Hero ($5.63 in chips)
Seat 6: 73c2c336 ($4.44 in chips)
1faeaa9b: posts small blind $0.02
253e4fd2: posts big blind $0.05
*** HOLE CARDS ***
Dealt to 1faeaa9b 
Dealt to 253e4fd2 
Dealt to 304af081 
Dealt to abfd3936 
Dealt to Hero [6c 9s]
Dealt to 73c2c336 
304af081: raises $0.07 to $0.12
abfd3936: folds
Hero: folds
73c2c336: folds
1faeaa9b: folds
253e4fd2: folds
Uncalled bet ($0.07) returned to 304af081
*** SHOWDOWN ***
304af081 collected $0.12 from pot
*** SUMMARY ***
Total pot $0.12 | Rake $0 | Jackpot $0 | Bingo $0 | Fortune $0 | Tax $0
Seat 1: 1faeaa9b (small blind) folded before Flop
Seat 2: 253e4fd2 (big blind) folded before Flop
Seat 3: 304af081 collected ($0.12)
Seat 4: abfd3936 folded before Flop (didn't bet)
Seat 5: Hero folded before Flop (didn't bet)
Seat 6: 73c2c336 (button) folded before Flop (didn't bet)


Poker Hand #HD1750222904: Hold'em No Limit ($0.02/$0.05) - 2024/04/28 17:32:52
Table 'NLHBlue10' 6-max Seat #5 is the button
Seat 1: 1faeaa9b ($5.08 in chips)
Seat 2: 253e4fd2 ($8.16 in chips)
Seat 3: 304af081 ($9.96 in chips)
Seat 4: abfd3936 ($5 in chips)
Seat 5: Hero ($5.63 in chips)
Seat 6: 73c2c336 ($4.39 in chips)
73c2c336: posts small blind $0.02
1faeaa9b: posts big blind $0.05
*** HOLE CARDS ***
Dealt to 1faeaa9b 
Dealt to 253e4fd2 
Dealt to 304af081 
Dealt to abfd3936 
Dealt to Hero [3c Js]
Dealt to 73c2c336 
253e4fd2: folds
304af081: folds
abfd3936: folds
Hero: folds
73c2c336: calls $0.03
1faeaa9b: checks
*** FLOP *** [As Kh Qs]
73c2c336: checks
1faeaa9b: checks
*** TURN *** [As Kh Qs] [Ah]
73c2c336: bets $0.05
1faeaa9b: folds
Uncalled bet ($0.05) returned to 73c2c336
*** SHOWDOWN ***
73c2c336 collected $0.1 from pot
*** SUMMARY ***
Total pot $0.1 | Rake $0 | Jackpot $0 | Bingo $0 | Fortune $0 | Tax $0
Board [As Kh Qs Ah]
Seat 1: 1faeaa9b (big blind) folded on the Turn
Seat 2: 253e4fd2 folded before Flop (didn't bet)
Seat 3: 304af081 folded before Flop (didn't bet)
Seat 4: abfd3936 folded before Flop (didn't bet)
Seat 5: Hero (button) folded before Flop (didn't bet)
Seat 6: 73c2c336 (small blind) won ($0.1)


Poker Hand #HD1750222884: Hold'em No Limit ($0.02/$0.05) - 2024/04/28 17:32:40
Table 'NLHBlue10' 6-max Seat #4 is the button
Seat 1: 1faeaa9b ($5.08 in chips)
Seat 2: 253e4fd2 ($8.16 in chips)
Seat 3: 304af081 ($9.96 in chips)
Seat 4: abfd3936 ($5 in chips)
Seat 5: Hero ($5.65 in chips)
Seat 6: 73c2c336 ($4.37 in chips)
Hero: posts small blind $0.02
73c2c336: posts big blind $0.05
*** HOLE CARDS ***
Dealt to 1faeaa9b 
Dealt to 253e4fd2 
Dealt to 304af081 
Dealt to abfd3936 
Dealt to Hero [4c Js]
Dealt to 73c2c336 
1faeaa9b: folds
253e4fd2: folds
304af081: folds
abfd3936: folds
Hero: folds
Uncalled bet ($0.03) returned to 73c2c336
*** SHOWDOWN ***
73c2c336 collected $0.04 from pot
*** SUMMARY ***
Total pot $0.04 | Rake $0 | Jackpot $0 | Bingo $0 | Fortune $0 | Tax $0
Seat 1: 1faeaa9b folded before Flop (didn't bet)
Seat 2: 253e4fd2 folded before Flop (didn't bet)
Seat 3: 304af081 folded before Flop (didn't bet)
Seat 4: abfd3936 (button) folded before Flop (didn't bet)
Seat 5: Hero (small blind) folded before Flop
Seat 6: 73c2c336 (big blind) collected ($0.04)


Poker Hand #HD1750222844: Hold'em No Limit ($0.02/$0.05) - 2024/04/28 17:32:13
Table 'NLHBlue10' 6-max Seat #3 is the button
Seat 1: 1faeaa9b ($5.01 in chips)
Seat 2: 253e4fd2 ($8.16 in chips)
Seat 3: 304af081 ($9.96 in chips)
Seat 4: abfd3936 ($5 in chips)
Seat 5: Hero ($5.7 in chips)
Seat 6: 73c2c336 ($4.37 in chips)
abfd3936: posts small blind $0.02
Hero: posts big blind $0.05
*** HOLE CARDS ***
Dealt to 1faeaa9b 
Dealt to 253e4fd2 
Dealt to 304af081 
Dealt to abfd3936 
Dealt to Hero [7d Ah]
Dealt to 73c2c336 
73c2c336: folds
1faeaa9b: calls $0.05
253e4fd2: folds
304af081: folds
abfd3936: folds
Hero: checks
*** FLOP *** [8h 5h 5s]
Hero: checks
1faeaa9b: checks
*** TURN *** [8h 5h 5s] [9d]
Hero: checks
1faeaa9b: checks
*** RIVER *** [8h 5h 5s 9d] [Jd]
Hero: checks
1faeaa9b: bets $0.06
Hero: folds
Uncalled bet ($0.06) returned to 1faeaa9b
*** SHOWDOWN ***
1faeaa9b collected $0.12 from pot
*** SUMMARY ***
Total pot $0.12 | Rake $0 | Jackpot $0 | Bingo $0 | Fortune $0 | Tax $0
Board [8h 5h 5s 9d Jd]
Seat 1: 1faeaa9b won ($0.12)
Seat 2: 253e4fd2 folded before Flop (didn't bet)
Seat 3: 304af081 (button) folded before Flop (didn't bet)
Seat 4: abfd3936 (small blind) folded before Flop
Seat 5: Hero (big blind) folded on the River
Seat 6: 73c2c336 folded before Flop (didn't bet)


Poker Hand #HD1750222730: Hold'em No Limit ($0.02/$0.05) - 2024/04/28 17:31:03
Table 'NLHBlue10' 6-max Seat #2 is the button
Seat 1: 1faeaa9b ($5.01 in chips)
Seat 2: 253e4fd2 ($8.16 in chips)
Seat 3: 304af081 ($9.98 in chips)
Seat 4: abfd3936 ($5 in chips)
Seat 5: Hero ($5.59 in chips)
Seat 6: 73c2c336 ($4.37 in chips)
304af081: posts small blind $0.02
abfd3936: posts big blind $0.05
*** HOLE CARDS ***
Dealt to 1faeaa9b 
Dealt to 253e4fd2 
Dealt to 304af081 
Dealt to abfd3936 
Dealt to Hero [9c 9h]
Dealt to 73c2c336 
Hero: raises $0.05 to $0.1
73c2c336: folds
1faeaa9b: folds
253e4fd2: folds
304af081: folds
abfd3936: calls $0.05
*** FLOP *** [Tc Js Ts]
abfd3936: checks
Hero: checks
*** TURN *** [Tc Js Ts] [4s]
abfd3936: checks
Hero: bets $0.13
abfd3936: folds
Uncalled bet ($0.13) returned to Hero
*** SHOWDOWN ***
Hero collected $0.21 from pot
*** SUMMARY ***
Total pot $0.22 | Rake $0.01 | Jackpot $0 | Bingo $0 | Fortune $0 | Tax $0
Board [Tc Js Ts 4s]
Seat 1: 1faeaa9b folded before Flop (didn't bet)
Seat 2: 253e4fd2 (button) folded before Flop (didn't bet)
Seat 3: 304af081 (small blind) folded before Flop
Seat 4: abfd3936 (big blind) folded on the Turn
Seat 5: Hero won ($0.21)
Seat 6: 73c2c336 folded before Flop (didn't bet)


Poker Hand #HD1750222645: Hold'em No Limit ($0.02/$0.05) - 2024/04/28 17:30:15
Table 'NLHBlue10' 6-max Seat #1 is the button
Seat 1: 1faeaa9b ($5.11 in chips)
Seat 2: 253e4fd2 ($8.18 in chips)
Seat 3: 304af081 ($10.08 in chips)
Seat 4: abfd3936 ($5 in chips)
Seat 5: Hero ($5.59 in chips)
Seat 6: 73c2c336 ($4.16 in chips)
253e4fd2: posts small blind $0.02
304af081: posts big blind $0.05
*** HOLE CARDS ***
Dealt to 1faeaa9b 
Dealt to 253e4fd2 
Dealt to 304af081 
Dealt to abfd3936 
Dealt to Hero [Kd 8c]
Dealt to 73c2c336 
abfd3936: folds
Hero: folds
73c2c336: raises $0.05 to $0.1
1faeaa9b: calls $0.1
253e4fd2: folds
304af081: calls $0.05
*** FLOP *** [Tc 4c 6c]
304af081: checks
73c2c336: checks
1faeaa9b: checks
*** TURN *** [Tc 4c 6c] [Ts]
304af081: checks
73c2c336: bets $0.11
1faeaa9b: folds
304af081: folds
Uncalled bet ($0.11) returned to 73c2c336
*** SHOWDOWN ***
73c2c336 collected $0.31 from pot
*** SUMMARY ***
Total pot $0.32 | Rake $0.01 | Jackpot $0 | Bingo $0 | Fortune $0 | Tax $0
Board [Tc 4c 6c Ts]
Seat 1: 1faeaa9b (button) folded on the Turn
Seat 2: 253e4fd2 (small blind) folded before Flop
Seat 3: 304af081 (big blind) folded on the Turn
Seat 4: abfd3936 folded before Flop (didn't bet)
Seat 5: Hero folded before Flop (didn't bet)
Seat 6: 73c2c336 won ($0.31)


Poker Hand #HD1750222586: Hold'em No Limit ($0.02/$0.05) - 2024/04/28 17:29:39
Table 'NLHBlue10' 6-max Seat #6 is the button
Seat 1: 1faeaa9b ($5.16 in chips)
Seat 2: 253e4fd2 ($8.23 in chips)
Seat 4: abfd3936 ($5 in chips)
Seat 5: Hero ($5.59 in chips)
Seat 6: 73c2c336 ($4.06 in chips)
1faeaa9b: posts small blind $0.02
253e4fd2: posts big blind $0.05
*** HOLE CARDS ***
Dealt to 1faeaa9b 
Dealt to 253e4fd2 
Dealt to abfd3936 
Dealt to Hero [4s 5s]
Dealt to 73c2c336 
abfd3936: folds
Hero: folds
73c2c336: calls $0.05
1faeaa9b: calls $0.03
253e4fd2: checks
*** FLOP *** [Td 5d 2h]
1faeaa9b: checks
253e4fd2: checks
73c2c336: bets $0.08
1faeaa9b: folds
253e4fd2: folds
Uncalled bet ($0.08) returned to 73c2c336
*** SHOWDOWN ***
73c2c336 collected $0.15 from pot
*** SUMMARY ***
Total pot $0.15 | Rake $0 | Jackpot $0 | Bingo $0 | Fortune $0 | Tax $0
Board [Td 5d 2h]
Seat 1: 1faeaa9b (small blind) folded on the Flop
Seat 2: 253e4fd2 (big blind) folded on the Flop
Seat 4: abfd3936 folded before Flop (didn't bet)
Seat 5: Hero folded before Flop (didn't bet)
Seat 6: 73c2c336 (button) won ($0.15)


Poker Hand #HD1750222522: Hold'em No Limit ($0.02/$0.05) - 2024/04/28 17:28:59
Table 'NLHBlue10' 6-max Seat #5 is the button
Seat 1: 1faeaa9b ($5.21 in chips)
Seat 2: 253e4fd2 ($8.23 in chips)
Seat 4: abfd3936 ($5 in chips)
Seat 5: Hero ($5.07 in chips)
Seat 6: 73c2c336 ($4.08 in chips)
73c2c336: posts small blind $0.02
1faeaa9b: posts big blind $0.05
*** HOLE CARDS ***
Dealt to 1faeaa9b 
Dealt to 253e4fd2 
Dealt to abfd3936 
Dealt to Hero [Qc As]
Dealt to 73c2c336 
253e4fd2: folds
abfd3936: raises $0.09 to $0.14
Hero: raises $0.36 to $0.5
73c2c336: folds
1faeaa9b: folds
abfd3936: calls $0.36
*** FLOP *** [7c Kd 3h]
abfd3936: checks
Hero: bets $0.36
abfd3936: folds
Uncalled bet ($0.36) returned to Hero
*** SHOWDOWN ***
Hero collected $1.02 from pot
*** SUMMARY ***
Total pot $1.07 | Rake $0.05 | Jackpot $0 | Bingo $0 | Fortune $0 | Tax $0
Board [7c Kd 3h]
Seat 1: 1faeaa9b (big blind) folded before Flop
Seat 2: 253e4fd2 folded before Flop (didn't bet)
Seat 4: abfd3936 folded on the Flop
Seat 5: Hero (button) won ($1.02)
Seat 6: 73c2c336 (small blind) folded before Flop


Poker Hand #HD1750222496: Hold'em No Limit ($0.02/$0.05) - 2024/04/28 17:28:46
Table 'NLHBlue10' 6-max Seat #4 is the button
Seat 1: 1faeaa9b ($5.21 in chips)
Seat 2: 253e4fd2 ($8.23 in chips)
Seat 4: abfd3936 ($5 in chips)
Seat 5: Hero ($5.02 in chips)
Seat 6: 73c2c336 ($4.13 in chips)
Hero: posts small blind $0.02
73c2c336: posts big blind $0.05
*** HOLE CARDS ***
Dealt to 1faeaa9b 
Dealt to 253e4fd2 
Dealt to abfd3936 
Dealt to Hero [Ad 9s]
Dealt to 73c2c336 
1faeaa9b: folds
253e4fd2: folds
abfd3936: folds
Hero: raises $0.1 to $0.15
73c2c336: folds
Uncalled bet ($0.1) returned to Hero
*** SHOWDOWN ***
Hero collected $0.1 from pot
*** SUMMARY ***
Total pot $0.1 | Rake $0 | Jackpot $0 | Bingo $0 | Fortune $0 | Tax $0
Seat 1: 1faeaa9b folded before Flop (didn't bet)
Seat 2: 253e4fd2 folded before Flop (didn't bet)
Seat 4: abfd3936 (button) folded before Flop (didn't bet)
Seat 5: Hero (small blind) collected ($0.1)
Seat 6: 73c2c336 (big blind) folded before Flop


Poker Hand #HD1750222413: Hold'em No Limit ($0.02/$0.05) - 2024/04/28 17:27:46
Table 'NLHBlue10' 6-max Seat #2 is the button
Seat 1: 1faeaa9b ($5.03 in chips)
Seat 2: 253e4fd2 ($8.23 in chips)
Seat 4: abfd3936 ($5 in chips)
Seat 5: Hero ($5.19 in chips)
Seat 6: 73c2c336 ($4.13 in chips)
abfd3936: posts small blind $0.02
Hero: posts big blind $0.05
*** HOLE CARDS ***
Dealt to 1faeaa9b 
Dealt to 253e4fd2 
Dealt to abfd3936 
Dealt to Hero [3d 7d]
Dealt to 73c2c336 
73c2c336: folds
1faeaa9b: calls $0.05
253e4fd2: folds
abfd3936: folds
Hero: checks
*** FLOP *** [4d 4c Js]
Hero: checks
1faeaa9b: checks
*** TURN *** [4d 4c Js] [3s]
Hero: checks
1faeaa9b: checks
*** RIVER *** [4d 4c Js 3s] [5s]
Hero: checks
1faeaa9b: bets $0.12
Hero: calls $0.12
1faeaa9b: shows [Qs 8s] (Queen High Flush)
Hero: shows [3d 7d] (Pair of Fours and Pair of Treys)
*** SHOWDOWN ***
1faeaa9b collected $0.35 from pot
*** SUMMARY ***
Total pot $0.36 | Rake $0.01 | Jackpot $0 | Bingo $0 | Fortune $0 | Tax $0
Board [4d 4c Js 3s 5s]
Seat 1: 1faeaa9b showed [Qs 8s] and won ($0.35) with Queen High Flush
Seat 2: 253e4fd2 (button) folded before Flop (didn't bet)
Seat 4: abfd3936 (small blind) folded before Flop
Seat 5: Hero (big blind) showed [3d 7d] and lost with Pair of Fours and Pair of Treys
Seat 6: 73c2c336 folded before Flop (didn't bet)


Poker Hand #HD1750222322: Hold'em No Limit ($0.02/$0.05) - 2024/04/28 17:26:55
Table 'NLHBlue10' 6-max Seat #1 is the button
Seat 1: 1faeaa9b ($5.08 in chips)
Seat 2: 253e4fd2 ($8.25 in chips)
Seat 4: abfd3936 ($5.07 in chips)
Seat 5: Hero ($5.19 in chips)
Seat 6: 73c2c336 ($3.39 in chips)
253e4fd2: posts small blind $0.02
abfd3936: posts big blind $0.05
*** HOLE CARDS ***
Dealt to 1faeaa9b 
Dealt to 253e4fd2 
Dealt to abfd3936 
Dealt to Hero [9c Kd]
Dealt to 73c2c336 
Hero: folds
73c2c336: calls $0.05
1faeaa9b: calls $0.05
253e4fd2: folds
abfd3936: raises $0.21 to $0.26
73c2c336: calls $0.21
1faeaa9b: folds
*** FLOP *** [Jh 8s Ah]
abfd3936: bets $0.2
73c2c336: calls $0.2
*** TURN *** [Jh 8s Ah] [Ac]
abfd3936: bets $0.34
73c2c336: calls $0.34
*** RIVER *** [Jh 8s Ah Ac] [Kc]
abfd3936: checks
73c2c336: bets $0.84
abfd3936: folds
Uncalled bet ($0.84) returned to 73c2c336
*** SHOWDOWN ***
73c2c336 collected $1.54 from pot
*** SUMMARY ***
Total pot $1.67 | Rake $0.08 | Jackpot $0.05 | Bingo $0 | Fortune $0 | Tax $0
Board [Jh 8s Ah Ac Kc]
Seat 1: 1faeaa9b (button) folded before Flop
Seat 2: 253e4fd2 (small blind) folded before Flop
Seat 4: abfd3936 (big blind) folded on the River
Seat 5: Hero folded before Flop (didn't bet)
Seat 6: 73c2c336 won ($1.54)


Poker Hand #HD1750222300: Hold'em No Limit ($0.02/$0.05) - 2024/04/28 17:26:40
Table 'NLHBlue10' 6-max Seat #6 is the button
Seat 1: 1faeaa9b ($5.1 in chips)
Seat 2: 253e4fd2 ($8.3 in chips)
Seat 3: 3399782d ($10.26 in chips)
Seat 4: abfd3936 ($5.07 in chips)
Seat 5: Hero ($5.12 in chips)
Seat 6: 73c2c336 ($3.39 in chips)
1faeaa9b: posts small blind $0.02
253e4fd2: posts big blind $0.05
*** HOLE CARDS ***
Dealt to 1faeaa9b 
Dealt to 253e4fd2 
Dealt to 3399782d 
Dealt to abfd3936 
Dealt to Hero [8c 8h]
Dealt to 73c2c336 
3399782d: folds
abfd3936: folds
Hero: raises $0.07 to $0.12
73c2c336: folds
1faeaa9b: folds
253e4fd2: folds
Uncalled bet ($0.07) returned to Hero
*** SHOWDOWN ***
Hero collected $0.12 from pot
*** SUMMARY ***
Total pot $0.12 | Rake $0 | Jackpot $0 | Bingo $0 | Fortune $0 | Tax $0
Seat 1: 1faeaa9b (small blind) folded before Flop
Seat 2: 253e4fd2 (big blind) folded before Flop
Seat 3: 3399782d folded before Flop (didn't bet)
Seat 4: abfd3936 folded before Flop (didn't bet)
Seat 5: Hero collected ($0.12)
Seat 6: 73c2c336 (button) folded before Flop (didn't bet)


Poker Hand #HD1750222230: Hold'em No Limit ($0.02/$0.05) - 2024/04/28 17:25:56
Table 'NLHBlue10' 6-max Seat #5 is the button
Seat 1: 1faeaa9b ($5.23 in chips)
Seat 2: 253e4fd2 ($8.43 in chips)
Seat 3: 3399782d ($10.26 in chips)
Seat 4: abfd3936 ($5.07 in chips)
Seat 5: Hero ($5.12 in chips)
Seat 6: 73c2c336 ($3.15 in chips)
73c2c336: posts small blind $0.02
1faeaa9b: posts big blind $0.05
*** HOLE CARDS ***
Dealt to 1faeaa9b 
Dealt to 253e4fd2 
Dealt to 3399782d 
Dealt to abfd3936 
Dealt to Hero [2s 3s]
Dealt to 73c2c336 
253e4fd2: raises $0.08 to $0.13
3399782d: folds
abfd3936: folds
Hero: folds
73c2c336: calls $0.11
1faeaa9b: calls $0.08
*** FLOP *** [Th 8s Qd]
73c2c336: checks
1faeaa9b: checks
253e4fd2: checks
*** TURN *** [Th 8s Qd] [3c]
73c2c336: checks
1faeaa9b: checks
253e4fd2: checks
*** RIVER *** [Th 8s Qd 3c] [4s]
73c2c336: checks
1faeaa9b: checks
253e4fd2: checks
73c2c336: shows [2c 4c] (Pair of Fours)
1faeaa9b: shows [Kd 7d] (King-High)
253e4fd2: shows [2d Ad] (Ace-High)
*** SHOWDOWN ***
73c2c336 collected $0.37 from pot
*** SUMMARY ***
Total pot $0.39 | Rake $0.02 | Jackpot $0 | Bingo $0 | Fortune $0 | Tax $0
Board [Th 8s Qd 3c 4s]
Seat 1: 1faeaa9b (big blind) showed [Kd 7d] and lost with King-High
Seat 2: 253e4fd2 showed [2d Ad] and lost with Ace-High
Seat 3: 3399782d folded before Flop (didn't bet)
Seat 4: abfd3936 folded before Flop (didn't bet)
Seat 5: Hero (button) folded before Flop (didn't bet)
Seat 6: 73c2c336 (small blind) showed [2c 4c] and won ($0.37) with Pair of Fours


Poker Hand #HD1750222155: Hold'em No Limit ($0.02/$0.05) - 2024/04/28 17:25:18
Table 'NLHBlue10' 6-max Seat #4 is the button
Seat 1: 1faeaa9b ($5 in chips)
Seat 2: 253e4fd2 ($8.43 in chips)
Seat 3: 3399782d ($10.26 in chips)
Seat 4: abfd3936 ($5.07 in chips)
Seat 5: Hero ($5.32 in chips)
Seat 6: 73c2c336 ($3.2 in chips)
Hero: posts small blind $0.02
73c2c336: posts big blind $0.05
*** HOLE CARDS ***
Dealt to 1faeaa9b 
Dealt to 253e4fd2 
Dealt to 3399782d 
Dealt to abfd3936 
Dealt to Hero [Ad Qc]
Dealt to 73c2c336 
1faeaa9b: calls $0.05
253e4fd2: folds
3399782d: folds
abfd3936: folds
Hero: raises $0.15 to $0.2
73c2c336: folds
1faeaa9b: calls $0.15
*** FLOP *** [9s Td 8s]
Hero: checks
1faeaa9b: checks
*** TURN *** [9s Td 8s] [5d]
Hero: checks
1faeaa9b: checks
*** RIVER *** [9s Td 8s 5d] [2s]
Hero: checks
1faeaa9b: bets $0.23
Hero: folds
Uncalled bet ($0.23) returned to 1faeaa9b
*** SHOWDOWN ***
1faeaa9b collected $0.43 from pot
*** SUMMARY ***
Total pot $0.45 | Rake $0.02 | Jackpot $0 | Bingo $0 | Fortune $0 | Tax $0
Board [9s Td 8s 5d 2s]
Seat 1: 1faeaa9b won ($0.43)
Seat 2: 253e4fd2 folded before Flop (didn't bet)
Seat 3: 3399782d folded before Flop (didn't bet)
Seat 4: abfd3936 (button) folded before Flop (didn't bet)
Seat 5: Hero (small blind) folded on the River
Seat 6: 73c2c336 (big blind) folded before Flop


Poker Hand #HD1750222074: Hold'em No Limit ($0.02/$0.05) - 2024/04/28 17:24:28
Table 'NLHBlue10' 6-max Seat #3 is the button
Seat 2: 253e4fd2 ($8.43 in chips)
Seat 3: 3399782d ($10.26 in chips)
Seat 4: abfd3936 ($5.09 in chips)
Seat 5: Hero ($5.17 in chips)
Seat 6: 73c2c336 ($3.34 in chips)
abfd3936: posts small blind $0.02
Hero: posts big blind $0.05
*** HOLE CARDS ***
Dealt to 253e4fd2 
Dealt to 3399782d 
Dealt to abfd3936 
Dealt to Hero [7c 6s]
Dealt to 73c2c336 
73c2c336: calls $0.05
253e4fd2: folds
3399782d: folds
abfd3936: folds
Hero: checks
*** FLOP *** [Qd 8s 4s]
Hero: checks
73c2c336: bets $0.09
Hero: raises $0.26 to $0.35
73c2c336: folds
Uncalled bet ($0.26) returned to Hero
*** SHOWDOWN ***
Hero collected $0.29 from pot
*** SUMMARY ***
Total pot $0.3 | Rake $0.01 | Jackpot $0 | Bingo $0 | Fortune $0 | Tax $0
Board [Qd 8s 4s]
Seat 2: 253e4fd2 folded before Flop (didn't bet)
Seat 3: 3399782d (button) folded before Flop (didn't bet)
Seat 4: abfd3936 (small blind) folded before Flop
Seat 5: Hero (big blind) won ($0.29)
Seat 6: 73c2c336 folded on the Flop


Poker Hand #HD1750221987: Hold'em No Limit ($0.02/$0.05) - 2024/04/28 17:23:30
Table 'NLHBlue10' 6-max Seat #2 is the button
Seat 1: 1faeaa9b ($3.48 in chips)
Seat 2: 253e4fd2 ($8.43 in chips)
Seat 3: 3399782d ($7.12 in chips)
Seat 4: abfd3936 ($5.14 in chips)
Seat 5: Hero ($5.17 in chips)
Seat 6: 73c2c336 ($3.34 in chips)
3399782d: posts small blind $0.02
abfd3936: posts big blind $0.05
*** HOLE CARDS ***
Dealt to 1faeaa9b 
Dealt to 253e4fd2 
Dealt to 3399782d 
Dealt to abfd3936 
Dealt to Hero [9c 3d]
Dealt to 73c2c336 
Hero: folds
73c2c336: folds
1faeaa9b: calls $0.05
253e4fd2: folds
3399782d: raises $0.21 to $0.26
abfd3936: folds
1faeaa9b: calls $0.21
*** FLOP *** [2c Kc Ad]
3399782d: bets $0.46
1faeaa9b: raises $2.76 to $3.22 and is all-in
3399782d: calls $2.76
1faeaa9b: shows [Qs Ac] (Pair of Aces)
3399782d: shows [As Td] (Pair of Aces)
*** TURN *** [2c Kc Ad] [Tc]
*** RIVER *** [2c Kc Ad Tc] [4h]
*** SHOWDOWN ***
3399782d collected $6.62 from pot
*** SUMMARY ***
Total pot $7.01 | Rake $0.34 | Jackpot $0.05 | Bingo $0 | Fortune $0 | Tax $0
Board [2c Kc Ad Tc 4h]
Seat 1: 1faeaa9b showed [Qs Ac] and lost with Pair of Aces
Seat 2: 253e4fd2 (button) folded before Flop (didn't bet)
Seat 3: 3399782d (small blind) showed [As Td] and won ($6.62) with Pair of Aces and Pair of Tens
Seat 4: abfd3936 (big blind) folded before Flop
Seat 5: Hero folded before Flop (didn't bet)
Seat 6: 73c2c336 folded before Flop (didn't bet)


Poker Hand #HD1750221956: Hold'em No Limit ($0.02/$0.05) - 2024/04/28 17:23:09
Table 'NLHBlue10' 6-max Seat #1 is the button
Seat 1: 1faeaa9b ($3.32 in chips)
Seat 2: 253e4fd2 ($8.45 in chips)
Seat 3: 3399782d ($7.17 in chips)
Seat 4: abfd3936 ($5.14 in chips)
Seat 5: Hero ($5.17 in chips)
Seat 6: 73c2c336 ($3.44 in chips)
253e4fd2: posts small blind $0.02
3399782d: posts big blind $0.05
*** HOLE CARDS ***
Dealt to 1faeaa9b 
Dealt to 253e4fd2 
Dealt to 3399782d 
Dealt to abfd3936 
Dealt to Hero [5d Ac]
Dealt to 73c2c336 
abfd3936: folds
Hero: folds
73c2c336: raises $0.05 to $0.1
1faeaa9b: calls $0.1
253e4fd2: folds
3399782d: folds
*** FLOP *** [Qh 6s 3s]
73c2c336: checks
1faeaa9b: bets $0.09
73c2c336: folds
Uncalled bet ($0.09) returned to 1faeaa9b
*** SHOWDOWN ***
1faeaa9b collected $0.26 from pot
*** SUMMARY ***
Total pot $0.27 | Rake $0.01 | Jackpot $0 | Bingo $0 | Fortune $0 | Tax $0
Board [Qh 6s 3s]
Seat 1: 1faeaa9b (button) won ($0.26)
Seat 2: 253e4fd2 (small blind) folded before Flop
Seat 3: 3399782d (big blind) folded before Flop
Seat 4: abfd3936 folded before Flop (didn't bet)
Seat 5: Hero folded before Flop (didn't bet)
Seat 6: 73c2c336 folded on the Flop


Poker Hand #HD1750221887: Hold'em No Limit ($0.02/$0.05) - 2024/04/28 17:22:28
Table 'NLHBlue10' 6-max Seat #6 is the button
Seat 1: 1faeaa9b ($3.12 in chips)
Seat 2: 253e4fd2 ($8.5 in chips)
Seat 3: 3399782d ($7.17 in chips)
Seat 4: abfd3936 ($5.14 in chips)
Seat 5: Hero ($5.17 in chips)
Seat 6: 73c2c336 ($3.61 in chips)
1faeaa9b: posts small blind $0.02
253e4fd2: posts big blind $0.05
*** HOLE CARDS ***
Dealt to 1faeaa9b 
Dealt to 253e4fd2 
Dealt to 3399782d 
Dealt to abfd3936 
Dealt to Hero [6h 4c]
Dealt to 73c2c336 
3399782d: folds
abfd3936: folds
Hero: folds
73c2c336: calls $0.05
1faeaa9b: calls $0.03
253e4fd2: checks
*** FLOP *** [Jc 9s 4d]
1faeaa9b: checks
253e4fd2: checks
73c2c336: bets $0.12
1faeaa9b: calls $0.12
253e4fd2: folds
*** TURN *** [Jc 9s 4d] [9c]
1faeaa9b: checks
73c2c336: checks
*** RIVER *** [Jc 9s 4d 9c] [7h]
1faeaa9b: checks
73c2c336: checks
1faeaa9b: shows [Kc Ts] (Pair of Nines)
73c2c336: shows [Ks 3s] (Pair of Nines)
*** SHOWDOWN ***
1faeaa9b collected $0.37 from pot
*** SUMMARY ***
Total pot $0.39 | Rake $0.02 | Jackpot $0 | Bingo $0 | Fortune $0 | Tax $0
Board [Jc 9s 4d 9c 7h]
Seat 1: 1faeaa9b (small blind) showed [Kc Ts] and won ($0.37) with Pair of Nines
Seat 2: 253e4fd2 (big blind) folded on the Flop
Seat 3: 3399782d folded before Flop (didn't bet)
Seat 4: abfd3936 folded before Flop (didn't bet)
Seat 5: Hero folded before Flop (didn't bet)
Seat 6: 73c2c336 (button) showed [Ks 3s] and lost with Pair of Nines


Poker Hand #HD1750221770: Hold'em No Limit ($0.02/$0.05) - 2024/04/28 17:21:18
Table 'NLHBlue10' 6-max Seat #5 is the button
Seat 1: 1faeaa9b ($3.17 in chips)
Seat 2: 253e4fd2 ($8.74 in chips)
Seat 3: 3399782d ($7.17 in chips)
Seat 4: abfd3936 ($5.14 in chips)
Seat 5: Hero ($5.41 in chips)
Seat 6: 73c2c336 ($3.63 in chips)
73c2c336: posts small blind $0.02
1faeaa9b: posts big blind $0.05
*** HOLE CARDS ***
Dealt to 1faeaa9b 
Dealt to 253e4fd2 
Dealt to 3399782d 
Dealt to abfd3936 
Dealt to Hero [Ks Kc]
Dealt to 73c2c336 
253e4fd2: raises $0.08 to $0.13
3399782d: folds
abfd3936: folds
Hero: raises $0.32 to $0.45
73c2c336: folds
1faeaa9b: folds
253e4fd2: raises $0.97 to $1.42
Hero: raises $3.99 to $5.41 and is all-in
253e4fd2: calls $3.99
Hero: shows [Ks Kc]
253e4fd2: shows [As Ac]
*** FIRST FLOP *** [Th 8c Kh]
*** FIRST TURN *** [Th 8c Kh] [6d]
*** FIRST RIVER *** [Th 8c Kh 6d] [5d]
*** SECOND FLOP *** [6h 7c 5h]
*** SECOND TURN *** [6h 7c 5h] [8s]
*** SECOND RIVER *** [6h 7c 5h 8s] [3h]
*** FIRST SHOWDOWN ***
Hero collected $5.17 from pot
*** SECOND SHOWDOWN ***
253e4fd2 collected $5.17 from pot
*** SUMMARY ***
Total pot $10.89 | Rake $0.5 | Jackpot $0.05 | Bingo $0 | Fortune $0 | Tax $0
Hand was run two times
FIRST Board [Th 8c Kh 6d 5d]
SECOND Board [6h 7c 5h 8s 3h]
Seat 1: 1faeaa9b (big blind) folded before Flop
Seat 2: 253e4fd2 showed [As Ac] and lost with Pair of Aces, and won ($5.17) with Pair of Aces
Seat 3: 3399782d folded before Flop (didn't bet)
Seat 4: abfd3936 folded before Flop (didn't bet)
Seat 5: Hero (button) showed [Ks Kc] and won ($5.17) with Three Kings, and lost with Pair of Kings
Seat 6: 73c2c336 (small blind) folded before Flop


Poker Hand #HD1750221721: Hold'em No Limit ($0.02/$0.05) - 2024/04/28 17:20:47
Table 'NLHBlue10' 6-max Seat #4 is the button
Seat 1: 1faeaa9b ($2.81 in chips)
Seat 2: 253e4fd2 ($8.74 in chips)
Seat 3: 3399782d ($7.17 in chips)
Seat 4: abfd3936 ($5.14 in chips)
Seat 5: Hero ($5.43 in chips)
Seat 6: 73c2c336 ($4 in chips)
Hero: posts small blind $0.02
73c2c336: posts big blind $0.05
*** HOLE CARDS ***
Dealt to 1faeaa9b 
Dealt to 253e4fd2 
Dealt to 3399782d 
Dealt to abfd3936 
Dealt to Hero [7h Kh]
Dealt to 73c2c336 
1faeaa9b: calls $0.05
253e4fd2: folds
3399782d: folds
abfd3936: folds
Hero: folds
73c2c336: checks
*** FLOP *** [2h Ah 6d]
73c2c336: checks
1faeaa9b: checks
*** TURN *** [2h Ah 6d] [8d]
73c2c336: bets $0.09
1faeaa9b: calls $0.09
*** RIVER *** [2h Ah 6d 8d] [Jh]
73c2c336: bets $0.23
1faeaa9b: raises $2.44 to $2.67 and is all-in
73c2c336: folds
Uncalled bet ($2.44) returned to 1faeaa9b
*** SHOWDOWN ***
1faeaa9b collected $0.73 from pot
*** SUMMARY ***
Total pot $0.76 | Rake $0.03 | Jackpot $0 | Bingo $0 | Fortune $0 | Tax $0
Board [2h Ah 6d 8d Jh]
Seat 1: 1faeaa9b won ($0.73)
Seat 2: 253e4fd2 folded before Flop (didn't bet)
Seat 3: 3399782d folded before Flop (didn't bet)
Seat 4: abfd3936 (button) folded before Flop (didn't bet)
Seat 5: Hero (small blind) folded before Flop
Seat 6: 73c2c336 (big blind) folded on the River


Poker Hand #HD1750221606: Hold'em No Limit ($0.02/$0.05) - 2024/04/28 17:19:35
Table 'NLHBlue10' 6-max Seat #3 is the button
Seat 1: 1faeaa9b ($2.96 in chips)
Seat 2: 253e4fd2 ($8.74 in chips)
Seat 3: 3399782d ($7.17 in chips)
Seat 4: abfd3936 ($5.16 in chips)
Seat 5: Hero ($5.27 in chips)
abfd3936: posts small blind $0.02
Hero: posts big blind $0.05
*** HOLE CARDS ***
Dealt to 1faeaa9b 
Dealt to 253e4fd2 
Dealt to 3399782d 
Dealt to abfd3936 
Dealt to Hero [9s Js]
1faeaa9b: calls $0.05
253e4fd2: folds
3399782d: folds
abfd3936: folds
Hero: raises $0.1 to $0.15
1faeaa9b: calls $0.1
*** FLOP *** [Qd Ks Ac]
Hero: checks
1faeaa9b: checks
*** TURN *** [Qd Ks Ac] [Jd]
Hero: checks
1faeaa9b: checks
*** RIVER *** [Qd Ks Ac Jd] [7h]
Hero: checks
1faeaa9b: checks
Hero: shows [9s Js] (Pair of Jacks)
1faeaa9b: shows [7c 9d] (Pair of Sevens)
*** SHOWDOWN ***
Hero collected $0.31 from pot
*** SUMMARY ***
Total pot $0.32 | Rake $0.01 | Jackpot $0 | Bingo $0 | Fortune $0 | Tax $0
Board [Qd Ks Ac Jd 7h]
Seat 1: 1faeaa9b showed [7c 9d] and lost with Pair of Sevens
Seat 2: 253e4fd2 folded before Flop (didn't bet)
Seat 3: 3399782d (button) folded before Flop (didn't bet)
Seat 4: abfd3936 (small blind) folded before Flop
Seat 5: Hero (big blind) showed [9s Js] and won ($0.31) with Pair of Jacks


Poker Hand #HD1750221559: Hold'em No Limit ($0.02/$0.05) - 2024/04/28 17:19:04
Table 'NLHBlue10' 6-max Seat #2 is the button
Seat 1: 1faeaa9b ($3.01 in chips)
Seat 2: 253e4fd2 ($8.74 in chips)
Seat 3: 3399782d ($7.19 in chips)
Seat 4: abfd3936 ($5.09 in chips)
Seat 5: Hero ($5.27 in chips)
3399782d: posts small blind $0.02
abfd3936: posts big blind $0.05
*** HOLE CARDS ***
Dealt to 1faeaa9b 
Dealt to 253e4fd2 
Dealt to 3399782d 
Dealt to abfd3936 
Dealt to Hero [4h 3h]
Hero: folds
1faeaa9b: calls $0.05
253e4fd2: folds
3399782d: folds
abfd3936: checks
*** FLOP *** [Kh 7d Qd]
abfd3936: checks
1faeaa9b: checks
*** TURN *** [Kh 7d Qd] [7c]
abfd3936: bets $0.06
1faeaa9b: folds
Uncalled bet ($0.06) returned to abfd3936
*** SHOWDOWN ***
abfd3936 collected $0.12 from pot
*** SUMMARY ***
Total pot $0.12 | Rake $0 | Jackpot $0 | Bingo $0 | Fortune $0 | Tax $0
Board [Kh 7d Qd 7c]
Seat 1: 1faeaa9b folded on the Turn
Seat 2: 253e4fd2 (button) folded before Flop (didn't bet)
Seat 3: 3399782d (small blind) folded before Flop
Seat 4: abfd3936 (big blind) won ($0.12)
Seat 5: Hero folded before Flop (didn't bet)


Poker Hand #HD1750221532: Hold'em No Limit ($0.02/$0.05) - 2024/04/28 17:18:48
Table 'NLHBlue10' 6-max Seat #1 is the button
Seat 1: 1faeaa9b ($3.01 in chips)
Seat 2: 253e4fd2 ($8.76 in chips)
Seat 3: 3399782d ($7.24 in chips)
Seat 4: abfd3936 ($5.02 in chips)
Seat 5: Hero ($5.27 in chips)
253e4fd2: posts small blind $0.02
3399782d: posts big blind $0.05
*** HOLE CARDS ***
Dealt to 1faeaa9b 
Dealt to 253e4fd2 
Dealt to 3399782d 
Dealt to abfd3936 
Dealt to Hero [Ah 3h]
abfd3936: raises $0.1 to $0.15
Hero: folds
1faeaa9b: folds
253e4fd2: folds
3399782d: folds
Uncalled bet ($0.1) returned to abfd3936
*** SHOWDOWN ***
abfd3936 collected $0.12 from pot
*** SUMMARY ***
Total pot $0.12 | Rake $0 | Jackpot $0 | Bingo $0 | Fortune $0 | Tax $0
Seat 1: 1faeaa9b (button) folded before Flop (didn't bet)
Seat 2: 253e4fd2 (small blind) folded before Flop
Seat 3: 3399782d (big blind) folded before Flop
Seat 4: abfd3936 collected ($0.12)
Seat 5: Hero folded before Flop (didn't bet)


Poker Hand #HD1750221432: Hold'em No Limit ($0.02/$0.05) - 2024/04/28 17:17:47
Table 'NLHBlue10' 6-max Seat #5 is the button
Seat 1: 1faeaa9b ($2.72 in chips)
Seat 2: 253e4fd2 ($8.81 in chips)
Seat 3: 3399782d ($7.24 in chips)
Seat 4: abfd3936 ($5.02 in chips)
Seat 5: Hero ($5.54 in chips)
1faeaa9b: posts small blind $0.02
253e4fd2: posts big blind $0.05
*** HOLE CARDS ***
Dealt to 1faeaa9b 
Dealt to 253e4fd2 
Dealt to 3399782d 
Dealt to abfd3936 
Dealt to Hero [Kd Ac]
3399782d: folds
abfd3936: folds
Hero: raises $0.07 to $0.12
1faeaa9b: calls $0.1
253e4fd2: folds
*** FLOP *** [8h 4s 9c]
1faeaa9b: checks
Hero: checks
*** TURN *** [8h 4s 9c] [4h]
1faeaa9b: checks
Hero: bets $0.15
1faeaa9b: calls $0.15
*** RIVER *** [8h 4s 9c 4h] [Ts]
1faeaa9b: checks
Hero: checks
1faeaa9b: shows [7h Jh] (Jacks-High Straight)
Hero: shows [Kd Ac] (Pair of Fours)
*** SHOWDOWN ***
1faeaa9b collected $0.56 from pot
*** SUMMARY ***
Total pot $0.59 | Rake $0.03 | Jackpot $0 | Bingo $0 | Fortune $0 | Tax $0
Board [8h 4s 9c 4h Ts]
Seat 1: 1faeaa9b (small blind) showed [7h Jh] and won ($0.56) with Jacks-High Straight
Seat 2: 253e4fd2 (big blind) folded before Flop
Seat 3: 3399782d folded before Flop (didn't bet)
Seat 4: abfd3936 folded before Flop (didn't bet)
Seat 5: Hero (button) showed [Kd Ac] and lost with Pair of Fours


Poker Hand #HD1750221393: Hold'em No Limit ($0.02/$0.05) - 2024/04/28 17:17:25
Table 'NLHBlue10' 6-max Seat #4 is the button
Seat 1: 1faeaa9b ($2.77 in chips)
Seat 2: 253e4fd2 ($8.81 in chips)
Seat 3: 3399782d ($7.17 in chips)
Seat 4: abfd3936 ($5.02 in chips)
Seat 5: Hero ($5.56 in chips)
Hero: posts small blind $0.02
1faeaa9b: posts big blind $0.05
*** HOLE CARDS ***
Dealt to 1faeaa9b 
Dealt to 253e4fd2 
Dealt to 3399782d 
Dealt to abfd3936 
Dealt to Hero [3s Ah]
253e4fd2: folds
3399782d: raises $0.1 to $0.15
abfd3936: folds
Hero: folds
1faeaa9b: folds
Uncalled bet ($0.1) returned to 3399782d
*** SHOWDOWN ***
3399782d collected $0.12 from pot
*** SUMMARY ***
Total pot $0.12 | Rake $0 | Jackpot $0 | Bingo $0 | Fortune $0 | Tax $0
Seat 1: 1faeaa9b (big blind) folded before Flop
Seat 2: 253e4fd2 folded before Flop (didn't bet)
Seat 3: 3399782d collected ($0.12)
Seat 4: abfd3936 (button) folded before Flop (didn't bet)
Seat 5: Hero (small blind) folded before Flop


Poker Hand #HD1750221353: Hold'em No Limit ($0.02/$0.05) - 2024/04/28 17:17:06
Table 'NLHBlue10' 6-max Seat #3 is the button
Seat 1: 1faeaa9b ($2.77 in chips)
Seat 2: 253e4fd2 ($8.81 in chips)
Seat 3: 3399782d ($7.1 in chips)
Seat 4: abfd3936 ($5.04 in chips)
Seat 5: Hero ($5.61 in chips)
Seat 6: 96f489e2 ($5.01 in chips)
abfd3936: posts small blind $0.02
Hero: posts big blind $0.05
*** HOLE CARDS ***
Dealt to 1faeaa9b 
Dealt to 253e4fd2 
Dealt to 3399782d 
Dealt to abfd3936 
Dealt to Hero [2s 9h]
Dealt to 96f489e2 
96f489e2: folds
1faeaa9b: folds
253e4fd2: folds
3399782d: raises $0.08 to $0.13
abfd3936: folds
Hero: folds
Uncalled bet ($0.08) returned to 3399782d
*** SHOWDOWN ***
3399782d collected $0.12 from pot
*** SUMMARY ***
Total pot $0.12 | Rake $0 | Jackpot $0 | Bingo $0 | Fortune $0 | Tax $0
Seat 1: 1faeaa9b folded before Flop (didn't bet)
Seat 2: 253e4fd2 folded before Flop (didn't bet)
Seat 3: 3399782d (button) collected ($0.12)
Seat 4: abfd3936 (small blind) folded before Flop
Seat 5: Hero (big blind) folded before Flop
Seat 6: 96f489e2 folded before Flop (didn't bet)


Poker Hand #HD1750221199: Hold'em No Limit ($0.02/$0.05) - 2024/04/28 17:15:33
Table 'NLHBlue10' 6-max Seat #2 is the button
Seat 1: 1faeaa9b ($2.7 in chips)
Seat 2: 253e4fd2 ($8.81 in chips)
Seat 3: 3399782d ($7.12 in chips)
Seat 4: abfd3936 ($5.09 in chips)
Seat 5: Hero ($5.61 in chips)
Seat 6: 96f489e2 ($5.01 in chips)
3399782d: posts small blind $0.02
abfd3936: posts big blind $0.05
*** HOLE CARDS ***
Dealt to 1faeaa9b 
Dealt to 253e4fd2 
Dealt to 3399782d 
Dealt to abfd3936 
Dealt to Hero [Qd 7h]
Dealt to 96f489e2 
Hero: folds
96f489e2: folds
1faeaa9b: calls $0.05
253e4fd2: folds
3399782d: folds
abfd3936: checks
*** FLOP *** [Qs Tc 3c]
abfd3936: checks
1faeaa9b: checks
*** TURN *** [Qs Tc 3c] [8d]
abfd3936: checks
1faeaa9b: checks
*** RIVER *** [Qs Tc 3c 8d] [Kd]
abfd3936: checks
1faeaa9b: checks
abfd3936: shows [2d 5s] (King-High)
1faeaa9b: shows [7c 6s] (King-High)
*** SHOWDOWN ***
1faeaa9b collected $0.12 from pot
*** SUMMARY ***
Total pot $0.12 | Rake $0 | Jackpot $0 | Bingo $0 | Fortune $0 | Tax $0
Board [Qs Tc 3c 8d Kd]
Seat 1: 1faeaa9b showed [7c 6s] and won ($0.12) with King-High
Seat 2: 253e4fd2 (button) folded before Flop (didn't bet)
Seat 3: 3399782d (small blind) folded before Flop
Seat 4: abfd3936 (big blind) showed [2d 5s] and lost with King-High
Seat 5: Hero folded before Flop (didn't bet)
Seat 6: 96f489e2 folded before Flop (didn't bet)


Poker Hand #HD1750221079: Hold'em No Limit ($0.02/$0.05) - 2024/04/28 17:14:28
Table 'NLHBlue10' 6-max Seat #1 is the button
Seat 1: 1faeaa9b ($2.78 in chips)
Seat 2: 253e4fd2 ($8.88 in chips)
Seat 3: 3399782d ($7.17 in chips)
Seat 4: abfd3936 ($5.09 in chips)
Seat 5: Hero ($5.61 in chips)
Seat 6: 96f489e2 ($5.14 in chips)
253e4fd2: posts small blind $0.02
3399782d: posts big blind $0.05
*** HOLE CARDS ***
Dealt to 1faeaa9b 
Dealt to 253e4fd2 
Dealt to 3399782d 
Dealt to abfd3936 
Dealt to Hero [7s Jc]
Dealt to 96f489e2 
abfd3936: folds
Hero: folds
96f489e2: raises $0.08 to $0.13
1faeaa9b: calls $0.13
253e4fd2: raises $0.53 to $0.66
3399782d: folds
96f489e2: folds
1faeaa9b: raises $2.12 to $2.78 and is all-in
253e4fd2: calls $2.12
1faeaa9b: shows [4s As]
253e4fd2: shows [Ks Kd]
*** FIRST FLOP *** [2s 9h Qh]
*** FIRST TURN *** [2s 9h Qh] [Ts]
*** FIRST RIVER *** [2s 9h Qh Ts] [Ad]
*** SECOND FLOP *** [Qd Qs Kh]
*** SECOND TURN *** [Qd Qs Kh] [2c]
*** SECOND RIVER *** [Qd Qs Kh 2c] [6s]
*** FIRST SHOWDOWN ***
1faeaa9b collected $2.7 from pot
*** SECOND SHOWDOWN ***
253e4fd2 collected $2.71 from pot
*** SUMMARY ***
Total pot $5.74 | Rake $0.28 | Jackpot $0.05 | Bingo $0 | Fortune $0 | Tax $0
Hand was run two times
FIRST Board [2s 9h Qh Ts Ad]
SECOND Board [Qd Qs Kh 2c 6s]
Seat 1: 1faeaa9b (button) showed [4s As] and won ($2.7) with Pair of Aces, and lost with Pair of Queens
Seat 2: 253e4fd2 (small blind) showed [Ks Kd] and lost with Pair of Kings, and won ($2.71) with Kings Full over Queens
Seat 3: 3399782d (big blind) folded before Flop
Seat 4: abfd3936 folded before Flop (didn't bet)
Seat 5: Hero folded before Flop (didn't bet)
Seat 6: 96f489e2 folded before Flop


Poker Hand #HD1750221018: Hold'em No Limit ($0.02/$0.05) - 2024/04/28 17:13:56
Table 'NLHBlue10' 6-max Seat #6 is the button
Seat 1: 1faeaa9b ($2.69 in chips)
Seat 2: 253e4fd2 ($8.98 in chips)
Seat 3: 3399782d ($7.17 in chips)
Seat 4: abfd3936 ($5.09 in chips)
Seat 5: Hero ($5.61 in chips)
Seat 6: 96f489e2 ($5.14 in chips)
1faeaa9b: posts small blind $0.02
253e4fd2: posts big blind $0.05
*** HOLE CARDS ***
Dealt to 1faeaa9b 
Dealt to 253e4fd2 
Dealt to 3399782d 
Dealt to abfd3936 
Dealt to Hero [Jc 2d]
Dealt to 96f489e2 
3399782d: folds
abfd3936: folds
Hero: folds
96f489e2: folds
1faeaa9b: calls $0.03
253e4fd2: checks
*** FLOP *** [3c 7d Ac]
1faeaa9b: checks
253e4fd2: checks
*** TURN *** [3c 7d Ac] [4s]
1faeaa9b: checks
253e4fd2: bets $0.05
1faeaa9b: raises $0.15 to $0.2
253e4fd2: folds
Uncalled bet ($0.15) returned to 1faeaa9b
*** SHOWDOWN ***
1faeaa9b collected $0.19 from pot
*** SUMMARY ***
Total pot $0.2 | Rake $0.01 | Jackpot $0 | Bingo $0 | Fortune $0 | Tax $0
Board [3c 7d Ac 4s]
Seat 1: 1faeaa9b (small blind) won ($0.19)
Seat 2: 253e4fd2 (big blind) folded on the Turn
Seat 3: 3399782d folded before Flop (didn't bet)
Seat 4: abfd3936 folded before Flop (didn't bet)
Seat 5: Hero folded before Flop (didn't bet)
Seat 6: 96f489e2 (button) folded before Flop (didn't bet)


Poker Hand #HD1750220967: Hold'em No Limit ($0.02/$0.05) - 2024/04/28 17:13:22
Table 'NLHBlue10' 6-max Seat #5 is the button
Seat 1: 1faeaa9b ($2.84 in chips)
Seat 2: 253e4fd2 ($8.98 in chips)
Seat 3: 3399782d ($7.01 in chips)
Seat 4: abfd3936 ($5.09 in chips)
Seat 5: Hero ($5.61 in chips)
Seat 6: 96f489e2 ($5.16 in chips)
96f489e2: posts small blind $0.02
1faeaa9b: posts big blind $0.05
*** HOLE CARDS ***
Dealt to 1faeaa9b 
Dealt to 253e4fd2 
Dealt to 3399782d 
Dealt to abfd3936 
Dealt to Hero [Kh 4h]
Dealt to 96f489e2 
253e4fd2: folds
3399782d: raises $0.1 to $0.15
abfd3936: folds
Hero: folds
96f489e2: folds
1faeaa9b: calls $0.1
*** FLOP *** [Qc Ah 3d]
1faeaa9b: checks
3399782d: checks
*** TURN *** [Qc Ah 3d] [9s]
1faeaa9b: checks
3399782d: bets $0.22
1faeaa9b: folds
Uncalled bet ($0.22) returned to 3399782d
*** SHOWDOWN ***
3399782d collected $0.31 from pot
*** SUMMARY ***
Total pot $0.32 | Rake $0.01 | Jackpot $0 | Bingo $0 | Fortune $0 | Tax $0
Board [Qc Ah 3d 9s]
Seat 1: 1faeaa9b (big blind) folded on the Turn
Seat 2: 253e4fd2 folded before Flop (didn't bet)
Seat 3: 3399782d won ($0.31)
Seat 4: abfd3936 folded before Flop (didn't bet)
Seat 5: Hero (button) folded before Flop (didn't bet)
Seat 6: 96f489e2 (small blind) folded before Flop


Poker Hand #HD1750220900: Hold'em No Limit ($0.02/$0.05) - 2024/04/28 17:12:46
Table 'NLHBlue10' 6-max Seat #4 is the button
Seat 1: 1faeaa9b ($2.31 in chips)
Seat 2: 253e4fd2 ($9.1 in chips)
Seat 3: 3399782d ($7.39 in chips)
Seat 4: abfd3936 ($5.09 in chips)
Seat 5: Hero ($5.63 in chips)
Seat 6: 96f489e2 ($5.21 in chips)
Hero: posts small blind $0.02
96f489e2: posts big blind $0.05
*** HOLE CARDS ***
Dealt to 1faeaa9b 
Dealt to 253e4fd2 
Dealt to 3399782d 
Dealt to abfd3936 
Dealt to Hero [Ks 7s]
Dealt to 96f489e2 
1faeaa9b: calls $0.05
253e4fd2: raises $0.07 to $0.12
3399782d: raises $0.26 to $0.38
abfd3936: folds
Hero: folds
96f489e2: folds
1faeaa9b: raises $1.93 to $2.31 and is all-in
253e4fd2: folds
3399782d: folds
Uncalled bet ($1.93) returned to 1faeaa9b
*** SHOWDOWN ***
1faeaa9b collected $0.91 from pot
*** SUMMARY ***
Total pot $0.95 | Rake $0.04 | Jackpot $0 | Bingo $0 | Fortune $0 | Tax $0
Seat 1: 1faeaa9b collected ($0.91)
Seat 2: 253e4fd2 folded before Flop
Seat 3: 3399782d folded before Flop
Seat 4: abfd3936 (button) folded before Flop (didn't bet)
Seat 5: Hero (small blind) folded before Flop
Seat 6: 96f489e2 (big blind) folded before Flop


Poker Hand #HD1750220845: Hold'em No Limit ($0.02/$0.05) - 2024/04/28 17:12:14
Table 'NLHBlue10' 6-max Seat #3 is the button
Seat 1: 1faeaa9b ($2.55 in chips)
Seat 2: 253e4fd2 ($8.81 in chips)
Seat 3: 3399782d ($7.39 in chips)
Seat 4: abfd3936 ($5.11 in chips)
Seat 5: Hero ($5.68 in chips)
Seat 6: 96f489e2 ($5.21 in chips)
abfd3936: posts small blind $0.02
Hero: posts big blind $0.05
*** HOLE CARDS ***
Dealt to 1faeaa9b 
Dealt to 253e4fd2 
Dealt to 3399782d 
Dealt to abfd3936 
Dealt to Hero [Jd 7c]
Dealt to 96f489e2 
96f489e2: folds
1faeaa9b: calls $0.05
253e4fd2: raises $0.19 to $0.24
3399782d: folds
abfd3936: folds
Hero: folds
1faeaa9b: calls $0.19
*** FLOP *** [Jc 2d 8s]
1faeaa9b: checks
253e4fd2: bets $0.2
1faeaa9b: folds
Uncalled bet ($0.2) returned to 253e4fd2
*** SHOWDOWN ***
253e4fd2 collected $0.53 from pot
*** SUMMARY ***
Total pot $0.55 | Rake $0.02 | Jackpot $0 | Bingo $0 | Fortune $0 | Tax $0
Board [Jc 2d 8s]
Seat 1: 1faeaa9b folded on the Flop
Seat 2: 253e4fd2 won ($0.53)
Seat 3: 3399782d (button) folded before Flop (didn't bet)
Seat 4: abfd3936 (small blind) folded before Flop
Seat 5: Hero (big blind) folded before Flop
Seat 6: 96f489e2 folded before Flop (didn't bet)


Poker Hand #HD1750220723: Hold'em No Limit ($0.02/$0.05) - 2024/04/28 17:11:09
Table 'NLHBlue10' 6-max Seat #2 is the button
Seat 1: 1faeaa9b ($2.3 in chips)
Seat 2: 253e4fd2 ($8.81 in chips)
Seat 3: 3399782d ($7.41 in chips)
Seat 4: abfd3936 ($5.16 in chips)
Seat 5: Hero ($5.88 in chips)
Seat 6: 96f489e2 ($5.21 in chips)
3399782d: posts small blind $0.02
abfd3936: posts big blind $0.05
*** HOLE CARDS ***
Dealt to 1faeaa9b 
Dealt to 253e4fd2 
Dealt to 3399782d 
Dealt to abfd3936 
Dealt to Hero [9d Td]
Dealt to 96f489e2 
Hero: raises $0.05 to $0.1
96f489e2: folds
1faeaa9b: calls $0.1
253e4fd2: folds
3399782d: folds
abfd3936: folds
*** FLOP *** [9c 4h 3h]
Hero: bets $0.1
1faeaa9b: calls $0.1
*** TURN *** [9c 4h 3h] [5h]
Hero: checks
1faeaa9b: checks
*** RIVER *** [9c 4h 3h 5h] [Jc]
Hero: checks
1faeaa9b: bets $0.47
Hero: folds
Uncalled bet ($0.47) returned to 1faeaa9b
*** SHOWDOWN ***
1faeaa9b collected $0.45 from pot
*** SUMMARY ***
Total pot $0.47 | Rake $0.02 | Jackpot $0 | Bingo $0 | Fortune $0 | Tax $0
Board [9c 4h 3h 5h Jc]
Seat 1: 1faeaa9b won ($0.45)
Seat 2: 253e4fd2 (button) folded before Flop (didn't bet)
Seat 3: 3399782d (small blind) folded before Flop
Seat 4: abfd3936 (big blind) folded before Flop
Seat 5: Hero folded on the River
Seat 6: 96f489e2 folded before Flop (didn't bet)


Poker Hand #HD1750220646: Hold'em No Limit ($0.02/$0.05) - 2024/04/28 17:10:31
Table 'NLHBlue10' 6-max Seat #1 is the button
Seat 1: 1faeaa9b ($2.35 in chips)
Seat 2: 253e4fd2 ($8.54 in chips)
Seat 3: 3399782d ($7.65 in chips)
Seat 4: abfd3936 ($5.16 in chips)
Seat 5: Hero ($5.88 in chips)
Seat 6: 96f489e2 ($5.21 in chips)
253e4fd2: posts small blind $0.02
3399782d: posts big blind $0.05
*** HOLE CARDS ***
Dealt to 1faeaa9b 
Dealt to 253e4fd2 
Dealt to 3399782d 
Dealt to abfd3936 
Dealt to Hero [7s Jh]
Dealt to 96f489e2 
abfd3936: folds
Hero: folds
96f489e2: folds
1faeaa9b: calls $0.05
253e4fd2: raises $0.19 to $0.24
3399782d: calls $0.19
1faeaa9b: folds
*** FLOP *** [3d 4s 3h]
253e4fd2: bets $0.18
3399782d: folds
Uncalled bet ($0.18) returned to 253e4fd2
*** SHOWDOWN ***
253e4fd2 collected $0.51 from pot
*** SUMMARY ***
Total pot $0.53 | Rake $0.02 | Jackpot $0 | Bingo $0 | Fortune $0 | Tax $0
Board [3d 4s 3h]
Seat 1: 1faeaa9b (button) folded before Flop
Seat 2: 253e4fd2 (small blind) won ($0.51)
Seat 3: 3399782d (big blind) folded on the Flop
Seat 4: abfd3936 folded before Flop (didn't bet)
Seat 5: Hero folded before Flop (didn't bet)
Seat 6: 96f489e2 folded before Flop (didn't bet)


Poker Hand #HD1750220625: Hold'em No Limit ($0.02/$0.05) - 2024/04/28 17:10:16
Table 'NLHBlue10' 6-max Seat #6 is the button
Seat 1: 1faeaa9b ($2.37 in chips)
Seat 2: 253e4fd2 ($8.52 in chips)
Seat 3: 3399782d ($7.65 in chips)
Seat 4: abfd3936 ($5.16 in chips)
Seat 5: Hero ($5.88 in chips)
Seat 6: 96f489e2 ($5.21 in chips)
1faeaa9b: posts small blind $0.02
253e4fd2: posts big blind $0.05
*** HOLE CARDS ***
Dealt to 1faeaa9b 
Dealt to 253e4fd2 
Dealt to 3399782d 
Dealt to abfd3936 
Dealt to Hero [2h Ad]
Dealt to 96f489e2 
3399782d: folds
abfd3936: folds
Hero: folds
96f489e2: folds
1faeaa9b: folds
Uncalled bet ($0.03) returned to 253e4fd2
*** SHOWDOWN ***
253e4fd2 collected $0.04 from pot
*** SUMMARY ***
Total pot $0.04 | Rake $0 | Jackpot $0 | Bingo $0 | Fortune $0 | Tax $0
Seat 1: 1faeaa9b (small blind) folded before Flop
Seat 2: 253e4fd2 (big blind) collected ($0.04)
Seat 3: 3399782d folded before Flop (didn't bet)
Seat 4: abfd3936 folded before Flop (didn't bet)
Seat 5: Hero folded before Flop (didn't bet)
Seat 6: 96f489e2 (button) folded before Flop (didn't bet)


Poker Hand #HD1750220593: Hold'em No Limit ($0.02/$0.05) - 2024/04/28 17:10:04
Table 'NLHBlue10' 6-max Seat #5 is the button
Seat 1: 1faeaa9b ($2.42 in chips)
Seat 2: 253e4fd2 ($8.52 in chips)
Seat 3: 3399782d ($7.65 in chips)
Seat 4: abfd3936 ($5.16 in chips)
Seat 5: Hero ($5.88 in chips)
Seat 6: 96f489e2 ($5.16 in chips)
96f489e2: posts small blind $0.02
1faeaa9b: posts big blind $0.05
*** HOLE CARDS ***
Dealt to 1faeaa9b 
Dealt to 253e4fd2 
Dealt to 3399782d 
Dealt to abfd3936 
Dealt to Hero [Jc 8d]
Dealt to 96f489e2 
253e4fd2: folds
3399782d: folds
abfd3936: folds
Hero: folds
96f489e2: raises $0.1 to $0.15
1faeaa9b: folds
Uncalled bet ($0.1) returned to 96f489e2
*** SHOWDOWN ***
96f489e2 collected $0.1 from pot
*** SUMMARY ***
Total pot $0.1 | Rake $0 | Jackpot $0 | Bingo $0 | Fortune $0 | Tax $0
Seat 1: 1faeaa9b (big blind) folded before Flop
Seat 2: 253e4fd2 folded before Flop (didn't bet)
Seat 3: 3399782d folded before Flop (didn't bet)
Seat 4: abfd3936 folded before Flop (didn't bet)
Seat 5: Hero (button) folded before Flop (didn't bet)
Seat 6: 96f489e2 (small blind) collected ($0.1)


Poker Hand #HD1750220526: Hold'em No Limit ($0.02/$0.05) - 2024/04/28 17:09:25
Table 'NLHBlue10' 6-max Seat #4 is the button
Seat 1: 1faeaa9b ($2.47 in chips)
Seat 2: 253e4fd2 ($8.76 in chips)
Seat 3: 3399782d ($7.65 in chips)
Seat 4: abfd3936 ($5.16 in chips)
Seat 5: Hero ($5.9 in chips)
Seat 6: 96f489e2 ($4.87 in chips)
Hero: posts small blind $0.02
96f489e2: posts big blind $0.05
*** HOLE CARDS ***
Dealt to 1faeaa9b 
Dealt to 253e4fd2 
Dealt to 3399782d 
Dealt to abfd3936 
Dealt to Hero [Qc 5s]
Dealt to 96f489e2 
1faeaa9b: calls $0.05
253e4fd2: raises $0.19 to $0.24
3399782d: folds
abfd3936: folds
Hero: folds
96f489e2: raises $0.55 to $0.79
1faeaa9b: folds
253e4fd2: folds
Uncalled bet ($0.55) returned to 96f489e2
*** SHOWDOWN ***
96f489e2 collected $0.53 from pot
*** SUMMARY ***
Total pot $0.55 | Rake $0.02 | Jackpot $0 | Bingo $0 | Fortune $0 | Tax $0
Seat 1: 1faeaa9b folded before Flop
Seat 2: 253e4fd2 folded before Flop
Seat 3: 3399782d folded before Flop (didn't bet)
Seat 4: abfd3936 (button) folded before Flop (didn't bet)
Seat 5: Hero (small blind) folded before Flop
Seat 6: 96f489e2 (big blind) collected ($0.53)


Poker Hand #HD1750220458: Hold'em No Limit ($0.02/$0.05) - 2024/04/28 17:08:48
Table 'NLHBlue10' 6-max Seat #3 is the button
Seat 1: 1faeaa9b ($2.54 in chips)
Seat 2: 253e4fd2 ($8.76 in chips)
Seat 3: 3399782d ($7.65 in chips)
Seat 4: abfd3936 ($5.18 in chips)
Seat 5: Hero ($5.81 in chips)
Seat 6: 96f489e2 ($4.87 in chips)
abfd3936: posts small blind $0.02
Hero: posts big blind $0.05
1faeaa9b: posts big blind $0.05
1faeaa9b: posts missed blind $0.02
*** HOLE CARDS ***
Dealt to 1faeaa9b 
Dealt to 253e4fd2 
Dealt to 3399782d 
Dealt to abfd3936 
Dealt to Hero [4s Jd]
Dealt to 96f489e2 
96f489e2: folds
1faeaa9b: checks
253e4fd2: folds
3399782d: folds
abfd3936: folds
Hero: checks
*** FLOP *** [Ks 9s As]
Hero: checks
1faeaa9b: checks
*** TURN *** [Ks 9s As] [9h]
Hero: checks
1faeaa9b: checks
*** RIVER *** [Ks 9s As 9h] [6s]
Hero: checks
1faeaa9b: checks
Hero: shows [4s Jd] (Ace High Flush)
1faeaa9b: shows [Jh Kh] (Pair of Kings and Pair of Nines)
*** SHOWDOWN ***
Hero collected $0.14 from pot
*** SUMMARY ***
Total pot $0.14 | Rake $0 | Jackpot $0 | Bingo $0 | Fortune $0 | Tax $0
Board [Ks 9s As 9h 6s]
Seat 1: 1faeaa9b showed [Jh Kh] and lost with Pair of Kings and Pair of Nines
Seat 2: 253e4fd2 folded before Flop (didn't bet)
Seat 3: 3399782d (button) folded before Flop (didn't bet)
Seat 4: abfd3936 (small blind) folded before Flop
Seat 5: Hero (big blind) showed [4s Jd] and won ($0.14) with Ace High Flush
Seat 6: 96f489e2 folded before Flop (didn't bet)


Poker Hand #HD1750220321: Hold'em No Limit ($0.02/$0.05) - 2024/04/28 17:07:39
Table 'NLHBlue10' 6-max Seat #2 is the button
Seat 2: 253e4fd2 ($8.76 in chips)
Seat 3: 3399782d ($7.67 in chips)
Seat 4: abfd3936 ($5.28 in chips)
Seat 5: Hero ($5.7 in chips)
Seat 6: 96f489e2 ($4.87 in chips)
3399782d: posts small blind $0.02
abfd3936: posts big blind $0.05
*** HOLE CARDS ***
Dealt to 253e4fd2 
Dealt to 3399782d 
Dealt to abfd3936 
Dealt to Hero [Tc 9c]
Dealt to 96f489e2 
Hero: raises $0.05 to $0.1
96f489e2: folds
253e4fd2: folds
3399782d: folds
abfd3936: calls $0.05
*** FLOP *** [6h 3c 7d]
abfd3936: checks
Hero: checks
*** TURN *** [6h 3c 7d] [8c]
abfd3936: checks
Hero: bets $0.1
abfd3936: folds
Uncalled bet ($0.1) returned to Hero
*** SHOWDOWN ***
Hero collected $0.21 from pot
*** SUMMARY ***
Total pot $0.22 | Rake $0.01 | Jackpot $0 | Bingo $0 | Fortune $0 | Tax $0
Board [6h 3c 7d 8c]
Seat 2: 253e4fd2 (button) folded before Flop (didn't bet)
Seat 3: 3399782d (small blind) folded before Flop
Seat 4: abfd3936 (big blind) folded on the Turn
Seat 5: Hero won ($0.21)
Seat 6: 96f489e2 folded before Flop (didn't bet)


Poker Hand #HD1750220282: Hold'em No Limit ($0.02/$0.05) - 2024/04/28 17:07:13
Table 'NLHBlue10' 6-max Seat #6 is the button
Seat 2: 253e4fd2 ($8.78 in chips)
Seat 3: 3399782d ($7.72 in chips)
Seat 4: abfd3936 ($5.28 in chips)
Seat 5: Hero ($5.7 in chips)
Seat 6: 96f489e2 ($4.8 in chips)
253e4fd2: posts small blind $0.02
3399782d: posts big blind $0.05
*** HOLE CARDS ***
Dealt to 253e4fd2 
Dealt to 3399782d 
Dealt to abfd3936 
Dealt to Hero [Ts 4h]
Dealt to 96f489e2 
abfd3936: folds
Hero: folds
96f489e2: raises $0.1 to $0.15
253e4fd2: folds
3399782d: folds
Uncalled bet ($0.1) returned to 96f489e2
*** SHOWDOWN ***
96f489e2 collected $0.12 from pot
*** SUMMARY ***
Total pot $0.12 | Rake $0 | Jackpot $0 | Bingo $0 | Fortune $0 | Tax $0
Seat 2: 253e4fd2 (small blind) folded before Flop
Seat 3: 3399782d (big blind) folded before Flop
Seat 4: abfd3936 folded before Flop (didn't bet)
Seat 5: Hero folded before Flop (didn't bet)
Seat 6: 96f489e2 (button) collected ($0.12)


Poker Hand #HD1750220255: Hold'em No Limit ($0.02/$0.05) - 2024/04/28 17:06:58
Table 'NLHBlue10' 6-max Seat #5 is the button
Seat 2: 253e4fd2 ($8.83 in chips)
Seat 3: 3399782d ($7.72 in chips)
Seat 4: abfd3936 ($5.21 in chips)
Seat 5: Hero ($5.7 in chips)
Seat 6: 96f489e2 ($4.82 in chips)
96f489e2: posts small blind $0.02
253e4fd2: posts big blind $0.05
*** HOLE CARDS ***
Dealt to 253e4fd2 
Dealt to 3399782d 
Dealt to abfd3936 
Dealt to Hero [7s Tc]
Dealt to 96f489e2 
3399782d: folds
abfd3936: raises $0.09 to $0.14
Hero: folds
96f489e2: folds
253e4fd2: folds
Uncalled bet ($0.09) returned to abfd3936
*** SHOWDOWN ***
abfd3936 collected $0.12 from pot
*** SUMMARY ***
Total pot $0.12 | Rake $0 | Jackpot $0 | Bingo $0 | Fortune $0 | Tax $0
Seat 2: 253e4fd2 (big blind) folded before Flop
Seat 3: 3399782d folded before Flop (didn't bet)
Seat 4: abfd3936 collected ($0.12)
Seat 5: Hero (button) folded before Flop (didn't bet)
Seat 6: 96f489e2 (small blind) folded before Flop


Poker Hand #HD1750220222: Hold'em No Limit ($0.02/$0.05) - 2024/04/28 17:06:43
Table 'NLHBlue10' 6-max Seat #4 is the button
Seat 2: 253e4fd2 ($8.83 in chips)
Seat 3: 3399782d ($7.65 in chips)
Seat 4: abfd3936 ($5.21 in chips)
Seat 5: Hero ($5.72 in chips)
Seat 6: 96f489e2 ($4.87 in chips)
Hero: posts small blind $0.02
96f489e2: posts big blind $0.05
*** HOLE CARDS ***
Dealt to 253e4fd2 
Dealt to 3399782d 
Dealt to abfd3936 
Dealt to Hero [Td 5d]
Dealt to 96f489e2 
253e4fd2: folds
3399782d: raises $0.1 to $0.15
abfd3936: folds
Hero: folds
96f489e2: folds
Uncalled bet ($0.1) returned to 3399782d
*** SHOWDOWN ***
3399782d collected $0.12 from pot
*** SUMMARY ***
Total pot $0.12 | Rake $0 | Jackpot $0 | Bingo $0 | Fortune $0 | Tax $0
Seat 2: 253e4fd2 folded before Flop (didn't bet)
Seat 3: 3399782d collected ($0.12)
Seat 4: abfd3936 (button) folded before Flop (didn't bet)
Seat 5: Hero (small blind) folded before Flop
Seat 6: 96f489e2 (big blind) folded before Flop


Poker Hand #HD1750220193: Hold'em No Limit ($0.02/$0.05) - 2024/04/28 17:06:26
Table 'NLHBlue10' 6-max Seat #3 is the button
Seat 2: 253e4fd2 ($8.83 in chips)
Seat 3: 3399782d ($7.65 in chips)
Seat 4: abfd3936 ($5.16 in chips)
Seat 5: Hero ($5.77 in chips)
Seat 6: 96f489e2 ($4.87 in chips)
abfd3936: posts small blind $0.02
Hero: posts big blind $0.05
*** HOLE CARDS ***
Dealt to 253e4fd2 
Dealt to 3399782d 
Dealt to abfd3936 
Dealt to Hero [Ks 4d]
Dealt to 96f489e2 
96f489e2: folds
253e4fd2: folds
3399782d: folds
abfd3936: raises $0.1 to $0.15
Hero: folds
Uncalled bet ($0.1) returned to abfd3936
*** SHOWDOWN ***
abfd3936 collected $0.1 from pot
*** SUMMARY ***
Total pot $0.1 | Rake $0 | Jackpot $0 | Bingo $0 | Fortune $0 | Tax $0
Seat 2: 253e4fd2 folded before Flop (didn't bet)
Seat 3: 3399782d (button) folded before Flop (didn't bet)
Seat 4: abfd3936 (small blind) collected ($0.1)
Seat 5: Hero (big blind) folded before Flop
Seat 6: 96f489e2 folded before Flop (didn't bet)


Poker Hand #HD1750220142: Hold'em No Limit ($0.02/$0.05) - 2024/04/28 17:06:03
Table 'NLHBlue10' 6-max Seat #2 is the button
Seat 2: 253e4fd2 ($8.83 in chips)
Seat 3: 3399782d ($7.67 in chips)
Seat 4: abfd3936 ($5.02 in chips)
Seat 5: Hero ($5.77 in chips)
Seat 6: 96f489e2 ($5 in chips)
3399782d: posts small blind $0.02
abfd3936: posts big blind $0.05
*** HOLE CARDS ***
Dealt to 253e4fd2 
Dealt to 3399782d 
Dealt to abfd3936 
Dealt to Hero [2s Td]
Dealt to 96f489e2 
Hero: folds
96f489e2: raises $0.08 to $0.13
253e4fd2: folds
3399782d: folds
abfd3936: raises $0.41 to $0.54
96f489e2: folds
Uncalled bet ($0.41) returned to abfd3936
*** SHOWDOWN ***
abfd3936 collected $0.27 from pot
*** SUMMARY ***
Total pot $0.28 | Rake $0.01 | Jackpot $0 | Bingo $0 | Fortune $0 | Tax $0
Seat 2: 253e4fd2 (button) folded before Flop (didn't bet)
Seat 3: 3399782d (small blind) folded before Flop
Seat 4: abfd3936 (big blind) collected ($0.27)
Seat 5: Hero folded before Flop (didn't bet)
Seat 6: 96f489e2 folded before Flop


Poker Hand #HD1750220112: Hold'em No Limit ($0.02/$0.05) - 2024/04/28 17:05:49
Table 'NLHBlue10' 6-max Seat #6 is the button
Seat 2: 253e4fd2 ($8.85 in chips)
Seat 3: 3399782d ($7.65 in chips)
Seat 4: abfd3936 ($5.02 in chips)
Seat 5: Hero ($5.77 in chips)
Seat 6: 96f489e2 ($5 in chips)
253e4fd2: posts small blind $0.02
3399782d: posts big blind $0.05
*** HOLE CARDS ***
Dealt to 253e4fd2 
Dealt to 3399782d 
Dealt to abfd3936 
Dealt to Hero [Kc 5d]
Dealt to 96f489e2 
abfd3936: folds
Hero: folds
96f489e2: folds
253e4fd2: folds
Uncalled bet ($0.03) returned to 3399782d
*** SHOWDOWN ***
3399782d collected $0.04 from pot
*** SUMMARY ***
Total pot $0.04 | Rake $0 | Jackpot $0 | Bingo $0 | Fortune $0 | Tax $0
Seat 2: 253e4fd2 (small blind) folded before Flop
Seat 3: 3399782d (big blind) collected ($0.04)
Seat 4: abfd3936 folded before Flop (didn't bet)
Seat 5: Hero folded before Flop (didn't bet)
Seat 6: 96f489e2 (button) folded before Flop (didn't bet)


Poker Hand #HD1750219938: Hold'em No Limit ($0.02/$0.05) - 2024/04/28 17:04:15
Table 'NLHBlue10' 6-max Seat #5 is the button
Seat 2: 253e4fd2 ($8.14 in chips)
Seat 3: 3399782d ($7.65 in chips)
Seat 4: abfd3936 ($5.02 in chips)
Seat 5: Hero ($5.89 in chips)
Seat 6: 96f489e2 ($5.07 in chips)
96f489e2: posts small blind $0.02
253e4fd2: posts big blind $0.05
*** HOLE CARDS ***
Dealt to 253e4fd2 
Dealt to 3399782d 
Dealt to abfd3936 
Dealt to Hero [Qh 9d]
Dealt to 96f489e2 
3399782d: folds
abfd3936: folds
Hero: raises $0.07 to $0.12
96f489e2: calls $0.1
253e4fd2: calls $0.07
*** FLOP *** [5s 4h 7h]
96f489e2: checks
253e4fd2: bets $0.18
Hero: folds
96f489e2: calls $0.18
*** TURN *** [5s 4h 7h] [4s]
96f489e2: checks
253e4fd2: bets $0.36
96f489e2: calls $0.36
*** RIVER *** [5s 4h 7h 4s] [4c]
96f489e2: checks
253e4fd2: checks
96f489e2: shows [6h 6d] (Fours Full over Sixes)
253e4fd2: shows [5d 5c] (Fives Full over Fours)
*** SHOWDOWN ***
253e4fd2 collected $1.37 from pot
*** SUMMARY ***
Total pot $1.44 | Rake $0.07 | Jackpot $0 | Bingo $0 | Fortune $0 | Tax $0
Board [5s 4h 7h 4s 4c]
Seat 2: 253e4fd2 (big blind) showed [5d 5c] and won ($1.37) with Fives Full over Fours
Seat 3: 3399782d folded before Flop (didn't bet)
Seat 4: abfd3936 folded before Flop (didn't bet)
Seat 5: Hero (button) folded on the Flop
Seat 6: 96f489e2 (small blind) showed [6h 6d] and lost with Fours Full over Sixes


Poker Hand #HD1750219894: Hold'em No Limit ($0.02/$0.05) - 2024/04/28 17:03:48
Table 'NLHBlue10' 6-max Seat #4 is the button
Seat 1: 1faeaa9b ($2.59 in chips)
Seat 2: 253e4fd2 ($8.14 in chips)
Seat 3: 3399782d ($7.65 in chips)
Seat 4: abfd3936 ($5.02 in chips)
Seat 5: Hero ($5.91 in chips)
Seat 6: 96f489e2 ($5 in chips)
Hero: posts small blind $0.02
96f489e2: posts big blind $0.05
*** HOLE CARDS ***
Dealt to 1faeaa9b 
Dealt to 253e4fd2 
Dealt to 3399782d 
Dealt to abfd3936 
Dealt to Hero [4h 6s]
Dealt to 96f489e2 
1faeaa9b: calls $0.05
253e4fd2: folds
3399782d: folds
abfd3936: folds
Hero: folds
96f489e2: checks
*** FLOP *** [4s 8s Kc]
96f489e2: checks
1faeaa9b: checks
*** TURN *** [4s 8s Kc] [5h]
96f489e2: bets $0.12
1faeaa9b: folds
Uncalled bet ($0.12) returned to 96f489e2
*** SHOWDOWN ***
96f489e2 collected $0.12 from pot
*** SUMMARY ***
Total pot $0.12 | Rake $0 | Jackpot $0 | Bingo $0 | Fortune $0 | Tax $0
Board [4s 8s Kc 5h]
Seat 1: 1faeaa9b folded on the Turn
Seat 2: 253e4fd2 folded before Flop (didn't bet)
Seat 3: 3399782d folded before Flop (didn't bet)
Seat 4: abfd3936 (button) folded before Flop (didn't bet)
Seat 5: Hero (small blind) folded before Flop
Seat 6: 96f489e2 (big blind) won ($0.12)


Poker Hand #HD1750219734: Hold'em No Limit ($0.02/$0.05) - 2024/04/28 17:02:26
Table 'NLHBlue10' 6-max Seat #3 is the button
Seat 1: 1faeaa9b ($2.41 in chips)
Seat 2: 253e4fd2 ($8.14 in chips)
Seat 3: 3399782d ($7.65 in chips)
Seat 4: abfd3936 ($5.04 in chips)
Seat 5: Hero ($5.73 in chips)
Seat 6: 96f489e2 ($4.8 in chips)
abfd3936: posts small blind $0.02
Hero: posts big blind $0.05
*** HOLE CARDS ***
Dealt to 1faeaa9b 
Dealt to 253e4fd2 
Dealt to 3399782d 
Dealt to abfd3936 
Dealt to Hero [Kc Kh]
Dealt to 96f489e2 
96f489e2: raises $0.1 to $0.15
1faeaa9b: calls $0.15
253e4fd2: folds
3399782d: folds
abfd3936: folds
Hero: raises $0.5 to $0.65
96f489e2: calls $0.5
1faeaa9b: raises $1.76 to $2.41 and is all-in
Hero: raises $3.32 to $5.73 and is all-in
96f489e2: folds
Uncalled bet ($3.32) returned to Hero
Hero: shows [Kc Kh]
1faeaa9b: shows [Th Ts]
*** FIRST FLOP *** [Jd Kd 4s]
*** FIRST TURN *** [Jd Kd 4s] [8s]
*** FIRST RIVER *** [Jd Kd 4s 8s] [Ks]
*** SECOND FLOP *** [7c 9d 8c]
*** SECOND TURN *** [7c 9d 8c] [Qs]
*** SECOND RIVER *** [7c 9d 8c Qs] [Td]
*** FIRST SHOWDOWN ***
Hero collected $2.59 from pot
*** SECOND SHOWDOWN ***
1faeaa9b collected $2.59 from pot
*** SUMMARY ***
Total pot $5.49 | Rake $0.26 | Jackpot $0.05 | Bingo $0 | Fortune $0 | Tax $0
Hand was run two times
FIRST Board [Jd Kd 4s 8s Ks]
SECOND Board [7c 9d 8c Qs Td]
Seat 1: 1faeaa9b showed [Th Ts] and lost with Pair of Kings and Pair of Tens, and won ($2.59) with Three Tens
Seat 2: 253e4fd2 folded before Flop (didn't bet)
Seat 3: 3399782d (button) folded before Flop (didn't bet)
Seat 4: abfd3936 (small blind) folded before Flop
Seat 5: Hero (big blind) showed [Kc Kh] and won ($2.59) with Four Kings, and lost with Pair of Kings
Seat 6: 96f489e2 folded before Flop


Poker Hand #HD1750219663: Hold'em No Limit ($0.02/$0.05) - 2024/04/28 17:01:52
Table 'NLHBlue10' 6-max Seat #2 is the button
Seat 1: 1faeaa9b ($2.41 in chips)
Seat 2: 253e4fd2 ($8.14 in chips)
Seat 3: 3399782d ($7.48 in chips)
Seat 4: abfd3936 ($5.09 in chips)
Seat 5: Hero ($5.73 in chips)
Seat 6: 96f489e2 ($4.93 in chips)
3399782d: posts small blind $0.02
abfd3936: posts big blind $0.05
*** HOLE CARDS ***
Dealt to 1faeaa9b 
Dealt to 253e4fd2 
Dealt to 3399782d 
Dealt to abfd3936 
Dealt to Hero [Qd 9h]
Dealt to 96f489e2 
Hero: folds
96f489e2: raises $0.08 to $0.13
1faeaa9b: folds
253e4fd2: folds
3399782d: raises $0.37 to $0.5
abfd3936: folds
96f489e2: folds
Uncalled bet ($0.37) returned to 3399782d
*** SHOWDOWN ***
3399782d collected $0.3 from pot
*** SUMMARY ***
Total pot $0.31 | Rake $0.01 | Jackpot $0 | Bingo $0 | Fortune $0 | Tax $0
Seat 1: 1faeaa9b folded before Flop (didn't bet)
Seat 2: 253e4fd2 (button) folded before Flop (didn't bet)
Seat 3: 3399782d (small blind) collected ($0.3)
Seat 4: abfd3936 (big blind) folded before Flop
Seat 5: Hero folded before Flop (didn't bet)
Seat 6: 96f489e2 folded before Flop


Poker Hand #HD1750219626: Hold'em No Limit ($0.02/$0.05) - 2024/04/28 17:01:27
Table 'NLHBlue10' 6-max Seat #1 is the button
Seat 1: 1faeaa9b ($2.41 in chips)
Seat 2: 253e4fd2 ($8 in chips)
Seat 3: 3399782d ($7.63 in chips)
Seat 4: abfd3936 ($5.09 in chips)
Seat 5: Hero ($5.73 in chips)
Seat 6: 96f489e2 ($4.93 in chips)
253e4fd2: posts small blind $0.02
3399782d: posts big blind $0.05
*** HOLE CARDS ***
Dealt to 1faeaa9b 
Dealt to 253e4fd2 
Dealt to 3399782d 
Dealt to abfd3936 
Dealt to Hero [9h Jc]
Dealt to 96f489e2 
abfd3936: folds
Hero: folds
96f489e2: folds
1faeaa9b: folds
253e4fd2: raises $0.1 to $0.15
3399782d: calls $0.1
*** FLOP *** [4d 5h Ac]
253e4fd2: bets $0.16
3399782d: folds
Uncalled bet ($0.16) returned to 253e4fd2
*** SHOWDOWN ***
253e4fd2 collected $0.29 from pot
*** SUMMARY ***
Total pot $0.3 | Rake $0.01 | Jackpot $0 | Bingo $0 | Fortune $0 | Tax $0
Board [4d 5h Ac]
Seat 1: 1faeaa9b (button) folded before Flop (didn't bet)
Seat 2: 253e4fd2 (small blind) won ($0.29)
Seat 3: 3399782d (big blind) folded on the Flop
Seat 4: abfd3936 folded before Flop (didn't bet)
Seat 5: Hero folded before Flop (didn't bet)
Seat 6: 96f489e2 folded before Flop (didn't bet)


Poker Hand #HD1750219543: Hold'em No Limit ($0.02/$0.05) - 2024/04/28 17:00:48
Table 'NLHBlue10' 6-max Seat #6 is the button
Seat 1: 1faeaa9b ($2.46 in chips)
Seat 2: 253e4fd2 ($7.95 in chips)
Seat 3: 3399782d ($7.63 in chips)
Seat 4: abfd3936 ($5.09 in chips)
Seat 5: Hero ($5.73 in chips)
Seat 6: 96f489e2 ($4.93 in chips)
1faeaa9b: posts small blind $0.02
253e4fd2: posts big blind $0.05
*** HOLE CARDS ***
Dealt to 1faeaa9b 
Dealt to 253e4fd2 
Dealt to 3399782d 
Dealt to abfd3936 
Dealt to Hero [5s 3s]
Dealt to 96f489e2 
3399782d: folds
abfd3936: folds
Hero: folds
96f489e2: folds
1faeaa9b: calls $0.03
253e4fd2: checks
*** FLOP *** [4c Jd Ts]
1faeaa9b: checks
253e4fd2: checks
*** TURN *** [4c Jd Ts] [Tc]
1faeaa9b: checks
253e4fd2: checks
*** RIVER *** [4c Jd Ts Tc] [Qh]
1faeaa9b: checks
253e4fd2: checks
1faeaa9b: shows [5h 3c] (Pair of Tens)
253e4fd2: shows [4d 3d] (Pair of Tens and Pair of Fours)
*** SHOWDOWN ***
253e4fd2 collected $0.1 from pot
*** SUMMARY ***
Total pot $0.1 | Rake $0 | Jackpot $0 | Bingo $0 | Fortune $0 | Tax $0
Board [4c Jd Ts Tc Qh]
Seat 1: 1faeaa9b (small blind) showed [5h 3c] and lost with Pair of Tens
Seat 2: 253e4fd2 (big blind) showed [4d 3d] and won ($0.1) with Pair of Tens and Pair of Fours
Seat 3: 3399782d folded before Flop (didn't bet)
Seat 4: abfd3936 folded before Flop (didn't bet)
Seat 5: Hero folded before Flop (didn't bet)
Seat 6: 96f489e2 (button) folded before Flop (didn't bet)


Poker Hand #HD1750219518: Hold'em No Limit ($0.02/$0.05) - 2024/04/28 17:00:34
Table 'NLHBlue10' 6-max Seat #5 is the button
Seat 1: 1faeaa9b ($2.44 in chips)
Seat 2: 253e4fd2 ($7.95 in chips)
Seat 3: 3399782d ($7.63 in chips)
Seat 4: abfd3936 ($5.09 in chips)
Seat 5: Hero ($5.73 in chips)
Seat 6: 96f489e2 ($4.95 in chips)
96f489e2: posts small blind $0.02
1faeaa9b: posts big blind $0.05
*** HOLE CARDS ***
Dealt to 1faeaa9b 
Dealt to 253e4fd2 
Dealt to 3399782d 
Dealt to abfd3936 
Dealt to Hero [6h 5c]
Dealt to 96f489e2 
253e4fd2: folds
3399782d: folds
abfd3936: folds
Hero: folds
96f489e2: folds
Uncalled bet ($0.03) returned to 1faeaa9b
*** SHOWDOWN ***
1faeaa9b collected $0.04 from pot
*** SUMMARY ***
Total pot $0.04 | Rake $0 | Jackpot $0 | Bingo $0 | Fortune $0 | Tax $0
Seat 1: 1faeaa9b (big blind) collected ($0.04)
Seat 2: 253e4fd2 folded before Flop (didn't bet)
Seat 3: 3399782d folded before Flop (didn't bet)
Seat 4: abfd3936 folded before Flop (didn't bet)
Seat 5: Hero (button) folded before Flop (didn't bet)
Seat 6: 96f489e2 (small blind) folded before Flop


Poker Hand #HD1750219449: Hold'em No Limit ($0.02/$0.05) - 2024/04/28 16:59:59
Table 'NLHBlue10' 6-max Seat #4 is the button
Seat 1: 1faeaa9b ($2.44 in chips)
Seat 2: 253e4fd2 ($7.95 in chips)
Seat 3: 3399782d ($7.08 in chips)
Seat 4: abfd3936 ($5.09 in chips)
Seat 5: Hero ($6.28 in chips)
Seat 6: 96f489e2 ($5 in chips)
Hero: posts small blind $0.02
96f489e2: posts big blind $0.05
*** HOLE CARDS ***
Dealt to 1faeaa9b 
Dealt to 253e4fd2 
Dealt to 3399782d 
Dealt to abfd3936 
Dealt to Hero [9s 9c]
Dealt to 96f489e2 
1faeaa9b: folds
253e4fd2: folds
3399782d: raises $0.1 to $0.15
abfd3936: folds
Hero: raises $0.4 to $0.55
96f489e2: folds
3399782d: raises $0.64 to $1.19
Hero: folds
Uncalled bet ($0.64) returned to 3399782d
*** SHOWDOWN ***
3399782d collected $1.1 from pot
*** SUMMARY ***
Total pot $1.15 | Rake $0.05 | Jackpot $0 | Bingo $0 | Fortune $0 | Tax $0
Seat 1: 1faeaa9b folded before Flop (didn't bet)
Seat 2: 253e4fd2 folded before Flop (didn't bet)
Seat 3: 3399782d collected ($1.1)
Seat 4: abfd3936 (button) folded before Flop (didn't bet)
Seat 5: Hero (small blind) folded before Flop
Seat 6: 96f489e2 (big blind) folded before Flop


Poker Hand #HD1750219385: Hold'em No Limit ($0.02/$0.05) - 2024/04/28 16:59:27
Table 'NLHBlue10' 6-max Seat #3 is the button
Seat 1: 1faeaa9b ($2.49 in chips)
Seat 2: 253e4fd2 ($7.95 in chips)
Seat 3: 3399782d ($7.08 in chips)
Seat 4: abfd3936 ($5.11 in chips)
Seat 5: Hero ($6.21 in chips)
abfd3936: posts small blind $0.02
Hero: posts big blind $0.05
*** HOLE CARDS ***
Dealt to 1faeaa9b 
Dealt to 253e4fd2 
Dealt to 3399782d 
Dealt to abfd3936 
Dealt to Hero [7d Kh]
1faeaa9b: calls $0.05
253e4fd2: folds
3399782d: folds
abfd3936: folds
Hero: checks
*** FLOP *** [Kc 7c 8c]
Hero: bets $0.1
1faeaa9b: folds
Uncalled bet ($0.1) returned to Hero
*** SHOWDOWN ***
Hero collected $0.12 from pot
*** SUMMARY ***
Total pot $0.12 | Rake $0 | Jackpot $0 | Bingo $0 | Fortune $0 | Tax $0
Board [Kc 7c 8c]
Seat 1: 1faeaa9b folded on the Flop
Seat 2: 253e4fd2 folded before Flop (didn't bet)
Seat 3: 3399782d (button) folded before Flop (didn't bet)
Seat 4: abfd3936 (small blind) folded before Flop
Seat 5: Hero (big blind) won ($0.12)


Poker Hand #HD1750219286: Hold'em No Limit ($0.02/$0.05) - 2024/04/28 16:58:28
Table 'NLHBlue10' 6-max Seat #2 is the button
Seat 1: 1faeaa9b ($2.49 in chips)
Seat 2: 253e4fd2 ($7.95 in chips)
Seat 3: 3399782d ($7.1 in chips)
Seat 4: abfd3936 ($5 in chips)
Seat 5: Hero ($6.31 in chips)
3399782d: posts small blind $0.02
abfd3936: posts big blind $0.05
*** HOLE CARDS ***
Dealt to 1faeaa9b 
Dealt to 253e4fd2 
Dealt to 3399782d 
Dealt to abfd3936 
Dealt to Hero [Kd Ah]
Hero: raises $0.05 to $0.1
1faeaa9b: folds
253e4fd2: folds
3399782d: folds
abfd3936: calls $0.05
*** FLOP *** [9h 7h 9s]
abfd3936: checks
Hero: checks
*** TURN *** [9h 7h 9s] [Tc]
abfd3936: bets $0.11
Hero: folds
Uncalled bet ($0.11) returned to abfd3936
*** SHOWDOWN ***
abfd3936 collected $0.21 from pot
*** SUMMARY ***
Total pot $0.22 | Rake $0.01 | Jackpot $0 | Bingo $0 | Fortune $0 | Tax $0
Board [9h 7h 9s Tc]
Seat 1: 1faeaa9b folded before Flop (didn't bet)
Seat 2: 253e4fd2 (button) folded before Flop (didn't bet)
Seat 3: 3399782d (small blind) folded before Flop
Seat 4: abfd3936 (big blind) won ($0.21)
Seat 5: Hero folded on the Turn


Poker Hand #HD1750219151: Hold'em No Limit ($0.02/$0.05) - 2024/04/28 16:57:16
Table 'NLHBlue10' 6-max Seat #1 is the button
Seat 1: 1faeaa9b ($2.74 in chips)
Seat 2: 253e4fd2 ($7.97 in chips)
Seat 3: 3399782d ($7.2 in chips)
Seat 4: 6bbdb322 ($5 in chips)
Seat 5: Hero ($5.97 in chips)
253e4fd2: posts small blind $0.02
3399782d: posts big blind $0.05
*** HOLE CARDS ***
Dealt to 1faeaa9b 
Dealt to 253e4fd2 
Dealt to 3399782d 
Dealt to 6bbdb322 
Dealt to Hero [Tc Ac]
6bbdb322: folds
Hero: raises $0.05 to $0.1
1faeaa9b: calls $0.1
253e4fd2: folds
3399782d: calls $0.05
*** FLOP *** [Kc Th 2c]
3399782d: checks
Hero: bets $0.15
1faeaa9b: calls $0.15
3399782d: folds
*** TURN *** [Kc Th 2c] [Jc]
Hero: checks
1faeaa9b: checks
*** RIVER *** [Kc Th 2c Jc] [5d]
Hero: bets $0.51
1faeaa9b: folds
Uncalled bet ($0.51) returned to Hero
*** SHOWDOWN ***
Hero collected $0.59 from pot
*** SUMMARY ***
Total pot $0.62 | Rake $0.03 | Jackpot $0 | Bingo $0 | Fortune $0 | Tax $0
Board [Kc Th 2c Jc 5d]
Seat 1: 1faeaa9b (button) folded on the River
Seat 2: 253e4fd2 (small blind) folded before Flop
Seat 3: 3399782d (big blind) folded on the Flop
Seat 4: 6bbdb322 folded before Flop (didn't bet)
Seat 5: Hero won ($0.59)


Poker Hand #HD1750219034: Hold'em No Limit ($0.02/$0.05) - 2024/04/28 16:56:05
Table 'NLHBlue10' 6-max Seat #5 is the button
Seat 1: 1faeaa9b ($3.01 in chips)
Seat 2: 253e4fd2 ($8.02 in chips)
Seat 3: 3399782d ($7.2 in chips)
Seat 4: 6bbdb322 ($5 in chips)
Seat 5: Hero ($5.68 in chips)
1faeaa9b: posts small blind $0.02
253e4fd2: posts big blind $0.05
*** HOLE CARDS ***
Dealt to 1faeaa9b 
Dealt to 253e4fd2 
Dealt to 3399782d 
Dealt to 6bbdb322 
Dealt to Hero [As 2s]
3399782d: folds
6bbdb322: folds
Hero: raises $0.07 to $0.12
1faeaa9b: calls $0.1
253e4fd2: folds
*** FLOP *** [8d 5d Ah]
1faeaa9b: checks
Hero: bets $0.15
1faeaa9b: calls $0.15
*** TURN *** [8d 5d Ah] [4h]
1faeaa9b: checks
Hero: checks
*** RIVER *** [8d 5d Ah 4h] [7c]
1faeaa9b: checks
Hero: checks
1faeaa9b: shows [4d Jd] (Pair of Fours)
Hero: shows [As 2s] (Pair of Aces)
*** SHOWDOWN ***
Hero collected $0.56 from pot
*** SUMMARY ***
Total pot $0.59 | Rake $0.03 | Jackpot $0 | Bingo $0 | Fortune $0 | Tax $0
Board [8d 5d Ah 4h 7c]
Seat 1: 1faeaa9b (small blind) showed [4d Jd] and lost with Pair of Fours
Seat 2: 253e4fd2 (big blind) folded before Flop
Seat 3: 3399782d folded before Flop (didn't bet)
Seat 4: 6bbdb322 folded before Flop (didn't bet)
Seat 5: Hero (button) showed [As 2s] and won ($0.56) with Pair of Aces


Poker Hand #HD1750218973: Hold'em No Limit ($0.02/$0.05) - 2024/04/28 16:55:27
Table 'NLHBlue10' 6-max Seat #4 is the button
Seat 1: 1faeaa9b ($3.27 in chips)
Seat 2: 253e4fd2 ($8.02 in chips)
Seat 3: 3399782d ($6.94 in chips)
Seat 4: 6bbdb322 ($5 in chips)
Seat 5: Hero ($5.7 in chips)
Hero: posts small blind $0.02
1faeaa9b: posts big blind $0.05
*** HOLE CARDS ***
Dealt to 1faeaa9b 
Dealt to 253e4fd2 
Dealt to 3399782d 
Dealt to 6bbdb322 
Dealt to Hero [4d 2c]
253e4fd2: folds
3399782d: raises $0.1 to $0.15
6bbdb322: folds
Hero: folds
1faeaa9b: calls $0.1
*** FLOP *** [9h 8d 3h]
1faeaa9b: checks
3399782d: bets $0.11
1faeaa9b: calls $0.11
*** TURN *** [9h 8d 3h] [7h]
1faeaa9b: checks
3399782d: bets $0.3
1faeaa9b: folds
Uncalled bet ($0.3) returned to 3399782d
*** SHOWDOWN ***
3399782d collected $0.52 from pot
*** SUMMARY ***
Total pot $0.54 | Rake $0.02 | Jackpot $0 | Bingo $0 | Fortune $0 | Tax $0
Board [9h 8d 3h 7h]
Seat 1: 1faeaa9b (big blind) folded on the Turn
Seat 2: 253e4fd2 folded before Flop (didn't bet)
Seat 3: 3399782d won ($0.52)
Seat 4: 6bbdb322 (button) folded before Flop (didn't bet)
Seat 5: Hero (small blind) folded before Flop


Poker Hand #HD1750218883: Hold'em No Limit ($0.02/$0.05) - 2024/04/28 16:54:33
Table 'NLHBlue10' 6-max Seat #3 is the button
Seat 1: 1faeaa9b ($3.32 in chips)
Seat 2: 253e4fd2 ($8.02 in chips)
Seat 3: 3399782d ($5.8 in chips)
Seat 4: 6bbdb322 ($5 in chips)
Seat 5: Hero ($6.94 in chips)
Seat 6: 19319a80 ($5 in chips)
6bbdb322: posts small blind $0.02
Hero: posts big blind $0.05
*** HOLE CARDS ***
Dealt to 1faeaa9b 
Dealt to 253e4fd2 
Dealt to 3399782d 
Dealt to 6bbdb322 
Dealt to Hero [Jc Ah]
Dealt to 19319a80 
19319a80: folds
1faeaa9b: calls $0.05
253e4fd2: folds
3399782d: raises $0.19 to $0.24
6bbdb322: folds
Hero: raises $0.55 to $0.79
1faeaa9b: folds
3399782d: calls $0.55
*** FLOP *** [8s Qs Kd]
Hero: bets $0.45
3399782d: calls $0.45
*** TURN *** [8s Qs Kd] [6s]
Hero: checks
3399782d: bets $0.78
Hero: folds
Uncalled bet ($0.78) returned to 3399782d
*** SHOWDOWN ***
3399782d collected $2.38 from pot
*** SUMMARY ***
Total pot $2.55 | Rake $0.12 | Jackpot $0.05 | Bingo $0 | Fortune $0 | Tax $0
Board [8s Qs Kd 6s]
Seat 1: 1faeaa9b folded before Flop
Seat 2: 253e4fd2 folded before Flop (didn't bet)
Seat 3: 3399782d (button) won ($2.38)
Seat 4: 6bbdb322 (small blind) folded before Flop
Seat 5: Hero (big blind) folded on the Turn
Seat 6: 19319a80 folded before Flop (didn't bet)


Poker Hand #HD1750218817: Hold'em No Limit ($0.02/$0.05) - 2024/04/28 16:53:55
Table 'NLHBlue10' 6-max Seat #2 is the button
Seat 1: 1faeaa9b ($3.32 in chips)
Seat 2: 253e4fd2 ($8.02 in chips)
Seat 3: 3399782d ($5.66 in chips)
Seat 4: 6bbdb322 ($5.1 in chips)
Seat 5: Hero ($6.94 in chips)
Seat 6: 19319a80 ($5 in chips)
3399782d: posts small blind $0.02
6bbdb322: posts big blind $0.05
*** HOLE CARDS ***
Dealt to 1faeaa9b 
Dealt to 253e4fd2 
Dealt to 3399782d 
Dealt to 6bbdb322 
Dealt to Hero [8h Kc]
Dealt to 19319a80 
Hero: folds
19319a80: folds
1faeaa9b: folds
253e4fd2: folds
3399782d: raises $0.1 to $0.15
6bbdb322: calls $0.1
*** FLOP *** [6h 3d 8c]
3399782d: checks
6bbdb322: checks
*** TURN *** [6h 3d 8c] [Js]
3399782d: bets $0.2
6bbdb322: folds
Uncalled bet ($0.2) returned to 3399782d
*** SHOWDOWN ***
3399782d collected $0.29 from pot
*** SUMMARY ***
Total pot $0.3 | Rake $0.01 | Jackpot $0 | Bingo $0 | Fortune $0 | Tax $0
Board [6h 3d 8c Js]
Seat 1: 1faeaa9b folded before Flop (didn't bet)
Seat 2: 253e4fd2 (button) folded before Flop (didn't bet)
Seat 3: 3399782d (small blind) won ($0.29)
Seat 4: 6bbdb322 (big blind) folded on the Turn
Seat 5: Hero folded before Flop (didn't bet)
Seat 6: 19319a80 folded before Flop (didn't bet)


Poker Hand #HD1750218769: Hold'em No Limit ($0.02/$0.05) - 2024/04/28 16:53:29
Table 'NLHBlue10' 6-max Seat #1 is the button
Seat 1: 1faeaa9b ($3.52 in chips)
Seat 2: 253e4fd2 ($8.04 in chips)
Seat 3: 3399782d ($5.46 in chips)
Seat 4: 6bbdb322 ($5.1 in chips)
Seat 5: Hero ($6.94 in chips)
Seat 6: 19319a80 ($5 in chips)
253e4fd2: posts small blind $0.02
3399782d: posts big blind $0.05
*** HOLE CARDS ***
Dealt to 1faeaa9b 
Dealt to 253e4fd2 
Dealt to 3399782d 
Dealt to 6bbdb322 
Dealt to Hero [5c Qd]
Dealt to 19319a80 
6bbdb322: folds
Hero: folds
19319a80: folds
1faeaa9b: calls $0.05
253e4fd2: folds
3399782d: raises $0.15 to $0.2
1faeaa9b: calls $0.15
*** FLOP *** [2s 6h 3d]
3399782d: bets $0.28
1faeaa9b: folds
Uncalled bet ($0.28) returned to 3399782d
*** SHOWDOWN ***
3399782d collected $0.4 from pot
*** SUMMARY ***
Total pot $0.42 | Rake $0.02 | Jackpot $0 | Bingo $0 | Fortune $0 | Tax $0
Board [2s 6h 3d]
Seat 1: 1faeaa9b (button) folded on the Flop
Seat 2: 253e4fd2 (small blind) folded before Flop
Seat 3: 3399782d (big blind) won ($0.4)
Seat 4: 6bbdb322 folded before Flop (didn't bet)
Seat 5: Hero folded before Flop (didn't bet)
Seat 6: 19319a80 folded before Flop (didn't bet)


Poker Hand #HD1750218603: Hold'em No Limit ($0.02/$0.05) - 2024/04/28 16:51:52
Table 'NLHBlue10' 6-max Seat #6 is the button
Seat 1: 1faeaa9b ($3.54 in chips)
Seat 2: 253e4fd2 ($7.54 in chips)
Seat 3: 3399782d ($5.46 in chips)
Seat 4: 6bbdb322 ($5.1 in chips)
Seat 5: Hero ($6.94 in chips)
Seat 6: 19319a80 ($5.3 in chips)
1faeaa9b: posts small blind $0.02
253e4fd2: posts big blind $0.05
*** HOLE CARDS ***
Dealt to 1faeaa9b 
Dealt to 253e4fd2 
Dealt to 3399782d 
Dealt to 6bbdb322 
Dealt to Hero [4c Ad]
Dealt to 19319a80 
3399782d: folds
6bbdb322: folds
Hero: folds
19319a80: raises $0.08 to $0.13
1faeaa9b: folds
253e4fd2: calls $0.08
*** FLOP *** [3d 7s 6d]
253e4fd2: checks
19319a80: bets $0.1
253e4fd2: raises $0.3 to $0.4
19319a80: calls $0.3
*** TURN *** [3d 7s 6d] [5s]
253e4fd2: checks
19319a80: checks
*** RIVER *** [3d 7s 6d 5s] [Qc]
253e4fd2: bets $0.54
19319a80: folds
Uncalled bet ($0.54) returned to 253e4fd2
*** SHOWDOWN ***
253e4fd2 collected $1.03 from pot
*** SUMMARY ***
Total pot $1.08 | Rake $0.05 | Jackpot $0 | Bingo $0 | Fortune $0 | Tax $0
Board [3d 7s 6d 5s Qc]
Seat 1: 1faeaa9b (small blind) folded before Flop
Seat 2: 253e4fd2 (big blind) won ($1.03)
Seat 3: 3399782d folded before Flop (didn't bet)
Seat 4: 6bbdb322 folded before Flop (didn't bet)
Seat 5: Hero folded before Flop (didn't bet)
Seat 6: 19319a80 (button) folded on the River


Poker Hand #HD1750218564: Hold'em No Limit ($0.02/$0.05) - 2024/04/28 16:51:29
Table 'NLHBlue10' 6-max Seat #5 is the button
Seat 1: 1faeaa9b ($3.59 in chips)
Seat 2: 253e4fd2 ($7.54 in chips)
Seat 3: 3399782d ($5.39 in chips)
Seat 4: 6bbdb322 ($5.1 in chips)
Seat 5: Hero ($6.94 in chips)
Seat 6: 19319a80 ($5.32 in chips)
19319a80: posts small blind $0.02
1faeaa9b: posts big blind $0.05
*** HOLE CARDS ***
Dealt to 1faeaa9b 
Dealt to 253e4fd2 
Dealt to 3399782d 
Dealt to 6bbdb322 
Dealt to Hero [Kc Qs]
Dealt to 19319a80 
253e4fd2: folds
3399782d: raises $0.1 to $0.15
6bbdb322: folds
Hero: folds
19319a80: folds
1faeaa9b: folds
Uncalled bet ($0.1) returned to 3399782d
*** SHOWDOWN ***
3399782d collected $0.12 from pot
*** SUMMARY ***
Total pot $0.12 | Rake $0 | Jackpot $0 | Bingo $0 | Fortune $0 | Tax $0
Seat 1: 1faeaa9b (big blind) folded before Flop
Seat 2: 253e4fd2 folded before Flop (didn't bet)
Seat 3: 3399782d collected ($0.12)
Seat 4: 6bbdb322 folded before Flop (didn't bet)
Seat 5: Hero (button) folded before Flop (didn't bet)
Seat 6: 19319a80 (small blind) folded before Flop


Poker Hand #HD1750218507: Hold'em No Limit ($0.02/$0.05) - 2024/04/28 16:50:58
Table 'NLHBlue10' 6-max Seat #4 is the button
Seat 1: 1faeaa9b ($3.64 in chips)
Seat 2: 253e4fd2 ($7.54 in chips)
Seat 3: 3399782d ($5.39 in chips)
Seat 4: 6bbdb322 ($5.1 in chips)
Seat 5: Hero ($6.84 in chips)
Seat 6: 19319a80 ($5.37 in chips)
Hero: posts small blind $0.02
19319a80: posts big blind $0.05
*** HOLE CARDS ***
Dealt to 1faeaa9b 
Dealt to 253e4fd2 
Dealt to 3399782d 
Dealt to 6bbdb322 
Dealt to Hero [Ad Jc]
Dealt to 19319a80 
1faeaa9b: calls $0.05
253e4fd2: folds
3399782d: folds
6bbdb322: folds
Hero: raises $0.15 to $0.2
19319a80: folds
1faeaa9b: folds
Uncalled bet ($0.15) returned to Hero
*** SHOWDOWN ***
Hero collected $0.15 from pot
*** SUMMARY ***
Total pot $0.15 | Rake $0 | Jackpot $0 | Bingo $0 | Fortune $0 | Tax $0
Seat 1: 1faeaa9b folded before Flop
Seat 2: 253e4fd2 folded before Flop (didn't bet)
Seat 3: 3399782d folded before Flop (didn't bet)
Seat 4: 6bbdb322 (button) folded before Flop (didn't bet)
Seat 5: Hero (small blind) collected ($0.15)
Seat 6: 19319a80 (big blind) folded before Flop


Poker Hand #HD1750218469: Hold'em No Limit ($0.02/$0.05) - 2024/04/28 16:50:43
Table 'NLHBlue10' 6-max Seat #3 is the button
Seat 1: 1faeaa9b ($3.64 in chips)
Seat 2: 253e4fd2 ($7.54 in chips)
Seat 3: 3399782d ($5.32 in chips)
Seat 4: 6bbdb322 ($5.12 in chips)
Seat 5: Hero ($6.89 in chips)
Seat 6: 19319a80 ($5.37 in chips)
6bbdb322: posts small blind $0.02
Hero: posts big blind $0.05
*** HOLE CARDS ***
Dealt to 1faeaa9b 
Dealt to 253e4fd2 
Dealt to 3399782d 
Dealt to 6bbdb322 
Dealt to Hero [3d 2c]
Dealt to 19319a80 
19319a80: folds
1faeaa9b: folds
253e4fd2: folds
3399782d: raises $0.08 to $0.13
6bbdb322: folds
Hero: folds
Uncalled bet ($0.08) returned to 3399782d
*** SHOWDOWN ***
3399782d collected $0.12 from pot
*** SUMMARY ***
Total pot $0.12 | Rake $0 | Jackpot $0 | Bingo $0 | Fortune $0 | Tax $0
Seat 1: 1faeaa9b folded before Flop (didn't bet)
Seat 2: 253e4fd2 folded before Flop (didn't bet)
Seat 3: 3399782d (button) collected ($0.12)
Seat 4: 6bbdb322 (small blind) folded before Flop
Seat 5: Hero (big blind) folded before Flop
Seat 6: 19319a80 folded before Flop (didn't bet)


Poker Hand #HD1750218400: Hold'em No Limit ($0.02/$0.05) - 2024/04/28 16:49:58
Table 'NLHBlue10' 6-max Seat #2 is the button
Seat 1: 1faeaa9b ($3.69 in chips)
Seat 2: 253e4fd2 ($7.54 in chips)
Seat 3: 3399782d ($5.34 in chips)
Seat 4: 6bbdb322 ($5.05 in chips)
Seat 5: Hero ($6.89 in chips)
Seat 6: 19319a80 ($5.37 in chips)
3399782d: posts small blind $0.02
6bbdb322: posts big blind $0.05
*** HOLE CARDS ***
Dealt to 1faeaa9b 
Dealt to 253e4fd2 
Dealt to 3399782d 
Dealt to 6bbdb322 
Dealt to Hero [3s 2d]
Dealt to 19319a80 
Hero: folds
19319a80: folds
1faeaa9b: calls $0.05
253e4fd2: folds
3399782d: folds
6bbdb322: checks
*** FLOP *** [4d Ts 2s]
6bbdb322: checks
1faeaa9b: checks
*** TURN *** [4d Ts 2s] [Kc]
6bbdb322: checks
1faeaa9b: checks
*** RIVER *** [4d Ts 2s Kc] [Ac]
6bbdb322: checks
1faeaa9b: checks
6bbdb322: shows [8h Th] (Pair of Tens)
1faeaa9b: shows [9h Qs] (Ace-High)
*** SHOWDOWN ***
6bbdb322 collected $0.12 from pot
*** SUMMARY ***
Total pot $0.12 | Rake $0 | Jackpot $0 | Bingo $0 | Fortune $0 | Tax $0
Board [4d Ts 2s Kc Ac]
Seat 1: 1faeaa9b showed [9h Qs] and lost with Ace-High
Seat 2: 253e4fd2 (button) folded before Flop (didn't bet)
Seat 3: 3399782d (small blind) folded before Flop
Seat 4: 6bbdb322 (big blind) showed [8h Th] and won ($0.12) with Pair of Tens
Seat 5: Hero folded before Flop (didn't bet)
Seat 6: 19319a80 folded before Flop (didn't bet)


Poker Hand #HD1750218343: Hold'em No Limit ($0.02/$0.05) - 2024/04/28 16:49:16
Table 'NLHBlue10' 6-max Seat #1 is the button
Seat 1: 1faeaa9b ($3.74 in chips)
Seat 2: 253e4fd2 ($7.78 in chips)
Seat 3: 3399782d ($5.07 in chips)
Seat 4: 6bbdb322 ($5.05 in chips)
Seat 5: Hero ($6.89 in chips)
Seat 6: 19319a80 ($5.37 in chips)
253e4fd2: posts small blind $0.02
3399782d: posts big blind $0.05
*** HOLE CARDS ***
Dealt to 1faeaa9b 
Dealt to 253e4fd2 
Dealt to 3399782d 
Dealt to 6bbdb322 
Dealt to Hero [Jd 5d]
Dealt to 19319a80 
6bbdb322: folds
Hero: folds
19319a80: folds
1faeaa9b: calls $0.05
253e4fd2: raises $0.19 to $0.24
3399782d: raises $0.46 to $0.7
1faeaa9b: folds
253e4fd2: folds
Uncalled bet ($0.46) returned to 3399782d
*** SHOWDOWN ***
3399782d collected $0.51 from pot
*** SUMMARY ***
Total pot $0.53 | Rake $0.02 | Jackpot $0 | Bingo $0 | Fortune $0 | Tax $0
Seat 1: 1faeaa9b (button) folded before Flop
Seat 2: 253e4fd2 (small blind) folded before Flop
Seat 3: 3399782d (big blind) collected ($0.51)
Seat 4: 6bbdb322 folded before Flop (didn't bet)
Seat 5: Hero folded before Flop (didn't bet)
Seat 6: 19319a80 folded before Flop (didn't bet)


Poker Hand #HD1750218307: Hold'em No Limit ($0.02/$0.05) - 2024/04/28 16:49:01
Table 'NLHBlue10' 6-max Seat #6 is the button
Seat 1: 1faeaa9b ($3.76 in chips)
Seat 2: 253e4fd2 ($7.83 in chips)
Seat 3: 3399782d ($5 in chips)
Seat 4: 6bbdb322 ($5.05 in chips)
Seat 5: Hero ($6.89 in chips)
Seat 6: 19319a80 ($5.37 in chips)
1faeaa9b: posts small blind $0.02
253e4fd2: posts big blind $0.05
*** HOLE CARDS ***
Dealt to 1faeaa9b 
Dealt to 253e4fd2 
Dealt to 3399782d 
Dealt to 6bbdb322 
Dealt to Hero [6h 8d]
Dealt to 19319a80 
3399782d: raises $0.1 to $0.15
6bbdb322: folds
Hero: folds
19319a80: folds
1faeaa9b: folds
253e4fd2: folds
Uncalled bet ($0.1) returned to 3399782d
*** SHOWDOWN ***
3399782d collected $0.12 from pot
*** SUMMARY ***
Total pot $0.12 | Rake $0 | Jackpot $0 | Bingo $0 | Fortune $0 | Tax $0
Seat 1: 1faeaa9b (small blind) folded before Flop
Seat 2: 253e4fd2 (big blind) folded before Flop
Seat 3: 3399782d collected ($0.12)
Seat 4: 6bbdb322 folded before Flop (didn't bet)
Seat 5: Hero folded before Flop (didn't bet)
Seat 6: 19319a80 (button) folded before Flop (didn't bet)


Poker Hand #HD1750218109: Hold'em No Limit ($0.02/$0.05) - 2024/04/28 16:47:11
Table 'NLHBlue10' 6-max Seat #5 is the button
Seat 1: 1faeaa9b ($3.81 in chips)
Seat 2: 253e4fd2 ($7.83 in chips)
Seat 3: 3399782d ($5.26 in chips)
Seat 4: 6bbdb322 ($5.05 in chips)
Seat 5: Hero ($5 in chips)
Seat 6: 19319a80 ($5.39 in chips)
19319a80: posts small blind $0.02
1faeaa9b: posts big blind $0.05
*** HOLE CARDS ***
Dealt to 1faeaa9b 
Dealt to 253e4fd2 
Dealt to 3399782d 
Dealt to 6bbdb322 
Dealt to Hero [Kc Qs]
Dealt to 19319a80 
253e4fd2: folds
3399782d: raises $0.1 to $0.15
6bbdb322: folds
Hero: raises $0.3 to $0.45
19319a80: folds
1faeaa9b: folds
3399782d: calls $0.3
*** FLOP *** [7h 4h 5h]
3399782d: checks
Hero: checks
*** TURN *** [7h 4h 5h] [Kd]
3399782d: checks
Hero: bets $0.6
3399782d: calls $0.6
*** RIVER *** [7h 4h 5h Kd] [7d]
3399782d: checks
Hero: bets $1.02
3399782d: calls $1.02
Hero: shows [Kc Qs] (Pair of Kings and Pair of Sevens)
3399782d: shows [9h 9s] (Pair of Nines and Pair of Sevens)
*** SHOWDOWN ***
Hero collected $3.96 from pot
*** SUMMARY ***
Total pot $4.21 | Rake $0.2 | Jackpot $0.05 | Bingo $0 | Fortune $0 | Tax $0
Board [7h 4h 5h Kd 7d]
Seat 1: 1faeaa9b (big blind) folded before Flop
Seat 2: 253e4fd2 folded before Flop (didn't bet)
Seat 3: 3399782d showed [9h 9s] and lost with Pair of Nines and Pair of Sevens
Seat 4: 6bbdb322 folded before Flop (didn't bet)
Seat 5: Hero (button) showed [Kc Qs] and won ($3.96) with Pair of Kings and Pair of Sevens
Seat 6: 19319a80 (small blind) folded before Flop


Poker Hand #HD1750218045: Hold'em No Limit ($0.02/$0.05) - 2024/04/28 16:46:38
Table 'NLHBlue10' 6-max Seat #4 is the button
Seat 1: 1faeaa9b ($3.86 in chips)
Seat 2: 253e4fd2 ($7.83 in chips)
Seat 3: 3399782d ($5.26 in chips)
Seat 4: 6bbdb322 ($5.05 in chips)
Seat 5: Hero ($5 in chips)
Seat 6: 19319a80 ($5.32 in chips)
Hero: posts small blind $0.02
19319a80: posts big blind $0.05
*** HOLE CARDS ***
Dealt to 1faeaa9b 
Dealt to 253e4fd2 
Dealt to 3399782d 
Dealt to 6bbdb322 
Dealt to Hero [4d 2s]
Dealt to 19319a80 
1faeaa9b: calls $0.05
253e4fd2: folds
3399782d: folds
6bbdb322: folds
Hero: folds
19319a80: checks
*** FLOP *** [Qs Tc 5h]
19319a80: checks
1faeaa9b: checks
*** TURN *** [Qs Tc 5h] [8c]
19319a80: checks
1faeaa9b: checks
*** RIVER *** [Qs Tc 5h 8c] [Qd]
19319a80: checks
1faeaa9b: checks
19319a80: shows [Th 4s] (Pair of Queens and Pair of Tens)
1faeaa9b: shows [Jh Kd] (Pair of Queens)
*** SHOWDOWN ***
19319a80 collected $0.12 from pot
*** SUMMARY ***
Total pot $0.12 | Rake $0 | Jackpot $0 | Bingo $0 | Fortune $0 | Tax $0
Board [Qs Tc 5h 8c Qd]
Seat 1: 1faeaa9b showed [Jh Kd] and lost with Pair of Queens
Seat 2: 253e4fd2 folded before Flop (didn't bet)
Seat 3: 3399782d folded before Flop (didn't bet)
Seat 4: 6bbdb322 (button) folded before Flop (didn't bet)
Seat 5: Hero (small blind) folded before Flop
Seat 6: 19319a80 (big blind) showed [Th 4s] and won ($0.12) with Pair of Queens and Pair of Tens


Poker Hand #HD1750217934: Hold'em No Limit ($0.02/$0.05) - 2024/04/28 16:45:31
Table 'NLHBlue10' 6-max Seat #3 is the button
Seat 1: 1faeaa9b ($3.32 in chips)
Seat 2: 253e4fd2 ($7.83 in chips)
Seat 3: 3399782d ($5.78 in chips)
Seat 4: 6bbdb322 ($5.07 in chips)
Seat 5: Hero ($5 in chips)
Seat 6: 19319a80 ($5.32 in chips)
6bbdb322: posts small blind $0.02
Hero: posts big blind $0.05
*** HOLE CARDS ***
Dealt to 1faeaa9b 
Dealt to 253e4fd2 
Dealt to 3399782d 
Dealt to 6bbdb322 
Dealt to Hero [4c Qd]
Dealt to 19319a80 
19319a80: folds
1faeaa9b: calls $0.05
253e4fd2: folds
3399782d: raises $0.15 to $0.2
6bbdb322: folds
Hero: folds
1faeaa9b: calls $0.15
*** FLOP *** [Jd 3c 9d]
1faeaa9b: checks
3399782d: bets $0.32
1faeaa9b: calls $0.32
*** TURN *** [Jd 3c 9d] [2h]
1faeaa9b: checks
3399782d: checks
*** RIVER *** [Jd 3c 9d 2h] [Kc]
1faeaa9b: bets $1.11
3399782d: folds
Uncalled bet ($1.11) returned to 1faeaa9b
*** SHOWDOWN ***
1faeaa9b collected $1.06 from pot
*** SUMMARY ***
Total pot $1.11 | Rake $0.05 | Jackpot $0 | Bingo $0 | Fortune $0 | Tax $0
Board [Jd 3c 9d 2h Kc]
Seat 1: 1faeaa9b won ($1.06)
Seat 2: 253e4fd2 folded before Flop (didn't bet)
Seat 3: 3399782d (button) folded on the River
Seat 4: 6bbdb322 (small blind) folded before Flop
Seat 5: Hero (big blind) folded before Flop
Seat 6: 19319a80 folded before Flop (didn't bet)


