Poker Hand #HD1776413471: Hold'em No Limit ($0.05/$0.1) - 2024/05/17 14:06:43
Table 'NLHRed6' 6-max Seat #6 is the button
Seat 1: cfc39b32 ($10.05 in chips)
Seat 2: b7dd49a1 ($10 in chips)
Seat 3: Hero ($10 in chips)
Seat 4: 58f6fa97 ($2.79 in chips)
Seat 5: 4b9d0f05 ($8.96 in chips)
Seat 6: cea415be ($10.24 in chips)
cfc39b32: posts small blind $0.05
b7dd49a1: posts big blind $0.1
*** HOLE CARDS ***
Dealt to cfc39b32 
Dealt to b7dd49a1 
Dealt to Hero [4c As]
Dealt to 58f6fa97 
Dealt to 4b9d0f05 
Dealt to cea415be 
Hero: folds
58f6fa97: folds
4b9d0f05: raises $0.15 to $0.25
cea415be: raises $0.5 to $0.75
cfc39b32: folds
b7dd49a1: folds
4b9d0f05: folds
Uncalled bet ($0.5) returned to cea415be
*** SHOWDOWN ***
cea415be collected $0.62 from pot
*** SUMMARY ***
Total pot $0.65 | Rake $0.03 | Jackpot $0 | Bingo $0 | Fortune $0 | Tax $0
Seat 1: cfc39b32 (small blind) folded before Flop
Seat 2: b7dd49a1 (big blind) folded before Flop
Seat 3: Hero folded before Flop (didn't bet)
Seat 4: 58f6fa97 folded before Flop (didn't bet)
Seat 5: 4b9d0f05 folded before Flop
Seat 6: cea415be (button) collected ($0.62)


Poker Hand #HD1776413402: Hold'em No Limit ($0.05/$0.1) - 2024/05/17 14:05:54
Table 'NLHRed6' 6-max Seat #5 is the button
Seat 1: cfc39b32 ($10.15 in chips)
Seat 3: Hero ($10 in chips)
Seat 4: 58f6fa97 ($1.44 in chips)
Seat 5: 4b9d0f05 ($10.4 in chips)
Seat 6: cea415be ($10.29 in chips)
cea415be: posts small blind $0.05
cfc39b32: posts big blind $0.1
*** HOLE CARDS ***
Dealt to cfc39b32 
Dealt to Hero [3d Kc]
Dealt to 58f6fa97 
Dealt to 4b9d0f05 
Dealt to cea415be 
Hero: folds
58f6fa97: raises $0.1 to $0.2
4b9d0f05: raises $0.55 to $0.75
cea415be: folds
cfc39b32: folds
58f6fa97: calls $0.55
*** FLOP *** [6h 2d 5h]
58f6fa97: bets $0.69 and is all-in
4b9d0f05: calls $0.69
58f6fa97: shows [6s 9s] (Pair of Sixes)
4b9d0f05: shows [Jh As] (Ace-High)
*** TURN *** [6h 2d 5h] [7d]
*** RIVER *** [6h 2d 5h 7d] [Ks]
*** SHOWDOWN ***
58f6fa97 collected $2.79 from pot
*** SUMMARY ***
Total pot $3.03 | Rake $0.14 | Jackpot $0.1 | Bingo $0 | Fortune $0 | Tax $0
Board [6h 2d 5h 7d Ks]
Seat 1: cfc39b32 (big blind) folded before Flop
Seat 3: Hero folded before Flop (didn't bet)
Seat 4: 58f6fa97 showed [6s 9s] and won ($2.79) with Pair of Sixes
Seat 5: 4b9d0f05 (button) showed [Jh As] and lost with Ace-High
Seat 6: cea415be (small blind) folded before Flop


Poker Hand #HD1776413377: Hold'em No Limit ($0.05/$0.1) - 2024/05/17 14:05:35
Table 'NLHRed6' 6-max Seat #4 is the button
Seat 1: cfc39b32 ($10 in chips)
Seat 3: Hero ($10 in chips)
Seat 4: 58f6fa97 ($1.44 in chips)
Seat 5: 4b9d0f05 ($10.45 in chips)
Seat 6: cea415be ($10.39 in chips)
4b9d0f05: posts small blind $0.05
cea415be: posts big blind $0.1
*** HOLE CARDS ***
Dealt to cfc39b32 
Dealt to Hero [Jd Th]
Dealt to 58f6fa97 
Dealt to 4b9d0f05 
Dealt to cea415be 
cfc39b32: raises $0.15 to $0.25
Hero: folds
58f6fa97: folds
4b9d0f05: folds
cea415be: folds
Uncalled bet ($0.15) returned to cfc39b32
*** SHOWDOWN ***
cfc39b32 collected $0.25 from pot
*** SUMMARY ***
Total pot $0.25 | Rake $0 | Jackpot $0 | Bingo $0 | Fortune $0 | Tax $0
Seat 1: cfc39b32 collected ($0.25)
Seat 3: Hero folded before Flop (didn't bet)
Seat 4: 58f6fa97 (button) folded before Flop (didn't bet)
Seat 5: 4b9d0f05 (small blind) folded before Flop
Seat 6: cea415be (big blind) folded before Flop


Poker Hand #HD1776413332: Hold'em No Limit ($0.05/$0.1) - 2024/05/17 14:05:06
Table 'NLHRed6' 6-max Seat #3 is the button
Seat 1: cfc39b32 ($10 in chips)
Seat 3: Hero ($10 in chips)
Seat 4: 58f6fa97 ($1.07 in chips)
Seat 5: 4b9d0f05 ($10.55 in chips)
Seat 6: cea415be ($10.69 in chips)
58f6fa97: posts small blind $0.05
4b9d0f05: posts big blind $0.1
*** HOLE CARDS ***
Dealt to cfc39b32 
Dealt to Hero [Js 6d]
Dealt to 58f6fa97 
Dealt to 4b9d0f05 
Dealt to cea415be 
cea415be: calls $0.1
cfc39b32: folds
Hero: folds
58f6fa97: raises $0.2 to $0.3
4b9d0f05: folds
cea415be: calls $0.2
*** FLOP *** [Ad 3s Ks]
58f6fa97: bets $0.77 and is all-in
cea415be: folds
Uncalled bet ($0.77) returned to 58f6fa97
*** SHOWDOWN ***
58f6fa97 collected $0.67 from pot
*** SUMMARY ***
Total pot $0.7 | Rake $0.03 | Jackpot $0 | Bingo $0 | Fortune $0 | Tax $0
Board [Ad 3s Ks]
Seat 1: cfc39b32 folded before Flop (didn't bet)
Seat 3: Hero (button) folded before Flop (didn't bet)
Seat 4: 58f6fa97 (small blind) won ($0.67)
Seat 5: 4b9d0f05 (big blind) folded before Flop
Seat 6: cea415be folded on the Flop


Poker Hand #HD1776413272: Hold'em No Limit ($0.05/$0.1) - 2024/05/17 14:04:17
Table 'NLHRed6' 6-max Seat #1 is the button
Seat 1: cfc39b32 ($10 in chips)
Seat 3: Hero ($10 in chips)
Seat 4: 58f6fa97 ($2.44 in chips)
Seat 6: cea415be ($9.41 in chips)
Hero: posts small blind $0.05
58f6fa97: posts big blind $0.1
*** HOLE CARDS ***
Dealt to cfc39b32 
Dealt to Hero [Th 7c]
Dealt to 58f6fa97 
Dealt to cea415be 
cea415be: raises $0.15 to $0.25
cfc39b32: folds
Hero: folds
58f6fa97: calls $0.15
*** FLOP *** [Ad Js 8h]
58f6fa97: bets $0.28
cea415be: calls $0.28
*** TURN *** [Ad Js 8h] [2h]
58f6fa97: bets $0.84
cea415be: calls $0.84
*** RIVER *** [Ad Js 8h 2h] [Jh]
58f6fa97: checks
cea415be: checks
58f6fa97: shows [8c Ac] (Pair of Aces and Pair of Jacks)
cea415be: shows [As Kd] (Pair of Aces and Pair of Jacks)
*** SHOWDOWN ***
cea415be collected $2.65 from pot
*** SUMMARY ***
Total pot $2.79 | Rake $0.14 | Jackpot $0 | Bingo $0 | Fortune $0 | Tax $0
Board [Ad Js 8h 2h Jh]
Seat 1: cfc39b32 (button) folded before Flop (didn't bet)
Seat 3: Hero (small blind) folded before Flop
Seat 4: 58f6fa97 (big blind) showed [8c Ac] and lost with Pair of Aces and Pair of Jacks
Seat 6: cea415be showed [As Kd] and won ($2.65) with Pair of Aces and Pair of Jacks


Poker Hand #HD1776413243: Hold'em No Limit ($0.05/$0.1) - 2024/05/17 14:03:57
Table 'NLHRed6' 6-max Seat #6 is the button
Seat 1: cfc39b32 ($10 in chips)
Seat 3: Hero ($10 in chips)
Seat 4: 58f6fa97 ($2.29 in chips)
Seat 5: 4b9d0f05 ($10.55 in chips)
Seat 6: cea415be ($9.41 in chips)
cfc39b32: posts small blind $0.05
Hero: posts big blind $0.1
*** HOLE CARDS ***
Dealt to cfc39b32 
Dealt to Hero [Tc 8s]
Dealt to 58f6fa97 
Dealt to 4b9d0f05 
Dealt to cea415be 
58f6fa97: raises $0.1 to $0.2
4b9d0f05: folds
cea415be: folds
cfc39b32: folds
Hero: folds
Uncalled bet ($0.1) returned to 58f6fa97
*** SHOWDOWN ***
58f6fa97 collected $0.25 from pot
*** SUMMARY ***
Total pot $0.25 | Rake $0 | Jackpot $0 | Bingo $0 | Fortune $0 | Tax $0
Seat 1: cfc39b32 (small blind) folded before Flop
Seat 3: Hero (big blind) folded before Flop
Seat 4: 58f6fa97 collected ($0.25)
Seat 5: 4b9d0f05 folded before Flop (didn't bet)
Seat 6: cea415be (button) folded before Flop (didn't bet)


Poker Hand #HD1776413214: Hold'em No Limit ($0.05/$0.1) - 2024/05/17 14:03:35
Table 'NLHRed6' 6-max Seat #5 is the button
Seat 1: cfc39b32 ($10 in chips)
Seat 3: Hero ($10 in chips)
Seat 4: 58f6fa97 ($1.92 in chips)
Seat 5: 4b9d0f05 ($10.55 in chips)
Seat 6: cea415be ($9.71 in chips)
cea415be: posts small blind $0.05
cfc39b32: posts big blind $0.1
*** HOLE CARDS ***
Dealt to cfc39b32 
Dealt to Hero [5s Ks]
Dealt to 58f6fa97 
Dealt to 4b9d0f05 
Dealt to cea415be 
Hero: folds
58f6fa97: raises $0.2 to $0.3
4b9d0f05: folds
cea415be: calls $0.25
cfc39b32: folds
*** FLOP *** [Ts 3h Qs]
cea415be: checks
58f6fa97: bets $0.24
cea415be: folds
Uncalled bet ($0.24) returned to 58f6fa97
*** SHOWDOWN ***
58f6fa97 collected $0.67 from pot
*** SUMMARY ***
Total pot $0.7 | Rake $0.03 | Jackpot $0 | Bingo $0 | Fortune $0 | Tax $0
Board [Ts 3h Qs]
Seat 1: cfc39b32 (big blind) folded before Flop
Seat 3: Hero folded before Flop (didn't bet)
Seat 4: 58f6fa97 won ($0.67)
Seat 5: 4b9d0f05 (button) folded before Flop (didn't bet)
Seat 6: cea415be (small blind) folded on the Flop


Poker Hand #HD1776413169: Hold'em No Limit ($0.05/$0.1) - 2024/05/17 14:03:06
Table 'NLHRed6' 6-max Seat #4 is the button
Seat 3: Hero ($10 in chips)
Seat 4: 58f6fa97 ($1.69 in chips)
Seat 5: 4b9d0f05 ($10.6 in chips)
Seat 6: cea415be ($9.91 in chips)
4b9d0f05: posts small blind $0.05
cea415be: posts big blind $0.1
*** HOLE CARDS ***
Dealt to Hero [Kd 5h]
Dealt to 58f6fa97 
Dealt to 4b9d0f05 
Dealt to cea415be 
Hero: folds
58f6fa97: raises $0.1 to $0.2
4b9d0f05: folds
cea415be: calls $0.1
*** FLOP *** [3d Td 8c]
cea415be: checks
58f6fa97: bets $0.15
cea415be: folds
Uncalled bet ($0.15) returned to 58f6fa97
*** SHOWDOWN ***
58f6fa97 collected $0.43 from pot
*** SUMMARY ***
Total pot $0.45 | Rake $0.02 | Jackpot $0 | Bingo $0 | Fortune $0 | Tax $0
Board [3d Td 8c]
Seat 3: Hero folded before Flop (didn't bet)
Seat 4: 58f6fa97 (button) won ($0.43)
Seat 5: 4b9d0f05 (small blind) folded before Flop
Seat 6: cea415be (big blind) folded on the Flop


Poker Hand #HD1776413046: Hold'em No Limit ($0.05/$0.1) - 2024/05/17 14:01:32
Table 'NLHRed6' 6-max Seat #3 is the button
Seat 3: Hero ($10 in chips)
Seat 4: 58f6fa97 ($1.93 in chips)
Seat 5: 4b9d0f05 ($10.15 in chips)
Seat 6: cea415be ($9.91 in chips)
58f6fa97: posts small blind $0.05
4b9d0f05: posts big blind $0.1
*** HOLE CARDS ***
Dealt to Hero [7d Jd]
Dealt to 58f6fa97 
Dealt to 4b9d0f05 
Dealt to cea415be 
cea415be: folds
Hero: raises $0.14 to $0.24
58f6fa97: calls $0.19
4b9d0f05: calls $0.14
*** FLOP *** [4h 6d 4s]
58f6fa97: checks
4b9d0f05: checks
Hero: checks
*** TURN *** [4h 6d 4s] [9s]
58f6fa97: checks
4b9d0f05: checks
Hero: checks
*** RIVER *** [4h 6d 4s 9s] [2s]
58f6fa97: checks
4b9d0f05: checks
Hero: checks
58f6fa97: shows [8d Jc] (Pair of Fours)
4b9d0f05: shows [Qd 5c] (Pair of Fours)
Hero: shows [7d Jd] (Pair of Fours)
cea415be: shows [Qs 4c] (Three Fours)
*** SHOWDOWN ***
4b9d0f05 collected $0.69 from pot
*** SUMMARY ***
Total pot $0.72 | Rake $0.03 | Jackpot $0 | Bingo $0 | Fortune $0 | Tax $0
Board [4h 6d 4s 9s 2s]
Seat 3: Hero (button) showed [7d Jd] and lost with Pair of Fours
Seat 4: 58f6fa97 (small blind) showed [8d Jc] and lost with Pair of Fours
Seat 5: 4b9d0f05 (big blind) showed [Qd 5c] and won ($0.69) with Pair of Fours
Seat 6: cea415be folded before Flop (didn't bet)


Poker Hand #HD1776412981: Hold'em No Limit ($0.05/$0.1) - 2024/05/17 14:00:54
Table 'NLHRed6' 6-max Seat #6 is the button
Seat 3: Hero ($10.01 in chips)
Seat 4: 58f6fa97 ($2.37 in chips)
Seat 5: 4b9d0f05 ($9.7 in chips)
Seat 6: cea415be ($9.91 in chips)
Hero: posts small blind $0.05
58f6fa97: posts big blind $0.1
*** HOLE CARDS ***
Dealt to Hero [5s Ks]
Dealt to 58f6fa97 
Dealt to 4b9d0f05 
Dealt to cea415be 
4b9d0f05: raises $0.15 to $0.25
cea415be: folds
Hero: folds
58f6fa97: raises $0.19 to $0.44
4b9d0f05: calls $0.19
*** FLOP *** [Th Qh 3d]
58f6fa97: checks
4b9d0f05: bets $0.31
58f6fa97: folds
Uncalled bet ($0.31) returned to 4b9d0f05
*** SHOWDOWN ***
4b9d0f05 collected $0.89 from pot
*** SUMMARY ***
Total pot $0.93 | Rake $0.04 | Jackpot $0 | Bingo $0 | Fortune $0 | Tax $0
Board [Th Qh 3d]
Seat 3: Hero (small blind) folded before Flop
Seat 4: 58f6fa97 (big blind) folded on the Flop
Seat 5: 4b9d0f05 won ($0.89)
Seat 6: cea415be (button) folded before Flop (didn't bet)


Poker Hand #HD1776412942: Hold'em No Limit ($0.05/$0.1) - 2024/05/17 14:00:27
Table 'NLHRed6' 6-max Seat #5 is the button
Seat 3: Hero ($10.11 in chips)
Seat 4: 58f6fa97 ($2 in chips)
Seat 5: 4b9d0f05 ($9.7 in chips)
Seat 6: cea415be ($10.21 in chips)
cea415be: posts small blind $0.05
Hero: posts big blind $0.1
58f6fa97: posts big blind $0.1
*** HOLE CARDS ***
Dealt to Hero [4c 9c]
Dealt to 58f6fa97 
Dealt to 4b9d0f05 
Dealt to cea415be 
58f6fa97: raises $0.2 to $0.3
4b9d0f05: folds
cea415be: calls $0.25
Hero: folds
*** FLOP *** [7d Kc 2s]
cea415be: checks
58f6fa97: bets $0.24
cea415be: folds
Uncalled bet ($0.24) returned to 58f6fa97
*** SHOWDOWN ***
58f6fa97 collected $0.67 from pot
*** SUMMARY ***
Total pot $0.7 | Rake $0.03 | Jackpot $0 | Bingo $0 | Fortune $0 | Tax $0
Board [7d Kc 2s]
Seat 3: Hero (big blind) folded before Flop
Seat 4: 58f6fa97 won ($0.67)
Seat 5: 4b9d0f05 (button) folded before Flop (didn't bet)
Seat 6: cea415be (small blind) folded on the Flop


Poker Hand #HD1776412894: Hold'em No Limit ($0.05/$0.1) - 2024/05/17 13:59:56
Table 'NLHRed6' 6-max Seat #3 is the button
Seat 1: 129c1610 ($10.3 in chips)
Seat 3: Hero ($10.11 in chips)
Seat 5: 4b9d0f05 ($9.8 in chips)
Seat 6: cea415be ($10.11 in chips)
4b9d0f05: posts small blind $0.05
cea415be: posts big blind $0.1
*** HOLE CARDS ***
Dealt to 129c1610 
Dealt to Hero [2d 4c]
Dealt to 4b9d0f05 
Dealt to cea415be 
129c1610: folds
Hero: folds
4b9d0f05: calls $0.05
cea415be: raises $0.2 to $0.3
4b9d0f05: folds
Uncalled bet ($0.2) returned to cea415be
*** SHOWDOWN ***
cea415be collected $0.2 from pot
*** SUMMARY ***
Total pot $0.2 | Rake $0 | Jackpot $0 | Bingo $0 | Fortune $0 | Tax $0
Seat 1: 129c1610 folded before Flop (didn't bet)
Seat 3: Hero (button) folded before Flop (didn't bet)
Seat 5: 4b9d0f05 (small blind) folded before Flop
Seat 6: cea415be (big blind) collected ($0.2)


Poker Hand #HD1776412861: Hold'em No Limit ($0.05/$0.1) - 2024/05/17 13:59:37
Table 'NLHRed6' 6-max Seat #1 is the button
Seat 1: 129c1610 ($10.3 in chips)
Seat 3: Hero ($10.16 in chips)
Seat 5: 4b9d0f05 ($9.9 in chips)
Seat 6: cea415be ($9.96 in chips)
Hero: posts small blind $0.05
4b9d0f05: posts big blind $0.1
*** HOLE CARDS ***
Dealt to 129c1610 
Dealt to Hero [2s 3d]
Dealt to 4b9d0f05 
Dealt to cea415be 
cea415be: raises $0.15 to $0.25
129c1610: folds
Hero: folds
4b9d0f05: folds
Uncalled bet ($0.15) returned to cea415be
*** SHOWDOWN ***
cea415be collected $0.25 from pot
*** SUMMARY ***
Total pot $0.25 | Rake $0 | Jackpot $0 | Bingo $0 | Fortune $0 | Tax $0
Seat 1: 129c1610 (button) folded before Flop (didn't bet)
Seat 3: Hero (small blind) folded before Flop
Seat 5: 4b9d0f05 (big blind) folded before Flop
Seat 6: cea415be collected ($0.25)


Poker Hand #HD1776412822: Hold'em No Limit ($0.05/$0.1) - 2024/05/17 13:59:07
Table 'NLHRed6' 6-max Seat #6 is the button
Seat 1: 129c1610 ($10.35 in chips)
Seat 3: Hero ($10.26 in chips)
Seat 4: 906f4c87 ($17.84 in chips)
Seat 5: 4b9d0f05 ($10 in chips)
Seat 6: cea415be ($9.72 in chips)
129c1610: posts small blind $0.05
Hero: posts big blind $0.1
4b9d0f05: posts big blind $0.1
*** HOLE CARDS ***
Dealt to 129c1610 
Dealt to Hero [3h 9d]
Dealt to 906f4c87 
Dealt to 4b9d0f05 
Dealt to cea415be 
906f4c87: folds
4b9d0f05: checks
cea415be: raises $0.15 to $0.25
129c1610: folds
Hero: folds
4b9d0f05: folds
Uncalled bet ($0.15) returned to cea415be
*** SHOWDOWN ***
cea415be collected $0.34 from pot
*** SUMMARY ***
Total pot $0.35 | Rake $0.01 | Jackpot $0 | Bingo $0 | Fortune $0 | Tax $0
Seat 1: 129c1610 (small blind) folded before Flop
Seat 3: Hero (big blind) folded before Flop
Seat 4: 906f4c87 folded before Flop (didn't bet)
Seat 5: 4b9d0f05 folded before Flop
Seat 6: cea415be (button) collected ($0.34)


Poker Hand #HD1776412747: Hold'em No Limit ($0.05/$0.1) - 2024/05/17 13:58:11
Table 'NLHRed6' 6-max Seat #5 is the button
Seat 1: 129c1610 ($10.55 in chips)
Seat 3: Hero ($10.46 in chips)
Seat 4: 906f4c87 ($17.84 in chips)
Seat 5: 99812467 ($8.15 in chips)
Seat 6: cea415be ($9.35 in chips)
cea415be: posts small blind $0.05
129c1610: posts big blind $0.1
*** HOLE CARDS ***
Dealt to 129c1610 
Dealt to Hero [Ac 6c]
Dealt to 906f4c87 
Dealt to 99812467 
Dealt to cea415be 
Hero: raises $0.1 to $0.2
906f4c87: folds
99812467: folds
cea415be: calls $0.15
129c1610: calls $0.1
*** FLOP *** [4c 4d 7h]
cea415be: bets $0.3
129c1610: folds
Hero: folds
Uncalled bet ($0.3) returned to cea415be
*** SHOWDOWN ***
cea415be collected $0.57 from pot
*** SUMMARY ***
Total pot $0.6 | Rake $0.03 | Jackpot $0 | Bingo $0 | Fortune $0 | Tax $0
Board [4c 4d 7h]
Seat 1: 129c1610 (big blind) folded on the Flop
Seat 3: Hero folded on the Flop
Seat 4: 906f4c87 folded before Flop (didn't bet)
Seat 5: 99812467 (button) folded before Flop (didn't bet)
Seat 6: cea415be (small blind) won ($0.57)


Poker Hand #HD1776412723: Hold'em No Limit ($0.05/$0.1) - 2024/05/17 13:57:55
Table 'NLHRed6' 6-max Seat #4 is the button
Seat 1: 129c1610 ($10.55 in chips)
Seat 3: Hero ($10.46 in chips)
Seat 4: 906f4c87 ($17.84 in chips)
Seat 5: 99812467 ($8.2 in chips)
Seat 6: cea415be ($9.3 in chips)
99812467: posts small blind $0.05
cea415be: posts big blind $0.1
*** HOLE CARDS ***
Dealt to 129c1610 
Dealt to Hero [9h 5c]
Dealt to 906f4c87 
Dealt to 99812467 
Dealt to cea415be 
129c1610: folds
Hero: folds
906f4c87: folds
99812467: folds
Uncalled bet ($0.05) returned to cea415be
*** SHOWDOWN ***
cea415be collected $0.1 from pot
*** SUMMARY ***
Total pot $0.1 | Rake $0 | Jackpot $0 | Bingo $0 | Fortune $0 | Tax $0
Seat 1: 129c1610 folded before Flop (didn't bet)
Seat 3: Hero folded before Flop (didn't bet)
Seat 4: 906f4c87 (button) folded before Flop (didn't bet)
Seat 5: 99812467 (small blind) folded before Flop
Seat 6: cea415be (big blind) collected ($0.1)


Poker Hand #HD1776412696: Hold'em No Limit ($0.05/$0.1) - 2024/05/17 13:57:33
Table 'NLHRed6' 6-max Seat #3 is the button
Seat 1: 129c1610 ($10.55 in chips)
Seat 3: Hero ($10.46 in chips)
Seat 4: 906f4c87 ($17.74 in chips)
Seat 5: 99812467 ($8.3 in chips)
Seat 6: cea415be ($9.3 in chips)
906f4c87: posts small blind $0.05
99812467: posts big blind $0.1
*** HOLE CARDS ***
Dealt to 129c1610 
Dealt to Hero [3c 8c]
Dealt to 906f4c87 
Dealt to 99812467 
Dealt to cea415be 
cea415be: folds
129c1610: folds
Hero: folds
906f4c87: raises $0.2 to $0.3
99812467: folds
Uncalled bet ($0.2) returned to 906f4c87
*** SHOWDOWN ***
906f4c87 collected $0.2 from pot
*** SUMMARY ***
Total pot $0.2 | Rake $0 | Jackpot $0 | Bingo $0 | Fortune $0 | Tax $0
Seat 1: 129c1610 folded before Flop (didn't bet)
Seat 3: Hero (button) folded before Flop (didn't bet)
Seat 4: 906f4c87 (small blind) collected ($0.2)
Seat 5: 99812467 (big blind) folded before Flop
Seat 6: cea415be folded before Flop (didn't bet)


Poker Hand #HD1776412677: Hold'em No Limit ($0.05/$0.1) - 2024/05/17 13:57:21
Table 'NLHRed6' 6-max Seat #1 is the button
Seat 1: 129c1610 ($10.55 in chips)
Seat 3: Hero ($10.51 in chips)
Seat 4: 906f4c87 ($17.84 in chips)
Seat 6: cea415be ($9.15 in chips)
Hero: posts small blind $0.05
906f4c87: posts big blind $0.1
*** HOLE CARDS ***
Dealt to 129c1610 
Dealt to Hero [9h 3s]
Dealt to 906f4c87 
Dealt to cea415be 
cea415be: raises $0.15 to $0.25
129c1610: folds
Hero: folds
906f4c87: folds
Uncalled bet ($0.15) returned to cea415be
*** SHOWDOWN ***
cea415be collected $0.25 from pot
*** SUMMARY ***
Total pot $0.25 | Rake $0 | Jackpot $0 | Bingo $0 | Fortune $0 | Tax $0
Seat 1: 129c1610 (button) folded before Flop (didn't bet)
Seat 3: Hero (small blind) folded before Flop
Seat 4: 906f4c87 (big blind) folded before Flop
Seat 6: cea415be collected ($0.25)


Poker Hand #HD1776412645: Hold'em No Limit ($0.05/$0.1) - 2024/05/17 13:56:54
Table 'NLHRed6' 6-max Seat #6 is the button
Seat 1: 129c1610 ($10.6 in chips)
Seat 3: Hero ($10.61 in chips)
Seat 4: 906f4c87 ($17.84 in chips)
Seat 5: 99812467 ($8.3 in chips)
Seat 6: cea415be ($9 in chips)
129c1610: posts small blind $0.05
Hero: posts big blind $0.1
*** HOLE CARDS ***
Dealt to 129c1610 
Dealt to Hero [3h 5h]
Dealt to 906f4c87 
Dealt to 99812467 
Dealt to cea415be 
906f4c87: folds
99812467: folds
cea415be: raises $0.1 to $0.2
129c1610: folds
Hero: folds
Uncalled bet ($0.1) returned to cea415be
*** SHOWDOWN ***
cea415be collected $0.25 from pot
*** SUMMARY ***
Total pot $0.25 | Rake $0 | Jackpot $0 | Bingo $0 | Fortune $0 | Tax $0
Seat 1: 129c1610 (small blind) folded before Flop
Seat 3: Hero (big blind) folded before Flop
Seat 4: 906f4c87 folded before Flop (didn't bet)
Seat 5: 99812467 folded before Flop (didn't bet)
Seat 6: cea415be (button) collected ($0.25)


Poker Hand #HD1776412614: Hold'em No Limit ($0.05/$0.1) - 2024/05/17 13:56:37
Table 'NLHRed6' 6-max Seat #5 is the button
Seat 1: 129c1610 ($10.7 in chips)
Seat 3: Hero ($10.61 in chips)
Seat 4: 906f4c87 ($17.69 in chips)
Seat 5: 99812467 ($8.3 in chips)
Seat 6: cea415be ($9.05 in chips)
cea415be: posts small blind $0.05
129c1610: posts big blind $0.1
*** HOLE CARDS ***
Dealt to 129c1610 
Dealt to Hero [2d Jh]
Dealt to 906f4c87 
Dealt to 99812467 
Dealt to cea415be 
Hero: folds
906f4c87: raises $0.15 to $0.25
99812467: folds
cea415be: folds
129c1610: folds
Uncalled bet ($0.15) returned to 906f4c87
*** SHOWDOWN ***
906f4c87 collected $0.25 from pot
*** SUMMARY ***
Total pot $0.25 | Rake $0 | Jackpot $0 | Bingo $0 | Fortune $0 | Tax $0
Seat 1: 129c1610 (big blind) folded before Flop
Seat 3: Hero folded before Flop (didn't bet)
Seat 4: 906f4c87 collected ($0.25)
Seat 5: 99812467 (button) folded before Flop (didn't bet)
Seat 6: cea415be (small blind) folded before Flop


Poker Hand #HD1776412590: Hold'em No Limit ($0.05/$0.1) - 2024/05/17 13:56:21
Table 'NLHRed6' 6-max Seat #4 is the button
Seat 1: 129c1610 ($10.7 in chips)
Seat 3: Hero ($10.61 in chips)
Seat 4: 906f4c87 ($17.69 in chips)
Seat 5: 99812467 ($8.35 in chips)
Seat 6: cea415be ($9 in chips)
99812467: posts small blind $0.05
cea415be: posts big blind $0.1
*** HOLE CARDS ***
Dealt to 129c1610 
Dealt to Hero [8c 5c]
Dealt to 906f4c87 
Dealt to 99812467 
Dealt to cea415be 
129c1610: folds
Hero: folds
906f4c87: folds
99812467: folds
Uncalled bet ($0.05) returned to cea415be
*** SHOWDOWN ***
cea415be collected $0.1 from pot
*** SUMMARY ***
Total pot $0.1 | Rake $0 | Jackpot $0 | Bingo $0 | Fortune $0 | Tax $0
Seat 1: 129c1610 folded before Flop (didn't bet)
Seat 3: Hero folded before Flop (didn't bet)
Seat 4: 906f4c87 (button) folded before Flop (didn't bet)
Seat 5: 99812467 (small blind) folded before Flop
Seat 6: cea415be (big blind) collected ($0.1)


Poker Hand #HD1776412545: Hold'em No Limit ($0.05/$0.1) - 2024/05/17 13:55:51
Table 'NLHRed6' 6-max Seat #3 is the button
Seat 1: 129c1610 ($10.15 in chips)
Seat 3: Hero ($10.61 in chips)
Seat 4: 906f4c87 ($17.74 in chips)
Seat 5: 99812467 ($8.45 in chips)
Seat 6: cea415be ($9.45 in chips)
906f4c87: posts small blind $0.05
99812467: posts big blind $0.1
*** HOLE CARDS ***
Dealt to 129c1610 
Dealt to Hero [Jh Td]
Dealt to 906f4c87 
Dealt to 99812467 
Dealt to cea415be 
cea415be: calls $0.1
129c1610: raises $0.35 to $0.45
Hero: folds
906f4c87: folds
99812467: folds
cea415be: calls $0.35
*** FLOP *** [Kc 4d 3h]
cea415be: checks
129c1610: bets $0.58
cea415be: folds
Uncalled bet ($0.58) returned to 129c1610
*** SHOWDOWN ***
129c1610 collected $1 from pot
*** SUMMARY ***
Total pot $1.05 | Rake $0.05 | Jackpot $0 | Bingo $0 | Fortune $0 | Tax $0
Board [Kc 4d 3h]
Seat 1: 129c1610 won ($1)
Seat 3: Hero (button) folded before Flop (didn't bet)
Seat 4: 906f4c87 (small blind) folded before Flop
Seat 5: 99812467 (big blind) folded before Flop
Seat 6: cea415be folded on the Flop


Poker Hand #HD1776412501: Hold'em No Limit ($0.05/$0.1) - 2024/05/17 13:55:18
Table 'NLHRed6' 6-max Seat #1 is the button
Seat 1: 129c1610 ($10.15 in chips)
Seat 3: Hero ($10.15 in chips)
Seat 4: 906f4c87 ($17.84 in chips)
Seat 5: 99812467 ($8.45 in chips)
Seat 6: cea415be ($9.85 in chips)
Hero: posts small blind $0.05
906f4c87: posts big blind $0.1
*** HOLE CARDS ***
Dealt to 129c1610 
Dealt to Hero [Kh Ks]
Dealt to 906f4c87 
Dealt to 99812467 
Dealt to cea415be 
99812467: folds
cea415be: calls $0.1
129c1610: folds
Hero: raises $0.3 to $0.4
906f4c87: folds
cea415be: calls $0.3
*** FLOP *** [9d Qh 9c]
Hero: bets $0.4
cea415be: folds
Uncalled bet ($0.4) returned to Hero
*** SHOWDOWN ***
Hero collected $0.86 from pot
*** SUMMARY ***
Total pot $0.9 | Rake $0.04 | Jackpot $0 | Bingo $0 | Fortune $0 | Tax $0
Board [9d Qh 9c]
Seat 1: 129c1610 (button) folded before Flop (didn't bet)
Seat 3: Hero (small blind) won ($0.86)
Seat 4: 906f4c87 (big blind) folded before Flop
Seat 5: 99812467 folded before Flop (didn't bet)
Seat 6: cea415be folded on the Flop


Poker Hand #HD1776412473: Hold'em No Limit ($0.05/$0.1) - 2024/05/17 13:55:00
Table 'NLHRed6' 6-max Seat #6 is the button
Seat 1: 129c1610 ($10.05 in chips)
Seat 3: Hero ($10.25 in chips)
Seat 4: 906f4c87 ($17.84 in chips)
Seat 5: 99812467 ($8.45 in chips)
Seat 6: cea415be ($9.85 in chips)
129c1610: posts small blind $0.05
Hero: posts big blind $0.1
*** HOLE CARDS ***
Dealt to 129c1610 
Dealt to Hero [8s 5c]
Dealt to 906f4c87 
Dealt to 99812467 
Dealt to cea415be 
906f4c87: folds
99812467: folds
cea415be: folds
129c1610: raises $0.2 to $0.3
Hero: folds
Uncalled bet ($0.2) returned to 129c1610
*** SHOWDOWN ***
129c1610 collected $0.2 from pot
*** SUMMARY ***
Total pot $0.2 | Rake $0 | Jackpot $0 | Bingo $0 | Fortune $0 | Tax $0
Seat 1: 129c1610 (small blind) collected ($0.2)
Seat 3: Hero (big blind) folded before Flop
Seat 4: 906f4c87 folded before Flop (didn't bet)
Seat 5: 99812467 folded before Flop (didn't bet)
Seat 6: cea415be (button) folded before Flop (didn't bet)


Poker Hand #HD1776412439: Hold'em No Limit ($0.05/$0.1) - 2024/05/17 13:54:34
Table 'NLHRed6' 6-max Seat #5 is the button
Seat 1: 129c1610 ($10 in chips)
Seat 3: Hero ($10.25 in chips)
Seat 4: 906f4c87 ($17.84 in chips)
Seat 5: 99812467 ($8.45 in chips)
Seat 6: cea415be ($9.9 in chips)
cea415be: posts small blind $0.05
129c1610: posts big blind $0.1
*** HOLE CARDS ***
Dealt to 129c1610 
Dealt to Hero [7s 4h]
Dealt to 906f4c87 
Dealt to 99812467 
Dealt to cea415be 
Hero: folds
906f4c87: folds
99812467: folds
cea415be: folds
Uncalled bet ($0.05) returned to 129c1610
*** SHOWDOWN ***
129c1610 collected $0.1 from pot
*** SUMMARY ***
Total pot $0.1 | Rake $0 | Jackpot $0 | Bingo $0 | Fortune $0 | Tax $0
Seat 1: 129c1610 (big blind) collected ($0.1)
Seat 3: Hero folded before Flop (didn't bet)
Seat 4: 906f4c87 folded before Flop (didn't bet)
Seat 5: 99812467 (button) folded before Flop (didn't bet)
Seat 6: cea415be (small blind) folded before Flop


Poker Hand #HD1776412384: Hold'em No Limit ($0.05/$0.1) - 2024/05/17 13:53:56
Table 'NLHRed6' 6-max Seat #4 is the button
Seat 3: Hero ($10.25 in chips)
Seat 4: 906f4c87 ($17.52 in chips)
Seat 5: 99812467 ($8.7 in chips)
Seat 6: cea415be ($10 in chips)
99812467: posts small blind $0.05
cea415be: posts big blind $0.1
*** HOLE CARDS ***
Dealt to Hero [Kd 5d]
Dealt to 906f4c87 
Dealt to 99812467 
Dealt to cea415be 
Hero: folds
906f4c87: raises $0.15 to $0.25
99812467: calls $0.2
cea415be: folds
*** FLOP *** [8c Ah 7s]
99812467: checks
906f4c87: bets $0.2
99812467: folds
Uncalled bet ($0.2) returned to 906f4c87
*** SHOWDOWN ***
906f4c87 collected $0.57 from pot
*** SUMMARY ***
Total pot $0.6 | Rake $0.03 | Jackpot $0 | Bingo $0 | Fortune $0 | Tax $0
Board [8c Ah 7s]
Seat 3: Hero folded before Flop (didn't bet)
Seat 4: 906f4c87 (button) won ($0.57)
Seat 5: 99812467 (small blind) folded on the Flop
Seat 6: cea415be (big blind) folded before Flop


Poker Hand #HD1776412368: Hold'em No Limit ($0.05/$0.1) - 2024/05/17 13:53:44
Table 'NLHRed6' 6-max Seat #3 is the button
Seat 3: Hero ($10.1 in chips)
Seat 4: 906f4c87 ($17.57 in chips)
Seat 5: 99812467 ($8.8 in chips)
906f4c87: posts small blind $0.05
99812467: posts big blind $0.1
*** HOLE CARDS ***
Dealt to Hero [3d As]
Dealt to 906f4c87 
Dealt to 99812467 
Hero: raises $0.14 to $0.24
906f4c87: folds
99812467: folds
Uncalled bet ($0.14) returned to Hero
*** SHOWDOWN ***
Hero collected $0.25 from pot
*** SUMMARY ***
Total pot $0.25 | Rake $0 | Jackpot $0 | Bingo $0 | Fortune $0 | Tax $0
Seat 3: Hero (button) collected ($0.25)
Seat 4: 906f4c87 (small blind) folded before Flop
Seat 5: 99812467 (big blind) folded before Flop


Poker Hand #HD1776412313: Hold'em No Limit ($0.05/$0.1) - 2024/05/17 13:53:10
Table 'NLHRed6' 6-max Seat #6 is the button
Seat 3: Hero ($10 in chips)
Seat 4: 906f4c87 ($17.67 in chips)
Seat 5: 99812467 ($8.8 in chips)
Seat 6: b8dcb377 ($10.1 in chips)
Hero: posts small blind $0.05
906f4c87: posts big blind $0.1
*** HOLE CARDS ***
Dealt to Hero [8h 8c]
Dealt to 906f4c87 
Dealt to 99812467 
Dealt to b8dcb377 
99812467: folds
b8dcb377: folds
Hero: raises $0.2 to $0.3
906f4c87: folds
Uncalled bet ($0.2) returned to Hero
*** SHOWDOWN ***
Hero collected $0.2 from pot
*** SUMMARY ***
Total pot $0.2 | Rake $0 | Jackpot $0 | Bingo $0 | Fortune $0 | Tax $0
Seat 3: Hero (small blind) collected ($0.2)
Seat 4: 906f4c87 (big blind) folded before Flop
Seat 5: 99812467 folded before Flop (didn't bet)
Seat 6: b8dcb377 (button) folded before Flop (didn't bet)


Poker Hand #HD1776412288: Hold'em No Limit ($0.05/$0.1) - 2024/05/17 13:52:58
Table 'NLHRed6' 6-max Seat #5 is the button
Seat 3: Hero ($10 in chips)
Seat 4: 906f4c87 ($17.67 in chips)
Seat 5: 99812467 ($8.8 in chips)
Seat 6: b8dcb377 ($10 in chips)
b8dcb377: posts small blind $0.05
Hero: posts big blind $0.1
*** HOLE CARDS ***
Dealt to Hero [Tc 6s]
Dealt to 906f4c87 
Dealt to 99812467 
Dealt to b8dcb377 
906f4c87: folds
99812467: folds
b8dcb377: raises $0.16 to $0.26
Hero: folds
Uncalled bet ($0.16) returned to b8dcb377
*** SHOWDOWN ***
b8dcb377 collected $0.2 from pot
*** SUMMARY ***
Total pot $0.2 | Rake $0 | Jackpot $0 | Bingo $0 | Fortune $0 | Tax $0
Seat 3: Hero (big blind) folded before Flop
Seat 4: 906f4c87 folded before Flop (didn't bet)
Seat 5: 99812467 (button) folded before Flop (didn't bet)
Seat 6: b8dcb377 (small blind) collected ($0.2)


