Poker Hand #HD1789192343: Hold'em No Limit ($0.05/$0.1) - 2024/05/27 01:44:25
Table 'NLHRed49' 6-max Seat #6 is the button
Seat 1: 1fe61c30 ($12.94 in chips)
Seat 2: 4913fbb7 ($10 in chips)
Seat 3: Hero ($14.3 in chips)
Seat 4: 48af8518 ($10 in chips)
Seat 5: 270ffa60 ($9.85 in chips)
Seat 6: cd0f3316 ($9.97 in chips)
1fe61c30: posts small blind $0.05
4913fbb7: posts big blind $0.1
*** HOLE CARDS ***
Dealt to 1fe61c30 
Dealt to 4913fbb7 
Dealt to Hero [Qd 2h]
Dealt to 48af8518 
Dealt to 270ffa60 
Dealt to cd0f3316 
Hero: folds
48af8518: folds
270ffa60: folds
cd0f3316: raises $0.15 to $0.25
1fe61c30: raises $0.75 to $1
4913fbb7: folds
cd0f3316: calls $0.75
*** FLOP *** [5c Ts 3s]
1fe61c30: bets $0.95
cd0f3316: calls $0.95
*** TURN *** [5c Ts 3s] [Qh]
1fe61c30: bets $2.95
cd0f3316: folds
Uncalled bet ($2.95) returned to 1fe61c30
*** SHOWDOWN ***
1fe61c30 collected $3.71 from pot
*** SUMMARY ***
Total pot $4 | Rake $0.19 | Jackpot $0.1 | Bingo $0 | Fortune $0 | Tax $0
Board [5c Ts 3s Qh]
Seat 1: 1fe61c30 (small blind) won ($3.71)
Seat 2: 4913fbb7 (big blind) folded before Flop
Seat 3: Hero folded before Flop (didn't bet)
Seat 4: 48af8518 folded before Flop (didn't bet)
Seat 5: 270ffa60 folded before Flop (didn't bet)
Seat 6: cd0f3316 (button) folded on the Turn


Poker Hand #HD1789192324: Hold'em No Limit ($0.05/$0.1) - 2024/05/27 01:44:13
Table 'NLHRed49' 6-max Seat #5 is the button
Seat 1: 1fe61c30 ($13.04 in chips)
Seat 3: Hero ($14.15 in chips)
Seat 4: 48af8518 ($10 in chips)
Seat 5: 270ffa60 ($9.85 in chips)
Seat 6: cd0f3316 ($10.02 in chips)
cd0f3316: posts small blind $0.05
1fe61c30: posts big blind $0.1
*** HOLE CARDS ***
Dealt to 1fe61c30 
Dealt to Hero [7c 7s]
Dealt to 48af8518 
Dealt to 270ffa60 
Dealt to cd0f3316 
Hero: raises $0.1 to $0.2
48af8518: folds
270ffa60: folds
cd0f3316: folds
1fe61c30: folds
Uncalled bet ($0.1) returned to Hero
*** SHOWDOWN ***
Hero collected $0.25 from pot
*** SUMMARY ***
Total pot $0.25 | Rake $0 | Jackpot $0 | Bingo $0 | Fortune $0 | Tax $0
Seat 1: 1fe61c30 (big blind) folded before Flop
Seat 3: Hero collected ($0.25)
Seat 4: 48af8518 folded before Flop (didn't bet)
Seat 5: 270ffa60 (button) folded before Flop (didn't bet)
Seat 6: cd0f3316 (small blind) folded before Flop


Poker Hand #HD1789192286: Hold'em No Limit ($0.05/$0.1) - 2024/05/27 01:43:56
Table 'NLHRed49' 6-max Seat #4 is the button
Seat 1: 1fe61c30 ($13.04 in chips)
Seat 3: Hero ($14 in chips)
Seat 4: 48af8518 ($10 in chips)
Seat 5: 270ffa60 ($9.9 in chips)
Seat 6: cd0f3316 ($10.12 in chips)
270ffa60: posts small blind $0.05
cd0f3316: posts big blind $0.1
*** HOLE CARDS ***
Dealt to 1fe61c30 
Dealt to Hero [5d 6d]
Dealt to 48af8518 
Dealt to 270ffa60 
Dealt to cd0f3316 
1fe61c30: folds
Hero: raises $0.14 to $0.24
48af8518: folds
270ffa60: folds
cd0f3316: folds
Uncalled bet ($0.14) returned to Hero
*** SHOWDOWN ***
Hero collected $0.25 from pot
*** SUMMARY ***
Total pot $0.25 | Rake $0 | Jackpot $0 | Bingo $0 | Fortune $0 | Tax $0
Seat 1: 1fe61c30 folded before Flop (didn't bet)
Seat 3: Hero collected ($0.25)
Seat 4: 48af8518 (button) folded before Flop (didn't bet)
Seat 5: 270ffa60 (small blind) folded before Flop
Seat 6: cd0f3316 (big blind) folded before Flop


Poker Hand #HD1789192168: Hold'em No Limit ($0.05/$0.1) - 2024/05/27 01:42:56
Table 'NLHRed49' 6-max Seat #3 is the button
Seat 1: 1fe61c30 ($12 in chips)
Seat 3: Hero ($14 in chips)
Seat 4: 48af8518 ($10.87 in chips)
Seat 5: 270ffa60 ($10 in chips)
Seat 6: cd0f3316 ($10.12 in chips)
48af8518: posts small blind $0.05
270ffa60: posts big blind $0.1
*** HOLE CARDS ***
Dealt to 1fe61c30 
Dealt to Hero [Tc 4s]
Dealt to 48af8518 
Dealt to 270ffa60 
Dealt to cd0f3316 
cd0f3316: folds
1fe61c30: raises $0.15 to $0.25
Hero: folds
48af8518: raises $0.8 to $1.05
270ffa60: folds
1fe61c30: raises $1.4 to $2.45
48af8518: folds
Uncalled bet ($1.4) returned to 1fe61c30
*** SHOWDOWN ***
1fe61c30 collected $2.09 from pot
*** SUMMARY ***
Total pot $2.2 | Rake $0.11 | Jackpot $0 | Bingo $0 | Fortune $0 | Tax $0
Seat 1: 1fe61c30 collected ($2.09)
Seat 3: Hero (button) folded before Flop (didn't bet)
Seat 4: 48af8518 (small blind) folded before Flop
Seat 5: 270ffa60 (big blind) folded before Flop
Seat 6: cd0f3316 folded before Flop (didn't bet)


Poker Hand #HD1789192009: Hold'em No Limit ($0.05/$0.1) - 2024/05/27 01:41:36
Table 'NLHRed49' 6-max Seat #1 is the button
Seat 1: 1fe61c30 ($14.85 in chips)
Seat 3: Hero ($11.43 in chips)
Seat 4: 48af8518 ($10.97 in chips)
Seat 6: cd0f3316 ($10.12 in chips)
Hero: posts small blind $0.05
48af8518: posts big blind $0.1
*** HOLE CARDS ***
Dealt to 1fe61c30 
Dealt to Hero [Qs Qd]
Dealt to 48af8518 
Dealt to cd0f3316 
cd0f3316: folds
1fe61c30: raises $0.15 to $0.25
Hero: raises $0.85 to $1.1
48af8518: folds
1fe61c30: calls $0.85
*** FLOP *** [3c Qh 7s]
Hero: checks
1fe61c30: checks
*** TURN *** [3c Qh 7s] [4h]
Hero: checks
1fe61c30: bets $1.75
Hero: calls $1.75
*** RIVER *** [3c Qh 7s 4h] [3h]
Hero: checks
1fe61c30: checks
Hero: shows [Qs Qd] (Queens Full over Treys)
1fe61c30: shows [8c 9c] (Pair of Treys)
*** SHOWDOWN ***
Hero collected $5.42 from pot
*** SUMMARY ***
Total pot $5.8 | Rake $0.28 | Jackpot $0.1 | Bingo $0 | Fortune $0 | Tax $0
Board [3c Qh 7s 4h 3h]
Seat 1: 1fe61c30 (button) showed [8c 9c] and lost with Pair of Treys
Seat 3: Hero (small blind) showed [Qs Qd] and won ($5.42) with Queens Full over Treys
Seat 4: 48af8518 (big blind) folded before Flop
Seat 6: cd0f3316 folded before Flop (didn't bet)


Poker Hand #HD1789191977: Hold'em No Limit ($0.05/$0.1) - 2024/05/27 01:41:21
Table 'NLHRed49' 6-max Seat #6 is the button
Seat 1: 1fe61c30 ($14.9 in chips)
Seat 3: Hero ($11.38 in chips)
Seat 4: 48af8518 ($10.97 in chips)
Seat 6: cd0f3316 ($10.12 in chips)
1fe61c30: posts small blind $0.05
Hero: posts big blind $0.1
*** HOLE CARDS ***
Dealt to 1fe61c30 
Dealt to Hero [Ah 9h]
Dealt to 48af8518 
Dealt to cd0f3316 
48af8518: folds
cd0f3316: folds
1fe61c30: folds
Uncalled bet ($0.05) returned to Hero
*** SHOWDOWN ***
Hero collected $0.1 from pot
*** SUMMARY ***
Total pot $0.1 | Rake $0 | Jackpot $0 | Bingo $0 | Fortune $0 | Tax $0
Seat 1: 1fe61c30 (small blind) folded before Flop
Seat 3: Hero (big blind) collected ($0.1)
Seat 4: 48af8518 folded before Flop (didn't bet)
Seat 6: cd0f3316 (button) folded before Flop (didn't bet)


Poker Hand #HD1789191958: Hold'em No Limit ($0.05/$0.1) - 2024/05/27 01:41:11
Table 'NLHRed49' 6-max Seat #4 is the button
Seat 1: 1fe61c30 ($14.85 in chips)
Seat 2: ee635f33 ($24.44 in chips)
Seat 3: Hero ($11.38 in chips)
Seat 4: 48af8518 ($10.97 in chips)
Seat 6: cd0f3316 ($10.17 in chips)
cd0f3316: posts small blind $0.05
1fe61c30: posts big blind $0.1
*** HOLE CARDS ***
Dealt to 1fe61c30 
Dealt to ee635f33 
Dealt to Hero [3c Js]
Dealt to 48af8518 
Dealt to cd0f3316 
ee635f33: folds
Hero: folds
48af8518: folds
cd0f3316: folds
Uncalled bet ($0.05) returned to 1fe61c30
*** SHOWDOWN ***
1fe61c30 collected $0.1 from pot
*** SUMMARY ***
Total pot $0.1 | Rake $0 | Jackpot $0 | Bingo $0 | Fortune $0 | Tax $0
Seat 1: 1fe61c30 (big blind) collected ($0.1)
Seat 2: ee635f33 folded before Flop (didn't bet)
Seat 3: Hero folded before Flop (didn't bet)
Seat 4: 48af8518 (button) folded before Flop (didn't bet)
Seat 6: cd0f3316 (small blind) folded before Flop


Poker Hand #HD1789191942: Hold'em No Limit ($0.05/$0.1) - 2024/05/27 01:41:01
Table 'NLHRed49' 6-max Seat #3 is the button
Seat 1: 1fe61c30 ($14.7 in chips)
Seat 2: ee635f33 ($24.44 in chips)
Seat 3: Hero ($11.38 in chips)
Seat 4: 48af8518 ($11.02 in chips)
Seat 6: cd0f3316 ($10.27 in chips)
48af8518: posts small blind $0.05
cd0f3316: posts big blind $0.1
*** HOLE CARDS ***
Dealt to 1fe61c30 
Dealt to ee635f33 
Dealt to Hero [7h 6s]
Dealt to 48af8518 
Dealt to cd0f3316 
1fe61c30: raises $0.15 to $0.25
ee635f33: folds
Hero: folds
48af8518: folds
cd0f3316: folds
Uncalled bet ($0.15) returned to 1fe61c30
*** SHOWDOWN ***
1fe61c30 collected $0.25 from pot
*** SUMMARY ***
Total pot $0.25 | Rake $0 | Jackpot $0 | Bingo $0 | Fortune $0 | Tax $0
Seat 1: 1fe61c30 collected ($0.25)
Seat 2: ee635f33 folded before Flop (didn't bet)
Seat 3: Hero (button) folded before Flop (didn't bet)
Seat 4: 48af8518 (small blind) folded before Flop
Seat 6: cd0f3316 (big blind) folded before Flop


Poker Hand #HD1789191850: Hold'em No Limit ($0.05/$0.1) - 2024/05/27 01:40:12
Table 'NLHRed49' 6-max Seat #2 is the button
Seat 1: 1fe61c30 ($15.7 in chips)
Seat 2: ee635f33 ($24.44 in chips)
Seat 3: Hero ($11.43 in chips)
Seat 4: 48af8518 ($10.07 in chips)
Seat 5: e433b8d9 ($8.24 in chips)
Seat 6: cd0f3316 ($10.27 in chips)
Hero: posts small blind $0.05
48af8518: posts big blind $0.1
*** HOLE CARDS ***
Dealt to 1fe61c30 
Dealt to ee635f33 
Dealt to Hero [3c 7h]
Dealt to 48af8518 
Dealt to e433b8d9 
Dealt to cd0f3316 
e433b8d9: folds
cd0f3316: folds
1fe61c30: raises $0.15 to $0.25
ee635f33: folds
Hero: folds
48af8518: raises $0.75 to $1
1fe61c30: calls $0.75
*** FLOP *** [4c Kd As]
48af8518: bets $1.54
1fe61c30: folds
Uncalled bet ($1.54) returned to 48af8518
*** SHOWDOWN ***
48af8518 collected $1.95 from pot
*** SUMMARY ***
Total pot $2.05 | Rake $0.1 | Jackpot $0 | Bingo $0 | Fortune $0 | Tax $0
Board [4c Kd As]
Seat 1: 1fe61c30 folded on the Flop
Seat 2: ee635f33 (button) folded before Flop (didn't bet)
Seat 3: Hero (small blind) folded before Flop
Seat 4: 48af8518 (big blind) won ($1.95)
Seat 5: e433b8d9 folded before Flop (didn't bet)
Seat 6: cd0f3316 folded before Flop (didn't bet)


Poker Hand #HD1789191831: Hold'em No Limit ($0.05/$0.1) - 2024/05/27 01:40:04
Table 'NLHRed49' 6-max Seat #1 is the button
Seat 1: 1fe61c30 ($15.7 in chips)
Seat 2: ee635f33 ($24.49 in chips)
Seat 3: Hero ($11.38 in chips)
Seat 4: 48af8518 ($10.07 in chips)
Seat 5: e433b8d9 ($8.24 in chips)
Seat 6: cd0f3316 ($10.27 in chips)
ee635f33: posts small blind $0.05
Hero: posts big blind $0.1
*** HOLE CARDS ***
Dealt to 1fe61c30 
Dealt to ee635f33 
Dealt to Hero [Ac Js]
Dealt to 48af8518 
Dealt to e433b8d9 
Dealt to cd0f3316 
48af8518: folds
e433b8d9: folds
cd0f3316: folds
1fe61c30: folds
ee635f33: folds
Uncalled bet ($0.05) returned to Hero
*** SHOWDOWN ***
Hero collected $0.1 from pot
*** SUMMARY ***
Total pot $0.1 | Rake $0 | Jackpot $0 | Bingo $0 | Fortune $0 | Tax $0
Seat 1: 1fe61c30 (button) folded before Flop (didn't bet)
Seat 2: ee635f33 (small blind) folded before Flop
Seat 3: Hero (big blind) collected ($0.1)
Seat 4: 48af8518 folded before Flop (didn't bet)
Seat 5: e433b8d9 folded before Flop (didn't bet)
Seat 6: cd0f3316 folded before Flop (didn't bet)


Poker Hand #HD1789191751: Hold'em No Limit ($0.05/$0.1) - 2024/05/27 01:39:22
Table 'NLHRed49' 6-max Seat #6 is the button
Seat 1: 1fe61c30 ($15.75 in chips)
Seat 2: ee635f33 ($24.59 in chips)
Seat 3: Hero ($11.38 in chips)
Seat 4: 48af8518 ($10.07 in chips)
Seat 5: e433b8d9 ($8.1 in chips)
Seat 6: cd0f3316 ($10.27 in chips)
1fe61c30: posts small blind $0.05
ee635f33: posts big blind $0.1
*** HOLE CARDS ***
Dealt to 1fe61c30 
Dealt to ee635f33 
Dealt to Hero [6h Td]
Dealt to 48af8518 
Dealt to e433b8d9 
Dealt to cd0f3316 
Hero: folds
48af8518: folds
e433b8d9: calls $0.1
cd0f3316: folds
1fe61c30: folds
ee635f33: checks
*** FLOP *** [Qs Th Ks]
ee635f33: checks
e433b8d9: checks
*** TURN *** [Qs Th Ks] [9c]
ee635f33: checks
e433b8d9: checks
*** RIVER *** [Qs Th Ks 9c] [8d]
ee635f33: checks
e433b8d9: checks
ee635f33: shows [2c 8s] (Pair of Eights)
e433b8d9: shows [7c Ts] (Pair of Tens)
*** SHOWDOWN ***
e433b8d9 collected $0.24 from pot
*** SUMMARY ***
Total pot $0.25 | Rake $0.01 | Jackpot $0 | Bingo $0 | Fortune $0 | Tax $0
Board [Qs Th Ks 9c 8d]
Seat 1: 1fe61c30 (small blind) folded before Flop
Seat 2: ee635f33 (big blind) showed [2c 8s] and lost with Pair of Eights
Seat 3: Hero folded before Flop (didn't bet)
Seat 4: 48af8518 folded before Flop (didn't bet)
Seat 5: e433b8d9 showed [7c Ts] and won ($0.24) with Pair of Tens
Seat 6: cd0f3316 (button) folded before Flop (didn't bet)


Poker Hand #HD1789191722: Hold'em No Limit ($0.05/$0.1) - 2024/05/27 01:39:09
Table 'NLHRed49' 6-max Seat #5 is the button
Seat 1: 1fe61c30 ($15.7 in chips)
Seat 2: ee635f33 ($24.59 in chips)
Seat 3: Hero ($11.38 in chips)
Seat 4: 48af8518 ($10.07 in chips)
Seat 5: e433b8d9 ($8.1 in chips)
Seat 6: cd0f3316 ($10.32 in chips)
cd0f3316: posts small blind $0.05
1fe61c30: posts big blind $0.1
*** HOLE CARDS ***
Dealt to 1fe61c30 
Dealt to ee635f33 
Dealt to Hero [Kc 4s]
Dealt to 48af8518 
Dealt to e433b8d9 
Dealt to cd0f3316 
ee635f33: folds
Hero: folds
48af8518: folds
e433b8d9: folds
cd0f3316: folds
Uncalled bet ($0.05) returned to 1fe61c30
*** SHOWDOWN ***
1fe61c30 collected $0.1 from pot
*** SUMMARY ***
Total pot $0.1 | Rake $0 | Jackpot $0 | Bingo $0 | Fortune $0 | Tax $0
Seat 1: 1fe61c30 (big blind) collected ($0.1)
Seat 2: ee635f33 folded before Flop (didn't bet)
Seat 3: Hero folded before Flop (didn't bet)
Seat 4: 48af8518 folded before Flop (didn't bet)
Seat 5: e433b8d9 (button) folded before Flop (didn't bet)
Seat 6: cd0f3316 (small blind) folded before Flop


Poker Hand #HD1789191700: Hold'em No Limit ($0.05/$0.1) - 2024/05/27 01:38:59
Table 'NLHRed49' 6-max Seat #4 is the button
Seat 1: 1fe61c30 ($15.7 in chips)
Seat 2: ee635f33 ($24.59 in chips)
Seat 3: Hero ($11.38 in chips)
Seat 4: 48af8518 ($10.07 in chips)
Seat 5: e433b8d9 ($8.15 in chips)
Seat 6: cd0f3316 ($10.27 in chips)
e433b8d9: posts small blind $0.05
cd0f3316: posts big blind $0.1
*** HOLE CARDS ***
Dealt to 1fe61c30 
Dealt to ee635f33 
Dealt to Hero [3s 2c]
Dealt to 48af8518 
Dealt to e433b8d9 
Dealt to cd0f3316 
1fe61c30: folds
ee635f33: folds
Hero: folds
48af8518: folds
e433b8d9: folds
Uncalled bet ($0.05) returned to cd0f3316
*** SHOWDOWN ***
cd0f3316 collected $0.1 from pot
*** SUMMARY ***
Total pot $0.1 | Rake $0 | Jackpot $0 | Bingo $0 | Fortune $0 | Tax $0
Seat 1: 1fe61c30 folded before Flop (didn't bet)
Seat 2: ee635f33 folded before Flop (didn't bet)
Seat 3: Hero folded before Flop (didn't bet)
Seat 4: 48af8518 (button) folded before Flop (didn't bet)
Seat 5: e433b8d9 (small blind) folded before Flop
Seat 6: cd0f3316 (big blind) collected ($0.1)


Poker Hand #HD1789191584: Hold'em No Limit ($0.05/$0.1) - 2024/05/27 01:38:00
Table 'NLHRed49' 6-max Seat #3 is the button
Seat 1: 1fe61c30 ($15.7 in chips)
Seat 2: ee635f33 ($24.59 in chips)
Seat 3: Hero ($10.37 in chips)
Seat 4: 48af8518 ($10.12 in chips)
Seat 5: e433b8d9 ($9.21 in chips)
48af8518: posts small blind $0.05
e433b8d9: posts big blind $0.1
*** HOLE CARDS ***
Dealt to 1fe61c30 
Dealt to ee635f33 
Dealt to Hero [Qd As]
Dealt to 48af8518 
Dealt to e433b8d9 
1fe61c30: folds
ee635f33: folds
Hero: raises $0.14 to $0.24
48af8518: folds
e433b8d9: calls $0.14
*** FLOP *** [8s 8h 5s]
e433b8d9: checks
Hero: bets $0.2
e433b8d9: calls $0.2
*** TURN *** [8s 8h 5s] [Ac]
e433b8d9: checks
Hero: checks
*** RIVER *** [8s 8h 5s Ac] [Kd]
e433b8d9: checks
Hero: bets $0.62
e433b8d9: calls $0.62
Hero: shows [Qd As] (Pair of Aces and Pair of Eights)
e433b8d9: shows [7h 7s] (Pair of Eights and Pair of Sevens)
*** SHOWDOWN ***
Hero collected $2.07 from pot
*** SUMMARY ***
Total pot $2.17 | Rake $0.1 | Jackpot $0 | Bingo $0 | Fortune $0 | Tax $0
Board [8s 8h 5s Ac Kd]
Seat 1: 1fe61c30 folded before Flop (didn't bet)
Seat 2: ee635f33 folded before Flop (didn't bet)
Seat 3: Hero (button) showed [Qd As] and won ($2.07) with Pair of Aces and Pair of Eights
Seat 4: 48af8518 (small blind) folded before Flop
Seat 5: e433b8d9 (big blind) showed [7h 7s] and lost with Pair of Eights and Pair of Sevens


Poker Hand #HD1789191554: Hold'em No Limit ($0.05/$0.1) - 2024/05/27 01:37:44
Table 'NLHRed49' 6-max Seat #2 is the button
Seat 1: 1fe61c30 ($15.7 in chips)
Seat 2: ee635f33 ($24.44 in chips)
Seat 3: Hero ($10.42 in chips)
Seat 4: 48af8518 ($10.22 in chips)
Seat 5: e433b8d9 ($9.21 in chips)
Hero: posts small blind $0.05
48af8518: posts big blind $0.1
*** HOLE CARDS ***
Dealt to 1fe61c30 
Dealt to ee635f33 
Dealt to Hero [Ah 3s]
Dealt to 48af8518 
Dealt to e433b8d9 
e433b8d9: folds
1fe61c30: folds
ee635f33: raises $0.2 to $0.3
Hero: folds
48af8518: folds
Uncalled bet ($0.2) returned to ee635f33
*** SHOWDOWN ***
ee635f33 collected $0.25 from pot
*** SUMMARY ***
Total pot $0.25 | Rake $0 | Jackpot $0 | Bingo $0 | Fortune $0 | Tax $0
Seat 1: 1fe61c30 folded before Flop (didn't bet)
Seat 2: ee635f33 (button) collected ($0.25)
Seat 3: Hero (small blind) folded before Flop
Seat 4: 48af8518 (big blind) folded before Flop
Seat 5: e433b8d9 folded before Flop (didn't bet)


Poker Hand #HD1789191500: Hold'em No Limit ($0.05/$0.1) - 2024/05/27 01:37:16
Table 'NLHRed49' 6-max Seat #1 is the button
Seat 1: 1fe61c30 ($15.95 in chips)
Seat 2: ee635f33 ($24.12 in chips)
Seat 3: Hero ($10.52 in chips)
Seat 4: 48af8518 ($10.22 in chips)
Seat 5: e433b8d9 ($9.21 in chips)
ee635f33: posts small blind $0.05
Hero: posts big blind $0.1
*** HOLE CARDS ***
Dealt to 1fe61c30 
Dealt to ee635f33 
Dealt to Hero [Ac Jc]
Dealt to 48af8518 
Dealt to e433b8d9 
48af8518: folds
e433b8d9: folds
1fe61c30: raises $0.15 to $0.25
ee635f33: raises $0.45 to $0.7
Hero: folds
1fe61c30: folds
Uncalled bet ($0.45) returned to ee635f33
*** SHOWDOWN ***
ee635f33 collected $0.57 from pot
*** SUMMARY ***
Total pot $0.6 | Rake $0.03 | Jackpot $0 | Bingo $0 | Fortune $0 | Tax $0
Seat 1: 1fe61c30 (button) folded before Flop
Seat 2: ee635f33 (small blind) collected ($0.57)
Seat 3: Hero (big blind) folded before Flop
Seat 4: 48af8518 folded before Flop (didn't bet)
Seat 5: e433b8d9 folded before Flop (didn't bet)


Poker Hand #HD1789191473: Hold'em No Limit ($0.05/$0.1) - 2024/05/27 01:37:03
Table 'NLHRed49' 6-max Seat #5 is the button
Seat 1: 1fe61c30 ($16 in chips)
Seat 2: ee635f33 ($24.22 in chips)
Seat 3: Hero ($10.52 in chips)
Seat 5: e433b8d9 ($9.06 in chips)
1fe61c30: posts small blind $0.05
ee635f33: posts big blind $0.1
*** HOLE CARDS ***
Dealt to 1fe61c30 
Dealt to ee635f33 
Dealt to Hero [7s 3d]
Dealt to e433b8d9 
Hero: folds
e433b8d9: raises $0.2 to $0.3
1fe61c30: folds
ee635f33: folds
Uncalled bet ($0.2) returned to e433b8d9
*** SHOWDOWN ***
e433b8d9 collected $0.25 from pot
*** SUMMARY ***
Total pot $0.25 | Rake $0 | Jackpot $0 | Bingo $0 | Fortune $0 | Tax $0
Seat 1: 1fe61c30 (small blind) folded before Flop
Seat 2: ee635f33 (big blind) folded before Flop
Seat 3: Hero folded before Flop (didn't bet)
Seat 5: e433b8d9 (button) collected ($0.25)


Poker Hand #HD1789191427: Hold'em No Limit ($0.05/$0.1) - 2024/05/27 01:36:40
Table 'NLHRed49' 6-max Seat #3 is the button
Seat 1: 1fe61c30 ($16 in chips)
Seat 2: ee635f33 ($24.22 in chips)
Seat 3: Hero ($10.37 in chips)
Seat 4: 48af8518 ($10.27 in chips)
Seat 5: e433b8d9 ($9.16 in chips)
48af8518: posts small blind $0.05
e433b8d9: posts big blind $0.1
*** HOLE CARDS ***
Dealt to 1fe61c30 
Dealt to ee635f33 
Dealt to Hero [Td 7d]
Dealt to 48af8518 
Dealt to e433b8d9 
1fe61c30: folds
ee635f33: folds
Hero: raises $0.14 to $0.24
48af8518: folds
e433b8d9: folds
Uncalled bet ($0.14) returned to Hero
*** SHOWDOWN ***
Hero collected $0.25 from pot
*** SUMMARY ***
Total pot $0.25 | Rake $0 | Jackpot $0 | Bingo $0 | Fortune $0 | Tax $0
Seat 1: 1fe61c30 folded before Flop (didn't bet)
Seat 2: ee635f33 folded before Flop (didn't bet)
Seat 3: Hero (button) collected ($0.25)
Seat 4: 48af8518 (small blind) folded before Flop
Seat 5: e433b8d9 (big blind) folded before Flop


Poker Hand #HD1789191369: Hold'em No Limit ($0.05/$0.1) - 2024/05/27 01:36:13
Table 'NLHRed49' 6-max Seat #2 is the button
Seat 1: 1fe61c30 ($16 in chips)
Seat 2: ee635f33 ($24.52 in chips)
Seat 3: Hero ($10 in chips)
Seat 4: 48af8518 ($10.37 in chips)
Seat 5: e433b8d9 ($9.16 in chips)
Hero: posts small blind $0.05
48af8518: posts big blind $0.1
*** HOLE CARDS ***
Dealt to 1fe61c30 
Dealt to ee635f33 
Dealt to Hero [Kc Qd]
Dealt to 48af8518 
Dealt to e433b8d9 
e433b8d9: folds
1fe61c30: folds
ee635f33: raises $0.2 to $0.3
Hero: raises $0.9 to $1.2
48af8518: folds
ee635f33: folds
Uncalled bet ($0.9) returned to Hero
*** SHOWDOWN ***
Hero collected $0.67 from pot
*** SUMMARY ***
Total pot $0.7 | Rake $0.03 | Jackpot $0 | Bingo $0 | Fortune $0 | Tax $0
Seat 1: 1fe61c30 folded before Flop (didn't bet)
Seat 2: ee635f33 (button) folded before Flop
Seat 3: Hero (small blind) collected ($0.67)
Seat 4: 48af8518 (big blind) folded before Flop
Seat 5: e433b8d9 folded before Flop (didn't bet)


Poker Hand #HD1789191346: Hold'em No Limit ($0.05/$0.1) - 2024/05/27 01:36:02
Table 'NLHRed49' 6-max Seat #1 is the button
Seat 1: 1fe61c30 ($15.85 in chips)
Seat 2: ee635f33 ($24.57 in chips)
Seat 3: Hero ($10 in chips)
Seat 4: 48af8518 ($10.37 in chips)
Seat 5: e433b8d9 ($9.16 in chips)
ee635f33: posts small blind $0.05
Hero: posts big blind $0.1
*** HOLE CARDS ***
Dealt to 1fe61c30 
Dealt to ee635f33 
Dealt to Hero [3c 6c]
Dealt to 48af8518 
Dealt to e433b8d9 
48af8518: folds
e433b8d9: folds
1fe61c30: raises $0.15 to $0.25
ee635f33: folds
Hero: folds
Uncalled bet ($0.15) returned to 1fe61c30
*** SHOWDOWN ***
1fe61c30 collected $0.25 from pot
*** SUMMARY ***
Total pot $0.25 | Rake $0 | Jackpot $0 | Bingo $0 | Fortune $0 | Tax $0
Seat 1: 1fe61c30 (button) collected ($0.25)
Seat 2: ee635f33 (small blind) folded before Flop
Seat 3: Hero (big blind) folded before Flop
Seat 4: 48af8518 folded before Flop (didn't bet)
Seat 5: e433b8d9 folded before Flop (didn't bet)


Poker Hand #HD1789191306: Hold'em No Limit ($0.05/$0.1) - 2024/05/27 01:35:37
Table 'NLHRed49' 6-max Seat #5 is the button
Seat 1: 1fe61c30 ($15.75 in chips)
Seat 2: ee635f33 ($24.67 in chips)
Seat 3: Hero ($10 in chips)
Seat 4: 48af8518 ($10.37 in chips)
Seat 5: e433b8d9 ($9.16 in chips)
1fe61c30: posts small blind $0.05
ee635f33: posts big blind $0.1
*** HOLE CARDS ***
Dealt to 1fe61c30 
Dealt to ee635f33 
Dealt to Hero [5h 9d]
Dealt to 48af8518 
Dealt to e433b8d9 
Hero: folds
48af8518: folds
e433b8d9: folds
1fe61c30: raises $0.2 to $0.3
ee635f33: folds
Uncalled bet ($0.2) returned to 1fe61c30
*** SHOWDOWN ***
1fe61c30 collected $0.2 from pot
*** SUMMARY ***
Total pot $0.2 | Rake $0 | Jackpot $0 | Bingo $0 | Fortune $0 | Tax $0
Seat 1: 1fe61c30 (small blind) collected ($0.2)
Seat 2: ee635f33 (big blind) folded before Flop
Seat 3: Hero folded before Flop (didn't bet)
Seat 4: 48af8518 folded before Flop (didn't bet)
Seat 5: e433b8d9 (button) folded before Flop (didn't bet)


Poker Hand #HD1789191257: Hold'em No Limit ($0.05/$0.1) - 2024/05/27 01:35:13
Table 'NLHRed49' 6-max Seat #4 is the button
Seat 1: 1fe61c30 ($15.85 in chips)
Seat 2: ee635f33 ($24.67 in chips)
Seat 3: Hero ($10 in chips)
Seat 4: 48af8518 ($10.37 in chips)
Seat 5: e433b8d9 ($9.06 in chips)
e433b8d9: posts small blind $0.05
1fe61c30: posts big blind $0.1
*** HOLE CARDS ***
Dealt to 1fe61c30 
Dealt to ee635f33 
Dealt to Hero [9h 2d]
Dealt to 48af8518 
Dealt to e433b8d9 
ee635f33: folds
Hero: folds
48af8518: folds
e433b8d9: raises $0.2 to $0.3
1fe61c30: folds
Uncalled bet ($0.2) returned to e433b8d9
*** SHOWDOWN ***
e433b8d9 collected $0.2 from pot
*** SUMMARY ***
Total pot $0.2 | Rake $0 | Jackpot $0 | Bingo $0 | Fortune $0 | Tax $0
Seat 1: 1fe61c30 (big blind) folded before Flop
Seat 2: ee635f33 folded before Flop (didn't bet)
Seat 3: Hero folded before Flop (didn't bet)
Seat 4: 48af8518 (button) folded before Flop (didn't bet)
Seat 5: e433b8d9 (small blind) collected ($0.2)


Poker Hand #HD1789191236: Hold'em No Limit ($0.05/$0.1) - 2024/05/27 01:35:01
Table 'NLHRed49' 6-max Seat #3 is the button
Seat 1: 1fe61c30 ($15.85 in chips)
Seat 2: ee635f33 ($24.52 in chips)
Seat 3: Hero ($10 in chips)
Seat 4: 48af8518 ($10.42 in chips)
Seat 5: e433b8d9 ($9.16 in chips)
48af8518: posts small blind $0.05
e433b8d9: posts big blind $0.1
*** HOLE CARDS ***
Dealt to 1fe61c30 
Dealt to ee635f33 
Dealt to Hero [6h Kd]
Dealt to 48af8518 
Dealt to e433b8d9 
1fe61c30: folds
ee635f33: raises $0.1 to $0.2
Hero: folds
48af8518: folds
e433b8d9: folds
Uncalled bet ($0.1) returned to ee635f33
*** SHOWDOWN ***
ee635f33 collected $0.25 from pot
*** SUMMARY ***
Total pot $0.25 | Rake $0 | Jackpot $0 | Bingo $0 | Fortune $0 | Tax $0
Seat 1: 1fe61c30 folded before Flop (didn't bet)
Seat 2: ee635f33 collected ($0.25)
Seat 3: Hero (button) folded before Flop (didn't bet)
Seat 4: 48af8518 (small blind) folded before Flop
Seat 5: e433b8d9 (big blind) folded before Flop


Poker Hand #HD1789191194: Hold'em No Limit ($0.05/$0.1) - 2024/05/27 01:34:40
Table 'NLHRed49' 6-max Seat #2 is the button
Seat 1: 1fe61c30 ($15.7 in chips)
Seat 2: ee635f33 ($24.52 in chips)
Seat 3: Hero ($10 in chips)
Seat 4: 48af8518 ($10.52 in chips)
Seat 5: e433b8d9 ($9.16 in chips)
Hero: posts small blind $0.05
48af8518: posts big blind $0.1
*** HOLE CARDS ***
Dealt to 1fe61c30 
Dealt to ee635f33 
Dealt to Hero [6s Jd]
Dealt to 48af8518 
Dealt to e433b8d9 
e433b8d9: folds
1fe61c30: raises $0.15 to $0.25
ee635f33: folds
Hero: folds
48af8518: folds
Uncalled bet ($0.15) returned to 1fe61c30
*** SHOWDOWN ***
1fe61c30 collected $0.25 from pot
*** SUMMARY ***
Total pot $0.25 | Rake $0 | Jackpot $0 | Bingo $0 | Fortune $0 | Tax $0
Seat 1: 1fe61c30 collected ($0.25)
Seat 2: ee635f33 (button) folded before Flop (didn't bet)
Seat 3: Hero (small blind) folded before Flop
Seat 4: 48af8518 (big blind) folded before Flop
Seat 5: e433b8d9 folded before Flop (didn't bet)


Poker Hand #HD1789191140: Hold'em No Limit ($0.05/$0.1) - 2024/05/27 01:34:16
Table 'NLHRed49' 6-max Seat #1 is the button
Seat 1: 1fe61c30 ($15.55 in chips)
Seat 2: ee635f33 ($24.57 in chips)
Seat 3: Hero ($10 in chips)
Seat 4: 48af8518 ($10.52 in chips)
Seat 5: e433b8d9 ($9.16 in chips)
ee635f33: posts small blind $0.05
Hero: posts big blind $0.1
*** HOLE CARDS ***
Dealt to 1fe61c30 
Dealt to ee635f33 
Dealt to Hero [3d Js]
Dealt to 48af8518 
Dealt to e433b8d9 
48af8518: folds
e433b8d9: folds
1fe61c30: raises $0.15 to $0.25
ee635f33: folds
Hero: folds
Uncalled bet ($0.15) returned to 1fe61c30
*** SHOWDOWN ***
1fe61c30 collected $0.25 from pot
*** SUMMARY ***
Total pot $0.25 | Rake $0 | Jackpot $0 | Bingo $0 | Fortune $0 | Tax $0
Seat 1: 1fe61c30 (button) collected ($0.25)
Seat 2: ee635f33 (small blind) folded before Flop
Seat 3: Hero (big blind) folded before Flop
Seat 4: 48af8518 folded before Flop (didn't bet)
Seat 5: e433b8d9 folded before Flop (didn't bet)


