Poker Hand #HD1826876681: Hold'em No Limit ($0.05/$0.1) - 2024/06/22 19:30:52
Table 'NLHRed63' 6-max Seat #2 is the button
Seat 1: c3823a7f ($10 in chips)
Seat 2: dd13770a ($2.28 in chips)
Seat 3: Hero ($11.13 in chips)
Seat 4: 648c8a63 ($11.68 in chips)
Seat 5: bdcce63c ($11.74 in chips)
Seat 6: ce9f3ab5 ($10.63 in chips)
Hero: posts small blind $0.05
648c8a63: posts big blind $0.1
*** HOLE CARDS ***
Dealt to c3823a7f 
Dealt to dd13770a 
Dealt to Hero [Kh 3s]
Dealt to 648c8a63 
Dealt to bdcce63c 
Dealt to ce9f3ab5 
bdcce63c: raises $0.1 to $0.2
ce9f3ab5: folds
c3823a7f: folds
dd13770a: folds
Hero: folds
648c8a63: folds
Uncalled bet ($0.1) returned to bdcce63c
*** SHOWDOWN ***
bdcce63c collected $0.25 from pot
*** SUMMARY ***
Total pot $0.25 | Rake $0 | Jackpot $0 | Bingo $0 | Fortune $0 | Tax $0
Seat 1: c3823a7f folded before Flop (didn't bet)
Seat 2: dd13770a (button) folded before Flop (didn't bet)
Seat 3: Hero (small blind) folded before Flop
Seat 4: 648c8a63 (big blind) folded before Flop
Seat 5: bdcce63c collected ($0.25)
Seat 6: ce9f3ab5 folded before Flop (didn't bet)


Poker Hand #HD1826876631: Hold'em No Limit ($0.05/$0.1) - 2024/06/22 19:30:25
Table 'NLHRed63' 6-max Seat #1 is the button
Seat 1: c3823a7f ($10.05 in chips)
Seat 2: dd13770a ($2.33 in chips)
Seat 3: Hero ($10.87 in chips)
Seat 4: 648c8a63 ($11.68 in chips)
Seat 5: bdcce63c ($11.74 in chips)
Seat 6: ce9f3ab5 ($10.63 in chips)
dd13770a: posts small blind $0.05
Hero: posts big blind $0.1
*** HOLE CARDS ***
Dealt to c3823a7f 
Dealt to dd13770a 
Dealt to Hero [Kc Qd]
Dealt to 648c8a63 
Dealt to bdcce63c 
Dealt to ce9f3ab5 
648c8a63: folds
bdcce63c: folds
ce9f3ab5: folds
c3823a7f: raises $0.13 to $0.23
dd13770a: folds
Hero: raises $0.67 to $0.9
c3823a7f: folds
Uncalled bet ($0.67) returned to Hero
*** SHOWDOWN ***
Hero collected $0.49 from pot
*** SUMMARY ***
Total pot $0.51 | Rake $0.02 | Jackpot $0 | Bingo $0 | Fortune $0 | Tax $0
Seat 1: c3823a7f (button) folded before Flop
Seat 2: dd13770a (small blind) folded before Flop
Seat 3: Hero (big blind) collected ($0.49)
Seat 4: 648c8a63 folded before Flop (didn't bet)
Seat 5: bdcce63c folded before Flop (didn't bet)
Seat 6: ce9f3ab5 folded before Flop (didn't bet)


Poker Hand #HD1826876516: Hold'em No Limit ($0.05/$0.1) - 2024/06/22 19:29:25
Table 'NLHRed63' 6-max Seat #6 is the button
Seat 1: c3823a7f ($10.1 in chips)
Seat 2: dd13770a ($4.25 in chips)
Seat 3: Hero ($10.87 in chips)
Seat 4: 648c8a63 ($10 in chips)
Seat 5: bdcce63c ($11.74 in chips)
Seat 6: ce9f3ab5 ($10.63 in chips)
c3823a7f: posts small blind $0.05
dd13770a: posts big blind $0.1
*** HOLE CARDS ***
Dealt to c3823a7f 
Dealt to dd13770a 
Dealt to Hero [2h Qd]
Dealt to 648c8a63 
Dealt to bdcce63c 
Dealt to ce9f3ab5 
Hero: folds
648c8a63: raises $0.15 to $0.25
bdcce63c: folds
ce9f3ab5: folds
c3823a7f: folds
dd13770a: raises $0.19 to $0.44
648c8a63: calls $0.19
*** FLOP *** [Kh 9s 5h]
dd13770a: bets $0.31
648c8a63: calls $0.31
*** TURN *** [Kh 9s 5h] [8c]
dd13770a: checks
648c8a63: bets $1.17
dd13770a: calls $1.17
*** RIVER *** [Kh 9s 5h 8c] [Qs]
dd13770a: checks
648c8a63: checks
dd13770a: shows [Th Ts] (Pair of Tens)
648c8a63: shows [Kd Js] (Pair of Kings)
*** SHOWDOWN ***
648c8a63 collected $3.6 from pot
*** SUMMARY ***
Total pot $3.89 | Rake $0.19 | Jackpot $0.1 | Bingo $0 | Fortune $0 | Tax $0
Board [Kh 9s 5h 8c Qs]
Seat 1: c3823a7f (small blind) folded before Flop
Seat 2: dd13770a (big blind) showed [Th Ts] and lost with Pair of Tens
Seat 3: Hero folded before Flop (didn't bet)
Seat 4: 648c8a63 showed [Kd Js] and won ($3.6) with Pair of Kings
Seat 5: bdcce63c folded before Flop (didn't bet)
Seat 6: ce9f3ab5 (button) folded before Flop (didn't bet)


Poker Hand #HD1826876410: Hold'em No Limit ($0.05/$0.1) - 2024/06/22 19:28:31
Table 'NLHRed63' 6-max Seat #5 is the button
Seat 1: c3823a7f ($10.2 in chips)
Seat 2: dd13770a ($4.55 in chips)
Seat 3: Hero ($10.87 in chips)
Seat 4: 648c8a63 ($10 in chips)
Seat 5: bdcce63c ($11.74 in chips)
Seat 6: ce9f3ab5 ($10.26 in chips)
ce9f3ab5: posts small blind $0.05
c3823a7f: posts big blind $0.1
*** HOLE CARDS ***
Dealt to c3823a7f 
Dealt to dd13770a 
Dealt to Hero [Jh 2d]
Dealt to 648c8a63 
Dealt to bdcce63c 
Dealt to ce9f3ab5 
dd13770a: raises $0.2 to $0.3
Hero: folds
648c8a63: folds
bdcce63c: folds
ce9f3ab5: raises $0.8 to $1.1
c3823a7f: folds
dd13770a: folds
Uncalled bet ($0.8) returned to ce9f3ab5
*** SHOWDOWN ***
ce9f3ab5 collected $0.67 from pot
*** SUMMARY ***
Total pot $0.7 | Rake $0.03 | Jackpot $0 | Bingo $0 | Fortune $0 | Tax $0
Seat 1: c3823a7f (big blind) folded before Flop
Seat 2: dd13770a folded before Flop
Seat 3: Hero folded before Flop (didn't bet)
Seat 4: 648c8a63 folded before Flop (didn't bet)
Seat 5: bdcce63c (button) folded before Flop (didn't bet)
Seat 6: ce9f3ab5 (small blind) collected ($0.67)


Poker Hand #HD1826876254: Hold'em No Limit ($0.05/$0.1) - 2024/06/22 19:27:10
Table 'NLHRed63' 6-max Seat #4 is the button
Seat 1: c3823a7f ($10.43 in chips)
Seat 2: dd13770a ($4.55 in chips)
Seat 3: Hero ($10.87 in chips)
Seat 4: 648c8a63 ($10 in chips)
Seat 5: bdcce63c ($11.79 in chips)
Seat 6: ce9f3ab5 ($10 in chips)
bdcce63c: posts small blind $0.05
ce9f3ab5: posts big blind $0.1
*** HOLE CARDS ***
Dealt to c3823a7f 
Dealt to dd13770a 
Dealt to Hero [6d 3h]
Dealt to 648c8a63 
Dealt to bdcce63c 
Dealt to ce9f3ab5 
c3823a7f: raises $0.13 to $0.23
dd13770a: folds
Hero: folds
648c8a63: folds
bdcce63c: folds
ce9f3ab5: calls $0.13
*** FLOP *** [8h 8s Ts]
ce9f3ab5: checks
c3823a7f: checks
*** TURN *** [8h 8s Ts] [9c]
ce9f3ab5: checks
c3823a7f: checks
*** RIVER *** [8h 8s Ts 9c] [2c]
ce9f3ab5: bets $0.39
c3823a7f: folds
Uncalled bet ($0.39) returned to ce9f3ab5
*** SHOWDOWN ***
ce9f3ab5 collected $0.49 from pot
*** SUMMARY ***
Total pot $0.51 | Rake $0.02 | Jackpot $0 | Bingo $0 | Fortune $0 | Tax $0
Board [8h 8s Ts 9c 2c]
Seat 1: c3823a7f folded on the River
Seat 2: dd13770a folded before Flop (didn't bet)
Seat 3: Hero folded before Flop (didn't bet)
Seat 4: 648c8a63 (button) folded before Flop (didn't bet)
Seat 5: bdcce63c (small blind) folded before Flop
Seat 6: ce9f3ab5 (big blind) won ($0.49)


Poker Hand #HD1826876180: Hold'em No Limit ($0.05/$0.1) - 2024/06/22 19:26:28
Table 'NLHRed63' 6-max Seat #3 is the button
Seat 1: c3823a7f ($10.43 in chips)
Seat 2: dd13770a ($4.9 in chips)
Seat 3: Hero ($10.87 in chips)
Seat 4: 648c8a63 ($10 in chips)
Seat 5: bdcce63c ($11.42 in chips)
Seat 6: ce9f3ab5 ($10 in chips)
648c8a63: posts small blind $0.05
bdcce63c: posts big blind $0.1
dd13770a: posts missed blind $0.05
*** HOLE CARDS ***
Dealt to c3823a7f 
Dealt to dd13770a 
Dealt to Hero [4h 6c]
Dealt to 648c8a63 
Dealt to bdcce63c 
Dealt to ce9f3ab5 
ce9f3ab5: folds
c3823a7f: folds
dd13770a: raises $0.2 to $0.3
Hero: folds
648c8a63: folds
bdcce63c: raises $1 to $1.3
dd13770a: folds
Uncalled bet ($1) returned to bdcce63c
*** SHOWDOWN ***
bdcce63c collected $0.67 from pot
*** SUMMARY ***
Total pot $0.7 | Rake $0.03 | Jackpot $0 | Bingo $0 | Fortune $0 | Tax $0
Seat 1: c3823a7f folded before Flop (didn't bet)
Seat 2: dd13770a folded before Flop
Seat 3: Hero (button) folded before Flop (didn't bet)
Seat 4: 648c8a63 (small blind) folded before Flop
Seat 5: bdcce63c (big blind) collected ($0.67)
Seat 6: ce9f3ab5 folded before Flop (didn't bet)


Poker Hand #HD1826876124: Hold'em No Limit ($0.05/$0.1) - 2024/06/22 19:26:03
Table 'NLHRed63' 6-max Seat #1 is the button
Seat 1: c3823a7f ($10.1 in chips)
Seat 3: Hero ($10.92 in chips)
Seat 4: 648c8a63 ($10 in chips)
Seat 5: bdcce63c ($11.62 in chips)
Seat 6: ce9f3ab5 ($10 in chips)
Hero: posts small blind $0.05
648c8a63: posts big blind $0.1
*** HOLE CARDS ***
Dealt to c3823a7f 
Dealt to Hero [Qs 3c]
Dealt to 648c8a63 
Dealt to bdcce63c 
Dealt to ce9f3ab5 
bdcce63c: raises $0.1 to $0.2
ce9f3ab5: folds
c3823a7f: raises $0.55 to $0.75
Hero: folds
648c8a63: folds
bdcce63c: folds
Uncalled bet ($0.55) returned to c3823a7f
*** SHOWDOWN ***
c3823a7f collected $0.53 from pot
*** SUMMARY ***
Total pot $0.55 | Rake $0.02 | Jackpot $0 | Bingo $0 | Fortune $0 | Tax $0
Seat 1: c3823a7f (button) collected ($0.53)
Seat 3: Hero (small blind) folded before Flop
Seat 4: 648c8a63 (big blind) folded before Flop
Seat 5: bdcce63c folded before Flop
Seat 6: ce9f3ab5 folded before Flop (didn't bet)


Poker Hand #HD1826876062: Hold'em No Limit ($0.05/$0.1) - 2024/06/22 19:25:30
Table 'NLHRed63' 6-max Seat #6 is the button
Seat 1: c3823a7f ($10 in chips)
Seat 2: dd13770a ($5 in chips)
Seat 3: Hero ($10.92 in chips)
Seat 4: 648c8a63 ($10 in chips)
Seat 5: bdcce63c ($11.62 in chips)
Seat 6: ce9f3ab5 ($10 in chips)
c3823a7f: posts small blind $0.05
dd13770a: posts big blind $0.1
*** HOLE CARDS ***
Dealt to c3823a7f 
Dealt to dd13770a 
Dealt to Hero [6d 3d]
Dealt to 648c8a63 
Dealt to bdcce63c 
Dealt to ce9f3ab5 
Hero: folds
648c8a63: folds
bdcce63c: folds
ce9f3ab5: folds
c3823a7f: raises $0.2 to $0.3
dd13770a: folds
Uncalled bet ($0.2) returned to c3823a7f
*** SHOWDOWN ***
c3823a7f collected $0.2 from pot
*** SUMMARY ***
Total pot $0.2 | Rake $0 | Jackpot $0 | Bingo $0 | Fortune $0 | Tax $0
Seat 1: c3823a7f (small blind) collected ($0.2)
Seat 2: dd13770a (big blind) folded before Flop
Seat 3: Hero folded before Flop (didn't bet)
Seat 4: 648c8a63 folded before Flop (didn't bet)
Seat 5: bdcce63c folded before Flop (didn't bet)
Seat 6: ce9f3ab5 (button) folded before Flop (didn't bet)


Poker Hand #HD1826876013: Hold'em No Limit ($0.05/$0.1) - 2024/06/22 19:25:11
Table 'NLHRed63' 6-max Seat #5 is the button
Seat 1: c3823a7f ($10 in chips)
Seat 3: Hero ($10.77 in chips)
Seat 4: 648c8a63 ($10 in chips)
Seat 5: bdcce63c ($11.62 in chips)
Seat 6: ce9f3ab5 ($10.05 in chips)
ce9f3ab5: posts small blind $0.05
c3823a7f: posts big blind $0.1
*** HOLE CARDS ***
Dealt to c3823a7f 
Dealt to Hero [8s 8c]
Dealt to 648c8a63 
Dealt to bdcce63c 
Dealt to ce9f3ab5 
Hero: raises $0.1 to $0.2
648c8a63: folds
bdcce63c: folds
ce9f3ab5: folds
c3823a7f: folds
Uncalled bet ($0.1) returned to Hero
*** SHOWDOWN ***
Hero collected $0.25 from pot
*** SUMMARY ***
Total pot $0.25 | Rake $0 | Jackpot $0 | Bingo $0 | Fortune $0 | Tax $0
Seat 1: c3823a7f (big blind) folded before Flop
Seat 3: Hero collected ($0.25)
Seat 4: 648c8a63 folded before Flop (didn't bet)
Seat 5: bdcce63c (button) folded before Flop (didn't bet)
Seat 6: ce9f3ab5 (small blind) folded before Flop


Poker Hand #HD1826875992: Hold'em No Limit ($0.05/$0.1) - 2024/06/22 19:24:58
Table 'NLHRed63' 6-max Seat #4 is the button
Seat 1: c3823a7f ($10 in chips)
Seat 3: Hero ($10.77 in chips)
Seat 4: 648c8a63 ($10 in chips)
Seat 5: bdcce63c ($11.67 in chips)
Seat 6: ce9f3ab5 ($10 in chips)
bdcce63c: posts small blind $0.05
ce9f3ab5: posts big blind $0.1
*** HOLE CARDS ***
Dealt to c3823a7f 
Dealt to Hero [8h Qc]
Dealt to 648c8a63 
Dealt to bdcce63c 
Dealt to ce9f3ab5 
c3823a7f: folds
Hero: folds
648c8a63: folds
bdcce63c: folds
Uncalled bet ($0.05) returned to ce9f3ab5
*** SHOWDOWN ***
ce9f3ab5 collected $0.1 from pot
*** SUMMARY ***
Total pot $0.1 | Rake $0 | Jackpot $0 | Bingo $0 | Fortune $0 | Tax $0
Seat 1: c3823a7f folded before Flop (didn't bet)
Seat 3: Hero folded before Flop (didn't bet)
Seat 4: 648c8a63 (button) folded before Flop (didn't bet)
Seat 5: bdcce63c (small blind) folded before Flop
Seat 6: ce9f3ab5 (big blind) collected ($0.1)


Poker Hand #HD1826875798: Hold'em No Limit ($0.05/$0.1) - 2024/06/22 19:23:14
Table 'NLHRed63' 6-max Seat #3 is the button
Seat 1: c3823a7f ($10 in chips)
Seat 3: Hero ($10.5 in chips)
Seat 4: 648c8a63 ($10 in chips)
Seat 5: bdcce63c ($11.91 in chips)
Seat 6: ce9f3ab5 ($10 in chips)
648c8a63: posts small blind $0.05
bdcce63c: posts big blind $0.1
*** HOLE CARDS ***
Dealt to c3823a7f 
Dealt to Hero [Ad Kh]
Dealt to 648c8a63 
Dealt to bdcce63c 
Dealt to ce9f3ab5 
ce9f3ab5: folds
c3823a7f: folds
Hero: raises $0.14 to $0.24
648c8a63: folds
bdcce63c: calls $0.14
*** FLOP *** [5s 5d 9h]
bdcce63c: checks
Hero: checks
*** TURN *** [5s 5d 9h] [6c]
bdcce63c: checks
Hero: checks
*** RIVER *** [5s 5d 9h 6c] [4h]
bdcce63c: checks
Hero: checks
bdcce63c: shows [Ah 8h] (Pair of Fives)
Hero: shows [Ad Kh] (Pair of Fives)
*** SHOWDOWN ***
Hero collected $0.51 from pot
*** SUMMARY ***
Total pot $0.53 | Rake $0.02 | Jackpot $0 | Bingo $0 | Fortune $0 | Tax $0
Board [5s 5d 9h 6c 4h]
Seat 1: c3823a7f folded before Flop (didn't bet)
Seat 3: Hero (button) showed [Ad Kh] and won ($0.51) with Pair of Fives
Seat 4: 648c8a63 (small blind) folded before Flop
Seat 5: bdcce63c (big blind) showed [Ah 8h] and lost with Pair of Fives
Seat 6: ce9f3ab5 folded before Flop (didn't bet)


Poker Hand #HD1826875766: Hold'em No Limit ($0.05/$0.1) - 2024/06/22 19:22:58
Table 'NLHRed63' 6-max Seat #1 is the button
Seat 1: c3823a7f ($10 in chips)
Seat 3: Hero ($10.55 in chips)
Seat 4: 648c8a63 ($10.1 in chips)
Seat 5: bdcce63c ($11.76 in chips)
Seat 6: ce9f3ab5 ($10 in chips)
Hero: posts small blind $0.05
648c8a63: posts big blind $0.1
*** HOLE CARDS ***
Dealt to c3823a7f 
Dealt to Hero [7d 8h]
Dealt to 648c8a63 
Dealt to bdcce63c 
Dealt to ce9f3ab5 
bdcce63c: raises $0.14 to $0.24
ce9f3ab5: folds
c3823a7f: folds
Hero: folds
648c8a63: folds
Uncalled bet ($0.14) returned to bdcce63c
*** SHOWDOWN ***
bdcce63c collected $0.25 from pot
*** SUMMARY ***
Total pot $0.25 | Rake $0 | Jackpot $0 | Bingo $0 | Fortune $0 | Tax $0
Seat 1: c3823a7f (button) folded before Flop (didn't bet)
Seat 3: Hero (small blind) folded before Flop
Seat 4: 648c8a63 (big blind) folded before Flop
Seat 5: bdcce63c collected ($0.25)
Seat 6: ce9f3ab5 folded before Flop (didn't bet)


Poker Hand #HD1826875731: Hold'em No Limit ($0.05/$0.1) - 2024/06/22 19:22:44
Table 'NLHRed63' 6-max Seat #6 is the button
Seat 1: c3823a7f ($10 in chips)
Seat 3: Hero ($10.65 in chips)
Seat 4: 648c8a63 ($10.1 in chips)
Seat 5: bdcce63c ($11.61 in chips)
Seat 6: ce9f3ab5 ($10 in chips)
c3823a7f: posts small blind $0.05
Hero: posts big blind $0.1
*** HOLE CARDS ***
Dealt to c3823a7f 
Dealt to Hero [5h 7d]
Dealt to 648c8a63 
Dealt to bdcce63c 
Dealt to ce9f3ab5 
648c8a63: folds
bdcce63c: raises $0.1 to $0.2
ce9f3ab5: folds
c3823a7f: folds
Hero: folds
Uncalled bet ($0.1) returned to bdcce63c
*** SHOWDOWN ***
bdcce63c collected $0.25 from pot
*** SUMMARY ***
Total pot $0.25 | Rake $0 | Jackpot $0 | Bingo $0 | Fortune $0 | Tax $0
Seat 1: c3823a7f (small blind) folded before Flop
Seat 3: Hero (big blind) folded before Flop
Seat 4: 648c8a63 folded before Flop (didn't bet)
Seat 5: bdcce63c collected ($0.25)
Seat 6: ce9f3ab5 (button) folded before Flop (didn't bet)


Poker Hand #HD1826875711: Hold'em No Limit ($0.05/$0.1) - 2024/06/22 19:22:32
Table 'NLHRed63' 6-max Seat #5 is the button
Seat 1: c3823a7f ($10 in chips)
Seat 2: 8376fbf2 ($11.32 in chips)
Seat 3: Hero ($10.65 in chips)
Seat 4: 648c8a63 ($10.1 in chips)
Seat 5: bdcce63c ($11.61 in chips)
Seat 6: ce9f3ab5 ($10.05 in chips)
ce9f3ab5: posts small blind $0.05
c3823a7f: posts big blind $0.1
*** HOLE CARDS ***
Dealt to c3823a7f 
Dealt to 8376fbf2 
Dealt to Hero [Jd 5s]
Dealt to 648c8a63 
Dealt to bdcce63c 
Dealt to ce9f3ab5 
8376fbf2: raises $0.15 to $0.25
Hero: folds
648c8a63: folds
bdcce63c: folds
ce9f3ab5: folds
c3823a7f: folds
Uncalled bet ($0.15) returned to 8376fbf2
*** SHOWDOWN ***
8376fbf2 collected $0.25 from pot
*** SUMMARY ***
Total pot $0.25 | Rake $0 | Jackpot $0 | Bingo $0 | Fortune $0 | Tax $0
Seat 1: c3823a7f (big blind) folded before Flop
Seat 2: 8376fbf2 collected ($0.25)
Seat 3: Hero folded before Flop (didn't bet)
Seat 4: 648c8a63 folded before Flop (didn't bet)
Seat 5: bdcce63c (button) folded before Flop (didn't bet)
Seat 6: ce9f3ab5 (small blind) folded before Flop


Poker Hand #HD1826875674: Hold'em No Limit ($0.05/$0.1) - 2024/06/22 19:22:12
Table 'NLHRed63' 6-max Seat #4 is the button
Seat 1: 93ecffec ($10.39 in chips)
Seat 2: 8376fbf2 ($11.32 in chips)
Seat 3: Hero ($10.65 in chips)
Seat 4: 648c8a63 ($10.1 in chips)
Seat 5: bdcce63c ($11.66 in chips)
Seat 6: ce9f3ab5 ($10 in chips)
bdcce63c: posts small blind $0.05
ce9f3ab5: posts big blind $0.1
*** HOLE CARDS ***
Dealt to 93ecffec 
Dealt to 8376fbf2 
Dealt to Hero [Qc 2c]
Dealt to 648c8a63 
Dealt to bdcce63c 
Dealt to ce9f3ab5 
93ecffec: folds
8376fbf2: folds
Hero: folds
648c8a63: folds
bdcce63c: folds
Uncalled bet ($0.05) returned to ce9f3ab5
*** SHOWDOWN ***
ce9f3ab5 collected $0.1 from pot
*** SUMMARY ***
Total pot $0.1 | Rake $0 | Jackpot $0 | Bingo $0 | Fortune $0 | Tax $0
Seat 1: 93ecffec folded before Flop (didn't bet)
Seat 2: 8376fbf2 folded before Flop (didn't bet)
Seat 3: Hero folded before Flop (didn't bet)
Seat 4: 648c8a63 (button) folded before Flop (didn't bet)
Seat 5: bdcce63c (small blind) folded before Flop
Seat 6: ce9f3ab5 (big blind) collected ($0.1)


Poker Hand #HD1826775602: Hold'em No Limit ($0.05/$0.1) - 2024/06/22 19:21:29
Table 'NLHRed63' 6-max Seat #3 is the button
Seat 1: 93ecffec ($10.39 in chips)
Seat 2: 8376fbf2 ($11.32 in chips)
Seat 3: Hero ($10.65 in chips)
Seat 4: 648c8a63 ($10 in chips)
Seat 5: bdcce63c ($11.76 in chips)
648c8a63: posts small blind $0.05
bdcce63c: posts big blind $0.1
*** HOLE CARDS ***
Dealt to 93ecffec 
Dealt to 8376fbf2 
Dealt to Hero [7c 8d]
Dealt to 648c8a63 
Dealt to bdcce63c 
93ecffec: folds
8376fbf2: folds
Hero: folds
648c8a63: raises $0.2 to $0.3
bdcce63c: folds
Uncalled bet ($0.2) returned to 648c8a63
*** SHOWDOWN ***
648c8a63 collected $0.2 from pot
*** SUMMARY ***
Total pot $0.2 | Rake $0 | Jackpot $0 | Bingo $0 | Fortune $0 | Tax $0
Seat 1: 93ecffec folded before Flop (didn't bet)
Seat 2: 8376fbf2 folded before Flop (didn't bet)
Seat 3: Hero (button) folded before Flop (didn't bet)
Seat 4: 648c8a63 (small blind) collected ($0.2)
Seat 5: bdcce63c (big blind) folded before Flop


Poker Hand #HD1826775550: Hold'em No Limit ($0.05/$0.1) - 2024/06/22 19:21:05
Table 'NLHRed63' 6-max Seat #2 is the button
Seat 1: 93ecffec ($10.64 in chips)
Seat 2: 8376fbf2 ($10.95 in chips)
Seat 3: Hero ($10.7 in chips)
Seat 4: 648c8a63 ($10 in chips)
Seat 5: bdcce63c ($11.76 in chips)
Hero: posts small blind $0.05
648c8a63: posts big blind $0.1
*** HOLE CARDS ***
Dealt to 93ecffec 
Dealt to 8376fbf2 
Dealt to Hero [4s 9s]
Dealt to 648c8a63 
Dealt to bdcce63c 
bdcce63c: folds
93ecffec: raises $0.15 to $0.25
8376fbf2: raises $0.65 to $0.9
Hero: folds
648c8a63: folds
93ecffec: folds
Uncalled bet ($0.65) returned to 8376fbf2
*** SHOWDOWN ***
8376fbf2 collected $0.62 from pot
*** SUMMARY ***
Total pot $0.65 | Rake $0.03 | Jackpot $0 | Bingo $0 | Fortune $0 | Tax $0
Seat 1: 93ecffec folded before Flop
Seat 2: 8376fbf2 (button) collected ($0.62)
Seat 3: Hero (small blind) folded before Flop
Seat 4: 648c8a63 (big blind) folded before Flop
Seat 5: bdcce63c folded before Flop (didn't bet)


Poker Hand #HD1826775465: Hold'em No Limit ($0.05/$0.1) - 2024/06/22 19:20:19
Table 'NLHRed63' 6-max Seat #1 is the button
Seat 1: 93ecffec ($10.49 in chips)
Seat 2: 8376fbf2 ($11 in chips)
Seat 3: Hero ($10.8 in chips)
Seat 4: 648c8a63 ($10 in chips)
Seat 5: bdcce63c ($11.76 in chips)
8376fbf2: posts small blind $0.05
Hero: posts big blind $0.1
*** HOLE CARDS ***
Dealt to 93ecffec 
Dealt to 8376fbf2 
Dealt to Hero [7s 4c]
Dealt to 648c8a63 
Dealt to bdcce63c 
648c8a63: folds
bdcce63c: folds
93ecffec: raises $0.15 to $0.25
8376fbf2: folds
Hero: folds
Uncalled bet ($0.15) returned to 93ecffec
*** SHOWDOWN ***
93ecffec collected $0.25 from pot
*** SUMMARY ***
Total pot $0.25 | Rake $0 | Jackpot $0 | Bingo $0 | Fortune $0 | Tax $0
Seat 1: 93ecffec (button) collected ($0.25)
Seat 2: 8376fbf2 (small blind) folded before Flop
Seat 3: Hero (big blind) folded before Flop
Seat 4: 648c8a63 folded before Flop (didn't bet)
Seat 5: bdcce63c folded before Flop (didn't bet)


Poker Hand #HD1826775336: Hold'em No Limit ($0.05/$0.1) - 2024/06/22 19:19:13
Table 'NLHRed63' 6-max Seat #5 is the button
Seat 1: 93ecffec ($10.59 in chips)
Seat 2: 8376fbf2 ($10 in chips)
Seat 3: Hero ($10.8 in chips)
Seat 4: 648c8a63 ($10 in chips)
Seat 5: bdcce63c ($11.76 in chips)
Seat 6: 4e30a626 ($8.02 in chips)
4e30a626: posts small blind $0.05
93ecffec: posts big blind $0.1
*** HOLE CARDS ***
Dealt to 93ecffec 
Dealt to 8376fbf2 
Dealt to Hero [5h 3c]
Dealt to 648c8a63 
Dealt to bdcce63c 
Dealt to 4e30a626 
8376fbf2: raises $0.15 to $0.25
Hero: folds
648c8a63: folds
bdcce63c: folds
4e30a626: calls $0.2
93ecffec: folds
*** FLOP *** [Qc 4h 8c]
4e30a626: bets $0.2
8376fbf2: raises $0.55 to $0.75
4e30a626: calls $0.55
*** TURN *** [Qc 4h 8c] [7h]
4e30a626: checks
8376fbf2: bets $1.75
4e30a626: folds
Uncalled bet ($1.75) returned to 8376fbf2
*** SHOWDOWN ***
8376fbf2 collected $2 from pot
*** SUMMARY ***
Total pot $2.1 | Rake $0.1 | Jackpot $0 | Bingo $0 | Fortune $0 | Tax $0
Board [Qc 4h 8c 7h]
Seat 1: 93ecffec (big blind) folded before Flop
Seat 2: 8376fbf2 won ($2)
Seat 3: Hero folded before Flop (didn't bet)
Seat 4: 648c8a63 folded before Flop (didn't bet)
Seat 5: bdcce63c (button) folded before Flop (didn't bet)
Seat 6: 4e30a626 (small blind) folded on the Turn


Poker Hand #HD1826775231: Hold'em No Limit ($0.05/$0.1) - 2024/06/22 19:18:17
Table 'NLHRed63' 6-max Seat #4 is the button
Seat 1: 93ecffec ($10.59 in chips)
Seat 2: 8376fbf2 ($10 in chips)
Seat 3: Hero ($10.26 in chips)
Seat 4: 648c8a63 ($10 in chips)
Seat 5: bdcce63c ($11.81 in chips)
Seat 6: 4e30a626 ($8.56 in chips)
bdcce63c: posts small blind $0.05
4e30a626: posts big blind $0.1
*** HOLE CARDS ***
Dealt to 93ecffec 
Dealt to 8376fbf2 
Dealt to Hero [Ac Ts]
Dealt to 648c8a63 
Dealt to bdcce63c 
Dealt to 4e30a626 
93ecffec: folds
8376fbf2: folds
Hero: raises $0.14 to $0.24
648c8a63: folds
bdcce63c: folds
4e30a626: calls $0.14
*** FLOP *** [7d 6h Js]
4e30a626: checks
Hero: checks
*** TURN *** [7d 6h Js] [9d]
4e30a626: checks
Hero: bets $0.3
4e30a626: calls $0.3
*** RIVER *** [7d 6h Js 9d] [9c]
4e30a626: checks
Hero: bets $0.8
4e30a626: folds
Uncalled bet ($0.8) returned to Hero
*** SHOWDOWN ***
Hero collected $1.08 from pot
*** SUMMARY ***
Total pot $1.13 | Rake $0.05 | Jackpot $0 | Bingo $0 | Fortune $0 | Tax $0
Board [7d 6h Js 9d 9c]
Seat 1: 93ecffec folded before Flop (didn't bet)
Seat 2: 8376fbf2 folded before Flop (didn't bet)
Seat 3: Hero won ($1.08)
Seat 4: 648c8a63 (button) folded before Flop (didn't bet)
Seat 5: bdcce63c (small blind) folded before Flop
Seat 6: 4e30a626 (big blind) folded on the River


Poker Hand #HD1826775189: Hold'em No Limit ($0.05/$0.1) - 2024/06/22 19:17:54
Table 'NLHRed63' 6-max Seat #3 is the button
Seat 1: 93ecffec ($10.59 in chips)
Seat 2: 8376fbf2 ($10 in chips)
Seat 3: Hero ($10.26 in chips)
Seat 4: 648c8a63 ($10 in chips)
Seat 5: bdcce63c ($11.76 in chips)
Seat 6: 4e30a626 ($8.56 in chips)
648c8a63: posts small blind $0.05
bdcce63c: posts big blind $0.1
*** HOLE CARDS ***
Dealt to 93ecffec 
Dealt to 8376fbf2 
Dealt to Hero [3h 8d]
Dealt to 648c8a63 
Dealt to bdcce63c 
Dealt to 4e30a626 
4e30a626: folds
93ecffec: folds
8376fbf2: folds
Hero: folds
648c8a63: folds
Uncalled bet ($0.05) returned to bdcce63c
*** SHOWDOWN ***
bdcce63c collected $0.1 from pot
*** SUMMARY ***
Total pot $0.1 | Rake $0 | Jackpot $0 | Bingo $0 | Fortune $0 | Tax $0
Seat 1: 93ecffec folded before Flop (didn't bet)
Seat 2: 8376fbf2 folded before Flop (didn't bet)
Seat 3: Hero (button) folded before Flop (didn't bet)
Seat 4: 648c8a63 (small blind) folded before Flop
Seat 5: bdcce63c (big blind) collected ($0.1)
Seat 6: 4e30a626 folded before Flop (didn't bet)


Poker Hand #HD1826775138: Hold'em No Limit ($0.05/$0.1) - 2024/06/22 19:17:22
Table 'NLHRed63' 6-max Seat #2 is the button
Seat 1: 93ecffec ($10.44 in chips)
Seat 2: 8376fbf2 ($10 in chips)
Seat 3: Hero ($10.31 in chips)
Seat 4: 648c8a63 ($10 in chips)
Seat 6: 4e30a626 ($8.56 in chips)
Hero: posts small blind $0.05
648c8a63: posts big blind $0.1
*** HOLE CARDS ***
Dealt to 93ecffec 
Dealt to 8376fbf2 
Dealt to Hero [Jd 9c]
Dealt to 648c8a63 
Dealt to 4e30a626 
4e30a626: folds
93ecffec: raises $0.15 to $0.25
8376fbf2: folds
Hero: folds
648c8a63: folds
Uncalled bet ($0.15) returned to 93ecffec
*** SHOWDOWN ***
93ecffec collected $0.25 from pot
*** SUMMARY ***
Total pot $0.25 | Rake $0 | Jackpot $0 | Bingo $0 | Fortune $0 | Tax $0
Seat 1: 93ecffec collected ($0.25)
Seat 2: 8376fbf2 (button) folded before Flop (didn't bet)
Seat 3: Hero (small blind) folded before Flop
Seat 4: 648c8a63 (big blind) folded before Flop
Seat 6: 4e30a626 folded before Flop (didn't bet)


Poker Hand #HD1826775078: Hold'em No Limit ($0.05/$0.1) - 2024/06/22 19:16:52
Table 'NLHRed63' 6-max Seat #1 is the button
Seat 1: 93ecffec ($10.44 in chips)
Seat 2: 8376fbf2 ($10.05 in chips)
Seat 3: Hero ($10.41 in chips)
Seat 4: 6bb35835 ($12.66 in chips)
Seat 6: 4e30a626 ($8.42 in chips)
8376fbf2: posts small blind $0.05
Hero: posts big blind $0.1
*** HOLE CARDS ***
Dealt to 93ecffec 
Dealt to 8376fbf2 
Dealt to Hero [7s 3c]
Dealt to 6bb35835 
Dealt to 4e30a626 
6bb35835: folds
4e30a626: calls $0.1
93ecffec: folds
8376fbf2: folds
Hero: checks
*** FLOP *** [6c Ac 8h]
Hero: checks
4e30a626: bets $0.1
Hero: folds
Uncalled bet ($0.1) returned to 4e30a626
*** SHOWDOWN ***
4e30a626 collected $0.24 from pot
*** SUMMARY ***
Total pot $0.25 | Rake $0.01 | Jackpot $0 | Bingo $0 | Fortune $0 | Tax $0
Board [6c Ac 8h]
Seat 1: 93ecffec (button) folded before Flop (didn't bet)
Seat 2: 8376fbf2 (small blind) folded before Flop
Seat 3: Hero (big blind) folded on the Flop
Seat 4: 6bb35835 folded before Flop (didn't bet)
Seat 6: 4e30a626 won ($0.24)


Poker Hand #HD1826775051: Hold'em No Limit ($0.05/$0.1) - 2024/06/22 19:16:41
Table 'NLHRed63' 6-max Seat #6 is the button
Seat 1: 93ecffec ($10.49 in chips)
Seat 2: 8376fbf2 ($10 in chips)
Seat 3: Hero ($10.41 in chips)
Seat 4: 6bb35835 ($12.66 in chips)
Seat 6: 4e30a626 ($8.42 in chips)
93ecffec: posts small blind $0.05
8376fbf2: posts big blind $0.1
*** HOLE CARDS ***
Dealt to 93ecffec 
Dealt to 8376fbf2 
Dealt to Hero [9s 2c]
Dealt to 6bb35835 
Dealt to 4e30a626 
Hero: folds
6bb35835: folds
4e30a626: folds
93ecffec: folds
Uncalled bet ($0.05) returned to 8376fbf2
*** SHOWDOWN ***
8376fbf2 collected $0.1 from pot
*** SUMMARY ***
Total pot $0.1 | Rake $0 | Jackpot $0 | Bingo $0 | Fortune $0 | Tax $0
Seat 1: 93ecffec (small blind) folded before Flop
Seat 2: 8376fbf2 (big blind) collected ($0.1)
Seat 3: Hero folded before Flop (didn't bet)
Seat 4: 6bb35835 folded before Flop (didn't bet)
Seat 6: 4e30a626 (button) folded before Flop (didn't bet)


Poker Hand #HD1826775022: Hold'em No Limit ($0.05/$0.1) - 2024/06/22 19:16:26
Table 'NLHRed63' 6-max Seat #4 is the button
Seat 1: 93ecffec ($10.59 in chips)
Seat 2: 8376fbf2 ($10 in chips)
Seat 3: Hero ($10.41 in chips)
Seat 4: 6bb35835 ($12.66 in chips)
Seat 6: 4e30a626 ($8.32 in chips)
4e30a626: posts small blind $0.05
93ecffec: posts big blind $0.1
*** HOLE CARDS ***
Dealt to 93ecffec 
Dealt to 8376fbf2 
Dealt to Hero [6s 4d]
Dealt to 6bb35835 
Dealt to 4e30a626 
8376fbf2: folds
Hero: folds
6bb35835: folds
4e30a626: raises $0.1 to $0.2
93ecffec: folds
Uncalled bet ($0.1) returned to 4e30a626
*** SHOWDOWN ***
4e30a626 collected $0.2 from pot
*** SUMMARY ***
Total pot $0.2 | Rake $0 | Jackpot $0 | Bingo $0 | Fortune $0 | Tax $0
Seat 1: 93ecffec (big blind) folded before Flop
Seat 2: 8376fbf2 folded before Flop (didn't bet)
Seat 3: Hero folded before Flop (didn't bet)
Seat 4: 6bb35835 (button) folded before Flop (didn't bet)
Seat 6: 4e30a626 (small blind) collected ($0.2)


Poker Hand #HD1826774974: Hold'em No Limit ($0.05/$0.1) - 2024/06/22 19:16:05
Table 'NLHRed63' 6-max Seat #3 is the button
Seat 1: 93ecffec ($10.44 in chips)
Seat 2: 8376fbf2 ($10 in chips)
Seat 3: Hero ($10.41 in chips)
Seat 4: 6bb35835 ($12.71 in chips)
Seat 6: 4e30a626 ($8.42 in chips)
6bb35835: posts small blind $0.05
4e30a626: posts big blind $0.1
*** HOLE CARDS ***
Dealt to 93ecffec 
Dealt to 8376fbf2 
Dealt to Hero [9s Jd]
Dealt to 6bb35835 
Dealt to 4e30a626 
93ecffec: raises $0.2 to $0.3
8376fbf2: folds
Hero: folds
6bb35835: folds
4e30a626: folds
Uncalled bet ($0.2) returned to 93ecffec
*** SHOWDOWN ***
93ecffec collected $0.25 from pot
*** SUMMARY ***
Total pot $0.25 | Rake $0 | Jackpot $0 | Bingo $0 | Fortune $0 | Tax $0
Seat 1: 93ecffec collected ($0.25)
Seat 2: 8376fbf2 folded before Flop (didn't bet)
Seat 3: Hero (button) folded before Flop (didn't bet)
Seat 4: 6bb35835 (small blind) folded before Flop
Seat 6: 4e30a626 (big blind) folded before Flop


Poker Hand #HD1826774927: Hold'em No Limit ($0.05/$0.1) - 2024/06/22 19:15:44
Table 'NLHRed63' 6-max Seat #2 is the button
Seat 1: 93ecffec ($10.11 in chips)
Seat 2: 8376fbf2 ($10 in chips)
Seat 3: Hero ($10.46 in chips)
Seat 4: 6bb35835 ($12.81 in chips)
Seat 6: 4e30a626 ($8.62 in chips)
Hero: posts small blind $0.05
6bb35835: posts big blind $0.1
*** HOLE CARDS ***
Dealt to 93ecffec 
Dealt to 8376fbf2 
Dealt to Hero [Qs Ah]
Dealt to 6bb35835 
Dealt to 4e30a626 
4e30a626: raises $0.1 to $0.2
93ecffec: raises $0.6 to $0.8
8376fbf2: folds
Hero: folds
6bb35835: folds
4e30a626: folds
Uncalled bet ($0.6) returned to 93ecffec
*** SHOWDOWN ***
93ecffec collected $0.53 from pot
*** SUMMARY ***
Total pot $0.55 | Rake $0.02 | Jackpot $0 | Bingo $0 | Fortune $0 | Tax $0
Seat 1: 93ecffec collected ($0.53)
Seat 2: 8376fbf2 (button) folded before Flop (didn't bet)
Seat 3: Hero (small blind) folded before Flop
Seat 4: 6bb35835 (big blind) folded before Flop
Seat 6: 4e30a626 folded before Flop


Poker Hand #HD1826774833: Hold'em No Limit ($0.05/$0.1) - 2024/06/22 19:14:50
Table 'NLHRed63' 6-max Seat #1 is the button
Seat 1: 93ecffec ($10.11 in chips)
Seat 2: 8376fbf2 ($10.05 in chips)
Seat 3: Hero ($10 in chips)
Seat 4: 6bb35835 ($12.91 in chips)
Seat 6: 4e30a626 ($8.97 in chips)
8376fbf2: posts small blind $0.05
Hero: posts big blind $0.1
4e30a626: posts missed blind $0.05
4e30a626: posts big blind $0.1
*** HOLE CARDS ***
Dealt to 93ecffec 
Dealt to 8376fbf2 
Dealt to Hero [Qc 6d]
Dealt to 6bb35835 
Dealt to 4e30a626 
6bb35835: calls $0.1
4e30a626: checks
93ecffec: folds
8376fbf2: folds
Hero: checks
*** FLOP *** [As Tc 5h]
Hero: checks
6bb35835: checks
4e30a626: checks
*** TURN *** [As Tc 5h] [Qh]
Hero: checks
6bb35835: checks
4e30a626: checks
*** RIVER *** [As Tc 5h Qh] [7h]
Hero: bets $0.2
6bb35835: folds
4e30a626: calls $0.2
Hero: shows [Qc 6d] (Pair of Queens)
4e30a626: shows [4h 7s] (Pair of Sevens)
*** SHOWDOWN ***
Hero collected $0.76 from pot
*** SUMMARY ***
Total pot $0.8 | Rake $0.04 | Jackpot $0 | Bingo $0 | Fortune $0 | Tax $0
Board [As Tc 5h Qh 7h]
Seat 1: 93ecffec (button) folded before Flop (didn't bet)
Seat 2: 8376fbf2 (small blind) folded before Flop
Seat 3: Hero (big blind) showed [Qc 6d] and won ($0.76) with Pair of Queens
Seat 4: 6bb35835 folded on the River
Seat 6: 4e30a626 showed [4h 7s] and lost with Pair of Sevens


Poker Hand #HD1826774813: Hold'em No Limit ($0.05/$0.1) - 2024/06/22 19:14:38
Table 'NLHRed63' 6-max Seat #4 is the button
Seat 1: 93ecffec ($10.16 in chips)
Seat 2: 8376fbf2 ($10 in chips)
Seat 3: Hero ($10 in chips)
Seat 4: 6bb35835 ($12.91 in chips)
93ecffec: posts small blind $0.05
8376fbf2: posts big blind $0.1
*** HOLE CARDS ***
Dealt to 93ecffec 
Dealt to 8376fbf2 
Dealt to Hero [4c 4h]
Dealt to 6bb35835 
Hero: folds
6bb35835: folds
93ecffec: folds
Uncalled bet ($0.05) returned to 8376fbf2
*** SHOWDOWN ***
8376fbf2 collected $0.1 from pot
*** SUMMARY ***
Total pot $0.1 | Rake $0 | Jackpot $0 | Bingo $0 | Fortune $0 | Tax $0
Seat 1: 93ecffec (small blind) folded before Flop
Seat 2: 8376fbf2 (big blind) collected ($0.1)
Seat 3: Hero folded before Flop (didn't bet)
Seat 4: 6bb35835 (button) folded before Flop (didn't bet)


Poker Hand #HD1826774702: Hold'em No Limit ($0.05/$0.1) - 2024/06/22 19:13:43
Table 'NLHRed63' 6-max Seat #3 is the button
Seat 1: 93ecffec ($10.76 in chips)
Seat 2: 8376fbf2 ($10 in chips)
Seat 3: Hero ($10 in chips)
Seat 4: 6bb35835 ($12.37 in chips)
6bb35835: posts small blind $0.05
93ecffec: posts big blind $0.1
*** HOLE CARDS ***
Dealt to 93ecffec 
Dealt to 8376fbf2 
Dealt to Hero [Ac 6s]
Dealt to 6bb35835 
8376fbf2: folds
Hero: folds
6bb35835: raises $0.2 to $0.3
93ecffec: calls $0.2
*** FLOP *** [Kc 9d 6d]
6bb35835: bets $0.3
93ecffec: calls $0.3
*** TURN *** [Kc 9d 6d] [5c]
6bb35835: checks
93ecffec: checks
*** RIVER *** [Kc 9d 6d 5c] [Qh]
6bb35835: checks
93ecffec: checks
6bb35835: shows [Jh Js] (Pair of Jacks)
93ecffec: shows [9h 7c] (Pair of Nines)
*** SHOWDOWN ***
6bb35835 collected $1.14 from pot
*** SUMMARY ***
Total pot $1.2 | Rake $0.06 | Jackpot $0 | Bingo $0 | Fortune $0 | Tax $0
Board [Kc 9d 6d 5c Qh]
Seat 1: 93ecffec (big blind) showed [9h 7c] and lost with Pair of Nines
Seat 2: 8376fbf2 folded before Flop (didn't bet)
Seat 3: Hero (button) folded before Flop (didn't bet)
Seat 4: 6bb35835 (small blind) showed [Jh Js] and won ($1.14) with Pair of Jacks


Poker Hand #HD1826774570: Hold'em No Limit ($0.05/$0.1) - 2024/06/22 19:12:36
Table 'NLHRed63' 6-max Seat #2 is the button
Seat 1: 93ecffec ($10.76 in chips)
Seat 2: 8376fbf2 ($10 in chips)
Seat 3: Hero ($10 in chips)
Seat 4: 6bb35835 ($11.61 in chips)
Seat 6: 4e30a626 ($8.97 in chips)
Hero: posts small blind $0.05
6bb35835: posts big blind $0.1
*** HOLE CARDS ***
Dealt to 93ecffec 
Dealt to 8376fbf2 
Dealt to Hero [6s 9h]
Dealt to 6bb35835 
Dealt to 4e30a626 
4e30a626: folds
93ecffec: folds
8376fbf2: raises $0.2 to $0.3
Hero: folds
6bb35835: calls $0.2
*** FLOP *** [2h 8d 9c]
6bb35835: bets $0.49
8376fbf2: calls $0.49
*** TURN *** [2h 8d 9c] [3s]
6bb35835: bets $1.23
8376fbf2: folds
Uncalled bet ($1.23) returned to 6bb35835
*** SHOWDOWN ***
6bb35835 collected $1.55 from pot
*** SUMMARY ***
Total pot $1.63 | Rake $0.08 | Jackpot $0 | Bingo $0 | Fortune $0 | Tax $0
Board [2h 8d 9c 3s]
Seat 1: 93ecffec folded before Flop (didn't bet)
Seat 2: 8376fbf2 (button) folded on the Turn
Seat 3: Hero (small blind) folded before Flop
Seat 4: 6bb35835 (big blind) won ($1.55)
Seat 6: 4e30a626 folded before Flop (didn't bet)


Poker Hand #HD1826774547: Hold'em No Limit ($0.05/$0.1) - 2024/06/22 19:12:22
Table 'NLHRed63' 6-max Seat #1 is the button
Seat 1: 93ecffec ($10.76 in chips)
Seat 2: 8376fbf2 ($10 in chips)
Seat 3: Hero ($10 in chips)
Seat 4: 6bb35835 ($11.46 in chips)
Seat 6: 4e30a626 ($8.97 in chips)
8376fbf2: posts small blind $0.05
Hero: posts big blind $0.1
*** HOLE CARDS ***
Dealt to 93ecffec 
Dealt to 8376fbf2 
Dealt to Hero [5h 9s]
Dealt to 6bb35835 
Dealt to 4e30a626 
6bb35835: raises $0.2 to $0.3
4e30a626: folds
93ecffec: folds
8376fbf2: folds
Hero: folds
Uncalled bet ($0.2) returned to 6bb35835
*** SHOWDOWN ***
6bb35835 collected $0.25 from pot
*** SUMMARY ***
Total pot $0.25 | Rake $0 | Jackpot $0 | Bingo $0 | Fortune $0 | Tax $0
Seat 1: 93ecffec (button) folded before Flop (didn't bet)
Seat 2: 8376fbf2 (small blind) folded before Flop
Seat 3: Hero (big blind) folded before Flop
Seat 4: 6bb35835 collected ($0.25)
Seat 6: 4e30a626 folded before Flop (didn't bet)


Poker Hand #HD1826774414: Hold'em No Limit ($0.05/$0.1) - 2024/06/22 19:11:11
Table 'NLHRed63' 6-max Seat #6 is the button
Seat 1: 93ecffec ($10.81 in chips)
Seat 2: 8376fbf2 ($10 in chips)
Seat 3: Hero ($10 in chips)
Seat 4: 6bb35835 ($11.46 in chips)
Seat 6: 4e30a626 ($8.71 in chips)
93ecffec: posts small blind $0.05
8376fbf2: posts big blind $0.1
*** HOLE CARDS ***
Dealt to 93ecffec 
Dealt to 8376fbf2 
Dealt to Hero [Ts Qh]
Dealt to 6bb35835 
Dealt to 4e30a626 
Hero: folds
6bb35835: folds
4e30a626: calls $0.1
93ecffec: folds
8376fbf2: checks
*** FLOP *** [3c 5d 3s]
8376fbf2: checks
4e30a626: bets $0.13
8376fbf2: calls $0.13
*** TURN *** [3c 5d 3s] [Td]
8376fbf2: checks
4e30a626: checks
*** RIVER *** [3c 5d 3s Td] [7d]
8376fbf2: checks
4e30a626: checks
8376fbf2: shows [Ac 4h] (Pair of Treys)
4e30a626: shows [5s 6s] (Pair of Fives and Pair of Treys)
*** SHOWDOWN ***
4e30a626 collected $0.49 from pot
*** SUMMARY ***
Total pot $0.51 | Rake $0.02 | Jackpot $0 | Bingo $0 | Fortune $0 | Tax $0
Board [3c 5d 3s Td 7d]
Seat 1: 93ecffec (small blind) folded before Flop
Seat 2: 8376fbf2 (big blind) showed [Ac 4h] and lost with Pair of Treys
Seat 3: Hero folded before Flop (didn't bet)
Seat 4: 6bb35835 folded before Flop (didn't bet)
Seat 6: 4e30a626 (button) showed [5s 6s] and won ($0.49) with Pair of Fives and Pair of Treys


Poker Hand #HD1826774349: Hold'em No Limit ($0.05/$0.1) - 2024/06/22 19:10:42
Table 'NLHRed63' 6-max Seat #4 is the button
Seat 1: 93ecffec ($10.81 in chips)
Seat 2: 8376fbf2 ($10 in chips)
Seat 3: Hero ($10 in chips)
Seat 4: 6bb35835 ($11.23 in chips)
Seat 5: bdcce63c ($11.81 in chips)
Seat 6: 4e30a626 ($8.91 in chips)
bdcce63c: posts small blind $0.05
4e30a626: posts big blind $0.1
*** HOLE CARDS ***
Dealt to 93ecffec 
Dealt to 8376fbf2 
Dealt to Hero [4h Qs]
Dealt to 6bb35835 
Dealt to bdcce63c 
Dealt to 4e30a626 
93ecffec: folds
8376fbf2: folds
Hero: folds
6bb35835: raises $0.1 to $0.2
bdcce63c: folds
4e30a626: calls $0.1
*** FLOP *** [Td 9d 7h]
4e30a626: checks
6bb35835: bets $0.34
4e30a626: folds
Uncalled bet ($0.34) returned to 6bb35835
*** SHOWDOWN ***
6bb35835 collected $0.43 from pot
*** SUMMARY ***
Total pot $0.45 | Rake $0.02 | Jackpot $0 | Bingo $0 | Fortune $0 | Tax $0
Board [Td 9d 7h]
Seat 1: 93ecffec folded before Flop (didn't bet)
Seat 2: 8376fbf2 folded before Flop (didn't bet)
Seat 3: Hero folded before Flop (didn't bet)
Seat 4: 6bb35835 (button) won ($0.43)
Seat 5: bdcce63c (small blind) folded before Flop
Seat 6: 4e30a626 (big blind) folded on the Flop


Poker Hand #HD1826774276: Hold'em No Limit ($0.05/$0.1) - 2024/06/22 19:10:00
Table 'NLHRed63' 6-max Seat #3 is the button
Seat 1: 93ecffec ($10.81 in chips)
Seat 2: 8376fbf2 ($10 in chips)
Seat 3: Hero ($10 in chips)
Seat 4: 6bb35835 ($11.98 in chips)
Seat 5: bdcce63c ($11.91 in chips)
Seat 6: 4e30a626 ($7.42 in chips)
6bb35835: posts small blind $0.05
bdcce63c: posts big blind $0.1
*** HOLE CARDS ***
Dealt to 93ecffec 
Dealt to 8376fbf2 
Dealt to Hero [7s 4c]
Dealt to 6bb35835 
Dealt to bdcce63c 
Dealt to 4e30a626 
4e30a626: raises $0.1 to $0.2
93ecffec: folds
8376fbf2: raises $0.55 to $0.75
Hero: folds
6bb35835: calls $0.7
bdcce63c: folds
4e30a626: raises $1.77 to $2.52
8376fbf2: folds
6bb35835: folds
Uncalled bet ($1.77) returned to 4e30a626
*** SHOWDOWN ***
4e30a626 collected $2.24 from pot
*** SUMMARY ***
Total pot $2.35 | Rake $0.11 | Jackpot $0 | Bingo $0 | Fortune $0 | Tax $0
Seat 1: 93ecffec folded before Flop (didn't bet)
Seat 2: 8376fbf2 folded before Flop
Seat 3: Hero (button) folded before Flop (didn't bet)
Seat 4: 6bb35835 (small blind) folded before Flop
Seat 5: bdcce63c (big blind) folded before Flop
Seat 6: 4e30a626 collected ($2.24)


Poker Hand #HD1826774193: Hold'em No Limit ($0.05/$0.1) - 2024/06/22 19:09:12
Table 'NLHRed63' 6-max Seat #2 is the button
Seat 1: 93ecffec ($10.81 in chips)
Seat 2: 8376fbf2 ($10 in chips)
Seat 3: Hero ($10.05 in chips)
Seat 4: 6bb35835 ($12.18 in chips)
Seat 5: bdcce63c ($11.68 in chips)
Seat 6: 4e30a626 ($7.42 in chips)
Hero: posts small blind $0.05
6bb35835: posts big blind $0.1
*** HOLE CARDS ***
Dealt to 93ecffec 
Dealt to 8376fbf2 
Dealt to Hero [Td 6h]
Dealt to 6bb35835 
Dealt to bdcce63c 
Dealt to 4e30a626 
bdcce63c: raises $0.1 to $0.2
4e30a626: folds
93ecffec: folds
8376fbf2: folds
Hero: folds
6bb35835: calls $0.1
*** FLOP *** [Ts Qd 2d]
6bb35835: checks
bdcce63c: bets $0.85
6bb35835: folds
Uncalled bet ($0.85) returned to bdcce63c
*** SHOWDOWN ***
bdcce63c collected $0.43 from pot
*** SUMMARY ***
Total pot $0.45 | Rake $0.02 | Jackpot $0 | Bingo $0 | Fortune $0 | Tax $0
Board [Ts Qd 2d]
Seat 1: 93ecffec folded before Flop (didn't bet)
Seat 2: 8376fbf2 (button) folded before Flop (didn't bet)
Seat 3: Hero (small blind) folded before Flop
Seat 4: 6bb35835 (big blind) folded on the Flop
Seat 5: bdcce63c won ($0.43)
Seat 6: 4e30a626 folded before Flop (didn't bet)


Poker Hand #HD1826774128: Hold'em No Limit ($0.05/$0.1) - 2024/06/22 19:08:43
Table 'NLHRed63' 6-max Seat #1 is the button
Seat 1: 93ecffec ($10.66 in chips)
Seat 2: 8376fbf2 ($10 in chips)
Seat 3: Hero ($10.15 in chips)
Seat 4: 6bb35835 ($12.18 in chips)
Seat 5: bdcce63c ($11.68 in chips)
Seat 6: 4e30a626 ($7.42 in chips)
8376fbf2: posts small blind $0.05
Hero: posts big blind $0.1
*** HOLE CARDS ***
Dealt to 93ecffec 
Dealt to 8376fbf2 
Dealt to Hero [7d 2c]
Dealt to 6bb35835 
Dealt to bdcce63c 
Dealt to 4e30a626 
6bb35835: folds
bdcce63c: folds
4e30a626: folds
93ecffec: raises $0.15 to $0.25
8376fbf2: folds
Hero: folds
Uncalled bet ($0.15) returned to 93ecffec
*** SHOWDOWN ***
93ecffec collected $0.25 from pot
*** SUMMARY ***
Total pot $0.25 | Rake $0 | Jackpot $0 | Bingo $0 | Fortune $0 | Tax $0
Seat 1: 93ecffec (button) collected ($0.25)
Seat 2: 8376fbf2 (small blind) folded before Flop
Seat 3: Hero (big blind) folded before Flop
Seat 4: 6bb35835 folded before Flop (didn't bet)
Seat 5: bdcce63c folded before Flop (didn't bet)
Seat 6: 4e30a626 folded before Flop (didn't bet)


Poker Hand #HD1826774090: Hold'em No Limit ($0.05/$0.1) - 2024/06/22 19:08:23
Table 'NLHRed63' 6-max Seat #6 is the button
Seat 1: 93ecffec ($10.56 in chips)
Seat 2: 8376fbf2 ($10 in chips)
Seat 3: Hero ($10.15 in chips)
Seat 4: 6bb35835 ($12.18 in chips)
Seat 5: bdcce63c ($11.68 in chips)
Seat 6: 4e30a626 ($7.42 in chips)
93ecffec: posts small blind $0.05
8376fbf2: posts big blind $0.1
*** HOLE CARDS ***
Dealt to 93ecffec 
Dealt to 8376fbf2 
Dealt to Hero [9d 3d]
Dealt to 6bb35835 
Dealt to bdcce63c 
Dealt to 4e30a626 
Hero: folds
6bb35835: folds
bdcce63c: folds
4e30a626: folds
93ecffec: raises $0.2 to $0.3
8376fbf2: folds
Uncalled bet ($0.2) returned to 93ecffec
*** SHOWDOWN ***
93ecffec collected $0.2 from pot
*** SUMMARY ***
Total pot $0.2 | Rake $0 | Jackpot $0 | Bingo $0 | Fortune $0 | Tax $0
Seat 1: 93ecffec (small blind) collected ($0.2)
Seat 2: 8376fbf2 (big blind) folded before Flop
Seat 3: Hero folded before Flop (didn't bet)
Seat 4: 6bb35835 folded before Flop (didn't bet)
Seat 5: bdcce63c folded before Flop (didn't bet)
Seat 6: 4e30a626 (button) folded before Flop (didn't bet)


Poker Hand #HD1826774044: Hold'em No Limit ($0.05/$0.1) - 2024/06/22 19:07:57
Table 'NLHRed63' 6-max Seat #5 is the button
Seat 1: 93ecffec ($10.66 in chips)
Seat 2: f8c8880 ($14.52 in chips)
Seat 3: Hero ($10 in chips)
Seat 4: 6bb35835 ($12.18 in chips)
Seat 5: bdcce63c ($11.68 in chips)
Seat 6: 4e30a626 ($7.47 in chips)
4e30a626: posts small blind $0.05
93ecffec: posts big blind $0.1
*** HOLE CARDS ***
Dealt to 93ecffec 
Dealt to f8c8880 
Dealt to Hero [As Ah]
Dealt to 6bb35835 
Dealt to bdcce63c 
Dealt to 4e30a626 
f8c8880: folds
Hero: raises $0.1 to $0.2
6bb35835: folds
bdcce63c: folds
4e30a626: folds
93ecffec: folds
Uncalled bet ($0.1) returned to Hero
*** SHOWDOWN ***
Hero collected $0.25 from pot
*** SUMMARY ***
Total pot $0.25 | Rake $0 | Jackpot $0 | Bingo $0 | Fortune $0 | Tax $0
Seat 1: 93ecffec (big blind) folded before Flop
Seat 2: f8c8880 folded before Flop (didn't bet)
Seat 3: Hero collected ($0.25)
Seat 4: 6bb35835 folded before Flop (didn't bet)
Seat 5: bdcce63c (button) folded before Flop (didn't bet)
Seat 6: 4e30a626 (small blind) folded before Flop


Poker Hand #HD1826773899: Hold'em No Limit ($0.05/$0.1) - 2024/06/22 19:06:41
Table 'NLHRed63' 6-max Seat #4 is the button
Seat 1: 93ecffec ($10.66 in chips)
Seat 2: f8c8880 ($14.52 in chips)
Seat 3: Hero ($10 in chips)
Seat 4: 6bb35835 ($12.18 in chips)
Seat 5: bdcce63c ($11.73 in chips)
Seat 6: 4e30a626 ($5.81 in chips)
bdcce63c: posts small blind $0.05
4e30a626: posts big blind $0.1
*** HOLE CARDS ***
Dealt to 93ecffec 
Dealt to f8c8880 
Dealt to Hero [Ad Qc]
Dealt to 6bb35835 
Dealt to bdcce63c 
Dealt to 4e30a626 
93ecffec: folds
f8c8880: folds
Hero: raises $0.14 to $0.24
6bb35835: folds
bdcce63c: folds
4e30a626: raises $0.14 to $0.38
Hero: calls $0.14
*** FLOP *** [5s 2s Qh]
4e30a626: bets $0.41
Hero: calls $0.41
*** TURN *** [5s 2s Qh] [2c]
4e30a626: checks
Hero: bets $0.5
4e30a626: calls $0.5
*** RIVER *** [5s 2s Qh 2c] [8c]
4e30a626: bets $0.6
Hero: calls $0.6
4e30a626: shows [8h 8d] (Eights Full over Twos)
Hero: shows [Ad Qc] (Pair of Queens and Pair of Twos)
*** SHOWDOWN ***
4e30a626 collected $3.55 from pot
*** SUMMARY ***
Total pot $3.83 | Rake $0.18 | Jackpot $0.1 | Bingo $0 | Fortune $0 | Tax $0
Board [5s 2s Qh 2c 8c]
Seat 1: 93ecffec folded before Flop (didn't bet)
Seat 2: f8c8880 folded before Flop (didn't bet)
Seat 3: Hero showed [Ad Qc] and lost with Pair of Queens and Pair of Twos
Seat 4: 6bb35835 (button) folded before Flop (didn't bet)
Seat 5: bdcce63c (small blind) folded before Flop
Seat 6: 4e30a626 (big blind) showed [8h 8d] and won ($3.55) with Eights Full over Twos


Poker Hand #HD1826773834: Hold'em No Limit ($0.05/$0.1) - 2024/06/22 19:06:09
Table 'NLHRed63' 6-max Seat #3 is the button
Seat 1: 93ecffec ($10.66 in chips)
Seat 2: f8c8880 ($14.52 in chips)
Seat 3: Hero ($10 in chips)
Seat 4: 6bb35835 ($12.09 in chips)
Seat 5: bdcce63c ($11.83 in chips)
Seat 6: 4e30a626 ($5.81 in chips)
6bb35835: posts small blind $0.05
bdcce63c: posts big blind $0.1
*** HOLE CARDS ***
Dealt to 93ecffec 
Dealt to f8c8880 
Dealt to Hero [8s 4d]
Dealt to 6bb35835 
Dealt to bdcce63c 
Dealt to 4e30a626 
4e30a626: folds
93ecffec: folds
f8c8880: folds
Hero: folds
6bb35835: calls $0.05
bdcce63c: checks
*** FLOP *** [9c Jc 8d]
6bb35835: bets $0.1
bdcce63c: folds
Uncalled bet ($0.1) returned to 6bb35835
*** SHOWDOWN ***
6bb35835 collected $0.19 from pot
*** SUMMARY ***
Total pot $0.2 | Rake $0.01 | Jackpot $0 | Bingo $0 | Fortune $0 | Tax $0
Board [9c Jc 8d]
Seat 1: 93ecffec folded before Flop (didn't bet)
Seat 2: f8c8880 folded before Flop (didn't bet)
Seat 3: Hero (button) folded before Flop (didn't bet)
Seat 4: 6bb35835 (small blind) won ($0.19)
Seat 5: bdcce63c (big blind) folded on the Flop
Seat 6: 4e30a626 folded before Flop (didn't bet)


Poker Hand #HD1826773807: Hold'em No Limit ($0.05/$0.1) - 2024/06/22 19:05:56
Table 'NLHRed63' 6-max Seat #2 is the button
Seat 1: 93ecffec ($10.66 in chips)
Seat 2: f8c8880 ($14.52 in chips)
Seat 3: Hero ($10 in chips)
Seat 4: 6bb35835 ($12.19 in chips)
Seat 5: bdcce63c ($11.83 in chips)
Seat 6: 4e30a626 ($5.66 in chips)
Hero: posts small blind $0.05
6bb35835: posts big blind $0.1
*** HOLE CARDS ***
Dealt to 93ecffec 
Dealt to f8c8880 
Dealt to Hero [4c Qc]
Dealt to 6bb35835 
Dealt to bdcce63c 
Dealt to 4e30a626 
bdcce63c: folds
4e30a626: raises $0.1 to $0.2
93ecffec: folds
f8c8880: folds
Hero: folds
6bb35835: folds
Uncalled bet ($0.1) returned to 4e30a626
*** SHOWDOWN ***
4e30a626 collected $0.25 from pot
*** SUMMARY ***
Total pot $0.25 | Rake $0 | Jackpot $0 | Bingo $0 | Fortune $0 | Tax $0
Seat 1: 93ecffec folded before Flop (didn't bet)
Seat 2: f8c8880 (button) folded before Flop (didn't bet)
Seat 3: Hero (small blind) folded before Flop
Seat 4: 6bb35835 (big blind) folded before Flop
Seat 5: bdcce63c folded before Flop (didn't bet)
Seat 6: 4e30a626 collected ($0.25)


Poker Hand #HD1826773709: Hold'em No Limit ($0.05/$0.1) - 2024/06/22 19:05:06
Table 'NLHRed63' 6-max Seat #1 is the button
Seat 1: 93ecffec ($11.96 in chips)
Seat 2: f8c8880 ($14.57 in chips)
Seat 3: Hero ($10 in chips)
Seat 4: 6bb35835 ($12.19 in chips)
Seat 5: bdcce63c ($11.83 in chips)
Seat 6: 4e30a626 ($4.34 in chips)
f8c8880: posts small blind $0.05
Hero: posts big blind $0.1
*** HOLE CARDS ***
Dealt to 93ecffec 
Dealt to f8c8880 
Dealt to Hero [4c Ah]
Dealt to 6bb35835 
Dealt to bdcce63c 
Dealt to 4e30a626 
6bb35835: folds
bdcce63c: folds
4e30a626: raises $0.1 to $0.2
93ecffec: raises $0.55 to $0.75
f8c8880: folds
Hero: folds
4e30a626: calls $0.55
*** FLOP *** [Ts 2c Td]
4e30a626: bets $0.55
93ecffec: calls $0.55
*** TURN *** [Ts 2c Td] [2h]
4e30a626: bets $1.38
93ecffec: folds
Uncalled bet ($1.38) returned to 4e30a626
*** SHOWDOWN ***
4e30a626 collected $2.62 from pot
*** SUMMARY ***
Total pot $2.75 | Rake $0.13 | Jackpot $0 | Bingo $0 | Fortune $0 | Tax $0
Board [Ts 2c Td 2h]
Seat 1: 93ecffec (button) folded on the Turn
Seat 2: f8c8880 (small blind) folded before Flop
Seat 3: Hero (big blind) folded before Flop
Seat 4: 6bb35835 folded before Flop (didn't bet)
Seat 5: bdcce63c folded before Flop (didn't bet)
Seat 6: 4e30a626 won ($2.62)


Poker Hand #HD1826773098: Hold'em No Limit ($0.05/$0.1) - 2024/06/22 18:59:37
Table 'NLHRed63' 6-max Seat #5 is the button
Seat 1: 93ecffec ($10.76 in chips)
Seat 2: f8c8880 ($14.87 in chips)
Seat 3: Hero ($10 in chips)
Seat 4: 6bb35835 ($12.3 in chips)
Seat 5: bdcce63c ($12.2 in chips)
Seat 6: 4e30a626 ($4.91 in chips)
4e30a626: posts small blind $0.05
93ecffec: posts big blind $0.1
*** HOLE CARDS ***
Dealt to 93ecffec 
Dealt to f8c8880 
Dealt to Hero [Th 7s]
Dealt to 6bb35835 
Dealt to bdcce63c 
Dealt to 4e30a626 
f8c8880: folds
Hero: folds
6bb35835: folds
bdcce63c: folds
4e30a626: calls $0.05
93ecffec: checks
*** FLOP *** [Tc Kh 4s]
4e30a626: bets $0.1
93ecffec: raises $0.25 to $0.35
4e30a626: calls $0.25
*** TURN *** [Tc Kh 4s] [3c]
4e30a626: checks
93ecffec: bets $1.25
4e30a626: folds
Uncalled bet ($1.25) returned to 93ecffec
*** SHOWDOWN ***
93ecffec collected $0.86 from pot
*** SUMMARY ***
Total pot $0.9 | Rake $0.04 | Jackpot $0 | Bingo $0 | Fortune $0 | Tax $0
Board [Tc Kh 4s 3c]
Seat 1: 93ecffec (big blind) won ($0.86)
Seat 2: f8c8880 folded before Flop (didn't bet)
Seat 3: Hero folded before Flop (didn't bet)
Seat 4: 6bb35835 folded before Flop (didn't bet)
Seat 5: bdcce63c (button) folded before Flop (didn't bet)
Seat 6: 4e30a626 (small blind) folded on the Turn


Poker Hand #HD1826772993: Hold'em No Limit ($0.05/$0.1) - 2024/06/22 18:58:44
Table 'NLHRed63' 6-max Seat #4 is the button
Seat 1: 93ecffec ($10 in chips)
Seat 2: f8c8880 ($14.87 in chips)
Seat 3: Hero ($10 in chips)
Seat 4: 6bb35835 ($12.3 in chips)
Seat 5: bdcce63c ($12.25 in chips)
Seat 6: 4e30a626 ($5.7 in chips)
bdcce63c: posts small blind $0.05
4e30a626: posts big blind $0.1
*** HOLE CARDS ***
Dealt to 93ecffec 
Dealt to f8c8880 
Dealt to Hero [4d As]
Dealt to 6bb35835 
Dealt to bdcce63c 
Dealt to 4e30a626 
93ecffec: raises $0.2 to $0.3
f8c8880: folds
Hero: folds
6bb35835: folds
bdcce63c: folds
4e30a626: calls $0.2
*** FLOP *** [8h 2s 9c]
4e30a626: checks
93ecffec: bets $0.49
4e30a626: calls $0.49
*** TURN *** [8h 2s 9c] [3h]
4e30a626: checks
93ecffec: bets $1.75
4e30a626: folds
Uncalled bet ($1.75) returned to 93ecffec
*** SHOWDOWN ***
93ecffec collected $1.55 from pot
*** SUMMARY ***
Total pot $1.63 | Rake $0.08 | Jackpot $0 | Bingo $0 | Fortune $0 | Tax $0
Board [8h 2s 9c 3h]
Seat 1: 93ecffec won ($1.55)
Seat 2: f8c8880 folded before Flop (didn't bet)
Seat 3: Hero folded before Flop (didn't bet)
Seat 4: 6bb35835 (button) folded before Flop (didn't bet)
Seat 5: bdcce63c (small blind) folded before Flop
Seat 6: 4e30a626 (big blind) folded on the Turn


Poker Hand #HD1826772902: Hold'em No Limit ($0.05/$0.1) - 2024/06/22 18:57:59
Table 'NLHRed63' 6-max Seat #3 is the button
Seat 1: 93ecffec ($10.15 in chips)
Seat 2: f8c8880 ($14.87 in chips)
Seat 3: Hero ($10 in chips)
Seat 4: 6bb35835 ($12.35 in chips)
Seat 5: bdcce63c ($12.02 in chips)
Seat 6: 4e30a626 ($5.7 in chips)
6bb35835: posts small blind $0.05
bdcce63c: posts big blind $0.1
*** HOLE CARDS ***
Dealt to 93ecffec 
Dealt to f8c8880 
Dealt to Hero [7s 2s]
Dealt to 6bb35835 
Dealt to bdcce63c 
Dealt to 4e30a626 
4e30a626: folds
93ecffec: raises $0.1 to $0.2
f8c8880: folds
Hero: folds
6bb35835: folds
bdcce63c: raises $0.9 to $1.1
93ecffec: folds
Uncalled bet ($0.9) returned to bdcce63c
*** SHOWDOWN ***
bdcce63c collected $0.43 from pot
*** SUMMARY ***
Total pot $0.45 | Rake $0.02 | Jackpot $0 | Bingo $0 | Fortune $0 | Tax $0
Seat 1: 93ecffec folded before Flop
Seat 2: f8c8880 folded before Flop (didn't bet)
Seat 3: Hero (button) folded before Flop (didn't bet)
Seat 4: 6bb35835 (small blind) folded before Flop
Seat 5: bdcce63c (big blind) collected ($0.43)
Seat 6: 4e30a626 folded before Flop (didn't bet)


Poker Hand #HD1826772863: Hold'em No Limit ($0.05/$0.1) - 2024/06/22 18:57:38
Table 'NLHRed63' 6-max Seat #2 is the button
Seat 1: 93ecffec ($10 in chips)
Seat 2: f8c8880 ($14.87 in chips)
Seat 3: Hero ($10 in chips)
Seat 4: 6bb35835 ($12.45 in chips)
Seat 5: bdcce63c ($12.02 in chips)
Hero: posts small blind $0.05
6bb35835: posts big blind $0.1
*** HOLE CARDS ***
Dealt to 93ecffec 
Dealt to f8c8880 
Dealt to Hero [2d 2h]
Dealt to 6bb35835 
Dealt to bdcce63c 
bdcce63c: folds
93ecffec: raises $0.15 to $0.25
f8c8880: folds
Hero: folds
6bb35835: folds
Uncalled bet ($0.15) returned to 93ecffec
*** SHOWDOWN ***
93ecffec collected $0.25 from pot
*** SUMMARY ***
Total pot $0.25 | Rake $0 | Jackpot $0 | Bingo $0 | Fortune $0 | Tax $0
Seat 1: 93ecffec collected ($0.25)
Seat 2: f8c8880 (button) folded before Flop (didn't bet)
Seat 3: Hero (small blind) folded before Flop
Seat 4: 6bb35835 (big blind) folded before Flop
Seat 5: bdcce63c folded before Flop (didn't bet)


Poker Hand #HD1826772801: Hold'em No Limit ($0.05/$0.1) - 2024/06/22 18:57:07
Table 'NLHRed63' 6-max Seat #1 is the button
Seat 1: 93ecffec ($10 in chips)
Seat 2: f8c8880 ($14.92 in chips)
Seat 3: Hero ($10 in chips)
Seat 4: 6bb35835 ($12.12 in chips)
Seat 5: bdcce63c ($12.22 in chips)
f8c8880: posts small blind $0.05
Hero: posts big blind $0.1
*** HOLE CARDS ***
Dealt to 93ecffec 
Dealt to f8c8880 
Dealt to Hero [7h Ts]
Dealt to 6bb35835 
Dealt to bdcce63c 
6bb35835: raises $0.1 to $0.2
bdcce63c: calls $0.2
93ecffec: folds
f8c8880: folds
Hero: folds
*** FLOP *** [Qs 3c Ks]
6bb35835: bets $0.28
bdcce63c: folds
Uncalled bet ($0.28) returned to 6bb35835
*** SHOWDOWN ***
6bb35835 collected $0.53 from pot
*** SUMMARY ***
Total pot $0.55 | Rake $0.02 | Jackpot $0 | Bingo $0 | Fortune $0 | Tax $0
Board [Qs 3c Ks]
Seat 1: 93ecffec (button) folded before Flop (didn't bet)
Seat 2: f8c8880 (small blind) folded before Flop
Seat 3: Hero (big blind) folded before Flop
Seat 4: 6bb35835 won ($0.53)
Seat 5: bdcce63c folded on the Flop


Poker Hand #HD1826772675: Hold'em No Limit ($0.05/$0.1) - 2024/06/22 18:56:00
Table 'NLHRed63' 6-max Seat #5 is the button
Seat 1: 93ecffec ($10.1 in chips)
Seat 2: f8c8880 ($14.92 in chips)
Seat 3: Hero ($10 in chips)
Seat 4: 6bb35835 ($10.66 in chips)
Seat 5: bdcce63c ($12.52 in chips)
Seat 6: 4e30a626 ($5.75 in chips)
4e30a626: posts small blind $0.05
93ecffec: posts big blind $0.1
*** HOLE CARDS ***
Dealt to 93ecffec 
Dealt to f8c8880 
Dealt to Hero [6c 7s]
Dealt to 6bb35835 
Dealt to bdcce63c 
Dealt to 4e30a626 
f8c8880: folds
Hero: folds
6bb35835: raises $0.2 to $0.3
bdcce63c: calls $0.3
4e30a626: folds
93ecffec: raises $1.05 to $1.35
6bb35835: raises $3.05 to $4.4
bdcce63c: folds
93ecffec: folds
Uncalled bet ($3.05) returned to 6bb35835
*** SHOWDOWN ***
6bb35835 collected $2.81 from pot
*** SUMMARY ***
Total pot $3.05 | Rake $0.14 | Jackpot $0.1 | Bingo $0 | Fortune $0 | Tax $0
Seat 1: 93ecffec (big blind) folded before Flop
Seat 2: f8c8880 folded before Flop (didn't bet)
Seat 3: Hero folded before Flop (didn't bet)
Seat 4: 6bb35835 collected ($2.81)
Seat 5: bdcce63c (button) folded before Flop
Seat 6: 4e30a626 (small blind) folded before Flop


Poker Hand #HD1826772629: Hold'em No Limit ($0.05/$0.1) - 2024/06/22 18:55:34
Table 'NLHRed63' 6-max Seat #4 is the button
Seat 1: 93ecffec ($10.1 in chips)
Seat 2: f8c8880 ($14.92 in chips)
Seat 3: Hero ($10 in chips)
Seat 4: 6bb35835 ($10.66 in chips)
Seat 5: bdcce63c ($12.57 in chips)
Seat 6: 4e30a626 ($5.7 in chips)
bdcce63c: posts small blind $0.05
4e30a626: posts big blind $0.1
*** HOLE CARDS ***
Dealt to 93ecffec 
Dealt to f8c8880 
Dealt to Hero [6c 2h]
Dealt to 6bb35835 
Dealt to bdcce63c 
Dealt to 4e30a626 
93ecffec: folds
f8c8880: folds
Hero: folds
6bb35835: folds
bdcce63c: folds
Uncalled bet ($0.05) returned to 4e30a626
*** SHOWDOWN ***
4e30a626 collected $0.1 from pot
*** SUMMARY ***
Total pot $0.1 | Rake $0 | Jackpot $0 | Bingo $0 | Fortune $0 | Tax $0
Seat 1: 93ecffec folded before Flop (didn't bet)
Seat 2: f8c8880 folded before Flop (didn't bet)
Seat 3: Hero folded before Flop (didn't bet)
Seat 4: 6bb35835 (button) folded before Flop (didn't bet)
Seat 5: bdcce63c (small blind) folded before Flop
Seat 6: 4e30a626 (big blind) collected ($0.1)


Poker Hand #HD1826772498: Hold'em No Limit ($0.05/$0.1) - 2024/06/22 18:54:24
Table 'NLHRed63' 6-max Seat #3 is the button
Seat 1: 93ecffec ($10.1 in chips)
Seat 2: f8c8880 ($14.92 in chips)
Seat 3: Hero ($10 in chips)
Seat 4: 6bb35835 ($10.71 in chips)
Seat 5: bdcce63c ($11.86 in chips)
Seat 6: 4e30a626 ($6.43 in chips)
6bb35835: posts small blind $0.05
bdcce63c: posts big blind $0.1
*** HOLE CARDS ***
Dealt to 93ecffec 
Dealt to f8c8880 
Dealt to Hero [As 9h]
Dealt to 6bb35835 
Dealt to bdcce63c 
Dealt to 4e30a626 
4e30a626: raises $0.1 to $0.2
93ecffec: folds
f8c8880: folds
Hero: folds
6bb35835: folds
bdcce63c: calls $0.1
*** FLOP *** [Qh Kh 8s]
bdcce63c: checks
4e30a626: bets $0.15
bdcce63c: raises $0.38 to $0.53
4e30a626: calls $0.38
*** TURN *** [Qh Kh 8s] [6h]
bdcce63c: bets $0.76
4e30a626: folds
Uncalled bet ($0.76) returned to bdcce63c
*** SHOWDOWN ***
bdcce63c collected $1.44 from pot
*** SUMMARY ***
Total pot $1.51 | Rake $0.07 | Jackpot $0 | Bingo $0 | Fortune $0 | Tax $0
Board [Qh Kh 8s 6h]
Seat 1: 93ecffec folded before Flop (didn't bet)
Seat 2: f8c8880 folded before Flop (didn't bet)
Seat 3: Hero (button) folded before Flop (didn't bet)
Seat 4: 6bb35835 (small blind) folded before Flop
Seat 5: bdcce63c (big blind) won ($1.44)
Seat 6: 4e30a626 folded on the Turn


Poker Hand #HD1826772445: Hold'em No Limit ($0.05/$0.1) - 2024/06/22 18:53:55
Table 'NLHRed63' 6-max Seat #2 is the button
Seat 1: 93ecffec ($10.1 in chips)
Seat 2: f8c8880 ($14.92 in chips)
Seat 3: Hero ($10 in chips)
Seat 4: 6bb35835 ($10.57 in chips)
Seat 5: bdcce63c ($11.86 in chips)
Seat 6: 4e30a626 ($6.53 in chips)
Hero: posts small blind $0.05
6bb35835: posts big blind $0.1
*** HOLE CARDS ***
Dealt to 93ecffec 
Dealt to f8c8880 
Dealt to Hero [3d 8s]
Dealt to 6bb35835 
Dealt to bdcce63c 
Dealt to 4e30a626 
bdcce63c: folds
4e30a626: calls $0.1
93ecffec: folds
f8c8880: folds
Hero: folds
6bb35835: checks
*** FLOP *** [6d 4c Kd]
6bb35835: checks
4e30a626: checks
*** TURN *** [6d 4c Kd] [2s]
6bb35835: checks
4e30a626: checks
*** RIVER *** [6d 4c Kd 2s] [Tc]
6bb35835: bets $0.19
4e30a626: folds
Uncalled bet ($0.19) returned to 6bb35835
*** SHOWDOWN ***
6bb35835 collected $0.24 from pot
*** SUMMARY ***
Total pot $0.25 | Rake $0.01 | Jackpot $0 | Bingo $0 | Fortune $0 | Tax $0
Board [6d 4c Kd 2s Tc]
Seat 1: 93ecffec folded before Flop (didn't bet)
Seat 2: f8c8880 (button) folded before Flop (didn't bet)
Seat 3: Hero (small blind) folded before Flop
Seat 4: 6bb35835 (big blind) won ($0.24)
Seat 5: bdcce63c folded before Flop (didn't bet)
Seat 6: 4e30a626 folded on the River


Poker Hand #HD1826772323: Hold'em No Limit ($0.05/$0.1) - 2024/06/22 18:52:44
Table 'NLHRed63' 6-max Seat #1 is the button
Seat 1: 93ecffec ($10.1 in chips)
Seat 2: f8c8880 ($14.97 in chips)
Seat 3: Hero ($11.16 in chips)
Seat 4: 6bb35835 ($10.57 in chips)
Seat 5: bdcce63c ($10.17 in chips)
Seat 6: 4e30a626 ($6.53 in chips)
f8c8880: posts small blind $0.05
Hero: posts big blind $0.1
*** HOLE CARDS ***
Dealt to 93ecffec 
Dealt to f8c8880 
Dealt to Hero [Tc Kd]
Dealt to 6bb35835 
Dealt to bdcce63c 
Dealt to 4e30a626 
6bb35835: folds
bdcce63c: raises $0.1 to $0.2
4e30a626: folds
93ecffec: folds
f8c8880: folds
Hero: calls $0.1
*** FLOP *** [5h 4d Ks]
Hero: checks
bdcce63c: bets $0.75
Hero: calls $0.75
*** TURN *** [5h 4d Ks] [Td]
Hero: checks
bdcce63c: bets $0.98
Hero: calls $0.98
*** RIVER *** [5h 4d Ks Td] [8h]
Hero: checks
bdcce63c: checks
Hero: shows [Tc Kd] (Pair of Kings and Pair of Tens)
bdcce63c: shows [4s 4h] (Three Fours)
*** SHOWDOWN ***
bdcce63c collected $3.62 from pot
*** SUMMARY ***
Total pot $3.91 | Rake $0.19 | Jackpot $0.1 | Bingo $0 | Fortune $0 | Tax $0
Board [5h 4d Ks Td 8h]
Seat 1: 93ecffec (button) folded before Flop (didn't bet)
Seat 2: f8c8880 (small blind) folded before Flop
Seat 3: Hero (big blind) showed [Tc Kd] and lost with Pair of Kings and Pair of Tens
Seat 4: 6bb35835 folded before Flop (didn't bet)
Seat 5: bdcce63c showed [4s 4h] and won ($3.62) with Three Fours
Seat 6: 4e30a626 folded before Flop (didn't bet)


Poker Hand #HD1826772301: Hold'em No Limit ($0.05/$0.1) - 2024/06/22 18:52:28
Table 'NLHRed63' 6-max Seat #6 is the button
Seat 1: 93ecffec ($10 in chips)
Seat 2: f8c8880 ($15.07 in chips)
Seat 3: Hero ($11.16 in chips)
Seat 4: 6bb35835 ($10.57 in chips)
Seat 5: bdcce63c ($10.17 in chips)
Seat 6: 4e30a626 ($6.53 in chips)
93ecffec: posts small blind $0.05
f8c8880: posts big blind $0.1
*** HOLE CARDS ***
Dealt to 93ecffec 
Dealt to f8c8880 
Dealt to Hero [8h Kd]
Dealt to 6bb35835 
Dealt to bdcce63c 
Dealt to 4e30a626 
Hero: folds
6bb35835: folds
bdcce63c: folds
4e30a626: folds
93ecffec: raises $0.2 to $0.3
f8c8880: folds
Uncalled bet ($0.2) returned to 93ecffec
*** SHOWDOWN ***
93ecffec collected $0.2 from pot
*** SUMMARY ***
Total pot $0.2 | Rake $0 | Jackpot $0 | Bingo $0 | Fortune $0 | Tax $0
Seat 1: 93ecffec (small blind) collected ($0.2)
Seat 2: f8c8880 (big blind) folded before Flop
Seat 3: Hero folded before Flop (didn't bet)
Seat 4: 6bb35835 folded before Flop (didn't bet)
Seat 5: bdcce63c folded before Flop (didn't bet)
Seat 6: 4e30a626 (button) folded before Flop (didn't bet)


Poker Hand #HD1826772269: Hold'em No Limit ($0.05/$0.1) - 2024/06/22 18:52:10
Table 'NLHRed63' 6-max Seat #5 is the button
Seat 1: 93ecffec ($10.1 in chips)
Seat 2: f8c8880 ($15.07 in chips)
Seat 3: Hero ($11.16 in chips)
Seat 4: 6bb35835 ($10.42 in chips)
Seat 5: bdcce63c ($10.17 in chips)
Seat 6: 4e30a626 ($6.58 in chips)
4e30a626: posts small blind $0.05
93ecffec: posts big blind $0.1
*** HOLE CARDS ***
Dealt to 93ecffec 
Dealt to f8c8880 
Dealt to Hero [Ac 5h]
Dealt to 6bb35835 
Dealt to bdcce63c 
Dealt to 4e30a626 
f8c8880: folds
Hero: folds
6bb35835: raises $0.1 to $0.2
bdcce63c: folds
4e30a626: folds
93ecffec: folds
Uncalled bet ($0.1) returned to 6bb35835
*** SHOWDOWN ***
6bb35835 collected $0.25 from pot
*** SUMMARY ***
Total pot $0.25 | Rake $0 | Jackpot $0 | Bingo $0 | Fortune $0 | Tax $0
Seat 1: 93ecffec (big blind) folded before Flop
Seat 2: f8c8880 folded before Flop (didn't bet)
Seat 3: Hero folded before Flop (didn't bet)
Seat 4: 6bb35835 collected ($0.25)
Seat 5: bdcce63c (button) folded before Flop (didn't bet)
Seat 6: 4e30a626 (small blind) folded before Flop


Poker Hand #HD1826772197: Hold'em No Limit ($0.05/$0.1) - 2024/06/22 18:51:35
Table 'NLHRed63' 6-max Seat #4 is the button
Seat 1: 93ecffec ($10.1 in chips)
Seat 2: f8c8880 ($15.07 in chips)
Seat 3: Hero ($11.01 in chips)
Seat 4: 6bb35835 ($10.42 in chips)
Seat 5: bdcce63c ($10.22 in chips)
Seat 6: 4e30a626 ($6.68 in chips)
bdcce63c: posts small blind $0.05
4e30a626: posts big blind $0.1
*** HOLE CARDS ***
Dealt to 93ecffec 
Dealt to f8c8880 
Dealt to Hero [7d As]
Dealt to 6bb35835 
Dealt to bdcce63c 
Dealt to 4e30a626 
93ecffec: folds
f8c8880: folds
Hero: raises $0.14 to $0.24
6bb35835: folds
bdcce63c: folds
4e30a626: folds
Uncalled bet ($0.14) returned to Hero
*** SHOWDOWN ***
Hero collected $0.25 from pot
*** SUMMARY ***
Total pot $0.25 | Rake $0 | Jackpot $0 | Bingo $0 | Fortune $0 | Tax $0
Seat 1: 93ecffec folded before Flop (didn't bet)
Seat 2: f8c8880 folded before Flop (didn't bet)
Seat 3: Hero collected ($0.25)
Seat 4: 6bb35835 (button) folded before Flop (didn't bet)
Seat 5: bdcce63c (small blind) folded before Flop
Seat 6: 4e30a626 (big blind) folded before Flop


Poker Hand #HD1826772166: Hold'em No Limit ($0.05/$0.1) - 2024/06/22 18:51:19
Table 'NLHRed63' 6-max Seat #3 is the button
Seat 1: 93ecffec ($10.1 in chips)
Seat 2: f8c8880 ($15.07 in chips)
Seat 3: Hero ($11.01 in chips)
Seat 4: 6bb35835 ($10.32 in chips)
Seat 5: bdcce63c ($10.32 in chips)
Seat 6: 4e30a626 ($6.68 in chips)
6bb35835: posts small blind $0.05
bdcce63c: posts big blind $0.1
*** HOLE CARDS ***
Dealt to 93ecffec 
Dealt to f8c8880 
Dealt to Hero [7s 4c]
Dealt to 6bb35835 
Dealt to bdcce63c 
Dealt to 4e30a626 
4e30a626: folds
93ecffec: folds
f8c8880: folds
Hero: folds
6bb35835: raises $0.2 to $0.3
bdcce63c: folds
Uncalled bet ($0.2) returned to 6bb35835
*** SHOWDOWN ***
6bb35835 collected $0.2 from pot
*** SUMMARY ***
Total pot $0.2 | Rake $0 | Jackpot $0 | Bingo $0 | Fortune $0 | Tax $0
Seat 1: 93ecffec folded before Flop (didn't bet)
Seat 2: f8c8880 folded before Flop (didn't bet)
Seat 3: Hero (button) folded before Flop (didn't bet)
Seat 4: 6bb35835 (small blind) collected ($0.2)
Seat 5: bdcce63c (big blind) folded before Flop
Seat 6: 4e30a626 folded before Flop (didn't bet)


Poker Hand #HD1826772081: Hold'em No Limit ($0.05/$0.1) - 2024/06/22 18:50:36
Table 'NLHRed63' 6-max Seat #2 is the button
Seat 1: 93ecffec ($10.1 in chips)
Seat 2: f8c8880 ($15.37 in chips)
Seat 3: Hero ($11.06 in chips)
Seat 4: 6bb35835 ($10 in chips)
Seat 5: bdcce63c ($10.32 in chips)
Seat 6: 4e30a626 ($6.68 in chips)
Hero: posts small blind $0.05
6bb35835: posts big blind $0.1
*** HOLE CARDS ***
Dealt to 93ecffec 
Dealt to f8c8880 
Dealt to Hero [5d 4h]
Dealt to 6bb35835 
Dealt to bdcce63c 
Dealt to 4e30a626 
bdcce63c: folds
4e30a626: folds
93ecffec: folds
f8c8880: raises $0.2 to $0.3
Hero: folds
6bb35835: calls $0.2
*** FLOP *** [4c 3d Kd]
6bb35835: bets $0.33
f8c8880: folds
Uncalled bet ($0.33) returned to 6bb35835
*** SHOWDOWN ***
6bb35835 collected $0.62 from pot
*** SUMMARY ***
Total pot $0.65 | Rake $0.03 | Jackpot $0 | Bingo $0 | Fortune $0 | Tax $0
Board [4c 3d Kd]
Seat 1: 93ecffec folded before Flop (didn't bet)
Seat 2: f8c8880 (button) folded on the Flop
Seat 3: Hero (small blind) folded before Flop
Seat 4: 6bb35835 (big blind) won ($0.62)
Seat 5: bdcce63c folded before Flop (didn't bet)
Seat 6: 4e30a626 folded before Flop (didn't bet)


Poker Hand #HD1826772044: Hold'em No Limit ($0.05/$0.1) - 2024/06/22 18:50:17
Table 'NLHRed63' 6-max Seat #1 is the button
Seat 1: 93ecffec ($10.1 in chips)
Seat 2: f8c8880 ($15.42 in chips)
Seat 3: Hero ($11.16 in chips)
Seat 5: bdcce63c ($10.17 in chips)
Seat 6: 4e30a626 ($6.68 in chips)
f8c8880: posts small blind $0.05
Hero: posts big blind $0.1
*** HOLE CARDS ***
Dealt to 93ecffec 
Dealt to f8c8880 
Dealt to Hero [5d Qc]
Dealt to bdcce63c 
Dealt to 4e30a626 
bdcce63c: raises $0.1 to $0.2
4e30a626: folds
93ecffec: folds
f8c8880: folds
Hero: folds
Uncalled bet ($0.1) returned to bdcce63c
*** SHOWDOWN ***
bdcce63c collected $0.25 from pot
*** SUMMARY ***
Total pot $0.25 | Rake $0 | Jackpot $0 | Bingo $0 | Fortune $0 | Tax $0
Seat 1: 93ecffec (button) folded before Flop (didn't bet)
Seat 2: f8c8880 (small blind) folded before Flop
Seat 3: Hero (big blind) folded before Flop
Seat 5: bdcce63c collected ($0.25)
Seat 6: 4e30a626 folded before Flop (didn't bet)


Poker Hand #HD1826772002: Hold'em No Limit ($0.05/$0.1) - 2024/06/22 18:49:56
Table 'NLHRed63' 6-max Seat #6 is the button
Seat 1: 93ecffec ($10 in chips)
Seat 2: f8c8880 ($15.52 in chips)
Seat 3: Hero ($11.16 in chips)
Seat 5: bdcce63c ($10.17 in chips)
Seat 6: 4e30a626 ($6.68 in chips)
93ecffec: posts small blind $0.05
f8c8880: posts big blind $0.1
*** HOLE CARDS ***
Dealt to 93ecffec 
Dealt to f8c8880 
Dealt to Hero [Kh 8d]
Dealt to bdcce63c 
Dealt to 4e30a626 
Hero: folds
bdcce63c: folds
4e30a626: folds
93ecffec: raises $0.2 to $0.3
f8c8880: folds
Uncalled bet ($0.2) returned to 93ecffec
*** SHOWDOWN ***
93ecffec collected $0.2 from pot
*** SUMMARY ***
Total pot $0.2 | Rake $0 | Jackpot $0 | Bingo $0 | Fortune $0 | Tax $0
Seat 1: 93ecffec (small blind) collected ($0.2)
Seat 2: f8c8880 (big blind) folded before Flop
Seat 3: Hero folded before Flop (didn't bet)
Seat 5: bdcce63c folded before Flop (didn't bet)
Seat 6: 4e30a626 (button) folded before Flop (didn't bet)


Poker Hand #HD1826771822: Hold'em No Limit ($0.05/$0.1) - 2024/06/22 18:48:19
Table 'NLHRed63' 6-max Seat #5 is the button
Seat 1: 93ecffec ($10 in chips)
Seat 2: f8c8880 ($15.52 in chips)
Seat 3: Hero ($11.16 in chips)
Seat 5: bdcce63c ($10.17 in chips)
Seat 6: 4e30a626 ($6.59 in chips)
4e30a626: posts small blind $0.05
93ecffec: posts big blind $0.1
*** HOLE CARDS ***
Dealt to 93ecffec 
Dealt to f8c8880 
Dealt to Hero [6s 2h]
Dealt to bdcce63c 
Dealt to 4e30a626 
f8c8880: folds
Hero: folds
bdcce63c: folds
4e30a626: calls $0.05
93ecffec: checks
*** FLOP *** [2s As Ac]
4e30a626: bets $0.1
93ecffec: folds
Uncalled bet ($0.1) returned to 4e30a626
*** SHOWDOWN ***
4e30a626 collected $0.19 from pot
*** SUMMARY ***
Total pot $0.2 | Rake $0.01 | Jackpot $0 | Bingo $0 | Fortune $0 | Tax $0
Board [2s As Ac]
Seat 1: 93ecffec (big blind) folded on the Flop
Seat 2: f8c8880 folded before Flop (didn't bet)
Seat 3: Hero folded before Flop (didn't bet)
Seat 5: bdcce63c (button) folded before Flop (didn't bet)
Seat 6: 4e30a626 (small blind) won ($0.19)


Poker Hand #HD1826771785: Hold'em No Limit ($0.05/$0.1) - 2024/06/22 18:48:01
Table 'NLHRed63' 6-max Seat #3 is the button
Seat 1: 93ecffec ($10 in chips)
Seat 2: f8c8880 ($15.37 in chips)
Seat 3: Hero ($11.16 in chips)
Seat 5: bdcce63c ($10.22 in chips)
Seat 6: 4e30a626 ($6.69 in chips)
bdcce63c: posts small blind $0.05
4e30a626: posts big blind $0.1
*** HOLE CARDS ***
Dealt to 93ecffec 
Dealt to f8c8880 
Dealt to Hero [4h Qh]
Dealt to bdcce63c 
Dealt to 4e30a626 
93ecffec: folds
f8c8880: raises $0.1 to $0.2
Hero: folds
bdcce63c: folds
4e30a626: folds
Uncalled bet ($0.1) returned to f8c8880
*** SHOWDOWN ***
f8c8880 collected $0.25 from pot
*** SUMMARY ***
Total pot $0.25 | Rake $0 | Jackpot $0 | Bingo $0 | Fortune $0 | Tax $0
Seat 1: 93ecffec folded before Flop (didn't bet)
Seat 2: f8c8880 collected ($0.25)
Seat 3: Hero (button) folded before Flop (didn't bet)
Seat 5: bdcce63c (small blind) folded before Flop
Seat 6: 4e30a626 (big blind) folded before Flop


Poker Hand #HD1826771673: Hold'em No Limit ($0.05/$0.1) - 2024/06/22 18:47:07
Table 'NLHRed63' 6-max Seat #2 is the button
Seat 1: 93ecffec ($10 in chips)
Seat 2: f8c8880 ($14.22 in chips)
Seat 3: Hero ($11.21 in chips)
Seat 5: bdcce63c ($10.32 in chips)
Seat 6: 4e30a626 ($7.8 in chips)
Hero: posts small blind $0.05
bdcce63c: posts big blind $0.1
*** HOLE CARDS ***
Dealt to 93ecffec 
Dealt to f8c8880 
Dealt to Hero [4h 6s]
Dealt to bdcce63c 
Dealt to 4e30a626 
4e30a626: raises $0.1 to $0.2
93ecffec: folds
f8c8880: raises $0.5 to $0.7
Hero: folds
bdcce63c: folds
4e30a626: calls $0.5
*** FLOP *** [Jc Ts Qh]
4e30a626: checks
f8c8880: bets $0.41
4e30a626: calls $0.41
*** TURN *** [Jc Ts Qh] [8c]
4e30a626: checks
f8c8880: bets $1.5
4e30a626: folds
Uncalled bet ($1.5) returned to f8c8880
*** SHOWDOWN ***
f8c8880 collected $2.26 from pot
*** SUMMARY ***
Total pot $2.37 | Rake $0.11 | Jackpot $0 | Bingo $0 | Fortune $0 | Tax $0
Board [Jc Ts Qh 8c]
Seat 1: 93ecffec folded before Flop (didn't bet)
Seat 2: f8c8880 (button) won ($2.26)
Seat 3: Hero (small blind) folded before Flop
Seat 5: bdcce63c (big blind) folded before Flop
Seat 6: 4e30a626 folded on the Turn


Poker Hand #HD1826771519: Hold'em No Limit ($0.05/$0.1) - 2024/06/22 18:45:42
Table 'NLHRed63' 6-max Seat #1 is the button
Seat 1: 93ecffec ($10 in chips)
Seat 2: f8c8880 ($11.15 in chips)
Seat 3: Hero ($11.31 in chips)
Seat 4: 84482a5a ($11.91 in chips)
Seat 5: bdcce63c ($10.32 in chips)
Seat 6: 4e30a626 ($7.8 in chips)
f8c8880: posts small blind $0.05
Hero: posts big blind $0.1
*** HOLE CARDS ***
Dealt to 93ecffec 
Dealt to f8c8880 
Dealt to Hero [8h 2h]
Dealt to 84482a5a 
Dealt to bdcce63c 
Dealt to 4e30a626 
84482a5a: folds
bdcce63c: folds
4e30a626: folds
93ecffec: raises $0.15 to $0.25
f8c8880: raises $0.95 to $1.2
Hero: folds
93ecffec: calls $0.95
*** FLOP *** [5d 4h 7d]
f8c8880: checks
93ecffec: bets $0.83
f8c8880: calls $0.83
*** TURN *** [5d 4h 7d] [3c]
f8c8880: checks
93ecffec: bets $1.38
f8c8880: calls $1.38
*** RIVER *** [5d 4h 7d 3c] [4s]
f8c8880: checks
93ecffec: checks
f8c8880: shows [Jd Jc] (Pair of Jacks and Pair of Fours)
93ecffec: shows [9s 9c] (Pair of Nines and Pair of Fours)
*** SHOWDOWN ***
f8c8880 collected $6.48 from pot
*** SUMMARY ***
Total pot $6.92 | Rake $0.34 | Jackpot $0.1 | Bingo $0 | Fortune $0 | Tax $0
Board [5d 4h 7d 3c 4s]
Seat 1: 93ecffec (button) showed [9s 9c] and lost with Pair of Nines and Pair of Fours
Seat 2: f8c8880 (small blind) showed [Jd Jc] and won ($6.48) with Pair of Jacks and Pair of Fours
Seat 3: Hero (big blind) folded before Flop
Seat 4: 84482a5a folded before Flop (didn't bet)
Seat 5: bdcce63c folded before Flop (didn't bet)
Seat 6: 4e30a626 folded before Flop (didn't bet)


Poker Hand #HD1826771459: Hold'em No Limit ($0.05/$0.1) - 2024/06/22 18:45:15
Table 'NLHRed63' 6-max Seat #6 is the button
Seat 1: 93ecffec ($10 in chips)
Seat 2: f8c8880 ($11.25 in chips)
Seat 3: Hero ($11.31 in chips)
Seat 4: 84482a5a ($11.76 in chips)
Seat 5: bdcce63c ($10.32 in chips)
Seat 6: 4e30a626 ($7.8 in chips)
93ecffec: posts small blind $0.05
f8c8880: posts big blind $0.1
*** HOLE CARDS ***
Dealt to 93ecffec 
Dealt to f8c8880 
Dealt to Hero [9c Jh]
Dealt to 84482a5a 
Dealt to bdcce63c 
Dealt to 4e30a626 
Hero: folds
84482a5a: raises $0.15 to $0.25
bdcce63c: folds
4e30a626: folds
93ecffec: folds
f8c8880: folds
Uncalled bet ($0.15) returned to 84482a5a
*** SHOWDOWN ***
84482a5a collected $0.25 from pot
*** SUMMARY ***
Total pot $0.25 | Rake $0 | Jackpot $0 | Bingo $0 | Fortune $0 | Tax $0
Seat 1: 93ecffec (small blind) folded before Flop
Seat 2: f8c8880 (big blind) folded before Flop
Seat 3: Hero folded before Flop (didn't bet)
Seat 4: 84482a5a collected ($0.25)
Seat 5: bdcce63c folded before Flop (didn't bet)
Seat 6: 4e30a626 (button) folded before Flop (didn't bet)


Poker Hand #HD1826771356: Hold'em No Limit ($0.05/$0.1) - 2024/06/22 18:44:15
Table 'NLHRed63' 6-max Seat #5 is the button
Seat 1: 93ecffec ($11.12 in chips)
Seat 2: f8c8880 ($11.25 in chips)
Seat 3: Hero ($11.31 in chips)
Seat 4: 84482a5a ($11.76 in chips)
Seat 5: bdcce63c ($10.32 in chips)
Seat 6: 4e30a626 ($6.09 in chips)
4e30a626: posts small blind $0.05
93ecffec: posts big blind $0.1
*** HOLE CARDS ***
Dealt to 93ecffec 
Dealt to f8c8880 
Dealt to Hero [Js Th]
Dealt to 84482a5a 
Dealt to bdcce63c 
Dealt to 4e30a626 
f8c8880: folds
Hero: folds
84482a5a: folds
bdcce63c: folds
4e30a626: calls $0.05
93ecffec: raises $0.3 to $0.4
4e30a626: calls $0.3
*** FLOP *** [7s 3h 6d]
4e30a626: checks
93ecffec: bets $0.4
4e30a626: calls $0.4
*** TURN *** [7s 3h 6d] [5d]
4e30a626: checks
93ecffec: checks
*** RIVER *** [7s 3h 6d 5d] [Ac]
4e30a626: checks
93ecffec: bets $1.2
4e30a626: calls $1.2
93ecffec: shows [Qh Jd] (Ace-High)
4e30a626: shows [9s 5s] (Pair of Fives)
*** SHOWDOWN ***
4e30a626 collected $3.71 from pot
*** SUMMARY ***
Total pot $4 | Rake $0.19 | Jackpot $0.1 | Bingo $0 | Fortune $0 | Tax $0
Board [7s 3h 6d 5d Ac]
Seat 1: 93ecffec (big blind) showed [Qh Jd] and lost with Ace-High
Seat 2: f8c8880 folded before Flop (didn't bet)
Seat 3: Hero folded before Flop (didn't bet)
Seat 4: 84482a5a folded before Flop (didn't bet)
Seat 5: bdcce63c (button) folded before Flop (didn't bet)
Seat 6: 4e30a626 (small blind) showed [9s 5s] and won ($3.71) with Pair of Fives


Poker Hand #HD1826771337: Hold'em No Limit ($0.05/$0.1) - 2024/06/22 18:44:04
Table 'NLHRed63' 6-max Seat #4 is the button
Seat 1: 93ecffec ($10.97 in chips)
Seat 2: f8c8880 ($11.25 in chips)
Seat 3: Hero ($11.31 in chips)
Seat 4: 84482a5a ($11.76 in chips)
Seat 5: bdcce63c ($10.37 in chips)
Seat 6: 4e30a626 ($6.19 in chips)
bdcce63c: posts small blind $0.05
4e30a626: posts big blind $0.1
*** HOLE CARDS ***
Dealt to 93ecffec 
Dealt to f8c8880 
Dealt to Hero [4d Tc]
Dealt to 84482a5a 
Dealt to bdcce63c 
Dealt to 4e30a626 
93ecffec: raises $0.3 to $0.4
f8c8880: folds
Hero: folds
84482a5a: folds
bdcce63c: folds
4e30a626: folds
Uncalled bet ($0.3) returned to 93ecffec
*** SHOWDOWN ***
93ecffec collected $0.25 from pot
*** SUMMARY ***
Total pot $0.25 | Rake $0 | Jackpot $0 | Bingo $0 | Fortune $0 | Tax $0
Seat 1: 93ecffec collected ($0.25)
Seat 2: f8c8880 folded before Flop (didn't bet)
Seat 3: Hero folded before Flop (didn't bet)
Seat 4: 84482a5a (button) folded before Flop (didn't bet)
Seat 5: bdcce63c (small blind) folded before Flop
Seat 6: 4e30a626 (big blind) folded before Flop


Poker Hand #HD1826771225: Hold'em No Limit ($0.05/$0.1) - 2024/06/22 18:43:09
Table 'NLHRed63' 6-max Seat #3 is the button
Seat 1: 93ecffec ($10.97 in chips)
Seat 2: f8c8880 ($11.25 in chips)
Seat 3: Hero ($11.31 in chips)
Seat 4: 84482a5a ($10 in chips)
Seat 5: bdcce63c ($10.47 in chips)
Seat 6: 4e30a626 ($8.14 in chips)
84482a5a: posts small blind $0.05
bdcce63c: posts big blind $0.1
*** HOLE CARDS ***
Dealt to 93ecffec 
Dealt to f8c8880 
Dealt to Hero [Js 3s]
Dealt to 84482a5a 
Dealt to bdcce63c 
Dealt to 4e30a626 
4e30a626: raises $0.1 to $0.2
93ecffec: folds
f8c8880: folds
Hero: folds
84482a5a: raises $0.75 to $0.95
bdcce63c: folds
4e30a626: calls $0.75
*** FLOP *** [4c 7c Ah]
84482a5a: bets $0.5
4e30a626: raises $0.5 to $1
84482a5a: raises $8.05 to $9.05 and is all-in
4e30a626: folds
Uncalled bet ($8.05) returned to 84482a5a
*** SHOWDOWN ***
84482a5a collected $3.71 from pot
*** SUMMARY ***
Total pot $4 | Rake $0.19 | Jackpot $0.1 | Bingo $0 | Fortune $0 | Tax $0
Board [4c 7c Ah]
Seat 1: 93ecffec folded before Flop (didn't bet)
Seat 2: f8c8880 folded before Flop (didn't bet)
Seat 3: Hero (button) folded before Flop (didn't bet)
Seat 4: 84482a5a (small blind) won ($3.71)
Seat 5: bdcce63c (big blind) folded before Flop
Seat 6: 4e30a626 folded on the Flop


Poker Hand #HD1826771139: Hold'em No Limit ($0.05/$0.1) - 2024/06/22 18:42:24
Table 'NLHRed63' 6-max Seat #2 is the button
Seat 1: 93ecffec ($10.1 in chips)
Seat 2: f8c8880 ($11.25 in chips)
Seat 3: Hero ($11.36 in chips)
Seat 4: 84482a5a ($10 in chips)
Seat 5: bdcce63c ($10.47 in chips)
Seat 6: 4e30a626 ($8.94 in chips)
Hero: posts small blind $0.05
84482a5a: posts big blind $0.1
*** HOLE CARDS ***
Dealt to 93ecffec 
Dealt to f8c8880 
Dealt to Hero [3d 2s]
Dealt to 84482a5a 
Dealt to bdcce63c 
Dealt to 4e30a626 
bdcce63c: folds
4e30a626: raises $0.1 to $0.2
93ecffec: raises $0.6 to $0.8
f8c8880: folds
Hero: folds
84482a5a: folds
4e30a626: calls $0.6
*** FLOP *** [Qd 5d 9c]
4e30a626: checks
93ecffec: bets $0.88
4e30a626: folds
Uncalled bet ($0.88) returned to 93ecffec
*** SHOWDOWN ***
93ecffec collected $1.67 from pot
*** SUMMARY ***
Total pot $1.75 | Rake $0.08 | Jackpot $0 | Bingo $0 | Fortune $0 | Tax $0
Board [Qd 5d 9c]
Seat 1: 93ecffec won ($1.67)
Seat 2: f8c8880 (button) folded before Flop (didn't bet)
Seat 3: Hero (small blind) folded before Flop
Seat 4: 84482a5a (big blind) folded before Flop
Seat 5: bdcce63c folded before Flop (didn't bet)
Seat 6: 4e30a626 folded on the Flop


Poker Hand #HD1826771034: Hold'em No Limit ($0.05/$0.1) - 2024/06/22 18:41:22
Table 'NLHRed63' 6-max Seat #1 is the button
Seat 1: 93ecffec ($10.1 in chips)
Seat 2: f8c8880 ($11.3 in chips)
Seat 3: Hero ($11.88 in chips)
Seat 4: 84482a5a ($10 in chips)
Seat 5: bdcce63c ($10.47 in chips)
Seat 6: 4e30a626 ($8.18 in chips)
f8c8880: posts small blind $0.05
Hero: posts big blind $0.1
*** HOLE CARDS ***
Dealt to 93ecffec 
Dealt to f8c8880 
Dealt to Hero [8h Kh]
Dealt to 84482a5a 
Dealt to bdcce63c 
Dealt to 4e30a626 
84482a5a: raises $0.15 to $0.25
bdcce63c: folds
4e30a626: calls $0.25
93ecffec: folds
f8c8880: folds
Hero: calls $0.15
*** FLOP *** [2d Ts 7s]
Hero: checks
84482a5a: checks
4e30a626: checks
*** TURN *** [2d Ts 7s] [Ah]
Hero: checks
84482a5a: checks
4e30a626: checks
*** RIVER *** [2d Ts 7s Ah] [Th]
Hero: bets $0.27
84482a5a: folds
4e30a626: raises $0.27 to $0.54
Hero: folds
Uncalled bet ($0.27) returned to 4e30a626
*** SHOWDOWN ***
4e30a626 collected $1.28 from pot
*** SUMMARY ***
Total pot $1.34 | Rake $0.06 | Jackpot $0 | Bingo $0 | Fortune $0 | Tax $0
Board [2d Ts 7s Ah Th]
Seat 1: 93ecffec (button) folded before Flop (didn't bet)
Seat 2: f8c8880 (small blind) folded before Flop
Seat 3: Hero (big blind) folded on the River
Seat 4: 84482a5a folded on the River
Seat 5: bdcce63c folded before Flop (didn't bet)
Seat 6: 4e30a626 won ($1.28)


Poker Hand #HD1826770999: Hold'em No Limit ($0.05/$0.1) - 2024/06/22 18:41:05
Table 'NLHRed63' 6-max Seat #6 is the button
Seat 1: 93ecffec ($10 in chips)
Seat 2: f8c8880 ($11.4 in chips)
Seat 3: Hero ($11.88 in chips)
Seat 4: 84482a5a ($10 in chips)
Seat 5: bdcce63c ($10.47 in chips)
Seat 6: 4e30a626 ($8.18 in chips)
93ecffec: posts small blind $0.05
f8c8880: posts big blind $0.1
*** HOLE CARDS ***
Dealt to 93ecffec 
Dealt to f8c8880 
Dealt to Hero [As 5h]
Dealt to 84482a5a 
Dealt to bdcce63c 
Dealt to 4e30a626 
Hero: folds
84482a5a: folds
bdcce63c: folds
4e30a626: folds
93ecffec: raises $0.2 to $0.3
f8c8880: folds
Uncalled bet ($0.2) returned to 93ecffec
*** SHOWDOWN ***
93ecffec collected $0.2 from pot
*** SUMMARY ***
Total pot $0.2 | Rake $0 | Jackpot $0 | Bingo $0 | Fortune $0 | Tax $0
Seat 1: 93ecffec (small blind) collected ($0.2)
Seat 2: f8c8880 (big blind) folded before Flop
Seat 3: Hero folded before Flop (didn't bet)
Seat 4: 84482a5a folded before Flop (didn't bet)
Seat 5: bdcce63c folded before Flop (didn't bet)
Seat 6: 4e30a626 (button) folded before Flop (didn't bet)


Poker Hand #HD1826770935: Hold'em No Limit ($0.05/$0.1) - 2024/06/22 18:40:33
Table 'NLHRed63' 6-max Seat #5 is the button
Seat 1: 93ecffec ($10 in chips)
Seat 2: f8c8880 ($11.4 in chips)
Seat 3: Hero ($11.88 in chips)
Seat 4: 84482a5a ($10 in chips)
Seat 5: bdcce63c ($10.47 in chips)
Seat 6: 4e30a626 ($7.9 in chips)
4e30a626: posts small blind $0.05
93ecffec: posts big blind $0.1
*** HOLE CARDS ***
Dealt to 93ecffec 
Dealt to f8c8880 
Dealt to Hero [Kh 6c]
Dealt to 84482a5a 
Dealt to bdcce63c 
Dealt to 4e30a626 
f8c8880: folds
Hero: folds
84482a5a: raises $0.1 to $0.2
bdcce63c: folds
4e30a626: calls $0.15
93ecffec: folds
*** FLOP *** [3c 4h 2s]
4e30a626: checks
84482a5a: checks
*** TURN *** [3c 4h 2s] [7d]
4e30a626: checks
84482a5a: checks
*** RIVER *** [3c 4h 2s 7d] [Jd]
4e30a626: bets $0.25
84482a5a: folds
Uncalled bet ($0.25) returned to 4e30a626
*** SHOWDOWN ***
4e30a626 collected $0.48 from pot
*** SUMMARY ***
Total pot $0.5 | Rake $0.02 | Jackpot $0 | Bingo $0 | Fortune $0 | Tax $0
Board [3c 4h 2s 7d Jd]
Seat 1: 93ecffec (big blind) folded before Flop
Seat 2: f8c8880 folded before Flop (didn't bet)
Seat 3: Hero folded before Flop (didn't bet)
Seat 4: 84482a5a folded on the River
Seat 5: bdcce63c (button) folded before Flop (didn't bet)
Seat 6: 4e30a626 (small blind) won ($0.48)


Poker Hand #HD1826770867: Hold'em No Limit ($0.05/$0.1) - 2024/06/22 18:39:57
Table 'NLHRed63' 6-max Seat #4 is the button
Seat 2: f8c8880 ($11.4 in chips)
Seat 3: Hero ($11.43 in chips)
Seat 4: 84482a5a ($10 in chips)
Seat 5: bdcce63c ($10.52 in chips)
Seat 6: 4e30a626 ($8.34 in chips)
bdcce63c: posts small blind $0.05
4e30a626: posts big blind $0.1
*** HOLE CARDS ***
Dealt to f8c8880 
Dealt to Hero [9c Qc]
Dealt to 84482a5a 
Dealt to bdcce63c 
Dealt to 4e30a626 
f8c8880: folds
Hero: raises $0.14 to $0.24
84482a5a: folds
bdcce63c: folds
4e30a626: calls $0.14
*** FLOP *** [Ts 9d Kc]
4e30a626: checks
Hero: checks
*** TURN *** [Ts 9d Kc] [6h]
4e30a626: checks
Hero: bets $0.2
4e30a626: calls $0.2
*** RIVER *** [Ts 9d Kc 6h] [5h]
4e30a626: checks
Hero: checks
4e30a626: shows [2h 8c] (King-High)
Hero: shows [9c Qc] (Pair of Nines)
*** SHOWDOWN ***
Hero collected $0.89 from pot
*** SUMMARY ***
Total pot $0.93 | Rake $0.04 | Jackpot $0 | Bingo $0 | Fortune $0 | Tax $0
Board [Ts 9d Kc 6h 5h]
Seat 2: f8c8880 folded before Flop (didn't bet)
Seat 3: Hero showed [9c Qc] and won ($0.89) with Pair of Nines
Seat 4: 84482a5a (button) folded before Flop (didn't bet)
Seat 5: bdcce63c (small blind) folded before Flop
Seat 6: 4e30a626 (big blind) showed [2h 8c] and lost with King-High


Poker Hand #HD1826770853: Hold'em No Limit ($0.05/$0.1) - 2024/06/22 18:39:50
Table 'NLHRed63' 6-max Seat #3 is the button
Seat 2: f8c8880 ($11.4 in chips)
Seat 3: Hero ($11.43 in chips)
Seat 4: 84482a5a ($10 in chips)
Seat 5: bdcce63c ($10.47 in chips)
Seat 6: 4e30a626 ($8.34 in chips)
84482a5a: posts small blind $0.05
bdcce63c: posts big blind $0.1
*** HOLE CARDS ***
Dealt to f8c8880 
Dealt to Hero [Jh 6h]
Dealt to 84482a5a 
Dealt to bdcce63c 
Dealt to 4e30a626 
4e30a626: folds
f8c8880: folds
Hero: folds
84482a5a: folds
Uncalled bet ($0.05) returned to bdcce63c
*** SHOWDOWN ***
bdcce63c collected $0.1 from pot
*** SUMMARY ***
Total pot $0.1 | Rake $0 | Jackpot $0 | Bingo $0 | Fortune $0 | Tax $0
Seat 2: f8c8880 folded before Flop (didn't bet)
Seat 3: Hero (button) folded before Flop (didn't bet)
Seat 4: 84482a5a (small blind) folded before Flop
Seat 5: bdcce63c (big blind) collected ($0.1)
Seat 6: 4e30a626 folded before Flop (didn't bet)


Poker Hand #HD1826770839: Hold'em No Limit ($0.05/$0.1) - 2024/06/22 18:39:41
Table 'NLHRed63' 6-max Seat #2 is the button
Seat 2: f8c8880 ($11.4 in chips)
Seat 3: Hero ($11.48 in chips)
Seat 4: 84482a5a ($10 in chips)
Seat 5: bdcce63c ($10.47 in chips)
Seat 6: 4e30a626 ($8.19 in chips)
Hero: posts small blind $0.05
84482a5a: posts big blind $0.1
*** HOLE CARDS ***
Dealt to f8c8880 
Dealt to Hero [6h Jc]
Dealt to 84482a5a 
Dealt to bdcce63c 
Dealt to 4e30a626 
bdcce63c: folds
4e30a626: raises $0.1 to $0.2
f8c8880: folds
Hero: folds
84482a5a: folds
Uncalled bet ($0.1) returned to 4e30a626
*** SHOWDOWN ***
4e30a626 collected $0.25 from pot
*** SUMMARY ***
Total pot $0.25 | Rake $0 | Jackpot $0 | Bingo $0 | Fortune $0 | Tax $0
Seat 2: f8c8880 (button) folded before Flop (didn't bet)
Seat 3: Hero (small blind) folded before Flop
Seat 4: 84482a5a (big blind) folded before Flop
Seat 5: bdcce63c folded before Flop (didn't bet)
Seat 6: 4e30a626 collected ($0.25)


Poker Hand #HD1826770761: Hold'em No Limit ($0.05/$0.1) - 2024/06/22 18:39:05
Table 'NLHRed63' 6-max Seat #6 is the button
Seat 2: f8c8880 ($11.45 in chips)
Seat 3: Hero ($11.73 in chips)
Seat 4: 84482a5a ($10 in chips)
Seat 5: bdcce63c ($10.47 in chips)
Seat 6: 4e30a626 ($7.43 in chips)
f8c8880: posts small blind $0.05
Hero: posts big blind $0.1
*** HOLE CARDS ***
Dealt to f8c8880 
Dealt to Hero [Tc Jd]
Dealt to 84482a5a 
Dealt to bdcce63c 
Dealt to 4e30a626 
84482a5a: raises $0.15 to $0.25
bdcce63c: folds
4e30a626: calls $0.25
f8c8880: folds
Hero: calls $0.15
*** FLOP *** [9s 4c 4s]
Hero: checks
84482a5a: checks
4e30a626: bets $0.27
Hero: folds
84482a5a: calls $0.27
*** TURN *** [9s 4c 4s] [7s]
84482a5a: checks
4e30a626: checks
*** RIVER *** [9s 4c 4s 7s] [Kh]
84482a5a: checks
4e30a626: bets $0.45
84482a5a: folds
Uncalled bet ($0.45) returned to 4e30a626
*** SHOWDOWN ***
4e30a626 collected $1.28 from pot
*** SUMMARY ***
Total pot $1.34 | Rake $0.06 | Jackpot $0 | Bingo $0 | Fortune $0 | Tax $0
Board [9s 4c 4s 7s Kh]
Seat 2: f8c8880 (small blind) folded before Flop
Seat 3: Hero (big blind) folded on the Flop
Seat 4: 84482a5a folded on the River
Seat 5: bdcce63c folded before Flop (didn't bet)
Seat 6: 4e30a626 (button) won ($1.28)


Poker Hand #HD1826770628: Hold'em No Limit ($0.05/$0.1) - 2024/06/22 18:37:55
Table 'NLHRed63' 6-max Seat #5 is the button
Seat 2: f8c8880 ($10 in chips)
Seat 3: Hero ($11.73 in chips)
Seat 4: 84482a5a ($10 in chips)
Seat 5: bdcce63c ($10.47 in chips)
Seat 6: 4e30a626 ($9.14 in chips)
4e30a626: posts small blind $0.05
f8c8880: posts big blind $0.1
*** HOLE CARDS ***
Dealt to f8c8880 
Dealt to Hero [5c Kd]
Dealt to 84482a5a 
Dealt to bdcce63c 
Dealt to 4e30a626 
Hero: folds
84482a5a: folds
bdcce63c: folds
4e30a626: raises $0.1 to $0.2
f8c8880: calls $0.1
*** FLOP *** [7s 6d 7h]
4e30a626: bets $0.14
f8c8880: calls $0.14
*** TURN *** [7s 6d 7h] [9s]
4e30a626: bets $0.23
f8c8880: calls $0.23
*** RIVER *** [7s 6d 7h 9s] [3s]
4e30a626: bets $1.14
f8c8880: raises $4.31 to $5.45
4e30a626: folds
Uncalled bet ($4.31) returned to f8c8880
*** SHOWDOWN ***
f8c8880 collected $3.16 from pot
*** SUMMARY ***
Total pot $3.42 | Rake $0.16 | Jackpot $0.1 | Bingo $0 | Fortune $0 | Tax $0
Board [7s 6d 7h 9s 3s]
Seat 2: f8c8880 (big blind) won ($3.16)
Seat 3: Hero folded before Flop (didn't bet)
Seat 4: 84482a5a folded before Flop (didn't bet)
Seat 5: bdcce63c (button) folded before Flop (didn't bet)
Seat 6: 4e30a626 (small blind) folded on the River


Poker Hand #HD1826770526: Hold'em No Limit ($0.05/$0.1) - 2024/06/22 18:37:08
Table 'NLHRed63' 6-max Seat #4 is the button
Seat 1: 664b805c ($22.86 in chips)
Seat 3: Hero ($10.42 in chips)
Seat 4: 84482a5a ($10 in chips)
Seat 5: bdcce63c ($10.52 in chips)
Seat 6: 4e30a626 ($9.38 in chips)
bdcce63c: posts small blind $0.05
4e30a626: posts big blind $0.1
*** HOLE CARDS ***
Dealt to 664b805c 
Dealt to Hero [Kd Ah]
Dealt to 84482a5a 
Dealt to bdcce63c 
Dealt to 4e30a626 
664b805c: folds
Hero: raises $0.14 to $0.24
84482a5a: calls $0.24
bdcce63c: folds
4e30a626: calls $0.14
*** FLOP *** [5c Qh Ad]
4e30a626: checks
Hero: checks
84482a5a: checks
*** TURN *** [5c Qh Ad] [Jh]
4e30a626: checks
Hero: bets $0.2
84482a5a: calls $0.2
4e30a626: folds
*** RIVER *** [5c Qh Ad Jh] [5s]
Hero: bets $0.7
84482a5a: calls $0.7
Hero: shows [Kd Ah] (Pair of Aces and Pair of Fives)
84482a5a: shows [9s As] (Pair of Aces and Pair of Fives)
*** SHOWDOWN ***
Hero collected $2.45 from pot
*** SUMMARY ***
Total pot $2.57 | Rake $0.12 | Jackpot $0 | Bingo $0 | Fortune $0 | Tax $0
Board [5c Qh Ad Jh 5s]
Seat 1: 664b805c folded before Flop (didn't bet)
Seat 3: Hero showed [Kd Ah] and won ($2.45) with Pair of Aces and Pair of Fives
Seat 4: 84482a5a (button) showed [9s As] and lost with Pair of Aces and Pair of Fives
Seat 5: bdcce63c (small blind) folded before Flop
Seat 6: 4e30a626 (big blind) folded on the Turn


Poker Hand #HD1826770491: Hold'em No Limit ($0.05/$0.1) - 2024/06/22 18:36:53
Table 'NLHRed63' 6-max Seat #3 is the button
Seat 1: 664b805c ($22.71 in chips)
Seat 3: Hero ($10.42 in chips)
Seat 4: 84482a5a ($10 in chips)
Seat 5: bdcce63c ($10.62 in chips)
Seat 6: 4e30a626 ($9.38 in chips)
84482a5a: posts small blind $0.05
bdcce63c: posts big blind $0.1
*** HOLE CARDS ***
Dealt to 664b805c 
Dealt to Hero [5c Qh]
Dealt to 84482a5a 
Dealt to bdcce63c 
Dealt to 4e30a626 
4e30a626: folds
664b805c: raises $0.2 to $0.3
Hero: folds
84482a5a: folds
bdcce63c: folds
Uncalled bet ($0.2) returned to 664b805c
*** SHOWDOWN ***
664b805c collected $0.25 from pot
*** SUMMARY ***
Total pot $0.25 | Rake $0 | Jackpot $0 | Bingo $0 | Fortune $0 | Tax $0
Seat 1: 664b805c collected ($0.25)
Seat 3: Hero (button) folded before Flop (didn't bet)
Seat 4: 84482a5a (small blind) folded before Flop
Seat 5: bdcce63c (big blind) folded before Flop
Seat 6: 4e30a626 folded before Flop (didn't bet)


Poker Hand #HD1826770442: Hold'em No Limit ($0.05/$0.1) - 2024/06/22 18:36:28
Table 'NLHRed63' 6-max Seat #1 is the button
Seat 1: 664b805c ($22.71 in chips)
Seat 3: Hero ($10.47 in chips)
Seat 4: 84482a5a ($10.05 in chips)
Seat 5: bdcce63c ($10.34 in chips)
Seat 6: 4e30a626 ($9.53 in chips)
Hero: posts small blind $0.05
84482a5a: posts big blind $0.1
4e30a626: posts missed blind $0.05
4e30a626: posts big blind $0.1
*** HOLE CARDS ***
Dealt to 664b805c 
Dealt to Hero [6d 6s]
Dealt to 84482a5a 
Dealt to bdcce63c 
Dealt to 4e30a626 
bdcce63c: raises $0.5 to $0.6
4e30a626: folds
664b805c: folds
Hero: folds
84482a5a: folds
Uncalled bet ($0.5) returned to bdcce63c
*** SHOWDOWN ***
bdcce63c collected $0.38 from pot
*** SUMMARY ***
Total pot $0.4 | Rake $0.02 | Jackpot $0 | Bingo $0 | Fortune $0 | Tax $0
Seat 1: 664b805c (button) folded before Flop (didn't bet)
Seat 3: Hero (small blind) folded before Flop
Seat 4: 84482a5a (big blind) folded before Flop
Seat 5: bdcce63c collected ($0.38)
Seat 6: 4e30a626 folded before Flop


Poker Hand #HD1826770370: Hold'em No Limit ($0.05/$0.1) - 2024/06/22 18:35:51
Table 'NLHRed63' 6-max Seat #5 is the button
Seat 1: 664b805c ($22.76 in chips)
Seat 3: Hero ($10.57 in chips)
Seat 4: 84482a5a ($10.27 in chips)
Seat 5: bdcce63c ($10 in chips)
664b805c: posts small blind $0.05
Hero: posts big blind $0.1
*** HOLE CARDS ***
Dealt to 664b805c 
Dealt to Hero [5d 4c]
Dealt to 84482a5a 
Dealt to bdcce63c 
84482a5a: raises $0.12 to $0.22
bdcce63c: calls $0.22
664b805c: folds
Hero: folds
*** FLOP *** [6s Ah 8s]
84482a5a: checks
bdcce63c: bets $1
84482a5a: folds
Uncalled bet ($1) returned to bdcce63c
*** SHOWDOWN ***
bdcce63c collected $0.56 from pot
*** SUMMARY ***
Total pot $0.59 | Rake $0.03 | Jackpot $0 | Bingo $0 | Fortune $0 | Tax $0
Board [6s Ah 8s]
Seat 1: 664b805c (small blind) folded before Flop
Seat 3: Hero (big blind) folded before Flop
Seat 4: 84482a5a folded on the Flop
Seat 5: bdcce63c (button) won ($0.56)


Poker Hand #HD1826770349: Hold'em No Limit ($0.05/$0.1) - 2024/06/22 18:35:41
Table 'NLHRed63' 6-max Seat #4 is the button
Seat 1: 664b805c ($22.86 in chips)
Seat 2: 6aaeeab9 ($14.77 in chips)
Seat 3: Hero ($10.57 in chips)
Seat 4: 84482a5a ($10.27 in chips)
Seat 5: bdcce63c ($10 in chips)
bdcce63c: posts small blind $0.05
664b805c: posts big blind $0.1
*** HOLE CARDS ***
Dealt to 664b805c 
Dealt to 6aaeeab9 
Dealt to Hero [5c 6s]
Dealt to 84482a5a 
Dealt to bdcce63c 
6aaeeab9: raises $0.11 to $0.21
Hero: folds
84482a5a: folds
bdcce63c: folds
664b805c: folds
Uncalled bet ($0.11) returned to 6aaeeab9
*** SHOWDOWN ***
6aaeeab9 collected $0.25 from pot
*** SUMMARY ***
Total pot $0.25 | Rake $0 | Jackpot $0 | Bingo $0 | Fortune $0 | Tax $0
Seat 1: 664b805c (big blind) folded before Flop
Seat 2: 6aaeeab9 collected ($0.25)
Seat 3: Hero folded before Flop (didn't bet)
Seat 4: 84482a5a (button) folded before Flop (didn't bet)
Seat 5: bdcce63c (small blind) folded before Flop


Poker Hand #HD1826770324: Hold'em No Limit ($0.05/$0.1) - 2024/06/22 18:35:28
Table 'NLHRed63' 6-max Seat #3 is the button
Seat 1: 664b805c ($22.71 in chips)
Seat 2: 6aaeeab9 ($14.77 in chips)
Seat 3: Hero ($10.57 in chips)
Seat 4: 84482a5a ($10.32 in chips)
Seat 5: bdcce63c ($10 in chips)
84482a5a: posts small blind $0.05
bdcce63c: posts big blind $0.1
*** HOLE CARDS ***
Dealt to 664b805c 
Dealt to 6aaeeab9 
Dealt to Hero [5d 3s]
Dealt to 84482a5a 
Dealt to bdcce63c 
664b805c: raises $0.2 to $0.3
6aaeeab9: folds
Hero: folds
84482a5a: folds
bdcce63c: folds
Uncalled bet ($0.2) returned to 664b805c
*** SHOWDOWN ***
664b805c collected $0.25 from pot
*** SUMMARY ***
Total pot $0.25 | Rake $0 | Jackpot $0 | Bingo $0 | Fortune $0 | Tax $0
Seat 1: 664b805c collected ($0.25)
Seat 2: 6aaeeab9 folded before Flop (didn't bet)
Seat 3: Hero (button) folded before Flop (didn't bet)
Seat 4: 84482a5a (small blind) folded before Flop
Seat 5: bdcce63c (big blind) folded before Flop


Poker Hand #HD1826770289: Hold'em No Limit ($0.05/$0.1) - 2024/06/22 18:35:14
Table 'NLHRed63' 6-max Seat #2 is the button
Seat 1: 664b805c ($22.71 in chips)
Seat 2: 6aaeeab9 ($14.77 in chips)
Seat 3: Hero ($10.47 in chips)
Seat 4: 84482a5a ($10.42 in chips)
Seat 5: bdcce63c ($10 in chips)
Hero: posts small blind $0.05
84482a5a: posts big blind $0.1
*** HOLE CARDS ***
Dealt to 664b805c 
Dealt to 6aaeeab9 
Dealt to Hero [Ad Ks]
Dealt to 84482a5a 
Dealt to bdcce63c 
bdcce63c: folds
664b805c: folds
6aaeeab9: folds
Hero: raises $0.2 to $0.3
84482a5a: folds
Uncalled bet ($0.2) returned to Hero
*** SHOWDOWN ***
Hero collected $0.2 from pot
*** SUMMARY ***
Total pot $0.2 | Rake $0 | Jackpot $0 | Bingo $0 | Fortune $0 | Tax $0
Seat 1: 664b805c folded before Flop (didn't bet)
Seat 2: 6aaeeab9 (button) folded before Flop (didn't bet)
Seat 3: Hero (small blind) collected ($0.2)
Seat 4: 84482a5a (big blind) folded before Flop
Seat 5: bdcce63c folded before Flop (didn't bet)


Poker Hand #HD1826770253: Hold'em No Limit ($0.05/$0.1) - 2024/06/22 18:34:51
Table 'NLHRed63' 6-max Seat #1 is the button
Seat 1: 664b805c ($22.56 in chips)
Seat 2: 6aaeeab9 ($14.82 in chips)
Seat 3: Hero ($10.57 in chips)
Seat 4: 84482a5a ($10.42 in chips)
Seat 5: bdcce63c ($10 in chips)
Seat 6: 4e30a626 ($9.53 in chips)
6aaeeab9: posts small blind $0.05
Hero: posts big blind $0.1
*** HOLE CARDS ***
Dealt to 664b805c 
Dealt to 6aaeeab9 
Dealt to Hero [9h 6d]
Dealt to 84482a5a 
Dealt to bdcce63c 
Dealt to 4e30a626 
84482a5a: folds
bdcce63c: folds
4e30a626: folds
664b805c: raises $0.2 to $0.3
6aaeeab9: folds
Hero: folds
Uncalled bet ($0.2) returned to 664b805c
*** SHOWDOWN ***
664b805c collected $0.25 from pot
*** SUMMARY ***
Total pot $0.25 | Rake $0 | Jackpot $0 | Bingo $0 | Fortune $0 | Tax $0
Seat 1: 664b805c (button) collected ($0.25)
Seat 2: 6aaeeab9 (small blind) folded before Flop
Seat 3: Hero (big blind) folded before Flop
Seat 4: 84482a5a folded before Flop (didn't bet)
Seat 5: bdcce63c folded before Flop (didn't bet)
Seat 6: 4e30a626 folded before Flop (didn't bet)


Poker Hand #HD1826770185: Hold'em No Limit ($0.05/$0.1) - 2024/06/22 18:34:14
Table 'NLHRed63' 6-max Seat #6 is the button
Seat 1: 664b805c ($23.06 in chips)
Seat 2: 6aaeeab9 ($14.37 in chips)
Seat 3: Hero ($10.57 in chips)
Seat 4: 84482a5a ($10.42 in chips)
Seat 5: bdcce63c ($10 in chips)
Seat 6: 4e30a626 ($9.53 in chips)
664b805c: posts small blind $0.05
6aaeeab9: posts big blind $0.1
*** HOLE CARDS ***
Dealt to 664b805c 
Dealt to 6aaeeab9 
Dealt to Hero [7h Ks]
Dealt to 84482a5a 
Dealt to bdcce63c 
Dealt to 4e30a626 
Hero: folds
84482a5a: folds
bdcce63c: folds
4e30a626: folds
664b805c: raises $0.2 to $0.3
6aaeeab9: calls $0.2
*** FLOP *** [Jd Jc 9s]
664b805c: bets $0.2
6aaeeab9: raises $0.6 to $0.8
664b805c: folds
Uncalled bet ($0.6) returned to 6aaeeab9
*** SHOWDOWN ***
6aaeeab9 collected $0.95 from pot
*** SUMMARY ***
Total pot $1 | Rake $0.05 | Jackpot $0 | Bingo $0 | Fortune $0 | Tax $0
Board [Jd Jc 9s]
Seat 1: 664b805c (small blind) folded on the Flop
Seat 2: 6aaeeab9 (big blind) won ($0.95)
Seat 3: Hero folded before Flop (didn't bet)
Seat 4: 84482a5a folded before Flop (didn't bet)
Seat 5: bdcce63c folded before Flop (didn't bet)
Seat 6: 4e30a626 (button) folded before Flop (didn't bet)


Poker Hand #HD1826770149: Hold'em No Limit ($0.05/$0.1) - 2024/06/22 18:33:56
Table 'NLHRed63' 6-max Seat #5 is the button
Seat 1: 664b805c ($22.96 in chips)
Seat 2: 6aaeeab9 ($14.37 in chips)
Seat 3: Hero ($10.57 in chips)
Seat 4: 84482a5a ($10.42 in chips)
Seat 5: bdcce63c ($10 in chips)
Seat 6: 4e30a626 ($9.63 in chips)
4e30a626: posts small blind $0.05
664b805c: posts big blind $0.1
*** HOLE CARDS ***
Dealt to 664b805c 
Dealt to 6aaeeab9 
Dealt to Hero [3h 6s]
Dealt to 84482a5a 
Dealt to bdcce63c 
Dealt to 4e30a626 
6aaeeab9: folds
Hero: folds
84482a5a: folds
bdcce63c: folds
4e30a626: calls $0.05
664b805c: raises $0.4 to $0.5
4e30a626: folds
Uncalled bet ($0.4) returned to 664b805c
*** SHOWDOWN ***
664b805c collected $0.2 from pot
*** SUMMARY ***
Total pot $0.2 | Rake $0 | Jackpot $0 | Bingo $0 | Fortune $0 | Tax $0
Seat 1: 664b805c (big blind) collected ($0.2)
Seat 2: 6aaeeab9 folded before Flop (didn't bet)
Seat 3: Hero folded before Flop (didn't bet)
Seat 4: 84482a5a folded before Flop (didn't bet)
Seat 5: bdcce63c (button) folded before Flop (didn't bet)
Seat 6: 4e30a626 (small blind) folded before Flop


Poker Hand #HD1826770107: Hold'em No Limit ($0.05/$0.1) - 2024/06/22 18:33:30
Table 'NLHRed63' 6-max Seat #4 is the button
Seat 1: 664b805c ($22.96 in chips)
Seat 2: 6aaeeab9 ($14.13 in chips)
Seat 3: Hero ($10.57 in chips)
Seat 4: 84482a5a ($10.42 in chips)
Seat 5: bdcce63c ($10 in chips)
Seat 6: 4e30a626 ($9.84 in chips)
bdcce63c: posts small blind $0.05
4e30a626: posts big blind $0.1
*** HOLE CARDS ***
Dealt to 664b805c 
Dealt to 6aaeeab9 
Dealt to Hero [6s 7s]
Dealt to 84482a5a 
Dealt to bdcce63c 
Dealt to 4e30a626 
664b805c: folds
6aaeeab9: raises $0.11 to $0.21
Hero: folds
84482a5a: folds
bdcce63c: folds
4e30a626: calls $0.11
*** FLOP *** [3h Ah 2d]
4e30a626: checks
6aaeeab9: bets $0.16
4e30a626: folds
Uncalled bet ($0.16) returned to 6aaeeab9
*** SHOWDOWN ***
6aaeeab9 collected $0.45 from pot
*** SUMMARY ***
Total pot $0.47 | Rake $0.02 | Jackpot $0 | Bingo $0 | Fortune $0 | Tax $0
Board [3h Ah 2d]
Seat 1: 664b805c folded before Flop (didn't bet)
Seat 2: 6aaeeab9 won ($0.45)
Seat 3: Hero folded before Flop (didn't bet)
Seat 4: 84482a5a (button) folded before Flop (didn't bet)
Seat 5: bdcce63c (small blind) folded before Flop
Seat 6: 4e30a626 (big blind) folded on the Flop


Poker Hand #HD1826770045: Hold'em No Limit ($0.05/$0.1) - 2024/06/22 18:33:01
Table 'NLHRed63' 6-max Seat #3 is the button
Seat 1: 664b805c ($23.26 in chips)
Seat 2: 6aaeeab9 ($14.13 in chips)
Seat 3: Hero ($10.57 in chips)
Seat 4: 84482a5a ($10.05 in chips)
Seat 5: bdcce63c ($10 in chips)
Seat 6: 4e30a626 ($9.84 in chips)
84482a5a: posts small blind $0.05
bdcce63c: posts big blind $0.1
*** HOLE CARDS ***
Dealt to 664b805c 
Dealt to 6aaeeab9 
Dealt to Hero [Jd 7d]
Dealt to 84482a5a 
Dealt to bdcce63c 
Dealt to 4e30a626 
4e30a626: folds
664b805c: raises $0.2 to $0.3
6aaeeab9: folds
Hero: folds
84482a5a: raises $0.9 to $1.2
bdcce63c: folds
664b805c: folds
Uncalled bet ($0.9) returned to 84482a5a
*** SHOWDOWN ***
84482a5a collected $0.67 from pot
*** SUMMARY ***
Total pot $0.7 | Rake $0.03 | Jackpot $0 | Bingo $0 | Fortune $0 | Tax $0
Seat 1: 664b805c folded before Flop
Seat 2: 6aaeeab9 folded before Flop (didn't bet)
Seat 3: Hero (button) folded before Flop (didn't bet)
Seat 4: 84482a5a (small blind) collected ($0.67)
Seat 5: bdcce63c (big blind) folded before Flop
Seat 6: 4e30a626 folded before Flop (didn't bet)


Poker Hand #HD1826770031: Hold'em No Limit ($0.05/$0.1) - 2024/06/22 18:32:50
Table 'NLHRed63' 6-max Seat #2 is the button
Seat 1: 664b805c ($23.26 in chips)
Seat 2: 6aaeeab9 ($14.13 in chips)
Seat 3: Hero ($10.62 in chips)
Seat 4: 84482a5a ($10 in chips)
Seat 5: bdcce63c ($10 in chips)
Seat 6: 4e30a626 ($9.84 in chips)
Hero: posts small blind $0.05
84482a5a: posts big blind $0.1
*** HOLE CARDS ***
Dealt to 664b805c 
Dealt to 6aaeeab9 
Dealt to Hero [9s Th]
Dealt to 84482a5a 
Dealt to bdcce63c 
Dealt to 4e30a626 
bdcce63c: folds
4e30a626: folds
664b805c: folds
6aaeeab9: folds
Hero: folds
Uncalled bet ($0.05) returned to 84482a5a
*** SHOWDOWN ***
84482a5a collected $0.1 from pot
*** SUMMARY ***
Total pot $0.1 | Rake $0 | Jackpot $0 | Bingo $0 | Fortune $0 | Tax $0
Seat 1: 664b805c folded before Flop (didn't bet)
Seat 2: 6aaeeab9 (button) folded before Flop (didn't bet)
Seat 3: Hero (small blind) folded before Flop
Seat 4: 84482a5a (big blind) collected ($0.1)
Seat 5: bdcce63c folded before Flop (didn't bet)
Seat 6: 4e30a626 folded before Flop (didn't bet)


Poker Hand #HD1826769935: Hold'em No Limit ($0.05/$0.1) - 2024/06/22 18:32:02
Table 'NLHRed63' 6-max Seat #1 is the button
Seat 1: 664b805c ($23.88 in chips)
Seat 2: 6aaeeab9 ($14.18 in chips)
Seat 3: Hero ($10.72 in chips)
Seat 4: 84482a5a ($10 in chips)
Seat 5: bdcce63c ($10 in chips)
Seat 6: 4e30a626 ($9.14 in chips)
6aaeeab9: posts small blind $0.05
Hero: posts big blind $0.1
*** HOLE CARDS ***
Dealt to 664b805c 
Dealt to 6aaeeab9 
Dealt to Hero [Qh 6h]
Dealt to 84482a5a 
Dealt to bdcce63c 
Dealt to 4e30a626 
84482a5a: folds
bdcce63c: folds
4e30a626: raises $0.1 to $0.2
664b805c: calls $0.2
6aaeeab9: folds
Hero: folds
*** FLOP *** [Js Kd 5c]
4e30a626: checks
664b805c: checks
*** TURN *** [Js Kd 5c] [Ah]
4e30a626: checks
664b805c: bets $0.42
4e30a626: calls $0.42
*** RIVER *** [Js Kd 5c Ah] [4h]
4e30a626: checks
664b805c: checks
4e30a626: shows [Kh Ac] (Pair of Aces and Pair of Kings)
664b805c: shows [3h 3d] (Pair of Treys)
*** SHOWDOWN ***
4e30a626 collected $1.32 from pot
*** SUMMARY ***
Total pot $1.39 | Rake $0.07 | Jackpot $0 | Bingo $0 | Fortune $0 | Tax $0
Board [Js Kd 5c Ah 4h]
Seat 1: 664b805c (button) showed [3h 3d] and lost with Pair of Treys
Seat 2: 6aaeeab9 (small blind) folded before Flop
Seat 3: Hero (big blind) folded before Flop
Seat 4: 84482a5a folded before Flop (didn't bet)
Seat 5: bdcce63c folded before Flop (didn't bet)
Seat 6: 4e30a626 showed [Kh Ac] and won ($1.32) with Pair of Aces and Pair of Kings


Poker Hand #HD1826769842: Hold'em No Limit ($0.05/$0.1) - 2024/06/22 18:31:20
Table 'NLHRed63' 6-max Seat #6 is the button
Seat 1: 664b805c ($24.68 in chips)
Seat 2: 6aaeeab9 ($14.28 in chips)
Seat 3: Hero ($10.72 in chips)
Seat 4: 84482a5a ($10 in chips)
Seat 5: bdcce63c ($10 in chips)
Seat 6: 4e30a626 ($8.32 in chips)
664b805c: posts small blind $0.05
6aaeeab9: posts big blind $0.1
*** HOLE CARDS ***
Dealt to 664b805c 
Dealt to 6aaeeab9 
Dealt to Hero [4c 7s]
Dealt to 84482a5a 
Dealt to bdcce63c 
Dealt to 4e30a626 
Hero: folds
84482a5a: folds
bdcce63c: folds
4e30a626: raises $0.1 to $0.2
664b805c: raises $0.6 to $0.8
6aaeeab9: folds
4e30a626: calls $0.6
*** FLOP *** [Tc 9d 5c]
664b805c: checks
4e30a626: bets $0.57
664b805c: folds
Uncalled bet ($0.57) returned to 4e30a626
*** SHOWDOWN ***
4e30a626 collected $1.62 from pot
*** SUMMARY ***
Total pot $1.7 | Rake $0.08 | Jackpot $0 | Bingo $0 | Fortune $0 | Tax $0
Board [Tc 9d 5c]
Seat 1: 664b805c (small blind) folded on the Flop
Seat 2: 6aaeeab9 (big blind) folded before Flop
Seat 3: Hero folded before Flop (didn't bet)
Seat 4: 84482a5a folded before Flop (didn't bet)
Seat 5: bdcce63c folded before Flop (didn't bet)
Seat 6: 4e30a626 (button) won ($1.62)


Poker Hand #HD1826769767: Hold'em No Limit ($0.05/$0.1) - 2024/06/22 18:30:42
Table 'NLHRed63' 6-max Seat #5 is the button
Seat 1: 664b805c ($23.73 in chips)
Seat 2: 6aaeeab9 ($14.28 in chips)
Seat 3: Hero ($10.72 in chips)
Seat 4: 84482a5a ($10 in chips)
Seat 5: bdcce63c ($10 in chips)
Seat 6: 4e30a626 ($8.37 in chips)
4e30a626: posts small blind $0.05
664b805c: posts big blind $0.1
*** HOLE CARDS ***
Dealt to 664b805c 
Dealt to 6aaeeab9 
Dealt to Hero [8s Jh]
Dealt to 84482a5a 
Dealt to bdcce63c 
Dealt to 4e30a626 
6aaeeab9: folds
Hero: folds
84482a5a: raises $0.15 to $0.25
bdcce63c: folds
4e30a626: folds
664b805c: raises $0.75 to $1
84482a5a: calls $0.75
*** FLOP *** [6s Qs 7s]
664b805c: bets $0.68
84482a5a: folds
Uncalled bet ($0.68) returned to 664b805c
*** SHOWDOWN ***
664b805c collected $1.95 from pot
*** SUMMARY ***
Total pot $2.05 | Rake $0.1 | Jackpot $0 | Bingo $0 | Fortune $0 | Tax $0
Board [6s Qs 7s]
Seat 1: 664b805c (big blind) won ($1.95)
Seat 2: 6aaeeab9 folded before Flop (didn't bet)
Seat 3: Hero folded before Flop (didn't bet)
Seat 4: 84482a5a folded on the Flop
Seat 5: bdcce63c (button) folded before Flop (didn't bet)
Seat 6: 4e30a626 (small blind) folded before Flop


Poker Hand #HD1826769637: Hold'em No Limit ($0.05/$0.1) - 2024/06/22 18:29:33
Table 'NLHRed63' 6-max Seat #4 is the button
Seat 1: 664b805c ($23.73 in chips)
Seat 2: 6aaeeab9 ($14.28 in chips)
Seat 3: Hero ($10 in chips)
Seat 4: 84482a5a ($10 in chips)
Seat 5: bdcce63c ($10 in chips)
Seat 6: 4e30a626 ($8.61 in chips)
bdcce63c: posts small blind $0.05
4e30a626: posts big blind $0.1
*** HOLE CARDS ***
Dealt to 664b805c 
Dealt to 6aaeeab9 
Dealt to Hero [Qd Ac]
Dealt to 84482a5a 
Dealt to bdcce63c 
Dealt to 4e30a626 
664b805c: folds
6aaeeab9: folds
Hero: raises $0.14 to $0.24
84482a5a: folds
bdcce63c: calls $0.19
4e30a626: calls $0.14
*** FLOP *** [2c 9d 7c]
bdcce63c: checks
4e30a626: checks
Hero: checks
*** TURN *** [2c 9d 7c] [4c]
bdcce63c: checks
4e30a626: checks
Hero: bets $0.3
bdcce63c: calls $0.3
4e30a626: folds
*** RIVER *** [2c 9d 7c 4c] [Qs]
bdcce63c: checks
Hero: bets $0.44
bdcce63c: folds
Uncalled bet ($0.44) returned to Hero
*** SHOWDOWN ***
Hero collected $1.26 from pot
*** SUMMARY ***
Total pot $1.32 | Rake $0.06 | Jackpot $0 | Bingo $0 | Fortune $0 | Tax $0
Board [2c 9d 7c 4c Qs]
Seat 1: 664b805c folded before Flop (didn't bet)
Seat 2: 6aaeeab9 folded before Flop (didn't bet)
Seat 3: Hero won ($1.26)
Seat 4: 84482a5a (button) folded before Flop (didn't bet)
Seat 5: bdcce63c (small blind) folded on the River
Seat 6: 4e30a626 (big blind) folded on the Turn


Poker Hand #HD1826769602: Hold'em No Limit ($0.05/$0.1) - 2024/06/22 18:29:14
Table 'NLHRed63' 6-max Seat #3 is the button
Seat 1: 664b805c ($23.58 in chips)
Seat 2: 6aaeeab9 ($14.28 in chips)
Seat 3: Hero ($10 in chips)
Seat 4: 84482a5a ($10 in chips)
Seat 5: bdcce63c ($10 in chips)
Seat 6: 4e30a626 ($8.61 in chips)
84482a5a: posts small blind $0.05
bdcce63c: posts big blind $0.1
*** HOLE CARDS ***
Dealt to 664b805c 
Dealt to 6aaeeab9 
Dealt to Hero [2s 6c]
Dealt to 84482a5a 
Dealt to bdcce63c 
Dealt to 4e30a626 
4e30a626: folds
664b805c: raises $0.2 to $0.3
6aaeeab9: folds
Hero: folds
84482a5a: folds
bdcce63c: folds
Uncalled bet ($0.2) returned to 664b805c
*** SHOWDOWN ***
664b805c collected $0.25 from pot
*** SUMMARY ***
Total pot $0.25 | Rake $0 | Jackpot $0 | Bingo $0 | Fortune $0 | Tax $0
Seat 1: 664b805c collected ($0.25)
Seat 2: 6aaeeab9 folded before Flop (didn't bet)
Seat 3: Hero (button) folded before Flop (didn't bet)
Seat 4: 84482a5a (small blind) folded before Flop
Seat 5: bdcce63c (big blind) folded before Flop
Seat 6: 4e30a626 folded before Flop (didn't bet)


Poker Hand #HD1826769484: Hold'em No Limit ($0.05/$0.1) - 2024/06/22 18:28:10
Table 'NLHRed63' 6-max Seat #2 is the button
Seat 1: 664b805c ($23.58 in chips)
Seat 2: 6aaeeab9 ($13.03 in chips)
Seat 3: Hero ($10 in chips)
Seat 4: 84482a5a ($10 in chips)
Seat 5: bdcce63c ($10 in chips)
Seat 6: 4e30a626 ($9.73 in chips)
Hero: posts small blind $0.05
84482a5a: posts big blind $0.1
*** HOLE CARDS ***
Dealt to 664b805c 
Dealt to 6aaeeab9 
Dealt to Hero [3h Js]
Dealt to 84482a5a 
Dealt to bdcce63c 
Dealt to 4e30a626 
bdcce63c: folds
4e30a626: raises $0.1 to $0.2
664b805c: folds
6aaeeab9: calls $0.2
Hero: folds
84482a5a: calls $0.1
*** FLOP *** [6s 4s 2s]
84482a5a: checks
4e30a626: checks
6aaeeab9: bets $0.22
84482a5a: folds
4e30a626: calls $0.22
*** TURN *** [6s 4s 2s] [9d]
4e30a626: checks
6aaeeab9: bets $0.7
4e30a626: calls $0.7
*** RIVER *** [6s 4s 2s 9d] [4h]
4e30a626: checks
6aaeeab9: checks
4e30a626: shows [As 3c] (Pair of Fours)
6aaeeab9: shows [5h 5s] (Pair of Fives and Pair of Fours)
*** SHOWDOWN ***
6aaeeab9 collected $2.37 from pot
*** SUMMARY ***
Total pot $2.49 | Rake $0.12 | Jackpot $0 | Bingo $0 | Fortune $0 | Tax $0
Board [6s 4s 2s 9d 4h]
Seat 1: 664b805c folded before Flop (didn't bet)
Seat 2: 6aaeeab9 (button) showed [5h 5s] and won ($2.37) with Pair of Fives and Pair of Fours
Seat 3: Hero (small blind) folded before Flop
Seat 4: 84482a5a (big blind) folded on the Flop
Seat 5: bdcce63c folded before Flop (didn't bet)
Seat 6: 4e30a626 showed [As 3c] and lost with Pair of Fours


Poker Hand #HD1826769398: Hold'em No Limit ($0.05/$0.1) - 2024/06/22 18:27:21
Table 'NLHRed63' 6-max Seat #1 is the button
Seat 1: 664b805c ($23.58 in chips)
Seat 2: 6aaeeab9 ($13.08 in chips)
Seat 3: Hero ($10 in chips)
Seat 4: 84482a5a ($10 in chips)
Seat 5: bdcce63c ($10 in chips)
Seat 6: 4e30a626 ($6.62 in chips)
6aaeeab9: posts small blind $0.05
Hero: posts big blind $0.1
*** HOLE CARDS ***
Dealt to 664b805c 
Dealt to 6aaeeab9 
Dealt to Hero [4c 9c]
Dealt to 84482a5a 
Dealt to bdcce63c 
Dealt to 4e30a626 
84482a5a: raises $0.15 to $0.25
bdcce63c: folds
4e30a626: calls $0.25
664b805c: folds
6aaeeab9: folds
Hero: folds
*** FLOP *** [Qc 7c 2d]
84482a5a: bets $0.35
4e30a626: calls $0.35
*** TURN *** [Qc 7c 2d] [2s]
84482a5a: bets $1.05
4e30a626: calls $1.05
*** RIVER *** [Qc 7c 2d 2s] [Ks]
84482a5a: bets $1.75
4e30a626: calls $1.75
84482a5a: shows [Qs Kd] (Pair of Kings and Pair of Queens)
4e30a626: shows [Ah 2h] (Three Twos)
*** SHOWDOWN ***
4e30a626 collected $6.51 from pot
*** SUMMARY ***
Total pot $6.95 | Rake $0.34 | Jackpot $0.1 | Bingo $0 | Fortune $0 | Tax $0
Board [Qc 7c 2d 2s Ks]
Seat 1: 664b805c (button) folded before Flop (didn't bet)
Seat 2: 6aaeeab9 (small blind) folded before Flop
Seat 3: Hero (big blind) folded before Flop
Seat 4: 84482a5a showed [Qs Kd] and lost with Pair of Kings and Pair of Queens
Seat 5: bdcce63c folded before Flop (didn't bet)
Seat 6: 4e30a626 showed [Ah 2h] and won ($6.51) with Three Twos


Poker Hand #HD1826769335: Hold'em No Limit ($0.05/$0.1) - 2024/06/22 18:26:50
Table 'NLHRed63' 6-max Seat #6 is the button
Seat 1: 664b805c ($23.3 in chips)
Seat 2: 6aaeeab9 ($13.18 in chips)
Seat 3: Hero ($10 in chips)
Seat 4: 84482a5a ($10 in chips)
Seat 5: bdcce63c ($10 in chips)
Seat 6: 4e30a626 ($6.62 in chips)
664b805c: posts small blind $0.05
6aaeeab9: posts big blind $0.1
*** HOLE CARDS ***
Dealt to 664b805c 
Dealt to 6aaeeab9 
Dealt to Hero [Th As]
Dealt to 84482a5a 
Dealt to bdcce63c 
Dealt to 4e30a626 
Hero: raises $0.1 to $0.2
84482a5a: folds
bdcce63c: folds
4e30a626: folds
664b805c: raises $0.7 to $0.9
6aaeeab9: folds
Hero: folds
Uncalled bet ($0.7) returned to 664b805c
*** SHOWDOWN ***
664b805c collected $0.48 from pot
*** SUMMARY ***
Total pot $0.5 | Rake $0.02 | Jackpot $0 | Bingo $0 | Fortune $0 | Tax $0
Seat 1: 664b805c (small blind) collected ($0.48)
Seat 2: 6aaeeab9 (big blind) folded before Flop
Seat 3: Hero folded before Flop
Seat 4: 84482a5a folded before Flop (didn't bet)
Seat 5: bdcce63c folded before Flop (didn't bet)
Seat 6: 4e30a626 (button) folded before Flop (didn't bet)


Poker Hand #HD1826769180: Hold'em No Limit ($0.05/$0.1) - 2024/06/22 18:25:28
Table 'NLHRed63' 6-max Seat #5 is the button
Seat 1: 664b805c ($22.89 in chips)
Seat 2: 6aaeeab9 ($13.18 in chips)
Seat 3: Hero ($10 in chips)
Seat 4: 84482a5a ($10 in chips)
Seat 5: bdcce63c ($10.22 in chips)
Seat 6: 4e30a626 ($6.84 in chips)
4e30a626: posts small blind $0.05
664b805c: posts big blind $0.1
*** HOLE CARDS ***
Dealt to 664b805c 
Dealt to 6aaeeab9 
Dealt to Hero [Qh 3d]
Dealt to 84482a5a 
Dealt to bdcce63c 
Dealt to 4e30a626 
6aaeeab9: folds
Hero: folds
84482a5a: folds
bdcce63c: raises $0.12 to $0.22
4e30a626: calls $0.17
664b805c: calls $0.12
*** FLOP *** [8h Js Ah]
4e30a626: checks
664b805c: checks
bdcce63c: checks
*** TURN *** [8h Js Ah] [9c]
4e30a626: checks
664b805c: bets $0.5
bdcce63c: folds
4e30a626: folds
Uncalled bet ($0.5) returned to 664b805c
*** SHOWDOWN ***
664b805c collected $0.63 from pot
*** SUMMARY ***
Total pot $0.66 | Rake $0.03 | Jackpot $0 | Bingo $0 | Fortune $0 | Tax $0
Board [8h Js Ah 9c]
Seat 1: 664b805c (big blind) won ($0.63)
Seat 2: 6aaeeab9 folded before Flop (didn't bet)
Seat 3: Hero folded before Flop (didn't bet)
Seat 4: 84482a5a folded before Flop (didn't bet)
Seat 5: bdcce63c (button) folded on the Turn
Seat 6: 4e30a626 (small blind) folded on the Turn


Poker Hand #HD1826769113: Hold'em No Limit ($0.05/$0.1) - 2024/06/22 18:24:52
Table 'NLHRed63' 6-max Seat #4 is the button
Seat 1: 664b805c ($22.89 in chips)
Seat 2: 6aaeeab9 ($13.18 in chips)
Seat 3: Hero ($10 in chips)
Seat 4: 84482a5a ($10 in chips)
Seat 5: bdcce63c ($10 in chips)
Seat 6: 4e30a626 ($7.08 in chips)
bdcce63c: posts small blind $0.05
4e30a626: posts big blind $0.1
*** HOLE CARDS ***
Dealt to 664b805c 
Dealt to 6aaeeab9 
Dealt to Hero [4c 3c]
Dealt to 84482a5a 
Dealt to bdcce63c 
Dealt to 4e30a626 
664b805c: folds
6aaeeab9: folds
Hero: folds
84482a5a: folds
bdcce63c: raises $0.14 to $0.24
4e30a626: calls $0.14
*** FLOP *** [4s Jc 5c]
bdcce63c: bets $0.2
4e30a626: folds
Uncalled bet ($0.2) returned to bdcce63c
*** SHOWDOWN ***
bdcce63c collected $0.46 from pot
*** SUMMARY ***
Total pot $0.48 | Rake $0.02 | Jackpot $0 | Bingo $0 | Fortune $0 | Tax $0
Board [4s Jc 5c]
Seat 1: 664b805c folded before Flop (didn't bet)
Seat 2: 6aaeeab9 folded before Flop (didn't bet)
Seat 3: Hero folded before Flop (didn't bet)
Seat 4: 84482a5a (button) folded before Flop (didn't bet)
Seat 5: bdcce63c (small blind) won ($0.46)
Seat 6: 4e30a626 (big blind) folded on the Flop


Poker Hand #HD1826769062: Hold'em No Limit ($0.05/$0.1) - 2024/06/22 18:24:33
Table 'NLHRed63' 6-max Seat #3 is the button
Seat 1: 664b805c ($22.89 in chips)
Seat 2: 6aaeeab9 ($13.18 in chips)
Seat 3: Hero ($10 in chips)
Seat 4: 84482a5a ($10 in chips)
Seat 5: bdcce63c ($10 in chips)
Seat 6: 4e30a626 ($6.93 in chips)
84482a5a: posts small blind $0.05
bdcce63c: posts big blind $0.1
*** HOLE CARDS ***
Dealt to 664b805c 
Dealt to 6aaeeab9 
Dealt to Hero [7c 4c]
Dealt to 84482a5a 
Dealt to bdcce63c 
Dealt to 4e30a626 
4e30a626: raises $0.1 to $0.2
664b805c: folds
6aaeeab9: folds
Hero: folds
84482a5a: folds
bdcce63c: folds
Uncalled bet ($0.1) returned to 4e30a626
*** SHOWDOWN ***
4e30a626 collected $0.25 from pot
*** SUMMARY ***
Total pot $0.25 | Rake $0 | Jackpot $0 | Bingo $0 | Fortune $0 | Tax $0
Seat 1: 664b805c folded before Flop (didn't bet)
Seat 2: 6aaeeab9 folded before Flop (didn't bet)
Seat 3: Hero (button) folded before Flop (didn't bet)
Seat 4: 84482a5a (small blind) folded before Flop
Seat 5: bdcce63c (big blind) folded before Flop
Seat 6: 4e30a626 collected ($0.25)


Poker Hand #HD1826769013: Hold'em No Limit ($0.05/$0.1) - 2024/06/22 18:24:08
Table 'NLHRed63' 6-max Seat #2 is the button
Seat 1: 664b805c ($22.89 in chips)
Seat 2: 6aaeeab9 ($13.18 in chips)
Seat 3: Hero ($10 in chips)
Seat 4: 84482a5a ($10 in chips)
Seat 5: bdcce63c ($10 in chips)
Seat 6: 4e30a626 ($6.78 in chips)
Hero: posts small blind $0.05
84482a5a: posts big blind $0.1
*** HOLE CARDS ***
Dealt to 664b805c 
Dealt to 6aaeeab9 
Dealt to Hero [2s Ac]
Dealt to 84482a5a 
Dealt to bdcce63c 
Dealt to 4e30a626 
bdcce63c: folds
4e30a626: raises $0.1 to $0.2
664b805c: folds
6aaeeab9: folds
Hero: folds
84482a5a: folds
Uncalled bet ($0.1) returned to 4e30a626
*** SHOWDOWN ***
4e30a626 collected $0.25 from pot
*** SUMMARY ***
Total pot $0.25 | Rake $0 | Jackpot $0 | Bingo $0 | Fortune $0 | Tax $0
Seat 1: 664b805c folded before Flop (didn't bet)
Seat 2: 6aaeeab9 (button) folded before Flop (didn't bet)
Seat 3: Hero (small blind) folded before Flop
Seat 4: 84482a5a (big blind) folded before Flop
Seat 5: bdcce63c folded before Flop (didn't bet)
Seat 6: 4e30a626 collected ($0.25)


Poker Hand #HD1826768902: Hold'em No Limit ($0.05/$0.1) - 2024/06/22 18:23:10
Table 'NLHRed63' 6-max Seat #1 is the button
Seat 1: 664b805c ($22.89 in chips)
Seat 2: 6aaeeab9 ($13.23 in chips)
Seat 3: Hero ($10.05 in chips)
Seat 5: bdcce63c ($10.15 in chips)
Seat 6: 4e30a626 ($6.45 in chips)
6aaeeab9: posts small blind $0.05
Hero: posts big blind $0.1
*** HOLE CARDS ***
Dealt to 664b805c 
Dealt to 6aaeeab9 
Dealt to Hero [3s Qd]
Dealt to bdcce63c 
Dealt to 4e30a626 
bdcce63c: raises $0.1 to $0.2
4e30a626: calls $0.2
664b805c: folds
6aaeeab9: folds
Hero: folds
*** FLOP *** [6c 7d 4h]
bdcce63c: checks
4e30a626: checks
*** TURN *** [6c 7d 4h] [6s]
bdcce63c: checks
4e30a626: bets $0.19
bdcce63c: folds
Uncalled bet ($0.19) returned to 4e30a626
*** SHOWDOWN ***
4e30a626 collected $0.53 from pot
*** SUMMARY ***
Total pot $0.55 | Rake $0.02 | Jackpot $0 | Bingo $0 | Fortune $0 | Tax $0
Board [6c 7d 4h 6s]
Seat 1: 664b805c (button) folded before Flop (didn't bet)
Seat 2: 6aaeeab9 (small blind) folded before Flop
Seat 3: Hero (big blind) folded before Flop
Seat 5: bdcce63c folded on the Turn
Seat 6: 4e30a626 won ($0.53)


Poker Hand #HD1826768875: Hold'em No Limit ($0.05/$0.1) - 2024/06/22 18:22:58
Table 'NLHRed63' 6-max Seat #6 is the button
Seat 1: 664b805c ($22.94 in chips)
Seat 2: 6aaeeab9 ($13.33 in chips)
Seat 3: Hero ($10.05 in chips)
Seat 5: bdcce63c ($10 in chips)
Seat 6: 4e30a626 ($6.45 in chips)
664b805c: posts small blind $0.05
6aaeeab9: posts big blind $0.1
*** HOLE CARDS ***
Dealt to 664b805c 
Dealt to 6aaeeab9 
Dealt to Hero [Ah 9c]
Dealt to bdcce63c 
Dealt to 4e30a626 
Hero: folds
bdcce63c: raises $0.14 to $0.24
4e30a626: folds
664b805c: folds
6aaeeab9: folds
Uncalled bet ($0.14) returned to bdcce63c
*** SHOWDOWN ***
bdcce63c collected $0.25 from pot
*** SUMMARY ***
Total pot $0.25 | Rake $0 | Jackpot $0 | Bingo $0 | Fortune $0 | Tax $0
Seat 1: 664b805c (small blind) folded before Flop
Seat 2: 6aaeeab9 (big blind) folded before Flop
Seat 3: Hero folded before Flop (didn't bet)
Seat 5: bdcce63c collected ($0.25)
Seat 6: 4e30a626 (button) folded before Flop (didn't bet)


Poker Hand #HD1826768786: Hold'em No Limit ($0.05/$0.1) - 2024/06/22 18:22:15
Table 'NLHRed63' 6-max Seat #5 is the button
Seat 1: 664b805c ($23.04 in chips)
Seat 2: 6aaeeab9 ($13.33 in chips)
Seat 3: Hero ($10.05 in chips)
Seat 4: f19959d4 ($8.76 in chips)
Seat 5: bdcce63c ($10 in chips)
Seat 6: 4e30a626 ($6.36 in chips)
4e30a626: posts small blind $0.05
664b805c: posts big blind $0.1
*** HOLE CARDS ***
Dealt to 664b805c 
Dealt to 6aaeeab9 
Dealt to Hero [7h As]
Dealt to f19959d4 
Dealt to bdcce63c 
Dealt to 4e30a626 
6aaeeab9: folds
Hero: folds
f19959d4: folds
bdcce63c: folds
4e30a626: calls $0.05
664b805c: checks
*** FLOP *** [Jh Kc 9s]
4e30a626: bets $0.1
664b805c: folds
Uncalled bet ($0.1) returned to 4e30a626
*** SHOWDOWN ***
4e30a626 collected $0.19 from pot
*** SUMMARY ***
Total pot $0.2 | Rake $0.01 | Jackpot $0 | Bingo $0 | Fortune $0 | Tax $0
Board [Jh Kc 9s]
Seat 1: 664b805c (big blind) folded on the Flop
Seat 2: 6aaeeab9 folded before Flop (didn't bet)
Seat 3: Hero folded before Flop (didn't bet)
Seat 4: f19959d4 folded before Flop (didn't bet)
Seat 5: bdcce63c (button) folded before Flop (didn't bet)
Seat 6: 4e30a626 (small blind) won ($0.19)


Poker Hand #HD1826768759: Hold'em No Limit ($0.05/$0.1) - 2024/06/22 18:22:01
Table 'NLHRed63' 6-max Seat #4 is the button
Seat 1: 664b805c ($23.04 in chips)
Seat 2: 6aaeeab9 ($13.33 in chips)
Seat 3: Hero ($10.05 in chips)
Seat 4: f19959d4 ($8.76 in chips)
Seat 5: bdcce63c ($10 in chips)
Seat 6: 4e30a626 ($6.31 in chips)
bdcce63c: posts small blind $0.05
4e30a626: posts big blind $0.1
*** HOLE CARDS ***
Dealt to 664b805c 
Dealt to 6aaeeab9 
Dealt to Hero [7s 8h]
Dealt to f19959d4 
Dealt to bdcce63c 
Dealt to 4e30a626 
664b805c: folds
6aaeeab9: folds
Hero: folds
f19959d4: folds
bdcce63c: folds
Uncalled bet ($0.05) returned to 4e30a626
*** SHOWDOWN ***
4e30a626 collected $0.1 from pot
*** SUMMARY ***
Total pot $0.1 | Rake $0 | Jackpot $0 | Bingo $0 | Fortune $0 | Tax $0
Seat 1: 664b805c folded before Flop (didn't bet)
Seat 2: 6aaeeab9 folded before Flop (didn't bet)
Seat 3: Hero folded before Flop (didn't bet)
Seat 4: f19959d4 (button) folded before Flop (didn't bet)
Seat 5: bdcce63c (small blind) folded before Flop
Seat 6: 4e30a626 (big blind) collected ($0.1)


Poker Hand #HD1826768728: Hold'em No Limit ($0.05/$0.1) - 2024/06/22 18:21:41
Table 'NLHRed63' 6-max Seat #3 is the button
Seat 1: 664b805c ($22.89 in chips)
Seat 2: 6aaeeab9 ($13.33 in chips)
Seat 3: Hero ($10.05 in chips)
Seat 4: f19959d4 ($8.81 in chips)
Seat 5: bdcce63c ($10 in chips)
Seat 6: 4e30a626 ($6.31 in chips)
f19959d4: posts small blind $0.05
bdcce63c: posts big blind $0.1
*** HOLE CARDS ***
Dealt to 664b805c 
Dealt to 6aaeeab9 
Dealt to Hero [6c 5d]
Dealt to f19959d4 
Dealt to bdcce63c 
Dealt to 4e30a626 
4e30a626: folds
664b805c: raises $0.2 to $0.3
6aaeeab9: folds
Hero: folds
f19959d4: folds
bdcce63c: folds
Uncalled bet ($0.2) returned to 664b805c
*** SHOWDOWN ***
664b805c collected $0.25 from pot
*** SUMMARY ***
Total pot $0.25 | Rake $0 | Jackpot $0 | Bingo $0 | Fortune $0 | Tax $0
Seat 1: 664b805c collected ($0.25)
Seat 2: 6aaeeab9 folded before Flop (didn't bet)
Seat 3: Hero (button) folded before Flop (didn't bet)
Seat 4: f19959d4 (small blind) folded before Flop
Seat 5: bdcce63c (big blind) folded before Flop
Seat 6: 4e30a626 folded before Flop (didn't bet)


Poker Hand #HD1826768657: Hold'em No Limit ($0.05/$0.1) - 2024/06/22 18:21:07
Table 'NLHRed63' 6-max Seat #2 is the button
Seat 1: 664b805c ($22.89 in chips)
Seat 2: 6aaeeab9 ($13.33 in chips)
Seat 3: Hero ($10.1 in chips)
Seat 4: f19959d4 ($9.54 in chips)
Seat 6: 4e30a626 ($5.6 in chips)
Hero: posts small blind $0.05
f19959d4: posts big blind $0.1
*** HOLE CARDS ***
Dealt to 664b805c 
Dealt to 6aaeeab9 
Dealt to Hero [8h 2c]
Dealt to f19959d4 
Dealt to 4e30a626 
4e30a626: raises $0.1 to $0.2
664b805c: folds
6aaeeab9: folds
Hero: folds
f19959d4: calls $0.1
*** FLOP *** [2d 4c Jc]
f19959d4: checks
4e30a626: bets $0.15
f19959d4: calls $0.15
*** TURN *** [2d 4c Jc] [Kc]
f19959d4: checks
4e30a626: bets $0.38
f19959d4: calls $0.38
*** RIVER *** [2d 4c Jc Kc] [3h]
f19959d4: checks
4e30a626: bets $0.76
f19959d4: folds
Uncalled bet ($0.76) returned to 4e30a626
*** SHOWDOWN ***
4e30a626 collected $1.44 from pot
*** SUMMARY ***
Total pot $1.51 | Rake $0.07 | Jackpot $0 | Bingo $0 | Fortune $0 | Tax $0
Board [2d 4c Jc Kc 3h]
Seat 1: 664b805c folded before Flop (didn't bet)
Seat 2: 6aaeeab9 (button) folded before Flop (didn't bet)
Seat 3: Hero (small blind) folded before Flop
Seat 4: f19959d4 (big blind) folded on the River
Seat 6: 4e30a626 won ($1.44)


Poker Hand #HD1826768609: Hold'em No Limit ($0.05/$0.1) - 2024/06/22 18:20:46
Table 'NLHRed63' 6-max Seat #1 is the button
Seat 1: 664b805c ($22.89 in chips)
Seat 2: 6aaeeab9 ($13.38 in chips)
Seat 3: Hero ($10.2 in chips)
Seat 4: f19959d4 ($9.4 in chips)
Seat 6: 4e30a626 ($5.6 in chips)
6aaeeab9: posts small blind $0.05
Hero: posts big blind $0.1
*** HOLE CARDS ***
Dealt to 664b805c 
Dealt to 6aaeeab9 
Dealt to Hero [5h 2s]
Dealt to f19959d4 
Dealt to 4e30a626 
f19959d4: calls $0.1
4e30a626: folds
664b805c: folds
6aaeeab9: folds
Hero: checks
*** FLOP *** [8h Tc 2d]
Hero: checks
f19959d4: bets $0.13
Hero: folds
Uncalled bet ($0.13) returned to f19959d4
*** SHOWDOWN ***
f19959d4 collected $0.24 from pot
*** SUMMARY ***
Total pot $0.25 | Rake $0.01 | Jackpot $0 | Bingo $0 | Fortune $0 | Tax $0
Board [8h Tc 2d]
Seat 1: 664b805c (button) folded before Flop (didn't bet)
Seat 2: 6aaeeab9 (small blind) folded before Flop
Seat 3: Hero (big blind) folded on the Flop
Seat 4: f19959d4 won ($0.24)
Seat 6: 4e30a626 folded before Flop (didn't bet)


Poker Hand #HD1826768527: Hold'em No Limit ($0.05/$0.1) - 2024/06/22 18:20:04
Table 'NLHRed63' 6-max Seat #6 is the button
Seat 1: 664b805c ($22.94 in chips)
Seat 2: 6aaeeab9 ($13.87 in chips)
Seat 3: Hero ($10.2 in chips)
Seat 4: f19959d4 ($9.4 in chips)
Seat 5: 381d5d48 ($14.45 in chips)
Seat 6: 4e30a626 ($5.11 in chips)
664b805c: posts small blind $0.05
6aaeeab9: posts big blind $0.1
*** HOLE CARDS ***
Dealt to 664b805c 
Dealt to 6aaeeab9 
Dealt to Hero [3s 8s]
Dealt to f19959d4 
Dealt to 381d5d48 
Dealt to 4e30a626 
Hero: folds
f19959d4: folds
381d5d48: folds
4e30a626: calls $0.1
664b805c: folds
6aaeeab9: checks
*** FLOP *** [9d Qc Jh]
6aaeeab9: checks
4e30a626: bets $0.13
6aaeeab9: calls $0.13
*** TURN *** [9d Qc Jh] [6h]
6aaeeab9: checks
4e30a626: bets $0.26
6aaeeab9: calls $0.26
*** RIVER *** [9d Qc Jh 6h] [Kc]
6aaeeab9: checks
4e30a626: checks
6aaeeab9: shows [7s Jc] (Pair of Jacks)
4e30a626: shows [8d Qh] (Pair of Queens)
f19959d4: shows [9h 9s] (Three Nines)
*** SHOWDOWN ***
4e30a626 collected $0.98 from pot
*** SUMMARY ***
Total pot $1.03 | Rake $0.05 | Jackpot $0 | Bingo $0 | Fortune $0 | Tax $0
Board [9d Qc Jh 6h Kc]
Seat 1: 664b805c (small blind) folded before Flop
Seat 2: 6aaeeab9 (big blind) showed [7s Jc] and lost with Pair of Jacks
Seat 3: Hero folded before Flop (didn't bet)
Seat 4: f19959d4 folded before Flop (didn't bet)
Seat 5: 381d5d48 folded before Flop (didn't bet)
Seat 6: 4e30a626 (button) showed [8d Qh] and won ($0.98) with Pair of Queens


Poker Hand #HD1826768504: Hold'em No Limit ($0.05/$0.1) - 2024/06/22 18:19:51
Table 'NLHRed63' 6-max Seat #5 is the button
Seat 1: 664b805c ($23.04 in chips)
Seat 2: 6aaeeab9 ($13.87 in chips)
Seat 3: Hero ($10.2 in chips)
Seat 4: f19959d4 ($9.4 in chips)
Seat 5: 381d5d48 ($14.3 in chips)
Seat 6: 4e30a626 ($5.16 in chips)
4e30a626: posts small blind $0.05
664b805c: posts big blind $0.1
*** HOLE CARDS ***
Dealt to 664b805c 
Dealt to 6aaeeab9 
Dealt to Hero [7s 4h]
Dealt to f19959d4 
Dealt to 381d5d48 
Dealt to 4e30a626 
6aaeeab9: folds
Hero: folds
f19959d4: folds
381d5d48: raises $0.15 to $0.25
4e30a626: folds
664b805c: folds
Uncalled bet ($0.15) returned to 381d5d48
*** SHOWDOWN ***
381d5d48 collected $0.25 from pot
*** SUMMARY ***
Total pot $0.25 | Rake $0 | Jackpot $0 | Bingo $0 | Fortune $0 | Tax $0
Seat 1: 664b805c (big blind) folded before Flop
Seat 2: 6aaeeab9 folded before Flop (didn't bet)
Seat 3: Hero folded before Flop (didn't bet)
Seat 4: f19959d4 folded before Flop (didn't bet)
Seat 5: 381d5d48 (button) collected ($0.25)
Seat 6: 4e30a626 (small blind) folded before Flop


Poker Hand #HD1826768459: Hold'em No Limit ($0.05/$0.1) - 2024/06/22 18:19:26
Table 'NLHRed63' 6-max Seat #4 is the button
Seat 1: 664b805c ($23.04 in chips)
Seat 2: 6aaeeab9 ($13.87 in chips)
Seat 3: Hero ($10.2 in chips)
Seat 4: f19959d4 ($9.17 in chips)
Seat 5: 381d5d48 ($14.35 in chips)
Seat 6: 4e30a626 ($5.36 in chips)
381d5d48: posts small blind $0.05
4e30a626: posts big blind $0.1
*** HOLE CARDS ***
Dealt to 664b805c 
Dealt to 6aaeeab9 
Dealt to Hero [5c Jd]
Dealt to f19959d4 
Dealt to 381d5d48 
Dealt to 4e30a626 
664b805c: folds
6aaeeab9: folds
Hero: folds
f19959d4: raises $0.1 to $0.2
381d5d48: folds
4e30a626: calls $0.1
*** FLOP *** [7c Th 6s]
4e30a626: checks
f19959d4: checks
*** TURN *** [7c Th 6s] [Ks]
4e30a626: checks
f19959d4: bets $0.15
4e30a626: folds
Uncalled bet ($0.15) returned to f19959d4
*** SHOWDOWN ***
f19959d4 collected $0.43 from pot
*** SUMMARY ***
Total pot $0.45 | Rake $0.02 | Jackpot $0 | Bingo $0 | Fortune $0 | Tax $0
Board [7c Th 6s Ks]
Seat 1: 664b805c folded before Flop (didn't bet)
Seat 2: 6aaeeab9 folded before Flop (didn't bet)
Seat 3: Hero folded before Flop (didn't bet)
Seat 4: f19959d4 (button) won ($0.43)
Seat 5: 381d5d48 (small blind) folded before Flop
Seat 6: 4e30a626 (big blind) folded on the Turn


Poker Hand #HD1826768420: Hold'em No Limit ($0.05/$0.1) - 2024/06/22 18:19:07
Table 'NLHRed63' 6-max Seat #3 is the button
Seat 1: 664b805c ($22.89 in chips)
Seat 2: 6aaeeab9 ($13.87 in chips)
Seat 3: Hero ($10.2 in chips)
Seat 4: f19959d4 ($9.22 in chips)
Seat 5: 381d5d48 ($14.45 in chips)
Seat 6: 4e30a626 ($5.36 in chips)
f19959d4: posts small blind $0.05
381d5d48: posts big blind $0.1
*** HOLE CARDS ***
Dealt to 664b805c 
Dealt to 6aaeeab9 
Dealt to Hero [2c 2d]
Dealt to f19959d4 
Dealt to 381d5d48 
Dealt to 4e30a626 
4e30a626: folds
664b805c: raises $0.2 to $0.3
6aaeeab9: folds
Hero: folds
f19959d4: folds
381d5d48: folds
Uncalled bet ($0.2) returned to 664b805c
*** SHOWDOWN ***
664b805c collected $0.25 from pot
*** SUMMARY ***
Total pot $0.25 | Rake $0 | Jackpot $0 | Bingo $0 | Fortune $0 | Tax $0
Seat 1: 664b805c collected ($0.25)
Seat 2: 6aaeeab9 folded before Flop (didn't bet)
Seat 3: Hero (button) folded before Flop (didn't bet)
Seat 4: f19959d4 (small blind) folded before Flop
Seat 5: 381d5d48 (big blind) folded before Flop
Seat 6: 4e30a626 folded before Flop (didn't bet)


Poker Hand #HD1826768383: Hold'em No Limit ($0.05/$0.1) - 2024/06/22 18:18:48
Table 'NLHRed63' 6-max Seat #2 is the button
Seat 1: 664b805c ($22.89 in chips)
Seat 2: 6aaeeab9 ($13.87 in chips)
Seat 3: Hero ($10.25 in chips)
Seat 4: f19959d4 ($9.17 in chips)
Seat 5: 381d5d48 ($14.45 in chips)
Seat 6: 4e30a626 ($5.36 in chips)
Hero: posts small blind $0.05
f19959d4: posts big blind $0.1
*** HOLE CARDS ***
Dealt to 664b805c 
Dealt to 6aaeeab9 
Dealt to Hero [5h 7c]
Dealt to f19959d4 
Dealt to 381d5d48 
Dealt to 4e30a626 
381d5d48: folds
4e30a626: folds
664b805c: folds
6aaeeab9: folds
Hero: folds
Uncalled bet ($0.05) returned to f19959d4
*** SHOWDOWN ***
f19959d4 collected $0.1 from pot
*** SUMMARY ***
Total pot $0.1 | Rake $0 | Jackpot $0 | Bingo $0 | Fortune $0 | Tax $0
Seat 1: 664b805c folded before Flop (didn't bet)
Seat 2: 6aaeeab9 (button) folded before Flop (didn't bet)
Seat 3: Hero (small blind) folded before Flop
Seat 4: f19959d4 (big blind) collected ($0.1)
Seat 5: 381d5d48 folded before Flop (didn't bet)
Seat 6: 4e30a626 folded before Flop (didn't bet)


Poker Hand #HD1826768339: Hold'em No Limit ($0.05/$0.1) - 2024/06/22 18:18:24
Table 'NLHRed63' 6-max Seat #1 is the button
Seat 1: 664b805c ($22.89 in chips)
Seat 2: 6aaeeab9 ($14.14 in chips)
Seat 3: Hero ($10 in chips)
Seat 4: f19959d4 ($9.17 in chips)
Seat 5: 381d5d48 ($14.45 in chips)
Seat 6: 4e30a626 ($5.36 in chips)
6aaeeab9: posts small blind $0.05
Hero: posts big blind $0.1
*** HOLE CARDS ***
Dealt to 664b805c 
Dealt to 6aaeeab9 
Dealt to Hero [As Kc]
Dealt to f19959d4 
Dealt to 381d5d48 
Dealt to 4e30a626 
f19959d4: folds
381d5d48: folds
4e30a626: folds
664b805c: folds
6aaeeab9: raises $0.17 to $0.27
Hero: raises $0.83 to $1.1
6aaeeab9: folds
Uncalled bet ($0.83) returned to Hero
*** SHOWDOWN ***
Hero collected $0.52 from pot
*** SUMMARY ***
Total pot $0.54 | Rake $0.02 | Jackpot $0 | Bingo $0 | Fortune $0 | Tax $0
Seat 1: 664b805c (button) folded before Flop (didn't bet)
Seat 2: 6aaeeab9 (small blind) folded before Flop
Seat 3: Hero (big blind) collected ($0.52)
Seat 4: f19959d4 folded before Flop (didn't bet)
Seat 5: 381d5d48 folded before Flop (didn't bet)
Seat 6: 4e30a626 folded before Flop (didn't bet)


Poker Hand #HD1826768260: Hold'em No Limit ($0.05/$0.1) - 2024/06/22 18:17:46
Table 'NLHRed63' 6-max Seat #6 is the button
Seat 1: 664b805c ($22.94 in chips)
Seat 2: 6aaeeab9 ($13.65 in chips)
Seat 3: Hero ($10 in chips)
Seat 4: f19959d4 ($9.17 in chips)
Seat 5: 381d5d48 ($14.45 in chips)
Seat 6: 4e30a626 ($5.85 in chips)
664b805c: posts small blind $0.05
6aaeeab9: posts big blind $0.1
*** HOLE CARDS ***
Dealt to 664b805c 
Dealt to 6aaeeab9 
Dealt to Hero [6s Jd]
Dealt to f19959d4 
Dealt to 381d5d48 
Dealt to 4e30a626 
Hero: folds
f19959d4: folds
381d5d48: folds
4e30a626: calls $0.1
664b805c: folds
6aaeeab9: checks
*** FLOP *** [4h 4c 9h]
6aaeeab9: checks
4e30a626: bets $0.13
6aaeeab9: calls $0.13
*** TURN *** [4h 4c 9h] [5d]
6aaeeab9: checks
4e30a626: bets $0.26
6aaeeab9: calls $0.26
*** RIVER *** [4h 4c 9h 5d] [Kd]
6aaeeab9: checks
4e30a626: checks
6aaeeab9: shows [9d 8s] (Pair of Nines and Pair of Fours)
4e30a626: shows [Qd 5s] (Pair of Fives and Pair of Fours)
*** SHOWDOWN ***
6aaeeab9 collected $0.98 from pot
*** SUMMARY ***
Total pot $1.03 | Rake $0.05 | Jackpot $0 | Bingo $0 | Fortune $0 | Tax $0
Board [4h 4c 9h 5d Kd]
Seat 1: 664b805c (small blind) folded before Flop
Seat 2: 6aaeeab9 (big blind) showed [9d 8s] and won ($0.98) with Pair of Nines and Pair of Fours
Seat 3: Hero folded before Flop (didn't bet)
Seat 4: f19959d4 folded before Flop (didn't bet)
Seat 5: 381d5d48 folded before Flop (didn't bet)
Seat 6: 4e30a626 (button) showed [Qd 5s] and lost with Pair of Fives and Pair of Fours


Poker Hand #HD1826768115: Hold'em No Limit ($0.05/$0.1) - 2024/06/22 18:16:29
Table 'NLHRed63' 6-max Seat #5 is the button
Seat 1: 664b805c ($22.56 in chips)
Seat 2: 6aaeeab9 ($13.65 in chips)
Seat 3: Hero ($10 in chips)
Seat 4: f19959d4 ($10.17 in chips)
Seat 5: 381d5d48 ($14.45 in chips)
Seat 6: 4e30a626 ($5.47 in chips)
4e30a626: posts small blind $0.05
664b805c: posts big blind $0.1
*** HOLE CARDS ***
Dealt to 664b805c 
Dealt to 6aaeeab9 
Dealt to Hero [8h As]
Dealt to f19959d4 
Dealt to 381d5d48 
Dealt to 4e30a626 
6aaeeab9: folds
Hero: folds
f19959d4: calls $0.1
381d5d48: folds
4e30a626: raises $0.1 to $0.2
664b805c: calls $0.1
f19959d4: calls $0.1
*** FLOP *** [2c Ts 8s]
4e30a626: checks
664b805c: checks
f19959d4: checks
*** TURN *** [2c Ts 8s] [Qs]
4e30a626: bets $0.3
664b805c: calls $0.3
f19959d4: raises $0.5 to $0.8
4e30a626: calls $0.5
664b805c: calls $0.5
*** RIVER *** [2c Ts 8s Qs] [9c]
4e30a626: checks
664b805c: checks
f19959d4: checks
4e30a626: shows [Jd Qd] (Queens-High Straight)
664b805c: shows [9s Jc] (Queens-High Straight)
f19959d4: shows [2h 2s] (Three Twos)
*** SHOWDOWN ***
664b805c collected $1.38 from pot
4e30a626 collected $1.38 from pot
*** SUMMARY ***
Total pot $3 | Rake $0.14 | Jackpot $0.1 | Bingo $0 | Fortune $0 | Tax $0
Board [2c Ts 8s Qs 9c]
Seat 1: 664b805c (big blind) showed [9s Jc] and won ($1.38) with Queens-High Straight
Seat 2: 6aaeeab9 folded before Flop (didn't bet)
Seat 3: Hero folded before Flop (didn't bet)
Seat 4: f19959d4 showed [2h 2s] and lost with Three Twos
Seat 5: 381d5d48 (button) folded before Flop (didn't bet)
Seat 6: 4e30a626 (small blind) showed [Jd Qd] and won ($1.38) with Queens-High Straight


Poker Hand #HD1826768078: Hold'em No Limit ($0.05/$0.1) - 2024/06/22 18:16:09
Table 'NLHRed63' 6-max Seat #4 is the button
Seat 1: 664b805c ($22.56 in chips)
Seat 2: 6aaeeab9 ($13.65 in chips)
Seat 3: Hero ($10 in chips)
Seat 4: f19959d4 ($10.17 in chips)
Seat 5: 381d5d48 ($14.5 in chips)
Seat 6: 4e30a626 ($5.42 in chips)
381d5d48: posts small blind $0.05
4e30a626: posts big blind $0.1
*** HOLE CARDS ***
Dealt to 664b805c 
Dealt to 6aaeeab9 
Dealt to Hero [Qc 9h]
Dealt to f19959d4 
Dealt to 381d5d48 
Dealt to 4e30a626 
664b805c: folds
6aaeeab9: folds
Hero: folds
f19959d4: folds
381d5d48: folds
Uncalled bet ($0.05) returned to 4e30a626
*** SHOWDOWN ***
4e30a626 collected $0.1 from pot
*** SUMMARY ***
Total pot $0.1 | Rake $0 | Jackpot $0 | Bingo $0 | Fortune $0 | Tax $0
Seat 1: 664b805c folded before Flop (didn't bet)
Seat 2: 6aaeeab9 folded before Flop (didn't bet)
Seat 3: Hero folded before Flop (didn't bet)
Seat 4: f19959d4 (button) folded before Flop (didn't bet)
Seat 5: 381d5d48 (small blind) folded before Flop
Seat 6: 4e30a626 (big blind) collected ($0.1)


Poker Hand #HD1826768057: Hold'em No Limit ($0.05/$0.1) - 2024/06/22 18:15:54
Table 'NLHRed63' 6-max Seat #3 is the button
Seat 1: 664b805c ($22.56 in chips)
Seat 2: 6aaeeab9 ($13.5 in chips)
Seat 3: Hero ($10 in chips)
Seat 4: f19959d4 ($10.22 in chips)
Seat 5: 381d5d48 ($14.6 in chips)
Seat 6: 4e30a626 ($5.42 in chips)
f19959d4: posts small blind $0.05
381d5d48: posts big blind $0.1
*** HOLE CARDS ***
Dealt to 664b805c 
Dealt to 6aaeeab9 
Dealt to Hero [6d Kd]
Dealt to f19959d4 
Dealt to 381d5d48 
Dealt to 4e30a626 
4e30a626: folds
664b805c: folds
6aaeeab9: raises $0.11 to $0.21
Hero: folds
f19959d4: folds
381d5d48: folds
Uncalled bet ($0.11) returned to 6aaeeab9
*** SHOWDOWN ***
6aaeeab9 collected $0.25 from pot
*** SUMMARY ***
Total pot $0.25 | Rake $0 | Jackpot $0 | Bingo $0 | Fortune $0 | Tax $0
Seat 1: 664b805c folded before Flop (didn't bet)
Seat 2: 6aaeeab9 collected ($0.25)
Seat 3: Hero (button) folded before Flop (didn't bet)
Seat 4: f19959d4 (small blind) folded before Flop
Seat 5: 381d5d48 (big blind) folded before Flop
Seat 6: 4e30a626 folded before Flop (didn't bet)


Poker Hand #HD1826767991: Hold'em No Limit ($0.05/$0.1) - 2024/06/22 18:15:21
Table 'NLHRed63' 6-max Seat #2 is the button
Seat 1: 664b805c ($22.56 in chips)
Seat 2: 6aaeeab9 ($13.7 in chips)
Seat 3: Hero ($10 in chips)
Seat 4: f19959d4 ($10.42 in chips)
Seat 5: 381d5d48 ($14.6 in chips)
Seat 6: 4e30a626 ($5 in chips)
Hero: posts small blind $0.05
f19959d4: posts big blind $0.1
4e30a626: posts big blind $0.1
*** HOLE CARDS ***
Dealt to 664b805c 
Dealt to 6aaeeab9 
Dealt to Hero [8h 3s]
Dealt to f19959d4 
Dealt to 381d5d48 
Dealt to 4e30a626 
381d5d48: folds
4e30a626: raises $0.1 to $0.2
664b805c: folds
6aaeeab9: calls $0.2
Hero: folds
f19959d4: calls $0.1
*** FLOP *** [3h Ah 5d]
f19959d4: checks
4e30a626: bets $0.33
6aaeeab9: folds
f19959d4: folds
Uncalled bet ($0.33) returned to 4e30a626
*** SHOWDOWN ***
4e30a626 collected $0.62 from pot
*** SUMMARY ***
Total pot $0.65 | Rake $0.03 | Jackpot $0 | Bingo $0 | Fortune $0 | Tax $0
Board [3h Ah 5d]
Seat 1: 664b805c folded before Flop (didn't bet)
Seat 2: 6aaeeab9 (button) folded on the Flop
Seat 3: Hero (small blind) folded before Flop
Seat 4: f19959d4 (big blind) folded on the Flop
Seat 5: 381d5d48 folded before Flop (didn't bet)
Seat 6: 4e30a626 won ($0.62)


Poker Hand #HD1826767830: Hold'em No Limit ($0.05/$0.1) - 2024/06/22 18:13:53
Table 'NLHRed63' 6-max Seat #1 is the button
Seat 1: 664b805c ($22.56 in chips)
Seat 2: 6aaeeab9 ($13.75 in chips)
Seat 3: Hero ($10 in chips)
Seat 4: f19959d4 ($13.09 in chips)
Seat 5: 381d5d48 ($12.05 in chips)
6aaeeab9: posts small blind $0.05
Hero: posts big blind $0.1
*** HOLE CARDS ***
Dealt to 664b805c 
Dealt to 6aaeeab9 
Dealt to Hero [Ks Jh]
Dealt to f19959d4 
Dealt to 381d5d48 
f19959d4: raises $0.1 to $0.2
381d5d48: calls $0.2
664b805c: folds
6aaeeab9: folds
Hero: calls $0.1
*** FLOP *** [2c 6s 4d]
Hero: checks
f19959d4: bets $0.33
381d5d48: calls $0.33
Hero: folds
*** TURN *** [2c 6s 4d] [Td]
f19959d4: checks
381d5d48: bets $0.84
f19959d4: calls $0.84
*** RIVER *** [2c 6s 4d Td] [4c]
f19959d4: checks
381d5d48: bets $1.3
f19959d4: calls $1.3
381d5d48: shows [2h 2s] (Twos Full over Fours)
f19959d4: shows [8c 6c] (Pair of Sixes and Pair of Fours)
*** SHOWDOWN ***
381d5d48 collected $5.22 from pot
*** SUMMARY ***
Total pot $5.59 | Rake $0.27 | Jackpot $0.1 | Bingo $0 | Fortune $0 | Tax $0
Board [2c 6s 4d Td 4c]
Seat 1: 664b805c (button) folded before Flop (didn't bet)
Seat 2: 6aaeeab9 (small blind) folded before Flop
Seat 3: Hero (big blind) folded on the Flop
Seat 4: f19959d4 showed [8c 6c] and lost with Pair of Sixes and Pair of Fours
Seat 5: 381d5d48 showed [2h 2s] and won ($5.22) with Twos Full over Fours


Poker Hand #HD1826767721: Hold'em No Limit ($0.05/$0.1) - 2024/06/22 18:12:53
Table 'NLHRed63' 6-max Seat #5 is the button
Seat 1: 664b805c ($22.19 in chips)
Seat 2: 6aaeeab9 ($13.75 in chips)
Seat 3: Hero ($10 in chips)
Seat 4: f19959d4 ($13.44 in chips)
Seat 5: 381d5d48 ($12.05 in chips)
Seat 6: 90dee690 ($11.72 in chips)
90dee690: posts small blind $0.05
664b805c: posts big blind $0.1
*** HOLE CARDS ***
Dealt to 664b805c 
Dealt to 6aaeeab9 
Dealt to Hero [5h Kd]
Dealt to f19959d4 
Dealt to 381d5d48 
Dealt to 90dee690 
6aaeeab9: folds
Hero: folds
f19959d4: raises $0.1 to $0.2
381d5d48: folds
90dee690: folds
664b805c: calls $0.1
*** FLOP *** [Th Ts 5s]
664b805c: checks
f19959d4: bets $0.15
664b805c: calls $0.15
*** TURN *** [Th Ts 5s] [Tc]
664b805c: checks
f19959d4: checks
*** RIVER *** [Th Ts 5s Tc] [9s]
664b805c: bets $0.38
f19959d4: folds
Uncalled bet ($0.38) returned to 664b805c
*** SHOWDOWN ***
664b805c collected $0.72 from pot
*** SUMMARY ***
Total pot $0.75 | Rake $0.03 | Jackpot $0 | Bingo $0 | Fortune $0 | Tax $0
Board [Th Ts 5s Tc 9s]
Seat 1: 664b805c (big blind) won ($0.72)
Seat 2: 6aaeeab9 folded before Flop (didn't bet)
Seat 3: Hero folded before Flop (didn't bet)
Seat 4: f19959d4 folded on the River
Seat 5: 381d5d48 (button) folded before Flop (didn't bet)
Seat 6: 90dee690 (small blind) folded before Flop


Poker Hand #HD1826767590: Hold'em No Limit ($0.05/$0.1) - 2024/06/22 18:11:37
Table 'NLHRed63' 6-max Seat #4 is the button
Seat 1: 664b805c ($22.19 in chips)
Seat 2: 6aaeeab9 ($10.37 in chips)
Seat 3: Hero ($10 in chips)
Seat 4: f19959d4 ($13.44 in chips)
Seat 5: 381d5d48 ($12.1 in chips)
Seat 6: 90dee690 ($11.82 in chips)
381d5d48: posts small blind $0.05
90dee690: posts big blind $0.1
*** HOLE CARDS ***
Dealt to 664b805c 
Dealt to 6aaeeab9 
Dealt to Hero [Ac Qc]
Dealt to f19959d4 
Dealt to 381d5d48 
Dealt to 90dee690 
664b805c: folds
6aaeeab9: raises $0.11 to $0.21
Hero: raises $0.49 to $0.7
f19959d4: folds
381d5d48: folds
90dee690: folds
6aaeeab9: calls $0.49
*** FLOP *** [Th 8c Kc]
6aaeeab9: checks
Hero: bets $0.8
6aaeeab9: calls $0.8
*** TURN *** [Th 8c Kc] [2s]
6aaeeab9: checks
Hero: bets $2.2
6aaeeab9: calls $2.2
*** RIVER *** [Th 8c Kc 2s] [3h]
6aaeeab9: checks
Hero: checks
6aaeeab9: shows [9c 9d] (Pair of Nines)
Hero: shows [Ac Qc] (Ace-High)
*** SHOWDOWN ***
6aaeeab9 collected $7.08 from pot
*** SUMMARY ***
Total pot $7.55 | Rake $0.37 | Jackpot $0.1 | Bingo $0 | Fortune $0 | Tax $0
Board [Th 8c Kc 2s 3h]
Seat 1: 664b805c folded before Flop (didn't bet)
Seat 2: 6aaeeab9 showed [9c 9d] and won ($7.08) with Pair of Nines
Seat 3: Hero showed [Ac Qc] and lost with Ace-High
Seat 4: f19959d4 (button) folded before Flop (didn't bet)
Seat 5: 381d5d48 (small blind) folded before Flop
Seat 6: 90dee690 (big blind) folded before Flop


Poker Hand #HD1826767488: Hold'em No Limit ($0.05/$0.1) - 2024/06/22 18:10:42
Table 'NLHRed63' 6-max Seat #3 is the button
Seat 1: 664b805c ($22.19 in chips)
Seat 2: 6aaeeab9 ($10.37 in chips)
Seat 3: Hero ($10 in chips)
Seat 4: f19959d4 ($13.49 in chips)
Seat 5: 381d5d48 ($12.2 in chips)
Seat 6: 90dee690 ($10.28 in chips)
f19959d4: posts small blind $0.05
381d5d48: posts big blind $0.1
*** HOLE CARDS ***
Dealt to 664b805c 
Dealt to 6aaeeab9 
Dealt to Hero [Qh Th]
Dealt to f19959d4 
Dealt to 381d5d48 
Dealt to 90dee690 
90dee690: raises $0.15 to $0.25
664b805c: folds
6aaeeab9: folds
Hero: calls $0.25
f19959d4: folds
381d5d48: folds
*** FLOP *** [Kd Kh Jh]
90dee690: checks
Hero: bets $0.4
90dee690: calls $0.4
*** TURN *** [Kd Kh Jh] [5s]
90dee690: checks
Hero: bets $1
90dee690: calls $1
*** RIVER *** [Kd Kh Jh 5s] [8d]
90dee690: checks
Hero: checks
90dee690: shows [Ah Ac] (Pair of Aces and Pair of Kings)
Hero: shows [Qh Th] (Pair of Kings)
*** SHOWDOWN ***
90dee690 collected $3.19 from pot
*** SUMMARY ***
Total pot $3.45 | Rake $0.16 | Jackpot $0.1 | Bingo $0 | Fortune $0 | Tax $0
Board [Kd Kh Jh 5s 8d]
Seat 1: 664b805c folded before Flop (didn't bet)
Seat 2: 6aaeeab9 folded before Flop (didn't bet)
Seat 3: Hero (button) showed [Qh Th] and lost with Pair of Kings
Seat 4: f19959d4 (small blind) folded before Flop
Seat 5: 381d5d48 (big blind) folded before Flop
Seat 6: 90dee690 showed [Ah Ac] and won ($3.19) with Pair of Aces and Pair of Kings


Poker Hand #HD1826767412: Hold'em No Limit ($0.05/$0.1) - 2024/06/22 18:10:05
Table 'NLHRed63' 6-max Seat #2 is the button
Seat 1: 664b805c ($22.19 in chips)
Seat 2: 6aaeeab9 ($10 in chips)
Seat 3: Hero ($10 in chips)
Seat 4: f19959d4 ($13.59 in chips)
Seat 5: 381d5d48 ($12.2 in chips)
Seat 6: 90dee690 ($10.53 in chips)
Hero: posts small blind $0.05
f19959d4: posts big blind $0.1
*** HOLE CARDS ***
Dealt to 664b805c 
Dealt to 6aaeeab9 
Dealt to Hero [8h 4c]
Dealt to f19959d4 
Dealt to 381d5d48 
Dealt to 90dee690 
381d5d48: folds
90dee690: raises $0.15 to $0.25
664b805c: folds
6aaeeab9: calls $0.25
Hero: folds
f19959d4: folds
*** FLOP *** [5d Kc 9h]
90dee690: checks
6aaeeab9: bets $0.4
90dee690: folds
Uncalled bet ($0.4) returned to 6aaeeab9
*** SHOWDOWN ***
6aaeeab9 collected $0.62 from pot
*** SUMMARY ***
Total pot $0.65 | Rake $0.03 | Jackpot $0 | Bingo $0 | Fortune $0 | Tax $0
Board [5d Kc 9h]
Seat 1: 664b805c folded before Flop (didn't bet)
Seat 2: 6aaeeab9 (button) won ($0.62)
Seat 3: Hero (small blind) folded before Flop
Seat 4: f19959d4 (big blind) folded before Flop
Seat 5: 381d5d48 folded before Flop (didn't bet)
Seat 6: 90dee690 folded on the Flop


Poker Hand #HD1826767359: Hold'em No Limit ($0.05/$0.1) - 2024/06/22 18:09:37
Table 'NLHRed63' 6-max Seat #1 is the button
Seat 1: 664b805c ($22.19 in chips)
Seat 2: 6aaeeab9 ($10.05 in chips)
Seat 3: Hero ($10 in chips)
Seat 5: 381d5d48 ($12.05 in chips)
Seat 6: 90dee690 ($10.53 in chips)
6aaeeab9: posts small blind $0.05
Hero: posts big blind $0.1
*** HOLE CARDS ***
Dealt to 664b805c 
Dealt to 6aaeeab9 
Dealt to Hero [3d Ah]
Dealt to 381d5d48 
Dealt to 90dee690 
381d5d48: raises $0.15 to $0.25
90dee690: folds
664b805c: folds
6aaeeab9: folds
Hero: folds
Uncalled bet ($0.15) returned to 381d5d48
*** SHOWDOWN ***
381d5d48 collected $0.25 from pot
*** SUMMARY ***
Total pot $0.25 | Rake $0 | Jackpot $0 | Bingo $0 | Fortune $0 | Tax $0
Seat 1: 664b805c (button) folded before Flop (didn't bet)
Seat 2: 6aaeeab9 (small blind) folded before Flop
Seat 3: Hero (big blind) folded before Flop
Seat 5: 381d5d48 collected ($0.25)
Seat 6: 90dee690 folded before Flop (didn't bet)


