Poker Hand #HD1818606186: Hold'em No Limit ($0.05/$0.1) - 2024/06/16 22:55:51
Table 'NLHRed25' 6-max Seat #1 is the button
Seat 1: fbe958c2 ($10.32 in chips)
Seat 2: 9f3861ae ($13.15 in chips)
Seat 3: 7058dffa ($13.31 in chips)
Seat 4: 7a8dff92 ($8.27 in chips)
Seat 5: 51a6e447 ($15.61 in chips)
Seat 6: Hero ($24.11 in chips)
9f3861ae: posts small blind $0.05
7058dffa: posts big blind $0.1
*** HOLE CARDS ***
Dealt to fbe958c2 
Dealt to 9f3861ae 
Dealt to 7058dffa 
Dealt to 7a8dff92 
Dealt to 51a6e447 
Dealt to Hero [Ah Tc]
7a8dff92: folds
51a6e447: folds
Hero: raises $0.14 to $0.24
fbe958c2: folds
9f3861ae: folds
7058dffa: folds
Uncalled bet ($0.14) returned to Hero
*** SHOWDOWN ***
Hero collected $0.25 from pot
*** SUMMARY ***
Total pot $0.25 | Rake $0 | Jackpot $0 | Bingo $0 | Fortune $0 | Tax $0
Seat 1: fbe958c2 (button) folded before Flop (didn't bet)
Seat 2: 9f3861ae (small blind) folded before Flop
Seat 3: 7058dffa (big blind) folded before Flop
Seat 4: 7a8dff92 folded before Flop (didn't bet)
Seat 5: 51a6e447 folded before Flop (didn't bet)
Seat 6: Hero collected ($0.25)


Poker Hand #HD1818606123: Hold'em No Limit ($0.05/$0.1) - 2024/06/16 22:55:07
Table 'NLHRed25' 6-max Seat #6 is the button
Seat 1: fbe958c2 ($10.05 in chips)
Seat 2: 9f3861ae ($13.45 in chips)
Seat 3: 7058dffa ($13.31 in chips)
Seat 4: 7a8dff92 ($8.27 in chips)
Seat 5: 51a6e447 ($15.61 in chips)
Seat 6: Hero ($24.11 in chips)
fbe958c2: posts small blind $0.05
9f3861ae: posts big blind $0.1
*** HOLE CARDS ***
Dealt to fbe958c2 
Dealt to 9f3861ae 
Dealt to 7058dffa 
Dealt to 7a8dff92 
Dealt to 51a6e447 
Dealt to Hero [2d As]
7058dffa: folds
7a8dff92: folds
51a6e447: folds
Hero: folds
fbe958c2: raises $0.2 to $0.3
9f3861ae: calls $0.2
*** FLOP *** [9s 9h Ks]
fbe958c2: checks
9f3861ae: checks
*** TURN *** [9s 9h Ks] [Qc]
fbe958c2: bets $0.2
9f3861ae: folds
Uncalled bet ($0.2) returned to fbe958c2
*** SHOWDOWN ***
fbe958c2 collected $0.57 from pot
*** SUMMARY ***
Total pot $0.6 | Rake $0.03 | Jackpot $0 | Bingo $0 | Fortune $0 | Tax $0
Board [9s 9h Ks Qc]
Seat 1: fbe958c2 (small blind) won ($0.57)
Seat 2: 9f3861ae (big blind) folded on the Turn
Seat 3: 7058dffa folded before Flop (didn't bet)
Seat 4: 7a8dff92 folded before Flop (didn't bet)
Seat 5: 51a6e447 folded before Flop (didn't bet)
Seat 6: Hero (button) folded before Flop (didn't bet)


Poker Hand #HD1818606098: Hold'em No Limit ($0.05/$0.1) - 2024/06/16 22:54:54
Table 'NLHRed25' 6-max Seat #5 is the button
Seat 1: fbe958c2 ($10 in chips)
Seat 2: 9f3861ae ($13.45 in chips)
Seat 3: 7058dffa ($13.31 in chips)
Seat 4: 7a8dff92 ($8.27 in chips)
Seat 5: 51a6e447 ($15.61 in chips)
Seat 6: Hero ($24.16 in chips)
Hero: posts small blind $0.05
fbe958c2: posts big blind $0.1
*** HOLE CARDS ***
Dealt to fbe958c2 
Dealt to 9f3861ae 
Dealt to 7058dffa 
Dealt to 7a8dff92 
Dealt to 51a6e447 
Dealt to Hero [6d As]
9f3861ae: folds
7058dffa: folds
7a8dff92: folds
51a6e447: folds
Hero: folds
Uncalled bet ($0.05) returned to fbe958c2
*** SHOWDOWN ***
fbe958c2 collected $0.1 from pot
*** SUMMARY ***
Total pot $0.1 | Rake $0 | Jackpot $0 | Bingo $0 | Fortune $0 | Tax $0
Seat 1: fbe958c2 (big blind) collected ($0.1)
Seat 2: 9f3861ae folded before Flop (didn't bet)
Seat 3: 7058dffa folded before Flop (didn't bet)
Seat 4: 7a8dff92 folded before Flop (didn't bet)
Seat 5: 51a6e447 (button) folded before Flop (didn't bet)
Seat 6: Hero (small blind) folded before Flop


Poker Hand #HD1818606074: Hold'em No Limit ($0.05/$0.1) - 2024/06/16 22:54:42
Table 'NLHRed25' 6-max Seat #4 is the button
Seat 2: 9f3861ae ($13.45 in chips)
Seat 3: 7058dffa ($13.31 in chips)
Seat 4: 7a8dff92 ($8.27 in chips)
Seat 5: 51a6e447 ($15.66 in chips)
Seat 6: Hero ($24.11 in chips)
51a6e447: posts small blind $0.05
Hero: posts big blind $0.1
*** HOLE CARDS ***
Dealt to 9f3861ae 
Dealt to 7058dffa 
Dealt to 7a8dff92 
Dealt to 51a6e447 
Dealt to Hero [Qd Th]
9f3861ae: folds
7058dffa: folds
7a8dff92: folds
51a6e447: folds
Uncalled bet ($0.05) returned to Hero
*** SHOWDOWN ***
Hero collected $0.1 from pot
*** SUMMARY ***
Total pot $0.1 | Rake $0 | Jackpot $0 | Bingo $0 | Fortune $0 | Tax $0
Seat 2: 9f3861ae folded before Flop (didn't bet)
Seat 3: 7058dffa folded before Flop (didn't bet)
Seat 4: 7a8dff92 (button) folded before Flop (didn't bet)
Seat 5: 51a6e447 (small blind) folded before Flop
Seat 6: Hero (big blind) collected ($0.1)


Poker Hand #HD1818606031: Hold'em No Limit ($0.05/$0.1) - 2024/06/16 22:54:20
Table 'NLHRed25' 6-max Seat #3 is the button
Seat 2: 9f3861ae ($13.45 in chips)
Seat 3: 7058dffa ($13.31 in chips)
Seat 4: 7a8dff92 ($8.17 in chips)
Seat 5: 51a6e447 ($15.76 in chips)
Seat 6: Hero ($24.11 in chips)
7a8dff92: posts small blind $0.05
51a6e447: posts big blind $0.1
*** HOLE CARDS ***
Dealt to 9f3861ae 
Dealt to 7058dffa 
Dealt to 7a8dff92 
Dealt to 51a6e447 
Dealt to Hero [6d 7h]
Hero: folds
9f3861ae: folds
7058dffa: folds
7a8dff92: raises $0.2 to $0.3
51a6e447: folds
Uncalled bet ($0.2) returned to 7a8dff92
*** SHOWDOWN ***
7a8dff92 collected $0.2 from pot
*** SUMMARY ***
Total pot $0.2 | Rake $0 | Jackpot $0 | Bingo $0 | Fortune $0 | Tax $0
Seat 2: 9f3861ae folded before Flop (didn't bet)
Seat 3: 7058dffa (button) folded before Flop (didn't bet)
Seat 4: 7a8dff92 (small blind) collected ($0.2)
Seat 5: 51a6e447 (big blind) folded before Flop
Seat 6: Hero folded before Flop (didn't bet)


Poker Hand #HD1818605919: Hold'em No Limit ($0.05/$0.1) - 2024/06/16 22:53:11
Table 'NLHRed25' 6-max Seat #2 is the button
Seat 2: 9f3861ae ($11.48 in chips)
Seat 3: 7058dffa ($13.36 in chips)
Seat 4: 7a8dff92 ($10.41 in chips)
Seat 5: 51a6e447 ($15.76 in chips)
Seat 6: Hero ($24.11 in chips)
7058dffa: posts small blind $0.05
7a8dff92: posts big blind $0.1
*** HOLE CARDS ***
Dealt to 9f3861ae 
Dealt to 7058dffa 
Dealt to 7a8dff92 
Dealt to 51a6e447 
Dealt to Hero [2c Kc]
51a6e447: folds
Hero: folds
9f3861ae: raises $0.2 to $0.3
7058dffa: folds
7a8dff92: calls $0.2
*** FLOP *** [4s Ac Ks]
7a8dff92: bets $0.22
9f3861ae: calls $0.22
*** TURN *** [4s Ac Ks] [4c]
7a8dff92: bets $0.36
9f3861ae: calls $0.36
*** RIVER *** [4s Ac Ks 4c] [7c]
7a8dff92: bets $1.36
9f3861ae: raises $5.94 to $7.3
7a8dff92: folds
Uncalled bet ($5.94) returned to 9f3861ae
*** SHOWDOWN ***
9f3861ae collected $4.21 from pot
*** SUMMARY ***
Total pot $4.53 | Rake $0.22 | Jackpot $0.1 | Bingo $0 | Fortune $0 | Tax $0
Board [4s Ac Ks 4c 7c]
Seat 2: 9f3861ae (button) won ($4.21)
Seat 3: 7058dffa (small blind) folded before Flop
Seat 4: 7a8dff92 (big blind) folded on the River
Seat 5: 51a6e447 folded before Flop (didn't bet)
Seat 6: Hero folded before Flop (didn't bet)


Poker Hand #HD1818605875: Hold'em No Limit ($0.05/$0.1) - 2024/06/16 22:52:43
Table 'NLHRed25' 6-max Seat #6 is the button
Seat 2: 9f3861ae ($11.53 in chips)
Seat 3: 7058dffa ($13.46 in chips)
Seat 4: 7a8dff92 ($10.41 in chips)
Seat 5: 51a6e447 ($15.61 in chips)
Seat 6: Hero ($24.11 in chips)
9f3861ae: posts small blind $0.05
7058dffa: posts big blind $0.1
*** HOLE CARDS ***
Dealt to 9f3861ae 
Dealt to 7058dffa 
Dealt to 7a8dff92 
Dealt to 51a6e447 
Dealt to Hero [6s 6h]
7a8dff92: folds
51a6e447: raises $0.2 to $0.3
Hero: folds
9f3861ae: folds
7058dffa: folds
Uncalled bet ($0.2) returned to 51a6e447
*** SHOWDOWN ***
51a6e447 collected $0.25 from pot
*** SUMMARY ***
Total pot $0.25 | Rake $0 | Jackpot $0 | Bingo $0 | Fortune $0 | Tax $0
Seat 2: 9f3861ae (small blind) folded before Flop
Seat 3: 7058dffa (big blind) folded before Flop
Seat 4: 7a8dff92 folded before Flop (didn't bet)
Seat 5: 51a6e447 collected ($0.25)
Seat 6: Hero (button) folded before Flop (didn't bet)


Poker Hand #HD1818605785: Hold'em No Limit ($0.05/$0.1) - 2024/06/16 22:51:50
Table 'NLHRed25' 6-max Seat #5 is the button
Seat 2: 9f3861ae ($10 in chips)
Seat 3: 7058dffa ($13.46 in chips)
Seat 4: 7a8dff92 ($10.41 in chips)
Seat 5: 51a6e447 ($15.61 in chips)
Seat 6: Hero ($25.91 in chips)
Hero: posts small blind $0.05
9f3861ae: posts big blind $0.1
*** HOLE CARDS ***
Dealt to 9f3861ae 
Dealt to 7058dffa 
Dealt to 7a8dff92 
Dealt to 51a6e447 
Dealt to Hero [8s 8h]
7058dffa: folds
7a8dff92: folds
51a6e447: folds
Hero: raises $0.2 to $0.3
9f3861ae: raises $0.6 to $0.9
Hero: calls $0.6
*** FLOP *** [6h 2h 3h]
Hero: checks
9f3861ae: bets $0.9
Hero: calls $0.9
*** TURN *** [6h 2h 3h] [6d]
Hero: checks
9f3861ae: bets $2.7
Hero: folds
Uncalled bet ($2.7) returned to 9f3861ae
*** SHOWDOWN ***
9f3861ae collected $3.33 from pot
*** SUMMARY ***
Total pot $3.6 | Rake $0.17 | Jackpot $0.1 | Bingo $0 | Fortune $0 | Tax $0
Board [6h 2h 3h 6d]
Seat 2: 9f3861ae (big blind) won ($3.33)
Seat 3: 7058dffa folded before Flop (didn't bet)
Seat 4: 7a8dff92 folded before Flop (didn't bet)
Seat 5: 51a6e447 (button) folded before Flop (didn't bet)
Seat 6: Hero (small blind) folded on the Turn


Poker Hand #HD1818605768: Hold'em No Limit ($0.05/$0.1) - 2024/06/16 22:51:38
Table 'NLHRed25' 6-max Seat #4 is the button
Seat 2: 9f3861ae ($10 in chips)
Seat 3: 7058dffa ($13.46 in chips)
Seat 4: 7a8dff92 ($10.41 in chips)
Seat 5: 51a6e447 ($15.51 in chips)
Seat 6: Hero ($26.01 in chips)
51a6e447: posts small blind $0.05
Hero: posts big blind $0.1
*** HOLE CARDS ***
Dealt to 9f3861ae 
Dealt to 7058dffa 
Dealt to 7a8dff92 
Dealt to 51a6e447 
Dealt to Hero [5s 8s]
9f3861ae: folds
7058dffa: folds
7a8dff92: folds
51a6e447: raises $0.2 to $0.3
Hero: folds
Uncalled bet ($0.2) returned to 51a6e447
*** SHOWDOWN ***
51a6e447 collected $0.2 from pot
*** SUMMARY ***
Total pot $0.2 | Rake $0 | Jackpot $0 | Bingo $0 | Fortune $0 | Tax $0
Seat 2: 9f3861ae folded before Flop (didn't bet)
Seat 3: 7058dffa folded before Flop (didn't bet)
Seat 4: 7a8dff92 (button) folded before Flop (didn't bet)
Seat 5: 51a6e447 (small blind) collected ($0.2)
Seat 6: Hero (big blind) folded before Flop


Poker Hand #HD1818605732: Hold'em No Limit ($0.05/$0.1) - 2024/06/16 22:51:16
Table 'NLHRed25' 6-max Seat #3 is the button
Seat 2: 9f3861ae ($10 in chips)
Seat 3: 7058dffa ($13.46 in chips)
Seat 4: 7a8dff92 ($10.31 in chips)
Seat 5: 51a6e447 ($15.61 in chips)
Seat 6: Hero ($26.01 in chips)
7a8dff92: posts small blind $0.05
51a6e447: posts big blind $0.1
*** HOLE CARDS ***
Dealt to 9f3861ae 
Dealt to 7058dffa 
Dealt to 7a8dff92 
Dealt to 51a6e447 
Dealt to Hero [8h 4c]
Hero: folds
9f3861ae: folds
7058dffa: folds
7a8dff92: raises $0.2 to $0.3
51a6e447: folds
Uncalled bet ($0.2) returned to 7a8dff92
*** SHOWDOWN ***
7a8dff92 collected $0.2 from pot
*** SUMMARY ***
Total pot $0.2 | Rake $0 | Jackpot $0 | Bingo $0 | Fortune $0 | Tax $0
Seat 2: 9f3861ae folded before Flop (didn't bet)
Seat 3: 7058dffa (button) folded before Flop (didn't bet)
Seat 4: 7a8dff92 (small blind) collected ($0.2)
Seat 5: 51a6e447 (big blind) folded before Flop
Seat 6: Hero folded before Flop (didn't bet)


Poker Hand #HD1818605650: Hold'em No Limit ($0.05/$0.1) - 2024/06/16 22:50:28
Table 'NLHRed25' 6-max Seat #2 is the button
Seat 2: 9f3861ae ($10 in chips)
Seat 3: 7058dffa ($12.87 in chips)
Seat 4: 7a8dff92 ($10.41 in chips)
Seat 5: 51a6e447 ($15.61 in chips)
Seat 6: Hero ($26.01 in chips)
7058dffa: posts small blind $0.05
7a8dff92: posts big blind $0.1
*** HOLE CARDS ***
Dealt to 9f3861ae 
Dealt to 7058dffa 
Dealt to 7a8dff92 
Dealt to 51a6e447 
Dealt to Hero [Td 7h]
51a6e447: folds
Hero: folds
9f3861ae: raises $0.2 to $0.3
7058dffa: calls $0.25
7a8dff92: folds
*** FLOP *** [Jd Kc Ks]
7058dffa: checks
9f3861ae: bets $0.24
7058dffa: calls $0.24
*** TURN *** [Jd Kc Ks] [5h]
7058dffa: checks
9f3861ae: checks
*** RIVER *** [Jd Kc Ks 5h] [3c]
7058dffa: bets $0.91
9f3861ae: folds
Uncalled bet ($0.91) returned to 7058dffa
*** SHOWDOWN ***
7058dffa collected $1.13 from pot
*** SUMMARY ***
Total pot $1.18 | Rake $0.05 | Jackpot $0 | Bingo $0 | Fortune $0 | Tax $0
Board [Jd Kc Ks 5h 3c]
Seat 2: 9f3861ae (button) folded on the River
Seat 3: 7058dffa (small blind) won ($1.13)
Seat 4: 7a8dff92 (big blind) folded before Flop
Seat 5: 51a6e447 folded before Flop (didn't bet)
Seat 6: Hero folded before Flop (didn't bet)


Poker Hand #HD1818515610: Hold'em No Limit ($0.05/$0.1) - 2024/06/16 22:49:59
Table 'NLHRed25' 6-max Seat #6 is the button
Seat 2: 9f3861ae ($10 in chips)
Seat 3: 7058dffa ($12.6 in chips)
Seat 4: 7a8dff92 ($10.41 in chips)
Seat 5: 51a6e447 ($15.61 in chips)
Seat 6: Hero ($26.01 in chips)
9f3861ae: posts small blind $0.05
7058dffa: posts big blind $0.1
*** HOLE CARDS ***
Dealt to 9f3861ae 
Dealt to 7058dffa 
Dealt to 7a8dff92 
Dealt to 51a6e447 
Dealt to Hero [3s 2s]
7a8dff92: folds
51a6e447: folds
Hero: folds
9f3861ae: raises $0.2 to $0.3
7058dffa: raises $0.6 to $0.9
9f3861ae: folds
Uncalled bet ($0.6) returned to 7058dffa
*** SHOWDOWN ***
7058dffa collected $0.57 from pot
*** SUMMARY ***
Total pot $0.6 | Rake $0.03 | Jackpot $0 | Bingo $0 | Fortune $0 | Tax $0
Seat 2: 9f3861ae (small blind) folded before Flop
Seat 3: 7058dffa (big blind) collected ($0.57)
Seat 4: 7a8dff92 folded before Flop (didn't bet)
Seat 5: 51a6e447 folded before Flop (didn't bet)
Seat 6: Hero (button) folded before Flop (didn't bet)


Poker Hand #HD1818515412: Hold'em No Limit ($0.05/$0.1) - 2024/06/16 22:47:48
Table 'NLHRed25' 6-max Seat #5 is the button
Seat 2: 9f3861ae ($10 in chips)
Seat 3: 7058dffa ($12.9 in chips)
Seat 4: 7a8dff92 ($10.41 in chips)
Seat 5: 51a6e447 ($12.95 in chips)
Seat 6: Hero ($28.64 in chips)
Hero: posts small blind $0.05
9f3861ae: posts big blind $0.1
*** HOLE CARDS ***
Dealt to 9f3861ae 
Dealt to 7058dffa 
Dealt to 7a8dff92 
Dealt to 51a6e447 
Dealt to Hero [Qc Qd]
7058dffa: raises $0.2 to $0.3
7a8dff92: folds
51a6e447: calls $0.3
Hero: raises $1.2 to $1.5
9f3861ae: folds
7058dffa: folds
51a6e447: calls $1.2
*** FLOP *** [5d 6h Js]
Hero: bets $1.13
51a6e447: calls $1.13
*** TURN *** [5d 6h Js] [Kd]
Hero: checks
51a6e447: bets $4.25
Hero: folds
Uncalled bet ($4.25) returned to 51a6e447
*** SHOWDOWN ***
51a6e447 collected $5.29 from pot
*** SUMMARY ***
Total pot $5.66 | Rake $0.27 | Jackpot $0.1 | Bingo $0 | Fortune $0 | Tax $0
Board [5d 6h Js Kd]
Seat 2: 9f3861ae (big blind) folded before Flop
Seat 3: 7058dffa folded before Flop
Seat 4: 7a8dff92 folded before Flop (didn't bet)
Seat 5: 51a6e447 (button) won ($5.29)
Seat 6: Hero (small blind) folded on the Turn


Poker Hand #HD1818515377: Hold'em No Limit ($0.05/$0.1) - 2024/06/16 22:47:26
Table 'NLHRed25' 6-max Seat #4 is the button
Seat 3: 7058dffa ($12.9 in chips)
Seat 4: 7a8dff92 ($10.27 in chips)
Seat 5: 51a6e447 ($13 in chips)
Seat 6: Hero ($28.74 in chips)
51a6e447: posts small blind $0.05
Hero: posts big blind $0.1
*** HOLE CARDS ***
Dealt to 7058dffa 
Dealt to 7a8dff92 
Dealt to 51a6e447 
Dealt to Hero [6h 2d]
7058dffa: folds
7a8dff92: calls $0.1
51a6e447: folds
Hero: checks
*** FLOP *** [Ts 5d 8c]
Hero: checks
7a8dff92: bets $0.19
Hero: folds
Uncalled bet ($0.19) returned to 7a8dff92
*** SHOWDOWN ***
7a8dff92 collected $0.24 from pot
*** SUMMARY ***
Total pot $0.25 | Rake $0.01 | Jackpot $0 | Bingo $0 | Fortune $0 | Tax $0
Board [Ts 5d 8c]
Seat 3: 7058dffa folded before Flop (didn't bet)
Seat 4: 7a8dff92 (button) won ($0.24)
Seat 5: 51a6e447 (small blind) folded before Flop
Seat 6: Hero (big blind) folded on the Flop


Poker Hand #HD1818515349: Hold'em No Limit ($0.05/$0.1) - 2024/06/16 22:47:05
Table 'NLHRed25' 6-max Seat #3 is the button
Seat 3: 7058dffa ($12.75 in chips)
Seat 4: 7a8dff92 ($10.32 in chips)
Seat 5: 51a6e447 ($13.1 in chips)
Seat 6: Hero ($28.74 in chips)
7a8dff92: posts small blind $0.05
51a6e447: posts big blind $0.1
*** HOLE CARDS ***
Dealt to 7058dffa 
Dealt to 7a8dff92 
Dealt to 51a6e447 
Dealt to Hero [Qd 4s]
Hero: folds
7058dffa: raises $0.13 to $0.23
7a8dff92: folds
51a6e447: folds
Uncalled bet ($0.13) returned to 7058dffa
*** SHOWDOWN ***
7058dffa collected $0.25 from pot
*** SUMMARY ***
Total pot $0.25 | Rake $0 | Jackpot $0 | Bingo $0 | Fortune $0 | Tax $0
Seat 3: 7058dffa (button) collected ($0.25)
Seat 4: 7a8dff92 (small blind) folded before Flop
Seat 5: 51a6e447 (big blind) folded before Flop
Seat 6: Hero folded before Flop (didn't bet)


Poker Hand #HD1818515296: Hold'em No Limit ($0.05/$0.1) - 2024/06/16 22:46:32
Table 'NLHRed25' 6-max Seat #6 is the button
Seat 3: 7058dffa ($12.8 in chips)
Seat 4: 7a8dff92 ($10 in chips)
Seat 5: 51a6e447 ($13.1 in chips)
Seat 6: Hero ($29.04 in chips)
7058dffa: posts small blind $0.05
7a8dff92: posts big blind $0.1
*** HOLE CARDS ***
Dealt to 7058dffa 
Dealt to 7a8dff92 
Dealt to 51a6e447 
Dealt to Hero [Ah Tc]
51a6e447: folds
Hero: raises $0.2 to $0.3
7058dffa: folds
7a8dff92: calls $0.2
*** FLOP *** [4h 7h 3c]
7a8dff92: bets $0.33
Hero: folds
Uncalled bet ($0.33) returned to 7a8dff92
*** SHOWDOWN ***
7a8dff92 collected $0.62 from pot
*** SUMMARY ***
Total pot $0.65 | Rake $0.03 | Jackpot $0 | Bingo $0 | Fortune $0 | Tax $0
Board [4h 7h 3c]
Seat 3: 7058dffa (small blind) folded before Flop
Seat 4: 7a8dff92 (big blind) won ($0.62)
Seat 5: 51a6e447 folded before Flop (didn't bet)
Seat 6: Hero (button) folded on the Flop


Poker Hand #HD1818515266: Hold'em No Limit ($0.05/$0.1) - 2024/06/16 22:46:16
Table 'NLHRed25' 6-max Seat #5 is the button
Seat 1: fc3f28a5 ($6.34 in chips)
Seat 3: 7058dffa ($12.8 in chips)
Seat 4: 7a8dff92 ($10 in chips)
Seat 5: 51a6e447 ($13.1 in chips)
Seat 6: Hero ($29.09 in chips)
Hero: posts small blind $0.05
fc3f28a5: posts big blind $0.1
*** HOLE CARDS ***
Dealt to fc3f28a5 
Dealt to 7058dffa 
Dealt to 7a8dff92 
Dealt to 51a6e447 
Dealt to Hero [Ah 2s]
7058dffa: folds
7a8dff92: folds
51a6e447: folds
Hero: folds
Uncalled bet ($0.05) returned to fc3f28a5
*** SHOWDOWN ***
fc3f28a5 collected $0.1 from pot
*** SUMMARY ***
Total pot $0.1 | Rake $0 | Jackpot $0 | Bingo $0 | Fortune $0 | Tax $0
Seat 1: fc3f28a5 (big blind) collected ($0.1)
Seat 3: 7058dffa folded before Flop (didn't bet)
Seat 4: 7a8dff92 folded before Flop (didn't bet)
Seat 5: 51a6e447 (button) folded before Flop (didn't bet)
Seat 6: Hero (small blind) folded before Flop


Poker Hand #HD1818515152: Hold'em No Limit ($0.05/$0.1) - 2024/06/16 22:44:57
Table 'NLHRed25' 6-max Seat #4 is the button
Seat 1: fc3f28a5 ($7.79 in chips)
Seat 3: 7058dffa ($11.44 in chips)
Seat 4: 7a8dff92 ($10 in chips)
Seat 5: 51a6e447 ($13.15 in chips)
Seat 6: Hero ($29.19 in chips)
51a6e447: posts small blind $0.05
Hero: posts big blind $0.1
*** HOLE CARDS ***
Dealt to fc3f28a5 
Dealt to 7058dffa 
Dealt to 7a8dff92 
Dealt to 51a6e447 
Dealt to Hero [9d 2c]
fc3f28a5: raises $0.12 to $0.22
7058dffa: raises $0.62 to $0.84
7a8dff92: folds
51a6e447: folds
Hero: folds
fc3f28a5: calls $0.62
*** FLOP *** [2s 7d 9c]
fc3f28a5: bets $0.61
7058dffa: calls $0.61
*** TURN *** [2s 7d 9c] [Jd]
fc3f28a5: checks
7058dffa: checks
*** RIVER *** [2s 7d 9c Jd] [Js]
fc3f28a5: checks
7058dffa: bets $3.05
fc3f28a5: folds
Uncalled bet ($3.05) returned to 7058dffa
*** SHOWDOWN ***
7058dffa collected $2.81 from pot
*** SUMMARY ***
Total pot $3.05 | Rake $0.14 | Jackpot $0.1 | Bingo $0 | Fortune $0 | Tax $0
Board [2s 7d 9c Jd Js]
Seat 1: fc3f28a5 folded on the River
Seat 3: 7058dffa won ($2.81)
Seat 4: 7a8dff92 (button) folded before Flop (didn't bet)
Seat 5: 51a6e447 (small blind) folded before Flop
Seat 6: Hero (big blind) folded before Flop


Poker Hand #HD1818515127: Hold'em No Limit ($0.05/$0.1) - 2024/06/16 22:44:43
Table 'NLHRed25' 6-max Seat #3 is the button
Seat 1: fc3f28a5 ($7.79 in chips)
Seat 3: 7058dffa ($11.44 in chips)
Seat 4: 7a8dff92 ($9.9 in chips)
Seat 5: 51a6e447 ($13.25 in chips)
Seat 6: Hero ($29.19 in chips)
7a8dff92: posts small blind $0.05
51a6e447: posts big blind $0.1
*** HOLE CARDS ***
Dealt to fc3f28a5 
Dealt to 7058dffa 
Dealt to 7a8dff92 
Dealt to 51a6e447 
Dealt to Hero [7d Ks]
Hero: folds
fc3f28a5: folds
7058dffa: folds
7a8dff92: raises $0.2 to $0.3
51a6e447: folds
Uncalled bet ($0.2) returned to 7a8dff92
*** SHOWDOWN ***
7a8dff92 collected $0.2 from pot
*** SUMMARY ***
Total pot $0.2 | Rake $0 | Jackpot $0 | Bingo $0 | Fortune $0 | Tax $0
Seat 1: fc3f28a5 folded before Flop (didn't bet)
Seat 3: 7058dffa (button) folded before Flop (didn't bet)
Seat 4: 7a8dff92 (small blind) collected ($0.2)
Seat 5: 51a6e447 (big blind) folded before Flop
Seat 6: Hero folded before Flop (didn't bet)


Poker Hand #HD1818515048: Hold'em No Limit ($0.05/$0.1) - 2024/06/16 22:43:53
Table 'NLHRed25' 6-max Seat #2 is the button
Seat 1: fc3f28a5 ($7.79 in chips)
Seat 2: 6ac73ad5 ($1.6 in chips)
Seat 3: 7058dffa ($10 in chips)
Seat 4: 7a8dff92 ($10 in chips)
Seat 5: 51a6e447 ($13.25 in chips)
Seat 6: Hero ($29.19 in chips)
7058dffa: posts small blind $0.05
7a8dff92: posts big blind $0.1
*** HOLE CARDS ***
Dealt to fc3f28a5 
Dealt to 6ac73ad5 
Dealt to 7058dffa 
Dealt to 7a8dff92 
Dealt to 51a6e447 
Dealt to Hero [4d 7s]
51a6e447: folds
Hero: folds
fc3f28a5: folds
6ac73ad5: raises $0.1 to $0.2
7058dffa: raises $1.5 to $1.7
7a8dff92: folds
6ac73ad5: calls $1.4 and is all-in
Uncalled bet ($0.1) returned to 7058dffa
7058dffa: shows [Kh Ad]
6ac73ad5: shows [Qd Jc]
*** FLOP *** [8h Qc Ks]
*** TURN *** [8h Qc Ks] [7c]
*** RIVER *** [8h Qc Ks 7c] [3h]
*** SHOWDOWN ***
7058dffa collected $3.04 from pot
*** SUMMARY ***
Total pot $3.3 | Rake $0.16 | Jackpot $0.1 | Bingo $0 | Fortune $0 | Tax $0
Board [8h Qc Ks 7c 3h]
Seat 1: fc3f28a5 folded before Flop (didn't bet)
Seat 2: 6ac73ad5 (button) showed [Qd Jc] and lost with Pair of Queens
Seat 3: 7058dffa (small blind) showed [Kh Ad] and won ($3.04) with Pair of Kings
Seat 4: 7a8dff92 (big blind) folded before Flop
Seat 5: 51a6e447 folded before Flop (didn't bet)
Seat 6: Hero folded before Flop (didn't bet)


Poker Hand #HD1818514993: Hold'em No Limit ($0.05/$0.1) - 2024/06/16 22:43:14
Table 'NLHRed25' 6-max Seat #1 is the button
Seat 1: fc3f28a5 ($7.79 in chips)
Seat 2: 6ac73ad5 ($0.85 in chips)
Seat 3: 7058dffa ($10 in chips)
Seat 5: 51a6e447 ($13.25 in chips)
Seat 6: Hero ($29.19 in chips)
6ac73ad5: posts small blind $0.05
7058dffa: posts big blind $0.1
*** HOLE CARDS ***
Dealt to fc3f28a5 
Dealt to 6ac73ad5 
Dealt to 7058dffa 
Dealt to 51a6e447 
Dealt to Hero [7h 5s]
51a6e447: folds
Hero: folds
fc3f28a5: folds
6ac73ad5: calls $0.05
7058dffa: checks
*** FLOP *** [Kd 2s 9c]
6ac73ad5: bets $0.1
7058dffa: calls $0.1
*** TURN *** [Kd 2s 9c] [7d]
6ac73ad5: bets $0.3
7058dffa: calls $0.3
*** RIVER *** [Kd 2s 9c 7d] [6h]
6ac73ad5: bets $0.35 and is all-in
7058dffa: calls $0.35
6ac73ad5: shows [2c 7c] (Pair of Sevens and Pair of Twos)
7058dffa: shows [4h Kh] (Pair of Kings)
*** SHOWDOWN ***
6ac73ad5 collected $1.6 from pot
*** SUMMARY ***
Total pot $1.7 | Rake $0.1 | Jackpot $0 | Bingo $0 | Fortune $0 | Tax $0
Board [Kd 2s 9c 7d 6h]
Seat 1: fc3f28a5 (button) folded before Flop (didn't bet)
Seat 2: 6ac73ad5 (small blind) showed [2c 7c] and won ($1.6) with Pair of Sevens and Pair of Twos
Seat 3: 7058dffa (big blind) showed [4h Kh] and lost with Pair of Kings
Seat 5: 51a6e447 folded before Flop (didn't bet)
Seat 6: Hero folded before Flop (didn't bet)


Poker Hand #HD1818514969: Hold'em No Limit ($0.05/$0.1) - 2024/06/16 22:43:01
Table 'NLHRed25' 6-max Seat #6 is the button
Seat 1: fc3f28a5 ($7.84 in chips)
Seat 2: 6ac73ad5 ($0.8 in chips)
Seat 3: 7058dffa ($10 in chips)
Seat 5: 51a6e447 ($13.25 in chips)
Seat 6: Hero ($29.19 in chips)
fc3f28a5: posts small blind $0.05
6ac73ad5: posts big blind $0.1
*** HOLE CARDS ***
Dealt to fc3f28a5 
Dealt to 6ac73ad5 
Dealt to 7058dffa 
Dealt to 51a6e447 
Dealt to Hero [4s 3c]
7058dffa: folds
51a6e447: folds
Hero: folds
fc3f28a5: folds
Uncalled bet ($0.05) returned to 6ac73ad5
*** SHOWDOWN ***
6ac73ad5 collected $0.1 from pot
*** SUMMARY ***
Total pot $0.1 | Rake $0 | Jackpot $0 | Bingo $0 | Fortune $0 | Tax $0
Seat 1: fc3f28a5 (small blind) folded before Flop
Seat 2: 6ac73ad5 (big blind) collected ($0.1)
Seat 3: 7058dffa folded before Flop (didn't bet)
Seat 5: 51a6e447 folded before Flop (didn't bet)
Seat 6: Hero (button) folded before Flop (didn't bet)


Poker Hand #HD1818514879: Hold'em No Limit ($0.05/$0.1) - 2024/06/16 22:42:05
Table 'NLHRed25' 6-max Seat #5 is the button
Seat 1: fc3f28a5 ($6.86 in chips)
Seat 2: 6ac73ad5 ($0.9 in chips)
Seat 3: 7058dffa ($10 in chips)
Seat 5: 51a6e447 ($13.25 in chips)
Seat 6: Hero ($29.24 in chips)
Hero: posts small blind $0.05
fc3f28a5: posts big blind $0.1
*** HOLE CARDS ***
Dealt to fc3f28a5 
Dealt to 6ac73ad5 
Dealt to 7058dffa 
Dealt to 51a6e447 
Dealt to Hero [Qd 9c]
6ac73ad5: calls $0.1
7058dffa: raises $0.3 to $0.4
51a6e447: folds
Hero: folds
fc3f28a5: calls $0.3
6ac73ad5: folds
*** FLOP *** [2d Jc Qc]
fc3f28a5: checks
7058dffa: bets $0.53
fc3f28a5: calls $0.53
*** TURN *** [2d Jc Qc] [Th]
fc3f28a5: checks
7058dffa: checks
*** RIVER *** [2d Jc Qc Th] [8h]
fc3f28a5: checks
7058dffa: checks
fc3f28a5: shows [Kh Qs] (Pair of Queens)
7058dffa: shows [Ks Jd] (Pair of Jacks)
*** SHOWDOWN ***
fc3f28a5 collected $1.91 from pot
*** SUMMARY ***
Total pot $2.01 | Rake $0.1 | Jackpot $0 | Bingo $0 | Fortune $0 | Tax $0
Board [2d Jc Qc Th 8h]
Seat 1: fc3f28a5 (big blind) showed [Kh Qs] and won ($1.91) with Pair of Queens
Seat 2: 6ac73ad5 folded before Flop
Seat 3: 7058dffa showed [Ks Jd] and lost with Pair of Jacks
Seat 5: 51a6e447 (button) folded before Flop (didn't bet)
Seat 6: Hero (small blind) folded before Flop


Poker Hand #HD1818514741: Hold'em No Limit ($0.05/$0.1) - 2024/06/16 22:40:40
Table 'NLHRed25' 6-max Seat #3 is the button
Seat 1: fc3f28a5 ($6.86 in chips)
Seat 2: 6ac73ad5 ($2 in chips)
Seat 3: 7058dffa ($10 in chips)
Seat 5: 51a6e447 ($13.45 in chips)
Seat 6: Hero ($28.06 in chips)
51a6e447: posts small blind $0.05
Hero: posts big blind $0.1
6ac73ad5: posts big blind $0.1
*** HOLE CARDS ***
Dealt to fc3f28a5 
Dealt to 6ac73ad5 
Dealt to 7058dffa 
Dealt to 51a6e447 
Dealt to Hero [5s 5d]
fc3f28a5: folds
6ac73ad5: checks
7058dffa: folds
51a6e447: calls $0.05
Hero: checks
*** FLOP *** [Qh Qs Qd]
51a6e447: checks
Hero: bets $0.1
6ac73ad5: calls $0.1
51a6e447: calls $0.1
*** TURN *** [Qh Qs Qd] [8h]
51a6e447: checks
Hero: checks
6ac73ad5: bets $0.3
51a6e447: folds
Hero: calls $0.3
*** RIVER *** [Qh Qs Qd 8h] [4d]
Hero: checks
6ac73ad5: bets $0.6
Hero: calls $0.6
6ac73ad5: shows [Ah Ts] (Three Queens)
Hero: shows [5s 5d] (Queens Full over Fives)
*** SHOWDOWN ***
Hero collected $2.28 from pot
*** SUMMARY ***
Total pot $2.4 | Rake $0.12 | Jackpot $0 | Bingo $0 | Fortune $0 | Tax $0
Board [Qh Qs Qd 8h 4d]
Seat 1: fc3f28a5 folded before Flop (didn't bet)
Seat 2: 6ac73ad5 showed [Ah Ts] and lost with Three Queens
Seat 3: 7058dffa (button) folded before Flop (didn't bet)
Seat 5: 51a6e447 (small blind) folded on the Turn
Seat 6: Hero (big blind) showed [5s 5d] and won ($2.28) with Queens Full over Fives


Poker Hand #HD1818514673: Hold'em No Limit ($0.05/$0.1) - 2024/06/16 22:40:01
Table 'NLHRed25' 6-max Seat #1 is the button
Seat 1: fc3f28a5 ($6.53 in chips)
Seat 2: 81c411ea ($10.38 in chips)
Seat 3: 7058dffa ($10 in chips)
Seat 4: b840dd8c ($4.15 in chips)
Seat 5: 51a6e447 ($13.45 in chips)
Seat 6: Hero ($28.06 in chips)
81c411ea: posts small blind $0.05
7058dffa: posts big blind $0.1
b840dd8c: straddle $0.2
*** HOLE CARDS ***
Dealt to fc3f28a5 
Dealt to 81c411ea 
Dealt to 7058dffa 
Dealt to b840dd8c 
Dealt to 51a6e447 
Dealt to Hero [5s 3s]
51a6e447: folds
Hero: folds
fc3f28a5: raises $0.28 to $0.48
81c411ea: folds
7058dffa: folds
b840dd8c: folds
Uncalled bet ($0.28) returned to fc3f28a5
*** SHOWDOWN ***
fc3f28a5 collected $0.53 from pot
*** SUMMARY ***
Total pot $0.55 | Rake $0.02 | Jackpot $0 | Bingo $0 | Fortune $0 | Tax $0
Seat 1: fc3f28a5 (button) collected ($0.53)
Seat 2: 81c411ea (small blind) folded before Flop
Seat 3: 7058dffa (big blind) folded before Flop
Seat 4: b840dd8c folded before Flop
Seat 5: 51a6e447 folded before Flop (didn't bet)
Seat 6: Hero folded before Flop (didn't bet)


Poker Hand #HD1818514631: Hold'em No Limit ($0.05/$0.1) - 2024/06/16 22:39:37
Table 'NLHRed25' 6-max Seat #6 is the button
Seat 1: fc3f28a5 ($6.58 in chips)
Seat 2: 81c411ea ($10.48 in chips)
Seat 3: 7058dffa ($10 in chips)
Seat 4: b840dd8c ($4 in chips)
Seat 5: 51a6e447 ($13.45 in chips)
Seat 6: Hero ($28.06 in chips)
fc3f28a5: posts small blind $0.05
81c411ea: posts big blind $0.1
b840dd8c: straddle $0.2
*** HOLE CARDS ***
Dealt to fc3f28a5 
Dealt to 81c411ea 
Dealt to 7058dffa 
Dealt to b840dd8c 
Dealt to 51a6e447 
Dealt to Hero [Qc 2h]
51a6e447: folds
Hero: folds
fc3f28a5: folds
81c411ea: folds
7058dffa: folds
Uncalled bet ($0.1) returned to b840dd8c
*** SHOWDOWN ***
b840dd8c collected $0.25 from pot
*** SUMMARY ***
Total pot $0.25 | Rake $0 | Jackpot $0 | Bingo $0 | Fortune $0 | Tax $0
Seat 1: fc3f28a5 (small blind) folded before Flop
Seat 2: 81c411ea (big blind) folded before Flop
Seat 3: 7058dffa folded before Flop (didn't bet)
Seat 4: b840dd8c collected ($0.25)
Seat 5: 51a6e447 folded before Flop (didn't bet)
Seat 6: Hero (button) folded before Flop (didn't bet)


Poker Hand #HD1818514554: Hold'em No Limit ($0.05/$0.1) - 2024/06/16 22:39:01
Table 'NLHRed25' 6-max Seat #5 is the button
Seat 1: fc3f28a5 ($6.68 in chips)
Seat 2: 81c411ea ($10.48 in chips)
Seat 3: 7058dffa ($10 in chips)
Seat 4: b840dd8c ($3.85 in chips)
Seat 5: 51a6e447 ($13.45 in chips)
Seat 6: Hero ($28.11 in chips)
Hero: posts small blind $0.05
fc3f28a5: posts big blind $0.1
b840dd8c: straddle $0.2
*** HOLE CARDS ***
Dealt to fc3f28a5 
Dealt to 81c411ea 
Dealt to 7058dffa 
Dealt to b840dd8c 
Dealt to 51a6e447 
Dealt to Hero [5c 5s]
51a6e447: folds
Hero: folds
fc3f28a5: folds
81c411ea: folds
7058dffa: folds
Uncalled bet ($0.1) returned to b840dd8c
*** SHOWDOWN ***
b840dd8c collected $0.25 from pot
*** SUMMARY ***
Total pot $0.25 | Rake $0 | Jackpot $0 | Bingo $0 | Fortune $0 | Tax $0
Seat 1: fc3f28a5 (big blind) folded before Flop
Seat 2: 81c411ea folded before Flop (didn't bet)
Seat 3: 7058dffa folded before Flop (didn't bet)
Seat 4: b840dd8c collected ($0.25)
Seat 5: 51a6e447 (button) folded before Flop (didn't bet)
Seat 6: Hero (small blind) folded before Flop


Poker Hand #HD1818514439: Hold'em No Limit ($0.05/$0.1) - 2024/06/16 22:37:54
Table 'NLHRed25' 6-max Seat #4 is the button
Seat 1: fc3f28a5 ($8.68 in chips)
Seat 2: 81c411ea ($10.48 in chips)
Seat 3: 7058dffa ($10 in chips)
Seat 4: b840dd8c ($2 in chips)
Seat 5: 51a6e447 ($13.5 in chips)
Seat 6: Hero ($28.21 in chips)
51a6e447: posts small blind $0.05
Hero: posts big blind $0.1
b840dd8c: straddle $0.2
b840dd8c: straddle $0.4
*** HOLE CARDS ***
Dealt to fc3f28a5 
Dealt to 81c411ea 
Dealt to 7058dffa 
Dealt to b840dd8c 
Dealt to 51a6e447 
Dealt to Hero [5c 9d]
51a6e447: folds
Hero: folds
fc3f28a5: calls $0.4
81c411ea: folds
7058dffa: folds
b840dd8c: checks
*** FLOP *** [Tc 9c 7d]
fc3f28a5: bets $0.95
b840dd8c: calls $0.95
*** TURN *** [Tc 9c 7d] [Jd]
fc3f28a5: checks
b840dd8c: bets $0.65 and is all-in
fc3f28a5: calls $0.65
b840dd8c: shows [Kh 7c] (Pair of Sevens)
fc3f28a5: shows [6c Ac] (Ace-High)
*** RIVER *** [Tc 9c 7d Jd] [Ts]
*** SHOWDOWN ***
b840dd8c collected $3.85 from pot
*** SUMMARY ***
Total pot $4.15 | Rake $0.2 | Jackpot $0.1 | Bingo $0 | Fortune $0 | Tax $0
Board [Tc 9c 7d Jd Ts]
Seat 1: fc3f28a5 showed [6c Ac] and lost with Pair of Tens
Seat 2: 81c411ea folded before Flop (didn't bet)
Seat 3: 7058dffa folded before Flop (didn't bet)
Seat 4: b840dd8c (button) showed [Kh 7c] and won ($3.85) with Pair of Tens and Pair of Sevens
Seat 5: 51a6e447 (small blind) folded before Flop
Seat 6: Hero (big blind) folded before Flop


Poker Hand #HD1818514298: Hold'em No Limit ($0.05/$0.1) - 2024/06/16 22:36:27
Table 'NLHRed25' 6-max Seat #3 is the button
Seat 1: fc3f28a5 ($8.9 in chips)
Seat 2: 81c411ea ($10.48 in chips)
Seat 3: 7058dffa ($10 in chips)
Seat 4: b840dd8c ($3.76 in chips)
Seat 5: 51a6e447 ($10 in chips)
Seat 6: Hero ($28.21 in chips)
b840dd8c: posts small blind $0.05
51a6e447: posts big blind $0.1
*** HOLE CARDS ***
Dealt to fc3f28a5 
Dealt to 81c411ea 
Dealt to 7058dffa 
Dealt to b840dd8c 
Dealt to 51a6e447 
Dealt to Hero [2h 3d]
Hero: folds
fc3f28a5: raises $0.12 to $0.22
81c411ea: folds
7058dffa: folds
b840dd8c: calls $0.17
51a6e447: calls $0.12
*** FLOP *** [7h 8c Ts]
b840dd8c: bets $0.5
51a6e447: calls $0.5
fc3f28a5: folds
*** TURN *** [7h 8c Ts] [Jh]
b840dd8c: checks
51a6e447: checks
*** RIVER *** [7h 8c Ts Jh] [5s]
b840dd8c: checks
51a6e447: bets $9.28 and is all-in
b840dd8c: calls $3.04 and is all-in
Uncalled bet ($6.24) returned to 51a6e447
51a6e447: shows [Qs 9s] (Queens-High Straight)
b840dd8c: shows [8s 7s] (Pair of Eights and Pair of Sevens)
*** SHOWDOWN ***
51a6e447 collected $7.26 from pot
*** SUMMARY ***
Total pot $7.74 | Rake $0.38 | Jackpot $0.1 | Bingo $0 | Fortune $0 | Tax $0
Board [7h 8c Ts Jh 5s]
Seat 1: fc3f28a5 folded on the Flop
Seat 2: 81c411ea folded before Flop (didn't bet)
Seat 3: 7058dffa (button) folded before Flop (didn't bet)
Seat 4: b840dd8c (small blind) showed [8s 7s] and lost with Pair of Eights and Pair of Sevens
Seat 5: 51a6e447 (big blind) showed [Qs 9s] and won ($7.26) with Queens-High Straight
Seat 6: Hero folded before Flop (didn't bet)


Poker Hand #HD1818514199: Hold'em No Limit ($0.05/$0.1) - 2024/06/16 22:35:28
Table 'NLHRed25' 6-max Seat #2 is the button
Seat 1: fc3f28a5 ($8.9 in chips)
Seat 2: 81c411ea ($10.48 in chips)
Seat 3: 7058dffa ($10 in chips)
Seat 4: b840dd8c ($2 in chips)
Seat 5: 51a6e447 ($10.28 in chips)
Seat 6: Hero ($28.21 in chips)
7058dffa: posts small blind $0.05
b840dd8c: posts big blind $0.1
*** HOLE CARDS ***
Dealt to fc3f28a5 
Dealt to 81c411ea 
Dealt to 7058dffa 
Dealt to b840dd8c 
Dealt to 51a6e447 
Dealt to Hero [4h 7c]
51a6e447: raises $0.15 to $0.25
Hero: folds
fc3f28a5: folds
81c411ea: folds
7058dffa: folds
b840dd8c: calls $0.15
*** FLOP *** [6h 7h 3s]
b840dd8c: checks
51a6e447: checks
*** TURN *** [6h 7h 3s] [Tc]
b840dd8c: bets $0.42
51a6e447: calls $0.42
*** RIVER *** [6h 7h 3s Tc] [Qh]
b840dd8c: bets $1.33 and is all-in
51a6e447: calls $1.33
b840dd8c: shows [Ah 8h] (Ace High Flush)
51a6e447: shows [Qd Td] (Pair of Queens and Pair of Tens)
*** SHOWDOWN ***
b840dd8c collected $3.76 from pot
*** SUMMARY ***
Total pot $4.05 | Rake $0.19 | Jackpot $0.1 | Bingo $0 | Fortune $0 | Tax $0
Board [6h 7h 3s Tc Qh]
Seat 1: fc3f28a5 folded before Flop (didn't bet)
Seat 2: 81c411ea (button) folded before Flop (didn't bet)
Seat 3: 7058dffa (small blind) folded before Flop
Seat 4: b840dd8c (big blind) showed [Ah 8h] and won ($3.76) with Ace High Flush
Seat 5: 51a6e447 showed [Qd Td] and lost with Pair of Queens and Pair of Tens
Seat 6: Hero folded before Flop (didn't bet)


Poker Hand #HD1818514091: Hold'em No Limit ($0.05/$0.1) - 2024/06/16 22:34:24
Table 'NLHRed25' 6-max Seat #1 is the button
Seat 1: fc3f28a5 ($8.9 in chips)
Seat 2: 81c411ea ($10.53 in chips)
Seat 3: 7058dffa ($10 in chips)
Seat 4: b840dd8c ($2 in chips)
Seat 5: 51a6e447 ($10.28 in chips)
Seat 6: Hero ($27.16 in chips)
81c411ea: posts small blind $0.05
7058dffa: posts big blind $0.1
*** HOLE CARDS ***
Dealt to fc3f28a5 
Dealt to 81c411ea 
Dealt to 7058dffa 
Dealt to b840dd8c 
Dealt to 51a6e447 
Dealt to Hero [Qd As]
b840dd8c: calls $0.1
51a6e447: folds
Hero: raises $0.3 to $0.4
fc3f28a5: folds
81c411ea: folds
7058dffa: folds
b840dd8c: calls $0.3
*** FLOP *** [6c Tc Ks]
b840dd8c: checks
Hero: bets $0.6
b840dd8c: calls $0.6
*** TURN *** [6c Tc Ks] [6h]
b840dd8c: checks
Hero: bets $1.1
b840dd8c: folds
Uncalled bet ($1.1) returned to Hero
*** SHOWDOWN ***
Hero collected $2.05 from pot
*** SUMMARY ***
Total pot $2.15 | Rake $0.1 | Jackpot $0 | Bingo $0 | Fortune $0 | Tax $0
Board [6c Tc Ks 6h]
Seat 1: fc3f28a5 (button) folded before Flop (didn't bet)
Seat 2: 81c411ea (small blind) folded before Flop
Seat 3: 7058dffa (big blind) folded before Flop
Seat 4: b840dd8c folded on the Turn
Seat 5: 51a6e447 folded before Flop (didn't bet)
Seat 6: Hero won ($2.05)


Poker Hand #HD1818513919: Hold'em No Limit ($0.05/$0.1) - 2024/06/16 22:32:36
Table 'NLHRed25' 6-max Seat #6 is the button
Seat 1: fc3f28a5 ($15.55 in chips)
Seat 2: 81c411ea ($10.63 in chips)
Seat 4: b840dd8c ($2 in chips)
Seat 5: 51a6e447 ($10.28 in chips)
Seat 6: Hero ($21.17 in chips)
fc3f28a5: posts small blind $0.05
81c411ea: posts big blind $0.1
*** HOLE CARDS ***
Dealt to fc3f28a5 
Dealt to 81c411ea 
Dealt to b840dd8c 
Dealt to 51a6e447 
Dealt to Hero [Kd Kc]
b840dd8c: folds
51a6e447: folds
Hero: raises $0.14 to $0.24
fc3f28a5: raises $0.58 to $0.82
81c411ea: folds
Hero: raises $1.38 to $2.2
fc3f28a5: calls $1.38
*** FLOP *** [4c Jh 6d]
fc3f28a5: checks
Hero: bets $1.1
fc3f28a5: raises $3.35 to $4.45
Hero: calls $3.35
*** TURN *** [4c Jh 6d] [Qd]
fc3f28a5: checks
Hero: checks
*** RIVER *** [4c Jh 6d Qd] [3h]
fc3f28a5: checks
Hero: checks
fc3f28a5: shows [7s 7d] (Pair of Sevens)
Hero: shows [Kd Kc] (Pair of Kings)
*** SHOWDOWN ***
Hero collected $12.64 from pot
*** SUMMARY ***
Total pot $13.4 | Rake $0.66 | Jackpot $0.1 | Bingo $0 | Fortune $0 | Tax $0
Board [4c Jh 6d Qd 3h]
Seat 1: fc3f28a5 (small blind) showed [7s 7d] and lost with Pair of Sevens
Seat 2: 81c411ea (big blind) folded before Flop
Seat 4: b840dd8c folded before Flop (didn't bet)
Seat 5: 51a6e447 folded before Flop (didn't bet)
Seat 6: Hero (button) showed [Kd Kc] and won ($12.64) with Pair of Kings


Poker Hand #HD1818513825: Hold'em No Limit ($0.05/$0.1) - 2024/06/16 22:31:39
Table 'NLHRed25' 6-max Seat #5 is the button
Seat 1: fc3f28a5 ($15.8 in chips)
Seat 2: 81c411ea ($10.63 in chips)
Seat 4: b840dd8c ($2 in chips)
Seat 5: 51a6e447 ($10 in chips)
Seat 6: Hero ($21.22 in chips)
Hero: posts small blind $0.05
fc3f28a5: posts big blind $0.1
*** HOLE CARDS ***
Dealt to fc3f28a5 
Dealt to 81c411ea 
Dealt to b840dd8c 
Dealt to 51a6e447 
Dealt to Hero [Tc 6c]
81c411ea: folds
b840dd8c: folds
51a6e447: raises $0.15 to $0.25
Hero: folds
fc3f28a5: calls $0.15
*** FLOP *** [5c 7s 2h]
fc3f28a5: checks
51a6e447: checks
*** TURN *** [5c 7s 2h] [9d]
fc3f28a5: checks
51a6e447: checks
*** RIVER *** [5c 7s 2h 9d] [Kd]
fc3f28a5: checks
51a6e447: checks
fc3f28a5: shows [Jh Ts] (King-High)
51a6e447: shows [Ad 8d] (Ace-High)
*** SHOWDOWN ***
51a6e447 collected $0.53 from pot
*** SUMMARY ***
Total pot $0.55 | Rake $0.02 | Jackpot $0 | Bingo $0 | Fortune $0 | Tax $0
Board [5c 7s 2h 9d Kd]
Seat 1: fc3f28a5 (big blind) showed [Jh Ts] and lost with King-High
Seat 2: 81c411ea folded before Flop (didn't bet)
Seat 4: b840dd8c folded before Flop (didn't bet)
Seat 5: 51a6e447 (button) showed [Ad 8d] and won ($0.53) with Ace-High
Seat 6: Hero (small blind) folded before Flop


Poker Hand #HD1818513809: Hold'em No Limit ($0.05/$0.1) - 2024/06/16 22:31:29
Table 'NLHRed25' 6-max Seat #4 is the button
Seat 1: fc3f28a5 ($15.8 in chips)
Seat 2: 81c411ea ($10.63 in chips)
Seat 4: b840dd8c ($2 in chips)
Seat 5: 51a6e447 ($10 in chips)
Seat 6: Hero ($21.17 in chips)
51a6e447: posts small blind $0.05
Hero: posts big blind $0.1
*** HOLE CARDS ***
Dealt to fc3f28a5 
Dealt to 81c411ea 
Dealt to b840dd8c 
Dealt to 51a6e447 
Dealt to Hero [Ts 9s]
fc3f28a5: folds
81c411ea: folds
b840dd8c: folds
51a6e447: folds
Uncalled bet ($0.05) returned to Hero
*** SHOWDOWN ***
Hero collected $0.1 from pot
*** SUMMARY ***
Total pot $0.1 | Rake $0 | Jackpot $0 | Bingo $0 | Fortune $0 | Tax $0
Seat 1: fc3f28a5 folded before Flop (didn't bet)
Seat 2: 81c411ea folded before Flop (didn't bet)
Seat 4: b840dd8c (button) folded before Flop (didn't bet)
Seat 5: 51a6e447 (small blind) folded before Flop
Seat 6: Hero (big blind) collected ($0.1)


Poker Hand #HD1818513780: Hold'em No Limit ($0.05/$0.1) - 2024/06/16 22:31:12
Table 'NLHRed25' 6-max Seat #2 is the button
Seat 1: fc3f28a5 ($15.65 in chips)
Seat 2: 81c411ea ($10.63 in chips)
Seat 4: b840dd8c ($2 in chips)
Seat 5: 51a6e447 ($10 in chips)
Seat 6: Hero ($21.17 in chips)
b840dd8c: posts small blind $0.05
51a6e447: posts big blind $0.1
*** HOLE CARDS ***
Dealt to fc3f28a5 
Dealt to 81c411ea 
Dealt to b840dd8c 
Dealt to 51a6e447 
Dealt to Hero [5c 6s]
Hero: folds
fc3f28a5: raises $0.12 to $0.22
81c411ea: folds
b840dd8c: folds
51a6e447: folds
Uncalled bet ($0.12) returned to fc3f28a5
*** SHOWDOWN ***
fc3f28a5 collected $0.25 from pot
*** SUMMARY ***
Total pot $0.25 | Rake $0 | Jackpot $0 | Bingo $0 | Fortune $0 | Tax $0
Seat 1: fc3f28a5 collected ($0.25)
Seat 2: 81c411ea (button) folded before Flop (didn't bet)
Seat 4: b840dd8c (small blind) folded before Flop
Seat 5: 51a6e447 (big blind) folded before Flop
Seat 6: Hero folded before Flop (didn't bet)


Poker Hand #HD1818513714: Hold'em No Limit ($0.05/$0.1) - 2024/06/16 22:30:32
Table 'NLHRed25' 6-max Seat #1 is the button
Seat 1: fc3f28a5 ($15.87 in chips)
Seat 2: 81c411ea ($10.33 in chips)
Seat 4: b840dd8c ($2 in chips)
Seat 5: 51a6e447 ($10 in chips)
Seat 6: Hero ($21.17 in chips)
81c411ea: posts small blind $0.05
b840dd8c: posts big blind $0.1
*** HOLE CARDS ***
Dealt to fc3f28a5 
Dealt to 81c411ea 
Dealt to b840dd8c 
Dealt to 51a6e447 
Dealt to Hero [7s 4h]
51a6e447: folds
Hero: folds
fc3f28a5: raises $0.12 to $0.22
81c411ea: calls $0.17
b840dd8c: folds
*** FLOP *** [Js 3h 4d]
81c411ea: checks
fc3f28a5: checks
*** TURN *** [Js 3h 4d] [3d]
81c411ea: checks
fc3f28a5: checks
*** RIVER *** [Js 3h 4d 3d] [6d]
81c411ea: checks
fc3f28a5: checks
81c411ea: shows [6s 9s] (Pair of Sixes and Pair of Treys)
fc3f28a5: shows [Qd Kc] (Pair of Treys)
*** SHOWDOWN ***
81c411ea collected $0.52 from pot
*** SUMMARY ***
Total pot $0.54 | Rake $0.02 | Jackpot $0 | Bingo $0 | Fortune $0 | Tax $0
Board [Js 3h 4d 3d 6d]
Seat 1: fc3f28a5 (button) showed [Qd Kc] and lost with Pair of Treys
Seat 2: 81c411ea (small blind) showed [6s 9s] and won ($0.52) with Pair of Sixes and Pair of Treys
Seat 4: b840dd8c (big blind) folded before Flop
Seat 5: 51a6e447 folded before Flop (didn't bet)
Seat 6: Hero folded before Flop (didn't bet)


Poker Hand #HD1818513676: Hold'em No Limit ($0.05/$0.1) - 2024/06/16 22:30:07
Table 'NLHRed25' 6-max Seat #6 is the button
Seat 1: fc3f28a5 ($15.55 in chips)
Seat 2: 81c411ea ($10.43 in chips)
Seat 4: b840dd8c ($2 in chips)
Seat 5: 51a6e447 ($10 in chips)
Seat 6: Hero ($21.41 in chips)
fc3f28a5: posts small blind $0.05
81c411ea: posts big blind $0.1
*** HOLE CARDS ***
Dealt to fc3f28a5 
Dealt to 81c411ea 
Dealt to b840dd8c 
Dealt to 51a6e447 
Dealt to Hero [Ad 6d]
b840dd8c: folds
51a6e447: folds
Hero: raises $0.14 to $0.24
fc3f28a5: raises $0.58 to $0.82
81c411ea: folds
Hero: folds
Uncalled bet ($0.58) returned to fc3f28a5
*** SHOWDOWN ***
fc3f28a5 collected $0.56 from pot
*** SUMMARY ***
Total pot $0.58 | Rake $0.02 | Jackpot $0 | Bingo $0 | Fortune $0 | Tax $0
Seat 1: fc3f28a5 (small blind) collected ($0.56)
Seat 2: 81c411ea (big blind) folded before Flop
Seat 4: b840dd8c folded before Flop (didn't bet)
Seat 5: 51a6e447 folded before Flop (didn't bet)
Seat 6: Hero (button) folded before Flop


Poker Hand #HD1818513570: Hold'em No Limit ($0.05/$0.1) - 2024/06/16 22:29:04
Table 'NLHRed25' 6-max Seat #5 is the button
Seat 1: fc3f28a5 ($15.65 in chips)
Seat 2: 81c411ea ($10.43 in chips)
Seat 4: b840dd8c ($2 in chips)
Seat 5: 51a6e447 ($10 in chips)
Seat 6: Hero ($20.23 in chips)
Hero: posts small blind $0.05
fc3f28a5: posts big blind $0.1
*** HOLE CARDS ***
Dealt to fc3f28a5 
Dealt to 81c411ea 
Dealt to b840dd8c 
Dealt to 51a6e447 
Dealt to Hero [Ah Ad]
81c411ea: folds
b840dd8c: folds
51a6e447: raises $0.2 to $0.3
Hero: raises $0.9 to $1.2
fc3f28a5: folds
51a6e447: calls $0.9
*** FLOP *** [Kh 3d 6h]
Hero: bets $0.83
51a6e447: folds
Uncalled bet ($0.83) returned to Hero
*** SHOWDOWN ***
Hero collected $2.38 from pot
*** SUMMARY ***
Total pot $2.5 | Rake $0.12 | Jackpot $0 | Bingo $0 | Fortune $0 | Tax $0
Board [Kh 3d 6h]
Seat 1: fc3f28a5 (big blind) folded before Flop
Seat 2: 81c411ea folded before Flop (didn't bet)
Seat 4: b840dd8c folded before Flop (didn't bet)
Seat 5: 51a6e447 (button) folded on the Flop
Seat 6: Hero (small blind) won ($2.38)


Poker Hand #HD1818513534: Hold'em No Limit ($0.05/$0.1) - 2024/06/16 22:28:41
Table 'NLHRed25' 6-max Seat #4 is the button
Seat 1: fc3f28a5 ($15.65 in chips)
Seat 2: 81c411ea ($10.43 in chips)
Seat 4: b840dd8c ($2 in chips)
Seat 5: 51a6e447 ($10.05 in chips)
Seat 6: Hero ($20.18 in chips)
51a6e447: posts small blind $0.05
Hero: posts big blind $0.1
*** HOLE CARDS ***
Dealt to fc3f28a5 
Dealt to 81c411ea 
Dealt to b840dd8c 
Dealt to 51a6e447 
Dealt to Hero [7d Qd]
fc3f28a5: folds
81c411ea: folds
b840dd8c: folds
51a6e447: folds
Uncalled bet ($0.05) returned to Hero
*** SHOWDOWN ***
Hero collected $0.1 from pot
*** SUMMARY ***
Total pot $0.1 | Rake $0 | Jackpot $0 | Bingo $0 | Fortune $0 | Tax $0
Seat 1: fc3f28a5 folded before Flop (didn't bet)
Seat 2: 81c411ea folded before Flop (didn't bet)
Seat 4: b840dd8c (button) folded before Flop (didn't bet)
Seat 5: 51a6e447 (small blind) folded before Flop
Seat 6: Hero (big blind) collected ($0.1)


Poker Hand #HD1818513505: Hold'em No Limit ($0.05/$0.1) - 2024/06/16 22:28:26
Table 'NLHRed25' 6-max Seat #2 is the button
Seat 1: fc3f28a5 ($15.65 in chips)
Seat 2: 81c411ea ($10.28 in chips)
Seat 4: b840dd8c ($2 in chips)
Seat 5: 51a6e447 ($10.15 in chips)
Seat 6: Hero ($20.18 in chips)
b840dd8c: posts small blind $0.05
51a6e447: posts big blind $0.1
*** HOLE CARDS ***
Dealt to fc3f28a5 
Dealt to 81c411ea 
Dealt to b840dd8c 
Dealt to 51a6e447 
Dealt to Hero [3h Td]
Hero: folds
fc3f28a5: folds
81c411ea: raises $0.1 to $0.2
b840dd8c: folds
51a6e447: folds
Uncalled bet ($0.1) returned to 81c411ea
*** SHOWDOWN ***
81c411ea collected $0.25 from pot
*** SUMMARY ***
Total pot $0.25 | Rake $0 | Jackpot $0 | Bingo $0 | Fortune $0 | Tax $0
Seat 1: fc3f28a5 folded before Flop (didn't bet)
Seat 2: 81c411ea (button) collected ($0.25)
Seat 4: b840dd8c (small blind) folded before Flop
Seat 5: 51a6e447 (big blind) folded before Flop
Seat 6: Hero folded before Flop (didn't bet)


Poker Hand #HD1818513469: Hold'em No Limit ($0.05/$0.1) - 2024/06/16 22:27:59
Table 'NLHRed25' 6-max Seat #1 is the button
Seat 1: fc3f28a5 ($15.65 in chips)
Seat 2: 81c411ea ($10.33 in chips)
Seat 4: b840dd8c ($2 in chips)
Seat 5: 51a6e447 ($10 in chips)
Seat 6: Hero ($20.18 in chips)
81c411ea: posts small blind $0.05
b840dd8c: posts big blind $0.1
*** HOLE CARDS ***
Dealt to fc3f28a5 
Dealt to 81c411ea 
Dealt to b840dd8c 
Dealt to 51a6e447 
Dealt to Hero [3s 7h]
51a6e447: raises $0.15 to $0.25
Hero: folds
fc3f28a5: folds
81c411ea: folds
b840dd8c: folds
Uncalled bet ($0.15) returned to 51a6e447
*** SHOWDOWN ***
51a6e447 collected $0.25 from pot
*** SUMMARY ***
Total pot $0.25 | Rake $0 | Jackpot $0 | Bingo $0 | Fortune $0 | Tax $0
Seat 1: fc3f28a5 (button) folded before Flop (didn't bet)
Seat 2: 81c411ea (small blind) folded before Flop
Seat 4: b840dd8c (big blind) folded before Flop
Seat 5: 51a6e447 collected ($0.25)
Seat 6: Hero folded before Flop (didn't bet)


Poker Hand #HD1818513421: Hold'em No Limit ($0.05/$0.1) - 2024/06/16 22:27:26
Table 'NLHRed25' 6-max Seat #6 is the button
Seat 1: fc3f28a5 ($15.75 in chips)
Seat 2: 81c411ea ($10.23 in chips)
Seat 3: c6bce445 ($4.4 in chips)
Seat 4: b840dd8c ($2 in chips)
Seat 5: 51a6e447 ($10 in chips)
Seat 6: Hero ($20.18 in chips)
fc3f28a5: posts small blind $0.05
81c411ea: posts big blind $0.1
*** HOLE CARDS ***
Dealt to fc3f28a5 
Dealt to 81c411ea 
Dealt to c6bce445 
Dealt to b840dd8c 
Dealt to 51a6e447 
Dealt to Hero [5h 3s]
c6bce445: folds
b840dd8c: folds
51a6e447: folds
Hero: folds
fc3f28a5: calls $0.05
81c411ea: raises $0.6 to $0.7
fc3f28a5: folds
Uncalled bet ($0.6) returned to 81c411ea
*** SHOWDOWN ***
81c411ea collected $0.2 from pot
*** SUMMARY ***
Total pot $0.2 | Rake $0 | Jackpot $0 | Bingo $0 | Fortune $0 | Tax $0
Seat 1: fc3f28a5 (small blind) folded before Flop
Seat 2: 81c411ea (big blind) collected ($0.2)
Seat 3: c6bce445 folded before Flop (didn't bet)
Seat 4: b840dd8c folded before Flop (didn't bet)
Seat 5: 51a6e447 folded before Flop (didn't bet)
Seat 6: Hero (button) folded before Flop (didn't bet)


Poker Hand #HD1818513385: Hold'em No Limit ($0.05/$0.1) - 2024/06/16 22:27:02
Table 'NLHRed25' 6-max Seat #5 is the button
Seat 1: fc3f28a5 ($15.85 in chips)
Seat 2: 81c411ea ($10.23 in chips)
Seat 3: c6bce445 ($4.4 in chips)
Seat 4: b840dd8c ($2 in chips)
Seat 5: 51a6e447 ($10 in chips)
Seat 6: Hero ($20.08 in chips)
Hero: posts small blind $0.05
fc3f28a5: posts big blind $0.1
*** HOLE CARDS ***
Dealt to fc3f28a5 
Dealt to 81c411ea 
Dealt to c6bce445 
Dealt to b840dd8c 
Dealt to 51a6e447 
Dealt to Hero [Ad Th]
81c411ea: folds
c6bce445: folds
b840dd8c: folds
51a6e447: folds
Hero: raises $0.2 to $0.3
fc3f28a5: folds
Uncalled bet ($0.2) returned to Hero
*** SHOWDOWN ***
Hero collected $0.2 from pot
*** SUMMARY ***
Total pot $0.2 | Rake $0 | Jackpot $0 | Bingo $0 | Fortune $0 | Tax $0
Seat 1: fc3f28a5 (big blind) folded before Flop
Seat 2: 81c411ea folded before Flop (didn't bet)
Seat 3: c6bce445 folded before Flop (didn't bet)
Seat 4: b840dd8c folded before Flop (didn't bet)
Seat 5: 51a6e447 (button) folded before Flop (didn't bet)
Seat 6: Hero (small blind) collected ($0.2)


Poker Hand #HD1818513330: Hold'em No Limit ($0.05/$0.1) - 2024/06/16 22:26:29
Table 'NLHRed25' 6-max Seat #4 is the button
Seat 1: fc3f28a5 ($15.6 in chips)
Seat 2: 81c411ea ($10.23 in chips)
Seat 3: c6bce445 ($4.4 in chips)
Seat 4: b840dd8c ($2 in chips)
Seat 5: 51a6e447 ($10 in chips)
Seat 6: Hero ($20.3 in chips)
51a6e447: posts small blind $0.05
Hero: posts big blind $0.1
*** HOLE CARDS ***
Dealt to fc3f28a5 
Dealt to 81c411ea 
Dealt to c6bce445 
Dealt to b840dd8c 
Dealt to 51a6e447 
Dealt to Hero [Jc 8c]
fc3f28a5: raises $0.12 to $0.22
81c411ea: folds
c6bce445: folds
b840dd8c: folds
51a6e447: folds
Hero: calls $0.12
*** FLOP *** [3s Td 3d]
Hero: checks
fc3f28a5: bets $0.17
Hero: folds
Uncalled bet ($0.17) returned to fc3f28a5
*** SHOWDOWN ***
fc3f28a5 collected $0.47 from pot
*** SUMMARY ***
Total pot $0.49 | Rake $0.02 | Jackpot $0 | Bingo $0 | Fortune $0 | Tax $0
Board [3s Td 3d]
Seat 1: fc3f28a5 won ($0.47)
Seat 2: 81c411ea folded before Flop (didn't bet)
Seat 3: c6bce445 folded before Flop (didn't bet)
Seat 4: b840dd8c (button) folded before Flop (didn't bet)
Seat 5: 51a6e447 (small blind) folded before Flop
Seat 6: Hero (big blind) folded on the Flop


Poker Hand #HD1818513248: Hold'em No Limit ($0.05/$0.1) - 2024/06/16 22:25:38
Table 'NLHRed25' 6-max Seat #3 is the button
Seat 1: fc3f28a5 ($15.6 in chips)
Seat 2: 81c411ea ($10 in chips)
Seat 3: c6bce445 ($4.4 in chips)
Seat 4: b840dd8c ($2 in chips)
Seat 5: 51a6e447 ($10 in chips)
Seat 6: Hero ($20.3 in chips)
b840dd8c: posts small blind $0.05
51a6e447: posts big blind $0.1
*** HOLE CARDS ***
Dealt to fc3f28a5 
Dealt to 81c411ea 
Dealt to c6bce445 
Dealt to b840dd8c 
Dealt to 51a6e447 
Dealt to Hero [6h Qc]
Hero: folds
fc3f28a5: folds
81c411ea: raises $0.1 to $0.2
c6bce445: folds
b840dd8c: folds
51a6e447: calls $0.1
*** FLOP *** [5h Kc As]
51a6e447: checks
81c411ea: checks
*** TURN *** [5h Kc As] [4h]
51a6e447: checks
81c411ea: bets $0.3
51a6e447: folds
Uncalled bet ($0.3) returned to 81c411ea
*** SHOWDOWN ***
81c411ea collected $0.43 from pot
*** SUMMARY ***
Total pot $0.45 | Rake $0.02 | Jackpot $0 | Bingo $0 | Fortune $0 | Tax $0
Board [5h Kc As 4h]
Seat 1: fc3f28a5 folded before Flop (didn't bet)
Seat 2: 81c411ea won ($0.43)
Seat 3: c6bce445 (button) folded before Flop (didn't bet)
Seat 4: b840dd8c (small blind) folded before Flop
Seat 5: 51a6e447 (big blind) folded on the Turn
Seat 6: Hero folded before Flop (didn't bet)


Poker Hand #HD1818513225: Hold'em No Limit ($0.05/$0.1) - 2024/06/16 22:25:21
Table 'NLHRed25' 6-max Seat #2 is the button
Seat 1: fc3f28a5 ($15.6 in chips)
Seat 2: 81c411ea ($10 in chips)
Seat 3: c6bce445 ($4.3 in chips)
Seat 4: b840dd8c ($2 in chips)
Seat 5: 51a6e447 ($10 in chips)
Seat 6: Hero ($20.3 in chips)
c6bce445: posts small blind $0.05
b840dd8c: posts big blind $0.1
*** HOLE CARDS ***
Dealt to fc3f28a5 
Dealt to 81c411ea 
Dealt to c6bce445 
Dealt to b840dd8c 
Dealt to 51a6e447 
Dealt to Hero [Tc 2c]
51a6e447: folds
Hero: folds
fc3f28a5: folds
81c411ea: folds
c6bce445: raises $0.15 to $0.25
b840dd8c: folds
Uncalled bet ($0.15) returned to c6bce445
*** SHOWDOWN ***
c6bce445 collected $0.2 from pot
*** SUMMARY ***
Total pot $0.2 | Rake $0 | Jackpot $0 | Bingo $0 | Fortune $0 | Tax $0
Seat 1: fc3f28a5 folded before Flop (didn't bet)
Seat 2: 81c411ea (button) folded before Flop (didn't bet)
Seat 3: c6bce445 (small blind) collected ($0.2)
Seat 4: b840dd8c (big blind) folded before Flop
Seat 5: 51a6e447 folded before Flop (didn't bet)
Seat 6: Hero folded before Flop (didn't bet)


Poker Hand #HD1818513200: Hold'em No Limit ($0.05/$0.1) - 2024/06/16 22:25:08
Table 'NLHRed25' 6-max Seat #1 is the button
Seat 1: fc3f28a5 ($15.6 in chips)
Seat 2: 81c411ea ($10 in chips)
Seat 3: c6bce445 ($4.25 in chips)
Seat 5: 51a6e447 ($10 in chips)
Seat 6: Hero ($20.3 in chips)
81c411ea: posts small blind $0.05
c6bce445: posts big blind $0.1
*** HOLE CARDS ***
Dealt to fc3f28a5 
Dealt to 81c411ea 
Dealt to c6bce445 
Dealt to 51a6e447 
Dealt to Hero [5d 8s]
51a6e447: folds
Hero: folds
fc3f28a5: folds
81c411ea: folds
Uncalled bet ($0.05) returned to c6bce445
*** SHOWDOWN ***
c6bce445 collected $0.1 from pot
*** SUMMARY ***
Total pot $0.1 | Rake $0 | Jackpot $0 | Bingo $0 | Fortune $0 | Tax $0
Seat 1: fc3f28a5 (button) folded before Flop (didn't bet)
Seat 2: 81c411ea (small blind) folded before Flop
Seat 3: c6bce445 (big blind) collected ($0.1)
Seat 5: 51a6e447 folded before Flop (didn't bet)
Seat 6: Hero folded before Flop (didn't bet)


Poker Hand #HD1818513138: Hold'em No Limit ($0.05/$0.1) - 2024/06/16 22:24:30
Table 'NLHRed25' 6-max Seat #6 is the button
Seat 1: fc3f28a5 ($15.28 in chips)
Seat 2: 81c411ea ($10 in chips)
Seat 3: c6bce445 ($4.25 in chips)
Seat 5: 51a6e447 ($10 in chips)
Seat 6: Hero ($20.54 in chips)
fc3f28a5: posts small blind $0.05
81c411ea: posts big blind $0.1
*** HOLE CARDS ***
Dealt to fc3f28a5 
Dealt to 81c411ea 
Dealt to c6bce445 
Dealt to 51a6e447 
Dealt to Hero [7c 9c]
c6bce445: folds
51a6e447: folds
Hero: raises $0.14 to $0.24
fc3f28a5: raises $0.58 to $0.82
81c411ea: folds
Hero: folds
Uncalled bet ($0.58) returned to fc3f28a5
*** SHOWDOWN ***
fc3f28a5 collected $0.56 from pot
*** SUMMARY ***
Total pot $0.58 | Rake $0.02 | Jackpot $0 | Bingo $0 | Fortune $0 | Tax $0
Seat 1: fc3f28a5 (small blind) collected ($0.56)
Seat 2: 81c411ea (big blind) folded before Flop
Seat 3: c6bce445 folded before Flop (didn't bet)
Seat 5: 51a6e447 folded before Flop (didn't bet)
Seat 6: Hero (button) folded before Flop


Poker Hand #HD1818513028: Hold'em No Limit ($0.05/$0.1) - 2024/06/16 22:23:21
Table 'NLHRed25' 6-max Seat #5 is the button
Seat 1: fc3f28a5 ($14.21 in chips)
Seat 2: 81c411ea ($10 in chips)
Seat 3: c6bce445 ($4.25 in chips)
Seat 5: 51a6e447 ($10 in chips)
Seat 6: Hero ($21.62 in chips)
Hero: posts small blind $0.05
fc3f28a5: posts big blind $0.1
*** HOLE CARDS ***
Dealt to fc3f28a5 
Dealt to 81c411ea 
Dealt to c6bce445 
Dealt to 51a6e447 
Dealt to Hero [9s 9c]
81c411ea: calls $0.1
c6bce445: folds
51a6e447: folds
Hero: raises $0.3 to $0.4
fc3f28a5: raises $0.68 to $1.08
81c411ea: folds
Hero: calls $0.68
*** FLOP *** [3h Ah Kd]
Hero: checks
fc3f28a5: checks
*** TURN *** [3h Ah Kd] [Js]
Hero: checks
fc3f28a5: checks
*** RIVER *** [3h Ah Kd Js] [3d]
Hero: checks
fc3f28a5: checks
Hero: shows [9s 9c] (Pair of Nines and Pair of Treys)
fc3f28a5: shows [Qh Qd] (Pair of Queens and Pair of Treys)
*** SHOWDOWN ***
fc3f28a5 collected $2.15 from pot
*** SUMMARY ***
Total pot $2.26 | Rake $0.11 | Jackpot $0 | Bingo $0 | Fortune $0 | Tax $0
Board [3h Ah Kd Js 3d]
Seat 1: fc3f28a5 (big blind) showed [Qh Qd] and won ($2.15) with Pair of Queens and Pair of Treys
Seat 2: 81c411ea folded before Flop
Seat 3: c6bce445 folded before Flop (didn't bet)
Seat 5: 51a6e447 (button) folded before Flop (didn't bet)
Seat 6: Hero (small blind) showed [9s 9c] and lost with Pair of Nines and Pair of Treys


Poker Hand #HD1818512988: Hold'em No Limit ($0.05/$0.1) - 2024/06/16 22:22:54
Table 'NLHRed25' 6-max Seat #3 is the button
Seat 1: fc3f28a5 ($14.21 in chips)
Seat 2: 81c411ea ($10 in chips)
Seat 3: c6bce445 ($4.1 in chips)
Seat 5: 51a6e447 ($10.05 in chips)
Seat 6: Hero ($21.72 in chips)
51a6e447: posts small blind $0.05
Hero: posts big blind $0.1
*** HOLE CARDS ***
Dealt to fc3f28a5 
Dealt to 81c411ea 
Dealt to c6bce445 
Dealt to 51a6e447 
Dealt to Hero [4d Tc]
fc3f28a5: folds
81c411ea: folds
c6bce445: raises $0.15 to $0.25
51a6e447: folds
Hero: folds
Uncalled bet ($0.15) returned to c6bce445
*** SHOWDOWN ***
c6bce445 collected $0.25 from pot
*** SUMMARY ***
Total pot $0.25 | Rake $0 | Jackpot $0 | Bingo $0 | Fortune $0 | Tax $0
Seat 1: fc3f28a5 folded before Flop (didn't bet)
Seat 2: 81c411ea folded before Flop (didn't bet)
Seat 3: c6bce445 (button) collected ($0.25)
Seat 5: 51a6e447 (small blind) folded before Flop
Seat 6: Hero (big blind) folded before Flop


Poker Hand #HD1818512914: Hold'em No Limit ($0.05/$0.1) - 2024/06/16 22:22:15
Table 'NLHRed25' 6-max Seat #2 is the button
Seat 1: fc3f28a5 ($14.06 in chips)
Seat 2: 81c411ea ($10 in chips)
Seat 3: c6bce445 ($4.15 in chips)
Seat 5: 51a6e447 ($10.15 in chips)
Seat 6: Hero ($21.72 in chips)
c6bce445: posts small blind $0.05
51a6e447: posts big blind $0.1
*** HOLE CARDS ***
Dealt to fc3f28a5 
Dealt to 81c411ea 
Dealt to c6bce445 
Dealt to 51a6e447 
Dealt to Hero [8c As]
Hero: folds
fc3f28a5: raises $0.12 to $0.22
81c411ea: folds
c6bce445: folds
51a6e447: folds
Uncalled bet ($0.12) returned to fc3f28a5
*** SHOWDOWN ***
fc3f28a5 collected $0.25 from pot
*** SUMMARY ***
Total pot $0.25 | Rake $0 | Jackpot $0 | Bingo $0 | Fortune $0 | Tax $0
Seat 1: fc3f28a5 collected ($0.25)
Seat 2: 81c411ea (button) folded before Flop (didn't bet)
Seat 3: c6bce445 (small blind) folded before Flop
Seat 5: 51a6e447 (big blind) folded before Flop
Seat 6: Hero folded before Flop (didn't bet)


Poker Hand #HD1818512869: Hold'em No Limit ($0.05/$0.1) - 2024/06/16 22:21:46
Table 'NLHRed25' 6-max Seat #1 is the button
Seat 1: fc3f28a5 ($14.06 in chips)
Seat 2: 81c411ea ($10 in chips)
Seat 3: c6bce445 ($4.25 in chips)
Seat 4: 456715a4 ($10.53 in chips)
Seat 5: 51a6e447 ($10 in chips)
Seat 6: Hero ($21.72 in chips)
81c411ea: posts small blind $0.05
c6bce445: posts big blind $0.1
*** HOLE CARDS ***
Dealt to fc3f28a5 
Dealt to 81c411ea 
Dealt to c6bce445 
Dealt to 456715a4 
Dealt to 51a6e447 
Dealt to Hero [Td 7s]
456715a4: folds
51a6e447: raises $0.15 to $0.25
Hero: folds
fc3f28a5: folds
81c411ea: folds
c6bce445: folds
Uncalled bet ($0.15) returned to 51a6e447
*** SHOWDOWN ***
51a6e447 collected $0.25 from pot
*** SUMMARY ***
Total pot $0.25 | Rake $0 | Jackpot $0 | Bingo $0 | Fortune $0 | Tax $0
Seat 1: fc3f28a5 (button) folded before Flop (didn't bet)
Seat 2: 81c411ea (small blind) folded before Flop
Seat 3: c6bce445 (big blind) folded before Flop
Seat 4: 456715a4 folded before Flop (didn't bet)
Seat 5: 51a6e447 collected ($0.25)
Seat 6: Hero folded before Flop (didn't bet)


Poker Hand #HD1818512749: Hold'em No Limit ($0.05/$0.1) - 2024/06/16 22:20:34
Table 'NLHRed25' 6-max Seat #6 is the button
Seat 1: fc3f28a5 ($14.11 in chips)
Seat 2: 81c411ea ($10 in chips)
Seat 3: c6bce445 ($4.25 in chips)
Seat 4: 456715a4 ($10.53 in chips)
Seat 5: 51a6e447 ($10 in chips)
Seat 6: Hero ($21.45 in chips)
fc3f28a5: posts small blind $0.05
81c411ea: posts big blind $0.1
*** HOLE CARDS ***
Dealt to fc3f28a5 
Dealt to 81c411ea 
Dealt to c6bce445 
Dealt to 456715a4 
Dealt to 51a6e447 
Dealt to Hero [4s 4d]
c6bce445: folds
456715a4: folds
51a6e447: folds
Hero: raises $0.14 to $0.24
fc3f28a5: folds
81c411ea: calls $0.14
*** FLOP *** [8d 4c Jd]
81c411ea: checks
Hero: bets $0.3
81c411ea: folds
Uncalled bet ($0.3) returned to Hero
*** SHOWDOWN ***
Hero collected $0.51 from pot
*** SUMMARY ***
Total pot $0.53 | Rake $0.02 | Jackpot $0 | Bingo $0 | Fortune $0 | Tax $0
Board [8d 4c Jd]
Seat 1: fc3f28a5 (small blind) folded before Flop
Seat 2: 81c411ea (big blind) folded on the Flop
Seat 3: c6bce445 folded before Flop (didn't bet)
Seat 4: 456715a4 folded before Flop (didn't bet)
Seat 5: 51a6e447 folded before Flop (didn't bet)
Seat 6: Hero (button) won ($0.51)


Poker Hand #HD1818512711: Hold'em No Limit ($0.05/$0.1) - 2024/06/16 22:20:15
Table 'NLHRed25' 6-max Seat #5 is the button
Seat 1: fc3f28a5 ($14.06 in chips)
Seat 2: 81c411ea ($10 in chips)
Seat 3: c6bce445 ($4.25 in chips)
Seat 4: 456715a4 ($10.53 in chips)
Seat 5: 51a6e447 ($10 in chips)
Seat 6: Hero ($21.5 in chips)
Hero: posts small blind $0.05
fc3f28a5: posts big blind $0.1
*** HOLE CARDS ***
Dealt to fc3f28a5 
Dealt to 81c411ea 
Dealt to c6bce445 
Dealt to 456715a4 
Dealt to 51a6e447 
Dealt to Hero [Td 4s]
81c411ea: folds
c6bce445: folds
456715a4: folds
51a6e447: folds
Hero: folds
Uncalled bet ($0.05) returned to fc3f28a5
*** SHOWDOWN ***
fc3f28a5 collected $0.1 from pot
*** SUMMARY ***
Total pot $0.1 | Rake $0 | Jackpot $0 | Bingo $0 | Fortune $0 | Tax $0
Seat 1: fc3f28a5 (big blind) collected ($0.1)
Seat 2: 81c411ea folded before Flop (didn't bet)
Seat 3: c6bce445 folded before Flop (didn't bet)
Seat 4: 456715a4 folded before Flop (didn't bet)
Seat 5: 51a6e447 (button) folded before Flop (didn't bet)
Seat 6: Hero (small blind) folded before Flop


Poker Hand #HD1818512684: Hold'em No Limit ($0.05/$0.1) - 2024/06/16 22:19:58
Table 'NLHRed25' 6-max Seat #4 is the button
Seat 1: fc3f28a5 ($14.06 in chips)
Seat 2: 81c411ea ($10 in chips)
Seat 3: c6bce445 ($4.25 in chips)
Seat 4: 456715a4 ($10.38 in chips)
Seat 5: 51a6e447 ($10 in chips)
Seat 6: Hero ($21.6 in chips)
51a6e447: posts small blind $0.05
Hero: posts big blind $0.1
*** HOLE CARDS ***
Dealt to fc3f28a5 
Dealt to 81c411ea 
Dealt to c6bce445 
Dealt to 456715a4 
Dealt to 51a6e447 
Dealt to Hero [Kc 8d]
fc3f28a5: folds
81c411ea: folds
c6bce445: folds
456715a4: raises $0.15 to $0.25
51a6e447: folds
Hero: folds
Uncalled bet ($0.15) returned to 456715a4
*** SHOWDOWN ***
456715a4 collected $0.25 from pot
*** SUMMARY ***
Total pot $0.25 | Rake $0 | Jackpot $0 | Bingo $0 | Fortune $0 | Tax $0
Seat 1: fc3f28a5 folded before Flop (didn't bet)
Seat 2: 81c411ea folded before Flop (didn't bet)
Seat 3: c6bce445 folded before Flop (didn't bet)
Seat 4: 456715a4 (button) collected ($0.25)
Seat 5: 51a6e447 (small blind) folded before Flop
Seat 6: Hero (big blind) folded before Flop


Poker Hand #HD1818512643: Hold'em No Limit ($0.05/$0.1) - 2024/06/16 22:19:35
Table 'NLHRed25' 6-max Seat #3 is the button
Seat 1: fc3f28a5 ($14.06 in chips)
Seat 2: 81c411ea ($10 in chips)
Seat 3: c6bce445 ($4.25 in chips)
Seat 4: 456715a4 ($10.43 in chips)
Seat 5: 51a6e447 ($10 in chips)
Seat 6: Hero ($21.45 in chips)
456715a4: posts small blind $0.05
51a6e447: posts big blind $0.1
*** HOLE CARDS ***
Dealt to fc3f28a5 
Dealt to 81c411ea 
Dealt to c6bce445 
Dealt to 456715a4 
Dealt to 51a6e447 
Dealt to Hero [Ts Js]
Hero: raises $0.1 to $0.2
fc3f28a5: folds
81c411ea: folds
c6bce445: folds
456715a4: folds
51a6e447: folds
Uncalled bet ($0.1) returned to Hero
*** SHOWDOWN ***
Hero collected $0.25 from pot
*** SUMMARY ***
Total pot $0.25 | Rake $0 | Jackpot $0 | Bingo $0 | Fortune $0 | Tax $0
Seat 1: fc3f28a5 folded before Flop (didn't bet)
Seat 2: 81c411ea folded before Flop (didn't bet)
Seat 3: c6bce445 (button) folded before Flop (didn't bet)
Seat 4: 456715a4 (small blind) folded before Flop
Seat 5: 51a6e447 (big blind) folded before Flop
Seat 6: Hero collected ($0.25)


Poker Hand #HD1818512587: Hold'em No Limit ($0.05/$0.1) - 2024/06/16 22:18:58
Table 'NLHRed25' 6-max Seat #2 is the button
Seat 1: fc3f28a5 ($14.06 in chips)
Seat 2: 81c411ea ($10 in chips)
Seat 3: c6bce445 ($4.35 in chips)
Seat 4: 456715a4 ($10.33 in chips)
Seat 5: 51a6e447 ($10 in chips)
Seat 6: Hero ($21.45 in chips)
c6bce445: posts small blind $0.05
456715a4: posts big blind $0.1
*** HOLE CARDS ***
Dealt to fc3f28a5 
Dealt to 81c411ea 
Dealt to c6bce445 
Dealt to 456715a4 
Dealt to 51a6e447 
Dealt to Hero [2c Kc]
51a6e447: folds
Hero: folds
fc3f28a5: folds
81c411ea: folds
c6bce445: calls $0.05
456715a4: raises $0.4 to $0.5
c6bce445: folds
Uncalled bet ($0.4) returned to 456715a4
*** SHOWDOWN ***
456715a4 collected $0.2 from pot
*** SUMMARY ***
Total pot $0.2 | Rake $0 | Jackpot $0 | Bingo $0 | Fortune $0 | Tax $0
Seat 1: fc3f28a5 folded before Flop (didn't bet)
Seat 2: 81c411ea (button) folded before Flop (didn't bet)
Seat 3: c6bce445 (small blind) folded before Flop
Seat 4: 456715a4 (big blind) collected ($0.2)
Seat 5: 51a6e447 folded before Flop (didn't bet)
Seat 6: Hero folded before Flop (didn't bet)


Poker Hand #HD1818512555: Hold'em No Limit ($0.05/$0.1) - 2024/06/16 22:18:42
Table 'NLHRed25' 6-max Seat #1 is the button
Seat 1: fc3f28a5 ($14.06 in chips)
Seat 2: 81c411ea ($10.03 in chips)
Seat 3: c6bce445 ($4.3 in chips)
Seat 4: 456715a4 ($10.33 in chips)
Seat 5: 51a6e447 ($10 in chips)
Seat 6: Hero ($21.45 in chips)
81c411ea: posts small blind $0.05
c6bce445: posts big blind $0.1
*** HOLE CARDS ***
Dealt to fc3f28a5 
Dealt to 81c411ea 
Dealt to c6bce445 
Dealt to 456715a4 
Dealt to 51a6e447 
Dealt to Hero [Qs 9c]
456715a4: folds
51a6e447: folds
Hero: folds
fc3f28a5: folds
81c411ea: folds
Uncalled bet ($0.05) returned to c6bce445
*** SHOWDOWN ***
c6bce445 collected $0.1 from pot
*** SUMMARY ***
Total pot $0.1 | Rake $0 | Jackpot $0 | Bingo $0 | Fortune $0 | Tax $0
Seat 1: fc3f28a5 (button) folded before Flop (didn't bet)
Seat 2: 81c411ea (small blind) folded before Flop
Seat 3: c6bce445 (big blind) collected ($0.1)
Seat 4: 456715a4 folded before Flop (didn't bet)
Seat 5: 51a6e447 folded before Flop (didn't bet)
Seat 6: Hero folded before Flop (didn't bet)


Poker Hand #HD1818512501: Hold'em No Limit ($0.05/$0.1) - 2024/06/16 22:18:03
Table 'NLHRed25' 6-max Seat #6 is the button
Seat 1: fc3f28a5 ($13.97 in chips)
Seat 2: 81c411ea ($10.13 in chips)
Seat 3: c6bce445 ($4.3 in chips)
Seat 4: 456715a4 ($10.33 in chips)
Seat 5: 51a6e447 ($10 in chips)
Seat 6: Hero ($21.45 in chips)
fc3f28a5: posts small blind $0.05
81c411ea: posts big blind $0.1
*** HOLE CARDS ***
Dealt to fc3f28a5 
Dealt to 81c411ea 
Dealt to c6bce445 
Dealt to 456715a4 
Dealt to 51a6e447 
Dealt to Hero [4s 6h]
c6bce445: folds
456715a4: folds
51a6e447: folds
Hero: folds
fc3f28a5: calls $0.05
81c411ea: checks
*** FLOP *** [9h Kc Kh]
fc3f28a5: checks
81c411ea: checks
*** TURN *** [9h Kc Kh] [Jh]
fc3f28a5: checks
81c411ea: checks
*** RIVER *** [9h Kc Kh Jh] [Jd]
fc3f28a5: bets $0.1
81c411ea: folds
Uncalled bet ($0.1) returned to fc3f28a5
*** SHOWDOWN ***
fc3f28a5 collected $0.19 from pot
*** SUMMARY ***
Total pot $0.2 | Rake $0.01 | Jackpot $0 | Bingo $0 | Fortune $0 | Tax $0
Board [9h Kc Kh Jh Jd]
Seat 1: fc3f28a5 (small blind) won ($0.19)
Seat 2: 81c411ea (big blind) folded on the River
Seat 3: c6bce445 folded before Flop (didn't bet)
Seat 4: 456715a4 folded before Flop (didn't bet)
Seat 5: 51a6e447 folded before Flop (didn't bet)
Seat 6: Hero (button) folded before Flop (didn't bet)


Poker Hand #HD1818512375: Hold'em No Limit ($0.05/$0.1) - 2024/06/16 22:16:44
Table 'NLHRed25' 6-max Seat #5 is the button
Seat 1: fc3f28a5 ($12.47 in chips)
Seat 3: c6bce445 ($6.02 in chips)
Seat 4: 456715a4 ($10.33 in chips)
Seat 5: 51a6e447 ($10 in chips)
Seat 6: Hero ($21.5 in chips)
Hero: posts small blind $0.05
fc3f28a5: posts big blind $0.1
*** HOLE CARDS ***
Dealt to fc3f28a5 
Dealt to c6bce445 
Dealt to 456715a4 
Dealt to 51a6e447 
Dealt to Hero [4h 3h]
c6bce445: raises $0.15 to $0.25
456715a4: folds
51a6e447: folds
Hero: folds
fc3f28a5: calls $0.15
*** FLOP *** [8h Th 5d]
fc3f28a5: bets $0.42
c6bce445: calls $0.42
*** TURN *** [8h Th 5d] [7d]
fc3f28a5: bets $1.05
c6bce445: calls $1.05
*** RIVER *** [8h Th 5d 7d] [4s]
fc3f28a5: checks
c6bce445: checks
fc3f28a5: shows [Ts Ks] (Pair of Tens)
c6bce445: shows [Ah 5h] (Pair of Fives)
*** SHOWDOWN ***
fc3f28a5 collected $3.22 from pot
*** SUMMARY ***
Total pot $3.49 | Rake $0.17 | Jackpot $0.1 | Bingo $0 | Fortune $0 | Tax $0
Board [8h Th 5d 7d 4s]
Seat 1: fc3f28a5 (big blind) showed [Ts Ks] and won ($3.22) with Pair of Tens
Seat 3: c6bce445 showed [Ah 5h] and lost with Pair of Fives
Seat 4: 456715a4 folded before Flop (didn't bet)
Seat 5: 51a6e447 (button) folded before Flop (didn't bet)
Seat 6: Hero (small blind) folded before Flop


Poker Hand #HD1818512331: Hold'em No Limit ($0.05/$0.1) - 2024/06/16 22:16:18
Table 'NLHRed25' 6-max Seat #4 is the button
Seat 1: fc3f28a5 ($12.32 in chips)
Seat 3: c6bce445 ($6.02 in chips)
Seat 4: 456715a4 ($10.33 in chips)
Seat 5: 51a6e447 ($10 in chips)
Seat 6: Hero ($21.6 in chips)
51a6e447: posts small blind $0.05
Hero: posts big blind $0.1
*** HOLE CARDS ***
Dealt to fc3f28a5 
Dealt to c6bce445 
Dealt to 456715a4 
Dealt to 51a6e447 
Dealt to Hero [Jd 7s]
fc3f28a5: raises $0.12 to $0.22
c6bce445: folds
456715a4: folds
51a6e447: folds
Hero: folds
Uncalled bet ($0.12) returned to fc3f28a5
*** SHOWDOWN ***
fc3f28a5 collected $0.25 from pot
*** SUMMARY ***
Total pot $0.25 | Rake $0 | Jackpot $0 | Bingo $0 | Fortune $0 | Tax $0
Seat 1: fc3f28a5 collected ($0.25)
Seat 3: c6bce445 folded before Flop (didn't bet)
Seat 4: 456715a4 (button) folded before Flop (didn't bet)
Seat 5: 51a6e447 (small blind) folded before Flop
Seat 6: Hero (big blind) folded before Flop


Poker Hand #HD1818512289: Hold'em No Limit ($0.05/$0.1) - 2024/06/16 22:15:51
Table 'NLHRed25' 6-max Seat #3 is the button
Seat 1: fc3f28a5 ($12.32 in chips)
Seat 3: c6bce445 ($6.02 in chips)
Seat 4: 456715a4 ($10.05 in chips)
Seat 5: 51a6e447 ($10 in chips)
Seat 6: Hero ($21.8 in chips)
456715a4: posts small blind $0.05
51a6e447: posts big blind $0.1
*** HOLE CARDS ***
Dealt to fc3f28a5 
Dealt to c6bce445 
Dealt to 456715a4 
Dealt to 51a6e447 
Dealt to Hero [Jd Ac]
Hero: raises $0.1 to $0.2
fc3f28a5: folds
c6bce445: folds
456715a4: raises $0.8 to $1
51a6e447: folds
Hero: folds
Uncalled bet ($0.8) returned to 456715a4
*** SHOWDOWN ***
456715a4 collected $0.48 from pot
*** SUMMARY ***
Total pot $0.5 | Rake $0.02 | Jackpot $0 | Bingo $0 | Fortune $0 | Tax $0
Seat 1: fc3f28a5 folded before Flop (didn't bet)
Seat 3: c6bce445 (button) folded before Flop (didn't bet)
Seat 4: 456715a4 (small blind) collected ($0.48)
Seat 5: 51a6e447 (big blind) folded before Flop
Seat 6: Hero folded before Flop


Poker Hand #HD1818512265: Hold'em No Limit ($0.05/$0.1) - 2024/06/16 22:15:34
Table 'NLHRed25' 6-max Seat #1 is the button
Seat 1: fc3f28a5 ($12.32 in chips)
Seat 3: c6bce445 ($6.07 in chips)
Seat 4: 456715a4 ($10 in chips)
Seat 5: 51a6e447 ($10 in chips)
Seat 6: Hero ($21.8 in chips)
c6bce445: posts small blind $0.05
456715a4: posts big blind $0.1
*** HOLE CARDS ***
Dealt to fc3f28a5 
Dealt to c6bce445 
Dealt to 456715a4 
Dealt to 51a6e447 
Dealt to Hero [Js 5d]
51a6e447: folds
Hero: folds
fc3f28a5: folds
c6bce445: folds
Uncalled bet ($0.05) returned to 456715a4
*** SHOWDOWN ***
456715a4 collected $0.1 from pot
*** SUMMARY ***
Total pot $0.1 | Rake $0 | Jackpot $0 | Bingo $0 | Fortune $0 | Tax $0
Seat 1: fc3f28a5 (button) folded before Flop (didn't bet)
Seat 3: c6bce445 (small blind) folded before Flop
Seat 4: 456715a4 (big blind) collected ($0.1)
Seat 5: 51a6e447 folded before Flop (didn't bet)
Seat 6: Hero folded before Flop (didn't bet)


Poker Hand #HD1818512191: Hold'em No Limit ($0.05/$0.1) - 2024/06/16 22:14:42
Table 'NLHRed25' 6-max Seat #6 is the button
Seat 1: fc3f28a5 ($12.62 in chips)
Seat 3: c6bce445 ($5.8 in chips)
Seat 5: 51a6e447 ($10 in chips)
Seat 6: Hero ($21.8 in chips)
fc3f28a5: posts small blind $0.05
c6bce445: posts big blind $0.1
*** HOLE CARDS ***
Dealt to fc3f28a5 
Dealt to c6bce445 
Dealt to 51a6e447 
Dealt to Hero [Tc 6d]
51a6e447: folds
Hero: folds
fc3f28a5: raises $0.2 to $0.3
c6bce445: raises $0.6 to $0.9
fc3f28a5: folds
Uncalled bet ($0.6) returned to c6bce445
*** SHOWDOWN ***
c6bce445 collected $0.57 from pot
*** SUMMARY ***
Total pot $0.6 | Rake $0.03 | Jackpot $0 | Bingo $0 | Fortune $0 | Tax $0
Seat 1: fc3f28a5 (small blind) folded before Flop
Seat 3: c6bce445 (big blind) collected ($0.57)
Seat 5: 51a6e447 folded before Flop (didn't bet)
Seat 6: Hero (button) folded before Flop (didn't bet)


Poker Hand #HD1818512170: Hold'em No Limit ($0.05/$0.1) - 2024/06/16 22:14:29
Table 'NLHRed25' 6-max Seat #5 is the button
Seat 1: fc3f28a5 ($12.72 in chips)
Seat 3: c6bce445 ($5.8 in chips)
Seat 5: 51a6e447 ($10 in chips)
Seat 6: Hero ($21.7 in chips)
Hero: posts small blind $0.05
fc3f28a5: posts big blind $0.1
*** HOLE CARDS ***
Dealt to fc3f28a5 
Dealt to c6bce445 
Dealt to 51a6e447 
Dealt to Hero [Jh Qs]
c6bce445: folds
51a6e447: folds
Hero: raises $0.2 to $0.3
fc3f28a5: folds
Uncalled bet ($0.2) returned to Hero
*** SHOWDOWN ***
Hero collected $0.2 from pot
*** SUMMARY ***
Total pot $0.2 | Rake $0 | Jackpot $0 | Bingo $0 | Fortune $0 | Tax $0
Seat 1: fc3f28a5 (big blind) folded before Flop
Seat 3: c6bce445 folded before Flop (didn't bet)
Seat 5: 51a6e447 (button) folded before Flop (didn't bet)
Seat 6: Hero (small blind) collected ($0.2)


Poker Hand #HD1818512155: Hold'em No Limit ($0.05/$0.1) - 2024/06/16 22:14:22
Table 'NLHRed25' 6-max Seat #3 is the button
Seat 1: fc3f28a5 ($12.72 in chips)
Seat 3: c6bce445 ($5.8 in chips)
Seat 5: 51a6e447 ($10 in chips)
Seat 6: Hero ($21.65 in chips)
51a6e447: posts small blind $0.05
Hero: posts big blind $0.1
*** HOLE CARDS ***
Dealt to fc3f28a5 
Dealt to c6bce445 
Dealt to 51a6e447 
Dealt to Hero [Ac Ts]
fc3f28a5: folds
c6bce445: folds
51a6e447: folds
Uncalled bet ($0.05) returned to Hero
*** SHOWDOWN ***
Hero collected $0.1 from pot
*** SUMMARY ***
Total pot $0.1 | Rake $0 | Jackpot $0 | Bingo $0 | Fortune $0 | Tax $0
Seat 1: fc3f28a5 folded before Flop (didn't bet)
Seat 3: c6bce445 (button) folded before Flop (didn't bet)
Seat 5: 51a6e447 (small blind) folded before Flop
Seat 6: Hero (big blind) collected ($0.1)


Poker Hand #HD1818512125: Hold'em No Limit ($0.05/$0.1) - 2024/06/16 22:13:56
Table 'NLHRed25' 6-max Seat #1 is the button
Seat 1: fc3f28a5 ($12.72 in chips)
Seat 2: 852d019d ($10.05 in chips)
Seat 3: c6bce445 ($5.9 in chips)
Seat 5: 51a6e447 ($10 in chips)
Seat 6: Hero ($21.5 in chips)
852d019d: posts small blind $0.05
c6bce445: posts big blind $0.1
*** HOLE CARDS ***
Dealt to fc3f28a5 
Dealt to 852d019d 
Dealt to c6bce445 
Dealt to 51a6e447 
Dealt to Hero [Th As]
51a6e447: folds
Hero: raises $0.14 to $0.24
fc3f28a5: folds
852d019d: folds
c6bce445: folds
Uncalled bet ($0.14) returned to Hero
*** SHOWDOWN ***
Hero collected $0.25 from pot
*** SUMMARY ***
Total pot $0.25 | Rake $0 | Jackpot $0 | Bingo $0 | Fortune $0 | Tax $0
Seat 1: fc3f28a5 (button) folded before Flop (didn't bet)
Seat 2: 852d019d (small blind) folded before Flop
Seat 3: c6bce445 (big blind) folded before Flop
Seat 5: 51a6e447 folded before Flop (didn't bet)
Seat 6: Hero collected ($0.25)


Poker Hand #HD1818512116: Hold'em No Limit ($0.05/$0.1) - 2024/06/16 22:13:48
Table 'NLHRed25' 6-max Seat #6 is the button
Seat 1: fc3f28a5 ($12.77 in chips)
Seat 2: 852d019d ($10 in chips)
Seat 3: c6bce445 ($5.9 in chips)
Seat 5: 51a6e447 ($10 in chips)
Seat 6: Hero ($21.5 in chips)
fc3f28a5: posts small blind $0.05
852d019d: posts big blind $0.1
*** HOLE CARDS ***
Dealt to fc3f28a5 
Dealt to 852d019d 
Dealt to c6bce445 
Dealt to 51a6e447 
Dealt to Hero [8s 7c]
c6bce445: folds
51a6e447: folds
Hero: folds
fc3f28a5: folds
Uncalled bet ($0.05) returned to 852d019d
*** SHOWDOWN ***
852d019d collected $0.1 from pot
*** SUMMARY ***
Total pot $0.1 | Rake $0 | Jackpot $0 | Bingo $0 | Fortune $0 | Tax $0
Seat 1: fc3f28a5 (small blind) folded before Flop
Seat 2: 852d019d (big blind) collected ($0.1)
Seat 3: c6bce445 folded before Flop (didn't bet)
Seat 5: 51a6e447 folded before Flop (didn't bet)
Seat 6: Hero (button) folded before Flop (didn't bet)


Poker Hand #HD1818512095: Hold'em No Limit ($0.05/$0.1) - 2024/06/16 22:13:38
Table 'NLHRed25' 6-max Seat #5 is the button
Seat 1: fc3f28a5 ($12.72 in chips)
Seat 2: 852d019d ($10 in chips)
Seat 3: c6bce445 ($5.9 in chips)
Seat 5: 51a6e447 ($10 in chips)
Seat 6: Hero ($21.55 in chips)
Hero: posts small blind $0.05
fc3f28a5: posts big blind $0.1
*** HOLE CARDS ***
Dealt to fc3f28a5 
Dealt to 852d019d 
Dealt to c6bce445 
Dealt to 51a6e447 
Dealt to Hero [4d Jc]
852d019d: folds
c6bce445: folds
51a6e447: folds
Hero: folds
Uncalled bet ($0.05) returned to fc3f28a5
*** SHOWDOWN ***
fc3f28a5 collected $0.1 from pot
*** SUMMARY ***
Total pot $0.1 | Rake $0 | Jackpot $0 | Bingo $0 | Fortune $0 | Tax $0
Seat 1: fc3f28a5 (big blind) collected ($0.1)
Seat 2: 852d019d folded before Flop (didn't bet)
Seat 3: c6bce445 folded before Flop (didn't bet)
Seat 5: 51a6e447 (button) folded before Flop (didn't bet)
Seat 6: Hero (small blind) folded before Flop


Poker Hand #HD1818511989: Hold'em No Limit ($0.05/$0.1) - 2024/06/16 22:12:33
Table 'NLHRed25' 6-max Seat #3 is the button
Seat 1: fc3f28a5 ($12.72 in chips)
Seat 2: 852d019d ($10 in chips)
Seat 3: c6bce445 ($5.9 in chips)
Seat 4: 7ce3d9c2 ($2.68 in chips)
Seat 5: 51a6e447 ($10 in chips)
Seat 6: Hero ($19.13 in chips)
7ce3d9c2: posts small blind $0.05
51a6e447: posts big blind $0.1
*** HOLE CARDS ***
Dealt to fc3f28a5 
Dealt to 852d019d 
Dealt to c6bce445 
Dealt to 7ce3d9c2 
Dealt to 51a6e447 
Dealt to Hero [Ks Qs]
Hero: raises $0.1 to $0.2
fc3f28a5: folds
852d019d: folds
c6bce445: folds
7ce3d9c2: calls $0.15
51a6e447: folds
*** FLOP *** [7c Tc Kd]
7ce3d9c2: checks
Hero: bets $0.4
7ce3d9c2: calls $0.4
*** TURN *** [7c Tc Kd] [7h]
7ce3d9c2: checks
Hero: bets $0.86
7ce3d9c2: calls $0.86
*** RIVER *** [7c Tc Kd 7h] [Qc]
7ce3d9c2: checks
Hero: bets $1.3
7ce3d9c2: calls $1.22 and is all-in
Uncalled bet ($0.08) returned to Hero
Hero: shows [Ks Qs] (Pair of Kings and Pair of Queens)
7ce3d9c2: shows [Ac Th] (Pair of Tens and Pair of Sevens)
*** SHOWDOWN ***
Hero collected $5.1 from pot
*** SUMMARY ***
Total pot $5.46 | Rake $0.26 | Jackpot $0.1 | Bingo $0 | Fortune $0 | Tax $0
Board [7c Tc Kd 7h Qc]
Seat 1: fc3f28a5 folded before Flop (didn't bet)
Seat 2: 852d019d folded before Flop (didn't bet)
Seat 3: c6bce445 (button) folded before Flop (didn't bet)
Seat 4: 7ce3d9c2 (small blind) showed [Ac Th] and lost with Pair of Tens and Pair of Sevens
Seat 5: 51a6e447 (big blind) folded before Flop
Seat 6: Hero showed [Ks Qs] and won ($5.1) with Pair of Kings and Pair of Queens


Poker Hand #HD1818511858: Hold'em No Limit ($0.05/$0.1) - 2024/06/16 22:11:14
Table 'NLHRed25' 6-max Seat #2 is the button
Seat 1: fc3f28a5 ($12.72 in chips)
Seat 2: 852d019d ($10 in chips)
Seat 3: c6bce445 ($6.1 in chips)
Seat 4: 7ce3d9c2 ($2.5 in chips)
Seat 5: 51a6e447 ($10 in chips)
Seat 6: Hero ($19.13 in chips)
c6bce445: posts small blind $0.05
7ce3d9c2: posts big blind $0.1
*** HOLE CARDS ***
Dealt to fc3f28a5 
Dealt to 852d019d 
Dealt to c6bce445 
Dealt to 7ce3d9c2 
Dealt to 51a6e447 
Dealt to Hero [2d 6d]
51a6e447: folds
Hero: folds
fc3f28a5: folds
852d019d: folds
c6bce445: calls $0.05
7ce3d9c2: checks
*** FLOP *** [4h 3c 8h]
c6bce445: checks
7ce3d9c2: checks
*** TURN *** [4h 3c 8h] [Jh]
c6bce445: checks
7ce3d9c2: bets $0.1
c6bce445: calls $0.1
*** RIVER *** [4h 3c 8h Jh] [Ts]
c6bce445: checks
7ce3d9c2: checks
c6bce445: shows [Ad Ks] (Ace-High)
7ce3d9c2: shows [Jc 7h] (Pair of Jacks)
*** SHOWDOWN ***
7ce3d9c2 collected $0.38 from pot
*** SUMMARY ***
Total pot $0.4 | Rake $0.02 | Jackpot $0 | Bingo $0 | Fortune $0 | Tax $0
Board [4h 3c 8h Jh Ts]
Seat 1: fc3f28a5 folded before Flop (didn't bet)
Seat 2: 852d019d (button) folded before Flop (didn't bet)
Seat 3: c6bce445 (small blind) showed [Ad Ks] and lost with Ace-High
Seat 4: 7ce3d9c2 (big blind) showed [Jc 7h] and won ($0.38) with Pair of Jacks
Seat 5: 51a6e447 folded before Flop (didn't bet)
Seat 6: Hero folded before Flop (didn't bet)


Poker Hand #HD1818511757: Hold'em No Limit ($0.05/$0.1) - 2024/06/16 22:10:11
Table 'NLHRed25' 6-max Seat #1 is the button
Seat 1: fc3f28a5 ($12.72 in chips)
Seat 2: 852d019d ($10.05 in chips)
Seat 3: c6bce445 ($6.2 in chips)
Seat 4: 7ce3d9c2 ($2 in chips)
Seat 5: 51a6e447 ($10 in chips)
Seat 6: Hero ($19.13 in chips)
852d019d: posts small blind $0.05
c6bce445: posts big blind $0.1
7ce3d9c2: posts big blind $0.1
*** HOLE CARDS ***
Dealt to fc3f28a5 
Dealt to 852d019d 
Dealt to c6bce445 
Dealt to 7ce3d9c2 
Dealt to 51a6e447 
Dealt to Hero [Qh 4h]
7ce3d9c2: checks
51a6e447: raises $0.3 to $0.4
Hero: folds
fc3f28a5: folds
852d019d: folds
c6bce445: folds
7ce3d9c2: calls $0.3
*** FLOP *** [2d 9c 2c]
7ce3d9c2: checks
51a6e447: checks
*** TURN *** [2d 9c 2c] [7d]
7ce3d9c2: bets $1.6 and is all-in
51a6e447: folds
Uncalled bet ($1.6) returned to 7ce3d9c2
*** SHOWDOWN ***
7ce3d9c2 collected $0.9 from pot
*** SUMMARY ***
Total pot $0.95 | Rake $0.05 | Jackpot $0 | Bingo $0 | Fortune $0 | Tax $0
Board [2d 9c 2c 7d]
Seat 1: fc3f28a5 (button) folded before Flop (didn't bet)
Seat 2: 852d019d (small blind) folded before Flop
Seat 3: c6bce445 (big blind) folded before Flop
Seat 4: 7ce3d9c2 won ($0.9)
Seat 5: 51a6e447 folded on the Turn
Seat 6: Hero folded before Flop (didn't bet)


Poker Hand #HD1818511721: Hold'em No Limit ($0.05/$0.1) - 2024/06/16 22:09:51
Table 'NLHRed25' 6-max Seat #6 is the button
Seat 1: fc3f28a5 ($12.77 in chips)
Seat 2: 852d019d ($10 in chips)
Seat 3: c6bce445 ($6.2 in chips)
Seat 5: 51a6e447 ($10 in chips)
Seat 6: Hero ($19.13 in chips)
fc3f28a5: posts small blind $0.05
852d019d: posts big blind $0.1
*** HOLE CARDS ***
Dealt to fc3f28a5 
Dealt to 852d019d 
Dealt to c6bce445 
Dealt to 51a6e447 
Dealt to Hero [2c 9d]
c6bce445: folds
51a6e447: folds
Hero: folds
fc3f28a5: folds
Uncalled bet ($0.05) returned to 852d019d
*** SHOWDOWN ***
852d019d collected $0.1 from pot
*** SUMMARY ***
Total pot $0.1 | Rake $0 | Jackpot $0 | Bingo $0 | Fortune $0 | Tax $0
Seat 1: fc3f28a5 (small blind) folded before Flop
Seat 2: 852d019d (big blind) collected ($0.1)
Seat 3: c6bce445 folded before Flop (didn't bet)
Seat 5: 51a6e447 folded before Flop (didn't bet)
Seat 6: Hero (button) folded before Flop (didn't bet)


Poker Hand #HD1818511701: Hold'em No Limit ($0.05/$0.1) - 2024/06/16 22:09:42
Table 'NLHRed25' 6-max Seat #5 is the button
Seat 1: fc3f28a5 ($12.72 in chips)
Seat 3: c6bce445 ($6.2 in chips)
Seat 5: 51a6e447 ($10 in chips)
Seat 6: Hero ($19.18 in chips)
Hero: posts small blind $0.05
fc3f28a5: posts big blind $0.1
*** HOLE CARDS ***
Dealt to fc3f28a5 
Dealt to c6bce445 
Dealt to 51a6e447 
Dealt to Hero [2s Js]
c6bce445: folds
51a6e447: folds
Hero: folds
Uncalled bet ($0.05) returned to fc3f28a5
*** SHOWDOWN ***
fc3f28a5 collected $0.1 from pot
*** SUMMARY ***
Total pot $0.1 | Rake $0 | Jackpot $0 | Bingo $0 | Fortune $0 | Tax $0
Seat 1: fc3f28a5 (big blind) collected ($0.1)
Seat 3: c6bce445 folded before Flop (didn't bet)
Seat 5: 51a6e447 (button) folded before Flop (didn't bet)
Seat 6: Hero (small blind) folded before Flop


Poker Hand #HD1818511663: Hold'em No Limit ($0.05/$0.1) - 2024/06/16 22:09:21
Table 'NLHRed25' 6-max Seat #3 is the button
Seat 1: fc3f28a5 ($12.72 in chips)
Seat 3: c6bce445 ($6.05 in chips)
Seat 4: 2e1232a5 ($10.05 in chips)
Seat 5: 51a6e447 ($10 in chips)
Seat 6: Hero ($19.18 in chips)
2e1232a5: posts small blind $0.05
51a6e447: posts big blind $0.1
*** HOLE CARDS ***
Dealt to fc3f28a5 
Dealt to c6bce445 
Dealt to 2e1232a5 
Dealt to 51a6e447 
Dealt to Hero [3c 8s]
Hero: folds
fc3f28a5: folds
c6bce445: raises $0.15 to $0.25
2e1232a5: folds
51a6e447: folds
Uncalled bet ($0.15) returned to c6bce445
*** SHOWDOWN ***
c6bce445 collected $0.25 from pot
*** SUMMARY ***
Total pot $0.25 | Rake $0 | Jackpot $0 | Bingo $0 | Fortune $0 | Tax $0
Seat 1: fc3f28a5 folded before Flop (didn't bet)
Seat 3: c6bce445 (button) collected ($0.25)
Seat 4: 2e1232a5 (small blind) folded before Flop
Seat 5: 51a6e447 (big blind) folded before Flop
Seat 6: Hero folded before Flop (didn't bet)


Poker Hand #HD1818511641: Hold'em No Limit ($0.05/$0.1) - 2024/06/16 22:09:08
Table 'NLHRed25' 6-max Seat #1 is the button
Seat 1: fc3f28a5 ($12.72 in chips)
Seat 3: c6bce445 ($6.1 in chips)
Seat 4: 2e1232a5 ($10 in chips)
Seat 6: Hero ($19.18 in chips)
c6bce445: posts small blind $0.05
2e1232a5: posts big blind $0.1
*** HOLE CARDS ***
Dealt to fc3f28a5 
Dealt to c6bce445 
Dealt to 2e1232a5 
Dealt to Hero [2c 8s]
Hero: folds
fc3f28a5: folds
c6bce445: folds
Uncalled bet ($0.05) returned to 2e1232a5
*** SHOWDOWN ***
2e1232a5 collected $0.1 from pot
*** SUMMARY ***
Total pot $0.1 | Rake $0 | Jackpot $0 | Bingo $0 | Fortune $0 | Tax $0
Seat 1: fc3f28a5 (button) folded before Flop (didn't bet)
Seat 3: c6bce445 (small blind) folded before Flop
Seat 4: 2e1232a5 (big blind) collected ($0.1)
Seat 6: Hero folded before Flop (didn't bet)


Poker Hand #HD1818511552: Hold'em No Limit ($0.05/$0.1) - 2024/06/16 22:08:11
Table 'NLHRed25' 6-max Seat #6 is the button
Seat 1: fc3f28a5 ($10.97 in chips)
Seat 2: 18af6483 ($2.04 in chips)
Seat 3: c6bce445 ($6.1 in chips)
Seat 6: Hero ($19.18 in chips)
fc3f28a5: posts small blind $0.05
18af6483: posts big blind $0.1
*** HOLE CARDS ***
Dealt to fc3f28a5 
Dealt to 18af6483 
Dealt to c6bce445 
Dealt to Hero [Jd 5s]
c6bce445: folds
Hero: folds
fc3f28a5: raises $0.2 to $0.3
18af6483: calls $0.2
*** FLOP *** [7s 5h 3s]
fc3f28a5: bets $0.45
18af6483: raises $1.29 to $1.74 and is all-in
fc3f28a5: calls $1.29
18af6483: shows [4s 4h] (Pair of Fours)
fc3f28a5: shows [6d 5d] (Pair of Fives)
*** TURN *** [7s 5h 3s] [Ac]
*** RIVER *** [7s 5h 3s Ac] [Jc]
*** SHOWDOWN ***
fc3f28a5 collected $3.79 from pot
*** SUMMARY ***
Total pot $4.08 | Rake $0.19 | Jackpot $0.1 | Bingo $0 | Fortune $0 | Tax $0
Board [7s 5h 3s Ac Jc]
Seat 1: fc3f28a5 (small blind) showed [6d 5d] and won ($3.79) with Pair of Fives
Seat 2: 18af6483 (big blind) showed [4s 4h] and lost with Pair of Fours
Seat 3: c6bce445 folded before Flop (didn't bet)
Seat 6: Hero (button) folded before Flop (didn't bet)


Poker Hand #HD1818511474: Hold'em No Limit ($0.05/$0.1) - 2024/06/16 22:07:23
Table 'NLHRed25' 6-max Seat #3 is the button
Seat 1: fc3f28a5 ($10.97 in chips)
Seat 2: 18af6483 ($1.85 in chips)
Seat 3: c6bce445 ($6.1 in chips)
Seat 4: 832852ea ($10.23 in chips)
Seat 6: Hero ($19.28 in chips)
832852ea: posts small blind $0.05
Hero: posts big blind $0.1
*** HOLE CARDS ***
Dealt to fc3f28a5 
Dealt to 18af6483 
Dealt to c6bce445 
Dealt to 832852ea 
Dealt to Hero [Qc 4d]
fc3f28a5: folds
18af6483: calls $0.1
c6bce445: folds
832852ea: calls $0.05
Hero: checks
*** FLOP *** [Jd 6c 2s]
832852ea: checks
Hero: checks
18af6483: bets $0.23
832852ea: folds
Hero: folds
Uncalled bet ($0.23) returned to 18af6483
*** SHOWDOWN ***
18af6483 collected $0.29 from pot
*** SUMMARY ***
Total pot $0.3 | Rake $0.01 | Jackpot $0 | Bingo $0 | Fortune $0 | Tax $0
Board [Jd 6c 2s]
Seat 1: fc3f28a5 folded before Flop (didn't bet)
Seat 2: 18af6483 won ($0.29)
Seat 3: c6bce445 (button) folded before Flop (didn't bet)
Seat 4: 832852ea (small blind) folded on the Flop
Seat 6: Hero (big blind) folded on the Flop


Poker Hand #HD1818511380: Hold'em No Limit ($0.05/$0.1) - 2024/06/16 22:06:30
Table 'NLHRed25' 6-max Seat #2 is the button
Seat 1: fc3f28a5 ($10.97 in chips)
Seat 2: 18af6483 ($1.85 in chips)
Seat 3: c6bce445 ($6.15 in chips)
Seat 4: 832852ea ($10 in chips)
Seat 5: ab2431fc ($11.42 in chips)
Seat 6: Hero ($19.48 in chips)
c6bce445: posts small blind $0.05
832852ea: posts big blind $0.1
*** HOLE CARDS ***
Dealt to fc3f28a5 
Dealt to 18af6483 
Dealt to c6bce445 
Dealt to 832852ea 
Dealt to ab2431fc 
Dealt to Hero [Ah 5h]
ab2431fc: folds
Hero: raises $0.1 to $0.2
fc3f28a5: folds
18af6483: folds
c6bce445: folds
832852ea: calls $0.1
*** FLOP *** [7d Js Qh]
832852ea: checks
Hero: checks
*** TURN *** [7d Js Qh] [Qc]
832852ea: bets $0.3
Hero: folds
Uncalled bet ($0.3) returned to 832852ea
*** SHOWDOWN ***
832852ea collected $0.43 from pot
*** SUMMARY ***
Total pot $0.45 | Rake $0.02 | Jackpot $0 | Bingo $0 | Fortune $0 | Tax $0
Board [7d Js Qh Qc]
Seat 1: fc3f28a5 folded before Flop (didn't bet)
Seat 2: 18af6483 (button) folded before Flop (didn't bet)
Seat 3: c6bce445 (small blind) folded before Flop
Seat 4: 832852ea (big blind) won ($0.43)
Seat 5: ab2431fc folded before Flop (didn't bet)
Seat 6: Hero folded on the Turn


Poker Hand #HD1818511171: Hold'em No Limit ($0.05/$0.1) - 2024/06/16 22:04:20
Table 'NLHRed25' 6-max Seat #1 is the button
Seat 1: fc3f28a5 ($9.55 in chips)
Seat 2: 18af6483 ($1.9 in chips)
Seat 3: c6bce445 ($6.25 in chips)
Seat 4: 832852ea ($10 in chips)
Seat 5: ab2431fc ($11.42 in chips)
Seat 6: Hero ($19.48 in chips)
18af6483: posts small blind $0.05
c6bce445: posts big blind $0.1
*** HOLE CARDS ***
Dealt to fc3f28a5 
Dealt to 18af6483 
Dealt to c6bce445 
Dealt to 832852ea 
Dealt to ab2431fc 
Dealt to Hero [4d 4h]
832852ea: calls $0.1
ab2431fc: folds
Hero: folds
fc3f28a5: raises $0.18 to $0.28
18af6483: folds
c6bce445: folds
832852ea: calls $0.18
*** FLOP *** [6h 2c Ah]
832852ea: checks
fc3f28a5: bets $0.24
832852ea: calls $0.24
*** TURN *** [6h 2c Ah] [9c]
832852ea: checks
fc3f28a5: bets $0.9
832852ea: calls $0.9
*** RIVER *** [6h 2c Ah 9c] [4s]
832852ea: checks
fc3f28a5: bets $2.99
832852ea: folds
Uncalled bet ($2.99) returned to fc3f28a5
*** SHOWDOWN ***
fc3f28a5 collected $2.84 from pot
*** SUMMARY ***
Total pot $2.99 | Rake $0.15 | Jackpot $0 | Bingo $0 | Fortune $0 | Tax $0
Board [6h 2c Ah 9c 4s]
Seat 1: fc3f28a5 (button) won ($2.84)
Seat 2: 18af6483 (small blind) folded before Flop
Seat 3: c6bce445 (big blind) folded before Flop
Seat 4: 832852ea folded on the River
Seat 5: ab2431fc folded before Flop (didn't bet)
Seat 6: Hero folded before Flop (didn't bet)


Poker Hand #HD1818510996: Hold'em No Limit ($0.05/$0.1) - 2024/06/16 22:02:31
Table 'NLHRed25' 6-max Seat #6 is the button
Seat 1: fc3f28a5 ($9.6 in chips)
Seat 2: 18af6483 ($2 in chips)
Seat 3: c6bce445 ($6.25 in chips)
Seat 4: 832852ea ($10.38 in chips)
Seat 5: ab2431fc ($10 in chips)
Seat 6: Hero ($19.48 in chips)
fc3f28a5: posts small blind $0.05
18af6483: posts big blind $0.1
*** HOLE CARDS ***
Dealt to fc3f28a5 
Dealt to 18af6483 
Dealt to c6bce445 
Dealt to 832852ea 
Dealt to ab2431fc 
Dealt to Hero [Kd Qs]
c6bce445: folds
832852ea: calls $0.1
ab2431fc: raises $0.3 to $0.4
Hero: folds
fc3f28a5: folds
18af6483: folds
832852ea: calls $0.3
*** FLOP *** [3c 3h 6d]
832852ea: checks
ab2431fc: bets $0.32
832852ea: raises $0.8 to $1.12
ab2431fc: raises $0.8 to $1.92
832852ea: folds
Uncalled bet ($0.8) returned to ab2431fc
*** SHOWDOWN ***
ab2431fc collected $2.94 from pot
*** SUMMARY ***
Total pot $3.19 | Rake $0.15 | Jackpot $0.1 | Bingo $0 | Fortune $0 | Tax $0
Board [3c 3h 6d]
Seat 1: fc3f28a5 (small blind) folded before Flop
Seat 2: 18af6483 (big blind) folded before Flop
Seat 3: c6bce445 folded before Flop (didn't bet)
Seat 4: 832852ea folded on the Flop
Seat 5: ab2431fc won ($2.94)
Seat 6: Hero (button) folded before Flop (didn't bet)


Poker Hand #HD1818510905: Hold'em No Limit ($0.05/$0.1) - 2024/06/16 22:01:36
Table 'NLHRed25' 6-max Seat #5 is the button
Seat 1: fc3f28a5 ($9.7 in chips)
Seat 3: c6bce445 ($6.25 in chips)
Seat 4: 832852ea ($10.38 in chips)
Seat 5: ab2431fc ($10 in chips)
Seat 6: Hero ($17.65 in chips)
Hero: posts small blind $0.05
fc3f28a5: posts big blind $0.1
*** HOLE CARDS ***
Dealt to fc3f28a5 
Dealt to c6bce445 
Dealt to 832852ea 
Dealt to ab2431fc 
Dealt to Hero [4c Ac]
c6bce445: folds
832852ea: folds
ab2431fc: raises $0.15 to $0.25
Hero: raises $0.95 to $1.2
fc3f28a5: folds
ab2431fc: calls $0.95
*** FLOP *** [3h 6s Qc]
Hero: bets $0.83
ab2431fc: calls $0.83
*** TURN *** [3h 6s Qc] [2c]
Hero: bets $2.6
ab2431fc: folds
Uncalled bet ($2.6) returned to Hero
*** SHOWDOWN ***
Hero collected $3.86 from pot
*** SUMMARY ***
Total pot $4.16 | Rake $0.2 | Jackpot $0.1 | Bingo $0 | Fortune $0 | Tax $0
Board [3h 6s Qc 2c]
Seat 1: fc3f28a5 (big blind) folded before Flop
Seat 3: c6bce445 folded before Flop (didn't bet)
Seat 4: 832852ea folded before Flop (didn't bet)
Seat 5: ab2431fc (button) folded on the Turn
Seat 6: Hero (small blind) won ($3.86)


Poker Hand #HD1818510885: Hold'em No Limit ($0.05/$0.1) - 2024/06/16 22:01:22
Table 'NLHRed25' 6-max Seat #4 is the button
Seat 1: fc3f28a5 ($9.7 in chips)
Seat 3: c6bce445 ($6.25 in chips)
Seat 4: 832852ea ($10.23 in chips)
Seat 5: ab2431fc ($10 in chips)
Seat 6: Hero ($17.75 in chips)
ab2431fc: posts small blind $0.05
Hero: posts big blind $0.1
*** HOLE CARDS ***
Dealt to fc3f28a5 
Dealt to c6bce445 
Dealt to 832852ea 
Dealt to ab2431fc 
Dealt to Hero [4h Ad]
fc3f28a5: folds
c6bce445: folds
832852ea: raises $0.1 to $0.2
ab2431fc: folds
Hero: folds
Uncalled bet ($0.1) returned to 832852ea
*** SHOWDOWN ***
832852ea collected $0.25 from pot
*** SUMMARY ***
Total pot $0.25 | Rake $0 | Jackpot $0 | Bingo $0 | Fortune $0 | Tax $0
Seat 1: fc3f28a5 folded before Flop (didn't bet)
Seat 3: c6bce445 folded before Flop (didn't bet)
Seat 4: 832852ea (button) collected ($0.25)
Seat 5: ab2431fc (small blind) folded before Flop
Seat 6: Hero (big blind) folded before Flop


Poker Hand #HD1818510846: Hold'em No Limit ($0.05/$0.1) - 2024/06/16 22:00:57
Table 'NLHRed25' 6-max Seat #3 is the button
Seat 1: fc3f28a5 ($9.7 in chips)
Seat 3: c6bce445 ($6.1 in chips)
Seat 4: 832852ea ($10.28 in chips)
Seat 5: ab2431fc ($10 in chips)
Seat 6: Hero ($17.75 in chips)
832852ea: posts small blind $0.05
ab2431fc: posts big blind $0.1
*** HOLE CARDS ***
Dealt to fc3f28a5 
Dealt to c6bce445 
Dealt to 832852ea 
Dealt to ab2431fc 
Dealt to Hero [2h 4d]
Hero: folds
fc3f28a5: folds
c6bce445: raises $0.15 to $0.25
832852ea: folds
ab2431fc: folds
Uncalled bet ($0.15) returned to c6bce445
*** SHOWDOWN ***
c6bce445 collected $0.25 from pot
*** SUMMARY ***
Total pot $0.25 | Rake $0 | Jackpot $0 | Bingo $0 | Fortune $0 | Tax $0
Seat 1: fc3f28a5 folded before Flop (didn't bet)
Seat 3: c6bce445 (button) collected ($0.25)
Seat 4: 832852ea (small blind) folded before Flop
Seat 5: ab2431fc (big blind) folded before Flop
Seat 6: Hero folded before Flop (didn't bet)


Poker Hand #HD1818510731: Hold'em No Limit ($0.05/$0.1) - 2024/06/16 21:59:53
Table 'NLHRed25' 6-max Seat #1 is the button
Seat 1: fc3f28a5 ($9.7 in chips)
Seat 3: c6bce445 ($6.15 in chips)
Seat 4: 832852ea ($10.38 in chips)
Seat 5: ab2431fc ($10 in chips)
Seat 6: Hero ($15.63 in chips)
c6bce445: posts small blind $0.05
832852ea: posts big blind $0.1
*** HOLE CARDS ***
Dealt to fc3f28a5 
Dealt to c6bce445 
Dealt to 832852ea 
Dealt to ab2431fc 
Dealt to Hero [Kc Ad]
ab2431fc: raises $0.2 to $0.3
Hero: raises $0.6 to $0.9
fc3f28a5: folds
c6bce445: folds
832852ea: folds
ab2431fc: raises $1.4 to $2.3
Hero: raises $13.33 to $15.63 and is all-in
ab2431fc: folds
Uncalled bet ($13.33) returned to Hero
*** SHOWDOWN ***
Hero collected $4.42 from pot
*** SUMMARY ***
Total pot $4.75 | Rake $0.23 | Jackpot $0.1 | Bingo $0 | Fortune $0 | Tax $0
Seat 1: fc3f28a5 (button) folded before Flop (didn't bet)
Seat 3: c6bce445 (small blind) folded before Flop
Seat 4: 832852ea (big blind) folded before Flop
Seat 5: ab2431fc folded before Flop
Seat 6: Hero collected ($4.42)


Poker Hand #HD1818510683: Hold'em No Limit ($0.05/$0.1) - 2024/06/16 21:59:21
Table 'NLHRed25' 6-max Seat #6 is the button
Seat 1: fc3f28a5 ($9.75 in chips)
Seat 3: c6bce445 ($6.25 in chips)
Seat 4: 832852ea ($10.38 in chips)
Seat 5: ab2431fc ($10 in chips)
Seat 6: Hero ($15.48 in chips)
fc3f28a5: posts small blind $0.05
c6bce445: posts big blind $0.1
*** HOLE CARDS ***
Dealt to fc3f28a5 
Dealt to c6bce445 
Dealt to 832852ea 
Dealt to ab2431fc 
Dealt to Hero [Jc Ks]
832852ea: folds
ab2431fc: folds
Hero: raises $0.14 to $0.24
fc3f28a5: folds
c6bce445: folds
Uncalled bet ($0.14) returned to Hero
*** SHOWDOWN ***
Hero collected $0.25 from pot
*** SUMMARY ***
Total pot $0.25 | Rake $0 | Jackpot $0 | Bingo $0 | Fortune $0 | Tax $0
Seat 1: fc3f28a5 (small blind) folded before Flop
Seat 3: c6bce445 (big blind) folded before Flop
Seat 4: 832852ea folded before Flop (didn't bet)
Seat 5: ab2431fc folded before Flop (didn't bet)
Seat 6: Hero (button) collected ($0.25)


Poker Hand #HD1818510617: Hold'em No Limit ($0.05/$0.1) - 2024/06/16 21:58:51
Table 'NLHRed25' 6-max Seat #5 is the button
Seat 1: fc3f28a5 ($9.85 in chips)
Seat 2: 32b284e5 ($16.69 in chips)
Seat 3: c6bce445 ($6.25 in chips)
Seat 4: 832852ea ($10.38 in chips)
Seat 5: ab2431fc ($10 in chips)
Seat 6: Hero ($15.53 in chips)
Hero: posts small blind $0.05
fc3f28a5: posts big blind $0.1
*** HOLE CARDS ***
Dealt to fc3f28a5 
Dealt to 32b284e5 
Dealt to c6bce445 
Dealt to 832852ea 
Dealt to ab2431fc 
Dealt to Hero [2c Qc]
32b284e5: raises $0.2 to $0.3
c6bce445: folds
832852ea: folds
ab2431fc: folds
Hero: folds
fc3f28a5: folds
Uncalled bet ($0.2) returned to 32b284e5
*** SHOWDOWN ***
32b284e5 collected $0.25 from pot
*** SUMMARY ***
Total pot $0.25 | Rake $0 | Jackpot $0 | Bingo $0 | Fortune $0 | Tax $0
Seat 1: fc3f28a5 (big blind) folded before Flop
Seat 2: 32b284e5 collected ($0.25)
Seat 3: c6bce445 folded before Flop (didn't bet)
Seat 4: 832852ea folded before Flop (didn't bet)
Seat 5: ab2431fc (button) folded before Flop (didn't bet)
Seat 6: Hero (small blind) folded before Flop


Poker Hand #HD1818510549: Hold'em No Limit ($0.05/$0.1) - 2024/06/16 21:58:13
Table 'NLHRed25' 6-max Seat #4 is the button
Seat 1: fc3f28a5 ($9.85 in chips)
Seat 2: 32b284e5 ($16.69 in chips)
Seat 3: c6bce445 ($6.25 in chips)
Seat 4: 832852ea ($10.58 in chips)
Seat 5: ab2431fc ($10 in chips)
Seat 6: Hero ($15.3 in chips)
ab2431fc: posts small blind $0.05
Hero: posts big blind $0.1
*** HOLE CARDS ***
Dealt to fc3f28a5 
Dealt to 32b284e5 
Dealt to c6bce445 
Dealt to 832852ea 
Dealt to ab2431fc 
Dealt to Hero [4c Ac]
fc3f28a5: folds
32b284e5: folds
c6bce445: folds
832852ea: raises $0.1 to $0.2
ab2431fc: folds
Hero: calls $0.1
*** FLOP *** [8d 5c 5h]
Hero: checks
832852ea: checks
*** TURN *** [8d 5c 5h] [2d]
Hero: bets $0.3
832852ea: folds
Uncalled bet ($0.3) returned to Hero
*** SHOWDOWN ***
Hero collected $0.43 from pot
*** SUMMARY ***
Total pot $0.45 | Rake $0.02 | Jackpot $0 | Bingo $0 | Fortune $0 | Tax $0
Board [8d 5c 5h 2d]
Seat 1: fc3f28a5 folded before Flop (didn't bet)
Seat 2: 32b284e5 folded before Flop (didn't bet)
Seat 3: c6bce445 folded before Flop (didn't bet)
Seat 4: 832852ea (button) folded on the Turn
Seat 5: ab2431fc (small blind) folded before Flop
Seat 6: Hero (big blind) won ($0.43)


Poker Hand #HD1818510439: Hold'em No Limit ($0.05/$0.1) - 2024/06/16 21:57:15
Table 'NLHRed25' 6-max Seat #3 is the button
Seat 1: fc3f28a5 ($9.85 in chips)
Seat 2: 32b284e5 ($16.69 in chips)
Seat 3: c6bce445 ($6.25 in chips)
Seat 4: 832852ea ($10.78 in chips)
Seat 5: ab2431fc ($10 in chips)
Seat 6: Hero ($15.02 in chips)
832852ea: posts small blind $0.05
ab2431fc: posts big blind $0.1
*** HOLE CARDS ***
Dealt to fc3f28a5 
Dealt to 32b284e5 
Dealt to c6bce445 
Dealt to 832852ea 
Dealt to ab2431fc 
Dealt to Hero [7h 7s]
Hero: raises $0.1 to $0.2
fc3f28a5: folds
32b284e5: folds
c6bce445: folds
832852ea: calls $0.15
ab2431fc: folds
*** FLOP *** [7c Jd Ts]
832852ea: checks
Hero: bets $0.3
832852ea: folds
Uncalled bet ($0.3) returned to Hero
*** SHOWDOWN ***
Hero collected $0.48 from pot
*** SUMMARY ***
Total pot $0.5 | Rake $0.02 | Jackpot $0 | Bingo $0 | Fortune $0 | Tax $0
Board [7c Jd Ts]
Seat 1: fc3f28a5 folded before Flop (didn't bet)
Seat 2: 32b284e5 folded before Flop (didn't bet)
Seat 3: c6bce445 (button) folded before Flop (didn't bet)
Seat 4: 832852ea (small blind) folded on the Flop
Seat 5: ab2431fc (big blind) folded before Flop
Seat 6: Hero won ($0.48)


Poker Hand #HD1818510323: Hold'em No Limit ($0.05/$0.1) - 2024/06/16 21:56:12
Table 'NLHRed25' 6-max Seat #2 is the button
Seat 1: fc3f28a5 ($9.85 in chips)
Seat 2: 32b284e5 ($16.69 in chips)
Seat 3: c6bce445 ($6.5 in chips)
Seat 4: 832852ea ($10.55 in chips)
Seat 5: ab2431fc ($10 in chips)
Seat 6: Hero ($15.02 in chips)
c6bce445: posts small blind $0.05
832852ea: posts big blind $0.1
*** HOLE CARDS ***
Dealt to fc3f28a5 
Dealt to 32b284e5 
Dealt to c6bce445 
Dealt to 832852ea 
Dealt to ab2431fc 
Dealt to Hero [Kh 4d]
ab2431fc: folds
Hero: folds
fc3f28a5: folds
32b284e5: folds
c6bce445: raises $0.15 to $0.25
832852ea: calls $0.15
*** FLOP *** [Ts 8d Ah]
c6bce445: checks
832852ea: bets $0.3
c6bce445: folds
Uncalled bet ($0.3) returned to 832852ea
*** SHOWDOWN ***
832852ea collected $0.48 from pot
*** SUMMARY ***
Total pot $0.5 | Rake $0.02 | Jackpot $0 | Bingo $0 | Fortune $0 | Tax $0
Board [Ts 8d Ah]
Seat 1: fc3f28a5 folded before Flop (didn't bet)
Seat 2: 32b284e5 (button) folded before Flop (didn't bet)
Seat 3: c6bce445 (small blind) folded on the Flop
Seat 4: 832852ea (big blind) won ($0.48)
Seat 5: ab2431fc folded before Flop (didn't bet)
Seat 6: Hero folded before Flop (didn't bet)


Poker Hand #HD1818510234: Hold'em No Limit ($0.05/$0.1) - 2024/06/16 21:55:19
Table 'NLHRed25' 6-max Seat #1 is the button
Seat 1: fc3f28a5 ($9.85 in chips)
Seat 2: 32b284e5 ($16.74 in chips)
Seat 3: c6bce445 ($6.18 in chips)
Seat 4: 832852ea ($10.55 in chips)
Seat 5: ab2431fc ($10.15 in chips)
Seat 6: Hero ($15.02 in chips)
32b284e5: posts small blind $0.05
c6bce445: posts big blind $0.1
*** HOLE CARDS ***
Dealt to fc3f28a5 
Dealt to 32b284e5 
Dealt to c6bce445 
Dealt to 832852ea 
Dealt to ab2431fc 
Dealt to Hero [Js 6d]
832852ea: folds
ab2431fc: raises $0.2 to $0.3
Hero: folds
fc3f28a5: folds
32b284e5: folds
c6bce445: raises $0.8 to $1.1
ab2431fc: folds
Uncalled bet ($0.8) returned to c6bce445
*** SHOWDOWN ***
c6bce445 collected $0.62 from pot
*** SUMMARY ***
Total pot $0.65 | Rake $0.03 | Jackpot $0 | Bingo $0 | Fortune $0 | Tax $0
Seat 1: fc3f28a5 (button) folded before Flop (didn't bet)
Seat 2: 32b284e5 (small blind) folded before Flop
Seat 3: c6bce445 (big blind) collected ($0.62)
Seat 4: 832852ea folded before Flop (didn't bet)
Seat 5: ab2431fc folded before Flop
Seat 6: Hero folded before Flop (didn't bet)


Poker Hand #HD1818510193: Hold'em No Limit ($0.05/$0.1) - 2024/06/16 21:54:54
Table 'NLHRed25' 6-max Seat #6 is the button
Seat 1: fc3f28a5 ($9.9 in chips)
Seat 2: 32b284e5 ($16.84 in chips)
Seat 3: c6bce445 ($6.03 in chips)
Seat 4: 832852ea ($10.55 in chips)
Seat 5: ab2431fc ($10.15 in chips)
Seat 6: Hero ($15.02 in chips)
fc3f28a5: posts small blind $0.05
32b284e5: posts big blind $0.1
*** HOLE CARDS ***
Dealt to fc3f28a5 
Dealt to 32b284e5 
Dealt to c6bce445 
Dealt to 832852ea 
Dealt to ab2431fc 
Dealt to Hero [2s Ts]
c6bce445: raises $0.15 to $0.25
832852ea: folds
ab2431fc: folds
Hero: folds
fc3f28a5: folds
32b284e5: folds
Uncalled bet ($0.15) returned to c6bce445
*** SHOWDOWN ***
c6bce445 collected $0.25 from pot
*** SUMMARY ***
Total pot $0.25 | Rake $0 | Jackpot $0 | Bingo $0 | Fortune $0 | Tax $0
Seat 1: fc3f28a5 (small blind) folded before Flop
Seat 2: 32b284e5 (big blind) folded before Flop
Seat 3: c6bce445 collected ($0.25)
Seat 4: 832852ea folded before Flop (didn't bet)
Seat 5: ab2431fc folded before Flop (didn't bet)
Seat 6: Hero (button) folded before Flop (didn't bet)


Poker Hand #HD1818510147: Hold'em No Limit ($0.05/$0.1) - 2024/06/16 21:54:30
Table 'NLHRed25' 6-max Seat #5 is the button
Seat 1: fc3f28a5 ($10 in chips)
Seat 2: 32b284e5 ($16.84 in chips)
Seat 3: c6bce445 ($6.03 in chips)
Seat 4: 832852ea ($10.55 in chips)
Seat 5: ab2431fc ($10 in chips)
Seat 6: Hero ($15.07 in chips)
Hero: posts small blind $0.05
fc3f28a5: posts big blind $0.1
*** HOLE CARDS ***
Dealt to fc3f28a5 
Dealt to 32b284e5 
Dealt to c6bce445 
Dealt to 832852ea 
Dealt to ab2431fc 
Dealt to Hero [Jd 9s]
32b284e5: folds
c6bce445: folds
832852ea: folds
ab2431fc: raises $0.15 to $0.25
Hero: folds
fc3f28a5: folds
Uncalled bet ($0.15) returned to ab2431fc
*** SHOWDOWN ***
ab2431fc collected $0.25 from pot
*** SUMMARY ***
Total pot $0.25 | Rake $0 | Jackpot $0 | Bingo $0 | Fortune $0 | Tax $0
Seat 1: fc3f28a5 (big blind) folded before Flop
Seat 2: 32b284e5 folded before Flop (didn't bet)
Seat 3: c6bce445 folded before Flop (didn't bet)
Seat 4: 832852ea folded before Flop (didn't bet)
Seat 5: ab2431fc (button) collected ($0.25)
Seat 6: Hero (small blind) folded before Flop


Poker Hand #HD1818510083: Hold'em No Limit ($0.05/$0.1) - 2024/06/16 21:53:56
Table 'NLHRed25' 6-max Seat #4 is the button
Seat 2: 32b284e5 ($17.09 in chips)
Seat 3: c6bce445 ($6.03 in chips)
Seat 4: 832852ea ($10.18 in chips)
Seat 5: ab2431fc ($10 in chips)
Seat 6: Hero ($15.17 in chips)
ab2431fc: posts small blind $0.05
Hero: posts big blind $0.1
*** HOLE CARDS ***
Dealt to 32b284e5 
Dealt to c6bce445 
Dealt to 832852ea 
Dealt to ab2431fc 
Dealt to Hero [9c 2d]
32b284e5: raises $0.15 to $0.25
c6bce445: folds
832852ea: calls $0.25
ab2431fc: folds
Hero: folds
*** FLOP *** [6c 6d Qc]
32b284e5: checks
832852ea: bets $0.4
32b284e5: folds
Uncalled bet ($0.4) returned to 832852ea
*** SHOWDOWN ***
832852ea collected $0.62 from pot
*** SUMMARY ***
Total pot $0.65 | Rake $0.03 | Jackpot $0 | Bingo $0 | Fortune $0 | Tax $0
Board [6c 6d Qc]
Seat 2: 32b284e5 folded on the Flop
Seat 3: c6bce445 folded before Flop (didn't bet)
Seat 4: 832852ea (button) won ($0.62)
Seat 5: ab2431fc (small blind) folded before Flop
Seat 6: Hero (big blind) folded before Flop


Poker Hand #HD1818510044: Hold'em No Limit ($0.05/$0.1) - 2024/06/16 21:53:34
Table 'NLHRed25' 6-max Seat #3 is the button
Seat 2: 32b284e5 ($16.94 in chips)
Seat 3: c6bce445 ($6.03 in chips)
Seat 4: 832852ea ($10.23 in chips)
Seat 5: ab2431fc ($10 in chips)
Seat 6: Hero ($15.17 in chips)
832852ea: posts small blind $0.05
ab2431fc: posts big blind $0.1
*** HOLE CARDS ***
Dealt to 32b284e5 
Dealt to c6bce445 
Dealt to 832852ea 
Dealt to ab2431fc 
Dealt to Hero [9c 4s]
Hero: folds
32b284e5: raises $0.1 to $0.2
c6bce445: folds
832852ea: folds
ab2431fc: folds
Uncalled bet ($0.1) returned to 32b284e5
*** SHOWDOWN ***
32b284e5 collected $0.25 from pot
*** SUMMARY ***
Total pot $0.25 | Rake $0 | Jackpot $0 | Bingo $0 | Fortune $0 | Tax $0
Seat 2: 32b284e5 collected ($0.25)
Seat 3: c6bce445 (button) folded before Flop (didn't bet)
Seat 4: 832852ea (small blind) folded before Flop
Seat 5: ab2431fc (big blind) folded before Flop
Seat 6: Hero folded before Flop (didn't bet)


Poker Hand #HD1818509972: Hold'em No Limit ($0.05/$0.1) - 2024/06/16 21:53:00
Table 'NLHRed25' 6-max Seat #2 is the button
Seat 2: 32b284e5 ($16.94 in chips)
Seat 3: c6bce445 ($6.08 in chips)
Seat 4: 832852ea ($10.33 in chips)
Seat 5: ab2431fc ($10 in chips)
Seat 6: Hero ($15.02 in chips)
c6bce445: posts small blind $0.05
832852ea: posts big blind $0.1
*** HOLE CARDS ***
Dealt to 32b284e5 
Dealt to c6bce445 
Dealt to 832852ea 
Dealt to ab2431fc 
Dealt to Hero [Ad Td]
ab2431fc: folds
Hero: raises $0.1 to $0.2
32b284e5: folds
c6bce445: folds
832852ea: folds
Uncalled bet ($0.1) returned to Hero
*** SHOWDOWN ***
Hero collected $0.25 from pot
*** SUMMARY ***
Total pot $0.25 | Rake $0 | Jackpot $0 | Bingo $0 | Fortune $0 | Tax $0
Seat 2: 32b284e5 (button) folded before Flop (didn't bet)
Seat 3: c6bce445 (small blind) folded before Flop
Seat 4: 832852ea (big blind) folded before Flop
Seat 5: ab2431fc folded before Flop (didn't bet)
Seat 6: Hero collected ($0.25)


Poker Hand #HD1818509813: Hold'em No Limit ($0.05/$0.1) - 2024/06/16 21:51:44
Table 'NLHRed25' 6-max Seat #6 is the button
Seat 2: 32b284e5 ($16.99 in chips)
Seat 3: c6bce445 ($5.57 in chips)
Seat 4: 832852ea ($10.33 in chips)
Seat 5: ab2431fc ($10 in chips)
Seat 6: Hero ($15.53 in chips)
32b284e5: posts small blind $0.05
c6bce445: posts big blind $0.1
*** HOLE CARDS ***
Dealt to 32b284e5 
Dealt to c6bce445 
Dealt to 832852ea 
Dealt to ab2431fc 
Dealt to Hero [Jh Kh]
832852ea: folds
ab2431fc: folds
Hero: raises $0.14 to $0.24
32b284e5: folds
c6bce445: calls $0.14
*** FLOP *** [Th 8s 2d]
c6bce445: checks
Hero: checks
*** TURN *** [Th 8s 2d] [Qd]
c6bce445: bets $0.27
Hero: calls $0.27
*** RIVER *** [Th 8s 2d Qd] [2c]
c6bce445: bets $0.54
Hero: folds
Uncalled bet ($0.54) returned to c6bce445
*** SHOWDOWN ***
c6bce445 collected $1.02 from pot
*** SUMMARY ***
Total pot $1.07 | Rake $0.05 | Jackpot $0 | Bingo $0 | Fortune $0 | Tax $0
Board [Th 8s 2d Qd 2c]
Seat 2: 32b284e5 (small blind) folded before Flop
Seat 3: c6bce445 (big blind) won ($1.02)
Seat 4: 832852ea folded before Flop (didn't bet)
Seat 5: ab2431fc folded before Flop (didn't bet)
Seat 6: Hero (button) folded on the River


Poker Hand #HD1818509765: Hold'em No Limit ($0.05/$0.1) - 2024/06/16 21:51:20
Table 'NLHRed25' 6-max Seat #5 is the button
Seat 2: 32b284e5 ($16.94 in chips)
Seat 3: c6bce445 ($5.57 in chips)
Seat 4: 832852ea ($10.33 in chips)
Seat 5: ab2431fc ($10 in chips)
Seat 6: Hero ($15.58 in chips)
Hero: posts small blind $0.05
32b284e5: posts big blind $0.1
*** HOLE CARDS ***
Dealt to 32b284e5 
Dealt to c6bce445 
Dealt to 832852ea 
Dealt to ab2431fc 
Dealt to Hero [8c 3s]
c6bce445: folds
832852ea: folds
ab2431fc: folds
Hero: folds
Uncalled bet ($0.05) returned to 32b284e5
*** SHOWDOWN ***
32b284e5 collected $0.1 from pot
*** SUMMARY ***
Total pot $0.1 | Rake $0 | Jackpot $0 | Bingo $0 | Fortune $0 | Tax $0
Seat 2: 32b284e5 (big blind) collected ($0.1)
Seat 3: c6bce445 folded before Flop (didn't bet)
Seat 4: 832852ea folded before Flop (didn't bet)
Seat 5: ab2431fc (button) folded before Flop (didn't bet)
Seat 6: Hero (small blind) folded before Flop


Poker Hand #HD1818509734: Hold'em No Limit ($0.05/$0.1) - 2024/06/16 21:51:02
Table 'NLHRed25' 6-max Seat #4 is the button
Seat 2: 32b284e5 ($16.94 in chips)
Seat 3: c6bce445 ($5.57 in chips)
Seat 4: 832852ea ($10.18 in chips)
Seat 5: ab2431fc ($10 in chips)
Seat 6: Hero ($15.68 in chips)
ab2431fc: posts small blind $0.05
Hero: posts big blind $0.1
*** HOLE CARDS ***
Dealt to 32b284e5 
Dealt to c6bce445 
Dealt to 832852ea 
Dealt to ab2431fc 
Dealt to Hero [8d 3h]
32b284e5: folds
c6bce445: folds
832852ea: raises $0.1 to $0.2
ab2431fc: folds
Hero: folds
Uncalled bet ($0.1) returned to 832852ea
*** SHOWDOWN ***
832852ea collected $0.25 from pot
*** SUMMARY ***
Total pot $0.25 | Rake $0 | Jackpot $0 | Bingo $0 | Fortune $0 | Tax $0
Seat 2: 32b284e5 folded before Flop (didn't bet)
Seat 3: c6bce445 folded before Flop (didn't bet)
Seat 4: 832852ea (button) collected ($0.25)
Seat 5: ab2431fc (small blind) folded before Flop
Seat 6: Hero (big blind) folded before Flop


Poker Hand #HD1818509681: Hold'em No Limit ($0.05/$0.1) - 2024/06/16 21:50:39
Table 'NLHRed25' 6-max Seat #3 is the button
Seat 2: 32b284e5 ($16.94 in chips)
Seat 3: c6bce445 ($5.42 in chips)
Seat 4: 832852ea ($10.23 in chips)
Seat 5: ab2431fc ($10 in chips)
Seat 6: Hero ($15.68 in chips)
832852ea: posts small blind $0.05
ab2431fc: posts big blind $0.1
*** HOLE CARDS ***
Dealt to 32b284e5 
Dealt to c6bce445 
Dealt to 832852ea 
Dealt to ab2431fc 
Dealt to Hero [Tc 9s]
Hero: folds
32b284e5: folds
c6bce445: raises $0.15 to $0.25
832852ea: folds
ab2431fc: folds
Uncalled bet ($0.15) returned to c6bce445
*** SHOWDOWN ***
c6bce445 collected $0.25 from pot
*** SUMMARY ***
Total pot $0.25 | Rake $0 | Jackpot $0 | Bingo $0 | Fortune $0 | Tax $0
Seat 2: 32b284e5 folded before Flop (didn't bet)
Seat 3: c6bce445 (button) collected ($0.25)
Seat 4: 832852ea (small blind) folded before Flop
Seat 5: ab2431fc (big blind) folded before Flop
Seat 6: Hero folded before Flop (didn't bet)


Poker Hand #HD1818509639: Hold'em No Limit ($0.05/$0.1) - 2024/06/16 21:50:17
Table 'NLHRed25' 6-max Seat #2 is the button
Seat 2: 32b284e5 ($16.79 in chips)
Seat 3: c6bce445 ($5.47 in chips)
Seat 4: 832852ea ($10.33 in chips)
Seat 5: ab2431fc ($10 in chips)
Seat 6: Hero ($15.68 in chips)
c6bce445: posts small blind $0.05
832852ea: posts big blind $0.1
*** HOLE CARDS ***
Dealt to 32b284e5 
Dealt to c6bce445 
Dealt to 832852ea 
Dealt to ab2431fc 
Dealt to Hero [Jc 6c]
ab2431fc: folds
Hero: folds
32b284e5: raises $0.2 to $0.3
c6bce445: folds
832852ea: folds
Uncalled bet ($0.2) returned to 32b284e5
*** SHOWDOWN ***
32b284e5 collected $0.25 from pot
*** SUMMARY ***
Total pot $0.25 | Rake $0 | Jackpot $0 | Bingo $0 | Fortune $0 | Tax $0
Seat 2: 32b284e5 (button) collected ($0.25)
Seat 3: c6bce445 (small blind) folded before Flop
Seat 4: 832852ea (big blind) folded before Flop
Seat 5: ab2431fc folded before Flop (didn't bet)
Seat 6: Hero folded before Flop (didn't bet)


Poker Hand #HD1818509529: Hold'em No Limit ($0.05/$0.1) - 2024/06/16 21:49:25
Table 'NLHRed25' 6-max Seat #6 is the button
Seat 2: 32b284e5 ($16.25 in chips)
Seat 3: c6bce445 ($6.07 in chips)
Seat 4: 832852ea ($10.33 in chips)
Seat 5: ab2431fc ($10 in chips)
Seat 6: Hero ($15.68 in chips)
32b284e5: posts small blind $0.05
c6bce445: posts big blind $0.1
*** HOLE CARDS ***
Dealt to 32b284e5 
Dealt to c6bce445 
Dealt to 832852ea 
Dealt to ab2431fc 
Dealt to Hero [9d 3d]
832852ea: folds
ab2431fc: folds
Hero: folds
32b284e5: raises $0.2 to $0.3
c6bce445: calls $0.2
*** FLOP *** [7c Ad As]
32b284e5: bets $0.3
c6bce445: calls $0.3
*** TURN *** [7c Ad As] [Ts]
32b284e5: checks
c6bce445: checks
*** RIVER *** [7c Ad As Ts] [3c]
32b284e5: bets $1.1
c6bce445: folds
Uncalled bet ($1.1) returned to 32b284e5
*** SHOWDOWN ***
32b284e5 collected $1.14 from pot
*** SUMMARY ***
Total pot $1.2 | Rake $0.06 | Jackpot $0 | Bingo $0 | Fortune $0 | Tax $0
Board [7c Ad As Ts 3c]
Seat 2: 32b284e5 (small blind) won ($1.14)
Seat 3: c6bce445 (big blind) folded on the River
Seat 4: 832852ea folded before Flop (didn't bet)
Seat 5: ab2431fc folded before Flop (didn't bet)
Seat 6: Hero (button) folded before Flop (didn't bet)


Poker Hand #HD1818509453: Hold'em No Limit ($0.05/$0.1) - 2024/06/16 21:48:47
Table 'NLHRed25' 6-max Seat #5 is the button
Seat 2: 32b284e5 ($16.35 in chips)
Seat 3: c6bce445 ($6.07 in chips)
Seat 4: 832852ea ($10.33 in chips)
Seat 5: ab2431fc ($10.21 in chips)
Seat 6: Hero ($15.36 in chips)
Hero: posts small blind $0.05
32b284e5: posts big blind $0.1
*** HOLE CARDS ***
Dealt to 32b284e5 
Dealt to c6bce445 
Dealt to 832852ea 
Dealt to ab2431fc 
Dealt to Hero [Jc Ks]
c6bce445: folds
832852ea: folds
ab2431fc: raises $0.15 to $0.25
Hero: raises $0.85 to $1.1
32b284e5: folds
ab2431fc: folds
Uncalled bet ($0.85) returned to Hero
*** SHOWDOWN ***
Hero collected $0.57 from pot
*** SUMMARY ***
Total pot $0.6 | Rake $0.03 | Jackpot $0 | Bingo $0 | Fortune $0 | Tax $0
Seat 2: 32b284e5 (big blind) folded before Flop
Seat 3: c6bce445 folded before Flop (didn't bet)
Seat 4: 832852ea folded before Flop (didn't bet)
Seat 5: ab2431fc (button) folded before Flop
Seat 6: Hero (small blind) collected ($0.57)


Poker Hand #HD1818509395: Hold'em No Limit ($0.05/$0.1) - 2024/06/16 21:48:20
Table 'NLHRed25' 6-max Seat #4 is the button
Seat 2: 32b284e5 ($16.2 in chips)
Seat 3: c6bce445 ($6.07 in chips)
Seat 4: 832852ea ($10.33 in chips)
Seat 5: ab2431fc ($10.26 in chips)
Seat 6: Hero ($15.46 in chips)
ab2431fc: posts small blind $0.05
Hero: posts big blind $0.1
*** HOLE CARDS ***
Dealt to 32b284e5 
Dealt to c6bce445 
Dealt to 832852ea 
Dealt to ab2431fc 
Dealt to Hero [8c 9h]
32b284e5: raises $0.15 to $0.25
c6bce445: folds
832852ea: folds
ab2431fc: folds
Hero: folds
Uncalled bet ($0.15) returned to 32b284e5
*** SHOWDOWN ***
32b284e5 collected $0.25 from pot
*** SUMMARY ***
Total pot $0.25 | Rake $0 | Jackpot $0 | Bingo $0 | Fortune $0 | Tax $0
Seat 2: 32b284e5 collected ($0.25)
Seat 3: c6bce445 folded before Flop (didn't bet)
Seat 4: 832852ea (button) folded before Flop (didn't bet)
Seat 5: ab2431fc (small blind) folded before Flop
Seat 6: Hero (big blind) folded before Flop


Poker Hand #HD1818509341: Hold'em No Limit ($0.05/$0.1) - 2024/06/16 21:47:49
Table 'NLHRed25' 6-max Seat #3 is the button
Seat 2: 32b284e5 ($16.43 in chips)
Seat 3: c6bce445 ($6.07 in chips)
Seat 4: 832852ea ($10.38 in chips)
Seat 5: ab2431fc ($10 in chips)
Seat 6: Hero ($15.46 in chips)
832852ea: posts small blind $0.05
ab2431fc: posts big blind $0.1
*** HOLE CARDS ***
Dealt to 32b284e5 
Dealt to c6bce445 
Dealt to 832852ea 
Dealt to ab2431fc 
Dealt to Hero [Ah 9s]
Hero: folds
32b284e5: raises $0.13 to $0.23
c6bce445: folds
832852ea: folds
ab2431fc: raises $0.77 to $1
32b284e5: folds
Uncalled bet ($0.77) returned to ab2431fc
*** SHOWDOWN ***
ab2431fc collected $0.49 from pot
*** SUMMARY ***
Total pot $0.51 | Rake $0.02 | Jackpot $0 | Bingo $0 | Fortune $0 | Tax $0
Seat 2: 32b284e5 folded before Flop
Seat 3: c6bce445 (button) folded before Flop (didn't bet)
Seat 4: 832852ea (small blind) folded before Flop
Seat 5: ab2431fc (big blind) collected ($0.49)
Seat 6: Hero folded before Flop (didn't bet)


Poker Hand #HD1818509306: Hold'em No Limit ($0.05/$0.1) - 2024/06/16 21:47:31
Table 'NLHRed25' 6-max Seat #2 is the button
Seat 2: 32b284e5 ($16.43 in chips)
Seat 3: c6bce445 ($6.12 in chips)
Seat 4: 832852ea ($10.33 in chips)
Seat 6: Hero ($15.46 in chips)
c6bce445: posts small blind $0.05
832852ea: posts big blind $0.1
*** HOLE CARDS ***
Dealt to 32b284e5 
Dealt to c6bce445 
Dealt to 832852ea 
Dealt to Hero [3c 8s]
Hero: folds
32b284e5: folds
c6bce445: folds
Uncalled bet ($0.05) returned to 832852ea
*** SHOWDOWN ***
832852ea collected $0.1 from pot
*** SUMMARY ***
Total pot $0.1 | Rake $0 | Jackpot $0 | Bingo $0 | Fortune $0 | Tax $0
Seat 2: 32b284e5 (button) folded before Flop (didn't bet)
Seat 3: c6bce445 (small blind) folded before Flop
Seat 4: 832852ea (big blind) collected ($0.1)
Seat 6: Hero folded before Flop (didn't bet)


Poker Hand #HD1818509202: Hold'em No Limit ($0.05/$0.1) - 2024/06/16 21:46:39
Table 'NLHRed25' 6-max Seat #1 is the button
Seat 1: 2f113e1e ($5.14 in chips)
Seat 2: 32b284e5 ($16.48 in chips)
Seat 3: c6bce445 ($6.32 in chips)
Seat 4: 832852ea ($10.33 in chips)
Seat 6: Hero ($15.46 in chips)
32b284e5: posts small blind $0.05
c6bce445: posts big blind $0.1
*** HOLE CARDS ***
Dealt to 2f113e1e 
Dealt to 32b284e5 
Dealt to c6bce445 
Dealt to 832852ea 
Dealt to Hero [2d Ks]
832852ea: folds
Hero: folds
2f113e1e: raises $0.1 to $0.2
32b284e5: folds
c6bce445: calls $0.1
*** FLOP *** [4h 3s 7h]
c6bce445: checks
2f113e1e: checks
*** TURN *** [4h 3s 7h] [Qs]
c6bce445: checks
2f113e1e: checks
*** RIVER *** [4h 3s 7h Qs] [2h]
c6bce445: checks
2f113e1e: checks
c6bce445: shows [6d 8s] (Queen-High)
2f113e1e: shows [Kh 8d] (King-High)
*** SHOWDOWN ***
2f113e1e collected $0.43 from pot
*** SUMMARY ***
Total pot $0.45 | Rake $0.02 | Jackpot $0 | Bingo $0 | Fortune $0 | Tax $0
Board [4h 3s 7h Qs 2h]
Seat 1: 2f113e1e (button) showed [Kh 8d] and won ($0.43) with King-High
Seat 2: 32b284e5 (small blind) folded before Flop
Seat 3: c6bce445 (big blind) showed [6d 8s] and lost with Queen-High
Seat 4: 832852ea folded before Flop (didn't bet)
Seat 6: Hero folded before Flop (didn't bet)


Poker Hand #HD1818509156: Hold'em No Limit ($0.05/$0.1) - 2024/06/16 21:46:22
Table 'NLHRed25' 6-max Seat #6 is the button
Seat 1: 2f113e1e ($5.19 in chips)
Seat 2: 32b284e5 ($16.58 in chips)
Seat 3: c6bce445 ($6.32 in chips)
Seat 4: 832852ea ($10.18 in chips)
Seat 6: Hero ($15.46 in chips)
2f113e1e: posts small blind $0.05
32b284e5: posts big blind $0.1
*** HOLE CARDS ***
Dealt to 2f113e1e 
Dealt to 32b284e5 
Dealt to c6bce445 
Dealt to 832852ea 
Dealt to Hero [4h Jc]
c6bce445: folds
832852ea: raises $0.1 to $0.2
Hero: folds
2f113e1e: folds
32b284e5: folds
Uncalled bet ($0.1) returned to 832852ea
*** SHOWDOWN ***
832852ea collected $0.25 from pot
*** SUMMARY ***
Total pot $0.25 | Rake $0 | Jackpot $0 | Bingo $0 | Fortune $0 | Tax $0
Seat 1: 2f113e1e (small blind) folded before Flop
Seat 2: 32b284e5 (big blind) folded before Flop
Seat 3: c6bce445 folded before Flop (didn't bet)
Seat 4: 832852ea collected ($0.25)
Seat 6: Hero (button) folded before Flop (didn't bet)


Poker Hand #HD1818509138: Hold'em No Limit ($0.05/$0.1) - 2024/06/16 21:46:12
Table 'NLHRed25' 6-max Seat #4 is the button
Seat 1: 2f113e1e ($5.14 in chips)
Seat 2: 32b284e5 ($16.58 in chips)
Seat 3: c6bce445 ($6.32 in chips)
Seat 4: 832852ea ($10.18 in chips)
Seat 6: Hero ($15.51 in chips)
Hero: posts small blind $0.05
2f113e1e: posts big blind $0.1
*** HOLE CARDS ***
Dealt to 2f113e1e 
Dealt to 32b284e5 
Dealt to c6bce445 
Dealt to 832852ea 
Dealt to Hero [Qh 7d]
32b284e5: folds
c6bce445: folds
832852ea: folds
Hero: folds
Uncalled bet ($0.05) returned to 2f113e1e
*** SHOWDOWN ***
2f113e1e collected $0.1 from pot
*** SUMMARY ***
Total pot $0.1 | Rake $0 | Jackpot $0 | Bingo $0 | Fortune $0 | Tax $0
Seat 1: 2f113e1e (big blind) collected ($0.1)
Seat 2: 32b284e5 folded before Flop (didn't bet)
Seat 3: c6bce445 folded before Flop (didn't bet)
Seat 4: 832852ea (button) folded before Flop (didn't bet)
Seat 6: Hero (small blind) folded before Flop


Poker Hand #HD1818508964: Hold'em No Limit ($0.05/$0.1) - 2024/06/16 21:44:47
Table 'NLHRed25' 6-max Seat #3 is the button
Seat 1: 2f113e1e ($4.63 in chips)
Seat 2: 32b284e5 ($17 in chips)
Seat 3: c6bce445 ($6.32 in chips)
Seat 4: 832852ea ($10.23 in chips)
Seat 6: Hero ($15.61 in chips)
832852ea: posts small blind $0.05
Hero: posts big blind $0.1
*** HOLE CARDS ***
Dealt to 2f113e1e 
Dealt to 32b284e5 
Dealt to c6bce445 
Dealt to 832852ea 
Dealt to Hero [4s 9d]
2f113e1e: calls $0.1
32b284e5: raises $0.12 to $0.22
c6bce445: folds
832852ea: folds
Hero: folds
2f113e1e: calls $0.12
*** FLOP *** [9s Ks 5c]
2f113e1e: checks
32b284e5: checks
*** TURN *** [9s Ks 5c] [Qd]
2f113e1e: bets $0.2
32b284e5: calls $0.2
*** RIVER *** [9s Ks 5c Qd] [8s]
2f113e1e: bets $0.5
32b284e5: folds
Uncalled bet ($0.5) returned to 2f113e1e
*** SHOWDOWN ***
2f113e1e collected $0.93 from pot
*** SUMMARY ***
Total pot $0.99 | Rake $0.06 | Jackpot $0 | Bingo $0 | Fortune $0 | Tax $0
Board [9s Ks 5c Qd 8s]
Seat 1: 2f113e1e won ($0.93)
Seat 2: 32b284e5 folded on the River
Seat 3: c6bce445 (button) folded before Flop (didn't bet)
Seat 4: 832852ea (small blind) folded before Flop
Seat 6: Hero (big blind) folded before Flop


Poker Hand #HD1818508876: Hold'em No Limit ($0.05/$0.1) - 2024/06/16 21:44:05
Table 'NLHRed25' 6-max Seat #2 is the button
Seat 1: 2f113e1e ($4.63 in chips)
Seat 2: 32b284e5 ($17 in chips)
Seat 3: c6bce445 ($6.57 in chips)
Seat 4: 832852ea ($10 in chips)
Seat 6: Hero ($15.61 in chips)
c6bce445: posts small blind $0.05
832852ea: posts big blind $0.1
*** HOLE CARDS ***
Dealt to 2f113e1e 
Dealt to 32b284e5 
Dealt to c6bce445 
Dealt to 832852ea 
Dealt to Hero [2h Tc]
Hero: folds
2f113e1e: folds
32b284e5: folds
c6bce445: raises $0.15 to $0.25
832852ea: raises $1.05 to $1.3
c6bce445: folds
Uncalled bet ($1.05) returned to 832852ea
*** SHOWDOWN ***
832852ea collected $0.48 from pot
*** SUMMARY ***
Total pot $0.5 | Rake $0.02 | Jackpot $0 | Bingo $0 | Fortune $0 | Tax $0
Seat 1: 2f113e1e folded before Flop (didn't bet)
Seat 2: 32b284e5 (button) folded before Flop (didn't bet)
Seat 3: c6bce445 (small blind) folded before Flop
Seat 4: 832852ea (big blind) collected ($0.48)
Seat 6: Hero folded before Flop (didn't bet)


Poker Hand #HD1818508733: Hold'em No Limit ($0.05/$0.1) - 2024/06/16 21:42:44
Table 'NLHRed25' 6-max Seat #1 is the button
Seat 1: 2f113e1e ($4.63 in chips)
Seat 2: 32b284e5 ($17.05 in chips)
Seat 3: c6bce445 ($9.78 in chips)
Seat 6: Hero ($12.76 in chips)
32b284e5: posts small blind $0.05
c6bce445: posts big blind $0.1
*** HOLE CARDS ***
Dealt to 2f113e1e 
Dealt to 32b284e5 
Dealt to c6bce445 
Dealt to Hero [Ah Qc]
Hero: raises $0.14 to $0.24
2f113e1e: folds
32b284e5: folds
c6bce445: raises $0.54 to $0.78
Hero: calls $0.54
*** FLOP *** [3h Qd 9h]
c6bce445: bets $0.81
Hero: calls $0.81
*** TURN *** [3h Qd 9h] [Th]
c6bce445: bets $1.62
Hero: calls $1.62
*** RIVER *** [3h Qd 9h Th] [9s]
c6bce445: checks
Hero: checks
c6bce445: shows [As 4s] (Pair of Nines)
Hero: shows [Ah Qc] (Pair of Queens and Pair of Nines)
*** SHOWDOWN ***
Hero collected $6.06 from pot
*** SUMMARY ***
Total pot $6.47 | Rake $0.31 | Jackpot $0.1 | Bingo $0 | Fortune $0 | Tax $0
Board [3h Qd 9h Th 9s]
Seat 1: 2f113e1e (button) folded before Flop (didn't bet)
Seat 2: 32b284e5 (small blind) folded before Flop
Seat 3: c6bce445 (big blind) showed [As 4s] and lost with Pair of Nines
Seat 6: Hero showed [Ah Qc] and won ($6.06) with Pair of Queens and Pair of Nines


Poker Hand #HD1818508618: Hold'em No Limit ($0.05/$0.1) - 2024/06/16 21:41:42
Table 'NLHRed25' 6-max Seat #6 is the button
Seat 1: 2f113e1e ($4.45 in chips)
Seat 2: 32b284e5 ($17.25 in chips)
Seat 3: c6bce445 ($9.78 in chips)
Seat 4: 154a41c9 ($20.81 in chips)
Seat 6: Hero ($12.76 in chips)
2f113e1e: posts small blind $0.05
32b284e5: posts big blind $0.1
*** HOLE CARDS ***
Dealt to 2f113e1e 
Dealt to 32b284e5 
Dealt to c6bce445 
Dealt to 154a41c9 
Dealt to Hero [4h 6d]
c6bce445: folds
154a41c9: folds
Hero: folds
2f113e1e: raises $0.1 to $0.2
32b284e5: calls $0.1
*** FLOP *** [Kd Ac Js]
2f113e1e: checks
32b284e5: checks
*** TURN *** [Kd Ac Js] [6c]
2f113e1e: checks
32b284e5: checks
*** RIVER *** [Kd Ac Js 6c] [As]
2f113e1e: checks
32b284e5: checks
2f113e1e: shows [6h 9h] (Pair of Aces and Pair of Sixes)
32b284e5: shows [8s Ts] (Pair of Aces)
*** SHOWDOWN ***
2f113e1e collected $0.38 from pot
*** SUMMARY ***
Total pot $0.4 | Rake $0.02 | Jackpot $0 | Bingo $0 | Fortune $0 | Tax $0
Board [Kd Ac Js 6c As]
Seat 1: 2f113e1e (small blind) showed [6h 9h] and won ($0.38) with Pair of Aces and Pair of Sixes
Seat 2: 32b284e5 (big blind) showed [8s Ts] and lost with Pair of Aces
Seat 3: c6bce445 folded before Flop (didn't bet)
Seat 4: 154a41c9 folded before Flop (didn't bet)
Seat 6: Hero (button) folded before Flop (didn't bet)


Poker Hand #HD1818508492: Hold'em No Limit ($0.05/$0.1) - 2024/06/16 21:40:32
Table 'NLHRed25' 6-max Seat #4 is the button
Seat 1: 2f113e1e ($4.55 in chips)
Seat 2: 32b284e5 ($16.91 in chips)
Seat 3: c6bce445 ($10 in chips)
Seat 4: 154a41c9 ($20.81 in chips)
Seat 6: Hero ($12.81 in chips)
Hero: posts small blind $0.05
2f113e1e: posts big blind $0.1
c6bce445: posts big blind $0.1
*** HOLE CARDS ***
Dealt to 2f113e1e 
Dealt to 32b284e5 
Dealt to c6bce445 
Dealt to 154a41c9 
Dealt to Hero [5s 2c]
32b284e5: raises $0.12 to $0.22
c6bce445: calls $0.12
154a41c9: folds
Hero: folds
2f113e1e: folds
*** FLOP *** [7s Th Kd]
32b284e5: checks
c6bce445: checks
*** TURN *** [7s Th Kd] [3h]
32b284e5: checks
c6bce445: checks
*** RIVER *** [7s Th Kd 3h] [Jc]
32b284e5: checks
c6bce445: checks
32b284e5: shows [7c 6c] (Pair of Sevens)
c6bce445: shows [Ac 5h] (Ace-High)
*** SHOWDOWN ***
32b284e5 collected $0.56 from pot
*** SUMMARY ***
Total pot $0.59 | Rake $0.03 | Jackpot $0 | Bingo $0 | Fortune $0 | Tax $0
Board [7s Th Kd 3h Jc]
Seat 1: 2f113e1e (big blind) folded before Flop
Seat 2: 32b284e5 showed [7c 6c] and won ($0.56) with Pair of Sevens
Seat 3: c6bce445 showed [Ac 5h] and lost with Ace-High
Seat 4: 154a41c9 (button) folded before Flop (didn't bet)
Seat 6: Hero (small blind) folded before Flop


Poker Hand #HD1818508375: Hold'em No Limit ($0.05/$0.1) - 2024/06/16 21:39:28
Table 'NLHRed25' 6-max Seat #2 is the button
Seat 1: 2f113e1e ($4.55 in chips)
Seat 2: 32b284e5 ($10.28 in chips)
Seat 4: 154a41c9 ($20.86 in chips)
Seat 5: 62478d4d ($7.41 in chips)
Seat 6: Hero ($12.81 in chips)
154a41c9: posts small blind $0.05
62478d4d: posts big blind $0.1
*** HOLE CARDS ***
Dealt to 2f113e1e 
Dealt to 32b284e5 
Dealt to 154a41c9 
Dealt to 62478d4d 
Dealt to Hero [7s 6c]
Hero: folds
2f113e1e: folds
32b284e5: raises $0.2 to $0.3
154a41c9: folds
62478d4d: calls $0.2
*** FLOP *** [8s Jd 9d]
62478d4d: checks
32b284e5: bets $0.33
62478d4d: raises $0.99 to $1.32
32b284e5: calls $0.99
*** TURN *** [8s Jd 9d] [7c]
62478d4d: bets $2.47
32b284e5: raises $6.19 to $8.66 and is all-in
62478d4d: calls $3.32 and is all-in
Uncalled bet ($2.87) returned to 32b284e5
32b284e5: shows [Tc Ac] (Jacks-High Straight)
62478d4d: shows [9s 8c] (Pair of Nines and Pair of Eights)
*** RIVER *** [8s Jd 9d 7c] [6h]
*** SHOWDOWN ***
32b284e5 collected $14.04 from pot
*** SUMMARY ***
Total pot $14.87 | Rake $0.73 | Jackpot $0.1 | Bingo $0 | Fortune $0 | Tax $0
Board [8s Jd 9d 7c 6h]
Seat 1: 2f113e1e folded before Flop (didn't bet)
Seat 2: 32b284e5 (button) showed [Tc Ac] and won ($14.04) with Jacks-High Straight
Seat 4: 154a41c9 (small blind) folded before Flop
Seat 5: 62478d4d (big blind) showed [9s 8c] and lost with Pair of Nines and Pair of Eights
Seat 6: Hero folded before Flop (didn't bet)


Poker Hand #HD1818508293: Hold'em No Limit ($0.05/$0.1) - 2024/06/16 21:38:47
Table 'NLHRed25' 6-max Seat #1 is the button
Seat 1: 2f113e1e ($4.55 in chips)
Seat 2: 32b284e5 ($10.33 in chips)
Seat 4: 154a41c9 ($20.72 in chips)
Seat 5: 62478d4d ($7.51 in chips)
Seat 6: Hero ($12.81 in chips)
32b284e5: posts small blind $0.05
154a41c9: posts big blind $0.1
*** HOLE CARDS ***
Dealt to 2f113e1e 
Dealt to 32b284e5 
Dealt to 154a41c9 
Dealt to 62478d4d 
Dealt to Hero [9c 5d]
62478d4d: calls $0.1
Hero: folds
2f113e1e: folds
32b284e5: folds
154a41c9: checks
*** FLOP *** [Qd 6c Kh]
154a41c9: checks
62478d4d: checks
*** TURN *** [Qd 6c Kh] [Td]
154a41c9: checks
62478d4d: checks
*** RIVER *** [Qd 6c Kh Td] [Th]
154a41c9: bets $0.15
62478d4d: folds
Uncalled bet ($0.15) returned to 154a41c9
*** SHOWDOWN ***
154a41c9 collected $0.24 from pot
*** SUMMARY ***
Total pot $0.25 | Rake $0.01 | Jackpot $0 | Bingo $0 | Fortune $0 | Tax $0
Board [Qd 6c Kh Td Th]
Seat 1: 2f113e1e (button) folded before Flop (didn't bet)
Seat 2: 32b284e5 (small blind) folded before Flop
Seat 4: 154a41c9 (big blind) won ($0.24)
Seat 5: 62478d4d folded on the River
Seat 6: Hero folded before Flop (didn't bet)


Poker Hand #HD1818508229: Hold'em No Limit ($0.05/$0.1) - 2024/06/16 21:38:14
Table 'NLHRed25' 6-max Seat #6 is the button
Seat 1: 2f113e1e ($4.37 in chips)
Seat 2: 32b284e5 ($10.53 in chips)
Seat 3: 5a24b6a9 ($15.31 in chips)
Seat 4: 154a41c9 ($20.72 in chips)
Seat 5: 62478d4d ($7.51 in chips)
Seat 6: Hero ($12.81 in chips)
2f113e1e: posts small blind $0.05
32b284e5: posts big blind $0.1
*** HOLE CARDS ***
Dealt to 2f113e1e 
Dealt to 32b284e5 
Dealt to 5a24b6a9 
Dealt to 154a41c9 
Dealt to 62478d4d 
Dealt to Hero [7s Qc]
5a24b6a9: folds
154a41c9: folds
62478d4d: folds
Hero: folds
2f113e1e: raises $0.1 to $0.2
32b284e5: calls $0.1
*** FLOP *** [2d 6c 4s]
2f113e1e: checks
32b284e5: checks
*** TURN *** [2d 6c 4s] [8h]
2f113e1e: bets $0.14
32b284e5: folds
Uncalled bet ($0.14) returned to 2f113e1e
*** SHOWDOWN ***
2f113e1e collected $0.38 from pot
*** SUMMARY ***
Total pot $0.4 | Rake $0.02 | Jackpot $0 | Bingo $0 | Fortune $0 | Tax $0
Board [2d 6c 4s 8h]
Seat 1: 2f113e1e (small blind) won ($0.38)
Seat 2: 32b284e5 (big blind) folded on the Turn
Seat 3: 5a24b6a9 folded before Flop (didn't bet)
Seat 4: 154a41c9 folded before Flop (didn't bet)
Seat 5: 62478d4d folded before Flop (didn't bet)
Seat 6: Hero (button) folded before Flop (didn't bet)


Poker Hand #HD1818508203: Hold'em No Limit ($0.05/$0.1) - 2024/06/16 21:37:52
Table 'NLHRed25' 6-max Seat #5 is the button
Seat 1: 2f113e1e ($4.47 in chips)
Seat 2: 32b284e5 ($10.53 in chips)
Seat 3: 5a24b6a9 ($15.31 in chips)
Seat 4: 154a41c9 ($20.97 in chips)
Seat 5: 62478d4d ($7.14 in chips)
Seat 6: Hero ($12.86 in chips)
Hero: posts small blind $0.05
2f113e1e: posts big blind $0.1
*** HOLE CARDS ***
Dealt to 2f113e1e 
Dealt to 32b284e5 
Dealt to 5a24b6a9 
Dealt to 154a41c9 
Dealt to 62478d4d 
Dealt to Hero [8c Qs]
32b284e5: folds
5a24b6a9: folds
154a41c9: raises $0.15 to $0.25
62478d4d: raises $0.49 to $0.74
Hero: folds
2f113e1e: folds
154a41c9: folds
Uncalled bet ($0.49) returned to 62478d4d
*** SHOWDOWN ***
62478d4d collected $0.62 from pot
*** SUMMARY ***
Total pot $0.65 | Rake $0.03 | Jackpot $0 | Bingo $0 | Fortune $0 | Tax $0
Seat 1: 2f113e1e (big blind) folded before Flop
Seat 2: 32b284e5 folded before Flop (didn't bet)
Seat 3: 5a24b6a9 folded before Flop (didn't bet)
Seat 4: 154a41c9 folded before Flop
Seat 5: 62478d4d (button) collected ($0.62)
Seat 6: Hero (small blind) folded before Flop


Poker Hand #HD1818508078: Hold'em No Limit ($0.05/$0.1) - 2024/06/16 21:36:43
Table 'NLHRed25' 6-max Seat #4 is the button
Seat 1: 2f113e1e ($4.47 in chips)
Seat 2: 32b284e5 ($10.53 in chips)
Seat 3: 5a24b6a9 ($15.31 in chips)
Seat 4: 154a41c9 ($22.12 in chips)
Seat 5: 62478d4d ($7.19 in chips)
Seat 6: Hero ($11.77 in chips)
62478d4d: posts small blind $0.05
Hero: posts big blind $0.1
*** HOLE CARDS ***
Dealt to 2f113e1e 
Dealt to 32b284e5 
Dealt to 5a24b6a9 
Dealt to 154a41c9 
Dealt to 62478d4d 
Dealt to Hero [Js Tc]
2f113e1e: folds
32b284e5: folds
5a24b6a9: folds
154a41c9: raises $0.15 to $0.25
62478d4d: folds
Hero: calls $0.15
*** FLOP *** [Jc 6s 7d]
Hero: bets $0.2
154a41c9: calls $0.2
*** TURN *** [Jc 6s 7d] [9s]
Hero: bets $0.7
154a41c9: calls $0.7
*** RIVER *** [Jc 6s 7d 9s] [Kh]
Hero: checks
154a41c9: checks
Hero: shows [Js Tc] (Pair of Jacks)
154a41c9: shows [Qs As] (Ace-High)
*** SHOWDOWN ***
Hero collected $2.24 from pot
*** SUMMARY ***
Total pot $2.35 | Rake $0.11 | Jackpot $0 | Bingo $0 | Fortune $0 | Tax $0
Board [Jc 6s 7d 9s Kh]
Seat 1: 2f113e1e folded before Flop (didn't bet)
Seat 2: 32b284e5 folded before Flop (didn't bet)
Seat 3: 5a24b6a9 folded before Flop (didn't bet)
Seat 4: 154a41c9 (button) showed [Qs As] and lost with Ace-High
Seat 5: 62478d4d (small blind) folded before Flop
Seat 6: Hero (big blind) showed [Js Tc] and won ($2.24) with Pair of Jacks


Poker Hand #HD1818507985: Hold'em No Limit ($0.05/$0.1) - 2024/06/16 21:35:50
Table 'NLHRed25' 6-max Seat #3 is the button
Seat 1: 2f113e1e ($3.04 in chips)
Seat 2: 32b284e5 ($10.53 in chips)
Seat 3: 5a24b6a9 ($15.31 in chips)
Seat 4: 154a41c9 ($22.17 in chips)
Seat 5: 62478d4d ($8.86 in chips)
Seat 6: Hero ($11.77 in chips)
154a41c9: posts small blind $0.05
62478d4d: posts big blind $0.1
*** HOLE CARDS ***
Dealt to 2f113e1e 
Dealt to 32b284e5 
Dealt to 5a24b6a9 
Dealt to 154a41c9 
Dealt to 62478d4d 
Dealt to Hero [9c Kd]
Hero: folds
2f113e1e: raises $0.1 to $0.2
32b284e5: folds
5a24b6a9: folds
154a41c9: folds
62478d4d: calls $0.1
*** FLOP *** [6s 5d 5h]
62478d4d: checks
2f113e1e: checks
*** TURN *** [6s 5d 5h] [Jh]
62478d4d: bets $0.45
2f113e1e: calls $0.45
*** RIVER *** [6s 5d 5h Jh] [5s]
62478d4d: bets $1.02
2f113e1e: calls $1.02
62478d4d: shows [7h Qh] (Three Fives)
2f113e1e: shows [Jc 7c] (Fives Full over Jacks)
*** SHOWDOWN ***
2f113e1e collected $3.1 from pot
*** SUMMARY ***
Total pot $3.39 | Rake $0.19 | Jackpot $0.1 | Bingo $0 | Fortune $0 | Tax $0
Board [6s 5d 5h Jh 5s]
Seat 1: 2f113e1e showed [Jc 7c] and won ($3.1) with Fives Full over Jacks
Seat 2: 32b284e5 folded before Flop (didn't bet)
Seat 3: 5a24b6a9 (button) folded before Flop (didn't bet)
Seat 4: 154a41c9 (small blind) folded before Flop
Seat 5: 62478d4d (big blind) showed [7h Qh] and lost with Three Fives
Seat 6: Hero folded before Flop (didn't bet)


Poker Hand #HD1818507901: Hold'em No Limit ($0.05/$0.1) - 2024/06/16 21:35:05
Table 'NLHRed25' 6-max Seat #2 is the button
Seat 1: 2f113e1e ($3.04 in chips)
Seat 2: 32b284e5 ($10.53 in chips)
Seat 3: 5a24b6a9 ($15.36 in chips)
Seat 4: 154a41c9 ($23.63 in chips)
Seat 5: 62478d4d ($7.49 in chips)
Seat 6: Hero ($11.77 in chips)
5a24b6a9: posts small blind $0.05
154a41c9: posts big blind $0.1
*** HOLE CARDS ***
Dealt to 2f113e1e 
Dealt to 32b284e5 
Dealt to 5a24b6a9 
Dealt to 154a41c9 
Dealt to 62478d4d 
Dealt to Hero [4s Qh]
62478d4d: raises $0.2 to $0.3
Hero: folds
2f113e1e: folds
32b284e5: folds
5a24b6a9: folds
154a41c9: calls $0.2
*** FLOP *** [7d Qd 3c]
154a41c9: checks
62478d4d: bets $0.36
154a41c9: calls $0.36
*** TURN *** [7d Qd 3c] [6c]
154a41c9: checks
62478d4d: checks
*** RIVER *** [7d Qd 3c 6c] [5h]
154a41c9: bets $0.8
62478d4d: calls $0.8
154a41c9: shows [Tc 9c] (Queen-High)
62478d4d: shows [7s Ad] (Pair of Sevens)
*** SHOWDOWN ***
62478d4d collected $2.83 from pot
*** SUMMARY ***
Total pot $2.97 | Rake $0.14 | Jackpot $0 | Bingo $0 | Fortune $0 | Tax $0
Board [7d Qd 3c 6c 5h]
Seat 1: 2f113e1e folded before Flop (didn't bet)
Seat 2: 32b284e5 (button) folded before Flop (didn't bet)
Seat 3: 5a24b6a9 (small blind) folded before Flop
Seat 4: 154a41c9 (big blind) showed [Tc 9c] and lost with Queen-High
Seat 5: 62478d4d showed [7s Ad] and won ($2.83) with Pair of Sevens
Seat 6: Hero folded before Flop (didn't bet)


Poker Hand #HD1818507726: Hold'em No Limit ($0.05/$0.1) - 2024/06/16 21:33:34
Table 'NLHRed25' 6-max Seat #1 is the button
Seat 1: 2f113e1e ($2.9 in chips)
Seat 2: 32b284e5 ($10.58 in chips)
Seat 3: 5a24b6a9 ($15.46 in chips)
Seat 4: 154a41c9 ($23.63 in chips)
Seat 5: 62478d4d ($7.49 in chips)
Seat 6: Hero ($11.77 in chips)
32b284e5: posts small blind $0.05
5a24b6a9: posts big blind $0.1
*** HOLE CARDS ***
Dealt to 2f113e1e 
Dealt to 32b284e5 
Dealt to 5a24b6a9 
Dealt to 154a41c9 
Dealt to 62478d4d 
Dealt to Hero [3s 8d]
154a41c9: folds
62478d4d: folds
Hero: folds
2f113e1e: calls $0.1
32b284e5: folds
5a24b6a9: checks
*** FLOP *** [6c 6h Kh]
5a24b6a9: checks
2f113e1e: checks
*** TURN *** [6c 6h Kh] [As]
5a24b6a9: checks
2f113e1e: checks
*** RIVER *** [6c 6h Kh As] [4h]
5a24b6a9: checks
2f113e1e: checks
5a24b6a9: shows [Ts 2d] (Pair of Sixes)
2f113e1e: shows [8h Qc] (Pair of Sixes)
*** SHOWDOWN ***
2f113e1e collected $0.24 from pot
*** SUMMARY ***
Total pot $0.25 | Rake $0.01 | Jackpot $0 | Bingo $0 | Fortune $0 | Tax $0
Board [6c 6h Kh As 4h]
Seat 1: 2f113e1e (button) showed [8h Qc] and won ($0.24) with Pair of Sixes
Seat 2: 32b284e5 (small blind) folded before Flop
Seat 3: 5a24b6a9 (big blind) showed [Ts 2d] and lost with Pair of Sixes
Seat 4: 154a41c9 folded before Flop (didn't bet)
Seat 5: 62478d4d folded before Flop (didn't bet)
Seat 6: Hero folded before Flop (didn't bet)


Poker Hand #HD1818507655: Hold'em No Limit ($0.05/$0.1) - 2024/06/16 21:33:01
Table 'NLHRed25' 6-max Seat #6 is the button
Seat 1: 2f113e1e ($3.34 in chips)
Seat 2: 32b284e5 ($10.68 in chips)
Seat 3: 5a24b6a9 ($15.46 in chips)
Seat 4: 154a41c9 ($23.63 in chips)
Seat 5: 62478d4d ($7.49 in chips)
Seat 6: Hero ($11.27 in chips)
2f113e1e: posts small blind $0.05
32b284e5: posts big blind $0.1
*** HOLE CARDS ***
Dealt to 2f113e1e 
Dealt to 32b284e5 
Dealt to 5a24b6a9 
Dealt to 154a41c9 
Dealt to 62478d4d 
Dealt to Hero [Ad Kh]
5a24b6a9: folds
154a41c9: folds
62478d4d: folds
Hero: raises $0.14 to $0.24
2f113e1e: raises $0.2 to $0.44
32b284e5: folds
Hero: raises $0.86 to $1.3
2f113e1e: folds
Uncalled bet ($0.86) returned to Hero
*** SHOWDOWN ***
Hero collected $0.94 from pot
*** SUMMARY ***
Total pot $0.98 | Rake $0.04 | Jackpot $0 | Bingo $0 | Fortune $0 | Tax $0
Seat 1: 2f113e1e (small blind) folded before Flop
Seat 2: 32b284e5 (big blind) folded before Flop
Seat 3: 5a24b6a9 folded before Flop (didn't bet)
Seat 4: 154a41c9 folded before Flop (didn't bet)
Seat 5: 62478d4d folded before Flop (didn't bet)
Seat 6: Hero (button) collected ($0.94)


Poker Hand #HD1818507624: Hold'em No Limit ($0.05/$0.1) - 2024/06/16 21:32:47
Table 'NLHRed25' 6-max Seat #5 is the button
Seat 1: 2f113e1e ($3.44 in chips)
Seat 2: 32b284e5 ($10.68 in chips)
Seat 3: 5a24b6a9 ($15.46 in chips)
Seat 4: 154a41c9 ($23.63 in chips)
Seat 5: 62478d4d ($7.34 in chips)
Seat 6: Hero ($11.32 in chips)
Hero: posts small blind $0.05
2f113e1e: posts big blind $0.1
*** HOLE CARDS ***
Dealt to 2f113e1e 
Dealt to 32b284e5 
Dealt to 5a24b6a9 
Dealt to 154a41c9 
Dealt to 62478d4d 
Dealt to Hero [9c 5h]
32b284e5: folds
5a24b6a9: folds
154a41c9: folds
62478d4d: raises $0.3 to $0.4
Hero: folds
2f113e1e: folds
Uncalled bet ($0.3) returned to 62478d4d
*** SHOWDOWN ***
62478d4d collected $0.25 from pot
*** SUMMARY ***
Total pot $0.25 | Rake $0 | Jackpot $0 | Bingo $0 | Fortune $0 | Tax $0
Seat 1: 2f113e1e (big blind) folded before Flop
Seat 2: 32b284e5 folded before Flop (didn't bet)
Seat 3: 5a24b6a9 folded before Flop (didn't bet)
Seat 4: 154a41c9 folded before Flop (didn't bet)
Seat 5: 62478d4d (button) collected ($0.25)
Seat 6: Hero (small blind) folded before Flop


Poker Hand #HD1818507614: Hold'em No Limit ($0.05/$0.1) - 2024/06/16 21:32:38
Table 'NLHRed25' 6-max Seat #4 is the button
Seat 2: 32b284e5 ($10.68 in chips)
Seat 3: 5a24b6a9 ($15.46 in chips)
Seat 4: 154a41c9 ($23.63 in chips)
Seat 5: 62478d4d ($7.39 in chips)
Seat 6: Hero ($11.27 in chips)
62478d4d: posts small blind $0.05
Hero: posts big blind $0.1
*** HOLE CARDS ***
Dealt to 32b284e5 
Dealt to 5a24b6a9 
Dealt to 154a41c9 
Dealt to 62478d4d 
Dealt to Hero [4s 3c]
32b284e5: folds
5a24b6a9: folds
154a41c9: folds
62478d4d: folds
Uncalled bet ($0.05) returned to Hero
*** SHOWDOWN ***
Hero collected $0.1 from pot
*** SUMMARY ***
Total pot $0.1 | Rake $0 | Jackpot $0 | Bingo $0 | Fortune $0 | Tax $0
Seat 2: 32b284e5 folded before Flop (didn't bet)
Seat 3: 5a24b6a9 folded before Flop (didn't bet)
Seat 4: 154a41c9 (button) folded before Flop (didn't bet)
Seat 5: 62478d4d (small blind) folded before Flop
Seat 6: Hero (big blind) collected ($0.1)


Poker Hand #HD1818507575: Hold'em No Limit ($0.05/$0.1) - 2024/06/16 21:32:15
Table 'NLHRed25' 6-max Seat #3 is the button
Seat 1: 2f113e1e ($3.44 in chips)
Seat 2: 32b284e5 ($10.68 in chips)
Seat 3: 5a24b6a9 ($15.46 in chips)
Seat 4: 154a41c9 ($23.53 in chips)
Seat 5: 62478d4d ($7.49 in chips)
Seat 6: Hero ($11.27 in chips)
154a41c9: posts small blind $0.05
62478d4d: posts big blind $0.1
*** HOLE CARDS ***
Dealt to 2f113e1e 
Dealt to 32b284e5 
Dealt to 5a24b6a9 
Dealt to 154a41c9 
Dealt to 62478d4d 
Dealt to Hero [4c Qd]
Hero: folds
2f113e1e: folds
32b284e5: folds
5a24b6a9: folds
154a41c9: raises $0.2 to $0.3
62478d4d: folds
Uncalled bet ($0.2) returned to 154a41c9
*** SHOWDOWN ***
154a41c9 collected $0.2 from pot
*** SUMMARY ***
Total pot $0.2 | Rake $0 | Jackpot $0 | Bingo $0 | Fortune $0 | Tax $0
Seat 1: 2f113e1e folded before Flop (didn't bet)
Seat 2: 32b284e5 folded before Flop (didn't bet)
Seat 3: 5a24b6a9 (button) folded before Flop (didn't bet)
Seat 4: 154a41c9 (small blind) collected ($0.2)
Seat 5: 62478d4d (big blind) folded before Flop
Seat 6: Hero folded before Flop (didn't bet)


Poker Hand #HD1818507442: Hold'em No Limit ($0.05/$0.1) - 2024/06/16 21:31:07
Table 'NLHRed25' 6-max Seat #2 is the button
Seat 1: 2f113e1e ($3.44 in chips)
Seat 2: 32b284e5 ($10.68 in chips)
Seat 3: 5a24b6a9 ($15.96 in chips)
Seat 4: 154a41c9 ($23.08 in chips)
Seat 5: 62478d4d ($7.49 in chips)
Seat 6: Hero ($11.27 in chips)
5a24b6a9: posts small blind $0.05
154a41c9: posts big blind $0.1
*** HOLE CARDS ***
Dealt to 2f113e1e 
Dealt to 32b284e5 
Dealt to 5a24b6a9 
Dealt to 154a41c9 
Dealt to 62478d4d 
Dealt to Hero [4c Jc]
62478d4d: folds
Hero: folds
2f113e1e: folds
32b284e5: folds
5a24b6a9: raises $0.2 to $0.3
154a41c9: calls $0.2
*** FLOP *** [9h 6c 5s]
5a24b6a9: checks
154a41c9: checks
*** TURN *** [9h 6c 5s] [Th]
5a24b6a9: bets $0.2
154a41c9: calls $0.2
*** RIVER *** [9h 6c 5s Th] [9c]
5a24b6a9: checks
154a41c9: bets $0.58
5a24b6a9: folds
Uncalled bet ($0.58) returned to 154a41c9
*** SHOWDOWN ***
154a41c9 collected $0.95 from pot
*** SUMMARY ***
Total pot $1 | Rake $0.05 | Jackpot $0 | Bingo $0 | Fortune $0 | Tax $0
Board [9h 6c 5s Th 9c]
Seat 1: 2f113e1e folded before Flop (didn't bet)
Seat 2: 32b284e5 (button) folded before Flop (didn't bet)
Seat 3: 5a24b6a9 (small blind) folded on the River
Seat 4: 154a41c9 (big blind) won ($0.95)
Seat 5: 62478d4d folded before Flop (didn't bet)
Seat 6: Hero folded before Flop (didn't bet)


Poker Hand #HD1818507365: Hold'em No Limit ($0.05/$0.1) - 2024/06/16 21:30:27
Table 'NLHRed25' 6-max Seat #1 is the button
Seat 1: 2f113e1e ($3.44 in chips)
Seat 2: 32b284e5 ($10.05 in chips)
Seat 3: 5a24b6a9 ($16.06 in chips)
Seat 4: 154a41c9 ($23.08 in chips)
Seat 5: 62478d4d ($8.08 in chips)
Seat 6: Hero ($11.27 in chips)
32b284e5: posts small blind $0.05
5a24b6a9: posts big blind $0.1
*** HOLE CARDS ***
Dealt to 2f113e1e 
Dealt to 32b284e5 
Dealt to 5a24b6a9 
Dealt to 154a41c9 
Dealt to 62478d4d 
Dealt to Hero [6d 9d]
154a41c9: folds
62478d4d: calls $0.1
Hero: folds
2f113e1e: folds
32b284e5: raises $0.23 to $0.33
5a24b6a9: folds
62478d4d: calls $0.23
*** FLOP *** [7c 4c 7s]
32b284e5: bets $0.26
62478d4d: calls $0.26
*** TURN *** [7c 4c 7s] [3d]
32b284e5: bets $0.96
62478d4d: folds
Uncalled bet ($0.96) returned to 32b284e5
*** SHOWDOWN ***
32b284e5 collected $1.22 from pot
*** SUMMARY ***
Total pot $1.28 | Rake $0.06 | Jackpot $0 | Bingo $0 | Fortune $0 | Tax $0
Board [7c 4c 7s 3d]
Seat 1: 2f113e1e (button) folded before Flop (didn't bet)
Seat 2: 32b284e5 (small blind) won ($1.22)
Seat 3: 5a24b6a9 (big blind) folded before Flop
Seat 4: 154a41c9 folded before Flop (didn't bet)
Seat 5: 62478d4d folded on the Turn
Seat 6: Hero folded before Flop (didn't bet)


Poker Hand #HD1818507327: Hold'em No Limit ($0.05/$0.1) - 2024/06/16 21:30:05
Table 'NLHRed25' 6-max Seat #6 is the button
Seat 1: 2f113e1e ($3.49 in chips)
Seat 2: 32b284e5 ($10.15 in chips)
Seat 3: 5a24b6a9 ($16.06 in chips)
Seat 4: 154a41c9 ($23.08 in chips)
Seat 5: 62478d4d ($7.93 in chips)
Seat 6: Hero ($11.27 in chips)
2f113e1e: posts small blind $0.05
32b284e5: posts big blind $0.1
*** HOLE CARDS ***
Dealt to 2f113e1e 
Dealt to 32b284e5 
Dealt to 5a24b6a9 
Dealt to 154a41c9 
Dealt to 62478d4d 
Dealt to Hero [Ts Jd]
5a24b6a9: folds
154a41c9: folds
62478d4d: raises $0.1 to $0.2
Hero: folds
2f113e1e: folds
32b284e5: folds
Uncalled bet ($0.1) returned to 62478d4d
*** SHOWDOWN ***
62478d4d collected $0.25 from pot
*** SUMMARY ***
Total pot $0.25 | Rake $0 | Jackpot $0 | Bingo $0 | Fortune $0 | Tax $0
Seat 1: 2f113e1e (small blind) folded before Flop
Seat 2: 32b284e5 (big blind) folded before Flop
Seat 3: 5a24b6a9 folded before Flop (didn't bet)
Seat 4: 154a41c9 folded before Flop (didn't bet)
Seat 5: 62478d4d collected ($0.25)
Seat 6: Hero (button) folded before Flop (didn't bet)


Poker Hand #HD1818507307: Hold'em No Limit ($0.05/$0.1) - 2024/06/16 21:29:55
Table 'NLHRed25' 6-max Seat #5 is the button
Seat 1: 2f113e1e ($3.44 in chips)
Seat 3: 5a24b6a9 ($16.06 in chips)
Seat 4: 154a41c9 ($23.08 in chips)
Seat 5: 62478d4d ($7.93 in chips)
Seat 6: Hero ($11.32 in chips)
Hero: posts small blind $0.05
2f113e1e: posts big blind $0.1
*** HOLE CARDS ***
Dealt to 2f113e1e 
Dealt to 5a24b6a9 
Dealt to 154a41c9 
Dealt to 62478d4d 
Dealt to Hero [9d 7h]
5a24b6a9: folds
154a41c9: folds
62478d4d: folds
Hero: folds
Uncalled bet ($0.05) returned to 2f113e1e
*** SHOWDOWN ***
2f113e1e collected $0.1 from pot
*** SUMMARY ***
Total pot $0.1 | Rake $0 | Jackpot $0 | Bingo $0 | Fortune $0 | Tax $0
Seat 1: 2f113e1e (big blind) collected ($0.1)
Seat 3: 5a24b6a9 folded before Flop (didn't bet)
Seat 4: 154a41c9 folded before Flop (didn't bet)
Seat 5: 62478d4d (button) folded before Flop (didn't bet)
Seat 6: Hero (small blind) folded before Flop


Poker Hand #HD1818507265: Hold'em No Limit ($0.05/$0.1) - 2024/06/16 21:29:31
Table 'NLHRed25' 6-max Seat #4 is the button
Seat 1: 2f113e1e ($3.44 in chips)
Seat 3: 5a24b6a9 ($16.06 in chips)
Seat 4: 154a41c9 ($23.08 in chips)
Seat 5: 62478d4d ($7.83 in chips)
Seat 6: Hero ($11.42 in chips)
62478d4d: posts small blind $0.05
Hero: posts big blind $0.1
*** HOLE CARDS ***
Dealt to 2f113e1e 
Dealt to 5a24b6a9 
Dealt to 154a41c9 
Dealt to 62478d4d 
Dealt to Hero [7h Ks]
2f113e1e: folds
5a24b6a9: folds
154a41c9: folds
62478d4d: raises $0.3 to $0.4
Hero: folds
Uncalled bet ($0.3) returned to 62478d4d
*** SHOWDOWN ***
62478d4d collected $0.2 from pot
*** SUMMARY ***
Total pot $0.2 | Rake $0 | Jackpot $0 | Bingo $0 | Fortune $0 | Tax $0
Seat 1: 2f113e1e folded before Flop (didn't bet)
Seat 3: 5a24b6a9 folded before Flop (didn't bet)
Seat 4: 154a41c9 (button) folded before Flop (didn't bet)
Seat 5: 62478d4d (small blind) collected ($0.2)
Seat 6: Hero (big blind) folded before Flop


Poker Hand #HD1818507210: Hold'em No Limit ($0.05/$0.1) - 2024/06/16 21:29:07
Table 'NLHRed25' 6-max Seat #3 is the button
Seat 1: 2f113e1e ($3.64 in chips)
Seat 3: 5a24b6a9 ($16.06 in chips)
Seat 4: 154a41c9 ($23.13 in chips)
Seat 5: 62478d4d ($7.6 in chips)
Seat 6: Hero ($11.42 in chips)
154a41c9: posts small blind $0.05
62478d4d: posts big blind $0.1
*** HOLE CARDS ***
Dealt to 2f113e1e 
Dealt to 5a24b6a9 
Dealt to 154a41c9 
Dealt to 62478d4d 
Dealt to Hero [3h 2c]
Hero: folds
2f113e1e: raises $0.1 to $0.2
5a24b6a9: folds
154a41c9: folds
62478d4d: raises $0.25 to $0.45
2f113e1e: folds
Uncalled bet ($0.25) returned to 62478d4d
*** SHOWDOWN ***
62478d4d collected $0.43 from pot
*** SUMMARY ***
Total pot $0.45 | Rake $0.02 | Jackpot $0 | Bingo $0 | Fortune $0 | Tax $0
Seat 1: 2f113e1e folded before Flop
Seat 3: 5a24b6a9 (button) folded before Flop (didn't bet)
Seat 4: 154a41c9 (small blind) folded before Flop
Seat 5: 62478d4d (big blind) collected ($0.43)
Seat 6: Hero folded before Flop (didn't bet)


Poker Hand #HD1818507112: Hold'em No Limit ($0.05/$0.1) - 2024/06/16 21:28:13
Table 'NLHRed25' 6-max Seat #1 is the button
Seat 1: 2f113e1e ($3.64 in chips)
Seat 3: 5a24b6a9 ($15.11 in chips)
Seat 4: 154a41c9 ($23.23 in chips)
Seat 5: 62478d4d ($8.55 in chips)
Seat 6: Hero ($11.42 in chips)
5a24b6a9: posts small blind $0.05
154a41c9: posts big blind $0.1
*** HOLE CARDS ***
Dealt to 2f113e1e 
Dealt to 5a24b6a9 
Dealt to 154a41c9 
Dealt to 62478d4d 
Dealt to Hero [2d 5h]
62478d4d: calls $0.1
Hero: folds
2f113e1e: folds
5a24b6a9: raises $0.35 to $0.45
154a41c9: folds
62478d4d: calls $0.35
*** FLOP *** [8c Ac Ah]
5a24b6a9: bets $0.5
62478d4d: calls $0.5
*** TURN *** [8c Ac Ah] [Ad]
5a24b6a9: bets $2
62478d4d: folds
Uncalled bet ($2) returned to 5a24b6a9
*** SHOWDOWN ***
5a24b6a9 collected $1.9 from pot
*** SUMMARY ***
Total pot $2 | Rake $0.1 | Jackpot $0 | Bingo $0 | Fortune $0 | Tax $0
Board [8c Ac Ah Ad]
Seat 1: 2f113e1e (button) folded before Flop (didn't bet)
Seat 3: 5a24b6a9 (small blind) won ($1.9)
Seat 4: 154a41c9 (big blind) folded before Flop
Seat 5: 62478d4d folded on the Turn
Seat 6: Hero folded before Flop (didn't bet)


Poker Hand #HD1818507047: Hold'em No Limit ($0.05/$0.1) - 2024/06/16 21:27:38
Table 'NLHRed25' 6-max Seat #6 is the button
Seat 1: 2f113e1e ($3.74 in chips)
Seat 3: 5a24b6a9 ($15.02 in chips)
Seat 4: 154a41c9 ($23.23 in chips)
Seat 5: 62478d4d ($8.55 in chips)
Seat 6: Hero ($11.42 in chips)
2f113e1e: posts small blind $0.05
5a24b6a9: posts big blind $0.1
*** HOLE CARDS ***
Dealt to 2f113e1e 
Dealt to 5a24b6a9 
Dealt to 154a41c9 
Dealt to 62478d4d 
Dealt to Hero [Jc 5h]
154a41c9: folds
62478d4d: folds
Hero: folds
2f113e1e: calls $0.05
5a24b6a9: checks
*** FLOP *** [Th 5c Kh]
2f113e1e: checks
5a24b6a9: checks
*** TURN *** [Th 5c Kh] [9s]
2f113e1e: checks
5a24b6a9: checks
*** RIVER *** [Th 5c Kh 9s] [Ac]
2f113e1e: checks
5a24b6a9: checks
2f113e1e: shows [3h 6c] (Ace-High)
5a24b6a9: shows [2h Jd] (Ace-High)
*** SHOWDOWN ***
5a24b6a9 collected $0.19 from pot
*** SUMMARY ***
Total pot $0.2 | Rake $0.01 | Jackpot $0 | Bingo $0 | Fortune $0 | Tax $0
Board [Th 5c Kh 9s Ac]
Seat 1: 2f113e1e (small blind) showed [3h 6c] and lost with Ace-High
Seat 3: 5a24b6a9 (big blind) showed [2h Jd] and won ($0.19) with Ace-High
Seat 4: 154a41c9 folded before Flop (didn't bet)
Seat 5: 62478d4d folded before Flop (didn't bet)
Seat 6: Hero (button) folded before Flop (didn't bet)


Poker Hand #HD1818506920: Hold'em No Limit ($0.05/$0.1) - 2024/06/16 21:26:37
Table 'NLHRed25' 6-max Seat #5 is the button
Seat 1: 2f113e1e ($3.84 in chips)
Seat 3: 5a24b6a9 ($15.02 in chips)
Seat 4: 154a41c9 ($23.23 in chips)
Seat 5: 62478d4d ($9.55 in chips)
Seat 6: Hero ($10.42 in chips)
Hero: posts small blind $0.05
2f113e1e: posts big blind $0.1
*** HOLE CARDS ***
Dealt to 2f113e1e 
Dealt to 5a24b6a9 
Dealt to 154a41c9 
Dealt to 62478d4d 
Dealt to Hero [Ac 9c]
5a24b6a9: folds
154a41c9: folds
62478d4d: calls $0.1
Hero: raises $0.4 to $0.5
2f113e1e: folds
62478d4d: calls $0.4
*** FLOP *** [2d Qc 4c]
Hero: bets $0.5
62478d4d: calls $0.5
*** TURN *** [2d Qc 4c] [As]
Hero: bets $1.1
62478d4d: folds
Uncalled bet ($1.1) returned to Hero
*** SHOWDOWN ***
Hero collected $2 from pot
*** SUMMARY ***
Total pot $2.1 | Rake $0.1 | Jackpot $0 | Bingo $0 | Fortune $0 | Tax $0
Board [2d Qc 4c As]
Seat 1: 2f113e1e (big blind) folded before Flop
Seat 3: 5a24b6a9 folded before Flop (didn't bet)
Seat 4: 154a41c9 folded before Flop (didn't bet)
Seat 5: 62478d4d (button) folded on the Turn
Seat 6: Hero (small blind) won ($2)


Poker Hand #HD1818506869: Hold'em No Limit ($0.05/$0.1) - 2024/06/16 21:26:14
Table 'NLHRed25' 6-max Seat #4 is the button
Seat 1: 2f113e1e ($3.84 in chips)
Seat 3: 5a24b6a9 ($15.27 in chips)
Seat 4: 154a41c9 ($22.86 in chips)
Seat 5: 62478d4d ($9.6 in chips)
Seat 6: Hero ($10.52 in chips)
62478d4d: posts small blind $0.05
Hero: posts big blind $0.1
*** HOLE CARDS ***
Dealt to 2f113e1e 
Dealt to 5a24b6a9 
Dealt to 154a41c9 
Dealt to 62478d4d 
Dealt to Hero [Ts 8d]
2f113e1e: folds
5a24b6a9: raises $0.15 to $0.25
154a41c9: raises $0.55 to $0.8
62478d4d: folds
Hero: folds
5a24b6a9: folds
Uncalled bet ($0.55) returned to 154a41c9
*** SHOWDOWN ***
154a41c9 collected $0.62 from pot
*** SUMMARY ***
Total pot $0.65 | Rake $0.03 | Jackpot $0 | Bingo $0 | Fortune $0 | Tax $0
Seat 1: 2f113e1e folded before Flop (didn't bet)
Seat 3: 5a24b6a9 folded before Flop
Seat 4: 154a41c9 (button) collected ($0.62)
Seat 5: 62478d4d (small blind) folded before Flop
Seat 6: Hero (big blind) folded before Flop


Poker Hand #HD1818506853: Hold'em No Limit ($0.05/$0.1) - 2024/06/16 21:26:04
Table 'NLHRed25' 6-max Seat #3 is the button
Seat 1: 2f113e1e ($3.84 in chips)
Seat 3: 5a24b6a9 ($15.27 in chips)
Seat 4: 154a41c9 ($22.91 in chips)
Seat 5: 62478d4d ($9.55 in chips)
Seat 6: Hero ($10.52 in chips)
154a41c9: posts small blind $0.05
62478d4d: posts big blind $0.1
*** HOLE CARDS ***
Dealt to 2f113e1e 
Dealt to 5a24b6a9 
Dealt to 154a41c9 
Dealt to 62478d4d 
Dealt to Hero [4h Kc]
Hero: folds
2f113e1e: folds
5a24b6a9: folds
154a41c9: folds
Uncalled bet ($0.05) returned to 62478d4d
*** SHOWDOWN ***
62478d4d collected $0.1 from pot
*** SUMMARY ***
Total pot $0.1 | Rake $0 | Jackpot $0 | Bingo $0 | Fortune $0 | Tax $0
Seat 1: 2f113e1e folded before Flop (didn't bet)
Seat 3: 5a24b6a9 (button) folded before Flop (didn't bet)
Seat 4: 154a41c9 (small blind) folded before Flop
Seat 5: 62478d4d (big blind) collected ($0.1)
Seat 6: Hero folded before Flop (didn't bet)


Poker Hand #HD1818506783: Hold'em No Limit ($0.05/$0.1) - 2024/06/16 21:25:28
Table 'NLHRed25' 6-max Seat #1 is the button
Seat 1: 2f113e1e ($3.61 in chips)
Seat 3: 5a24b6a9 ($15.32 in chips)
Seat 4: 154a41c9 ($23.11 in chips)
Seat 5: 62478d4d ($9.55 in chips)
Seat 6: Hero ($10.52 in chips)
5a24b6a9: posts small blind $0.05
154a41c9: posts big blind $0.1
*** HOLE CARDS ***
Dealt to 2f113e1e 
Dealt to 5a24b6a9 
Dealt to 154a41c9 
Dealt to 62478d4d 
Dealt to Hero [5d 3h]
62478d4d: folds
Hero: folds
2f113e1e: raises $0.1 to $0.2
5a24b6a9: folds
154a41c9: calls $0.1
*** FLOP *** [9h 9s Td]
154a41c9: checks
2f113e1e: bets $0.15
154a41c9: folds
Uncalled bet ($0.15) returned to 2f113e1e
*** SHOWDOWN ***
2f113e1e collected $0.43 from pot
*** SUMMARY ***
Total pot $0.45 | Rake $0.02 | Jackpot $0 | Bingo $0 | Fortune $0 | Tax $0
Board [9h 9s Td]
Seat 1: 2f113e1e (button) won ($0.43)
Seat 3: 5a24b6a9 (small blind) folded before Flop
Seat 4: 154a41c9 (big blind) folded on the Flop
Seat 5: 62478d4d folded before Flop (didn't bet)
Seat 6: Hero folded before Flop (didn't bet)


Poker Hand #HD1818506731: Hold'em No Limit ($0.05/$0.1) - 2024/06/16 21:24:54
Table 'NLHRed25' 6-max Seat #6 is the button
Seat 1: 2f113e1e ($3.66 in chips)
Seat 3: 5a24b6a9 ($15.42 in chips)
Seat 4: 154a41c9 ($23.11 in chips)
Seat 5: 62478d4d ($9.85 in chips)
Seat 6: Hero ($10.1 in chips)
2f113e1e: posts small blind $0.05
5a24b6a9: posts big blind $0.1
*** HOLE CARDS ***
Dealt to 2f113e1e 
Dealt to 5a24b6a9 
Dealt to 154a41c9 
Dealt to 62478d4d 
Dealt to Hero [As Jd]
154a41c9: folds
62478d4d: raises $0.2 to $0.3
Hero: raises $0.75 to $1.05
2f113e1e: folds
5a24b6a9: folds
62478d4d: folds
Uncalled bet ($0.75) returned to Hero
*** SHOWDOWN ***
Hero collected $0.72 from pot
*** SUMMARY ***
Total pot $0.75 | Rake $0.03 | Jackpot $0 | Bingo $0 | Fortune $0 | Tax $0
Seat 1: 2f113e1e (small blind) folded before Flop
Seat 3: 5a24b6a9 (big blind) folded before Flop
Seat 4: 154a41c9 folded before Flop (didn't bet)
Seat 5: 62478d4d folded before Flop
Seat 6: Hero (button) collected ($0.72)


Poker Hand #HD1818506692: Hold'em No Limit ($0.05/$0.1) - 2024/06/16 21:24:29
Table 'NLHRed25' 6-max Seat #5 is the button
Seat 1: 2f113e1e ($3.76 in chips)
Seat 3: 5a24b6a9 ($15.42 in chips)
Seat 4: 154a41c9 ($23.11 in chips)
Seat 5: 62478d4d ($9.85 in chips)
Seat 6: Hero ($10 in chips)
Hero: posts small blind $0.05
2f113e1e: posts big blind $0.1
*** HOLE CARDS ***
Dealt to 2f113e1e 
Dealt to 5a24b6a9 
Dealt to 154a41c9 
Dealt to 62478d4d 
Dealt to Hero [7c Tc]
5a24b6a9: folds
154a41c9: folds
62478d4d: folds
Hero: raises $0.2 to $0.3
2f113e1e: folds
Uncalled bet ($0.2) returned to Hero
*** SHOWDOWN ***
Hero collected $0.2 from pot
*** SUMMARY ***
Total pot $0.2 | Rake $0 | Jackpot $0 | Bingo $0 | Fortune $0 | Tax $0
Seat 1: 2f113e1e (big blind) folded before Flop
Seat 3: 5a24b6a9 folded before Flop (didn't bet)
Seat 4: 154a41c9 folded before Flop (didn't bet)
Seat 5: 62478d4d (button) folded before Flop (didn't bet)
Seat 6: Hero (small blind) collected ($0.2)


Poker Hand #HD1818506662: Hold'em No Limit ($0.05/$0.1) - 2024/06/16 21:24:17
Table 'NLHRed25' 6-max Seat #4 is the button
Seat 1: 2f113e1e ($3.76 in chips)
Seat 3: 5a24b6a9 ($15.42 in chips)
Seat 4: 154a41c9 ($22.96 in chips)
Seat 5: 62478d4d ($9.9 in chips)
Seat 6: Hero ($10 in chips)
62478d4d: posts small blind $0.05
Hero: posts big blind $0.1
*** HOLE CARDS ***
Dealt to 2f113e1e 
Dealt to 5a24b6a9 
Dealt to 154a41c9 
Dealt to 62478d4d 
Dealt to Hero [4s 2s]
2f113e1e: folds
5a24b6a9: folds
154a41c9: raises $0.15 to $0.25
62478d4d: folds
Hero: folds
Uncalled bet ($0.15) returned to 154a41c9
*** SHOWDOWN ***
154a41c9 collected $0.25 from pot
*** SUMMARY ***
Total pot $0.25 | Rake $0 | Jackpot $0 | Bingo $0 | Fortune $0 | Tax $0
Seat 1: 2f113e1e folded before Flop (didn't bet)
Seat 3: 5a24b6a9 folded before Flop (didn't bet)
Seat 4: 154a41c9 (button) collected ($0.25)
Seat 5: 62478d4d (small blind) folded before Flop
Seat 6: Hero (big blind) folded before Flop


Poker Hand #HD1818506611: Hold'em No Limit ($0.05/$0.1) - 2024/06/16 21:23:43
Table 'NLHRed25' 6-max Seat #3 is the button
Seat 1: 2f113e1e ($3.96 in chips)
Seat 3: 5a24b6a9 ($15.09 in chips)
Seat 4: 154a41c9 ($23.01 in chips)
Seat 5: 62478d4d ($10 in chips)
Seat 6: Hero ($10 in chips)
154a41c9: posts small blind $0.05
62478d4d: posts big blind $0.1
*** HOLE CARDS ***
Dealt to 2f113e1e 
Dealt to 5a24b6a9 
Dealt to 154a41c9 
Dealt to 62478d4d 
Dealt to Hero [Tc Kd]
Hero: folds
2f113e1e: raises $0.1 to $0.2
5a24b6a9: raises $0.4 to $0.6
154a41c9: folds
62478d4d: folds
2f113e1e: folds
Uncalled bet ($0.4) returned to 5a24b6a9
*** SHOWDOWN ***
5a24b6a9 collected $0.53 from pot
*** SUMMARY ***
Total pot $0.55 | Rake $0.02 | Jackpot $0 | Bingo $0 | Fortune $0 | Tax $0
Seat 1: 2f113e1e folded before Flop
Seat 3: 5a24b6a9 (button) collected ($0.53)
Seat 4: 154a41c9 (small blind) folded before Flop
Seat 5: 62478d4d (big blind) folded before Flop
Seat 6: Hero folded before Flop (didn't bet)


Poker Hand #HD1818506527: Hold'em No Limit ($0.05/$0.1) - 2024/06/16 21:22:58
Table 'NLHRed25' 6-max Seat #1 is the button
Seat 1: 2f113e1e ($4.31 in chips)
Seat 3: 5a24b6a9 ($15.14 in chips)
Seat 4: 154a41c9 ($22.64 in chips)
Seat 6: Hero ($10 in chips)
5a24b6a9: posts small blind $0.05
154a41c9: posts big blind $0.1
*** HOLE CARDS ***
Dealt to 2f113e1e 
Dealt to 5a24b6a9 
Dealt to 154a41c9 
Dealt to Hero [6h Tc]
Hero: folds
2f113e1e: raises $0.1 to $0.2
5a24b6a9: folds
154a41c9: calls $0.1
*** FLOP *** [Ad Qd Ah]
154a41c9: checks
2f113e1e: checks
*** TURN *** [Ad Qd Ah] [4h]
154a41c9: checks
2f113e1e: bets $0.15
154a41c9: calls $0.15
*** RIVER *** [Ad Qd Ah 4h] [6c]
154a41c9: checks
2f113e1e: checks
154a41c9: shows [9h Qs] (Pair of Aces and Pair of Queens)
2f113e1e: shows [4d 8d] (Pair of Aces and Pair of Fours)
*** SHOWDOWN ***
154a41c9 collected $0.72 from pot
*** SUMMARY ***
Total pot $0.75 | Rake $0.03 | Jackpot $0 | Bingo $0 | Fortune $0 | Tax $0
Board [Ad Qd Ah 4h 6c]
Seat 1: 2f113e1e (button) showed [4d 8d] and lost with Pair of Aces and Pair of Fours
Seat 3: 5a24b6a9 (small blind) folded before Flop
Seat 4: 154a41c9 (big blind) showed [9h Qs] and won ($0.72) with Pair of Aces and Pair of Queens
Seat 6: Hero folded before Flop (didn't bet)


Poker Hand #HD1818506434: Hold'em No Limit ($0.05/$0.1) - 2024/06/16 21:22:08
Table 'NLHRed25' 6-max Seat #6 is the button
Seat 1: 2f113e1e ($3.71 in chips)
Seat 3: 5a24b6a9 ($15.82 in chips)
Seat 4: 154a41c9 ($22.64 in chips)
Seat 6: Hero ($10 in chips)
2f113e1e: posts small blind $0.05
5a24b6a9: posts big blind $0.1
*** HOLE CARDS ***
Dealt to 2f113e1e 
Dealt to 5a24b6a9 
Dealt to 154a41c9 
Dealt to Hero [3h Jd]
154a41c9: folds
Hero: folds
2f113e1e: calls $0.05
5a24b6a9: checks
*** FLOP *** [8h 6d Ts]
2f113e1e: bets $0.1
5a24b6a9: calls $0.1
*** TURN *** [8h 6d Ts] [Qh]
2f113e1e: bets $0.14
5a24b6a9: calls $0.14
*** RIVER *** [8h 6d Ts Qh] [6c]
2f113e1e: bets $0.34
5a24b6a9: calls $0.34
2f113e1e: shows [6s 9h] (Three Sixes)
5a24b6a9: shows [4h Tc] (Pair of Tens and Pair of Sixes)
*** SHOWDOWN ***
2f113e1e collected $1.28 from pot
*** SUMMARY ***
Total pot $1.36 | Rake $0.08 | Jackpot $0 | Bingo $0 | Fortune $0 | Tax $0
Board [8h 6d Ts Qh 6c]
Seat 1: 2f113e1e (small blind) showed [6s 9h] and won ($1.28) with Three Sixes
Seat 3: 5a24b6a9 (big blind) showed [4h Tc] and lost with Pair of Tens and Pair of Sixes
Seat 4: 154a41c9 folded before Flop (didn't bet)
Seat 6: Hero (button) folded before Flop (didn't bet)


Poker Hand #HD1818506406: Hold'em No Limit ($0.05/$0.1) - 2024/06/16 21:21:52
Table 'NLHRed25' 6-max Seat #4 is the button
Seat 1: 2f113e1e ($3.81 in chips)
Seat 2: 32b284e5 ($10 in chips)
Seat 3: 5a24b6a9 ($15.82 in chips)
Seat 4: 154a41c9 ($22.64 in chips)
Seat 6: Hero ($10.05 in chips)
Hero: posts small blind $0.05
2f113e1e: posts big blind $0.1
*** HOLE CARDS ***
Dealt to 2f113e1e 
Dealt to 32b284e5 
Dealt to 5a24b6a9 
Dealt to 154a41c9 
Dealt to Hero [Ad 2s]
32b284e5: raises $0.15 to $0.25
5a24b6a9: folds
154a41c9: folds
Hero: folds
2f113e1e: folds
Uncalled bet ($0.15) returned to 32b284e5
*** SHOWDOWN ***
32b284e5 collected $0.25 from pot
*** SUMMARY ***
Total pot $0.25 | Rake $0 | Jackpot $0 | Bingo $0 | Fortune $0 | Tax $0
Seat 1: 2f113e1e (big blind) folded before Flop
Seat 2: 32b284e5 collected ($0.25)
Seat 3: 5a24b6a9 folded before Flop (didn't bet)
Seat 4: 154a41c9 (button) folded before Flop (didn't bet)
Seat 6: Hero (small blind) folded before Flop


Poker Hand #HD1818506389: Hold'em No Limit ($0.05/$0.1) - 2024/06/16 21:21:39
Table 'NLHRed25' 6-max Seat #3 is the button
Seat 1: 2f113e1e ($3.81 in chips)
Seat 2: 32b284e5 ($10 in chips)
Seat 3: 5a24b6a9 ($15.82 in chips)
Seat 4: 154a41c9 ($22.69 in chips)
Seat 6: Hero ($10 in chips)
154a41c9: posts small blind $0.05
Hero: posts big blind $0.1
*** HOLE CARDS ***
Dealt to 2f113e1e 
Dealt to 32b284e5 
Dealt to 5a24b6a9 
Dealt to 154a41c9 
Dealt to Hero [9h 2c]
2f113e1e: folds
32b284e5: folds
5a24b6a9: folds
154a41c9: folds
Uncalled bet ($0.05) returned to Hero
*** SHOWDOWN ***
Hero collected $0.1 from pot
*** SUMMARY ***
Total pot $0.1 | Rake $0 | Jackpot $0 | Bingo $0 | Fortune $0 | Tax $0
Seat 1: 2f113e1e folded before Flop (didn't bet)
Seat 2: 32b284e5 folded before Flop (didn't bet)
Seat 3: 5a24b6a9 (button) folded before Flop (didn't bet)
Seat 4: 154a41c9 (small blind) folded before Flop
Seat 6: Hero (big blind) collected ($0.1)


