Poker Hand #HD1788693695: Hold'em No Limit ($0.05/$0.1) - 2024/05/26 18:52:38
Table 'NLHRed36' 6-max Seat #2 is the button
Seat 1: f4e5814c ($10.36 in chips)
Seat 2: Hero ($16.22 in chips)
Seat 4: 32c7fb33 ($11.36 in chips)
Seat 5: 3d1088aa ($10 in chips)
Seat 6: 6a8114ef ($9.48 in chips)
32c7fb33: posts small blind $0.05
3d1088aa: posts big blind $0.1
*** HOLE CARDS ***
Dealt to f4e5814c 
Dealt to Hero [2d 9d]
Dealt to 32c7fb33 
Dealt to 3d1088aa 
Dealt to 6a8114ef 
6a8114ef: folds
f4e5814c: folds
Hero: folds
32c7fb33: raises $0.3 to $0.4
3d1088aa: calls $0.3
*** FLOP *** [Ah 6h Qc]
32c7fb33: checks
3d1088aa: bets $0.5
32c7fb33: calls $0.5
*** TURN *** [Ah 6h Qc] [Ks]
32c7fb33: checks
3d1088aa: bets $1.5
32c7fb33: calls $1.5
*** RIVER *** [Ah 6h Qc Ks] [4h]
32c7fb33: bets $3.6
3d1088aa: calls $3.6
32c7fb33: shows [As Ts] (Pair of Aces)
3d1088aa: shows [4s Ad] (Pair of Aces and Pair of Fours)
*** SHOWDOWN ***
3d1088aa collected $11.31 from pot
*** SUMMARY ***
Total pot $12 | Rake $0.59 | Jackpot $0.1 | Bingo $0 | Fortune $0 | Tax $0
Board [Ah 6h Qc Ks 4h]
Seat 1: f4e5814c folded before Flop (didn't bet)
Seat 2: Hero (button) folded before Flop (didn't bet)
Seat 4: 32c7fb33 (small blind) showed [As Ts] and lost with Pair of Aces
Seat 5: 3d1088aa (big blind) showed [4s Ad] and won ($11.31) with Pair of Aces and Pair of Fours
Seat 6: 6a8114ef folded before Flop (didn't bet)


Poker Hand #HD1788693665: Hold'em No Limit ($0.05/$0.1) - 2024/05/26 18:52:14
Table 'NLHRed36' 6-max Seat #1 is the button
Seat 1: f4e5814c ($10.36 in chips)
Seat 2: Hero ($16.12 in chips)
Seat 4: 32c7fb33 ($11.46 in chips)
Seat 5: 3d1088aa ($10 in chips)
Seat 6: 6a8114ef ($9.48 in chips)
Hero: posts small blind $0.05
32c7fb33: posts big blind $0.1
*** HOLE CARDS ***
Dealt to f4e5814c 
Dealt to Hero [Tc Jc]
Dealt to 32c7fb33 
Dealt to 3d1088aa 
Dealt to 6a8114ef 
3d1088aa: folds
6a8114ef: folds
f4e5814c: folds
Hero: raises $0.2 to $0.3
32c7fb33: folds
Uncalled bet ($0.2) returned to Hero
*** SHOWDOWN ***
Hero collected $0.2 from pot
*** SUMMARY ***
Total pot $0.2 | Rake $0 | Jackpot $0 | Bingo $0 | Fortune $0 | Tax $0
Seat 1: f4e5814c (button) folded before Flop (didn't bet)
Seat 2: Hero (small blind) collected ($0.2)
Seat 4: 32c7fb33 (big blind) folded before Flop
Seat 5: 3d1088aa folded before Flop (didn't bet)
Seat 6: 6a8114ef folded before Flop (didn't bet)


Poker Hand #HD1788693589: Hold'em No Limit ($0.05/$0.1) - 2024/05/26 18:51:20
Table 'NLHRed36' 6-max Seat #6 is the button
Seat 1: f4e5814c ($10.41 in chips)
Seat 2: Hero ($16.37 in chips)
Seat 4: 32c7fb33 ($11.46 in chips)
Seat 5: 3d1088aa ($10 in chips)
Seat 6: 6a8114ef ($8.97 in chips)
f4e5814c: posts small blind $0.05
Hero: posts big blind $0.1
*** HOLE CARDS ***
Dealt to f4e5814c 
Dealt to Hero [Kc 9c]
Dealt to 32c7fb33 
Dealt to 3d1088aa 
Dealt to 6a8114ef 
32c7fb33: folds
3d1088aa: raises $0.15 to $0.25
6a8114ef: calls $0.25
f4e5814c: folds
Hero: calls $0.15
*** FLOP *** [6c 5s 6d]
Hero: checks
3d1088aa: checks
6a8114ef: bets $0.27
Hero: folds
3d1088aa: folds
Uncalled bet ($0.27) returned to 6a8114ef
*** SHOWDOWN ***
6a8114ef collected $0.76 from pot
*** SUMMARY ***
Total pot $0.8 | Rake $0.04 | Jackpot $0 | Bingo $0 | Fortune $0 | Tax $0
Board [6c 5s 6d]
Seat 1: f4e5814c (small blind) folded before Flop
Seat 2: Hero (big blind) folded on the Flop
Seat 4: 32c7fb33 folded before Flop (didn't bet)
Seat 5: 3d1088aa folded on the Flop
Seat 6: 6a8114ef (button) won ($0.76)


Poker Hand #HD1788693500: Hold'em No Limit ($0.05/$0.1) - 2024/05/26 18:50:20
Table 'NLHRed36' 6-max Seat #5 is the button
Seat 1: f4e5814c ($10.51 in chips)
Seat 2: Hero ($16.37 in chips)
Seat 4: 32c7fb33 ($10.52 in chips)
Seat 5: 3d1088aa ($10.39 in chips)
Seat 6: 6a8114ef ($9.02 in chips)
6a8114ef: posts small blind $0.05
f4e5814c: posts big blind $0.1
*** HOLE CARDS ***
Dealt to f4e5814c 
Dealt to Hero [9h 4d]
Dealt to 32c7fb33 
Dealt to 3d1088aa 
Dealt to 6a8114ef 
Hero: folds
32c7fb33: calls $0.1
3d1088aa: raises $0.4 to $0.5
6a8114ef: folds
f4e5814c: folds
32c7fb33: calls $0.4
*** FLOP *** [As 7d 6s]
32c7fb33: checks
3d1088aa: bets $0.38
32c7fb33: calls $0.38
*** TURN *** [As 7d 6s] [3c]
32c7fb33: bets $0.96
3d1088aa: folds
Uncalled bet ($0.96) returned to 32c7fb33
*** SHOWDOWN ***
32c7fb33 collected $1.82 from pot
*** SUMMARY ***
Total pot $1.91 | Rake $0.09 | Jackpot $0 | Bingo $0 | Fortune $0 | Tax $0
Board [As 7d 6s 3c]
Seat 1: f4e5814c (big blind) folded before Flop
Seat 2: Hero folded before Flop (didn't bet)
Seat 4: 32c7fb33 won ($1.82)
Seat 5: 3d1088aa (button) folded on the Turn
Seat 6: 6a8114ef (small blind) folded before Flop


Poker Hand #HD1788693429: Hold'em No Limit ($0.05/$0.1) - 2024/05/26 18:49:33
Table 'NLHRed36' 6-max Seat #4 is the button
Seat 1: f4e5814c ($10.51 in chips)
Seat 2: Hero ($16.37 in chips)
Seat 4: 32c7fb33 ($10.15 in chips)
Seat 5: 3d1088aa ($10.44 in chips)
Seat 6: 6a8114ef ($9.37 in chips)
3d1088aa: posts small blind $0.05
6a8114ef: posts big blind $0.1
*** HOLE CARDS ***
Dealt to f4e5814c 
Dealt to Hero [7h Td]
Dealt to 32c7fb33 
Dealt to 3d1088aa 
Dealt to 6a8114ef 
f4e5814c: folds
Hero: folds
32c7fb33: raises $0.1 to $0.2
3d1088aa: folds
6a8114ef: calls $0.1
*** FLOP *** [3s 4c Jd]
6a8114ef: bets $0.15
32c7fb33: calls $0.15
*** TURN *** [3s 4c Jd] [Qc]
6a8114ef: checks
32c7fb33: bets $0.38
6a8114ef: folds
Uncalled bet ($0.38) returned to 32c7fb33
*** SHOWDOWN ***
32c7fb33 collected $0.72 from pot
*** SUMMARY ***
Total pot $0.75 | Rake $0.03 | Jackpot $0 | Bingo $0 | Fortune $0 | Tax $0
Board [3s 4c Jd Qc]
Seat 1: f4e5814c folded before Flop (didn't bet)
Seat 2: Hero folded before Flop (didn't bet)
Seat 4: 32c7fb33 (button) won ($0.72)
Seat 5: 3d1088aa (small blind) folded before Flop
Seat 6: 6a8114ef (big blind) folded on the Turn


Poker Hand #HD1788693390: Hold'em No Limit ($0.05/$0.1) - 2024/05/26 18:48:57
Table 'NLHRed36' 6-max Seat #2 is the button
Seat 1: f4e5814c ($11.01 in chips)
Seat 2: Hero ($16.37 in chips)
Seat 4: 32c7fb33 ($9.6 in chips)
Seat 5: 3d1088aa ($10.54 in chips)
Seat 6: 6a8114ef ($9.37 in chips)
32c7fb33: posts small blind $0.05
3d1088aa: posts big blind $0.1
*** HOLE CARDS ***
Dealt to f4e5814c 
Dealt to Hero [3c Ts]
Dealt to 32c7fb33 
Dealt to 3d1088aa 
Dealt to 6a8114ef 
6a8114ef: folds
f4e5814c: raises $0.2 to $0.3
Hero: folds
32c7fb33: raises $0.2 to $0.5
3d1088aa: folds
f4e5814c: calls $0.2
*** FLOP *** [8s 9s 5d]
32c7fb33: bets $0.55
f4e5814c: folds
Uncalled bet ($0.55) returned to 32c7fb33
*** SHOWDOWN ***
32c7fb33 collected $1.05 from pot
*** SUMMARY ***
Total pot $1.1 | Rake $0.05 | Jackpot $0 | Bingo $0 | Fortune $0 | Tax $0
Board [8s 9s 5d]
Seat 1: f4e5814c folded on the Flop
Seat 2: Hero (button) folded before Flop (didn't bet)
Seat 4: 32c7fb33 (small blind) won ($1.05)
Seat 5: 3d1088aa (big blind) folded before Flop
Seat 6: 6a8114ef folded before Flop (didn't bet)


Poker Hand #HD1788693293: Hold'em No Limit ($0.05/$0.1) - 2024/05/26 18:47:54
Table 'NLHRed36' 6-max Seat #1 is the button
Seat 1: f4e5814c ($10.86 in chips)
Seat 2: Hero ($16.42 in chips)
Seat 3: 93e379ff ($11.15 in chips)
Seat 4: 32c7fb33 ($9.6 in chips)
Seat 5: 3d1088aa ($10.54 in chips)
Seat 6: 6a8114ef ($9.37 in chips)
Hero: posts small blind $0.05
93e379ff: posts big blind $0.1
*** HOLE CARDS ***
Dealt to f4e5814c 
Dealt to Hero [Qh 9s]
Dealt to 93e379ff 
Dealt to 32c7fb33 
Dealt to 3d1088aa 
Dealt to 6a8114ef 
32c7fb33: folds
3d1088aa: folds
6a8114ef: folds
f4e5814c: raises $0.2 to $0.3
Hero: folds
93e379ff: folds
Uncalled bet ($0.2) returned to f4e5814c
*** SHOWDOWN ***
f4e5814c collected $0.25 from pot
*** SUMMARY ***
Total pot $0.25 | Rake $0 | Jackpot $0 | Bingo $0 | Fortune $0 | Tax $0
Seat 1: f4e5814c (button) collected ($0.25)
Seat 2: Hero (small blind) folded before Flop
Seat 3: 93e379ff (big blind) folded before Flop
Seat 4: 32c7fb33 folded before Flop (didn't bet)
Seat 5: 3d1088aa folded before Flop (didn't bet)
Seat 6: 6a8114ef folded before Flop (didn't bet)


Poker Hand #HD1788693219: Hold'em No Limit ($0.05/$0.1) - 2024/05/26 18:47:02
Table 'NLHRed36' 6-max Seat #6 is the button
Seat 1: f4e5814c ($10.91 in chips)
Seat 2: Hero ($16.52 in chips)
Seat 3: 93e379ff ($11.15 in chips)
Seat 4: 32c7fb33 ($9.2 in chips)
Seat 5: 3d1088aa ($10.54 in chips)
Seat 6: 6a8114ef ($9.65 in chips)
f4e5814c: posts small blind $0.05
Hero: posts big blind $0.1
*** HOLE CARDS ***
Dealt to f4e5814c 
Dealt to Hero [2c 6d]
Dealt to 93e379ff 
Dealt to 32c7fb33 
Dealt to 3d1088aa 
Dealt to 6a8114ef 
93e379ff: folds
32c7fb33: calls $0.1
3d1088aa: folds
6a8114ef: raises $0.18 to $0.28
f4e5814c: folds
Hero: folds
32c7fb33: calls $0.18
*** FLOP *** [9s Qd Kc]
32c7fb33: checks
6a8114ef: checks
*** TURN *** [9s Qd Kc] [2s]
32c7fb33: bets $0.36
6a8114ef: folds
Uncalled bet ($0.36) returned to 32c7fb33
*** SHOWDOWN ***
32c7fb33 collected $0.68 from pot
*** SUMMARY ***
Total pot $0.71 | Rake $0.03 | Jackpot $0 | Bingo $0 | Fortune $0 | Tax $0
Board [9s Qd Kc 2s]
Seat 1: f4e5814c (small blind) folded before Flop
Seat 2: Hero (big blind) folded before Flop
Seat 3: 93e379ff folded before Flop (didn't bet)
Seat 4: 32c7fb33 won ($0.68)
Seat 5: 3d1088aa folded before Flop (didn't bet)
Seat 6: 6a8114ef (button) folded on the Turn


Poker Hand #HD1788693106: Hold'em No Limit ($0.05/$0.1) - 2024/05/26 18:45:46
Table 'NLHRed36' 6-max Seat #5 is the button
Seat 1: f4e5814c ($11.01 in chips)
Seat 2: Hero ($15.65 in chips)
Seat 3: 93e379ff ($11.15 in chips)
Seat 4: 32c7fb33 ($10 in chips)
Seat 5: 3d1088aa ($10.54 in chips)
Seat 6: 6a8114ef ($9.7 in chips)
6a8114ef: posts small blind $0.05
f4e5814c: posts big blind $0.1
32c7fb33: posts big blind $0.1
*** HOLE CARDS ***
Dealt to f4e5814c 
Dealt to Hero [Ac Qd]
Dealt to 93e379ff 
Dealt to 32c7fb33 
Dealt to 3d1088aa 
Dealt to 6a8114ef 
Hero: raises $0.3 to $0.4
93e379ff: folds
32c7fb33: calls $0.3
3d1088aa: folds
6a8114ef: folds
f4e5814c: folds
*** FLOP *** [4h Ks Td]
Hero: bets $0.4
32c7fb33: calls $0.4
*** TURN *** [4h Ks Td] [9h]
Hero: checks
32c7fb33: checks
*** RIVER *** [4h Ks Td 9h] [8h]
Hero: bets $0.9
32c7fb33: folds
Uncalled bet ($0.9) returned to Hero
*** SHOWDOWN ***
Hero collected $1.67 from pot
*** SUMMARY ***
Total pot $1.75 | Rake $0.08 | Jackpot $0 | Bingo $0 | Fortune $0 | Tax $0
Board [4h Ks Td 9h 8h]
Seat 1: f4e5814c (big blind) folded before Flop
Seat 2: Hero won ($1.67)
Seat 3: 93e379ff folded before Flop (didn't bet)
Seat 4: 32c7fb33 folded on the River
Seat 5: 3d1088aa (button) folded before Flop (didn't bet)
Seat 6: 6a8114ef (small blind) folded before Flop


Poker Hand #HD1788693087: Hold'em No Limit ($0.05/$0.1) - 2024/05/26 18:45:30
Table 'NLHRed36' 6-max Seat #3 is the button
Seat 1: f4e5814c ($11.01 in chips)
Seat 2: Hero ($15.65 in chips)
Seat 3: 93e379ff ($11 in chips)
Seat 5: 3d1088aa ($10.59 in chips)
Seat 6: 6a8114ef ($9.8 in chips)
3d1088aa: posts small blind $0.05
6a8114ef: posts big blind $0.1
*** HOLE CARDS ***
Dealt to f4e5814c 
Dealt to Hero [6s 9s]
Dealt to 93e379ff 
Dealt to 3d1088aa 
Dealt to 6a8114ef 
f4e5814c: folds
Hero: folds
93e379ff: raises $0.15 to $0.25
3d1088aa: folds
6a8114ef: folds
Uncalled bet ($0.15) returned to 93e379ff
*** SHOWDOWN ***
93e379ff collected $0.25 from pot
*** SUMMARY ***
Total pot $0.25 | Rake $0 | Jackpot $0 | Bingo $0 | Fortune $0 | Tax $0
Seat 1: f4e5814c folded before Flop (didn't bet)
Seat 2: Hero folded before Flop (didn't bet)
Seat 3: 93e379ff (button) collected ($0.25)
Seat 5: 3d1088aa (small blind) folded before Flop
Seat 6: 6a8114ef (big blind) folded before Flop


Poker Hand #HD1788692977: Hold'em No Limit ($0.05/$0.1) - 2024/05/26 18:44:14
Table 'NLHRed36' 6-max Seat #2 is the button
Seat 2: Hero ($15.65 in chips)
Seat 3: 93e379ff ($11.05 in chips)
Seat 5: 3d1088aa ($10.04 in chips)
Seat 6: 6a8114ef ($10.35 in chips)
93e379ff: posts small blind $0.05
3d1088aa: posts big blind $0.1
*** HOLE CARDS ***
Dealt to Hero [Kc 5s]
Dealt to 93e379ff 
Dealt to 3d1088aa 
Dealt to 6a8114ef 
6a8114ef: raises $0.16 to $0.26
Hero: folds
93e379ff: folds
3d1088aa: calls $0.16
*** FLOP *** [Ac 6s 4s]
3d1088aa: checks
6a8114ef: bets $0.29
3d1088aa: calls $0.29
*** TURN *** [Ac 6s 4s] [2s]
3d1088aa: checks
6a8114ef: checks
*** RIVER *** [Ac 6s 4s 2s] [2h]
3d1088aa: bets $0.38
6a8114ef: folds
Uncalled bet ($0.38) returned to 3d1088aa
*** SHOWDOWN ***
3d1088aa collected $1.1 from pot
*** SUMMARY ***
Total pot $1.15 | Rake $0.05 | Jackpot $0 | Bingo $0 | Fortune $0 | Tax $0
Board [Ac 6s 4s 2s 2h]
Seat 2: Hero (button) folded before Flop (didn't bet)
Seat 3: 93e379ff (small blind) folded before Flop
Seat 5: 3d1088aa (big blind) won ($1.1)
Seat 6: 6a8114ef folded on the River


Poker Hand #HD1788692900: Hold'em No Limit ($0.05/$0.1) - 2024/05/26 18:43:23
Table 'NLHRed36' 6-max Seat #1 is the button
Seat 1: f4e5814c ($11.01 in chips)
Seat 2: Hero ($15.7 in chips)
Seat 3: 93e379ff ($11.15 in chips)
Seat 4: 428d77f9 ($10 in chips)
Seat 5: 3d1088aa ($10.04 in chips)
Seat 6: 6a8114ef ($10.2 in chips)
Hero: posts small blind $0.05
93e379ff: posts big blind $0.1
*** HOLE CARDS ***
Dealt to f4e5814c 
Dealt to Hero [Jc 5s]
Dealt to 93e379ff 
Dealt to 428d77f9 
Dealt to 3d1088aa 
Dealt to 6a8114ef 
428d77f9: folds
3d1088aa: folds
6a8114ef: raises $0.11 to $0.21
f4e5814c: folds
Hero: folds
93e379ff: folds
Uncalled bet ($0.11) returned to 6a8114ef
*** SHOWDOWN ***
6a8114ef collected $0.25 from pot
*** SUMMARY ***
Total pot $0.25 | Rake $0 | Jackpot $0 | Bingo $0 | Fortune $0 | Tax $0
Seat 1: f4e5814c (button) folded before Flop (didn't bet)
Seat 2: Hero (small blind) folded before Flop
Seat 3: 93e379ff (big blind) folded before Flop
Seat 4: 428d77f9 folded before Flop (didn't bet)
Seat 5: 3d1088aa folded before Flop (didn't bet)
Seat 6: 6a8114ef collected ($0.25)


Poker Hand #HD1788692827: Hold'em No Limit ($0.05/$0.1) - 2024/05/26 18:42:34
Table 'NLHRed36' 6-max Seat #6 is the button
Seat 1: f4e5814c ($11.06 in chips)
Seat 2: Hero ($15.8 in chips)
Seat 3: 93e379ff ($11.15 in chips)
Seat 4: 428d77f9 ($10 in chips)
Seat 5: 3d1088aa ($10.51 in chips)
Seat 6: 6a8114ef ($9.63 in chips)
f4e5814c: posts small blind $0.05
Hero: posts big blind $0.1
*** HOLE CARDS ***
Dealt to f4e5814c 
Dealt to Hero [3d Jc]
Dealt to 93e379ff 
Dealt to 428d77f9 
Dealt to 3d1088aa 
Dealt to 6a8114ef 
93e379ff: folds
428d77f9: folds
3d1088aa: raises $0.15 to $0.25
6a8114ef: raises $0.22 to $0.47
f4e5814c: folds
Hero: folds
3d1088aa: calls $0.22
*** FLOP *** [2c Jh 5s]
3d1088aa: checks
6a8114ef: bets $0.36
3d1088aa: folds
Uncalled bet ($0.36) returned to 6a8114ef
*** SHOWDOWN ***
6a8114ef collected $1.04 from pot
*** SUMMARY ***
Total pot $1.09 | Rake $0.05 | Jackpot $0 | Bingo $0 | Fortune $0 | Tax $0
Board [2c Jh 5s]
Seat 1: f4e5814c (small blind) folded before Flop
Seat 2: Hero (big blind) folded before Flop
Seat 3: 93e379ff folded before Flop (didn't bet)
Seat 4: 428d77f9 folded before Flop (didn't bet)
Seat 5: 3d1088aa folded on the Flop
Seat 6: 6a8114ef (button) won ($1.04)


Poker Hand #HD1788692746: Hold'em No Limit ($0.05/$0.1) - 2024/05/26 18:41:37
Table 'NLHRed36' 6-max Seat #5 is the button
Seat 1: f4e5814c ($10.74 in chips)
Seat 2: Hero ($15.8 in chips)
Seat 3: 93e379ff ($11.15 in chips)
Seat 4: 428d77f9 ($10.09 in chips)
Seat 5: 3d1088aa ($10.51 in chips)
Seat 6: 6a8114ef ($9.68 in chips)
6a8114ef: posts small blind $0.05
f4e5814c: posts big blind $0.1
*** HOLE CARDS ***
Dealt to f4e5814c 
Dealt to Hero [Js 6c]
Dealt to 93e379ff 
Dealt to 428d77f9 
Dealt to 3d1088aa 
Dealt to 6a8114ef 
Hero: folds
93e379ff: folds
428d77f9: raises $0.2 to $0.3
3d1088aa: folds
6a8114ef: folds
f4e5814c: calls $0.2
*** FLOP *** [7s Kh 4c]
f4e5814c: checks
428d77f9: checks
*** TURN *** [7s Kh 4c] [5s]
f4e5814c: bets $0.49
428d77f9: folds
Uncalled bet ($0.49) returned to f4e5814c
*** SHOWDOWN ***
f4e5814c collected $0.62 from pot
*** SUMMARY ***
Total pot $0.65 | Rake $0.03 | Jackpot $0 | Bingo $0 | Fortune $0 | Tax $0
Board [7s Kh 4c 5s]
Seat 1: f4e5814c (big blind) won ($0.62)
Seat 2: Hero folded before Flop (didn't bet)
Seat 3: 93e379ff folded before Flop (didn't bet)
Seat 4: 428d77f9 folded on the Turn
Seat 5: 3d1088aa (button) folded before Flop (didn't bet)
Seat 6: 6a8114ef (small blind) folded before Flop


Poker Hand #HD1788692712: Hold'em No Limit ($0.05/$0.1) - 2024/05/26 18:41:13
Table 'NLHRed36' 6-max Seat #4 is the button
Seat 1: f4e5814c ($10.74 in chips)
Seat 2: Hero ($15.8 in chips)
Seat 3: 93e379ff ($11.15 in chips)
Seat 4: 428d77f9 ($10.09 in chips)
Seat 5: 3d1088aa ($10.56 in chips)
Seat 6: 6a8114ef ($9.63 in chips)
3d1088aa: posts small blind $0.05
6a8114ef: posts big blind $0.1
*** HOLE CARDS ***
Dealt to f4e5814c 
Dealt to Hero [Qs 5h]
Dealt to 93e379ff 
Dealt to 428d77f9 
Dealt to 3d1088aa 
Dealt to 6a8114ef 
f4e5814c: folds
Hero: folds
93e379ff: folds
428d77f9: folds
3d1088aa: folds
Uncalled bet ($0.05) returned to 6a8114ef
*** SHOWDOWN ***
6a8114ef collected $0.1 from pot
*** SUMMARY ***
Total pot $0.1 | Rake $0 | Jackpot $0 | Bingo $0 | Fortune $0 | Tax $0
Seat 1: f4e5814c folded before Flop (didn't bet)
Seat 2: Hero folded before Flop (didn't bet)
Seat 3: 93e379ff folded before Flop (didn't bet)
Seat 4: 428d77f9 (button) folded before Flop (didn't bet)
Seat 5: 3d1088aa (small blind) folded before Flop
Seat 6: 6a8114ef (big blind) collected ($0.1)


Poker Hand #HD1788692517: Hold'em No Limit ($0.05/$0.1) - 2024/05/26 18:38:59
Table 'NLHRed36' 6-max Seat #3 is the button
Seat 1: f4e5814c ($10.74 in chips)
Seat 2: Hero ($13.83 in chips)
Seat 3: 93e379ff ($11.15 in chips)
Seat 4: 428d77f9 ($12.13 in chips)
Seat 5: 3d1088aa ($10.8 in chips)
Seat 6: 6a8114ef ($9.63 in chips)
428d77f9: posts small blind $0.05
3d1088aa: posts big blind $0.1
*** HOLE CARDS ***
Dealt to f4e5814c 
Dealt to Hero [Qh 9c]
Dealt to 93e379ff 
Dealt to 428d77f9 
Dealt to 3d1088aa 
Dealt to 6a8114ef 
6a8114ef: folds
f4e5814c: folds
Hero: raises $0.14 to $0.24
93e379ff: folds
428d77f9: calls $0.19
3d1088aa: calls $0.14
*** FLOP *** [Qc 2d Th]
428d77f9: checks
3d1088aa: checks
Hero: bets $0.3
428d77f9: raises $0.6 to $0.9
3d1088aa: folds
Hero: calls $0.6
*** TURN *** [Qc 2d Th] [Td]
428d77f9: bets $0.9
Hero: calls $0.9
*** RIVER *** [Qc 2d Th Td] [Tc]
428d77f9: checks
Hero: bets $2
428d77f9: folds
Uncalled bet ($2) returned to Hero
*** SHOWDOWN ***
Hero collected $4.01 from pot
*** SUMMARY ***
Total pot $4.32 | Rake $0.21 | Jackpot $0.1 | Bingo $0 | Fortune $0 | Tax $0
Board [Qc 2d Th Td Tc]
Seat 1: f4e5814c folded before Flop (didn't bet)
Seat 2: Hero won ($4.01)
Seat 3: 93e379ff (button) folded before Flop (didn't bet)
Seat 4: 428d77f9 (small blind) folded on the River
Seat 5: 3d1088aa (big blind) folded on the Flop
Seat 6: 6a8114ef folded before Flop (didn't bet)


Poker Hand #HD1788692332: Hold'em No Limit ($0.05/$0.1) - 2024/05/26 18:36:58
Table 'NLHRed36' 6-max Seat #2 is the button
Seat 1: f4e5814c ($10 in chips)
Seat 2: Hero ($13.83 in chips)
Seat 3: 93e379ff ($11.2 in chips)
Seat 4: 428d77f9 ($12.5 in chips)
Seat 5: 3d1088aa ($10.8 in chips)
Seat 6: 6a8114ef ($10 in chips)
93e379ff: posts small blind $0.05
428d77f9: posts big blind $0.1
6a8114ef: posts big blind $0.1
f4e5814c: posts big blind $0.1
*** HOLE CARDS ***
Dealt to f4e5814c 
Dealt to Hero [Jh 7h]
Dealt to 93e379ff 
Dealt to 428d77f9 
Dealt to 3d1088aa 
Dealt to 6a8114ef 
3d1088aa: folds
6a8114ef: checks
f4e5814c: checks
Hero: folds
93e379ff: folds
428d77f9: checks
*** FLOP *** [6d Jc 8s]
428d77f9: checks
6a8114ef: bets $0.27
f4e5814c: calls $0.27
428d77f9: calls $0.27
*** TURN *** [6d Jc 8s] [Qd]
428d77f9: checks
6a8114ef: checks
f4e5814c: checks
*** RIVER *** [6d Jc 8s Qd] [2c]
428d77f9: checks
6a8114ef: checks
f4e5814c: bets $1.35
428d77f9: folds
6a8114ef: folds
Uncalled bet ($1.35) returned to f4e5814c
*** SHOWDOWN ***
f4e5814c collected $1.11 from pot
*** SUMMARY ***
Total pot $1.16 | Rake $0.05 | Jackpot $0 | Bingo $0 | Fortune $0 | Tax $0
Board [6d Jc 8s Qd 2c]
Seat 1: f4e5814c won ($1.11)
Seat 2: Hero (button) folded before Flop (didn't bet)
Seat 3: 93e379ff (small blind) folded before Flop
Seat 4: 428d77f9 (big blind) folded on the River
Seat 5: 3d1088aa folded before Flop (didn't bet)
Seat 6: 6a8114ef folded on the River


Poker Hand #HD1788692315: Hold'em No Limit ($0.05/$0.1) - 2024/05/26 18:36:48
Table 'NLHRed36' 6-max Seat #5 is the button
Seat 2: Hero ($13.88 in chips)
Seat 3: 93e379ff ($11.15 in chips)
Seat 4: 428d77f9 ($12.5 in chips)
Seat 5: 3d1088aa ($10.8 in chips)
Hero: posts small blind $0.05
93e379ff: posts big blind $0.1
*** HOLE CARDS ***
Dealt to Hero [7h Ks]
Dealt to 93e379ff 
Dealt to 428d77f9 
Dealt to 3d1088aa 
428d77f9: folds
3d1088aa: folds
Hero: folds
Uncalled bet ($0.05) returned to 93e379ff
*** SHOWDOWN ***
93e379ff collected $0.1 from pot
*** SUMMARY ***
Total pot $0.1 | Rake $0 | Jackpot $0 | Bingo $0 | Fortune $0 | Tax $0
Seat 2: Hero (small blind) folded before Flop
Seat 3: 93e379ff (big blind) collected ($0.1)
Seat 4: 428d77f9 folded before Flop (didn't bet)
Seat 5: 3d1088aa (button) folded before Flop (didn't bet)


Poker Hand #HD1788692246: Hold'em No Limit ($0.05/$0.1) - 2024/05/26 18:36:02
Table 'NLHRed36' 6-max Seat #4 is the button
Seat 2: Hero ($14.13 in chips)
Seat 3: 93e379ff ($10.87 in chips)
Seat 4: 428d77f9 ($12.5 in chips)
Seat 5: 3d1088aa ($10.85 in chips)
3d1088aa: posts small blind $0.05
Hero: posts big blind $0.1
*** HOLE CARDS ***
Dealt to Hero [5h 7h]
Dealt to 93e379ff 
Dealt to 428d77f9 
Dealt to 3d1088aa 
93e379ff: raises $0.15 to $0.25
428d77f9: folds
3d1088aa: folds
Hero: calls $0.15
*** FLOP *** [8c 2c Jh]
Hero: checks
93e379ff: checks
*** TURN *** [8c 2c Jh] [Jd]
Hero: checks
93e379ff: bets $0.28
Hero: folds
Uncalled bet ($0.28) returned to 93e379ff
*** SHOWDOWN ***
93e379ff collected $0.53 from pot
*** SUMMARY ***
Total pot $0.55 | Rake $0.02 | Jackpot $0 | Bingo $0 | Fortune $0 | Tax $0
Board [8c 2c Jh Jd]
Seat 2: Hero (big blind) folded on the Turn
Seat 3: 93e379ff won ($0.53)
Seat 4: 428d77f9 (button) folded before Flop (didn't bet)
Seat 5: 3d1088aa (small blind) folded before Flop


Poker Hand #HD1788692118: Hold'em No Limit ($0.05/$0.1) - 2024/05/26 18:34:42
Table 'NLHRed36' 6-max Seat #3 is the button
Seat 1: 78c66293 ($2.77 in chips)
Seat 2: Hero ($14.13 in chips)
Seat 3: 93e379ff ($10.87 in chips)
Seat 4: 428d77f9 ($10 in chips)
Seat 5: 3d1088aa ($10.95 in chips)
428d77f9: posts small blind $0.05
3d1088aa: posts big blind $0.1
*** HOLE CARDS ***
Dealt to 78c66293 
Dealt to Hero [9c 4c]
Dealt to 93e379ff 
Dealt to 428d77f9 
Dealt to 3d1088aa 
78c66293: raises $0.1 to $0.2
Hero: folds
93e379ff: folds
428d77f9: raises $0.68 to $0.88
3d1088aa: folds
78c66293: raises $1.89 to $2.77 and is all-in
428d77f9: calls $1.89
78c66293: shows [Kc Qh]
428d77f9: shows [Ac Kd]
*** FLOP *** [Th 6h 3c]
*** TURN *** [Th 6h 3c] [4d]
*** RIVER *** [Th 6h 3c 4d] [6d]
*** SHOWDOWN ***
428d77f9 collected $5.27 from pot
*** SUMMARY ***
Total pot $5.64 | Rake $0.27 | Jackpot $0.1 | Bingo $0 | Fortune $0 | Tax $0
Board [Th 6h 3c 4d 6d]
Seat 1: 78c66293 showed [Kc Qh] and lost with Pair of Sixes
Seat 2: Hero folded before Flop (didn't bet)
Seat 3: 93e379ff (button) folded before Flop (didn't bet)
Seat 4: 428d77f9 (small blind) showed [Ac Kd] and won ($5.27) with Pair of Sixes
Seat 5: 3d1088aa (big blind) folded before Flop


Poker Hand #HD1788692082: Hold'em No Limit ($0.05/$0.1) - 2024/05/26 18:34:22
Table 'NLHRed36' 6-max Seat #2 is the button
Seat 1: 78c66293 ($2.62 in chips)
Seat 2: Hero ($14.13 in chips)
Seat 3: 93e379ff ($10.92 in chips)
Seat 4: 428d77f9 ($10 in chips)
Seat 5: 3d1088aa ($10.95 in chips)
93e379ff: posts small blind $0.05
428d77f9: posts big blind $0.1
*** HOLE CARDS ***
Dealt to 78c66293 
Dealt to Hero [2d 8c]
Dealt to 93e379ff 
Dealt to 428d77f9 
Dealt to 3d1088aa 
3d1088aa: folds
78c66293: raises $0.1 to $0.2
Hero: folds
93e379ff: folds
428d77f9: folds
Uncalled bet ($0.1) returned to 78c66293
*** SHOWDOWN ***
78c66293 collected $0.25 from pot
*** SUMMARY ***
Total pot $0.25 | Rake $0 | Jackpot $0 | Bingo $0 | Fortune $0 | Tax $0
Seat 1: 78c66293 collected ($0.25)
Seat 2: Hero (button) folded before Flop (didn't bet)
Seat 3: 93e379ff (small blind) folded before Flop
Seat 4: 428d77f9 (big blind) folded before Flop
Seat 5: 3d1088aa folded before Flop (didn't bet)


Poker Hand #HD1788691993: Hold'em No Limit ($0.05/$0.1) - 2024/05/26 18:33:24
Table 'NLHRed36' 6-max Seat #1 is the button
Seat 1: 78c66293 ($2.72 in chips)
Seat 2: Hero ($14.18 in chips)
Seat 3: 93e379ff ($10.78 in chips)
Seat 5: 3d1088aa ($10.95 in chips)
Hero: posts small blind $0.05
93e379ff: posts big blind $0.1
*** HOLE CARDS ***
Dealt to 78c66293 
Dealt to Hero [7s Kc]
Dealt to 93e379ff 
Dealt to 3d1088aa 
3d1088aa: folds
78c66293: calls $0.1
Hero: folds
93e379ff: checks
*** FLOP *** [Ac 5c 5h]
93e379ff: checks
78c66293: checks
*** TURN *** [Ac 5c 5h] [3h]
93e379ff: checks
78c66293: checks
*** RIVER *** [Ac 5c 5h 3h] [Td]
93e379ff: checks
78c66293: checks
93e379ff: shows [9h Js] (Pair of Fives)
78c66293: shows [7c 8c] (Pair of Fives)
*** SHOWDOWN ***
93e379ff collected $0.24 from pot
*** SUMMARY ***
Total pot $0.25 | Rake $0.01 | Jackpot $0 | Bingo $0 | Fortune $0 | Tax $0
Board [Ac 5c 5h 3h Td]
Seat 1: 78c66293 (button) showed [7c 8c] and lost with Pair of Fives
Seat 2: Hero (small blind) folded before Flop
Seat 3: 93e379ff (big blind) showed [9h Js] and won ($0.24) with Pair of Fives
Seat 5: 3d1088aa folded before Flop (didn't bet)


Poker Hand #HD1788691961: Hold'em No Limit ($0.05/$0.1) - 2024/05/26 18:33:02
Table 'NLHRed36' 6-max Seat #5 is the button
Seat 1: 78c66293 ($2.82 in chips)
Seat 2: Hero ($14.03 in chips)
Seat 3: 93e379ff ($10.78 in chips)
Seat 5: 3d1088aa ($10.95 in chips)
Seat 6: 322f5afc ($13.75 in chips)
322f5afc: posts small blind $0.05
78c66293: posts big blind $0.1
*** HOLE CARDS ***
Dealt to 78c66293 
Dealt to Hero [Ts Ah]
Dealt to 93e379ff 
Dealt to 3d1088aa 
Dealt to 322f5afc 
Hero: raises $0.14 to $0.24
93e379ff: folds
3d1088aa: folds
322f5afc: folds
78c66293: folds
Uncalled bet ($0.14) returned to Hero
*** SHOWDOWN ***
Hero collected $0.25 from pot
*** SUMMARY ***
Total pot $0.25 | Rake $0 | Jackpot $0 | Bingo $0 | Fortune $0 | Tax $0
Seat 1: 78c66293 (big blind) folded before Flop
Seat 2: Hero collected ($0.25)
Seat 3: 93e379ff folded before Flop (didn't bet)
Seat 5: 3d1088aa (button) folded before Flop (didn't bet)
Seat 6: 322f5afc (small blind) folded before Flop


Poker Hand #HD1788691935: Hold'em No Limit ($0.05/$0.1) - 2024/05/26 18:32:44
Table 'NLHRed36' 6-max Seat #3 is the button
Seat 1: 78c66293 ($2.82 in chips)
Seat 2: Hero ($13.88 in chips)
Seat 3: 93e379ff ($10.78 in chips)
Seat 5: 3d1088aa ($11 in chips)
Seat 6: 322f5afc ($13.85 in chips)
3d1088aa: posts small blind $0.05
322f5afc: posts big blind $0.1
*** HOLE CARDS ***
Dealt to 78c66293 
Dealt to Hero [Ac 8c]
Dealt to 93e379ff 
Dealt to 3d1088aa 
Dealt to 322f5afc 
78c66293: folds
Hero: raises $0.14 to $0.24
93e379ff: folds
3d1088aa: folds
322f5afc: folds
Uncalled bet ($0.14) returned to Hero
*** SHOWDOWN ***
Hero collected $0.25 from pot
*** SUMMARY ***
Total pot $0.25 | Rake $0 | Jackpot $0 | Bingo $0 | Fortune $0 | Tax $0
Seat 1: 78c66293 folded before Flop (didn't bet)
Seat 2: Hero collected ($0.25)
Seat 3: 93e379ff (button) folded before Flop (didn't bet)
Seat 5: 3d1088aa (small blind) folded before Flop
Seat 6: 322f5afc (big blind) folded before Flop


Poker Hand #HD1788691902: Hold'em No Limit ($0.05/$0.1) - 2024/05/26 18:32:22
Table 'NLHRed36' 6-max Seat #2 is the button
Seat 1: 78c66293 ($3.02 in chips)
Seat 2: Hero ($13.88 in chips)
Seat 3: 93e379ff ($10.5 in chips)
Seat 4: 9a5535d4 ($14.92 in chips)
Seat 5: 3d1088aa ($11 in chips)
Seat 6: 322f5afc ($13.85 in chips)
93e379ff: posts small blind $0.05
9a5535d4: posts big blind $0.1
*** HOLE CARDS ***
Dealt to 78c66293 
Dealt to Hero [Ts Qd]
Dealt to 93e379ff 
Dealt to 9a5535d4 
Dealt to 3d1088aa 
Dealt to 322f5afc 
3d1088aa: folds
322f5afc: folds
78c66293: raises $0.1 to $0.2
Hero: folds
93e379ff: raises $0.7 to $0.9
9a5535d4: folds
78c66293: folds
Uncalled bet ($0.7) returned to 93e379ff
*** SHOWDOWN ***
93e379ff collected $0.48 from pot
*** SUMMARY ***
Total pot $0.5 | Rake $0.02 | Jackpot $0 | Bingo $0 | Fortune $0 | Tax $0
Seat 1: 78c66293 folded before Flop
Seat 2: Hero (button) folded before Flop (didn't bet)
Seat 3: 93e379ff (small blind) collected ($0.48)
Seat 4: 9a5535d4 (big blind) folded before Flop
Seat 5: 3d1088aa folded before Flop (didn't bet)
Seat 6: 322f5afc folded before Flop (didn't bet)


Poker Hand #HD1788691704: Hold'em No Limit ($0.05/$0.1) - 2024/05/26 18:30:08
Table 'NLHRed36' 6-max Seat #1 is the button
Seat 1: 78c66293 ($3.02 in chips)
Seat 2: Hero ($21.73 in chips)
Seat 3: 93e379ff ($10.6 in chips)
Seat 4: 9a5535d4 ($7.85 in chips)
Seat 5: 3d1088aa ($11 in chips)
Seat 6: 322f5afc ($13.85 in chips)
Hero: posts small blind $0.05
93e379ff: posts big blind $0.1
*** HOLE CARDS ***
Dealt to 78c66293 
Dealt to Hero [9d 9h]
Dealt to 93e379ff 
Dealt to 9a5535d4 
Dealt to 3d1088aa 
Dealt to 322f5afc 
9a5535d4: raises $0.2 to $0.3
3d1088aa: folds
322f5afc: folds
78c66293: folds
Hero: raises $0.9 to $1.2
93e379ff: folds
9a5535d4: calls $0.9
*** FLOP *** [3c Js 2c]
Hero: bets $0.8
9a5535d4: calls $0.8
*** TURN *** [3c Js 2c] [5s]
Hero: checks
9a5535d4: bets $1.36
Hero: calls $1.36
*** RIVER *** [3c Js 2c 5s] [8d]
Hero: checks
9a5535d4: bets $4.49 and is all-in
Hero: calls $4.49
9a5535d4: shows [Ah As] (Pair of Aces)
Hero: shows [9d 9h] (Pair of Nines)
*** SHOWDOWN ***
9a5535d4 collected $14.92 from pot
*** SUMMARY ***
Total pot $15.8 | Rake $0.78 | Jackpot $0.1 | Bingo $0 | Fortune $0 | Tax $0
Board [3c Js 2c 5s 8d]
Seat 1: 78c66293 (button) folded before Flop (didn't bet)
Seat 2: Hero (small blind) showed [9d 9h] and lost with Pair of Nines
Seat 3: 93e379ff (big blind) folded before Flop
Seat 4: 9a5535d4 showed [Ah As] and won ($14.92) with Pair of Aces
Seat 5: 3d1088aa folded before Flop (didn't bet)
Seat 6: 322f5afc folded before Flop (didn't bet)


Poker Hand #HD1788691629: Hold'em No Limit ($0.05/$0.1) - 2024/05/26 18:29:16
Table 'NLHRed36' 6-max Seat #6 is the button
Seat 1: 78c66293 ($2.3 in chips)
Seat 2: Hero ($22.53 in chips)
Seat 3: 93e379ff ($10.6 in chips)
Seat 4: 9a5535d4 ($7.85 in chips)
Seat 5: 3d1088aa ($11 in chips)
Seat 6: 322f5afc ($13.85 in chips)
78c66293: posts small blind $0.05
Hero: posts big blind $0.1
*** HOLE CARDS ***
Dealt to 78c66293 
Dealt to Hero [4h As]
Dealt to 93e379ff 
Dealt to 9a5535d4 
Dealt to 3d1088aa 
Dealt to 322f5afc 
93e379ff: folds
9a5535d4: folds
3d1088aa: folds
322f5afc: folds
78c66293: raises $0.15 to $0.25
Hero: calls $0.15
*** FLOP *** [4d 9c 3d]
78c66293: bets $0.15
Hero: calls $0.15
*** TURN *** [4d 9c 3d] [5c]
78c66293: bets $0.4
Hero: calls $0.4
*** RIVER *** [4d 9c 3d 5c] [Kh]
78c66293: checks
Hero: checks
78c66293: shows [Jc Jd] (Pair of Jacks)
Hero: shows [4h As] (Pair of Fours)
*** SHOWDOWN ***
78c66293 collected $1.52 from pot
*** SUMMARY ***
Total pot $1.6 | Rake $0.08 | Jackpot $0 | Bingo $0 | Fortune $0 | Tax $0
Board [4d 9c 3d 5c Kh]
Seat 1: 78c66293 (small blind) showed [Jc Jd] and won ($1.52) with Pair of Jacks
Seat 2: Hero (big blind) showed [4h As] and lost with Pair of Fours
Seat 3: 93e379ff folded before Flop (didn't bet)
Seat 4: 9a5535d4 folded before Flop (didn't bet)
Seat 5: 3d1088aa folded before Flop (didn't bet)
Seat 6: 322f5afc (button) folded before Flop (didn't bet)


Poker Hand #HD1788691542: Hold'em No Limit ($0.05/$0.1) - 2024/05/26 18:28:12
Table 'NLHRed36' 6-max Seat #5 is the button
Seat 1: 78c66293 ($2.5 in chips)
Seat 2: Hero ($22.73 in chips)
Seat 3: 93e379ff ($11.23 in chips)
Seat 4: 9a5535d4 ($7.85 in chips)
Seat 5: 3d1088aa ($10 in chips)
Seat 6: 322f5afc ($13.9 in chips)
322f5afc: posts small blind $0.05
78c66293: posts big blind $0.1
*** HOLE CARDS ***
Dealt to 78c66293 
Dealt to Hero [Jd Ac]
Dealt to 93e379ff 
Dealt to 9a5535d4 
Dealt to 3d1088aa 
Dealt to 322f5afc 
Hero: raises $0.1 to $0.2
93e379ff: calls $0.2
9a5535d4: folds
3d1088aa: calls $0.2
322f5afc: folds
78c66293: calls $0.1
*** FLOP *** [2s 6d 2h]
78c66293: checks
Hero: checks
93e379ff: checks
3d1088aa: bets $0.43
78c66293: folds
Hero: folds
93e379ff: calls $0.43
*** TURN *** [2s 6d 2h] [8h]
93e379ff: checks
3d1088aa: bets $1.29
93e379ff: folds
Uncalled bet ($1.29) returned to 3d1088aa
*** SHOWDOWN ***
3d1088aa collected $1.63 from pot
*** SUMMARY ***
Total pot $1.71 | Rake $0.08 | Jackpot $0 | Bingo $0 | Fortune $0 | Tax $0
Board [2s 6d 2h 8h]
Seat 1: 78c66293 (big blind) folded on the Flop
Seat 2: Hero folded on the Flop
Seat 3: 93e379ff folded on the Turn
Seat 4: 9a5535d4 folded before Flop (didn't bet)
Seat 5: 3d1088aa (button) won ($1.63)
Seat 6: 322f5afc (small blind) folded before Flop


Poker Hand #HD1788691491: Hold'em No Limit ($0.05/$0.1) - 2024/05/26 18:27:33
Table 'NLHRed36' 6-max Seat #4 is the button
Seat 1: 78c66293 ($2.5 in chips)
Seat 2: Hero ($22.73 in chips)
Seat 3: 93e379ff ($11.23 in chips)
Seat 4: 9a5535d4 ($7.85 in chips)
Seat 5: 3d1088aa ($10 in chips)
Seat 6: 322f5afc ($13.67 in chips)
3d1088aa: posts small blind $0.05
322f5afc: posts big blind $0.1
*** HOLE CARDS ***
Dealt to 78c66293 
Dealt to Hero [3s Td]
Dealt to 93e379ff 
Dealt to 9a5535d4 
Dealt to 3d1088aa 
Dealt to 322f5afc 
78c66293: folds
Hero: folds
93e379ff: folds
9a5535d4: folds
3d1088aa: raises $0.15 to $0.25
322f5afc: raises $0.65 to $0.9
3d1088aa: folds
Uncalled bet ($0.65) returned to 322f5afc
*** SHOWDOWN ***
322f5afc collected $0.48 from pot
*** SUMMARY ***
Total pot $0.5 | Rake $0.02 | Jackpot $0 | Bingo $0 | Fortune $0 | Tax $0
Seat 1: 78c66293 folded before Flop (didn't bet)
Seat 2: Hero folded before Flop (didn't bet)
Seat 3: 93e379ff folded before Flop (didn't bet)
Seat 4: 9a5535d4 (button) folded before Flop (didn't bet)
Seat 5: 3d1088aa (small blind) folded before Flop
Seat 6: 322f5afc (big blind) collected ($0.48)


Poker Hand #HD1788691459: Hold'em No Limit ($0.05/$0.1) - 2024/05/26 18:27:13
Table 'NLHRed36' 6-max Seat #3 is the button
Seat 1: 78c66293 ($2.5 in chips)
Seat 2: Hero ($22.73 in chips)
Seat 3: 93e379ff ($11.08 in chips)
Seat 4: 9a5535d4 ($7.9 in chips)
Seat 5: 3d1088aa ($10 in chips)
Seat 6: 322f5afc ($13.67 in chips)
9a5535d4: posts small blind $0.05
3d1088aa: posts big blind $0.1
*** HOLE CARDS ***
Dealt to 78c66293 
Dealt to Hero [6s 2c]
Dealt to 93e379ff 
Dealt to 9a5535d4 
Dealt to 3d1088aa 
Dealt to 322f5afc 
322f5afc: folds
78c66293: folds
Hero: folds
93e379ff: raises $0.15 to $0.25
9a5535d4: folds
3d1088aa: folds
Uncalled bet ($0.15) returned to 93e379ff
*** SHOWDOWN ***
93e379ff collected $0.25 from pot
*** SUMMARY ***
Total pot $0.25 | Rake $0 | Jackpot $0 | Bingo $0 | Fortune $0 | Tax $0
Seat 1: 78c66293 folded before Flop (didn't bet)
Seat 2: Hero folded before Flop (didn't bet)
Seat 3: 93e379ff (button) collected ($0.25)
Seat 4: 9a5535d4 (small blind) folded before Flop
Seat 5: 3d1088aa (big blind) folded before Flop
Seat 6: 322f5afc folded before Flop (didn't bet)


Poker Hand #HD1788691442: Hold'em No Limit ($0.05/$0.1) - 2024/05/26 18:27:00
Table 'NLHRed36' 6-max Seat #2 is the button
Seat 1: 78c66293 ($2.5 in chips)
Seat 2: Hero ($22.73 in chips)
Seat 3: 93e379ff ($11.13 in chips)
Seat 4: 9a5535d4 ($7.85 in chips)
Seat 6: 322f5afc ($13.67 in chips)
93e379ff: posts small blind $0.05
9a5535d4: posts big blind $0.1
*** HOLE CARDS ***
Dealt to 78c66293 
Dealt to Hero [2d 7c]
Dealt to 93e379ff 
Dealt to 9a5535d4 
Dealt to 322f5afc 
322f5afc: folds
78c66293: folds
Hero: folds
93e379ff: folds
Uncalled bet ($0.05) returned to 9a5535d4
*** SHOWDOWN ***
9a5535d4 collected $0.1 from pot
*** SUMMARY ***
Total pot $0.1 | Rake $0 | Jackpot $0 | Bingo $0 | Fortune $0 | Tax $0
Seat 1: 78c66293 folded before Flop (didn't bet)
Seat 2: Hero (button) folded before Flop (didn't bet)
Seat 3: 93e379ff (small blind) folded before Flop
Seat 4: 9a5535d4 (big blind) collected ($0.1)
Seat 6: 322f5afc folded before Flop (didn't bet)


Poker Hand #HD1788691316: Hold'em No Limit ($0.05/$0.1) - 2024/05/26 18:25:30
Table 'NLHRed36' 6-max Seat #1 is the button
Seat 1: 78c66293 ($2.5 in chips)
Seat 2: Hero ($22.83 in chips)
Seat 3: 93e379ff ($10.27 in chips)
Seat 4: 9a5535d4 ($8.7 in chips)
Seat 6: 322f5afc ($13.67 in chips)
Hero: posts small blind $0.05
93e379ff: posts big blind $0.1
*** HOLE CARDS ***
Dealt to 78c66293 
Dealt to Hero [6h 7h]
Dealt to 93e379ff 
Dealt to 9a5535d4 
Dealt to 322f5afc 
9a5535d4: calls $0.1
322f5afc: folds
78c66293: folds
Hero: calls $0.05
93e379ff: checks
*** FLOP *** [4s 8s 4d]
Hero: checks
93e379ff: checks
9a5535d4: bets $0.3
Hero: folds
93e379ff: calls $0.3
*** TURN *** [4s 8s 4d] [5d]
93e379ff: checks
9a5535d4: bets $0.45
93e379ff: calls $0.45
*** RIVER *** [4s 8s 4d 5d] [9d]
93e379ff: checks
9a5535d4: checks
93e379ff: shows [Tc 8c] (Pair of Eights and Pair of Fours)
9a5535d4: shows [3s 3c] (Pair of Fours and Pair of Treys)
*** SHOWDOWN ***
93e379ff collected $1.71 from pot
*** SUMMARY ***
Total pot $1.8 | Rake $0.09 | Jackpot $0 | Bingo $0 | Fortune $0 | Tax $0
Board [4s 8s 4d 5d 9d]
Seat 1: 78c66293 (button) folded before Flop (didn't bet)
Seat 2: Hero (small blind) folded on the Flop
Seat 3: 93e379ff (big blind) showed [Tc 8c] and won ($1.71) with Pair of Eights and Pair of Fours
Seat 4: 9a5535d4 showed [3s 3c] and lost with Pair of Fours and Pair of Treys
Seat 6: 322f5afc folded before Flop (didn't bet)


Poker Hand #HD1788691162: Hold'em No Limit ($0.05/$0.1) - 2024/05/26 18:23:43
Table 'NLHRed36' 6-max Seat #6 is the button
Seat 1: 78c66293 ($5.7 in chips)
Seat 2: Hero ($22.93 in chips)
Seat 3: 93e379ff ($10.27 in chips)
Seat 4: 9a5535d4 ($5.82 in chips)
Seat 6: 322f5afc ($13.67 in chips)
78c66293: posts small blind $0.05
Hero: posts big blind $0.1
*** HOLE CARDS ***
Dealt to 78c66293 
Dealt to Hero [Qd 3c]
Dealt to 93e379ff 
Dealt to 9a5535d4 
Dealt to 322f5afc 
93e379ff: folds
9a5535d4: raises $0.1 to $0.2
322f5afc: folds
78c66293: calls $0.15
Hero: folds
*** FLOP *** [2h 4h Ts]
78c66293: bets $0.2
9a5535d4: raises $0.3 to $0.5
78c66293: calls $0.3
*** TURN *** [2h 4h Ts] [5h]
78c66293: bets $0.5
9a5535d4: calls $0.5
*** RIVER *** [2h 4h Ts 5h] [Tc]
78c66293: checks
9a5535d4: bets $0.83
78c66293: raises $1.17 to $2
9a5535d4: raises $2.62 to $4.62 and is all-in
78c66293: folds
Uncalled bet ($2.62) returned to 9a5535d4
*** SHOWDOWN ***
9a5535d4 collected $6.08 from pot
*** SUMMARY ***
Total pot $6.5 | Rake $0.32 | Jackpot $0.1 | Bingo $0 | Fortune $0 | Tax $0
Board [2h 4h Ts 5h Tc]
Seat 1: 78c66293 (small blind) folded on the River
Seat 2: Hero (big blind) folded before Flop
Seat 3: 93e379ff folded before Flop (didn't bet)
Seat 4: 9a5535d4 won ($6.08)
Seat 6: 322f5afc (button) folded before Flop (didn't bet)


Poker Hand #HD1788691121: Hold'em No Limit ($0.05/$0.1) - 2024/05/26 18:23:19
Table 'NLHRed36' 6-max Seat #4 is the button
Seat 1: 78c66293 ($5.8 in chips)
Seat 2: Hero ($22.93 in chips)
Seat 3: 93e379ff ($10.27 in chips)
Seat 4: 9a5535d4 ($5.82 in chips)
Seat 6: 322f5afc ($13.57 in chips)
322f5afc: posts small blind $0.05
78c66293: posts big blind $0.1
*** HOLE CARDS ***
Dealt to 78c66293 
Dealt to Hero [2d Qd]
Dealt to 93e379ff 
Dealt to 9a5535d4 
Dealt to 322f5afc 
Hero: folds
93e379ff: folds
9a5535d4: folds
322f5afc: raises $0.2 to $0.3
78c66293: folds
Uncalled bet ($0.2) returned to 322f5afc
*** SHOWDOWN ***
322f5afc collected $0.2 from pot
*** SUMMARY ***
Total pot $0.2 | Rake $0 | Jackpot $0 | Bingo $0 | Fortune $0 | Tax $0
Seat 1: 78c66293 (big blind) folded before Flop
Seat 2: Hero folded before Flop (didn't bet)
Seat 3: 93e379ff folded before Flop (didn't bet)
Seat 4: 9a5535d4 (button) folded before Flop (didn't bet)
Seat 6: 322f5afc (small blind) collected ($0.2)


Poker Hand #HD1788691105: Hold'em No Limit ($0.05/$0.1) - 2024/05/26 18:23:06
Table 'NLHRed36' 6-max Seat #3 is the button
Seat 2: Hero ($22.93 in chips)
Seat 3: 93e379ff ($10.27 in chips)
Seat 4: 9a5535d4 ($5.87 in chips)
Seat 6: 322f5afc ($13.52 in chips)
9a5535d4: posts small blind $0.05
322f5afc: posts big blind $0.1
*** HOLE CARDS ***
Dealt to Hero [9c Th]
Dealt to 93e379ff 
Dealt to 9a5535d4 
Dealt to 322f5afc 
Hero: folds
93e379ff: folds
9a5535d4: folds
Uncalled bet ($0.05) returned to 322f5afc
*** SHOWDOWN ***
322f5afc collected $0.1 from pot
*** SUMMARY ***
Total pot $0.1 | Rake $0 | Jackpot $0 | Bingo $0 | Fortune $0 | Tax $0
Seat 2: Hero folded before Flop (didn't bet)
Seat 3: 93e379ff (button) folded before Flop (didn't bet)
Seat 4: 9a5535d4 (small blind) folded before Flop
Seat 6: 322f5afc (big blind) collected ($0.1)


Poker Hand #HD1788691034: Hold'em No Limit ($0.05/$0.1) - 2024/05/26 18:22:10
Table 'NLHRed36' 6-max Seat #2 is the button
Seat 1: e24be747 ($10.1 in chips)
Seat 2: Hero ($22.93 in chips)
Seat 3: 93e379ff ($10 in chips)
Seat 4: 9a5535d4 ($6.17 in chips)
Seat 6: 322f5afc ($13.52 in chips)
93e379ff: posts small blind $0.05
9a5535d4: posts big blind $0.1
*** HOLE CARDS ***
Dealt to e24be747 
Dealt to Hero [Jd 4c]
Dealt to 93e379ff 
Dealt to 9a5535d4 
Dealt to 322f5afc 
322f5afc: folds
e24be747: folds
Hero: folds
93e379ff: raises $0.2 to $0.3
9a5535d4: calls $0.2
*** FLOP *** [Td 6c 7s]
93e379ff: checks
9a5535d4: checks
*** TURN *** [Td 6c 7s] [Qd]
93e379ff: checks
9a5535d4: checks
*** RIVER *** [Td 6c 7s Qd] [9h]
93e379ff: checks
9a5535d4: checks
93e379ff: shows [Ac As] (Pair of Aces)
9a5535d4: shows [Ah 2h] (Ace-High)
*** SHOWDOWN ***
93e379ff collected $0.57 from pot
*** SUMMARY ***
Total pot $0.6 | Rake $0.03 | Jackpot $0 | Bingo $0 | Fortune $0 | Tax $0
Board [Td 6c 7s Qd 9h]
Seat 1: e24be747 folded before Flop (didn't bet)
Seat 2: Hero (button) folded before Flop (didn't bet)
Seat 3: 93e379ff (small blind) showed [Ac As] and won ($0.57) with Pair of Aces
Seat 4: 9a5535d4 (big blind) showed [Ah 2h] and lost with Ace-High
Seat 6: 322f5afc folded before Flop (didn't bet)


Poker Hand #HD1788691014: Hold'em No Limit ($0.05/$0.1) - 2024/05/26 18:21:56
Table 'NLHRed36' 6-max Seat #1 is the button
Seat 1: e24be747 ($10.1 in chips)
Seat 2: Hero ($22.83 in chips)
Seat 3: 93e379ff ($10.1 in chips)
Seat 4: 9a5535d4 ($6.17 in chips)
Seat 6: 322f5afc ($13.52 in chips)
Hero: posts small blind $0.05
93e379ff: posts big blind $0.1
*** HOLE CARDS ***
Dealt to e24be747 
Dealt to Hero [Qc Jd]
Dealt to 93e379ff 
Dealt to 9a5535d4 
Dealt to 322f5afc 
9a5535d4: folds
322f5afc: folds
e24be747: folds
Hero: raises $0.2 to $0.3
93e379ff: folds
Uncalled bet ($0.2) returned to Hero
*** SHOWDOWN ***
Hero collected $0.2 from pot
*** SUMMARY ***
Total pot $0.2 | Rake $0 | Jackpot $0 | Bingo $0 | Fortune $0 | Tax $0
Seat 1: e24be747 (button) folded before Flop (didn't bet)
Seat 2: Hero (small blind) collected ($0.2)
Seat 3: 93e379ff (big blind) folded before Flop
Seat 4: 9a5535d4 folded before Flop (didn't bet)
Seat 6: 322f5afc folded before Flop (didn't bet)


Poker Hand #HD1788690995: Hold'em No Limit ($0.05/$0.1) - 2024/05/26 18:21:41
Table 'NLHRed36' 6-max Seat #6 is the button
Seat 1: e24be747 ($10 in chips)
Seat 2: Hero ($22.93 in chips)
Seat 3: 93e379ff ($10.1 in chips)
Seat 4: 9a5535d4 ($6.17 in chips)
Seat 6: 322f5afc ($13.52 in chips)
e24be747: posts small blind $0.05
Hero: posts big blind $0.1
*** HOLE CARDS ***
Dealt to e24be747 
Dealt to Hero [9s 3c]
Dealt to 93e379ff 
Dealt to 9a5535d4 
Dealt to 322f5afc 
93e379ff: folds
9a5535d4: folds
322f5afc: folds
e24be747: raises $0.13 to $0.23
Hero: folds
Uncalled bet ($0.13) returned to e24be747
*** SHOWDOWN ***
e24be747 collected $0.2 from pot
*** SUMMARY ***
Total pot $0.2 | Rake $0 | Jackpot $0 | Bingo $0 | Fortune $0 | Tax $0
Seat 1: e24be747 (small blind) collected ($0.2)
Seat 2: Hero (big blind) folded before Flop
Seat 3: 93e379ff folded before Flop (didn't bet)
Seat 4: 9a5535d4 folded before Flop (didn't bet)
Seat 6: 322f5afc (button) folded before Flop (didn't bet)


Poker Hand #HD1788690918: Hold'em No Limit ($0.05/$0.1) - 2024/05/26 18:20:53
Table 'NLHRed36' 6-max Seat #4 is the button
Seat 1: e24be747 ($10 in chips)
Seat 2: Hero ($22.93 in chips)
Seat 3: 93e379ff ($10.1 in chips)
Seat 4: 9a5535d4 ($5.55 in chips)
Seat 6: 322f5afc ($13.57 in chips)
322f5afc: posts small blind $0.05
e24be747: posts big blind $0.1
*** HOLE CARDS ***
Dealt to e24be747 
Dealt to Hero [2s 7d]
Dealt to 93e379ff 
Dealt to 9a5535d4 
Dealt to 322f5afc 
Hero: folds
93e379ff: folds
9a5535d4: raises $0.2 to $0.3
322f5afc: folds
e24be747: calls $0.2
*** FLOP *** [Td 8s 6c]
e24be747: checks
9a5535d4: bets $0.33
e24be747: calls $0.33
*** TURN *** [Td 8s 6c] [Ac]
e24be747: checks
9a5535d4: bets $0.99
e24be747: folds
Uncalled bet ($0.99) returned to 9a5535d4
*** SHOWDOWN ***
9a5535d4 collected $1.25 from pot
*** SUMMARY ***
Total pot $1.31 | Rake $0.06 | Jackpot $0 | Bingo $0 | Fortune $0 | Tax $0
Board [Td 8s 6c Ac]
Seat 1: e24be747 (big blind) folded on the Turn
Seat 2: Hero folded before Flop (didn't bet)
Seat 3: 93e379ff folded before Flop (didn't bet)
Seat 4: 9a5535d4 (button) won ($1.25)
Seat 6: 322f5afc (small blind) folded before Flop


Poker Hand #HD1788690893: Hold'em No Limit ($0.05/$0.1) - 2024/05/26 18:20:40
Table 'NLHRed36' 6-max Seat #3 is the button
Seat 1: e24be747 ($10 in chips)
Seat 2: Hero ($22.93 in chips)
Seat 3: 93e379ff ($10.1 in chips)
Seat 4: 9a5535d4 ($5.6 in chips)
Seat 6: 322f5afc ($13.52 in chips)
9a5535d4: posts small blind $0.05
322f5afc: posts big blind $0.1
*** HOLE CARDS ***
Dealt to e24be747 
Dealt to Hero [6h Kc]
Dealt to 93e379ff 
Dealt to 9a5535d4 
Dealt to 322f5afc 
e24be747: folds
Hero: folds
93e379ff: folds
9a5535d4: folds
Uncalled bet ($0.05) returned to 322f5afc
*** SHOWDOWN ***
322f5afc collected $0.1 from pot
*** SUMMARY ***
Total pot $0.1 | Rake $0 | Jackpot $0 | Bingo $0 | Fortune $0 | Tax $0
Seat 1: e24be747 folded before Flop (didn't bet)
Seat 2: Hero folded before Flop (didn't bet)
Seat 3: 93e379ff (button) folded before Flop (didn't bet)
Seat 4: 9a5535d4 (small blind) folded before Flop
Seat 6: 322f5afc (big blind) collected ($0.1)


Poker Hand #HD1788690867: Hold'em No Limit ($0.05/$0.1) - 2024/05/26 18:20:23
Table 'NLHRed36' 6-max Seat #2 is the button
Seat 1: e24be747 ($10 in chips)
Seat 2: Hero ($22.93 in chips)
Seat 3: 93e379ff ($10 in chips)
Seat 4: 9a5535d4 ($5.7 in chips)
Seat 6: 322f5afc ($13.52 in chips)
93e379ff: posts small blind $0.05
9a5535d4: posts big blind $0.1
*** HOLE CARDS ***
Dealt to e24be747 
Dealt to Hero [7h 4d]
Dealt to 93e379ff 
Dealt to 9a5535d4 
Dealt to 322f5afc 
322f5afc: folds
e24be747: folds
Hero: folds
93e379ff: raises $0.2 to $0.3
9a5535d4: folds
Uncalled bet ($0.2) returned to 93e379ff
*** SHOWDOWN ***
93e379ff collected $0.2 from pot
*** SUMMARY ***
Total pot $0.2 | Rake $0 | Jackpot $0 | Bingo $0 | Fortune $0 | Tax $0
Seat 1: e24be747 folded before Flop (didn't bet)
Seat 2: Hero (button) folded before Flop (didn't bet)
Seat 3: 93e379ff (small blind) collected ($0.2)
Seat 4: 9a5535d4 (big blind) folded before Flop
Seat 6: 322f5afc folded before Flop (didn't bet)


Poker Hand #HD1788690822: Hold'em No Limit ($0.05/$0.1) - 2024/05/26 18:19:51
Table 'NLHRed36' 6-max Seat #1 is the button
Seat 1: e24be747 ($10 in chips)
Seat 2: Hero ($22.83 in chips)
Seat 3: 93e379ff ($10 in chips)
Seat 6: 322f5afc ($13.52 in chips)
Hero: posts small blind $0.05
93e379ff: posts big blind $0.1
*** HOLE CARDS ***
Dealt to e24be747 
Dealt to Hero [9c Qs]
Dealt to 93e379ff 
Dealt to 322f5afc 
322f5afc: folds
e24be747: folds
Hero: raises $0.2 to $0.3
93e379ff: folds
Uncalled bet ($0.2) returned to Hero
*** SHOWDOWN ***
Hero collected $0.2 from pot
*** SUMMARY ***
Total pot $0.2 | Rake $0 | Jackpot $0 | Bingo $0 | Fortune $0 | Tax $0
Seat 1: e24be747 (button) folded before Flop (didn't bet)
Seat 2: Hero (small blind) collected ($0.2)
Seat 3: 93e379ff (big blind) folded before Flop
Seat 6: 322f5afc folded before Flop (didn't bet)


Poker Hand #HD1788690768: Hold'em No Limit ($0.05/$0.1) - 2024/05/26 18:19:10
Table 'NLHRed36' 6-max Seat #6 is the button
Seat 1: e24be747 ($10.05 in chips)
Seat 2: Hero ($22.18 in chips)
Seat 6: 322f5afc ($13.52 in chips)
e24be747: posts small blind $0.05
Hero: posts big blind $0.1
*** HOLE CARDS ***
Dealt to e24be747 
Dealt to Hero [Qs Jd]
Dealt to 322f5afc 
322f5afc: folds
e24be747: raises $0.13 to $0.23
Hero: calls $0.13
*** FLOP *** [9s 5s 8d]
e24be747: checks
Hero: bets $0.2
e24be747: calls $0.2
*** TURN *** [9s 5s 8d] [9c]
e24be747: checks
Hero: checks
*** RIVER *** [9s 5s 8d 9c] [Js]
e24be747: bets $0.29
Hero: calls $0.29
e24be747: shows [Ah 3s] (Pair of Nines)
Hero: shows [Qs Jd] (Pair of Jacks and Pair of Nines)
*** SHOWDOWN ***
Hero collected $1.37 from pot
*** SUMMARY ***
Total pot $1.44 | Rake $0.07 | Jackpot $0 | Bingo $0 | Fortune $0 | Tax $0
Board [9s 5s 8d 9c Js]
Seat 1: e24be747 (small blind) showed [Ah 3s] and lost with Pair of Nines
Seat 2: Hero (big blind) showed [Qs Jd] and won ($1.37) with Pair of Jacks and Pair of Nines
Seat 6: 322f5afc (button) folded before Flop (didn't bet)


Poker Hand #HD1788690756: Hold'em No Limit ($0.05/$0.1) - 2024/05/26 18:19:01
Table 'NLHRed36' 6-max Seat #2 is the button
Seat 1: e24be747 ($10 in chips)
Seat 2: Hero ($22.18 in chips)
Seat 6: 322f5afc ($13.57 in chips)
322f5afc: posts small blind $0.05
e24be747: posts big blind $0.1
*** HOLE CARDS ***
Dealt to e24be747 
Dealt to Hero [4s 2d]
Dealt to 322f5afc 
Hero: folds
322f5afc: folds
Uncalled bet ($0.05) returned to e24be747
*** SHOWDOWN ***
e24be747 collected $0.1 from pot
*** SUMMARY ***
Total pot $0.1 | Rake $0 | Jackpot $0 | Bingo $0 | Fortune $0 | Tax $0
Seat 1: e24be747 (big blind) collected ($0.1)
Seat 2: Hero (button) folded before Flop (didn't bet)
Seat 6: 322f5afc (small blind) folded before Flop


Poker Hand #HD1788690748: Hold'em No Limit ($0.05/$0.1) - 2024/05/26 18:18:56
Table 'NLHRed36' 6-max Seat #6 is the button
Seat 2: Hero ($22.13 in chips)
Seat 6: 322f5afc ($13.62 in chips)
322f5afc: posts small blind $0.05
Hero: posts big blind $0.1
*** HOLE CARDS ***
Dealt to Hero [7h 7s]
Dealt to 322f5afc 
322f5afc: folds
Uncalled bet ($0.05) returned to Hero
*** SHOWDOWN ***
Hero collected $0.1 from pot
*** SUMMARY ***
Total pot $0.1 | Rake $0 | Jackpot $0 | Bingo $0 | Fortune $0 | Tax $0
Seat 2: Hero (big blind) collected ($0.1)
Seat 6: 322f5afc (small blind) folded before Flop


Poker Hand #HD1788690737: Hold'em No Limit ($0.05/$0.1) - 2024/05/26 18:18:51
Table 'NLHRed36' 6-max Seat #2 is the button
Seat 2: Hero ($22.18 in chips)
Seat 6: 322f5afc ($13.57 in chips)
Hero: posts small blind $0.05
322f5afc: posts big blind $0.1
*** HOLE CARDS ***
Dealt to Hero [3s Qd]
Dealt to 322f5afc 
Hero: folds
Uncalled bet ($0.05) returned to 322f5afc
*** SHOWDOWN ***
322f5afc collected $0.1 from pot
*** SUMMARY ***
Total pot $0.1 | Rake $0 | Jackpot $0 | Bingo $0 | Fortune $0 | Tax $0
Seat 2: Hero (small blind) folded before Flop
Seat 6: 322f5afc (big blind) collected ($0.1)


Poker Hand #HD1788690724: Hold'em No Limit ($0.05/$0.1) - 2024/05/26 18:18:45
Table 'NLHRed36' 6-max Seat #6 is the button
Seat 2: Hero ($22.13 in chips)
Seat 6: 322f5afc ($13.62 in chips)
322f5afc: posts small blind $0.05
Hero: posts big blind $0.1
*** HOLE CARDS ***
Dealt to Hero [7s Ad]
Dealt to 322f5afc 
322f5afc: folds
Uncalled bet ($0.05) returned to Hero
*** SHOWDOWN ***
Hero collected $0.1 from pot
*** SUMMARY ***
Total pot $0.1 | Rake $0 | Jackpot $0 | Bingo $0 | Fortune $0 | Tax $0
Seat 2: Hero (big blind) collected ($0.1)
Seat 6: 322f5afc (small blind) folded before Flop


Poker Hand #HD1788690689: Hold'em No Limit ($0.05/$0.1) - 2024/05/26 18:18:21
Table 'NLHRed36' 6-max Seat #3 is the button
Seat 1: e24be747 ($10 in chips)
Seat 2: Hero ($22.13 in chips)
Seat 3: 258b8f4a ($9.08 in chips)
Seat 6: 322f5afc ($13.52 in chips)
322f5afc: posts small blind $0.05
e24be747: posts big blind $0.1
*** HOLE CARDS ***
Dealt to e24be747 
Dealt to Hero [4c 5c]
Dealt to 258b8f4a 
Dealt to 322f5afc 
Hero: folds
258b8f4a: folds
322f5afc: raises $0.2 to $0.3
e24be747: folds
Uncalled bet ($0.2) returned to 322f5afc
*** SHOWDOWN ***
322f5afc collected $0.2 from pot
*** SUMMARY ***
Total pot $0.2 | Rake $0 | Jackpot $0 | Bingo $0 | Fortune $0 | Tax $0
Seat 1: e24be747 (big blind) folded before Flop
Seat 2: Hero folded before Flop (didn't bet)
Seat 3: 258b8f4a (button) folded before Flop (didn't bet)
Seat 6: 322f5afc (small blind) collected ($0.2)


Poker Hand #HD1788690667: Hold'em No Limit ($0.05/$0.1) - 2024/05/26 18:18:06
Table 'NLHRed36' 6-max Seat #2 is the button
Seat 1: e24be747 ($10 in chips)
Seat 2: Hero ($22.13 in chips)
Seat 3: 258b8f4a ($8.98 in chips)
Seat 6: 322f5afc ($13.62 in chips)
258b8f4a: posts small blind $0.05
322f5afc: posts big blind $0.1
*** HOLE CARDS ***
Dealt to e24be747 
Dealt to Hero [8s 6d]
Dealt to 258b8f4a 
Dealt to 322f5afc 
e24be747: folds
Hero: folds
258b8f4a: raises $0.15 to $0.25
322f5afc: folds
Uncalled bet ($0.15) returned to 258b8f4a
*** SHOWDOWN ***
258b8f4a collected $0.2 from pot
*** SUMMARY ***
Total pot $0.2 | Rake $0 | Jackpot $0 | Bingo $0 | Fortune $0 | Tax $0
Seat 1: e24be747 folded before Flop (didn't bet)
Seat 2: Hero (button) folded before Flop (didn't bet)
Seat 3: 258b8f4a (small blind) collected ($0.2)
Seat 6: 322f5afc (big blind) folded before Flop


Poker Hand #HD1788690595: Hold'em No Limit ($0.05/$0.1) - 2024/05/26 18:17:14
Table 'NLHRed36' 6-max Seat #1 is the button
Seat 1: e24be747 ($10 in chips)
Seat 2: Hero ($22.18 in chips)
Seat 3: 258b8f4a ($7.99 in chips)
Seat 5: 5fb78f45 ($2.14 in chips)
Seat 6: 322f5afc ($13.62 in chips)
Hero: posts small blind $0.05
258b8f4a: posts big blind $0.1
*** HOLE CARDS ***
Dealt to e24be747 
Dealt to Hero [2c Ks]
Dealt to 258b8f4a 
Dealt to 5fb78f45 
Dealt to 322f5afc 
5fb78f45: folds
322f5afc: folds
e24be747: raises $0.13 to $0.23
Hero: folds
258b8f4a: calls $0.13
*** FLOP *** [4s 8s 3d]
258b8f4a: checks
e24be747: checks
*** TURN *** [4s 8s 3d] [Jc]
258b8f4a: bets $0.17
e24be747: calls $0.17
*** RIVER *** [4s 8s 3d Jc] [Kc]
258b8f4a: bets $0.64
e24be747: calls $0.64
258b8f4a: shows [Kh Qd] (Pair of Kings)
e24be747: shows [5h Ad] (Ace-High)
*** SHOWDOWN ***
258b8f4a collected $2.03 from pot
*** SUMMARY ***
Total pot $2.13 | Rake $0.1 | Jackpot $0 | Bingo $0 | Fortune $0 | Tax $0
Board [4s 8s 3d Jc Kc]
Seat 1: e24be747 (button) showed [5h Ad] and lost with Ace-High
Seat 2: Hero (small blind) folded before Flop
Seat 3: 258b8f4a (big blind) showed [Kh Qd] and won ($2.03) with Pair of Kings
Seat 5: 5fb78f45 folded before Flop (didn't bet)
Seat 6: 322f5afc folded before Flop (didn't bet)


Poker Hand #HD1788690523: Hold'em No Limit ($0.05/$0.1) - 2024/05/26 18:16:15
Table 'NLHRed36' 6-max Seat #6 is the button
Seat 1: e24be747 ($10 in chips)
Seat 2: Hero ($22.28 in chips)
Seat 4: 7bc16215 ($15.9 in chips)
Seat 5: 5fb78f45 ($2.14 in chips)
Seat 6: 322f5afc ($13.62 in chips)
e24be747: posts small blind $0.05
Hero: posts big blind $0.1
*** HOLE CARDS ***
Dealt to e24be747 
Dealt to Hero [5s 3c]
Dealt to 7bc16215 
Dealt to 5fb78f45 
Dealt to 322f5afc 
7bc16215: raises $0.15 to $0.25
5fb78f45: folds
322f5afc: folds
e24be747: folds
Hero: folds
Uncalled bet ($0.15) returned to 7bc16215
*** SHOWDOWN ***
7bc16215 collected $0.25 from pot
*** SUMMARY ***
Total pot $0.25 | Rake $0 | Jackpot $0 | Bingo $0 | Fortune $0 | Tax $0
Seat 1: e24be747 (small blind) folded before Flop
Seat 2: Hero (big blind) folded before Flop
Seat 4: 7bc16215 collected ($0.25)
Seat 5: 5fb78f45 folded before Flop (didn't bet)
Seat 6: 322f5afc (button) folded before Flop (didn't bet)


Poker Hand #HD1788690451: Hold'em No Limit ($0.05/$0.1) - 2024/05/26 18:15:23
Table 'NLHRed36' 6-max Seat #5 is the button
Seat 1: e24be747 ($10 in chips)
Seat 2: Hero ($22.28 in chips)
Seat 4: 7bc16215 ($15.9 in chips)
Seat 5: 5fb78f45 ($2 in chips)
Seat 6: 322f5afc ($13.67 in chips)
322f5afc: posts small blind $0.05
e24be747: posts big blind $0.1
*** HOLE CARDS ***
Dealt to e24be747 
Dealt to Hero [4d 4h]
Dealt to 7bc16215 
Dealt to 5fb78f45 
Dealt to 322f5afc 
Hero: folds
7bc16215: folds
5fb78f45: calls $0.1
322f5afc: folds
e24be747: checks
*** FLOP *** [6s 3d 2d]
e24be747: checks
5fb78f45: checks
*** TURN *** [6s 3d 2d] [Qd]
e24be747: checks
5fb78f45: checks
*** RIVER *** [6s 3d 2d Qd] [Ac]
e24be747: checks
5fb78f45: checks
e24be747: shows [4s 7s] (Ace-High)
5fb78f45: shows [Js 5s] (Ace-High)
*** SHOWDOWN ***
5fb78f45 collected $0.24 from pot
*** SUMMARY ***
Total pot $0.25 | Rake $0.01 | Jackpot $0 | Bingo $0 | Fortune $0 | Tax $0
Board [6s 3d 2d Qd Ac]
Seat 1: e24be747 (big blind) showed [4s 7s] and lost with Ace-High
Seat 2: Hero folded before Flop (didn't bet)
Seat 4: 7bc16215 folded before Flop (didn't bet)
Seat 5: 5fb78f45 (button) showed [Js 5s] and won ($0.24) with Ace-High
Seat 6: 322f5afc (small blind) folded before Flop


Poker Hand #HD1788690372: Hold'em No Limit ($0.05/$0.1) - 2024/05/26 18:14:27
Table 'NLHRed36' 6-max Seat #4 is the button
Seat 2: Hero ($22.28 in chips)
Seat 3: 19387e ($10 in chips)
Seat 4: 7bc16215 ($15.45 in chips)
Seat 5: 5fb78f45 ($2 in chips)
Seat 6: 322f5afc ($14.11 in chips)
5fb78f45: posts small blind $0.05
322f5afc: posts big blind $0.1
*** HOLE CARDS ***
Dealt to Hero [Ks 2h]
Dealt to 19387e 
Dealt to 7bc16215 
Dealt to 5fb78f45 
Dealt to 322f5afc 
Hero: folds
19387e: folds
7bc16215: raises $0.15 to $0.25
5fb78f45: folds
322f5afc: calls $0.15
*** FLOP *** [Ad 2c 7s]
322f5afc: checks
7bc16215: checks
*** TURN *** [Ad 2c 7s] [Jc]
322f5afc: bets $0.19
7bc16215: raises $0.7 to $0.89
322f5afc: folds
Uncalled bet ($0.7) returned to 7bc16215
*** SHOWDOWN ***
7bc16215 collected $0.89 from pot
*** SUMMARY ***
Total pot $0.93 | Rake $0.04 | Jackpot $0 | Bingo $0 | Fortune $0 | Tax $0
Board [Ad 2c 7s Jc]
Seat 2: Hero folded before Flop (didn't bet)
Seat 3: 19387e folded before Flop (didn't bet)
Seat 4: 7bc16215 (button) won ($0.89)
Seat 5: 5fb78f45 (small blind) folded before Flop
Seat 6: 322f5afc (big blind) folded on the Turn


Poker Hand #HD1788690331: Hold'em No Limit ($0.05/$0.1) - 2024/05/26 18:14:06
Table 'NLHRed36' 6-max Seat #3 is the button
Seat 2: Hero ($22.28 in chips)
Seat 3: 19387e ($10 in chips)
Seat 4: 7bc16215 ($15.35 in chips)
Seat 5: 5fb78f45 ($2 in chips)
Seat 6: 322f5afc ($14.11 in chips)
7bc16215: posts small blind $0.05
5fb78f45: posts big blind $0.1
*** HOLE CARDS ***
Dealt to Hero [5c 9c]
Dealt to 19387e 
Dealt to 7bc16215 
Dealt to 5fb78f45 
Dealt to 322f5afc 
322f5afc: folds
Hero: folds
19387e: folds
7bc16215: raises $0.2 to $0.3
5fb78f45: folds
Uncalled bet ($0.2) returned to 7bc16215
*** SHOWDOWN ***
7bc16215 collected $0.2 from pot
*** SUMMARY ***
Total pot $0.2 | Rake $0 | Jackpot $0 | Bingo $0 | Fortune $0 | Tax $0
Seat 2: Hero folded before Flop (didn't bet)
Seat 3: 19387e (button) folded before Flop (didn't bet)
Seat 4: 7bc16215 (small blind) collected ($0.2)
Seat 5: 5fb78f45 (big blind) folded before Flop
Seat 6: 322f5afc folded before Flop (didn't bet)


Poker Hand #HD1788690313: Hold'em No Limit ($0.05/$0.1) - 2024/05/26 18:13:53
Table 'NLHRed36' 6-max Seat #2 is the button
Seat 2: Hero ($22.28 in chips)
Seat 3: 19387e ($10 in chips)
Seat 4: 7bc16215 ($15.3 in chips)
Seat 5: 5fb78f45 ($2 in chips)
Seat 6: 322f5afc ($14.11 in chips)
19387e: posts small blind $0.05
7bc16215: posts big blind $0.1
*** HOLE CARDS ***
Dealt to Hero [6d Th]
Dealt to 19387e 
Dealt to 7bc16215 
Dealt to 5fb78f45 
Dealt to 322f5afc 
5fb78f45: folds
322f5afc: folds
Hero: folds
19387e: folds
Uncalled bet ($0.05) returned to 7bc16215
*** SHOWDOWN ***
7bc16215 collected $0.1 from pot
*** SUMMARY ***
Total pot $0.1 | Rake $0 | Jackpot $0 | Bingo $0 | Fortune $0 | Tax $0
Seat 2: Hero (button) folded before Flop (didn't bet)
Seat 3: 19387e (small blind) folded before Flop
Seat 4: 7bc16215 (big blind) collected ($0.1)
Seat 5: 5fb78f45 folded before Flop (didn't bet)
Seat 6: 322f5afc folded before Flop (didn't bet)


Poker Hand #HD1788690235: Hold'em No Limit ($0.05/$0.1) - 2024/05/26 18:12:51
Table 'NLHRed36' 6-max Seat #6 is the button
Seat 1: 512e5be1 ($6.84 in chips)
Seat 2: Hero ($21.69 in chips)
Seat 3: 19387e ($10 in chips)
Seat 4: 7bc16215 ($15.3 in chips)
Seat 5: 5fb78f45 ($2 in chips)
Seat 6: 322f5afc ($14.11 in chips)
512e5be1: posts small blind $0.05
Hero: posts big blind $0.1
*** HOLE CARDS ***
Dealt to 512e5be1 
Dealt to Hero [9h As]
Dealt to 19387e 
Dealt to 7bc16215 
Dealt to 5fb78f45 
Dealt to 322f5afc 
19387e: folds
7bc16215: folds
5fb78f45: raises $0.1 to $0.2
322f5afc: folds
512e5be1: folds
Hero: calls $0.1
*** FLOP *** [6h Ks 3h]
Hero: checks
5fb78f45: bets $0.15
Hero: calls $0.15
*** TURN *** [6h Ks 3h] [7h]
Hero: checks
5fb78f45: checks
*** RIVER *** [6h Ks 3h 7h] [4h]
Hero: bets $0.25
5fb78f45: calls $0.25
Hero: shows [9h As] (Nine High Flush)
5fb78f45: shows [8s 8h] (Eight High Flush)
*** SHOWDOWN ***
Hero collected $1.19 from pot
*** SUMMARY ***
Total pot $1.25 | Rake $0.06 | Jackpot $0 | Bingo $0 | Fortune $0 | Tax $0
Board [6h Ks 3h 7h 4h]
Seat 1: 512e5be1 (small blind) folded before Flop
Seat 2: Hero (big blind) showed [9h As] and won ($1.19) with Nine High Flush
Seat 3: 19387e folded before Flop (didn't bet)
Seat 4: 7bc16215 folded before Flop (didn't bet)
Seat 5: 5fb78f45 showed [8s 8h] and lost with Eight High Flush
Seat 6: 322f5afc (button) folded before Flop (didn't bet)


Poker Hand #HD1788690146: Hold'em No Limit ($0.05/$0.1) - 2024/05/26 18:11:49
Table 'NLHRed36' 6-max Seat #5 is the button
Seat 1: 512e5be1 ($5.8 in chips)
Seat 2: Hero ($21.69 in chips)
Seat 3: 19387e ($10.87 in chips)
Seat 4: 7bc16215 ($15.3 in chips)
Seat 5: 5fb78f45 ($2 in chips)
Seat 6: 322f5afc ($14.16 in chips)
322f5afc: posts small blind $0.05
512e5be1: posts big blind $0.1
*** HOLE CARDS ***
Dealt to 512e5be1 
Dealt to Hero [4h 5h]
Dealt to 19387e 
Dealt to 7bc16215 
Dealt to 5fb78f45 
Dealt to 322f5afc 
Hero: folds
19387e: raises $0.1 to $0.2
7bc16215: folds
5fb78f45: folds
322f5afc: folds
512e5be1: raises $0.45 to $0.65
19387e: calls $0.45
*** FLOP *** [3s 2h 2c]
512e5be1: checks
19387e: bets $0.45
512e5be1: raises $4.7 to $5.15 and is all-in
19387e: folds
Uncalled bet ($4.7) returned to 512e5be1
*** SHOWDOWN ***
512e5be1 collected $2.14 from pot
*** SUMMARY ***
Total pot $2.25 | Rake $0.11 | Jackpot $0 | Bingo $0 | Fortune $0 | Tax $0
Board [3s 2h 2c]
Seat 1: 512e5be1 (big blind) won ($2.14)
Seat 2: Hero folded before Flop (didn't bet)
Seat 3: 19387e folded on the Flop
Seat 4: 7bc16215 folded before Flop (didn't bet)
Seat 5: 5fb78f45 (button) folded before Flop (didn't bet)
Seat 6: 322f5afc (small blind) folded before Flop


Poker Hand #HD1788690075: Hold'em No Limit ($0.05/$0.1) - 2024/05/26 18:10:57
Table 'NLHRed36' 6-max Seat #4 is the button
Seat 1: 512e5be1 ($5.8 in chips)
Seat 2: Hero ($21.89 in chips)
Seat 3: 19387e ($10.45 in chips)
Seat 4: 7bc16215 ($15.3 in chips)
Seat 5: 5fb78f45 ($2 in chips)
Seat 6: 322f5afc ($14.36 in chips)
5fb78f45: posts small blind $0.05
322f5afc: posts big blind $0.1
*** HOLE CARDS ***
Dealt to 512e5be1 
Dealt to Hero [Qh Jh]
Dealt to 19387e 
Dealt to 7bc16215 
Dealt to 5fb78f45 
Dealt to 322f5afc 
512e5be1: folds
Hero: raises $0.1 to $0.2
19387e: calls $0.2
7bc16215: folds
5fb78f45: folds
322f5afc: calls $0.1
*** FLOP *** [6h 4d 6d]
322f5afc: checks
Hero: checks
19387e: bets $0.22
322f5afc: folds
Hero: folds
Uncalled bet ($0.22) returned to 19387e
*** SHOWDOWN ***
19387e collected $0.62 from pot
*** SUMMARY ***
Total pot $0.65 | Rake $0.03 | Jackpot $0 | Bingo $0 | Fortune $0 | Tax $0
Board [6h 4d 6d]
Seat 1: 512e5be1 folded before Flop (didn't bet)
Seat 2: Hero folded on the Flop
Seat 3: 19387e won ($0.62)
Seat 4: 7bc16215 (button) folded before Flop (didn't bet)
Seat 5: 5fb78f45 (small blind) folded before Flop
Seat 6: 322f5afc (big blind) folded on the Flop


Poker Hand #HD1788690057: Hold'em No Limit ($0.05/$0.1) - 2024/05/26 18:10:39
Table 'NLHRed36' 6-max Seat #3 is the button
Seat 1: 512e5be1 ($5.65 in chips)
Seat 2: Hero ($21.89 in chips)
Seat 3: 19387e ($10.45 in chips)
Seat 4: 7bc16215 ($15.35 in chips)
Seat 5: 5fb78f45 ($2 in chips)
Seat 6: 322f5afc ($14.36 in chips)
7bc16215: posts small blind $0.05
5fb78f45: posts big blind $0.1
*** HOLE CARDS ***
Dealt to 512e5be1 
Dealt to Hero [Jd 5c]
Dealt to 19387e 
Dealt to 7bc16215 
Dealt to 5fb78f45 
Dealt to 322f5afc 
322f5afc: folds
512e5be1: raises $0.2 to $0.3
Hero: folds
19387e: folds
7bc16215: folds
5fb78f45: folds
Uncalled bet ($0.2) returned to 512e5be1
*** SHOWDOWN ***
512e5be1 collected $0.25 from pot
*** SUMMARY ***
Total pot $0.25 | Rake $0 | Jackpot $0 | Bingo $0 | Fortune $0 | Tax $0
Seat 1: 512e5be1 collected ($0.25)
Seat 2: Hero folded before Flop (didn't bet)
Seat 3: 19387e (button) folded before Flop (didn't bet)
Seat 4: 7bc16215 (small blind) folded before Flop
Seat 5: 5fb78f45 (big blind) folded before Flop
Seat 6: 322f5afc folded before Flop (didn't bet)


Poker Hand #HD1788690038: Hold'em No Limit ($0.05/$0.1) - 2024/05/26 18:10:21
Table 'NLHRed36' 6-max Seat #2 is the button
Seat 1: 512e5be1 ($5.65 in chips)
Seat 2: Hero ($21.89 in chips)
Seat 3: 19387e ($10.5 in chips)
Seat 4: 7bc16215 ($15.45 in chips)
Seat 5: 5fb78f45 ($2 in chips)
Seat 6: 322f5afc ($14.21 in chips)
19387e: posts small blind $0.05
7bc16215: posts big blind $0.1
*** HOLE CARDS ***
Dealt to 512e5be1 
Dealt to Hero [2c Ks]
Dealt to 19387e 
Dealt to 7bc16215 
Dealt to 5fb78f45 
Dealt to 322f5afc 
5fb78f45: folds
322f5afc: raises $0.12 to $0.22
512e5be1: folds
Hero: folds
19387e: folds
7bc16215: folds
Uncalled bet ($0.12) returned to 322f5afc
*** SHOWDOWN ***
322f5afc collected $0.25 from pot
*** SUMMARY ***
Total pot $0.25 | Rake $0 | Jackpot $0 | Bingo $0 | Fortune $0 | Tax $0
Seat 1: 512e5be1 folded before Flop (didn't bet)
Seat 2: Hero (button) folded before Flop (didn't bet)
Seat 3: 19387e (small blind) folded before Flop
Seat 4: 7bc16215 (big blind) folded before Flop
Seat 5: 5fb78f45 folded before Flop (didn't bet)
Seat 6: 322f5afc collected ($0.25)


Poker Hand #HD1788689961: Hold'em No Limit ($0.05/$0.1) - 2024/05/26 18:09:27
Table 'NLHRed36' 6-max Seat #1 is the button
Seat 1: 512e5be1 ($5.42 in chips)
Seat 2: Hero ($21.94 in chips)
Seat 3: 19387e ($10.7 in chips)
Seat 4: 7bc16215 ($15.45 in chips)
Seat 5: 5fb78f45 ($2 in chips)
Seat 6: 322f5afc ($14.21 in chips)
Hero: posts small blind $0.05
19387e: posts big blind $0.1
*** HOLE CARDS ***
Dealt to 512e5be1 
Dealt to Hero [2c Kh]
Dealt to 19387e 
Dealt to 7bc16215 
Dealt to 5fb78f45 
Dealt to 322f5afc 
7bc16215: folds
5fb78f45: folds
322f5afc: folds
512e5be1: raises $0.1 to $0.2
Hero: folds
19387e: calls $0.1
*** FLOP *** [Th Tc 6d]
19387e: checks
512e5be1: checks
*** TURN *** [Th Tc 6d] [3d]
19387e: checks
512e5be1: checks
*** RIVER *** [Th Tc 6d 3d] [8s]
19387e: checks
512e5be1: checks
19387e: shows [Jd 9c] (Pair of Tens)
512e5be1: shows [4c 4h] (Pair of Tens and Pair of Fours)
*** SHOWDOWN ***
512e5be1 collected $0.43 from pot
*** SUMMARY ***
Total pot $0.45 | Rake $0.02 | Jackpot $0 | Bingo $0 | Fortune $0 | Tax $0
Board [Th Tc 6d 3d 8s]
Seat 1: 512e5be1 (button) showed [4c 4h] and won ($0.43) with Pair of Tens and Pair of Fours
Seat 2: Hero (small blind) folded before Flop
Seat 3: 19387e (big blind) showed [Jd 9c] and lost with Pair of Tens
Seat 4: 7bc16215 folded before Flop (didn't bet)
Seat 5: 5fb78f45 folded before Flop (didn't bet)
Seat 6: 322f5afc folded before Flop (didn't bet)


Poker Hand #HD1788689941: Hold'em No Limit ($0.05/$0.1) - 2024/05/26 18:09:11
Table 'NLHRed36' 6-max Seat #6 is the button
Seat 1: 512e5be1 ($5.32 in chips)
Seat 2: Hero ($22.04 in chips)
Seat 3: 19387e ($10.7 in chips)
Seat 4: 7bc16215 ($15.45 in chips)
Seat 5: 5fb78f45 ($2 in chips)
Seat 6: 322f5afc ($14.21 in chips)
512e5be1: posts small blind $0.05
Hero: posts big blind $0.1
*** HOLE CARDS ***
Dealt to 512e5be1 
Dealt to Hero [7s Ad]
Dealt to 19387e 
Dealt to 7bc16215 
Dealt to 5fb78f45 
Dealt to 322f5afc 
19387e: folds
7bc16215: folds
5fb78f45: folds
322f5afc: folds
512e5be1: raises $0.1 to $0.2
Hero: folds
Uncalled bet ($0.1) returned to 512e5be1
*** SHOWDOWN ***
512e5be1 collected $0.2 from pot
*** SUMMARY ***
Total pot $0.2 | Rake $0 | Jackpot $0 | Bingo $0 | Fortune $0 | Tax $0
Seat 1: 512e5be1 (small blind) collected ($0.2)
Seat 2: Hero (big blind) folded before Flop
Seat 3: 19387e folded before Flop (didn't bet)
Seat 4: 7bc16215 folded before Flop (didn't bet)
Seat 5: 5fb78f45 folded before Flop (didn't bet)
Seat 6: 322f5afc (button) folded before Flop (didn't bet)


Poker Hand #HD1788689882: Hold'em No Limit ($0.05/$0.1) - 2024/05/26 18:08:30
Table 'NLHRed36' 6-max Seat #5 is the button
Seat 1: 512e5be1 ($5.05 in chips)
Seat 2: Hero ($22.04 in chips)
Seat 3: 19387e ($10.7 in chips)
Seat 4: 7bc16215 ($15.45 in chips)
Seat 5: 5fb78f45 ($2 in chips)
Seat 6: 322f5afc ($14.51 in chips)
322f5afc: posts small blind $0.05
512e5be1: posts big blind $0.1
*** HOLE CARDS ***
Dealt to 512e5be1 
Dealt to Hero [3h 6s]
Dealt to 19387e 
Dealt to 7bc16215 
Dealt to 5fb78f45 
Dealt to 322f5afc 
Hero: folds
19387e: folds
7bc16215: folds
5fb78f45: folds
322f5afc: raises $0.2 to $0.3
512e5be1: raises $4.75 to $5.05 and is all-in
322f5afc: folds
Uncalled bet ($4.75) returned to 512e5be1
*** SHOWDOWN ***
512e5be1 collected $0.57 from pot
*** SUMMARY ***
Total pot $0.6 | Rake $0.03 | Jackpot $0 | Bingo $0 | Fortune $0 | Tax $0
Seat 1: 512e5be1 (big blind) collected ($0.57)
Seat 2: Hero folded before Flop (didn't bet)
Seat 3: 19387e folded before Flop (didn't bet)
Seat 4: 7bc16215 folded before Flop (didn't bet)
Seat 5: 5fb78f45 (button) folded before Flop (didn't bet)
Seat 6: 322f5afc (small blind) folded before Flop


Poker Hand #HD1788689858: Hold'em No Limit ($0.05/$0.1) - 2024/05/26 18:08:10
Table 'NLHRed36' 6-max Seat #4 is the button
Seat 1: 512e5be1 ($5.05 in chips)
Seat 2: Hero ($22.04 in chips)
Seat 3: 19387e ($10.55 in chips)
Seat 4: 7bc16215 ($15.45 in chips)
Seat 5: 5fb78f45 ($2 in chips)
Seat 6: 322f5afc ($14.61 in chips)
5fb78f45: posts small blind $0.05
322f5afc: posts big blind $0.1
*** HOLE CARDS ***
Dealt to 512e5be1 
Dealt to Hero [8d 9h]
Dealt to 19387e 
Dealt to 7bc16215 
Dealt to 5fb78f45 
Dealt to 322f5afc 
512e5be1: folds
Hero: folds
19387e: raises $0.1 to $0.2
7bc16215: folds
5fb78f45: folds
322f5afc: folds
Uncalled bet ($0.1) returned to 19387e
*** SHOWDOWN ***
19387e collected $0.25 from pot
*** SUMMARY ***
Total pot $0.25 | Rake $0 | Jackpot $0 | Bingo $0 | Fortune $0 | Tax $0
Seat 1: 512e5be1 folded before Flop (didn't bet)
Seat 2: Hero folded before Flop (didn't bet)
Seat 3: 19387e collected ($0.25)
Seat 4: 7bc16215 (button) folded before Flop (didn't bet)
Seat 5: 5fb78f45 (small blind) folded before Flop
Seat 6: 322f5afc (big blind) folded before Flop


Poker Hand #HD1788689798: Hold'em No Limit ($0.05/$0.1) - 2024/05/26 18:07:29
Table 'NLHRed36' 6-max Seat #3 is the button
Seat 1: 512e5be1 ($5.05 in chips)
Seat 2: Hero ($22.49 in chips)
Seat 3: 19387e ($10 in chips)
Seat 4: 7bc16215 ($15.5 in chips)
Seat 5: 5fb78f45 ($2 in chips)
Seat 6: 322f5afc ($14.61 in chips)
7bc16215: posts small blind $0.05
5fb78f45: posts big blind $0.1
*** HOLE CARDS ***
Dealt to 512e5be1 
Dealt to Hero [Ks Ah]
Dealt to 19387e 
Dealt to 7bc16215 
Dealt to 5fb78f45 
Dealt to 322f5afc 
322f5afc: folds
512e5be1: folds
Hero: raises $0.14 to $0.24
19387e: calls $0.24
7bc16215: folds
5fb78f45: folds
*** FLOP *** [3c 9h Js]
Hero: bets $0.21
19387e: raises $0.79 to $1
Hero: folds
Uncalled bet ($0.79) returned to 19387e
*** SHOWDOWN ***
19387e collected $1 from pot
*** SUMMARY ***
Total pot $1.05 | Rake $0.05 | Jackpot $0 | Bingo $0 | Fortune $0 | Tax $0
Board [3c 9h Js]
Seat 1: 512e5be1 folded before Flop (didn't bet)
Seat 2: Hero folded on the Flop
Seat 3: 19387e (button) won ($1)
Seat 4: 7bc16215 (small blind) folded before Flop
Seat 5: 5fb78f45 (big blind) folded before Flop
Seat 6: 322f5afc folded before Flop (didn't bet)


Poker Hand #HD1788689750: Hold'em No Limit ($0.05/$0.1) - 2024/05/26 18:06:49
Table 'NLHRed36' 6-max Seat #2 is the button
Seat 1: 512e5be1 ($4.82 in chips)
Seat 2: Hero ($22.49 in chips)
Seat 3: 19387e ($10 in chips)
Seat 4: 7bc16215 ($15.7 in chips)
Seat 6: 322f5afc ($14.61 in chips)
19387e: posts small blind $0.05
7bc16215: posts big blind $0.1
*** HOLE CARDS ***
Dealt to 512e5be1 
Dealt to Hero [Qd 5d]
Dealt to 19387e 
Dealt to 7bc16215 
Dealt to 322f5afc 
322f5afc: folds
512e5be1: raises $0.1 to $0.2
Hero: folds
19387e: folds
7bc16215: calls $0.1
*** FLOP *** [4c Td 8d]
7bc16215: checks
512e5be1: checks
*** TURN *** [4c Td 8d] [7s]
7bc16215: checks
512e5be1: checks
*** RIVER *** [4c Td 8d 7s] [Qh]
7bc16215: checks
512e5be1: bets $0.15
7bc16215: folds
Uncalled bet ($0.15) returned to 512e5be1
*** SHOWDOWN ***
512e5be1 collected $0.43 from pot
*** SUMMARY ***
Total pot $0.45 | Rake $0.02 | Jackpot $0 | Bingo $0 | Fortune $0 | Tax $0
Board [4c Td 8d 7s Qh]
Seat 1: 512e5be1 won ($0.43)
Seat 2: Hero (button) folded before Flop (didn't bet)
Seat 3: 19387e (small blind) folded before Flop
Seat 4: 7bc16215 (big blind) folded on the River
Seat 6: 322f5afc folded before Flop (didn't bet)


Poker Hand #HD1788689679: Hold'em No Limit ($0.05/$0.1) - 2024/05/26 18:05:56
Table 'NLHRed36' 6-max Seat #1 is the button
Seat 1: 512e5be1 ($9.89 in chips)
Seat 2: Hero ($22.54 in chips)
Seat 3: 19387e ($10 in chips)
Seat 4: 7bc16215 ($15.7 in chips)
Seat 6: 322f5afc ($10 in chips)
Hero: posts small blind $0.05
19387e: posts big blind $0.1
*** HOLE CARDS ***
Dealt to 512e5be1 
Dealt to Hero [4c Ah]
Dealt to 19387e 
Dealt to 7bc16215 
Dealt to 322f5afc 
7bc16215: folds
322f5afc: raises $0.15 to $0.25
512e5be1: calls $0.25
Hero: folds
19387e: folds
*** FLOP *** [Td 7c 5c]
322f5afc: checks
512e5be1: bets $0.22
322f5afc: calls $0.22
*** TURN *** [Td 7c 5c] [4d]
322f5afc: bets $0.74
512e5be1: calls $0.74
*** RIVER *** [Td 7c 5c 4d] [2s]
322f5afc: bets $3.86
512e5be1: calls $3.86
322f5afc: shows [4s 5s] (Pair of Fives and Pair of Fours)
512e5be1: shows [Kd Th] (Pair of Tens)
*** SHOWDOWN ***
322f5afc collected $9.68 from pot
*** SUMMARY ***
Total pot $10.29 | Rake $0.51 | Jackpot $0.1 | Bingo $0 | Fortune $0 | Tax $0
Board [Td 7c 5c 4d 2s]
Seat 1: 512e5be1 (button) showed [Kd Th] and lost with Pair of Tens
Seat 2: Hero (small blind) folded before Flop
Seat 3: 19387e (big blind) folded before Flop
Seat 4: 7bc16215 folded before Flop (didn't bet)
Seat 6: 322f5afc showed [4s 5s] and won ($9.68) with Pair of Fives and Pair of Fours


Poker Hand #HD1788689616: Hold'em No Limit ($0.05/$0.1) - 2024/05/26 18:05:03
Table 'NLHRed36' 6-max Seat #6 is the button
Seat 1: 512e5be1 ($9.94 in chips)
Seat 2: Hero ($22.26 in chips)
Seat 3: 19387e ($10 in chips)
Seat 4: 7bc16215 ($15.95 in chips)
Seat 6: 322f5afc ($10 in chips)
512e5be1: posts small blind $0.05
Hero: posts big blind $0.1
*** HOLE CARDS ***
Dealt to 512e5be1 
Dealt to Hero [Jc Kh]
Dealt to 19387e 
Dealt to 7bc16215 
Dealt to 322f5afc 
19387e: folds
7bc16215: raises $0.15 to $0.25
322f5afc: folds
512e5be1: folds
Hero: calls $0.15
*** FLOP *** [4c 5h Qc]
Hero: checks
7bc16215: checks
*** TURN *** [4c 5h Qc] [Qd]
Hero: bets $0.19
7bc16215: folds
Uncalled bet ($0.19) returned to Hero
*** SHOWDOWN ***
Hero collected $0.53 from pot
*** SUMMARY ***
Total pot $0.55 | Rake $0.02 | Jackpot $0 | Bingo $0 | Fortune $0 | Tax $0
Board [4c 5h Qc Qd]
Seat 1: 512e5be1 (small blind) folded before Flop
Seat 2: Hero (big blind) won ($0.53)
Seat 3: 19387e folded before Flop (didn't bet)
Seat 4: 7bc16215 folded on the Turn
Seat 6: 322f5afc (button) folded before Flop (didn't bet)


Poker Hand #HD1788689590: Hold'em No Limit ($0.05/$0.1) - 2024/05/26 18:04:47
Table 'NLHRed36' 6-max Seat #4 is the button
Seat 1: 512e5be1 ($10.04 in chips)
Seat 2: Hero ($22.11 in chips)
Seat 3: 19387e ($10 in chips)
Seat 4: 7bc16215 ($15.95 in chips)
Seat 6: 322f5afc ($10 in chips)
322f5afc: posts small blind $0.05
512e5be1: posts big blind $0.1
*** HOLE CARDS ***
Dealt to 512e5be1 
Dealt to Hero [7h 8h]
Dealt to 19387e 
Dealt to 7bc16215 
Dealt to 322f5afc 
Hero: raises $0.1 to $0.2
19387e: folds
7bc16215: folds
322f5afc: folds
512e5be1: folds
Uncalled bet ($0.1) returned to Hero
*** SHOWDOWN ***
Hero collected $0.25 from pot
*** SUMMARY ***
Total pot $0.25 | Rake $0 | Jackpot $0 | Bingo $0 | Fortune $0 | Tax $0
Seat 1: 512e5be1 (big blind) folded before Flop
Seat 2: Hero collected ($0.25)
Seat 3: 19387e folded before Flop (didn't bet)
Seat 4: 7bc16215 (button) folded before Flop (didn't bet)
Seat 6: 322f5afc (small blind) folded before Flop


Poker Hand #HD1788689520: Hold'em No Limit ($0.05/$0.1) - 2024/05/26 18:03:44
Table 'NLHRed36' 6-max Seat #3 is the button
Seat 1: 512e5be1 ($10.04 in chips)
Seat 2: Hero ($22.11 in chips)
Seat 3: 19387e ($10.22 in chips)
Seat 4: 7bc16215 ($10.63 in chips)
Seat 5: 883d220f ($4.9 in chips)
Seat 6: 322f5afc ($10 in chips)
7bc16215: posts small blind $0.05
883d220f: posts big blind $0.1
*** HOLE CARDS ***
Dealt to 512e5be1 
Dealt to Hero [8s 2d]
Dealt to 19387e 
Dealt to 7bc16215 
Dealt to 883d220f 
Dealt to 322f5afc 
322f5afc: folds
512e5be1: folds
Hero: folds
19387e: raises $0.1 to $0.2
7bc16215: raises $0.85 to $1.05
883d220f: calls $0.95
19387e: calls $0.85
*** FLOP *** [2h 6d Td]
7bc16215: bets $1.04
883d220f: calls $1.04
19387e: folds
*** TURN *** [2h 6d Td] [6c]
7bc16215: bets $3.93
883d220f: calls $2.81 and is all-in
Uncalled bet ($1.12) returned to 7bc16215
7bc16215: shows [Ac Tc] (Pair of Tens and Pair of Sixes)
883d220f: shows [Ah Jd] (Pair of Sixes)
*** RIVER *** [2h 6d Td 6c] [Ks]
*** SHOWDOWN ***
7bc16215 collected $10.22 from pot
*** SUMMARY ***
Total pot $10.85 | Rake $0.53 | Jackpot $0.1 | Bingo $0 | Fortune $0 | Tax $0
Board [2h 6d Td 6c Ks]
Seat 1: 512e5be1 folded before Flop (didn't bet)
Seat 2: Hero folded before Flop (didn't bet)
Seat 3: 19387e (button) folded on the Flop
Seat 4: 7bc16215 (small blind) showed [Ac Tc] and won ($10.22) with Pair of Tens and Pair of Sixes
Seat 5: 883d220f (big blind) showed [Ah Jd] and lost with Pair of Sixes
Seat 6: 322f5afc folded before Flop (didn't bet)


Poker Hand #HD1788689448: Hold'em No Limit ($0.05/$0.1) - 2024/05/26 18:02:53
Table 'NLHRed36' 6-max Seat #2 is the button
Seat 1: 512e5be1 ($9.59 in chips)
Seat 2: Hero ($22.11 in chips)
Seat 3: 19387e ($10.5 in chips)
Seat 4: 7bc16215 ($10.73 in chips)
Seat 5: 883d220f ($5 in chips)
Seat 6: 322f5afc ($10 in chips)
19387e: posts small blind $0.05
7bc16215: posts big blind $0.1
883d220f: posts big blind $0.1
*** HOLE CARDS ***
Dealt to 512e5be1 
Dealt to Hero [4h 2h]
Dealt to 19387e 
Dealt to 7bc16215 
Dealt to 883d220f 
Dealt to 322f5afc 
883d220f: checks
322f5afc: folds
512e5be1: raises $0.18 to $0.28
Hero: folds
19387e: calls $0.23
7bc16215: folds
883d220f: folds
*** FLOP *** [8h Kd 6h]
19387e: checks
512e5be1: checks
*** TURN *** [8h Kd 6h] [4d]
19387e: checks
512e5be1: checks
*** RIVER *** [8h Kd 6h 4d] [Kh]
19387e: checks
512e5be1: checks
19387e: shows [Th As] (Pair of Kings)
512e5be1: shows [Jh Jd] (Pair of Kings and Pair of Jacks)
*** SHOWDOWN ***
512e5be1 collected $0.73 from pot
*** SUMMARY ***
Total pot $0.76 | Rake $0.03 | Jackpot $0 | Bingo $0 | Fortune $0 | Tax $0
Board [8h Kd 6h 4d Kh]
Seat 1: 512e5be1 showed [Jh Jd] and won ($0.73) with Pair of Kings and Pair of Jacks
Seat 2: Hero (button) folded before Flop (didn't bet)
Seat 3: 19387e (small blind) showed [Th As] and lost with Pair of Kings
Seat 4: 7bc16215 (big blind) folded before Flop
Seat 5: 883d220f folded before Flop
Seat 6: 322f5afc folded before Flop (didn't bet)


Poker Hand #HD1788689428: Hold'em No Limit ($0.05/$0.1) - 2024/05/26 18:02:32
Table 'NLHRed36' 6-max Seat #1 is the button
Seat 1: 512e5be1 ($9.59 in chips)
Seat 2: Hero ($22.41 in chips)
Seat 3: 19387e ($10.23 in chips)
Seat 4: 7bc16215 ($10.73 in chips)
Seat 6: 322f5afc ($10 in chips)
Hero: posts small blind $0.05
19387e: posts big blind $0.1
*** HOLE CARDS ***
Dealt to 512e5be1 
Dealt to Hero [Ad 8s]
Dealt to 19387e 
Dealt to 7bc16215 
Dealt to 322f5afc 
7bc16215: folds
322f5afc: folds
512e5be1: folds
Hero: raises $0.2 to $0.3
19387e: raises $0.6 to $0.9
Hero: folds
Uncalled bet ($0.6) returned to 19387e
*** SHOWDOWN ***
19387e collected $0.57 from pot
*** SUMMARY ***
Total pot $0.6 | Rake $0.03 | Jackpot $0 | Bingo $0 | Fortune $0 | Tax $0
Seat 1: 512e5be1 (button) folded before Flop (didn't bet)
Seat 2: Hero (small blind) folded before Flop
Seat 3: 19387e (big blind) collected ($0.57)
Seat 4: 7bc16215 folded before Flop (didn't bet)
Seat 6: 322f5afc folded before Flop (didn't bet)


Poker Hand #HD1788689404: Hold'em No Limit ($0.05/$0.1) - 2024/05/26 18:02:20
Table 'NLHRed36' 6-max Seat #6 is the button
Seat 1: 512e5be1 ($9.64 in chips)
Seat 2: Hero ($22.36 in chips)
Seat 3: 19387e ($10.23 in chips)
Seat 4: 7bc16215 ($10.73 in chips)
Seat 6: 322f5afc ($10 in chips)
512e5be1: posts small blind $0.05
Hero: posts big blind $0.1
*** HOLE CARDS ***
Dealt to 512e5be1 
Dealt to Hero [Ah Jc]
Dealt to 19387e 
Dealt to 7bc16215 
Dealt to 322f5afc 
19387e: folds
7bc16215: folds
322f5afc: folds
512e5be1: folds
Uncalled bet ($0.05) returned to Hero
*** SHOWDOWN ***
Hero collected $0.1 from pot
*** SUMMARY ***
Total pot $0.1 | Rake $0 | Jackpot $0 | Bingo $0 | Fortune $0 | Tax $0
Seat 1: 512e5be1 (small blind) folded before Flop
Seat 2: Hero (big blind) collected ($0.1)
Seat 3: 19387e folded before Flop (didn't bet)
Seat 4: 7bc16215 folded before Flop (didn't bet)
Seat 6: 322f5afc (button) folded before Flop (didn't bet)


Poker Hand #HD1788689358: Hold'em No Limit ($0.05/$0.1) - 2024/05/26 18:01:43
Table 'NLHRed36' 6-max Seat #4 is the button
Seat 1: 512e5be1 ($9.84 in chips)
Seat 2: Hero ($22.36 in chips)
Seat 3: 19387e ($10 in chips)
Seat 4: 7bc16215 ($10.73 in chips)
Seat 6: 322f5afc ($10 in chips)
322f5afc: posts small blind $0.05
512e5be1: posts big blind $0.1
*** HOLE CARDS ***
Dealt to 512e5be1 
Dealt to Hero [2s 9d]
Dealt to 19387e 
Dealt to 7bc16215 
Dealt to 322f5afc 
Hero: folds
19387e: raises $0.1 to $0.2
7bc16215: folds
322f5afc: folds
512e5be1: calls $0.1
*** FLOP *** [9h Jd 8d]
512e5be1: checks
19387e: bets $0.15
512e5be1: folds
Uncalled bet ($0.15) returned to 19387e
*** SHOWDOWN ***
19387e collected $0.43 from pot
*** SUMMARY ***
Total pot $0.45 | Rake $0.02 | Jackpot $0 | Bingo $0 | Fortune $0 | Tax $0
Board [9h Jd 8d]
Seat 1: 512e5be1 (big blind) folded on the Flop
Seat 2: Hero folded before Flop (didn't bet)
Seat 3: 19387e won ($0.43)
Seat 4: 7bc16215 (button) folded before Flop (didn't bet)
Seat 6: 322f5afc (small blind) folded before Flop


Poker Hand #HD1788689341: Hold'em No Limit ($0.05/$0.1) - 2024/05/26 18:01:26
Table 'NLHRed36' 6-max Seat #3 is the button
Seat 2: Hero ($22.36 in chips)
Seat 3: 19387e ($10 in chips)
Seat 4: 7bc16215 ($10.78 in chips)
Seat 5: 8d16584f ($10.59 in chips)
Seat 6: 322f5afc ($10 in chips)
7bc16215: posts small blind $0.05
8d16584f: posts big blind $0.1
*** HOLE CARDS ***
Dealt to Hero [7s 6d]
Dealt to 19387e 
Dealt to 7bc16215 
Dealt to 8d16584f 
Dealt to 322f5afc 
322f5afc: folds
Hero: folds
19387e: folds
7bc16215: folds
Uncalled bet ($0.05) returned to 8d16584f
*** SHOWDOWN ***
8d16584f collected $0.1 from pot
*** SUMMARY ***
Total pot $0.1 | Rake $0 | Jackpot $0 | Bingo $0 | Fortune $0 | Tax $0
Seat 2: Hero folded before Flop (didn't bet)
Seat 3: 19387e (button) folded before Flop (didn't bet)
Seat 4: 7bc16215 (small blind) folded before Flop
Seat 5: 8d16584f (big blind) collected ($0.1)
Seat 6: 322f5afc folded before Flop (didn't bet)


Poker Hand #HD1788689267: Hold'em No Limit ($0.05/$0.1) - 2024/05/26 18:00:33
Table 'NLHRed36' 6-max Seat #2 is the button
Seat 2: Hero ($22.36 in chips)
Seat 3: 19387e ($10.12 in chips)
Seat 4: 7bc16215 ($10.88 in chips)
Seat 5: 8d16584f ($10 in chips)
Seat 6: 322f5afc ($9.94 in chips)
19387e: posts small blind $0.05
7bc16215: posts big blind $0.1
*** HOLE CARDS ***
Dealt to Hero [As 7s]
Dealt to 19387e 
Dealt to 7bc16215 
Dealt to 8d16584f 
Dealt to 322f5afc 
8d16584f: raises $0.2 to $0.3
322f5afc: folds
Hero: folds
19387e: calls $0.25
7bc16215: folds
*** FLOP *** [Th 5h 2s]
19387e: bets $0.24
8d16584f: calls $0.24
*** TURN *** [Th 5h 2s] [3d]
19387e: checks
8d16584f: bets $0.89
19387e: folds
Uncalled bet ($0.89) returned to 8d16584f
*** SHOWDOWN ***
8d16584f collected $1.13 from pot
*** SUMMARY ***
Total pot $1.18 | Rake $0.05 | Jackpot $0 | Bingo $0 | Fortune $0 | Tax $0
Board [Th 5h 2s 3d]
Seat 2: Hero (button) folded before Flop (didn't bet)
Seat 3: 19387e (small blind) folded on the Turn
Seat 4: 7bc16215 (big blind) folded before Flop
Seat 5: 8d16584f won ($1.13)
Seat 6: 322f5afc folded before Flop (didn't bet)


Poker Hand #HD1788689235: Hold'em No Limit ($0.05/$0.1) - 2024/05/26 18:00:07
Table 'NLHRed36' 6-max Seat #6 is the button
Seat 2: Hero ($22.41 in chips)
Seat 3: 19387e ($10.22 in chips)
Seat 4: 7bc16215 ($10.88 in chips)
Seat 5: 8d16584f ($10 in chips)
Seat 6: 322f5afc ($9.7 in chips)
Hero: posts small blind $0.05
19387e: posts big blind $0.1
8d16584f: posts big blind $0.1
*** HOLE CARDS ***
Dealt to Hero [Ad Tc]
Dealt to 19387e 
Dealt to 7bc16215 
Dealt to 8d16584f 
Dealt to 322f5afc 
7bc16215: folds
8d16584f: checks
322f5afc: raises $0.35 to $0.45
Hero: folds
19387e: folds
8d16584f: folds
Uncalled bet ($0.35) returned to 322f5afc
*** SHOWDOWN ***
322f5afc collected $0.34 from pot
*** SUMMARY ***
Total pot $0.35 | Rake $0.01 | Jackpot $0 | Bingo $0 | Fortune $0 | Tax $0
Seat 2: Hero (small blind) folded before Flop
Seat 3: 19387e (big blind) folded before Flop
Seat 4: 7bc16215 folded before Flop (didn't bet)
Seat 5: 8d16584f folded before Flop
Seat 6: 322f5afc (button) collected ($0.34)


Poker Hand #HD1788689083: Hold'em No Limit ($0.05/$0.1) - 2024/05/26 17:58:21
Table 'NLHRed36' 6-max Seat #4 is the button
Seat 1: 512e5be1 ($10 in chips)
Seat 2: Hero ($13.11 in chips)
Seat 3: 19387e ($10.22 in chips)
Seat 4: 7bc16215 ($11.08 in chips)
Seat 6: 322f5afc ($9.9 in chips)
322f5afc: posts small blind $0.05
512e5be1: posts big blind $0.1
*** HOLE CARDS ***
Dealt to 512e5be1 
Dealt to Hero [Ks Ah]
Dealt to 19387e 
Dealt to 7bc16215 
Dealt to 322f5afc 
Hero: raises $0.1 to $0.2
19387e: folds
7bc16215: calls $0.2
322f5afc: calls $0.15
512e5be1: raises $0.4 to $0.6
Hero: raises $1.8 to $2.4
7bc16215: folds
322f5afc: folds
512e5be1: calls $1.8
*** FLOP *** [2s 8d Ac]
512e5be1: checks
Hero: bets $1.9
512e5be1: calls $1.9
*** TURN *** [2s 8d Ac] [9d]
512e5be1: checks
Hero: bets $2
512e5be1: raises $3.7 to $5.7 and is all-in
Hero: calls $3.7
512e5be1: shows [Js Ad] (Pair of Aces)
Hero: shows [Ks Ah] (Pair of Aces)
*** FIRST RIVER *** [2s 8d Ac 9d] [3s]
*** SECOND RIVER *** [2s 8d Ac 9d] [4s]
*** FIRST SHOWDOWN ***
Hero collected $9.65 from pot
*** SECOND SHOWDOWN ***
Hero collected $9.65 from pot
*** SUMMARY ***
Total pot $20.4 | Rake $1 | Jackpot $0.1 | Bingo $0 | Fortune $0 | Tax $0
Hand was run two times
FIRST Board [2s 8d Ac 9d 3s]
SECOND Board [4s]
Seat 1: 512e5be1 (big blind) showed [Js Ad] and lost with Pair of Aces, and lost
Seat 2: Hero showed [Ks Ah] and won ($9.65) with Pair of Aces, and won ($9.65)
Seat 3: 19387e folded before Flop (didn't bet)
Seat 4: 7bc16215 (button) folded before Flop
Seat 6: 322f5afc (small blind) folded before Flop


Poker Hand #HD1788689043: Hold'em No Limit ($0.05/$0.1) - 2024/05/26 17:57:56
Table 'NLHRed36' 6-max Seat #3 is the button
Seat 2: Hero ($12.96 in chips)
Seat 3: 19387e ($10.22 in chips)
Seat 4: 7bc16215 ($11.13 in chips)
Seat 6: 322f5afc ($10 in chips)
7bc16215: posts small blind $0.05
322f5afc: posts big blind $0.1
*** HOLE CARDS ***
Dealt to Hero [9s Kc]
Dealt to 19387e 
Dealt to 7bc16215 
Dealt to 322f5afc 
Hero: raises $0.14 to $0.24
19387e: folds
7bc16215: folds
322f5afc: folds
Uncalled bet ($0.14) returned to Hero
*** SHOWDOWN ***
Hero collected $0.25 from pot
*** SUMMARY ***
Total pot $0.25 | Rake $0 | Jackpot $0 | Bingo $0 | Fortune $0 | Tax $0
Seat 2: Hero collected ($0.25)
Seat 3: 19387e (button) folded before Flop (didn't bet)
Seat 4: 7bc16215 (small blind) folded before Flop
Seat 6: 322f5afc (big blind) folded before Flop


Poker Hand #HD1788689001: Hold'em No Limit ($0.05/$0.1) - 2024/05/26 17:57:27
Table 'NLHRed36' 6-max Seat #2 is the button
Seat 2: Hero ($12.96 in chips)
Seat 3: 19387e ($10.27 in chips)
Seat 4: 7bc16215 ($11.08 in chips)
Seat 5: ac4bcf5f ($19.58 in chips)
Seat 6: 322f5afc ($10 in chips)
19387e: posts small blind $0.05
7bc16215: posts big blind $0.1
*** HOLE CARDS ***
Dealt to Hero [3c 2s]
Dealt to 19387e 
Dealt to 7bc16215 
Dealt to ac4bcf5f 
Dealt to 322f5afc 
ac4bcf5f: folds
322f5afc: folds
Hero: folds
19387e: folds
Uncalled bet ($0.05) returned to 7bc16215
*** SHOWDOWN ***
7bc16215 collected $0.1 from pot
*** SUMMARY ***
Total pot $0.1 | Rake $0 | Jackpot $0 | Bingo $0 | Fortune $0 | Tax $0
Seat 2: Hero (button) folded before Flop (didn't bet)
Seat 3: 19387e (small blind) folded before Flop
Seat 4: 7bc16215 (big blind) collected ($0.1)
Seat 5: ac4bcf5f folded before Flop (didn't bet)
Seat 6: 322f5afc folded before Flop (didn't bet)


Poker Hand #HD1788688965: Hold'em No Limit ($0.05/$0.1) - 2024/05/26 17:57:01
Table 'NLHRed36' 6-max Seat #6 is the button
Seat 2: Hero ($13.26 in chips)
Seat 3: 19387e ($10 in chips)
Seat 4: 7bc16215 ($11.08 in chips)
Seat 5: ac4bcf5f ($19.58 in chips)
Seat 6: 322f5afc ($10 in chips)
Hero: posts small blind $0.05
19387e: posts big blind $0.1
*** HOLE CARDS ***
Dealt to Hero [Qc 7c]
Dealt to 19387e 
Dealt to 7bc16215 
Dealt to ac4bcf5f 
Dealt to 322f5afc 
7bc16215: folds
ac4bcf5f: folds
322f5afc: folds
Hero: raises $0.2 to $0.3
19387e: raises $0.6 to $0.9
Hero: folds
Uncalled bet ($0.6) returned to 19387e
*** SHOWDOWN ***
19387e collected $0.57 from pot
*** SUMMARY ***
Total pot $0.6 | Rake $0.03 | Jackpot $0 | Bingo $0 | Fortune $0 | Tax $0
Seat 2: Hero (small blind) folded before Flop
Seat 3: 19387e (big blind) collected ($0.57)
Seat 4: 7bc16215 folded before Flop (didn't bet)
Seat 5: ac4bcf5f folded before Flop (didn't bet)
Seat 6: 322f5afc (button) folded before Flop (didn't bet)


Poker Hand #HD1788688942: Hold'em No Limit ($0.05/$0.1) - 2024/05/26 17:56:47
Table 'NLHRed36' 6-max Seat #5 is the button
Seat 2: Hero ($13.36 in chips)
Seat 4: 7bc16215 ($11.08 in chips)
Seat 5: ac4bcf5f ($19.58 in chips)
Seat 6: 322f5afc ($9.9 in chips)
322f5afc: posts small blind $0.05
Hero: posts big blind $0.1
*** HOLE CARDS ***
Dealt to Hero [2h 7d]
Dealt to 7bc16215 
Dealt to ac4bcf5f 
Dealt to 322f5afc 
7bc16215: folds
ac4bcf5f: folds
322f5afc: raises $0.2 to $0.3
Hero: folds
Uncalled bet ($0.2) returned to 322f5afc
*** SHOWDOWN ***
322f5afc collected $0.2 from pot
*** SUMMARY ***
Total pot $0.2 | Rake $0 | Jackpot $0 | Bingo $0 | Fortune $0 | Tax $0
Seat 2: Hero (big blind) folded before Flop
Seat 4: 7bc16215 folded before Flop (didn't bet)
Seat 5: ac4bcf5f (button) folded before Flop (didn't bet)
Seat 6: 322f5afc (small blind) collected ($0.2)


Poker Hand #HD1788688915: Hold'em No Limit ($0.05/$0.1) - 2024/05/26 17:56:25
Table 'NLHRed36' 6-max Seat #4 is the button
Seat 1: 15f785aa ($10.45 in chips)
Seat 2: Hero ($13.21 in chips)
Seat 4: 7bc16215 ($11.08 in chips)
Seat 5: ac4bcf5f ($19.63 in chips)
Seat 6: 322f5afc ($10 in chips)
ac4bcf5f: posts small blind $0.05
322f5afc: posts big blind $0.1
*** HOLE CARDS ***
Dealt to 15f785aa 
Dealt to Hero [8d Ah]
Dealt to 7bc16215 
Dealt to ac4bcf5f 
Dealt to 322f5afc 
15f785aa: folds
Hero: raises $0.14 to $0.24
7bc16215: folds
ac4bcf5f: folds
322f5afc: folds
Uncalled bet ($0.14) returned to Hero
*** SHOWDOWN ***
Hero collected $0.25 from pot
*** SUMMARY ***
Total pot $0.25 | Rake $0 | Jackpot $0 | Bingo $0 | Fortune $0 | Tax $0
Seat 1: 15f785aa folded before Flop (didn't bet)
Seat 2: Hero collected ($0.25)
Seat 4: 7bc16215 (button) folded before Flop (didn't bet)
Seat 5: ac4bcf5f (small blind) folded before Flop
Seat 6: 322f5afc (big blind) folded before Flop


Poker Hand #HD1788688875: Hold'em No Limit ($0.05/$0.1) - 2024/05/26 17:55:50
Table 'NLHRed36' 6-max Seat #3 is the button
Seat 1: 15f785aa ($10.65 in chips)
Seat 2: Hero ($13.21 in chips)
Seat 3: db4cffc9 ($0.87 in chips)
Seat 4: 7bc16215 ($11.13 in chips)
Seat 5: ac4bcf5f ($19.4 in chips)
Seat 6: 322f5afc ($10 in chips)
7bc16215: posts small blind $0.05
ac4bcf5f: posts big blind $0.1
*** HOLE CARDS ***
Dealt to 15f785aa 
Dealt to Hero [9c Jh]
Dealt to db4cffc9 
Dealt to 7bc16215 
Dealt to ac4bcf5f 
Dealt to 322f5afc 
322f5afc: folds
15f785aa: raises $0.1 to $0.2
Hero: folds
db4cffc9: folds
7bc16215: folds
ac4bcf5f: raises $0.8 to $1
15f785aa: folds
Uncalled bet ($0.8) returned to ac4bcf5f
*** SHOWDOWN ***
ac4bcf5f collected $0.43 from pot
*** SUMMARY ***
Total pot $0.45 | Rake $0.02 | Jackpot $0 | Bingo $0 | Fortune $0 | Tax $0
Seat 1: 15f785aa folded before Flop
Seat 2: Hero folded before Flop (didn't bet)
Seat 3: db4cffc9 (button) folded before Flop (didn't bet)
Seat 4: 7bc16215 (small blind) folded before Flop
Seat 5: ac4bcf5f (big blind) collected ($0.43)
Seat 6: 322f5afc folded before Flop (didn't bet)


Poker Hand #HD1788688819: Hold'em No Limit ($0.05/$0.1) - 2024/05/26 17:55:07
Table 'NLHRed36' 6-max Seat #2 is the button
Seat 1: 15f785aa ($11.9 in chips)
Seat 2: Hero ($13.21 in chips)
Seat 4: 7bc16215 ($10 in chips)
7bc16215: posts small blind $0.05
15f785aa: posts big blind $0.1
*** HOLE CARDS ***
Dealt to 15f785aa 
Dealt to Hero [Tc 3s]
Dealt to 7bc16215 
Hero: folds
7bc16215: raises $0.2 to $0.3
15f785aa: calls $0.2
*** FLOP *** [7c 9c Ks]
7bc16215: bets $0.2
15f785aa: calls $0.2
*** TURN *** [7c 9c Ks] [Qh]
7bc16215: checks
15f785aa: checks
*** RIVER *** [7c 9c Ks Qh] [2d]
7bc16215: bets $0.75
15f785aa: calls $0.75
7bc16215: shows [Kd 4d] (Pair of Kings)
15f785aa: shows [7d 6c] (Pair of Sevens)
*** SHOWDOWN ***
7bc16215 collected $2.38 from pot
*** SUMMARY ***
Total pot $2.5 | Rake $0.12 | Jackpot $0 | Bingo $0 | Fortune $0 | Tax $0
Board [7c 9c Ks Qh 2d]
Seat 1: 15f785aa (big blind) showed [7d 6c] and lost with Pair of Sevens
Seat 2: Hero (button) folded before Flop (didn't bet)
Seat 4: 7bc16215 (small blind) showed [Kd 4d] and won ($2.38) with Pair of Kings


Poker Hand #HD1788688780: Hold'em No Limit ($0.05/$0.1) - 2024/05/26 17:54:37
Table 'NLHRed36' 6-max Seat #1 is the button
Seat 1: 15f785aa ($11.67 in chips)
Seat 2: Hero ($13.26 in chips)
Seat 4: 7bc16215 ($10 in chips)
Hero: posts small blind $0.05
7bc16215: posts big blind $0.1
*** HOLE CARDS ***
Dealt to 15f785aa 
Dealt to Hero [8h Kc]
Dealt to 7bc16215 
15f785aa: raises $0.1 to $0.2
Hero: folds
7bc16215: calls $0.1
*** FLOP *** [Ac 9s Kh]
7bc16215: checks
15f785aa: bets $0.2
7bc16215: folds
Uncalled bet ($0.2) returned to 15f785aa
*** SHOWDOWN ***
15f785aa collected $0.43 from pot
*** SUMMARY ***
Total pot $0.45 | Rake $0.02 | Jackpot $0 | Bingo $0 | Fortune $0 | Tax $0
Board [Ac 9s Kh]
Seat 1: 15f785aa (button) won ($0.43)
Seat 2: Hero (small blind) folded before Flop
Seat 4: 7bc16215 (big blind) folded on the Flop


Poker Hand #HD1788688770: Hold'em No Limit ($0.05/$0.1) - 2024/05/26 17:54:27
Table 'NLHRed36' 6-max Seat #3 is the button
Seat 1: 15f785aa ($11.57 in chips)
Seat 2: Hero ($13.36 in chips)
Seat 3: 336b63ec ($10.64 in chips)
15f785aa: posts small blind $0.05
Hero: posts big blind $0.1
*** HOLE CARDS ***
Dealt to 15f785aa 
Dealt to Hero [3d 5s]
Dealt to 336b63ec 
336b63ec: folds
15f785aa: raises $0.2 to $0.3
Hero: folds
Uncalled bet ($0.2) returned to 15f785aa
*** SHOWDOWN ***
15f785aa collected $0.2 from pot
*** SUMMARY ***
Total pot $0.2 | Rake $0 | Jackpot $0 | Bingo $0 | Fortune $0 | Tax $0
Seat 1: 15f785aa (small blind) collected ($0.2)
Seat 2: Hero (big blind) folded before Flop
Seat 3: 336b63ec (button) folded before Flop (didn't bet)


Poker Hand #HD1788688721: Hold'em No Limit ($0.05/$0.1) - 2024/05/26 17:53:49
Table 'NLHRed36' 6-max Seat #2 is the button
Seat 1: 15f785aa ($11.99 in chips)
Seat 2: Hero ($13.36 in chips)
Seat 3: 336b63ec ($10.26 in chips)
336b63ec: posts small blind $0.05
15f785aa: posts big blind $0.1
*** HOLE CARDS ***
Dealt to 15f785aa 
Dealt to Hero [5h 9d]
Dealt to 336b63ec 
Hero: folds
336b63ec: raises $0.15 to $0.25
15f785aa: calls $0.15
*** FLOP *** [Jd 8c 7h]
336b63ec: bets $0.17
15f785aa: calls $0.17
*** TURN *** [Jd 8c 7h] [2h]
336b63ec: bets $0.56
15f785aa: folds
Uncalled bet ($0.56) returned to 336b63ec
*** SHOWDOWN ***
336b63ec collected $0.8 from pot
*** SUMMARY ***
Total pot $0.84 | Rake $0.04 | Jackpot $0 | Bingo $0 | Fortune $0 | Tax $0
Board [Jd 8c 7h 2h]
Seat 1: 15f785aa (big blind) folded on the Turn
Seat 2: Hero (button) folded before Flop (didn't bet)
Seat 3: 336b63ec (small blind) won ($0.8)


Poker Hand #HD1788688712: Hold'em No Limit ($0.05/$0.1) - 2024/05/26 17:53:42
Table 'NLHRed36' 6-max Seat #1 is the button
Seat 1: 15f785aa ($11.99 in chips)
Seat 2: Hero ($13.41 in chips)
Seat 3: 336b63ec ($10.21 in chips)
Hero: posts small blind $0.05
336b63ec: posts big blind $0.1
*** HOLE CARDS ***
Dealt to 15f785aa 
Dealt to Hero [5c Td]
Dealt to 336b63ec 
15f785aa: folds
Hero: folds
Uncalled bet ($0.05) returned to 336b63ec
*** SHOWDOWN ***
336b63ec collected $0.1 from pot
*** SUMMARY ***
Total pot $0.1 | Rake $0 | Jackpot $0 | Bingo $0 | Fortune $0 | Tax $0
Seat 1: 15f785aa (button) folded before Flop (didn't bet)
Seat 2: Hero (small blind) folded before Flop
Seat 3: 336b63ec (big blind) collected ($0.1)


Poker Hand #HD1788688702: Hold'em No Limit ($0.05/$0.1) - 2024/05/26 17:53:36
Table 'NLHRed36' 6-max Seat #3 is the button
Seat 1: 15f785aa ($12.04 in chips)
Seat 2: Hero ($13.36 in chips)
Seat 3: 336b63ec ($10.21 in chips)
15f785aa: posts small blind $0.05
Hero: posts big blind $0.1
*** HOLE CARDS ***
Dealt to 15f785aa 
Dealt to Hero [9c Jd]
Dealt to 336b63ec 
336b63ec: folds
15f785aa: folds
Uncalled bet ($0.05) returned to Hero
*** SHOWDOWN ***
Hero collected $0.1 from pot
*** SUMMARY ***
Total pot $0.1 | Rake $0 | Jackpot $0 | Bingo $0 | Fortune $0 | Tax $0
Seat 1: 15f785aa (small blind) folded before Flop
Seat 2: Hero (big blind) collected ($0.1)
Seat 3: 336b63ec (button) folded before Flop (didn't bet)


Poker Hand #HD1788688643: Hold'em No Limit ($0.05/$0.1) - 2024/05/26 17:52:53
Table 'NLHRed36' 6-max Seat #2 is the button
Seat 1: 15f785aa ($11.59 in chips)
Seat 2: Hero ($13.8 in chips)
Seat 3: 336b63ec ($10.26 in chips)
336b63ec: posts small blind $0.05
15f785aa: posts big blind $0.1
*** HOLE CARDS ***
Dealt to 15f785aa 
Dealt to Hero [Jh As]
Dealt to 336b63ec 
Hero: raises $0.14 to $0.24
336b63ec: folds
15f785aa: calls $0.14
*** FLOP *** [4d Td 8h]
15f785aa: checks
Hero: bets $0.2
15f785aa: calls $0.2
*** TURN *** [4d Td 8h] [7h]
15f785aa: checks
Hero: checks
*** RIVER *** [4d Td 8h 7h] [3c]
15f785aa: bets $0.8
Hero: folds
Uncalled bet ($0.8) returned to 15f785aa
*** SHOWDOWN ***
15f785aa collected $0.89 from pot
*** SUMMARY ***
Total pot $0.93 | Rake $0.04 | Jackpot $0 | Bingo $0 | Fortune $0 | Tax $0
Board [4d Td 8h 7h 3c]
Seat 1: 15f785aa (big blind) won ($0.89)
Seat 2: Hero (button) folded on the River
Seat 3: 336b63ec (small blind) folded before Flop


Poker Hand #HD1788688622: Hold'em No Limit ($0.05/$0.1) - 2024/05/26 17:52:38
Table 'NLHRed36' 6-max Seat #1 is the button
Seat 1: 15f785aa ($11.59 in chips)
Seat 2: Hero ($13.7 in chips)
Seat 3: 336b63ec ($10.36 in chips)
Seat 5: d11f8c86 ($10 in chips)
Hero: posts small blind $0.05
336b63ec: posts big blind $0.1
*** HOLE CARDS ***
Dealt to 15f785aa 
Dealt to Hero [5s Ks]
Dealt to 336b63ec 
Dealt to d11f8c86 
d11f8c86: folds
15f785aa: folds
Hero: raises $0.2 to $0.3
336b63ec: folds
Uncalled bet ($0.2) returned to Hero
*** SHOWDOWN ***
Hero collected $0.2 from pot
*** SUMMARY ***
Total pot $0.2 | Rake $0 | Jackpot $0 | Bingo $0 | Fortune $0 | Tax $0
Seat 1: 15f785aa (button) folded before Flop (didn't bet)
Seat 2: Hero (small blind) collected ($0.2)
Seat 3: 336b63ec (big blind) folded before Flop
Seat 5: d11f8c86 folded before Flop (didn't bet)


Poker Hand #HD1788688607: Hold'em No Limit ($0.05/$0.1) - 2024/05/26 17:52:25
Table 'NLHRed36' 6-max Seat #5 is the button
Seat 1: 15f785aa ($11.64 in chips)
Seat 2: Hero ($13.8 in chips)
Seat 3: 336b63ec ($10.21 in chips)
Seat 5: d11f8c86 ($10 in chips)
15f785aa: posts small blind $0.05
Hero: posts big blind $0.1
*** HOLE CARDS ***
Dealt to 15f785aa 
Dealt to Hero [Js 6h]
Dealt to 336b63ec 
Dealt to d11f8c86 
336b63ec: raises $0.1 to $0.2
d11f8c86: folds
15f785aa: folds
Hero: folds
Uncalled bet ($0.1) returned to 336b63ec
*** SHOWDOWN ***
336b63ec collected $0.25 from pot
*** SUMMARY ***
Total pot $0.25 | Rake $0 | Jackpot $0 | Bingo $0 | Fortune $0 | Tax $0
Seat 1: 15f785aa (small blind) folded before Flop
Seat 2: Hero (big blind) folded before Flop
Seat 3: 336b63ec collected ($0.25)
Seat 5: d11f8c86 (button) folded before Flop (didn't bet)


Poker Hand #HD1788688538: Hold'em No Limit ($0.05/$0.1) - 2024/05/26 17:51:28
Table 'NLHRed36' 6-max Seat #3 is the button
Seat 1: 15f785aa ($11.64 in chips)
Seat 2: Hero ($13.35 in chips)
Seat 3: 336b63ec ($10.21 in chips)
Seat 4: b95b0a ($21.36 in chips)
Seat 5: d11f8c86 ($10 in chips)
b95b0a: posts small blind $0.05
d11f8c86: posts big blind $0.1
*** HOLE CARDS ***
Dealt to 15f785aa 
Dealt to Hero [Tc Td]
Dealt to 336b63ec 
Dealt to b95b0a 
Dealt to d11f8c86 
15f785aa: folds
Hero: raises $0.14 to $0.24
336b63ec: folds
b95b0a: folds
d11f8c86: calls $0.14
*** FLOP *** [2s Ac 6s]
d11f8c86: checks
Hero: checks
*** TURN *** [2s Ac 6s] [5c]
d11f8c86: checks
Hero: bets $0.2
d11f8c86: calls $0.2
*** RIVER *** [2s Ac 6s 5c] [Jh]
d11f8c86: checks
Hero: checks
d11f8c86: shows [8h 8s] (Pair of Eights)
Hero: shows [Tc Td] (Pair of Tens)
*** SHOWDOWN ***
Hero collected $0.89 from pot
*** SUMMARY ***
Total pot $0.93 | Rake $0.04 | Jackpot $0 | Bingo $0 | Fortune $0 | Tax $0
Board [2s Ac 6s 5c Jh]
Seat 1: 15f785aa folded before Flop (didn't bet)
Seat 2: Hero showed [Tc Td] and won ($0.89) with Pair of Tens
Seat 3: 336b63ec (button) folded before Flop (didn't bet)
Seat 4: b95b0a (small blind) folded before Flop
Seat 5: d11f8c86 (big blind) showed [8h 8s] and lost with Pair of Eights


Poker Hand #HD1788688489: Hold'em No Limit ($0.05/$0.1) - 2024/05/26 17:50:46
Table 'NLHRed36' 6-max Seat #2 is the button
Seat 1: 15f785aa ($11.64 in chips)
Seat 2: Hero ($13.35 in chips)
Seat 3: 336b63ec ($10.41 in chips)
Seat 4: b95b0a ($21.18 in chips)
Seat 5: d11f8c86 ($10 in chips)
336b63ec: posts small blind $0.05
b95b0a: posts big blind $0.1
*** HOLE CARDS ***
Dealt to 15f785aa 
Dealt to Hero [4c Qs]
Dealt to 336b63ec 
Dealt to b95b0a 
Dealt to d11f8c86 
d11f8c86: folds
15f785aa: folds
Hero: folds
336b63ec: calls $0.05
b95b0a: checks
*** FLOP *** [Ah Qc 2s]
336b63ec: checks
b95b0a: bets $0.1
336b63ec: calls $0.1
*** TURN *** [Ah Qc 2s] [5d]
336b63ec: checks
b95b0a: checks
*** RIVER *** [Ah Qc 2s 5d] [9d]
336b63ec: checks
b95b0a: bets $0.3
336b63ec: folds
Uncalled bet ($0.3) returned to b95b0a
*** SHOWDOWN ***
b95b0a collected $0.38 from pot
*** SUMMARY ***
Total pot $0.4 | Rake $0.02 | Jackpot $0 | Bingo $0 | Fortune $0 | Tax $0
Board [Ah Qc 2s 5d 9d]
Seat 1: 15f785aa folded before Flop (didn't bet)
Seat 2: Hero (button) folded before Flop (didn't bet)
Seat 3: 336b63ec (small blind) folded on the River
Seat 4: b95b0a (big blind) won ($0.38)
Seat 5: d11f8c86 folded before Flop (didn't bet)


Poker Hand #HD1788688430: Hold'em No Limit ($0.05/$0.1) - 2024/05/26 17:50:02
Table 'NLHRed36' 6-max Seat #1 is the button
Seat 1: 15f785aa ($11.64 in chips)
Seat 2: Hero ($13.08 in chips)
Seat 3: 336b63ec ($10.71 in chips)
Seat 4: b95b0a ($21.18 in chips)
Seat 5: d11f8c86 ($10 in chips)
Hero: posts small blind $0.05
336b63ec: posts big blind $0.1
*** HOLE CARDS ***
Dealt to 15f785aa 
Dealt to Hero [Kc Qh]
Dealt to 336b63ec 
Dealt to b95b0a 
Dealt to d11f8c86 
b95b0a: folds
d11f8c86: folds
15f785aa: folds
Hero: raises $0.2 to $0.3
336b63ec: calls $0.2
*** FLOP *** [Th 9s 2d]
Hero: bets $0.3
336b63ec: folds
Uncalled bet ($0.3) returned to Hero
*** SHOWDOWN ***
Hero collected $0.57 from pot
*** SUMMARY ***
Total pot $0.6 | Rake $0.03 | Jackpot $0 | Bingo $0 | Fortune $0 | Tax $0
Board [Th 9s 2d]
Seat 1: 15f785aa (button) folded before Flop (didn't bet)
Seat 2: Hero (small blind) won ($0.57)
Seat 3: 336b63ec (big blind) folded on the Flop
Seat 4: b95b0a folded before Flop (didn't bet)
Seat 5: d11f8c86 folded before Flop (didn't bet)


Poker Hand #HD1788688413: Hold'em No Limit ($0.05/$0.1) - 2024/05/26 17:49:47
Table 'NLHRed36' 6-max Seat #5 is the button
Seat 1: 15f785aa ($11.54 in chips)
Seat 2: Hero ($13.18 in chips)
Seat 3: 336b63ec ($10.71 in chips)
Seat 4: b95b0a ($21.18 in chips)
Seat 5: d11f8c86 ($10 in chips)
15f785aa: posts small blind $0.05
Hero: posts big blind $0.1
*** HOLE CARDS ***
Dealt to 15f785aa 
Dealt to Hero [7h 4c]
Dealt to 336b63ec 
Dealt to b95b0a 
Dealt to d11f8c86 
336b63ec: folds
b95b0a: folds
d11f8c86: folds
15f785aa: raises $0.2 to $0.3
Hero: folds
Uncalled bet ($0.2) returned to 15f785aa
*** SHOWDOWN ***
15f785aa collected $0.2 from pot
*** SUMMARY ***
Total pot $0.2 | Rake $0 | Jackpot $0 | Bingo $0 | Fortune $0 | Tax $0
Seat 1: 15f785aa (small blind) collected ($0.2)
Seat 2: Hero (big blind) folded before Flop
Seat 3: 336b63ec folded before Flop (didn't bet)
Seat 4: b95b0a folded before Flop (didn't bet)
Seat 5: d11f8c86 (button) folded before Flop (didn't bet)


Poker Hand #HD1788688323: Hold'em No Limit ($0.05/$0.1) - 2024/05/26 17:48:45
Table 'NLHRed36' 6-max Seat #4 is the button
Seat 1: 15f785aa ($11.77 in chips)
Seat 2: Hero ($13.18 in chips)
Seat 3: 336b63ec ($10.94 in chips)
Seat 4: b95b0a ($20.7 in chips)
Seat 5: d11f8c86 ($10 in chips)
d11f8c86: posts small blind $0.05
15f785aa: posts big blind $0.1
*** HOLE CARDS ***
Dealt to 15f785aa 
Dealt to Hero [7h Qs]
Dealt to 336b63ec 
Dealt to b95b0a 
Dealt to d11f8c86 
Hero: folds
336b63ec: raises $0.13 to $0.23
b95b0a: calls $0.23
d11f8c86: folds
15f785aa: calls $0.13
*** FLOP *** [8c 5s Ts]
15f785aa: checks
336b63ec: checks
b95b0a: bets $0.35
15f785aa: folds
336b63ec: folds
Uncalled bet ($0.35) returned to b95b0a
*** SHOWDOWN ***
b95b0a collected $0.71 from pot
*** SUMMARY ***
Total pot $0.74 | Rake $0.03 | Jackpot $0 | Bingo $0 | Fortune $0 | Tax $0
Board [8c 5s Ts]
Seat 1: 15f785aa (big blind) folded on the Flop
Seat 2: Hero folded before Flop (didn't bet)
Seat 3: 336b63ec folded on the Flop
Seat 4: b95b0a (button) won ($0.71)
Seat 5: d11f8c86 (small blind) folded before Flop


Poker Hand #HD1788688247: Hold'em No Limit ($0.05/$0.1) - 2024/05/26 17:47:51
Table 'NLHRed36' 6-max Seat #3 is the button
Seat 1: 15f785aa ($11.77 in chips)
Seat 2: Hero ($12.63 in chips)
Seat 3: 336b63ec ($11.39 in chips)
Seat 4: b95b0a ($20.75 in chips)
Seat 5: d11f8c86 ($10 in chips)
b95b0a: posts small blind $0.05
d11f8c86: posts big blind $0.1
*** HOLE CARDS ***
Dealt to 15f785aa 
Dealt to Hero [Ks 9s]
Dealt to 336b63ec 
Dealt to b95b0a 
Dealt to d11f8c86 
15f785aa: folds
Hero: raises $0.14 to $0.24
336b63ec: calls $0.24
b95b0a: folds
d11f8c86: folds
*** FLOP *** [Kc 3d Qc]
Hero: bets $0.21
336b63ec: calls $0.21
*** TURN *** [Kc 3d Qc] [Qd]
Hero: checks
336b63ec: checks
*** RIVER *** [Kc 3d Qc Qd] [5h]
Hero: checks
336b63ec: checks
Hero: shows [Ks 9s] (Pair of Kings and Pair of Queens)
336b63ec: shows [Ac 9c] (Pair of Queens)
*** SHOWDOWN ***
Hero collected $1 from pot
*** SUMMARY ***
Total pot $1.05 | Rake $0.05 | Jackpot $0 | Bingo $0 | Fortune $0 | Tax $0
Board [Kc 3d Qc Qd 5h]
Seat 1: 15f785aa folded before Flop (didn't bet)
Seat 2: Hero showed [Ks 9s] and won ($1) with Pair of Kings and Pair of Queens
Seat 3: 336b63ec (button) showed [Ac 9c] and lost with Pair of Queens
Seat 4: b95b0a (small blind) folded before Flop
Seat 5: d11f8c86 (big blind) folded before Flop


Poker Hand #HD1788688214: Hold'em No Limit ($0.05/$0.1) - 2024/05/26 17:47:31
Table 'NLHRed36' 6-max Seat #2 is the button
Seat 1: 15f785aa ($11.62 in chips)
Seat 2: Hero ($12.63 in chips)
Seat 3: 336b63ec ($11.44 in chips)
Seat 4: b95b0a ($20.85 in chips)
Seat 5: d11f8c86 ($10 in chips)
336b63ec: posts small blind $0.05
b95b0a: posts big blind $0.1
*** HOLE CARDS ***
Dealt to 15f785aa 
Dealt to Hero [5d Kc]
Dealt to 336b63ec 
Dealt to b95b0a 
Dealt to d11f8c86 
d11f8c86: folds
15f785aa: raises $0.1 to $0.2
Hero: folds
336b63ec: folds
b95b0a: folds
Uncalled bet ($0.1) returned to 15f785aa
*** SHOWDOWN ***
15f785aa collected $0.25 from pot
*** SUMMARY ***
Total pot $0.25 | Rake $0 | Jackpot $0 | Bingo $0 | Fortune $0 | Tax $0
Seat 1: 15f785aa collected ($0.25)
Seat 2: Hero (button) folded before Flop (didn't bet)
Seat 3: 336b63ec (small blind) folded before Flop
Seat 4: b95b0a (big blind) folded before Flop
Seat 5: d11f8c86 folded before Flop (didn't bet)


Poker Hand #HD1788688162: Hold'em No Limit ($0.05/$0.1) - 2024/05/26 17:46:56
Table 'NLHRed36' 6-max Seat #1 is the button
Seat 1: 15f785aa ($11.62 in chips)
Seat 2: Hero ($12.68 in chips)
Seat 3: 336b63ec ($11.21 in chips)
Seat 4: b95b0a ($20.85 in chips)
Seat 5: d11f8c86 ($10 in chips)
Hero: posts small blind $0.05
336b63ec: posts big blind $0.1
*** HOLE CARDS ***
Dealt to 15f785aa 
Dealt to Hero [7c 5c]
Dealt to 336b63ec 
Dealt to b95b0a 
Dealt to d11f8c86 
b95b0a: folds
d11f8c86: raises $0.1 to $0.2
15f785aa: folds
Hero: folds
336b63ec: calls $0.1
*** FLOP *** [Kc Js 9s]
336b63ec: checks
d11f8c86: checks
*** TURN *** [Kc Js 9s] [3s]
336b63ec: bets $0.15
d11f8c86: folds
Uncalled bet ($0.15) returned to 336b63ec
*** SHOWDOWN ***
336b63ec collected $0.43 from pot
*** SUMMARY ***
Total pot $0.45 | Rake $0.02 | Jackpot $0 | Bingo $0 | Fortune $0 | Tax $0
Board [Kc Js 9s 3s]
Seat 1: 15f785aa (button) folded before Flop (didn't bet)
Seat 2: Hero (small blind) folded before Flop
Seat 3: 336b63ec (big blind) won ($0.43)
Seat 4: b95b0a folded before Flop (didn't bet)
Seat 5: d11f8c86 folded on the Turn


Poker Hand #HD1788688106: Hold'em No Limit ($0.05/$0.1) - 2024/05/26 17:46:14
Table 'NLHRed36' 6-max Seat #5 is the button
Seat 1: 15f785aa ($11.67 in chips)
Seat 2: Hero ($12.45 in chips)
Seat 3: 336b63ec ($11.21 in chips)
Seat 4: b95b0a ($20.85 in chips)
Seat 5: d11f8c86 ($10 in chips)
15f785aa: posts small blind $0.05
Hero: posts big blind $0.1
*** HOLE CARDS ***
Dealt to 15f785aa 
Dealt to Hero [As 5c]
Dealt to 336b63ec 
Dealt to b95b0a 
Dealt to d11f8c86 
336b63ec: folds
b95b0a: folds
d11f8c86: raises $0.1 to $0.2
15f785aa: folds
Hero: calls $0.1
*** FLOP *** [2d 5s Ac]
Hero: checks
d11f8c86: checks
*** TURN *** [2d 5s Ac] [9h]
Hero: bets $0.3
d11f8c86: folds
Uncalled bet ($0.3) returned to Hero
*** SHOWDOWN ***
Hero collected $0.43 from pot
*** SUMMARY ***
Total pot $0.45 | Rake $0.02 | Jackpot $0 | Bingo $0 | Fortune $0 | Tax $0
Board [2d 5s Ac 9h]
Seat 1: 15f785aa (small blind) folded before Flop
Seat 2: Hero (big blind) won ($0.43)
Seat 3: 336b63ec folded before Flop (didn't bet)
Seat 4: b95b0a folded before Flop (didn't bet)
Seat 5: d11f8c86 (button) folded on the Turn


Poker Hand #HD1788687996: Hold'em No Limit ($0.05/$0.1) - 2024/05/26 17:44:57
Table 'NLHRed36' 6-max Seat #4 is the button
Seat 1: 15f785aa ($9.6 in chips)
Seat 2: Hero ($12.45 in chips)
Seat 3: 336b63ec ($11.21 in chips)
Seat 4: b95b0a ($20.85 in chips)
Seat 5: d11f8c86 ($10 in chips)
d11f8c86: posts small blind $0.05
15f785aa: posts big blind $0.1
*** HOLE CARDS ***
Dealt to 15f785aa 
Dealt to Hero [4d Qd]
Dealt to 336b63ec 
Dealt to b95b0a 
Dealt to d11f8c86 
Hero: folds
336b63ec: folds
b95b0a: folds
d11f8c86: raises $0.2 to $0.3
15f785aa: calls $0.2
*** FLOP *** [6d 2c Qc]
d11f8c86: bets $0.2
15f785aa: calls $0.2
*** TURN *** [6d 2c Qc] [9h]
d11f8c86: bets $0.7
15f785aa: calls $0.7
*** RIVER *** [6d 2c Qc 9h] [6c]
d11f8c86: checks
15f785aa: bets $1.2
d11f8c86: calls $1.2
15f785aa: shows [Kc 5c] (King High Flush)
d11f8c86: shows [Kh Qs] (Pair of Queens and Pair of Sixes)
*** SHOWDOWN ***
15f785aa collected $4.47 from pot
*** SUMMARY ***
Total pot $4.8 | Rake $0.23 | Jackpot $0.1 | Bingo $0 | Fortune $0 | Tax $0
Board [6d 2c Qc 9h 6c]
Seat 1: 15f785aa (big blind) showed [Kc 5c] and won ($4.47) with King High Flush
Seat 2: Hero folded before Flop (didn't bet)
Seat 3: 336b63ec folded before Flop (didn't bet)
Seat 4: b95b0a (button) folded before Flop (didn't bet)
Seat 5: d11f8c86 (small blind) showed [Kh Qs] and lost with Pair of Queens and Pair of Sixes


Poker Hand #HD1788687966: Hold'em No Limit ($0.05/$0.1) - 2024/05/26 17:44:31
Table 'NLHRed36' 6-max Seat #3 is the button
Seat 1: 15f785aa ($9.6 in chips)
Seat 2: Hero ($12.45 in chips)
Seat 3: 336b63ec ($10.93 in chips)
Seat 4: b95b0a ($20.9 in chips)
Seat 5: d11f8c86 ($10.22 in chips)
b95b0a: posts small blind $0.05
d11f8c86: posts big blind $0.1
*** HOLE CARDS ***
Dealt to 15f785aa 
Dealt to Hero [Ts 7d]
Dealt to 336b63ec 
Dealt to b95b0a 
Dealt to d11f8c86 
15f785aa: folds
Hero: folds
336b63ec: raises $0.15 to $0.25
b95b0a: folds
d11f8c86: calls $0.15
*** FLOP *** [2d 9s Ah]
d11f8c86: checks
336b63ec: bets $0.19
d11f8c86: folds
Uncalled bet ($0.19) returned to 336b63ec
*** SHOWDOWN ***
336b63ec collected $0.53 from pot
*** SUMMARY ***
Total pot $0.55 | Rake $0.02 | Jackpot $0 | Bingo $0 | Fortune $0 | Tax $0
Board [2d 9s Ah]
Seat 1: 15f785aa folded before Flop (didn't bet)
Seat 2: Hero folded before Flop (didn't bet)
Seat 3: 336b63ec (button) won ($0.53)
Seat 4: b95b0a (small blind) folded before Flop
Seat 5: d11f8c86 (big blind) folded on the Flop


Poker Hand #HD1788687910: Hold'em No Limit ($0.05/$0.1) - 2024/05/26 17:43:57
Table 'NLHRed36' 6-max Seat #2 is the button
Seat 1: 15f785aa ($9.8 in chips)
Seat 2: Hero ($10.28 in chips)
Seat 3: 336b63ec ($10.98 in chips)
Seat 4: b95b0a ($23.15 in chips)
336b63ec: posts small blind $0.05
b95b0a: posts big blind $0.1
*** HOLE CARDS ***
Dealt to 15f785aa 
Dealt to Hero [Ah Kd]
Dealt to 336b63ec 
Dealt to b95b0a 
15f785aa: raises $0.1 to $0.2
Hero: raises $0.5 to $0.7
336b63ec: folds
b95b0a: raises $1.55 to $2.25
15f785aa: folds
Hero: raises $8.03 to $10.28 and is all-in
b95b0a: folds
Uncalled bet ($8.03) returned to Hero
*** SHOWDOWN ***
Hero collected $4.42 from pot
*** SUMMARY ***
Total pot $4.75 | Rake $0.23 | Jackpot $0.1 | Bingo $0 | Fortune $0 | Tax $0
Seat 1: 15f785aa folded before Flop
Seat 2: Hero (button) collected ($4.42)
Seat 3: 336b63ec (small blind) folded before Flop
Seat 4: b95b0a (big blind) folded before Flop


Poker Hand #HD1788687871: Hold'em No Limit ($0.05/$0.1) - 2024/05/26 17:43:23
Table 'NLHRed36' 6-max Seat #1 is the button
Seat 1: 15f785aa ($10 in chips)
Seat 2: Hero ($10 in chips)
Seat 3: 336b63ec ($11.08 in chips)
Seat 4: b95b0a ($23.15 in chips)
Hero: posts small blind $0.05
336b63ec: posts big blind $0.1
*** HOLE CARDS ***
Dealt to 15f785aa 
Dealt to Hero [7c 7d]
Dealt to 336b63ec 
Dealt to b95b0a 
b95b0a: folds
15f785aa: raises $0.1 to $0.2
Hero: raises $0.8 to $1
336b63ec: folds
15f785aa: folds
Uncalled bet ($0.8) returned to Hero
*** SHOWDOWN ***
Hero collected $0.48 from pot
*** SUMMARY ***
Total pot $0.5 | Rake $0.02 | Jackpot $0 | Bingo $0 | Fortune $0 | Tax $0
Seat 1: 15f785aa (button) folded before Flop
Seat 2: Hero (small blind) collected ($0.48)
Seat 3: 336b63ec (big blind) folded before Flop
Seat 4: b95b0a folded before Flop (didn't bet)


Poker Hand #HD1788687850: Hold'em No Limit ($0.05/$0.1) - 2024/05/26 17:43:10
Table 'NLHRed36' 6-max Seat #4 is the button
Seat 1: 15f785aa ($10.05 in chips)
Seat 2: Hero ($10 in chips)
Seat 3: 336b63ec ($11.08 in chips)
Seat 4: b95b0a ($23 in chips)
15f785aa: posts small blind $0.05
Hero: posts big blind $0.1
*** HOLE CARDS ***
Dealt to 15f785aa 
Dealt to Hero [2d Js]
Dealt to 336b63ec 
Dealt to b95b0a 
336b63ec: folds
b95b0a: raises $0.15 to $0.25
15f785aa: folds
Hero: folds
Uncalled bet ($0.15) returned to b95b0a
*** SHOWDOWN ***
b95b0a collected $0.25 from pot
*** SUMMARY ***
Total pot $0.25 | Rake $0 | Jackpot $0 | Bingo $0 | Fortune $0 | Tax $0
Seat 1: 15f785aa (small blind) folded before Flop
Seat 2: Hero (big blind) folded before Flop
Seat 3: 336b63ec folded before Flop (didn't bet)
Seat 4: b95b0a (button) collected ($0.25)


Poker Hand #HD1788687835: Hold'em No Limit ($0.05/$0.1) - 2024/05/26 17:42:55
Table 'NLHRed36' 6-max Seat #3 is the button
Seat 1: 15f785aa ($10.15 in chips)
Seat 2: Hero ($10 in chips)
Seat 3: 336b63ec ($10.93 in chips)
Seat 4: b95b0a ($23.05 in chips)
b95b0a: posts small blind $0.05
15f785aa: posts big blind $0.1
*** HOLE CARDS ***
Dealt to 15f785aa 
Dealt to Hero [Qd 2d]
Dealt to 336b63ec 
Dealt to b95b0a 
Hero: folds
336b63ec: raises $0.15 to $0.25
b95b0a: folds
15f785aa: folds
Uncalled bet ($0.15) returned to 336b63ec
*** SHOWDOWN ***
336b63ec collected $0.25 from pot
*** SUMMARY ***
Total pot $0.25 | Rake $0 | Jackpot $0 | Bingo $0 | Fortune $0 | Tax $0
Seat 1: 15f785aa (big blind) folded before Flop
Seat 2: Hero folded before Flop (didn't bet)
Seat 3: 336b63ec (button) collected ($0.25)
Seat 4: b95b0a (small blind) folded before Flop


Poker Hand #HD1788687807: Hold'em No Limit ($0.05/$0.1) - 2024/05/26 17:42:34
Table 'NLHRed36' 6-max Seat #2 is the button
Seat 1: 15f785aa ($10.15 in chips)
Seat 2: Hero ($10 in chips)
Seat 3: 336b63ec ($10.98 in chips)
Seat 4: b95b0a ($23 in chips)
Seat 5: d11f8c86 ($10.22 in chips)
336b63ec: posts small blind $0.05
b95b0a: posts big blind $0.1
*** HOLE CARDS ***
Dealt to 15f785aa 
Dealt to Hero [Ad 2s]
Dealt to 336b63ec 
Dealt to b95b0a 
Dealt to d11f8c86 
d11f8c86: folds
15f785aa: folds
Hero: folds
336b63ec: folds
Uncalled bet ($0.05) returned to b95b0a
*** SHOWDOWN ***
b95b0a collected $0.1 from pot
*** SUMMARY ***
Total pot $0.1 | Rake $0 | Jackpot $0 | Bingo $0 | Fortune $0 | Tax $0
Seat 1: 15f785aa folded before Flop (didn't bet)
Seat 2: Hero (button) folded before Flop (didn't bet)
Seat 3: 336b63ec (small blind) folded before Flop
Seat 4: b95b0a (big blind) collected ($0.1)
Seat 5: d11f8c86 folded before Flop (didn't bet)


Poker Hand #HD1788687788: Hold'em No Limit ($0.05/$0.1) - 2024/05/26 17:42:18
Table 'NLHRed36' 6-max Seat #1 is the button
Seat 1: 15f785aa ($10 in chips)
Seat 2: Hero ($10 in chips)
Seat 3: 336b63ec ($11.08 in chips)
Seat 4: b95b0a ($23 in chips)
Seat 5: d11f8c86 ($10.22 in chips)
Hero: posts small blind $0.05
336b63ec: posts big blind $0.1
*** HOLE CARDS ***
Dealt to 15f785aa 
Dealt to Hero [4d 8d]
Dealt to 336b63ec 
Dealt to b95b0a 
Dealt to d11f8c86 
b95b0a: folds
d11f8c86: folds
15f785aa: raises $0.1 to $0.2
Hero: folds
336b63ec: folds
Uncalled bet ($0.1) returned to 15f785aa
*** SHOWDOWN ***
15f785aa collected $0.25 from pot
*** SUMMARY ***
Total pot $0.25 | Rake $0 | Jackpot $0 | Bingo $0 | Fortune $0 | Tax $0
Seat 1: 15f785aa (button) collected ($0.25)
Seat 2: Hero (small blind) folded before Flop
Seat 3: 336b63ec (big blind) folded before Flop
Seat 4: b95b0a folded before Flop (didn't bet)
Seat 5: d11f8c86 folded before Flop (didn't bet)


Poker Hand #HD1788687759: Hold'em No Limit ($0.05/$0.1) - 2024/05/26 17:41:59
Table 'NLHRed36' 6-max Seat #5 is the button
Seat 1: 15f785aa ($9.9 in chips)
Seat 2: Hero ($10 in chips)
Seat 3: 336b63ec ($11.08 in chips)
Seat 4: b95b0a ($23 in chips)
Seat 5: d11f8c86 ($10.22 in chips)
15f785aa: posts small blind $0.05
Hero: posts big blind $0.1
*** HOLE CARDS ***
Dealt to 15f785aa 
Dealt to Hero [Ad 6s]
Dealt to 336b63ec 
Dealt to b95b0a 
Dealt to d11f8c86 
336b63ec: folds
b95b0a: folds
d11f8c86: folds
15f785aa: raises $0.2 to $0.3
Hero: folds
Uncalled bet ($0.2) returned to 15f785aa
*** SHOWDOWN ***
15f785aa collected $0.2 from pot
*** SUMMARY ***
Total pot $0.2 | Rake $0 | Jackpot $0 | Bingo $0 | Fortune $0 | Tax $0
Seat 1: 15f785aa (small blind) collected ($0.2)
Seat 2: Hero (big blind) folded before Flop
Seat 3: 336b63ec folded before Flop (didn't bet)
Seat 4: b95b0a folded before Flop (didn't bet)
Seat 5: d11f8c86 (button) folded before Flop (didn't bet)


Poker Hand #HD1788687735: Hold'em No Limit ($0.05/$0.1) - 2024/05/26 17:41:42
Table 'NLHRed36' 6-max Seat #4 is the button
Seat 1: 15f785aa ($10 in chips)
Seat 2: Hero ($10 in chips)
Seat 3: 336b63ec ($11.08 in chips)
Seat 4: b95b0a ($22.85 in chips)
Seat 5: d11f8c86 ($10.27 in chips)
d11f8c86: posts small blind $0.05
15f785aa: posts big blind $0.1
*** HOLE CARDS ***
Dealt to 15f785aa 
Dealt to Hero [Qc 4c]
Dealt to 336b63ec 
Dealt to b95b0a 
Dealt to d11f8c86 
Hero: folds
336b63ec: folds
b95b0a: raises $0.15 to $0.25
d11f8c86: folds
15f785aa: folds
Uncalled bet ($0.15) returned to b95b0a
*** SHOWDOWN ***
b95b0a collected $0.25 from pot
*** SUMMARY ***
Total pot $0.25 | Rake $0 | Jackpot $0 | Bingo $0 | Fortune $0 | Tax $0
Seat 1: 15f785aa (big blind) folded before Flop
Seat 2: Hero folded before Flop (didn't bet)
Seat 3: 336b63ec folded before Flop (didn't bet)
Seat 4: b95b0a (button) collected ($0.25)
Seat 5: d11f8c86 (small blind) folded before Flop


Poker Hand #HD1788687667: Hold'em No Limit ($0.05/$0.1) - 2024/05/26 17:40:58
Table 'NLHRed36' 6-max Seat #3 is the button
Seat 2: Hero ($10.21 in chips)
Seat 3: 336b63ec ($11.08 in chips)
Seat 4: b95b0a ($22.9 in chips)
Seat 5: d11f8c86 ($10 in chips)
b95b0a: posts small blind $0.05
d11f8c86: posts big blind $0.1
*** HOLE CARDS ***
Dealt to Hero [Jd Qh]
Dealt to 336b63ec 
Dealt to b95b0a 
Dealt to d11f8c86 
Hero: raises $0.14 to $0.24
336b63ec: folds
b95b0a: folds
d11f8c86: calls $0.14
*** FLOP *** [7d 4c 5d]
d11f8c86: checks
Hero: checks
*** TURN *** [7d 4c 5d] [6c]
d11f8c86: checks
Hero: checks
*** RIVER *** [7d 4c 5d 6c] [9s]
d11f8c86: bets $0.1
Hero: folds
Uncalled bet ($0.1) returned to d11f8c86
*** SHOWDOWN ***
d11f8c86 collected $0.51 from pot
*** SUMMARY ***
Total pot $0.53 | Rake $0.02 | Jackpot $0 | Bingo $0 | Fortune $0 | Tax $0
Board [7d 4c 5d 6c 9s]
Seat 2: Hero folded on the River
Seat 3: 336b63ec (button) folded before Flop (didn't bet)
Seat 4: b95b0a (small blind) folded before Flop
Seat 5: d11f8c86 (big blind) won ($0.51)


Poker Hand #HD1788687657: Hold'em No Limit ($0.05/$0.1) - 2024/05/26 17:40:44
Table 'NLHRed36' 6-max Seat #2 is the button
Seat 2: Hero ($10.06 in chips)
Seat 3: 336b63ec ($11.13 in chips)
Seat 4: b95b0a ($23 in chips)
336b63ec: posts small blind $0.05
b95b0a: posts big blind $0.1
*** HOLE CARDS ***
Dealt to Hero [Kc Kd]
Dealt to 336b63ec 
Dealt to b95b0a 
Hero: raises $0.14 to $0.24
336b63ec: folds
b95b0a: folds
Uncalled bet ($0.14) returned to Hero
*** SHOWDOWN ***
Hero collected $0.25 from pot
*** SUMMARY ***
Total pot $0.25 | Rake $0 | Jackpot $0 | Bingo $0 | Fortune $0 | Tax $0
Seat 2: Hero (button) collected ($0.25)
Seat 3: 336b63ec (small blind) folded before Flop
Seat 4: b95b0a (big blind) folded before Flop


Poker Hand #HD1788687596: Hold'em No Limit ($0.05/$0.1) - 2024/05/26 17:39:56
Table 'NLHRed36' 6-max Seat #6 is the button
Seat 2: Hero ($10.11 in chips)
Seat 3: 336b63ec ($11.23 in chips)
Seat 4: b95b0a ($19.06 in chips)
Seat 6: bea58ba3 ($4.31 in chips)
Hero: posts small blind $0.05
336b63ec: posts big blind $0.1
*** HOLE CARDS ***
Dealt to Hero [5s Tc]
Dealt to 336b63ec 
Dealt to b95b0a 
Dealt to bea58ba3 
b95b0a: raises $0.15 to $0.25
bea58ba3: calls $0.25
Hero: folds
336b63ec: folds
*** FLOP *** [Jd 6s 4d]
b95b0a: checks
bea58ba3: bets $0.65
b95b0a: calls $0.65
*** TURN *** [Jd 6s 4d] [Ts]
b95b0a: checks
bea58ba3: bets $1.95
b95b0a: raises $5.85 to $7.8
bea58ba3: calls $1.46 and is all-in
Uncalled bet ($4.39) returned to b95b0a
b95b0a: shows [Td Jc] (Pair of Jacks and Pair of Tens)
bea58ba3: shows [5c 7c] (Jack-High)
*** FIRST RIVER *** [Jd 6s 4d Ts] [6h]
*** SECOND RIVER *** [Jd 6s 4d Ts] [5d]
*** FIRST SHOWDOWN ***
b95b0a collected $4.13 from pot
*** SECOND SHOWDOWN ***
b95b0a collected $4.12 from pot
*** SUMMARY ***
Total pot $8.77 | Rake $0.42 | Jackpot $0.1 | Bingo $0 | Fortune $0 | Tax $0
Hand was run two times
FIRST Board [Jd 6s 4d Ts 6h]
SECOND Board [5d]
Seat 2: Hero (small blind) folded before Flop
Seat 3: 336b63ec (big blind) folded before Flop
Seat 4: b95b0a showed [Td Jc] and won ($4.13) with Pair of Jacks and Pair of Tens, and won ($4.12)
Seat 6: bea58ba3 (button) showed [5c 7c] and lost with Pair of Sixes, and lost


Poker Hand #HD1788687570: Hold'em No Limit ($0.05/$0.1) - 2024/05/26 17:39:41
Table 'NLHRed36' 6-max Seat #4 is the button
Seat 2: Hero ($10.21 in chips)
Seat 3: 336b63ec ($11.23 in chips)
Seat 4: b95b0a ($19.06 in chips)
Seat 6: bea58ba3 ($4.21 in chips)
bea58ba3: posts small blind $0.05
Hero: posts big blind $0.1
*** HOLE CARDS ***
Dealt to Hero [Js 6d]
Dealt to 336b63ec 
Dealt to b95b0a 
Dealt to bea58ba3 
336b63ec: folds
b95b0a: folds
bea58ba3: raises $0.3 to $0.4
Hero: folds
Uncalled bet ($0.3) returned to bea58ba3
*** SHOWDOWN ***
bea58ba3 collected $0.2 from pot
*** SUMMARY ***
Total pot $0.2 | Rake $0 | Jackpot $0 | Bingo $0 | Fortune $0 | Tax $0
Seat 2: Hero (big blind) folded before Flop
Seat 3: 336b63ec folded before Flop (didn't bet)
Seat 4: b95b0a (button) folded before Flop (didn't bet)
Seat 6: bea58ba3 (small blind) collected ($0.2)


Poker Hand #HD1788687510: Hold'em No Limit ($0.05/$0.1) - 2024/05/26 17:38:47
Table 'NLHRed36' 6-max Seat #3 is the button
Seat 1: a5f804bb ($14.76 in chips)
Seat 2: Hero ($10.21 in chips)
Seat 3: 336b63ec ($11.23 in chips)
Seat 4: b95b0a ($20.11 in chips)
Seat 6: bea58ba3 ($3.26 in chips)
b95b0a: posts small blind $0.05
bea58ba3: posts big blind $0.1
*** HOLE CARDS ***
Dealt to a5f804bb 
Dealt to Hero [5d 3c]
Dealt to 336b63ec 
Dealt to b95b0a 
Dealt to bea58ba3 
a5f804bb: folds
Hero: folds
336b63ec: folds
b95b0a: raises $0.15 to $0.25
bea58ba3: calls $0.15
*** FLOP *** [8d As Jh]
b95b0a: bets $0.17
bea58ba3: calls $0.17
*** TURN *** [8d As Jh] [7c]
b95b0a: checks
bea58ba3: bets $0.63
b95b0a: calls $0.63
*** RIVER *** [8d As Jh 7c] [Jc]
b95b0a: checks
bea58ba3: checks
b95b0a: shows [Ks 7d] (Pair of Jacks and Pair of Sevens)
bea58ba3: shows [7s Ad] (Pair of Aces and Pair of Jacks)
*** SHOWDOWN ***
bea58ba3 collected $2 from pot
*** SUMMARY ***
Total pot $2.1 | Rake $0.1 | Jackpot $0 | Bingo $0 | Fortune $0 | Tax $0
Board [8d As Jh 7c Jc]
Seat 1: a5f804bb folded before Flop (didn't bet)
Seat 2: Hero folded before Flop (didn't bet)
Seat 3: 336b63ec (button) folded before Flop (didn't bet)
Seat 4: b95b0a (small blind) showed [Ks 7d] and lost with Pair of Jacks and Pair of Sevens
Seat 6: bea58ba3 (big blind) showed [7s Ad] and won ($2) with Pair of Aces and Pair of Jacks


Poker Hand #HD1788687477: Hold'em No Limit ($0.05/$0.1) - 2024/05/26 17:38:21
Table 'NLHRed36' 6-max Seat #2 is the button
Seat 1: a5f804bb ($14.76 in chips)
Seat 2: Hero ($10.21 in chips)
Seat 3: 336b63ec ($11.28 in chips)
Seat 4: b95b0a ($20.21 in chips)
Seat 5: c9a2bb35 ($1.65 in chips)
Seat 6: bea58ba3 ($3.56 in chips)
336b63ec: posts small blind $0.05
b95b0a: posts big blind $0.1
*** HOLE CARDS ***
Dealt to a5f804bb 
Dealt to Hero [6c 8c]
Dealt to 336b63ec 
Dealt to b95b0a 
Dealt to c9a2bb35 
Dealt to bea58ba3 
c9a2bb35: calls $0.1
bea58ba3: raises $0.2 to $0.3
a5f804bb: folds
Hero: folds
336b63ec: folds
b95b0a: folds
c9a2bb35: calls $0.2
*** FLOP *** [Kc Qs Tc]
c9a2bb35: bets $1.35 and is all-in
bea58ba3: folds
Uncalled bet ($1.35) returned to c9a2bb35
*** SHOWDOWN ***
c9a2bb35 collected $0.71 from pot
*** SUMMARY ***
Total pot $0.75 | Rake $0.04 | Jackpot $0 | Bingo $0 | Fortune $0 | Tax $0
Board [Kc Qs Tc]
Seat 1: a5f804bb folded before Flop (didn't bet)
Seat 2: Hero (button) folded before Flop (didn't bet)
Seat 3: 336b63ec (small blind) folded before Flop
Seat 4: b95b0a (big blind) folded before Flop
Seat 5: c9a2bb35 won ($0.71)
Seat 6: bea58ba3 folded on the Flop


Poker Hand #HD1788687415: Hold'em No Limit ($0.05/$0.1) - 2024/05/26 17:37:34
Table 'NLHRed36' 6-max Seat #1 is the button
Seat 1: a5f804bb ($14.76 in chips)
Seat 2: Hero ($10.26 in chips)
Seat 3: 336b63ec ($11.38 in chips)
Seat 4: b95b0a ($20.21 in chips)
Seat 5: c9a2bb35 ($1.95 in chips)
Seat 6: bea58ba3 ($3.14 in chips)
Hero: posts small blind $0.05
336b63ec: posts big blind $0.1
*** HOLE CARDS ***
Dealt to a5f804bb 
Dealt to Hero [Js Ah]
Dealt to 336b63ec 
Dealt to b95b0a 
Dealt to c9a2bb35 
Dealt to bea58ba3 
b95b0a: folds
c9a2bb35: calls $0.1
bea58ba3: raises $0.2 to $0.3
a5f804bb: folds
Hero: folds
336b63ec: folds
c9a2bb35: calls $0.2
*** FLOP *** [4c 2d Qc]
c9a2bb35: checks
bea58ba3: bets $0.57
c9a2bb35: folds
Uncalled bet ($0.57) returned to bea58ba3
*** SHOWDOWN ***
bea58ba3 collected $0.72 from pot
*** SUMMARY ***
Total pot $0.75 | Rake $0.03 | Jackpot $0 | Bingo $0 | Fortune $0 | Tax $0
Board [4c 2d Qc]
Seat 1: a5f804bb (button) folded before Flop (didn't bet)
Seat 2: Hero (small blind) folded before Flop
Seat 3: 336b63ec (big blind) folded before Flop
Seat 4: b95b0a folded before Flop (didn't bet)
Seat 5: c9a2bb35 folded on the Flop
Seat 6: bea58ba3 won ($0.72)


Poker Hand #HD1788687404: Hold'em No Limit ($0.05/$0.1) - 2024/05/26 17:37:20
Table 'NLHRed36' 6-max Seat #6 is the button
Seat 1: a5f804bb ($14.81 in chips)
Seat 2: Hero ($10.36 in chips)
Seat 3: 336b63ec ($11.38 in chips)
Seat 4: b95b0a ($20.21 in chips)
Seat 5: c9a2bb35 ($1.95 in chips)
Seat 6: bea58ba3 ($2.99 in chips)
a5f804bb: posts small blind $0.05
Hero: posts big blind $0.1
*** HOLE CARDS ***
Dealt to a5f804bb 
Dealt to Hero [6c Qh]
Dealt to 336b63ec 
Dealt to b95b0a 
Dealt to c9a2bb35 
Dealt to bea58ba3 
336b63ec: folds
b95b0a: folds
c9a2bb35: folds
bea58ba3: raises $0.25 to $0.35
a5f804bb: folds
Hero: folds
Uncalled bet ($0.25) returned to bea58ba3
*** SHOWDOWN ***
bea58ba3 collected $0.25 from pot
*** SUMMARY ***
Total pot $0.25 | Rake $0 | Jackpot $0 | Bingo $0 | Fortune $0 | Tax $0
Seat 1: a5f804bb (small blind) folded before Flop
Seat 2: Hero (big blind) folded before Flop
Seat 3: 336b63ec folded before Flop (didn't bet)
Seat 4: b95b0a folded before Flop (didn't bet)
Seat 5: c9a2bb35 folded before Flop (didn't bet)
Seat 6: bea58ba3 (button) collected ($0.25)


Poker Hand #HD1788687350: Hold'em No Limit ($0.05/$0.1) - 2024/05/26 17:36:44
Table 'NLHRed36' 6-max Seat #5 is the button
Seat 1: a5f804bb ($15.06 in chips)
Seat 2: Hero ($10.36 in chips)
Seat 3: 336b63ec ($11.38 in chips)
Seat 4: b95b0a ($19.93 in chips)
Seat 5: c9a2bb35 ($1.95 in chips)
Seat 6: bea58ba3 ($3.04 in chips)
bea58ba3: posts small blind $0.05
a5f804bb: posts big blind $0.1
*** HOLE CARDS ***
Dealt to a5f804bb 
Dealt to Hero [8s 2s]
Dealt to 336b63ec 
Dealt to b95b0a 
Dealt to c9a2bb35 
Dealt to bea58ba3 
Hero: folds
336b63ec: folds
b95b0a: raises $0.15 to $0.25
c9a2bb35: folds
bea58ba3: folds
a5f804bb: calls $0.15
*** FLOP *** [Jd 9c 8h]
a5f804bb: checks
b95b0a: checks
*** TURN *** [Jd 9c 8h] [6d]
a5f804bb: checks
b95b0a: bets $0.4
a5f804bb: folds
Uncalled bet ($0.4) returned to b95b0a
*** SHOWDOWN ***
b95b0a collected $0.53 from pot
*** SUMMARY ***
Total pot $0.55 | Rake $0.02 | Jackpot $0 | Bingo $0 | Fortune $0 | Tax $0
Board [Jd 9c 8h 6d]
Seat 1: a5f804bb (big blind) folded on the Turn
Seat 2: Hero folded before Flop (didn't bet)
Seat 3: 336b63ec folded before Flop (didn't bet)
Seat 4: b95b0a won ($0.53)
Seat 5: c9a2bb35 (button) folded before Flop (didn't bet)
Seat 6: bea58ba3 (small blind) folded before Flop


Poker Hand #HD1788687274: Hold'em No Limit ($0.05/$0.1) - 2024/05/26 17:35:40
Table 'NLHRed36' 6-max Seat #4 is the button
Seat 1: a5f804bb ($13.66 in chips)
Seat 2: Hero ($10.36 in chips)
Seat 3: 336b63ec ($11.38 in chips)
Seat 4: b95b0a ($19.93 in chips)
Seat 5: c9a2bb35 ($2 in chips)
Seat 6: bea58ba3 ($4.64 in chips)
c9a2bb35: posts small blind $0.05
bea58ba3: posts big blind $0.1
*** HOLE CARDS ***
Dealt to a5f804bb 
Dealt to Hero [3h 8h]
Dealt to 336b63ec 
Dealt to b95b0a 
Dealt to c9a2bb35 
Dealt to bea58ba3 
a5f804bb: raises $0.1 to $0.2
Hero: folds
336b63ec: folds
b95b0a: folds
c9a2bb35: folds
bea58ba3: raises $0.34 to $0.54
a5f804bb: raises $1.06 to $1.6
bea58ba3: calls $1.06
*** FLOP *** [9d 7s 9h]
bea58ba3: checks
a5f804bb: bets $4.07
bea58ba3: folds
Uncalled bet ($4.07) returned to a5f804bb
*** SHOWDOWN ***
a5f804bb collected $3 from pot
*** SUMMARY ***
Total pot $3.25 | Rake $0.15 | Jackpot $0.1 | Bingo $0 | Fortune $0 | Tax $0
Board [9d 7s 9h]
Seat 1: a5f804bb won ($3)
Seat 2: Hero folded before Flop (didn't bet)
Seat 3: 336b63ec folded before Flop (didn't bet)
Seat 4: b95b0a (button) folded before Flop (didn't bet)
Seat 5: c9a2bb35 (small blind) folded before Flop
Seat 6: bea58ba3 (big blind) folded on the Flop


Poker Hand #HD1788687223: Hold'em No Limit ($0.05/$0.1) - 2024/05/26 17:35:04
Table 'NLHRed36' 6-max Seat #3 is the button
Seat 1: a5f804bb ($13.66 in chips)
Seat 2: Hero ($10.36 in chips)
Seat 3: 336b63ec ($11.68 in chips)
Seat 4: b95b0a ($19.09 in chips)
Seat 5: c9a2bb35 ($2.3 in chips)
Seat 6: bea58ba3 ($4.94 in chips)
b95b0a: posts small blind $0.05
c9a2bb35: posts big blind $0.1
*** HOLE CARDS ***
Dealt to a5f804bb 
Dealt to Hero [Jd 4c]
Dealt to 336b63ec 
Dealt to b95b0a 
Dealt to c9a2bb35 
Dealt to bea58ba3 
bea58ba3: raises $0.2 to $0.3
a5f804bb: folds
Hero: folds
336b63ec: calls $0.3
b95b0a: calls $0.25
c9a2bb35: calls $0.2
*** FLOP *** [8c Tc Ks]
b95b0a: checks
c9a2bb35: checks
bea58ba3: checks
336b63ec: checks
*** TURN *** [8c Tc Ks] [3s]
b95b0a: bets $0.85
c9a2bb35: folds
bea58ba3: folds
336b63ec: folds
Uncalled bet ($0.85) returned to b95b0a
*** SHOWDOWN ***
b95b0a collected $1.14 from pot
*** SUMMARY ***
Total pot $1.2 | Rake $0.06 | Jackpot $0 | Bingo $0 | Fortune $0 | Tax $0
Board [8c Tc Ks 3s]
Seat 1: a5f804bb folded before Flop (didn't bet)
Seat 2: Hero folded before Flop (didn't bet)
Seat 3: 336b63ec (button) folded on the Turn
Seat 4: b95b0a (small blind) won ($1.14)
Seat 5: c9a2bb35 (big blind) folded on the Turn
Seat 6: bea58ba3 folded on the Turn


Poker Hand #HD1788687201: Hold'em No Limit ($0.05/$0.1) - 2024/05/26 17:34:43
Table 'NLHRed36' 6-max Seat #2 is the button
Seat 1: a5f804bb ($13.66 in chips)
Seat 2: Hero ($10.36 in chips)
Seat 3: 336b63ec ($11.73 in chips)
Seat 4: b95b0a ($19.19 in chips)
Seat 5: c9a2bb35 ($2.7 in chips)
Seat 6: bea58ba3 ($4.43 in chips)
336b63ec: posts small blind $0.05
b95b0a: posts big blind $0.1
*** HOLE CARDS ***
Dealt to a5f804bb 
Dealt to Hero [Qc 7d]
Dealt to 336b63ec 
Dealt to b95b0a 
Dealt to c9a2bb35 
Dealt to bea58ba3 
c9a2bb35: calls $0.1
bea58ba3: raises $0.3 to $0.4
a5f804bb: folds
Hero: folds
336b63ec: folds
b95b0a: folds
c9a2bb35: calls $0.3
*** FLOP *** [8d Kd 7h]
c9a2bb35: checks
bea58ba3: bets $0.72
c9a2bb35: folds
Uncalled bet ($0.72) returned to bea58ba3
*** SHOWDOWN ***
bea58ba3 collected $0.91 from pot
*** SUMMARY ***
Total pot $0.95 | Rake $0.04 | Jackpot $0 | Bingo $0 | Fortune $0 | Tax $0
Board [8d Kd 7h]
Seat 1: a5f804bb folded before Flop (didn't bet)
Seat 2: Hero (button) folded before Flop (didn't bet)
Seat 3: 336b63ec (small blind) folded before Flop
Seat 4: b95b0a (big blind) folded before Flop
Seat 5: c9a2bb35 folded on the Flop
Seat 6: bea58ba3 won ($0.91)


Poker Hand #HD1788687127: Hold'em No Limit ($0.05/$0.1) - 2024/05/26 17:33:45
Table 'NLHRed36' 6-max Seat #1 is the button
Seat 1: a5f804bb ($13.66 in chips)
Seat 2: Hero ($10.41 in chips)
Seat 3: 336b63ec ($11.83 in chips)
Seat 4: b95b0a ($17.73 in chips)
Seat 5: c9a2bb35 ($2.7 in chips)
Seat 6: bea58ba3 ($5.99 in chips)
Hero: posts small blind $0.05
336b63ec: posts big blind $0.1
*** HOLE CARDS ***
Dealt to a5f804bb 
Dealt to Hero [7c Js]
Dealt to 336b63ec 
Dealt to b95b0a 
Dealt to c9a2bb35 
Dealt to bea58ba3 
b95b0a: raises $0.15 to $0.25
c9a2bb35: folds
bea58ba3: raises $0.49 to $0.74
a5f804bb: folds
Hero: folds
336b63ec: folds
b95b0a: calls $0.49
*** FLOP *** [Jd 8c 8s]
b95b0a: checks
bea58ba3: bets $0.82
b95b0a: calls $0.82
*** TURN *** [Jd 8c 8s] [Ac]
b95b0a: checks
bea58ba3: checks
*** RIVER *** [Jd 8c 8s Ac] [6h]
b95b0a: bets $1.5
bea58ba3: folds
Uncalled bet ($1.5) returned to b95b0a
*** SHOWDOWN ***
b95b0a collected $3.02 from pot
*** SUMMARY ***
Total pot $3.27 | Rake $0.15 | Jackpot $0.1 | Bingo $0 | Fortune $0 | Tax $0
Board [Jd 8c 8s Ac 6h]
Seat 1: a5f804bb (button) folded before Flop (didn't bet)
Seat 2: Hero (small blind) folded before Flop
Seat 3: 336b63ec (big blind) folded before Flop
Seat 4: b95b0a won ($3.02)
Seat 5: c9a2bb35 folded before Flop (didn't bet)
Seat 6: bea58ba3 folded on the River


Poker Hand #HD1788687090: Hold'em No Limit ($0.05/$0.1) - 2024/05/26 17:33:23
Table 'NLHRed36' 6-max Seat #6 is the button
Seat 1: a5f804bb ($13.47 in chips)
Seat 2: Hero ($10.51 in chips)
Seat 3: 336b63ec ($11.83 in chips)
Seat 4: b95b0a ($17.73 in chips)
Seat 5: c9a2bb35 ($2.8 in chips)
Seat 6: bea58ba3 ($5.99 in chips)
a5f804bb: posts small blind $0.05
Hero: posts big blind $0.1
*** HOLE CARDS ***
Dealt to a5f804bb 
Dealt to Hero [Js 7c]
Dealt to 336b63ec 
Dealt to b95b0a 
Dealt to c9a2bb35 
Dealt to bea58ba3 
336b63ec: folds
b95b0a: folds
c9a2bb35: calls $0.1
bea58ba3: folds
a5f804bb: raises $0.4 to $0.5
Hero: folds
c9a2bb35: folds
Uncalled bet ($0.4) returned to a5f804bb
*** SHOWDOWN ***
a5f804bb collected $0.29 from pot
*** SUMMARY ***
Total pot $0.3 | Rake $0.01 | Jackpot $0 | Bingo $0 | Fortune $0 | Tax $0
Seat 1: a5f804bb (small blind) collected ($0.29)
Seat 2: Hero (big blind) folded before Flop
Seat 3: 336b63ec folded before Flop (didn't bet)
Seat 4: b95b0a folded before Flop (didn't bet)
Seat 5: c9a2bb35 folded before Flop
Seat 6: bea58ba3 (button) folded before Flop (didn't bet)


Poker Hand #HD1788687059: Hold'em No Limit ($0.05/$0.1) - 2024/05/26 17:32:58
Table 'NLHRed36' 6-max Seat #5 is the button
Seat 1: a5f804bb ($13.57 in chips)
Seat 2: Hero ($10.71 in chips)
Seat 3: 336b63ec ($11.83 in chips)
Seat 4: b95b0a ($17.73 in chips)
Seat 5: c9a2bb35 ($2.48 in chips)
Seat 6: bea58ba3 ($6.04 in chips)
bea58ba3: posts small blind $0.05
a5f804bb: posts big blind $0.1
*** HOLE CARDS ***
Dealt to a5f804bb 
Dealt to Hero [Kc Jc]
Dealt to 336b63ec 
Dealt to b95b0a 
Dealt to c9a2bb35 
Dealt to bea58ba3 
Hero: raises $0.1 to $0.2
336b63ec: folds
b95b0a: folds
c9a2bb35: calls $0.2
bea58ba3: folds
a5f804bb: folds
*** FLOP *** [4s Ts 7s]
Hero: checks
c9a2bb35: bets $0.1
Hero: folds
Uncalled bet ($0.1) returned to c9a2bb35
*** SHOWDOWN ***
c9a2bb35 collected $0.52 from pot
*** SUMMARY ***
Total pot $0.55 | Rake $0.03 | Jackpot $0 | Bingo $0 | Fortune $0 | Tax $0
Board [4s Ts 7s]
Seat 1: a5f804bb (big blind) folded before Flop
Seat 2: Hero folded on the Flop
Seat 3: 336b63ec folded before Flop (didn't bet)
Seat 4: b95b0a folded before Flop (didn't bet)
Seat 5: c9a2bb35 (button) won ($0.52)
Seat 6: bea58ba3 (small blind) folded before Flop


Poker Hand #HD1788687049: Hold'em No Limit ($0.05/$0.1) - 2024/05/26 17:32:50
Table 'NLHRed36' 6-max Seat #4 is the button
Seat 1: a5f804bb ($13.57 in chips)
Seat 2: Hero ($10.71 in chips)
Seat 3: 336b63ec ($11.83 in chips)
Seat 4: b95b0a ($17.73 in chips)
Seat 5: c9a2bb35 ($2.38 in chips)
Seat 6: bea58ba3 ($6.14 in chips)
c9a2bb35: posts small blind $0.05
bea58ba3: posts big blind $0.1
*** HOLE CARDS ***
Dealt to a5f804bb 
Dealt to Hero [6d Jh]
Dealt to 336b63ec 
Dealt to b95b0a 
Dealt to c9a2bb35 
Dealt to bea58ba3 
a5f804bb: folds
Hero: folds
336b63ec: folds
b95b0a: folds
c9a2bb35: raises $0.1 to $0.2
bea58ba3: folds
Uncalled bet ($0.1) returned to c9a2bb35
*** SHOWDOWN ***
c9a2bb35 collected $0.2 from pot
*** SUMMARY ***
Total pot $0.2 | Rake $0 | Jackpot $0 | Bingo $0 | Fortune $0 | Tax $0
Seat 1: a5f804bb folded before Flop (didn't bet)
Seat 2: Hero folded before Flop (didn't bet)
Seat 3: 336b63ec folded before Flop (didn't bet)
Seat 4: b95b0a (button) folded before Flop (didn't bet)
Seat 5: c9a2bb35 (small blind) collected ($0.2)
Seat 6: bea58ba3 (big blind) folded before Flop


Poker Hand #HD1788687001: Hold'em No Limit ($0.05/$0.1) - 2024/05/26 17:32:11
Table 'NLHRed36' 6-max Seat #3 is the button
Seat 1: a5f804bb ($13.57 in chips)
Seat 2: Hero ($10.71 in chips)
Seat 3: 336b63ec ($11.83 in chips)
Seat 4: b95b0a ($17.28 in chips)
Seat 5: c9a2bb35 ($2.88 in chips)
Seat 6: bea58ba3 ($6.14 in chips)
b95b0a: posts small blind $0.05
c9a2bb35: posts big blind $0.1
*** HOLE CARDS ***
Dealt to a5f804bb 
Dealt to Hero [6h Ad]
Dealt to 336b63ec 
Dealt to b95b0a 
Dealt to c9a2bb35 
Dealt to bea58ba3 
bea58ba3: folds
a5f804bb: folds
Hero: folds
336b63ec: folds
b95b0a: calls $0.05
c9a2bb35: checks
*** FLOP *** [Jd 6d Kd]
b95b0a: bets $0.1
c9a2bb35: calls $0.1
*** TURN *** [Jd 6d Kd] [Jc]
b95b0a: bets $0.3
c9a2bb35: calls $0.3
*** RIVER *** [Jd 6d Kd Jc] [7h]
b95b0a: bets $0.75
c9a2bb35: folds
Uncalled bet ($0.75) returned to b95b0a
*** SHOWDOWN ***
b95b0a collected $0.95 from pot
*** SUMMARY ***
Total pot $1 | Rake $0.05 | Jackpot $0 | Bingo $0 | Fortune $0 | Tax $0
Board [Jd 6d Kd Jc 7h]
Seat 1: a5f804bb folded before Flop (didn't bet)
Seat 2: Hero folded before Flop (didn't bet)
Seat 3: 336b63ec (button) folded before Flop (didn't bet)
Seat 4: b95b0a (small blind) won ($0.95)
Seat 5: c9a2bb35 (big blind) folded on the River
Seat 6: bea58ba3 folded before Flop (didn't bet)


Poker Hand #HD1788686964: Hold'em No Limit ($0.05/$0.1) - 2024/05/26 17:31:40
Table 'NLHRed36' 6-max Seat #2 is the button
Seat 1: a5f804bb ($13.57 in chips)
Seat 2: Hero ($10.71 in chips)
Seat 3: 336b63ec ($11.51 in chips)
Seat 4: b95b0a ($17.38 in chips)
Seat 5: c9a2bb35 ($3.13 in chips)
Seat 6: bea58ba3 ($6.14 in chips)
336b63ec: posts small blind $0.05
b95b0a: posts big blind $0.1
*** HOLE CARDS ***
Dealt to a5f804bb 
Dealt to Hero [5h 3c]
Dealt to 336b63ec 
Dealt to b95b0a 
Dealt to c9a2bb35 
Dealt to bea58ba3 
c9a2bb35: calls $0.1
bea58ba3: folds
a5f804bb: folds
Hero: folds
336b63ec: raises $0.15 to $0.25
b95b0a: folds
c9a2bb35: calls $0.15
*** FLOP *** [3d Kc Kd]
336b63ec: checks
c9a2bb35: checks
*** TURN *** [3d Kc Kd] [8h]
336b63ec: checks
c9a2bb35: checks
*** RIVER *** [3d Kc Kd 8h] [As]
336b63ec: checks
c9a2bb35: checks
336b63ec: shows [Td Qh] (Pair of Kings)
c9a2bb35: shows [Qd 4d] (Pair of Kings)
*** SHOWDOWN ***
336b63ec collected $0.57 from pot
*** SUMMARY ***
Total pot $0.6 | Rake $0.03 | Jackpot $0 | Bingo $0 | Fortune $0 | Tax $0
Board [3d Kc Kd 8h As]
Seat 1: a5f804bb folded before Flop (didn't bet)
Seat 2: Hero (button) folded before Flop (didn't bet)
Seat 3: 336b63ec (small blind) showed [Td Qh] and won ($0.57) with Pair of Kings
Seat 4: b95b0a (big blind) folded before Flop
Seat 5: c9a2bb35 showed [Qd 4d] and lost with Pair of Kings
Seat 6: bea58ba3 folded before Flop (didn't bet)


Poker Hand #HD1788686914: Hold'em No Limit ($0.05/$0.1) - 2024/05/26 17:31:01
Table 'NLHRed36' 6-max Seat #1 is the button
Seat 1: a5f804bb ($13.82 in chips)
Seat 2: Hero ($10.39 in chips)
Seat 3: 336b63ec ($11.61 in chips)
Seat 4: b95b0a ($17.38 in chips)
Seat 5: c9a2bb35 ($3.13 in chips)
Seat 6: bea58ba3 ($6.14 in chips)
Hero: posts small blind $0.05
336b63ec: posts big blind $0.1
*** HOLE CARDS ***
Dealt to a5f804bb 
Dealt to Hero [Ac Jd]
Dealt to 336b63ec 
Dealt to b95b0a 
Dealt to c9a2bb35 
Dealt to bea58ba3 
b95b0a: folds
c9a2bb35: folds
bea58ba3: folds
a5f804bb: raises $0.15 to $0.25
Hero: raises $0.85 to $1.1
336b63ec: folds
a5f804bb: folds
Uncalled bet ($0.85) returned to Hero
*** SHOWDOWN ***
Hero collected $0.57 from pot
*** SUMMARY ***
Total pot $0.6 | Rake $0.03 | Jackpot $0 | Bingo $0 | Fortune $0 | Tax $0
Seat 1: a5f804bb (button) folded before Flop
Seat 2: Hero (small blind) collected ($0.57)
Seat 3: 336b63ec (big blind) folded before Flop
Seat 4: b95b0a folded before Flop (didn't bet)
Seat 5: c9a2bb35 folded before Flop (didn't bet)
Seat 6: bea58ba3 folded before Flop (didn't bet)


Poker Hand #HD1788686869: Hold'em No Limit ($0.05/$0.1) - 2024/05/26 17:30:31
Table 'NLHRed36' 6-max Seat #6 is the button
Seat 1: a5f804bb ($13.87 in chips)
Seat 2: Hero ($10.25 in chips)
Seat 3: 336b63ec ($11.61 in chips)
Seat 4: b95b0a ($17.38 in chips)
Seat 5: c9a2bb35 ($3.13 in chips)
Seat 6: bea58ba3 ($6.24 in chips)
a5f804bb: posts small blind $0.05
Hero: posts big blind $0.1
*** HOLE CARDS ***
Dealt to a5f804bb 
Dealt to Hero [8h 2c]
Dealt to 336b63ec 
Dealt to b95b0a 
Dealt to c9a2bb35 
Dealt to bea58ba3 
336b63ec: folds
b95b0a: folds
c9a2bb35: folds
bea58ba3: calls $0.1
a5f804bb: folds
Hero: checks
*** FLOP *** [Jh 5c 2d]
Hero: checks
bea58ba3: checks
*** TURN *** [Jh 5c 2d] [Qs]
Hero: checks
bea58ba3: checks
*** RIVER *** [Jh 5c 2d Qs] [5d]
Hero: checks
bea58ba3: checks
Hero: shows [8h 2c] (Pair of Fives and Pair of Twos)
bea58ba3: shows [6c Ah] (Pair of Fives)
*** SHOWDOWN ***
Hero collected $0.24 from pot
*** SUMMARY ***
Total pot $0.25 | Rake $0.01 | Jackpot $0 | Bingo $0 | Fortune $0 | Tax $0
Board [Jh 5c 2d Qs 5d]
Seat 1: a5f804bb (small blind) folded before Flop
Seat 2: Hero (big blind) showed [8h 2c] and won ($0.24) with Pair of Fives and Pair of Twos
Seat 3: 336b63ec folded before Flop (didn't bet)
Seat 4: b95b0a folded before Flop (didn't bet)
Seat 5: c9a2bb35 folded before Flop (didn't bet)
Seat 6: bea58ba3 (button) showed [6c Ah] and lost with Pair of Fives


Poker Hand #HD1788686822: Hold'em No Limit ($0.05/$0.1) - 2024/05/26 17:29:43
Table 'NLHRed36' 6-max Seat #5 is the button
Seat 1: a5f804bb ($13.97 in chips)
Seat 2: Hero ($10.25 in chips)
Seat 3: 336b63ec ($11.61 in chips)
Seat 4: b95b0a ($13.19 in chips)
Seat 5: c9a2bb35 ($3.13 in chips)
Seat 6: bea58ba3 ($10.89 in chips)
bea58ba3: posts small blind $0.05
a5f804bb: posts big blind $0.1
*** HOLE CARDS ***
Dealt to a5f804bb 
Dealt to Hero [6c 5c]
Dealt to 336b63ec 
Dealt to b95b0a 
Dealt to c9a2bb35 
Dealt to bea58ba3 
Hero: folds
336b63ec: folds
b95b0a: raises $0.15 to $0.25
c9a2bb35: folds
bea58ba3: calls $0.2
a5f804bb: folds
*** FLOP *** [3h 7d 2h]
bea58ba3: bets $0.45
b95b0a: calls $0.45
*** TURN *** [3h 7d 2h] [9d]
bea58ba3: bets $1.13
b95b0a: calls $1.13
*** RIVER *** [3h 7d 2h 9d] [3c]
bea58ba3: bets $2.82
b95b0a: calls $2.82
bea58ba3: shows [5h Ah] (Pair of Treys)
b95b0a: shows [Kc Ad] (Pair of Treys)
*** SHOWDOWN ***
b95b0a collected $8.84 from pot
*** SUMMARY ***
Total pot $9.4 | Rake $0.46 | Jackpot $0.1 | Bingo $0 | Fortune $0 | Tax $0
Board [3h 7d 2h 9d 3c]
Seat 1: a5f804bb (big blind) folded before Flop
Seat 2: Hero folded before Flop (didn't bet)
Seat 3: 336b63ec folded before Flop (didn't bet)
Seat 4: b95b0a showed [Kc Ad] and won ($8.84) with Pair of Treys
Seat 5: c9a2bb35 (button) folded before Flop (didn't bet)
Seat 6: bea58ba3 (small blind) showed [5h Ah] and lost with Pair of Treys


Poker Hand #HD1788686771: Hold'em No Limit ($0.05/$0.1) - 2024/05/26 17:29:00
Table 'NLHRed36' 6-max Seat #4 is the button
Seat 1: a5f804bb ($13.97 in chips)
Seat 2: Hero ($10.25 in chips)
Seat 3: 336b63ec ($11.61 in chips)
Seat 4: b95b0a ($12.46 in chips)
Seat 5: c9a2bb35 ($3.18 in chips)
Seat 6: bea58ba3 ($11.64 in chips)
c9a2bb35: posts small blind $0.05
bea58ba3: posts big blind $0.1
*** HOLE CARDS ***
Dealt to a5f804bb 
Dealt to Hero [7c 8s]
Dealt to 336b63ec 
Dealt to b95b0a 
Dealt to c9a2bb35 
Dealt to bea58ba3 
a5f804bb: folds
Hero: folds
336b63ec: folds
b95b0a: raises $0.15 to $0.25
c9a2bb35: folds
bea58ba3: calls $0.15
*** FLOP *** [Ah 8h 3h]
bea58ba3: checks
b95b0a: bets $0.19
bea58ba3: calls $0.19
*** TURN *** [Ah 8h 3h] [Th]
bea58ba3: checks
b95b0a: checks
*** RIVER *** [Ah 8h 3h Th] [9d]
bea58ba3: checks
b95b0a: bets $0.31
bea58ba3: calls $0.31
b95b0a: shows [Js Qc] (Queens-High Straight)
bea58ba3: shows [Ac 7d] (Pair of Aces)
*** SHOWDOWN ***
b95b0a collected $1.48 from pot
*** SUMMARY ***
Total pot $1.55 | Rake $0.07 | Jackpot $0 | Bingo $0 | Fortune $0 | Tax $0
Board [Ah 8h 3h Th 9d]
Seat 1: a5f804bb folded before Flop (didn't bet)
Seat 2: Hero folded before Flop (didn't bet)
Seat 3: 336b63ec folded before Flop (didn't bet)
Seat 4: b95b0a (button) showed [Js Qc] and won ($1.48) with Queens-High Straight
Seat 5: c9a2bb35 (small blind) folded before Flop
Seat 6: bea58ba3 (big blind) showed [Ac 7d] and lost with Pair of Aces


Poker Hand #HD1788686746: Hold'em No Limit ($0.05/$0.1) - 2024/05/26 17:28:36
Table 'NLHRed36' 6-max Seat #3 is the button
Seat 1: a5f804bb ($13.97 in chips)
Seat 2: Hero ($10.1 in chips)
Seat 3: 336b63ec ($11.61 in chips)
Seat 4: b95b0a ($12.51 in chips)
Seat 5: c9a2bb35 ($3.28 in chips)
Seat 6: bea58ba3 ($11.64 in chips)
b95b0a: posts small blind $0.05
c9a2bb35: posts big blind $0.1
*** HOLE CARDS ***
Dealt to a5f804bb 
Dealt to Hero [9c Td]
Dealt to 336b63ec 
Dealt to b95b0a 
Dealt to c9a2bb35 
Dealt to bea58ba3 
bea58ba3: folds
a5f804bb: folds
Hero: raises $0.14 to $0.24
336b63ec: folds
b95b0a: folds
c9a2bb35: folds
Uncalled bet ($0.14) returned to Hero
*** SHOWDOWN ***
Hero collected $0.25 from pot
*** SUMMARY ***
Total pot $0.25 | Rake $0 | Jackpot $0 | Bingo $0 | Fortune $0 | Tax $0
Seat 1: a5f804bb folded before Flop (didn't bet)
Seat 2: Hero collected ($0.25)
Seat 3: 336b63ec (button) folded before Flop (didn't bet)
Seat 4: b95b0a (small blind) folded before Flop
Seat 5: c9a2bb35 (big blind) folded before Flop
Seat 6: bea58ba3 folded before Flop (didn't bet)


Poker Hand #HD1788686709: Hold'em No Limit ($0.05/$0.1) - 2024/05/26 17:28:05
Table 'NLHRed36' 6-max Seat #2 is the button
Seat 1: a5f804bb ($13.97 in chips)
Seat 2: Hero ($10.1 in chips)
Seat 3: 336b63ec ($11.66 in chips)
Seat 4: b95b0a ($12.81 in chips)
Seat 5: c9a2bb35 ($3.28 in chips)
Seat 6: bea58ba3 ($11.32 in chips)
336b63ec: posts small blind $0.05
b95b0a: posts big blind $0.1
*** HOLE CARDS ***
Dealt to a5f804bb 
Dealt to Hero [Ks 7d]
Dealt to 336b63ec 
Dealt to b95b0a 
Dealt to c9a2bb35 
Dealt to bea58ba3 
c9a2bb35: folds
bea58ba3: raises $0.2 to $0.3
a5f804bb: folds
Hero: folds
336b63ec: folds
b95b0a: calls $0.2
*** FLOP *** [Qs Qc 9s]
b95b0a: checks
bea58ba3: bets $0.49
b95b0a: folds
Uncalled bet ($0.49) returned to bea58ba3
*** SHOWDOWN ***
bea58ba3 collected $0.62 from pot
*** SUMMARY ***
Total pot $0.65 | Rake $0.03 | Jackpot $0 | Bingo $0 | Fortune $0 | Tax $0
Board [Qs Qc 9s]
Seat 1: a5f804bb folded before Flop (didn't bet)
Seat 2: Hero (button) folded before Flop (didn't bet)
Seat 3: 336b63ec (small blind) folded before Flop
Seat 4: b95b0a (big blind) folded on the Flop
Seat 5: c9a2bb35 folded before Flop (didn't bet)
Seat 6: bea58ba3 won ($0.62)


Poker Hand #HD1788686693: Hold'em No Limit ($0.05/$0.1) - 2024/05/26 17:27:55
Table 'NLHRed36' 6-max Seat #1 is the button
Seat 1: a5f804bb ($13.97 in chips)
Seat 2: Hero ($10.15 in chips)
Seat 3: 336b63ec ($11.61 in chips)
Seat 4: b95b0a ($12.81 in chips)
Seat 5: c9a2bb35 ($3.28 in chips)
Seat 6: bea58ba3 ($11.32 in chips)
Hero: posts small blind $0.05
336b63ec: posts big blind $0.1
*** HOLE CARDS ***
Dealt to a5f804bb 
Dealt to Hero [3c 9d]
Dealt to 336b63ec 
Dealt to b95b0a 
Dealt to c9a2bb35 
Dealt to bea58ba3 
b95b0a: folds
c9a2bb35: folds
bea58ba3: folds
a5f804bb: folds
Hero: folds
Uncalled bet ($0.05) returned to 336b63ec
*** SHOWDOWN ***
336b63ec collected $0.1 from pot
*** SUMMARY ***
Total pot $0.1 | Rake $0 | Jackpot $0 | Bingo $0 | Fortune $0 | Tax $0
Seat 1: a5f804bb (button) folded before Flop (didn't bet)
Seat 2: Hero (small blind) folded before Flop
Seat 3: 336b63ec (big blind) collected ($0.1)
Seat 4: b95b0a folded before Flop (didn't bet)
Seat 5: c9a2bb35 folded before Flop (didn't bet)
Seat 6: bea58ba3 folded before Flop (didn't bet)


Poker Hand #HD1788686677: Hold'em No Limit ($0.05/$0.1) - 2024/05/26 17:27:40
Table 'NLHRed36' 6-max Seat #6 is the button
Seat 1: a5f804bb ($14.02 in chips)
Seat 2: Hero ($10 in chips)
Seat 3: 336b63ec ($11.61 in chips)
Seat 4: b95b0a ($12.81 in chips)
Seat 5: c9a2bb35 ($3.38 in chips)
Seat 6: bea58ba3 ($11.32 in chips)
a5f804bb: posts small blind $0.05
Hero: posts big blind $0.1
*** HOLE CARDS ***
Dealt to a5f804bb 
Dealt to Hero [Ks Ad]
Dealt to 336b63ec 
Dealt to b95b0a 
Dealt to c9a2bb35 
Dealt to bea58ba3 
336b63ec: folds
b95b0a: folds
c9a2bb35: calls $0.1
bea58ba3: folds
a5f804bb: folds
Hero: raises $0.3 to $0.4
c9a2bb35: folds
Uncalled bet ($0.3) returned to Hero
*** SHOWDOWN ***
Hero collected $0.25 from pot
*** SUMMARY ***
Total pot $0.25 | Rake $0 | Jackpot $0 | Bingo $0 | Fortune $0 | Tax $0
Seat 1: a5f804bb (small blind) folded before Flop
Seat 2: Hero (big blind) collected ($0.25)
Seat 3: 336b63ec folded before Flop (didn't bet)
Seat 4: b95b0a folded before Flop (didn't bet)
Seat 5: c9a2bb35 folded before Flop
Seat 6: bea58ba3 (button) folded before Flop (didn't bet)


Poker Hand #HD1788686619: Hold'em No Limit ($0.05/$0.1) - 2024/05/26 17:27:02
Table 'NLHRed36' 6-max Seat #5 is the button
Seat 1: a5f804bb ($14.27 in chips)
Seat 2: Hero ($10 in chips)
Seat 3: 336b63ec ($11.61 in chips)
Seat 4: b95b0a ($12.11 in chips)
Seat 5: c9a2bb35 ($3.63 in chips)
Seat 6: bea58ba3 ($11.57 in chips)
bea58ba3: posts small blind $0.05
a5f804bb: posts big blind $0.1
*** HOLE CARDS ***
Dealt to a5f804bb 
Dealt to Hero [2s Tc]
Dealt to 336b63ec 
Dealt to b95b0a 
Dealt to c9a2bb35 
Dealt to bea58ba3 
Hero: folds
336b63ec: folds
b95b0a: raises $0.15 to $0.25
c9a2bb35: calls $0.25
bea58ba3: calls $0.2
a5f804bb: calls $0.15
*** FLOP *** [Kc 2d 5h]
bea58ba3: checks
a5f804bb: checks
b95b0a: bets $0.33
c9a2bb35: folds
bea58ba3: folds
a5f804bb: folds
Uncalled bet ($0.33) returned to b95b0a
*** SHOWDOWN ***
b95b0a collected $0.95 from pot
*** SUMMARY ***
Total pot $1 | Rake $0.05 | Jackpot $0 | Bingo $0 | Fortune $0 | Tax $0
Board [Kc 2d 5h]
Seat 1: a5f804bb (big blind) folded on the Flop
Seat 2: Hero folded before Flop (didn't bet)
Seat 3: 336b63ec folded before Flop (didn't bet)
Seat 4: b95b0a won ($0.95)
Seat 5: c9a2bb35 (button) folded on the Flop
Seat 6: bea58ba3 (small blind) folded on the Flop


Poker Hand #HD1788686566: Hold'em No Limit ($0.05/$0.1) - 2024/05/26 17:26:14
Table 'NLHRed36' 6-max Seat #4 is the button
Seat 1: a5f804bb ($14.27 in chips)
Seat 2: Hero ($10 in chips)
Seat 3: 336b63ec ($9.28 in chips)
Seat 4: b95b0a ($12.11 in chips)
Seat 5: c9a2bb35 ($3.68 in chips)
Seat 6: bea58ba3 ($14.21 in chips)
c9a2bb35: posts small blind $0.05
bea58ba3: posts big blind $0.1
*** HOLE CARDS ***
Dealt to a5f804bb 
Dealt to Hero [Qc 3h]
Dealt to 336b63ec 
Dealt to b95b0a 
Dealt to c9a2bb35 
Dealt to bea58ba3 
a5f804bb: folds
Hero: folds
336b63ec: raises $0.13 to $0.23
b95b0a: folds
c9a2bb35: folds
bea58ba3: calls $0.13
*** FLOP *** [7c 8s Jd]
bea58ba3: checks
336b63ec: bets $0.17
bea58ba3: calls $0.17
*** TURN *** [7c 8s Jd] [Ac]
bea58ba3: checks
336b63ec: bets $0.64
bea58ba3: calls $0.64
*** RIVER *** [7c 8s Jd Ac] [5s]
bea58ba3: checks
336b63ec: bets $1.6
bea58ba3: calls $1.6
336b63ec: shows [9h Th] (Jacks-High Straight)
bea58ba3: shows [7h Ad] (Pair of Aces and Pair of Sevens)
*** SHOWDOWN ***
336b63ec collected $4.97 from pot
*** SUMMARY ***
Total pot $5.33 | Rake $0.26 | Jackpot $0.1 | Bingo $0 | Fortune $0 | Tax $0
Board [7c 8s Jd Ac 5s]
Seat 1: a5f804bb folded before Flop (didn't bet)
Seat 2: Hero folded before Flop (didn't bet)
Seat 3: 336b63ec showed [9h Th] and won ($4.97) with Jacks-High Straight
Seat 4: b95b0a (button) folded before Flop (didn't bet)
Seat 5: c9a2bb35 (small blind) folded before Flop
Seat 6: bea58ba3 (big blind) showed [7h Ad] and lost with Pair of Aces and Pair of Sevens


Poker Hand #HD1788686486: Hold'em No Limit ($0.05/$0.1) - 2024/05/26 17:25:09
Table 'NLHRed36' 6-max Seat #2 is the button
Seat 1: a5f804bb ($14.27 in chips)
Seat 2: Hero ($10 in chips)
Seat 3: 336b63ec ($9.58 in chips)
Seat 4: b95b0a ($11.89 in chips)
Seat 5: c9a2bb35 ($3.64 in chips)
Seat 6: bea58ba3 ($14.21 in chips)
336b63ec: posts small blind $0.05
b95b0a: posts big blind $0.1
*** HOLE CARDS ***
Dealt to a5f804bb 
Dealt to Hero [7d 5c]
Dealt to 336b63ec 
Dealt to b95b0a 
Dealt to c9a2bb35 
Dealt to bea58ba3 
c9a2bb35: calls $0.1
bea58ba3: folds
a5f804bb: folds
Hero: folds
336b63ec: folds
b95b0a: checks
*** FLOP *** [9h 6d 6h]
b95b0a: checks
c9a2bb35: checks
*** TURN *** [9h 6d 6h] [Jd]
b95b0a: checks
c9a2bb35: bets $0.1
b95b0a: folds
Uncalled bet ($0.1) returned to c9a2bb35
*** SHOWDOWN ***
c9a2bb35 collected $0.24 from pot
*** SUMMARY ***
Total pot $0.25 | Rake $0.01 | Jackpot $0 | Bingo $0 | Fortune $0 | Tax $0
Board [9h 6d 6h Jd]
Seat 1: a5f804bb folded before Flop (didn't bet)
Seat 2: Hero (button) folded before Flop (didn't bet)
Seat 3: 336b63ec (small blind) folded before Flop
Seat 4: b95b0a (big blind) folded on the Turn
Seat 5: c9a2bb35 won ($0.24)
Seat 6: bea58ba3 folded before Flop (didn't bet)


Poker Hand #HD1788686452: Hold'em No Limit ($0.05/$0.1) - 2024/05/26 17:24:44
Table 'NLHRed36' 6-max Seat #1 is the button
Seat 1: a5f804bb ($14.27 in chips)
Seat 2: Hero ($10 in chips)
Seat 3: 336b63ec ($9.85 in chips)
Seat 4: b95b0a ($11.89 in chips)
Seat 5: c9a2bb35 ($3.35 in chips)
Seat 6: bea58ba3 ($14.21 in chips)
Hero: posts small blind $0.05
336b63ec: posts big blind $0.1
*** HOLE CARDS ***
Dealt to a5f804bb 
Dealt to Hero [3s 2c]
Dealt to 336b63ec 
Dealt to b95b0a 
Dealt to c9a2bb35 
Dealt to bea58ba3 
b95b0a: folds
c9a2bb35: calls $0.1
bea58ba3: folds
a5f804bb: folds
Hero: folds
336b63ec: raises $0.17 to $0.27
c9a2bb35: calls $0.17
*** FLOP *** [Qc 2s 4s]
336b63ec: checks
c9a2bb35: bets $0.1
336b63ec: folds
Uncalled bet ($0.1) returned to c9a2bb35
*** SHOWDOWN ***
c9a2bb35 collected $0.56 from pot
*** SUMMARY ***
Total pot $0.59 | Rake $0.03 | Jackpot $0 | Bingo $0 | Fortune $0 | Tax $0
Board [Qc 2s 4s]
Seat 1: a5f804bb (button) folded before Flop (didn't bet)
Seat 2: Hero (small blind) folded before Flop
Seat 3: 336b63ec (big blind) folded on the Flop
Seat 4: b95b0a folded before Flop (didn't bet)
Seat 5: c9a2bb35 won ($0.56)
Seat 6: bea58ba3 folded before Flop (didn't bet)


Poker Hand #HD1788686397: Hold'em No Limit ($0.05/$0.1) - 2024/05/26 17:24:03
Table 'NLHRed36' 6-max Seat #6 is the button
Seat 1: a5f804bb ($14.32 in chips)
Seat 2: Hero ($10 in chips)
Seat 3: 336b63ec ($9.85 in chips)
Seat 4: b95b0a ($11.52 in chips)
Seat 5: c9a2bb35 ($3.35 in chips)
Seat 6: bea58ba3 ($14.46 in chips)
a5f804bb: posts small blind $0.05
Hero: posts big blind $0.1
*** HOLE CARDS ***
Dealt to a5f804bb 
Dealt to Hero [3s 6s]
Dealt to 336b63ec 
Dealt to b95b0a 
Dealt to c9a2bb35 
Dealt to bea58ba3 
336b63ec: folds
b95b0a: raises $0.15 to $0.25
c9a2bb35: folds
bea58ba3: calls $0.25
a5f804bb: folds
Hero: folds
*** FLOP *** [Ks 5s Jh]
b95b0a: checks
bea58ba3: checks
*** TURN *** [Ks 5s Jh] [4h]
b95b0a: bets $0.8
bea58ba3: folds
Uncalled bet ($0.8) returned to b95b0a
*** SHOWDOWN ***
b95b0a collected $0.62 from pot
*** SUMMARY ***
Total pot $0.65 | Rake $0.03 | Jackpot $0 | Bingo $0 | Fortune $0 | Tax $0
Board [Ks 5s Jh 4h]
Seat 1: a5f804bb (small blind) folded before Flop
Seat 2: Hero (big blind) folded before Flop
Seat 3: 336b63ec folded before Flop (didn't bet)
Seat 4: b95b0a won ($0.62)
Seat 5: c9a2bb35 folded before Flop (didn't bet)
Seat 6: bea58ba3 (button) folded on the Turn


Poker Hand #HD1788686342: Hold'em No Limit ($0.05/$0.1) - 2024/05/26 17:23:14
Table 'NLHRed36' 6-max Seat #5 is the button
Seat 1: a5f804bb ($14.42 in chips)
Seat 2: Hero ($10 in chips)
Seat 3: 336b63ec ($9.85 in chips)
Seat 4: b95b0a ($11.97 in chips)
Seat 5: c9a2bb35 ($3.35 in chips)
Seat 6: bea58ba3 ($13.96 in chips)
bea58ba3: posts small blind $0.05
a5f804bb: posts big blind $0.1
*** HOLE CARDS ***
Dealt to a5f804bb 
Dealt to Hero [9d Js]
Dealt to 336b63ec 
Dealt to b95b0a 
Dealt to c9a2bb35 
Dealt to bea58ba3 
Hero: folds
336b63ec: folds
b95b0a: raises $0.15 to $0.25
c9a2bb35: folds
bea58ba3: calls $0.2
a5f804bb: folds
*** FLOP *** [6c Ks 2s]
bea58ba3: checks
b95b0a: bets $0.2
bea58ba3: calls $0.2
*** TURN *** [6c Ks 2s] [5s]
bea58ba3: checks
b95b0a: checks
*** RIVER *** [6c Ks 2s 5s] [Qc]
bea58ba3: checks
b95b0a: checks
bea58ba3: shows [6h 7s] (Pair of Sixes)
b95b0a: shows [3h 3d] (Pair of Treys)
*** SHOWDOWN ***
bea58ba3 collected $0.95 from pot
*** SUMMARY ***
Total pot $1 | Rake $0.05 | Jackpot $0 | Bingo $0 | Fortune $0 | Tax $0
Board [6c Ks 2s 5s Qc]
Seat 1: a5f804bb (big blind) folded before Flop
Seat 2: Hero folded before Flop (didn't bet)
Seat 3: 336b63ec folded before Flop (didn't bet)
Seat 4: b95b0a showed [3h 3d] and lost with Pair of Treys
Seat 5: c9a2bb35 (button) folded before Flop (didn't bet)
Seat 6: bea58ba3 (small blind) showed [6h 7s] and won ($0.95) with Pair of Sixes


Poker Hand #HD1788686312: Hold'em No Limit ($0.05/$0.1) - 2024/05/26 17:22:48
Table 'NLHRed36' 6-max Seat #4 is the button
Seat 1: a5f804bb ($14.42 in chips)
Seat 2: Hero ($10 in chips)
Seat 3: 336b63ec ($9.85 in chips)
Seat 4: b95b0a ($11.97 in chips)
Seat 5: c9a2bb35 ($3.4 in chips)
Seat 6: bea58ba3 ($13.73 in chips)
c9a2bb35: posts small blind $0.05
bea58ba3: posts big blind $0.1
*** HOLE CARDS ***
Dealt to a5f804bb 
Dealt to Hero [Qs Kh]
Dealt to 336b63ec 
Dealt to b95b0a 
Dealt to c9a2bb35 
Dealt to bea58ba3 
a5f804bb: folds
Hero: raises $0.1 to $0.2
336b63ec: folds
b95b0a: folds
c9a2bb35: folds
bea58ba3: raises $0.45 to $0.65
Hero: folds
Uncalled bet ($0.45) returned to bea58ba3
*** SHOWDOWN ***
bea58ba3 collected $0.43 from pot
*** SUMMARY ***
Total pot $0.45 | Rake $0.02 | Jackpot $0 | Bingo $0 | Fortune $0 | Tax $0
Seat 1: a5f804bb folded before Flop (didn't bet)
Seat 2: Hero folded before Flop
Seat 3: 336b63ec folded before Flop (didn't bet)
Seat 4: b95b0a (button) folded before Flop (didn't bet)
Seat 5: c9a2bb35 (small blind) folded before Flop
Seat 6: bea58ba3 (big blind) collected ($0.43)


Poker Hand #HD1788686272: Hold'em No Limit ($0.05/$0.1) - 2024/05/26 17:22:13
Table 'NLHRed36' 6-max Seat #3 is the button
Seat 1: a5f804bb ($14.42 in chips)
Seat 2: Hero ($10 in chips)
Seat 3: 336b63ec ($9.85 in chips)
Seat 4: b95b0a ($10.84 in chips)
Seat 5: c9a2bb35 ($3.5 in chips)
Seat 6: bea58ba3 ($14.88 in chips)
b95b0a: posts small blind $0.05
c9a2bb35: posts big blind $0.1
*** HOLE CARDS ***
Dealt to a5f804bb 
Dealt to Hero [Ad 4h]
Dealt to 336b63ec 
Dealt to b95b0a 
Dealt to c9a2bb35 
Dealt to bea58ba3 
bea58ba3: raises $0.2 to $0.3
a5f804bb: folds
Hero: folds
336b63ec: folds
b95b0a: raises $0.85 to $1.15
c9a2bb35: folds
bea58ba3: calls $0.85
*** FLOP *** [5d 8s Js]
b95b0a: bets $1.2
bea58ba3: folds
Uncalled bet ($1.2) returned to b95b0a
*** SHOWDOWN ***
b95b0a collected $2.28 from pot
*** SUMMARY ***
Total pot $2.4 | Rake $0.12 | Jackpot $0 | Bingo $0 | Fortune $0 | Tax $0
Board [5d 8s Js]
Seat 1: a5f804bb folded before Flop (didn't bet)
Seat 2: Hero folded before Flop (didn't bet)
Seat 3: 336b63ec (button) folded before Flop (didn't bet)
Seat 4: b95b0a (small blind) won ($2.28)
Seat 5: c9a2bb35 (big blind) folded before Flop
Seat 6: bea58ba3 folded on the Flop


Poker Hand #HD1788686225: Hold'em No Limit ($0.05/$0.1) - 2024/05/26 17:21:29
Table 'NLHRed36' 6-max Seat #2 is the button
Seat 1: a5f804bb ($14.42 in chips)
Seat 2: Hero ($10 in chips)
Seat 3: 336b63ec ($9.9 in chips)
Seat 4: b95b0a ($10.52 in chips)
Seat 5: c9a2bb35 ($3.5 in chips)
Seat 6: bea58ba3 ($15.18 in chips)
336b63ec: posts small blind $0.05
b95b0a: posts big blind $0.1
*** HOLE CARDS ***
Dealt to a5f804bb 
Dealt to Hero [Jh Kd]
Dealt to 336b63ec 
Dealt to b95b0a 
Dealt to c9a2bb35 
Dealt to bea58ba3 
c9a2bb35: folds
bea58ba3: raises $0.2 to $0.3
a5f804bb: folds
Hero: folds
336b63ec: folds
b95b0a: calls $0.2
*** FLOP *** [2s 3d Qs]
b95b0a: checks
bea58ba3: checks
*** TURN *** [2s 3d Qs] [3c]
b95b0a: bets $0.45
bea58ba3: folds
Uncalled bet ($0.45) returned to b95b0a
*** SHOWDOWN ***
b95b0a collected $0.62 from pot
*** SUMMARY ***
Total pot $0.65 | Rake $0.03 | Jackpot $0 | Bingo $0 | Fortune $0 | Tax $0
Board [2s 3d Qs 3c]
Seat 1: a5f804bb folded before Flop (didn't bet)
Seat 2: Hero (button) folded before Flop (didn't bet)
Seat 3: 336b63ec (small blind) folded before Flop
Seat 4: b95b0a (big blind) won ($0.62)
Seat 5: c9a2bb35 folded before Flop (didn't bet)
Seat 6: bea58ba3 folded on the Turn


Poker Hand #HD1788686178: Hold'em No Limit ($0.05/$0.1) - 2024/05/26 17:20:48
Table 'NLHRed36' 6-max Seat #1 is the button
Seat 1: a5f804bb ($14.72 in chips)
Seat 2: Hero ($10 in chips)
Seat 3: 336b63ec ($10 in chips)
Seat 4: b95b0a ($10.52 in chips)
Seat 5: c9a2bb35 ($3.6 in chips)
Seat 6: bea58ba3 ($14.67 in chips)
Hero: posts small blind $0.05
336b63ec: posts big blind $0.1
*** HOLE CARDS ***
Dealt to a5f804bb 
Dealt to Hero [8h 3s]
Dealt to 336b63ec 
Dealt to b95b0a 
Dealt to c9a2bb35 
Dealt to bea58ba3 
b95b0a: folds
c9a2bb35: calls $0.1
bea58ba3: raises $0.2 to $0.3
a5f804bb: calls $0.3
Hero: folds
336b63ec: folds
c9a2bb35: folds
*** FLOP *** [5s 3c 9c]
bea58ba3: bets $0.64
a5f804bb: folds
Uncalled bet ($0.64) returned to bea58ba3
*** SHOWDOWN ***
bea58ba3 collected $0.81 from pot
*** SUMMARY ***
Total pot $0.85 | Rake $0.04 | Jackpot $0 | Bingo $0 | Fortune $0 | Tax $0
Board [5s 3c 9c]
Seat 1: a5f804bb (button) folded on the Flop
Seat 2: Hero (small blind) folded before Flop
Seat 3: 336b63ec (big blind) folded before Flop
Seat 4: b95b0a folded before Flop (didn't bet)
Seat 5: c9a2bb35 folded before Flop
Seat 6: bea58ba3 won ($0.81)


Poker Hand #HD1788686150: Hold'em No Limit ($0.05/$0.1) - 2024/05/26 17:20:25
Table 'NLHRed36' 6-max Seat #6 is the button
Seat 1: a5f804bb ($14.77 in chips)
Seat 2: Hero ($10 in chips)
Seat 4: b95b0a ($10.15 in chips)
Seat 5: c9a2bb35 ($3.85 in chips)
Seat 6: bea58ba3 ($14.67 in chips)
a5f804bb: posts small blind $0.05
Hero: posts big blind $0.1
*** HOLE CARDS ***
Dealt to a5f804bb 
Dealt to Hero [6s 7c]
Dealt to b95b0a 
Dealt to c9a2bb35 
Dealt to bea58ba3 
b95b0a: raises $0.15 to $0.25
c9a2bb35: calls $0.25
bea58ba3: folds
a5f804bb: folds
Hero: folds
*** FLOP *** [Qh 7d 2c]
b95b0a: bets $0.22
c9a2bb35: folds
Uncalled bet ($0.22) returned to b95b0a
*** SHOWDOWN ***
b95b0a collected $0.62 from pot
*** SUMMARY ***
Total pot $0.65 | Rake $0.03 | Jackpot $0 | Bingo $0 | Fortune $0 | Tax $0
Board [Qh 7d 2c]
Seat 1: a5f804bb (small blind) folded before Flop
Seat 2: Hero (big blind) folded before Flop
Seat 4: b95b0a won ($0.62)
Seat 5: c9a2bb35 folded on the Flop
Seat 6: bea58ba3 (button) folded before Flop (didn't bet)


