Poker Hand #HD1789192464: Hold'em No Limit ($0.05/$0.1) - 2024/05/27 01:45:27
Table 'NLHRed22' 6-max Seat #3 is the button
Seat 2: e138e1a0 ($37.06 in chips)
Seat 3: Hero ($10 in chips)
Seat 4: 1fd9a170 ($13.63 in chips)
Seat 5: 57650eef ($2.98 in chips)
Seat 6: cb254e2 ($10 in chips)
1fd9a170: posts small blind $0.05
57650eef: posts big blind $0.1
*** HOLE CARDS ***
Dealt to e138e1a0 
Dealt to Hero [3s 2h]
Dealt to 1fd9a170 
Dealt to 57650eef 
Dealt to cb254e2 
cb254e2: folds
e138e1a0: raises $0.15 to $0.25
Hero: folds
1fd9a170: raises $0.5 to $0.75
57650eef: folds
e138e1a0: folds
Uncalled bet ($0.5) returned to 1fd9a170
*** SHOWDOWN ***
1fd9a170 collected $0.57 from pot
*** SUMMARY ***
Total pot $0.6 | Rake $0.03 | Jackpot $0 | Bingo $0 | Fortune $0 | Tax $0
Seat 2: e138e1a0 folded before Flop
Seat 3: Hero (button) folded before Flop (didn't bet)
Seat 4: 1fd9a170 (small blind) collected ($0.57)
Seat 5: 57650eef (big blind) folded before Flop
Seat 6: cb254e2 folded before Flop (didn't bet)


Poker Hand #HD1789192380: Hold'em No Limit ($0.05/$0.1) - 2024/05/27 01:44:43
Table 'NLHRed22' 6-max Seat #2 is the button
Seat 2: e138e1a0 ($37.56 in chips)
Seat 3: Hero ($10 in chips)
Seat 4: 1fd9a170 ($14.13 in chips)
Seat 5: 57650eef ($2 in chips)
Seat 6: cb254e2 ($10 in chips)
Hero: posts small blind $0.05
1fd9a170: posts big blind $0.1
*** HOLE CARDS ***
Dealt to e138e1a0 
Dealt to Hero [Ah 5c]
Dealt to 1fd9a170 
Dealt to 57650eef 
Dealt to cb254e2 
57650eef: calls $0.1
cb254e2: folds
e138e1a0: raises $0.4 to $0.5
Hero: folds
1fd9a170: calls $0.4
57650eef: calls $0.4
*** FLOP *** [As Qs 5d]
1fd9a170: checks
57650eef: checks
e138e1a0: checks
*** TURN *** [As Qs 5d] [5s]
1fd9a170: checks
57650eef: bets $1.5 and is all-in
e138e1a0: folds
1fd9a170: folds
Uncalled bet ($1.5) returned to 57650eef
*** SHOWDOWN ***
57650eef collected $1.48 from pot
*** SUMMARY ***
Total pot $1.55 | Rake $0.07 | Jackpot $0 | Bingo $0 | Fortune $0 | Tax $0
Board [As Qs 5d 5s]
Seat 2: e138e1a0 (button) folded on the Turn
Seat 3: Hero (small blind) folded before Flop
Seat 4: 1fd9a170 (big blind) folded on the Turn
Seat 5: 57650eef won ($1.48)
Seat 6: cb254e2 folded before Flop (didn't bet)


Poker Hand #HD1789192288: Hold'em No Limit ($0.05/$0.1) - 2024/05/27 01:43:57
Table 'NLHRed22' 6-max Seat #6 is the button
Seat 2: e138e1a0 ($33.5 in chips)
Seat 3: Hero ($10 in chips)
Seat 4: 1fd9a170 ($16.32 in chips)
Seat 6: cb254e2 ($10 in chips)
e138e1a0: posts small blind $0.05
Hero: posts big blind $0.1
*** HOLE CARDS ***
Dealt to e138e1a0 
Dealt to Hero [Tc Kc]
Dealt to 1fd9a170 
Dealt to cb254e2 
1fd9a170: raises $0.2 to $0.3
cb254e2: calls $0.3
e138e1a0: raises $0.75 to $1.05
Hero: folds
1fd9a170: calls $0.75
cb254e2: calls $0.75
*** FLOP *** [Jh 8h 3s]
e138e1a0: bets $1.14
1fd9a170: calls $1.14
cb254e2: calls $1.14
*** TURN *** [Jh 8h 3s] [4c]
e138e1a0: bets $13
1fd9a170: folds
cb254e2: folds
Uncalled bet ($13) returned to e138e1a0
*** SHOWDOWN ***
e138e1a0 collected $6.25 from pot
*** SUMMARY ***
Total pot $6.67 | Rake $0.32 | Jackpot $0.1 | Bingo $0 | Fortune $0 | Tax $0
Board [Jh 8h 3s 4c]
Seat 2: e138e1a0 (small blind) won ($6.25)
Seat 3: Hero (big blind) folded before Flop
Seat 4: 1fd9a170 folded on the Turn
Seat 6: cb254e2 (button) folded on the Turn


Poker Hand #HD1789192176: Hold'em No Limit ($0.05/$0.1) - 2024/05/27 01:43:02
Table 'NLHRed22' 6-max Seat #4 is the button
Seat 2: e138e1a0 ($33.5 in chips)
Seat 3: Hero ($10 in chips)
Seat 4: 1fd9a170 ($13.72 in chips)
Seat 5: 57650eef ($2.63 in chips)
Seat 6: cb254e2 ($10 in chips)
57650eef: posts small blind $0.05
cb254e2: posts big blind $0.1
*** HOLE CARDS ***
Dealt to e138e1a0 
Dealt to Hero [Jc Ts]
Dealt to 1fd9a170 
Dealt to 57650eef 
Dealt to cb254e2 
e138e1a0: folds
Hero: raises $0.14 to $0.24
1fd9a170: raises $0.53 to $0.77
57650eef: raises $1.41 to $2.18
cb254e2: folds
Hero: folds
1fd9a170: raises $1.41 to $3.59
57650eef: calls $0.45 and is all-in
Uncalled bet ($0.96) returned to 1fd9a170
1fd9a170: shows [Ad Kd]
57650eef: shows [As 8s]
*** FLOP *** [2c 4h Tc]
*** TURN *** [2c 4h Tc] [7s]
*** RIVER *** [2c 4h Tc 7s] [Kh]
*** SHOWDOWN ***
1fd9a170 collected $5.23 from pot
*** SUMMARY ***
Total pot $5.6 | Rake $0.27 | Jackpot $0.1 | Bingo $0 | Fortune $0 | Tax $0
Board [2c 4h Tc 7s Kh]
Seat 2: e138e1a0 folded before Flop (didn't bet)
Seat 3: Hero folded before Flop
Seat 4: 1fd9a170 (button) showed [Ad Kd] and won ($5.23) with Pair of Kings
Seat 5: 57650eef (small blind) showed [As 8s] and lost with Ace-High
Seat 6: cb254e2 (big blind) folded before Flop


Poker Hand #HD1789192059: Hold'em No Limit ($0.05/$0.1) - 2024/05/27 01:42:00
Table 'NLHRed22' 6-max Seat #3 is the button
Seat 2: e138e1a0 ($33.5 in chips)
Seat 3: Hero ($10 in chips)
Seat 4: 1fd9a170 ($11.78 in chips)
Seat 5: 57650eef ($2 in chips)
Seat 6: cb254e2 ($10 in chips)
1fd9a170: posts small blind $0.05
57650eef: posts big blind $0.1
*** HOLE CARDS ***
Dealt to e138e1a0 
Dealt to Hero [9s Ts]
Dealt to 1fd9a170 
Dealt to 57650eef 
Dealt to cb254e2 
cb254e2: folds
e138e1a0: folds
Hero: raises $0.14 to $0.24
1fd9a170: raises $0.49 to $0.73
57650eef: raises $1.27 to $2 and is all-in
Hero: folds
1fd9a170: calls $1.27
57650eef: shows [Ac 2h]
1fd9a170: shows [Ks 8s]
*** FLOP *** [Th 4s 9c]
*** TURN *** [Th 4s 9c] [7c]
*** RIVER *** [Th 4s 9c 7c] [6c]
57650eef: Receives Cashout ($2.63)
*** SHOWDOWN ***
1fd9a170 collected $3.94 from pot
*** SUMMARY ***
Total pot $4.24 | Rake $0.2 | Jackpot $0.1 | Bingo $0 | Fortune $0 | Tax $0
Board [Th 4s 9c 7c 6c]
Seat 2: e138e1a0 folded before Flop (didn't bet)
Seat 3: Hero (button) folded before Flop
Seat 4: 1fd9a170 (small blind) showed [Ks 8s] and won ($3.94) with Tens-High Straight
Seat 5: 57650eef (big blind) showed [Ac 2h] and lost with Ace-High, EV Cashout ($2.63)
Seat 6: cb254e2 folded before Flop (didn't bet)


Poker Hand #HD1789192040: Hold'em No Limit ($0.05/$0.1) - 2024/05/27 01:41:51
Table 'NLHRed22' 6-max Seat #2 is the button
Seat 2: e138e1a0 ($33.35 in chips)
Seat 3: Hero ($10 in chips)
Seat 4: 1fd9a170 ($11.88 in chips)
Seat 6: cb254e2 ($10 in chips)
Hero: posts small blind $0.05
1fd9a170: posts big blind $0.1
*** HOLE CARDS ***
Dealt to e138e1a0 
Dealt to Hero [Qs Th]
Dealt to 1fd9a170 
Dealt to cb254e2 
cb254e2: folds
e138e1a0: raises $0.15 to $0.25
Hero: folds
1fd9a170: folds
Uncalled bet ($0.15) returned to e138e1a0
*** SHOWDOWN ***
e138e1a0 collected $0.25 from pot
*** SUMMARY ***
Total pot $0.25 | Rake $0 | Jackpot $0 | Bingo $0 | Fortune $0 | Tax $0
Seat 2: e138e1a0 (button) collected ($0.25)
Seat 3: Hero (small blind) folded before Flop
Seat 4: 1fd9a170 (big blind) folded before Flop
Seat 6: cb254e2 folded before Flop (didn't bet)


Poker Hand #HD1789191995: Hold'em No Limit ($0.05/$0.1) - 2024/05/27 01:41:27
Table 'NLHRed22' 6-max Seat #6 is the button
Seat 2: e138e1a0 ($33.25 in chips)
Seat 3: Hero ($10 in chips)
Seat 4: 1fd9a170 ($11.88 in chips)
Seat 6: cb254e2 ($10 in chips)
e138e1a0: posts small blind $0.05
Hero: posts big blind $0.1
*** HOLE CARDS ***
Dealt to e138e1a0 
Dealt to Hero [9s 4s]
Dealt to 1fd9a170 
Dealt to cb254e2 
1fd9a170: folds
cb254e2: folds
e138e1a0: raises $0.2 to $0.3
Hero: folds
Uncalled bet ($0.2) returned to e138e1a0
*** SHOWDOWN ***
e138e1a0 collected $0.2 from pot
*** SUMMARY ***
Total pot $0.2 | Rake $0 | Jackpot $0 | Bingo $0 | Fortune $0 | Tax $0
Seat 2: e138e1a0 (small blind) collected ($0.2)
Seat 3: Hero (big blind) folded before Flop
Seat 4: 1fd9a170 folded before Flop (didn't bet)
Seat 6: cb254e2 (button) folded before Flop (didn't bet)


Poker Hand #HD1789191912: Hold'em No Limit ($0.05/$0.1) - 2024/05/27 01:40:47
Table 'NLHRed22' 6-max Seat #4 is the button
Seat 2: e138e1a0 ($32.8 in chips)
Seat 3: Hero ($10 in chips)
Seat 4: 1fd9a170 ($11.88 in chips)
Seat 6: cb254e2 ($10.17 in chips)
cb254e2: posts small blind $0.05
e138e1a0: posts big blind $0.1
*** HOLE CARDS ***
Dealt to e138e1a0 
Dealt to Hero [As Jd]
Dealt to 1fd9a170 
Dealt to cb254e2 
Hero: raises $0.14 to $0.24
1fd9a170: folds
cb254e2: calls $0.19
e138e1a0: calls $0.14
*** FLOP *** [Th 8c 6c]
cb254e2: checks
e138e1a0: checks
Hero: checks
*** TURN *** [Th 8c 6c] [5d]
cb254e2: checks
e138e1a0: bets $0.54
Hero: folds
cb254e2: folds
Uncalled bet ($0.54) returned to e138e1a0
*** SHOWDOWN ***
e138e1a0 collected $0.69 from pot
*** SUMMARY ***
Total pot $0.72 | Rake $0.03 | Jackpot $0 | Bingo $0 | Fortune $0 | Tax $0
Board [Th 8c 6c 5d]
Seat 2: e138e1a0 (big blind) won ($0.69)
Seat 3: Hero folded on the Turn
Seat 4: 1fd9a170 (button) folded before Flop (didn't bet)
Seat 6: cb254e2 (small blind) folded on the Turn


Poker Hand #HD1789191890: Hold'em No Limit ($0.05/$0.1) - 2024/05/27 01:40:33
Table 'NLHRed22' 6-max Seat #3 is the button
Seat 1: 4fde714a ($19.53 in chips)
Seat 2: e138e1a0 ($32.8 in chips)
Seat 3: Hero ($10 in chips)
Seat 4: 1fd9a170 ($11.93 in chips)
Seat 6: cb254e2 ($10.27 in chips)
1fd9a170: posts small blind $0.05
cb254e2: posts big blind $0.1
*** HOLE CARDS ***
Dealt to 4fde714a 
Dealt to e138e1a0 
Dealt to Hero [Jh 6h]
Dealt to 1fd9a170 
Dealt to cb254e2 
4fde714a: raises $0.11 to $0.21
e138e1a0: folds
Hero: folds
1fd9a170: folds
cb254e2: folds
Uncalled bet ($0.11) returned to 4fde714a
*** SHOWDOWN ***
4fde714a collected $0.25 from pot
*** SUMMARY ***
Total pot $0.25 | Rake $0 | Jackpot $0 | Bingo $0 | Fortune $0 | Tax $0
Seat 1: 4fde714a collected ($0.25)
Seat 2: e138e1a0 folded before Flop (didn't bet)
Seat 3: Hero (button) folded before Flop (didn't bet)
Seat 4: 1fd9a170 (small blind) folded before Flop
Seat 6: cb254e2 (big blind) folded before Flop


Poker Hand #HD1789191774: Hold'em No Limit ($0.05/$0.1) - 2024/05/27 01:39:34
Table 'NLHRed22' 6-max Seat #2 is the button
Seat 1: 4fde714a ($19.93 in chips)
Seat 2: e138e1a0 ($26.29 in chips)
Seat 3: Hero ($10 in chips)
Seat 4: 1fd9a170 ($12.03 in chips)
Seat 5: 1aeeeb7b ($6.75 in chips)
Seat 6: cb254e2 ($10.27 in chips)
Hero: posts small blind $0.05
1fd9a170: posts big blind $0.1
*** HOLE CARDS ***
Dealt to 4fde714a 
Dealt to e138e1a0 
Dealt to Hero [9s 4h]
Dealt to 1fd9a170 
Dealt to 1aeeeb7b 
Dealt to cb254e2 
1aeeeb7b: raises $0.3 to $0.4
cb254e2: folds
4fde714a: calls $0.4
e138e1a0: raises $1.35 to $1.75
Hero: folds
1fd9a170: folds
1aeeeb7b: calls $1.35
4fde714a: folds
*** FLOP *** [4d 2d Ts]
1aeeeb7b: bets $2.03
e138e1a0: raises $8.11 to $10.14
1aeeeb7b: calls $2.97 and is all-in
Uncalled bet ($5.14) returned to e138e1a0
e138e1a0: shows [Qd Qc] (Pair of Queens)
1aeeeb7b: shows [Th Ad] (Pair of Tens)
*** TURN *** [4d 2d Ts] [9h]
*** RIVER *** [4d 2d Ts 9h] [5s]
*** SHOWDOWN ***
e138e1a0 collected $13.26 from pot
*** SUMMARY ***
Total pot $14.05 | Rake $0.69 | Jackpot $0.1 | Bingo $0 | Fortune $0 | Tax $0
Board [4d 2d Ts 9h 5s]
Seat 1: 4fde714a folded before Flop
Seat 2: e138e1a0 (button) showed [Qd Qc] and won ($13.26) with Pair of Queens
Seat 3: Hero (small blind) folded before Flop
Seat 4: 1fd9a170 (big blind) folded before Flop
Seat 5: 1aeeeb7b showed [Th Ad] and lost with Pair of Tens
Seat 6: cb254e2 folded before Flop (didn't bet)


Poker Hand #HD1789191740: Hold'em No Limit ($0.05/$0.1) - 2024/05/27 01:39:18
Table 'NLHRed22' 6-max Seat #1 is the button
Seat 1: 4fde714a ($19.93 in chips)
Seat 2: e138e1a0 ($26.19 in chips)
Seat 3: Hero ($10 in chips)
Seat 4: 1fd9a170 ($12.03 in chips)
Seat 5: 1aeeeb7b ($6.75 in chips)
Seat 6: cb254e2 ($10.27 in chips)
e138e1a0: posts small blind $0.05
Hero: posts big blind $0.1
*** HOLE CARDS ***
Dealt to 4fde714a 
Dealt to e138e1a0 
Dealt to Hero [Qs 3d]
Dealt to 1fd9a170 
Dealt to 1aeeeb7b 
Dealt to cb254e2 
1fd9a170: folds
1aeeeb7b: folds
cb254e2: folds
4fde714a: folds
e138e1a0: raises $0.2 to $0.3
Hero: folds
Uncalled bet ($0.2) returned to e138e1a0
*** SHOWDOWN ***
e138e1a0 collected $0.2 from pot
*** SUMMARY ***
Total pot $0.2 | Rake $0 | Jackpot $0 | Bingo $0 | Fortune $0 | Tax $0
Seat 1: 4fde714a (button) folded before Flop (didn't bet)
Seat 2: e138e1a0 (small blind) collected ($0.2)
Seat 3: Hero (big blind) folded before Flop
Seat 4: 1fd9a170 folded before Flop (didn't bet)
Seat 5: 1aeeeb7b folded before Flop (didn't bet)
Seat 6: cb254e2 folded before Flop (didn't bet)


