Poker Hand #HD1764255272: Hold'em No Limit ($0.05/$0.1) - 2024/05/08 20:16:24
Table 'NLHRed13' 6-max Seat #6 is the button
Seat 1: 5f9cd95c ($10 in chips)
Seat 2: be24723d ($8.04 in chips)
Seat 3: 200877fb ($11.78 in chips)
Seat 4: ef4ee078 ($10.29 in chips)
Seat 5: Hero ($10 in chips)
Seat 6: 1ba738f5 ($16.91 in chips)
5f9cd95c: posts small blind $0.05
be24723d: posts big blind $0.1
*** HOLE CARDS ***
Dealt to 5f9cd95c 
Dealt to be24723d 
Dealt to 200877fb 
Dealt to ef4ee078 
Dealt to Hero [2c 4h]
Dealt to 1ba738f5 
200877fb: folds
ef4ee078: folds
Hero: folds
1ba738f5: raises $0.15 to $0.25
5f9cd95c: folds
be24723d: calls $0.15
*** FLOP *** [Ah 9c Kd]
be24723d: checks
1ba738f5: checks
*** TURN *** [Ah 9c Kd] [Jc]
be24723d: checks
1ba738f5: checks
*** RIVER *** [Ah 9c Kd Jc] [Qs]
be24723d: bets $0.44
1ba738f5: folds
Uncalled bet ($0.44) returned to be24723d
*** SHOWDOWN ***
be24723d collected $0.53 from pot
*** SUMMARY ***
Total pot $0.55 | Rake $0.02 | Jackpot $0 | Bingo $0 | Fortune $0 | Tax $0
Board [Ah 9c Kd Jc Qs]
Seat 1: 5f9cd95c (small blind) folded before Flop
Seat 2: be24723d (big blind) won ($0.53)
Seat 3: 200877fb folded before Flop (didn't bet)
Seat 4: ef4ee078 folded before Flop (didn't bet)
Seat 5: Hero folded before Flop (didn't bet)
Seat 6: 1ba738f5 (button) folded on the River


Poker Hand #HD1764255223: Hold'em No Limit ($0.05/$0.1) - 2024/05/08 20:15:55
Table 'NLHRed13' 6-max Seat #5 is the button
Seat 1: 5f9cd95c ($10 in chips)
Seat 2: be24723d ($8.04 in chips)
Seat 3: 200877fb ($11.78 in chips)
Seat 4: ef4ee078 ($10.29 in chips)
Seat 5: Hero ($10 in chips)
Seat 6: 1ba738f5 ($16.81 in chips)
1ba738f5: posts small blind $0.05
5f9cd95c: posts big blind $0.1
*** HOLE CARDS ***
Dealt to 5f9cd95c 
Dealt to be24723d 
Dealt to 200877fb 
Dealt to ef4ee078 
Dealt to Hero [Ts 8d]
Dealt to 1ba738f5 
be24723d: folds
200877fb: folds
ef4ee078: folds
Hero: folds
1ba738f5: raises $0.15 to $0.25
5f9cd95c: folds
Uncalled bet ($0.15) returned to 1ba738f5
*** SHOWDOWN ***
1ba738f5 collected $0.2 from pot
*** SUMMARY ***
Total pot $0.2 | Rake $0 | Jackpot $0 | Bingo $0 | Fortune $0 | Tax $0
Seat 1: 5f9cd95c (big blind) folded before Flop
Seat 2: be24723d folded before Flop (didn't bet)
Seat 3: 200877fb folded before Flop (didn't bet)
Seat 4: ef4ee078 folded before Flop (didn't bet)
Seat 5: Hero (button) folded before Flop (didn't bet)
Seat 6: 1ba738f5 (small blind) collected ($0.2)


Poker Hand #HD1764255192: Hold'em No Limit ($0.05/$0.1) - 2024/05/08 20:15:34
Table 'NLHRed13' 6-max Seat #4 is the button
Seat 1: 5f9cd95c ($10 in chips)
Seat 2: be24723d ($8.04 in chips)
Seat 3: 200877fb ($11.78 in chips)
Seat 4: ef4ee078 ($10.29 in chips)
Seat 5: Hero ($10 in chips)
Seat 6: 1ba738f5 ($16.76 in chips)
Hero: posts small blind $0.05
1ba738f5: posts big blind $0.1
*** HOLE CARDS ***
Dealt to 5f9cd95c 
Dealt to be24723d 
Dealt to 200877fb 
Dealt to ef4ee078 
Dealt to Hero [6c 9s]
Dealt to 1ba738f5 
5f9cd95c: folds
be24723d: folds
200877fb: folds
ef4ee078: folds
Hero: folds
Uncalled bet ($0.05) returned to 1ba738f5
*** SHOWDOWN ***
1ba738f5 collected $0.1 from pot
*** SUMMARY ***
Total pot $0.1 | Rake $0 | Jackpot $0 | Bingo $0 | Fortune $0 | Tax $0
Seat 1: 5f9cd95c folded before Flop (didn't bet)
Seat 2: be24723d folded before Flop (didn't bet)
Seat 3: 200877fb folded before Flop (didn't bet)
Seat 4: ef4ee078 (button) folded before Flop (didn't bet)
Seat 5: Hero (small blind) folded before Flop
Seat 6: 1ba738f5 (big blind) collected ($0.1)


Poker Hand #HD1764255067: Hold'em No Limit ($0.05/$0.1) - 2024/05/08 20:14:21
Table 'NLHRed13' 6-max Seat #3 is the button
Seat 1: 5f9cd95c ($10 in chips)
Seat 2: be24723d ($5.59 in chips)
Seat 3: 200877fb ($11.78 in chips)
Seat 4: ef4ee078 ($10.34 in chips)
Seat 5: Hero ($10 in chips)
Seat 6: 1ba738f5 ($19.43 in chips)
ef4ee078: posts small blind $0.05
Hero: posts big blind $0.1
*** HOLE CARDS ***
Dealt to 5f9cd95c 
Dealt to be24723d 
Dealt to 200877fb 
Dealt to ef4ee078 
Dealt to Hero [8h 2h]
Dealt to 1ba738f5 
1ba738f5: raises $0.15 to $0.25
5f9cd95c: folds
be24723d: calls $0.25
200877fb: folds
ef4ee078: folds
Hero: folds
*** FLOP *** [5d Jc Ad]
1ba738f5: checks
be24723d: bets $0.22
1ba738f5: calls $0.22
*** TURN *** [5d Jc Ad] [4s]
1ba738f5: checks
be24723d: bets $0.55
1ba738f5: calls $0.55
*** RIVER *** [5d Jc Ad 4s] [Kd]
1ba738f5: bets $1.65
be24723d: calls $1.65
1ba738f5: shows [Qs Js] (Pair of Jacks)
be24723d: shows [4d 3d] (Ace High Flush)
*** SHOWDOWN ***
be24723d collected $5.12 from pot
*** SUMMARY ***
Total pot $5.49 | Rake $0.27 | Jackpot $0.1 | Bingo $0 | Fortune $0 | Tax $0
Board [5d Jc Ad 4s Kd]
Seat 1: 5f9cd95c folded before Flop (didn't bet)
Seat 2: be24723d showed [4d 3d] and won ($5.12) with Ace High Flush
Seat 3: 200877fb (button) folded before Flop (didn't bet)
Seat 4: ef4ee078 (small blind) folded before Flop
Seat 5: Hero (big blind) folded before Flop
Seat 6: 1ba738f5 showed [Qs Js] and lost with Pair of Jacks


Poker Hand #HD1764254953: Hold'em No Limit ($0.05/$0.1) - 2024/05/08 20:13:18
Table 'NLHRed13' 6-max Seat #2 is the button
Seat 1: 5f9cd95c ($10 in chips)
Seat 2: be24723d ($6.64 in chips)
Seat 3: 200877fb ($10.74 in chips)
Seat 4: ef4ee078 ($10.44 in chips)
Seat 5: Hero ($10 in chips)
Seat 6: 1ba738f5 ($19.43 in chips)
200877fb: posts small blind $0.05
ef4ee078: posts big blind $0.1
*** HOLE CARDS ***
Dealt to 5f9cd95c 
Dealt to be24723d 
Dealt to 200877fb 
Dealt to ef4ee078 
Dealt to Hero [4d Ah]
Dealt to 1ba738f5 
Hero: folds
1ba738f5: folds
5f9cd95c: folds
be24723d: raises $0.15 to $0.25
200877fb: calls $0.2
ef4ee078: folds
*** FLOP *** [2c Js Kh]
200877fb: checks
be24723d: bets $0.2
200877fb: raises $0.6 to $0.8
be24723d: calls $0.6
*** TURN *** [2c Js Kh] [8h]
200877fb: bets $1.54
be24723d: folds
Uncalled bet ($1.54) returned to 200877fb
*** SHOWDOWN ***
200877fb collected $2.09 from pot
*** SUMMARY ***
Total pot $2.2 | Rake $0.11 | Jackpot $0 | Bingo $0 | Fortune $0 | Tax $0
Board [2c Js Kh 8h]
Seat 1: 5f9cd95c folded before Flop (didn't bet)
Seat 2: be24723d (button) folded on the Turn
Seat 3: 200877fb (small blind) won ($2.09)
Seat 4: ef4ee078 (big blind) folded before Flop
Seat 5: Hero folded before Flop (didn't bet)
Seat 6: 1ba738f5 folded before Flop (didn't bet)


Poker Hand #HD1764254892: Hold'em No Limit ($0.05/$0.1) - 2024/05/08 20:12:52
Table 'NLHRed13' 6-max Seat #1 is the button
Seat 1: 5f9cd95c ($10 in chips)
Seat 2: be24723d ($6.69 in chips)
Seat 3: 200877fb ($10.69 in chips)
Seat 4: ef4ee078 ($10.44 in chips)
Seat 5: Hero ($10 in chips)
Seat 6: 1ba738f5 ($19.43 in chips)
be24723d: posts small blind $0.05
200877fb: posts big blind $0.1
*** HOLE CARDS ***
Dealt to 5f9cd95c 
Dealt to be24723d 
Dealt to 200877fb 
Dealt to ef4ee078 
Dealt to Hero [6s Ac]
Dealt to 1ba738f5 
ef4ee078: folds
Hero: folds
1ba738f5: folds
5f9cd95c: folds
be24723d: folds
Uncalled bet ($0.05) returned to 200877fb
*** SHOWDOWN ***
200877fb collected $0.1 from pot
*** SUMMARY ***
Total pot $0.1 | Rake $0 | Jackpot $0 | Bingo $0 | Fortune $0 | Tax $0
Seat 1: 5f9cd95c (button) folded before Flop (didn't bet)
Seat 2: be24723d (small blind) folded before Flop
Seat 3: 200877fb (big blind) collected ($0.1)
Seat 4: ef4ee078 folded before Flop (didn't bet)
Seat 5: Hero folded before Flop (didn't bet)
Seat 6: 1ba738f5 folded before Flop (didn't bet)


Poker Hand #HD1764254868: Hold'em No Limit ($0.05/$0.1) - 2024/05/08 20:12:36
Table 'NLHRed13' 6-max Seat #6 is the button
Seat 1: 5f9cd95c ($10 in chips)
Seat 2: be24723d ($6.64 in chips)
Seat 3: 200877fb ($10.69 in chips)
Seat 4: ef4ee078 ($10.44 in chips)
Seat 5: Hero ($10 in chips)
Seat 6: 1ba738f5 ($19.43 in chips)
5f9cd95c: posts small blind $0.05
be24723d: posts big blind $0.1
*** HOLE CARDS ***
Dealt to 5f9cd95c 
Dealt to be24723d 
Dealt to 200877fb 
Dealt to ef4ee078 
Dealt to Hero [7s 5d]
Dealt to 1ba738f5 
200877fb: folds
ef4ee078: folds
Hero: folds
1ba738f5: folds
5f9cd95c: folds
Uncalled bet ($0.05) returned to be24723d
*** SHOWDOWN ***
be24723d collected $0.1 from pot
*** SUMMARY ***
Total pot $0.1 | Rake $0 | Jackpot $0 | Bingo $0 | Fortune $0 | Tax $0
Seat 1: 5f9cd95c (small blind) folded before Flop
Seat 2: be24723d (big blind) collected ($0.1)
Seat 3: 200877fb folded before Flop (didn't bet)
Seat 4: ef4ee078 folded before Flop (didn't bet)
Seat 5: Hero folded before Flop (didn't bet)
Seat 6: 1ba738f5 (button) folded before Flop (didn't bet)


Poker Hand #HD1764254781: Hold'em No Limit ($0.05/$0.1) - 2024/05/08 20:11:36
Table 'NLHRed13' 6-max Seat #5 is the button
Seat 1: 5f9cd95c ($10 in chips)
Seat 2: be24723d ($7.24 in chips)
Seat 3: 200877fb ($10 in chips)
Seat 4: ef4ee078 ($10.44 in chips)
Seat 5: Hero ($10 in chips)
Seat 6: 1ba738f5 ($19.48 in chips)
1ba738f5: posts small blind $0.05
5f9cd95c: posts big blind $0.1
*** HOLE CARDS ***
Dealt to 5f9cd95c 
Dealt to be24723d 
Dealt to 200877fb 
Dealt to ef4ee078 
Dealt to Hero [5s Jc]
Dealt to 1ba738f5 
be24723d: raises $0.15 to $0.25
200877fb: raises $0.35 to $0.6
ef4ee078: folds
Hero: folds
1ba738f5: folds
5f9cd95c: folds
be24723d: calls $0.35
*** FLOP *** [Qd 3c Td]
be24723d: checks
200877fb: checks
*** TURN *** [Qd 3c Td] [As]
be24723d: checks
200877fb: bets $0.95
be24723d: folds
Uncalled bet ($0.95) returned to 200877fb
*** SHOWDOWN ***
200877fb collected $1.29 from pot
*** SUMMARY ***
Total pot $1.35 | Rake $0.06 | Jackpot $0 | Bingo $0 | Fortune $0 | Tax $0
Board [Qd 3c Td As]
Seat 1: 5f9cd95c (big blind) folded before Flop
Seat 2: be24723d folded on the Turn
Seat 3: 200877fb won ($1.29)
Seat 4: ef4ee078 folded before Flop (didn't bet)
Seat 5: Hero (button) folded before Flop (didn't bet)
Seat 6: 1ba738f5 (small blind) folded before Flop


Poker Hand #HD1764254526: Hold'em No Limit ($0.05/$0.1) - 2024/05/08 20:09:01
Table 'NLHRed13' 6-max Seat #4 is the button
Seat 1: 3ed8f08 ($11.86 in chips)
Seat 2: be24723d ($7.24 in chips)
Seat 3: 200877fb ($10 in chips)
Seat 4: ef4ee078 ($10.44 in chips)
Seat 5: Hero ($10.05 in chips)
Seat 6: 1ba738f5 ($10.62 in chips)
Hero: posts small blind $0.05
1ba738f5: posts big blind $0.1
*** HOLE CARDS ***
Dealt to 3ed8f08 
Dealt to be24723d 
Dealt to 200877fb 
Dealt to ef4ee078 
Dealt to Hero [Qh Jc]
Dealt to 1ba738f5 
3ed8f08: folds
be24723d: folds
200877fb: folds
ef4ee078: folds
Hero: raises $0.2 to $0.3
1ba738f5: raises $0.45 to $0.75
Hero: calls $0.45
*** FLOP *** [Td As Kd]
Hero: checks
1ba738f5: checks
*** TURN *** [Td As Kd] [Ah]
Hero: bets $0.99
1ba738f5: calls $0.99
*** RIVER *** [Td As Kd Ah] [2c]
Hero: bets $2.3
1ba738f5: raises $5.9 to $8.2
Hero: calls $5.9
1ba738f5: shows [Ks Kh] (Kings Full over Aces)
Hero: shows [Qh Jc] (Aces-High Straight)
*** SHOWDOWN ***
1ba738f5 collected $18.8 from pot
*** SUMMARY ***
Total pot $19.88 | Rake $0.98 | Jackpot $0.1 | Bingo $0 | Fortune $0 | Tax $0
Board [Td As Kd Ah 2c]
Seat 1: 3ed8f08 folded before Flop (didn't bet)
Seat 2: be24723d folded before Flop (didn't bet)
Seat 3: 200877fb folded before Flop (didn't bet)
Seat 4: ef4ee078 (button) folded before Flop (didn't bet)
Seat 5: Hero (small blind) showed [Qh Jc] and lost with Aces-High Straight
Seat 6: 1ba738f5 (big blind) showed [Ks Kh] and won ($18.8) with Kings Full over Aces


Poker Hand #HD1764254415: Hold'em No Limit ($0.05/$0.1) - 2024/05/08 20:08:03
Table 'NLHRed13' 6-max Seat #3 is the button
Seat 1: 3ed8f08 ($11.86 in chips)
Seat 2: be24723d ($6.67 in chips)
Seat 3: 200877fb ($10 in chips)
Seat 4: ef4ee078 ($10.49 in chips)
Seat 5: Hero ($10.15 in chips)
Seat 6: 1ba738f5 ($10.62 in chips)
ef4ee078: posts small blind $0.05
Hero: posts big blind $0.1
*** HOLE CARDS ***
Dealt to 3ed8f08 
Dealt to be24723d 
Dealt to 200877fb 
Dealt to ef4ee078 
Dealt to Hero [Qc 3s]
Dealt to 1ba738f5 
1ba738f5: folds
3ed8f08: folds
be24723d: raises $0.15 to $0.25
200877fb: calls $0.25
ef4ee078: folds
Hero: folds
*** FLOP *** [9c 5d 4s]
be24723d: checks
200877fb: bets $0.22
be24723d: calls $0.22
*** TURN *** [9c 5d 4s] [Th]
be24723d: checks
200877fb: checks
*** RIVER *** [9c 5d 4s Th] [Kd]
be24723d: checks
200877fb: checks
be24723d: shows [Ad Td] (Pair of Tens)
200877fb: shows [2c Ac] (Ace-High)
*** SHOWDOWN ***
be24723d collected $1.04 from pot
*** SUMMARY ***
Total pot $1.09 | Rake $0.05 | Jackpot $0 | Bingo $0 | Fortune $0 | Tax $0
Board [9c 5d 4s Th Kd]
Seat 1: 3ed8f08 folded before Flop (didn't bet)
Seat 2: be24723d showed [Ad Td] and won ($1.04) with Pair of Tens
Seat 3: 200877fb (button) showed [2c Ac] and lost with Ace-High
Seat 4: ef4ee078 (small blind) folded before Flop
Seat 5: Hero (big blind) folded before Flop
Seat 6: 1ba738f5 folded before Flop (didn't bet)


Poker Hand #HD1764254370: Hold'em No Limit ($0.05/$0.1) - 2024/05/08 20:07:39
Table 'NLHRed13' 6-max Seat #2 is the button
Seat 1: 3ed8f08 ($11.71 in chips)
Seat 2: be24723d ($6.67 in chips)
Seat 3: 200877fb ($10.05 in chips)
Seat 4: ef4ee078 ($10.59 in chips)
Seat 5: Hero ($10.15 in chips)
Seat 6: 1ba738f5 ($10.62 in chips)
200877fb: posts small blind $0.05
ef4ee078: posts big blind $0.1
*** HOLE CARDS ***
Dealt to 3ed8f08 
Dealt to be24723d 
Dealt to 200877fb 
Dealt to ef4ee078 
Dealt to Hero [7h Kh]
Dealt to 1ba738f5 
Hero: folds
1ba738f5: folds
3ed8f08: raises $0.1 to $0.2
be24723d: folds
200877fb: folds
ef4ee078: folds
Uncalled bet ($0.1) returned to 3ed8f08
*** SHOWDOWN ***
3ed8f08 collected $0.25 from pot
*** SUMMARY ***
Total pot $0.25 | Rake $0 | Jackpot $0 | Bingo $0 | Fortune $0 | Tax $0
Seat 1: 3ed8f08 collected ($0.25)
Seat 2: be24723d (button) folded before Flop (didn't bet)
Seat 3: 200877fb (small blind) folded before Flop
Seat 4: ef4ee078 (big blind) folded before Flop
Seat 5: Hero folded before Flop (didn't bet)
Seat 6: 1ba738f5 folded before Flop (didn't bet)


Poker Hand #HD1764254336: Hold'em No Limit ($0.05/$0.1) - 2024/05/08 20:07:24
Table 'NLHRed13' 6-max Seat #1 is the button
Seat 1: 3ed8f08 ($11.71 in chips)
Seat 2: be24723d ($6.72 in chips)
Seat 3: 200877fb ($10 in chips)
Seat 4: ef4ee078 ($10.59 in chips)
Seat 5: Hero ($10.15 in chips)
Seat 6: 1ba738f5 ($10.62 in chips)
be24723d: posts small blind $0.05
200877fb: posts big blind $0.1
*** HOLE CARDS ***
Dealt to 3ed8f08 
Dealt to be24723d 
Dealt to 200877fb 
Dealt to ef4ee078 
Dealt to Hero [6h 3h]
Dealt to 1ba738f5 
ef4ee078: folds
Hero: folds
1ba738f5: folds
3ed8f08: folds
be24723d: folds
Uncalled bet ($0.05) returned to 200877fb
*** SHOWDOWN ***
200877fb collected $0.1 from pot
*** SUMMARY ***
Total pot $0.1 | Rake $0 | Jackpot $0 | Bingo $0 | Fortune $0 | Tax $0
Seat 1: 3ed8f08 (button) folded before Flop (didn't bet)
Seat 2: be24723d (small blind) folded before Flop
Seat 3: 200877fb (big blind) collected ($0.1)
Seat 4: ef4ee078 folded before Flop (didn't bet)
Seat 5: Hero folded before Flop (didn't bet)
Seat 6: 1ba738f5 folded before Flop (didn't bet)


Poker Hand #HD1764254165: Hold'em No Limit ($0.05/$0.1) - 2024/05/08 20:05:31
Table 'NLHRed13' 6-max Seat #6 is the button
Seat 1: 3ed8f08 ($12.05 in chips)
Seat 2: be24723d ($6.82 in chips)
Seat 4: ef4ee078 ($10.59 in chips)
Seat 5: Hero ($10.15 in chips)
Seat 6: 1ba738f5 ($10.96 in chips)
3ed8f08: posts small blind $0.05
be24723d: posts big blind $0.1
*** HOLE CARDS ***
Dealt to 3ed8f08 
Dealt to be24723d 
Dealt to ef4ee078 
Dealt to Hero [5c Kh]
Dealt to 1ba738f5 
ef4ee078: folds
Hero: folds
1ba738f5: raises $0.15 to $0.25
3ed8f08: raises $0.95 to $1.2
be24723d: folds
1ba738f5: calls $0.95
*** FLOP *** [8d 7c 9s]
3ed8f08: bets $1.25
1ba738f5: calls $1.25
*** TURN *** [8d 7c 9s] [9d]
3ed8f08: checks
1ba738f5: bets $0.1
3ed8f08: calls $0.1
*** RIVER *** [8d 7c 9s 9d] [4s]
3ed8f08: checks
1ba738f5: bets $4.25
3ed8f08: calls $4.25
1ba738f5: shows [Jc Tc] (Jacks-High Straight)
3ed8f08: shows [Jd Td] (Jacks-High Straight)
*** SHOWDOWN ***
3ed8f08 collected $6.46 from pot
1ba738f5 collected $6.46 from pot
*** SUMMARY ***
Total pot $13.7 | Rake $0.68 | Jackpot $0.1 | Bingo $0 | Fortune $0 | Tax $0
Board [8d 7c 9s 9d 4s]
Seat 1: 3ed8f08 (small blind) showed [Jd Td] and won ($6.46) with Jacks-High Straight
Seat 2: be24723d (big blind) folded before Flop
Seat 4: ef4ee078 folded before Flop (didn't bet)
Seat 5: Hero folded before Flop (didn't bet)
Seat 6: 1ba738f5 (button) showed [Jc Tc] and won ($6.46) with Jacks-High Straight


Poker Hand #HD1764254101: Hold'em No Limit ($0.05/$0.1) - 2024/05/08 20:04:51
Table 'NLHRed13' 6-max Seat #5 is the button
Seat 1: 3ed8f08 ($12.15 in chips)
Seat 2: be24723d ($6.82 in chips)
Seat 4: ef4ee078 ($10.59 in chips)
Seat 5: Hero ($10 in chips)
Seat 6: 1ba738f5 ($11.01 in chips)
1ba738f5: posts small blind $0.05
3ed8f08: posts big blind $0.1
*** HOLE CARDS ***
Dealt to 3ed8f08 
Dealt to be24723d 
Dealt to ef4ee078 
Dealt to Hero [Qh Kd]
Dealt to 1ba738f5 
be24723d: folds
ef4ee078: folds
Hero: raises $0.14 to $0.24
1ba738f5: folds
3ed8f08: folds
Uncalled bet ($0.14) returned to Hero
*** SHOWDOWN ***
Hero collected $0.25 from pot
*** SUMMARY ***
Total pot $0.25 | Rake $0 | Jackpot $0 | Bingo $0 | Fortune $0 | Tax $0
Seat 1: 3ed8f08 (big blind) folded before Flop
Seat 2: be24723d folded before Flop (didn't bet)
Seat 4: ef4ee078 folded before Flop (didn't bet)
Seat 5: Hero (button) collected ($0.25)
Seat 6: 1ba738f5 (small blind) folded before Flop


Poker Hand #HD1764254056: Hold'em No Limit ($0.05/$0.1) - 2024/05/08 20:04:28
Table 'NLHRed13' 6-max Seat #4 is the button
Seat 1: 3ed8f08 ($12.15 in chips)
Seat 2: be24723d ($6.67 in chips)
Seat 4: ef4ee078 ($10.59 in chips)
Seat 5: Hero ($10.05 in chips)
Seat 6: 1ba738f5 ($11.11 in chips)
Hero: posts small blind $0.05
1ba738f5: posts big blind $0.1
*** HOLE CARDS ***
Dealt to 3ed8f08 
Dealt to be24723d 
Dealt to ef4ee078 
Dealt to Hero [6s 4h]
Dealt to 1ba738f5 
3ed8f08: folds
be24723d: raises $0.15 to $0.25
ef4ee078: folds
Hero: folds
1ba738f5: folds
Uncalled bet ($0.15) returned to be24723d
*** SHOWDOWN ***
be24723d collected $0.25 from pot
*** SUMMARY ***
Total pot $0.25 | Rake $0 | Jackpot $0 | Bingo $0 | Fortune $0 | Tax $0
Seat 1: 3ed8f08 folded before Flop (didn't bet)
Seat 2: be24723d collected ($0.25)
Seat 4: ef4ee078 (button) folded before Flop (didn't bet)
Seat 5: Hero (small blind) folded before Flop
Seat 6: 1ba738f5 (big blind) folded before Flop


Poker Hand #HD1764254026: Hold'em No Limit ($0.05/$0.1) - 2024/05/08 20:04:06
Table 'NLHRed13' 6-max Seat #2 is the button
Seat 1: 3ed8f08 ($12.15 in chips)
Seat 2: be24723d ($6.67 in chips)
Seat 4: ef4ee078 ($10.64 in chips)
Seat 5: Hero ($10 in chips)
Seat 6: 1ba738f5 ($11.11 in chips)
ef4ee078: posts small blind $0.05
Hero: posts big blind $0.1
*** HOLE CARDS ***
Dealt to 3ed8f08 
Dealt to be24723d 
Dealt to ef4ee078 
Dealt to Hero [Th Js]
Dealt to 1ba738f5 
1ba738f5: folds
3ed8f08: folds
be24723d: folds
ef4ee078: folds
Uncalled bet ($0.05) returned to Hero
*** SHOWDOWN ***
Hero collected $0.1 from pot
*** SUMMARY ***
Total pot $0.1 | Rake $0 | Jackpot $0 | Bingo $0 | Fortune $0 | Tax $0
Seat 1: 3ed8f08 folded before Flop (didn't bet)
Seat 2: be24723d (button) folded before Flop (didn't bet)
Seat 4: ef4ee078 (small blind) folded before Flop
Seat 5: Hero (big blind) collected ($0.1)
Seat 6: 1ba738f5 folded before Flop (didn't bet)


Poker Hand #HD1764253908: Hold'em No Limit ($0.05/$0.1) - 2024/05/08 20:03:01
Table 'NLHRed13' 6-max Seat #1 is the button
Seat 1: 3ed8f08 ($12.45 in chips)
Seat 2: be24723d ($6.97 in chips)
Seat 4: ef4ee078 ($10.08 in chips)
Seat 5: Hero ($10 in chips)
Seat 6: 1ba738f5 ($11.11 in chips)
be24723d: posts small blind $0.05
ef4ee078: posts big blind $0.1
*** HOLE CARDS ***
Dealt to 3ed8f08 
Dealt to be24723d 
Dealt to ef4ee078 
Dealt to Hero [3s 6s]
Dealt to 1ba738f5 
Hero: folds
1ba738f5: folds
3ed8f08: raises $0.2 to $0.3
be24723d: calls $0.25
ef4ee078: calls $0.2
*** FLOP *** [Td 5h 8c]
be24723d: checks
ef4ee078: checks
3ed8f08: checks
*** TURN *** [Td 5h 8c] [Kc]
be24723d: checks
ef4ee078: bets $0.6
3ed8f08: folds
be24723d: folds
Uncalled bet ($0.6) returned to ef4ee078
*** SHOWDOWN ***
ef4ee078 collected $0.86 from pot
*** SUMMARY ***
Total pot $0.9 | Rake $0.04 | Jackpot $0 | Bingo $0 | Fortune $0 | Tax $0
Board [Td 5h 8c Kc]
Seat 1: 3ed8f08 (button) folded on the Turn
Seat 2: be24723d (small blind) folded on the Turn
Seat 4: ef4ee078 (big blind) won ($0.86)
Seat 5: Hero folded before Flop (didn't bet)
Seat 6: 1ba738f5 folded before Flop (didn't bet)


Poker Hand #HD1764253808: Hold'em No Limit ($0.05/$0.1) - 2024/05/08 20:01:59
Table 'NLHRed13' 6-max Seat #6 is the button
Seat 1: 3ed8f08 ($11.17 in chips)
Seat 2: be24723d ($8.39 in chips)
Seat 4: ef4ee078 ($10.08 in chips)
Seat 5: Hero ($10 in chips)
Seat 6: 1ba738f5 ($11.11 in chips)
3ed8f08: posts small blind $0.05
be24723d: posts big blind $0.1
*** HOLE CARDS ***
Dealt to 3ed8f08 
Dealt to be24723d 
Dealt to ef4ee078 
Dealt to Hero [Kh 4h]
Dealt to 1ba738f5 
ef4ee078: folds
Hero: folds
1ba738f5: folds
3ed8f08: raises $0.2 to $0.3
be24723d: calls $0.2
*** FLOP *** [Ts Jc Ad]
3ed8f08: bets $0.2
be24723d: calls $0.2
*** TURN *** [Ts Jc Ad] [Qh]
3ed8f08: bets $0.35
be24723d: raises $0.57 to $0.92
3ed8f08: calls $0.57
*** RIVER *** [Ts Jc Ad Qh] [8s]
3ed8f08: checks
be24723d: checks
3ed8f08: shows [Kd 8c] (Aces-High Straight)
be24723d: shows [9s Th] (Queens-High Straight)
*** SHOWDOWN ***
3ed8f08 collected $2.7 from pot
*** SUMMARY ***
Total pot $2.84 | Rake $0.14 | Jackpot $0 | Bingo $0 | Fortune $0 | Tax $0
Board [Ts Jc Ad Qh 8s]
Seat 1: 3ed8f08 (small blind) showed [Kd 8c] and won ($2.7) with Aces-High Straight
Seat 2: be24723d (big blind) showed [9s Th] and lost with Queens-High Straight
Seat 4: ef4ee078 folded before Flop (didn't bet)
Seat 5: Hero folded before Flop (didn't bet)
Seat 6: 1ba738f5 (button) folded before Flop (didn't bet)


Poker Hand #HD1764253785: Hold'em No Limit ($0.05/$0.1) - 2024/05/08 20:01:44
Table 'NLHRed13' 6-max Seat #5 is the button
Seat 1: 3ed8f08 ($11.12 in chips)
Seat 2: be24723d ($8.39 in chips)
Seat 4: ef4ee078 ($10.08 in chips)
Seat 5: Hero ($10 in chips)
Seat 6: 1ba738f5 ($11.16 in chips)
1ba738f5: posts small blind $0.05
3ed8f08: posts big blind $0.1
*** HOLE CARDS ***
Dealt to 3ed8f08 
Dealt to be24723d 
Dealt to ef4ee078 
Dealt to Hero [2c 5s]
Dealt to 1ba738f5 
be24723d: folds
ef4ee078: folds
Hero: folds
1ba738f5: folds
Uncalled bet ($0.05) returned to 3ed8f08
*** SHOWDOWN ***
3ed8f08 collected $0.1 from pot
*** SUMMARY ***
Total pot $0.1 | Rake $0 | Jackpot $0 | Bingo $0 | Fortune $0 | Tax $0
Seat 1: 3ed8f08 (big blind) collected ($0.1)
Seat 2: be24723d folded before Flop (didn't bet)
Seat 4: ef4ee078 folded before Flop (didn't bet)
Seat 5: Hero (button) folded before Flop (didn't bet)
Seat 6: 1ba738f5 (small blind) folded before Flop


Poker Hand #HD1764253743: Hold'em No Limit ($0.05/$0.1) - 2024/05/08 20:01:25
Table 'NLHRed13' 6-max Seat #4 is the button
Seat 1: 3ed8f08 ($11.12 in chips)
Seat 2: be24723d ($8.39 in chips)
Seat 4: ef4ee078 ($10.08 in chips)
Seat 5: Hero ($10 in chips)
Seat 6: 1ba738f5 ($11.11 in chips)
Hero: posts small blind $0.05
1ba738f5: posts big blind $0.1
*** HOLE CARDS ***
Dealt to 3ed8f08 
Dealt to be24723d 
Dealt to ef4ee078 
Dealt to Hero [7d Jc]
Dealt to 1ba738f5 
3ed8f08: folds
be24723d: folds
ef4ee078: folds
Hero: folds
Uncalled bet ($0.05) returned to 1ba738f5
*** SHOWDOWN ***
1ba738f5 collected $0.1 from pot
*** SUMMARY ***
Total pot $0.1 | Rake $0 | Jackpot $0 | Bingo $0 | Fortune $0 | Tax $0
Seat 1: 3ed8f08 folded before Flop (didn't bet)
Seat 2: be24723d folded before Flop (didn't bet)
Seat 4: ef4ee078 (button) folded before Flop (didn't bet)
Seat 5: Hero (small blind) folded before Flop
Seat 6: 1ba738f5 (big blind) collected ($0.1)


Poker Hand #HD1764253636: Hold'em No Limit ($0.05/$0.1) - 2024/05/08 20:00:24
Table 'NLHRed13' 6-max Seat #2 is the button
Seat 1: 3ed8f08 ($11.12 in chips)
Seat 2: be24723d ($8.64 in chips)
Seat 4: ef4ee078 ($10.13 in chips)
Seat 5: Hero ($10.1 in chips)
Seat 6: 1ba738f5 ($10.74 in chips)
ef4ee078: posts small blind $0.05
Hero: posts big blind $0.1
*** HOLE CARDS ***
Dealt to 3ed8f08 
Dealt to be24723d 
Dealt to ef4ee078 
Dealt to Hero [6h 4c]
Dealt to 1ba738f5 
1ba738f5: raises $0.15 to $0.25
3ed8f08: folds
be24723d: calls $0.25
ef4ee078: folds
Hero: folds
*** FLOP *** [2c 3d Ac]
1ba738f5: checks
be24723d: checks
*** TURN *** [2c 3d Ac] [Qh]
1ba738f5: bets $0.49
be24723d: folds
Uncalled bet ($0.49) returned to 1ba738f5
*** SHOWDOWN ***
1ba738f5 collected $0.62 from pot
*** SUMMARY ***
Total pot $0.65 | Rake $0.03 | Jackpot $0 | Bingo $0 | Fortune $0 | Tax $0
Board [2c 3d Ac Qh]
Seat 1: 3ed8f08 folded before Flop (didn't bet)
Seat 2: be24723d (button) folded on the Turn
Seat 4: ef4ee078 (small blind) folded before Flop
Seat 5: Hero (big blind) folded before Flop
Seat 6: 1ba738f5 won ($0.62)


Poker Hand #HD1764253592: Hold'em No Limit ($0.05/$0.1) - 2024/05/08 19:59:55
Table 'NLHRed13' 6-max Seat #1 is the button
Seat 1: 3ed8f08 ($11.12 in chips)
Seat 2: be24723d ($8.69 in chips)
Seat 4: ef4ee078 ($10.08 in chips)
Seat 5: Hero ($10.1 in chips)
Seat 6: 1ba738f5 ($10.74 in chips)
be24723d: posts small blind $0.05
ef4ee078: posts big blind $0.1
*** HOLE CARDS ***
Dealt to 3ed8f08 
Dealt to be24723d 
Dealt to ef4ee078 
Dealt to Hero [6c Qd]
Dealt to 1ba738f5 
Hero: folds
1ba738f5: folds
3ed8f08: folds
be24723d: folds
Uncalled bet ($0.05) returned to ef4ee078
*** SHOWDOWN ***
ef4ee078 collected $0.1 from pot
*** SUMMARY ***
Total pot $0.1 | Rake $0 | Jackpot $0 | Bingo $0 | Fortune $0 | Tax $0
Seat 1: 3ed8f08 (button) folded before Flop (didn't bet)
Seat 2: be24723d (small blind) folded before Flop
Seat 4: ef4ee078 (big blind) collected ($0.1)
Seat 5: Hero folded before Flop (didn't bet)
Seat 6: 1ba738f5 folded before Flop (didn't bet)


Poker Hand #HD1764253488: Hold'em No Limit ($0.05/$0.1) - 2024/05/08 19:58:56
Table 'NLHRed13' 6-max Seat #6 is the button
Seat 1: 3ed8f08 ($11.17 in chips)
Seat 2: be24723d ($8.79 in chips)
Seat 3: c412ec1f ($13.41 in chips)
Seat 4: ef4ee078 ($10.33 in chips)
Seat 5: Hero ($10.1 in chips)
Seat 6: 1ba738f5 ($10.37 in chips)
3ed8f08: posts small blind $0.05
be24723d: posts big blind $0.1
*** HOLE CARDS ***
Dealt to 3ed8f08 
Dealt to be24723d 
Dealt to c412ec1f 
Dealt to ef4ee078 
Dealt to Hero [9c Kc]
Dealt to 1ba738f5 
c412ec1f: folds
ef4ee078: raises $0.15 to $0.25
Hero: folds
1ba738f5: raises $0.49 to $0.74
3ed8f08: folds
be24723d: folds
ef4ee078: folds
Uncalled bet ($0.49) returned to 1ba738f5
*** SHOWDOWN ***
1ba738f5 collected $0.62 from pot
*** SUMMARY ***
Total pot $0.65 | Rake $0.03 | Jackpot $0 | Bingo $0 | Fortune $0 | Tax $0
Seat 1: 3ed8f08 (small blind) folded before Flop
Seat 2: be24723d (big blind) folded before Flop
Seat 3: c412ec1f folded before Flop (didn't bet)
Seat 4: ef4ee078 folded before Flop
Seat 5: Hero folded before Flop (didn't bet)
Seat 6: 1ba738f5 (button) collected ($0.62)


Poker Hand #HD1764253448: Hold'em No Limit ($0.05/$0.1) - 2024/05/08 19:58:36
Table 'NLHRed13' 6-max Seat #5 is the button
Seat 1: 3ed8f08 ($11.27 in chips)
Seat 2: be24723d ($8.64 in chips)
Seat 4: ef4ee078 ($10.33 in chips)
Seat 5: Hero ($10.1 in chips)
Seat 6: 1ba738f5 ($10.42 in chips)
1ba738f5: posts small blind $0.05
3ed8f08: posts big blind $0.1
*** HOLE CARDS ***
Dealt to 3ed8f08 
Dealt to be24723d 
Dealt to ef4ee078 
Dealt to Hero [Jc 8d]
Dealt to 1ba738f5 
be24723d: raises $0.15 to $0.25
ef4ee078: folds
Hero: folds
1ba738f5: folds
3ed8f08: folds
Uncalled bet ($0.15) returned to be24723d
*** SHOWDOWN ***
be24723d collected $0.25 from pot
*** SUMMARY ***
Total pot $0.25 | Rake $0 | Jackpot $0 | Bingo $0 | Fortune $0 | Tax $0
Seat 1: 3ed8f08 (big blind) folded before Flop
Seat 2: be24723d collected ($0.25)
Seat 4: ef4ee078 folded before Flop (didn't bet)
Seat 5: Hero (button) folded before Flop (didn't bet)
Seat 6: 1ba738f5 (small blind) folded before Flop


Poker Hand #HD1764253430: Hold'em No Limit ($0.05/$0.1) - 2024/05/08 19:58:27
Table 'NLHRed13' 6-max Seat #4 is the button
Seat 1: 3ed8f08 ($11.27 in chips)
Seat 2: be24723d ($8.64 in chips)
Seat 4: ef4ee078 ($10.33 in chips)
Seat 5: Hero ($10.15 in chips)
Seat 6: 1ba738f5 ($10.37 in chips)
Hero: posts small blind $0.05
1ba738f5: posts big blind $0.1
*** HOLE CARDS ***
Dealt to 3ed8f08 
Dealt to be24723d 
Dealt to ef4ee078 
Dealt to Hero [Jc 5s]
Dealt to 1ba738f5 
3ed8f08: folds
be24723d: folds
ef4ee078: folds
Hero: folds
Uncalled bet ($0.05) returned to 1ba738f5
*** SHOWDOWN ***
1ba738f5 collected $0.1 from pot
*** SUMMARY ***
Total pot $0.1 | Rake $0 | Jackpot $0 | Bingo $0 | Fortune $0 | Tax $0
Seat 1: 3ed8f08 folded before Flop (didn't bet)
Seat 2: be24723d folded before Flop (didn't bet)
Seat 4: ef4ee078 (button) folded before Flop (didn't bet)
Seat 5: Hero (small blind) folded before Flop
Seat 6: 1ba738f5 (big blind) collected ($0.1)


Poker Hand #HD1764253331: Hold'em No Limit ($0.05/$0.1) - 2024/05/08 19:57:27
Table 'NLHRed13' 6-max Seat #2 is the button
Seat 1: 3ed8f08 ($11.27 in chips)
Seat 2: be24723d ($8.89 in chips)
Seat 3: c412ec1f ($13.46 in chips)
Seat 4: ef4ee078 ($10.43 in chips)
Seat 5: Hero ($10.15 in chips)
Seat 6: 1ba738f5 ($10 in chips)
c412ec1f: posts small blind $0.05
ef4ee078: posts big blind $0.1
*** HOLE CARDS ***
Dealt to 3ed8f08 
Dealt to be24723d 
Dealt to c412ec1f 
Dealt to ef4ee078 
Dealt to Hero [Ts 6s]
Dealt to 1ba738f5 
Hero: folds
1ba738f5: raises $0.15 to $0.25
3ed8f08: folds
be24723d: calls $0.25
c412ec1f: folds
ef4ee078: folds
*** FLOP *** [7d 4s 9h]
1ba738f5: checks
be24723d: checks
*** TURN *** [7d 4s 9h] [Jh]
1ba738f5: bets $0.22
be24723d: folds
Uncalled bet ($0.22) returned to 1ba738f5
*** SHOWDOWN ***
1ba738f5 collected $0.62 from pot
*** SUMMARY ***
Total pot $0.65 | Rake $0.03 | Jackpot $0 | Bingo $0 | Fortune $0 | Tax $0
Board [7d 4s 9h Jh]
Seat 1: 3ed8f08 folded before Flop (didn't bet)
Seat 2: be24723d (button) folded on the Turn
Seat 3: c412ec1f (small blind) folded before Flop
Seat 4: ef4ee078 (big blind) folded before Flop
Seat 5: Hero folded before Flop (didn't bet)
Seat 6: 1ba738f5 won ($0.62)


Poker Hand #HD1764253249: Hold'em No Limit ($0.05/$0.1) - 2024/05/08 19:56:44
Table 'NLHRed13' 6-max Seat #1 is the button
Seat 1: 3ed8f08 ($11.57 in chips)
Seat 2: be24723d ($8.52 in chips)
Seat 3: c412ec1f ($13.56 in chips)
Seat 4: ef4ee078 ($10.43 in chips)
Seat 5: Hero ($10.15 in chips)
Seat 6: 1ba738f5 ($10 in chips)
be24723d: posts small blind $0.05
c412ec1f: posts big blind $0.1
*** HOLE CARDS ***
Dealt to 3ed8f08 
Dealt to be24723d 
Dealt to c412ec1f 
Dealt to ef4ee078 
Dealt to Hero [6h 4s]
Dealt to 1ba738f5 
ef4ee078: folds
Hero: folds
1ba738f5: folds
3ed8f08: raises $0.2 to $0.3
be24723d: calls $0.25
c412ec1f: folds
*** FLOP *** [8s 9h Jc]
be24723d: checks
3ed8f08: checks
*** TURN *** [8s 9h Jc] [7s]
be24723d: bets $0.24
3ed8f08: folds
Uncalled bet ($0.24) returned to be24723d
*** SHOWDOWN ***
be24723d collected $0.67 from pot
*** SUMMARY ***
Total pot $0.7 | Rake $0.03 | Jackpot $0 | Bingo $0 | Fortune $0 | Tax $0
Board [8s 9h Jc 7s]
Seat 1: 3ed8f08 (button) folded on the Turn
Seat 2: be24723d (small blind) won ($0.67)
Seat 3: c412ec1f (big blind) folded before Flop
Seat 4: ef4ee078 folded before Flop (didn't bet)
Seat 5: Hero folded before Flop (didn't bet)
Seat 6: 1ba738f5 folded before Flop (didn't bet)


Poker Hand #HD1764253102: Hold'em No Limit ($0.05/$0.1) - 2024/05/08 19:55:27
Table 'NLHRed13' 6-max Seat #6 is the button
Seat 1: 3ed8f08 ($12.07 in chips)
Seat 2: be24723d ($8.62 in chips)
Seat 3: c412ec1f ($13.01 in chips)
Seat 4: ef4ee078 ($10.43 in chips)
Seat 5: Hero ($10.15 in chips)
Seat 6: 1ba738f5 ($10 in chips)
3ed8f08: posts small blind $0.05
be24723d: posts big blind $0.1
*** HOLE CARDS ***
Dealt to 3ed8f08 
Dealt to be24723d 
Dealt to c412ec1f 
Dealt to ef4ee078 
Dealt to Hero [6d 7s]
Dealt to 1ba738f5 
c412ec1f: raises $0.1 to $0.2
ef4ee078: folds
Hero: folds
1ba738f5: folds
3ed8f08: calls $0.15
be24723d: folds
*** FLOP *** [6s 3s Kc]
3ed8f08: checks
c412ec1f: bets $0.3
3ed8f08: calls $0.3
*** TURN *** [6s 3s Kc] [6h]
3ed8f08: checks
c412ec1f: checks
*** RIVER *** [6s 3s Kc 6h] [4c]
3ed8f08: checks
c412ec1f: checks
3ed8f08: shows [Js Ts] (Pair of Sixes)
c412ec1f: shows [Ah 3h] (Pair of Sixes and Pair of Treys)
*** SHOWDOWN ***
c412ec1f collected $1.05 from pot
*** SUMMARY ***
Total pot $1.1 | Rake $0.05 | Jackpot $0 | Bingo $0 | Fortune $0 | Tax $0
Board [6s 3s Kc 6h 4c]
Seat 1: 3ed8f08 (small blind) showed [Js Ts] and lost with Pair of Sixes
Seat 2: be24723d (big blind) folded before Flop
Seat 3: c412ec1f showed [Ah 3h] and won ($1.05) with Pair of Sixes and Pair of Treys
Seat 4: ef4ee078 folded before Flop (didn't bet)
Seat 5: Hero folded before Flop (didn't bet)
Seat 6: 1ba738f5 (button) folded before Flop (didn't bet)


Poker Hand #HD1764253048: Hold'em No Limit ($0.05/$0.1) - 2024/05/08 19:54:59
Table 'NLHRed13' 6-max Seat #5 is the button
Seat 1: 3ed8f08 ($12.17 in chips)
Seat 2: be24723d ($8.62 in chips)
Seat 3: c412ec1f ($13.01 in chips)
Seat 4: ef4ee078 ($10.43 in chips)
Seat 5: Hero ($10 in chips)
Seat 6: 1ba738f5 ($10 in chips)
1ba738f5: posts small blind $0.05
3ed8f08: posts big blind $0.1
*** HOLE CARDS ***
Dealt to 3ed8f08 
Dealt to be24723d 
Dealt to c412ec1f 
Dealt to ef4ee078 
Dealt to Hero [Ts Qd]
Dealt to 1ba738f5 
be24723d: folds
c412ec1f: folds
ef4ee078: folds
Hero: raises $0.14 to $0.24
1ba738f5: folds
3ed8f08: folds
Uncalled bet ($0.14) returned to Hero
*** SHOWDOWN ***
Hero collected $0.25 from pot
*** SUMMARY ***
Total pot $0.25 | Rake $0 | Jackpot $0 | Bingo $0 | Fortune $0 | Tax $0
Seat 1: 3ed8f08 (big blind) folded before Flop
Seat 2: be24723d folded before Flop (didn't bet)
Seat 3: c412ec1f folded before Flop (didn't bet)
Seat 4: ef4ee078 folded before Flop (didn't bet)
Seat 5: Hero (button) collected ($0.25)
Seat 6: 1ba738f5 (small blind) folded before Flop


Poker Hand #HD1764252909: Hold'em No Limit ($0.05/$0.1) - 2024/05/08 19:53:33
Table 'NLHRed13' 6-max Seat #4 is the button
Seat 1: 3ed8f08 ($12.17 in chips)
Seat 2: be24723d ($8.62 in chips)
Seat 3: c412ec1f ($12.78 in chips)
Seat 4: ef4ee078 ($10.43 in chips)
Seat 5: Hero ($10 in chips)
Seat 6: 1ba738f5 ($10.15 in chips)
Hero: posts small blind $0.05
1ba738f5: posts big blind $0.1
*** HOLE CARDS ***
Dealt to 3ed8f08 
Dealt to be24723d 
Dealt to c412ec1f 
Dealt to ef4ee078 
Dealt to Hero [Ad 7s]
Dealt to 1ba738f5 
3ed8f08: folds
be24723d: folds
c412ec1f: raises $0.1 to $0.2
ef4ee078: folds
Hero: folds
1ba738f5: calls $0.1
*** FLOP *** [Kc Ac Js]
1ba738f5: checks
c412ec1f: bets $0.34
1ba738f5: folds
Uncalled bet ($0.34) returned to c412ec1f
*** SHOWDOWN ***
c412ec1f collected $0.43 from pot
*** SUMMARY ***
Total pot $0.45 | Rake $0.02 | Jackpot $0 | Bingo $0 | Fortune $0 | Tax $0
Board [Kc Ac Js]
Seat 1: 3ed8f08 folded before Flop (didn't bet)
Seat 2: be24723d folded before Flop (didn't bet)
Seat 3: c412ec1f won ($0.43)
Seat 4: ef4ee078 (button) folded before Flop (didn't bet)
Seat 5: Hero (small blind) folded before Flop
Seat 6: 1ba738f5 (big blind) folded on the Flop


Poker Hand #HD1764252868: Hold'em No Limit ($0.05/$0.1) - 2024/05/08 19:53:09
Table 'NLHRed13' 6-max Seat #3 is the button
Seat 1: 3ed8f08 ($12.17 in chips)
Seat 2: be24723d ($8.62 in chips)
Seat 3: c412ec1f ($12.78 in chips)
Seat 4: ef4ee078 ($10.48 in chips)
Seat 5: Hero ($10 in chips)
Seat 6: 1ba738f5 ($10 in chips)
ef4ee078: posts small blind $0.05
Hero: posts big blind $0.1
*** HOLE CARDS ***
Dealt to 3ed8f08 
Dealt to be24723d 
Dealt to c412ec1f 
Dealt to ef4ee078 
Dealt to Hero [6h Kd]
Dealt to 1ba738f5 
1ba738f5: raises $0.15 to $0.25
3ed8f08: folds
be24723d: folds
c412ec1f: folds
ef4ee078: folds
Hero: folds
Uncalled bet ($0.15) returned to 1ba738f5
*** SHOWDOWN ***
1ba738f5 collected $0.25 from pot
*** SUMMARY ***
Total pot $0.25 | Rake $0 | Jackpot $0 | Bingo $0 | Fortune $0 | Tax $0
Seat 1: 3ed8f08 folded before Flop (didn't bet)
Seat 2: be24723d folded before Flop (didn't bet)
Seat 3: c412ec1f (button) folded before Flop (didn't bet)
Seat 4: ef4ee078 (small blind) folded before Flop
Seat 5: Hero (big blind) folded before Flop
Seat 6: 1ba738f5 collected ($0.25)


Poker Hand #HD1764252754: Hold'em No Limit ($0.05/$0.1) - 2024/05/08 19:52:06
Table 'NLHRed13' 6-max Seat #2 is the button
Seat 1: 3ed8f08 ($11.75 in chips)
Seat 2: be24723d ($8.82 in chips)
Seat 3: c412ec1f ($12.83 in chips)
Seat 4: ef4ee078 ($10.68 in chips)
Seat 5: Hero ($10 in chips)
Seat 6: 1ba738f5 ($10 in chips)
c412ec1f: posts small blind $0.05
ef4ee078: posts big blind $0.1
*** HOLE CARDS ***
Dealt to 3ed8f08 
Dealt to be24723d 
Dealt to c412ec1f 
Dealt to ef4ee078 
Dealt to Hero [7h 5d]
Dealt to 1ba738f5 
Hero: folds
1ba738f5: folds
3ed8f08: raises $0.1 to $0.2
be24723d: calls $0.2
c412ec1f: folds
ef4ee078: calls $0.1
*** FLOP *** [6s Js Qs]
ef4ee078: checks
3ed8f08: checks
be24723d: checks
*** TURN *** [6s Js Qs] [Kd]
ef4ee078: checks
3ed8f08: checks
be24723d: checks
*** RIVER *** [6s Js Qs Kd] [6c]
ef4ee078: checks
3ed8f08: checks
be24723d: checks
ef4ee078: shows [7d 4d] (Pair of Sixes)
3ed8f08: shows [As Jd] (Pair of Jacks and Pair of Sixes)
be24723d: shows [3d Ad] (Pair of Sixes)
*** SHOWDOWN ***
3ed8f08 collected $0.62 from pot
*** SUMMARY ***
Total pot $0.65 | Rake $0.03 | Jackpot $0 | Bingo $0 | Fortune $0 | Tax $0
Board [6s Js Qs Kd 6c]
Seat 1: 3ed8f08 showed [As Jd] and won ($0.62) with Pair of Jacks and Pair of Sixes
Seat 2: be24723d (button) showed [3d Ad] and lost with Pair of Sixes
Seat 3: c412ec1f (small blind) folded before Flop
Seat 4: ef4ee078 (big blind) showed [7d 4d] and lost with Pair of Sixes
Seat 5: Hero folded before Flop (didn't bet)
Seat 6: 1ba738f5 folded before Flop (didn't bet)


Poker Hand #HD1764252722: Hold'em No Limit ($0.05/$0.1) - 2024/05/08 19:51:46
Table 'NLHRed13' 6-max Seat #1 is the button
Seat 1: 3ed8f08 ($11.75 in chips)
Seat 2: be24723d ($8.87 in chips)
Seat 3: c412ec1f ($12.78 in chips)
Seat 4: ef4ee078 ($10.68 in chips)
Seat 5: Hero ($10 in chips)
Seat 6: 1ba738f5 ($10 in chips)
be24723d: posts small blind $0.05
c412ec1f: posts big blind $0.1
*** HOLE CARDS ***
Dealt to 3ed8f08 
Dealt to be24723d 
Dealt to c412ec1f 
Dealt to ef4ee078 
Dealt to Hero [9d 5h]
Dealt to 1ba738f5 
ef4ee078: folds
Hero: folds
1ba738f5: folds
3ed8f08: folds
be24723d: folds
Uncalled bet ($0.05) returned to c412ec1f
*** SHOWDOWN ***
c412ec1f collected $0.1 from pot
*** SUMMARY ***
Total pot $0.1 | Rake $0 | Jackpot $0 | Bingo $0 | Fortune $0 | Tax $0
Seat 1: 3ed8f08 (button) folded before Flop (didn't bet)
Seat 2: be24723d (small blind) folded before Flop
Seat 3: c412ec1f (big blind) collected ($0.1)
Seat 4: ef4ee078 folded before Flop (didn't bet)
Seat 5: Hero folded before Flop (didn't bet)
Seat 6: 1ba738f5 folded before Flop (didn't bet)


Poker Hand #HD1764252686: Hold'em No Limit ($0.05/$0.1) - 2024/05/08 19:51:28
Table 'NLHRed13' 6-max Seat #6 is the button
Seat 1: 3ed8f08 ($11.8 in chips)
Seat 2: be24723d ($8.82 in chips)
Seat 3: c412ec1f ($12.78 in chips)
Seat 4: ef4ee078 ($10.68 in chips)
Seat 5: Hero ($10 in chips)
Seat 6: 1ba738f5 ($10 in chips)
3ed8f08: posts small blind $0.05
be24723d: posts big blind $0.1
*** HOLE CARDS ***
Dealt to 3ed8f08 
Dealt to be24723d 
Dealt to c412ec1f 
Dealt to ef4ee078 
Dealt to Hero [9h 7h]
Dealt to 1ba738f5 
c412ec1f: folds
ef4ee078: folds
Hero: folds
1ba738f5: folds
3ed8f08: folds
Uncalled bet ($0.05) returned to be24723d
*** SHOWDOWN ***
be24723d collected $0.1 from pot
*** SUMMARY ***
Total pot $0.1 | Rake $0 | Jackpot $0 | Bingo $0 | Fortune $0 | Tax $0
Seat 1: 3ed8f08 (small blind) folded before Flop
Seat 2: be24723d (big blind) collected ($0.1)
Seat 3: c412ec1f folded before Flop (didn't bet)
Seat 4: ef4ee078 folded before Flop (didn't bet)
Seat 5: Hero folded before Flop (didn't bet)
Seat 6: 1ba738f5 (button) folded before Flop (didn't bet)


Poker Hand #HD1764252630: Hold'em No Limit ($0.05/$0.1) - 2024/05/08 19:50:48
Table 'NLHRed13' 6-max Seat #5 is the button
Seat 1: 3ed8f08 ($10.79 in chips)
Seat 2: be24723d ($9.07 in chips)
Seat 3: c412ec1f ($12.78 in chips)
Seat 4: ef4ee078 ($10.68 in chips)
Seat 5: Hero ($10.12 in chips)
Seat 6: 1ba738f5 ($10 in chips)
1ba738f5: posts small blind $0.05
3ed8f08: posts big blind $0.1
*** HOLE CARDS ***
Dealt to 3ed8f08 
Dealt to be24723d 
Dealt to c412ec1f 
Dealt to ef4ee078 
Dealt to Hero [Jd Kd]
Dealt to 1ba738f5 
be24723d: raises $0.15 to $0.25
c412ec1f: folds
ef4ee078: folds
Hero: raises $0.55 to $0.8
1ba738f5: folds
3ed8f08: raises $1.2 to $2
be24723d: folds
Hero: folds
Uncalled bet ($1.2) returned to 3ed8f08
*** SHOWDOWN ***
3ed8f08 collected $1.81 from pot
*** SUMMARY ***
Total pot $1.9 | Rake $0.09 | Jackpot $0 | Bingo $0 | Fortune $0 | Tax $0
Seat 1: 3ed8f08 (big blind) collected ($1.81)
Seat 2: be24723d folded before Flop
Seat 3: c412ec1f folded before Flop (didn't bet)
Seat 4: ef4ee078 folded before Flop (didn't bet)
Seat 5: Hero (button) folded before Flop
Seat 6: 1ba738f5 (small blind) folded before Flop


Poker Hand #HD1764252571: Hold'em No Limit ($0.05/$0.1) - 2024/05/08 19:50:15
Table 'NLHRed13' 6-max Seat #4 is the button
Seat 1: 3ed8f08 ($10.79 in chips)
Seat 2: be24723d ($8.92 in chips)
Seat 3: c412ec1f ($12.78 in chips)
Seat 4: ef4ee078 ($10.68 in chips)
Seat 5: Hero ($10.17 in chips)
Seat 6: 1ba738f5 ($10 in chips)
Hero: posts small blind $0.05
1ba738f5: posts big blind $0.1
*** HOLE CARDS ***
Dealt to 3ed8f08 
Dealt to be24723d 
Dealt to c412ec1f 
Dealt to ef4ee078 
Dealt to Hero [Ad Tc]
Dealt to 1ba738f5 
3ed8f08: folds
be24723d: raises $0.15 to $0.25
c412ec1f: folds
ef4ee078: folds
Hero: folds
1ba738f5: folds
Uncalled bet ($0.15) returned to be24723d
*** SHOWDOWN ***
be24723d collected $0.25 from pot
*** SUMMARY ***
Total pot $0.25 | Rake $0 | Jackpot $0 | Bingo $0 | Fortune $0 | Tax $0
Seat 1: 3ed8f08 folded before Flop (didn't bet)
Seat 2: be24723d collected ($0.25)
Seat 3: c412ec1f folded before Flop (didn't bet)
Seat 4: ef4ee078 (button) folded before Flop (didn't bet)
Seat 5: Hero (small blind) folded before Flop
Seat 6: 1ba738f5 (big blind) folded before Flop


Poker Hand #HD1764252497: Hold'em No Limit ($0.05/$0.1) - 2024/05/08 19:49:29
Table 'NLHRed13' 6-max Seat #3 is the button
Seat 1: 3ed8f08 ($10.1 in chips)
Seat 2: be24723d ($8.92 in chips)
Seat 3: c412ec1f ($13.38 in chips)
Seat 4: ef4ee078 ($10.73 in chips)
Seat 5: Hero ($10.27 in chips)
Seat 6: 1ba738f5 ($10 in chips)
ef4ee078: posts small blind $0.05
Hero: posts big blind $0.1
*** HOLE CARDS ***
Dealt to 3ed8f08 
Dealt to be24723d 
Dealt to c412ec1f 
Dealt to ef4ee078 
Dealt to Hero [Th 5c]
Dealt to 1ba738f5 
1ba738f5: folds
3ed8f08: raises $0.1 to $0.2
be24723d: folds
c412ec1f: raises $0.4 to $0.6
ef4ee078: folds
Hero: folds
3ed8f08: raises $1.1 to $1.7
c412ec1f: folds
Uncalled bet ($1.1) returned to 3ed8f08
*** SHOWDOWN ***
3ed8f08 collected $1.29 from pot
*** SUMMARY ***
Total pot $1.35 | Rake $0.06 | Jackpot $0 | Bingo $0 | Fortune $0 | Tax $0
Seat 1: 3ed8f08 collected ($1.29)
Seat 2: be24723d folded before Flop (didn't bet)
Seat 3: c412ec1f (button) folded before Flop
Seat 4: ef4ee078 (small blind) folded before Flop
Seat 5: Hero (big blind) folded before Flop
Seat 6: 1ba738f5 folded before Flop (didn't bet)


Poker Hand #HD1764252421: Hold'em No Limit ($0.05/$0.1) - 2024/05/08 19:48:47
Table 'NLHRed13' 6-max Seat #2 is the button
Seat 1: 3ed8f08 ($10.3 in chips)
Seat 2: be24723d ($8.92 in chips)
Seat 3: c412ec1f ($13.1 in chips)
Seat 4: ef4ee078 ($10.83 in chips)
Seat 5: Hero ($10.27 in chips)
Seat 6: 1ba738f5 ($10 in chips)
c412ec1f: posts small blind $0.05
ef4ee078: posts big blind $0.1
*** HOLE CARDS ***
Dealt to 3ed8f08 
Dealt to be24723d 
Dealt to c412ec1f 
Dealt to ef4ee078 
Dealt to Hero [3d 7h]
Dealt to 1ba738f5 
Hero: folds
1ba738f5: folds
3ed8f08: raises $0.1 to $0.2
be24723d: folds
c412ec1f: raises $0.55 to $0.75
ef4ee078: folds
3ed8f08: folds
Uncalled bet ($0.55) returned to c412ec1f
*** SHOWDOWN ***
c412ec1f collected $0.48 from pot
*** SUMMARY ***
Total pot $0.5 | Rake $0.02 | Jackpot $0 | Bingo $0 | Fortune $0 | Tax $0
Seat 1: 3ed8f08 folded before Flop
Seat 2: be24723d (button) folded before Flop (didn't bet)
Seat 3: c412ec1f (small blind) collected ($0.48)
Seat 4: ef4ee078 (big blind) folded before Flop
Seat 5: Hero folded before Flop (didn't bet)
Seat 6: 1ba738f5 folded before Flop (didn't bet)


Poker Hand #HD1764252343: Hold'em No Limit ($0.05/$0.1) - 2024/05/08 19:48:05
Table 'NLHRed13' 6-max Seat #1 is the button
Seat 1: 3ed8f08 ($10.15 in chips)
Seat 2: be24723d ($8.97 in chips)
Seat 3: c412ec1f ($13.2 in chips)
Seat 5: Hero ($10.27 in chips)
Seat 6: 1ba738f5 ($10 in chips)
be24723d: posts small blind $0.05
c412ec1f: posts big blind $0.1
*** HOLE CARDS ***
Dealt to 3ed8f08 
Dealt to be24723d 
Dealt to c412ec1f 
Dealt to Hero [8c Kh]
Dealt to 1ba738f5 
Hero: folds
1ba738f5: folds
3ed8f08: raises $0.2 to $0.3
be24723d: folds
c412ec1f: folds
Uncalled bet ($0.2) returned to 3ed8f08
*** SHOWDOWN ***
3ed8f08 collected $0.25 from pot
*** SUMMARY ***
Total pot $0.25 | Rake $0 | Jackpot $0 | Bingo $0 | Fortune $0 | Tax $0
Seat 1: 3ed8f08 (button) collected ($0.25)
Seat 2: be24723d (small blind) folded before Flop
Seat 3: c412ec1f (big blind) folded before Flop
Seat 5: Hero folded before Flop (didn't bet)
Seat 6: 1ba738f5 folded before Flop (didn't bet)


Poker Hand #HD1764252306: Hold'em No Limit ($0.05/$0.1) - 2024/05/08 19:47:45
Table 'NLHRed13' 6-max Seat #6 is the button
Seat 1: 3ed8f08 ($10.2 in chips)
Seat 2: be24723d ($8.92 in chips)
Seat 3: c412ec1f ($13.2 in chips)
Seat 5: Hero ($10.27 in chips)
Seat 6: 1ba738f5 ($10 in chips)
3ed8f08: posts small blind $0.05
be24723d: posts big blind $0.1
*** HOLE CARDS ***
Dealt to 3ed8f08 
Dealt to be24723d 
Dealt to c412ec1f 
Dealt to Hero [9c 7c]
Dealt to 1ba738f5 
c412ec1f: folds
Hero: folds
1ba738f5: folds
3ed8f08: folds
Uncalled bet ($0.05) returned to be24723d
*** SHOWDOWN ***
be24723d collected $0.1 from pot
*** SUMMARY ***
Total pot $0.1 | Rake $0 | Jackpot $0 | Bingo $0 | Fortune $0 | Tax $0
Seat 1: 3ed8f08 (small blind) folded before Flop
Seat 2: be24723d (big blind) collected ($0.1)
Seat 3: c412ec1f folded before Flop (didn't bet)
Seat 5: Hero folded before Flop (didn't bet)
Seat 6: 1ba738f5 (button) folded before Flop (didn't bet)


Poker Hand #HD1764252242: Hold'em No Limit ($0.05/$0.1) - 2024/05/08 19:47:07
Table 'NLHRed13' 6-max Seat #5 is the button
Seat 1: 3ed8f08 ($10.3 in chips)
Seat 2: be24723d ($8.77 in chips)
Seat 3: c412ec1f ($13.2 in chips)
Seat 5: Hero ($10.27 in chips)
Seat 6: 1ba738f5 ($10 in chips)
1ba738f5: posts small blind $0.05
3ed8f08: posts big blind $0.1
*** HOLE CARDS ***
Dealt to 3ed8f08 
Dealt to be24723d 
Dealt to c412ec1f 
Dealt to Hero [5s 3s]
Dealt to 1ba738f5 
be24723d: raises $0.15 to $0.25
c412ec1f: folds
Hero: folds
1ba738f5: folds
3ed8f08: folds
Uncalled bet ($0.15) returned to be24723d
*** SHOWDOWN ***
be24723d collected $0.25 from pot
*** SUMMARY ***
Total pot $0.25 | Rake $0 | Jackpot $0 | Bingo $0 | Fortune $0 | Tax $0
Seat 1: 3ed8f08 (big blind) folded before Flop
Seat 2: be24723d collected ($0.25)
Seat 3: c412ec1f folded before Flop (didn't bet)
Seat 5: Hero (button) folded before Flop (didn't bet)
Seat 6: 1ba738f5 (small blind) folded before Flop


Poker Hand #HD1764252191: Hold'em No Limit ($0.05/$0.1) - 2024/05/08 19:46:43
Table 'NLHRed13' 6-max Seat #3 is the button
Seat 1: 3ed8f08 ($10.15 in chips)
Seat 2: be24723d ($8.77 in chips)
Seat 3: c412ec1f ($13.2 in chips)
Seat 5: Hero ($10.32 in chips)
Seat 6: 1ba738f5 ($10 in chips)
Hero: posts small blind $0.05
1ba738f5: posts big blind $0.1
*** HOLE CARDS ***
Dealt to 3ed8f08 
Dealt to be24723d 
Dealt to c412ec1f 
Dealt to Hero [4h Jd]
Dealt to 1ba738f5 
3ed8f08: raises $0.1 to $0.2
be24723d: folds
c412ec1f: folds
Hero: folds
1ba738f5: folds
Uncalled bet ($0.1) returned to 3ed8f08
*** SHOWDOWN ***
3ed8f08 collected $0.25 from pot
*** SUMMARY ***
Total pot $0.25 | Rake $0 | Jackpot $0 | Bingo $0 | Fortune $0 | Tax $0
Seat 1: 3ed8f08 collected ($0.25)
Seat 2: be24723d folded before Flop (didn't bet)
Seat 3: c412ec1f (button) folded before Flop (didn't bet)
Seat 5: Hero (small blind) folded before Flop
Seat 6: 1ba738f5 (big blind) folded before Flop


Poker Hand #HD1764252161: Hold'em No Limit ($0.05/$0.1) - 2024/05/08 19:46:27
Table 'NLHRed13' 6-max Seat #2 is the button
Seat 1: 3ed8f08 ($10 in chips)
Seat 2: be24723d ($8.77 in chips)
Seat 3: c412ec1f ($13.25 in chips)
Seat 5: Hero ($10.42 in chips)
Seat 6: 1ba738f5 ($10 in chips)
c412ec1f: posts small blind $0.05
Hero: posts big blind $0.1
*** HOLE CARDS ***
Dealt to 3ed8f08 
Dealt to be24723d 
Dealt to c412ec1f 
Dealt to Hero [5d 7s]
Dealt to 1ba738f5 
1ba738f5: folds
3ed8f08: raises $0.1 to $0.2
be24723d: folds
c412ec1f: folds
Hero: folds
Uncalled bet ($0.1) returned to 3ed8f08
*** SHOWDOWN ***
3ed8f08 collected $0.25 from pot
*** SUMMARY ***
Total pot $0.25 | Rake $0 | Jackpot $0 | Bingo $0 | Fortune $0 | Tax $0
Seat 1: 3ed8f08 collected ($0.25)
Seat 2: be24723d (button) folded before Flop (didn't bet)
Seat 3: c412ec1f (small blind) folded before Flop
Seat 5: Hero (big blind) folded before Flop
Seat 6: 1ba738f5 folded before Flop (didn't bet)


Poker Hand #HD1764252035: Hold'em No Limit ($0.05/$0.1) - 2024/05/08 19:45:17
Table 'NLHRed13' 6-max Seat #1 is the button
Seat 1: 3ed8f08 ($10 in chips)
Seat 2: be24723d ($9.02 in chips)
Seat 3: c412ec1f ($12.78 in chips)
Seat 5: Hero ($10.42 in chips)
Seat 6: 1ba738f5 ($10 in chips)
be24723d: posts small blind $0.05
c412ec1f: posts big blind $0.1
*** HOLE CARDS ***
Dealt to 3ed8f08 
Dealt to be24723d 
Dealt to c412ec1f 
Dealt to Hero [Ts 4c]
Dealt to 1ba738f5 
Hero: folds
1ba738f5: raises $0.15 to $0.25
3ed8f08: folds
be24723d: calls $0.2
c412ec1f: calls $0.15
*** FLOP *** [7s 4d Qs]
be24723d: checks
c412ec1f: checks
1ba738f5: checks
*** TURN *** [7s 4d Qs] [Jh]
be24723d: checks
c412ec1f: bets $0.4
1ba738f5: folds
be24723d: folds
Uncalled bet ($0.4) returned to c412ec1f
*** SHOWDOWN ***
c412ec1f collected $0.72 from pot
*** SUMMARY ***
Total pot $0.75 | Rake $0.03 | Jackpot $0 | Bingo $0 | Fortune $0 | Tax $0
Board [7s 4d Qs Jh]
Seat 1: 3ed8f08 (button) folded before Flop (didn't bet)
Seat 2: be24723d (small blind) folded on the Turn
Seat 3: c412ec1f (big blind) won ($0.72)
Seat 5: Hero folded before Flop (didn't bet)
Seat 6: 1ba738f5 folded on the Turn


Poker Hand #HD1764251933: Hold'em No Limit ($0.05/$0.1) - 2024/05/08 19:44:26
Table 'NLHRed13' 6-max Seat #6 is the button
Seat 1: 3ed8f08 ($10 in chips)
Seat 2: be24723d ($9.26 in chips)
Seat 3: c412ec1f ($12.78 in chips)
Seat 5: Hero ($10.15 in chips)
Seat 6: 1ba738f5 ($10 in chips)
3ed8f08: posts small blind $0.05
be24723d: posts big blind $0.1
*** HOLE CARDS ***
Dealt to 3ed8f08 
Dealt to be24723d 
Dealt to c412ec1f 
Dealt to Hero [Qc Kh]
Dealt to 1ba738f5 
c412ec1f: folds
Hero: raises $0.14 to $0.24
1ba738f5: folds
3ed8f08: folds
be24723d: calls $0.14
*** FLOP *** [3h Jc Jh]
be24723d: checks
Hero: checks
*** TURN *** [3h Jc Jh] [3s]
be24723d: checks
Hero: checks
*** RIVER *** [3h Jc Jh 3s] [Ts]
be24723d: checks
Hero: checks
be24723d: shows [7c 6d] (Pair of Jacks and Pair of Treys)
Hero: shows [Qc Kh] (Pair of Jacks and Pair of Treys)
*** SHOWDOWN ***
Hero collected $0.51 from pot
*** SUMMARY ***
Total pot $0.53 | Rake $0.02 | Jackpot $0 | Bingo $0 | Fortune $0 | Tax $0
Board [3h Jc Jh 3s Ts]
Seat 1: 3ed8f08 (small blind) folded before Flop
Seat 2: be24723d (big blind) showed [7c 6d] and lost with Pair of Jacks and Pair of Treys
Seat 3: c412ec1f folded before Flop (didn't bet)
Seat 5: Hero showed [Qc Kh] and won ($0.51) with Pair of Jacks and Pair of Treys
Seat 6: 1ba738f5 (button) folded before Flop (didn't bet)


Poker Hand #HD1764251879: Hold'em No Limit ($0.05/$0.1) - 2024/05/08 19:44:00
Table 'NLHRed13' 6-max Seat #5 is the button
Seat 1: 3ed8f08 ($10.02 in chips)
Seat 2: be24723d ($9.26 in chips)
Seat 3: c412ec1f ($12.78 in chips)
Seat 5: Hero ($10 in chips)
Seat 6: 1ba738f5 ($10 in chips)
1ba738f5: posts small blind $0.05
3ed8f08: posts big blind $0.1
*** HOLE CARDS ***
Dealt to 3ed8f08 
Dealt to be24723d 
Dealt to c412ec1f 
Dealt to Hero [Jc Qs]
Dealt to 1ba738f5 
be24723d: folds
c412ec1f: folds
Hero: raises $0.14 to $0.24
1ba738f5: folds
3ed8f08: folds
Uncalled bet ($0.14) returned to Hero
*** SHOWDOWN ***
Hero collected $0.25 from pot
*** SUMMARY ***
Total pot $0.25 | Rake $0 | Jackpot $0 | Bingo $0 | Fortune $0 | Tax $0
Seat 1: 3ed8f08 (big blind) folded before Flop
Seat 2: be24723d folded before Flop (didn't bet)
Seat 3: c412ec1f folded before Flop (didn't bet)
Seat 5: Hero (button) collected ($0.25)
Seat 6: 1ba738f5 (small blind) folded before Flop


Poker Hand #HD1764251834: Hold'em No Limit ($0.05/$0.1) - 2024/05/08 19:43:35
Table 'NLHRed13' 6-max Seat #3 is the button
Seat 1: 3ed8f08 ($10.02 in chips)
Seat 2: be24723d ($9.51 in chips)
Seat 3: c412ec1f ($12.41 in chips)
Seat 5: Hero ($10 in chips)
Seat 6: 1ba738f5 ($10 in chips)
Hero: posts small blind $0.05
1ba738f5: posts big blind $0.1
*** HOLE CARDS ***
Dealt to 3ed8f08 
Dealt to be24723d 
Dealt to c412ec1f 
Dealt to Hero [4d Ah]
Dealt to 1ba738f5 
3ed8f08: folds
be24723d: raises $0.15 to $0.25
c412ec1f: raises $0.5 to $0.75
Hero: folds
1ba738f5: folds
be24723d: folds
Uncalled bet ($0.5) returned to c412ec1f
*** SHOWDOWN ***
c412ec1f collected $0.62 from pot
*** SUMMARY ***
Total pot $0.65 | Rake $0.03 | Jackpot $0 | Bingo $0 | Fortune $0 | Tax $0
Seat 1: 3ed8f08 folded before Flop (didn't bet)
Seat 2: be24723d folded before Flop
Seat 3: c412ec1f (button) collected ($0.62)
Seat 5: Hero (small blind) folded before Flop
Seat 6: 1ba738f5 (big blind) folded before Flop


Poker Hand #HD1764251570: Hold'em No Limit ($0.05/$0.1) - 2024/05/08 19:41:12
Table 'NLHRed13' 6-max Seat #2 is the button
Seat 1: 3ed8f08 ($10.46 in chips)
Seat 2: be24723d ($8.6 in chips)
Seat 3: c412ec1f ($12.85 in chips)
Seat 5: Hero ($10 in chips)
Seat 6: 1ba738f5 ($10 in chips)
c412ec1f: posts small blind $0.05
Hero: posts big blind $0.1
*** HOLE CARDS ***
Dealt to 3ed8f08 
Dealt to be24723d 
Dealt to c412ec1f 
Dealt to Hero [Ac 3s]
Dealt to 1ba738f5 
1ba738f5: folds
3ed8f08: raises $0.1 to $0.2
be24723d: calls $0.2
c412ec1f: calls $0.15
Hero: folds
*** FLOP *** [Qh 8c 5d]
c412ec1f: checks
3ed8f08: checks
be24723d: bets $0.24
c412ec1f: calls $0.24
3ed8f08: calls $0.24
*** TURN *** [Qh 8c 5d] [7s]
c412ec1f: checks
3ed8f08: checks
be24723d: checks
*** RIVER *** [Qh 8c 5d 7s] [Ad]
c412ec1f: checks
3ed8f08: checks
be24723d: bets $0.71
c412ec1f: folds
3ed8f08: folds
Uncalled bet ($0.71) returned to be24723d
*** SHOWDOWN ***
be24723d collected $1.35 from pot
*** SUMMARY ***
Total pot $1.42 | Rake $0.07 | Jackpot $0 | Bingo $0 | Fortune $0 | Tax $0
Board [Qh 8c 5d 7s Ad]
Seat 1: 3ed8f08 folded on the River
Seat 2: be24723d (button) won ($1.35)
Seat 3: c412ec1f (small blind) folded on the River
Seat 5: Hero (big blind) folded before Flop
Seat 6: 1ba738f5 folded before Flop (didn't bet)


Poker Hand #HD1764251470: Hold'em No Limit ($0.05/$0.1) - 2024/05/08 19:40:15
Table 'NLHRed13' 6-max Seat #1 is the button
Seat 1: 3ed8f08 ($10.46 in chips)
Seat 2: be24723d ($8.5 in chips)
Seat 3: c412ec1f ($12.95 in chips)
Seat 4: ef4ee078 ($10.83 in chips)
Seat 5: Hero ($10 in chips)
Seat 6: 1ba738f5 ($10 in chips)
be24723d: posts small blind $0.05
c412ec1f: posts big blind $0.1
*** HOLE CARDS ***
Dealt to 3ed8f08 
Dealt to be24723d 
Dealt to c412ec1f 
Dealt to ef4ee078 
Dealt to Hero [7s Ah]
Dealt to 1ba738f5 
ef4ee078: folds
Hero: folds
1ba738f5: folds
3ed8f08: folds
be24723d: raises $0.15 to $0.25
c412ec1f: folds
Uncalled bet ($0.15) returned to be24723d
*** SHOWDOWN ***
be24723d collected $0.2 from pot
*** SUMMARY ***
Total pot $0.2 | Rake $0 | Jackpot $0 | Bingo $0 | Fortune $0 | Tax $0
Seat 1: 3ed8f08 (button) folded before Flop (didn't bet)
Seat 2: be24723d (small blind) collected ($0.2)
Seat 3: c412ec1f (big blind) folded before Flop
Seat 4: ef4ee078 folded before Flop (didn't bet)
Seat 5: Hero folded before Flop (didn't bet)
Seat 6: 1ba738f5 folded before Flop (didn't bet)


Poker Hand #HD1764251409: Hold'em No Limit ($0.05/$0.1) - 2024/05/08 19:39:47
Table 'NLHRed13' 6-max Seat #6 is the button
Seat 1: 3ed8f08 ($10.14 in chips)
Seat 2: be24723d ($8.6 in chips)
Seat 3: c412ec1f ($12.95 in chips)
Seat 4: ef4ee078 ($10.83 in chips)
Seat 5: Hero ($10 in chips)
Seat 6: 1ba738f5 ($10 in chips)
3ed8f08: posts small blind $0.05
be24723d: posts big blind $0.1
*** HOLE CARDS ***
Dealt to 3ed8f08 
Dealt to be24723d 
Dealt to c412ec1f 
Dealt to ef4ee078 
Dealt to Hero [2s 2c]
Dealt to 1ba738f5 
c412ec1f: folds
ef4ee078: folds
Hero: folds
1ba738f5: raises $0.15 to $0.25
3ed8f08: raises $0.95 to $1.2
be24723d: folds
1ba738f5: folds
Uncalled bet ($0.95) returned to 3ed8f08
*** SHOWDOWN ***
3ed8f08 collected $0.57 from pot
*** SUMMARY ***
Total pot $0.6 | Rake $0.03 | Jackpot $0 | Bingo $0 | Fortune $0 | Tax $0
Seat 1: 3ed8f08 (small blind) collected ($0.57)
Seat 2: be24723d (big blind) folded before Flop
Seat 3: c412ec1f folded before Flop (didn't bet)
Seat 4: ef4ee078 folded before Flop (didn't bet)
Seat 5: Hero folded before Flop (didn't bet)
Seat 6: 1ba738f5 (button) folded before Flop


Poker Hand #HD1764251361: Hold'em No Limit ($0.05/$0.1) - 2024/05/08 19:39:18
Table 'NLHRed13' 6-max Seat #5 is the button
Seat 1: 3ed8f08 ($10.24 in chips)
Seat 2: be24723d ($8.6 in chips)
Seat 3: c412ec1f ($12.95 in chips)
Seat 4: ef4ee078 ($10.68 in chips)
Seat 5: Hero ($10 in chips)
Seat 6: 1ba738f5 ($10 in chips)
1ba738f5: posts small blind $0.05
3ed8f08: posts big blind $0.1
*** HOLE CARDS ***
Dealt to 3ed8f08 
Dealt to be24723d 
Dealt to c412ec1f 
Dealt to ef4ee078 
Dealt to Hero [6d Kc]
Dealt to 1ba738f5 
be24723d: folds
c412ec1f: folds
ef4ee078: raises $0.15 to $0.25
Hero: folds
1ba738f5: folds
3ed8f08: folds
Uncalled bet ($0.15) returned to ef4ee078
*** SHOWDOWN ***
ef4ee078 collected $0.25 from pot
*** SUMMARY ***
Total pot $0.25 | Rake $0 | Jackpot $0 | Bingo $0 | Fortune $0 | Tax $0
Seat 1: 3ed8f08 (big blind) folded before Flop
Seat 2: be24723d folded before Flop (didn't bet)
Seat 3: c412ec1f folded before Flop (didn't bet)
Seat 4: ef4ee078 collected ($0.25)
Seat 5: Hero (button) folded before Flop (didn't bet)
Seat 6: 1ba738f5 (small blind) folded before Flop


Poker Hand #HD1764251150: Hold'em No Limit ($0.05/$0.1) - 2024/05/08 19:37:31
Table 'NLHRed13' 6-max Seat #4 is the button
Seat 1: 3ed8f08 ($10.24 in chips)
Seat 2: be24723d ($7.27 in chips)
Seat 3: c412ec1f ($12.95 in chips)
Seat 4: ef4ee078 ($10.68 in chips)
Seat 5: Hero ($10 in chips)
Seat 6: 1ba738f5 ($10 in chips)
Hero: posts small blind $0.05
1ba738f5: posts big blind $0.1
*** HOLE CARDS ***
Dealt to 3ed8f08 
Dealt to be24723d 
Dealt to c412ec1f 
Dealt to ef4ee078 
Dealt to Hero [Qh 3d]
Dealt to 1ba738f5 
3ed8f08: folds
be24723d: raises $0.15 to $0.25
c412ec1f: folds
ef4ee078: folds
Hero: folds
1ba738f5: calls $0.15
*** FLOP *** [8d 9s 6c]
1ba738f5: checks
be24723d: bets $0.28
1ba738f5: calls $0.28
*** TURN *** [8d 9s 6c] [3h]
1ba738f5: checks
be24723d: bets $0.89
1ba738f5: calls $0.89
*** RIVER *** [8d 9s 6c 3h] [Ac]
1ba738f5: checks
be24723d: bets $2.32
1ba738f5: folds
Uncalled bet ($2.32) returned to be24723d
*** SHOWDOWN ***
be24723d collected $2.75 from pot
*** SUMMARY ***
Total pot $2.89 | Rake $0.14 | Jackpot $0 | Bingo $0 | Fortune $0 | Tax $0
Board [8d 9s 6c 3h Ac]
Seat 1: 3ed8f08 folded before Flop (didn't bet)
Seat 2: be24723d won ($2.75)
Seat 3: c412ec1f folded before Flop (didn't bet)
Seat 4: ef4ee078 (button) folded before Flop (didn't bet)
Seat 5: Hero (small blind) folded before Flop
Seat 6: 1ba738f5 (big blind) folded on the River


Poker Hand #HD1764250987: Hold'em No Limit ($0.05/$0.1) - 2024/05/08 19:36:07
Table 'NLHRed13' 6-max Seat #3 is the button
Seat 1: 3ed8f08 ($10.24 in chips)
Seat 2: be24723d ($7.27 in chips)
Seat 3: c412ec1f ($12.45 in chips)
Seat 4: ef4ee078 ($10.73 in chips)
Seat 5: Hero ($10 in chips)
ef4ee078: posts small blind $0.05
Hero: posts big blind $0.1
*** HOLE CARDS ***
Dealt to 3ed8f08 
Dealt to be24723d 
Dealt to c412ec1f 
Dealt to ef4ee078 
Dealt to Hero [8d 7d]
3ed8f08: folds
be24723d: folds
c412ec1f: raises $0.1 to $0.2
ef4ee078: folds
Hero: calls $0.1
*** FLOP *** [8h 5d 5h]
Hero: checks
c412ec1f: bets $0.3
Hero: calls $0.3
*** TURN *** [8h 5d 5h] [2h]
Hero: checks
c412ec1f: bets $0.73
Hero: folds
Uncalled bet ($0.73) returned to c412ec1f
*** SHOWDOWN ***
c412ec1f collected $1 from pot
*** SUMMARY ***
Total pot $1.05 | Rake $0.05 | Jackpot $0 | Bingo $0 | Fortune $0 | Tax $0
Board [8h 5d 5h 2h]
Seat 1: 3ed8f08 folded before Flop (didn't bet)
Seat 2: be24723d folded before Flop (didn't bet)
Seat 3: c412ec1f (button) won ($1)
Seat 4: ef4ee078 (small blind) folded before Flop
Seat 5: Hero (big blind) folded on the Turn


Poker Hand #HD1764250890: Hold'em No Limit ($0.05/$0.1) - 2024/05/08 19:35:09
Table 'NLHRed13' 6-max Seat #2 is the button
Seat 1: 3ed8f08 ($10.24 in chips)
Seat 2: be24723d ($7.71 in chips)
Seat 3: c412ec1f ($12.5 in chips)
Seat 4: ef4ee078 ($10.28 in chips)
Seat 5: Hero ($10 in chips)
c412ec1f: posts small blind $0.05
ef4ee078: posts big blind $0.1
*** HOLE CARDS ***
Dealt to 3ed8f08 
Dealt to be24723d 
Dealt to c412ec1f 
Dealt to ef4ee078 
Dealt to Hero [5h 2d]
Hero: folds
3ed8f08: folds
be24723d: raises $0.15 to $0.25
c412ec1f: folds
ef4ee078: calls $0.15
*** FLOP *** [8s Td 3s]
ef4ee078: checks
be24723d: bets $0.19
ef4ee078: raises $0.81 to $1
be24723d: folds
Uncalled bet ($0.81) returned to ef4ee078
*** SHOWDOWN ***
ef4ee078 collected $0.89 from pot
*** SUMMARY ***
Total pot $0.93 | Rake $0.04 | Jackpot $0 | Bingo $0 | Fortune $0 | Tax $0
Board [8s Td 3s]
Seat 1: 3ed8f08 folded before Flop (didn't bet)
Seat 2: be24723d (button) folded on the Flop
Seat 3: c412ec1f (small blind) folded before Flop
Seat 4: ef4ee078 (big blind) won ($0.89)
Seat 5: Hero folded before Flop (didn't bet)


Poker Hand #HD1764250760: Hold'em No Limit ($0.05/$0.1) - 2024/05/08 19:33:50
Table 'NLHRed13' 6-max Seat #1 is the button
Seat 1: 3ed8f08 ($10.24 in chips)
Seat 2: be24723d ($6.42 in chips)
Seat 3: c412ec1f ($12.6 in chips)
Seat 4: ef4ee078 ($10.28 in chips)
Seat 5: Hero ($10 in chips)
be24723d: posts small blind $0.05
c412ec1f: posts big blind $0.1
*** HOLE CARDS ***
Dealt to 3ed8f08 
Dealt to be24723d 
Dealt to c412ec1f 
Dealt to ef4ee078 
Dealt to Hero [Ks Td]
ef4ee078: folds
Hero: raises $0.14 to $0.24
3ed8f08: folds
be24723d: calls $0.19
c412ec1f: folds
*** FLOP *** [8s 3h 2h]
be24723d: checks
Hero: checks
*** TURN *** [8s 3h 2h] [3d]
be24723d: checks
Hero: bets $0.3
be24723d: calls $0.3
*** RIVER *** [8s 3h 2h 3d] [8d]
be24723d: checks
Hero: bets $0.78
be24723d: calls $0.78
Hero: shows [Ks Td] (Pair of Eights and Pair of Treys)
be24723d: shows [As 2s] (Pair of Eights and Pair of Treys)
*** SHOWDOWN ***
be24723d collected $2.61 from pot
*** SUMMARY ***
Total pot $2.74 | Rake $0.13 | Jackpot $0 | Bingo $0 | Fortune $0 | Tax $0
Board [8s 3h 2h 3d 8d]
Seat 1: 3ed8f08 (button) folded before Flop (didn't bet)
Seat 2: be24723d (small blind) showed [As 2s] and won ($2.61) with Pair of Eights and Pair of Treys
Seat 3: c412ec1f (big blind) folded before Flop
Seat 4: ef4ee078 folded before Flop (didn't bet)
Seat 5: Hero showed [Ks Td] and lost with Pair of Eights and Pair of Treys


Poker Hand #HD1764250687: Hold'em No Limit ($0.05/$0.1) - 2024/05/08 19:33:06
Table 'NLHRed13' 6-max Seat #5 is the button
Seat 1: 3ed8f08 ($10.29 in chips)
Seat 2: be24723d ($6.67 in chips)
Seat 3: c412ec1f ($12.6 in chips)
Seat 4: ef4ee078 ($10 in chips)
Seat 5: Hero ($10 in chips)
3ed8f08: posts small blind $0.05
be24723d: posts big blind $0.1
*** HOLE CARDS ***
Dealt to 3ed8f08 
Dealt to be24723d 
Dealt to c412ec1f 
Dealt to ef4ee078 
Dealt to Hero [Ad 3d]
c412ec1f: folds
ef4ee078: raises $0.15 to $0.25
Hero: folds
3ed8f08: folds
be24723d: calls $0.15
*** FLOP *** [7d 6c As]
be24723d: checks
ef4ee078: bets $0.28
be24723d: folds
Uncalled bet ($0.28) returned to ef4ee078
*** SHOWDOWN ***
ef4ee078 collected $0.53 from pot
*** SUMMARY ***
Total pot $0.55 | Rake $0.02 | Jackpot $0 | Bingo $0 | Fortune $0 | Tax $0
Board [7d 6c As]
Seat 1: 3ed8f08 (small blind) folded before Flop
Seat 2: be24723d (big blind) folded on the Flop
Seat 3: c412ec1f folded before Flop (didn't bet)
Seat 4: ef4ee078 won ($0.53)
Seat 5: Hero (button) folded before Flop (didn't bet)


Poker Hand #HD1764250625: Hold'em No Limit ($0.05/$0.1) - 2024/05/08 19:32:34
Table 'NLHRed13' 6-max Seat #4 is the button
Seat 1: 3ed8f08 ($10.24 in chips)
Seat 2: be24723d ($6.67 in chips)
Seat 3: c412ec1f ($12.6 in chips)
Seat 4: ef4ee078 ($10 in chips)
Seat 5: Hero ($10.05 in chips)
Hero: posts small blind $0.05
3ed8f08: posts big blind $0.1
*** HOLE CARDS ***
Dealt to 3ed8f08 
Dealt to be24723d 
Dealt to c412ec1f 
Dealt to ef4ee078 
Dealt to Hero [Qh 9s]
be24723d: folds
c412ec1f: folds
ef4ee078: folds
Hero: folds
Uncalled bet ($0.05) returned to 3ed8f08
*** SHOWDOWN ***
3ed8f08 collected $0.1 from pot
*** SUMMARY ***
Total pot $0.1 | Rake $0 | Jackpot $0 | Bingo $0 | Fortune $0 | Tax $0
Seat 1: 3ed8f08 (big blind) collected ($0.1)
Seat 2: be24723d folded before Flop (didn't bet)
Seat 3: c412ec1f folded before Flop (didn't bet)
Seat 4: ef4ee078 (button) folded before Flop (didn't bet)
Seat 5: Hero (small blind) folded before Flop


Poker Hand #HD1764250590: Hold'em No Limit ($0.05/$0.1) - 2024/05/08 19:32:11
Table 'NLHRed13' 6-max Seat #3 is the button
Seat 1: 3ed8f08 ($10.24 in chips)
Seat 2: be24723d ($6.67 in chips)
Seat 3: c412ec1f ($12.6 in chips)
Seat 4: ef4ee078 ($10 in chips)
Seat 5: Hero ($10 in chips)
Seat 6: 791f1e9b ($10 in chips)
ef4ee078: posts small blind $0.05
Hero: posts big blind $0.1
*** HOLE CARDS ***
Dealt to 3ed8f08 
Dealt to be24723d 
Dealt to c412ec1f 
Dealt to ef4ee078 
Dealt to Hero [3s 9s]
Dealt to 791f1e9b 
791f1e9b: folds
3ed8f08: folds
be24723d: folds
c412ec1f: folds
ef4ee078: folds
Uncalled bet ($0.05) returned to Hero
*** SHOWDOWN ***
Hero collected $0.1 from pot
*** SUMMARY ***
Total pot $0.1 | Rake $0 | Jackpot $0 | Bingo $0 | Fortune $0 | Tax $0
Seat 1: 3ed8f08 folded before Flop (didn't bet)
Seat 2: be24723d folded before Flop (didn't bet)
Seat 3: c412ec1f (button) folded before Flop (didn't bet)
Seat 4: ef4ee078 (small blind) folded before Flop
Seat 5: Hero (big blind) collected ($0.1)
Seat 6: 791f1e9b folded before Flop (didn't bet)


Poker Hand #HD1764250288: Hold'em No Limit ($0.05/$0.1) - 2024/05/08 19:29:18
Table 'NLHRed13' 6-max Seat #6 is the button
Seat 1: 3ed8f08 ($10.49 in chips)
Seat 2: be24723d ($5.58 in chips)
Seat 3: c412ec1f ($12.75 in chips)
Seat 4: ef4ee078 ($10.28 in chips)
Seat 5: Hero ($10.1 in chips)
Seat 6: 791f1e9b ($10 in chips)
3ed8f08: posts small blind $0.05
be24723d: posts big blind $0.1
*** HOLE CARDS ***
Dealt to 3ed8f08 
Dealt to be24723d 
Dealt to c412ec1f 
Dealt to ef4ee078 
Dealt to Hero [Js Qs]
Dealt to 791f1e9b 
c412ec1f: folds
ef4ee078: folds
Hero: raises $0.14 to $0.24
791f1e9b: folds
3ed8f08: folds
be24723d: calls $0.14
*** FLOP *** [7d Kh 4h]
be24723d: checks
Hero: checks
*** TURN *** [7d Kh 4h] [3s]
be24723d: checks
Hero: checks
*** RIVER *** [7d Kh 4h 3s] [8c]
be24723d: checks
Hero: checks
be24723d: shows [Ac 2s] (Ace-High)
Hero: shows [Js Qs] (King-High)
*** SHOWDOWN ***
be24723d collected $0.51 from pot
*** SUMMARY ***
Total pot $0.53 | Rake $0.02 | Jackpot $0 | Bingo $0 | Fortune $0 | Tax $0
Board [7d Kh 4h 3s 8c]
Seat 1: 3ed8f08 (small blind) folded before Flop
Seat 2: be24723d (big blind) showed [Ac 2s] and won ($0.51) with Ace-High
Seat 3: c412ec1f folded before Flop (didn't bet)
Seat 4: ef4ee078 folded before Flop (didn't bet)
Seat 5: Hero showed [Js Qs] and lost with King-High
Seat 6: 791f1e9b (button) folded before Flop (didn't bet)


Poker Hand #HD1764250255: Hold'em No Limit ($0.05/$0.1) - 2024/05/08 19:28:56
Table 'NLHRed13' 6-max Seat #5 is the button
Seat 1: 3ed8f08 ($10.59 in chips)
Seat 2: be24723d ($5.43 in chips)
Seat 3: c412ec1f ($12.75 in chips)
Seat 4: ef4ee078 ($10.28 in chips)
Seat 5: Hero ($10.1 in chips)
Seat 6: 791f1e9b ($10 in chips)
791f1e9b: posts small blind $0.05
3ed8f08: posts big blind $0.1
*** HOLE CARDS ***
Dealt to 3ed8f08 
Dealt to be24723d 
Dealt to c412ec1f 
Dealt to ef4ee078 
Dealt to Hero [Ah 4d]
Dealt to 791f1e9b 
be24723d: raises $0.15 to $0.25
c412ec1f: folds
ef4ee078: folds
Hero: folds
791f1e9b: folds
3ed8f08: folds
Uncalled bet ($0.15) returned to be24723d
*** SHOWDOWN ***
be24723d collected $0.25 from pot
*** SUMMARY ***
Total pot $0.25 | Rake $0 | Jackpot $0 | Bingo $0 | Fortune $0 | Tax $0
Seat 1: 3ed8f08 (big blind) folded before Flop
Seat 2: be24723d collected ($0.25)
Seat 3: c412ec1f folded before Flop (didn't bet)
Seat 4: ef4ee078 folded before Flop (didn't bet)
Seat 5: Hero (button) folded before Flop (didn't bet)
Seat 6: 791f1e9b (small blind) folded before Flop


Poker Hand #HD1764250221: Hold'em No Limit ($0.05/$0.1) - 2024/05/08 19:28:40
Table 'NLHRed13' 6-max Seat #4 is the button
Seat 1: 3ed8f08 ($10.59 in chips)
Seat 2: be24723d ($5.43 in chips)
Seat 3: c412ec1f ($12.75 in chips)
Seat 4: ef4ee078 ($10.28 in chips)
Seat 5: Hero ($10 in chips)
Seat 6: 791f1e9b ($10 in chips)
Hero: posts small blind $0.05
791f1e9b: posts big blind $0.1
*** HOLE CARDS ***
Dealt to 3ed8f08 
Dealt to be24723d 
Dealt to c412ec1f 
Dealt to ef4ee078 
Dealt to Hero [Ah 5s]
Dealt to 791f1e9b 
3ed8f08: folds
be24723d: folds
c412ec1f: folds
ef4ee078: folds
Hero: raises $0.2 to $0.3
791f1e9b: folds
Uncalled bet ($0.2) returned to Hero
*** SHOWDOWN ***
Hero collected $0.2 from pot
*** SUMMARY ***
Total pot $0.2 | Rake $0 | Jackpot $0 | Bingo $0 | Fortune $0 | Tax $0
Seat 1: 3ed8f08 folded before Flop (didn't bet)
Seat 2: be24723d folded before Flop (didn't bet)
Seat 3: c412ec1f folded before Flop (didn't bet)
Seat 4: ef4ee078 (button) folded before Flop (didn't bet)
Seat 5: Hero (small blind) collected ($0.2)
Seat 6: 791f1e9b (big blind) folded before Flop


Poker Hand #HD1764250155: Hold'em No Limit ($0.05/$0.1) - 2024/05/08 19:28:05
Table 'NLHRed13' 6-max Seat #3 is the button
Seat 1: 3ed8f08 ($10.59 in chips)
Seat 2: be24723d ($5.43 in chips)
Seat 3: c412ec1f ($12.95 in chips)
Seat 4: ef4ee078 ($10 in chips)
Seat 5: Hero ($10 in chips)
Seat 6: 791f1e9b ($10 in chips)
ef4ee078: posts small blind $0.05
Hero: posts big blind $0.1
*** HOLE CARDS ***
Dealt to 3ed8f08 
Dealt to be24723d 
Dealt to c412ec1f 
Dealt to ef4ee078 
Dealt to Hero [7c 8h]
Dealt to 791f1e9b 
791f1e9b: folds
3ed8f08: folds
be24723d: folds
c412ec1f: raises $0.1 to $0.2
ef4ee078: raises $1 to $1.2
Hero: folds
c412ec1f: folds
Uncalled bet ($1) returned to ef4ee078
*** SHOWDOWN ***
ef4ee078 collected $0.48 from pot
*** SUMMARY ***
Total pot $0.5 | Rake $0.02 | Jackpot $0 | Bingo $0 | Fortune $0 | Tax $0
Seat 1: 3ed8f08 folded before Flop (didn't bet)
Seat 2: be24723d folded before Flop (didn't bet)
Seat 3: c412ec1f (button) folded before Flop
Seat 4: ef4ee078 (small blind) collected ($0.48)
Seat 5: Hero (big blind) folded before Flop
Seat 6: 791f1e9b folded before Flop (didn't bet)


Poker Hand #HD1764250106: Hold'em No Limit ($0.05/$0.1) - 2024/05/08 19:27:36
Table 'NLHRed13' 6-max Seat #2 is the button
Seat 1: 3ed8f08 ($10.59 in chips)
Seat 2: be24723d ($5.43 in chips)
Seat 3: c412ec1f ($12.85 in chips)
Seat 4: ef4ee078 ($10 in chips)
Seat 5: Hero ($10 in chips)
Seat 6: 791f1e9b ($10 in chips)
c412ec1f: posts small blind $0.05
ef4ee078: posts big blind $0.1
*** HOLE CARDS ***
Dealt to 3ed8f08 
Dealt to be24723d 
Dealt to c412ec1f 
Dealt to ef4ee078 
Dealt to Hero [2h Qs]
Dealt to 791f1e9b 
Hero: folds
791f1e9b: folds
3ed8f08: folds
be24723d: folds
c412ec1f: raises $0.1 to $0.2
ef4ee078: folds
Uncalled bet ($0.1) returned to c412ec1f
*** SHOWDOWN ***
c412ec1f collected $0.2 from pot
*** SUMMARY ***
Total pot $0.2 | Rake $0 | Jackpot $0 | Bingo $0 | Fortune $0 | Tax $0
Seat 1: 3ed8f08 folded before Flop (didn't bet)
Seat 2: be24723d (button) folded before Flop (didn't bet)
Seat 3: c412ec1f (small blind) collected ($0.2)
Seat 4: ef4ee078 (big blind) folded before Flop
Seat 5: Hero folded before Flop (didn't bet)
Seat 6: 791f1e9b folded before Flop (didn't bet)


Poker Hand #HD1764249980: Hold'em No Limit ($0.05/$0.1) - 2024/05/08 19:26:20
Table 'NLHRed13' 6-max Seat #1 is the button
Seat 1: 3ed8f08 ($10 in chips)
Seat 2: be24723d ($5.97 in chips)
Seat 3: c412ec1f ($12.95 in chips)
Seat 4: ef4ee078 ($10 in chips)
Seat 5: Hero ($10 in chips)
Seat 6: 791f1e9b ($10 in chips)
be24723d: posts small blind $0.05
c412ec1f: posts big blind $0.1
*** HOLE CARDS ***
Dealt to 3ed8f08 
Dealt to be24723d 
Dealt to c412ec1f 
Dealt to ef4ee078 
Dealt to Hero [8s Kd]
Dealt to 791f1e9b 
ef4ee078: folds
Hero: folds
791f1e9b: folds
3ed8f08: raises $0.2 to $0.3
be24723d: calls $0.25
c412ec1f: folds
*** FLOP *** [3c 8c Qd]
be24723d: checks
3ed8f08: checks
*** TURN *** [3c 8c Qd] [Th]
be24723d: bets $0.24
3ed8f08: raises $0.78 to $1.02
be24723d: folds
Uncalled bet ($0.78) returned to 3ed8f08
*** SHOWDOWN ***
3ed8f08 collected $1.13 from pot
*** SUMMARY ***
Total pot $1.18 | Rake $0.05 | Jackpot $0 | Bingo $0 | Fortune $0 | Tax $0
Board [3c 8c Qd Th]
Seat 1: 3ed8f08 (button) won ($1.13)
Seat 2: be24723d (small blind) folded on the Turn
Seat 3: c412ec1f (big blind) folded before Flop
Seat 4: ef4ee078 folded before Flop (didn't bet)
Seat 5: Hero folded before Flop (didn't bet)
Seat 6: 791f1e9b folded before Flop (didn't bet)


Poker Hand #HD1764249889: Hold'em No Limit ($0.05/$0.1) - 2024/05/08 19:25:26
Table 'NLHRed13' 6-max Seat #6 is the button
Seat 1: 3ed8f08 ($10.05 in chips)
Seat 2: be24723d ($5.05 in chips)
Seat 3: c412ec1f ($12.95 in chips)
Seat 4: ef4ee078 ($10 in chips)
Seat 5: Hero ($10 in chips)
Seat 6: 791f1e9b ($10 in chips)
3ed8f08: posts small blind $0.05
be24723d: posts big blind $0.1
*** HOLE CARDS ***
Dealt to 3ed8f08 
Dealt to be24723d 
Dealt to c412ec1f 
Dealt to ef4ee078 
Dealt to Hero [6c Qh]
Dealt to 791f1e9b 
c412ec1f: folds
ef4ee078: raises $0.15 to $0.25
Hero: folds
791f1e9b: folds
3ed8f08: folds
be24723d: raises $0.72 to $0.97
ef4ee078: calls $0.72
*** FLOP *** [2s 6h Qc]
be24723d: bets $0.66
ef4ee078: folds
Uncalled bet ($0.66) returned to be24723d
*** SHOWDOWN ***
be24723d collected $1.89 from pot
*** SUMMARY ***
Total pot $1.99 | Rake $0.1 | Jackpot $0 | Bingo $0 | Fortune $0 | Tax $0
Board [2s 6h Qc]
Seat 1: 3ed8f08 (small blind) folded before Flop
Seat 2: be24723d (big blind) won ($1.89)
Seat 3: c412ec1f folded before Flop (didn't bet)
Seat 4: ef4ee078 folded on the Flop
Seat 5: Hero folded before Flop (didn't bet)
Seat 6: 791f1e9b (button) folded before Flop (didn't bet)


Poker Hand #HD1764249828: Hold'em No Limit ($0.05/$0.1) - 2024/05/08 19:24:53
Table 'NLHRed13' 6-max Seat #5 is the button
Seat 1: 3ed8f08 ($10.15 in chips)
Seat 2: be24723d ($5.05 in chips)
Seat 3: c412ec1f ($12.8 in chips)
Seat 4: ef4ee078 ($10 in chips)
Seat 5: Hero ($10 in chips)
Seat 6: 791f1e9b ($10 in chips)
791f1e9b: posts small blind $0.05
3ed8f08: posts big blind $0.1
*** HOLE CARDS ***
Dealt to 3ed8f08 
Dealt to be24723d 
Dealt to c412ec1f 
Dealt to ef4ee078 
Dealt to Hero [3d Jc]
Dealt to 791f1e9b 
be24723d: folds
c412ec1f: raises $0.1 to $0.2
ef4ee078: folds
Hero: folds
791f1e9b: folds
3ed8f08: folds
Uncalled bet ($0.1) returned to c412ec1f
*** SHOWDOWN ***
c412ec1f collected $0.25 from pot
*** SUMMARY ***
Total pot $0.25 | Rake $0 | Jackpot $0 | Bingo $0 | Fortune $0 | Tax $0
Seat 1: 3ed8f08 (big blind) folded before Flop
Seat 2: be24723d folded before Flop (didn't bet)
Seat 3: c412ec1f collected ($0.25)
Seat 4: ef4ee078 folded before Flop (didn't bet)
Seat 5: Hero (button) folded before Flop (didn't bet)
Seat 6: 791f1e9b (small blind) folded before Flop


Poker Hand #HD1764249792: Hold'em No Limit ($0.05/$0.1) - 2024/05/08 19:24:29
Table 'NLHRed13' 6-max Seat #4 is the button
Seat 1: 3ed8f08 ($10.15 in chips)
Seat 2: be24723d ($5.05 in chips)
Seat 3: c412ec1f ($12.65 in chips)
Seat 4: ef4ee078 ($10 in chips)
Seat 5: Hero ($10 in chips)
Seat 6: 791f1e9b ($10.08 in chips)
Hero: posts small blind $0.05
791f1e9b: posts big blind $0.1
*** HOLE CARDS ***
Dealt to 3ed8f08 
Dealt to be24723d 
Dealt to c412ec1f 
Dealt to ef4ee078 
Dealt to Hero [8c As]
Dealt to 791f1e9b 
3ed8f08: folds
be24723d: folds
c412ec1f: raises $0.1 to $0.2
ef4ee078: folds
Hero: folds
791f1e9b: folds
Uncalled bet ($0.1) returned to c412ec1f
*** SHOWDOWN ***
c412ec1f collected $0.25 from pot
*** SUMMARY ***
Total pot $0.25 | Rake $0 | Jackpot $0 | Bingo $0 | Fortune $0 | Tax $0
Seat 1: 3ed8f08 folded before Flop (didn't bet)
Seat 2: be24723d folded before Flop (didn't bet)
Seat 3: c412ec1f collected ($0.25)
Seat 4: ef4ee078 (button) folded before Flop (didn't bet)
Seat 5: Hero (small blind) folded before Flop
Seat 6: 791f1e9b (big blind) folded before Flop


Poker Hand #HD1764249726: Hold'em No Limit ($0.05/$0.1) - 2024/05/08 19:23:51
Table 'NLHRed13' 6-max Seat #3 is the button
Seat 1: 3ed8f08 ($10.15 in chips)
Seat 2: be24723d ($5.05 in chips)
Seat 3: c412ec1f ($12.5 in chips)
Seat 4: ef4ee078 ($10 in chips)
Seat 5: Hero ($10 in chips)
Seat 6: 791f1e9b ($10.08 in chips)
ef4ee078: posts small blind $0.05
Hero: posts big blind $0.1
*** HOLE CARDS ***
Dealt to 3ed8f08 
Dealt to be24723d 
Dealt to c412ec1f 
Dealt to ef4ee078 
Dealt to Hero [4h 3c]
Dealt to 791f1e9b 
791f1e9b: folds
3ed8f08: folds
be24723d: folds
c412ec1f: raises $0.1 to $0.2
ef4ee078: folds
Hero: folds
Uncalled bet ($0.1) returned to c412ec1f
*** SHOWDOWN ***
c412ec1f collected $0.25 from pot
*** SUMMARY ***
Total pot $0.25 | Rake $0 | Jackpot $0 | Bingo $0 | Fortune $0 | Tax $0
Seat 1: 3ed8f08 folded before Flop (didn't bet)
Seat 2: be24723d folded before Flop (didn't bet)
Seat 3: c412ec1f (button) collected ($0.25)
Seat 4: ef4ee078 (small blind) folded before Flop
Seat 5: Hero (big blind) folded before Flop
Seat 6: 791f1e9b folded before Flop (didn't bet)


