Poker Hand #HD1781994687: Hold'em No Limit ($0.05/$0.1) - 2024/05/21 16:38:50
Table 'NLHRed38' 6-max Seat #6 is the button
Seat 1: a1a079ca ($10.52 in chips)
Seat 2: 5c96f8c5 ($12.18 in chips)
Seat 3: Hero ($10 in chips)
Seat 4: e2cc5c62 ($6.51 in chips)
Seat 6: 87854b7c ($2.22 in chips)
a1a079ca: posts small blind $0.05
5c96f8c5: posts big blind $0.1
e2cc5c62: posts big blind $0.1
*** HOLE CARDS ***
Dealt to a1a079ca 
Dealt to 5c96f8c5 
Dealt to Hero [3c Js]
Dealt to e2cc5c62 
Dealt to 87854b7c 
Hero: folds
e2cc5c62: raises $0.19 to $0.29
87854b7c: folds
a1a079ca: folds
5c96f8c5: folds
Uncalled bet ($0.19) returned to e2cc5c62
*** SHOWDOWN ***
e2cc5c62 collected $0.25 from pot
*** SUMMARY ***
Total pot $0.25 | Rake $0 | Jackpot $0 | Bingo $0 | Fortune $0 | Tax $0
Seat 1: a1a079ca (small blind) folded before Flop
Seat 2: 5c96f8c5 (big blind) folded before Flop
Seat 3: Hero folded before Flop (didn't bet)
Seat 4: e2cc5c62 collected ($0.25)
Seat 6: 87854b7c (button) folded before Flop (didn't bet)


Poker Hand #HD1781994633: Hold'em No Limit ($0.05/$0.1) - 2024/05/21 16:38:15
Table 'NLHRed38' 6-max Seat #3 is the button
Seat 1: a1a079ca ($10.62 in chips)
Seat 2: 5c96f8c5 ($12.18 in chips)
Seat 3: Hero ($10 in chips)
Seat 6: 87854b7c ($1.9 in chips)
87854b7c: posts small blind $0.05
a1a079ca: posts big blind $0.1
*** HOLE CARDS ***
Dealt to a1a079ca 
Dealt to 5c96f8c5 
Dealt to Hero [7d 6d]
Dealt to 87854b7c 
5c96f8c5: folds
Hero: raises $0.14 to $0.24
87854b7c: calls $0.19
a1a079ca: folds
*** FLOP *** [9c 9h Kh]
87854b7c: checks
Hero: checks
*** TURN *** [9c 9h Kh] [Tc]
87854b7c: bets $0.2
Hero: folds
Uncalled bet ($0.2) returned to 87854b7c
*** SHOWDOWN ***
87854b7c collected $0.56 from pot
*** SUMMARY ***
Total pot $0.58 | Rake $0.02 | Jackpot $0 | Bingo $0 | Fortune $0 | Tax $0
Board [9c 9h Kh Tc]
Seat 1: a1a079ca (big blind) folded before Flop
Seat 2: 5c96f8c5 folded before Flop (didn't bet)
Seat 3: Hero (button) folded on the Turn
Seat 6: 87854b7c (small blind) won ($0.56)


Poker Hand #HD1781994599: Hold'em No Limit ($0.05/$0.1) - 2024/05/21 16:37:56
Table 'NLHRed38' 6-max Seat #2 is the button
Seat 1: a1a079ca ($10.62 in chips)
Seat 2: 5c96f8c5 ($12.03 in chips)
Seat 3: Hero ($10.05 in chips)
Seat 6: 87854b7c ($2 in chips)
Hero: posts small blind $0.05
87854b7c: posts big blind $0.1
*** HOLE CARDS ***
Dealt to a1a079ca 
Dealt to 5c96f8c5 
Dealt to Hero [3d 2h]
Dealt to 87854b7c 
a1a079ca: folds
5c96f8c5: raises $0.15 to $0.25
Hero: folds
87854b7c: folds
Uncalled bet ($0.15) returned to 5c96f8c5
*** SHOWDOWN ***
5c96f8c5 collected $0.25 from pot
*** SUMMARY ***
Total pot $0.25 | Rake $0 | Jackpot $0 | Bingo $0 | Fortune $0 | Tax $0
Seat 1: a1a079ca folded before Flop (didn't bet)
Seat 2: 5c96f8c5 (button) collected ($0.25)
Seat 3: Hero (small blind) folded before Flop
Seat 6: 87854b7c (big blind) folded before Flop


Poker Hand #HD1781994580: Hold'em No Limit ($0.05/$0.1) - 2024/05/21 16:37:47
Table 'NLHRed38' 6-max Seat #1 is the button
Seat 1: a1a079ca ($10.62 in chips)
Seat 2: 5c96f8c5 ($12.08 in chips)
Seat 3: Hero ($10 in chips)
Seat 4: 936d932e ($9.63 in chips)
5c96f8c5: posts small blind $0.05
Hero: posts big blind $0.1
*** HOLE CARDS ***
Dealt to a1a079ca 
Dealt to 5c96f8c5 
Dealt to Hero [7c Jd]
Dealt to 936d932e 
936d932e: folds
a1a079ca: folds
5c96f8c5: folds
Uncalled bet ($0.05) returned to Hero
*** SHOWDOWN ***
Hero collected $0.1 from pot
*** SUMMARY ***
Total pot $0.1 | Rake $0 | Jackpot $0 | Bingo $0 | Fortune $0 | Tax $0
Seat 1: a1a079ca (button) folded before Flop (didn't bet)
Seat 2: 5c96f8c5 (small blind) folded before Flop
Seat 3: Hero (big blind) collected ($0.1)
Seat 4: 936d932e folded before Flop (didn't bet)


Poker Hand #HD1781994528: Hold'em No Limit ($0.05/$0.1) - 2024/05/21 16:37:26
Table 'NLHRed38' 6-max Seat #5 is the button
Seat 1: a1a079ca ($10.67 in chips)
Seat 2: 5c96f8c5 ($12.03 in chips)
Seat 3: Hero ($10 in chips)
Seat 4: 936d932e ($9.63 in chips)
Seat 5: 5bf645b0 ($5.4 in chips)
a1a079ca: posts small blind $0.05
5c96f8c5: posts big blind $0.1
*** HOLE CARDS ***
Dealt to a1a079ca 
Dealt to 5c96f8c5 
Dealt to Hero [As 6d]
Dealt to 936d932e 
Dealt to 5bf645b0 
Hero: folds
936d932e: folds
5bf645b0: folds
a1a079ca: folds
Uncalled bet ($0.05) returned to 5c96f8c5
*** SHOWDOWN ***
5c96f8c5 collected $0.1 from pot
*** SUMMARY ***
Total pot $0.1 | Rake $0 | Jackpot $0 | Bingo $0 | Fortune $0 | Tax $0
Seat 1: a1a079ca (small blind) folded before Flop
Seat 2: 5c96f8c5 (big blind) collected ($0.1)
Seat 3: Hero folded before Flop (didn't bet)
Seat 4: 936d932e folded before Flop (didn't bet)
Seat 5: 5bf645b0 (button) folded before Flop (didn't bet)


Poker Hand #HD1781994503: Hold'em No Limit ($0.05/$0.1) - 2024/05/21 16:37:12
Table 'NLHRed38' 6-max Seat #4 is the button
Seat 1: a1a079ca ($10.62 in chips)
Seat 2: 5c96f8c5 ($12.03 in chips)
Seat 3: Hero ($10 in chips)
Seat 4: 936d932e ($9.63 in chips)
Seat 5: 5bf645b0 ($5.45 in chips)
5bf645b0: posts small blind $0.05
a1a079ca: posts big blind $0.1
*** HOLE CARDS ***
Dealt to a1a079ca 
Dealt to 5c96f8c5 
Dealt to Hero [8s 4h]
Dealt to 936d932e 
Dealt to 5bf645b0 
5c96f8c5: folds
Hero: folds
936d932e: folds
5bf645b0: folds
Uncalled bet ($0.05) returned to a1a079ca
*** SHOWDOWN ***
a1a079ca collected $0.1 from pot
*** SUMMARY ***
Total pot $0.1 | Rake $0 | Jackpot $0 | Bingo $0 | Fortune $0 | Tax $0
Seat 1: a1a079ca (big blind) collected ($0.1)
Seat 2: 5c96f8c5 folded before Flop (didn't bet)
Seat 3: Hero folded before Flop (didn't bet)
Seat 4: 936d932e (button) folded before Flop (didn't bet)
Seat 5: 5bf645b0 (small blind) folded before Flop


Poker Hand #HD1781994471: Hold'em No Limit ($0.05/$0.1) - 2024/05/21 16:36:55
Table 'NLHRed38' 6-max Seat #3 is the button
Seat 1: a1a079ca ($10.62 in chips)
Seat 2: 5c96f8c5 ($12.03 in chips)
Seat 3: Hero ($10 in chips)
Seat 4: 936d932e ($9.53 in chips)
Seat 5: 5bf645b0 ($5.55 in chips)
Seat 6: ea3f860e ($11.67 in chips)
936d932e: posts small blind $0.05
5bf645b0: posts big blind $0.1
*** HOLE CARDS ***
Dealt to a1a079ca 
Dealt to 5c96f8c5 
Dealt to Hero [4c 5h]
Dealt to 936d932e 
Dealt to 5bf645b0 
Dealt to ea3f860e 
ea3f860e: folds
a1a079ca: folds
5c96f8c5: folds
Hero: folds
936d932e: raises $0.14 to $0.24
5bf645b0: folds
Uncalled bet ($0.14) returned to 936d932e
*** SHOWDOWN ***
936d932e collected $0.2 from pot
*** SUMMARY ***
Total pot $0.2 | Rake $0 | Jackpot $0 | Bingo $0 | Fortune $0 | Tax $0
Seat 1: a1a079ca folded before Flop (didn't bet)
Seat 2: 5c96f8c5 folded before Flop (didn't bet)
Seat 3: Hero (button) folded before Flop (didn't bet)
Seat 4: 936d932e (small blind) collected ($0.2)
Seat 5: 5bf645b0 (big blind) folded before Flop
Seat 6: ea3f860e folded before Flop (didn't bet)


Poker Hand #HD1781994433: Hold'em No Limit ($0.05/$0.1) - 2024/05/21 16:36:35
Table 'NLHRed38' 6-max Seat #2 is the button
Seat 1: a1a079ca ($10.62 in chips)
Seat 2: 5c96f8c5 ($12.03 in chips)
Seat 3: Hero ($10 in chips)
Seat 4: 936d932e ($9.48 in chips)
Seat 6: ea3f860e ($11.67 in chips)
Hero: posts small blind $0.05
936d932e: posts big blind $0.1
*** HOLE CARDS ***
Dealt to a1a079ca 
Dealt to 5c96f8c5 
Dealt to Hero [6h 4c]
Dealt to 936d932e 
Dealt to ea3f860e 
ea3f860e: folds
a1a079ca: folds
5c96f8c5: folds
Hero: folds
Uncalled bet ($0.05) returned to 936d932e
*** SHOWDOWN ***
936d932e collected $0.1 from pot
*** SUMMARY ***
Total pot $0.1 | Rake $0 | Jackpot $0 | Bingo $0 | Fortune $0 | Tax $0
Seat 1: a1a079ca folded before Flop (didn't bet)
Seat 2: 5c96f8c5 (button) folded before Flop (didn't bet)
Seat 3: Hero (small blind) folded before Flop
Seat 4: 936d932e (big blind) collected ($0.1)
Seat 6: ea3f860e folded before Flop (didn't bet)


Poker Hand #HD1781994370: Hold'em No Limit ($0.05/$0.1) - 2024/05/21 16:36:01
Table 'NLHRed38' 6-max Seat #1 is the button
Seat 1: a1a079ca ($10.62 in chips)
Seat 2: 5c96f8c5 ($11.93 in chips)
Seat 3: Hero ($10 in chips)
Seat 4: 936d932e ($9.48 in chips)
Seat 5: 5bf645b0 ($5.55 in chips)
Seat 6: ea3f860e ($11.67 in chips)
5c96f8c5: posts small blind $0.05
Hero: posts big blind $0.1
*** HOLE CARDS ***
Dealt to a1a079ca 
Dealt to 5c96f8c5 
Dealt to Hero [2h 3d]
Dealt to 936d932e 
Dealt to 5bf645b0 
Dealt to ea3f860e 
936d932e: folds
5bf645b0: folds
ea3f860e: folds
a1a079ca: folds
5c96f8c5: raises $0.15 to $0.25
Hero: folds
Uncalled bet ($0.15) returned to 5c96f8c5
*** SHOWDOWN ***
5c96f8c5 collected $0.2 from pot
*** SUMMARY ***
Total pot $0.2 | Rake $0 | Jackpot $0 | Bingo $0 | Fortune $0 | Tax $0
Seat 1: a1a079ca (button) folded before Flop (didn't bet)
Seat 2: 5c96f8c5 (small blind) collected ($0.2)
Seat 3: Hero (big blind) folded before Flop
Seat 4: 936d932e folded before Flop (didn't bet)
Seat 5: 5bf645b0 folded before Flop (didn't bet)
Seat 6: ea3f860e folded before Flop (didn't bet)


Poker Hand #HD1781994329: Hold'em No Limit ($0.05/$0.1) - 2024/05/21 16:35:42
Table 'NLHRed38' 6-max Seat #6 is the button
Seat 1: a1a079ca ($10.67 in chips)
Seat 2: 5c96f8c5 ($12.03 in chips)
Seat 3: Hero ($10 in chips)
Seat 4: 936d932e ($9.48 in chips)
Seat 5: 5bf645b0 ($5.4 in chips)
Seat 6: ea3f860e ($11.67 in chips)
a1a079ca: posts small blind $0.05
5c96f8c5: posts big blind $0.1
*** HOLE CARDS ***
Dealt to a1a079ca 
Dealt to 5c96f8c5 
Dealt to Hero [9d 8c]
Dealt to 936d932e 
Dealt to 5bf645b0 
Dealt to ea3f860e 
Hero: folds
936d932e: folds
5bf645b0: raises $0.1 to $0.2
ea3f860e: folds
a1a079ca: folds
5c96f8c5: folds
Uncalled bet ($0.1) returned to 5bf645b0
*** SHOWDOWN ***
5bf645b0 collected $0.25 from pot
*** SUMMARY ***
Total pot $0.25 | Rake $0 | Jackpot $0 | Bingo $0 | Fortune $0 | Tax $0
Seat 1: a1a079ca (small blind) folded before Flop
Seat 2: 5c96f8c5 (big blind) folded before Flop
Seat 3: Hero folded before Flop (didn't bet)
Seat 4: 936d932e folded before Flop (didn't bet)
Seat 5: 5bf645b0 collected ($0.25)
Seat 6: ea3f860e (button) folded before Flop (didn't bet)


Poker Hand #HD1781994251: Hold'em No Limit ($0.05/$0.1) - 2024/05/21 16:35:05
Table 'NLHRed38' 6-max Seat #5 is the button
Seat 1: a1a079ca ($10.77 in chips)
Seat 2: 5c96f8c5 ($11.88 in chips)
Seat 3: Hero ($10 in chips)
Seat 4: 936d932e ($9.48 in chips)
Seat 5: 5bf645b0 ($5.4 in chips)
Seat 6: ea3f860e ($11.72 in chips)
ea3f860e: posts small blind $0.05
a1a079ca: posts big blind $0.1
*** HOLE CARDS ***
Dealt to a1a079ca 
Dealt to 5c96f8c5 
Dealt to Hero [Ks 8h]
Dealt to 936d932e 
Dealt to 5bf645b0 
Dealt to ea3f860e 
5c96f8c5: raises $0.15 to $0.25
Hero: folds
936d932e: folds
5bf645b0: folds
ea3f860e: folds
a1a079ca: folds
Uncalled bet ($0.15) returned to 5c96f8c5
*** SHOWDOWN ***
5c96f8c5 collected $0.25 from pot
*** SUMMARY ***
Total pot $0.25 | Rake $0 | Jackpot $0 | Bingo $0 | Fortune $0 | Tax $0
Seat 1: a1a079ca (big blind) folded before Flop
Seat 2: 5c96f8c5 collected ($0.25)
Seat 3: Hero folded before Flop (didn't bet)
Seat 4: 936d932e folded before Flop (didn't bet)
Seat 5: 5bf645b0 (button) folded before Flop (didn't bet)
Seat 6: ea3f860e (small blind) folded before Flop


Poker Hand #HD1781994134: Hold'em No Limit ($0.05/$0.1) - 2024/05/21 16:34:02
Table 'NLHRed38' 6-max Seat #4 is the button
Seat 1: a1a079ca ($10.77 in chips)
Seat 2: 5c96f8c5 ($11.88 in chips)
Seat 3: Hero ($10 in chips)
Seat 4: 936d932e ($9.48 in chips)
Seat 5: 5bf645b0 ($5.9 in chips)
Seat 6: ea3f860e ($11.27 in chips)
5bf645b0: posts small blind $0.05
ea3f860e: posts big blind $0.1
*** HOLE CARDS ***
Dealt to a1a079ca 
Dealt to 5c96f8c5 
Dealt to Hero [6d As]
Dealt to 936d932e 
Dealt to 5bf645b0 
Dealt to ea3f860e 
a1a079ca: folds
5c96f8c5: folds
Hero: folds
936d932e: folds
5bf645b0: calls $0.05
ea3f860e: checks
*** FLOP *** [2c Qh Kc]
5bf645b0: checks
ea3f860e: checks
*** TURN *** [2c Qh Kc] [7d]
5bf645b0: bets $0.15
ea3f860e: calls $0.15
*** RIVER *** [2c Qh Kc 7d] [7h]
5bf645b0: bets $0.25
ea3f860e: calls $0.25
5bf645b0: shows [9s Ah] (Pair of Sevens)
ea3f860e: shows [Qs Jd] (Pair of Queens and Pair of Sevens)
*** SHOWDOWN ***
ea3f860e collected $0.95 from pot
*** SUMMARY ***
Total pot $1 | Rake $0.05 | Jackpot $0 | Bingo $0 | Fortune $0 | Tax $0
Board [2c Qh Kc 7d 7h]
Seat 1: a1a079ca folded before Flop (didn't bet)
Seat 2: 5c96f8c5 folded before Flop (didn't bet)
Seat 3: Hero folded before Flop (didn't bet)
Seat 4: 936d932e (button) folded before Flop (didn't bet)
Seat 5: 5bf645b0 (small blind) showed [9s Ah] and lost with Pair of Sevens
Seat 6: ea3f860e (big blind) showed [Qs Jd] and won ($0.95) with Pair of Queens and Pair of Sevens


Poker Hand #HD1781993990: Hold'em No Limit ($0.05/$0.1) - 2024/05/21 16:32:54
Table 'NLHRed38' 6-max Seat #3 is the button
Seat 1: a1a079ca ($10.77 in chips)
Seat 2: 5c96f8c5 ($12.13 in chips)
Seat 3: Hero ($10 in chips)
Seat 4: 936d932e ($9.53 in chips)
Seat 5: 5bf645b0 ($5.62 in chips)
Seat 6: ea3f860e ($11.27 in chips)
936d932e: posts small blind $0.05
5bf645b0: posts big blind $0.1
*** HOLE CARDS ***
Dealt to a1a079ca 
Dealt to 5c96f8c5 
Dealt to Hero [4d 4h]
Dealt to 936d932e 
Dealt to 5bf645b0 
Dealt to ea3f860e 
ea3f860e: folds
a1a079ca: folds
5c96f8c5: raises $0.15 to $0.25
Hero: folds
936d932e: folds
5bf645b0: calls $0.15
*** FLOP *** [7h 7s 6s]
5bf645b0: checks
5c96f8c5: checks
*** TURN *** [7h 7s 6s] [Qc]
5bf645b0: bets $0.28
5c96f8c5: folds
Uncalled bet ($0.28) returned to 5bf645b0
*** SHOWDOWN ***
5bf645b0 collected $0.53 from pot
*** SUMMARY ***
Total pot $0.55 | Rake $0.02 | Jackpot $0 | Bingo $0 | Fortune $0 | Tax $0
Board [7h 7s 6s Qc]
Seat 1: a1a079ca folded before Flop (didn't bet)
Seat 2: 5c96f8c5 folded on the Turn
Seat 3: Hero (button) folded before Flop (didn't bet)
Seat 4: 936d932e (small blind) folded before Flop
Seat 5: 5bf645b0 (big blind) won ($0.53)
Seat 6: ea3f860e folded before Flop (didn't bet)


Poker Hand #HD1781993886: Hold'em No Limit ($0.05/$0.1) - 2024/05/21 16:32:05
Table 'NLHRed38' 6-max Seat #2 is the button
Seat 1: a1a079ca ($10.77 in chips)
Seat 2: 5c96f8c5 ($12.13 in chips)
Seat 3: Hero ($10.05 in chips)
Seat 4: 936d932e ($10 in chips)
Seat 6: ea3f860e ($10.8 in chips)
Hero: posts small blind $0.05
936d932e: posts big blind $0.1
*** HOLE CARDS ***
Dealt to a1a079ca 
Dealt to 5c96f8c5 
Dealt to Hero [Kc 3h]
Dealt to 936d932e 
Dealt to ea3f860e 
ea3f860e: raises $0.15 to $0.25
a1a079ca: folds
5c96f8c5: folds
Hero: folds
936d932e: calls $0.15
*** FLOP *** [Jh Js 7d]
936d932e: checks
ea3f860e: checks
*** TURN *** [Jh Js 7d] [6s]
936d932e: bets $0.22
ea3f860e: calls $0.22
*** RIVER *** [Jh Js 7d 6s] [7h]
936d932e: checks
ea3f860e: bets $0.99
936d932e: folds
Uncalled bet ($0.99) returned to ea3f860e
*** SHOWDOWN ***
ea3f860e collected $0.94 from pot
*** SUMMARY ***
Total pot $0.99 | Rake $0.05 | Jackpot $0 | Bingo $0 | Fortune $0 | Tax $0
Board [Jh Js 7d 6s 7h]
Seat 1: a1a079ca folded before Flop (didn't bet)
Seat 2: 5c96f8c5 (button) folded before Flop (didn't bet)
Seat 3: Hero (small blind) folded before Flop
Seat 4: 936d932e (big blind) folded on the River
Seat 6: ea3f860e won ($0.94)


Poker Hand #HD1781993822: Hold'em No Limit ($0.05/$0.1) - 2024/05/21 16:31:36
Table 'NLHRed38' 6-max Seat #1 is the button
Seat 1: a1a079ca ($10.77 in chips)
Seat 2: 5c96f8c5 ($12.18 in chips)
Seat 3: Hero ($10 in chips)
Seat 5: 5bf645b0 ($5.62 in chips)
Seat 6: ea3f860e ($10.8 in chips)
5c96f8c5: posts small blind $0.05
Hero: posts big blind $0.1
*** HOLE CARDS ***
Dealt to a1a079ca 
Dealt to 5c96f8c5 
Dealt to Hero [5h Ah]
Dealt to 5bf645b0 
Dealt to ea3f860e 
5bf645b0: folds
ea3f860e: folds
a1a079ca: folds
5c96f8c5: folds
Uncalled bet ($0.05) returned to Hero
*** SHOWDOWN ***
Hero collected $0.1 from pot
*** SUMMARY ***
Total pot $0.1 | Rake $0 | Jackpot $0 | Bingo $0 | Fortune $0 | Tax $0
Seat 1: a1a079ca (button) folded before Flop (didn't bet)
Seat 2: 5c96f8c5 (small blind) folded before Flop
Seat 3: Hero (big blind) collected ($0.1)
Seat 5: 5bf645b0 folded before Flop (didn't bet)
Seat 6: ea3f860e folded before Flop (didn't bet)


Poker Hand #HD1781993750: Hold'em No Limit ($0.05/$0.1) - 2024/05/21 16:30:57
Table 'NLHRed38' 6-max Seat #6 is the button
Seat 1: a1a079ca ($10.82 in chips)
Seat 2: 5c96f8c5 ($12.13 in chips)
Seat 3: Hero ($10 in chips)
Seat 5: 5bf645b0 ($5.62 in chips)
Seat 6: ea3f860e ($10.8 in chips)
a1a079ca: posts small blind $0.05
5c96f8c5: posts big blind $0.1
*** HOLE CARDS ***
Dealt to a1a079ca 
Dealt to 5c96f8c5 
Dealt to Hero [5c 6h]
Dealt to 5bf645b0 
Dealt to ea3f860e 
Hero: folds
5bf645b0: folds
ea3f860e: folds
a1a079ca: folds
Uncalled bet ($0.05) returned to 5c96f8c5
*** SHOWDOWN ***
5c96f8c5 collected $0.1 from pot
*** SUMMARY ***
Total pot $0.1 | Rake $0 | Jackpot $0 | Bingo $0 | Fortune $0 | Tax $0
Seat 1: a1a079ca (small blind) folded before Flop
Seat 2: 5c96f8c5 (big blind) collected ($0.1)
Seat 3: Hero folded before Flop (didn't bet)
Seat 5: 5bf645b0 folded before Flop (didn't bet)
Seat 6: ea3f860e (button) folded before Flop (didn't bet)


Poker Hand #HD1781993580: Hold'em No Limit ($0.05/$0.1) - 2024/05/21 16:29:38
Table 'NLHRed38' 6-max Seat #5 is the button
Seat 1: a1a079ca ($10.92 in chips)
Seat 2: 5c96f8c5 ($12.13 in chips)
Seat 3: Hero ($10 in chips)
Seat 4: ee9be26 ($15.35 in chips)
Seat 5: 5bf645b0 ($5.62 in chips)
Seat 6: ea3f860e ($10.52 in chips)
ea3f860e: posts small blind $0.05
a1a079ca: posts big blind $0.1
*** HOLE CARDS ***
Dealt to a1a079ca 
Dealt to 5c96f8c5 
Dealt to Hero [Td Kd]
Dealt to ee9be26 
Dealt to 5bf645b0 
Dealt to ea3f860e 
5c96f8c5: folds
Hero: raises $0.1 to $0.2
ee9be26: folds
5bf645b0: folds
ea3f860e: calls $0.15
a1a079ca: folds
*** FLOP *** [Qc 5h 2h]
ea3f860e: checks
Hero: checks
*** TURN *** [Qc 5h 2h] [7h]
ea3f860e: bets $0.25
Hero: folds
Uncalled bet ($0.25) returned to ea3f860e
*** SHOWDOWN ***
ea3f860e collected $0.48 from pot
*** SUMMARY ***
Total pot $0.5 | Rake $0.02 | Jackpot $0 | Bingo $0 | Fortune $0 | Tax $0
Board [Qc 5h 2h 7h]
Seat 1: a1a079ca (big blind) folded before Flop
Seat 2: 5c96f8c5 folded before Flop (didn't bet)
Seat 3: Hero folded on the Turn
Seat 4: ee9be26 folded before Flop (didn't bet)
Seat 5: 5bf645b0 (button) folded before Flop (didn't bet)
Seat 6: ea3f860e (small blind) won ($0.48)


Poker Hand #HD1781993301: Hold'em No Limit ($0.05/$0.1) - 2024/05/21 16:27:26
Table 'NLHRed38' 6-max Seat #4 is the button
Seat 1: a1a079ca ($10.92 in chips)
Seat 2: 5c96f8c5 ($12.13 in chips)
Seat 3: Hero ($11.26 in chips)
Seat 4: ee9be26 ($8.05 in chips)
Seat 5: 5bf645b0 ($5.67 in chips)
Seat 6: ea3f860e ($10.62 in chips)
5bf645b0: posts small blind $0.05
ea3f860e: posts big blind $0.1
*** HOLE CARDS ***
Dealt to a1a079ca 
Dealt to 5c96f8c5 
Dealt to Hero [Qs Ad]
Dealt to ee9be26 
Dealt to 5bf645b0 
Dealt to ea3f860e 
a1a079ca: folds
5c96f8c5: folds
Hero: raises $0.14 to $0.24
ee9be26: raises $0.58 to $0.82
5bf645b0: folds
ea3f860e: folds
Hero: raises $1.28 to $2.1
ee9be26: calls $1.28
*** FLOP *** [Qc 8s 8d]
Hero: bets $1
ee9be26: calls $1
*** TURN *** [Qc 8s 8d] [9h]
Hero: bets $1.5
ee9be26: calls $1.5
*** RIVER *** [Qc 8s 8d 9h] [Ah]
Hero: bets $6.66 and is all-in
ee9be26: calls $3.45 and is all-in
Uncalled bet ($3.21) returned to Hero
Hero: shows [Qs Ad] (Pair of Aces and Pair of Queens)
ee9be26: shows [Qd Qh] (Queens Full over Eights)
*** SHOWDOWN ***
ee9be26 collected $15.35 from pot
*** SUMMARY ***
Total pot $16.25 | Rake $0.8 | Jackpot $0.1 | Bingo $0 | Fortune $0 | Tax $0
Board [Qc 8s 8d 9h Ah]
Seat 1: a1a079ca folded before Flop (didn't bet)
Seat 2: 5c96f8c5 folded before Flop (didn't bet)
Seat 3: Hero showed [Qs Ad] and lost with Pair of Aces and Pair of Queens
Seat 4: ee9be26 (button) showed [Qd Qh] and won ($15.35) with Queens Full over Eights
Seat 5: 5bf645b0 (small blind) folded before Flop
Seat 6: ea3f860e (big blind) folded before Flop


Poker Hand #HD1781993214: Hold'em No Limit ($0.05/$0.1) - 2024/05/21 16:26:43
Table 'NLHRed38' 6-max Seat #3 is the button
Seat 1: a1a079ca ($10.92 in chips)
Seat 2: 5c96f8c5 ($12.66 in chips)
Seat 3: Hero ($11.26 in chips)
Seat 4: ee9be26 ($8.1 in chips)
Seat 5: 5bf645b0 ($5.14 in chips)
Seat 6: ea3f860e ($10.62 in chips)
ee9be26: posts small blind $0.05
5bf645b0: posts big blind $0.1
*** HOLE CARDS ***
Dealt to a1a079ca 
Dealt to 5c96f8c5 
Dealt to Hero [8d Jh]
Dealt to ee9be26 
Dealt to 5bf645b0 
Dealt to ea3f860e 
ea3f860e: folds
a1a079ca: folds
5c96f8c5: raises $0.15 to $0.25
Hero: folds
ee9be26: folds
5bf645b0: calls $0.15
*** FLOP *** [5d Js Qs]
5bf645b0: bets $0.28
5c96f8c5: calls $0.28
*** TURN *** [5d Js Qs] [9d]
5bf645b0: bets $0.84
5c96f8c5: folds
Uncalled bet ($0.84) returned to 5bf645b0
*** SHOWDOWN ***
5bf645b0 collected $1.06 from pot
*** SUMMARY ***
Total pot $1.11 | Rake $0.05 | Jackpot $0 | Bingo $0 | Fortune $0 | Tax $0
Board [5d Js Qs 9d]
Seat 1: a1a079ca folded before Flop (didn't bet)
Seat 2: 5c96f8c5 folded on the Turn
Seat 3: Hero (button) folded before Flop (didn't bet)
Seat 4: ee9be26 (small blind) folded before Flop
Seat 5: 5bf645b0 (big blind) won ($1.06)
Seat 6: ea3f860e folded before Flop (didn't bet)


Poker Hand #HD1781993131: Hold'em No Limit ($0.05/$0.1) - 2024/05/21 16:26:02
Table 'NLHRed38' 6-max Seat #2 is the button
Seat 1: a1a079ca ($10.92 in chips)
Seat 2: 5c96f8c5 ($12.66 in chips)
Seat 3: Hero ($11.16 in chips)
Seat 4: ee9be26 ($8.2 in chips)
Seat 5: 5bf645b0 ($5.14 in chips)
Seat 6: ea3f860e ($10.62 in chips)
Hero: posts small blind $0.05
ee9be26: posts big blind $0.1
*** HOLE CARDS ***
Dealt to a1a079ca 
Dealt to 5c96f8c5 
Dealt to Hero [Ah 4s]
Dealt to ee9be26 
Dealt to 5bf645b0 
Dealt to ea3f860e 
5bf645b0: folds
ea3f860e: folds
a1a079ca: folds
5c96f8c5: folds
Hero: raises $0.2 to $0.3
ee9be26: folds
Uncalled bet ($0.2) returned to Hero
*** SHOWDOWN ***
Hero collected $0.2 from pot
*** SUMMARY ***
Total pot $0.2 | Rake $0 | Jackpot $0 | Bingo $0 | Fortune $0 | Tax $0
Seat 1: a1a079ca folded before Flop (didn't bet)
Seat 2: 5c96f8c5 (button) folded before Flop (didn't bet)
Seat 3: Hero (small blind) collected ($0.2)
Seat 4: ee9be26 (big blind) folded before Flop
Seat 5: 5bf645b0 folded before Flop (didn't bet)
Seat 6: ea3f860e folded before Flop (didn't bet)


Poker Hand #HD1781992975: Hold'em No Limit ($0.05/$0.1) - 2024/05/21 16:24:54
Table 'NLHRed38' 6-max Seat #1 is the button
Seat 1: a1a079ca ($10.92 in chips)
Seat 2: 5c96f8c5 ($12.43 in chips)
Seat 3: Hero ($11.41 in chips)
Seat 4: ee9be26 ($8.2 in chips)
Seat 5: 5bf645b0 ($5.14 in chips)
Seat 6: ea3f860e ($10.62 in chips)
5c96f8c5: posts small blind $0.05
Hero: posts big blind $0.1
*** HOLE CARDS ***
Dealt to a1a079ca 
Dealt to 5c96f8c5 
Dealt to Hero [Kc 7c]
Dealt to ee9be26 
Dealt to 5bf645b0 
Dealt to ea3f860e 
ee9be26: folds
5bf645b0: folds
ea3f860e: folds
a1a079ca: folds
5c96f8c5: raises $0.15 to $0.25
Hero: calls $0.15
*** FLOP *** [9h Js Ts]
5c96f8c5: checks
Hero: checks
*** TURN *** [9h Js Ts] [Th]
5c96f8c5: bets $0.25
Hero: folds
Uncalled bet ($0.25) returned to 5c96f8c5
*** SHOWDOWN ***
5c96f8c5 collected $0.48 from pot
*** SUMMARY ***
Total pot $0.5 | Rake $0.02 | Jackpot $0 | Bingo $0 | Fortune $0 | Tax $0
Board [9h Js Ts Th]
Seat 1: a1a079ca (button) folded before Flop (didn't bet)
Seat 2: 5c96f8c5 (small blind) won ($0.48)
Seat 3: Hero (big blind) folded on the Turn
Seat 4: ee9be26 folded before Flop (didn't bet)
Seat 5: 5bf645b0 folded before Flop (didn't bet)
Seat 6: ea3f860e folded before Flop (didn't bet)


Poker Hand #HD1781992872: Hold'em No Limit ($0.05/$0.1) - 2024/05/21 16:24:01
Table 'NLHRed38' 6-max Seat #6 is the button
Seat 1: a1a079ca ($10.97 in chips)
Seat 2: 5c96f8c5 ($12.53 in chips)
Seat 3: Hero ($11.41 in chips)
Seat 4: ee9be26 ($8.2 in chips)
Seat 5: 5bf645b0 ($5 in chips)
Seat 6: ea3f860e ($10.62 in chips)
a1a079ca: posts small blind $0.05
5c96f8c5: posts big blind $0.1
5bf645b0: posts big blind $0.1
*** HOLE CARDS ***
Dealt to a1a079ca 
Dealt to 5c96f8c5 
Dealt to Hero [Jc 8c]
Dealt to ee9be26 
Dealt to 5bf645b0 
Dealt to ea3f860e 
Hero: folds
ee9be26: folds
5bf645b0: checks
ea3f860e: folds
a1a079ca: folds
5c96f8c5: checks
*** FLOP *** [5h 8h Qs]
5c96f8c5: checks
5bf645b0: bets $0.13
5c96f8c5: folds
Uncalled bet ($0.13) returned to 5bf645b0
*** SHOWDOWN ***
5bf645b0 collected $0.24 from pot
*** SUMMARY ***
Total pot $0.25 | Rake $0.01 | Jackpot $0 | Bingo $0 | Fortune $0 | Tax $0
Board [5h 8h Qs]
Seat 1: a1a079ca (small blind) folded before Flop
Seat 2: 5c96f8c5 (big blind) folded on the Flop
Seat 3: Hero folded before Flop (didn't bet)
Seat 4: ee9be26 folded before Flop (didn't bet)
Seat 5: 5bf645b0 won ($0.24)
Seat 6: ea3f860e (button) folded before Flop (didn't bet)


Poker Hand #HD1781992804: Hold'em No Limit ($0.05/$0.1) - 2024/05/21 16:23:30
Table 'NLHRed38' 6-max Seat #4 is the button
Seat 1: a1a079ca ($11.07 in chips)
Seat 2: 5c96f8c5 ($12.53 in chips)
Seat 3: Hero ($11.41 in chips)
Seat 4: ee9be26 ($8.05 in chips)
Seat 6: ea3f860e ($10.67 in chips)
ea3f860e: posts small blind $0.05
a1a079ca: posts big blind $0.1
*** HOLE CARDS ***
Dealt to a1a079ca 
Dealt to 5c96f8c5 
Dealt to Hero [Kd 4s]
Dealt to ee9be26 
Dealt to ea3f860e 
5c96f8c5: folds
Hero: folds
ee9be26: raises $0.2 to $0.3
ea3f860e: folds
a1a079ca: folds
Uncalled bet ($0.2) returned to ee9be26
*** SHOWDOWN ***
ee9be26 collected $0.25 from pot
*** SUMMARY ***
Total pot $0.25 | Rake $0 | Jackpot $0 | Bingo $0 | Fortune $0 | Tax $0
Seat 1: a1a079ca (big blind) folded before Flop
Seat 2: 5c96f8c5 folded before Flop (didn't bet)
Seat 3: Hero folded before Flop (didn't bet)
Seat 4: ee9be26 (button) collected ($0.25)
Seat 6: ea3f860e (small blind) folded before Flop


Poker Hand #HD1781992679: Hold'em No Limit ($0.05/$0.1) - 2024/05/21 16:22:29
Table 'NLHRed38' 6-max Seat #3 is the button
Seat 1: a1a079ca ($11.07 in chips)
Seat 2: 5c96f8c5 ($11.94 in chips)
Seat 3: Hero ($11.41 in chips)
Seat 4: ee9be26 ($8.6 in chips)
Seat 6: ea3f860e ($10.77 in chips)
ee9be26: posts small blind $0.05
ea3f860e: posts big blind $0.1
*** HOLE CARDS ***
Dealt to a1a079ca 
Dealt to 5c96f8c5 
Dealt to Hero [2d 7h]
Dealt to ee9be26 
Dealt to ea3f860e 
a1a079ca: folds
5c96f8c5: raises $0.15 to $0.25
Hero: folds
ee9be26: calls $0.2
ea3f860e: folds
*** FLOP *** [Jh Js Kd]
ee9be26: checks
5c96f8c5: bets $0.3
ee9be26: calls $0.3
*** TURN *** [Jh Js Kd] [6h]
ee9be26: checks
5c96f8c5: bets $0.9
ee9be26: folds
Uncalled bet ($0.9) returned to 5c96f8c5
*** SHOWDOWN ***
5c96f8c5 collected $1.14 from pot
*** SUMMARY ***
Total pot $1.2 | Rake $0.06 | Jackpot $0 | Bingo $0 | Fortune $0 | Tax $0
Board [Jh Js Kd 6h]
Seat 1: a1a079ca folded before Flop (didn't bet)
Seat 2: 5c96f8c5 won ($1.14)
Seat 3: Hero (button) folded before Flop (didn't bet)
Seat 4: ee9be26 (small blind) folded on the Turn
Seat 6: ea3f860e (big blind) folded before Flop


Poker Hand #HD1781992622: Hold'em No Limit ($0.05/$0.1) - 2024/05/21 16:22:01
Table 'NLHRed38' 6-max Seat #2 is the button
Seat 1: a1a079ca ($11.07 in chips)
Seat 2: 5c96f8c5 ($11.94 in chips)
Seat 3: Hero ($11.46 in chips)
Seat 4: ee9be26 ($8.7 in chips)
Seat 5: ad6c3a9e ($10.32 in chips)
Seat 6: ea3f860e ($10.4 in chips)
Hero: posts small blind $0.05
ee9be26: posts big blind $0.1
*** HOLE CARDS ***
Dealt to a1a079ca 
Dealt to 5c96f8c5 
Dealt to Hero [Ah 3h]
Dealt to ee9be26 
Dealt to ad6c3a9e 
Dealt to ea3f860e 
ad6c3a9e: raises $0.15 to $0.25
ea3f860e: raises $0.33 to $0.58
a1a079ca: folds
5c96f8c5: folds
Hero: folds
ee9be26: folds
ad6c3a9e: folds
Uncalled bet ($0.33) returned to ea3f860e
*** SHOWDOWN ***
ea3f860e collected $0.62 from pot
*** SUMMARY ***
Total pot $0.65 | Rake $0.03 | Jackpot $0 | Bingo $0 | Fortune $0 | Tax $0
Seat 1: a1a079ca folded before Flop (didn't bet)
Seat 2: 5c96f8c5 (button) folded before Flop (didn't bet)
Seat 3: Hero (small blind) folded before Flop
Seat 4: ee9be26 (big blind) folded before Flop
Seat 5: ad6c3a9e folded before Flop
Seat 6: ea3f860e collected ($0.62)


Poker Hand #HD1781992506: Hold'em No Limit ($0.05/$0.1) - 2024/05/21 16:21:03
Table 'NLHRed38' 6-max Seat #1 is the button
Seat 1: a1a079ca ($10.2 in chips)
Seat 2: 5c96f8c5 ($11.99 in chips)
Seat 3: Hero ($11.56 in chips)
Seat 4: ee9be26 ($9.5 in chips)
Seat 5: ad6c3a9e ($10.32 in chips)
Seat 6: ea3f860e ($10.4 in chips)
5c96f8c5: posts small blind $0.05
Hero: posts big blind $0.1
*** HOLE CARDS ***
Dealt to a1a079ca 
Dealt to 5c96f8c5 
Dealt to Hero [9d 7s]
Dealt to ee9be26 
Dealt to ad6c3a9e 
Dealt to ea3f860e 
ee9be26: raises $0.2 to $0.3
ad6c3a9e: folds
ea3f860e: folds
a1a079ca: raises $0.5 to $0.8
5c96f8c5: folds
Hero: folds
ee9be26: calls $0.5
*** FLOP *** [Tc 7d 6d]
ee9be26: checks
a1a079ca: bets $0.97
ee9be26: folds
Uncalled bet ($0.97) returned to a1a079ca
*** SHOWDOWN ***
a1a079ca collected $1.67 from pot
*** SUMMARY ***
Total pot $1.75 | Rake $0.08 | Jackpot $0 | Bingo $0 | Fortune $0 | Tax $0
Board [Tc 7d 6d]
Seat 1: a1a079ca (button) won ($1.67)
Seat 2: 5c96f8c5 (small blind) folded before Flop
Seat 3: Hero (big blind) folded before Flop
Seat 4: ee9be26 folded on the Flop
Seat 5: ad6c3a9e folded before Flop (didn't bet)
Seat 6: ea3f860e folded before Flop (didn't bet)


Poker Hand #HD1781992465: Hold'em No Limit ($0.05/$0.1) - 2024/05/21 16:20:44
Table 'NLHRed38' 6-max Seat #6 is the button
Seat 1: a1a079ca ($10.25 in chips)
Seat 2: 5c96f8c5 ($11.94 in chips)
Seat 3: Hero ($11.56 in chips)
Seat 4: ee9be26 ($9.5 in chips)
Seat 5: ad6c3a9e ($10.32 in chips)
Seat 6: ea3f860e ($10.4 in chips)
a1a079ca: posts small blind $0.05
5c96f8c5: posts big blind $0.1
*** HOLE CARDS ***
Dealt to a1a079ca 
Dealt to 5c96f8c5 
Dealt to Hero [Ts 3c]
Dealt to ee9be26 
Dealt to ad6c3a9e 
Dealt to ea3f860e 
Hero: folds
ee9be26: folds
ad6c3a9e: folds
ea3f860e: folds
a1a079ca: folds
Uncalled bet ($0.05) returned to 5c96f8c5
*** SHOWDOWN ***
5c96f8c5 collected $0.1 from pot
*** SUMMARY ***
Total pot $0.1 | Rake $0 | Jackpot $0 | Bingo $0 | Fortune $0 | Tax $0
Seat 1: a1a079ca (small blind) folded before Flop
Seat 2: 5c96f8c5 (big blind) collected ($0.1)
Seat 3: Hero folded before Flop (didn't bet)
Seat 4: ee9be26 folded before Flop (didn't bet)
Seat 5: ad6c3a9e folded before Flop (didn't bet)
Seat 6: ea3f860e (button) folded before Flop (didn't bet)


Poker Hand #HD1781992367: Hold'em No Limit ($0.05/$0.1) - 2024/05/21 16:20:05
Table 'NLHRed38' 6-max Seat #5 is the button
Seat 1: a1a079ca ($10.2 in chips)
Seat 2: 5c96f8c5 ($11.94 in chips)
Seat 3: Hero ($11.56 in chips)
Seat 4: ee9be26 ($9.5 in chips)
Seat 5: ad6c3a9e ($10.32 in chips)
Seat 6: ea3f860e ($10.45 in chips)
ea3f860e: posts small blind $0.05
a1a079ca: posts big blind $0.1
*** HOLE CARDS ***
Dealt to a1a079ca 
Dealt to 5c96f8c5 
Dealt to Hero [3h Ks]
Dealt to ee9be26 
Dealt to ad6c3a9e 
Dealt to ea3f860e 
5c96f8c5: folds
Hero: folds
ee9be26: folds
ad6c3a9e: folds
ea3f860e: folds
Uncalled bet ($0.05) returned to a1a079ca
*** SHOWDOWN ***
a1a079ca collected $0.1 from pot
*** SUMMARY ***
Total pot $0.1 | Rake $0 | Jackpot $0 | Bingo $0 | Fortune $0 | Tax $0
Seat 1: a1a079ca (big blind) collected ($0.1)
Seat 2: 5c96f8c5 folded before Flop (didn't bet)
Seat 3: Hero folded before Flop (didn't bet)
Seat 4: ee9be26 folded before Flop (didn't bet)
Seat 5: ad6c3a9e (button) folded before Flop (didn't bet)
Seat 6: ea3f860e (small blind) folded before Flop


Poker Hand #HD1781992192: Hold'em No Limit ($0.05/$0.1) - 2024/05/21 16:18:30
Table 'NLHRed38' 6-max Seat #4 is the button
Seat 1: a1a079ca ($10.45 in chips)
Seat 2: 5c96f8c5 ($11.94 in chips)
Seat 3: Hero ($11.56 in chips)
Seat 4: ee9be26 ($9.5 in chips)
Seat 5: ad6c3a9e ($10 in chips)
Seat 6: ea3f860e ($10.55 in chips)
ad6c3a9e: posts small blind $0.05
ea3f860e: posts big blind $0.1
*** HOLE CARDS ***
Dealt to a1a079ca 
Dealt to 5c96f8c5 
Dealt to Hero [4s Jc]
Dealt to ee9be26 
Dealt to ad6c3a9e 
Dealt to ea3f860e 
a1a079ca: raises $0.15 to $0.25
5c96f8c5: folds
Hero: folds
ee9be26: folds
ad6c3a9e: calls $0.2
ea3f860e: folds
*** FLOP *** [8d 8h 5s]
ad6c3a9e: checks
a1a079ca: checks
*** TURN *** [8d 8h 5s] [9d]
ad6c3a9e: checks
a1a079ca: checks
*** RIVER *** [8d 8h 5s 9d] [3s]
ad6c3a9e: checks
a1a079ca: checks
ad6c3a9e: shows [Ks Ah] (Pair of Eights)
a1a079ca: shows [Qh Ad] (Pair of Eights)
*** SHOWDOWN ***
ad6c3a9e collected $0.57 from pot
*** SUMMARY ***
Total pot $0.6 | Rake $0.03 | Jackpot $0 | Bingo $0 | Fortune $0 | Tax $0
Board [8d 8h 5s 9d 3s]
Seat 1: a1a079ca showed [Qh Ad] and lost with Pair of Eights
Seat 2: 5c96f8c5 folded before Flop (didn't bet)
Seat 3: Hero folded before Flop (didn't bet)
Seat 4: ee9be26 (button) folded before Flop (didn't bet)
Seat 5: ad6c3a9e (small blind) showed [Ks Ah] and won ($0.57) with Pair of Eights
Seat 6: ea3f860e (big blind) folded before Flop


Poker Hand #HD1781991964: Hold'em No Limit ($0.05/$0.1) - 2024/05/21 16:16:39
Table 'NLHRed38' 6-max Seat #3 is the button
Seat 1: a1a079ca ($10.45 in chips)
Seat 2: 5c96f8c5 ($12.84 in chips)
Seat 3: Hero ($10.6 in chips)
Seat 4: ee9be26 ($9.55 in chips)
Seat 5: ad6c3a9e ($10 in chips)
Seat 6: ea3f860e ($10.55 in chips)
ee9be26: posts small blind $0.05
ad6c3a9e: posts big blind $0.1
*** HOLE CARDS ***
Dealt to a1a079ca 
Dealt to 5c96f8c5 
Dealt to Hero [Kh Kd]
Dealt to ee9be26 
Dealt to ad6c3a9e 
Dealt to ea3f860e 
ea3f860e: folds
a1a079ca: folds
5c96f8c5: raises $0.15 to $0.25
Hero: raises $0.65 to $0.9
ee9be26: folds
ad6c3a9e: folds
5c96f8c5: calls $0.65
*** FLOP *** [Ac Qh 9c]
5c96f8c5: checks
Hero: checks
*** TURN *** [Ac Qh 9c] [Qd]
5c96f8c5: checks
Hero: checks
*** RIVER *** [Ac Qh 9c Qd] [Jc]
5c96f8c5: checks
Hero: bets $0.7
5c96f8c5: folds
Uncalled bet ($0.7) returned to Hero
*** SHOWDOWN ***
Hero collected $1.86 from pot
*** SUMMARY ***
Total pot $1.95 | Rake $0.09 | Jackpot $0 | Bingo $0 | Fortune $0 | Tax $0
Board [Ac Qh 9c Qd Jc]
Seat 1: a1a079ca folded before Flop (didn't bet)
Seat 2: 5c96f8c5 folded on the River
Seat 3: Hero (button) won ($1.86)
Seat 4: ee9be26 (small blind) folded before Flop
Seat 5: ad6c3a9e (big blind) folded before Flop
Seat 6: ea3f860e folded before Flop (didn't bet)


Poker Hand #HD1781991940: Hold'em No Limit ($0.05/$0.1) - 2024/05/21 16:16:23
Table 'NLHRed38' 6-max Seat #2 is the button
Seat 1: a1a079ca ($10.45 in chips)
Seat 2: 5c96f8c5 ($12.84 in chips)
Seat 3: Hero ($10.65 in chips)
Seat 4: ee9be26 ($9.5 in chips)
Seat 5: ad6c3a9e ($10 in chips)
Seat 6: ea3f860e ($10.55 in chips)
Hero: posts small blind $0.05
ee9be26: posts big blind $0.1
*** HOLE CARDS ***
Dealt to a1a079ca 
Dealt to 5c96f8c5 
Dealt to Hero [2s Jc]
Dealt to ee9be26 
Dealt to ad6c3a9e 
Dealt to ea3f860e 
ad6c3a9e: folds
ea3f860e: folds
a1a079ca: folds
5c96f8c5: folds
Hero: folds
Uncalled bet ($0.05) returned to ee9be26
*** SHOWDOWN ***
ee9be26 collected $0.1 from pot
*** SUMMARY ***
Total pot $0.1 | Rake $0 | Jackpot $0 | Bingo $0 | Fortune $0 | Tax $0
Seat 1: a1a079ca folded before Flop (didn't bet)
Seat 2: 5c96f8c5 (button) folded before Flop (didn't bet)
Seat 3: Hero (small blind) folded before Flop
Seat 4: ee9be26 (big blind) collected ($0.1)
Seat 5: ad6c3a9e folded before Flop (didn't bet)
Seat 6: ea3f860e folded before Flop (didn't bet)


Poker Hand #HD1781991840: Hold'em No Limit ($0.05/$0.1) - 2024/05/21 16:15:32
Table 'NLHRed38' 6-max Seat #1 is the button
Seat 1: a1a079ca ($10.45 in chips)
Seat 2: 5c96f8c5 ($12.89 in chips)
Seat 3: Hero ($10.15 in chips)
Seat 4: ee9be26 ($10 in chips)
Seat 5: ad6c3a9e ($10 in chips)
Seat 6: ea3f860e ($10.55 in chips)
5c96f8c5: posts small blind $0.05
Hero: posts big blind $0.1
ee9be26: straddle $0.2
*** HOLE CARDS ***
Dealt to a1a079ca 
Dealt to 5c96f8c5 
Dealt to Hero [9h 9s]
Dealt to ee9be26 
Dealt to ad6c3a9e 
Dealt to ea3f860e 
ad6c3a9e: folds
ea3f860e: folds
a1a079ca: folds
5c96f8c5: folds
Hero: raises $0.3 to $0.5
ee9be26: calls $0.3
*** FLOP *** [Th Ks 5c]
Hero: bets $0.35
ee9be26: folds
Uncalled bet ($0.35) returned to Hero
*** SHOWDOWN ***
Hero collected $1 from pot
*** SUMMARY ***
Total pot $1.05 | Rake $0.05 | Jackpot $0 | Bingo $0 | Fortune $0 | Tax $0
Board [Th Ks 5c]
Seat 1: a1a079ca (button) folded before Flop (didn't bet)
Seat 2: 5c96f8c5 (small blind) folded before Flop
Seat 3: Hero (big blind) won ($1)
Seat 4: ee9be26 folded on the Flop
Seat 5: ad6c3a9e folded before Flop (didn't bet)
Seat 6: ea3f860e folded before Flop (didn't bet)


Poker Hand #HD1781991786: Hold'em No Limit ($0.05/$0.1) - 2024/05/21 16:15:07
Table 'NLHRed38' 6-max Seat #6 is the button
Seat 1: a1a079ca ($10.5 in chips)
Seat 2: 5c96f8c5 ($12.99 in chips)
Seat 3: Hero ($10 in chips)
Seat 5: ad6c3a9e ($10 in chips)
Seat 6: ea3f860e ($10.55 in chips)
a1a079ca: posts small blind $0.05
5c96f8c5: posts big blind $0.1
*** HOLE CARDS ***
Dealt to a1a079ca 
Dealt to 5c96f8c5 
Dealt to Hero [5h 5d]
Dealt to ad6c3a9e 
Dealt to ea3f860e 
Hero: raises $0.1 to $0.2
ad6c3a9e: folds
ea3f860e: folds
a1a079ca: folds
5c96f8c5: folds
Uncalled bet ($0.1) returned to Hero
*** SHOWDOWN ***
Hero collected $0.25 from pot
*** SUMMARY ***
Total pot $0.25 | Rake $0 | Jackpot $0 | Bingo $0 | Fortune $0 | Tax $0
Seat 1: a1a079ca (small blind) folded before Flop
Seat 2: 5c96f8c5 (big blind) folded before Flop
Seat 3: Hero collected ($0.25)
Seat 5: ad6c3a9e folded before Flop (didn't bet)
Seat 6: ea3f860e (button) folded before Flop (didn't bet)


Poker Hand #HD1781991751: Hold'em No Limit ($0.05/$0.1) - 2024/05/21 16:14:47
Table 'NLHRed38' 6-max Seat #5 is the button
Seat 1: a1a079ca ($10.45 in chips)
Seat 2: 5c96f8c5 ($12.99 in chips)
Seat 3: Hero ($10 in chips)
Seat 5: ad6c3a9e ($10 in chips)
Seat 6: ea3f860e ($10.6 in chips)
ea3f860e: posts small blind $0.05
a1a079ca: posts big blind $0.1
*** HOLE CARDS ***
Dealt to a1a079ca 
Dealt to 5c96f8c5 
Dealt to Hero [Ts 2h]
Dealt to ad6c3a9e 
Dealt to ea3f860e 
5c96f8c5: folds
Hero: folds
ad6c3a9e: folds
ea3f860e: folds
Uncalled bet ($0.05) returned to a1a079ca
*** SHOWDOWN ***
a1a079ca collected $0.1 from pot
*** SUMMARY ***
Total pot $0.1 | Rake $0 | Jackpot $0 | Bingo $0 | Fortune $0 | Tax $0
Seat 1: a1a079ca (big blind) collected ($0.1)
Seat 2: 5c96f8c5 folded before Flop (didn't bet)
Seat 3: Hero folded before Flop (didn't bet)
Seat 5: ad6c3a9e (button) folded before Flop (didn't bet)
Seat 6: ea3f860e (small blind) folded before Flop


Poker Hand #HD1781991615: Hold'em No Limit ($0.05/$0.1) - 2024/05/21 16:13:38
Table 'NLHRed38' 6-max Seat #3 is the button
Seat 1: a1a079ca ($10.45 in chips)
Seat 2: 5c96f8c5 ($12.99 in chips)
Seat 3: Hero ($10 in chips)
Seat 5: ad6c3a9e ($10 in chips)
Seat 6: ea3f860e ($10.06 in chips)
ad6c3a9e: posts small blind $0.05
ea3f860e: posts big blind $0.1
*** HOLE CARDS ***
Dealt to a1a079ca 
Dealt to 5c96f8c5 
Dealt to Hero [Ah 6d]
Dealt to ad6c3a9e 
Dealt to ea3f860e 
a1a079ca: folds
5c96f8c5: folds
Hero: folds
ad6c3a9e: raises $0.2 to $0.3
ea3f860e: calls $0.2
*** FLOP *** [2d Js Ks]
ad6c3a9e: bets $0.3
ea3f860e: calls $0.3
*** TURN *** [2d Js Ks] [9c]
ad6c3a9e: checks
ea3f860e: checks
*** RIVER *** [2d Js Ks 9c] [Qh]
ad6c3a9e: checks
ea3f860e: checks
ad6c3a9e: shows [8c 9h] (Pair of Nines)
ea3f860e: shows [8h Jh] (Pair of Jacks)
*** SHOWDOWN ***
ea3f860e collected $1.14 from pot
*** SUMMARY ***
Total pot $1.2 | Rake $0.06 | Jackpot $0 | Bingo $0 | Fortune $0 | Tax $0
Board [2d Js Ks 9c Qh]
Seat 1: a1a079ca folded before Flop (didn't bet)
Seat 2: 5c96f8c5 folded before Flop (didn't bet)
Seat 3: Hero (button) folded before Flop (didn't bet)
Seat 5: ad6c3a9e (small blind) showed [8c 9h] and lost with Pair of Nines
Seat 6: ea3f860e (big blind) showed [8h Jh] and won ($1.14) with Pair of Jacks


Poker Hand #HD1781991585: Hold'em No Limit ($0.05/$0.1) - 2024/05/21 16:13:23
Table 'NLHRed38' 6-max Seat #2 is the button
Seat 1: a1a079ca ($10.3 in chips)
Seat 2: 5c96f8c5 ($12.99 in chips)
Seat 3: Hero ($10 in chips)
Seat 5: ad6c3a9e ($10 in chips)
Seat 6: ea3f860e ($10.06 in chips)
Hero: posts small blind $0.05
ad6c3a9e: posts big blind $0.1
*** HOLE CARDS ***
Dealt to a1a079ca 
Dealt to 5c96f8c5 
Dealt to Hero [Ah 8d]
Dealt to ad6c3a9e 
Dealt to ea3f860e 
ea3f860e: folds
a1a079ca: raises $0.15 to $0.25
5c96f8c5: folds
Hero: folds
ad6c3a9e: folds
Uncalled bet ($0.15) returned to a1a079ca
*** SHOWDOWN ***
a1a079ca collected $0.25 from pot
*** SUMMARY ***
Total pot $0.25 | Rake $0 | Jackpot $0 | Bingo $0 | Fortune $0 | Tax $0
Seat 1: a1a079ca collected ($0.25)
Seat 2: 5c96f8c5 (button) folded before Flop (didn't bet)
Seat 3: Hero (small blind) folded before Flop
Seat 5: ad6c3a9e (big blind) folded before Flop
Seat 6: ea3f860e folded before Flop (didn't bet)


Poker Hand #HD1781991536: Hold'em No Limit ($0.05/$0.1) - 2024/05/21 16:13:00
Table 'NLHRed38' 6-max Seat #1 is the button
Seat 1: a1a079ca ($10.3 in chips)
Seat 2: 5c96f8c5 ($12.89 in chips)
Seat 3: Hero ($10 in chips)
Seat 5: ad6c3a9e ($10 in chips)
Seat 6: ea3f860e ($10.06 in chips)
5c96f8c5: posts small blind $0.05
Hero: posts big blind $0.1
*** HOLE CARDS ***
Dealt to a1a079ca 
Dealt to 5c96f8c5 
Dealt to Hero [Qd 2d]
Dealt to ad6c3a9e 
Dealt to ea3f860e 
ad6c3a9e: folds
ea3f860e: folds
a1a079ca: folds
5c96f8c5: raises $0.15 to $0.25
Hero: folds
Uncalled bet ($0.15) returned to 5c96f8c5
*** SHOWDOWN ***
5c96f8c5 collected $0.2 from pot
*** SUMMARY ***
Total pot $0.2 | Rake $0 | Jackpot $0 | Bingo $0 | Fortune $0 | Tax $0
Seat 1: a1a079ca (button) folded before Flop (didn't bet)
Seat 2: 5c96f8c5 (small blind) collected ($0.2)
Seat 3: Hero (big blind) folded before Flop
Seat 5: ad6c3a9e folded before Flop (didn't bet)
Seat 6: ea3f860e folded before Flop (didn't bet)


Poker Hand #HD1781991503: Hold'em No Limit ($0.05/$0.1) - 2024/05/21 16:12:39
Table 'NLHRed38' 6-max Seat #6 is the button
Seat 1: a1a079ca ($10.2 in chips)
Seat 2: 5c96f8c5 ($12.99 in chips)
Seat 3: Hero ($10 in chips)
Seat 5: ad6c3a9e ($10 in chips)
Seat 6: ea3f860e ($10.06 in chips)
a1a079ca: posts small blind $0.05
5c96f8c5: posts big blind $0.1
*** HOLE CARDS ***
Dealt to a1a079ca 
Dealt to 5c96f8c5 
Dealt to Hero [8d As]
Dealt to ad6c3a9e 
Dealt to ea3f860e 
Hero: folds
ad6c3a9e: folds
ea3f860e: folds
a1a079ca: raises $0.2 to $0.3
5c96f8c5: folds
Uncalled bet ($0.2) returned to a1a079ca
*** SHOWDOWN ***
a1a079ca collected $0.2 from pot
*** SUMMARY ***
Total pot $0.2 | Rake $0 | Jackpot $0 | Bingo $0 | Fortune $0 | Tax $0
Seat 1: a1a079ca (small blind) collected ($0.2)
Seat 2: 5c96f8c5 (big blind) folded before Flop
Seat 3: Hero folded before Flop (didn't bet)
Seat 5: ad6c3a9e folded before Flop (didn't bet)
Seat 6: ea3f860e (button) folded before Flop (didn't bet)


Poker Hand #HD1781991458: Hold'em No Limit ($0.05/$0.1) - 2024/05/21 16:12:13
Table 'NLHRed38' 6-max Seat #5 is the button
Seat 1: a1a079ca ($10.3 in chips)
Seat 2: 5c96f8c5 ($12.84 in chips)
Seat 3: Hero ($10 in chips)
Seat 5: ad6c3a9e ($10 in chips)
Seat 6: ea3f860e ($10.11 in chips)
ea3f860e: posts small blind $0.05
a1a079ca: posts big blind $0.1
*** HOLE CARDS ***
Dealt to a1a079ca 
Dealt to 5c96f8c5 
Dealt to Hero [5s 6s]
Dealt to ad6c3a9e 
Dealt to ea3f860e 
5c96f8c5: raises $0.15 to $0.25
Hero: folds
ad6c3a9e: folds
ea3f860e: folds
a1a079ca: folds
Uncalled bet ($0.15) returned to 5c96f8c5
*** SHOWDOWN ***
5c96f8c5 collected $0.25 from pot
*** SUMMARY ***
Total pot $0.25 | Rake $0 | Jackpot $0 | Bingo $0 | Fortune $0 | Tax $0
Seat 1: a1a079ca (big blind) folded before Flop
Seat 2: 5c96f8c5 collected ($0.25)
Seat 3: Hero folded before Flop (didn't bet)
Seat 5: ad6c3a9e (button) folded before Flop (didn't bet)
Seat 6: ea3f860e (small blind) folded before Flop


Poker Hand #HD1781991300: Hold'em No Limit ($0.05/$0.1) - 2024/05/21 16:10:52
Table 'NLHRed38' 6-max Seat #4 is the button
Seat 1: a1a079ca ($10.3 in chips)
Seat 2: 5c96f8c5 ($12.56 in chips)
Seat 3: Hero ($10 in chips)
Seat 4: e55341e9 ($7.73 in chips)
Seat 5: ad6c3a9e ($10 in chips)
Seat 6: ea3f860e ($10.36 in chips)
ad6c3a9e: posts small blind $0.05
ea3f860e: posts big blind $0.1
*** HOLE CARDS ***
Dealt to a1a079ca 
Dealt to 5c96f8c5 
Dealt to Hero [8h 5s]
Dealt to e55341e9 
Dealt to ad6c3a9e 
Dealt to ea3f860e 
a1a079ca: folds
5c96f8c5: raises $0.15 to $0.25
Hero: folds
e55341e9: folds
ad6c3a9e: folds
ea3f860e: calls $0.15
*** FLOP *** [7s 4h 8s]
ea3f860e: checks
5c96f8c5: checks
*** TURN *** [7s 4h 8s] [7h]
ea3f860e: checks
5c96f8c5: checks
*** RIVER *** [7s 4h 8s 7h] [4c]
ea3f860e: checks
5c96f8c5: checks
ea3f860e: shows [Th Kh] (Pair of Sevens and Pair of Fours)
5c96f8c5: shows [9c Ac] (Pair of Sevens and Pair of Fours)
*** SHOWDOWN ***
5c96f8c5 collected $0.53 from pot
*** SUMMARY ***
Total pot $0.55 | Rake $0.02 | Jackpot $0 | Bingo $0 | Fortune $0 | Tax $0
Board [7s 4h 8s 7h 4c]
Seat 1: a1a079ca folded before Flop (didn't bet)
Seat 2: 5c96f8c5 showed [9c Ac] and won ($0.53) with Pair of Sevens and Pair of Fours
Seat 3: Hero folded before Flop (didn't bet)
Seat 4: e55341e9 (button) folded before Flop (didn't bet)
Seat 5: ad6c3a9e (small blind) folded before Flop
Seat 6: ea3f860e (big blind) showed [Th Kh] and lost with Pair of Sevens and Pair of Fours


Poker Hand #HD1781991155: Hold'em No Limit ($0.05/$0.1) - 2024/05/21 16:09:38
Table 'NLHRed38' 6-max Seat #3 is the button
Seat 1: a1a079ca ($10.3 in chips)
Seat 2: 5c96f8c5 ($12.56 in chips)
Seat 3: Hero ($10 in chips)
Seat 4: e55341e9 ($6.99 in chips)
Seat 5: ad6c3a9e ($10 in chips)
Seat 6: ea3f860e ($10.36 in chips)
e55341e9: posts small blind $0.05
ad6c3a9e: posts big blind $0.1
*** HOLE CARDS ***
Dealt to a1a079ca 
Dealt to 5c96f8c5 
Dealt to Hero [8c 3d]
Dealt to e55341e9 
Dealt to ad6c3a9e 
Dealt to ea3f860e 
ea3f860e: folds
a1a079ca: folds
5c96f8c5: folds
Hero: folds
e55341e9: raises $0.25 to $0.35
ad6c3a9e: calls $0.25
*** FLOP *** [Jc 7s 9d]
e55341e9: checks
ad6c3a9e: checks
*** TURN *** [Jc 7s 9d] [Kd]
e55341e9: bets $0.49
ad6c3a9e: calls $0.49
*** RIVER *** [Jc 7s 9d Kd] [Th]
e55341e9: bets $1.28
ad6c3a9e: folds
Uncalled bet ($1.28) returned to e55341e9
e55341e9: shows [6s 6h] (Pair of Sixes)
*** SHOWDOWN ***
e55341e9 collected $1.58 from pot
*** SUMMARY ***
Total pot $1.68 | Rake $0.1 | Jackpot $0 | Bingo $0 | Fortune $0 | Tax $0
Board [Jc 7s 9d Kd Th]
Seat 1: a1a079ca folded before Flop (didn't bet)
Seat 2: 5c96f8c5 folded before Flop (didn't bet)
Seat 3: Hero (button) folded before Flop (didn't bet)
Seat 4: e55341e9 (small blind) showed [6s 6h] and won ($1.58)
Seat 5: ad6c3a9e (big blind) folded on the River
Seat 6: ea3f860e folded before Flop (didn't bet)


Poker Hand #HD1781991119: Hold'em No Limit ($0.05/$0.1) - 2024/05/21 16:09:17
Table 'NLHRed38' 6-max Seat #2 is the button
Seat 1: a1a079ca ($10.3 in chips)
Seat 2: 5c96f8c5 ($12.56 in chips)
Seat 3: Hero ($10.05 in chips)
Seat 4: e55341e9 ($6.94 in chips)
Seat 5: ad6c3a9e ($10 in chips)
Seat 6: ea3f860e ($10.36 in chips)
Hero: posts small blind $0.05
e55341e9: posts big blind $0.1
*** HOLE CARDS ***
Dealt to a1a079ca 
Dealt to 5c96f8c5 
Dealt to Hero [8c Qs]
Dealt to e55341e9 
Dealt to ad6c3a9e 
Dealt to ea3f860e 
ad6c3a9e: folds
ea3f860e: folds
a1a079ca: folds
5c96f8c5: folds
Hero: folds
Uncalled bet ($0.05) returned to e55341e9
*** SHOWDOWN ***
e55341e9 collected $0.1 from pot
*** SUMMARY ***
Total pot $0.1 | Rake $0 | Jackpot $0 | Bingo $0 | Fortune $0 | Tax $0
Seat 1: a1a079ca folded before Flop (didn't bet)
Seat 2: 5c96f8c5 (button) folded before Flop (didn't bet)
Seat 3: Hero (small blind) folded before Flop
Seat 4: e55341e9 (big blind) collected ($0.1)
Seat 5: ad6c3a9e folded before Flop (didn't bet)
Seat 6: ea3f860e folded before Flop (didn't bet)


Poker Hand #HD1781990948: Hold'em No Limit ($0.05/$0.1) - 2024/05/21 16:07:50
Table 'NLHRed38' 6-max Seat #1 is the button
Seat 1: a1a079ca ($10.3 in chips)
Seat 2: 5c96f8c5 ($11.38 in chips)
Seat 3: Hero ($10.15 in chips)
Seat 4: e55341e9 ($6.94 in chips)
Seat 5: ad6c3a9e ($10.1 in chips)
Seat 6: ea3f860e ($10.36 in chips)
5c96f8c5: posts small blind $0.05
Hero: posts big blind $0.1
*** HOLE CARDS ***
Dealt to a1a079ca 
Dealt to 5c96f8c5 
Dealt to Hero [4d 7d]
Dealt to e55341e9 
Dealt to ad6c3a9e 
Dealt to ea3f860e 
e55341e9: folds
ad6c3a9e: raises $0.15 to $0.25
ea3f860e: folds
a1a079ca: folds
5c96f8c5: calls $0.2
Hero: folds
*** FLOP *** [Ac 6s 7h]
5c96f8c5: checks
ad6c3a9e: bets $0.2
5c96f8c5: calls $0.2
*** TURN *** [Ac 6s 7h] [7s]
5c96f8c5: checks
ad6c3a9e: checks
*** RIVER *** [Ac 6s 7h 7s] [8d]
5c96f8c5: bets $0.75
ad6c3a9e: calls $0.75
5c96f8c5: shows [Th 9h] (Tens-High Straight)
ad6c3a9e: shows [Ts As] (Pair of Aces and Pair of Sevens)
*** SHOWDOWN ***
5c96f8c5 collected $2.38 from pot
*** SUMMARY ***
Total pot $2.5 | Rake $0.12 | Jackpot $0 | Bingo $0 | Fortune $0 | Tax $0
Board [Ac 6s 7h 7s 8d]
Seat 1: a1a079ca (button) folded before Flop (didn't bet)
Seat 2: 5c96f8c5 (small blind) showed [Th 9h] and won ($2.38) with Tens-High Straight
Seat 3: Hero (big blind) folded before Flop
Seat 4: e55341e9 folded before Flop (didn't bet)
Seat 5: ad6c3a9e showed [Ts As] and lost with Pair of Aces and Pair of Sevens
Seat 6: ea3f860e folded before Flop (didn't bet)


Poker Hand #HD1781990850: Hold'em No Limit ($0.05/$0.1) - 2024/05/21 16:07:00
Table 'NLHRed38' 6-max Seat #6 is the button
Seat 1: a1a079ca ($10.35 in chips)
Seat 2: 5c96f8c5 ($11.33 in chips)
Seat 3: Hero ($10.15 in chips)
Seat 4: e55341e9 ($6.94 in chips)
Seat 5: ad6c3a9e ($10.1 in chips)
Seat 6: ea3f860e ($10.36 in chips)
a1a079ca: posts small blind $0.05
5c96f8c5: posts big blind $0.1
*** HOLE CARDS ***
Dealt to a1a079ca 
Dealt to 5c96f8c5 
Dealt to Hero [4c Jd]
Dealt to e55341e9 
Dealt to ad6c3a9e 
Dealt to ea3f860e 
Hero: folds
e55341e9: folds
ad6c3a9e: folds
ea3f860e: folds
a1a079ca: folds
Uncalled bet ($0.05) returned to 5c96f8c5
*** SHOWDOWN ***
5c96f8c5 collected $0.1 from pot
*** SUMMARY ***
Total pot $0.1 | Rake $0 | Jackpot $0 | Bingo $0 | Fortune $0 | Tax $0
Seat 1: a1a079ca (small blind) folded before Flop
Seat 2: 5c96f8c5 (big blind) collected ($0.1)
Seat 3: Hero folded before Flop (didn't bet)
Seat 4: e55341e9 folded before Flop (didn't bet)
Seat 5: ad6c3a9e folded before Flop (didn't bet)
Seat 6: ea3f860e (button) folded before Flop (didn't bet)


Poker Hand #HD1781990797: Hold'em No Limit ($0.05/$0.1) - 2024/05/21 16:06:27
Table 'NLHRed38' 6-max Seat #5 is the button
Seat 1: a1a079ca ($10.45 in chips)
Seat 2: 5c96f8c5 ($11.33 in chips)
Seat 3: Hero ($10 in chips)
Seat 4: e55341e9 ($6.94 in chips)
Seat 5: ad6c3a9e ($10.1 in chips)
Seat 6: ea3f860e ($10.41 in chips)
ea3f860e: posts small blind $0.05
a1a079ca: posts big blind $0.1
*** HOLE CARDS ***
Dealt to a1a079ca 
Dealt to 5c96f8c5 
Dealt to Hero [Kc Jd]
Dealt to e55341e9 
Dealt to ad6c3a9e 
Dealt to ea3f860e 
5c96f8c5: folds
Hero: raises $0.1 to $0.2
e55341e9: folds
ad6c3a9e: folds
ea3f860e: folds
a1a079ca: folds
Uncalled bet ($0.1) returned to Hero
*** SHOWDOWN ***
Hero collected $0.25 from pot
*** SUMMARY ***
Total pot $0.25 | Rake $0 | Jackpot $0 | Bingo $0 | Fortune $0 | Tax $0
Seat 1: a1a079ca (big blind) folded before Flop
Seat 2: 5c96f8c5 folded before Flop (didn't bet)
Seat 3: Hero collected ($0.25)
Seat 4: e55341e9 folded before Flop (didn't bet)
Seat 5: ad6c3a9e (button) folded before Flop (didn't bet)
Seat 6: ea3f860e (small blind) folded before Flop


Poker Hand #HD1781990725: Hold'em No Limit ($0.05/$0.1) - 2024/05/21 16:05:48
Table 'NLHRed38' 6-max Seat #4 is the button
Seat 1: a1a079ca ($10.45 in chips)
Seat 2: 5c96f8c5 ($11.33 in chips)
Seat 3: Hero ($10 in chips)
Seat 4: e55341e9 ($6.94 in chips)
Seat 5: ad6c3a9e ($10 in chips)
Seat 6: ea3f860e ($10.51 in chips)
ad6c3a9e: posts small blind $0.05
ea3f860e: posts big blind $0.1
*** HOLE CARDS ***
Dealt to a1a079ca 
Dealt to 5c96f8c5 
Dealt to Hero [2c 9d]
Dealt to e55341e9 
Dealt to ad6c3a9e 
Dealt to ea3f860e 
a1a079ca: folds
5c96f8c5: folds
Hero: folds
e55341e9: folds
ad6c3a9e: raises $0.2 to $0.3
ea3f860e: folds
Uncalled bet ($0.2) returned to ad6c3a9e
*** SHOWDOWN ***
ad6c3a9e collected $0.2 from pot
*** SUMMARY ***
Total pot $0.2 | Rake $0 | Jackpot $0 | Bingo $0 | Fortune $0 | Tax $0
Seat 1: a1a079ca folded before Flop (didn't bet)
Seat 2: 5c96f8c5 folded before Flop (didn't bet)
Seat 3: Hero folded before Flop (didn't bet)
Seat 4: e55341e9 (button) folded before Flop (didn't bet)
Seat 5: ad6c3a9e (small blind) collected ($0.2)
Seat 6: ea3f860e (big blind) folded before Flop


Poker Hand #HD1781990662: Hold'em No Limit ($0.05/$0.1) - 2024/05/21 16:05:12
Table 'NLHRed38' 6-max Seat #3 is the button
Seat 1: a1a079ca ($10.45 in chips)
Seat 2: 5c96f8c5 ($11.18 in chips)
Seat 3: Hero ($10 in chips)
Seat 4: e55341e9 ($6.99 in chips)
Seat 5: ad6c3a9e ($10 in chips)
Seat 6: ea3f860e ($10.51 in chips)
e55341e9: posts small blind $0.05
ad6c3a9e: posts big blind $0.1
*** HOLE CARDS ***
Dealt to a1a079ca 
Dealt to 5c96f8c5 
Dealt to Hero [Js 2d]
Dealt to e55341e9 
Dealt to ad6c3a9e 
Dealt to ea3f860e 
ea3f860e: folds
a1a079ca: folds
5c96f8c5: raises $0.15 to $0.25
Hero: folds
e55341e9: folds
ad6c3a9e: folds
Uncalled bet ($0.15) returned to 5c96f8c5
*** SHOWDOWN ***
5c96f8c5 collected $0.25 from pot
*** SUMMARY ***
Total pot $0.25 | Rake $0 | Jackpot $0 | Bingo $0 | Fortune $0 | Tax $0
Seat 1: a1a079ca folded before Flop (didn't bet)
Seat 2: 5c96f8c5 collected ($0.25)
Seat 3: Hero (button) folded before Flop (didn't bet)
Seat 4: e55341e9 (small blind) folded before Flop
Seat 5: ad6c3a9e (big blind) folded before Flop
Seat 6: ea3f860e folded before Flop (didn't bet)


Poker Hand #HD1781990614: Hold'em No Limit ($0.05/$0.1) - 2024/05/21 16:04:46
Table 'NLHRed38' 6-max Seat #2 is the button
Seat 1: a1a079ca ($10.45 in chips)
Seat 2: 5c96f8c5 ($11.18 in chips)
Seat 3: Hero ($10 in chips)
Seat 4: e55341e9 ($6.94 in chips)
Seat 6: ea3f860e ($10.51 in chips)
Hero: posts small blind $0.05
e55341e9: posts big blind $0.1
*** HOLE CARDS ***
Dealt to a1a079ca 
Dealt to 5c96f8c5 
Dealt to Hero [Ad 2c]
Dealt to e55341e9 
Dealt to ea3f860e 
ea3f860e: folds
a1a079ca: folds
5c96f8c5: folds
Hero: folds
Uncalled bet ($0.05) returned to e55341e9
*** SHOWDOWN ***
e55341e9 collected $0.1 from pot
*** SUMMARY ***
Total pot $0.1 | Rake $0 | Jackpot $0 | Bingo $0 | Fortune $0 | Tax $0
Seat 1: a1a079ca folded before Flop (didn't bet)
Seat 2: 5c96f8c5 (button) folded before Flop (didn't bet)
Seat 3: Hero (small blind) folded before Flop
Seat 4: e55341e9 (big blind) collected ($0.1)
Seat 6: ea3f860e folded before Flop (didn't bet)


Poker Hand #HD1781990520: Hold'em No Limit ($0.05/$0.1) - 2024/05/21 16:04:02
Table 'NLHRed38' 6-max Seat #1 is the button
Seat 1: a1a079ca ($10.45 in chips)
Seat 2: 5c96f8c5 ($11.23 in chips)
Seat 3: Hero ($10 in chips)
Seat 4: e55341e9 ($6.79 in chips)
Seat 6: ea3f860e ($10.51 in chips)
5c96f8c5: posts small blind $0.05
Hero: posts big blind $0.1
*** HOLE CARDS ***
Dealt to a1a079ca 
Dealt to 5c96f8c5 
Dealt to Hero [Td 6d]
Dealt to e55341e9 
Dealt to ea3f860e 
e55341e9: raises $0.2 to $0.3
ea3f860e: folds
a1a079ca: folds
5c96f8c5: folds
Hero: folds
Uncalled bet ($0.2) returned to e55341e9
*** SHOWDOWN ***
e55341e9 collected $0.25 from pot
*** SUMMARY ***
Total pot $0.25 | Rake $0 | Jackpot $0 | Bingo $0 | Fortune $0 | Tax $0
Seat 1: a1a079ca (button) folded before Flop (didn't bet)
Seat 2: 5c96f8c5 (small blind) folded before Flop
Seat 3: Hero (big blind) folded before Flop
Seat 4: e55341e9 collected ($0.25)
Seat 6: ea3f860e folded before Flop (didn't bet)


Poker Hand #HD1781990477: Hold'em No Limit ($0.05/$0.1) - 2024/05/21 16:03:34
Table 'NLHRed38' 6-max Seat #6 is the button
Seat 1: a1a079ca ($10.5 in chips)
Seat 2: 5c96f8c5 ($11.33 in chips)
Seat 3: Hero ($10 in chips)
Seat 4: e55341e9 ($6.64 in chips)
Seat 6: ea3f860e ($10.51 in chips)
a1a079ca: posts small blind $0.05
5c96f8c5: posts big blind $0.1
*** HOLE CARDS ***
Dealt to a1a079ca 
Dealt to 5c96f8c5 
Dealt to Hero [9d 2s]
Dealt to e55341e9 
Dealt to ea3f860e 
Hero: folds
e55341e9: raises $0.2 to $0.3
ea3f860e: folds
a1a079ca: folds
5c96f8c5: folds
Uncalled bet ($0.2) returned to e55341e9
*** SHOWDOWN ***
e55341e9 collected $0.25 from pot
*** SUMMARY ***
Total pot $0.25 | Rake $0 | Jackpot $0 | Bingo $0 | Fortune $0 | Tax $0
Seat 1: a1a079ca (small blind) folded before Flop
Seat 2: 5c96f8c5 (big blind) folded before Flop
Seat 3: Hero folded before Flop (didn't bet)
Seat 4: e55341e9 collected ($0.25)
Seat 6: ea3f860e (button) folded before Flop (didn't bet)


Poker Hand #HD1781990371: Hold'em No Limit ($0.05/$0.1) - 2024/05/21 16:02:36
Table 'NLHRed38' 6-max Seat #4 is the button
Seat 1: a1a079ca ($10.5 in chips)
Seat 2: 5c96f8c5 ($10.46 in chips)
Seat 3: Hero ($10.67 in chips)
Seat 4: e55341e9 ($6.64 in chips)
Seat 5: 8985336d ($21.8 in chips)
Seat 6: ea3f860e ($10.61 in chips)
8985336d: posts small blind $0.05
ea3f860e: posts big blind $0.1
*** HOLE CARDS ***
Dealt to a1a079ca 
Dealt to 5c96f8c5 
Dealt to Hero [Ad Qc]
Dealt to e55341e9 
Dealt to 8985336d 
Dealt to ea3f860e 
a1a079ca: folds
5c96f8c5: raises $0.15 to $0.25
Hero: raises $0.55 to $0.8
e55341e9: folds
8985336d: folds
ea3f860e: folds
5c96f8c5: raises $1.5 to $2.3
Hero: folds
Uncalled bet ($1.5) returned to 5c96f8c5
*** SHOWDOWN ***
5c96f8c5 collected $1.67 from pot
*** SUMMARY ***
Total pot $1.75 | Rake $0.08 | Jackpot $0 | Bingo $0 | Fortune $0 | Tax $0
Seat 1: a1a079ca folded before Flop (didn't bet)
Seat 2: 5c96f8c5 collected ($1.67)
Seat 3: Hero folded before Flop
Seat 4: e55341e9 (button) folded before Flop (didn't bet)
Seat 5: 8985336d (small blind) folded before Flop
Seat 6: ea3f860e (big blind) folded before Flop


Poker Hand #HD1781990243: Hold'em No Limit ($0.05/$0.1) - 2024/05/21 16:01:30
Table 'NLHRed38' 6-max Seat #3 is the button
Seat 1: a1a079ca ($10.5 in chips)
Seat 2: 5c96f8c5 ($10.46 in chips)
Seat 3: Hero ($10.91 in chips)
Seat 4: e55341e9 ($6.69 in chips)
Seat 5: 8985336d ($21.53 in chips)
Seat 6: ea3f860e ($10.61 in chips)
e55341e9: posts small blind $0.05
8985336d: posts big blind $0.1
*** HOLE CARDS ***
Dealt to a1a079ca 
Dealt to 5c96f8c5 
Dealt to Hero [Kc 9s]
Dealt to e55341e9 
Dealt to 8985336d 
Dealt to ea3f860e 
ea3f860e: folds
a1a079ca: folds
5c96f8c5: folds
Hero: raises $0.14 to $0.24
e55341e9: folds
8985336d: calls $0.14
*** FLOP *** [6h 6d 2s]
8985336d: checks
Hero: checks
*** TURN *** [6h 6d 2s] [3h]
8985336d: checks
Hero: checks
*** RIVER *** [6h 6d 2s 3h] [5d]
8985336d: bets $1.6
Hero: folds
Uncalled bet ($1.6) returned to 8985336d
*** SHOWDOWN ***
8985336d collected $0.51 from pot
*** SUMMARY ***
Total pot $0.53 | Rake $0.02 | Jackpot $0 | Bingo $0 | Fortune $0 | Tax $0
Board [6h 6d 2s 3h 5d]
Seat 1: a1a079ca folded before Flop (didn't bet)
Seat 2: 5c96f8c5 folded before Flop (didn't bet)
Seat 3: Hero (button) folded on the River
Seat 4: e55341e9 (small blind) folded before Flop
Seat 5: 8985336d (big blind) won ($0.51)
Seat 6: ea3f860e folded before Flop (didn't bet)


Poker Hand #HD1781990184: Hold'em No Limit ($0.05/$0.1) - 2024/05/21 16:01:00
Table 'NLHRed38' 6-max Seat #2 is the button
Seat 1: a1a079ca ($10.5 in chips)
Seat 2: 5c96f8c5 ($10.46 in chips)
Seat 3: Hero ($10.96 in chips)
Seat 4: e55341e9 ($6.79 in chips)
Seat 5: 8985336d ($21.38 in chips)
Seat 6: ea3f860e ($10.61 in chips)
Hero: posts small blind $0.05
e55341e9: posts big blind $0.1
*** HOLE CARDS ***
Dealt to a1a079ca 
Dealt to 5c96f8c5 
Dealt to Hero [Jd 7s]
Dealt to e55341e9 
Dealt to 8985336d 
Dealt to ea3f860e 
8985336d: raises $0.2 to $0.3
ea3f860e: folds
a1a079ca: folds
5c96f8c5: folds
Hero: folds
e55341e9: folds
Uncalled bet ($0.2) returned to 8985336d
*** SHOWDOWN ***
8985336d collected $0.25 from pot
*** SUMMARY ***
Total pot $0.25 | Rake $0 | Jackpot $0 | Bingo $0 | Fortune $0 | Tax $0
Seat 1: a1a079ca folded before Flop (didn't bet)
Seat 2: 5c96f8c5 (button) folded before Flop (didn't bet)
Seat 3: Hero (small blind) folded before Flop
Seat 4: e55341e9 (big blind) folded before Flop
Seat 5: 8985336d collected ($0.25)
Seat 6: ea3f860e folded before Flop (didn't bet)


Poker Hand #HD1781990118: Hold'em No Limit ($0.05/$0.1) - 2024/05/21 16:00:25
Table 'NLHRed38' 6-max Seat #1 is the button
Seat 1: a1a079ca ($10.5 in chips)
Seat 2: 5c96f8c5 ($10.51 in chips)
Seat 3: Hero ($11.06 in chips)
Seat 4: e55341e9 ($6.79 in chips)
Seat 5: 8985336d ($21.38 in chips)
Seat 6: ea3f860e ($10.46 in chips)
5c96f8c5: posts small blind $0.05
Hero: posts big blind $0.1
*** HOLE CARDS ***
Dealt to a1a079ca 
Dealt to 5c96f8c5 
Dealt to Hero [Jc 3h]
Dealt to e55341e9 
Dealt to 8985336d 
Dealt to ea3f860e 
e55341e9: folds
8985336d: folds
ea3f860e: raises $0.15 to $0.25
a1a079ca: folds
5c96f8c5: folds
Hero: folds
Uncalled bet ($0.15) returned to ea3f860e
*** SHOWDOWN ***
ea3f860e collected $0.25 from pot
*** SUMMARY ***
Total pot $0.25 | Rake $0 | Jackpot $0 | Bingo $0 | Fortune $0 | Tax $0
Seat 1: a1a079ca (button) folded before Flop (didn't bet)
Seat 2: 5c96f8c5 (small blind) folded before Flop
Seat 3: Hero (big blind) folded before Flop
Seat 4: e55341e9 folded before Flop (didn't bet)
Seat 5: 8985336d folded before Flop (didn't bet)
Seat 6: ea3f860e collected ($0.25)


Poker Hand #HD1781990025: Hold'em No Limit ($0.05/$0.1) - 2024/05/21 15:59:31
Table 'NLHRed38' 6-max Seat #6 is the button
Seat 1: a1a079ca ($10.55 in chips)
Seat 2: 5c96f8c5 ($10.61 in chips)
Seat 3: Hero ($11.26 in chips)
Seat 4: e55341e9 ($6.79 in chips)
Seat 5: 8985336d ($21.38 in chips)
Seat 6: ea3f860e ($10.13 in chips)
a1a079ca: posts small blind $0.05
5c96f8c5: posts big blind $0.1
*** HOLE CARDS ***
Dealt to a1a079ca 
Dealt to 5c96f8c5 
Dealt to Hero [5s 5c]
Dealt to e55341e9 
Dealt to 8985336d 
Dealt to ea3f860e 
Hero: raises $0.1 to $0.2
e55341e9: folds
8985336d: folds
ea3f860e: raises $0.42 to $0.62
a1a079ca: folds
5c96f8c5: folds
Hero: folds
Uncalled bet ($0.42) returned to ea3f860e
*** SHOWDOWN ***
ea3f860e collected $0.53 from pot
*** SUMMARY ***
Total pot $0.55 | Rake $0.02 | Jackpot $0 | Bingo $0 | Fortune $0 | Tax $0
Seat 1: a1a079ca (small blind) folded before Flop
Seat 2: 5c96f8c5 (big blind) folded before Flop
Seat 3: Hero folded before Flop
Seat 4: e55341e9 folded before Flop (didn't bet)
Seat 5: 8985336d folded before Flop (didn't bet)
Seat 6: ea3f860e (button) collected ($0.53)


Poker Hand #HD1781989908: Hold'em No Limit ($0.05/$0.1) - 2024/05/21 15:58:29
Table 'NLHRed38' 6-max Seat #5 is the button
Seat 1: a1a079ca ($10.65 in chips)
Seat 2: 5c96f8c5 ($10.61 in chips)
Seat 3: Hero ($11.26 in chips)
Seat 4: e55341e9 ($7.69 in chips)
Seat 5: 8985336d ($20.42 in chips)
Seat 6: ea3f860e ($10.18 in chips)
ea3f860e: posts small blind $0.05
a1a079ca: posts big blind $0.1
*** HOLE CARDS ***
Dealt to a1a079ca 
Dealt to 5c96f8c5 
Dealt to Hero [6s Qs]
Dealt to e55341e9 
Dealt to 8985336d 
Dealt to ea3f860e 
5c96f8c5: folds
Hero: folds
e55341e9: raises $0.15 to $0.25
8985336d: raises $0.65 to $0.9
ea3f860e: folds
a1a079ca: folds
e55341e9: calls $0.65
*** FLOP *** [2d 3d 7d]
e55341e9: checks
8985336d: bets $0.98
e55341e9: folds
Uncalled bet ($0.98) returned to 8985336d
*** SHOWDOWN ***
8985336d collected $1.86 from pot
*** SUMMARY ***
Total pot $1.95 | Rake $0.09 | Jackpot $0 | Bingo $0 | Fortune $0 | Tax $0
Board [2d 3d 7d]
Seat 1: a1a079ca (big blind) folded before Flop
Seat 2: 5c96f8c5 folded before Flop (didn't bet)
Seat 3: Hero folded before Flop (didn't bet)
Seat 4: e55341e9 folded on the Flop
Seat 5: 8985336d (button) won ($1.86)
Seat 6: ea3f860e (small blind) folded before Flop


Poker Hand #HD1781989800: Hold'em No Limit ($0.05/$0.1) - 2024/05/21 15:57:26
Table 'NLHRed38' 6-max Seat #4 is the button
Seat 2: 5c96f8c5 ($10.15 in chips)
Seat 3: Hero ($11.26 in chips)
Seat 4: e55341e9 ($7.69 in chips)
Seat 5: 8985336d ($20.47 in chips)
Seat 6: ea3f860e ($10.63 in chips)
8985336d: posts small blind $0.05
ea3f860e: posts big blind $0.1
*** HOLE CARDS ***
Dealt to 5c96f8c5 
Dealt to Hero [8d Kc]
Dealt to e55341e9 
Dealt to 8985336d 
Dealt to ea3f860e 
5c96f8c5: raises $0.15 to $0.25
Hero: folds
e55341e9: folds
8985336d: folds
ea3f860e: calls $0.15
*** FLOP *** [3d 7h 7d]
ea3f860e: checks
5c96f8c5: bets $0.2
ea3f860e: calls $0.2
*** TURN *** [3d 7h 7d] [Td]
ea3f860e: checks
5c96f8c5: bets $0.48
ea3f860e: folds
Uncalled bet ($0.48) returned to 5c96f8c5
*** SHOWDOWN ***
5c96f8c5 collected $0.91 from pot
*** SUMMARY ***
Total pot $0.95 | Rake $0.04 | Jackpot $0 | Bingo $0 | Fortune $0 | Tax $0
Board [3d 7h 7d Td]
Seat 2: 5c96f8c5 won ($0.91)
Seat 3: Hero folded before Flop (didn't bet)
Seat 4: e55341e9 (button) folded before Flop (didn't bet)
Seat 5: 8985336d (small blind) folded before Flop
Seat 6: ea3f860e (big blind) folded on the Turn


Poker Hand #HD1781989744: Hold'em No Limit ($0.05/$0.1) - 2024/05/21 15:56:58
Table 'NLHRed38' 6-max Seat #3 is the button
Seat 2: 5c96f8c5 ($10.15 in chips)
Seat 3: Hero ($11.26 in chips)
Seat 4: e55341e9 ($7.59 in chips)
Seat 5: 8985336d ($20.57 in chips)
Seat 6: ea3f860e ($10.63 in chips)
e55341e9: posts small blind $0.05
8985336d: posts big blind $0.1
*** HOLE CARDS ***
Dealt to 5c96f8c5 
Dealt to Hero [8d 3h]
Dealt to e55341e9 
Dealt to 8985336d 
Dealt to ea3f860e 
ea3f860e: folds
5c96f8c5: folds
Hero: folds
e55341e9: raises $0.2 to $0.3
8985336d: folds
Uncalled bet ($0.2) returned to e55341e9
*** SHOWDOWN ***
e55341e9 collected $0.2 from pot
*** SUMMARY ***
Total pot $0.2 | Rake $0 | Jackpot $0 | Bingo $0 | Fortune $0 | Tax $0
Seat 2: 5c96f8c5 folded before Flop (didn't bet)
Seat 3: Hero (button) folded before Flop (didn't bet)
Seat 4: e55341e9 (small blind) collected ($0.2)
Seat 5: 8985336d (big blind) folded before Flop
Seat 6: ea3f860e folded before Flop (didn't bet)


Poker Hand #HD1781989687: Hold'em No Limit ($0.05/$0.1) - 2024/05/21 15:56:29
Table 'NLHRed38' 6-max Seat #2 is the button
Seat 2: 5c96f8c5 ($10 in chips)
Seat 3: Hero ($11.31 in chips)
Seat 4: e55341e9 ($7.69 in chips)
Seat 5: 8985336d ($20.57 in chips)
Seat 6: ea3f860e ($10.63 in chips)
Hero: posts small blind $0.05
e55341e9: posts big blind $0.1
*** HOLE CARDS ***
Dealt to 5c96f8c5 
Dealt to Hero [Tc 2d]
Dealt to e55341e9 
Dealt to 8985336d 
Dealt to ea3f860e 
8985336d: folds
ea3f860e: folds
5c96f8c5: raises $0.15 to $0.25
Hero: folds
e55341e9: folds
Uncalled bet ($0.15) returned to 5c96f8c5
*** SHOWDOWN ***
5c96f8c5 collected $0.25 from pot
*** SUMMARY ***
Total pot $0.25 | Rake $0 | Jackpot $0 | Bingo $0 | Fortune $0 | Tax $0
Seat 2: 5c96f8c5 (button) collected ($0.25)
Seat 3: Hero (small blind) folded before Flop
Seat 4: e55341e9 (big blind) folded before Flop
Seat 5: 8985336d folded before Flop (didn't bet)
Seat 6: ea3f860e folded before Flop (didn't bet)


Poker Hand #HD1781989645: Hold'em No Limit ($0.05/$0.1) - 2024/05/21 15:56:06
Table 'NLHRed38' 6-max Seat #6 is the button
Seat 2: 5c96f8c5 ($10.2 in chips)
Seat 3: Hero ($11.08 in chips)
Seat 5: 8985336d ($20.57 in chips)
Seat 6: ea3f860e ($10.63 in chips)
5c96f8c5: posts small blind $0.05
Hero: posts big blind $0.1
*** HOLE CARDS ***
Dealt to 5c96f8c5 
Dealt to Hero [Kh Kd]
Dealt to 8985336d 
Dealt to ea3f860e 
8985336d: folds
ea3f860e: folds
5c96f8c5: raises $0.15 to $0.25
Hero: raises $0.55 to $0.8
5c96f8c5: folds
Uncalled bet ($0.55) returned to Hero
*** SHOWDOWN ***
Hero collected $0.48 from pot
*** SUMMARY ***
Total pot $0.5 | Rake $0.02 | Jackpot $0 | Bingo $0 | Fortune $0 | Tax $0
Seat 2: 5c96f8c5 (small blind) folded before Flop
Seat 3: Hero (big blind) collected ($0.48)
Seat 5: 8985336d folded before Flop (didn't bet)
Seat 6: ea3f860e (button) folded before Flop (didn't bet)


Poker Hand #HD1781989620: Hold'em No Limit ($0.05/$0.1) - 2024/05/21 15:55:55
Table 'NLHRed38' 6-max Seat #5 is the button
Seat 2: 5c96f8c5 ($10.15 in chips)
Seat 3: Hero ($11.08 in chips)
Seat 5: 8985336d ($20.57 in chips)
Seat 6: ea3f860e ($10.68 in chips)
ea3f860e: posts small blind $0.05
5c96f8c5: posts big blind $0.1
*** HOLE CARDS ***
Dealt to 5c96f8c5 
Dealt to Hero [6s 8h]
Dealt to 8985336d 
Dealt to ea3f860e 
Hero: folds
8985336d: folds
ea3f860e: folds
Uncalled bet ($0.05) returned to 5c96f8c5
*** SHOWDOWN ***
5c96f8c5 collected $0.1 from pot
*** SUMMARY ***
Total pot $0.1 | Rake $0 | Jackpot $0 | Bingo $0 | Fortune $0 | Tax $0
Seat 2: 5c96f8c5 (big blind) collected ($0.1)
Seat 3: Hero folded before Flop (didn't bet)
Seat 5: 8985336d (button) folded before Flop (didn't bet)
Seat 6: ea3f860e (small blind) folded before Flop


Poker Hand #HD1781989555: Hold'em No Limit ($0.05/$0.1) - 2024/05/21 15:55:21
Table 'NLHRed38' 6-max Seat #3 is the button
Seat 2: 5c96f8c5 ($10.15 in chips)
Seat 3: Hero ($11.08 in chips)
Seat 5: 8985336d ($20.3 in chips)
Seat 6: ea3f860e ($10.98 in chips)
8985336d: posts small blind $0.05
ea3f860e: posts big blind $0.1
*** HOLE CARDS ***
Dealt to 5c96f8c5 
Dealt to Hero [2s Ah]
Dealt to 8985336d 
Dealt to ea3f860e 
5c96f8c5: folds
Hero: folds
8985336d: raises $0.2 to $0.3
ea3f860e: calls $0.2
*** FLOP *** [5s 6c 3h]
8985336d: bets $0.45
ea3f860e: folds
Uncalled bet ($0.45) returned to 8985336d
*** SHOWDOWN ***
8985336d collected $0.57 from pot
*** SUMMARY ***
Total pot $0.6 | Rake $0.03 | Jackpot $0 | Bingo $0 | Fortune $0 | Tax $0
Board [5s 6c 3h]
Seat 2: 5c96f8c5 folded before Flop (didn't bet)
Seat 3: Hero (button) folded before Flop (didn't bet)
Seat 5: 8985336d (small blind) won ($0.57)
Seat 6: ea3f860e (big blind) folded on the Flop


Poker Hand #HD1781989456: Hold'em No Limit ($0.05/$0.1) - 2024/05/21 15:54:36
Table 'NLHRed38' 6-max Seat #2 is the button
Seat 1: a1a079ca ($10.65 in chips)
Seat 2: 5c96f8c5 ($10 in chips)
Seat 3: Hero ($11.13 in chips)
Seat 4: e55341e9 ($7.79 in chips)
Seat 5: 8985336d ($20.3 in chips)
Seat 6: ea3f860e ($10.98 in chips)
Hero: posts small blind $0.05
e55341e9: posts big blind $0.1
*** HOLE CARDS ***
Dealt to a1a079ca 
Dealt to 5c96f8c5 
Dealt to Hero [Td Qh]
Dealt to e55341e9 
Dealt to 8985336d 
Dealt to ea3f860e 
8985336d: folds
ea3f860e: folds
a1a079ca: folds
5c96f8c5: raises $0.15 to $0.25
Hero: folds
e55341e9: folds
Uncalled bet ($0.15) returned to 5c96f8c5
*** SHOWDOWN ***
5c96f8c5 collected $0.25 from pot
*** SUMMARY ***
Total pot $0.25 | Rake $0 | Jackpot $0 | Bingo $0 | Fortune $0 | Tax $0
Seat 1: a1a079ca folded before Flop (didn't bet)
Seat 2: 5c96f8c5 (button) collected ($0.25)
Seat 3: Hero (small blind) folded before Flop
Seat 4: e55341e9 (big blind) folded before Flop
Seat 5: 8985336d folded before Flop (didn't bet)
Seat 6: ea3f860e folded before Flop (didn't bet)


Poker Hand #HD1781989359: Hold'em No Limit ($0.05/$0.1) - 2024/05/21 15:53:47
Table 'NLHRed38' 6-max Seat #1 is the button
Seat 1: a1a079ca ($10.65 in chips)
Seat 2: 5c96f8c5 ($10 in chips)
Seat 3: Hero ($11.57 in chips)
Seat 4: e55341e9 ($7.79 in chips)
Seat 5: 8985336d ($20.3 in chips)
Seat 6: ea3f860e ($10.53 in chips)
5c96f8c5: posts small blind $0.05
Hero: posts big blind $0.1
*** HOLE CARDS ***
Dealt to a1a079ca 
Dealt to 5c96f8c5 
Dealt to Hero [Kh Th]
Dealt to e55341e9 
Dealt to 8985336d 
Dealt to ea3f860e 
e55341e9: folds
8985336d: folds
ea3f860e: raises $0.15 to $0.25
a1a079ca: folds
5c96f8c5: folds
Hero: calls $0.15
*** FLOP *** [Ac Ks 2h]
Hero: checks
ea3f860e: bets $0.19
Hero: calls $0.19
*** TURN *** [Ac Ks 2h] [2c]
Hero: checks
ea3f860e: bets $0.47
Hero: folds
Uncalled bet ($0.47) returned to ea3f860e
*** SHOWDOWN ***
ea3f860e collected $0.89 from pot
*** SUMMARY ***
Total pot $0.93 | Rake $0.04 | Jackpot $0 | Bingo $0 | Fortune $0 | Tax $0
Board [Ac Ks 2h 2c]
Seat 1: a1a079ca (button) folded before Flop (didn't bet)
Seat 2: 5c96f8c5 (small blind) folded before Flop
Seat 3: Hero (big blind) folded on the Turn
Seat 4: e55341e9 folded before Flop (didn't bet)
Seat 5: 8985336d folded before Flop (didn't bet)
Seat 6: ea3f860e won ($0.89)


Poker Hand #HD1781989307: Hold'em No Limit ($0.05/$0.1) - 2024/05/21 15:53:21
Table 'NLHRed38' 6-max Seat #6 is the button
Seat 1: a1a079ca ($10.7 in chips)
Seat 2: 5c96f8c5 ($10 in chips)
Seat 3: Hero ($11.57 in chips)
Seat 4: e55341e9 ($7.79 in chips)
Seat 5: 8985336d ($20.15 in chips)
Seat 6: ea3f860e ($10.53 in chips)
a1a079ca: posts small blind $0.05
5c96f8c5: posts big blind $0.1
*** HOLE CARDS ***
Dealt to a1a079ca 
Dealt to 5c96f8c5 
Dealt to Hero [Qs 8c]
Dealt to e55341e9 
Dealt to 8985336d 
Dealt to ea3f860e 
Hero: folds
e55341e9: folds
8985336d: raises $0.15 to $0.25
ea3f860e: folds
a1a079ca: folds
5c96f8c5: folds
Uncalled bet ($0.15) returned to 8985336d
*** SHOWDOWN ***
8985336d collected $0.25 from pot
*** SUMMARY ***
Total pot $0.25 | Rake $0 | Jackpot $0 | Bingo $0 | Fortune $0 | Tax $0
Seat 1: a1a079ca (small blind) folded before Flop
Seat 2: 5c96f8c5 (big blind) folded before Flop
Seat 3: Hero folded before Flop (didn't bet)
Seat 4: e55341e9 folded before Flop (didn't bet)
Seat 5: 8985336d collected ($0.25)
Seat 6: ea3f860e (button) folded before Flop (didn't bet)


Poker Hand #HD1781989217: Hold'em No Limit ($0.05/$0.1) - 2024/05/21 15:52:31
Table 'NLHRed38' 6-max Seat #5 is the button
Seat 1: a1a079ca ($10.8 in chips)
Seat 2: 5c96f8c5 ($10 in chips)
Seat 3: Hero ($10.15 in chips)
Seat 4: e55341e9 ($8.48 in chips)
Seat 5: 8985336d ($20.84 in chips)
Seat 6: ea3f860e ($10.58 in chips)
ea3f860e: posts small blind $0.05
a1a079ca: posts big blind $0.1
*** HOLE CARDS ***
Dealt to a1a079ca 
Dealt to 5c96f8c5 
Dealt to Hero [Jh Ah]
Dealt to e55341e9 
Dealt to 8985336d 
Dealt to ea3f860e 
5c96f8c5: folds
Hero: raises $0.1 to $0.2
e55341e9: raises $0.49 to $0.69
8985336d: calls $0.69
ea3f860e: folds
a1a079ca: folds
Hero: raises $2.01 to $2.7
e55341e9: folds
8985336d: folds
Uncalled bet ($2.01) returned to Hero
*** SHOWDOWN ***
Hero collected $2.11 from pot
*** SUMMARY ***
Total pot $2.22 | Rake $0.11 | Jackpot $0 | Bingo $0 | Fortune $0 | Tax $0
Seat 1: a1a079ca (big blind) folded before Flop
Seat 2: 5c96f8c5 folded before Flop (didn't bet)
Seat 3: Hero collected ($2.11)
Seat 4: e55341e9 folded before Flop
Seat 5: 8985336d (button) folded before Flop
Seat 6: ea3f860e (small blind) folded before Flop


Poker Hand #HD1781989175: Hold'em No Limit ($0.05/$0.1) - 2024/05/21 15:52:07
Table 'NLHRed38' 6-max Seat #4 is the button
Seat 1: a1a079ca ($10.8 in chips)
Seat 2: 5c96f8c5 ($10 in chips)
Seat 3: Hero ($10 in chips)
Seat 4: e55341e9 ($6.72 in chips)
Seat 5: 8985336d ($20.89 in chips)
Seat 6: ea3f860e ($10.68 in chips)
8985336d: posts small blind $0.05
ea3f860e: posts big blind $0.1
*** HOLE CARDS ***
Dealt to a1a079ca 
Dealt to 5c96f8c5 
Dealt to Hero [5c Jc]
Dealt to e55341e9 
Dealt to 8985336d 
Dealt to ea3f860e 
a1a079ca: folds
5c96f8c5: folds
Hero: raises $0.14 to $0.24
e55341e9: folds
8985336d: folds
ea3f860e: folds
Uncalled bet ($0.14) returned to Hero
*** SHOWDOWN ***
Hero collected $0.25 from pot
*** SUMMARY ***
Total pot $0.25 | Rake $0 | Jackpot $0 | Bingo $0 | Fortune $0 | Tax $0
Seat 1: a1a079ca folded before Flop (didn't bet)
Seat 2: 5c96f8c5 folded before Flop (didn't bet)
Seat 3: Hero collected ($0.25)
Seat 4: e55341e9 (button) folded before Flop (didn't bet)
Seat 5: 8985336d (small blind) folded before Flop
Seat 6: ea3f860e (big blind) folded before Flop


Poker Hand #HD1781989037: Hold'em No Limit ($0.05/$0.1) - 2024/05/21 15:50:53
Table 'NLHRed38' 6-max Seat #3 is the button
Seat 1: a1a079ca ($10.8 in chips)
Seat 2: 5c96f8c5 ($10 in chips)
Seat 3: Hero ($10 in chips)
Seat 4: e55341e9 ($7.67 in chips)
Seat 5: 8985336d ($19.8 in chips)
Seat 6: ea3f860e ($10.68 in chips)
e55341e9: posts small blind $0.05
8985336d: posts big blind $0.1
*** HOLE CARDS ***
Dealt to a1a079ca 
Dealt to 5c96f8c5 
Dealt to Hero [Ac 8h]
Dealt to e55341e9 
Dealt to 8985336d 
Dealt to ea3f860e 
ea3f860e: folds
a1a079ca: folds
5c96f8c5: folds
Hero: raises $0.14 to $0.24
e55341e9: raises $0.71 to $0.95
8985336d: calls $0.85
Hero: folds
*** FLOP *** [2c Jd 9c]
e55341e9: checks
8985336d: bets $1.07
e55341e9: folds
Uncalled bet ($1.07) returned to 8985336d
*** SHOWDOWN ***
8985336d collected $2.04 from pot
*** SUMMARY ***
Total pot $2.14 | Rake $0.1 | Jackpot $0 | Bingo $0 | Fortune $0 | Tax $0
Board [2c Jd 9c]
Seat 1: a1a079ca folded before Flop (didn't bet)
Seat 2: 5c96f8c5 folded before Flop (didn't bet)
Seat 3: Hero (button) folded before Flop
Seat 4: e55341e9 (small blind) folded on the Flop
Seat 5: 8985336d (big blind) won ($2.04)
Seat 6: ea3f860e folded before Flop (didn't bet)


Poker Hand #HD1781988999: Hold'em No Limit ($0.05/$0.1) - 2024/05/21 15:50:31
Table 'NLHRed38' 6-max Seat #2 is the button
Seat 1: a1a079ca ($10.65 in chips)
Seat 2: 5c96f8c5 ($10 in chips)
Seat 3: Hero ($10 in chips)
Seat 4: e55341e9 ($7.77 in chips)
Seat 5: 8985336d ($19.8 in chips)
Seat 6: ea3f860e ($10.68 in chips)
Hero: posts small blind $0.05
e55341e9: posts big blind $0.1
*** HOLE CARDS ***
Dealt to a1a079ca 
Dealt to 5c96f8c5 
Dealt to Hero [2c 6d]
Dealt to e55341e9 
Dealt to 8985336d 
Dealt to ea3f860e 
8985336d: folds
ea3f860e: folds
a1a079ca: raises $0.15 to $0.25
5c96f8c5: folds
Hero: folds
e55341e9: folds
Uncalled bet ($0.15) returned to a1a079ca
*** SHOWDOWN ***
a1a079ca collected $0.25 from pot
*** SUMMARY ***
Total pot $0.25 | Rake $0 | Jackpot $0 | Bingo $0 | Fortune $0 | Tax $0
Seat 1: a1a079ca collected ($0.25)
Seat 2: 5c96f8c5 (button) folded before Flop (didn't bet)
Seat 3: Hero (small blind) folded before Flop
Seat 4: e55341e9 (big blind) folded before Flop
Seat 5: 8985336d folded before Flop (didn't bet)
Seat 6: ea3f860e folded before Flop (didn't bet)


Poker Hand #HD1781988893: Hold'em No Limit ($0.05/$0.1) - 2024/05/21 15:49:32
Table 'NLHRed38' 6-max Seat #1 is the button
Seat 1: a1a079ca ($10.65 in chips)
Seat 2: 5c96f8c5 ($10 in chips)
Seat 3: Hero ($10 in chips)
Seat 4: e55341e9 ($7.77 in chips)
Seat 5: 8985336d ($19.43 in chips)
Seat 6: ea3f860e ($10.68 in chips)
5c96f8c5: posts small blind $0.05
Hero: posts big blind $0.1
*** HOLE CARDS ***
Dealt to a1a079ca 
Dealt to 5c96f8c5 
Dealt to Hero [4c 7c]
Dealt to e55341e9 
Dealt to 8985336d 
Dealt to ea3f860e 
e55341e9: folds
8985336d: raises $0.2 to $0.3
ea3f860e: folds
a1a079ca: folds
5c96f8c5: calls $0.25
Hero: folds
*** FLOP *** [Ad 4h 4s]
5c96f8c5: checks
8985336d: checks
*** TURN *** [Ad 4h 4s] [9d]
5c96f8c5: checks
8985336d: checks
*** RIVER *** [Ad 4h 4s 9d] [Kc]
5c96f8c5: checks
8985336d: checks
5c96f8c5: shows [2d 2s] (Pair of Fours and Pair of Twos)
8985336d: shows [Qc Ks] (Pair of Kings and Pair of Fours)
*** SHOWDOWN ***
8985336d collected $0.67 from pot
*** SUMMARY ***
Total pot $0.7 | Rake $0.03 | Jackpot $0 | Bingo $0 | Fortune $0 | Tax $0
Board [Ad 4h 4s 9d Kc]
Seat 1: a1a079ca (button) folded before Flop (didn't bet)
Seat 2: 5c96f8c5 (small blind) showed [2d 2s] and lost with Pair of Fours and Pair of Twos
Seat 3: Hero (big blind) folded before Flop
Seat 4: e55341e9 folded before Flop (didn't bet)
Seat 5: 8985336d showed [Qc Ks] and won ($0.67) with Pair of Kings and Pair of Fours
Seat 6: ea3f860e folded before Flop (didn't bet)


