Poker Hand #HD1782007463: Hold'em No Limit ($0.05/$0.1) - 2024/05/21 15:43:35
Table 'NLHRed8' 6-max Seat #1 is the button
Seat 1: c9da7355 ($12.2 in chips)
Seat 2: aac40117 ($10 in chips)
Seat 3: 3f0418fb ($12.77 in chips)
Seat 4: 1d35fa4a ($22.17 in chips)
Seat 5: 80696475 ($9.55 in chips)
Seat 6: Hero ($11.84 in chips)
aac40117: posts small blind $0.05
3f0418fb: posts big blind $0.1
*** HOLE CARDS ***
Dealt to c9da7355 
Dealt to aac40117 
Dealt to 3f0418fb 
Dealt to 1d35fa4a 
Dealt to 80696475 
Dealt to Hero [9h 5s]
1d35fa4a: folds
80696475: calls $0.1
Hero: folds
c9da7355: folds
aac40117: calls $0.05
3f0418fb: checks
*** FLOP *** [As 5d Ad]
aac40117: checks
3f0418fb: checks
80696475: checks
*** TURN *** [As 5d Ad] [7d]
aac40117: checks
3f0418fb: checks
80696475: bets $0.1
aac40117: calls $0.1
3f0418fb: folds
*** RIVER *** [As 5d Ad 7d] [Ts]
aac40117: checks
80696475: bets $0.38
aac40117: calls $0.38
80696475: shows [2s Qs] (Pair of Aces)
aac40117: shows [Js Td] (Pair of Aces and Pair of Tens)
*** SHOWDOWN ***
aac40117 collected $1.2 from pot
*** SUMMARY ***
Total pot $1.26 | Rake $0.06 | Jackpot $0 | Bingo $0 | Fortune $0 | Tax $0
Board [As 5d Ad 7d Ts]
Seat 1: c9da7355 (button) folded before Flop (didn't bet)
Seat 2: aac40117 (small blind) showed [Js Td] and won ($1.2) with Pair of Aces and Pair of Tens
Seat 3: 3f0418fb (big blind) folded on the Turn
Seat 4: 1d35fa4a folded before Flop (didn't bet)
Seat 5: 80696475 showed [2s Qs] and lost with Pair of Aces
Seat 6: Hero folded before Flop (didn't bet)


Poker Hand #HD1782007409: Hold'em No Limit ($0.05/$0.1) - 2024/05/21 15:43:06
Table 'NLHRed8' 6-max Seat #6 is the button
Seat 1: c9da7355 ($11.6 in chips)
Seat 2: aac40117 ($10 in chips)
Seat 3: 3f0418fb ($12.77 in chips)
Seat 4: 1d35fa4a ($22.17 in chips)
Seat 5: 80696475 ($9.65 in chips)
Seat 6: Hero ($12.29 in chips)
c9da7355: posts small blind $0.05
aac40117: posts big blind $0.1
*** HOLE CARDS ***
Dealt to c9da7355 
Dealt to aac40117 
Dealt to 3f0418fb 
Dealt to 1d35fa4a 
Dealt to 80696475 
Dealt to Hero [Kh Tc]
3f0418fb: folds
1d35fa4a: folds
80696475: calls $0.1
Hero: raises $0.35 to $0.45
c9da7355: raises $1.1 to $1.55
aac40117: folds
80696475: folds
Hero: folds
Uncalled bet ($1.1) returned to c9da7355
*** SHOWDOWN ***
c9da7355 collected $1.05 from pot
*** SUMMARY ***
Total pot $1.1 | Rake $0.05 | Jackpot $0 | Bingo $0 | Fortune $0 | Tax $0
Seat 1: c9da7355 (small blind) collected ($1.05)
Seat 2: aac40117 (big blind) folded before Flop
Seat 3: 3f0418fb folded before Flop (didn't bet)
Seat 4: 1d35fa4a folded before Flop (didn't bet)
Seat 5: 80696475 folded before Flop
Seat 6: Hero (button) folded before Flop


Poker Hand #HD1782007378: Hold'em No Limit ($0.05/$0.1) - 2024/05/21 15:42:52
Table 'NLHRed8' 6-max Seat #5 is the button
Seat 1: c9da7355 ($11.55 in chips)
Seat 2: aac40117 ($10 in chips)
Seat 3: 3f0418fb ($12.77 in chips)
Seat 4: 1d35fa4a ($22.17 in chips)
Seat 5: 80696475 ($9.65 in chips)
Seat 6: Hero ($12.34 in chips)
Hero: posts small blind $0.05
c9da7355: posts big blind $0.1
*** HOLE CARDS ***
Dealt to c9da7355 
Dealt to aac40117 
Dealt to 3f0418fb 
Dealt to 1d35fa4a 
Dealt to 80696475 
Dealt to Hero [6d Ac]
aac40117: folds
3f0418fb: folds
1d35fa4a: folds
80696475: folds
Hero: folds
Uncalled bet ($0.05) returned to c9da7355
*** SHOWDOWN ***
c9da7355 collected $0.1 from pot
*** SUMMARY ***
Total pot $0.1 | Rake $0 | Jackpot $0 | Bingo $0 | Fortune $0 | Tax $0
Seat 1: c9da7355 (big blind) collected ($0.1)
Seat 2: aac40117 folded before Flop (didn't bet)
Seat 3: 3f0418fb folded before Flop (didn't bet)
Seat 4: 1d35fa4a folded before Flop (didn't bet)
Seat 5: 80696475 (button) folded before Flop (didn't bet)
Seat 6: Hero (small blind) folded before Flop


Poker Hand #HD1782007241: Hold'em No Limit ($0.05/$0.1) - 2024/05/21 15:41:39
Table 'NLHRed8' 6-max Seat #4 is the button
Seat 1: c9da7355 ($11.55 in chips)
Seat 2: aac40117 ($10.93 in chips)
Seat 3: 3f0418fb ($12.77 in chips)
Seat 4: 1d35fa4a ($22.87 in chips)
Seat 5: 80696475 ($9.7 in chips)
Seat 6: Hero ($10.45 in chips)
80696475: posts small blind $0.05
Hero: posts big blind $0.1
*** HOLE CARDS ***
Dealt to c9da7355 
Dealt to aac40117 
Dealt to 3f0418fb 
Dealt to 1d35fa4a 
Dealt to 80696475 
Dealt to Hero [9s As]
c9da7355: folds
aac40117: raises $0.2 to $0.3
3f0418fb: folds
1d35fa4a: calls $0.3
80696475: folds
Hero: calls $0.2
*** FLOP *** [2c Ah Ac]
Hero: checks
aac40117: checks
1d35fa4a: checks
*** TURN *** [2c Ah Ac] [6c]
Hero: bets $0.4
aac40117: calls $0.4
1d35fa4a: calls $0.4
*** RIVER *** [2c Ah Ac 6c] [Jh]
Hero: checks
aac40117: bets $0.71
1d35fa4a: folds
Hero: calls $0.71
aac40117: shows [Ad 8d] (Three Aces)
Hero: shows [9s As] (Three Aces)
*** SHOWDOWN ***
Hero collected $3.3 from pot
*** SUMMARY ***
Total pot $3.57 | Rake $0.17 | Jackpot $0.1 | Bingo $0 | Fortune $0 | Tax $0
Board [2c Ah Ac 6c Jh]
Seat 1: c9da7355 folded before Flop (didn't bet)
Seat 2: aac40117 showed [Ad 8d] and lost with Three Aces
Seat 3: 3f0418fb folded before Flop (didn't bet)
Seat 4: 1d35fa4a (button) folded on the River
Seat 5: 80696475 (small blind) folded before Flop
Seat 6: Hero (big blind) showed [9s As] and won ($3.3) with Three Aces


Poker Hand #HD1782007146: Hold'em No Limit ($0.05/$0.1) - 2024/05/21 15:40:51
Table 'NLHRed8' 6-max Seat #3 is the button
Seat 1: c9da7355 ($11.55 in chips)
Seat 2: aac40117 ($10.98 in chips)
Seat 3: 3f0418fb ($12.77 in chips)
Seat 4: 1d35fa4a ($22.55 in chips)
Seat 5: 80696475 ($10 in chips)
Seat 6: Hero ($10.45 in chips)
1d35fa4a: posts small blind $0.05
80696475: posts big blind $0.1
aac40117: posts missed blind $0.05
*** HOLE CARDS ***
Dealt to c9da7355 
Dealt to aac40117 
Dealt to 3f0418fb 
Dealt to 1d35fa4a 
Dealt to 80696475 
Dealt to Hero [As 5d]
Hero: folds
c9da7355: folds
aac40117: folds
3f0418fb: folds
1d35fa4a: raises $0.2 to $0.3
80696475: calls $0.2
*** FLOP *** [2c Td 7d]
1d35fa4a: bets $0.3
80696475: folds
Uncalled bet ($0.3) returned to 1d35fa4a
*** SHOWDOWN ***
1d35fa4a collected $0.62 from pot
*** SUMMARY ***
Total pot $0.65 | Rake $0.03 | Jackpot $0 | Bingo $0 | Fortune $0 | Tax $0
Board [2c Td 7d]
Seat 1: c9da7355 folded before Flop (didn't bet)
Seat 2: aac40117 folded before Flop
Seat 3: 3f0418fb (button) folded before Flop (didn't bet)
Seat 4: 1d35fa4a (small blind) won ($0.62)
Seat 5: 80696475 (big blind) folded on the Flop
Seat 6: Hero folded before Flop (didn't bet)


Poker Hand #HD1782007041: Hold'em No Limit ($0.05/$0.1) - 2024/05/21 15:40:01
Table 'NLHRed8' 6-max Seat #1 is the button
Seat 1: c9da7355 ($11.55 in chips)
Seat 3: 3f0418fb ($12.82 in chips)
Seat 4: 1d35fa4a ($22.99 in chips)
Seat 5: 80696475 ($10 in chips)
Seat 6: Hero ($10 in chips)
3f0418fb: posts small blind $0.05
1d35fa4a: posts big blind $0.1
*** HOLE CARDS ***
Dealt to c9da7355 
Dealt to 3f0418fb 
Dealt to 1d35fa4a 
Dealt to 80696475 
Dealt to Hero [Jc Kc]
80696475: folds
Hero: raises $0.14 to $0.24
c9da7355: folds
3f0418fb: folds
1d35fa4a: calls $0.14
*** FLOP *** [5c Ah 9h]
1d35fa4a: checks
Hero: checks
*** TURN *** [5c Ah 9h] [Kd]
1d35fa4a: bets $0.2
Hero: calls $0.2
*** RIVER *** [5c Ah 9h Kd] [6c]
1d35fa4a: checks
Hero: checks
1d35fa4a: shows [Kh Td] (Pair of Kings)
Hero: shows [Jc Kc] (Pair of Kings)
*** SHOWDOWN ***
Hero collected $0.89 from pot
*** SUMMARY ***
Total pot $0.93 | Rake $0.04 | Jackpot $0 | Bingo $0 | Fortune $0 | Tax $0
Board [5c Ah 9h Kd 6c]
Seat 1: c9da7355 (button) folded before Flop (didn't bet)
Seat 3: 3f0418fb (small blind) folded before Flop
Seat 4: 1d35fa4a (big blind) showed [Kh Td] and lost with Pair of Kings
Seat 5: 80696475 folded before Flop (didn't bet)
Seat 6: Hero showed [Jc Kc] and won ($0.89) with Pair of Kings


Poker Hand #HD1782006992: Hold'em No Limit ($0.05/$0.1) - 2024/05/21 15:39:35
Table 'NLHRed8' 6-max Seat #6 is the button
Seat 1: c9da7355 ($11.6 in chips)
Seat 2: aac40117 ($11.08 in chips)
Seat 3: 3f0418fb ($12.82 in chips)
Seat 4: 1d35fa4a ($22.84 in chips)
Seat 5: 80696475 ($10 in chips)
Seat 6: Hero ($10 in chips)
c9da7355: posts small blind $0.05
aac40117: posts big blind $0.1
*** HOLE CARDS ***
Dealt to c9da7355 
Dealt to aac40117 
Dealt to 3f0418fb 
Dealt to 1d35fa4a 
Dealt to 80696475 
Dealt to Hero [4d 2h]
3f0418fb: folds
1d35fa4a: raises $0.2 to $0.3
80696475: folds
Hero: folds
c9da7355: folds
aac40117: folds
Uncalled bet ($0.2) returned to 1d35fa4a
*** SHOWDOWN ***
1d35fa4a collected $0.25 from pot
*** SUMMARY ***
Total pot $0.25 | Rake $0 | Jackpot $0 | Bingo $0 | Fortune $0 | Tax $0
Seat 1: c9da7355 (small blind) folded before Flop
Seat 2: aac40117 (big blind) folded before Flop
Seat 3: 3f0418fb folded before Flop (didn't bet)
Seat 4: 1d35fa4a collected ($0.25)
Seat 5: 80696475 folded before Flop (didn't bet)
Seat 6: Hero (button) folded before Flop (didn't bet)


Poker Hand #HD1782006954: Hold'em No Limit ($0.05/$0.1) - 2024/05/21 15:39:15
Table 'NLHRed8' 6-max Seat #5 is the button
Seat 1: c9da7355 ($11.7 in chips)
Seat 2: aac40117 ($11.08 in chips)
Seat 3: 3f0418fb ($12.82 in chips)
Seat 4: 1d35fa4a ($22.84 in chips)
Seat 5: 80696475 ($9.85 in chips)
Seat 6: Hero ($10.05 in chips)
Hero: posts small blind $0.05
c9da7355: posts big blind $0.1
*** HOLE CARDS ***
Dealt to c9da7355 
Dealt to aac40117 
Dealt to 3f0418fb 
Dealt to 1d35fa4a 
Dealt to 80696475 
Dealt to Hero [4s 9s]
aac40117: folds
3f0418fb: folds
1d35fa4a: folds
80696475: raises $0.1 to $0.2
Hero: folds
c9da7355: folds
Uncalled bet ($0.1) returned to 80696475
*** SHOWDOWN ***
80696475 collected $0.25 from pot
*** SUMMARY ***
Total pot $0.25 | Rake $0 | Jackpot $0 | Bingo $0 | Fortune $0 | Tax $0
Seat 1: c9da7355 (big blind) folded before Flop
Seat 2: aac40117 folded before Flop (didn't bet)
Seat 3: 3f0418fb folded before Flop (didn't bet)
Seat 4: 1d35fa4a folded before Flop (didn't bet)
Seat 5: 80696475 (button) collected ($0.25)
Seat 6: Hero (small blind) folded before Flop


Poker Hand #HD1782006914: Hold'em No Limit ($0.05/$0.1) - 2024/05/21 15:38:55
Table 'NLHRed8' 6-max Seat #4 is the button
Seat 1: c9da7355 ($11.7 in chips)
Seat 2: aac40117 ($11.08 in chips)
Seat 3: 3f0418fb ($12.82 in chips)
Seat 4: 1d35fa4a ($22.84 in chips)
Seat 5: 80696475 ($9.9 in chips)
Seat 6: Hero ($10 in chips)
80696475: posts small blind $0.05
Hero: posts big blind $0.1
*** HOLE CARDS ***
Dealt to c9da7355 
Dealt to aac40117 
Dealt to 3f0418fb 
Dealt to 1d35fa4a 
Dealt to 80696475 
Dealt to Hero [Ks Ac]
c9da7355: folds
aac40117: folds
3f0418fb: folds
1d35fa4a: folds
80696475: folds
Uncalled bet ($0.05) returned to Hero
*** SHOWDOWN ***
Hero collected $0.1 from pot
*** SUMMARY ***
Total pot $0.1 | Rake $0 | Jackpot $0 | Bingo $0 | Fortune $0 | Tax $0
Seat 1: c9da7355 folded before Flop (didn't bet)
Seat 2: aac40117 folded before Flop (didn't bet)
Seat 3: 3f0418fb folded before Flop (didn't bet)
Seat 4: 1d35fa4a (button) folded before Flop (didn't bet)
Seat 5: 80696475 (small blind) folded before Flop
Seat 6: Hero (big blind) collected ($0.1)


Poker Hand #HD1782006784: Hold'em No Limit ($0.05/$0.1) - 2024/05/21 15:37:43
Table 'NLHRed8' 6-max Seat #3 is the button
Seat 1: c9da7355 ($11.7 in chips)
Seat 2: aac40117 ($10 in chips)
Seat 3: 3f0418fb ($13.65 in chips)
Seat 4: 1d35fa4a ($22.89 in chips)
Seat 5: 80696475 ($10 in chips)
Seat 6: Hero ($10 in chips)
1d35fa4a: posts small blind $0.05
80696475: posts big blind $0.1
*** HOLE CARDS ***
Dealt to c9da7355 
Dealt to aac40117 
Dealt to 3f0418fb 
Dealt to 1d35fa4a 
Dealt to 80696475 
Dealt to Hero [7c 7d]
Hero: raises $0.1 to $0.2
c9da7355: folds
aac40117: calls $0.2
3f0418fb: calls $0.2
1d35fa4a: folds
80696475: folds
*** FLOP *** [Td Qd 8s]
Hero: checks
aac40117: checks
3f0418fb: checks
*** TURN *** [Td Qd 8s] [5s]
Hero: checks
aac40117: checks
3f0418fb: bets $0.63
Hero: folds
aac40117: calls $0.63
*** RIVER *** [Td Qd 8s 5s] [Ks]
aac40117: checks
3f0418fb: checks
aac40117: shows [As 7s] (Ace High Flush)
3f0418fb: shows [5d Ah] (Pair of Fives)
*** SHOWDOWN ***
aac40117 collected $1.91 from pot
*** SUMMARY ***
Total pot $2.01 | Rake $0.1 | Jackpot $0 | Bingo $0 | Fortune $0 | Tax $0
Board [Td Qd 8s 5s Ks]
Seat 1: c9da7355 folded before Flop (didn't bet)
Seat 2: aac40117 showed [As 7s] and won ($1.91) with Ace High Flush
Seat 3: 3f0418fb (button) showed [5d Ah] and lost with Pair of Fives
Seat 4: 1d35fa4a (small blind) folded before Flop
Seat 5: 80696475 (big blind) folded before Flop
Seat 6: Hero folded on the Turn


Poker Hand #HD1782006676: Hold'em No Limit ($0.05/$0.1) - 2024/05/21 15:36:44
Table 'NLHRed8' 6-max Seat #2 is the button
Seat 1: c9da7355 ($11.7 in chips)
Seat 2: aac40117 ($10 in chips)
Seat 3: 3f0418fb ($13.75 in chips)
Seat 4: 1d35fa4a ($22.8 in chips)
Seat 5: ef0d9871 ($10 in chips)
Seat 6: Hero ($10 in chips)
3f0418fb: posts small blind $0.05
1d35fa4a: posts big blind $0.1
*** HOLE CARDS ***
Dealt to c9da7355 
Dealt to aac40117 
Dealt to 3f0418fb 
Dealt to 1d35fa4a 
Dealt to ef0d9871 
Dealt to Hero [2h 8s]
ef0d9871: folds
Hero: folds
c9da7355: folds
aac40117: folds
3f0418fb: calls $0.05
1d35fa4a: checks
*** FLOP *** [2s Qd 3s]
3f0418fb: checks
1d35fa4a: checks
*** TURN *** [2s Qd 3s] [Qs]
3f0418fb: checks
1d35fa4a: checks
*** RIVER *** [2s Qd 3s Qs] [As]
3f0418fb: checks
1d35fa4a: bets $0.2
3f0418fb: folds
Uncalled bet ($0.2) returned to 1d35fa4a
*** SHOWDOWN ***
1d35fa4a collected $0.19 from pot
*** SUMMARY ***
Total pot $0.2 | Rake $0.01 | Jackpot $0 | Bingo $0 | Fortune $0 | Tax $0
Board [2s Qd 3s Qs As]
Seat 1: c9da7355 folded before Flop (didn't bet)
Seat 2: aac40117 (button) folded before Flop (didn't bet)
Seat 3: 3f0418fb (small blind) folded on the River
Seat 4: 1d35fa4a (big blind) won ($0.19)
Seat 5: ef0d9871 folded before Flop (didn't bet)
Seat 6: Hero folded before Flop (didn't bet)


Poker Hand #HD1782006644: Hold'em No Limit ($0.05/$0.1) - 2024/05/21 15:36:29
Table 'NLHRed8' 6-max Seat #1 is the button
Seat 1: c9da7355 ($11.55 in chips)
Seat 2: aac40117 ($10 in chips)
Seat 3: 3f0418fb ($13.85 in chips)
Seat 4: 1d35fa4a ($22.8 in chips)
Seat 5: ef0d9871 ($10 in chips)
Seat 6: Hero ($10 in chips)
aac40117: posts small blind $0.05
3f0418fb: posts big blind $0.1
*** HOLE CARDS ***
Dealt to c9da7355 
Dealt to aac40117 
Dealt to 3f0418fb 
Dealt to 1d35fa4a 
Dealt to ef0d9871 
Dealt to Hero [9s Jd]
1d35fa4a: folds
ef0d9871: folds
Hero: folds
c9da7355: raises $0.13 to $0.23
aac40117: folds
3f0418fb: folds
Uncalled bet ($0.13) returned to c9da7355
*** SHOWDOWN ***
c9da7355 collected $0.25 from pot
*** SUMMARY ***
Total pot $0.25 | Rake $0 | Jackpot $0 | Bingo $0 | Fortune $0 | Tax $0
Seat 1: c9da7355 (button) collected ($0.25)
Seat 2: aac40117 (small blind) folded before Flop
Seat 3: 3f0418fb (big blind) folded before Flop
Seat 4: 1d35fa4a folded before Flop (didn't bet)
Seat 5: ef0d9871 folded before Flop (didn't bet)
Seat 6: Hero folded before Flop (didn't bet)


Poker Hand #HD1782006601: Hold'em No Limit ($0.05/$0.1) - 2024/05/21 15:36:04
Table 'NLHRed8' 6-max Seat #6 is the button
Seat 1: c9da7355 ($11.45 in chips)
Seat 2: aac40117 ($10 in chips)
Seat 3: 3f0418fb ($13.85 in chips)
Seat 4: 1d35fa4a ($22.8 in chips)
Seat 5: ef0d9871 ($10 in chips)
Seat 6: Hero ($10 in chips)
c9da7355: posts small blind $0.05
aac40117: posts big blind $0.1
*** HOLE CARDS ***
Dealt to c9da7355 
Dealt to aac40117 
Dealt to 3f0418fb 
Dealt to 1d35fa4a 
Dealt to ef0d9871 
Dealt to Hero [4s Th]
3f0418fb: folds
1d35fa4a: folds
ef0d9871: folds
Hero: folds
c9da7355: raises $0.13 to $0.23
aac40117: folds
Uncalled bet ($0.13) returned to c9da7355
*** SHOWDOWN ***
c9da7355 collected $0.2 from pot
*** SUMMARY ***
Total pot $0.2 | Rake $0 | Jackpot $0 | Bingo $0 | Fortune $0 | Tax $0
Seat 1: c9da7355 (small blind) collected ($0.2)
Seat 2: aac40117 (big blind) folded before Flop
Seat 3: 3f0418fb folded before Flop (didn't bet)
Seat 4: 1d35fa4a folded before Flop (didn't bet)
Seat 5: ef0d9871 folded before Flop (didn't bet)
Seat 6: Hero (button) folded before Flop (didn't bet)


Poker Hand #HD1782006582: Hold'em No Limit ($0.05/$0.1) - 2024/05/21 15:35:52
Table 'NLHRed8' 6-max Seat #5 is the button
Seat 1: c9da7355 ($11.4 in chips)
Seat 3: 3f0418fb ($13.85 in chips)
Seat 4: 1d35fa4a ($22.8 in chips)
Seat 5: ef0d9871 ($10 in chips)
Seat 6: Hero ($10 in chips)
Hero: posts small blind $0.05
c9da7355: posts big blind $0.1
*** HOLE CARDS ***
Dealt to c9da7355 
Dealt to 3f0418fb 
Dealt to 1d35fa4a 
Dealt to ef0d9871 
Dealt to Hero [8h Kc]
3f0418fb: folds
1d35fa4a: folds
ef0d9871: folds
Hero: folds
Uncalled bet ($0.05) returned to c9da7355
*** SHOWDOWN ***
c9da7355 collected $0.1 from pot
*** SUMMARY ***
Total pot $0.1 | Rake $0 | Jackpot $0 | Bingo $0 | Fortune $0 | Tax $0
Seat 1: c9da7355 (big blind) collected ($0.1)
Seat 3: 3f0418fb folded before Flop (didn't bet)
Seat 4: 1d35fa4a folded before Flop (didn't bet)
Seat 5: ef0d9871 (button) folded before Flop (didn't bet)
Seat 6: Hero (small blind) folded before Flop


Poker Hand #HD1782006528: Hold'em No Limit ($0.05/$0.1) - 2024/05/21 15:35:21
Table 'NLHRed8' 6-max Seat #4 is the button
Seat 1: c9da7355 ($11.4 in chips)
Seat 3: 3f0418fb ($14.15 in chips)
Seat 4: 1d35fa4a ($22.38 in chips)
Seat 5: ef0d9871 ($10.05 in chips)
Seat 6: Hero ($10 in chips)
ef0d9871: posts small blind $0.05
Hero: posts big blind $0.1
*** HOLE CARDS ***
Dealt to c9da7355 
Dealt to 3f0418fb 
Dealt to 1d35fa4a 
Dealt to ef0d9871 
Dealt to Hero [Td Ac]
c9da7355: folds
3f0418fb: raises $0.2 to $0.3
1d35fa4a: raises $0.7 to $1
ef0d9871: folds
Hero: folds
3f0418fb: folds
Uncalled bet ($0.7) returned to 1d35fa4a
*** SHOWDOWN ***
1d35fa4a collected $0.72 from pot
*** SUMMARY ***
Total pot $0.75 | Rake $0.03 | Jackpot $0 | Bingo $0 | Fortune $0 | Tax $0
Seat 1: c9da7355 folded before Flop (didn't bet)
Seat 3: 3f0418fb folded before Flop
Seat 4: 1d35fa4a (button) collected ($0.72)
Seat 5: ef0d9871 (small blind) folded before Flop
Seat 6: Hero (big blind) folded before Flop


Poker Hand #HD1782006479: Hold'em No Limit ($0.05/$0.1) - 2024/05/21 15:34:55
Table 'NLHRed8' 6-max Seat #3 is the button
Seat 1: c9da7355 ($11.4 in chips)
Seat 3: 3f0418fb ($14.15 in chips)
Seat 4: 1d35fa4a ($22.28 in chips)
Seat 5: ef0d9871 ($10.15 in chips)
Seat 6: Hero ($10 in chips)
1d35fa4a: posts small blind $0.05
ef0d9871: posts big blind $0.1
*** HOLE CARDS ***
Dealt to c9da7355 
Dealt to 3f0418fb 
Dealt to 1d35fa4a 
Dealt to ef0d9871 
Dealt to Hero [Kh 9d]
Hero: folds
c9da7355: folds
3f0418fb: folds
1d35fa4a: raises $0.2 to $0.3
ef0d9871: folds
Uncalled bet ($0.2) returned to 1d35fa4a
*** SHOWDOWN ***
1d35fa4a collected $0.2 from pot
*** SUMMARY ***
Total pot $0.2 | Rake $0 | Jackpot $0 | Bingo $0 | Fortune $0 | Tax $0
Seat 1: c9da7355 folded before Flop (didn't bet)
Seat 3: 3f0418fb (button) folded before Flop (didn't bet)
Seat 4: 1d35fa4a (small blind) collected ($0.2)
Seat 5: ef0d9871 (big blind) folded before Flop
Seat 6: Hero folded before Flop (didn't bet)


Poker Hand #HD1782006446: Hold'em No Limit ($0.05/$0.1) - 2024/05/21 15:34:36
Table 'NLHRed8' 6-max Seat #1 is the button
Seat 1: c9da7355 ($11.4 in chips)
Seat 3: 3f0418fb ($14.2 in chips)
Seat 4: 1d35fa4a ($22.38 in chips)
Seat 5: ef0d9871 ($10 in chips)
Seat 6: Hero ($10 in chips)
3f0418fb: posts small blind $0.05
1d35fa4a: posts big blind $0.1
*** HOLE CARDS ***
Dealt to c9da7355 
Dealt to 3f0418fb 
Dealt to 1d35fa4a 
Dealt to ef0d9871 
Dealt to Hero [Kh 4h]
ef0d9871: raises $0.15 to $0.25
Hero: folds
c9da7355: folds
3f0418fb: folds
1d35fa4a: folds
Uncalled bet ($0.15) returned to ef0d9871
*** SHOWDOWN ***
ef0d9871 collected $0.25 from pot
*** SUMMARY ***
Total pot $0.25 | Rake $0 | Jackpot $0 | Bingo $0 | Fortune $0 | Tax $0
Seat 1: c9da7355 (button) folded before Flop (didn't bet)
Seat 3: 3f0418fb (small blind) folded before Flop
Seat 4: 1d35fa4a (big blind) folded before Flop
Seat 5: ef0d9871 collected ($0.25)
Seat 6: Hero folded before Flop (didn't bet)


Poker Hand #HD1782006351: Hold'em No Limit ($0.05/$0.1) - 2024/05/21 15:33:41
Table 'NLHRed8' 6-max Seat #6 is the button
Seat 1: c9da7355 ($8.04 in chips)
Seat 3: 3f0418fb ($14.3 in chips)
Seat 4: 1d35fa4a ($22.38 in chips)
Seat 5: ef0d9871 ($12.58 in chips)
Seat 6: Hero ($10 in chips)
c9da7355: posts small blind $0.05
3f0418fb: posts big blind $0.1
*** HOLE CARDS ***
Dealt to c9da7355 
Dealt to 3f0418fb 
Dealt to 1d35fa4a 
Dealt to ef0d9871 
Dealt to Hero [4h Td]
1d35fa4a: folds
ef0d9871: raises $0.15 to $0.25
Hero: folds
c9da7355: raises $0.45 to $0.7
3f0418fb: folds
ef0d9871: raises $1.13 to $1.83
c9da7355: calls $1.13
*** FLOP *** [Jd 9h As]
c9da7355: bets $1.9
ef0d9871: calls $1.9
*** TURN *** [Jd 9h As] [2d]
c9da7355: bets $2.5
ef0d9871: folds
Uncalled bet ($2.5) returned to c9da7355
*** SHOWDOWN ***
c9da7355 collected $7.09 from pot
*** SUMMARY ***
Total pot $7.56 | Rake $0.37 | Jackpot $0.1 | Bingo $0 | Fortune $0 | Tax $0
Board [Jd 9h As 2d]
Seat 1: c9da7355 (small blind) won ($7.09)
Seat 3: 3f0418fb (big blind) folded before Flop
Seat 4: 1d35fa4a folded before Flop (didn't bet)
Seat 5: ef0d9871 folded on the Turn
Seat 6: Hero (button) folded before Flop (didn't bet)


Poker Hand #HD1782006234: Hold'em No Limit ($0.05/$0.1) - 2024/05/21 15:32:39
Table 'NLHRed8' 6-max Seat #5 is the button
Seat 1: c9da7355 ($8.14 in chips)
Seat 2: ebe2c010 ($13.07 in chips)
Seat 3: 3f0418fb ($14.3 in chips)
Seat 4: 1d35fa4a ($22.38 in chips)
Seat 5: ef0d9871 ($10.78 in chips)
Seat 6: Hero ($10.05 in chips)
Hero: posts small blind $0.05
c9da7355: posts big blind $0.1
*** HOLE CARDS ***
Dealt to c9da7355 
Dealt to ebe2c010 
Dealt to 3f0418fb 
Dealt to 1d35fa4a 
Dealt to ef0d9871 
Dealt to Hero [Jc Js]
ebe2c010: folds
3f0418fb: folds
1d35fa4a: folds
ef0d9871: raises $0.15 to $0.25
Hero: raises $0.95 to $1.2
c9da7355: folds
ef0d9871: calls $0.95
*** FLOP *** [Ks 4c 7h]
Hero: bets $0.8
ef0d9871: calls $0.8
*** TURN *** [Ks 4c 7h] [3s]
Hero: checks
ef0d9871: bets $2.05
Hero: folds
Uncalled bet ($2.05) returned to ef0d9871
*** SHOWDOWN ***
ef0d9871 collected $3.8 from pot
*** SUMMARY ***
Total pot $4.1 | Rake $0.2 | Jackpot $0.1 | Bingo $0 | Fortune $0 | Tax $0
Board [Ks 4c 7h 3s]
Seat 1: c9da7355 (big blind) folded before Flop
Seat 2: ebe2c010 folded before Flop (didn't bet)
Seat 3: 3f0418fb folded before Flop (didn't bet)
Seat 4: 1d35fa4a folded before Flop (didn't bet)
Seat 5: ef0d9871 (button) won ($3.8)
Seat 6: Hero (small blind) folded on the Turn


Poker Hand #HD1782006191: Hold'em No Limit ($0.05/$0.1) - 2024/05/21 15:32:21
Table 'NLHRed8' 6-max Seat #4 is the button
Seat 1: c9da7355 ($8.14 in chips)
Seat 2: ebe2c010 ($13.07 in chips)
Seat 3: 3f0418fb ($14.3 in chips)
Seat 4: 1d35fa4a ($22.38 in chips)
Seat 5: ef0d9871 ($10.83 in chips)
Seat 6: Hero ($10 in chips)
ef0d9871: posts small blind $0.05
Hero: posts big blind $0.1
*** HOLE CARDS ***
Dealt to c9da7355 
Dealt to ebe2c010 
Dealt to 3f0418fb 
Dealt to 1d35fa4a 
Dealt to ef0d9871 
Dealt to Hero [Qs 5d]
c9da7355: folds
ebe2c010: folds
3f0418fb: folds
1d35fa4a: folds
ef0d9871: folds
Uncalled bet ($0.05) returned to Hero
*** SHOWDOWN ***
Hero collected $0.1 from pot
*** SUMMARY ***
Total pot $0.1 | Rake $0 | Jackpot $0 | Bingo $0 | Fortune $0 | Tax $0
Seat 1: c9da7355 folded before Flop (didn't bet)
Seat 2: ebe2c010 folded before Flop (didn't bet)
Seat 3: 3f0418fb folded before Flop (didn't bet)
Seat 4: 1d35fa4a (button) folded before Flop (didn't bet)
Seat 5: ef0d9871 (small blind) folded before Flop
Seat 6: Hero (big blind) collected ($0.1)


Poker Hand #HD1782006169: Hold'em No Limit ($0.05/$0.1) - 2024/05/21 15:32:08
Table 'NLHRed8' 6-max Seat #3 is the button
Seat 1: c9da7355 ($8.14 in chips)
Seat 2: ebe2c010 ($13.07 in chips)
Seat 3: 3f0418fb ($14.3 in chips)
Seat 4: 1d35fa4a ($22.28 in chips)
Seat 5: ef0d9871 ($10.93 in chips)
Seat 6: Hero ($10 in chips)
1d35fa4a: posts small blind $0.05
ef0d9871: posts big blind $0.1
*** HOLE CARDS ***
Dealt to c9da7355 
Dealt to ebe2c010 
Dealt to 3f0418fb 
Dealt to 1d35fa4a 
Dealt to ef0d9871 
Dealt to Hero [5h Js]
Hero: folds
c9da7355: folds
ebe2c010: folds
3f0418fb: folds
1d35fa4a: raises $0.2 to $0.3
ef0d9871: folds
Uncalled bet ($0.2) returned to 1d35fa4a
*** SHOWDOWN ***
1d35fa4a collected $0.2 from pot
*** SUMMARY ***
Total pot $0.2 | Rake $0 | Jackpot $0 | Bingo $0 | Fortune $0 | Tax $0
Seat 1: c9da7355 folded before Flop (didn't bet)
Seat 2: ebe2c010 folded before Flop (didn't bet)
Seat 3: 3f0418fb (button) folded before Flop (didn't bet)
Seat 4: 1d35fa4a (small blind) collected ($0.2)
Seat 5: ef0d9871 (big blind) folded before Flop
Seat 6: Hero folded before Flop (didn't bet)


Poker Hand #HD1782006092: Hold'em No Limit ($0.05/$0.1) - 2024/05/21 15:31:27
Table 'NLHRed8' 6-max Seat #2 is the button
Seat 1: c9da7355 ($8.14 in chips)
Seat 2: ebe2c010 ($13.07 in chips)
Seat 3: 3f0418fb ($14.84 in chips)
Seat 4: 1d35fa4a ($21.79 in chips)
Seat 5: ef0d9871 ($10.93 in chips)
Seat 6: Hero ($10 in chips)
3f0418fb: posts small blind $0.05
1d35fa4a: posts big blind $0.1
*** HOLE CARDS ***
Dealt to c9da7355 
Dealt to ebe2c010 
Dealt to 3f0418fb 
Dealt to 1d35fa4a 
Dealt to ef0d9871 
Dealt to Hero [8h Kd]
ef0d9871: folds
Hero: folds
c9da7355: folds
ebe2c010: folds
3f0418fb: calls $0.05
1d35fa4a: checks
*** FLOP *** [Th Qc 5s]
3f0418fb: bets $0.1
1d35fa4a: calls $0.1
*** TURN *** [Th Qc 5s] [Jd]
3f0418fb: bets $0.34
1d35fa4a: calls $0.34
*** RIVER *** [Th Qc 5s Jd] [7h]
3f0418fb: checks
1d35fa4a: checks
3f0418fb: shows [3c Kc] (King-High)
1d35fa4a: shows [Qh 9c] (Pair of Queens)
*** SHOWDOWN ***
1d35fa4a collected $1.03 from pot
*** SUMMARY ***
Total pot $1.08 | Rake $0.05 | Jackpot $0 | Bingo $0 | Fortune $0 | Tax $0
Board [Th Qc 5s Jd 7h]
Seat 1: c9da7355 folded before Flop (didn't bet)
Seat 2: ebe2c010 (button) folded before Flop (didn't bet)
Seat 3: 3f0418fb (small blind) showed [3c Kc] and lost with King-High
Seat 4: 1d35fa4a (big blind) showed [Qh 9c] and won ($1.03) with Pair of Queens
Seat 5: ef0d9871 folded before Flop (didn't bet)
Seat 6: Hero folded before Flop (didn't bet)


Poker Hand #HD1782005956: Hold'em No Limit ($0.05/$0.1) - 2024/05/21 15:30:07
Table 'NLHRed8' 6-max Seat #1 is the button
Seat 1: c9da7355 ($8.24 in chips)
Seat 2: ebe2c010 ($13.12 in chips)
Seat 3: 3f0418fb ($15.08 in chips)
Seat 4: 1d35fa4a ($21.79 in chips)
Seat 5: ef0d9871 ($10.57 in chips)
Seat 6: Hero ($10 in chips)
ebe2c010: posts small blind $0.05
3f0418fb: posts big blind $0.1
*** HOLE CARDS ***
Dealt to c9da7355 
Dealt to ebe2c010 
Dealt to 3f0418fb 
Dealt to 1d35fa4a 
Dealt to ef0d9871 
Dealt to Hero [Jc 7c]
1d35fa4a: folds
ef0d9871: calls $0.1
Hero: folds
c9da7355: calls $0.1
ebe2c010: folds
3f0418fb: checks
*** FLOP *** [Tc Qh Qd]
3f0418fb: checks
ef0d9871: checks
c9da7355: checks
*** TURN *** [Tc Qh Qd] [7s]
3f0418fb: checks
ef0d9871: checks
c9da7355: checks
*** RIVER *** [Tc Qh Qd 7s] [3d]
3f0418fb: bets $0.14
ef0d9871: calls $0.14
c9da7355: folds
3f0418fb: shows [Jh 7h] (Pair of Queens and Pair of Sevens)
ef0d9871: shows [Td Kd] (Pair of Queens and Pair of Tens)
*** SHOWDOWN ***
ef0d9871 collected $0.6 from pot
*** SUMMARY ***
Total pot $0.63 | Rake $0.03 | Jackpot $0 | Bingo $0 | Fortune $0 | Tax $0
Board [Tc Qh Qd 7s 3d]
Seat 1: c9da7355 (button) folded on the River
Seat 2: ebe2c010 (small blind) folded before Flop
Seat 3: 3f0418fb (big blind) showed [Jh 7h] and lost with Pair of Queens and Pair of Sevens
Seat 4: 1d35fa4a folded before Flop (didn't bet)
Seat 5: ef0d9871 showed [Td Kd] and won ($0.6) with Pair of Queens and Pair of Tens
Seat 6: Hero folded before Flop (didn't bet)


Poker Hand #HD1782005808: Hold'em No Limit ($0.05/$0.1) - 2024/05/21 15:28:52
Table 'NLHRed8' 6-max Seat #6 is the button
Seat 1: c9da7355 ($5.85 in chips)
Seat 2: ebe2c010 ($13.22 in chips)
Seat 3: 3f0418fb ($15.08 in chips)
Seat 4: 1d35fa4a ($24.44 in chips)
Seat 5: ef0d9871 ($10.57 in chips)
Seat 6: Hero ($10 in chips)
c9da7355: posts small blind $0.05
ebe2c010: posts big blind $0.1
*** HOLE CARDS ***
Dealt to c9da7355 
Dealt to ebe2c010 
Dealt to 3f0418fb 
Dealt to 1d35fa4a 
Dealt to ef0d9871 
Dealt to Hero [3d As]
3f0418fb: folds
1d35fa4a: raises $0.2 to $0.3
ef0d9871: folds
Hero: folds
c9da7355: calls $0.25
ebe2c010: folds
*** FLOP *** [8s 7c 3s]
c9da7355: checks
1d35fa4a: bets $0.3
c9da7355: calls $0.3
*** TURN *** [8s 7c 3s] [Tc]
c9da7355: checks
1d35fa4a: bets $0.7
c9da7355: calls $0.7
*** RIVER *** [8s 7c 3s Tc] [5c]
c9da7355: bets $1.35
1d35fa4a: calls $1.35
c9da7355: shows [Qc Jc] (Queen High Flush)
1d35fa4a: shows [8h 8c] (Three Eights)
*** SHOWDOWN ***
c9da7355 collected $5.04 from pot
*** SUMMARY ***
Total pot $5.4 | Rake $0.26 | Jackpot $0.1 | Bingo $0 | Fortune $0 | Tax $0
Board [8s 7c 3s Tc 5c]
Seat 1: c9da7355 (small blind) showed [Qc Jc] and won ($5.04) with Queen High Flush
Seat 2: ebe2c010 (big blind) folded before Flop
Seat 3: 3f0418fb folded before Flop (didn't bet)
Seat 4: 1d35fa4a showed [8h 8c] and lost with Three Eights
Seat 5: ef0d9871 folded before Flop (didn't bet)
Seat 6: Hero (button) folded before Flop (didn't bet)


Poker Hand #HD1782005747: Hold'em No Limit ($0.05/$0.1) - 2024/05/21 15:28:22
Table 'NLHRed8' 6-max Seat #5 is the button
Seat 1: c9da7355 ($5.8 in chips)
Seat 2: ebe2c010 ($13.22 in chips)
Seat 3: 3f0418fb ($15.08 in chips)
Seat 4: 1d35fa4a ($24.44 in chips)
Seat 5: ef0d9871 ($10.57 in chips)
Seat 6: Hero ($10.05 in chips)
Hero: posts small blind $0.05
c9da7355: posts big blind $0.1
*** HOLE CARDS ***
Dealt to c9da7355 
Dealt to ebe2c010 
Dealt to 3f0418fb 
Dealt to 1d35fa4a 
Dealt to ef0d9871 
Dealt to Hero [2c 9c]
ebe2c010: folds
3f0418fb: folds
1d35fa4a: folds
ef0d9871: folds
Hero: folds
Uncalled bet ($0.05) returned to c9da7355
*** SHOWDOWN ***
c9da7355 collected $0.1 from pot
*** SUMMARY ***
Total pot $0.1 | Rake $0 | Jackpot $0 | Bingo $0 | Fortune $0 | Tax $0
Seat 1: c9da7355 (big blind) collected ($0.1)
Seat 2: ebe2c010 folded before Flop (didn't bet)
Seat 3: 3f0418fb folded before Flop (didn't bet)
Seat 4: 1d35fa4a folded before Flop (didn't bet)
Seat 5: ef0d9871 (button) folded before Flop (didn't bet)
Seat 6: Hero (small blind) folded before Flop


Poker Hand #HD1782005715: Hold'em No Limit ($0.05/$0.1) - 2024/05/21 15:28:06
Table 'NLHRed8' 6-max Seat #4 is the button
Seat 1: c9da7355 ($5.8 in chips)
Seat 2: ebe2c010 ($13.22 in chips)
Seat 3: 3f0418fb ($15.08 in chips)
Seat 4: 1d35fa4a ($24.29 in chips)
Seat 5: ef0d9871 ($10.62 in chips)
Seat 6: Hero ($10.15 in chips)
ef0d9871: posts small blind $0.05
Hero: posts big blind $0.1
*** HOLE CARDS ***
Dealt to c9da7355 
Dealt to ebe2c010 
Dealt to 3f0418fb 
Dealt to 1d35fa4a 
Dealt to ef0d9871 
Dealt to Hero [7h As]
c9da7355: folds
ebe2c010: folds
3f0418fb: folds
1d35fa4a: raises $0.2 to $0.3
ef0d9871: folds
Hero: folds
Uncalled bet ($0.2) returned to 1d35fa4a
*** SHOWDOWN ***
1d35fa4a collected $0.25 from pot
*** SUMMARY ***
Total pot $0.25 | Rake $0 | Jackpot $0 | Bingo $0 | Fortune $0 | Tax $0
Seat 1: c9da7355 folded before Flop (didn't bet)
Seat 2: ebe2c010 folded before Flop (didn't bet)
Seat 3: 3f0418fb folded before Flop (didn't bet)
Seat 4: 1d35fa4a (button) collected ($0.25)
Seat 5: ef0d9871 (small blind) folded before Flop
Seat 6: Hero (big blind) folded before Flop


Poker Hand #HD1781905593: Hold'em No Limit ($0.05/$0.1) - 2024/05/21 15:27:03
Table 'NLHRed8' 6-max Seat #3 is the button
Seat 1: c9da7355 ($5.8 in chips)
Seat 2: ebe2c010 ($13.85 in chips)
Seat 3: 3f0418fb ($15.08 in chips)
Seat 4: 1d35fa4a ($24.34 in chips)
Seat 5: ef0d9871 ($10 in chips)
Seat 6: Hero ($10.15 in chips)
1d35fa4a: posts small blind $0.05
ef0d9871: posts big blind $0.1
*** HOLE CARDS ***
Dealt to c9da7355 
Dealt to ebe2c010 
Dealt to 3f0418fb 
Dealt to 1d35fa4a 
Dealt to ef0d9871 
Dealt to Hero [8d 6d]
Hero: folds
c9da7355: folds
ebe2c010: raises $0.15 to $0.25
3f0418fb: folds
1d35fa4a: folds
ef0d9871: calls $0.15
*** FLOP *** [2s 3s 7h]
ef0d9871: checks
ebe2c010: bets $0.38
ef0d9871: raises $0.66 to $1.04
ebe2c010: folds
Uncalled bet ($0.66) returned to ef0d9871
*** SHOWDOWN ***
ef0d9871 collected $1.25 from pot
*** SUMMARY ***
Total pot $1.31 | Rake $0.06 | Jackpot $0 | Bingo $0 | Fortune $0 | Tax $0
Board [2s 3s 7h]
Seat 1: c9da7355 folded before Flop (didn't bet)
Seat 2: ebe2c010 folded on the Flop
Seat 3: 3f0418fb (button) folded before Flop (didn't bet)
Seat 4: 1d35fa4a (small blind) folded before Flop
Seat 5: ef0d9871 (big blind) won ($1.25)
Seat 6: Hero folded before Flop (didn't bet)


Poker Hand #HD1781905517: Hold'em No Limit ($0.05/$0.1) - 2024/05/21 15:26:25
Table 'NLHRed8' 6-max Seat #2 is the button
Seat 1: c9da7355 ($5.8 in chips)
Seat 2: ebe2c010 ($13.85 in chips)
Seat 3: 3f0418fb ($14.81 in chips)
Seat 4: 1d35fa4a ($24.64 in chips)
Seat 5: ef0d9871 ($10 in chips)
Seat 6: Hero ($10.15 in chips)
3f0418fb: posts small blind $0.05
1d35fa4a: posts big blind $0.1
*** HOLE CARDS ***
Dealt to c9da7355 
Dealt to ebe2c010 
Dealt to 3f0418fb 
Dealt to 1d35fa4a 
Dealt to ef0d9871 
Dealt to Hero [6h Jh]
ef0d9871: folds
Hero: folds
c9da7355: folds
ebe2c010: folds
3f0418fb: calls $0.05
1d35fa4a: raises $0.2 to $0.3
3f0418fb: calls $0.2
*** FLOP *** [Ks 9s 4s]
3f0418fb: checks
1d35fa4a: checks
*** TURN *** [Ks 9s 4s] [Ad]
3f0418fb: bets $0.5
1d35fa4a: folds
Uncalled bet ($0.5) returned to 3f0418fb
*** SHOWDOWN ***
3f0418fb collected $0.57 from pot
*** SUMMARY ***
Total pot $0.6 | Rake $0.03 | Jackpot $0 | Bingo $0 | Fortune $0 | Tax $0
Board [Ks 9s 4s Ad]
Seat 1: c9da7355 folded before Flop (didn't bet)
Seat 2: ebe2c010 (button) folded before Flop (didn't bet)
Seat 3: 3f0418fb (small blind) won ($0.57)
Seat 4: 1d35fa4a (big blind) folded on the Turn
Seat 5: ef0d9871 folded before Flop (didn't bet)
Seat 6: Hero folded before Flop (didn't bet)


Poker Hand #HD1781905400: Hold'em No Limit ($0.05/$0.1) - 2024/05/21 15:25:34
Table 'NLHRed8' 6-max Seat #1 is the button
Seat 1: c9da7355 ($8.85 in chips)
Seat 2: ebe2c010 ($13.9 in chips)
Seat 3: 3f0418fb ($12.11 in chips)
Seat 4: 1d35fa4a ($24.64 in chips)
Seat 5: ef0d9871 ($10 in chips)
Seat 6: Hero ($10.15 in chips)
ebe2c010: posts small blind $0.05
3f0418fb: posts big blind $0.1
*** HOLE CARDS ***
Dealt to c9da7355 
Dealt to ebe2c010 
Dealt to 3f0418fb 
Dealt to 1d35fa4a 
Dealt to ef0d9871 
Dealt to Hero [3c 7d]
1d35fa4a: folds
ef0d9871: folds
Hero: folds
c9da7355: raises $0.13 to $0.23
ebe2c010: folds
3f0418fb: calls $0.13
*** FLOP *** [Ac 8c Jd]
3f0418fb: checks
c9da7355: bets $0.3
3f0418fb: calls $0.3
*** TURN *** [Ac 8c Jd] [Th]
3f0418fb: checks
c9da7355: bets $0.6
3f0418fb: calls $0.6
*** RIVER *** [Ac 8c Jd Th] [6c]
3f0418fb: bets $1.92
c9da7355: calls $1.92
3f0418fb: shows [4c 9c] (Ace High Flush)
c9da7355: shows [9s Tc] (Pair of Tens)
*** SHOWDOWN ***
3f0418fb collected $5.75 from pot
*** SUMMARY ***
Total pot $6.15 | Rake $0.3 | Jackpot $0.1 | Bingo $0 | Fortune $0 | Tax $0
Board [Ac 8c Jd Th 6c]
Seat 1: c9da7355 (button) showed [9s Tc] and lost with Pair of Tens
Seat 2: ebe2c010 (small blind) folded before Flop
Seat 3: 3f0418fb (big blind) showed [4c 9c] and won ($5.75) with Ace High Flush
Seat 4: 1d35fa4a folded before Flop (didn't bet)
Seat 5: ef0d9871 folded before Flop (didn't bet)
Seat 6: Hero folded before Flop (didn't bet)


Poker Hand #HD1781905374: Hold'em No Limit ($0.05/$0.1) - 2024/05/21 15:25:20
Table 'NLHRed8' 6-max Seat #6 is the button
Seat 1: c9da7355 ($8.9 in chips)
Seat 2: ebe2c010 ($14 in chips)
Seat 3: 3f0418fb ($12.11 in chips)
Seat 4: 1d35fa4a ($24.64 in chips)
Seat 5: ef0d9871 ($10 in chips)
Seat 6: Hero ($10 in chips)
c9da7355: posts small blind $0.05
ebe2c010: posts big blind $0.1
*** HOLE CARDS ***
Dealt to c9da7355 
Dealt to ebe2c010 
Dealt to 3f0418fb 
Dealt to 1d35fa4a 
Dealt to ef0d9871 
Dealt to Hero [7c Jc]
3f0418fb: folds
1d35fa4a: folds
ef0d9871: folds
Hero: raises $0.14 to $0.24
c9da7355: folds
ebe2c010: folds
Uncalled bet ($0.14) returned to Hero
*** SHOWDOWN ***
Hero collected $0.25 from pot
*** SUMMARY ***
Total pot $0.25 | Rake $0 | Jackpot $0 | Bingo $0 | Fortune $0 | Tax $0
Seat 1: c9da7355 (small blind) folded before Flop
Seat 2: ebe2c010 (big blind) folded before Flop
Seat 3: 3f0418fb folded before Flop (didn't bet)
Seat 4: 1d35fa4a folded before Flop (didn't bet)
Seat 5: ef0d9871 folded before Flop (didn't bet)
Seat 6: Hero (button) collected ($0.25)


Poker Hand #HD1781905287: Hold'em No Limit ($0.05/$0.1) - 2024/05/21 15:24:32
Table 'NLHRed8' 6-max Seat #5 is the button
Seat 1: c9da7355 ($10 in chips)
Seat 2: ebe2c010 ($14 in chips)
Seat 3: 3f0418fb ($10.17 in chips)
Seat 4: 1d35fa4a ($24.64 in chips)
Seat 5: ef0d9871 ($10 in chips)
Seat 6: Hero ($10 in chips)
Hero: posts small blind $0.05
c9da7355: posts big blind $0.1
*** HOLE CARDS ***
Dealt to c9da7355 
Dealt to ebe2c010 
Dealt to 3f0418fb 
Dealt to 1d35fa4a 
Dealt to ef0d9871 
Dealt to Hero [Kc Js]
ebe2c010: folds
3f0418fb: raises $0.2 to $0.3
1d35fa4a: folds
ef0d9871: folds
Hero: raises $0.8 to $1.1
c9da7355: calls $1
3f0418fb: calls $0.8
*** FLOP *** [3h Ah 9h]
Hero: checks
c9da7355: checks
3f0418fb: bets $1.26
Hero: folds
c9da7355: folds
Uncalled bet ($1.26) returned to 3f0418fb
3f0418fb: shows [Qd As] (Pair of Aces)
*** SHOWDOWN ***
3f0418fb collected $3.04 from pot
*** SUMMARY ***
Total pot $3.3 | Rake $0.16 | Jackpot $0.1 | Bingo $0 | Fortune $0 | Tax $0
Board [3h Ah 9h]
Seat 1: c9da7355 (big blind) folded on the Flop
Seat 2: ebe2c010 folded before Flop (didn't bet)
Seat 3: 3f0418fb showed [Qd As] and won ($3.04)
Seat 4: 1d35fa4a folded before Flop (didn't bet)
Seat 5: ef0d9871 (button) folded before Flop (didn't bet)
Seat 6: Hero (small blind) folded on the Flop


Poker Hand #HD1781905214: Hold'em No Limit ($0.05/$0.1) - 2024/05/21 15:23:53
Table 'NLHRed8' 6-max Seat #4 is the button
Seat 2: ebe2c010 ($14 in chips)
Seat 3: 3f0418fb ($9.85 in chips)
Seat 4: 1d35fa4a ($24.64 in chips)
Seat 5: ef0d9871 ($10 in chips)
Seat 6: Hero ($10 in chips)
ef0d9871: posts small blind $0.05
Hero: posts big blind $0.1
*** HOLE CARDS ***
Dealt to ebe2c010 
Dealt to 3f0418fb 
Dealt to 1d35fa4a 
Dealt to ef0d9871 
Dealt to Hero [7h Kh]
ebe2c010: folds
3f0418fb: raises $0.2 to $0.3
1d35fa4a: folds
ef0d9871: folds
Hero: calls $0.2
*** FLOP *** [Tc Ts Ad]
Hero: checks
3f0418fb: bets $0.33
Hero: folds
Uncalled bet ($0.33) returned to 3f0418fb
*** SHOWDOWN ***
3f0418fb collected $0.62 from pot
*** SUMMARY ***
Total pot $0.65 | Rake $0.03 | Jackpot $0 | Bingo $0 | Fortune $0 | Tax $0
Board [Tc Ts Ad]
Seat 2: ebe2c010 folded before Flop (didn't bet)
Seat 3: 3f0418fb won ($0.62)
Seat 4: 1d35fa4a (button) folded before Flop (didn't bet)
Seat 5: ef0d9871 (small blind) folded before Flop
Seat 6: Hero (big blind) folded on the Flop


Poker Hand #HD1781905162: Hold'em No Limit ($0.05/$0.1) - 2024/05/21 15:23:25
Table 'NLHRed8' 6-max Seat #3 is the button
Seat 1: 2ce32063 ($2.61 in chips)
Seat 2: ebe2c010 ($14 in chips)
Seat 3: 3f0418fb ($9.85 in chips)
Seat 4: 1d35fa4a ($24.54 in chips)
Seat 5: ef0d9871 ($10 in chips)
Seat 6: Hero ($10 in chips)
1d35fa4a: posts small blind $0.05
ef0d9871: posts big blind $0.1
*** HOLE CARDS ***
Dealt to 2ce32063 
Dealt to ebe2c010 
Dealt to 3f0418fb 
Dealt to 1d35fa4a 
Dealt to ef0d9871 
Dealt to Hero [7h 3d]
Hero: folds
2ce32063: folds
ebe2c010: folds
3f0418fb: folds
1d35fa4a: raises $0.2 to $0.3
ef0d9871: folds
Uncalled bet ($0.2) returned to 1d35fa4a
*** SHOWDOWN ***
1d35fa4a collected $0.2 from pot
*** SUMMARY ***
Total pot $0.2 | Rake $0 | Jackpot $0 | Bingo $0 | Fortune $0 | Tax $0
Seat 1: 2ce32063 folded before Flop (didn't bet)
Seat 2: ebe2c010 folded before Flop (didn't bet)
Seat 3: 3f0418fb (button) folded before Flop (didn't bet)
Seat 4: 1d35fa4a (small blind) collected ($0.2)
Seat 5: ef0d9871 (big blind) folded before Flop
Seat 6: Hero folded before Flop (didn't bet)


Poker Hand #HD1781905130: Hold'em No Limit ($0.05/$0.1) - 2024/05/21 15:23:04
Table 'NLHRed8' 6-max Seat #2 is the button
Seat 1: 2ce32063 ($2.61 in chips)
Seat 2: ebe2c010 ($14 in chips)
Seat 3: 3f0418fb ($9.75 in chips)
Seat 4: 1d35fa4a ($24.64 in chips)
Seat 6: Hero ($10 in chips)
3f0418fb: posts small blind $0.05
1d35fa4a: posts big blind $0.1
*** HOLE CARDS ***
Dealt to 2ce32063 
Dealt to ebe2c010 
Dealt to 3f0418fb 
Dealt to 1d35fa4a 
Dealt to Hero [9s 6c]
Hero: folds
2ce32063: folds
ebe2c010: folds
3f0418fb: raises $0.2 to $0.3
1d35fa4a: folds
Uncalled bet ($0.2) returned to 3f0418fb
*** SHOWDOWN ***
3f0418fb collected $0.2 from pot
*** SUMMARY ***
Total pot $0.2 | Rake $0 | Jackpot $0 | Bingo $0 | Fortune $0 | Tax $0
Seat 1: 2ce32063 folded before Flop (didn't bet)
Seat 2: ebe2c010 (button) folded before Flop (didn't bet)
Seat 3: 3f0418fb (small blind) collected ($0.2)
Seat 4: 1d35fa4a (big blind) folded before Flop
Seat 6: Hero folded before Flop (didn't bet)


Poker Hand #HD1781905035: Hold'em No Limit ($0.05/$0.1) - 2024/05/21 15:22:20
Table 'NLHRed8' 6-max Seat #1 is the button
Seat 1: 2ce32063 ($2.61 in chips)
Seat 2: ebe2c010 ($14.05 in chips)
Seat 3: 3f0418fb ($10.05 in chips)
Seat 4: 1d35fa4a ($24.32 in chips)
Seat 6: Hero ($10 in chips)
ebe2c010: posts small blind $0.05
3f0418fb: posts big blind $0.1
*** HOLE CARDS ***
Dealt to 2ce32063 
Dealt to ebe2c010 
Dealt to 3f0418fb 
Dealt to 1d35fa4a 
Dealt to Hero [Ad 5d]
1d35fa4a: raises $0.2 to $0.3
Hero: folds
2ce32063: folds
ebe2c010: folds
3f0418fb: calls $0.2
*** FLOP *** [2h Js Ac]
3f0418fb: checks
1d35fa4a: bets $0.3
3f0418fb: folds
Uncalled bet ($0.3) returned to 1d35fa4a
*** SHOWDOWN ***
1d35fa4a collected $0.62 from pot
*** SUMMARY ***
Total pot $0.65 | Rake $0.03 | Jackpot $0 | Bingo $0 | Fortune $0 | Tax $0
Board [2h Js Ac]
Seat 1: 2ce32063 (button) folded before Flop (didn't bet)
Seat 2: ebe2c010 (small blind) folded before Flop
Seat 3: 3f0418fb (big blind) folded on the Flop
Seat 4: 1d35fa4a won ($0.62)
Seat 6: Hero folded before Flop (didn't bet)


Poker Hand #HD1781905017: Hold'em No Limit ($0.05/$0.1) - 2024/05/21 15:22:11
Table 'NLHRed8' 6-max Seat #6 is the button
Seat 1: 2ce32063 ($2.66 in chips)
Seat 2: ebe2c010 ($14 in chips)
Seat 3: 3f0418fb ($10.05 in chips)
Seat 4: 1d35fa4a ($24.32 in chips)
Seat 6: Hero ($10 in chips)
2ce32063: posts small blind $0.05
ebe2c010: posts big blind $0.1
*** HOLE CARDS ***
Dealt to 2ce32063 
Dealt to ebe2c010 
Dealt to 3f0418fb 
Dealt to 1d35fa4a 
Dealt to Hero [3d Jc]
3f0418fb: folds
1d35fa4a: folds
Hero: folds
2ce32063: folds
Uncalled bet ($0.05) returned to ebe2c010
*** SHOWDOWN ***
ebe2c010 collected $0.1 from pot
*** SUMMARY ***
Total pot $0.1 | Rake $0 | Jackpot $0 | Bingo $0 | Fortune $0 | Tax $0
Seat 1: 2ce32063 (small blind) folded before Flop
Seat 2: ebe2c010 (big blind) collected ($0.1)
Seat 3: 3f0418fb folded before Flop (didn't bet)
Seat 4: 1d35fa4a folded before Flop (didn't bet)
Seat 6: Hero (button) folded before Flop (didn't bet)


Poker Hand #HD1781904905: Hold'em No Limit ($0.05/$0.1) - 2024/05/21 15:21:05
Table 'NLHRed8' 6-max Seat #4 is the button
Seat 1: 2ce32063 ($4.11 in chips)
Seat 2: ebe2c010 ($14.25 in chips)
Seat 3: 3f0418fb ($8.55 in chips)
Seat 4: 1d35fa4a ($24.32 in chips)
Seat 6: Hero ($10 in chips)
Hero: posts small blind $0.05
2ce32063: posts big blind $0.1
*** HOLE CARDS ***
Dealt to 2ce32063 
Dealt to ebe2c010 
Dealt to 3f0418fb 
Dealt to 1d35fa4a 
Dealt to Hero [Ah 6h]
ebe2c010: raises $0.15 to $0.25
3f0418fb: calls $0.25
1d35fa4a: folds
Hero: folds
2ce32063: calls $0.15
*** FLOP *** [2s Td 8h]
2ce32063: checks
ebe2c010: checks
3f0418fb: bets $0.4
2ce32063: calls $0.4
ebe2c010: folds
*** TURN *** [2s Td 8h] [2h]
2ce32063: checks
3f0418fb: bets $0.8
2ce32063: calls $0.8
*** RIVER *** [2s Td 8h 2h] [3d]
2ce32063: checks
3f0418fb: checks
2ce32063: shows [Qh 8d] (Pair of Eights and Pair of Twos)
3f0418fb: shows [Ad Th] (Pair of Tens and Pair of Twos)
*** SHOWDOWN ***
3f0418fb collected $2.95 from pot
*** SUMMARY ***
Total pot $3.2 | Rake $0.15 | Jackpot $0.1 | Bingo $0 | Fortune $0 | Tax $0
Board [2s Td 8h 2h 3d]
Seat 1: 2ce32063 (big blind) showed [Qh 8d] and lost with Pair of Eights and Pair of Twos
Seat 2: ebe2c010 folded on the Flop
Seat 3: 3f0418fb showed [Ad Th] and won ($2.95) with Pair of Tens and Pair of Twos
Seat 4: 1d35fa4a (button) folded before Flop (didn't bet)
Seat 6: Hero (small blind) folded before Flop


Poker Hand #HD1781904816: Hold'em No Limit ($0.05/$0.1) - 2024/05/21 15:20:24
Table 'NLHRed8' 6-max Seat #3 is the button
Seat 1: 2ce32063 ($4.11 in chips)
Seat 2: ebe2c010 ($13.97 in chips)
Seat 3: 3f0418fb ($8.55 in chips)
Seat 4: 1d35fa4a ($24.37 in chips)
Seat 6: Hero ($10 in chips)
1d35fa4a: posts small blind $0.05
Hero: posts big blind $0.1
*** HOLE CARDS ***
Dealt to 2ce32063 
Dealt to ebe2c010 
Dealt to 3f0418fb 
Dealt to 1d35fa4a 
Dealt to Hero [Td Qc]
2ce32063: folds
ebe2c010: raises $0.15 to $0.25
3f0418fb: folds
1d35fa4a: folds
Hero: calls $0.15
*** FLOP *** [4s 6h 7c]
Hero: checks
ebe2c010: bets $0.19
Hero: folds
Uncalled bet ($0.19) returned to ebe2c010
*** SHOWDOWN ***
ebe2c010 collected $0.53 from pot
*** SUMMARY ***
Total pot $0.55 | Rake $0.02 | Jackpot $0 | Bingo $0 | Fortune $0 | Tax $0
Board [4s 6h 7c]
Seat 1: 2ce32063 folded before Flop (didn't bet)
Seat 2: ebe2c010 won ($0.53)
Seat 3: 3f0418fb (button) folded before Flop (didn't bet)
Seat 4: 1d35fa4a (small blind) folded before Flop
Seat 6: Hero (big blind) folded on the Flop


Poker Hand #HD1781904730: Hold'em No Limit ($0.05/$0.1) - 2024/05/21 15:19:31
Table 'NLHRed8' 6-max Seat #2 is the button
Seat 1: 2ce32063 ($4.11 in chips)
Seat 2: ebe2c010 ($14.8 in chips)
Seat 3: 3f0418fb ($7.7 in chips)
Seat 4: 1d35fa4a ($24.47 in chips)
Seat 5: ab74254e ($17.14 in chips)
Seat 6: Hero ($10 in chips)
3f0418fb: posts small blind $0.05
1d35fa4a: posts big blind $0.1
*** HOLE CARDS ***
Dealt to 2ce32063 
Dealt to ebe2c010 
Dealt to 3f0418fb 
Dealt to 1d35fa4a 
Dealt to ab74254e 
Dealt to Hero [Th 5h]
ab74254e: folds
Hero: folds
2ce32063: folds
ebe2c010: raises $0.15 to $0.25
3f0418fb: calls $0.2
1d35fa4a: folds
*** FLOP *** [9s Ad 9d]
3f0418fb: checks
ebe2c010: bets $0.2
3f0418fb: calls $0.2
*** TURN *** [9s Ad 9d] [Ks]
3f0418fb: checks
ebe2c010: checks
*** RIVER *** [9s Ad 9d Ks] [3c]
3f0418fb: bets $0.38
ebe2c010: calls $0.38
3f0418fb: shows [As Tc] (Pair of Aces and Pair of Nines)
ebe2c010: shows [3d 4d] (Pair of Nines and Pair of Treys)
*** SHOWDOWN ***
3f0418fb collected $1.68 from pot
*** SUMMARY ***
Total pot $1.76 | Rake $0.08 | Jackpot $0 | Bingo $0 | Fortune $0 | Tax $0
Board [9s Ad 9d Ks 3c]
Seat 1: 2ce32063 folded before Flop (didn't bet)
Seat 2: ebe2c010 (button) showed [3d 4d] and lost with Pair of Nines and Pair of Treys
Seat 3: 3f0418fb (small blind) showed [As Tc] and won ($1.68) with Pair of Aces and Pair of Nines
Seat 4: 1d35fa4a (big blind) folded before Flop
Seat 5: ab74254e folded before Flop (didn't bet)
Seat 6: Hero folded before Flop (didn't bet)


Poker Hand #HD1781904661: Hold'em No Limit ($0.05/$0.1) - 2024/05/21 15:18:57
Table 'NLHRed8' 6-max Seat #1 is the button
Seat 1: 2ce32063 ($3.96 in chips)
Seat 2: ebe2c010 ($14.85 in chips)
Seat 3: 3f0418fb ($7.8 in chips)
Seat 4: 1d35fa4a ($24.47 in chips)
Seat 5: ab74254e ($17.14 in chips)
Seat 6: Hero ($10 in chips)
ebe2c010: posts small blind $0.05
3f0418fb: posts big blind $0.1
*** HOLE CARDS ***
Dealt to 2ce32063 
Dealt to ebe2c010 
Dealt to 3f0418fb 
Dealt to 1d35fa4a 
Dealt to ab74254e 
Dealt to Hero [Kc 2h]
1d35fa4a: folds
ab74254e: folds
Hero: folds
2ce32063: raises $0.2 to $0.3
ebe2c010: folds
3f0418fb: folds
Uncalled bet ($0.2) returned to 2ce32063
*** SHOWDOWN ***
2ce32063 collected $0.25 from pot
*** SUMMARY ***
Total pot $0.25 | Rake $0 | Jackpot $0 | Bingo $0 | Fortune $0 | Tax $0
Seat 1: 2ce32063 (button) collected ($0.25)
Seat 2: ebe2c010 (small blind) folded before Flop
Seat 3: 3f0418fb (big blind) folded before Flop
Seat 4: 1d35fa4a folded before Flop (didn't bet)
Seat 5: ab74254e folded before Flop (didn't bet)
Seat 6: Hero folded before Flop (didn't bet)


Poker Hand #HD1781904560: Hold'em No Limit ($0.05/$0.1) - 2024/05/21 15:17:59
Table 'NLHRed8' 6-max Seat #6 is the button
Seat 1: 2ce32063 ($5.76 in chips)
Seat 2: ebe2c010 ($13.32 in chips)
Seat 4: 1d35fa4a ($24.47 in chips)
Seat 5: ab74254e ($17.14 in chips)
Seat 6: Hero ($10 in chips)
2ce32063: posts small blind $0.05
ebe2c010: posts big blind $0.1
*** HOLE CARDS ***
Dealt to 2ce32063 
Dealt to ebe2c010 
Dealt to 1d35fa4a 
Dealt to ab74254e 
Dealt to Hero [7c Kh]
1d35fa4a: folds
ab74254e: folds
Hero: folds
2ce32063: raises $0.2 to $0.3
ebe2c010: calls $0.2
*** FLOP *** [Qd 8s 3c]
2ce32063: bets $0.3
ebe2c010: calls $0.3
*** TURN *** [Qd 8s 3c] [2s]
2ce32063: bets $1.2
ebe2c010: calls $1.2
*** RIVER *** [Qd 8s 3c 2s] [5h]
2ce32063: checks
ebe2c010: checks
2ce32063: shows [Td Jh] (Queen-High)
ebe2c010: shows [As 9s] (Ace-High)
*** SHOWDOWN ***
ebe2c010 collected $3.33 from pot
*** SUMMARY ***
Total pot $3.6 | Rake $0.17 | Jackpot $0.1 | Bingo $0 | Fortune $0 | Tax $0
Board [Qd 8s 3c 2s 5h]
Seat 1: 2ce32063 (small blind) showed [Td Jh] and lost with Queen-High
Seat 2: ebe2c010 (big blind) showed [As 9s] and won ($3.33) with Ace-High
Seat 4: 1d35fa4a folded before Flop (didn't bet)
Seat 5: ab74254e folded before Flop (didn't bet)
Seat 6: Hero (button) folded before Flop (didn't bet)


Poker Hand #HD1781904505: Hold'em No Limit ($0.05/$0.1) - 2024/05/21 15:17:31
Table 'NLHRed8' 6-max Seat #5 is the button
Seat 1: 2ce32063 ($5.86 in chips)
Seat 2: ebe2c010 ($13.52 in chips)
Seat 4: 1d35fa4a ($24.14 in chips)
Seat 5: ab74254e ($17.14 in chips)
Seat 6: Hero ($10 in chips)
Hero: posts small blind $0.05
2ce32063: posts big blind $0.1
*** HOLE CARDS ***
Dealt to 2ce32063 
Dealt to ebe2c010 
Dealt to 1d35fa4a 
Dealt to ab74254e 
Dealt to Hero [2s Ts]
ebe2c010: raises $0.1 to $0.2
1d35fa4a: raises $0.7 to $0.9
ab74254e: folds
Hero: folds
2ce32063: folds
ebe2c010: folds
Uncalled bet ($0.7) returned to 1d35fa4a
*** SHOWDOWN ***
1d35fa4a collected $0.53 from pot
*** SUMMARY ***
Total pot $0.55 | Rake $0.02 | Jackpot $0 | Bingo $0 | Fortune $0 | Tax $0
Seat 1: 2ce32063 (big blind) folded before Flop
Seat 2: ebe2c010 folded before Flop
Seat 4: 1d35fa4a collected ($0.53)
Seat 5: ab74254e (button) folded before Flop (didn't bet)
Seat 6: Hero (small blind) folded before Flop


Poker Hand #HD1781904484: Hold'em No Limit ($0.05/$0.1) - 2024/05/21 15:17:14
Table 'NLHRed8' 6-max Seat #4 is the button
Seat 1: 2ce32063 ($5.86 in chips)
Seat 2: ebe2c010 ($13.52 in chips)
Seat 4: 1d35fa4a ($23.99 in chips)
Seat 5: ab74254e ($17.19 in chips)
Seat 6: Hero ($10 in chips)
ab74254e: posts small blind $0.05
Hero: posts big blind $0.1
*** HOLE CARDS ***
Dealt to 2ce32063 
Dealt to ebe2c010 
Dealt to 1d35fa4a 
Dealt to ab74254e 
Dealt to Hero [2c Jh]
2ce32063: folds
ebe2c010: folds
1d35fa4a: raises $0.2 to $0.3
ab74254e: folds
Hero: folds
Uncalled bet ($0.2) returned to 1d35fa4a
*** SHOWDOWN ***
1d35fa4a collected $0.25 from pot
*** SUMMARY ***
Total pot $0.25 | Rake $0 | Jackpot $0 | Bingo $0 | Fortune $0 | Tax $0
Seat 1: 2ce32063 folded before Flop (didn't bet)
Seat 2: ebe2c010 folded before Flop (didn't bet)
Seat 4: 1d35fa4a (button) collected ($0.25)
Seat 5: ab74254e (small blind) folded before Flop
Seat 6: Hero (big blind) folded before Flop


Poker Hand #HD1781904398: Hold'em No Limit ($0.05/$0.1) - 2024/05/21 15:16:24
Table 'NLHRed8' 6-max Seat #3 is the button
Seat 1: 2ce32063 ($5.86 in chips)
Seat 2: ebe2c010 ($13.77 in chips)
Seat 3: 756ef47c ($7.27 in chips)
Seat 4: 1d35fa4a ($17.21 in chips)
Seat 5: ab74254e ($17.29 in chips)
Seat 6: Hero ($10 in chips)
1d35fa4a: posts small blind $0.05
ab74254e: posts big blind $0.1
*** HOLE CARDS ***
Dealt to 2ce32063 
Dealt to ebe2c010 
Dealt to 756ef47c 
Dealt to 1d35fa4a 
Dealt to ab74254e 
Dealt to Hero [Ad 8c]
Hero: folds
2ce32063: folds
ebe2c010: raises $0.15 to $0.25
756ef47c: calls $0.25
1d35fa4a: raises $1.15 to $1.4
ab74254e: folds
ebe2c010: folds
756ef47c: calls $1.15
*** FLOP *** [3h 9h 3c]
1d35fa4a: bets $1.58
756ef47c: raises $4.29 to $5.87 and is all-in
1d35fa4a: calls $4.29
756ef47c: shows [Qd Qh] (Pair of Queens and Pair of Treys)
1d35fa4a: shows [As Ah] (Pair of Aces and Pair of Treys)
*** TURN *** [3h 9h 3c] [8h]
*** RIVER *** [3h 9h 3c 8h] [5c]
*** SHOWDOWN ***
1d35fa4a collected $14.05 from pot
*** SUMMARY ***
Total pot $14.89 | Rake $0.74 | Jackpot $0.1 | Bingo $0 | Fortune $0 | Tax $0
Board [3h 9h 3c 8h 5c]
Seat 1: 2ce32063 folded before Flop (didn't bet)
Seat 2: ebe2c010 folded before Flop
Seat 3: 756ef47c (button) showed [Qd Qh] and lost with Pair of Queens and Pair of Treys
Seat 4: 1d35fa4a (small blind) showed [As Ah] and won ($14.05) with Pair of Aces and Pair of Treys
Seat 5: ab74254e (big blind) folded before Flop
Seat 6: Hero folded before Flop (didn't bet)


Poker Hand #HD1781904331: Hold'em No Limit ($0.05/$0.1) - 2024/05/21 15:15:47
Table 'NLHRed8' 6-max Seat #2 is the button
Seat 1: 2ce32063 ($5.86 in chips)
Seat 2: ebe2c010 ($13.77 in chips)
Seat 3: 756ef47c ($7.09 in chips)
Seat 4: 1d35fa4a ($17.41 in chips)
Seat 5: ab74254e ($17.29 in chips)
Seat 6: Hero ($10 in chips)
756ef47c: posts small blind $0.05
1d35fa4a: posts big blind $0.1
*** HOLE CARDS ***
Dealt to 2ce32063 
Dealt to ebe2c010 
Dealt to 756ef47c 
Dealt to 1d35fa4a 
Dealt to ab74254e 
Dealt to Hero [Ah 8s]
ab74254e: folds
Hero: folds
2ce32063: folds
ebe2c010: folds
756ef47c: calls $0.05
1d35fa4a: checks
*** FLOP *** [2h 3s 6h]
756ef47c: bets $0.1
1d35fa4a: calls $0.1
*** TURN *** [2h 3s 6h] [Td]
756ef47c: checks
1d35fa4a: checks
*** RIVER *** [2h 3s 6h Td] [6d]
756ef47c: bets $0.4
1d35fa4a: folds
Uncalled bet ($0.4) returned to 756ef47c
*** SHOWDOWN ***
756ef47c collected $0.38 from pot
*** SUMMARY ***
Total pot $0.4 | Rake $0.02 | Jackpot $0 | Bingo $0 | Fortune $0 | Tax $0
Board [2h 3s 6h Td 6d]
Seat 1: 2ce32063 folded before Flop (didn't bet)
Seat 2: ebe2c010 (button) folded before Flop (didn't bet)
Seat 3: 756ef47c (small blind) won ($0.38)
Seat 4: 1d35fa4a (big blind) folded on the River
Seat 5: ab74254e folded before Flop (didn't bet)
Seat 6: Hero folded before Flop (didn't bet)


Poker Hand #HD1781904216: Hold'em No Limit ($0.05/$0.1) - 2024/05/21 15:14:37
Table 'NLHRed8' 6-max Seat #1 is the button
Seat 1: 2ce32063 ($5.86 in chips)
Seat 2: ebe2c010 ($13.82 in chips)
Seat 3: 756ef47c ($8.31 in chips)
Seat 4: 1d35fa4a ($17.41 in chips)
Seat 5: ab74254e ($15.67 in chips)
Seat 6: Hero ($10.44 in chips)
ebe2c010: posts small blind $0.05
756ef47c: posts big blind $0.1
*** HOLE CARDS ***
Dealt to 2ce32063 
Dealt to ebe2c010 
Dealt to 756ef47c 
Dealt to 1d35fa4a 
Dealt to ab74254e 
Dealt to Hero [Kh Ac]
1d35fa4a: folds
ab74254e: raises $0.1 to $0.2
Hero: raises $0.4 to $0.6
2ce32063: folds
ebe2c010: folds
756ef47c: calls $0.5
ab74254e: calls $0.4
*** FLOP *** [9d 6s 6d]
756ef47c: checks
ab74254e: checks
Hero: checks
*** TURN *** [9d 6s 6d] [6h]
756ef47c: checks
ab74254e: bets $0.62
Hero: folds
756ef47c: calls $0.62
*** RIVER *** [9d 6s 6d 6h] [Td]
756ef47c: checks
ab74254e: checks
756ef47c: shows [Kd 7c] (Three Sixes)
ab74254e: shows [8d 8h] (Sixes Full over Eights)
*** SHOWDOWN ***
ab74254e collected $2.84 from pot
*** SUMMARY ***
Total pot $3.09 | Rake $0.15 | Jackpot $0.1 | Bingo $0 | Fortune $0 | Tax $0
Board [9d 6s 6d 6h Td]
Seat 1: 2ce32063 (button) folded before Flop (didn't bet)
Seat 2: ebe2c010 (small blind) folded before Flop
Seat 3: 756ef47c (big blind) showed [Kd 7c] and lost with Three Sixes
Seat 4: 1d35fa4a folded before Flop (didn't bet)
Seat 5: ab74254e showed [8d 8h] and won ($2.84) with Sixes Full over Eights
Seat 6: Hero folded on the Turn


Poker Hand #HD1781904193: Hold'em No Limit ($0.05/$0.1) - 2024/05/21 15:14:22
Table 'NLHRed8' 6-max Seat #6 is the button
Seat 1: 2ce32063 ($5.91 in chips)
Seat 2: ebe2c010 ($13.92 in chips)
Seat 3: 756ef47c ($8.31 in chips)
Seat 4: 1d35fa4a ($17.41 in chips)
Seat 5: ab74254e ($15.67 in chips)
Seat 6: Hero ($10.29 in chips)
2ce32063: posts small blind $0.05
ebe2c010: posts big blind $0.1
*** HOLE CARDS ***
Dealt to 2ce32063 
Dealt to ebe2c010 
Dealt to 756ef47c 
Dealt to 1d35fa4a 
Dealt to ab74254e 
Dealt to Hero [9h 9s]
756ef47c: folds
1d35fa4a: folds
ab74254e: folds
Hero: raises $0.14 to $0.24
2ce32063: folds
ebe2c010: folds
Uncalled bet ($0.14) returned to Hero
*** SHOWDOWN ***
Hero collected $0.25 from pot
*** SUMMARY ***
Total pot $0.25 | Rake $0 | Jackpot $0 | Bingo $0 | Fortune $0 | Tax $0
Seat 1: 2ce32063 (small blind) folded before Flop
Seat 2: ebe2c010 (big blind) folded before Flop
Seat 3: 756ef47c folded before Flop (didn't bet)
Seat 4: 1d35fa4a folded before Flop (didn't bet)
Seat 5: ab74254e folded before Flop (didn't bet)
Seat 6: Hero (button) collected ($0.25)


Poker Hand #HD1781904107: Hold'em No Limit ($0.05/$0.1) - 2024/05/21 15:13:33
Table 'NLHRed8' 6-max Seat #5 is the button
Seat 1: 2ce32063 ($6.01 in chips)
Seat 2: ebe2c010 ($13.92 in chips)
Seat 3: 756ef47c ($8.31 in chips)
Seat 4: 1d35fa4a ($17.41 in chips)
Seat 5: ab74254e ($14.76 in chips)
Seat 6: Hero ($11.19 in chips)
Hero: posts small blind $0.05
2ce32063: posts big blind $0.1
*** HOLE CARDS ***
Dealt to 2ce32063 
Dealt to ebe2c010 
Dealt to 756ef47c 
Dealt to 1d35fa4a 
Dealt to ab74254e 
Dealt to Hero [Kh Th]
ebe2c010: folds
756ef47c: folds
1d35fa4a: folds
ab74254e: raises $0.1 to $0.2
Hero: raises $0.7 to $0.9
2ce32063: folds
ab74254e: raises $1.5 to $2.4
Hero: folds
Uncalled bet ($1.5) returned to ab74254e
*** SHOWDOWN ***
ab74254e collected $1.81 from pot
*** SUMMARY ***
Total pot $1.9 | Rake $0.09 | Jackpot $0 | Bingo $0 | Fortune $0 | Tax $0
Seat 1: 2ce32063 (big blind) folded before Flop
Seat 2: ebe2c010 folded before Flop (didn't bet)
Seat 3: 756ef47c folded before Flop (didn't bet)
Seat 4: 1d35fa4a folded before Flop (didn't bet)
Seat 5: ab74254e (button) collected ($1.81)
Seat 6: Hero (small blind) folded before Flop


Poker Hand #HD1781904057: Hold'em No Limit ($0.05/$0.1) - 2024/05/21 15:13:03
Table 'NLHRed8' 6-max Seat #4 is the button
Seat 1: 2ce32063 ($6.01 in chips)
Seat 2: ebe2c010 ($13.64 in chips)
Seat 3: 756ef47c ($8.46 in chips)
Seat 4: 1d35fa4a ($17.41 in chips)
Seat 5: ab74254e ($14.81 in chips)
Seat 6: Hero ($11.29 in chips)
ab74254e: posts small blind $0.05
Hero: posts big blind $0.1
756ef47c: posts big blind $0.1
756ef47c: posts missed blind $0.05
*** HOLE CARDS ***
Dealt to 2ce32063 
Dealt to ebe2c010 
Dealt to 756ef47c 
Dealt to 1d35fa4a 
Dealt to ab74254e 
Dealt to Hero [4c Qc]
2ce32063: folds
ebe2c010: raises $0.3 to $0.4
756ef47c: folds
1d35fa4a: folds
ab74254e: folds
Hero: folds
Uncalled bet ($0.3) returned to ebe2c010
*** SHOWDOWN ***
ebe2c010 collected $0.38 from pot
*** SUMMARY ***
Total pot $0.4 | Rake $0.02 | Jackpot $0 | Bingo $0 | Fortune $0 | Tax $0
Seat 1: 2ce32063 folded before Flop (didn't bet)
Seat 2: ebe2c010 collected ($0.38)
Seat 3: 756ef47c folded before Flop
Seat 4: 1d35fa4a (button) folded before Flop (didn't bet)
Seat 5: ab74254e (small blind) folded before Flop
Seat 6: Hero (big blind) folded before Flop


Poker Hand #HD1781904039: Hold'em No Limit ($0.05/$0.1) - 2024/05/21 15:12:48
Table 'NLHRed8' 6-max Seat #2 is the button
Seat 1: 2ce32063 ($6.01 in chips)
Seat 2: ebe2c010 ($13.49 in chips)
Seat 4: 1d35fa4a ($17.46 in chips)
Seat 5: ab74254e ($14.91 in chips)
Seat 6: Hero ($11.29 in chips)
1d35fa4a: posts small blind $0.05
ab74254e: posts big blind $0.1
*** HOLE CARDS ***
Dealt to 2ce32063 
Dealt to ebe2c010 
Dealt to 1d35fa4a 
Dealt to ab74254e 
Dealt to Hero [Qd 4c]
Hero: folds
2ce32063: folds
ebe2c010: raises $0.2 to $0.3
1d35fa4a: folds
ab74254e: folds
Uncalled bet ($0.2) returned to ebe2c010
*** SHOWDOWN ***
ebe2c010 collected $0.25 from pot
*** SUMMARY ***
Total pot $0.25 | Rake $0 | Jackpot $0 | Bingo $0 | Fortune $0 | Tax $0
Seat 1: 2ce32063 folded before Flop (didn't bet)
Seat 2: ebe2c010 (button) collected ($0.25)
Seat 4: 1d35fa4a (small blind) folded before Flop
Seat 5: ab74254e (big blind) folded before Flop
Seat 6: Hero folded before Flop (didn't bet)


Poker Hand #HD1781904015: Hold'em No Limit ($0.05/$0.1) - 2024/05/21 15:12:33
Table 'NLHRed8' 6-max Seat #1 is the button
Seat 1: 2ce32063 ($5.86 in chips)
Seat 2: ebe2c010 ($13.54 in chips)
Seat 4: 1d35fa4a ($17.56 in chips)
Seat 5: ab74254e ($14.91 in chips)
Seat 6: Hero ($11.29 in chips)
ebe2c010: posts small blind $0.05
1d35fa4a: posts big blind $0.1
*** HOLE CARDS ***
Dealt to 2ce32063 
Dealt to ebe2c010 
Dealt to 1d35fa4a 
Dealt to ab74254e 
Dealt to Hero [4d Ts]
ab74254e: folds
Hero: folds
2ce32063: raises $0.2 to $0.3
ebe2c010: folds
1d35fa4a: folds
Uncalled bet ($0.2) returned to 2ce32063
*** SHOWDOWN ***
2ce32063 collected $0.25 from pot
*** SUMMARY ***
Total pot $0.25 | Rake $0 | Jackpot $0 | Bingo $0 | Fortune $0 | Tax $0
Seat 1: 2ce32063 (button) collected ($0.25)
Seat 2: ebe2c010 (small blind) folded before Flop
Seat 4: 1d35fa4a (big blind) folded before Flop
Seat 5: ab74254e folded before Flop (didn't bet)
Seat 6: Hero folded before Flop (didn't bet)


Poker Hand #HD1781903897: Hold'em No Limit ($0.05/$0.1) - 2024/05/21 15:11:24
Table 'NLHRed8' 6-max Seat #6 is the button
Seat 1: 2ce32063 ($5.91 in chips)
Seat 2: ebe2c010 ($13.64 in chips)
Seat 3: 756ef47c ($5.4 in chips)
Seat 4: 1d35fa4a ($17.56 in chips)
Seat 5: ab74254e ($10 in chips)
Seat 6: Hero ($11.29 in chips)
2ce32063: posts small blind $0.05
ebe2c010: posts big blind $0.1
*** HOLE CARDS ***
Dealt to 2ce32063 
Dealt to ebe2c010 
Dealt to 756ef47c 
Dealt to 1d35fa4a 
Dealt to ab74254e 
Dealt to Hero [8c 3h]
756ef47c: calls $0.1
1d35fa4a: folds
ab74254e: raises $0.3 to $0.4
Hero: folds
2ce32063: folds
ebe2c010: folds
756ef47c: calls $0.3
*** FLOP *** [Ks 6c 5h]
756ef47c: checks
ab74254e: bets $0.32
756ef47c: calls $0.32
*** TURN *** [Ks 6c 5h] [As]
756ef47c: bets $1.59
ab74254e: calls $1.59
*** RIVER *** [Ks 6c 5h As] [Tc]
756ef47c: checks
ab74254e: bets $3.58
756ef47c: calls $3.09 and is all-in
Uncalled bet ($0.49) returned to ab74254e
ab74254e: shows [Qc Ad] (Pair of Aces)
756ef47c: shows [5c Jc] (Pair of Fives)
*** SHOWDOWN ***
ab74254e collected $10.31 from pot
*** SUMMARY ***
Total pot $10.95 | Rake $0.54 | Jackpot $0.1 | Bingo $0 | Fortune $0 | Tax $0
Board [Ks 6c 5h As Tc]
Seat 1: 2ce32063 (small blind) folded before Flop
Seat 2: ebe2c010 (big blind) folded before Flop
Seat 3: 756ef47c showed [5c Jc] and lost with Pair of Fives
Seat 4: 1d35fa4a folded before Flop (didn't bet)
Seat 5: ab74254e showed [Qc Ad] and won ($10.31) with Pair of Aces
Seat 6: Hero (button) folded before Flop (didn't bet)


Poker Hand #HD1781903814: Hold'em No Limit ($0.05/$0.1) - 2024/05/21 15:10:34
Table 'NLHRed8' 6-max Seat #5 is the button
Seat 1: 2ce32063 ($6.21 in chips)
Seat 2: ebe2c010 ($13.64 in chips)
Seat 3: 756ef47c ($5.4 in chips)
Seat 4: 1d35fa4a ($17.24 in chips)
Seat 5: ab74254e ($10 in chips)
Seat 6: Hero ($11.34 in chips)
Hero: posts small blind $0.05
2ce32063: posts big blind $0.1
*** HOLE CARDS ***
Dealt to 2ce32063 
Dealt to ebe2c010 
Dealt to 756ef47c 
Dealt to 1d35fa4a 
Dealt to ab74254e 
Dealt to Hero [6c 9c]
ebe2c010: folds
756ef47c: folds
1d35fa4a: raises $0.2 to $0.3
ab74254e: folds
Hero: folds
2ce32063: calls $0.2
*** FLOP *** [Qs 3d Js]
2ce32063: checks
1d35fa4a: checks
*** TURN *** [Qs 3d Js] [2d]
2ce32063: checks
1d35fa4a: bets $0.3
2ce32063: folds
Uncalled bet ($0.3) returned to 1d35fa4a
*** SHOWDOWN ***
1d35fa4a collected $0.62 from pot
*** SUMMARY ***
Total pot $0.65 | Rake $0.03 | Jackpot $0 | Bingo $0 | Fortune $0 | Tax $0
Board [Qs 3d Js 2d]
Seat 1: 2ce32063 (big blind) folded on the Turn
Seat 2: ebe2c010 folded before Flop (didn't bet)
Seat 3: 756ef47c folded before Flop (didn't bet)
Seat 4: 1d35fa4a won ($0.62)
Seat 5: ab74254e (button) folded before Flop (didn't bet)
Seat 6: Hero (small blind) folded before Flop


Poker Hand #HD1781903739: Hold'em No Limit ($0.05/$0.1) - 2024/05/21 15:09:49
Table 'NLHRed8' 6-max Seat #4 is the button
Seat 1: 2ce32063 ($6.21 in chips)
Seat 2: ebe2c010 ($13.64 in chips)
Seat 3: 756ef47c ($5.9 in chips)
Seat 4: 1d35fa4a ($16.64 in chips)
Seat 5: ab74254e ($10.05 in chips)
Seat 6: Hero ($11.44 in chips)
ab74254e: posts small blind $0.05
Hero: posts big blind $0.1
756ef47c: posts big blind $0.1
*** HOLE CARDS ***
Dealt to 2ce32063 
Dealt to ebe2c010 
Dealt to 756ef47c 
Dealt to 1d35fa4a 
Dealt to ab74254e 
Dealt to Hero [Kh 9h]
2ce32063: folds
ebe2c010: folds
756ef47c: checks
1d35fa4a: raises $0.4 to $0.5
ab74254e: folds
Hero: folds
756ef47c: calls $0.4
*** FLOP *** [9d Kc 6h]
756ef47c: checks
1d35fa4a: bets $0.5
756ef47c: folds
Uncalled bet ($0.5) returned to 1d35fa4a
*** SHOWDOWN ***
1d35fa4a collected $1.1 from pot
*** SUMMARY ***
Total pot $1.15 | Rake $0.05 | Jackpot $0 | Bingo $0 | Fortune $0 | Tax $0
Board [9d Kc 6h]
Seat 1: 2ce32063 folded before Flop (didn't bet)
Seat 2: ebe2c010 folded before Flop (didn't bet)
Seat 3: 756ef47c folded on the Flop
Seat 4: 1d35fa4a (button) won ($1.1)
Seat 5: ab74254e (small blind) folded before Flop
Seat 6: Hero (big blind) folded before Flop


Poker Hand #HD1781903715: Hold'em No Limit ($0.05/$0.1) - 2024/05/21 15:09:37
Table 'NLHRed8' 6-max Seat #2 is the button
Seat 1: 2ce32063 ($6.21 in chips)
Seat 2: ebe2c010 ($13.64 in chips)
Seat 4: 1d35fa4a ($16.54 in chips)
Seat 5: ab74254e ($10.15 in chips)
Seat 6: Hero ($11.44 in chips)
1d35fa4a: posts small blind $0.05
ab74254e: posts big blind $0.1
*** HOLE CARDS ***
Dealt to 2ce32063 
Dealt to ebe2c010 
Dealt to 1d35fa4a 
Dealt to ab74254e 
Dealt to Hero [4d Kd]
Hero: folds
2ce32063: folds
ebe2c010: folds
1d35fa4a: raises $0.2 to $0.3
ab74254e: folds
Uncalled bet ($0.2) returned to 1d35fa4a
*** SHOWDOWN ***
1d35fa4a collected $0.2 from pot
*** SUMMARY ***
Total pot $0.2 | Rake $0 | Jackpot $0 | Bingo $0 | Fortune $0 | Tax $0
Seat 1: 2ce32063 folded before Flop (didn't bet)
Seat 2: ebe2c010 (button) folded before Flop (didn't bet)
Seat 4: 1d35fa4a (small blind) collected ($0.2)
Seat 5: ab74254e (big blind) folded before Flop
Seat 6: Hero folded before Flop (didn't bet)


Poker Hand #HD1781903634: Hold'em No Limit ($0.05/$0.1) - 2024/05/21 15:08:50
Table 'NLHRed8' 6-max Seat #1 is the button
Seat 1: 2ce32063 ($6.96 in chips)
Seat 2: ebe2c010 ($13.69 in chips)
Seat 4: 1d35fa4a ($17.29 in chips)
Seat 5: ab74254e ($10.15 in chips)
Seat 6: Hero ($10 in chips)
ebe2c010: posts small blind $0.05
1d35fa4a: posts big blind $0.1
*** HOLE CARDS ***
Dealt to 2ce32063 
Dealt to ebe2c010 
Dealt to 1d35fa4a 
Dealt to ab74254e 
Dealt to Hero [7h 7d]
ab74254e: folds
Hero: raises $0.14 to $0.24
2ce32063: raises $0.51 to $0.75
ebe2c010: folds
1d35fa4a: calls $0.65
Hero: calls $0.51
*** FLOP *** [6s 3h 8h]
1d35fa4a: checks
Hero: checks
2ce32063: checks
*** TURN *** [6s 3h 8h] [9c]
1d35fa4a: checks
Hero: bets $0.76
2ce32063: folds
1d35fa4a: folds
Uncalled bet ($0.76) returned to Hero
*** SHOWDOWN ***
Hero collected $2.19 from pot
*** SUMMARY ***
Total pot $2.3 | Rake $0.11 | Jackpot $0 | Bingo $0 | Fortune $0 | Tax $0
Board [6s 3h 8h 9c]
Seat 1: 2ce32063 (button) folded on the Turn
Seat 2: ebe2c010 (small blind) folded before Flop
Seat 4: 1d35fa4a (big blind) folded on the Turn
Seat 5: ab74254e folded before Flop (didn't bet)
Seat 6: Hero won ($2.19)


Poker Hand #HD1781903585: Hold'em No Limit ($0.05/$0.1) - 2024/05/21 15:08:23
Table 'NLHRed8' 6-max Seat #6 is the button
Seat 1: 2ce32063 ($7.01 in chips)
Seat 2: ebe2c010 ($13.79 in chips)
Seat 4: 1d35fa4a ($17.14 in chips)
Seat 5: ab74254e ($10.15 in chips)
Seat 6: Hero ($10 in chips)
2ce32063: posts small blind $0.05
ebe2c010: posts big blind $0.1
*** HOLE CARDS ***
Dealt to 2ce32063 
Dealt to ebe2c010 
Dealt to 1d35fa4a 
Dealt to ab74254e 
Dealt to Hero [7h 3h]
1d35fa4a: raises $0.2 to $0.3
ab74254e: folds
Hero: folds
2ce32063: folds
ebe2c010: folds
Uncalled bet ($0.2) returned to 1d35fa4a
*** SHOWDOWN ***
1d35fa4a collected $0.25 from pot
*** SUMMARY ***
Total pot $0.25 | Rake $0 | Jackpot $0 | Bingo $0 | Fortune $0 | Tax $0
Seat 1: 2ce32063 (small blind) folded before Flop
Seat 2: ebe2c010 (big blind) folded before Flop
Seat 4: 1d35fa4a collected ($0.25)
Seat 5: ab74254e folded before Flop (didn't bet)
Seat 6: Hero (button) folded before Flop (didn't bet)


Poker Hand #HD1781903552: Hold'em No Limit ($0.05/$0.1) - 2024/05/21 15:08:04
Table 'NLHRed8' 6-max Seat #5 is the button
Seat 1: 2ce32063 ($7.11 in chips)
Seat 2: ebe2c010 ($13.79 in chips)
Seat 4: 1d35fa4a ($17.14 in chips)
Seat 5: ab74254e ($10 in chips)
Seat 6: Hero ($10 in chips)
Hero: posts small blind $0.05
2ce32063: posts big blind $0.1
*** HOLE CARDS ***
Dealt to 2ce32063 
Dealt to ebe2c010 
Dealt to 1d35fa4a 
Dealt to ab74254e 
Dealt to Hero [Ac 6d]
ebe2c010: folds
1d35fa4a: folds
ab74254e: raises $0.1 to $0.2
Hero: folds
2ce32063: folds
Uncalled bet ($0.1) returned to ab74254e
*** SHOWDOWN ***
ab74254e collected $0.25 from pot
*** SUMMARY ***
Total pot $0.25 | Rake $0 | Jackpot $0 | Bingo $0 | Fortune $0 | Tax $0
Seat 1: 2ce32063 (big blind) folded before Flop
Seat 2: ebe2c010 folded before Flop (didn't bet)
Seat 4: 1d35fa4a folded before Flop (didn't bet)
Seat 5: ab74254e (button) collected ($0.25)
Seat 6: Hero (small blind) folded before Flop


Poker Hand #HD1781903504: Hold'em No Limit ($0.05/$0.1) - 2024/05/21 15:07:32
Table 'NLHRed8' 6-max Seat #4 is the button
Seat 1: 2ce32063 ($8.16 in chips)
Seat 2: ebe2c010 ($13.79 in chips)
Seat 3: b60ac972 ($10.66 in chips)
Seat 4: 1d35fa4a ($16.05 in chips)
Seat 5: ab74254e ($10 in chips)
Seat 6: Hero ($10 in chips)
ab74254e: posts small blind $0.05
Hero: posts big blind $0.1
*** HOLE CARDS ***
Dealt to 2ce32063 
Dealt to ebe2c010 
Dealt to b60ac972 
Dealt to 1d35fa4a 
Dealt to ab74254e 
Dealt to Hero [Jh Ts]
2ce32063: raises $0.2 to $0.3
ebe2c010: folds
b60ac972: folds
1d35fa4a: raises $0.75 to $1.05
ab74254e: folds
Hero: folds
2ce32063: calls $0.75
*** FLOP *** [Jc Ad 7c]
2ce32063: checks
1d35fa4a: bets $0.7
2ce32063: folds
Uncalled bet ($0.7) returned to 1d35fa4a
*** SHOWDOWN ***
1d35fa4a collected $2.14 from pot
*** SUMMARY ***
Total pot $2.25 | Rake $0.11 | Jackpot $0 | Bingo $0 | Fortune $0 | Tax $0
Board [Jc Ad 7c]
Seat 1: 2ce32063 folded on the Flop
Seat 2: ebe2c010 folded before Flop (didn't bet)
Seat 3: b60ac972 folded before Flop (didn't bet)
Seat 4: 1d35fa4a (button) won ($2.14)
Seat 5: ab74254e (small blind) folded before Flop
Seat 6: Hero (big blind) folded before Flop


