Poker Hand #HD1778220264: Hold'em No Limit ($0.05/$0.1) - 2024/05/18 20:08:16
Table 'NLHRed45' 6-max Seat #5 is the button
Seat 1: ede65a54 ($35.65 in chips)
Seat 2: Hero ($16.01 in chips)
Seat 3: 716d964f ($10.37 in chips)
Seat 4: 8115023b ($10.42 in chips)
Seat 5: 9c0f82c2 ($10.63 in chips)
Seat 6: 43f74182 ($10 in chips)
43f74182: posts small blind $0.05
ede65a54: posts big blind $0.1
*** HOLE CARDS ***
Dealt to ede65a54 
Dealt to Hero [Kc Jh]
Dealt to 716d964f 
Dealt to 8115023b 
Dealt to 9c0f82c2 
Dealt to 43f74182 
Hero: raises $0.1 to $0.2
716d964f: folds
8115023b: folds
9c0f82c2: folds
43f74182: folds
ede65a54: calls $0.1
*** FLOP *** [3h 8c 9h]
ede65a54: checks
Hero: checks
*** TURN *** [3h 8c 9h] [7s]
ede65a54: bets $0.23
Hero: folds
Uncalled bet ($0.23) returned to ede65a54
*** SHOWDOWN ***
ede65a54 collected $0.43 from pot
*** SUMMARY ***
Total pot $0.45 | Rake $0.02 | Jackpot $0 | Bingo $0 | Fortune $0 | Tax $0
Board [3h 8c 9h 7s]
Seat 1: ede65a54 (big blind) won ($0.43)
Seat 2: Hero folded on the Turn
Seat 3: 716d964f folded before Flop (didn't bet)
Seat 4: 8115023b folded before Flop (didn't bet)
Seat 5: 9c0f82c2 (button) folded before Flop (didn't bet)
Seat 6: 43f74182 (small blind) folded before Flop


Poker Hand #HD1778220185: Hold'em No Limit ($0.05/$0.1) - 2024/05/18 20:07:43
Table 'NLHRed45' 6-max Seat #4 is the button
Seat 1: ede65a54 ($35.33 in chips)
Seat 2: Hero ($16.01 in chips)
Seat 3: 716d964f ($10.37 in chips)
Seat 4: 8115023b ($10.42 in chips)
Seat 5: 9c0f82c2 ($10.68 in chips)
Seat 6: 43f74182 ($10 in chips)
9c0f82c2: posts small blind $0.05
43f74182: posts big blind $0.1
*** HOLE CARDS ***
Dealt to ede65a54 
Dealt to Hero [7s Qs]
Dealt to 716d964f 
Dealt to 8115023b 
Dealt to 9c0f82c2 
Dealt to 43f74182 
ede65a54: raises $0.2 to $0.3
Hero: folds
716d964f: folds
8115023b: folds
9c0f82c2: folds
43f74182: calls $0.2
*** FLOP *** [4d 3d 6c]
43f74182: checks
ede65a54: bets $0.22
43f74182: folds
Uncalled bet ($0.22) returned to ede65a54
*** SHOWDOWN ***
ede65a54 collected $0.62 from pot
*** SUMMARY ***
Total pot $0.65 | Rake $0.03 | Jackpot $0 | Bingo $0 | Fortune $0 | Tax $0
Board [4d 3d 6c]
Seat 1: ede65a54 won ($0.62)
Seat 2: Hero folded before Flop (didn't bet)
Seat 3: 716d964f folded before Flop (didn't bet)
Seat 4: 8115023b (button) folded before Flop (didn't bet)
Seat 5: 9c0f82c2 (small blind) folded before Flop
Seat 6: 43f74182 (big blind) folded on the Flop


Poker Hand #HD1778220150: Hold'em No Limit ($0.05/$0.1) - 2024/05/18 20:07:27
Table 'NLHRed45' 6-max Seat #3 is the button
Seat 1: ede65a54 ($35.33 in chips)
Seat 2: Hero ($16.01 in chips)
Seat 3: 716d964f ($10.37 in chips)
Seat 4: 8115023b ($10.47 in chips)
Seat 5: 9c0f82c2 ($10.63 in chips)
Seat 6: 43f74182 ($10 in chips)
8115023b: posts small blind $0.05
9c0f82c2: posts big blind $0.1
*** HOLE CARDS ***
Dealt to ede65a54 
Dealt to Hero [Jd Th]
Dealt to 716d964f 
Dealt to 8115023b 
Dealt to 9c0f82c2 
Dealt to 43f74182 
43f74182: folds
ede65a54: folds
Hero: folds
716d964f: folds
8115023b: folds
Uncalled bet ($0.05) returned to 9c0f82c2
*** SHOWDOWN ***
9c0f82c2 collected $0.1 from pot
*** SUMMARY ***
Total pot $0.1 | Rake $0 | Jackpot $0 | Bingo $0 | Fortune $0 | Tax $0
Seat 1: ede65a54 folded before Flop (didn't bet)
Seat 2: Hero folded before Flop (didn't bet)
Seat 3: 716d964f (button) folded before Flop (didn't bet)
Seat 4: 8115023b (small blind) folded before Flop
Seat 5: 9c0f82c2 (big blind) collected ($0.1)
Seat 6: 43f74182 folded before Flop (didn't bet)


Poker Hand #HD1778220074: Hold'em No Limit ($0.05/$0.1) - 2024/05/18 20:06:55
Table 'NLHRed45' 6-max Seat #2 is the button
Seat 1: ede65a54 ($35.63 in chips)
Seat 2: Hero ($16.01 in chips)
Seat 3: 716d964f ($10 in chips)
Seat 4: 8115023b ($10.57 in chips)
Seat 5: 9c0f82c2 ($10.63 in chips)
Seat 6: 43f74182 ($10 in chips)
716d964f: posts small blind $0.05
8115023b: posts big blind $0.1
*** HOLE CARDS ***
Dealt to ede65a54 
Dealt to Hero [Qd Tc]
Dealt to 716d964f 
Dealt to 8115023b 
Dealt to 9c0f82c2 
Dealt to 43f74182 
9c0f82c2: folds
43f74182: folds
ede65a54: raises $0.2 to $0.3
Hero: folds
716d964f: raises $1 to $1.3
8115023b: folds
ede65a54: folds
Uncalled bet ($1) returned to 716d964f
*** SHOWDOWN ***
716d964f collected $0.67 from pot
*** SUMMARY ***
Total pot $0.7 | Rake $0.03 | Jackpot $0 | Bingo $0 | Fortune $0 | Tax $0
Seat 1: ede65a54 folded before Flop
Seat 2: Hero (button) folded before Flop (didn't bet)
Seat 3: 716d964f (small blind) collected ($0.67)
Seat 4: 8115023b (big blind) folded before Flop
Seat 5: 9c0f82c2 folded before Flop (didn't bet)
Seat 6: 43f74182 folded before Flop (didn't bet)


Poker Hand #HD1778219994: Hold'em No Limit ($0.05/$0.1) - 2024/05/18 20:06:19
Table 'NLHRed45' 6-max Seat #1 is the button
Seat 1: ede65a54 ($35.63 in chips)
Seat 2: Hero ($15.2 in chips)
Seat 3: 716d964f ($10.48 in chips)
Seat 4: 8115023b ($10.57 in chips)
Seat 5: 9c0f82c2 ($10.63 in chips)
Seat 6: 43f74182 ($10 in chips)
Hero: posts small blind $0.05
716d964f: posts big blind $0.1
*** HOLE CARDS ***
Dealt to ede65a54 
Dealt to Hero [As Ts]
Dealt to 716d964f 
Dealt to 8115023b 
Dealt to 9c0f82c2 
Dealt to 43f74182 
8115023b: folds
9c0f82c2: folds
43f74182: folds
ede65a54: folds
Hero: raises $0.2 to $0.3
716d964f: raises $0.6 to $0.9
Hero: raises $1.2 to $2.1
716d964f: folds
Uncalled bet ($1.2) returned to Hero
*** SHOWDOWN ***
Hero collected $1.71 from pot
*** SUMMARY ***
Total pot $1.8 | Rake $0.09 | Jackpot $0 | Bingo $0 | Fortune $0 | Tax $0
Seat 1: ede65a54 (button) folded before Flop (didn't bet)
Seat 2: Hero (small blind) collected ($1.71)
Seat 3: 716d964f (big blind) folded before Flop
Seat 4: 8115023b folded before Flop (didn't bet)
Seat 5: 9c0f82c2 folded before Flop (didn't bet)
Seat 6: 43f74182 folded before Flop (didn't bet)


Poker Hand #HD1778219924: Hold'em No Limit ($0.05/$0.1) - 2024/05/18 20:05:49
Table 'NLHRed45' 6-max Seat #6 is the button
Seat 1: ede65a54 ($35.93 in chips)
Seat 2: Hero ($14.93 in chips)
Seat 3: 716d964f ($10.48 in chips)
Seat 4: 8115023b ($10.57 in chips)
Seat 5: 9c0f82c2 ($10.63 in chips)
Seat 6: 43f74182 ($10 in chips)
ede65a54: posts small blind $0.05
Hero: posts big blind $0.1
*** HOLE CARDS ***
Dealt to ede65a54 
Dealt to Hero [Ac 8c]
Dealt to 716d964f 
Dealt to 8115023b 
Dealt to 9c0f82c2 
Dealt to 43f74182 
716d964f: folds
8115023b: folds
9c0f82c2: folds
43f74182: folds
ede65a54: raises $0.2 to $0.3
Hero: calls $0.2
*** FLOP *** [9c 5c 2c]
ede65a54: checks
Hero: bets $0.5
ede65a54: folds
Uncalled bet ($0.5) returned to Hero
*** SHOWDOWN ***
Hero collected $0.57 from pot
*** SUMMARY ***
Total pot $0.6 | Rake $0.03 | Jackpot $0 | Bingo $0 | Fortune $0 | Tax $0
Board [9c 5c 2c]
Seat 1: ede65a54 (small blind) folded on the Flop
Seat 2: Hero (big blind) won ($0.57)
Seat 3: 716d964f folded before Flop (didn't bet)
Seat 4: 8115023b folded before Flop (didn't bet)
Seat 5: 9c0f82c2 folded before Flop (didn't bet)
Seat 6: 43f74182 (button) folded before Flop (didn't bet)


Poker Hand #HD1778219883: Hold'em No Limit ($0.05/$0.1) - 2024/05/18 20:05:33
Table 'NLHRed45' 6-max Seat #5 is the button
Seat 1: ede65a54 ($36.03 in chips)
Seat 2: Hero ($14.93 in chips)
Seat 3: 716d964f ($10.48 in chips)
Seat 4: 8115023b ($10.42 in chips)
Seat 5: 9c0f82c2 ($10.63 in chips)
Seat 6: 43f74182 ($10.05 in chips)
43f74182: posts small blind $0.05
ede65a54: posts big blind $0.1
*** HOLE CARDS ***
Dealt to ede65a54 
Dealt to Hero [9d Kh]
Dealt to 716d964f 
Dealt to 8115023b 
Dealt to 9c0f82c2 
Dealt to 43f74182 
Hero: folds
716d964f: folds
8115023b: raises $0.25 to $0.35
9c0f82c2: folds
43f74182: folds
ede65a54: folds
Uncalled bet ($0.25) returned to 8115023b
*** SHOWDOWN ***
8115023b collected $0.25 from pot
*** SUMMARY ***
Total pot $0.25 | Rake $0 | Jackpot $0 | Bingo $0 | Fortune $0 | Tax $0
Seat 1: ede65a54 (big blind) folded before Flop
Seat 2: Hero folded before Flop (didn't bet)
Seat 3: 716d964f folded before Flop (didn't bet)
Seat 4: 8115023b collected ($0.25)
Seat 5: 9c0f82c2 (button) folded before Flop (didn't bet)
Seat 6: 43f74182 (small blind) folded before Flop


Poker Hand #HD1778219855: Hold'em No Limit ($0.05/$0.1) - 2024/05/18 20:05:24
Table 'NLHRed45' 6-max Seat #4 is the button
Seat 1: ede65a54 ($36.03 in chips)
Seat 2: Hero ($14.93 in chips)
Seat 3: 716d964f ($10.48 in chips)
Seat 4: 8115023b ($10.42 in chips)
Seat 5: 9c0f82c2 ($10.68 in chips)
Seat 6: 43f74182 ($10 in chips)
9c0f82c2: posts small blind $0.05
43f74182: posts big blind $0.1
*** HOLE CARDS ***
Dealt to ede65a54 
Dealt to Hero [4d 8c]
Dealt to 716d964f 
Dealt to 8115023b 
Dealt to 9c0f82c2 
Dealt to 43f74182 
ede65a54: folds
Hero: folds
716d964f: folds
8115023b: folds
9c0f82c2: folds
Uncalled bet ($0.05) returned to 43f74182
*** SHOWDOWN ***
43f74182 collected $0.1 from pot
*** SUMMARY ***
Total pot $0.1 | Rake $0 | Jackpot $0 | Bingo $0 | Fortune $0 | Tax $0
Seat 1: ede65a54 folded before Flop (didn't bet)
Seat 2: Hero folded before Flop (didn't bet)
Seat 3: 716d964f folded before Flop (didn't bet)
Seat 4: 8115023b (button) folded before Flop (didn't bet)
Seat 5: 9c0f82c2 (small blind) folded before Flop
Seat 6: 43f74182 (big blind) collected ($0.1)


Poker Hand #HD1778219832: Hold'em No Limit ($0.05/$0.1) - 2024/05/18 20:05:13
Table 'NLHRed45' 6-max Seat #3 is the button
Seat 1: ede65a54 ($36.03 in chips)
Seat 2: Hero ($14.93 in chips)
Seat 3: 716d964f ($10.48 in chips)
Seat 4: 8115023b ($10.47 in chips)
Seat 5: 9c0f82c2 ($10.63 in chips)
Seat 6: 43f74182 ($10 in chips)
8115023b: posts small blind $0.05
9c0f82c2: posts big blind $0.1
*** HOLE CARDS ***
Dealt to ede65a54 
Dealt to Hero [6d Ah]
Dealt to 716d964f 
Dealt to 8115023b 
Dealt to 9c0f82c2 
Dealt to 43f74182 
43f74182: folds
ede65a54: folds
Hero: folds
716d964f: folds
8115023b: folds
Uncalled bet ($0.05) returned to 9c0f82c2
*** SHOWDOWN ***
9c0f82c2 collected $0.1 from pot
*** SUMMARY ***
Total pot $0.1 | Rake $0 | Jackpot $0 | Bingo $0 | Fortune $0 | Tax $0
Seat 1: ede65a54 folded before Flop (didn't bet)
Seat 2: Hero folded before Flop (didn't bet)
Seat 3: 716d964f (button) folded before Flop (didn't bet)
Seat 4: 8115023b (small blind) folded before Flop
Seat 5: 9c0f82c2 (big blind) collected ($0.1)
Seat 6: 43f74182 folded before Flop (didn't bet)


Poker Hand #HD1778219741: Hold'em No Limit ($0.05/$0.1) - 2024/05/18 20:04:31
Table 'NLHRed45' 6-max Seat #2 is the button
Seat 1: ede65a54 ($36.33 in chips)
Seat 2: Hero ($14.93 in chips)
Seat 3: 716d964f ($10.53 in chips)
Seat 4: 8115023b ($10.15 in chips)
Seat 5: 9c0f82c2 ($10.63 in chips)
716d964f: posts small blind $0.05
8115023b: posts big blind $0.1
*** HOLE CARDS ***
Dealt to ede65a54 
Dealt to Hero [4h Qs]
Dealt to 716d964f 
Dealt to 8115023b 
Dealt to 9c0f82c2 
9c0f82c2: folds
ede65a54: raises $0.2 to $0.3
Hero: folds
716d964f: folds
8115023b: calls $0.2
*** FLOP *** [9c Jd 6c]
8115023b: checks
ede65a54: checks
*** TURN *** [9c Jd 6c] [7h]
8115023b: bets $0.78
ede65a54: folds
Uncalled bet ($0.78) returned to 8115023b
*** SHOWDOWN ***
8115023b collected $0.62 from pot
*** SUMMARY ***
Total pot $0.65 | Rake $0.03 | Jackpot $0 | Bingo $0 | Fortune $0 | Tax $0
Board [9c Jd 6c 7h]
Seat 1: ede65a54 folded on the Turn
Seat 2: Hero (button) folded before Flop (didn't bet)
Seat 3: 716d964f (small blind) folded before Flop
Seat 4: 8115023b (big blind) won ($0.62)
Seat 5: 9c0f82c2 folded before Flop (didn't bet)


Poker Hand #HD1778219703: Hold'em No Limit ($0.05/$0.1) - 2024/05/18 20:04:14
Table 'NLHRed45' 6-max Seat #1 is the button
Seat 1: ede65a54 ($36.18 in chips)
Seat 2: Hero ($14.98 in chips)
Seat 3: 716d964f ($10.63 in chips)
Seat 4: 8115023b ($10.15 in chips)
Seat 5: 9c0f82c2 ($10.63 in chips)
Hero: posts small blind $0.05
716d964f: posts big blind $0.1
*** HOLE CARDS ***
Dealt to ede65a54 
Dealt to Hero [Qh 8s]
Dealt to 716d964f 
Dealt to 8115023b 
Dealt to 9c0f82c2 
8115023b: folds
9c0f82c2: folds
ede65a54: raises $0.2 to $0.3
Hero: folds
716d964f: folds
Uncalled bet ($0.2) returned to ede65a54
*** SHOWDOWN ***
ede65a54 collected $0.25 from pot
*** SUMMARY ***
Total pot $0.25 | Rake $0 | Jackpot $0 | Bingo $0 | Fortune $0 | Tax $0
Seat 1: ede65a54 (button) collected ($0.25)
Seat 2: Hero (small blind) folded before Flop
Seat 3: 716d964f (big blind) folded before Flop
Seat 4: 8115023b folded before Flop (didn't bet)
Seat 5: 9c0f82c2 folded before Flop (didn't bet)


Poker Hand #HD1778219509: Hold'em No Limit ($0.05/$0.1) - 2024/05/18 20:02:47
Table 'NLHRed45' 6-max Seat #6 is the button
Seat 1: ede65a54 ($36.23 in chips)
Seat 2: Hero ($13.67 in chips)
Seat 3: 716d964f ($10.63 in chips)
Seat 4: 8115023b ($11.65 in chips)
Seat 5: 9c0f82c2 ($10.63 in chips)
Seat 6: 43f74182 ($10 in chips)
ede65a54: posts small blind $0.05
Hero: posts big blind $0.1
*** HOLE CARDS ***
Dealt to ede65a54 
Dealt to Hero [Kd 9d]
Dealt to 716d964f 
Dealt to 8115023b 
Dealt to 9c0f82c2 
Dealt to 43f74182 
716d964f: folds
8115023b: raises $0.2 to $0.3
9c0f82c2: folds
43f74182: folds
ede65a54: folds
Hero: calls $0.2
*** FLOP *** [5d Kc 3d]
Hero: checks
8115023b: bets $0.49
Hero: raises $0.71 to $1.2
8115023b: calls $0.71
*** TURN *** [5d Kc 3d] [6d]
Hero: bets $2.02
8115023b: folds
Uncalled bet ($2.02) returned to Hero
*** SHOWDOWN ***
Hero collected $2.81 from pot
*** SUMMARY ***
Total pot $3.05 | Rake $0.14 | Jackpot $0.1 | Bingo $0 | Fortune $0 | Tax $0
Board [5d Kc 3d 6d]
Seat 1: ede65a54 (small blind) folded before Flop
Seat 2: Hero (big blind) won ($2.81)
Seat 3: 716d964f folded before Flop (didn't bet)
Seat 4: 8115023b folded on the Turn
Seat 5: 9c0f82c2 folded before Flop (didn't bet)
Seat 6: 43f74182 (button) folded before Flop (didn't bet)


Poker Hand #HD1778219456: Hold'em No Limit ($0.05/$0.1) - 2024/05/18 20:02:23
Table 'NLHRed45' 6-max Seat #5 is the button
Seat 1: ede65a54 ($36.33 in chips)
Seat 2: Hero ($13.67 in chips)
Seat 3: 716d964f ($10.48 in chips)
Seat 4: 8115023b ($11.65 in chips)
Seat 5: 9c0f82c2 ($10.63 in chips)
Seat 6: 43f74182 ($10 in chips)
43f74182: posts small blind $0.05
ede65a54: posts big blind $0.1
*** HOLE CARDS ***
Dealt to ede65a54 
Dealt to Hero [Kh 2d]
Dealt to 716d964f 
Dealt to 8115023b 
Dealt to 9c0f82c2 
Dealt to 43f74182 
Hero: folds
716d964f: raises $0.15 to $0.25
8115023b: folds
9c0f82c2: folds
43f74182: folds
ede65a54: folds
Uncalled bet ($0.15) returned to 716d964f
*** SHOWDOWN ***
716d964f collected $0.25 from pot
*** SUMMARY ***
Total pot $0.25 | Rake $0 | Jackpot $0 | Bingo $0 | Fortune $0 | Tax $0
Seat 1: ede65a54 (big blind) folded before Flop
Seat 2: Hero folded before Flop (didn't bet)
Seat 3: 716d964f collected ($0.25)
Seat 4: 8115023b folded before Flop (didn't bet)
Seat 5: 9c0f82c2 (button) folded before Flop (didn't bet)
Seat 6: 43f74182 (small blind) folded before Flop


Poker Hand #HD1778219393: Hold'em No Limit ($0.05/$0.1) - 2024/05/18 20:01:58
Table 'NLHRed45' 6-max Seat #4 is the button
Seat 1: ede65a54 ($36.33 in chips)
Seat 2: Hero ($13.87 in chips)
Seat 3: 716d964f ($10.15 in chips)
Seat 4: 8115023b ($11.65 in chips)
Seat 5: 9c0f82c2 ($10.68 in chips)
Seat 6: 43f74182 ($10 in chips)
9c0f82c2: posts small blind $0.05
43f74182: posts big blind $0.1
*** HOLE CARDS ***
Dealt to ede65a54 
Dealt to Hero [4h 5h]
Dealt to 716d964f 
Dealt to 8115023b 
Dealt to 9c0f82c2 
Dealt to 43f74182 
ede65a54: folds
Hero: raises $0.1 to $0.2
716d964f: raises $0.42 to $0.62
8115023b: folds
9c0f82c2: folds
43f74182: folds
Hero: folds
Uncalled bet ($0.42) returned to 716d964f
*** SHOWDOWN ***
716d964f collected $0.53 from pot
*** SUMMARY ***
Total pot $0.55 | Rake $0.02 | Jackpot $0 | Bingo $0 | Fortune $0 | Tax $0
Seat 1: ede65a54 folded before Flop (didn't bet)
Seat 2: Hero folded before Flop
Seat 3: 716d964f collected ($0.53)
Seat 4: 8115023b (button) folded before Flop (didn't bet)
Seat 5: 9c0f82c2 (small blind) folded before Flop
Seat 6: 43f74182 (big blind) folded before Flop


Poker Hand #HD1778219345: Hold'em No Limit ($0.05/$0.1) - 2024/05/18 20:01:39
Table 'NLHRed45' 6-max Seat #3 is the button
Seat 1: ede65a54 ($36.33 in chips)
Seat 2: Hero ($13.87 in chips)
Seat 3: 716d964f ($10 in chips)
Seat 4: 8115023b ($11.7 in chips)
Seat 5: 9c0f82c2 ($10.78 in chips)
8115023b: posts small blind $0.05
9c0f82c2: posts big blind $0.1
*** HOLE CARDS ***
Dealt to ede65a54 
Dealt to Hero [9d 8c]
Dealt to 716d964f 
Dealt to 8115023b 
Dealt to 9c0f82c2 
ede65a54: folds
Hero: folds
716d964f: raises $0.15 to $0.25
8115023b: folds
9c0f82c2: folds
Uncalled bet ($0.15) returned to 716d964f
*** SHOWDOWN ***
716d964f collected $0.25 from pot
*** SUMMARY ***
Total pot $0.25 | Rake $0 | Jackpot $0 | Bingo $0 | Fortune $0 | Tax $0
Seat 1: ede65a54 folded before Flop (didn't bet)
Seat 2: Hero folded before Flop (didn't bet)
Seat 3: 716d964f (button) collected ($0.25)
Seat 4: 8115023b (small blind) folded before Flop
Seat 5: 9c0f82c2 (big blind) folded before Flop


Poker Hand #HD1778219292: Hold'em No Limit ($0.05/$0.1) - 2024/05/18 20:01:12
Table 'NLHRed45' 6-max Seat #2 is the button
Seat 1: ede65a54 ($36.33 in chips)
Seat 2: Hero ($13.87 in chips)
Seat 3: 716d964f ($10.05 in chips)
Seat 4: 8115023b ($11.43 in chips)
Seat 5: 9c0f82c2 ($10.78 in chips)
716d964f: posts small blind $0.05
8115023b: posts big blind $0.1
*** HOLE CARDS ***
Dealt to ede65a54 
Dealt to Hero [9d Jc]
Dealt to 716d964f 
Dealt to 8115023b 
Dealt to 9c0f82c2 
9c0f82c2: folds
ede65a54: folds
Hero: folds
716d964f: raises $0.2 to $0.3
8115023b: raises $0.75 to $1.05
716d964f: folds
Uncalled bet ($0.75) returned to 8115023b
*** SHOWDOWN ***
8115023b collected $0.57 from pot
*** SUMMARY ***
Total pot $0.6 | Rake $0.03 | Jackpot $0 | Bingo $0 | Fortune $0 | Tax $0
Seat 1: ede65a54 folded before Flop (didn't bet)
Seat 2: Hero (button) folded before Flop (didn't bet)
Seat 3: 716d964f (small blind) folded before Flop
Seat 4: 8115023b (big blind) collected ($0.57)
Seat 5: 9c0f82c2 folded before Flop (didn't bet)


Poker Hand #HD1778219263: Hold'em No Limit ($0.05/$0.1) - 2024/05/18 20:00:58
Table 'NLHRed45' 6-max Seat #1 is the button
Seat 1: ede65a54 ($36.33 in chips)
Seat 2: Hero ($13.92 in chips)
Seat 3: 716d964f ($10.15 in chips)
Seat 4: 8115023b ($11.28 in chips)
Seat 5: 9c0f82c2 ($10.78 in chips)
Hero: posts small blind $0.05
716d964f: posts big blind $0.1
*** HOLE CARDS ***
Dealt to ede65a54 
Dealt to Hero [8d 2d]
Dealt to 716d964f 
Dealt to 8115023b 
Dealt to 9c0f82c2 
8115023b: raises $0.2 to $0.3
9c0f82c2: folds
ede65a54: folds
Hero: folds
716d964f: folds
Uncalled bet ($0.2) returned to 8115023b
*** SHOWDOWN ***
8115023b collected $0.25 from pot
*** SUMMARY ***
Total pot $0.25 | Rake $0 | Jackpot $0 | Bingo $0 | Fortune $0 | Tax $0
Seat 1: ede65a54 (button) folded before Flop (didn't bet)
Seat 2: Hero (small blind) folded before Flop
Seat 3: 716d964f (big blind) folded before Flop
Seat 4: 8115023b collected ($0.25)
Seat 5: 9c0f82c2 folded before Flop (didn't bet)


Poker Hand #HD1778219195: Hold'em No Limit ($0.05/$0.1) - 2024/05/18 20:00:34
Table 'NLHRed45' 6-max Seat #6 is the button
Seat 1: ede65a54 ($36.38 in chips)
Seat 2: Hero ($13.87 in chips)
Seat 3: 716d964f ($10.15 in chips)
Seat 4: 8115023b ($11.28 in chips)
Seat 5: 9c0f82c2 ($10.78 in chips)
Seat 6: 7a9d643d ($10.31 in chips)
ede65a54: posts small blind $0.05
Hero: posts big blind $0.1
*** HOLE CARDS ***
Dealt to ede65a54 
Dealt to Hero [7s Ac]
Dealt to 716d964f 
Dealt to 8115023b 
Dealt to 9c0f82c2 
Dealt to 7a9d643d 
716d964f: folds
8115023b: folds
9c0f82c2: folds
7a9d643d: folds
ede65a54: folds
Uncalled bet ($0.05) returned to Hero
*** SHOWDOWN ***
Hero collected $0.1 from pot
*** SUMMARY ***
Total pot $0.1 | Rake $0 | Jackpot $0 | Bingo $0 | Fortune $0 | Tax $0
Seat 1: ede65a54 (small blind) folded before Flop
Seat 2: Hero (big blind) collected ($0.1)
Seat 3: 716d964f folded before Flop (didn't bet)
Seat 4: 8115023b folded before Flop (didn't bet)
Seat 5: 9c0f82c2 folded before Flop (didn't bet)
Seat 6: 7a9d643d (button) folded before Flop (didn't bet)


Poker Hand #HD1778219171: Hold'em No Limit ($0.05/$0.1) - 2024/05/18 20:00:20
Table 'NLHRed45' 6-max Seat #5 is the button
Seat 1: ede65a54 ($36.48 in chips)
Seat 2: Hero ($13.87 in chips)
Seat 3: 716d964f ($10.15 in chips)
Seat 4: 8115023b ($11.13 in chips)
Seat 5: 9c0f82c2 ($10.78 in chips)
Seat 6: 7a9d643d ($10.36 in chips)
7a9d643d: posts small blind $0.05
ede65a54: posts big blind $0.1
*** HOLE CARDS ***
Dealt to ede65a54 
Dealt to Hero [5s 2d]
Dealt to 716d964f 
Dealt to 8115023b 
Dealt to 9c0f82c2 
Dealt to 7a9d643d 
Hero: folds
716d964f: folds
8115023b: raises $0.2 to $0.3
9c0f82c2: folds
7a9d643d: folds
ede65a54: folds
Uncalled bet ($0.2) returned to 8115023b
*** SHOWDOWN ***
8115023b collected $0.25 from pot
*** SUMMARY ***
Total pot $0.25 | Rake $0 | Jackpot $0 | Bingo $0 | Fortune $0 | Tax $0
Seat 1: ede65a54 (big blind) folded before Flop
Seat 2: Hero folded before Flop (didn't bet)
Seat 3: 716d964f folded before Flop (didn't bet)
Seat 4: 8115023b collected ($0.25)
Seat 5: 9c0f82c2 (button) folded before Flop (didn't bet)
Seat 6: 7a9d643d (small blind) folded before Flop


Poker Hand #HD1778219120: Hold'em No Limit ($0.05/$0.1) - 2024/05/18 19:59:58
Table 'NLHRed45' 6-max Seat #4 is the button
Seat 1: ede65a54 ($36.48 in chips)
Seat 2: Hero ($13.87 in chips)
Seat 3: 716d964f ($10 in chips)
Seat 4: 8115023b ($11.13 in chips)
Seat 5: 9c0f82c2 ($10.83 in chips)
Seat 6: 7a9d643d ($10.46 in chips)
9c0f82c2: posts small blind $0.05
7a9d643d: posts big blind $0.1
*** HOLE CARDS ***
Dealt to ede65a54 
Dealt to Hero [7c 7s]
Dealt to 716d964f 
Dealt to 8115023b 
Dealt to 9c0f82c2 
Dealt to 7a9d643d 
ede65a54: folds
Hero: folds
716d964f: raises $0.15 to $0.25
8115023b: folds
9c0f82c2: folds
7a9d643d: folds
Uncalled bet ($0.15) returned to 716d964f
*** SHOWDOWN ***
716d964f collected $0.25 from pot
*** SUMMARY ***
Total pot $0.25 | Rake $0 | Jackpot $0 | Bingo $0 | Fortune $0 | Tax $0
Seat 1: ede65a54 folded before Flop (didn't bet)
Seat 2: Hero folded before Flop (didn't bet)
Seat 3: 716d964f collected ($0.25)
Seat 4: 8115023b (button) folded before Flop (didn't bet)
Seat 5: 9c0f82c2 (small blind) folded before Flop
Seat 6: 7a9d643d (big blind) folded before Flop


Poker Hand #HD1778219020: Hold'em No Limit ($0.05/$0.1) - 2024/05/18 19:59:14
Table 'NLHRed45' 6-max Seat #3 is the button
Seat 1: ede65a54 ($36.48 in chips)
Seat 2: Hero ($13.87 in chips)
Seat 3: 716d964f ($10 in chips)
Seat 4: 8115023b ($11.18 in chips)
Seat 5: 9c0f82c2 ($11.28 in chips)
Seat 6: 7a9d643d ($10 in chips)
8115023b: posts small blind $0.05
9c0f82c2: posts big blind $0.1
*** HOLE CARDS ***
Dealt to ede65a54 
Dealt to Hero [3d 7c]
Dealt to 716d964f 
Dealt to 8115023b 
Dealt to 9c0f82c2 
Dealt to 7a9d643d 
7a9d643d: raises $0.1 to $0.2
ede65a54: folds
Hero: folds
716d964f: folds
8115023b: folds
9c0f82c2: calls $0.1
*** FLOP *** [Qd 2s 7h]
9c0f82c2: checks
7a9d643d: bets $0.25
9c0f82c2: calls $0.25
*** TURN *** [Qd 2s 7h] [4c]
9c0f82c2: checks
7a9d643d: bets $1.25
9c0f82c2: folds
Uncalled bet ($1.25) returned to 7a9d643d
*** SHOWDOWN ***
7a9d643d collected $0.91 from pot
*** SUMMARY ***
Total pot $0.95 | Rake $0.04 | Jackpot $0 | Bingo $0 | Fortune $0 | Tax $0
Board [Qd 2s 7h 4c]
Seat 1: ede65a54 folded before Flop (didn't bet)
Seat 2: Hero folded before Flop (didn't bet)
Seat 3: 716d964f (button) folded before Flop (didn't bet)
Seat 4: 8115023b (small blind) folded before Flop
Seat 5: 9c0f82c2 (big blind) folded on the Turn
Seat 6: 7a9d643d won ($0.91)


Poker Hand #HD1778218966: Hold'em No Limit ($0.05/$0.1) - 2024/05/18 19:58:47
Table 'NLHRed45' 6-max Seat #2 is the button
Seat 1: ede65a54 ($36.78 in chips)
Seat 2: Hero ($13.45 in chips)
Seat 3: 716d964f ($10 in chips)
Seat 4: 8115023b ($11.28 in chips)
Seat 5: 9c0f82c2 ($11.28 in chips)
Seat 6: 7a9d643d ($10 in chips)
716d964f: posts small blind $0.05
8115023b: posts big blind $0.1
*** HOLE CARDS ***
Dealt to ede65a54 
Dealt to Hero [As Qc]
Dealt to 716d964f 
Dealt to 8115023b 
Dealt to 9c0f82c2 
Dealt to 7a9d643d 
9c0f82c2: folds
7a9d643d: folds
ede65a54: raises $0.2 to $0.3
Hero: raises $0.6 to $0.9
716d964f: folds
8115023b: folds
ede65a54: folds
Uncalled bet ($0.6) returned to Hero
*** SHOWDOWN ***
Hero collected $0.72 from pot
*** SUMMARY ***
Total pot $0.75 | Rake $0.03 | Jackpot $0 | Bingo $0 | Fortune $0 | Tax $0
Seat 1: ede65a54 folded before Flop
Seat 2: Hero (button) collected ($0.72)
Seat 3: 716d964f (small blind) folded before Flop
Seat 4: 8115023b (big blind) folded before Flop
Seat 5: 9c0f82c2 folded before Flop (didn't bet)
Seat 6: 7a9d643d folded before Flop (didn't bet)


Poker Hand #HD1778218910: Hold'em No Limit ($0.05/$0.1) - 2024/05/18 19:58:27
Table 'NLHRed45' 6-max Seat #1 is the button
Seat 1: ede65a54 ($36.63 in chips)
Seat 2: Hero ($13.5 in chips)
Seat 3: 716d964f ($10 in chips)
Seat 4: 8115023b ($11.28 in chips)
Seat 5: 9c0f82c2 ($11.28 in chips)
Hero: posts small blind $0.05
716d964f: posts big blind $0.1
*** HOLE CARDS ***
Dealt to ede65a54 
Dealt to Hero [Qc 6c]
Dealt to 716d964f 
Dealt to 8115023b 
Dealt to 9c0f82c2 
8115023b: folds
9c0f82c2: folds
ede65a54: raises $0.2 to $0.3
Hero: folds
716d964f: folds
Uncalled bet ($0.2) returned to ede65a54
*** SHOWDOWN ***
ede65a54 collected $0.25 from pot
*** SUMMARY ***
Total pot $0.25 | Rake $0 | Jackpot $0 | Bingo $0 | Fortune $0 | Tax $0
Seat 1: ede65a54 (button) collected ($0.25)
Seat 2: Hero (small blind) folded before Flop
Seat 3: 716d964f (big blind) folded before Flop
Seat 4: 8115023b folded before Flop (didn't bet)
Seat 5: 9c0f82c2 folded before Flop (didn't bet)


Poker Hand #HD1778218859: Hold'em No Limit ($0.05/$0.1) - 2024/05/18 19:58:03
Table 'NLHRed45' 6-max Seat #5 is the button
Seat 1: ede65a54 ($36.58 in chips)
Seat 2: Hero ($13.5 in chips)
Seat 3: 716d964f ($10 in chips)
Seat 4: 8115023b ($11.28 in chips)
Seat 5: 9c0f82c2 ($11.28 in chips)
Seat 6: 7a9d643d ($10.05 in chips)
7a9d643d: posts small blind $0.05
ede65a54: posts big blind $0.1
*** HOLE CARDS ***
Dealt to ede65a54 
Dealt to Hero [Ah 4c]
Dealt to 716d964f 
Dealt to 8115023b 
Dealt to 9c0f82c2 
Dealt to 7a9d643d 
Hero: folds
716d964f: folds
8115023b: folds
9c0f82c2: folds
7a9d643d: folds
Uncalled bet ($0.05) returned to ede65a54
*** SHOWDOWN ***
ede65a54 collected $0.1 from pot
*** SUMMARY ***
Total pot $0.1 | Rake $0 | Jackpot $0 | Bingo $0 | Fortune $0 | Tax $0
Seat 1: ede65a54 (big blind) collected ($0.1)
Seat 2: Hero folded before Flop (didn't bet)
Seat 3: 716d964f folded before Flop (didn't bet)
Seat 4: 8115023b folded before Flop (didn't bet)
Seat 5: 9c0f82c2 (button) folded before Flop (didn't bet)
Seat 6: 7a9d643d (small blind) folded before Flop


Poker Hand #HD1778218839: Hold'em No Limit ($0.05/$0.1) - 2024/05/18 19:57:54
Table 'NLHRed45' 6-max Seat #4 is the button
Seat 1: ede65a54 ($36.58 in chips)
Seat 2: Hero ($13.5 in chips)
Seat 3: 716d964f ($10 in chips)
Seat 4: 8115023b ($11.28 in chips)
Seat 5: 9c0f82c2 ($11.33 in chips)
Seat 6: 7a9d643d ($10 in chips)
9c0f82c2: posts small blind $0.05
7a9d643d: posts big blind $0.1
*** HOLE CARDS ***
Dealt to ede65a54 
Dealt to Hero [9d Ts]
Dealt to 716d964f 
Dealt to 8115023b 
Dealt to 9c0f82c2 
Dealt to 7a9d643d 
ede65a54: folds
Hero: folds
716d964f: folds
8115023b: folds
9c0f82c2: folds
Uncalled bet ($0.05) returned to 7a9d643d
*** SHOWDOWN ***
7a9d643d collected $0.1 from pot
*** SUMMARY ***
Total pot $0.1 | Rake $0 | Jackpot $0 | Bingo $0 | Fortune $0 | Tax $0
Seat 1: ede65a54 folded before Flop (didn't bet)
Seat 2: Hero folded before Flop (didn't bet)
Seat 3: 716d964f folded before Flop (didn't bet)
Seat 4: 8115023b (button) folded before Flop (didn't bet)
Seat 5: 9c0f82c2 (small blind) folded before Flop
Seat 6: 7a9d643d (big blind) collected ($0.1)


Poker Hand #HD1778218756: Hold'em No Limit ($0.05/$0.1) - 2024/05/18 19:57:15
Table 'NLHRed45' 6-max Seat #3 is the button
Seat 1: ede65a54 ($37.48 in chips)
Seat 2: Hero ($12.54 in chips)
Seat 3: 716d964f ($10 in chips)
Seat 4: 8115023b ($11.33 in chips)
Seat 5: 9c0f82c2 ($11.43 in chips)
8115023b: posts small blind $0.05
9c0f82c2: posts big blind $0.1
*** HOLE CARDS ***
Dealt to ede65a54 
Dealt to Hero [Qs As]
Dealt to 716d964f 
Dealt to 8115023b 
Dealt to 9c0f82c2 
ede65a54: raises $0.2 to $0.3
Hero: raises $0.6 to $0.9
716d964f: folds
8115023b: folds
9c0f82c2: folds
ede65a54: calls $0.6
*** FLOP *** [9d Ks 9s]
ede65a54: checks
Hero: bets $0.9
ede65a54: folds
Uncalled bet ($0.9) returned to Hero
*** SHOWDOWN ***
Hero collected $1.86 from pot
*** SUMMARY ***
Total pot $1.95 | Rake $0.09 | Jackpot $0 | Bingo $0 | Fortune $0 | Tax $0
Board [9d Ks 9s]
Seat 1: ede65a54 folded on the Flop
Seat 2: Hero won ($1.86)
Seat 3: 716d964f (button) folded before Flop (didn't bet)
Seat 4: 8115023b (small blind) folded before Flop
Seat 5: 9c0f82c2 (big blind) folded before Flop


Poker Hand #HD1778218701: Hold'em No Limit ($0.05/$0.1) - 2024/05/18 19:56:52
Table 'NLHRed45' 6-max Seat #2 is the button
Seat 1: ede65a54 ($37.15 in chips)
Seat 2: Hero ($12.54 in chips)
Seat 3: 716d964f ($10 in chips)
Seat 4: 8115023b ($11.43 in chips)
Seat 5: 9c0f82c2 ($11.63 in chips)
716d964f: posts small blind $0.05
8115023b: posts big blind $0.1
*** HOLE CARDS ***
Dealt to ede65a54 
Dealt to Hero [Jh 4s]
Dealt to 716d964f 
Dealt to 8115023b 
Dealt to 9c0f82c2 
9c0f82c2: raises $0.1 to $0.2
ede65a54: raises $0.5 to $0.7
Hero: folds
716d964f: folds
8115023b: folds
9c0f82c2: folds
Uncalled bet ($0.5) returned to ede65a54
*** SHOWDOWN ***
ede65a54 collected $0.53 from pot
*** SUMMARY ***
Total pot $0.55 | Rake $0.02 | Jackpot $0 | Bingo $0 | Fortune $0 | Tax $0
Seat 1: ede65a54 collected ($0.53)
Seat 2: Hero (button) folded before Flop (didn't bet)
Seat 3: 716d964f (small blind) folded before Flop
Seat 4: 8115023b (big blind) folded before Flop
Seat 5: 9c0f82c2 folded before Flop


Poker Hand #HD1778218633: Hold'em No Limit ($0.05/$0.1) - 2024/05/18 19:56:23
Table 'NLHRed45' 6-max Seat #1 is the button
Seat 1: ede65a54 ($37.15 in chips)
Seat 2: Hero ($11.73 in chips)
Seat 3: 716d964f ($10 in chips)
Seat 4: 8115023b ($11.43 in chips)
Seat 5: 9c0f82c2 ($11.63 in chips)
Hero: posts small blind $0.05
716d964f: posts big blind $0.1
*** HOLE CARDS ***
Dealt to ede65a54 
Dealt to Hero [Ks As]
Dealt to 716d964f 
Dealt to 8115023b 
Dealt to 9c0f82c2 
8115023b: folds
9c0f82c2: folds
ede65a54: folds
Hero: raises $0.2 to $0.3
716d964f: raises $0.6 to $0.9
Hero: raises $1.39 to $2.29
716d964f: folds
Uncalled bet ($1.39) returned to Hero
*** SHOWDOWN ***
Hero collected $1.71 from pot
*** SUMMARY ***
Total pot $1.8 | Rake $0.09 | Jackpot $0 | Bingo $0 | Fortune $0 | Tax $0
Seat 1: ede65a54 (button) folded before Flop (didn't bet)
Seat 2: Hero (small blind) collected ($1.71)
Seat 3: 716d964f (big blind) folded before Flop
Seat 4: 8115023b folded before Flop (didn't bet)
Seat 5: 9c0f82c2 folded before Flop (didn't bet)


Poker Hand #HD1778218617: Hold'em No Limit ($0.05/$0.1) - 2024/05/18 19:56:15
Table 'NLHRed45' 6-max Seat #5 is the button
Seat 1: ede65a54 ($37.2 in chips)
Seat 2: Hero ($11.68 in chips)
Seat 3: 716d964f ($10 in chips)
Seat 4: 8115023b ($11.43 in chips)
Seat 5: 9c0f82c2 ($11.63 in chips)
ede65a54: posts small blind $0.05
Hero: posts big blind $0.1
*** HOLE CARDS ***
Dealt to ede65a54 
Dealt to Hero [Qh 4d]
Dealt to 716d964f 
Dealt to 8115023b 
Dealt to 9c0f82c2 
716d964f: folds
8115023b: folds
9c0f82c2: folds
ede65a54: folds
Uncalled bet ($0.05) returned to Hero
*** SHOWDOWN ***
Hero collected $0.1 from pot
*** SUMMARY ***
Total pot $0.1 | Rake $0 | Jackpot $0 | Bingo $0 | Fortune $0 | Tax $0
Seat 1: ede65a54 (small blind) folded before Flop
Seat 2: Hero (big blind) collected ($0.1)
Seat 3: 716d964f folded before Flop (didn't bet)
Seat 4: 8115023b folded before Flop (didn't bet)
Seat 5: 9c0f82c2 (button) folded before Flop (didn't bet)


Poker Hand #HD1778218578: Hold'em No Limit ($0.05/$0.1) - 2024/05/18 19:55:58
Table 'NLHRed45' 6-max Seat #4 is the button
Seat 1: ede65a54 ($37.3 in chips)
Seat 2: Hero ($11.68 in chips)
Seat 3: 716d964f ($10 in chips)
Seat 4: 8115023b ($11.28 in chips)
Seat 5: 9c0f82c2 ($11.68 in chips)
9c0f82c2: posts small blind $0.05
ede65a54: posts big blind $0.1
*** HOLE CARDS ***
Dealt to ede65a54 
Dealt to Hero [Jd 3h]
Dealt to 716d964f 
Dealt to 8115023b 
Dealt to 9c0f82c2 
Hero: folds
716d964f: folds
8115023b: raises $0.25 to $0.35
9c0f82c2: folds
ede65a54: folds
Uncalled bet ($0.25) returned to 8115023b
*** SHOWDOWN ***
8115023b collected $0.25 from pot
*** SUMMARY ***
Total pot $0.25 | Rake $0 | Jackpot $0 | Bingo $0 | Fortune $0 | Tax $0
Seat 1: ede65a54 (big blind) folded before Flop
Seat 2: Hero folded before Flop (didn't bet)
Seat 3: 716d964f folded before Flop (didn't bet)
Seat 4: 8115023b (button) collected ($0.25)
Seat 5: 9c0f82c2 (small blind) folded before Flop


Poker Hand #HD1778218536: Hold'em No Limit ($0.05/$0.1) - 2024/05/18 19:55:42
Table 'NLHRed45' 6-max Seat #3 is the button
Seat 1: ede65a54 ($37.15 in chips)
Seat 2: Hero ($11.68 in chips)
Seat 3: 716d964f ($10 in chips)
Seat 4: 8115023b ($11.33 in chips)
Seat 5: 9c0f82c2 ($11.78 in chips)
8115023b: posts small blind $0.05
9c0f82c2: posts big blind $0.1
*** HOLE CARDS ***
Dealt to ede65a54 
Dealt to Hero [Ah 7d]
Dealt to 716d964f 
Dealt to 8115023b 
Dealt to 9c0f82c2 
ede65a54: raises $0.2 to $0.3
Hero: folds
716d964f: folds
8115023b: folds
9c0f82c2: folds
Uncalled bet ($0.2) returned to ede65a54
*** SHOWDOWN ***
ede65a54 collected $0.25 from pot
*** SUMMARY ***
Total pot $0.25 | Rake $0 | Jackpot $0 | Bingo $0 | Fortune $0 | Tax $0
Seat 1: ede65a54 collected ($0.25)
Seat 2: Hero folded before Flop (didn't bet)
Seat 3: 716d964f (button) folded before Flop (didn't bet)
Seat 4: 8115023b (small blind) folded before Flop
Seat 5: 9c0f82c2 (big blind) folded before Flop


Poker Hand #HD1778218484: Hold'em No Limit ($0.05/$0.1) - 2024/05/18 19:55:15
Table 'NLHRed45' 6-max Seat #2 is the button
Seat 1: ede65a54 ($37 in chips)
Seat 2: Hero ($11.68 in chips)
Seat 3: 716d964f ($10 in chips)
Seat 4: 8115023b ($11.43 in chips)
Seat 5: 9c0f82c2 ($11.78 in chips)
Seat 6: 6c7716b6 ($15.58 in chips)
716d964f: posts small blind $0.05
8115023b: posts big blind $0.1
*** HOLE CARDS ***
Dealt to ede65a54 
Dealt to Hero [8c 5h]
Dealt to 716d964f 
Dealt to 8115023b 
Dealt to 9c0f82c2 
Dealt to 6c7716b6 
9c0f82c2: folds
6c7716b6: folds
ede65a54: raises $0.2 to $0.3
Hero: folds
716d964f: folds
8115023b: folds
Uncalled bet ($0.2) returned to ede65a54
*** SHOWDOWN ***
ede65a54 collected $0.25 from pot
*** SUMMARY ***
Total pot $0.25 | Rake $0 | Jackpot $0 | Bingo $0 | Fortune $0 | Tax $0
Seat 1: ede65a54 collected ($0.25)
Seat 2: Hero (button) folded before Flop (didn't bet)
Seat 3: 716d964f (small blind) folded before Flop
Seat 4: 8115023b (big blind) folded before Flop
Seat 5: 9c0f82c2 folded before Flop (didn't bet)
Seat 6: 6c7716b6 folded before Flop (didn't bet)


Poker Hand #HD1778218414: Hold'em No Limit ($0.05/$0.1) - 2024/05/18 19:54:43
Table 'NLHRed45' 6-max Seat #1 is the button
Seat 1: ede65a54 ($36.85 in chips)
Seat 2: Hero ($11.73 in chips)
Seat 3: 716d964f ($10 in chips)
Seat 4: 8115023b ($11.43 in chips)
Seat 5: 9c0f82c2 ($11.78 in chips)
Seat 6: 6c7716b6 ($15.58 in chips)
Hero: posts small blind $0.05
716d964f: posts big blind $0.1
*** HOLE CARDS ***
Dealt to ede65a54 
Dealt to Hero [6h Qh]
Dealt to 716d964f 
Dealt to 8115023b 
Dealt to 9c0f82c2 
Dealt to 6c7716b6 
8115023b: folds
9c0f82c2: folds
6c7716b6: folds
ede65a54: raises $0.2 to $0.3
Hero: folds
716d964f: folds
Uncalled bet ($0.2) returned to ede65a54
*** SHOWDOWN ***
ede65a54 collected $0.25 from pot
*** SUMMARY ***
Total pot $0.25 | Rake $0 | Jackpot $0 | Bingo $0 | Fortune $0 | Tax $0
Seat 1: ede65a54 (button) collected ($0.25)
Seat 2: Hero (small blind) folded before Flop
Seat 3: 716d964f (big blind) folded before Flop
Seat 4: 8115023b folded before Flop (didn't bet)
Seat 5: 9c0f82c2 folded before Flop (didn't bet)
Seat 6: 6c7716b6 folded before Flop (didn't bet)


Poker Hand #HD1778218326: Hold'em No Limit ($0.05/$0.1) - 2024/05/18 19:54:04
Table 'NLHRed45' 6-max Seat #6 is the button
Seat 1: ede65a54 ($36.9 in chips)
Seat 2: Hero ($12.03 in chips)
Seat 3: 716d964f ($10 in chips)
Seat 4: 8115023b ($11.11 in chips)
Seat 5: 9c0f82c2 ($11.78 in chips)
Seat 6: 6c7716b6 ($15.58 in chips)
ede65a54: posts small blind $0.05
Hero: posts big blind $0.1
*** HOLE CARDS ***
Dealt to ede65a54 
Dealt to Hero [Tc 7c]
Dealt to 716d964f 
Dealt to 8115023b 
Dealt to 9c0f82c2 
Dealt to 6c7716b6 
716d964f: folds
8115023b: raises $0.2 to $0.3
9c0f82c2: folds
6c7716b6: folds
ede65a54: folds
Hero: calls $0.2
*** FLOP *** [4s 5d 2s]
Hero: checks
8115023b: bets $0.45
Hero: folds
Uncalled bet ($0.45) returned to 8115023b
*** SHOWDOWN ***
8115023b collected $0.62 from pot
*** SUMMARY ***
Total pot $0.65 | Rake $0.03 | Jackpot $0 | Bingo $0 | Fortune $0 | Tax $0
Board [4s 5d 2s]
Seat 1: ede65a54 (small blind) folded before Flop
Seat 2: Hero (big blind) folded on the Flop
Seat 3: 716d964f folded before Flop (didn't bet)
Seat 4: 8115023b won ($0.62)
Seat 5: 9c0f82c2 folded before Flop (didn't bet)
Seat 6: 6c7716b6 (button) folded before Flop (didn't bet)


Poker Hand #HD1778218193: Hold'em No Limit ($0.05/$0.1) - 2024/05/18 19:52:59
Table 'NLHRed45' 6-max Seat #5 is the button
Seat 1: ede65a54 ($37 in chips)
Seat 2: Hero ($12.03 in chips)
Seat 3: 716d964f ($10 in chips)
Seat 4: 8115023b ($10.3 in chips)
Seat 5: 9c0f82c2 ($11.78 in chips)
Seat 6: 6c7716b6 ($16.37 in chips)
6c7716b6: posts small blind $0.05
ede65a54: posts big blind $0.1
*** HOLE CARDS ***
Dealt to ede65a54 
Dealt to Hero [9s 4s]
Dealt to 716d964f 
Dealt to 8115023b 
Dealt to 9c0f82c2 
Dealt to 6c7716b6 
Hero: folds
716d964f: folds
8115023b: raises $0.25 to $0.35
9c0f82c2: folds
6c7716b6: calls $0.3
ede65a54: folds
*** FLOP *** [2c 6h Th]
6c7716b6: checks
8115023b: checks
*** TURN *** [2c 6h Th] [Ad]
6c7716b6: bets $0.44
8115023b: calls $0.44
*** RIVER *** [2c 6h Th Ad] [8c]
6c7716b6: checks
8115023b: bets $1.3
6c7716b6: folds
Uncalled bet ($1.3) returned to 8115023b
*** SHOWDOWN ***
8115023b collected $1.6 from pot
*** SUMMARY ***
Total pot $1.68 | Rake $0.08 | Jackpot $0 | Bingo $0 | Fortune $0 | Tax $0
Board [2c 6h Th Ad 8c]
Seat 1: ede65a54 (big blind) folded before Flop
Seat 2: Hero folded before Flop (didn't bet)
Seat 3: 716d964f folded before Flop (didn't bet)
Seat 4: 8115023b won ($1.6)
Seat 5: 9c0f82c2 (button) folded before Flop (didn't bet)
Seat 6: 6c7716b6 (small blind) folded on the River


Poker Hand #HD1778218121: Hold'em No Limit ($0.05/$0.1) - 2024/05/18 19:52:26
Table 'NLHRed45' 6-max Seat #4 is the button
Seat 1: ede65a54 ($37 in chips)
Seat 2: Hero ($12.03 in chips)
Seat 3: 716d964f ($10 in chips)
Seat 4: 8115023b ($10.15 in chips)
Seat 5: 9c0f82c2 ($11.83 in chips)
Seat 6: 6c7716b6 ($16.47 in chips)
9c0f82c2: posts small blind $0.05
6c7716b6: posts big blind $0.1
*** HOLE CARDS ***
Dealt to ede65a54 
Dealt to Hero [Qh 3c]
Dealt to 716d964f 
Dealt to 8115023b 
Dealt to 9c0f82c2 
Dealt to 6c7716b6 
ede65a54: folds
Hero: folds
716d964f: folds
8115023b: raises $0.15 to $0.25
9c0f82c2: folds
6c7716b6: folds
Uncalled bet ($0.15) returned to 8115023b
*** SHOWDOWN ***
8115023b collected $0.25 from pot
*** SUMMARY ***
Total pot $0.25 | Rake $0 | Jackpot $0 | Bingo $0 | Fortune $0 | Tax $0
Seat 1: ede65a54 folded before Flop (didn't bet)
Seat 2: Hero folded before Flop (didn't bet)
Seat 3: 716d964f folded before Flop (didn't bet)
Seat 4: 8115023b (button) collected ($0.25)
Seat 5: 9c0f82c2 (small blind) folded before Flop
Seat 6: 6c7716b6 (big blind) folded before Flop


Poker Hand #HD1778218063: Hold'em No Limit ($0.05/$0.1) - 2024/05/18 19:52:03
Table 'NLHRed45' 6-max Seat #3 is the button
Seat 1: ede65a54 ($37 in chips)
Seat 2: Hero ($12.03 in chips)
Seat 3: 716d964f ($10 in chips)
Seat 4: 8115023b ($10.05 in chips)
Seat 5: 9c0f82c2 ($11.93 in chips)
Seat 6: 6c7716b6 ($16.47 in chips)
8115023b: posts small blind $0.05
9c0f82c2: posts big blind $0.1
*** HOLE CARDS ***
Dealt to ede65a54 
Dealt to Hero [5d 2c]
Dealt to 716d964f 
Dealt to 8115023b 
Dealt to 9c0f82c2 
Dealt to 6c7716b6 
6c7716b6: folds
ede65a54: folds
Hero: folds
716d964f: folds
8115023b: raises $0.2 to $0.3
9c0f82c2: folds
Uncalled bet ($0.2) returned to 8115023b
*** SHOWDOWN ***
8115023b collected $0.2 from pot
*** SUMMARY ***
Total pot $0.2 | Rake $0 | Jackpot $0 | Bingo $0 | Fortune $0 | Tax $0
Seat 1: ede65a54 folded before Flop (didn't bet)
Seat 2: Hero folded before Flop (didn't bet)
Seat 3: 716d964f (button) folded before Flop (didn't bet)
Seat 4: 8115023b (small blind) collected ($0.2)
Seat 5: 9c0f82c2 (big blind) folded before Flop
Seat 6: 6c7716b6 folded before Flop (didn't bet)


Poker Hand #HD1778218038: Hold'em No Limit ($0.05/$0.1) - 2024/05/18 19:51:50
Table 'NLHRed45' 6-max Seat #2 is the button
Seat 1: ede65a54 ($37 in chips)
Seat 2: Hero ($11.88 in chips)
Seat 3: 716d964f ($10 in chips)
Seat 4: 8115023b ($10.15 in chips)
Seat 5: 9c0f82c2 ($11.93 in chips)
Seat 6: 6c7716b6 ($16.47 in chips)
716d964f: posts small blind $0.05
8115023b: posts big blind $0.1
*** HOLE CARDS ***
Dealt to ede65a54 
Dealt to Hero [8c Ac]
Dealt to 716d964f 
Dealt to 8115023b 
Dealt to 9c0f82c2 
Dealt to 6c7716b6 
9c0f82c2: folds
6c7716b6: folds
ede65a54: folds
Hero: raises $0.14 to $0.24
716d964f: folds
8115023b: folds
Uncalled bet ($0.14) returned to Hero
*** SHOWDOWN ***
Hero collected $0.25 from pot
*** SUMMARY ***
Total pot $0.25 | Rake $0 | Jackpot $0 | Bingo $0 | Fortune $0 | Tax $0
Seat 1: ede65a54 folded before Flop (didn't bet)
Seat 2: Hero (button) collected ($0.25)
Seat 3: 716d964f (small blind) folded before Flop
Seat 4: 8115023b (big blind) folded before Flop
Seat 5: 9c0f82c2 folded before Flop (didn't bet)
Seat 6: 6c7716b6 folded before Flop (didn't bet)


Poker Hand #HD1778217972: Hold'em No Limit ($0.05/$0.1) - 2024/05/18 19:51:27
Table 'NLHRed45' 6-max Seat #1 is the button
Seat 1: ede65a54 ($36.85 in chips)
Seat 2: Hero ($11.93 in chips)
Seat 3: 716d964f ($10 in chips)
Seat 4: 8115023b ($10.15 in chips)
Seat 5: 9c0f82c2 ($11.93 in chips)
Seat 6: 6c7716b6 ($16.47 in chips)
Hero: posts small blind $0.05
716d964f: posts big blind $0.1
*** HOLE CARDS ***
Dealt to ede65a54 
Dealt to Hero [Ac 3s]
Dealt to 716d964f 
Dealt to 8115023b 
Dealt to 9c0f82c2 
Dealt to 6c7716b6 
8115023b: folds
9c0f82c2: folds
6c7716b6: folds
ede65a54: raises $0.2 to $0.3
Hero: folds
716d964f: folds
Uncalled bet ($0.2) returned to ede65a54
*** SHOWDOWN ***
ede65a54 collected $0.25 from pot
*** SUMMARY ***
Total pot $0.25 | Rake $0 | Jackpot $0 | Bingo $0 | Fortune $0 | Tax $0
Seat 1: ede65a54 (button) collected ($0.25)
Seat 2: Hero (small blind) folded before Flop
Seat 3: 716d964f (big blind) folded before Flop
Seat 4: 8115023b folded before Flop (didn't bet)
Seat 5: 9c0f82c2 folded before Flop (didn't bet)
Seat 6: 6c7716b6 folded before Flop (didn't bet)


Poker Hand #HD1778217881: Hold'em No Limit ($0.05/$0.1) - 2024/05/18 19:50:47
Table 'NLHRed45' 6-max Seat #6 is the button
Seat 1: ede65a54 ($36.9 in chips)
Seat 2: Hero ($12.03 in chips)
Seat 3: 716d964f ($10 in chips)
Seat 4: 8115023b ($10 in chips)
Seat 5: 9c0f82c2 ($11.93 in chips)
Seat 6: 6c7716b6 ($16.47 in chips)
ede65a54: posts small blind $0.05
Hero: posts big blind $0.1
*** HOLE CARDS ***
Dealt to ede65a54 
Dealt to Hero [6c 2h]
Dealt to 716d964f 
Dealt to 8115023b 
Dealt to 9c0f82c2 
Dealt to 6c7716b6 
716d964f: folds
8115023b: raises $0.2 to $0.3
9c0f82c2: folds
6c7716b6: folds
ede65a54: folds
Hero: folds
Uncalled bet ($0.2) returned to 8115023b
*** SHOWDOWN ***
8115023b collected $0.25 from pot
*** SUMMARY ***
Total pot $0.25 | Rake $0 | Jackpot $0 | Bingo $0 | Fortune $0 | Tax $0
Seat 1: ede65a54 (small blind) folded before Flop
Seat 2: Hero (big blind) folded before Flop
Seat 3: 716d964f folded before Flop (didn't bet)
Seat 4: 8115023b collected ($0.25)
Seat 5: 9c0f82c2 folded before Flop (didn't bet)
Seat 6: 6c7716b6 (button) folded before Flop (didn't bet)


Poker Hand #HD1778217771: Hold'em No Limit ($0.05/$0.1) - 2024/05/18 19:50:02
Table 'NLHRed45' 6-max Seat #5 is the button
Seat 1: ede65a54 ($36.43 in chips)
Seat 2: Hero ($12.03 in chips)
Seat 3: 716d964f ($10.22 in chips)
Seat 4: 8115023b ($10 in chips)
Seat 5: 9c0f82c2 ($11.93 in chips)
Seat 6: 6c7716b6 ($16.72 in chips)
6c7716b6: posts small blind $0.05
ede65a54: posts big blind $0.1
*** HOLE CARDS ***
Dealt to ede65a54 
Dealt to Hero [9d 6d]
Dealt to 716d964f 
Dealt to 8115023b 
Dealt to 9c0f82c2 
Dealt to 6c7716b6 
Hero: folds
716d964f: raises $0.15 to $0.25
8115023b: folds
9c0f82c2: folds
6c7716b6: calls $0.2
ede65a54: calls $0.15
*** FLOP *** [Ac 7c Jd]
6c7716b6: checks
ede65a54: checks
716d964f: checks
*** TURN *** [Ac 7c Jd] [7s]
6c7716b6: checks
ede65a54: bets $0.38
716d964f: folds
6c7716b6: folds
Uncalled bet ($0.38) returned to ede65a54
*** SHOWDOWN ***
ede65a54 collected $0.72 from pot
*** SUMMARY ***
Total pot $0.75 | Rake $0.03 | Jackpot $0 | Bingo $0 | Fortune $0 | Tax $0
Board [Ac 7c Jd 7s]
Seat 1: ede65a54 (big blind) won ($0.72)
Seat 2: Hero folded before Flop (didn't bet)
Seat 3: 716d964f folded on the Turn
Seat 4: 8115023b folded before Flop (didn't bet)
Seat 5: 9c0f82c2 (button) folded before Flop (didn't bet)
Seat 6: 6c7716b6 (small blind) folded on the Turn


Poker Hand #HD1778217716: Hold'em No Limit ($0.05/$0.1) - 2024/05/18 19:49:40
Table 'NLHRed45' 6-max Seat #4 is the button
Seat 1: ede65a54 ($36.43 in chips)
Seat 2: Hero ($12.03 in chips)
Seat 3: 716d964f ($10.47 in chips)
Seat 4: 8115023b ($10 in chips)
Seat 5: 9c0f82c2 ($11.98 in chips)
Seat 6: 6c7716b6 ($16.44 in chips)
9c0f82c2: posts small blind $0.05
6c7716b6: posts big blind $0.1
*** HOLE CARDS ***
Dealt to ede65a54 
Dealt to Hero [Jc 6d]
Dealt to 716d964f 
Dealt to 8115023b 
Dealt to 9c0f82c2 
Dealt to 6c7716b6 
ede65a54: folds
Hero: folds
716d964f: raises $0.15 to $0.25
8115023b: folds
9c0f82c2: folds
6c7716b6: raises $0.55 to $0.8
716d964f: folds
Uncalled bet ($0.55) returned to 6c7716b6
*** SHOWDOWN ***
6c7716b6 collected $0.53 from pot
*** SUMMARY ***
Total pot $0.55 | Rake $0.02 | Jackpot $0 | Bingo $0 | Fortune $0 | Tax $0
Seat 1: ede65a54 folded before Flop (didn't bet)
Seat 2: Hero folded before Flop (didn't bet)
Seat 3: 716d964f folded before Flop
Seat 4: 8115023b (button) folded before Flop (didn't bet)
Seat 5: 9c0f82c2 (small blind) folded before Flop
Seat 6: 6c7716b6 (big blind) collected ($0.53)


Poker Hand #HD1778217550: Hold'em No Limit ($0.05/$0.1) - 2024/05/18 19:48:36
Table 'NLHRed45' 6-max Seat #3 is the button
Seat 1: ede65a54 ($36.43 in chips)
Seat 2: Hero ($12.57 in chips)
Seat 3: 716d964f ($10.47 in chips)
Seat 4: 8115023b ($10 in chips)
Seat 5: 9c0f82c2 ($11.44 in chips)
Seat 6: 6c7716b6 ($16.44 in chips)
8115023b: posts small blind $0.05
9c0f82c2: posts big blind $0.1
*** HOLE CARDS ***
Dealt to ede65a54 
Dealt to Hero [Kh Qh]
Dealt to 716d964f 
Dealt to 8115023b 
Dealt to 9c0f82c2 
Dealt to 6c7716b6 
6c7716b6: folds
ede65a54: folds
Hero: raises $0.14 to $0.24
716d964f: folds
8115023b: folds
9c0f82c2: calls $0.14
*** FLOP *** [2c Qs 6c]
9c0f82c2: checks
Hero: bets $0.3
9c0f82c2: calls $0.3
*** TURN *** [2c Qs 6c] [Jc]
9c0f82c2: checks
Hero: checks
*** RIVER *** [2c Qs 6c Jc] [8c]
9c0f82c2: checks
Hero: checks
9c0f82c2: shows [8d 8s] (Three Eights)
Hero: shows [Kh Qh] (Pair of Queens)
*** SHOWDOWN ***
9c0f82c2 collected $1.08 from pot
*** SUMMARY ***
Total pot $1.13 | Rake $0.05 | Jackpot $0 | Bingo $0 | Fortune $0 | Tax $0
Board [2c Qs 6c Jc 8c]
Seat 1: ede65a54 folded before Flop (didn't bet)
Seat 2: Hero showed [Kh Qh] and lost with Pair of Queens
Seat 3: 716d964f (button) folded before Flop (didn't bet)
Seat 4: 8115023b (small blind) folded before Flop
Seat 5: 9c0f82c2 (big blind) showed [8d 8s] and won ($1.08) with Three Eights
Seat 6: 6c7716b6 folded before Flop (didn't bet)


Poker Hand #HD1778217505: Hold'em No Limit ($0.05/$0.1) - 2024/05/18 19:48:10
Table 'NLHRed45' 6-max Seat #2 is the button
Seat 1: ede65a54 ($36.28 in chips)
Seat 2: Hero ($12.57 in chips)
Seat 3: 716d964f ($10.52 in chips)
Seat 4: 8115023b ($10 in chips)
Seat 5: 9c0f82c2 ($11.44 in chips)
Seat 6: 6c7716b6 ($16.44 in chips)
716d964f: posts small blind $0.05
8115023b: posts big blind $0.1
*** HOLE CARDS ***
Dealt to ede65a54 
Dealt to Hero [Ts 5d]
Dealt to 716d964f 
Dealt to 8115023b 
Dealt to 9c0f82c2 
Dealt to 6c7716b6 
9c0f82c2: folds
6c7716b6: folds
ede65a54: raises $0.2 to $0.3
Hero: folds
716d964f: folds
8115023b: folds
Uncalled bet ($0.2) returned to ede65a54
*** SHOWDOWN ***
ede65a54 collected $0.25 from pot
*** SUMMARY ***
Total pot $0.25 | Rake $0 | Jackpot $0 | Bingo $0 | Fortune $0 | Tax $0
Seat 1: ede65a54 collected ($0.25)
Seat 2: Hero (button) folded before Flop (didn't bet)
Seat 3: 716d964f (small blind) folded before Flop
Seat 4: 8115023b (big blind) folded before Flop
Seat 5: 9c0f82c2 folded before Flop (didn't bet)
Seat 6: 6c7716b6 folded before Flop (didn't bet)


Poker Hand #HD1778217387: Hold'em No Limit ($0.05/$0.1) - 2024/05/18 19:47:23
Table 'NLHRed45' 6-max Seat #1 is the button
Seat 1: ede65a54 ($36.8 in chips)
Seat 2: Hero ($12.62 in chips)
Seat 3: 716d964f ($10 in chips)
Seat 5: 9c0f82c2 ($11.44 in chips)
Seat 6: 6c7716b6 ($16.44 in chips)
Hero: posts small blind $0.05
716d964f: posts big blind $0.1
*** HOLE CARDS ***
Dealt to ede65a54 
Dealt to Hero [Kd 8s]
Dealt to 716d964f 
Dealt to 9c0f82c2 
Dealt to 6c7716b6 
9c0f82c2: folds
6c7716b6: folds
ede65a54: raises $0.2 to $0.3
Hero: folds
716d964f: calls $0.2
*** FLOP *** [Qc 7d Jh]
716d964f: checks
ede65a54: bets $0.22
716d964f: raises $0.52 to $0.74
ede65a54: folds
Uncalled bet ($0.52) returned to 716d964f
*** SHOWDOWN ***
716d964f collected $1.04 from pot
*** SUMMARY ***
Total pot $1.09 | Rake $0.05 | Jackpot $0 | Bingo $0 | Fortune $0 | Tax $0
Board [Qc 7d Jh]
Seat 1: ede65a54 (button) folded on the Flop
Seat 2: Hero (small blind) folded before Flop
Seat 3: 716d964f (big blind) won ($1.04)
Seat 5: 9c0f82c2 folded before Flop (didn't bet)
Seat 6: 6c7716b6 folded before Flop (didn't bet)


Poker Hand #HD1778217337: Hold'em No Limit ($0.05/$0.1) - 2024/05/18 19:47:02
Table 'NLHRed45' 6-max Seat #6 is the button
Seat 1: ede65a54 ($36.48 in chips)
Seat 2: Hero ($12.72 in chips)
Seat 5: 9c0f82c2 ($11.69 in chips)
Seat 6: 6c7716b6 ($16.44 in chips)
ede65a54: posts small blind $0.05
Hero: posts big blind $0.1
*** HOLE CARDS ***
Dealt to ede65a54 
Dealt to Hero [2s 9s]
Dealt to 9c0f82c2 
Dealt to 6c7716b6 
9c0f82c2: raises $0.15 to $0.25
6c7716b6: folds
ede65a54: raises $0.8 to $1.05
Hero: folds
9c0f82c2: folds
Uncalled bet ($0.8) returned to ede65a54
*** SHOWDOWN ***
ede65a54 collected $0.57 from pot
*** SUMMARY ***
Total pot $0.6 | Rake $0.03 | Jackpot $0 | Bingo $0 | Fortune $0 | Tax $0
Seat 1: ede65a54 (small blind) collected ($0.57)
Seat 2: Hero (big blind) folded before Flop
Seat 5: 9c0f82c2 folded before Flop
Seat 6: 6c7716b6 (button) folded before Flop (didn't bet)


Poker Hand #HD1778217254: Hold'em No Limit ($0.05/$0.1) - 2024/05/18 19:46:27
Table 'NLHRed45' 6-max Seat #5 is the button
Seat 1: ede65a54 ($36.58 in chips)
Seat 2: Hero ($12.4 in chips)
Seat 5: 9c0f82c2 ($11.69 in chips)
Seat 6: 6c7716b6 ($16.68 in chips)
6c7716b6: posts small blind $0.05
ede65a54: posts big blind $0.1
*** HOLE CARDS ***
Dealt to ede65a54 
Dealt to Hero [As 2s]
Dealt to 9c0f82c2 
Dealt to 6c7716b6 
Hero: raises $0.14 to $0.24
9c0f82c2: folds
6c7716b6: calls $0.19
ede65a54: folds
*** FLOP *** [4h 7s Qs]
6c7716b6: checks
Hero: bets $0.3
6c7716b6: folds
Uncalled bet ($0.3) returned to Hero
*** SHOWDOWN ***
Hero collected $0.56 from pot
*** SUMMARY ***
Total pot $0.58 | Rake $0.02 | Jackpot $0 | Bingo $0 | Fortune $0 | Tax $0
Board [4h 7s Qs]
Seat 1: ede65a54 (big blind) folded before Flop
Seat 2: Hero won ($0.56)
Seat 5: 9c0f82c2 (button) folded before Flop (didn't bet)
Seat 6: 6c7716b6 (small blind) folded on the Flop


Poker Hand #HD1778217135: Hold'em No Limit ($0.05/$0.1) - 2024/05/18 19:45:38
Table 'NLHRed45' 6-max Seat #2 is the button
Seat 1: ede65a54 ($36.26 in chips)
Seat 2: Hero ($12.4 in chips)
Seat 5: 9c0f82c2 ($11.74 in chips)
Seat 6: 6c7716b6 ($16.98 in chips)
9c0f82c2: posts small blind $0.05
6c7716b6: posts big blind $0.1
*** HOLE CARDS ***
Dealt to ede65a54 
Dealt to Hero [8d 7c]
Dealt to 9c0f82c2 
Dealt to 6c7716b6 
ede65a54: raises $0.2 to $0.3
Hero: folds
9c0f82c2: folds
6c7716b6: calls $0.2
*** FLOP *** [3c 6c 2d]
6c7716b6: checks
ede65a54: checks
*** TURN *** [3c 6c 2d] [Jh]
6c7716b6: checks
ede65a54: checks
*** RIVER *** [3c 6c 2d Jh] [8s]
6c7716b6: checks
ede65a54: checks
6c7716b6: shows [Ts 7s] (Jack-High)
ede65a54: shows [5c As] (Ace-High)
*** SHOWDOWN ***
ede65a54 collected $0.62 from pot
*** SUMMARY ***
Total pot $0.65 | Rake $0.03 | Jackpot $0 | Bingo $0 | Fortune $0 | Tax $0
Board [3c 6c 2d Jh 8s]
Seat 1: ede65a54 showed [5c As] and won ($0.62) with Ace-High
Seat 2: Hero (button) folded before Flop (didn't bet)
Seat 5: 9c0f82c2 (small blind) folded before Flop
Seat 6: 6c7716b6 (big blind) showed [Ts 7s] and lost with Jack-High


Poker Hand #HD1778217091: Hold'em No Limit ($0.05/$0.1) - 2024/05/18 19:45:22
Table 'NLHRed45' 6-max Seat #1 is the button
Seat 1: ede65a54 ($36.26 in chips)
Seat 2: Hero ($12.45 in chips)
Seat 4: 294644a2 ($14.63 in chips)
Seat 5: 9c0f82c2 ($11.59 in chips)
Seat 6: 6c7716b6 ($16.98 in chips)
Hero: posts small blind $0.05
294644a2: posts big blind $0.1
*** HOLE CARDS ***
Dealt to ede65a54 
Dealt to Hero [Js 2c]
Dealt to 294644a2 
Dealt to 9c0f82c2 
Dealt to 6c7716b6 
9c0f82c2: raises $0.1 to $0.2
6c7716b6: folds
ede65a54: folds
Hero: folds
294644a2: folds
Uncalled bet ($0.1) returned to 9c0f82c2
*** SHOWDOWN ***
9c0f82c2 collected $0.25 from pot
*** SUMMARY ***
Total pot $0.25 | Rake $0 | Jackpot $0 | Bingo $0 | Fortune $0 | Tax $0
Seat 1: ede65a54 (button) folded before Flop (didn't bet)
Seat 2: Hero (small blind) folded before Flop
Seat 4: 294644a2 (big blind) folded before Flop
Seat 5: 9c0f82c2 collected ($0.25)
Seat 6: 6c7716b6 folded before Flop (didn't bet)


Poker Hand #HD1778216858: Hold'em No Limit ($0.05/$0.1) - 2024/05/18 19:43:51
Table 'NLHRed45' 6-max Seat #6 is the button
Seat 1: ede65a54 ($36.31 in chips)
Seat 2: Hero ($10.51 in chips)
Seat 3: 3b1d0295 ($8.32 in chips)
Seat 4: 294644a2 ($16.83 in chips)
Seat 5: 9c0f82c2 ($11.59 in chips)
Seat 6: 6c7716b6 ($16.98 in chips)
ede65a54: posts small blind $0.05
Hero: posts big blind $0.1
*** HOLE CARDS ***
Dealt to ede65a54 
Dealt to Hero [Ac Ad]
Dealt to 3b1d0295 
Dealt to 294644a2 
Dealt to 9c0f82c2 
Dealt to 6c7716b6 
3b1d0295: folds
294644a2: raises $0.2 to $0.3
9c0f82c2: folds
6c7716b6: folds
ede65a54: folds
Hero: raises $0.8 to $1.1
294644a2: calls $0.8
*** FLOP *** [Ts Th 9c]
Hero: bets $1.1
294644a2: calls $1.1
*** TURN *** [Ts Th 9c] [3d]
Hero: bets $2.4
294644a2: folds
Uncalled bet ($2.4) returned to Hero
*** SHOWDOWN ***
Hero collected $4.14 from pot
*** SUMMARY ***
Total pot $4.45 | Rake $0.21 | Jackpot $0.1 | Bingo $0 | Fortune $0 | Tax $0
Board [Ts Th 9c 3d]
Seat 1: ede65a54 (small blind) folded before Flop
Seat 2: Hero (big blind) won ($4.14)
Seat 3: 3b1d0295 folded before Flop (didn't bet)
Seat 4: 294644a2 folded on the Turn
Seat 5: 9c0f82c2 folded before Flop (didn't bet)
Seat 6: 6c7716b6 (button) folded before Flop (didn't bet)


Poker Hand #HD1778216789: Hold'em No Limit ($0.05/$0.1) - 2024/05/18 19:43:26
Table 'NLHRed45' 6-max Seat #5 is the button
Seat 1: ede65a54 ($36.51 in chips)
Seat 2: Hero ($10.51 in chips)
Seat 3: 3b1d0295 ($8.32 in chips)
Seat 4: 294644a2 ($16.6 in chips)
Seat 5: 9c0f82c2 ($11.59 in chips)
Seat 6: 6c7716b6 ($17.03 in chips)
6c7716b6: posts small blind $0.05
ede65a54: posts big blind $0.1
*** HOLE CARDS ***
Dealt to ede65a54 
Dealt to Hero [5d Qs]
Dealt to 3b1d0295 
Dealt to 294644a2 
Dealt to 9c0f82c2 
Dealt to 6c7716b6 
Hero: folds
3b1d0295: folds
294644a2: raises $0.1 to $0.2
9c0f82c2: folds
6c7716b6: folds
ede65a54: calls $0.1
*** FLOP *** [9c Ac 7d]
ede65a54: checks
294644a2: bets $0.23
ede65a54: folds
Uncalled bet ($0.23) returned to 294644a2
*** SHOWDOWN ***
294644a2 collected $0.43 from pot
*** SUMMARY ***
Total pot $0.45 | Rake $0.02 | Jackpot $0 | Bingo $0 | Fortune $0 | Tax $0
Board [9c Ac 7d]
Seat 1: ede65a54 (big blind) folded on the Flop
Seat 2: Hero folded before Flop (didn't bet)
Seat 3: 3b1d0295 folded before Flop (didn't bet)
Seat 4: 294644a2 won ($0.43)
Seat 5: 9c0f82c2 (button) folded before Flop (didn't bet)
Seat 6: 6c7716b6 (small blind) folded before Flop


Poker Hand #HD1778216763: Hold'em No Limit ($0.05/$0.1) - 2024/05/18 19:43:14
Table 'NLHRed45' 6-max Seat #4 is the button
Seat 1: ede65a54 ($36.51 in chips)
Seat 2: Hero ($10.51 in chips)
Seat 3: 3b1d0295 ($8.32 in chips)
Seat 4: 294644a2 ($16.6 in chips)
Seat 5: 9c0f82c2 ($11.49 in chips)
Seat 6: 6c7716b6 ($17.13 in chips)
9c0f82c2: posts small blind $0.05
6c7716b6: posts big blind $0.1
*** HOLE CARDS ***
Dealt to ede65a54 
Dealt to Hero [Kc 2s]
Dealt to 3b1d0295 
Dealt to 294644a2 
Dealt to 9c0f82c2 
Dealt to 6c7716b6 
ede65a54: folds
Hero: folds
3b1d0295: folds
294644a2: folds
9c0f82c2: raises $0.2 to $0.3
6c7716b6: folds
Uncalled bet ($0.2) returned to 9c0f82c2
*** SHOWDOWN ***
9c0f82c2 collected $0.2 from pot
*** SUMMARY ***
Total pot $0.2 | Rake $0 | Jackpot $0 | Bingo $0 | Fortune $0 | Tax $0
Seat 1: ede65a54 folded before Flop (didn't bet)
Seat 2: Hero folded before Flop (didn't bet)
Seat 3: 3b1d0295 folded before Flop (didn't bet)
Seat 4: 294644a2 (button) folded before Flop (didn't bet)
Seat 5: 9c0f82c2 (small blind) collected ($0.2)
Seat 6: 6c7716b6 (big blind) folded before Flop


Poker Hand #HD1778216621: Hold'em No Limit ($0.05/$0.1) - 2024/05/18 19:42:14
Table 'NLHRed45' 6-max Seat #3 is the button
Seat 1: ede65a54 ($36.51 in chips)
Seat 2: Hero ($10.51 in chips)
Seat 3: 3b1d0295 ($8.32 in chips)
Seat 4: 294644a2 ($16.65 in chips)
Seat 5: 9c0f82c2 ($10.95 in chips)
Seat 6: 6c7716b6 ($17.67 in chips)
294644a2: posts small blind $0.05
9c0f82c2: posts big blind $0.1
*** HOLE CARDS ***
Dealt to ede65a54 
Dealt to Hero [2h 9s]
Dealt to 3b1d0295 
Dealt to 294644a2 
Dealt to 9c0f82c2 
Dealt to 6c7716b6 
6c7716b6: raises $0.15 to $0.25
ede65a54: folds
Hero: folds
3b1d0295: folds
294644a2: folds
9c0f82c2: calls $0.15
*** FLOP *** [Th Ts 8c]
9c0f82c2: checks
6c7716b6: bets $0.29
9c0f82c2: calls $0.29
*** TURN *** [Th Ts 8c] [Ac]
9c0f82c2: checks
6c7716b6: checks
*** RIVER *** [Th Ts 8c Ac] [3s]
9c0f82c2: checks
6c7716b6: checks
9c0f82c2: shows [7s 7c] (Pair of Tens and Pair of Sevens)
6c7716b6: shows [5d 3d] (Pair of Tens and Pair of Treys)
*** SHOWDOWN ***
9c0f82c2 collected $1.08 from pot
*** SUMMARY ***
Total pot $1.13 | Rake $0.05 | Jackpot $0 | Bingo $0 | Fortune $0 | Tax $0
Board [Th Ts 8c Ac 3s]
Seat 1: ede65a54 folded before Flop (didn't bet)
Seat 2: Hero folded before Flop (didn't bet)
Seat 3: 3b1d0295 (button) folded before Flop (didn't bet)
Seat 4: 294644a2 (small blind) folded before Flop
Seat 5: 9c0f82c2 (big blind) showed [7s 7c] and won ($1.08) with Pair of Tens and Pair of Sevens
Seat 6: 6c7716b6 showed [5d 3d] and lost with Pair of Tens and Pair of Treys


Poker Hand #HD1778216518: Hold'em No Limit ($0.05/$0.1) - 2024/05/18 19:41:26
Table 'NLHRed45' 6-max Seat #2 is the button
Seat 1: ede65a54 ($36.51 in chips)
Seat 2: Hero ($10 in chips)
Seat 3: 3b1d0295 ($8.37 in chips)
Seat 4: 294644a2 ($17.16 in chips)
Seat 5: 9c0f82c2 ($10.95 in chips)
Seat 6: 6c7716b6 ($17.67 in chips)
3b1d0295: posts small blind $0.05
294644a2: posts big blind $0.1
*** HOLE CARDS ***
Dealt to ede65a54 
Dealt to Hero [Jc Tc]
Dealt to 3b1d0295 
Dealt to 294644a2 
Dealt to 9c0f82c2 
Dealt to 6c7716b6 
9c0f82c2: folds
6c7716b6: folds
ede65a54: folds
Hero: raises $0.14 to $0.24
3b1d0295: folds
294644a2: calls $0.14
*** FLOP *** [Qc Ks Jh]
294644a2: bets $0.27
Hero: calls $0.27
*** TURN *** [Qc Ks Jh] [Js]
294644a2: checks
Hero: bets $0.7
294644a2: folds
Uncalled bet ($0.7) returned to Hero
*** SHOWDOWN ***
Hero collected $1.02 from pot
*** SUMMARY ***
Total pot $1.07 | Rake $0.05 | Jackpot $0 | Bingo $0 | Fortune $0 | Tax $0
Board [Qc Ks Jh Js]
Seat 1: ede65a54 folded before Flop (didn't bet)
Seat 2: Hero (button) won ($1.02)
Seat 3: 3b1d0295 (small blind) folded before Flop
Seat 4: 294644a2 (big blind) folded on the Turn
Seat 5: 9c0f82c2 folded before Flop (didn't bet)
Seat 6: 6c7716b6 folded before Flop (didn't bet)


Poker Hand #HD1778216406: Hold'em No Limit ($0.05/$0.1) - 2024/05/18 19:40:39
Table 'NLHRed45' 6-max Seat #1 is the button
Seat 1: ede65a54 ($36.51 in chips)
Seat 2: Hero ($10 in chips)
Seat 3: 3b1d0295 ($8.47 in chips)
Seat 4: 294644a2 ($16.31 in chips)
Seat 5: 9c0f82c2 ($11.73 in chips)
Seat 6: 6c7716b6 ($17.67 in chips)
Hero: posts small blind $0.05
3b1d0295: posts big blind $0.1
*** HOLE CARDS ***
Dealt to ede65a54 
Dealt to Hero [2d Ac]
Dealt to 3b1d0295 
Dealt to 294644a2 
Dealt to 9c0f82c2 
Dealt to 6c7716b6 
294644a2: calls $0.1
9c0f82c2: raises $0.25 to $0.35
6c7716b6: folds
ede65a54: folds
Hero: folds
3b1d0295: folds
294644a2: calls $0.25
*** FLOP *** [8s 9h 7s]
294644a2: checks
9c0f82c2: checks
*** TURN *** [8s 9h 7s] [9d]
294644a2: checks
9c0f82c2: checks
*** RIVER *** [8s 9h 7s 9d] [3c]
294644a2: bets $0.43
9c0f82c2: calls $0.43
294644a2: shows [5d 5c] (Pair of Nines and Pair of Fives)
9c0f82c2: shows [Ah Jh] (Pair of Nines)
*** SHOWDOWN ***
294644a2 collected $1.63 from pot
*** SUMMARY ***
Total pot $1.71 | Rake $0.08 | Jackpot $0 | Bingo $0 | Fortune $0 | Tax $0
Board [8s 9h 7s 9d 3c]
Seat 1: ede65a54 (button) folded before Flop (didn't bet)
Seat 2: Hero (small blind) folded before Flop
Seat 3: 3b1d0295 (big blind) folded before Flop
Seat 4: 294644a2 showed [5d 5c] and won ($1.63) with Pair of Nines and Pair of Fives
Seat 5: 9c0f82c2 showed [Ah Jh] and lost with Pair of Nines
Seat 6: 6c7716b6 folded before Flop (didn't bet)


Poker Hand #HD1778216339: Hold'em No Limit ($0.05/$0.1) - 2024/05/18 19:40:11
Table 'NLHRed45' 6-max Seat #6 is the button
Seat 1: ede65a54 ($35.95 in chips)
Seat 2: Hero ($10 in chips)
Seat 3: 3b1d0295 ($8.47 in chips)
Seat 4: 294644a2 ($16.31 in chips)
Seat 5: 9c0f82c2 ($11.98 in chips)
Seat 6: 6c7716b6 ($17.92 in chips)
ede65a54: posts small blind $0.05
Hero: posts big blind $0.1
*** HOLE CARDS ***
Dealt to ede65a54 
Dealt to Hero [Ah 7h]
Dealt to 3b1d0295 
Dealt to 294644a2 
Dealt to 9c0f82c2 
Dealt to 6c7716b6 
3b1d0295: folds
294644a2: folds
9c0f82c2: raises $0.15 to $0.25
6c7716b6: calls $0.25
ede65a54: raises $0.95 to $1.2
Hero: folds
9c0f82c2: folds
6c7716b6: folds
Uncalled bet ($0.95) returned to ede65a54
*** SHOWDOWN ***
ede65a54 collected $0.81 from pot
*** SUMMARY ***
Total pot $0.85 | Rake $0.04 | Jackpot $0 | Bingo $0 | Fortune $0 | Tax $0
Seat 1: ede65a54 (small blind) collected ($0.81)
Seat 2: Hero (big blind) folded before Flop
Seat 3: 3b1d0295 folded before Flop (didn't bet)
Seat 4: 294644a2 folded before Flop (didn't bet)
Seat 5: 9c0f82c2 folded before Flop
Seat 6: 6c7716b6 (button) folded before Flop


Poker Hand #HD1778216268: Hold'em No Limit ($0.05/$0.1) - 2024/05/18 19:39:43
Table 'NLHRed45' 6-max Seat #5 is the button
Seat 1: ede65a54 ($35.63 in chips)
Seat 2: Hero ($10 in chips)
Seat 3: 3b1d0295 ($8.47 in chips)
Seat 4: 294644a2 ($16.31 in chips)
Seat 5: 9c0f82c2 ($11.98 in chips)
Seat 6: 6c7716b6 ($18.27 in chips)
6c7716b6: posts small blind $0.05
ede65a54: posts big blind $0.1
*** HOLE CARDS ***
Dealt to ede65a54 
Dealt to Hero [Kd 8s]
Dealt to 3b1d0295 
Dealt to 294644a2 
Dealt to 9c0f82c2 
Dealt to 6c7716b6 
Hero: folds
3b1d0295: folds
294644a2: folds
9c0f82c2: folds
6c7716b6: raises $0.25 to $0.35
ede65a54: raises $1 to $1.35
6c7716b6: folds
Uncalled bet ($1) returned to ede65a54
*** SHOWDOWN ***
ede65a54 collected $0.67 from pot
*** SUMMARY ***
Total pot $0.7 | Rake $0.03 | Jackpot $0 | Bingo $0 | Fortune $0 | Tax $0
Seat 1: ede65a54 (big blind) collected ($0.67)
Seat 2: Hero folded before Flop (didn't bet)
Seat 3: 3b1d0295 folded before Flop (didn't bet)
Seat 4: 294644a2 folded before Flop (didn't bet)
Seat 5: 9c0f82c2 (button) folded before Flop (didn't bet)
Seat 6: 6c7716b6 (small blind) folded before Flop


Poker Hand #HD1778216210: Hold'em No Limit ($0.05/$0.1) - 2024/05/18 19:39:13
Table 'NLHRed45' 6-max Seat #4 is the button
Seat 1: ede65a54 ($35.63 in chips)
Seat 2: Hero ($10 in chips)
Seat 3: 3b1d0295 ($8.24 in chips)
Seat 4: 294644a2 ($16.31 in chips)
Seat 5: 9c0f82c2 ($12.03 in chips)
Seat 6: 6c7716b6 ($18.47 in chips)
9c0f82c2: posts small blind $0.05
6c7716b6: posts big blind $0.1
*** HOLE CARDS ***
Dealt to ede65a54 
Dealt to Hero [9d 8s]
Dealt to 3b1d0295 
Dealt to 294644a2 
Dealt to 9c0f82c2 
Dealt to 6c7716b6 
ede65a54: folds
Hero: folds
3b1d0295: raises $0.1 to $0.2
294644a2: folds
9c0f82c2: folds
6c7716b6: calls $0.1
*** FLOP *** [Kc Ts 5c]
6c7716b6: checks
3b1d0295: bets $0.23
6c7716b6: folds
Uncalled bet ($0.23) returned to 3b1d0295
*** SHOWDOWN ***
3b1d0295 collected $0.43 from pot
*** SUMMARY ***
Total pot $0.45 | Rake $0.02 | Jackpot $0 | Bingo $0 | Fortune $0 | Tax $0
Board [Kc Ts 5c]
Seat 1: ede65a54 folded before Flop (didn't bet)
Seat 2: Hero folded before Flop (didn't bet)
Seat 3: 3b1d0295 won ($0.43)
Seat 4: 294644a2 (button) folded before Flop (didn't bet)
Seat 5: 9c0f82c2 (small blind) folded before Flop
Seat 6: 6c7716b6 (big blind) folded on the Flop


Poker Hand #HD1778216087: Hold'em No Limit ($0.05/$0.1) - 2024/05/18 19:38:13
Table 'NLHRed45' 6-max Seat #3 is the button
Seat 1: ede65a54 ($40.24 in chips)
Seat 2: Hero ($10 in chips)
Seat 3: 3b1d0295 ($8.24 in chips)
Seat 4: 294644a2 ($12.16 in chips)
Seat 5: 9c0f82c2 ($12.13 in chips)
294644a2: posts small blind $0.05
9c0f82c2: posts big blind $0.1
*** HOLE CARDS ***
Dealt to ede65a54 
Dealt to Hero [Ts 2d]
Dealt to 3b1d0295 
Dealt to 294644a2 
Dealt to 9c0f82c2 
ede65a54: raises $0.2 to $0.3
Hero: folds
3b1d0295: folds
294644a2: raises $0.35 to $0.65
9c0f82c2: folds
ede65a54: calls $0.35
*** FLOP *** [7s 5d Ad]
294644a2: checks
ede65a54: bets $0.7
294644a2: raises $0.93 to $1.63
ede65a54: calls $0.93
*** TURN *** [7s 5d Ad] [Jd]
294644a2: bets $2.33
ede65a54: calls $2.33
*** RIVER *** [7s 5d Ad Jd] [7h]
294644a2: checks
ede65a54: checks
294644a2: shows [Ks Ac] (Pair of Aces and Pair of Sevens)
ede65a54: shows [9d As] (Pair of Aces and Pair of Sevens)
*** SHOWDOWN ***
294644a2 collected $8.76 from pot
*** SUMMARY ***
Total pot $9.32 | Rake $0.46 | Jackpot $0.1 | Bingo $0 | Fortune $0 | Tax $0
Board [7s 5d Ad Jd 7h]
Seat 1: ede65a54 showed [9d As] and lost with Pair of Aces and Pair of Sevens
Seat 2: Hero folded before Flop (didn't bet)
Seat 3: 3b1d0295 (button) folded before Flop (didn't bet)
Seat 4: 294644a2 (small blind) showed [Ks Ac] and won ($8.76) with Pair of Aces and Pair of Sevens
Seat 5: 9c0f82c2 (big blind) folded before Flop


Poker Hand #HD1778215982: Hold'em No Limit ($0.05/$0.1) - 2024/05/18 19:37:28
Table 'NLHRed45' 6-max Seat #2 is the button
Seat 1: ede65a54 ($39.91 in chips)
Seat 2: Hero ($10 in chips)
Seat 3: 3b1d0295 ($8.29 in chips)
Seat 4: 294644a2 ($12.26 in chips)
Seat 5: 9c0f82c2 ($12.33 in chips)
3b1d0295: posts small blind $0.05
294644a2: posts big blind $0.1
*** HOLE CARDS ***
Dealt to ede65a54 
Dealt to Hero [Kd 5c]
Dealt to 3b1d0295 
Dealt to 294644a2 
Dealt to 9c0f82c2 
9c0f82c2: raises $0.1 to $0.2
ede65a54: calls $0.2
Hero: folds
3b1d0295: folds
294644a2: folds
*** FLOP *** [4c 2s 6h]
9c0f82c2: checks
ede65a54: checks
*** TURN *** [4c 2s 6h] [Qd]
9c0f82c2: checks
ede65a54: bets $0.19
9c0f82c2: folds
Uncalled bet ($0.19) returned to ede65a54
*** SHOWDOWN ***
ede65a54 collected $0.53 from pot
*** SUMMARY ***
Total pot $0.55 | Rake $0.02 | Jackpot $0 | Bingo $0 | Fortune $0 | Tax $0
Board [4c 2s 6h Qd]
Seat 1: ede65a54 won ($0.53)
Seat 2: Hero (button) folded before Flop (didn't bet)
Seat 3: 3b1d0295 (small blind) folded before Flop
Seat 4: 294644a2 (big blind) folded before Flop
Seat 5: 9c0f82c2 folded on the Turn


Poker Hand #HD1778215880: Hold'em No Limit ($0.05/$0.1) - 2024/05/18 19:36:42
Table 'NLHRed45' 6-max Seat #1 is the button
Seat 1: ede65a54 ($39.91 in chips)
Seat 2: Hero ($10.23 in chips)
Seat 3: 3b1d0295 ($8.02 in chips)
Seat 4: 294644a2 ($12.26 in chips)
Seat 5: 9c0f82c2 ($12.33 in chips)
Hero: posts small blind $0.05
3b1d0295: posts big blind $0.1
*** HOLE CARDS ***
Dealt to ede65a54 
Dealt to Hero [Th Qd]
Dealt to 3b1d0295 
Dealt to 294644a2 
Dealt to 9c0f82c2 
294644a2: folds
9c0f82c2: folds
ede65a54: folds
Hero: raises $0.2 to $0.3
3b1d0295: calls $0.2
*** FLOP *** [4s 9c 6s]
Hero: checks
3b1d0295: bets $0.2
Hero: folds
Uncalled bet ($0.2) returned to 3b1d0295
*** SHOWDOWN ***
3b1d0295 collected $0.57 from pot
*** SUMMARY ***
Total pot $0.6 | Rake $0.03 | Jackpot $0 | Bingo $0 | Fortune $0 | Tax $0
Board [4s 9c 6s]
Seat 1: ede65a54 (button) folded before Flop (didn't bet)
Seat 2: Hero (small blind) folded on the Flop
Seat 3: 3b1d0295 (big blind) won ($0.57)
Seat 4: 294644a2 folded before Flop (didn't bet)
Seat 5: 9c0f82c2 folded before Flop (didn't bet)


Poker Hand #HD1778215862: Hold'em No Limit ($0.05/$0.1) - 2024/05/18 19:36:32
Table 'NLHRed45' 6-max Seat #5 is the button
Seat 1: ede65a54 ($39.96 in chips)
Seat 2: Hero ($10.18 in chips)
Seat 3: 3b1d0295 ($8.02 in chips)
Seat 4: 294644a2 ($12.26 in chips)
Seat 5: 9c0f82c2 ($12.33 in chips)
ede65a54: posts small blind $0.05
Hero: posts big blind $0.1
*** HOLE CARDS ***
Dealt to ede65a54 
Dealt to Hero [Th 2h]
Dealt to 3b1d0295 
Dealt to 294644a2 
Dealt to 9c0f82c2 
3b1d0295: folds
294644a2: folds
9c0f82c2: folds
ede65a54: folds
Uncalled bet ($0.05) returned to Hero
*** SHOWDOWN ***
Hero collected $0.1 from pot
*** SUMMARY ***
Total pot $0.1 | Rake $0 | Jackpot $0 | Bingo $0 | Fortune $0 | Tax $0
Seat 1: ede65a54 (small blind) folded before Flop
Seat 2: Hero (big blind) collected ($0.1)
Seat 3: 3b1d0295 folded before Flop (didn't bet)
Seat 4: 294644a2 folded before Flop (didn't bet)
Seat 5: 9c0f82c2 (button) folded before Flop (didn't bet)


Poker Hand #HD1778215686: Hold'em No Limit ($0.05/$0.1) - 2024/05/18 19:35:11
Table 'NLHRed45' 6-max Seat #4 is the button
Seat 1: ede65a54 ($40.06 in chips)
Seat 2: Hero ($10.18 in chips)
Seat 3: 3b1d0295 ($9.82 in chips)
Seat 4: 294644a2 ($10.59 in chips)
Seat 5: 9c0f82c2 ($12.38 in chips)
9c0f82c2: posts small blind $0.05
ede65a54: posts big blind $0.1
*** HOLE CARDS ***
Dealt to ede65a54 
Dealt to Hero [8c 9h]
Dealt to 3b1d0295 
Dealt to 294644a2 
Dealt to 9c0f82c2 
Hero: folds
3b1d0295: raises $0.1 to $0.2
294644a2: raises $0.19 to $0.39
9c0f82c2: folds
ede65a54: folds
3b1d0295: calls $0.19
*** FLOP *** [5h 7s 7d]
3b1d0295: checks
294644a2: bets $0.47
3b1d0295: calls $0.47
*** TURN *** [5h 7s 7d] [Js]
3b1d0295: checks
294644a2: bets $0.94
3b1d0295: calls $0.94
*** RIVER *** [5h 7s 7d Js] [As]
3b1d0295: checks
294644a2: bets $2.82
3b1d0295: folds
Uncalled bet ($2.82) returned to 294644a2
*** SHOWDOWN ***
294644a2 collected $3.47 from pot
*** SUMMARY ***
Total pot $3.75 | Rake $0.18 | Jackpot $0.1 | Bingo $0 | Fortune $0 | Tax $0
Board [5h 7s 7d Js As]
Seat 1: ede65a54 (big blind) folded before Flop
Seat 2: Hero folded before Flop (didn't bet)
Seat 3: 3b1d0295 folded on the River
Seat 4: 294644a2 (button) won ($3.47)
Seat 5: 9c0f82c2 (small blind) folded before Flop


Poker Hand #HD1778215663: Hold'em No Limit ($0.05/$0.1) - 2024/05/18 19:35:03
Table 'NLHRed45' 6-max Seat #3 is the button
Seat 1: ede65a54 ($39.91 in chips)
Seat 2: Hero ($10.18 in chips)
Seat 3: 3b1d0295 ($9.82 in chips)
Seat 4: 294644a2 ($10.64 in chips)
Seat 5: 9c0f82c2 ($12.48 in chips)
294644a2: posts small blind $0.05
9c0f82c2: posts big blind $0.1
*** HOLE CARDS ***
Dealt to ede65a54 
Dealt to Hero [4h 7h]
Dealt to 3b1d0295 
Dealt to 294644a2 
Dealt to 9c0f82c2 
ede65a54: raises $0.2 to $0.3
Hero: folds
3b1d0295: folds
294644a2: folds
9c0f82c2: folds
Uncalled bet ($0.2) returned to ede65a54
*** SHOWDOWN ***
ede65a54 collected $0.25 from pot
*** SUMMARY ***
Total pot $0.25 | Rake $0 | Jackpot $0 | Bingo $0 | Fortune $0 | Tax $0
Seat 1: ede65a54 collected ($0.25)
Seat 2: Hero folded before Flop (didn't bet)
Seat 3: 3b1d0295 (button) folded before Flop (didn't bet)
Seat 4: 294644a2 (small blind) folded before Flop
Seat 5: 9c0f82c2 (big blind) folded before Flop


Poker Hand #HD1778175601: Hold'em No Limit ($0.05/$0.1) - 2024/05/18 19:34:33
Table 'NLHRed45' 6-max Seat #2 is the button
Seat 1: ede65a54 ($39.76 in chips)
Seat 2: Hero ($10.18 in chips)
Seat 3: 3b1d0295 ($9.87 in chips)
Seat 4: 294644a2 ($10.74 in chips)
Seat 5: 9c0f82c2 ($12.48 in chips)
Seat 6: 6c7716b6 ($18.47 in chips)
3b1d0295: posts small blind $0.05
294644a2: posts big blind $0.1
*** HOLE CARDS ***
Dealt to ede65a54 
Dealt to Hero [5h 4d]
Dealt to 3b1d0295 
Dealt to 294644a2 
Dealt to 9c0f82c2 
Dealt to 6c7716b6 
9c0f82c2: folds
6c7716b6: folds
ede65a54: raises $0.2 to $0.3
Hero: folds
3b1d0295: folds
294644a2: folds
Uncalled bet ($0.2) returned to ede65a54
*** SHOWDOWN ***
ede65a54 collected $0.25 from pot
*** SUMMARY ***
Total pot $0.25 | Rake $0 | Jackpot $0 | Bingo $0 | Fortune $0 | Tax $0
Seat 1: ede65a54 collected ($0.25)
Seat 2: Hero (button) folded before Flop (didn't bet)
Seat 3: 3b1d0295 (small blind) folded before Flop
Seat 4: 294644a2 (big blind) folded before Flop
Seat 5: 9c0f82c2 folded before Flop (didn't bet)
Seat 6: 6c7716b6 folded before Flop (didn't bet)


Poker Hand #HD1778175489: Hold'em No Limit ($0.05/$0.1) - 2024/05/18 19:33:42
Table 'NLHRed45' 6-max Seat #1 is the button
Seat 1: ede65a54 ($39.44 in chips)
Seat 2: Hero ($10.23 in chips)
Seat 3: 3b1d0295 ($10.17 in chips)
Seat 4: 294644a2 ($10.74 in chips)
Seat 5: 9c0f82c2 ($12.48 in chips)
Seat 6: 6c7716b6 ($18.47 in chips)
Hero: posts small blind $0.05
3b1d0295: posts big blind $0.1
*** HOLE CARDS ***
Dealt to ede65a54 
Dealt to Hero [3d Qs]
Dealt to 3b1d0295 
Dealt to 294644a2 
Dealt to 9c0f82c2 
Dealt to 6c7716b6 
294644a2: folds
9c0f82c2: folds
6c7716b6: folds
ede65a54: raises $0.2 to $0.3
Hero: folds
3b1d0295: calls $0.2
*** FLOP *** [7d Ad 2s]
3b1d0295: checks
ede65a54: checks
*** TURN *** [7d Ad 2s] [8c]
3b1d0295: checks
ede65a54: bets $0.49
3b1d0295: folds
Uncalled bet ($0.49) returned to ede65a54
*** SHOWDOWN ***
ede65a54 collected $0.62 from pot
*** SUMMARY ***
Total pot $0.65 | Rake $0.03 | Jackpot $0 | Bingo $0 | Fortune $0 | Tax $0
Board [7d Ad 2s 8c]
Seat 1: ede65a54 (button) won ($0.62)
Seat 2: Hero (small blind) folded before Flop
Seat 3: 3b1d0295 (big blind) folded on the Turn
Seat 4: 294644a2 folded before Flop (didn't bet)
Seat 5: 9c0f82c2 folded before Flop (didn't bet)
Seat 6: 6c7716b6 folded before Flop (didn't bet)


Poker Hand #HD1778175442: Hold'em No Limit ($0.05/$0.1) - 2024/05/18 19:33:25
Table 'NLHRed45' 6-max Seat #6 is the button
Seat 1: ede65a54 ($39.49 in chips)
Seat 2: Hero ($10.33 in chips)
Seat 3: 3b1d0295 ($10.02 in chips)
Seat 4: 294644a2 ($10.74 in chips)
Seat 5: 9c0f82c2 ($12.48 in chips)
Seat 6: 6c7716b6 ($18.47 in chips)
ede65a54: posts small blind $0.05
Hero: posts big blind $0.1
*** HOLE CARDS ***
Dealt to ede65a54 
Dealt to Hero [9h 4h]
Dealt to 3b1d0295 
Dealt to 294644a2 
Dealt to 9c0f82c2 
Dealt to 6c7716b6 
3b1d0295: raises $0.1 to $0.2
294644a2: folds
9c0f82c2: folds
6c7716b6: folds
ede65a54: folds
Hero: folds
Uncalled bet ($0.1) returned to 3b1d0295
*** SHOWDOWN ***
3b1d0295 collected $0.25 from pot
*** SUMMARY ***
Total pot $0.25 | Rake $0 | Jackpot $0 | Bingo $0 | Fortune $0 | Tax $0
Seat 1: ede65a54 (small blind) folded before Flop
Seat 2: Hero (big blind) folded before Flop
Seat 3: 3b1d0295 collected ($0.25)
Seat 4: 294644a2 folded before Flop (didn't bet)
Seat 5: 9c0f82c2 folded before Flop (didn't bet)
Seat 6: 6c7716b6 (button) folded before Flop (didn't bet)


Poker Hand #HD1778175353: Hold'em No Limit ($0.05/$0.1) - 2024/05/18 19:32:46
Table 'NLHRed45' 6-max Seat #5 is the button
Seat 1: ede65a54 ($39.69 in chips)
Seat 2: Hero ($10.33 in chips)
Seat 3: 3b1d0295 ($9.79 in chips)
Seat 4: 294644a2 ($10.74 in chips)
Seat 5: 9c0f82c2 ($12.48 in chips)
Seat 6: 6c7716b6 ($18.52 in chips)
6c7716b6: posts small blind $0.05
ede65a54: posts big blind $0.1
*** HOLE CARDS ***
Dealt to ede65a54 
Dealt to Hero [9h 3h]
Dealt to 3b1d0295 
Dealt to 294644a2 
Dealt to 9c0f82c2 
Dealt to 6c7716b6 
Hero: folds
3b1d0295: raises $0.1 to $0.2
294644a2: folds
9c0f82c2: folds
6c7716b6: folds
ede65a54: calls $0.1
*** FLOP *** [8c Kd Qc]
ede65a54: checks
3b1d0295: bets $0.23
ede65a54: folds
Uncalled bet ($0.23) returned to 3b1d0295
*** SHOWDOWN ***
3b1d0295 collected $0.43 from pot
*** SUMMARY ***
Total pot $0.45 | Rake $0.02 | Jackpot $0 | Bingo $0 | Fortune $0 | Tax $0
Board [8c Kd Qc]
Seat 1: ede65a54 (big blind) folded on the Flop
Seat 2: Hero folded before Flop (didn't bet)
Seat 3: 3b1d0295 won ($0.43)
Seat 4: 294644a2 folded before Flop (didn't bet)
Seat 5: 9c0f82c2 (button) folded before Flop (didn't bet)
Seat 6: 6c7716b6 (small blind) folded before Flop


Poker Hand #HD1778175294: Hold'em No Limit ($0.05/$0.1) - 2024/05/18 19:32:19
Table 'NLHRed45' 6-max Seat #4 is the button
Seat 1: ede65a54 ($39.69 in chips)
Seat 2: Hero ($10.33 in chips)
Seat 3: 3b1d0295 ($9.79 in chips)
Seat 4: 294644a2 ($10.59 in chips)
Seat 5: 9c0f82c2 ($12.53 in chips)
Seat 6: 6c7716b6 ($18.62 in chips)
9c0f82c2: posts small blind $0.05
6c7716b6: posts big blind $0.1
*** HOLE CARDS ***
Dealt to ede65a54 
Dealt to Hero [5c Ks]
Dealt to 3b1d0295 
Dealt to 294644a2 
Dealt to 9c0f82c2 
Dealt to 6c7716b6 
ede65a54: folds
Hero: folds
3b1d0295: folds
294644a2: raises $0.1 to $0.2
9c0f82c2: folds
6c7716b6: folds
Uncalled bet ($0.1) returned to 294644a2
*** SHOWDOWN ***
294644a2 collected $0.25 from pot
*** SUMMARY ***
Total pot $0.25 | Rake $0 | Jackpot $0 | Bingo $0 | Fortune $0 | Tax $0
Seat 1: ede65a54 folded before Flop (didn't bet)
Seat 2: Hero folded before Flop (didn't bet)
Seat 3: 3b1d0295 folded before Flop (didn't bet)
Seat 4: 294644a2 (button) collected ($0.25)
Seat 5: 9c0f82c2 (small blind) folded before Flop
Seat 6: 6c7716b6 (big blind) folded before Flop


Poker Hand #HD1778175235: Hold'em No Limit ($0.05/$0.1) - 2024/05/18 19:31:54
Table 'NLHRed45' 6-max Seat #3 is the button
Seat 1: ede65a54 ($39.54 in chips)
Seat 2: Hero ($10.33 in chips)
Seat 3: 3b1d0295 ($9.79 in chips)
Seat 4: 294644a2 ($10.64 in chips)
Seat 5: 9c0f82c2 ($12.63 in chips)
Seat 6: 6c7716b6 ($18.62 in chips)
294644a2: posts small blind $0.05
9c0f82c2: posts big blind $0.1
*** HOLE CARDS ***
Dealt to ede65a54 
Dealt to Hero [Js 8h]
Dealt to 3b1d0295 
Dealt to 294644a2 
Dealt to 9c0f82c2 
Dealt to 6c7716b6 
6c7716b6: folds
ede65a54: raises $0.2 to $0.3
Hero: folds
3b1d0295: folds
294644a2: folds
9c0f82c2: folds
Uncalled bet ($0.2) returned to ede65a54
*** SHOWDOWN ***
ede65a54 collected $0.25 from pot
*** SUMMARY ***
Total pot $0.25 | Rake $0 | Jackpot $0 | Bingo $0 | Fortune $0 | Tax $0
Seat 1: ede65a54 collected ($0.25)
Seat 2: Hero folded before Flop (didn't bet)
Seat 3: 3b1d0295 (button) folded before Flop (didn't bet)
Seat 4: 294644a2 (small blind) folded before Flop
Seat 5: 9c0f82c2 (big blind) folded before Flop
Seat 6: 6c7716b6 folded before Flop (didn't bet)


Poker Hand #HD1778175167: Hold'em No Limit ($0.05/$0.1) - 2024/05/18 19:31:24
Table 'NLHRed45' 6-max Seat #2 is the button
Seat 1: ede65a54 ($39.21 in chips)
Seat 2: Hero ($10.33 in chips)
Seat 3: 3b1d0295 ($9.84 in chips)
Seat 4: 294644a2 ($10.74 in chips)
Seat 5: 9c0f82c2 ($12.83 in chips)
Seat 6: 6c7716b6 ($18.62 in chips)
3b1d0295: posts small blind $0.05
294644a2: posts big blind $0.1
*** HOLE CARDS ***
Dealt to ede65a54 
Dealt to Hero [6s 7c]
Dealt to 3b1d0295 
Dealt to 294644a2 
Dealt to 9c0f82c2 
Dealt to 6c7716b6 
9c0f82c2: raises $0.1 to $0.2
6c7716b6: folds
ede65a54: calls $0.2
Hero: folds
3b1d0295: folds
294644a2: folds
*** FLOP *** [9d 3d 5c]
9c0f82c2: checks
ede65a54: bets $0.28
9c0f82c2: folds
Uncalled bet ($0.28) returned to ede65a54
*** SHOWDOWN ***
ede65a54 collected $0.53 from pot
*** SUMMARY ***
Total pot $0.55 | Rake $0.02 | Jackpot $0 | Bingo $0 | Fortune $0 | Tax $0
Board [9d 3d 5c]
Seat 1: ede65a54 won ($0.53)
Seat 2: Hero (button) folded before Flop (didn't bet)
Seat 3: 3b1d0295 (small blind) folded before Flop
Seat 4: 294644a2 (big blind) folded before Flop
Seat 5: 9c0f82c2 folded on the Flop
Seat 6: 6c7716b6 folded before Flop (didn't bet)


Poker Hand #HD1778175052: Hold'em No Limit ($0.05/$0.1) - 2024/05/18 19:30:34
Table 'NLHRed45' 6-max Seat #1 is the button
Seat 1: ede65a54 ($39.41 in chips)
Seat 2: Hero ($10.38 in chips)
Seat 3: 3b1d0295 ($9.94 in chips)
Seat 4: 294644a2 ($10 in chips)
Seat 5: 9c0f82c2 ($12.83 in chips)
Seat 6: 6c7716b6 ($19.07 in chips)
Hero: posts small blind $0.05
3b1d0295: posts big blind $0.1
*** HOLE CARDS ***
Dealt to ede65a54 
Dealt to Hero [8s 3h]
Dealt to 3b1d0295 
Dealt to 294644a2 
Dealt to 9c0f82c2 
Dealt to 6c7716b6 
294644a2: raises $0.1 to $0.2
9c0f82c2: folds
6c7716b6: calls $0.2
ede65a54: calls $0.2
Hero: folds
3b1d0295: folds
*** FLOP *** [Kd Qd 7c]
294644a2: bets $0.25
6c7716b6: calls $0.25
ede65a54: folds
*** TURN *** [Kd Qd 7c] [5c]
294644a2: checks
6c7716b6: checks
*** RIVER *** [Kd Qd 7c 5c] [Kh]
294644a2: checks
6c7716b6: checks
294644a2: shows [Jh Qh] (Pair of Kings and Pair of Queens)
6c7716b6: shows [2c Ac] (Pair of Kings)
*** SHOWDOWN ***
294644a2 collected $1.19 from pot
*** SUMMARY ***
Total pot $1.25 | Rake $0.06 | Jackpot $0 | Bingo $0 | Fortune $0 | Tax $0
Board [Kd Qd 7c 5c Kh]
Seat 1: ede65a54 (button) folded on the Flop
Seat 2: Hero (small blind) folded before Flop
Seat 3: 3b1d0295 (big blind) folded before Flop
Seat 4: 294644a2 showed [Jh Qh] and won ($1.19) with Pair of Kings and Pair of Queens
Seat 5: 9c0f82c2 folded before Flop (didn't bet)
Seat 6: 6c7716b6 showed [2c Ac] and lost with Pair of Kings


Poker Hand #HD1778174961: Hold'em No Limit ($0.05/$0.1) - 2024/05/18 19:29:50
Table 'NLHRed45' 6-max Seat #6 is the button
Seat 1: ede65a54 ($39.46 in chips)
Seat 2: Hero ($10.1 in chips)
Seat 3: 3b1d0295 ($9.94 in chips)
Seat 4: 294644a2 ($10 in chips)
Seat 5: 9c0f82c2 ($12.83 in chips)
Seat 6: 6c7716b6 ($19.32 in chips)
ede65a54: posts small blind $0.05
Hero: posts big blind $0.1
*** HOLE CARDS ***
Dealt to ede65a54 
Dealt to Hero [Js Kd]
Dealt to 3b1d0295 
Dealt to 294644a2 
Dealt to 9c0f82c2 
Dealt to 6c7716b6 
3b1d0295: folds
294644a2: folds
9c0f82c2: folds
6c7716b6: raises $0.15 to $0.25
ede65a54: folds
Hero: calls $0.15
*** FLOP *** [Kc 5c 5s]
Hero: checks
6c7716b6: checks
*** TURN *** [Kc 5c 5s] [3s]
Hero: bets $0.4
6c7716b6: folds
Uncalled bet ($0.4) returned to Hero
*** SHOWDOWN ***
Hero collected $0.53 from pot
*** SUMMARY ***
Total pot $0.55 | Rake $0.02 | Jackpot $0 | Bingo $0 | Fortune $0 | Tax $0
Board [Kc 5c 5s 3s]
Seat 1: ede65a54 (small blind) folded before Flop
Seat 2: Hero (big blind) won ($0.53)
Seat 3: 3b1d0295 folded before Flop (didn't bet)
Seat 4: 294644a2 folded before Flop (didn't bet)
Seat 5: 9c0f82c2 folded before Flop (didn't bet)
Seat 6: 6c7716b6 (button) folded on the Turn


Poker Hand #HD1778174933: Hold'em No Limit ($0.05/$0.1) - 2024/05/18 19:29:36
Table 'NLHRed45' 6-max Seat #5 is the button
Seat 1: ede65a54 ($39.41 in chips)
Seat 2: Hero ($10.1 in chips)
Seat 3: 3b1d0295 ($9.94 in chips)
Seat 4: 294644a2 ($10 in chips)
Seat 5: 9c0f82c2 ($12.83 in chips)
Seat 6: 6c7716b6 ($19.37 in chips)
6c7716b6: posts small blind $0.05
ede65a54: posts big blind $0.1
*** HOLE CARDS ***
Dealt to ede65a54 
Dealt to Hero [3d 7h]
Dealt to 3b1d0295 
Dealt to 294644a2 
Dealt to 9c0f82c2 
Dealt to 6c7716b6 
Hero: folds
3b1d0295: folds
294644a2: folds
9c0f82c2: folds
6c7716b6: folds
Uncalled bet ($0.05) returned to ede65a54
*** SHOWDOWN ***
ede65a54 collected $0.1 from pot
*** SUMMARY ***
Total pot $0.1 | Rake $0 | Jackpot $0 | Bingo $0 | Fortune $0 | Tax $0
Seat 1: ede65a54 (big blind) collected ($0.1)
Seat 2: Hero folded before Flop (didn't bet)
Seat 3: 3b1d0295 folded before Flop (didn't bet)
Seat 4: 294644a2 folded before Flop (didn't bet)
Seat 5: 9c0f82c2 (button) folded before Flop (didn't bet)
Seat 6: 6c7716b6 (small blind) folded before Flop


Poker Hand #HD1778174907: Hold'em No Limit ($0.05/$0.1) - 2024/05/18 19:29:25
Table 'NLHRed45' 6-max Seat #4 is the button
Seat 1: ede65a54 ($39.41 in chips)
Seat 2: Hero ($10.1 in chips)
Seat 3: 3b1d0295 ($9.94 in chips)
Seat 4: 294644a2 ($9.85 in chips)
Seat 5: 9c0f82c2 ($12.88 in chips)
Seat 6: 6c7716b6 ($19.47 in chips)
9c0f82c2: posts small blind $0.05
6c7716b6: posts big blind $0.1
*** HOLE CARDS ***
Dealt to ede65a54 
Dealt to Hero [2h 7s]
Dealt to 3b1d0295 
Dealt to 294644a2 
Dealt to 9c0f82c2 
Dealt to 6c7716b6 
ede65a54: folds
Hero: folds
3b1d0295: folds
294644a2: raises $0.1 to $0.2
9c0f82c2: folds
6c7716b6: folds
Uncalled bet ($0.1) returned to 294644a2
*** SHOWDOWN ***
294644a2 collected $0.25 from pot
*** SUMMARY ***
Total pot $0.25 | Rake $0 | Jackpot $0 | Bingo $0 | Fortune $0 | Tax $0
Seat 1: ede65a54 folded before Flop (didn't bet)
Seat 2: Hero folded before Flop (didn't bet)
Seat 3: 3b1d0295 folded before Flop (didn't bet)
Seat 4: 294644a2 (button) collected ($0.25)
Seat 5: 9c0f82c2 (small blind) folded before Flop
Seat 6: 6c7716b6 (big blind) folded before Flop


Poker Hand #HD1778174866: Hold'em No Limit ($0.05/$0.1) - 2024/05/18 19:29:07
Table 'NLHRed45' 6-max Seat #3 is the button
Seat 1: ede65a54 ($39.41 in chips)
Seat 2: Hero ($10.1 in chips)
Seat 3: 3b1d0295 ($9.94 in chips)
Seat 4: 294644a2 ($9.9 in chips)
Seat 5: 9c0f82c2 ($12.83 in chips)
Seat 6: 6c7716b6 ($19.47 in chips)
294644a2: posts small blind $0.05
9c0f82c2: posts big blind $0.1
*** HOLE CARDS ***
Dealt to ede65a54 
Dealt to Hero [Ks 8s]
Dealt to 3b1d0295 
Dealt to 294644a2 
Dealt to 9c0f82c2 
Dealt to 6c7716b6 
6c7716b6: folds
ede65a54: folds
Hero: folds
3b1d0295: folds
294644a2: folds
Uncalled bet ($0.05) returned to 9c0f82c2
*** SHOWDOWN ***
9c0f82c2 collected $0.1 from pot
*** SUMMARY ***
Total pot $0.1 | Rake $0 | Jackpot $0 | Bingo $0 | Fortune $0 | Tax $0
Seat 1: ede65a54 folded before Flop (didn't bet)
Seat 2: Hero folded before Flop (didn't bet)
Seat 3: 3b1d0295 (button) folded before Flop (didn't bet)
Seat 4: 294644a2 (small blind) folded before Flop
Seat 5: 9c0f82c2 (big blind) collected ($0.1)
Seat 6: 6c7716b6 folded before Flop (didn't bet)


Poker Hand #HD1778174814: Hold'em No Limit ($0.05/$0.1) - 2024/05/18 19:28:42
Table 'NLHRed45' 6-max Seat #2 is the button
Seat 1: ede65a54 ($39.26 in chips)
Seat 2: Hero ($10.1 in chips)
Seat 3: 3b1d0295 ($9.99 in chips)
Seat 4: 294644a2 ($10 in chips)
Seat 5: 9c0f82c2 ($12.83 in chips)
Seat 6: 6c7716b6 ($19.47 in chips)
3b1d0295: posts small blind $0.05
294644a2: posts big blind $0.1
*** HOLE CARDS ***
Dealt to ede65a54 
Dealt to Hero [9s Tc]
Dealt to 3b1d0295 
Dealt to 294644a2 
Dealt to 9c0f82c2 
Dealt to 6c7716b6 
9c0f82c2: folds
6c7716b6: folds
ede65a54: raises $0.2 to $0.3
Hero: folds
3b1d0295: folds
294644a2: folds
Uncalled bet ($0.2) returned to ede65a54
*** SHOWDOWN ***
ede65a54 collected $0.25 from pot
*** SUMMARY ***
Total pot $0.25 | Rake $0 | Jackpot $0 | Bingo $0 | Fortune $0 | Tax $0
Seat 1: ede65a54 collected ($0.25)
Seat 2: Hero (button) folded before Flop (didn't bet)
Seat 3: 3b1d0295 (small blind) folded before Flop
Seat 4: 294644a2 (big blind) folded before Flop
Seat 5: 9c0f82c2 folded before Flop (didn't bet)
Seat 6: 6c7716b6 folded before Flop (didn't bet)


Poker Hand #HD1778174777: Hold'em No Limit ($0.05/$0.1) - 2024/05/18 19:28:27
Table 'NLHRed45' 6-max Seat #1 is the button
Seat 1: ede65a54 ($39.26 in chips)
Seat 2: Hero ($10 in chips)
Seat 3: 3b1d0295 ($10.09 in chips)
Seat 4: 294644a2 ($10 in chips)
Seat 5: 9c0f82c2 ($12.83 in chips)
Seat 6: 6c7716b6 ($19.47 in chips)
Hero: posts small blind $0.05
3b1d0295: posts big blind $0.1
*** HOLE CARDS ***
Dealt to ede65a54 
Dealt to Hero [Th Kh]
Dealt to 3b1d0295 
Dealt to 294644a2 
Dealt to 9c0f82c2 
Dealt to 6c7716b6 
294644a2: folds
9c0f82c2: folds
6c7716b6: folds
ede65a54: folds
Hero: raises $0.2 to $0.3
3b1d0295: folds
Uncalled bet ($0.2) returned to Hero
*** SHOWDOWN ***
Hero collected $0.2 from pot
*** SUMMARY ***
Total pot $0.2 | Rake $0 | Jackpot $0 | Bingo $0 | Fortune $0 | Tax $0
Seat 1: ede65a54 (button) folded before Flop (didn't bet)
Seat 2: Hero (small blind) collected ($0.2)
Seat 3: 3b1d0295 (big blind) folded before Flop
Seat 4: 294644a2 folded before Flop (didn't bet)
Seat 5: 9c0f82c2 folded before Flop (didn't bet)
Seat 6: 6c7716b6 folded before Flop (didn't bet)


Poker Hand #HD1778174633: Hold'em No Limit ($0.05/$0.1) - 2024/05/18 19:27:33
Table 'NLHRed45' 6-max Seat #6 is the button
Seat 1: ede65a54 ($39.91 in chips)
Seat 2: Hero ($10 in chips)
Seat 3: 3b1d0295 ($10.09 in chips)
Seat 4: 294644a2 ($10 in chips)
Seat 5: 9c0f82c2 ($13.08 in chips)
Seat 6: 6c7716b6 ($18.55 in chips)
ede65a54: posts small blind $0.05
Hero: posts big blind $0.1
*** HOLE CARDS ***
Dealt to ede65a54 
Dealt to Hero [Ah 2d]
Dealt to 3b1d0295 
Dealt to 294644a2 
Dealt to 9c0f82c2 
Dealt to 6c7716b6 
3b1d0295: folds
294644a2: folds
9c0f82c2: raises $0.15 to $0.25
6c7716b6: calls $0.25
ede65a54: calls $0.2
Hero: folds
*** FLOP *** [3s 2h Qh]
ede65a54: checks
9c0f82c2: checks
6c7716b6: checks
*** TURN *** [3s 2h Qh] [3d]
ede65a54: bets $0.2
9c0f82c2: folds
6c7716b6: raises $0.2 to $0.4
ede65a54: calls $0.2
*** RIVER *** [3s 2h Qh 3d] [Qc]
ede65a54: checks
6c7716b6: checks
ede65a54: shows [As Ts] (Pair of Queens and Pair of Treys)
6c7716b6: shows [6d 6h] (Pair of Queens and Pair of Sixes)
*** SHOWDOWN ***
6c7716b6 collected $1.57 from pot
*** SUMMARY ***
Total pot $1.65 | Rake $0.08 | Jackpot $0 | Bingo $0 | Fortune $0 | Tax $0
Board [3s 2h Qh 3d Qc]
Seat 1: ede65a54 (small blind) showed [As Ts] and lost with Pair of Queens and Pair of Treys
Seat 2: Hero (big blind) folded before Flop
Seat 3: 3b1d0295 folded before Flop (didn't bet)
Seat 4: 294644a2 folded before Flop (didn't bet)
Seat 5: 9c0f82c2 folded on the Turn
Seat 6: 6c7716b6 (button) showed [6d 6h] and won ($1.57) with Pair of Queens and Pair of Sixes


Poker Hand #HD1778174598: Hold'em No Limit ($0.05/$0.1) - 2024/05/18 19:27:16
Table 'NLHRed45' 6-max Seat #5 is the button
Seat 1: ede65a54 ($40.01 in chips)
Seat 2: Hero ($10 in chips)
Seat 3: 3b1d0295 ($10.09 in chips)
Seat 4: 294644a2 ($10 in chips)
Seat 5: 9c0f82c2 ($12.93 in chips)
Seat 6: 6c7716b6 ($18.6 in chips)
6c7716b6: posts small blind $0.05
ede65a54: posts big blind $0.1
*** HOLE CARDS ***
Dealt to ede65a54 
Dealt to Hero [4h Jh]
Dealt to 3b1d0295 
Dealt to 294644a2 
Dealt to 9c0f82c2 
Dealt to 6c7716b6 
Hero: folds
3b1d0295: folds
294644a2: folds
9c0f82c2: raises $0.15 to $0.25
6c7716b6: folds
ede65a54: folds
Uncalled bet ($0.15) returned to 9c0f82c2
*** SHOWDOWN ***
9c0f82c2 collected $0.25 from pot
*** SUMMARY ***
Total pot $0.25 | Rake $0 | Jackpot $0 | Bingo $0 | Fortune $0 | Tax $0
Seat 1: ede65a54 (big blind) folded before Flop
Seat 2: Hero folded before Flop (didn't bet)
Seat 3: 3b1d0295 folded before Flop (didn't bet)
Seat 4: 294644a2 folded before Flop (didn't bet)
Seat 5: 9c0f82c2 (button) collected ($0.25)
Seat 6: 6c7716b6 (small blind) folded before Flop


Poker Hand #HD1778174469: Hold'em No Limit ($0.05/$0.1) - 2024/05/18 19:26:21
Table 'NLHRed45' 6-max Seat #4 is the button
Seat 1: ede65a54 ($40.01 in chips)
Seat 2: Hero ($10 in chips)
Seat 3: 3b1d0295 ($10.09 in chips)
Seat 4: 294644a2 ($5.2 in chips)
Seat 5: 9c0f82c2 ($12.66 in chips)
Seat 6: 6c7716b6 ($18.9 in chips)
9c0f82c2: posts small blind $0.05
6c7716b6: posts big blind $0.1
*** HOLE CARDS ***
Dealt to ede65a54 
Dealt to Hero [Qd 6d]
Dealt to 3b1d0295 
Dealt to 294644a2 
Dealt to 9c0f82c2 
Dealt to 6c7716b6 
ede65a54: folds
Hero: folds
3b1d0295: folds
294644a2: folds
9c0f82c2: raises $0.2 to $0.3
6c7716b6: calls $0.2
*** FLOP *** [Ac 2c 7h]
9c0f82c2: checks
6c7716b6: checks
*** TURN *** [Ac 2c 7h] [Jc]
9c0f82c2: checks
6c7716b6: checks
*** RIVER *** [Ac 2c 7h Jc] [2s]
9c0f82c2: bets $0.4
6c7716b6: folds
Uncalled bet ($0.4) returned to 9c0f82c2
*** SHOWDOWN ***
9c0f82c2 collected $0.57 from pot
*** SUMMARY ***
Total pot $0.6 | Rake $0.03 | Jackpot $0 | Bingo $0 | Fortune $0 | Tax $0
Board [Ac 2c 7h Jc 2s]
Seat 1: ede65a54 folded before Flop (didn't bet)
Seat 2: Hero folded before Flop (didn't bet)
Seat 3: 3b1d0295 folded before Flop (didn't bet)
Seat 4: 294644a2 (button) folded before Flop (didn't bet)
Seat 5: 9c0f82c2 (small blind) won ($0.57)
Seat 6: 6c7716b6 (big blind) folded on the River


Poker Hand #HD1778174339: Hold'em No Limit ($0.05/$0.1) - 2024/05/18 19:25:22
Table 'NLHRed45' 6-max Seat #3 is the button
Seat 1: ede65a54 ($36.09 in chips)
Seat 2: Hero ($10 in chips)
Seat 3: 3b1d0295 ($10.09 in chips)
Seat 4: 294644a2 ($9.55 in chips)
Seat 5: 9c0f82c2 ($12.76 in chips)
Seat 6: 6c7716b6 ($18.9 in chips)
294644a2: posts small blind $0.05
9c0f82c2: posts big blind $0.1
*** HOLE CARDS ***
Dealt to ede65a54 
Dealt to Hero [Qd Td]
Dealt to 3b1d0295 
Dealt to 294644a2 
Dealt to 9c0f82c2 
Dealt to 6c7716b6 
6c7716b6: folds
ede65a54: raises $0.2 to $0.3
Hero: folds
3b1d0295: folds
294644a2: calls $0.25
9c0f82c2: folds
*** FLOP *** [8s 4c 3d]
294644a2: checks
ede65a54: checks
*** TURN *** [8s 4c 3d] [Ks]
294644a2: checks
ede65a54: bets $0.53
294644a2: calls $0.53
*** RIVER *** [8s 4c 3d Ks] [Kd]
294644a2: bets $1.32
ede65a54: raises $2.2 to $3.52
294644a2: calls $2.2
ede65a54: shows [Kh Qc] (Three Kings)
294644a2: shows [As 2d] (Pair of Kings)
*** SHOWDOWN ***
ede65a54 collected $8.27 from pot
*** SUMMARY ***
Total pot $8.8 | Rake $0.43 | Jackpot $0.1 | Bingo $0 | Fortune $0 | Tax $0
Board [8s 4c 3d Ks Kd]
Seat 1: ede65a54 showed [Kh Qc] and won ($8.27) with Three Kings
Seat 2: Hero folded before Flop (didn't bet)
Seat 3: 3b1d0295 (button) folded before Flop (didn't bet)
Seat 4: 294644a2 (small blind) showed [As 2d] and lost with Pair of Kings
Seat 5: 9c0f82c2 (big blind) folded before Flop
Seat 6: 6c7716b6 folded before Flop (didn't bet)


Poker Hand #HD1778174186: Hold'em No Limit ($0.05/$0.1) - 2024/05/18 19:24:08
Table 'NLHRed45' 6-max Seat #2 is the button
Seat 1: ede65a54 ($32.76 in chips)
Seat 2: Hero ($10 in chips)
Seat 3: 3b1d0295 ($13.78 in chips)
Seat 4: 294644a2 ($9.65 in chips)
Seat 5: 9c0f82c2 ($12.76 in chips)
Seat 6: 6c7716b6 ($18.9 in chips)
3b1d0295: posts small blind $0.05
294644a2: posts big blind $0.1
*** HOLE CARDS ***
Dealt to ede65a54 
Dealt to Hero [7c Ts]
Dealt to 3b1d0295 
Dealt to 294644a2 
Dealt to 9c0f82c2 
Dealt to 6c7716b6 
9c0f82c2: folds
6c7716b6: folds
ede65a54: raises $0.2 to $0.3
Hero: folds
3b1d0295: raises $1 to $1.3
294644a2: folds
ede65a54: calls $1
*** FLOP *** [Td 7s 2h]
3b1d0295: bets $0.9
ede65a54: calls $0.9
*** TURN *** [Td 7s 2h] [4c]
3b1d0295: bets $1.49
ede65a54: calls $1.49
*** RIVER *** [Td 7s 2h 4c] [2c]
3b1d0295: checks
ede65a54: checks
3b1d0295: shows [Ad Qh] (Pair of Twos)
ede65a54: shows [7h Ah] (Pair of Sevens and Pair of Twos)
*** SHOWDOWN ***
ede65a54 collected $7.02 from pot
*** SUMMARY ***
Total pot $7.48 | Rake $0.36 | Jackpot $0.1 | Bingo $0 | Fortune $0 | Tax $0
Board [Td 7s 2h 4c 2c]
Seat 1: ede65a54 showed [7h Ah] and won ($7.02) with Pair of Sevens and Pair of Twos
Seat 2: Hero (button) folded before Flop (didn't bet)
Seat 3: 3b1d0295 (small blind) showed [Ad Qh] and lost with Pair of Twos
Seat 4: 294644a2 (big blind) folded before Flop
Seat 5: 9c0f82c2 folded before Flop (didn't bet)
Seat 6: 6c7716b6 folded before Flop (didn't bet)


Poker Hand #HD1778174126: Hold'em No Limit ($0.05/$0.1) - 2024/05/18 19:23:38
Table 'NLHRed45' 6-max Seat #1 is the button
Seat 1: ede65a54 ($31.85 in chips)
Seat 2: Hero ($10 in chips)
Seat 3: 3b1d0295 ($13.88 in chips)
Seat 4: 294644a2 ($10.5 in chips)
Seat 5: 9c0f82c2 ($12.76 in chips)
Seat 6: 6c7716b6 ($18.9 in chips)
Hero: posts small blind $0.05
3b1d0295: posts big blind $0.1
*** HOLE CARDS ***
Dealt to ede65a54 
Dealt to Hero [3h 4c]
Dealt to 3b1d0295 
Dealt to 294644a2 
Dealt to 9c0f82c2 
Dealt to 6c7716b6 
294644a2: raises $0.1 to $0.2
9c0f82c2: folds
6c7716b6: folds
ede65a54: raises $0.65 to $0.85
Hero: folds
3b1d0295: folds
294644a2: calls $0.65
*** FLOP *** [6h 9s Kc]
294644a2: checks
ede65a54: bets $0.93
294644a2: folds
Uncalled bet ($0.93) returned to ede65a54
*** SHOWDOWN ***
ede65a54 collected $1.76 from pot
*** SUMMARY ***
Total pot $1.85 | Rake $0.09 | Jackpot $0 | Bingo $0 | Fortune $0 | Tax $0
Board [6h 9s Kc]
Seat 1: ede65a54 (button) won ($1.76)
Seat 2: Hero (small blind) folded before Flop
Seat 3: 3b1d0295 (big blind) folded before Flop
Seat 4: 294644a2 folded on the Flop
Seat 5: 9c0f82c2 folded before Flop (didn't bet)
Seat 6: 6c7716b6 folded before Flop (didn't bet)


Poker Hand #HD1778173958: Hold'em No Limit ($0.05/$0.1) - 2024/05/18 19:22:20
Table 'NLHRed45' 6-max Seat #6 is the button
Seat 1: ede65a54 ($31.9 in chips)
Seat 2: Hero ($10 in chips)
Seat 3: 3b1d0295 ($13.88 in chips)
Seat 4: 294644a2 ($10.5 in chips)
Seat 5: 9c0f82c2 ($10.81 in chips)
Seat 6: 6c7716b6 ($18.9 in chips)
ede65a54: posts small blind $0.05
Hero: posts big blind $0.1
*** HOLE CARDS ***
Dealt to ede65a54 
Dealt to Hero [9h 7h]
Dealt to 3b1d0295 
Dealt to 294644a2 
Dealt to 9c0f82c2 
Dealt to 6c7716b6 
3b1d0295: folds
294644a2: folds
9c0f82c2: raises $0.15 to $0.25
6c7716b6: folds
ede65a54: folds
Hero: calls $0.15
*** FLOP *** [Jc Js Td]
Hero: checks
9c0f82c2: bets $0.14
Hero: calls $0.14
*** TURN *** [Jc Js Td] [Qh]
Hero: checks
9c0f82c2: bets $0.55
Hero: calls $0.55
*** RIVER *** [Jc Js Td Qh] [Kd]
Hero: checks
9c0f82c2: bets $1.28
Hero: calls $1.28
9c0f82c2: shows [Ah Kh] (Aces-High Straight)
Hero: shows [9h 7h] (Kings-High Straight)
*** SHOWDOWN ***
9c0f82c2 collected $4.17 from pot
*** SUMMARY ***
Total pot $4.49 | Rake $0.22 | Jackpot $0.1 | Bingo $0 | Fortune $0 | Tax $0
Board [Jc Js Td Qh Kd]
Seat 1: ede65a54 (small blind) folded before Flop
Seat 2: Hero (big blind) showed [9h 7h] and lost with Kings-High Straight
Seat 3: 3b1d0295 folded before Flop (didn't bet)
Seat 4: 294644a2 folded before Flop (didn't bet)
Seat 5: 9c0f82c2 showed [Ah Kh] and won ($4.17) with Aces-High Straight
Seat 6: 6c7716b6 (button) folded before Flop (didn't bet)


Poker Hand #HD1778173815: Hold'em No Limit ($0.05/$0.1) - 2024/05/18 19:21:15
Table 'NLHRed45' 6-max Seat #5 is the button
Seat 1: ede65a54 ($32.53 in chips)
Seat 2: Hero ($10 in chips)
Seat 3: 3b1d0295 ($13.88 in chips)
Seat 4: 294644a2 ($10.5 in chips)
Seat 5: 9c0f82c2 ($10 in chips)
Seat 6: 6c7716b6 ($19.15 in chips)
6c7716b6: posts small blind $0.05
ede65a54: posts big blind $0.1
*** HOLE CARDS ***
Dealt to ede65a54 
Dealt to Hero [3h 4d]
Dealt to 3b1d0295 
Dealt to 294644a2 
Dealt to 9c0f82c2 
Dealt to 6c7716b6 
Hero: folds
3b1d0295: folds
294644a2: folds
9c0f82c2: raises $0.15 to $0.25
6c7716b6: calls $0.2
ede65a54: calls $0.15
*** FLOP *** [As 6d 3s]
6c7716b6: checks
ede65a54: checks
9c0f82c2: checks
*** TURN *** [As 6d 3s] [8c]
6c7716b6: checks
ede65a54: bets $0.38
9c0f82c2: calls $0.38
6c7716b6: folds
*** RIVER *** [As 6d 3s 8c] [5d]
ede65a54: checks
9c0f82c2: bets $1
ede65a54: folds
Uncalled bet ($1) returned to 9c0f82c2
*** SHOWDOWN ***
9c0f82c2 collected $1.44 from pot
*** SUMMARY ***
Total pot $1.51 | Rake $0.07 | Jackpot $0 | Bingo $0 | Fortune $0 | Tax $0
Board [As 6d 3s 8c 5d]
Seat 1: ede65a54 (big blind) folded on the River
Seat 2: Hero folded before Flop (didn't bet)
Seat 3: 3b1d0295 folded before Flop (didn't bet)
Seat 4: 294644a2 folded before Flop (didn't bet)
Seat 5: 9c0f82c2 (button) won ($1.44)
Seat 6: 6c7716b6 (small blind) folded on the Turn


Poker Hand #HD1778173651: Hold'em No Limit ($0.05/$0.1) - 2024/05/18 19:20:06
Table 'NLHRed45' 6-max Seat #4 is the button
Seat 1: ede65a54 ($32.53 in chips)
Seat 2: Hero ($10.28 in chips)
Seat 3: 3b1d0295 ($13.88 in chips)
Seat 4: 294644a2 ($10.7 in chips)
Seat 5: 9c0f82c2 ($10 in chips)
Seat 6: 6c7716b6 ($10 in chips)
9c0f82c2: posts small blind $0.05
6c7716b6: posts big blind $0.1
*** HOLE CARDS ***
Dealt to ede65a54 
Dealt to Hero [Kc Ac]
Dealt to 3b1d0295 
Dealt to 294644a2 
Dealt to 9c0f82c2 
Dealt to 6c7716b6 
ede65a54: folds
Hero: raises $0.1 to $0.2
3b1d0295: folds
294644a2: calls $0.2
9c0f82c2: folds
6c7716b6: raises $0.9 to $1.1
Hero: raises $1.6 to $2.7
294644a2: folds
6c7716b6: raises $3.6 to $6.3
Hero: raises $3.98 to $10.28 and is all-in
6c7716b6: calls $3.7 and is all-in
Uncalled bet ($0.28) returned to Hero
Hero: shows [Kc Ac]
6c7716b6: shows [Ah Ad]
*** FIRST FLOP *** [Jd 8h Tc]
*** FIRST TURN *** [Jd 8h Tc] [8d]
*** FIRST RIVER *** [Jd 8h Tc 8d] [6h]
*** SECOND FLOP *** [Ts Kd 6d]
*** SECOND TURN *** [Ts Kd 6d] [Td]
*** SECOND RIVER *** [Ts Kd 6d Td] [2c]
*** FIRST SHOWDOWN ***
6c7716b6 collected $9.58 from pot
*** SECOND SHOWDOWN ***
6c7716b6 collected $9.57 from pot
*** SUMMARY ***
Total pot $20.25 | Rake $1 | Jackpot $0.1 | Bingo $0 | Fortune $0 | Tax $0
Hand was run two times
FIRST Board [Jd 8h Tc 8d 6h]
SECOND Board [Ts Kd 6d Td 2c]
Seat 1: ede65a54 folded before Flop (didn't bet)
Seat 2: Hero showed [Kc Ac] and lost with Pair of Eights, and lost with Pair of Kings and Pair of Tens
Seat 3: 3b1d0295 folded before Flop (didn't bet)
Seat 4: 294644a2 (button) folded before Flop
Seat 5: 9c0f82c2 (small blind) folded before Flop
Seat 6: 6c7716b6 (big blind) showed [Ah Ad] and won ($9.58) with Pair of Aces and Pair of Eights, and won ($9.57) with Pair of Aces and Pair of Tens


Poker Hand #HD1778173496: Hold'em No Limit ($0.05/$0.1) - 2024/05/18 19:19:02
Table 'NLHRed45' 6-max Seat #3 is the button
Seat 1: ede65a54 ($32.53 in chips)
Seat 2: Hero ($10.28 in chips)
Seat 3: 3b1d0295 ($13.88 in chips)
Seat 4: 294644a2 ($9.37 in chips)
Seat 5: 9c0f82c2 ($10 in chips)
294644a2: posts small blind $0.05
9c0f82c2: posts big blind $0.1
*** HOLE CARDS ***
Dealt to ede65a54 
Dealt to Hero [Tc 8s]
Dealt to 3b1d0295 
Dealt to 294644a2 
Dealt to 9c0f82c2 
ede65a54: folds
Hero: folds
3b1d0295: folds
294644a2: raises $0.1 to $0.2
9c0f82c2: calls $0.1
*** FLOP *** [9h 5d 6h]
294644a2: bets $0.14
9c0f82c2: calls $0.14
*** TURN *** [9h 5d 6h] [Td]
294644a2: bets $0.34
9c0f82c2: calls $0.34
*** RIVER *** [9h 5d 6h Td] [9d]
294644a2: checks
9c0f82c2: bets $0.9
294644a2: calls $0.9
9c0f82c2: shows [8h 4h] (Pair of Nines)
294644a2: shows [5h Ah] (Pair of Nines and Pair of Fives)
*** SHOWDOWN ***
294644a2 collected $2.91 from pot
*** SUMMARY ***
Total pot $3.16 | Rake $0.15 | Jackpot $0.1 | Bingo $0 | Fortune $0 | Tax $0
Board [9h 5d 6h Td 9d]
Seat 1: ede65a54 folded before Flop (didn't bet)
Seat 2: Hero folded before Flop (didn't bet)
Seat 3: 3b1d0295 (button) folded before Flop (didn't bet)
Seat 4: 294644a2 (small blind) showed [5h Ah] and won ($2.91) with Pair of Nines and Pair of Fives
Seat 5: 9c0f82c2 (big blind) showed [8h 4h] and lost with Pair of Nines


Poker Hand #HD1778173391: Hold'em No Limit ($0.05/$0.1) - 2024/05/18 19:18:17
Table 'NLHRed45' 6-max Seat #2 is the button
Seat 1: ede65a54 ($31.91 in chips)
Seat 2: Hero ($10.28 in chips)
Seat 3: 3b1d0295 ($13.93 in chips)
Seat 4: 294644a2 ($10 in chips)
3b1d0295: posts small blind $0.05
294644a2: posts big blind $0.1
*** HOLE CARDS ***
Dealt to ede65a54 
Dealt to Hero [2d 2h]
Dealt to 3b1d0295 
Dealt to 294644a2 
ede65a54: raises $0.2 to $0.3
Hero: folds
3b1d0295: folds
294644a2: calls $0.2
*** FLOP *** [5d 8s Qc]
294644a2: checks
ede65a54: bets $0.33
294644a2: calls $0.33
*** TURN *** [5d 8s Qc] [8h]
294644a2: checks
ede65a54: bets $0.99
294644a2: folds
Uncalled bet ($0.99) returned to ede65a54
*** SHOWDOWN ***
ede65a54 collected $1.25 from pot
*** SUMMARY ***
Total pot $1.31 | Rake $0.06 | Jackpot $0 | Bingo $0 | Fortune $0 | Tax $0
Board [5d 8s Qc 8h]
Seat 1: ede65a54 won ($1.25)
Seat 2: Hero (button) folded before Flop (didn't bet)
Seat 3: 3b1d0295 (small blind) folded before Flop
Seat 4: 294644a2 (big blind) folded on the Turn


Poker Hand #HD1778173206: Hold'em No Limit ($0.05/$0.1) - 2024/05/18 19:16:55
Table 'NLHRed45' 6-max Seat #1 is the button
Seat 1: ede65a54 ($25.12 in chips)
Seat 2: Hero ($10.33 in chips)
Seat 3: 3b1d0295 ($21.27 in chips)
Hero: posts small blind $0.05
3b1d0295: posts big blind $0.1
*** HOLE CARDS ***
Dealt to ede65a54 
Dealt to Hero [5d 3c]
Dealt to 3b1d0295 
ede65a54: raises $0.2 to $0.3
Hero: folds
3b1d0295: raises $0.9 to $1.2
ede65a54: calls $0.9
*** FLOP *** [Kc 8s 5h]
3b1d0295: checks
ede65a54: checks
*** TURN *** [Kc 8s 5h] [Ks]
3b1d0295: checks
ede65a54: bets $1.23
3b1d0295: calls $1.23
*** RIVER *** [Kc 8s 5h Ks] [4s]
3b1d0295: checks
ede65a54: bets $4.91
3b1d0295: calls $4.91
ede65a54: shows [6s 7s] (King High Flush)
3b1d0295: shows [Ah Kh] (Three Kings)
*** SHOWDOWN ***
ede65a54 collected $14.13 from pot
*** SUMMARY ***
Total pot $14.73 | Rake $0.5 | Jackpot $0.1 | Bingo $0 | Fortune $0 | Tax $0
Board [Kc 8s 5h Ks 4s]
Seat 1: ede65a54 (button) showed [6s 7s] and won ($14.13) with King High Flush
Seat 2: Hero (small blind) folded before Flop
Seat 3: 3b1d0295 (big blind) showed [Ah Kh] and lost with Three Kings


Poker Hand #HD1778172948: Hold'em No Limit ($0.05/$0.1) - 2024/05/18 19:14:57
Table 'NLHRed45' 6-max Seat #6 is the button
Seat 1: ede65a54 ($24.79 in chips)
Seat 2: Hero ($10 in chips)
Seat 3: 3b1d0295 ($22.47 in chips)
Seat 6: e4690cdf ($8.02 in chips)
ede65a54: posts small blind $0.05
Hero: posts big blind $0.1
*** HOLE CARDS ***
Dealt to ede65a54 
Dealt to Hero [Jd Jc]
Dealt to 3b1d0295 
Dealt to e4690cdf 
3b1d0295: raises $0.1 to $0.2
e4690cdf: folds
ede65a54: calls $0.15
Hero: raises $1 to $1.2
3b1d0295: calls $1
ede65a54: calls $1
*** FLOP *** [4s 5c 7h]
ede65a54: checks
Hero: bets $1.19
3b1d0295: folds
ede65a54: calls $1.19
*** TURN *** [4s 5c 7h] [2d]
ede65a54: checks
Hero: bets $1.5
ede65a54: calls $1.5
*** RIVER *** [4s 5c 7h 2d] [8c]
ede65a54: checks
Hero: checks
ede65a54: shows [Jh Js] (Pair of Jacks)
Hero: shows [Jd Jc] (Pair of Jacks)
*** SHOWDOWN ***
ede65a54 collected $4.22 from pot
Hero collected $4.22 from pot
*** SUMMARY ***
Total pot $8.98 | Rake $0.44 | Jackpot $0.1 | Bingo $0 | Fortune $0 | Tax $0
Board [4s 5c 7h 2d 8c]
Seat 1: ede65a54 (small blind) showed [Jh Js] and won ($4.22) with Pair of Jacks
Seat 2: Hero (big blind) showed [Jd Jc] and won ($4.22) with Pair of Jacks
Seat 3: 3b1d0295 folded on the Flop
Seat 6: e4690cdf (button) folded before Flop (didn't bet)


Poker Hand #HD1778172900: Hold'em No Limit ($0.05/$0.1) - 2024/05/18 19:14:39
Table 'NLHRed45' 6-max Seat #3 is the button
Seat 1: ede65a54 ($24.89 in chips)
Seat 2: Hero ($10 in chips)
Seat 3: 3b1d0295 ($22.47 in chips)
Seat 6: e4690cdf ($7.93 in chips)
e4690cdf: posts small blind $0.05
ede65a54: posts big blind $0.1
*** HOLE CARDS ***
Dealt to ede65a54 
Dealt to Hero [Qs 9c]
Dealt to 3b1d0295 
Dealt to e4690cdf 
Hero: folds
3b1d0295: folds
e4690cdf: calls $0.05
ede65a54: checks
*** FLOP *** [7s Ks Ah]
e4690cdf: bets $0.1
ede65a54: folds
Uncalled bet ($0.1) returned to e4690cdf
*** SHOWDOWN ***
e4690cdf collected $0.19 from pot
*** SUMMARY ***
Total pot $0.2 | Rake $0.01 | Jackpot $0 | Bingo $0 | Fortune $0 | Tax $0
Board [7s Ks Ah]
Seat 1: ede65a54 (big blind) folded on the Flop
Seat 2: Hero folded before Flop (didn't bet)
Seat 3: 3b1d0295 (button) folded before Flop (didn't bet)
Seat 6: e4690cdf (small blind) won ($0.19)


Poker Hand #HD1778172875: Hold'em No Limit ($0.05/$0.1) - 2024/05/18 19:14:28
Table 'NLHRed45' 6-max Seat #2 is the button
Seat 1: ede65a54 ($24.74 in chips)
Seat 2: Hero ($10 in chips)
Seat 3: 3b1d0295 ($22.52 in chips)
Seat 6: e4690cdf ($8.03 in chips)
3b1d0295: posts small blind $0.05
e4690cdf: posts big blind $0.1
*** HOLE CARDS ***
Dealt to ede65a54 
Dealt to Hero [6c 2c]
Dealt to 3b1d0295 
Dealt to e4690cdf 
ede65a54: raises $0.2 to $0.3
Hero: folds
3b1d0295: folds
e4690cdf: folds
Uncalled bet ($0.2) returned to ede65a54
*** SHOWDOWN ***
ede65a54 collected $0.25 from pot
*** SUMMARY ***
Total pot $0.25 | Rake $0 | Jackpot $0 | Bingo $0 | Fortune $0 | Tax $0
Seat 1: ede65a54 collected ($0.25)
Seat 2: Hero (button) folded before Flop (didn't bet)
Seat 3: 3b1d0295 (small blind) folded before Flop
Seat 6: e4690cdf (big blind) folded before Flop


Poker Hand #HD1778172781: Hold'em No Limit ($0.05/$0.1) - 2024/05/18 19:13:46
Table 'NLHRed45' 6-max Seat #1 is the button
Seat 1: ede65a54 ($24.96 in chips)
Seat 2: Hero ($10 in chips)
Seat 3: 3b1d0295 ($22.74 in chips)
Seat 4: df63fec6 ($16.73 in chips)
Seat 5: c8139b1d ($0.22 in chips)
Seat 6: e4690cdf ($7.36 in chips)
Hero: posts small blind $0.05
3b1d0295: posts big blind $0.1
*** HOLE CARDS ***
Dealt to ede65a54 
Dealt to Hero [4s 7d]
Dealt to 3b1d0295 
Dealt to df63fec6 
Dealt to c8139b1d 
Dealt to e4690cdf 
df63fec6: folds
c8139b1d: raises $0.12 to $0.22 and is all-in
e4690cdf: calls $0.22
ede65a54: calls $0.22
Hero: folds
3b1d0295: calls $0.12
*** FLOP *** [4c Jd Ts]
3b1d0295: checks
e4690cdf: bets $0.42
ede65a54: folds
3b1d0295: folds
Uncalled bet ($0.42) returned to e4690cdf
e4690cdf: shows [Js 8s] (Pair of Jacks)
c8139b1d: shows [8c Ks] (King-High)
*** TURN *** [4c Jd Ts] [3c]
*** RIVER *** [4c Jd Ts 3c] [Qd]
*** SHOWDOWN ***
e4690cdf collected $0.89 from pot
*** SUMMARY ***
Total pot $0.93 | Rake $0.04 | Jackpot $0 | Bingo $0 | Fortune $0 | Tax $0
Board [4c Jd Ts 3c Qd]
Seat 1: ede65a54 (button) folded on the Flop
Seat 2: Hero (small blind) folded before Flop
Seat 3: 3b1d0295 (big blind) folded on the Flop
Seat 4: df63fec6 folded before Flop (didn't bet)
Seat 5: c8139b1d showed [8c Ks] and lost with King-High
Seat 6: e4690cdf showed [Js 8s] and won ($0.89) with Pair of Jacks


Poker Hand #HD1778172648: Hold'em No Limit ($0.05/$0.1) - 2024/05/18 19:12:39
Table 'NLHRed45' 6-max Seat #6 is the button
Seat 1: ede65a54 ($25.01 in chips)
Seat 2: Hero ($10.1 in chips)
Seat 3: 3b1d0295 ($22.74 in chips)
Seat 4: df63fec6 ($16.73 in chips)
Seat 5: c8139b1d ($3.9 in chips)
Seat 6: e4690cdf ($3.68 in chips)
ede65a54: posts small blind $0.05
Hero: posts big blind $0.1
*** HOLE CARDS ***
Dealt to ede65a54 
Dealt to Hero [8d 7d]
Dealt to 3b1d0295 
Dealt to df63fec6 
Dealt to c8139b1d 
Dealt to e4690cdf 
3b1d0295: folds
df63fec6: folds
c8139b1d: calls $0.1
e4690cdf: raises $0.31 to $0.41
ede65a54: folds
Hero: folds
c8139b1d: calls $0.31
*** FLOP *** [Kc Qc Kd]
c8139b1d: bets $3.49 and is all-in
e4690cdf: calls $3.27 and is all-in
Uncalled bet ($0.22) returned to c8139b1d
c8139b1d: shows [9c 5c] (Pair of Kings)
e4690cdf: shows [Kh As] (Three Kings)
*** TURN *** [Kc Qc Kd] [Jd]
*** RIVER *** [Kc Qc Kd Jd] [8h]
*** SHOWDOWN ***
e4690cdf collected $7.04 from pot
*** SUMMARY ***
Total pot $7.51 | Rake $0.37 | Jackpot $0.1 | Bingo $0 | Fortune $0 | Tax $0
Board [Kc Qc Kd Jd 8h]
Seat 1: ede65a54 (small blind) folded before Flop
Seat 2: Hero (big blind) folded before Flop
Seat 3: 3b1d0295 folded before Flop (didn't bet)
Seat 4: df63fec6 folded before Flop (didn't bet)
Seat 5: c8139b1d showed [9c 5c] and lost with Pair of Kings
Seat 6: e4690cdf (button) showed [Kh As] and won ($7.04) with Three Kings


Poker Hand #HD1778172607: Hold'em No Limit ($0.05/$0.1) - 2024/05/18 19:12:21
Table 'NLHRed45' 6-max Seat #5 is the button
Seat 1: ede65a54 ($24.91 in chips)
Seat 2: Hero ($10.1 in chips)
Seat 3: 3b1d0295 ($22.74 in chips)
Seat 4: df63fec6 ($16.73 in chips)
Seat 5: c8139b1d ($3.9 in chips)
Seat 6: e4690cdf ($3.78 in chips)
e4690cdf: posts small blind $0.05
ede65a54: posts big blind $0.1
*** HOLE CARDS ***
Dealt to ede65a54 
Dealt to Hero [5c 2c]
Dealt to 3b1d0295 
Dealt to df63fec6 
Dealt to c8139b1d 
Dealt to e4690cdf 
Hero: folds
3b1d0295: folds
df63fec6: folds
c8139b1d: folds
e4690cdf: calls $0.05
ede65a54: raises $0.3 to $0.4
e4690cdf: folds
Uncalled bet ($0.3) returned to ede65a54
*** SHOWDOWN ***
ede65a54 collected $0.2 from pot
*** SUMMARY ***
Total pot $0.2 | Rake $0 | Jackpot $0 | Bingo $0 | Fortune $0 | Tax $0
Seat 1: ede65a54 (big blind) collected ($0.2)
Seat 2: Hero folded before Flop (didn't bet)
Seat 3: 3b1d0295 folded before Flop (didn't bet)
Seat 4: df63fec6 folded before Flop (didn't bet)
Seat 5: c8139b1d (button) folded before Flop (didn't bet)
Seat 6: e4690cdf (small blind) folded before Flop


Poker Hand #HD1778172525: Hold'em No Limit ($0.05/$0.1) - 2024/05/18 19:11:46
Table 'NLHRed45' 6-max Seat #4 is the button
Seat 1: ede65a54 ($24.91 in chips)
Seat 2: Hero ($10.1 in chips)
Seat 3: 3b1d0295 ($22.74 in chips)
Seat 4: df63fec6 ($16.48 in chips)
Seat 5: c8139b1d ($3.95 in chips)
Seat 6: e4690cdf ($4 in chips)
c8139b1d: posts small blind $0.05
e4690cdf: posts big blind $0.1
*** HOLE CARDS ***
Dealt to ede65a54 
Dealt to Hero [Jd 2h]
Dealt to 3b1d0295 
Dealt to df63fec6 
Dealt to c8139b1d 
Dealt to e4690cdf 
ede65a54: folds
Hero: folds
3b1d0295: folds
df63fec6: raises $0.12 to $0.22
c8139b1d: folds
e4690cdf: calls $0.12
*** FLOP *** [9d 8s Kc]
e4690cdf: checks
df63fec6: checks
*** TURN *** [9d 8s Kc] [6c]
e4690cdf: checks
df63fec6: bets $0.15
e4690cdf: folds
Uncalled bet ($0.15) returned to df63fec6
*** SHOWDOWN ***
df63fec6 collected $0.47 from pot
*** SUMMARY ***
Total pot $0.49 | Rake $0.02 | Jackpot $0 | Bingo $0 | Fortune $0 | Tax $0
Board [9d 8s Kc 6c]
Seat 1: ede65a54 folded before Flop (didn't bet)
Seat 2: Hero folded before Flop (didn't bet)
Seat 3: 3b1d0295 folded before Flop (didn't bet)
Seat 4: df63fec6 (button) won ($0.47)
Seat 5: c8139b1d (small blind) folded before Flop
Seat 6: e4690cdf (big blind) folded on the Turn


Poker Hand #HD1778172432: Hold'em No Limit ($0.05/$0.1) - 2024/05/18 19:11:08
Table 'NLHRed45' 6-max Seat #3 is the button
Seat 1: ede65a54 ($25.11 in chips)
Seat 2: Hero ($10.1 in chips)
Seat 3: 3b1d0295 ($22.74 in chips)
Seat 4: df63fec6 ($16.53 in chips)
Seat 5: c8139b1d ($2 in chips)
Seat 6: e4690cdf ($5.75 in chips)
df63fec6: posts small blind $0.05
c8139b1d: posts big blind $0.1
*** HOLE CARDS ***
Dealt to ede65a54 
Dealt to Hero [Jc 3c]
Dealt to 3b1d0295 
Dealt to df63fec6 
Dealt to c8139b1d 
Dealt to e4690cdf 
e4690cdf: raises $0.1 to $0.2
ede65a54: calls $0.2
Hero: folds
3b1d0295: folds
df63fec6: folds
c8139b1d: calls $0.1
*** FLOP *** [9h 7c 7h]
c8139b1d: bets $0.65
e4690cdf: calls $0.65
ede65a54: folds
*** TURN *** [9h 7c 7h] [3d]
c8139b1d: bets $1.15 and is all-in
e4690cdf: calls $1.15
c8139b1d: shows [7d 5h] (Three Sevens)
e4690cdf: shows [Jh Ah] (Pair of Sevens)
*** RIVER *** [9h 7c 7h 3d] [8s]
*** SHOWDOWN ***
c8139b1d collected $3.95 from pot
*** SUMMARY ***
Total pot $4.25 | Rake $0.2 | Jackpot $0.1 | Bingo $0 | Fortune $0 | Tax $0
Board [9h 7c 7h 3d 8s]
Seat 1: ede65a54 folded on the Flop
Seat 2: Hero folded before Flop (didn't bet)
Seat 3: 3b1d0295 (button) folded before Flop (didn't bet)
Seat 4: df63fec6 (small blind) folded before Flop
Seat 5: c8139b1d (big blind) showed [7d 5h] and won ($3.95) with Three Sevens
Seat 6: e4690cdf showed [Jh Ah] and lost with Pair of Sevens


Poker Hand #HD1778172227: Hold'em No Limit ($0.05/$0.1) - 2024/05/18 19:09:38
Table 'NLHRed45' 6-max Seat #2 is the button
Seat 1: ede65a54 ($26.83 in chips)
Seat 2: Hero ($10.1 in chips)
Seat 3: 3b1d0295 ($22.79 in chips)
Seat 4: df63fec6 ($14.84 in chips)
Seat 6: e4690cdf ($5.95 in chips)
3b1d0295: posts small blind $0.05
df63fec6: posts big blind $0.1
*** HOLE CARDS ***
Dealt to ede65a54 
Dealt to Hero [6s 4d]
Dealt to 3b1d0295 
Dealt to df63fec6 
Dealt to e4690cdf 
e4690cdf: raises $0.1 to $0.2
ede65a54: calls $0.2
Hero: folds
3b1d0295: folds
df63fec6: calls $0.1
*** FLOP *** [3c Js Jd]
df63fec6: checks
e4690cdf: checks
ede65a54: checks
*** TURN *** [3c Js Jd] [5d]
df63fec6: bets $0.33
e4690cdf: folds
ede65a54: raises $1.19 to $1.52
df63fec6: calls $1.19
*** RIVER *** [3c Js Jd 5d] [3d]
df63fec6: bets $2.77
ede65a54: folds
Uncalled bet ($2.77) returned to df63fec6
*** SHOWDOWN ***
df63fec6 collected $3.41 from pot
*** SUMMARY ***
Total pot $3.69 | Rake $0.18 | Jackpot $0.1 | Bingo $0 | Fortune $0 | Tax $0
Board [3c Js Jd 5d 3d]
Seat 1: ede65a54 folded on the River
Seat 2: Hero (button) folded before Flop (didn't bet)
Seat 3: 3b1d0295 (small blind) folded before Flop
Seat 4: df63fec6 (big blind) won ($3.41)
Seat 6: e4690cdf folded on the Turn


Poker Hand #HD1778172116: Hold'em No Limit ($0.05/$0.1) - 2024/05/18 19:08:51
Table 'NLHRed45' 6-max Seat #1 is the button
Seat 1: ede65a54 ($26.83 in chips)
Seat 2: Hero ($10.15 in chips)
Seat 3: 3b1d0295 ($22.89 in chips)
Seat 4: df63fec6 ($14.84 in chips)
Seat 5: c8139b1d ($2 in chips)
Seat 6: e4690cdf ($4.1 in chips)
Hero: posts small blind $0.05
3b1d0295: posts big blind $0.1
c8139b1d: posts big blind $0.1
*** HOLE CARDS ***
Dealt to ede65a54 
Dealt to Hero [Js 6d]
Dealt to 3b1d0295 
Dealt to df63fec6 
Dealt to c8139b1d 
Dealt to e4690cdf 
df63fec6: folds
c8139b1d: raises $0.1 to $0.2
e4690cdf: calls $0.2
ede65a54: folds
Hero: folds
3b1d0295: folds
*** FLOP *** [4s 5d Qs]
c8139b1d: bets $0.55
e4690cdf: calls $0.55
*** TURN *** [4s 5d Qs] [6s]
c8139b1d: bets $1.25 and is all-in
e4690cdf: calls $1.25
c8139b1d: shows [4d Tc] (Pair of Fours)
e4690cdf: shows [Td Qd] (Pair of Queens)
*** RIVER *** [4s 5d Qs 6s] [Qc]
*** SHOWDOWN ***
e4690cdf collected $3.85 from pot
*** SUMMARY ***
Total pot $4.15 | Rake $0.2 | Jackpot $0.1 | Bingo $0 | Fortune $0 | Tax $0
Board [4s 5d Qs 6s Qc]
Seat 1: ede65a54 (button) folded before Flop (didn't bet)
Seat 2: Hero (small blind) folded before Flop
Seat 3: 3b1d0295 (big blind) folded before Flop
Seat 4: df63fec6 folded before Flop (didn't bet)
Seat 5: c8139b1d showed [4d Tc] and lost with Pair of Queens and Pair of Fours
Seat 6: e4690cdf showed [Td Qd] and won ($3.85) with Three Queens


Poker Hand #HD1778172081: Hold'em No Limit ($0.05/$0.1) - 2024/05/18 19:08:36
Table 'NLHRed45' 6-max Seat #6 is the button
Seat 1: ede65a54 ($26.88 in chips)
Seat 2: Hero ($10.1 in chips)
Seat 3: 3b1d0295 ($22.89 in chips)
Seat 4: df63fec6 ($14.84 in chips)
Seat 6: e4690cdf ($4.1 in chips)
ede65a54: posts small blind $0.05
Hero: posts big blind $0.1
*** HOLE CARDS ***
Dealt to ede65a54 
Dealt to Hero [Jd 6h]
Dealt to 3b1d0295 
Dealt to df63fec6 
Dealt to e4690cdf 
3b1d0295: folds
df63fec6: folds
e4690cdf: folds
ede65a54: folds
Uncalled bet ($0.05) returned to Hero
*** SHOWDOWN ***
Hero collected $0.1 from pot
*** SUMMARY ***
Total pot $0.1 | Rake $0 | Jackpot $0 | Bingo $0 | Fortune $0 | Tax $0
Seat 1: ede65a54 (small blind) folded before Flop
Seat 2: Hero (big blind) collected ($0.1)
Seat 3: 3b1d0295 folded before Flop (didn't bet)
Seat 4: df63fec6 folded before Flop (didn't bet)
Seat 6: e4690cdf (button) folded before Flop (didn't bet)


Poker Hand #HD1778171985: Hold'em No Limit ($0.05/$0.1) - 2024/05/18 19:07:53
Table 'NLHRed45' 6-max Seat #5 is the button
Seat 1: ede65a54 ($27.35 in chips)
Seat 2: Hero ($10.1 in chips)
Seat 3: 3b1d0295 ($22.89 in chips)
Seat 4: df63fec6 ($14.37 in chips)
Seat 5: 3c79ced4 ($10.15 in chips)
Seat 6: e4690cdf ($4.15 in chips)
e4690cdf: posts small blind $0.05
ede65a54: posts big blind $0.1
*** HOLE CARDS ***
Dealt to ede65a54 
Dealt to Hero [Ts 9h]
Dealt to 3b1d0295 
Dealt to df63fec6 
Dealt to 3c79ced4 
Dealt to e4690cdf 
Hero: folds
3b1d0295: folds
df63fec6: raises $0.12 to $0.22
3c79ced4: folds
e4690cdf: folds
ede65a54: calls $0.12
*** FLOP *** [8h 3h 2h]
ede65a54: checks
df63fec6: bets $0.25
ede65a54: calls $0.25
*** TURN *** [8h 3h 2h] [As]
ede65a54: checks
df63fec6: bets $0.5
ede65a54: folds
Uncalled bet ($0.5) returned to df63fec6
*** SHOWDOWN ***
df63fec6 collected $0.94 from pot
*** SUMMARY ***
Total pot $0.99 | Rake $0.05 | Jackpot $0 | Bingo $0 | Fortune $0 | Tax $0
Board [8h 3h 2h As]
Seat 1: ede65a54 (big blind) folded on the Turn
Seat 2: Hero folded before Flop (didn't bet)
Seat 3: 3b1d0295 folded before Flop (didn't bet)
Seat 4: df63fec6 won ($0.94)
Seat 5: 3c79ced4 (button) folded before Flop (didn't bet)
Seat 6: e4690cdf (small blind) folded before Flop


Poker Hand #HD1778171946: Hold'em No Limit ($0.05/$0.1) - 2024/05/18 19:07:33
Table 'NLHRed45' 6-max Seat #4 is the button
Seat 1: ede65a54 ($27.35 in chips)
Seat 2: Hero ($10.1 in chips)
Seat 3: 3b1d0295 ($22.89 in chips)
Seat 4: df63fec6 ($14.37 in chips)
Seat 5: 3c79ced4 ($10.2 in chips)
Seat 6: e4690cdf ($4.1 in chips)
3c79ced4: posts small blind $0.05
e4690cdf: posts big blind $0.1
*** HOLE CARDS ***
Dealt to ede65a54 
Dealt to Hero [Qc 7c]
Dealt to 3b1d0295 
Dealt to df63fec6 
Dealt to 3c79ced4 
Dealt to e4690cdf 
ede65a54: folds
Hero: folds
3b1d0295: folds
df63fec6: folds
3c79ced4: folds
Uncalled bet ($0.05) returned to e4690cdf
*** SHOWDOWN ***
e4690cdf collected $0.1 from pot
*** SUMMARY ***
Total pot $0.1 | Rake $0 | Jackpot $0 | Bingo $0 | Fortune $0 | Tax $0
Seat 1: ede65a54 folded before Flop (didn't bet)
Seat 2: Hero folded before Flop (didn't bet)
Seat 3: 3b1d0295 folded before Flop (didn't bet)
Seat 4: df63fec6 (button) folded before Flop (didn't bet)
Seat 5: 3c79ced4 (small blind) folded before Flop
Seat 6: e4690cdf (big blind) collected ($0.1)


Poker Hand #HD1778171912: Hold'em No Limit ($0.05/$0.1) - 2024/05/18 19:07:17
Table 'NLHRed45' 6-max Seat #3 is the button
Seat 1: ede65a54 ($27.35 in chips)
Seat 2: Hero ($10.1 in chips)
Seat 3: 3b1d0295 ($22.89 in chips)
Seat 4: df63fec6 ($14.42 in chips)
Seat 5: 3c79ced4 ($10.15 in chips)
Seat 6: e4690cdf ($4.1 in chips)
df63fec6: posts small blind $0.05
3c79ced4: posts big blind $0.1
*** HOLE CARDS ***
Dealt to ede65a54 
Dealt to Hero [3h Ks]
Dealt to 3b1d0295 
Dealt to df63fec6 
Dealt to 3c79ced4 
Dealt to e4690cdf 
e4690cdf: folds
ede65a54: folds
Hero: folds
3b1d0295: folds
df63fec6: folds
Uncalled bet ($0.05) returned to 3c79ced4
*** SHOWDOWN ***
3c79ced4 collected $0.1 from pot
*** SUMMARY ***
Total pot $0.1 | Rake $0 | Jackpot $0 | Bingo $0 | Fortune $0 | Tax $0
Seat 1: ede65a54 folded before Flop (didn't bet)
Seat 2: Hero folded before Flop (didn't bet)
Seat 3: 3b1d0295 (button) folded before Flop (didn't bet)
Seat 4: df63fec6 (small blind) folded before Flop
Seat 5: 3c79ced4 (big blind) collected ($0.1)
Seat 6: e4690cdf folded before Flop (didn't bet)


Poker Hand #HD1778171856: Hold'em No Limit ($0.05/$0.1) - 2024/05/18 19:06:55
Table 'NLHRed45' 6-max Seat #2 is the button
Seat 1: ede65a54 ($27.35 in chips)
Seat 2: Hero ($10.1 in chips)
Seat 3: 3b1d0295 ($22.94 in chips)
Seat 4: df63fec6 ($14.52 in chips)
Seat 5: 3c79ced4 ($10 in chips)
Seat 6: e4690cdf ($4.1 in chips)
3b1d0295: posts small blind $0.05
df63fec6: posts big blind $0.1
*** HOLE CARDS ***
Dealt to ede65a54 
Dealt to Hero [8s Jd]
Dealt to 3b1d0295 
Dealt to df63fec6 
Dealt to 3c79ced4 
Dealt to e4690cdf 
3c79ced4: raises $0.14 to $0.24
e4690cdf: folds
ede65a54: folds
Hero: folds
3b1d0295: folds
df63fec6: folds
Uncalled bet ($0.14) returned to 3c79ced4
*** SHOWDOWN ***
3c79ced4 collected $0.25 from pot
*** SUMMARY ***
Total pot $0.25 | Rake $0 | Jackpot $0 | Bingo $0 | Fortune $0 | Tax $0
Seat 1: ede65a54 folded before Flop (didn't bet)
Seat 2: Hero (button) folded before Flop (didn't bet)
Seat 3: 3b1d0295 (small blind) folded before Flop
Seat 4: df63fec6 (big blind) folded before Flop
Seat 5: 3c79ced4 collected ($0.25)
Seat 6: e4690cdf folded before Flop (didn't bet)


Poker Hand #HD1778171776: Hold'em No Limit ($0.05/$0.1) - 2024/05/18 19:06:20
Table 'NLHRed45' 6-max Seat #1 is the button
Seat 1: ede65a54 ($27.35 in chips)
Seat 2: Hero ($10 in chips)
Seat 3: 3b1d0295 ($23.04 in chips)
Seat 4: df63fec6 ($14.52 in chips)
Seat 5: 3c79ced4 ($10 in chips)
Seat 6: e4690cdf ($4.1 in chips)
Hero: posts small blind $0.05
3b1d0295: posts big blind $0.1
*** HOLE CARDS ***
Dealt to ede65a54 
Dealt to Hero [Jc Jd]
Dealt to 3b1d0295 
Dealt to df63fec6 
Dealt to 3c79ced4 
Dealt to e4690cdf 
df63fec6: folds
3c79ced4: folds
e4690cdf: folds
ede65a54: folds
Hero: raises $0.2 to $0.3
3b1d0295: folds
Uncalled bet ($0.2) returned to Hero
*** SHOWDOWN ***
Hero collected $0.2 from pot
*** SUMMARY ***
Total pot $0.2 | Rake $0 | Jackpot $0 | Bingo $0 | Fortune $0 | Tax $0
Seat 1: ede65a54 (button) folded before Flop (didn't bet)
Seat 2: Hero (small blind) collected ($0.2)
Seat 3: 3b1d0295 (big blind) folded before Flop
Seat 4: df63fec6 folded before Flop (didn't bet)
Seat 5: 3c79ced4 folded before Flop (didn't bet)
Seat 6: e4690cdf folded before Flop (didn't bet)


Poker Hand #HD1778171682: Hold'em No Limit ($0.05/$0.1) - 2024/05/18 19:05:42
Table 'NLHRed45' 6-max Seat #6 is the button
Seat 1: ede65a54 ($27.4 in chips)
Seat 2: Hero ($10 in chips)
Seat 3: 3b1d0295 ($23.04 in chips)
Seat 4: df63fec6 ($14.52 in chips)
Seat 5: 3c79ced4 ($10 in chips)
Seat 6: e4690cdf ($3.95 in chips)
ede65a54: posts small blind $0.05
Hero: posts big blind $0.1
*** HOLE CARDS ***
Dealt to ede65a54 
Dealt to Hero [7c 2h]
Dealt to 3b1d0295 
Dealt to df63fec6 
Dealt to 3c79ced4 
Dealt to e4690cdf 
3b1d0295: folds
df63fec6: folds
3c79ced4: folds
e4690cdf: raises $0.1 to $0.2
ede65a54: folds
Hero: folds
Uncalled bet ($0.1) returned to e4690cdf
*** SHOWDOWN ***
e4690cdf collected $0.25 from pot
*** SUMMARY ***
Total pot $0.25 | Rake $0 | Jackpot $0 | Bingo $0 | Fortune $0 | Tax $0
Seat 1: ede65a54 (small blind) folded before Flop
Seat 2: Hero (big blind) folded before Flop
Seat 3: 3b1d0295 folded before Flop (didn't bet)
Seat 4: df63fec6 folded before Flop (didn't bet)
Seat 5: 3c79ced4 folded before Flop (didn't bet)
Seat 6: e4690cdf (button) collected ($0.25)


Poker Hand #HD1778171564: Hold'em No Limit ($0.05/$0.1) - 2024/05/18 19:04:52
Table 'NLHRed45' 6-max Seat #5 is the button
Seat 1: ede65a54 ($26.82 in chips)
Seat 2: Hero ($10 in chips)
Seat 3: 3b1d0295 ($23.04 in chips)
Seat 4: df63fec6 ($14.52 in chips)
Seat 5: 3c79ced4 ($10 in chips)
Seat 6: e4690cdf ($3.7 in chips)
e4690cdf: posts small blind $0.05
ede65a54: posts big blind $0.1
*** HOLE CARDS ***
Dealt to ede65a54 
Dealt to Hero [Qs 4c]
Dealt to 3b1d0295 
Dealt to df63fec6 
Dealt to 3c79ced4 
Dealt to e4690cdf 
Hero: folds
3b1d0295: folds
df63fec6: folds
3c79ced4: raises $0.18 to $0.28
e4690cdf: folds
ede65a54: calls $0.18
*** FLOP *** [6h 5s Td]
ede65a54: checks
3c79ced4: checks
*** TURN *** [6h 5s Td] [2c]
ede65a54: bets $0.31
3c79ced4: calls $0.31
*** RIVER *** [6h 5s Td 2c] [5d]
ede65a54: bets $0.93
3c79ced4: folds
Uncalled bet ($0.93) returned to ede65a54
*** SHOWDOWN ***
ede65a54 collected $1.17 from pot
*** SUMMARY ***
Total pot $1.23 | Rake $0.06 | Jackpot $0 | Bingo $0 | Fortune $0 | Tax $0
Board [6h 5s Td 2c 5d]
Seat 1: ede65a54 (big blind) won ($1.17)
Seat 2: Hero folded before Flop (didn't bet)
Seat 3: 3b1d0295 folded before Flop (didn't bet)
Seat 4: df63fec6 folded before Flop (didn't bet)
Seat 5: 3c79ced4 (button) folded on the River
Seat 6: e4690cdf (small blind) folded before Flop


Poker Hand #HD1778171514: Hold'em No Limit ($0.05/$0.1) - 2024/05/18 19:04:27
Table 'NLHRed45' 6-max Seat #4 is the button
Seat 1: ede65a54 ($26.82 in chips)
Seat 2: Hero ($10 in chips)
Seat 3: 3b1d0295 ($23.04 in chips)
Seat 4: df63fec6 ($14.37 in chips)
Seat 5: 3c79ced4 ($10 in chips)
Seat 6: e4690cdf ($3.8 in chips)
3c79ced4: posts small blind $0.05
e4690cdf: posts big blind $0.1
*** HOLE CARDS ***
Dealt to ede65a54 
Dealt to Hero [Ts 3h]
Dealt to 3b1d0295 
Dealt to df63fec6 
Dealt to 3c79ced4 
Dealt to e4690cdf 
ede65a54: folds
Hero: folds
3b1d0295: folds
df63fec6: raises $0.12 to $0.22
3c79ced4: folds
e4690cdf: folds
Uncalled bet ($0.12) returned to df63fec6
*** SHOWDOWN ***
df63fec6 collected $0.25 from pot
*** SUMMARY ***
Total pot $0.25 | Rake $0 | Jackpot $0 | Bingo $0 | Fortune $0 | Tax $0
Seat 1: ede65a54 folded before Flop (didn't bet)
Seat 2: Hero folded before Flop (didn't bet)
Seat 3: 3b1d0295 folded before Flop (didn't bet)
Seat 4: df63fec6 (button) collected ($0.25)
Seat 5: 3c79ced4 (small blind) folded before Flop
Seat 6: e4690cdf (big blind) folded before Flop


Poker Hand #HD1778171313: Hold'em No Limit ($0.05/$0.1) - 2024/05/18 19:03:07
Table 'NLHRed45' 6-max Seat #3 is the button
Seat 1: ede65a54 ($27.57 in chips)
Seat 2: Hero ($10 in chips)
Seat 3: 3b1d0295 ($11.57 in chips)
Seat 4: df63fec6 ($14.42 in chips)
Seat 5: 3c79ced4 ($14.03 in chips)
Seat 6: e4690cdf ($4 in chips)
df63fec6: posts small blind $0.05
3c79ced4: posts big blind $0.1
*** HOLE CARDS ***
Dealt to ede65a54 
Dealt to Hero [7s Qh]
Dealt to 3b1d0295 
Dealt to df63fec6 
Dealt to 3c79ced4 
Dealt to e4690cdf 
e4690cdf: raises $0.1 to $0.2
ede65a54: raises $0.55 to $0.75
Hero: folds
3b1d0295: raises $1.05 to $1.8
df63fec6: folds
3c79ced4: raises $12.23 to $14.03 and is all-in
e4690cdf: folds
ede65a54: folds
3b1d0295: calls $9.77 and is all-in
Uncalled bet ($2.46) returned to 3c79ced4
3c79ced4: shows [Kc Ac]
3b1d0295: shows [Kh Kd]
*** FLOP *** [Jd 3d 2s]
*** TURN *** [Jd 3d 2s] [9c]
*** RIVER *** [Jd 3d 2s 9c] [Ks]
ede65a54: shows [Ah] (Ace-High)
*** SHOWDOWN ***
3b1d0295 collected $23.04 from pot
*** SUMMARY ***
Total pot $24.14 | Rake $1 | Jackpot $0.1 | Bingo $0 | Fortune $0 | Tax $0
Board [Jd 3d 2s 9c Ks]
Seat 1: ede65a54 folded before Flop
Seat 2: Hero folded before Flop (didn't bet)
Seat 3: 3b1d0295 (button) showed [Kh Kd] and won ($23.04) with Three Kings
Seat 4: df63fec6 (small blind) folded before Flop
Seat 5: 3c79ced4 (big blind) showed [Kc Ac] and lost with Pair of Kings
Seat 6: e4690cdf folded before Flop


Poker Hand #HD1778171204: Hold'em No Limit ($0.05/$0.1) - 2024/05/18 19:02:23
Table 'NLHRed45' 6-max Seat #2 is the button
Seat 1: ede65a54 ($27.82 in chips)
Seat 2: Hero ($10 in chips)
Seat 3: 3b1d0295 ($11.82 in chips)
Seat 4: df63fec6 ($13.95 in chips)
Seat 5: 3c79ced4 ($14.03 in chips)
Seat 6: e4690cdf ($4 in chips)
3b1d0295: posts small blind $0.05
df63fec6: posts big blind $0.1
*** HOLE CARDS ***
Dealt to ede65a54 
Dealt to Hero [Jd Tc]
Dealt to 3b1d0295 
Dealt to df63fec6 
Dealt to 3c79ced4 
Dealt to e4690cdf 
3c79ced4: folds
e4690cdf: folds
ede65a54: raises $0.15 to $0.25
Hero: folds
3b1d0295: calls $0.2
df63fec6: raises $0.95 to $1.2
ede65a54: folds
3b1d0295: folds
Uncalled bet ($0.95) returned to df63fec6
*** SHOWDOWN ***
df63fec6 collected $0.72 from pot
*** SUMMARY ***
Total pot $0.75 | Rake $0.03 | Jackpot $0 | Bingo $0 | Fortune $0 | Tax $0
Seat 1: ede65a54 folded before Flop
Seat 2: Hero (button) folded before Flop (didn't bet)
Seat 3: 3b1d0295 (small blind) folded before Flop
Seat 4: df63fec6 (big blind) collected ($0.72)
Seat 5: 3c79ced4 folded before Flop (didn't bet)
Seat 6: e4690cdf folded before Flop (didn't bet)


Poker Hand #HD1778171103: Hold'em No Limit ($0.05/$0.1) - 2024/05/18 19:01:43
Table 'NLHRed45' 6-max Seat #1 is the button
Seat 1: ede65a54 ($28.06 in chips)
Seat 2: Hero ($10 in chips)
Seat 3: 3b1d0295 ($11.92 in chips)
Seat 4: df63fec6 ($13.95 in chips)
Seat 5: 3c79ced4 ($13.67 in chips)
Seat 6: e4690cdf ($4 in chips)
Hero: posts small blind $0.05
3b1d0295: posts big blind $0.1
*** HOLE CARDS ***
Dealt to ede65a54 
Dealt to Hero [4c 3s]
Dealt to 3b1d0295 
Dealt to df63fec6 
Dealt to 3c79ced4 
Dealt to e4690cdf 
df63fec6: folds
3c79ced4: raises $0.14 to $0.24
e4690cdf: folds
ede65a54: calls $0.24
Hero: folds
3b1d0295: folds
*** FLOP *** [9s Js Kh]
3c79ced4: checks
ede65a54: checks
*** TURN *** [9s Js Kh] [3d]
3c79ced4: bets $0.48
ede65a54: folds
Uncalled bet ($0.48) returned to 3c79ced4
*** SHOWDOWN ***
3c79ced4 collected $0.6 from pot
*** SUMMARY ***
Total pot $0.63 | Rake $0.03 | Jackpot $0 | Bingo $0 | Fortune $0 | Tax $0
Board [9s Js Kh 3d]
Seat 1: ede65a54 (button) folded on the Turn
Seat 2: Hero (small blind) folded before Flop
Seat 3: 3b1d0295 (big blind) folded before Flop
Seat 4: df63fec6 folded before Flop (didn't bet)
Seat 5: 3c79ced4 won ($0.6)
Seat 6: e4690cdf folded before Flop (didn't bet)


Poker Hand #HD1778171062: Hold'em No Limit ($0.05/$0.1) - 2024/05/18 19:01:26
Table 'NLHRed45' 6-max Seat #6 is the button
Seat 1: ede65a54 ($28.11 in chips)
Seat 2: Hero ($10 in chips)
Seat 3: 3b1d0295 ($11.92 in chips)
Seat 4: df63fec6 ($13.8 in chips)
Seat 5: 3c79ced4 ($13.67 in chips)
Seat 6: e4690cdf ($3.81 in chips)
ede65a54: posts small blind $0.05
Hero: posts big blind $0.1
*** HOLE CARDS ***
Dealt to ede65a54 
Dealt to Hero [9h 7d]
Dealt to 3b1d0295 
Dealt to df63fec6 
Dealt to 3c79ced4 
Dealt to e4690cdf 
3b1d0295: folds
df63fec6: raises $0.12 to $0.22
3c79ced4: folds
e4690cdf: folds
ede65a54: folds
Hero: folds
Uncalled bet ($0.12) returned to df63fec6
*** SHOWDOWN ***
df63fec6 collected $0.25 from pot
*** SUMMARY ***
Total pot $0.25 | Rake $0 | Jackpot $0 | Bingo $0 | Fortune $0 | Tax $0
Seat 1: ede65a54 (small blind) folded before Flop
Seat 2: Hero (big blind) folded before Flop
Seat 3: 3b1d0295 folded before Flop (didn't bet)
Seat 4: df63fec6 collected ($0.25)
Seat 5: 3c79ced4 folded before Flop (didn't bet)
Seat 6: e4690cdf (button) folded before Flop (didn't bet)


