Poker Hand #HD1787264816: Hold'em No Limit ($0.05/$0.1) - 2024/05/25 16:32:49
Table 'NLHRed32' 6-max Seat #1 is the button
Seat 1: 863ecd6a ($16.39 in chips)
Seat 3: Hero ($10.1 in chips)
Seat 4: fba1d368 ($12.86 in chips)
Seat 6: 81983c ($10.53 in chips)
Hero: posts small blind $0.05
fba1d368: posts big blind $0.1
*** HOLE CARDS ***
Dealt to 863ecd6a 
Dealt to Hero [7s 6d]
Dealt to fba1d368 
Dealt to 81983c 
81983c: raises $0.14 to $0.24
863ecd6a: folds
Hero: folds
fba1d368: folds
Uncalled bet ($0.14) returned to 81983c
*** SHOWDOWN ***
81983c collected $0.25 from pot
*** SUMMARY ***
Total pot $0.25 | Rake $0 | Jackpot $0 | Bingo $0 | Fortune $0 | Tax $0
Seat 1: 863ecd6a (button) folded before Flop (didn't bet)
Seat 3: Hero (small blind) folded before Flop
Seat 4: fba1d368 (big blind) folded before Flop
Seat 6: 81983c collected ($0.25)


Poker Hand #HD1787264775: Hold'em No Limit ($0.05/$0.1) - 2024/05/25 16:32:28
Table 'NLHRed32' 6-max Seat #6 is the button
Seat 1: 863ecd6a ($16.44 in chips)
Seat 3: Hero ($10.05 in chips)
Seat 4: fba1d368 ($12.86 in chips)
Seat 6: 81983c ($10.53 in chips)
863ecd6a: posts small blind $0.05
Hero: posts big blind $0.1
*** HOLE CARDS ***
Dealt to 863ecd6a 
Dealt to Hero [8c 8d]
Dealt to fba1d368 
Dealt to 81983c 
fba1d368: folds
81983c: folds
863ecd6a: folds
Uncalled bet ($0.05) returned to Hero
*** SHOWDOWN ***
Hero collected $0.1 from pot
*** SUMMARY ***
Total pot $0.1 | Rake $0 | Jackpot $0 | Bingo $0 | Fortune $0 | Tax $0
Seat 1: 863ecd6a (small blind) folded before Flop
Seat 3: Hero (big blind) collected ($0.1)
Seat 4: fba1d368 folded before Flop (didn't bet)
Seat 6: 81983c (button) folded before Flop (didn't bet)


Poker Hand #HD1787264749: Hold'em No Limit ($0.05/$0.1) - 2024/05/25 16:32:16
Table 'NLHRed32' 6-max Seat #5 is the button
Seat 1: 863ecd6a ($16.39 in chips)
Seat 2: 185a58c9 ($10 in chips)
Seat 3: Hero ($10.05 in chips)
Seat 4: fba1d368 ($12.86 in chips)
Seat 5: ee50daa6 ($10.08 in chips)
Seat 6: 81983c ($10.58 in chips)
81983c: posts small blind $0.05
863ecd6a: posts big blind $0.1
*** HOLE CARDS ***
Dealt to 863ecd6a 
Dealt to 185a58c9 
Dealt to Hero [Kh 7c]
Dealt to fba1d368 
Dealt to ee50daa6 
Dealt to 81983c 
185a58c9: folds
Hero: folds
fba1d368: folds
ee50daa6: folds
81983c: folds
Uncalled bet ($0.05) returned to 863ecd6a
*** SHOWDOWN ***
863ecd6a collected $0.1 from pot
*** SUMMARY ***
Total pot $0.1 | Rake $0 | Jackpot $0 | Bingo $0 | Fortune $0 | Tax $0
Seat 1: 863ecd6a (big blind) collected ($0.1)
Seat 2: 185a58c9 folded before Flop (didn't bet)
Seat 3: Hero folded before Flop (didn't bet)
Seat 4: fba1d368 folded before Flop (didn't bet)
Seat 5: ee50daa6 (button) folded before Flop (didn't bet)
Seat 6: 81983c (small blind) folded before Flop


Poker Hand #HD1787264678: Hold'em No Limit ($0.05/$0.1) - 2024/05/25 16:31:38
Table 'NLHRed32' 6-max Seat #4 is the button
Seat 1: 863ecd6a ($16.39 in chips)
Seat 2: 185a58c9 ($10 in chips)
Seat 3: Hero ($10.05 in chips)
Seat 4: fba1d368 ($12.86 in chips)
Seat 5: ee50daa6 ($10.28 in chips)
Seat 6: 81983c ($10.4 in chips)
ee50daa6: posts small blind $0.05
81983c: posts big blind $0.1
*** HOLE CARDS ***
Dealt to 863ecd6a 
Dealt to 185a58c9 
Dealt to Hero [Ts 4d]
Dealt to fba1d368 
Dealt to ee50daa6 
Dealt to 81983c 
863ecd6a: folds
185a58c9: folds
Hero: folds
fba1d368: folds
ee50daa6: raises $0.1 to $0.2
81983c: calls $0.1
*** FLOP *** [6c 7h 8d]
ee50daa6: checks
81983c: checks
*** TURN *** [6c 7h 8d] [9h]
ee50daa6: checks
81983c: bets $0.14
ee50daa6: folds
Uncalled bet ($0.14) returned to 81983c
*** SHOWDOWN ***
81983c collected $0.38 from pot
*** SUMMARY ***
Total pot $0.4 | Rake $0.02 | Jackpot $0 | Bingo $0 | Fortune $0 | Tax $0
Board [6c 7h 8d 9h]
Seat 1: 863ecd6a folded before Flop (didn't bet)
Seat 2: 185a58c9 folded before Flop (didn't bet)
Seat 3: Hero folded before Flop (didn't bet)
Seat 4: fba1d368 (button) folded before Flop (didn't bet)
Seat 5: ee50daa6 (small blind) folded on the Turn
Seat 6: 81983c (big blind) won ($0.38)


Poker Hand #HD1787264653: Hold'em No Limit ($0.05/$0.1) - 2024/05/25 16:31:24
Table 'NLHRed32' 6-max Seat #3 is the button
Seat 1: 863ecd6a ($16.39 in chips)
Seat 2: 185a58c9 ($10 in chips)
Seat 3: Hero ($10.05 in chips)
Seat 4: fba1d368 ($12.91 in chips)
Seat 5: ee50daa6 ($10.23 in chips)
Seat 6: 81983c ($10.4 in chips)
fba1d368: posts small blind $0.05
ee50daa6: posts big blind $0.1
*** HOLE CARDS ***
Dealt to 863ecd6a 
Dealt to 185a58c9 
Dealt to Hero [3c As]
Dealt to fba1d368 
Dealt to ee50daa6 
Dealt to 81983c 
81983c: folds
863ecd6a: folds
185a58c9: folds
Hero: folds
fba1d368: folds
Uncalled bet ($0.05) returned to ee50daa6
*** SHOWDOWN ***
ee50daa6 collected $0.1 from pot
*** SUMMARY ***
Total pot $0.1 | Rake $0 | Jackpot $0 | Bingo $0 | Fortune $0 | Tax $0
Seat 1: 863ecd6a folded before Flop (didn't bet)
Seat 2: 185a58c9 folded before Flop (didn't bet)
Seat 3: Hero (button) folded before Flop (didn't bet)
Seat 4: fba1d368 (small blind) folded before Flop
Seat 5: ee50daa6 (big blind) collected ($0.1)
Seat 6: 81983c folded before Flop (didn't bet)


Poker Hand #HD1787264548: Hold'em No Limit ($0.05/$0.1) - 2024/05/25 16:30:32
Table 'NLHRed32' 6-max Seat #2 is the button
Seat 1: 863ecd6a ($16.82 in chips)
Seat 2: 185a58c9 ($10 in chips)
Seat 3: Hero ($10.1 in chips)
Seat 4: fba1d368 ($12.47 in chips)
Seat 5: ee50daa6 ($10.23 in chips)
Seat 6: 81983c ($10.4 in chips)
Hero: posts small blind $0.05
fba1d368: posts big blind $0.1
*** HOLE CARDS ***
Dealt to 863ecd6a 
Dealt to 185a58c9 
Dealt to Hero [5h Jd]
Dealt to fba1d368 
Dealt to ee50daa6 
Dealt to 81983c 
ee50daa6: folds
81983c: folds
863ecd6a: raises $0.1 to $0.2
185a58c9: folds
Hero: folds
fba1d368: calls $0.1
*** FLOP *** [2h 4h 7d]
fba1d368: checks
863ecd6a: checks
*** TURN *** [2h 4h 7d] [Qd]
fba1d368: checks
863ecd6a: bets $0.23
fba1d368: calls $0.23
*** RIVER *** [2h 4h 7d Qd] [6d]
fba1d368: bets $0.91
863ecd6a: folds
Uncalled bet ($0.91) returned to fba1d368
*** SHOWDOWN ***
fba1d368 collected $0.87 from pot
*** SUMMARY ***
Total pot $0.91 | Rake $0.04 | Jackpot $0 | Bingo $0 | Fortune $0 | Tax $0
Board [2h 4h 7d Qd 6d]
Seat 1: 863ecd6a folded on the River
Seat 2: 185a58c9 (button) folded before Flop (didn't bet)
Seat 3: Hero (small blind) folded before Flop
Seat 4: fba1d368 (big blind) won ($0.87)
Seat 5: ee50daa6 folded before Flop (didn't bet)
Seat 6: 81983c folded before Flop (didn't bet)


Poker Hand #HD1787264507: Hold'em No Limit ($0.05/$0.1) - 2024/05/25 16:30:09
Table 'NLHRed32' 6-max Seat #1 is the button
Seat 1: 863ecd6a ($16.82 in chips)
Seat 2: 185a58c9 ($10.05 in chips)
Seat 3: Hero ($10 in chips)
Seat 4: fba1d368 ($12.47 in chips)
Seat 5: ee50daa6 ($10.23 in chips)
Seat 6: 81983c ($10.4 in chips)
185a58c9: posts small blind $0.05
Hero: posts big blind $0.1
*** HOLE CARDS ***
Dealt to 863ecd6a 
Dealt to 185a58c9 
Dealt to Hero [Jh Th]
Dealt to fba1d368 
Dealt to ee50daa6 
Dealt to 81983c 
fba1d368: folds
ee50daa6: folds
81983c: folds
863ecd6a: folds
185a58c9: calls $0.05
Hero: raises $0.3 to $0.4
185a58c9: folds
Uncalled bet ($0.3) returned to Hero
*** SHOWDOWN ***
Hero collected $0.2 from pot
*** SUMMARY ***
Total pot $0.2 | Rake $0 | Jackpot $0 | Bingo $0 | Fortune $0 | Tax $0
Seat 1: 863ecd6a (button) folded before Flop (didn't bet)
Seat 2: 185a58c9 (small blind) folded before Flop
Seat 3: Hero (big blind) collected ($0.2)
Seat 4: fba1d368 folded before Flop (didn't bet)
Seat 5: ee50daa6 folded before Flop (didn't bet)
Seat 6: 81983c folded before Flop (didn't bet)


Poker Hand #HD1787264478: Hold'em No Limit ($0.05/$0.1) - 2024/05/25 16:29:56
Table 'NLHRed32' 6-max Seat #6 is the button
Seat 1: 863ecd6a ($16.87 in chips)
Seat 2: 185a58c9 ($10 in chips)
Seat 3: Hero ($10 in chips)
Seat 4: fba1d368 ($12.47 in chips)
Seat 5: ee50daa6 ($10.23 in chips)
Seat 6: 81983c ($10.4 in chips)
863ecd6a: posts small blind $0.05
185a58c9: posts big blind $0.1
*** HOLE CARDS ***
Dealt to 863ecd6a 
Dealt to 185a58c9 
Dealt to Hero [8s 5h]
Dealt to fba1d368 
Dealt to ee50daa6 
Dealt to 81983c 
Hero: folds
fba1d368: folds
ee50daa6: folds
81983c: folds
863ecd6a: folds
Uncalled bet ($0.05) returned to 185a58c9
*** SHOWDOWN ***
185a58c9 collected $0.1 from pot
*** SUMMARY ***
Total pot $0.1 | Rake $0 | Jackpot $0 | Bingo $0 | Fortune $0 | Tax $0
Seat 1: 863ecd6a (small blind) folded before Flop
Seat 2: 185a58c9 (big blind) collected ($0.1)
Seat 3: Hero folded before Flop (didn't bet)
Seat 4: fba1d368 folded before Flop (didn't bet)
Seat 5: ee50daa6 folded before Flop (didn't bet)
Seat 6: 81983c (button) folded before Flop (didn't bet)


Poker Hand #HD1787264395: Hold'em No Limit ($0.05/$0.1) - 2024/05/25 16:29:14
Table 'NLHRed32' 6-max Seat #5 is the button
Seat 1: 863ecd6a ($16.42 in chips)
Seat 2: 185a58c9 ($10 in chips)
Seat 3: Hero ($10 in chips)
Seat 4: fba1d368 ($12.47 in chips)
Seat 5: ee50daa6 ($10.23 in chips)
Seat 6: 81983c ($10.9 in chips)
81983c: posts small blind $0.05
863ecd6a: posts big blind $0.1
*** HOLE CARDS ***
Dealt to 863ecd6a 
Dealt to 185a58c9 
Dealt to Hero [7h Kd]
Dealt to fba1d368 
Dealt to ee50daa6 
Dealt to 81983c 
185a58c9: folds
Hero: folds
fba1d368: folds
ee50daa6: folds
81983c: raises $0.2 to $0.3
863ecd6a: calls $0.2
*** FLOP *** [Td 9c Qs]
81983c: bets $0.2
863ecd6a: calls $0.2
*** TURN *** [Td 9c Qs] [7s]
81983c: checks
863ecd6a: bets $0.5
81983c: folds
Uncalled bet ($0.5) returned to 863ecd6a
*** SHOWDOWN ***
863ecd6a collected $0.95 from pot
*** SUMMARY ***
Total pot $1 | Rake $0.05 | Jackpot $0 | Bingo $0 | Fortune $0 | Tax $0
Board [Td 9c Qs 7s]
Seat 1: 863ecd6a (big blind) won ($0.95)
Seat 2: 185a58c9 folded before Flop (didn't bet)
Seat 3: Hero folded before Flop (didn't bet)
Seat 4: fba1d368 folded before Flop (didn't bet)
Seat 5: ee50daa6 (button) folded before Flop (didn't bet)
Seat 6: 81983c (small blind) folded on the Turn


Poker Hand #HD1787264316: Hold'em No Limit ($0.05/$0.1) - 2024/05/25 16:28:29
Table 'NLHRed32' 6-max Seat #4 is the button
Seat 1: 863ecd6a ($15.64 in chips)
Seat 2: 185a58c9 ($10 in chips)
Seat 3: Hero ($10.04 in chips)
Seat 4: fba1d368 ($12.47 in chips)
Seat 5: ee50daa6 ($10.28 in chips)
Seat 6: 81983c ($11 in chips)
ee50daa6: posts small blind $0.05
81983c: posts big blind $0.1
*** HOLE CARDS ***
Dealt to 863ecd6a 
Dealt to 185a58c9 
Dealt to Hero [Qc Kc]
Dealt to fba1d368 
Dealt to ee50daa6 
Dealt to 81983c 
863ecd6a: raises $0.1 to $0.2
185a58c9: folds
Hero: raises $0.5 to $0.7
fba1d368: folds
ee50daa6: folds
81983c: folds
863ecd6a: calls $0.5
*** FLOP *** [4c 8d 4h]
863ecd6a: checks
Hero: checks
*** TURN *** [4c 8d 4h] [7s]
863ecd6a: bets $0.78
Hero: folds
Uncalled bet ($0.78) returned to 863ecd6a
*** SHOWDOWN ***
863ecd6a collected $1.48 from pot
*** SUMMARY ***
Total pot $1.55 | Rake $0.07 | Jackpot $0 | Bingo $0 | Fortune $0 | Tax $0
Board [4c 8d 4h 7s]
Seat 1: 863ecd6a won ($1.48)
Seat 2: 185a58c9 folded before Flop (didn't bet)
Seat 3: Hero folded on the Turn
Seat 4: fba1d368 (button) folded before Flop (didn't bet)
Seat 5: ee50daa6 (small blind) folded before Flop
Seat 6: 81983c (big blind) folded before Flop


Poker Hand #HD1787264296: Hold'em No Limit ($0.05/$0.1) - 2024/05/25 16:28:17
Table 'NLHRed32' 6-max Seat #3 is the button
Seat 1: 863ecd6a ($15.64 in chips)
Seat 2: 185a58c9 ($10 in chips)
Seat 3: Hero ($10.04 in chips)
Seat 4: fba1d368 ($12.52 in chips)
Seat 5: ee50daa6 ($10.23 in chips)
Seat 6: 81983c ($11 in chips)
fba1d368: posts small blind $0.05
ee50daa6: posts big blind $0.1
*** HOLE CARDS ***
Dealt to 863ecd6a 
Dealt to 185a58c9 
Dealt to Hero [3s 4d]
Dealt to fba1d368 
Dealt to ee50daa6 
Dealt to 81983c 
81983c: folds
863ecd6a: folds
185a58c9: folds
Hero: folds
fba1d368: folds
Uncalled bet ($0.05) returned to ee50daa6
*** SHOWDOWN ***
ee50daa6 collected $0.1 from pot
*** SUMMARY ***
Total pot $0.1 | Rake $0 | Jackpot $0 | Bingo $0 | Fortune $0 | Tax $0
Seat 1: 863ecd6a folded before Flop (didn't bet)
Seat 2: 185a58c9 folded before Flop (didn't bet)
Seat 3: Hero (button) folded before Flop (didn't bet)
Seat 4: fba1d368 (small blind) folded before Flop
Seat 5: ee50daa6 (big blind) collected ($0.1)
Seat 6: 81983c folded before Flop (didn't bet)


Poker Hand #HD1787264267: Hold'em No Limit ($0.05/$0.1) - 2024/05/25 16:28:06
Table 'NLHRed32' 6-max Seat #2 is the button
Seat 1: 863ecd6a ($15.49 in chips)
Seat 2: 185a58c9 ($10 in chips)
Seat 3: Hero ($10.09 in chips)
Seat 4: fba1d368 ($12.62 in chips)
Seat 5: ee50daa6 ($10.23 in chips)
Seat 6: 81983c ($11 in chips)
Hero: posts small blind $0.05
fba1d368: posts big blind $0.1
*** HOLE CARDS ***
Dealt to 863ecd6a 
Dealt to 185a58c9 
Dealt to Hero [Ts 4c]
Dealt to fba1d368 
Dealt to ee50daa6 
Dealt to 81983c 
ee50daa6: folds
81983c: folds
863ecd6a: raises $0.1 to $0.2
185a58c9: folds
Hero: folds
fba1d368: folds
Uncalled bet ($0.1) returned to 863ecd6a
*** SHOWDOWN ***
863ecd6a collected $0.25 from pot
*** SUMMARY ***
Total pot $0.25 | Rake $0 | Jackpot $0 | Bingo $0 | Fortune $0 | Tax $0
Seat 1: 863ecd6a collected ($0.25)
Seat 2: 185a58c9 (button) folded before Flop (didn't bet)
Seat 3: Hero (small blind) folded before Flop
Seat 4: fba1d368 (big blind) folded before Flop
Seat 5: ee50daa6 folded before Flop (didn't bet)
Seat 6: 81983c folded before Flop (didn't bet)


Poker Hand #HD1787264148: Hold'em No Limit ($0.05/$0.1) - 2024/05/25 16:27:08
Table 'NLHRed32' 6-max Seat #1 is the button
Seat 1: 863ecd6a ($15.49 in chips)
Seat 2: 185a58c9 ($10 in chips)
Seat 3: Hero ($10 in chips)
Seat 4: fba1d368 ($12.62 in chips)
Seat 5: ee50daa6 ($10.23 in chips)
Seat 6: 81983c ($11 in chips)
185a58c9: posts small blind $0.05
Hero: posts big blind $0.1
*** HOLE CARDS ***
Dealt to 863ecd6a 
Dealt to 185a58c9 
Dealt to Hero [Kh 2s]
Dealt to fba1d368 
Dealt to ee50daa6 
Dealt to 81983c 
fba1d368: folds
ee50daa6: folds
81983c: folds
863ecd6a: folds
185a58c9: calls $0.05
Hero: checks
*** FLOP *** [5s Jd 3c]
185a58c9: checks
Hero: checks
*** TURN *** [5s Jd 3c] [4s]
185a58c9: checks
Hero: bets $0.1
185a58c9: folds
Uncalled bet ($0.1) returned to Hero
*** SHOWDOWN ***
Hero collected $0.19 from pot
*** SUMMARY ***
Total pot $0.2 | Rake $0.01 | Jackpot $0 | Bingo $0 | Fortune $0 | Tax $0
Board [5s Jd 3c 4s]
Seat 1: 863ecd6a (button) folded before Flop (didn't bet)
Seat 2: 185a58c9 (small blind) folded on the Turn
Seat 3: Hero (big blind) won ($0.19)
Seat 4: fba1d368 folded before Flop (didn't bet)
Seat 5: ee50daa6 folded before Flop (didn't bet)
Seat 6: 81983c folded before Flop (didn't bet)


