Poker Hand #HD1860597474: Hold'em No Limit ($0.05/$0.1) - 2024/07/17 11:53:46
Table 'NLHRed12' 6-max Seat #2 is the button
Seat 1: c076b0a6 ($10.15 in chips)
Seat 2: 441451d3 ($12.22 in chips)
Seat 3: 2a0774aa ($3.19 in chips)
Seat 4: c831c756 ($9.55 in chips)
Seat 6: Hero ($10 in chips)
2a0774aa: posts small blind $0.05
c831c756: posts big blind $0.1
*** HOLE CARDS ***
Dealt to c076b0a6 
Dealt to 441451d3 
Dealt to 2a0774aa 
Dealt to c831c756 
Dealt to Hero [9d 3s]
Hero: folds
c076b0a6: folds
441451d3: folds
2a0774aa: raises $0.15 to $0.25
c831c756: calls $0.15
*** FLOP *** [Kh Kd Ah]
2a0774aa: checks
c831c756: bets $0.25
2a0774aa: folds
Uncalled bet ($0.25) returned to c831c756
*** SHOWDOWN ***
c831c756 collected $0.48 from pot
*** SUMMARY ***
Total pot $0.5 | Rake $0.02 | Jackpot $0 | Bingo $0 | Fortune $0 | Tax $0
Board [Kh Kd Ah]
Seat 1: c076b0a6 folded before Flop (didn't bet)
Seat 2: 441451d3 (button) folded before Flop (didn't bet)
Seat 3: 2a0774aa (small blind) folded on the Flop
Seat 4: c831c756 (big blind) won ($0.48)
Seat 6: Hero folded before Flop (didn't bet)


Poker Hand #HD1860597431: Hold'em No Limit ($0.05/$0.1) - 2024/07/17 11:53:26
Table 'NLHRed12' 6-max Seat #1 is the button
Seat 1: c076b0a6 ($10.15 in chips)
Seat 2: 441451d3 ($12.27 in chips)
Seat 3: 2a0774aa ($3.29 in chips)
Seat 4: c831c756 ($9.4 in chips)
Seat 6: Hero ($10 in chips)
441451d3: posts small blind $0.05
2a0774aa: posts big blind $0.1
*** HOLE CARDS ***
Dealt to c076b0a6 
Dealt to 441451d3 
Dealt to 2a0774aa 
Dealt to c831c756 
Dealt to Hero [6c 5s]
c831c756: raises $0.15 to $0.25
Hero: folds
c076b0a6: folds
441451d3: folds
2a0774aa: folds
Uncalled bet ($0.15) returned to c831c756
*** SHOWDOWN ***
c831c756 collected $0.25 from pot
*** SUMMARY ***
Total pot $0.25 | Rake $0 | Jackpot $0 | Bingo $0 | Fortune $0 | Tax $0
Seat 1: c076b0a6 (button) folded before Flop (didn't bet)
Seat 2: 441451d3 (small blind) folded before Flop
Seat 3: 2a0774aa (big blind) folded before Flop
Seat 4: c831c756 collected ($0.25)
Seat 6: Hero folded before Flop (didn't bet)


Poker Hand #HD1860597411: Hold'em No Limit ($0.05/$0.1) - 2024/07/17 11:53:14
Table 'NLHRed12' 6-max Seat #6 is the button
Seat 1: c076b0a6 ($10.05 in chips)
Seat 2: 441451d3 ($12.37 in chips)
Seat 3: 2a0774aa ($3.29 in chips)
Seat 4: c831c756 ($9.4 in chips)
Seat 6: Hero ($10 in chips)
c076b0a6: posts small blind $0.05
441451d3: posts big blind $0.1
*** HOLE CARDS ***
Dealt to c076b0a6 
Dealt to 441451d3 
Dealt to 2a0774aa 
Dealt to c831c756 
Dealt to Hero [Th 2s]
2a0774aa: folds
c831c756: folds
Hero: folds
c076b0a6: raises $0.18 to $0.28
441451d3: folds
Uncalled bet ($0.18) returned to c076b0a6
*** SHOWDOWN ***
c076b0a6 collected $0.2 from pot
*** SUMMARY ***
Total pot $0.2 | Rake $0 | Jackpot $0 | Bingo $0 | Fortune $0 | Tax $0
Seat 1: c076b0a6 (small blind) collected ($0.2)
Seat 2: 441451d3 (big blind) folded before Flop
Seat 3: 2a0774aa folded before Flop (didn't bet)
Seat 4: c831c756 folded before Flop (didn't bet)
Seat 6: Hero (button) folded before Flop (didn't bet)


Poker Hand #HD1860597396: Hold'em No Limit ($0.05/$0.1) - 2024/07/17 11:53:07
Table 'NLHRed12' 6-max Seat #4 is the button
Seat 1: c076b0a6 ($10 in chips)
Seat 2: 441451d3 ($12.37 in chips)
Seat 3: 2a0774aa ($3.29 in chips)
Seat 4: c831c756 ($9.4 in chips)
Seat 6: Hero ($10 in chips)
Hero: posts small blind $0.05
c076b0a6: posts big blind $0.1
*** HOLE CARDS ***
Dealt to c076b0a6 
Dealt to 441451d3 
Dealt to 2a0774aa 
Dealt to c831c756 
Dealt to Hero [3s 7s]
441451d3: folds
2a0774aa: folds
c831c756: folds
Hero: folds
Uncalled bet ($0.05) returned to c076b0a6
*** SHOWDOWN ***
c076b0a6 collected $0.1 from pot
*** SUMMARY ***
Total pot $0.1 | Rake $0 | Jackpot $0 | Bingo $0 | Fortune $0 | Tax $0
Seat 1: c076b0a6 (big blind) collected ($0.1)
Seat 2: 441451d3 folded before Flop (didn't bet)
Seat 3: 2a0774aa folded before Flop (didn't bet)
Seat 4: c831c756 (button) folded before Flop (didn't bet)
Seat 6: Hero (small blind) folded before Flop


Poker Hand #HD1860597363: Hold'em No Limit ($0.05/$0.1) - 2024/07/17 11:52:51
Table 'NLHRed12' 6-max Seat #3 is the button
Seat 1: c076b0a6 ($10 in chips)
Seat 2: 441451d3 ($12.37 in chips)
Seat 3: 2a0774aa ($3.14 in chips)
Seat 4: c831c756 ($9.45 in chips)
Seat 6: Hero ($10 in chips)
c831c756: posts small blind $0.05
Hero: posts big blind $0.1
*** HOLE CARDS ***
Dealt to c076b0a6 
Dealt to 441451d3 
Dealt to 2a0774aa 
Dealt to c831c756 
Dealt to Hero [7s 5c]
c076b0a6: folds
441451d3: folds
2a0774aa: raises $0.15 to $0.25
c831c756: folds
Hero: folds
Uncalled bet ($0.15) returned to 2a0774aa
*** SHOWDOWN ***
2a0774aa collected $0.25 from pot
*** SUMMARY ***
Total pot $0.25 | Rake $0 | Jackpot $0 | Bingo $0 | Fortune $0 | Tax $0
Seat 1: c076b0a6 folded before Flop (didn't bet)
Seat 2: 441451d3 folded before Flop (didn't bet)
Seat 3: 2a0774aa (button) collected ($0.25)
Seat 4: c831c756 (small blind) folded before Flop
Seat 6: Hero (big blind) folded before Flop


Poker Hand #HD1860597345: Hold'em No Limit ($0.05/$0.1) - 2024/07/17 11:52:38
Table 'NLHRed12' 6-max Seat #2 is the button
Seat 1: c076b0a6 ($10 in chips)
Seat 2: 441451d3 ($12.37 in chips)
Seat 3: 2a0774aa ($3.19 in chips)
Seat 4: c831c756 ($9.4 in chips)
Seat 6: Hero ($10 in chips)
2a0774aa: posts small blind $0.05
c831c756: posts big blind $0.1
*** HOLE CARDS ***
Dealt to c076b0a6 
Dealt to 441451d3 
Dealt to 2a0774aa 
Dealt to c831c756 
Dealt to Hero [As 8d]
Hero: folds
c076b0a6: folds
441451d3: folds
2a0774aa: folds
Uncalled bet ($0.05) returned to c831c756
*** SHOWDOWN ***
c831c756 collected $0.1 from pot
*** SUMMARY ***
Total pot $0.1 | Rake $0 | Jackpot $0 | Bingo $0 | Fortune $0 | Tax $0
Seat 1: c076b0a6 folded before Flop (didn't bet)
Seat 2: 441451d3 (button) folded before Flop (didn't bet)
Seat 3: 2a0774aa (small blind) folded before Flop
Seat 4: c831c756 (big blind) collected ($0.1)
Seat 6: Hero folded before Flop (didn't bet)


Poker Hand #HD1860597326: Hold'em No Limit ($0.05/$0.1) - 2024/07/17 11:52:26
Table 'NLHRed12' 6-max Seat #1 is the button
Seat 1: c076b0a6 ($10 in chips)
Seat 2: 441451d3 ($12.42 in chips)
Seat 3: 2a0774aa ($3.29 in chips)
Seat 4: c831c756 ($9.25 in chips)
Seat 6: Hero ($10 in chips)
441451d3: posts small blind $0.05
2a0774aa: posts big blind $0.1
*** HOLE CARDS ***
Dealt to c076b0a6 
Dealt to 441451d3 
Dealt to 2a0774aa 
Dealt to c831c756 
Dealt to Hero [2d 5h]
c831c756: raises $0.15 to $0.25
Hero: folds
c076b0a6: folds
441451d3: folds
2a0774aa: folds
Uncalled bet ($0.15) returned to c831c756
*** SHOWDOWN ***
c831c756 collected $0.25 from pot
*** SUMMARY ***
Total pot $0.25 | Rake $0 | Jackpot $0 | Bingo $0 | Fortune $0 | Tax $0
Seat 1: c076b0a6 (button) folded before Flop (didn't bet)
Seat 2: 441451d3 (small blind) folded before Flop
Seat 3: 2a0774aa (big blind) folded before Flop
Seat 4: c831c756 collected ($0.25)
Seat 6: Hero folded before Flop (didn't bet)


Poker Hand #HD1860597280: Hold'em No Limit ($0.05/$0.1) - 2024/07/17 11:51:56
Table 'NLHRed12' 6-max Seat #6 is the button
Seat 1: c076b0a6 ($10 in chips)
Seat 2: 441451d3 ($11.69 in chips)
Seat 3: 2a0774aa ($3.29 in chips)
Seat 4: c831c756 ($10 in chips)
Seat 6: Hero ($10 in chips)
c076b0a6: posts small blind $0.05
441451d3: posts big blind $0.1
c831c756: posts big blind $0.1
*** HOLE CARDS ***
Dealt to c076b0a6 
Dealt to 441451d3 
Dealt to 2a0774aa 
Dealt to c831c756 
Dealt to Hero [Qs 2h]
2a0774aa: folds
c831c756: raises $0.15 to $0.25
Hero: folds
c076b0a6: folds
441451d3: raises $0.5 to $0.75
c831c756: calls $0.5
*** FLOP *** [7d Ks 3s]
441451d3: bets $1.55
c831c756: folds
Uncalled bet ($1.55) returned to 441451d3
*** SHOWDOWN ***
441451d3 collected $1.48 from pot
*** SUMMARY ***
Total pot $1.55 | Rake $0.07 | Jackpot $0 | Bingo $0 | Fortune $0 | Tax $0
Board [7d Ks 3s]
Seat 1: c076b0a6 (small blind) folded before Flop
Seat 2: 441451d3 (big blind) won ($1.48)
Seat 3: 2a0774aa folded before Flop (didn't bet)
Seat 4: c831c756 folded on the Flop
Seat 6: Hero (button) folded before Flop (didn't bet)


Poker Hand #HD1860597262: Hold'em No Limit ($0.05/$0.1) - 2024/07/17 11:51:45
Table 'NLHRed12' 6-max Seat #3 is the button
Seat 1: c076b0a6 ($10 in chips)
Seat 2: 441451d3 ($11.54 in chips)
Seat 3: 2a0774aa ($3.29 in chips)
Seat 6: Hero ($10 in chips)
Hero: posts small blind $0.05
c076b0a6: posts big blind $0.1
*** HOLE CARDS ***
Dealt to c076b0a6 
Dealt to 441451d3 
Dealt to 2a0774aa 
Dealt to Hero [8c 3s]
441451d3: raises $0.15 to $0.25
2a0774aa: folds
Hero: folds
c076b0a6: folds
Uncalled bet ($0.15) returned to 441451d3
*** SHOWDOWN ***
441451d3 collected $0.25 from pot
*** SUMMARY ***
Total pot $0.25 | Rake $0 | Jackpot $0 | Bingo $0 | Fortune $0 | Tax $0
Seat 1: c076b0a6 (big blind) folded before Flop
Seat 2: 441451d3 collected ($0.25)
Seat 3: 2a0774aa (button) folded before Flop (didn't bet)
Seat 6: Hero (small blind) folded before Flop


Poker Hand #HD1860597076: Hold'em No Limit ($0.05/$0.1) - 2024/07/17 11:49:51
Table 'NLHRed12' 6-max Seat #2 is the button
Seat 1: c076b0a6 ($10 in chips)
Seat 2: 441451d3 ($11.54 in chips)
Seat 3: 2a0774aa ($3.34 in chips)
Seat 6: Hero ($10 in chips)
2a0774aa: posts small blind $0.05
Hero: posts big blind $0.1
*** HOLE CARDS ***
Dealt to c076b0a6 
Dealt to 441451d3 
Dealt to 2a0774aa 
Dealt to Hero [Jc Jd]
c076b0a6: raises $0.14 to $0.24
441451d3: folds
2a0774aa: folds
Hero: raises $0.86 to $1.1
c076b0a6: raises $1.15 to $2.25
Hero: raises $7.75 to $10 and is all-in
c076b0a6: calls $7.75 and is all-in
Hero: shows [Jc Jd]
c076b0a6: shows [Ad Ks]
*** FIRST FLOP *** [4d 4c 7s]
*** FIRST TURN *** [4d 4c 7s] [8s]
*** FIRST RIVER *** [4d 4c 7s 8s] [5c]
*** SECOND FLOP *** [As 2s 5d]
*** SECOND TURN *** [As 2s 5d] [8c]
*** SECOND RIVER *** [As 2s 5d 8c] [4s]
*** FIRST SHOWDOWN ***
Hero collected $9.61 from pot
*** SECOND SHOWDOWN ***
c076b0a6 collected $9.6 from pot
*** SUMMARY ***
Total pot $20.05 | Rake $0.74 | Jackpot $0.1 | Bingo $0 | Fortune $0 | Tax $0
Hand was run two times
FIRST Board [4d 4c 7s 8s 5c]
SECOND Board [As 2s 5d 8c 4s]
Seat 1: c076b0a6 showed [Ad Ks] and lost with Pair of Fours, and won ($9.6) with Pair of Aces
Seat 2: 441451d3 (button) folded before Flop (didn't bet)
Seat 3: 2a0774aa (small blind) folded before Flop
Seat 6: Hero (big blind) showed [Jc Jd] and won ($9.61) with Pair of Jacks and Pair of Fours, and lost with Pair of Jacks


