Poker Hand #HD1761161259: Hold'em No Limit ($0.05/$0.1) - 2024/05/06 17:34:13
Table 'NLHRed16' 6-max Seat #2 is the button
Seat 1: 45d95f4f ($25.1 in chips)
Seat 2: 982fe0ed ($16.61 in chips)
Seat 3: Hero ($10.43 in chips)
Seat 4: d6d14b91 ($9.68 in chips)
Seat 5: d83ad15b ($5.42 in chips)
Seat 6: 13f2797e ($9.98 in chips)
Hero: posts small blind $0.05
d6d14b91: posts big blind $0.1
*** HOLE CARDS ***
Dealt to 45d95f4f 
Dealt to 982fe0ed 
Dealt to Hero [8s 7s]
Dealt to d6d14b91 
Dealt to d83ad15b 
Dealt to 13f2797e 
d83ad15b: raises $0.15 to $0.25
13f2797e: folds
45d95f4f: folds
982fe0ed: folds
Hero: folds
d6d14b91: calls $0.15
*** FLOP *** [Ad Jh 3c]
d6d14b91: checks
d83ad15b: checks
*** TURN *** [Ad Jh 3c] [Qs]
d6d14b91: bets $0.28
d83ad15b: calls $0.28
*** RIVER *** [Ad Jh 3c Qs] [9s]
d6d14b91: bets $0.84
d83ad15b: folds
Uncalled bet ($0.84) returned to d6d14b91
*** SHOWDOWN ***
d6d14b91 collected $1.06 from pot
*** SUMMARY ***
Total pot $1.11 | Rake $0.05 | Jackpot $0 | Bingo $0 | Fortune $0 | Tax $0
Board [Ad Jh 3c Qs 9s]
Seat 1: 45d95f4f folded before Flop (didn't bet)
Seat 2: 982fe0ed (button) folded before Flop (didn't bet)
Seat 3: Hero (small blind) folded before Flop
Seat 4: d6d14b91 (big blind) won ($1.06)
Seat 5: d83ad15b folded on the River
Seat 6: 13f2797e folded before Flop (didn't bet)


Poker Hand #HD1761161200: Hold'em No Limit ($0.05/$0.1) - 2024/05/06 17:33:45
Table 'NLHRed16' 6-max Seat #1 is the button
Seat 1: 45d95f4f ($25.1 in chips)
Seat 2: 982fe0ed ($16.66 in chips)
Seat 3: Hero ($10.53 in chips)
Seat 4: d6d14b91 ($9.68 in chips)
Seat 5: d83ad15b ($5.42 in chips)
Seat 6: 13f2797e ($9.83 in chips)
982fe0ed: posts small blind $0.05
Hero: posts big blind $0.1
*** HOLE CARDS ***
Dealt to 45d95f4f 
Dealt to 982fe0ed 
Dealt to Hero [6h Qh]
Dealt to d6d14b91 
Dealt to d83ad15b 
Dealt to 13f2797e 
d6d14b91: folds
d83ad15b: folds
13f2797e: raises $0.2 to $0.3
45d95f4f: folds
982fe0ed: folds
Hero: folds
Uncalled bet ($0.2) returned to 13f2797e
*** SHOWDOWN ***
13f2797e collected $0.25 from pot
*** SUMMARY ***
Total pot $0.25 | Rake $0 | Jackpot $0 | Bingo $0 | Fortune $0 | Tax $0
Seat 1: 45d95f4f (button) folded before Flop (didn't bet)
Seat 2: 982fe0ed (small blind) folded before Flop
Seat 3: Hero (big blind) folded before Flop
Seat 4: d6d14b91 folded before Flop (didn't bet)
Seat 5: d83ad15b folded before Flop (didn't bet)
Seat 6: 13f2797e collected ($0.25)


Poker Hand #HD1761161162: Hold'em No Limit ($0.05/$0.1) - 2024/05/06 17:33:25
Table 'NLHRed16' 6-max Seat #6 is the button
Seat 1: 45d95f4f ($25.15 in chips)
Seat 2: 982fe0ed ($16.76 in chips)
Seat 3: Hero ($10.53 in chips)
Seat 4: d6d14b91 ($9.53 in chips)
Seat 5: d83ad15b ($5.42 in chips)
Seat 6: 13f2797e ($9.83 in chips)
45d95f4f: posts small blind $0.05
982fe0ed: posts big blind $0.1
*** HOLE CARDS ***
Dealt to 45d95f4f 
Dealt to 982fe0ed 
Dealt to Hero [Th 7h]
Dealt to d6d14b91 
Dealt to d83ad15b 
Dealt to 13f2797e 
Hero: folds
d6d14b91: raises $0.1 to $0.2
d83ad15b: folds
13f2797e: folds
45d95f4f: folds
982fe0ed: folds
Uncalled bet ($0.1) returned to d6d14b91
*** SHOWDOWN ***
d6d14b91 collected $0.25 from pot
*** SUMMARY ***
Total pot $0.25 | Rake $0 | Jackpot $0 | Bingo $0 | Fortune $0 | Tax $0
Seat 1: 45d95f4f (small blind) folded before Flop
Seat 2: 982fe0ed (big blind) folded before Flop
Seat 3: Hero folded before Flop (didn't bet)
Seat 4: d6d14b91 collected ($0.25)
Seat 5: d83ad15b folded before Flop (didn't bet)
Seat 6: 13f2797e (button) folded before Flop (didn't bet)


Poker Hand #HD1761161127: Hold'em No Limit ($0.05/$0.1) - 2024/05/06 17:33:08
Table 'NLHRed16' 6-max Seat #5 is the button
Seat 1: 45d95f4f ($25.25 in chips)
Seat 3: Hero ($10.38 in chips)
Seat 4: d6d14b91 ($9.53 in chips)
Seat 5: d83ad15b ($5.42 in chips)
Seat 6: 13f2797e ($9.88 in chips)
13f2797e: posts small blind $0.05
45d95f4f: posts big blind $0.1
*** HOLE CARDS ***
Dealt to 45d95f4f 
Dealt to Hero [Ts Td]
Dealt to d6d14b91 
Dealt to d83ad15b 
Dealt to 13f2797e 
Hero: raises $0.1 to $0.2
d6d14b91: folds
d83ad15b: folds
13f2797e: folds
45d95f4f: folds
Uncalled bet ($0.1) returned to Hero
*** SHOWDOWN ***
Hero collected $0.25 from pot
*** SUMMARY ***
Total pot $0.25 | Rake $0 | Jackpot $0 | Bingo $0 | Fortune $0 | Tax $0
Seat 1: 45d95f4f (big blind) folded before Flop
Seat 3: Hero collected ($0.25)
Seat 4: d6d14b91 folded before Flop (didn't bet)
Seat 5: d83ad15b (button) folded before Flop (didn't bet)
Seat 6: 13f2797e (small blind) folded before Flop


Poker Hand #HD1761161051: Hold'em No Limit ($0.05/$0.1) - 2024/05/06 17:32:30
Table 'NLHRed16' 6-max Seat #4 is the button
Seat 1: 45d95f4f ($25.25 in chips)
Seat 3: Hero ($10.38 in chips)
Seat 4: d6d14b91 ($9.83 in chips)
Seat 5: d83ad15b ($5.05 in chips)
Seat 6: 13f2797e ($9.98 in chips)
d83ad15b: posts small blind $0.05
13f2797e: posts big blind $0.1
*** HOLE CARDS ***
Dealt to 45d95f4f 
Dealt to Hero [3h 4h]
Dealt to d6d14b91 
Dealt to d83ad15b 
Dealt to 13f2797e 
45d95f4f: folds
Hero: folds
d6d14b91: raises $0.2 to $0.3
d83ad15b: raises $0.7 to $1
13f2797e: folds
d6d14b91: folds
Uncalled bet ($0.7) returned to d83ad15b
*** SHOWDOWN ***
d83ad15b collected $0.67 from pot
*** SUMMARY ***
Total pot $0.7 | Rake $0.03 | Jackpot $0 | Bingo $0 | Fortune $0 | Tax $0
Seat 1: 45d95f4f folded before Flop (didn't bet)
Seat 3: Hero folded before Flop (didn't bet)
Seat 4: d6d14b91 (button) folded before Flop
Seat 5: d83ad15b (small blind) collected ($0.67)
Seat 6: 13f2797e (big blind) folded before Flop


Poker Hand #HD1761161008: Hold'em No Limit ($0.05/$0.1) - 2024/05/06 17:32:11
Table 'NLHRed16' 6-max Seat #3 is the button
Seat 1: 45d95f4f ($25.25 in chips)
Seat 3: Hero ($10.38 in chips)
Seat 4: d6d14b91 ($9.88 in chips)
Seat 5: d83ad15b ($5 in chips)
Seat 6: 13f2797e ($9.98 in chips)
d6d14b91: posts small blind $0.05
d83ad15b: posts big blind $0.1
*** HOLE CARDS ***
Dealt to 45d95f4f 
Dealt to Hero [5s 2s]
Dealt to d6d14b91 
Dealt to d83ad15b 
Dealt to 13f2797e 
13f2797e: folds
45d95f4f: folds
Hero: folds
d6d14b91: folds
Uncalled bet ($0.05) returned to d83ad15b
*** SHOWDOWN ***
d83ad15b collected $0.1 from pot
*** SUMMARY ***
Total pot $0.1 | Rake $0 | Jackpot $0 | Bingo $0 | Fortune $0 | Tax $0
Seat 1: 45d95f4f folded before Flop (didn't bet)
Seat 3: Hero (button) folded before Flop (didn't bet)
Seat 4: d6d14b91 (small blind) folded before Flop
Seat 5: d83ad15b (big blind) collected ($0.1)
Seat 6: 13f2797e folded before Flop (didn't bet)


Poker Hand #HD1761160967: Hold'em No Limit ($0.05/$0.1) - 2024/05/06 17:31:49
Table 'NLHRed16' 6-max Seat #1 is the button
Seat 1: 45d95f4f ($25.25 in chips)
Seat 3: Hero ($10.43 in chips)
Seat 4: d6d14b91 ($9.83 in chips)
Seat 5: d83ad15b ($5 in chips)
Seat 6: 13f2797e ($9.98 in chips)
Hero: posts small blind $0.05
d6d14b91: posts big blind $0.1
*** HOLE CARDS ***
Dealt to 45d95f4f 
Dealt to Hero [8c 4h]
Dealt to d6d14b91 
Dealt to d83ad15b 
Dealt to 13f2797e 
d83ad15b: folds
13f2797e: folds
45d95f4f: folds
Hero: folds
Uncalled bet ($0.05) returned to d6d14b91
*** SHOWDOWN ***
d6d14b91 collected $0.1 from pot
*** SUMMARY ***
Total pot $0.1 | Rake $0 | Jackpot $0 | Bingo $0 | Fortune $0 | Tax $0
Seat 1: 45d95f4f (button) folded before Flop (didn't bet)
Seat 3: Hero (small blind) folded before Flop
Seat 4: d6d14b91 (big blind) collected ($0.1)
Seat 5: d83ad15b folded before Flop (didn't bet)
Seat 6: 13f2797e folded before Flop (didn't bet)


Poker Hand #HD1761160895: Hold'em No Limit ($0.05/$0.1) - 2024/05/06 17:31:11
Table 'NLHRed16' 6-max Seat #6 is the button
Seat 1: 45d95f4f ($25.3 in chips)
Seat 3: Hero ($10.63 in chips)
Seat 4: d6d14b91 ($9.83 in chips)
Seat 5: d83ad15b ($5 in chips)
Seat 6: 13f2797e ($9.75 in chips)
45d95f4f: posts small blind $0.05
Hero: posts big blind $0.1
*** HOLE CARDS ***
Dealt to 45d95f4f 
Dealt to Hero [9s Ah]
Dealt to d6d14b91 
Dealt to d83ad15b 
Dealt to 13f2797e 
d6d14b91: folds
d83ad15b: folds
13f2797e: raises $0.1 to $0.2
45d95f4f: folds
Hero: calls $0.1
*** FLOP *** [Jc Qs 7d]
Hero: checks
13f2797e: bets $0.23
Hero: folds
Uncalled bet ($0.23) returned to 13f2797e
*** SHOWDOWN ***
13f2797e collected $0.43 from pot
*** SUMMARY ***
Total pot $0.45 | Rake $0.02 | Jackpot $0 | Bingo $0 | Fortune $0 | Tax $0
Board [Jc Qs 7d]
Seat 1: 45d95f4f (small blind) folded before Flop
Seat 3: Hero (big blind) folded on the Flop
Seat 4: d6d14b91 folded before Flop (didn't bet)
Seat 5: d83ad15b folded before Flop (didn't bet)
Seat 6: 13f2797e (button) won ($0.43)


Poker Hand #HD1761160865: Hold'em No Limit ($0.05/$0.1) - 2024/05/06 17:30:54
Table 'NLHRed16' 6-max Seat #5 is the button
Seat 1: 45d95f4f ($25.4 in chips)
Seat 3: Hero ($10.63 in chips)
Seat 4: d6d14b91 ($9.83 in chips)
Seat 5: d83ad15b ($4.85 in chips)
Seat 6: 13f2797e ($9.8 in chips)
13f2797e: posts small blind $0.05
45d95f4f: posts big blind $0.1
*** HOLE CARDS ***
Dealt to 45d95f4f 
Dealt to Hero [4h Tc]
Dealt to d6d14b91 
Dealt to d83ad15b 
Dealt to 13f2797e 
Hero: folds
d6d14b91: folds
d83ad15b: raises $0.15 to $0.25
13f2797e: folds
45d95f4f: folds
Uncalled bet ($0.15) returned to d83ad15b
*** SHOWDOWN ***
d83ad15b collected $0.25 from pot
*** SUMMARY ***
Total pot $0.25 | Rake $0 | Jackpot $0 | Bingo $0 | Fortune $0 | Tax $0
Seat 1: 45d95f4f (big blind) folded before Flop
Seat 3: Hero folded before Flop (didn't bet)
Seat 4: d6d14b91 folded before Flop (didn't bet)
Seat 5: d83ad15b (button) collected ($0.25)
Seat 6: 13f2797e (small blind) folded before Flop


Poker Hand #HD1761160772: Hold'em No Limit ($0.05/$0.1) - 2024/05/06 17:30:06
Table 'NLHRed16' 6-max Seat #4 is the button
Seat 1: 45d95f4f ($25.4 in chips)
Seat 3: Hero ($10 in chips)
Seat 4: d6d14b91 ($10.37 in chips)
Seat 5: d83ad15b ($4.9 in chips)
Seat 6: 13f2797e ($9.9 in chips)
d83ad15b: posts small blind $0.05
13f2797e: posts big blind $0.1
*** HOLE CARDS ***
Dealt to 45d95f4f 
Dealt to Hero [Jc As]
Dealt to d6d14b91 
Dealt to d83ad15b 
Dealt to 13f2797e 
45d95f4f: folds
Hero: raises $0.14 to $0.24
d6d14b91: calls $0.24
d83ad15b: folds
13f2797e: folds
*** FLOP *** [Ts 4s 5s]
Hero: bets $0.3
d6d14b91: calls $0.3
*** TURN *** [Ts 4s 5s] [Qd]
Hero: bets $0.82
d6d14b91: folds
Uncalled bet ($0.82) returned to Hero
*** SHOWDOWN ***
Hero collected $1.17 from pot
*** SUMMARY ***
Total pot $1.23 | Rake $0.06 | Jackpot $0 | Bingo $0 | Fortune $0 | Tax $0
Board [Ts 4s 5s Qd]
Seat 1: 45d95f4f folded before Flop (didn't bet)
Seat 3: Hero won ($1.17)
Seat 4: d6d14b91 (button) folded on the Turn
Seat 5: d83ad15b (small blind) folded before Flop
Seat 6: 13f2797e (big blind) folded before Flop


Poker Hand #HD1761160685: Hold'em No Limit ($0.05/$0.1) - 2024/05/06 17:29:23
Table 'NLHRed16' 6-max Seat #3 is the button
Seat 1: 45d95f4f ($25.4 in chips)
Seat 3: Hero ($10 in chips)
Seat 4: d6d14b91 ($10.05 in chips)
Seat 5: d83ad15b ($5 in chips)
Seat 6: 13f2797e ($9.9 in chips)
d6d14b91: posts small blind $0.05
d83ad15b: posts big blind $0.1
*** HOLE CARDS ***
Dealt to 45d95f4f 
Dealt to Hero [7c Jc]
Dealt to d6d14b91 
Dealt to d83ad15b 
Dealt to 13f2797e 
13f2797e: folds
45d95f4f: folds
Hero: raises $0.14 to $0.24
d6d14b91: calls $0.19
d83ad15b: folds
*** FLOP *** [6h 4h 7h]
d6d14b91: checks
Hero: checks
*** TURN *** [6h 4h 7h] [9s]
d6d14b91: bets $0.44
Hero: folds
Uncalled bet ($0.44) returned to d6d14b91
d6d14b91: shows [Qd] (Queen-High)
*** SHOWDOWN ***
d6d14b91 collected $0.56 from pot
*** SUMMARY ***
Total pot $0.58 | Rake $0.02 | Jackpot $0 | Bingo $0 | Fortune $0 | Tax $0
Board [6h 4h 7h 9s]
Seat 1: 45d95f4f folded before Flop (didn't bet)
Seat 3: Hero (button) folded on the Turn
Seat 4: d6d14b91 (small blind) showed [Qd] and won ($0.56)
Seat 5: d83ad15b (big blind) folded before Flop
Seat 6: 13f2797e folded before Flop (didn't bet)


Poker Hand #HD1761160602: Hold'em No Limit ($0.05/$0.1) - 2024/05/06 17:28:41
Table 'NLHRed16' 6-max Seat #1 is the button
Seat 1: 45d95f4f ($25.16 in chips)
Seat 3: Hero ($10 in chips)
Seat 4: d6d14b91 ($10.15 in chips)
Seat 5: d83ad15b ($5 in chips)
Seat 6: 13f2797e ($10 in chips)
Hero: posts small blind $0.05
d6d14b91: posts big blind $0.1
13f2797e: posts big blind $0.1
*** HOLE CARDS ***
Dealt to 45d95f4f 
Dealt to Hero [9c Js]
Dealt to d6d14b91 
Dealt to d83ad15b 
Dealt to 13f2797e 
d83ad15b: folds
13f2797e: checks
45d95f4f: calls $0.1
Hero: folds
d6d14b91: checks
*** FLOP *** [6d 2d 2c]
d6d14b91: checks
13f2797e: checks
45d95f4f: bets $0.1
d6d14b91: folds
13f2797e: folds
Uncalled bet ($0.1) returned to 45d95f4f
*** SHOWDOWN ***
45d95f4f collected $0.34 from pot
*** SUMMARY ***
Total pot $0.35 | Rake $0.01 | Jackpot $0 | Bingo $0 | Fortune $0 | Tax $0
Board [6d 2d 2c]
Seat 1: 45d95f4f (button) won ($0.34)
Seat 3: Hero (small blind) folded before Flop
Seat 4: d6d14b91 (big blind) folded on the Flop
Seat 5: d83ad15b folded before Flop (didn't bet)
Seat 6: 13f2797e folded on the Flop


Poker Hand #HD1761160565: Hold'em No Limit ($0.05/$0.1) - 2024/05/06 17:28:20
Table 'NLHRed16' 6-max Seat #5 is the button
Seat 1: 45d95f4f ($25.21 in chips)
Seat 3: Hero ($10.08 in chips)
Seat 4: d6d14b91 ($10 in chips)
Seat 5: d83ad15b ($5 in chips)
45d95f4f: posts small blind $0.05
Hero: posts big blind $0.1
d6d14b91: posts big blind $0.1
*** HOLE CARDS ***
Dealt to 45d95f4f 
Dealt to Hero [Qs 9h]
Dealt to d6d14b91 
Dealt to d83ad15b 
d6d14b91: raises $0.2 to $0.3
d83ad15b: folds
45d95f4f: folds
Hero: folds
Uncalled bet ($0.2) returned to d6d14b91
*** SHOWDOWN ***
d6d14b91 collected $0.25 from pot
*** SUMMARY ***
Total pot $0.25 | Rake $0 | Jackpot $0 | Bingo $0 | Fortune $0 | Tax $0
Seat 1: 45d95f4f (small blind) folded before Flop
Seat 3: Hero (big blind) folded before Flop
Seat 4: d6d14b91 collected ($0.25)
Seat 5: d83ad15b (button) folded before Flop (didn't bet)


Poker Hand #HD1761160548: Hold'em No Limit ($0.05/$0.1) - 2024/05/06 17:28:10
Table 'NLHRed16' 6-max Seat #3 is the button
Seat 1: 45d95f4f ($25.31 in chips)
Seat 3: Hero ($10.08 in chips)
Seat 5: d83ad15b ($4.9 in chips)
d83ad15b: posts small blind $0.05
45d95f4f: posts big blind $0.1
*** HOLE CARDS ***
Dealt to 45d95f4f 
Dealt to Hero [3d Th]
Dealt to d83ad15b 
Hero: folds
d83ad15b: raises $0.15 to $0.25
45d95f4f: folds
Uncalled bet ($0.15) returned to d83ad15b
*** SHOWDOWN ***
d83ad15b collected $0.2 from pot
*** SUMMARY ***
Total pot $0.2 | Rake $0 | Jackpot $0 | Bingo $0 | Fortune $0 | Tax $0
Seat 1: 45d95f4f (big blind) folded before Flop
Seat 3: Hero (button) folded before Flop (didn't bet)
Seat 5: d83ad15b (small blind) collected ($0.2)


Poker Hand #HD1761160522: Hold'em No Limit ($0.05/$0.1) - 2024/05/06 17:27:58
Table 'NLHRed16' 6-max Seat #1 is the button
Seat 1: 45d95f4f ($25.31 in chips)
Seat 3: Hero ($10.13 in chips)
Seat 5: d83ad15b ($5 in chips)
Seat 6: 2158bc4b ($10.54 in chips)
Hero: posts small blind $0.05
d83ad15b: posts big blind $0.1
*** HOLE CARDS ***
Dealt to 45d95f4f 
Dealt to Hero [9c 3d]
Dealt to d83ad15b 
Dealt to 2158bc4b 
2158bc4b: raises $0.1 to $0.2
45d95f4f: folds
Hero: folds
d83ad15b: folds
Uncalled bet ($0.1) returned to 2158bc4b
*** SHOWDOWN ***
2158bc4b collected $0.25 from pot
*** SUMMARY ***
Total pot $0.25 | Rake $0 | Jackpot $0 | Bingo $0 | Fortune $0 | Tax $0
Seat 1: 45d95f4f (button) folded before Flop (didn't bet)
Seat 3: Hero (small blind) folded before Flop
Seat 5: d83ad15b (big blind) folded before Flop
Seat 6: 2158bc4b collected ($0.25)


Poker Hand #HD1761160496: Hold'em No Limit ($0.05/$0.1) - 2024/05/06 17:27:43
Table 'NLHRed16' 6-max Seat #6 is the button
Seat 1: 45d95f4f ($25.36 in chips)
Seat 3: Hero ($10.08 in chips)
Seat 5: d83ad15b ($5 in chips)
Seat 6: 2158bc4b ($10.54 in chips)
45d95f4f: posts small blind $0.05
Hero: posts big blind $0.1
*** HOLE CARDS ***
Dealt to 45d95f4f 
Dealt to Hero [Qs Kh]
Dealt to d83ad15b 
Dealt to 2158bc4b 
d83ad15b: folds
2158bc4b: folds
45d95f4f: folds
Uncalled bet ($0.05) returned to Hero
*** SHOWDOWN ***
Hero collected $0.1 from pot
*** SUMMARY ***
Total pot $0.1 | Rake $0 | Jackpot $0 | Bingo $0 | Fortune $0 | Tax $0
Seat 1: 45d95f4f (small blind) folded before Flop
Seat 3: Hero (big blind) collected ($0.1)
Seat 5: d83ad15b folded before Flop (didn't bet)
Seat 6: 2158bc4b (button) folded before Flop (didn't bet)


Poker Hand #HD1761160431: Hold'em No Limit ($0.05/$0.1) - 2024/05/06 17:27:15
Table 'NLHRed16' 6-max Seat #5 is the button
Seat 1: 45d95f4f ($25.46 in chips)
Seat 2: 982fe0ed ($16.76 in chips)
Seat 3: Hero ($10.32 in chips)
Seat 5: d83ad15b ($4.74 in chips)
Seat 6: 2158bc4b ($10 in chips)
2158bc4b: posts small blind $0.05
45d95f4f: posts big blind $0.1
*** HOLE CARDS ***
Dealt to 45d95f4f 
Dealt to 982fe0ed 
Dealt to Hero [Ac 8s]
Dealt to d83ad15b 
Dealt to 2158bc4b 
982fe0ed: folds
Hero: raises $0.14 to $0.24
d83ad15b: calls $0.24
2158bc4b: raises $1.16 to $1.4
45d95f4f: folds
Hero: folds
d83ad15b: folds
Uncalled bet ($1.16) returned to 2158bc4b
*** SHOWDOWN ***
2158bc4b collected $0.78 from pot
*** SUMMARY ***
Total pot $0.82 | Rake $0.04 | Jackpot $0 | Bingo $0 | Fortune $0 | Tax $0
Seat 1: 45d95f4f (big blind) folded before Flop
Seat 2: 982fe0ed folded before Flop (didn't bet)
Seat 3: Hero folded before Flop
Seat 5: d83ad15b (button) folded before Flop
Seat 6: 2158bc4b (small blind) collected ($0.78)


Poker Hand #HD1761160408: Hold'em No Limit ($0.05/$0.1) - 2024/05/06 17:27:00
Table 'NLHRed16' 6-max Seat #3 is the button
Seat 1: 45d95f4f ($25.46 in chips)
Seat 2: 982fe0ed ($16.76 in chips)
Seat 3: Hero ($10.17 in chips)
Seat 5: d83ad15b ($4.79 in chips)
Seat 6: 2158bc4b ($10 in chips)
d83ad15b: posts small blind $0.05
2158bc4b: posts big blind $0.1
*** HOLE CARDS ***
Dealt to 45d95f4f 
Dealt to 982fe0ed 
Dealt to Hero [6d 6s]
Dealt to d83ad15b 
Dealt to 2158bc4b 
45d95f4f: folds
982fe0ed: folds
Hero: raises $0.14 to $0.24
d83ad15b: folds
2158bc4b: folds
Uncalled bet ($0.14) returned to Hero
*** SHOWDOWN ***
Hero collected $0.25 from pot
*** SUMMARY ***
Total pot $0.25 | Rake $0 | Jackpot $0 | Bingo $0 | Fortune $0 | Tax $0
Seat 1: 45d95f4f folded before Flop (didn't bet)
Seat 2: 982fe0ed folded before Flop (didn't bet)
Seat 3: Hero (button) collected ($0.25)
Seat 5: d83ad15b (small blind) folded before Flop
Seat 6: 2158bc4b (big blind) folded before Flop


Poker Hand #HD1761160307: Hold'em No Limit ($0.05/$0.1) - 2024/05/06 17:26:07
Table 'NLHRed16' 6-max Seat #2 is the button
Seat 1: 45d95f4f ($25.05 in chips)
Seat 2: 982fe0ed ($16.76 in chips)
Seat 3: Hero ($10.22 in chips)
Seat 5: d83ad15b ($5.19 in chips)
Seat 6: 2158bc4b ($10 in chips)
Hero: posts small blind $0.05
d83ad15b: posts big blind $0.1
*** HOLE CARDS ***
Dealt to 45d95f4f 
Dealt to 982fe0ed 
Dealt to Hero [3h Ac]
Dealt to d83ad15b 
Dealt to 2158bc4b 
2158bc4b: folds
45d95f4f: raises $0.14 to $0.24
982fe0ed: folds
Hero: folds
d83ad15b: calls $0.14
*** FLOP *** [5h Jh 8s]
d83ad15b: checks
45d95f4f: bets $0.16
d83ad15b: calls $0.16
*** TURN *** [5h Jh 8s] [2h]
d83ad15b: checks
45d95f4f: checks
*** RIVER *** [5h Jh 8s 2h] [Kc]
d83ad15b: checks
45d95f4f: bets $0.43
d83ad15b: folds
Uncalled bet ($0.43) returned to 45d95f4f
*** SHOWDOWN ***
45d95f4f collected $0.81 from pot
*** SUMMARY ***
Total pot $0.85 | Rake $0.04 | Jackpot $0 | Bingo $0 | Fortune $0 | Tax $0
Board [5h Jh 8s 2h Kc]
Seat 1: 45d95f4f won ($0.81)
Seat 2: 982fe0ed (button) folded before Flop (didn't bet)
Seat 3: Hero (small blind) folded before Flop
Seat 5: d83ad15b (big blind) folded on the River
Seat 6: 2158bc4b folded before Flop (didn't bet)


Poker Hand #HD1761160275: Hold'em No Limit ($0.05/$0.1) - 2024/05/06 17:25:53
Table 'NLHRed16' 6-max Seat #1 is the button
Seat 1: 45d95f4f ($24.9 in chips)
Seat 2: 982fe0ed ($16.81 in chips)
Seat 3: Hero ($10.32 in chips)
Seat 5: d83ad15b ($5.19 in chips)
Seat 6: 2158bc4b ($10 in chips)
982fe0ed: posts small blind $0.05
Hero: posts big blind $0.1
*** HOLE CARDS ***
Dealt to 45d95f4f 
Dealt to 982fe0ed 
Dealt to Hero [4h Js]
Dealt to d83ad15b 
Dealt to 2158bc4b 
d83ad15b: folds
2158bc4b: folds
45d95f4f: raises $0.1 to $0.2
982fe0ed: folds
Hero: folds
Uncalled bet ($0.1) returned to 45d95f4f
*** SHOWDOWN ***
45d95f4f collected $0.25 from pot
*** SUMMARY ***
Total pot $0.25 | Rake $0 | Jackpot $0 | Bingo $0 | Fortune $0 | Tax $0
Seat 1: 45d95f4f (button) collected ($0.25)
Seat 2: 982fe0ed (small blind) folded before Flop
Seat 3: Hero (big blind) folded before Flop
Seat 5: d83ad15b folded before Flop (didn't bet)
Seat 6: 2158bc4b folded before Flop (didn't bet)


Poker Hand #HD1761160148: Hold'em No Limit ($0.05/$0.1) - 2024/05/06 17:24:54
Table 'NLHRed16' 6-max Seat #6 is the button
Seat 1: 45d95f4f ($24.95 in chips)
Seat 2: 982fe0ed ($16.49 in chips)
Seat 3: Hero ($10.32 in chips)
Seat 5: d83ad15b ($5.19 in chips)
Seat 6: 2158bc4b ($10.28 in chips)
45d95f4f: posts small blind $0.05
982fe0ed: posts big blind $0.1
*** HOLE CARDS ***
Dealt to 45d95f4f 
Dealt to 982fe0ed 
Dealt to Hero [7s Kd]
Dealt to d83ad15b 
Dealt to 2158bc4b 
Hero: folds
d83ad15b: folds
2158bc4b: raises $0.1 to $0.2
45d95f4f: folds
982fe0ed: calls $0.1
*** FLOP *** [Qc As 6h]
982fe0ed: checks
2158bc4b: bets $0.1
982fe0ed: raises $0.45 to $0.55
2158bc4b: folds
Uncalled bet ($0.45) returned to 982fe0ed
*** SHOWDOWN ***
982fe0ed collected $0.62 from pot
*** SUMMARY ***
Total pot $0.65 | Rake $0.03 | Jackpot $0 | Bingo $0 | Fortune $0 | Tax $0
Board [Qc As 6h]
Seat 1: 45d95f4f (small blind) folded before Flop
Seat 2: 982fe0ed (big blind) won ($0.62)
Seat 3: Hero folded before Flop (didn't bet)
Seat 5: d83ad15b folded before Flop (didn't bet)
Seat 6: 2158bc4b (button) folded on the Flop


Poker Hand #HD1761160121: Hold'em No Limit ($0.05/$0.1) - 2024/05/06 17:24:39
Table 'NLHRed16' 6-max Seat #5 is the button
Seat 1: 45d95f4f ($25.05 in chips)
Seat 2: 982fe0ed ($16.49 in chips)
Seat 3: Hero ($10.17 in chips)
Seat 5: d83ad15b ($5.19 in chips)
Seat 6: 2158bc4b ($10.33 in chips)
2158bc4b: posts small blind $0.05
45d95f4f: posts big blind $0.1
*** HOLE CARDS ***
Dealt to 45d95f4f 
Dealt to 982fe0ed 
Dealt to Hero [6c 6d]
Dealt to d83ad15b 
Dealt to 2158bc4b 
982fe0ed: folds
Hero: raises $0.1 to $0.2
d83ad15b: folds
2158bc4b: folds
45d95f4f: folds
Uncalled bet ($0.1) returned to Hero
*** SHOWDOWN ***
Hero collected $0.25 from pot
*** SUMMARY ***
Total pot $0.25 | Rake $0 | Jackpot $0 | Bingo $0 | Fortune $0 | Tax $0
Seat 1: 45d95f4f (big blind) folded before Flop
Seat 2: 982fe0ed folded before Flop (didn't bet)
Seat 3: Hero collected ($0.25)
Seat 5: d83ad15b (button) folded before Flop (didn't bet)
Seat 6: 2158bc4b (small blind) folded before Flop


Poker Hand #HD1761160099: Hold'em No Limit ($0.05/$0.1) - 2024/05/06 17:24:29
Table 'NLHRed16' 6-max Seat #3 is the button
Seat 1: 45d95f4f ($25.05 in chips)
Seat 2: 982fe0ed ($16.49 in chips)
Seat 3: Hero ($10.17 in chips)
Seat 5: d83ad15b ($5.24 in chips)
Seat 6: 2158bc4b ($10.28 in chips)
d83ad15b: posts small blind $0.05
2158bc4b: posts big blind $0.1
*** HOLE CARDS ***
Dealt to 45d95f4f 
Dealt to 982fe0ed 
Dealt to Hero [9d 4s]
Dealt to d83ad15b 
Dealt to 2158bc4b 
45d95f4f: folds
982fe0ed: folds
Hero: folds
d83ad15b: folds
Uncalled bet ($0.05) returned to 2158bc4b
*** SHOWDOWN ***
2158bc4b collected $0.1 from pot
*** SUMMARY ***
Total pot $0.1 | Rake $0 | Jackpot $0 | Bingo $0 | Fortune $0 | Tax $0
Seat 1: 45d95f4f folded before Flop (didn't bet)
Seat 2: 982fe0ed folded before Flop (didn't bet)
Seat 3: Hero (button) folded before Flop (didn't bet)
Seat 5: d83ad15b (small blind) folded before Flop
Seat 6: 2158bc4b (big blind) collected ($0.1)


Poker Hand #HD1761160029: Hold'em No Limit ($0.05/$0.1) - 2024/05/06 17:23:52
Table 'NLHRed16' 6-max Seat #2 is the button
Seat 1: 45d95f4f ($25.05 in chips)
Seat 2: 982fe0ed ($16.49 in chips)
Seat 3: Hero ($10.18 in chips)
Seat 5: d83ad15b ($5.25 in chips)
Seat 6: 2158bc4b ($10.28 in chips)
Hero: posts small blind $0.05
d83ad15b: posts big blind $0.1
*** HOLE CARDS ***
Dealt to 45d95f4f 
Dealt to 982fe0ed 
Dealt to Hero [4c Ah]
Dealt to d83ad15b 
Dealt to 2158bc4b 
2158bc4b: folds
45d95f4f: folds
982fe0ed: folds
Hero: raises $0.2 to $0.3
d83ad15b: calls $0.2
*** FLOP *** [6h 6c 3s]
Hero: checks
d83ad15b: checks
*** TURN *** [6h 6c 3s] [Jh]
Hero: checks
d83ad15b: checks
*** RIVER *** [6h 6c 3s Jh] [3d]
Hero: checks
d83ad15b: checks
Hero: shows [4c Ah] (Pair of Sixes and Pair of Treys)
d83ad15b: shows [9s Ad] (Pair of Sixes and Pair of Treys)
*** SHOWDOWN ***
Hero collected $0.29 from pot
d83ad15b collected $0.29 from pot
*** SUMMARY ***
Total pot $0.6 | Rake $0.02 | Jackpot $0 | Bingo $0 | Fortune $0 | Tax $0
Board [6h 6c 3s Jh 3d]
Seat 1: 45d95f4f folded before Flop (didn't bet)
Seat 2: 982fe0ed (button) folded before Flop (didn't bet)
Seat 3: Hero (small blind) showed [4c Ah] and won ($0.29) with Pair of Sixes and Pair of Treys
Seat 5: d83ad15b (big blind) showed [9s Ad] and won ($0.29) with Pair of Sixes and Pair of Treys
Seat 6: 2158bc4b folded before Flop (didn't bet)


Poker Hand #HD1761160004: Hold'em No Limit ($0.05/$0.1) - 2024/05/06 17:23:38
Table 'NLHRed16' 6-max Seat #1 is the button
Seat 1: 45d95f4f ($24.9 in chips)
Seat 2: 982fe0ed ($16.54 in chips)
Seat 3: Hero ($10.28 in chips)
Seat 5: d83ad15b ($5.25 in chips)
Seat 6: 2158bc4b ($10.28 in chips)
982fe0ed: posts small blind $0.05
Hero: posts big blind $0.1
*** HOLE CARDS ***
Dealt to 45d95f4f 
Dealt to 982fe0ed 
Dealt to Hero [7c Ks]
Dealt to d83ad15b 
Dealt to 2158bc4b 
d83ad15b: folds
2158bc4b: folds
45d95f4f: raises $0.1 to $0.2
982fe0ed: folds
Hero: folds
Uncalled bet ($0.1) returned to 45d95f4f
*** SHOWDOWN ***
45d95f4f collected $0.25 from pot
*** SUMMARY ***
Total pot $0.25 | Rake $0 | Jackpot $0 | Bingo $0 | Fortune $0 | Tax $0
Seat 1: 45d95f4f (button) collected ($0.25)
Seat 2: 982fe0ed (small blind) folded before Flop
Seat 3: Hero (big blind) folded before Flop
Seat 5: d83ad15b folded before Flop (didn't bet)
Seat 6: 2158bc4b folded before Flop (didn't bet)


Poker Hand #HD1761159932: Hold'em No Limit ($0.05/$0.1) - 2024/05/06 17:22:59
Table 'NLHRed16' 6-max Seat #6 is the button
Seat 1: 45d95f4f ($25.1 in chips)
Seat 2: 982fe0ed ($16.64 in chips)
Seat 3: Hero ($10.28 in chips)
Seat 5: d83ad15b ($5.25 in chips)
Seat 6: 2158bc4b ($10 in chips)
45d95f4f: posts small blind $0.05
982fe0ed: posts big blind $0.1
*** HOLE CARDS ***
Dealt to 45d95f4f 
Dealt to 982fe0ed 
Dealt to Hero [8c 7d]
Dealt to d83ad15b 
Dealt to 2158bc4b 
Hero: folds
d83ad15b: folds
2158bc4b: raises $0.1 to $0.2
45d95f4f: calls $0.15
982fe0ed: folds
*** FLOP *** [7c 2s 6c]
45d95f4f: checks
2158bc4b: checks
*** TURN *** [7c 2s 6c] [6h]
45d95f4f: checks
2158bc4b: checks
*** RIVER *** [7c 2s 6c 6h] [3d]
45d95f4f: checks
2158bc4b: checks
45d95f4f: shows [9c Ah] (Pair of Sixes)
2158bc4b: shows [Ac Td] (Pair of Sixes)
*** SHOWDOWN ***
2158bc4b collected $0.48 from pot
*** SUMMARY ***
Total pot $0.5 | Rake $0.02 | Jackpot $0 | Bingo $0 | Fortune $0 | Tax $0
Board [7c 2s 6c 6h 3d]
Seat 1: 45d95f4f (small blind) showed [9c Ah] and lost with Pair of Sixes
Seat 2: 982fe0ed (big blind) folded before Flop
Seat 3: Hero folded before Flop (didn't bet)
Seat 5: d83ad15b folded before Flop (didn't bet)
Seat 6: 2158bc4b (button) showed [Ac Td] and won ($0.48) with Pair of Sixes


Poker Hand #HD1761159904: Hold'em No Limit ($0.05/$0.1) - 2024/05/06 17:22:50
Table 'NLHRed16' 6-max Seat #5 is the button
Seat 1: 45d95f4f ($25.05 in chips)
Seat 2: 982fe0ed ($16.64 in chips)
Seat 3: Hero ($10.28 in chips)
Seat 5: d83ad15b ($5.25 in chips)
Seat 6: 2158bc4b ($10 in chips)
2158bc4b: posts small blind $0.05
45d95f4f: posts big blind $0.1
*** HOLE CARDS ***
Dealt to 45d95f4f 
Dealt to 982fe0ed 
Dealt to Hero [4d 6s]
Dealt to d83ad15b 
Dealt to 2158bc4b 
982fe0ed: folds
Hero: folds
d83ad15b: folds
2158bc4b: folds
Uncalled bet ($0.05) returned to 45d95f4f
*** SHOWDOWN ***
45d95f4f collected $0.1 from pot
*** SUMMARY ***
Total pot $0.1 | Rake $0 | Jackpot $0 | Bingo $0 | Fortune $0 | Tax $0
Seat 1: 45d95f4f (big blind) collected ($0.1)
Seat 2: 982fe0ed folded before Flop (didn't bet)
Seat 3: Hero folded before Flop (didn't bet)
Seat 5: d83ad15b (button) folded before Flop (didn't bet)
Seat 6: 2158bc4b (small blind) folded before Flop


Poker Hand #HD1761159850: Hold'em No Limit ($0.05/$0.1) - 2024/05/06 17:22:18
Table 'NLHRed16' 6-max Seat #4 is the button
Seat 1: 45d95f4f ($25.05 in chips)
Seat 2: 982fe0ed ($16.64 in chips)
Seat 3: Hero ($10.28 in chips)
Seat 4: 742a7aec ($10.21 in chips)
Seat 5: d83ad15b ($5.15 in chips)
Seat 6: 2158bc4b ($10 in chips)
d83ad15b: posts small blind $0.05
2158bc4b: posts big blind $0.1
*** HOLE CARDS ***
Dealt to 45d95f4f 
Dealt to 982fe0ed 
Dealt to Hero [2s 8c]
Dealt to 742a7aec 
Dealt to d83ad15b 
Dealt to 2158bc4b 
45d95f4f: folds
982fe0ed: folds
Hero: folds
742a7aec: folds
d83ad15b: raises $0.15 to $0.25
2158bc4b: folds
Uncalled bet ($0.15) returned to d83ad15b
*** SHOWDOWN ***
d83ad15b collected $0.2 from pot
*** SUMMARY ***
Total pot $0.2 | Rake $0 | Jackpot $0 | Bingo $0 | Fortune $0 | Tax $0
Seat 1: 45d95f4f folded before Flop (didn't bet)
Seat 2: 982fe0ed folded before Flop (didn't bet)
Seat 3: Hero folded before Flop (didn't bet)
Seat 4: 742a7aec (button) folded before Flop (didn't bet)
Seat 5: d83ad15b (small blind) collected ($0.2)
Seat 6: 2158bc4b (big blind) folded before Flop


Poker Hand #HD1761159708: Hold'em No Limit ($0.05/$0.1) - 2024/05/06 17:21:03
Table 'NLHRed16' 6-max Seat #3 is the button
Seat 1: 45d95f4f ($25.05 in chips)
Seat 2: 982fe0ed ($16.64 in chips)
Seat 3: Hero ($10.72 in chips)
Seat 4: 742a7aec ($10.26 in chips)
Seat 5: d83ad15b ($4.7 in chips)
Seat 6: 2158bc4b ($10 in chips)
742a7aec: posts small blind $0.05
d83ad15b: posts big blind $0.1
*** HOLE CARDS ***
Dealt to 45d95f4f 
Dealt to 982fe0ed 
Dealt to Hero [Ah 8c]
Dealt to 742a7aec 
Dealt to d83ad15b 
Dealt to 2158bc4b 
2158bc4b: folds
45d95f4f: folds
982fe0ed: folds
Hero: raises $0.14 to $0.24
742a7aec: folds
d83ad15b: calls $0.14
*** FLOP *** [As Jh 6c]
d83ad15b: checks
Hero: bets $0.2
d83ad15b: calls $0.2
*** TURN *** [As Jh 6c] [Jd]
d83ad15b: checks
Hero: checks
*** RIVER *** [As Jh 6c Jd] [7d]
d83ad15b: bets $0.7
Hero: folds
Uncalled bet ($0.7) returned to d83ad15b
*** SHOWDOWN ***
d83ad15b collected $0.89 from pot
*** SUMMARY ***
Total pot $0.93 | Rake $0.04 | Jackpot $0 | Bingo $0 | Fortune $0 | Tax $0
Board [As Jh 6c Jd 7d]
Seat 1: 45d95f4f folded before Flop (didn't bet)
Seat 2: 982fe0ed folded before Flop (didn't bet)
Seat 3: Hero (button) folded on the River
Seat 4: 742a7aec (small blind) folded before Flop
Seat 5: d83ad15b (big blind) won ($0.89)
Seat 6: 2158bc4b folded before Flop (didn't bet)


Poker Hand #HD1761159576: Hold'em No Limit ($0.05/$0.1) - 2024/05/06 17:19:51
Table 'NLHRed16' 6-max Seat #2 is the button
Seat 1: 45d95f4f ($25.05 in chips)
Seat 2: 982fe0ed ($17.09 in chips)
Seat 3: Hero ($10.77 in chips)
Seat 4: 742a7aec ($9.8 in chips)
Seat 5: d83ad15b ($4.7 in chips)
Seat 6: 2158bc4b ($10 in chips)
Hero: posts small blind $0.05
742a7aec: posts big blind $0.1
*** HOLE CARDS ***
Dealt to 45d95f4f 
Dealt to 982fe0ed 
Dealt to Hero [Qc 8h]
Dealt to 742a7aec 
Dealt to d83ad15b 
Dealt to 2158bc4b 
d83ad15b: folds
2158bc4b: folds
45d95f4f: folds
982fe0ed: raises $0.15 to $0.25
Hero: folds
742a7aec: calls $0.15
*** FLOP *** [Qh Tc 5d]
742a7aec: checks
982fe0ed: bets $0.2
742a7aec: calls $0.2
*** TURN *** [Qh Tc 5d] [8c]
742a7aec: checks
982fe0ed: checks
*** RIVER *** [Qh Tc 5d 8c] [6h]
742a7aec: checks
982fe0ed: checks
742a7aec: shows [Jd As] (Ace-High)
982fe0ed: shows [Kd 7d] (King-High)
*** SHOWDOWN ***
742a7aec collected $0.91 from pot
*** SUMMARY ***
Total pot $0.95 | Rake $0.04 | Jackpot $0 | Bingo $0 | Fortune $0 | Tax $0
Board [Qh Tc 5d 8c 6h]
Seat 1: 45d95f4f folded before Flop (didn't bet)
Seat 2: 982fe0ed (button) showed [Kd 7d] and lost with King-High
Seat 3: Hero (small blind) folded before Flop
Seat 4: 742a7aec (big blind) showed [Jd As] and won ($0.91) with Ace-High
Seat 5: d83ad15b folded before Flop (didn't bet)
Seat 6: 2158bc4b folded before Flop (didn't bet)


Poker Hand #HD1761159477: Hold'em No Limit ($0.05/$0.1) - 2024/05/06 17:19:03
Table 'NLHRed16' 6-max Seat #1 is the button
Seat 1: 45d95f4f ($25.05 in chips)
Seat 2: 982fe0ed ($16.79 in chips)
Seat 3: Hero ($10.87 in chips)
Seat 4: 742a7aec ($9.8 in chips)
Seat 5: d83ad15b ($4.7 in chips)
Seat 6: 2158bc4b ($10.17 in chips)
982fe0ed: posts small blind $0.05
Hero: posts big blind $0.1
*** HOLE CARDS ***
Dealt to 45d95f4f 
Dealt to 982fe0ed 
Dealt to Hero [8d Jc]
Dealt to 742a7aec 
Dealt to d83ad15b 
Dealt to 2158bc4b 
742a7aec: folds
d83ad15b: folds
2158bc4b: raises $0.12 to $0.22
45d95f4f: folds
982fe0ed: raises $0.93 to $1.15
Hero: folds
2158bc4b: folds
Uncalled bet ($0.93) returned to 982fe0ed
*** SHOWDOWN ***
982fe0ed collected $0.52 from pot
*** SUMMARY ***
Total pot $0.54 | Rake $0.02 | Jackpot $0 | Bingo $0 | Fortune $0 | Tax $0
Seat 1: 45d95f4f (button) folded before Flop (didn't bet)
Seat 2: 982fe0ed (small blind) collected ($0.52)
Seat 3: Hero (big blind) folded before Flop
Seat 4: 742a7aec folded before Flop (didn't bet)
Seat 5: d83ad15b folded before Flop (didn't bet)
Seat 6: 2158bc4b folded before Flop


Poker Hand #HD1761159432: Hold'em No Limit ($0.05/$0.1) - 2024/05/06 17:18:38
Table 'NLHRed16' 6-max Seat #6 is the button
Seat 1: 45d95f4f ($25.1 in chips)
Seat 2: 982fe0ed ($16.89 in chips)
Seat 3: Hero ($10.72 in chips)
Seat 4: 742a7aec ($9.8 in chips)
Seat 5: d83ad15b ($4.7 in chips)
Seat 6: 2158bc4b ($10.17 in chips)
45d95f4f: posts small blind $0.05
982fe0ed: posts big blind $0.1
*** HOLE CARDS ***
Dealt to 45d95f4f 
Dealt to 982fe0ed 
Dealt to Hero [Ah Tc]
Dealt to 742a7aec 
Dealt to d83ad15b 
Dealt to 2158bc4b 
Hero: raises $0.1 to $0.2
742a7aec: folds
d83ad15b: folds
2158bc4b: folds
45d95f4f: folds
982fe0ed: folds
Uncalled bet ($0.1) returned to Hero
*** SHOWDOWN ***
Hero collected $0.25 from pot
*** SUMMARY ***
Total pot $0.25 | Rake $0 | Jackpot $0 | Bingo $0 | Fortune $0 | Tax $0
Seat 1: 45d95f4f (small blind) folded before Flop
Seat 2: 982fe0ed (big blind) folded before Flop
Seat 3: Hero collected ($0.25)
Seat 4: 742a7aec folded before Flop (didn't bet)
Seat 5: d83ad15b folded before Flop (didn't bet)
Seat 6: 2158bc4b (button) folded before Flop (didn't bet)


Poker Hand #HD1761159395: Hold'em No Limit ($0.05/$0.1) - 2024/05/06 17:18:20
Table 'NLHRed16' 6-max Seat #5 is the button
Seat 1: 45d95f4f ($25.2 in chips)
Seat 2: 982fe0ed ($16.89 in chips)
Seat 3: Hero ($10.72 in chips)
Seat 4: 742a7aec ($9.65 in chips)
Seat 5: d83ad15b ($4.7 in chips)
Seat 6: 2158bc4b ($10.22 in chips)
2158bc4b: posts small blind $0.05
45d95f4f: posts big blind $0.1
*** HOLE CARDS ***
Dealt to 45d95f4f 
Dealt to 982fe0ed 
Dealt to Hero [3c Js]
Dealt to 742a7aec 
Dealt to d83ad15b 
Dealt to 2158bc4b 
982fe0ed: folds
Hero: folds
742a7aec: raises $0.2 to $0.3
d83ad15b: folds
2158bc4b: folds
45d95f4f: folds
Uncalled bet ($0.2) returned to 742a7aec
*** SHOWDOWN ***
742a7aec collected $0.25 from pot
*** SUMMARY ***
Total pot $0.25 | Rake $0 | Jackpot $0 | Bingo $0 | Fortune $0 | Tax $0
Seat 1: 45d95f4f (big blind) folded before Flop
Seat 2: 982fe0ed folded before Flop (didn't bet)
Seat 3: Hero folded before Flop (didn't bet)
Seat 4: 742a7aec collected ($0.25)
Seat 5: d83ad15b (button) folded before Flop (didn't bet)
Seat 6: 2158bc4b (small blind) folded before Flop


Poker Hand #HD1761159367: Hold'em No Limit ($0.05/$0.1) - 2024/05/06 17:18:05
Table 'NLHRed16' 6-max Seat #4 is the button
Seat 1: 45d95f4f ($25.2 in chips)
Seat 2: 982fe0ed ($16.74 in chips)
Seat 3: Hero ($10.72 in chips)
Seat 4: 742a7aec ($9.65 in chips)
Seat 5: d83ad15b ($4.75 in chips)
Seat 6: 2158bc4b ($10.32 in chips)
d83ad15b: posts small blind $0.05
2158bc4b: posts big blind $0.1
*** HOLE CARDS ***
Dealt to 45d95f4f 
Dealt to 982fe0ed 
Dealt to Hero [8d Kh]
Dealt to 742a7aec 
Dealt to d83ad15b 
Dealt to 2158bc4b 
45d95f4f: folds
982fe0ed: raises $0.15 to $0.25
Hero: folds
742a7aec: folds
d83ad15b: folds
2158bc4b: folds
Uncalled bet ($0.15) returned to 982fe0ed
*** SHOWDOWN ***
982fe0ed collected $0.25 from pot
*** SUMMARY ***
Total pot $0.25 | Rake $0 | Jackpot $0 | Bingo $0 | Fortune $0 | Tax $0
Seat 1: 45d95f4f folded before Flop (didn't bet)
Seat 2: 982fe0ed collected ($0.25)
Seat 3: Hero folded before Flop (didn't bet)
Seat 4: 742a7aec (button) folded before Flop (didn't bet)
Seat 5: d83ad15b (small blind) folded before Flop
Seat 6: 2158bc4b (big blind) folded before Flop


Poker Hand #HD1761159250: Hold'em No Limit ($0.05/$0.1) - 2024/05/06 17:17:07
Table 'NLHRed16' 6-max Seat #3 is the button
Seat 1: 45d95f4f ($25.2 in chips)
Seat 2: 982fe0ed ($16.46 in chips)
Seat 3: Hero ($10.72 in chips)
Seat 4: 742a7aec ($9.7 in chips)
Seat 5: d83ad15b ($5 in chips)
Seat 6: 2158bc4b ($10.32 in chips)
742a7aec: posts small blind $0.05
d83ad15b: posts big blind $0.1
*** HOLE CARDS ***
Dealt to 45d95f4f 
Dealt to 982fe0ed 
Dealt to Hero [Kc 8h]
Dealt to 742a7aec 
Dealt to d83ad15b 
Dealt to 2158bc4b 
2158bc4b: folds
45d95f4f: folds
982fe0ed: raises $0.15 to $0.25
Hero: folds
742a7aec: folds
d83ad15b: calls $0.15
*** FLOP *** [9c 6d Td]
d83ad15b: checks
982fe0ed: bets $0.2
d83ad15b: folds
Uncalled bet ($0.2) returned to 982fe0ed
*** SHOWDOWN ***
982fe0ed collected $0.53 from pot
*** SUMMARY ***
Total pot $0.55 | Rake $0.02 | Jackpot $0 | Bingo $0 | Fortune $0 | Tax $0
Board [9c 6d Td]
Seat 1: 45d95f4f folded before Flop (didn't bet)
Seat 2: 982fe0ed won ($0.53)
Seat 3: Hero (button) folded before Flop (didn't bet)
Seat 4: 742a7aec (small blind) folded before Flop
Seat 5: d83ad15b (big blind) folded on the Flop
Seat 6: 2158bc4b folded before Flop (didn't bet)


Poker Hand #HD1761159116: Hold'em No Limit ($0.05/$0.1) - 2024/05/06 17:16:05
Table 'NLHRed16' 6-max Seat #2 is the button
Seat 1: 45d95f4f ($25.2 in chips)
Seat 2: 982fe0ed ($16.46 in chips)
Seat 3: Hero ($10.77 in chips)
Seat 4: 742a7aec ($10 in chips)
Seat 5: d83ad15b ($5 in chips)
Seat 6: 2158bc4b ($10 in chips)
Hero: posts small blind $0.05
742a7aec: posts big blind $0.1
*** HOLE CARDS ***
Dealt to 45d95f4f 
Dealt to 982fe0ed 
Dealt to Hero [Qd 2s]
Dealt to 742a7aec 
Dealt to d83ad15b 
Dealt to 2158bc4b 
d83ad15b: folds
2158bc4b: raises $0.1 to $0.2
45d95f4f: folds
982fe0ed: folds
Hero: folds
742a7aec: calls $0.1
*** FLOP *** [6h 2h 6d]
742a7aec: checks
2158bc4b: bets $0.1
742a7aec: calls $0.1
*** TURN *** [6h 2h 6d] [Qs]
742a7aec: checks
2158bc4b: bets $0.33
742a7aec: folds
Uncalled bet ($0.33) returned to 2158bc4b
*** SHOWDOWN ***
2158bc4b collected $0.62 from pot
*** SUMMARY ***
Total pot $0.65 | Rake $0.03 | Jackpot $0 | Bingo $0 | Fortune $0 | Tax $0
Board [6h 2h 6d Qs]
Seat 1: 45d95f4f folded before Flop (didn't bet)
Seat 2: 982fe0ed (button) folded before Flop (didn't bet)
Seat 3: Hero (small blind) folded before Flop
Seat 4: 742a7aec (big blind) folded on the Turn
Seat 5: d83ad15b folded before Flop (didn't bet)
Seat 6: 2158bc4b won ($0.62)


Poker Hand #HD1761159026: Hold'em No Limit ($0.05/$0.1) - 2024/05/06 17:15:28
Table 'NLHRed16' 6-max Seat #1 is the button
Seat 1: 45d95f4f ($25.2 in chips)
Seat 2: 982fe0ed ($16.18 in chips)
Seat 3: Hero ($10.87 in chips)
Seat 4: 742a7aec ($10 in chips)
Seat 5: d83ad15b ($5 in chips)
Seat 6: 2158bc4b ($10 in chips)
982fe0ed: posts small blind $0.05
Hero: posts big blind $0.1
*** HOLE CARDS ***
Dealt to 45d95f4f 
Dealt to 982fe0ed 
Dealt to Hero [9c Qc]
Dealt to 742a7aec 
Dealt to d83ad15b 
Dealt to 2158bc4b 
742a7aec: folds
d83ad15b: folds
2158bc4b: raises $0.1 to $0.2
45d95f4f: folds
982fe0ed: raises $0.6 to $0.8
Hero: folds
2158bc4b: folds
Uncalled bet ($0.6) returned to 982fe0ed
*** SHOWDOWN ***
982fe0ed collected $0.48 from pot
*** SUMMARY ***
Total pot $0.5 | Rake $0.02 | Jackpot $0 | Bingo $0 | Fortune $0 | Tax $0
Seat 1: 45d95f4f (button) folded before Flop (didn't bet)
Seat 2: 982fe0ed (small blind) collected ($0.48)
Seat 3: Hero (big blind) folded before Flop
Seat 4: 742a7aec folded before Flop (didn't bet)
Seat 5: d83ad15b folded before Flop (didn't bet)
Seat 6: 2158bc4b folded before Flop


Poker Hand #HD1761158504: Hold'em No Limit ($0.05/$0.1) - 2024/05/06 17:11:04
Table 'NLHRed16' 6-max Seat #4 is the button
Seat 1: 45d95f4f ($13.96 in chips)
Seat 2: 982fe0ed ($16.97 in chips)
Seat 3: Hero ($10.72 in chips)
Seat 4: 742a7aec ($11.55 in chips)
Seat 5: d83ad15b ($5 in chips)
Seat 6: 2158bc4b ($10 in chips)
d83ad15b: posts small blind $0.05
2158bc4b: posts big blind $0.1
*** HOLE CARDS ***
Dealt to 45d95f4f 
Dealt to 982fe0ed 
Dealt to Hero [9d Qd]
Dealt to 742a7aec 
Dealt to d83ad15b 
Dealt to 2158bc4b 
45d95f4f: folds
982fe0ed: folds
Hero: raises $0.14 to $0.24
742a7aec: folds
d83ad15b: folds
2158bc4b: folds
Uncalled bet ($0.14) returned to Hero
*** SHOWDOWN ***
Hero collected $0.25 from pot
*** SUMMARY ***
Total pot $0.25 | Rake $0 | Jackpot $0 | Bingo $0 | Fortune $0 | Tax $0
Seat 1: 45d95f4f folded before Flop (didn't bet)
Seat 2: 982fe0ed folded before Flop (didn't bet)
Seat 3: Hero collected ($0.25)
Seat 4: 742a7aec (button) folded before Flop (didn't bet)
Seat 5: d83ad15b (small blind) folded before Flop
Seat 6: 2158bc4b (big blind) folded before Flop


Poker Hand #HD1761158419: Hold'em No Limit ($0.05/$0.1) - 2024/05/06 17:10:25
Table 'NLHRed16' 6-max Seat #3 is the button
Seat 1: 45d95f4f ($13.96 in chips)
Seat 2: 982fe0ed ($16.97 in chips)
Seat 3: Hero ($10.18 in chips)
Seat 4: 742a7aec ($11.6 in chips)
Seat 5: d83ad15b ($5 in chips)
742a7aec: posts small blind $0.05
d83ad15b: posts big blind $0.1
*** HOLE CARDS ***
Dealt to 45d95f4f 
Dealt to 982fe0ed 
Dealt to Hero [Th Qc]
Dealt to 742a7aec 
Dealt to d83ad15b 
45d95f4f: folds
982fe0ed: folds
Hero: raises $0.14 to $0.24
742a7aec: folds
d83ad15b: calls $0.14
*** FLOP *** [8s 9s Jd]
d83ad15b: checks
Hero: bets $0.3
d83ad15b: calls $0.3
*** TURN *** [8s 9s Jd] [7s]
d83ad15b: checks
Hero: bets $0.75
d83ad15b: folds
Uncalled bet ($0.75) returned to Hero
*** SHOWDOWN ***
Hero collected $1.08 from pot
*** SUMMARY ***
Total pot $1.13 | Rake $0.05 | Jackpot $0 | Bingo $0 | Fortune $0 | Tax $0
Board [8s 9s Jd 7s]
Seat 1: 45d95f4f folded before Flop (didn't bet)
Seat 2: 982fe0ed folded before Flop (didn't bet)
Seat 3: Hero (button) won ($1.08)
Seat 4: 742a7aec (small blind) folded before Flop
Seat 5: d83ad15b (big blind) folded on the Turn


Poker Hand #HD1761158372: Hold'em No Limit ($0.05/$0.1) - 2024/05/06 17:09:59
Table 'NLHRed16' 6-max Seat #2 is the button
Seat 1: 45d95f4f ($13.96 in chips)
Seat 2: 982fe0ed ($16.69 in chips)
Seat 3: Hero ($10.23 in chips)
Seat 4: 742a7aec ($11.85 in chips)
Seat 5: d83ad15b ($5 in chips)
Hero: posts small blind $0.05
742a7aec: posts big blind $0.1
*** HOLE CARDS ***
Dealt to 45d95f4f 
Dealt to 982fe0ed 
Dealt to Hero [Ks 8c]
Dealt to 742a7aec 
Dealt to d83ad15b 
d83ad15b: folds
45d95f4f: folds
982fe0ed: raises $0.15 to $0.25
Hero: folds
742a7aec: calls $0.15
*** FLOP *** [Jd Td As]
742a7aec: checks
982fe0ed: bets $0.2
742a7aec: folds
Uncalled bet ($0.2) returned to 982fe0ed
*** SHOWDOWN ***
982fe0ed collected $0.53 from pot
*** SUMMARY ***
Total pot $0.55 | Rake $0.02 | Jackpot $0 | Bingo $0 | Fortune $0 | Tax $0
Board [Jd Td As]
Seat 1: 45d95f4f folded before Flop (didn't bet)
Seat 2: 982fe0ed (button) won ($0.53)
Seat 3: Hero (small blind) folded before Flop
Seat 4: 742a7aec (big blind) folded on the Flop
Seat 5: d83ad15b folded before Flop (didn't bet)


Poker Hand #HD1761158268: Hold'em No Limit ($0.05/$0.1) - 2024/05/06 17:09:04
Table 'NLHRed16' 6-max Seat #1 is the button
Seat 1: 45d95f4f ($13.96 in chips)
Seat 2: 982fe0ed ($16.74 in chips)
Seat 3: Hero ($10.33 in chips)
Seat 4: 742a7aec ($10.64 in chips)
Seat 5: d83ad15b ($4.85 in chips)
982fe0ed: posts small blind $0.05
Hero: posts big blind $0.1
*** HOLE CARDS ***
Dealt to 45d95f4f 
Dealt to 982fe0ed 
Dealt to Hero [5c Tc]
Dealt to 742a7aec 
Dealt to d83ad15b 
742a7aec: raises $0.2 to $0.3
d83ad15b: calls $0.3
45d95f4f: folds
982fe0ed: folds
Hero: folds
*** FLOP *** [7s 7c 2h]
742a7aec: bets $0.25
d83ad15b: calls $0.25
*** TURN *** [7s 7c 2h] [8s]
742a7aec: bets $0.63
d83ad15b: calls $0.63
*** RIVER *** [7s 7c 2h 8s] [5h]
742a7aec: checks
d83ad15b: checks
742a7aec: shows [As Kc] (Pair of Sevens)
d83ad15b: shows [Ad Qh] (Pair of Sevens)
*** SHOWDOWN ***
742a7aec collected $2.39 from pot
*** SUMMARY ***
Total pot $2.51 | Rake $0.12 | Jackpot $0 | Bingo $0 | Fortune $0 | Tax $0
Board [7s 7c 2h 8s 5h]
Seat 1: 45d95f4f (button) folded before Flop (didn't bet)
Seat 2: 982fe0ed (small blind) folded before Flop
Seat 3: Hero (big blind) folded before Flop
Seat 4: 742a7aec showed [As Kc] and won ($2.39) with Pair of Sevens
Seat 5: d83ad15b showed [Ad Qh] and lost with Pair of Sevens


Poker Hand #HD1761158245: Hold'em No Limit ($0.05/$0.1) - 2024/05/06 17:08:52
Table 'NLHRed16' 6-max Seat #5 is the button
Seat 1: 45d95f4f ($14.01 in chips)
Seat 2: 982fe0ed ($16.69 in chips)
Seat 3: Hero ($10.33 in chips)
Seat 4: 742a7aec ($10.64 in chips)
Seat 5: d83ad15b ($4.85 in chips)
45d95f4f: posts small blind $0.05
982fe0ed: posts big blind $0.1
*** HOLE CARDS ***
Dealt to 45d95f4f 
Dealt to 982fe0ed 
Dealt to Hero [Td 7s]
Dealt to 742a7aec 
Dealt to d83ad15b 
Hero: folds
742a7aec: folds
d83ad15b: folds
45d95f4f: folds
Uncalled bet ($0.05) returned to 982fe0ed
*** SHOWDOWN ***
982fe0ed collected $0.1 from pot
*** SUMMARY ***
Total pot $0.1 | Rake $0 | Jackpot $0 | Bingo $0 | Fortune $0 | Tax $0
Seat 1: 45d95f4f (small blind) folded before Flop
Seat 2: 982fe0ed (big blind) collected ($0.1)
Seat 3: Hero folded before Flop (didn't bet)
Seat 4: 742a7aec folded before Flop (didn't bet)
Seat 5: d83ad15b (button) folded before Flop (didn't bet)


Poker Hand #HD1761158230: Hold'em No Limit ($0.05/$0.1) - 2024/05/06 17:08:43
Table 'NLHRed16' 6-max Seat #4 is the button
Seat 1: 45d95f4f ($13.96 in chips)
Seat 2: 982fe0ed ($16.69 in chips)
Seat 3: Hero ($10.33 in chips)
Seat 4: 742a7aec ($10.64 in chips)
Seat 5: d83ad15b ($4.9 in chips)
d83ad15b: posts small blind $0.05
45d95f4f: posts big blind $0.1
*** HOLE CARDS ***
Dealt to 45d95f4f 
Dealt to 982fe0ed 
Dealt to Hero [4h 9d]
Dealt to 742a7aec 
Dealt to d83ad15b 
982fe0ed: folds
Hero: folds
742a7aec: folds
d83ad15b: folds
Uncalled bet ($0.05) returned to 45d95f4f
*** SHOWDOWN ***
45d95f4f collected $0.1 from pot
*** SUMMARY ***
Total pot $0.1 | Rake $0 | Jackpot $0 | Bingo $0 | Fortune $0 | Tax $0
Seat 1: 45d95f4f (big blind) collected ($0.1)
Seat 2: 982fe0ed folded before Flop (didn't bet)
Seat 3: Hero folded before Flop (didn't bet)
Seat 4: 742a7aec (button) folded before Flop (didn't bet)
Seat 5: d83ad15b (small blind) folded before Flop


Poker Hand #HD1761158207: Hold'em No Limit ($0.05/$0.1) - 2024/05/06 17:08:28
Table 'NLHRed16' 6-max Seat #3 is the button
Seat 1: 45d95f4f ($13.96 in chips)
Seat 2: 982fe0ed ($16.69 in chips)
Seat 3: Hero ($10.33 in chips)
Seat 4: 742a7aec ($10.54 in chips)
Seat 5: d83ad15b ($5 in chips)
Seat 6: 36f16ec ($11.14 in chips)
742a7aec: posts small blind $0.05
d83ad15b: posts big blind $0.1
*** HOLE CARDS ***
Dealt to 45d95f4f 
Dealt to 982fe0ed 
Dealt to Hero [Qc 7h]
Dealt to 742a7aec 
Dealt to d83ad15b 
Dealt to 36f16ec 
36f16ec: folds
45d95f4f: folds
982fe0ed: folds
Hero: folds
742a7aec: raises $0.2 to $0.3
d83ad15b: folds
Uncalled bet ($0.2) returned to 742a7aec
*** SHOWDOWN ***
742a7aec collected $0.2 from pot
*** SUMMARY ***
Total pot $0.2 | Rake $0 | Jackpot $0 | Bingo $0 | Fortune $0 | Tax $0
Seat 1: 45d95f4f folded before Flop (didn't bet)
Seat 2: 982fe0ed folded before Flop (didn't bet)
Seat 3: Hero (button) folded before Flop (didn't bet)
Seat 4: 742a7aec (small blind) collected ($0.2)
Seat 5: d83ad15b (big blind) folded before Flop
Seat 6: 36f16ec folded before Flop (didn't bet)


Poker Hand #HD1761158181: Hold'em No Limit ($0.05/$0.1) - 2024/05/06 17:08:14
Table 'NLHRed16' 6-max Seat #2 is the button
Seat 1: 45d95f4f ($13.96 in chips)
Seat 2: 982fe0ed ($16.69 in chips)
Seat 3: Hero ($10.23 in chips)
Seat 4: 742a7aec ($10.64 in chips)
Seat 5: d83ad15b ($5 in chips)
Seat 6: 36f16ec ($11.14 in chips)
Hero: posts small blind $0.05
742a7aec: posts big blind $0.1
*** HOLE CARDS ***
Dealt to 45d95f4f 
Dealt to 982fe0ed 
Dealt to Hero [7c 5c]
Dealt to 742a7aec 
Dealt to d83ad15b 
Dealt to 36f16ec 
d83ad15b: folds
36f16ec: folds
45d95f4f: folds
982fe0ed: folds
Hero: raises $0.2 to $0.3
742a7aec: folds
Uncalled bet ($0.2) returned to Hero
*** SHOWDOWN ***
Hero collected $0.2 from pot
*** SUMMARY ***
Total pot $0.2 | Rake $0 | Jackpot $0 | Bingo $0 | Fortune $0 | Tax $0
Seat 1: 45d95f4f folded before Flop (didn't bet)
Seat 2: 982fe0ed (button) folded before Flop (didn't bet)
Seat 3: Hero (small blind) collected ($0.2)
Seat 4: 742a7aec (big blind) folded before Flop
Seat 5: d83ad15b folded before Flop (didn't bet)
Seat 6: 36f16ec folded before Flop (didn't bet)


Poker Hand #HD1761158142: Hold'em No Limit ($0.05/$0.1) - 2024/05/06 17:07:52
Table 'NLHRed16' 6-max Seat #1 is the button
Seat 1: 45d95f4f ($13.96 in chips)
Seat 2: 982fe0ed ($16.37 in chips)
Seat 3: Hero ($10.33 in chips)
Seat 4: 742a7aec ($10.64 in chips)
Seat 5: d83ad15b ($4.65 in chips)
Seat 6: 36f16ec ($11.14 in chips)
982fe0ed: posts small blind $0.05
Hero: posts big blind $0.1
*** HOLE CARDS ***
Dealt to 45d95f4f 
Dealt to 982fe0ed 
Dealt to Hero [As 3c]
Dealt to 742a7aec 
Dealt to d83ad15b 
Dealt to 36f16ec 
742a7aec: folds
d83ad15b: raises $0.15 to $0.25
36f16ec: folds
45d95f4f: folds
982fe0ed: raises $1.05 to $1.3
Hero: folds
d83ad15b: folds
Uncalled bet ($1.05) returned to 982fe0ed
*** SHOWDOWN ***
982fe0ed collected $0.57 from pot
*** SUMMARY ***
Total pot $0.6 | Rake $0.03 | Jackpot $0 | Bingo $0 | Fortune $0 | Tax $0
Seat 1: 45d95f4f (button) folded before Flop (didn't bet)
Seat 2: 982fe0ed (small blind) collected ($0.57)
Seat 3: Hero (big blind) folded before Flop
Seat 4: 742a7aec folded before Flop (didn't bet)
Seat 5: d83ad15b folded before Flop
Seat 6: 36f16ec folded before Flop (didn't bet)


Poker Hand #HD1761158039: Hold'em No Limit ($0.05/$0.1) - 2024/05/06 17:06:55
Table 'NLHRed16' 6-max Seat #6 is the button
Seat 1: 45d95f4f ($14.01 in chips)
Seat 2: 982fe0ed ($17 in chips)
Seat 3: Hero ($10.33 in chips)
Seat 4: 742a7aec ($10.02 in chips)
Seat 5: d83ad15b ($4.65 in chips)
Seat 6: 36f16ec ($11.14 in chips)
45d95f4f: posts small blind $0.05
982fe0ed: posts big blind $0.1
*** HOLE CARDS ***
Dealt to 45d95f4f 
Dealt to 982fe0ed 
Dealt to Hero [Js 6h]
Dealt to 742a7aec 
Dealt to d83ad15b 
Dealt to 36f16ec 
Hero: folds
742a7aec: raises $0.2 to $0.3
d83ad15b: folds
36f16ec: folds
45d95f4f: folds
982fe0ed: calls $0.2
*** FLOP *** [Tc Kh 7s]
982fe0ed: checks
742a7aec: checks
*** TURN *** [Tc Kh 7s] [6d]
982fe0ed: checks
742a7aec: bets $0.33
982fe0ed: calls $0.33
*** RIVER *** [Tc Kh 7s 6d] [2h]
982fe0ed: checks
742a7aec: checks
982fe0ed: shows [8s 6s] (Pair of Sixes)
742a7aec: shows [Td Jc] (Pair of Tens)
*** SHOWDOWN ***
742a7aec collected $1.25 from pot
*** SUMMARY ***
Total pot $1.31 | Rake $0.06 | Jackpot $0 | Bingo $0 | Fortune $0 | Tax $0
Board [Tc Kh 7s 6d 2h]
Seat 1: 45d95f4f (small blind) folded before Flop
Seat 2: 982fe0ed (big blind) showed [8s 6s] and lost with Pair of Sixes
Seat 3: Hero folded before Flop (didn't bet)
Seat 4: 742a7aec showed [Td Jc] and won ($1.25) with Pair of Tens
Seat 5: d83ad15b folded before Flop (didn't bet)
Seat 6: 36f16ec (button) folded before Flop (didn't bet)


Poker Hand #HD1761157923: Hold'em No Limit ($0.05/$0.1) - 2024/05/06 17:05:47
Table 'NLHRed16' 6-max Seat #5 is the button
Seat 1: 45d95f4f ($13.73 in chips)
Seat 2: 982fe0ed ($17.25 in chips)
Seat 3: Hero ($10.33 in chips)
Seat 4: 742a7aec ($10.02 in chips)
Seat 5: d83ad15b ($4.65 in chips)
Seat 6: 36f16ec ($11.19 in chips)
36f16ec: posts small blind $0.05
45d95f4f: posts big blind $0.1
*** HOLE CARDS ***
Dealt to 45d95f4f 
Dealt to 982fe0ed 
Dealt to Hero [Kc 2c]
Dealt to 742a7aec 
Dealt to d83ad15b 
Dealt to 36f16ec 
982fe0ed: raises $0.15 to $0.25
Hero: folds
742a7aec: folds
d83ad15b: folds
36f16ec: folds
45d95f4f: calls $0.15
*** FLOP *** [Tc Jh 6c]
45d95f4f: checks
982fe0ed: checks
*** TURN *** [Tc Jh 6c] [6s]
45d95f4f: bets $0.42
982fe0ed: folds
Uncalled bet ($0.42) returned to 45d95f4f
*** SHOWDOWN ***
45d95f4f collected $0.53 from pot
*** SUMMARY ***
Total pot $0.55 | Rake $0.02 | Jackpot $0 | Bingo $0 | Fortune $0 | Tax $0
Board [Tc Jh 6c 6s]
Seat 1: 45d95f4f (big blind) won ($0.53)
Seat 2: 982fe0ed folded on the Turn
Seat 3: Hero folded before Flop (didn't bet)
Seat 4: 742a7aec folded before Flop (didn't bet)
Seat 5: d83ad15b (button) folded before Flop (didn't bet)
Seat 6: 36f16ec (small blind) folded before Flop


Poker Hand #HD1761157862: Hold'em No Limit ($0.05/$0.1) - 2024/05/06 17:05:21
Table 'NLHRed16' 6-max Seat #4 is the button
Seat 1: 45d95f4f ($13.73 in chips)
Seat 2: 982fe0ed ($17.25 in chips)
Seat 3: Hero ($10.33 in chips)
Seat 4: 742a7aec ($10.02 in chips)
Seat 5: d83ad15b ($4.7 in chips)
Seat 6: 36f16ec ($11.14 in chips)
d83ad15b: posts small blind $0.05
36f16ec: posts big blind $0.1
*** HOLE CARDS ***
Dealt to 45d95f4f 
Dealt to 982fe0ed 
Dealt to Hero [9h 5h]
Dealt to 742a7aec 
Dealt to d83ad15b 
Dealt to 36f16ec 
45d95f4f: folds
982fe0ed: folds
Hero: folds
742a7aec: folds
d83ad15b: folds
Uncalled bet ($0.05) returned to 36f16ec
*** SHOWDOWN ***
36f16ec collected $0.1 from pot
*** SUMMARY ***
Total pot $0.1 | Rake $0 | Jackpot $0 | Bingo $0 | Fortune $0 | Tax $0
Seat 1: 45d95f4f folded before Flop (didn't bet)
Seat 2: 982fe0ed folded before Flop (didn't bet)
Seat 3: Hero folded before Flop (didn't bet)
Seat 4: 742a7aec (button) folded before Flop (didn't bet)
Seat 5: d83ad15b (small blind) folded before Flop
Seat 6: 36f16ec (big blind) collected ($0.1)


Poker Hand #HD1761157797: Hold'em No Limit ($0.05/$0.1) - 2024/05/06 17:04:49
Table 'NLHRed16' 6-max Seat #3 is the button
Seat 1: 45d95f4f ($13.73 in chips)
Seat 2: 982fe0ed ($17.25 in chips)
Seat 3: Hero ($10.33 in chips)
Seat 4: 742a7aec ($9.75 in chips)
Seat 5: d83ad15b ($5 in chips)
Seat 6: 36f16ec ($11.14 in chips)
742a7aec: posts small blind $0.05
d83ad15b: posts big blind $0.1
*** HOLE CARDS ***
Dealt to 45d95f4f 
Dealt to 982fe0ed 
Dealt to Hero [5c Qh]
Dealt to 742a7aec 
Dealt to d83ad15b 
Dealt to 36f16ec 
36f16ec: folds
45d95f4f: folds
982fe0ed: folds
Hero: folds
742a7aec: raises $0.2 to $0.3
d83ad15b: calls $0.2
*** FLOP *** [3s 5s 5d]
742a7aec: bets $0.2
d83ad15b: folds
Uncalled bet ($0.2) returned to 742a7aec
*** SHOWDOWN ***
742a7aec collected $0.57 from pot
*** SUMMARY ***
Total pot $0.6 | Rake $0.03 | Jackpot $0 | Bingo $0 | Fortune $0 | Tax $0
Board [3s 5s 5d]
Seat 1: 45d95f4f folded before Flop (didn't bet)
Seat 2: 982fe0ed folded before Flop (didn't bet)
Seat 3: Hero (button) folded before Flop (didn't bet)
Seat 4: 742a7aec (small blind) won ($0.57)
Seat 5: d83ad15b (big blind) folded on the Flop
Seat 6: 36f16ec folded before Flop (didn't bet)


Poker Hand #HD1761157722: Hold'em No Limit ($0.05/$0.1) - 2024/05/06 17:04:13
Table 'NLHRed16' 6-max Seat #2 is the button
Seat 1: 45d95f4f ($13.73 in chips)
Seat 2: 982fe0ed ($16.97 in chips)
Seat 3: Hero ($10.38 in chips)
Seat 4: 742a7aec ($10 in chips)
Seat 5: d83ad15b ($5 in chips)
Seat 6: 36f16ec ($11.14 in chips)
Hero: posts small blind $0.05
742a7aec: posts big blind $0.1
*** HOLE CARDS ***
Dealt to 45d95f4f 
Dealt to 982fe0ed 
Dealt to Hero [9c Qs]
Dealt to 742a7aec 
Dealt to d83ad15b 
Dealt to 36f16ec 
d83ad15b: folds
36f16ec: folds
45d95f4f: folds
982fe0ed: raises $0.15 to $0.25
Hero: folds
742a7aec: calls $0.15
*** FLOP *** [Jh 9s Ks]
742a7aec: checks
982fe0ed: bets $0.29
742a7aec: folds
Uncalled bet ($0.29) returned to 982fe0ed
*** SHOWDOWN ***
982fe0ed collected $0.53 from pot
*** SUMMARY ***
Total pot $0.55 | Rake $0.02 | Jackpot $0 | Bingo $0 | Fortune $0 | Tax $0
Board [Jh 9s Ks]
Seat 1: 45d95f4f folded before Flop (didn't bet)
Seat 2: 982fe0ed (button) won ($0.53)
Seat 3: Hero (small blind) folded before Flop
Seat 4: 742a7aec (big blind) folded on the Flop
Seat 5: d83ad15b folded before Flop (didn't bet)
Seat 6: 36f16ec folded before Flop (didn't bet)


Poker Hand #HD1761157690: Hold'em No Limit ($0.05/$0.1) - 2024/05/06 17:03:56
Table 'NLHRed16' 6-max Seat #1 is the button
Seat 1: 45d95f4f ($13.58 in chips)
Seat 2: 982fe0ed ($17.02 in chips)
Seat 3: Hero ($10.48 in chips)
Seat 5: d83ad15b ($5 in chips)
Seat 6: 36f16ec ($11.14 in chips)
982fe0ed: posts small blind $0.05
Hero: posts big blind $0.1
*** HOLE CARDS ***
Dealt to 45d95f4f 
Dealt to 982fe0ed 
Dealt to Hero [Js 2c]
Dealt to d83ad15b 
Dealt to 36f16ec 
d83ad15b: folds
36f16ec: folds
45d95f4f: raises $0.1 to $0.2
982fe0ed: folds
Hero: folds
Uncalled bet ($0.1) returned to 45d95f4f
*** SHOWDOWN ***
45d95f4f collected $0.25 from pot
*** SUMMARY ***
Total pot $0.25 | Rake $0 | Jackpot $0 | Bingo $0 | Fortune $0 | Tax $0
Seat 1: 45d95f4f (button) collected ($0.25)
Seat 2: 982fe0ed (small blind) folded before Flop
Seat 3: Hero (big blind) folded before Flop
Seat 5: d83ad15b folded before Flop (didn't bet)
Seat 6: 36f16ec folded before Flop (didn't bet)


Poker Hand #HD1761157542: Hold'em No Limit ($0.05/$0.1) - 2024/05/06 17:02:42
Table 'NLHRed16' 6-max Seat #6 is the button
Seat 1: 45d95f4f ($15.13 in chips)
Seat 2: 982fe0ed ($15.72 in chips)
Seat 3: Hero ($10.48 in chips)
Seat 5: d83ad15b ($5 in chips)
Seat 6: 36f16ec ($11.14 in chips)
45d95f4f: posts small blind $0.05
982fe0ed: posts big blind $0.1
*** HOLE CARDS ***
Dealt to 45d95f4f 
Dealt to 982fe0ed 
Dealt to Hero [4h Tc]
Dealt to d83ad15b 
Dealt to 36f16ec 
Hero: folds
d83ad15b: folds
36f16ec: folds
45d95f4f: raises $0.1 to $0.2
982fe0ed: calls $0.1
*** FLOP *** [5h 9c 3d]
45d95f4f: checks
982fe0ed: bets $0.21
45d95f4f: calls $0.21
*** TURN *** [5h 9c 3d] [5s]
45d95f4f: checks
982fe0ed: bets $0.43
45d95f4f: calls $0.43
*** RIVER *** [5h 9c 3d 5s] [5d]
45d95f4f: checks
982fe0ed: bets $0.71
45d95f4f: calls $0.71
982fe0ed: shows [9d 4d] (Fives Full over Nines)
45d95f4f: shows [3c 3s] (Fives Full over Treys)
*** SHOWDOWN ***
982fe0ed collected $2.85 from pot
*** SUMMARY ***
Total pot $3.1 | Rake $0.15 | Jackpot $0.1 | Bingo $0 | Fortune $0 | Tax $0
Board [5h 9c 3d 5s 5d]
Seat 1: 45d95f4f (small blind) showed [3c 3s] and lost with Fives Full over Treys
Seat 2: 982fe0ed (big blind) showed [9d 4d] and won ($2.85) with Fives Full over Nines
Seat 3: Hero folded before Flop (didn't bet)
Seat 5: d83ad15b folded before Flop (didn't bet)
Seat 6: 36f16ec (button) folded before Flop (didn't bet)


Poker Hand #HD1761157415: Hold'em No Limit ($0.05/$0.1) - 2024/05/06 17:01:31
Table 'NLHRed16' 6-max Seat #5 is the button
Seat 1: 45d95f4f ($15.57 in chips)
Seat 2: 982fe0ed ($15.72 in chips)
Seat 3: Hero ($10.03 in chips)
Seat 5: d83ad15b ($5 in chips)
Seat 6: 36f16ec ($11.19 in chips)
36f16ec: posts small blind $0.05
45d95f4f: posts big blind $0.1
*** HOLE CARDS ***
Dealt to 45d95f4f 
Dealt to 982fe0ed 
Dealt to Hero [7h Jh]
Dealt to d83ad15b 
Dealt to 36f16ec 
982fe0ed: folds
Hero: raises $0.14 to $0.24
d83ad15b: folds
36f16ec: folds
45d95f4f: calls $0.14
*** FLOP *** [2s Ks As]
45d95f4f: checks
Hero: checks
*** TURN *** [2s Ks As] [8h]
45d95f4f: checks
Hero: bets $0.2
45d95f4f: calls $0.2
*** RIVER *** [2s Ks As 8h] [8d]
45d95f4f: checks
Hero: bets $0.62
45d95f4f: folds
Uncalled bet ($0.62) returned to Hero
*** SHOWDOWN ***
Hero collected $0.89 from pot
*** SUMMARY ***
Total pot $0.93 | Rake $0.04 | Jackpot $0 | Bingo $0 | Fortune $0 | Tax $0
Board [2s Ks As 8h 8d]
Seat 1: 45d95f4f (big blind) folded on the River
Seat 2: 982fe0ed folded before Flop (didn't bet)
Seat 3: Hero won ($0.89)
Seat 5: d83ad15b (button) folded before Flop (didn't bet)
Seat 6: 36f16ec (small blind) folded before Flop


Poker Hand #HD1761157382: Hold'em No Limit ($0.05/$0.1) - 2024/05/06 17:01:14
Table 'NLHRed16' 6-max Seat #3 is the button
Seat 1: 45d95f4f ($15.57 in chips)
Seat 2: 982fe0ed ($15.72 in chips)
Seat 3: Hero ($10.03 in chips)
Seat 5: d83ad15b ($4.9 in chips)
Seat 6: 36f16ec ($11.29 in chips)
d83ad15b: posts small blind $0.05
36f16ec: posts big blind $0.1
*** HOLE CARDS ***
Dealt to 45d95f4f 
Dealt to 982fe0ed 
Dealt to Hero [3s Ah]
Dealt to d83ad15b 
Dealt to 36f16ec 
45d95f4f: folds
982fe0ed: folds
Hero: folds
d83ad15b: raises $0.15 to $0.25
36f16ec: folds
Uncalled bet ($0.15) returned to d83ad15b
*** SHOWDOWN ***
d83ad15b collected $0.2 from pot
*** SUMMARY ***
Total pot $0.2 | Rake $0 | Jackpot $0 | Bingo $0 | Fortune $0 | Tax $0
Seat 1: 45d95f4f folded before Flop (didn't bet)
Seat 2: 982fe0ed folded before Flop (didn't bet)
Seat 3: Hero (button) folded before Flop (didn't bet)
Seat 5: d83ad15b (small blind) collected ($0.2)
Seat 6: 36f16ec (big blind) folded before Flop


Poker Hand #HD1761157351: Hold'em No Limit ($0.05/$0.1) - 2024/05/06 17:00:58
Table 'NLHRed16' 6-max Seat #2 is the button
Seat 1: 45d95f4f ($15.57 in chips)
Seat 2: 982fe0ed ($15.57 in chips)
Seat 3: Hero ($10.08 in chips)
Seat 5: d83ad15b ($5 in chips)
Seat 6: 36f16ec ($11.29 in chips)
Hero: posts small blind $0.05
d83ad15b: posts big blind $0.1
*** HOLE CARDS ***
Dealt to 45d95f4f 
Dealt to 982fe0ed 
Dealt to Hero [Kc 5c]
Dealt to d83ad15b 
Dealt to 36f16ec 
36f16ec: folds
45d95f4f: folds
982fe0ed: raises $0.15 to $0.25
Hero: folds
d83ad15b: folds
Uncalled bet ($0.15) returned to 982fe0ed
*** SHOWDOWN ***
982fe0ed collected $0.25 from pot
*** SUMMARY ***
Total pot $0.25 | Rake $0 | Jackpot $0 | Bingo $0 | Fortune $0 | Tax $0
Seat 1: 45d95f4f folded before Flop (didn't bet)
Seat 2: 982fe0ed (button) collected ($0.25)
Seat 3: Hero (small blind) folded before Flop
Seat 5: d83ad15b (big blind) folded before Flop
Seat 6: 36f16ec folded before Flop (didn't bet)


Poker Hand #HD1761157305: Hold'em No Limit ($0.05/$0.1) - 2024/05/06 17:00:33
Table 'NLHRed16' 6-max Seat #1 is the button
Seat 1: 45d95f4f ($15.57 in chips)
Seat 2: 982fe0ed ($15.62 in chips)
Seat 3: Hero ($10.18 in chips)
Seat 4: 9a664756 ($10.43 in chips)
Seat 5: d83ad15b ($5 in chips)
Seat 6: 36f16ec ($11.29 in chips)
982fe0ed: posts small blind $0.05
Hero: posts big blind $0.1
*** HOLE CARDS ***
Dealt to 45d95f4f 
Dealt to 982fe0ed 
Dealt to Hero [Jh 3s]
Dealt to 9a664756 
Dealt to d83ad15b 
Dealt to 36f16ec 
9a664756: raises $0.1 to $0.2
d83ad15b: folds
36f16ec: folds
45d95f4f: folds
982fe0ed: folds
Hero: folds
Uncalled bet ($0.1) returned to 9a664756
*** SHOWDOWN ***
9a664756 collected $0.25 from pot
*** SUMMARY ***
Total pot $0.25 | Rake $0 | Jackpot $0 | Bingo $0 | Fortune $0 | Tax $0
Seat 1: 45d95f4f (button) folded before Flop (didn't bet)
Seat 2: 982fe0ed (small blind) folded before Flop
Seat 3: Hero (big blind) folded before Flop
Seat 4: 9a664756 collected ($0.25)
Seat 5: d83ad15b folded before Flop (didn't bet)
Seat 6: 36f16ec folded before Flop (didn't bet)


Poker Hand #HD1761157173: Hold'em No Limit ($0.05/$0.1) - 2024/05/06 16:59:28
Table 'NLHRed16' 6-max Seat #6 is the button
Seat 1: 45d95f4f ($16.19 in chips)
Seat 2: 982fe0ed ($15.06 in chips)
Seat 3: Hero ($10.18 in chips)
Seat 4: 9a664756 ($10.43 in chips)
Seat 5: d83ad15b ($5 in chips)
Seat 6: 36f16ec ($11.29 in chips)
45d95f4f: posts small blind $0.05
982fe0ed: posts big blind $0.1
*** HOLE CARDS ***
Dealt to 45d95f4f 
Dealt to 982fe0ed 
Dealt to Hero [5s Qs]
Dealt to 9a664756 
Dealt to d83ad15b 
Dealt to 36f16ec 
Hero: folds
9a664756: folds
d83ad15b: folds
36f16ec: folds
45d95f4f: raises $0.2 to $0.3
982fe0ed: calls $0.2
*** FLOP *** [7h 6s 2c]
45d95f4f: checks
982fe0ed: bets $0.32
45d95f4f: calls $0.32
*** TURN *** [7h 6s 2c] [7c]
45d95f4f: checks
982fe0ed: bets $0.65
45d95f4f: folds
Uncalled bet ($0.65) returned to 982fe0ed
*** SHOWDOWN ***
982fe0ed collected $1.18 from pot
*** SUMMARY ***
Total pot $1.24 | Rake $0.06 | Jackpot $0 | Bingo $0 | Fortune $0 | Tax $0
Board [7h 6s 2c 7c]
Seat 1: 45d95f4f (small blind) folded on the Turn
Seat 2: 982fe0ed (big blind) won ($1.18)
Seat 3: Hero folded before Flop (didn't bet)
Seat 4: 9a664756 folded before Flop (didn't bet)
Seat 5: d83ad15b folded before Flop (didn't bet)
Seat 6: 36f16ec (button) folded before Flop (didn't bet)


Poker Hand #HD1761157141: Hold'em No Limit ($0.05/$0.1) - 2024/05/06 16:59:11
Table 'NLHRed16' 6-max Seat #5 is the button
Seat 1: 45d95f4f ($16.29 in chips)
Seat 2: 982fe0ed ($15.06 in chips)
Seat 3: Hero ($10.18 in chips)
Seat 4: 9a664756 ($10.28 in chips)
Seat 5: d83ad15b ($5 in chips)
Seat 6: 36f16ec ($11.34 in chips)
36f16ec: posts small blind $0.05
45d95f4f: posts big blind $0.1
*** HOLE CARDS ***
Dealt to 45d95f4f 
Dealt to 982fe0ed 
Dealt to Hero [2s As]
Dealt to 9a664756 
Dealt to d83ad15b 
Dealt to 36f16ec 
982fe0ed: folds
Hero: folds
9a664756: raises $0.1 to $0.2
d83ad15b: folds
36f16ec: folds
45d95f4f: folds
Uncalled bet ($0.1) returned to 9a664756
*** SHOWDOWN ***
9a664756 collected $0.25 from pot
*** SUMMARY ***
Total pot $0.25 | Rake $0 | Jackpot $0 | Bingo $0 | Fortune $0 | Tax $0
Seat 1: 45d95f4f (big blind) folded before Flop
Seat 2: 982fe0ed folded before Flop (didn't bet)
Seat 3: Hero folded before Flop (didn't bet)
Seat 4: 9a664756 collected ($0.25)
Seat 5: d83ad15b (button) folded before Flop (didn't bet)
Seat 6: 36f16ec (small blind) folded before Flop


Poker Hand #HD1761157059: Hold'em No Limit ($0.05/$0.1) - 2024/05/06 16:58:23
Table 'NLHRed16' 6-max Seat #4 is the button
Seat 1: 45d95f4f ($16.29 in chips)
Seat 2: 982fe0ed ($15.06 in chips)
Seat 3: Hero ($10.18 in chips)
Seat 4: 9a664756 ($10.28 in chips)
Seat 5: d83ad15b ($4.9 in chips)
Seat 6: 36f16ec ($11.44 in chips)
d83ad15b: posts small blind $0.05
36f16ec: posts big blind $0.1
*** HOLE CARDS ***
Dealt to 45d95f4f 
Dealt to 982fe0ed 
Dealt to Hero [4d Ah]
Dealt to 9a664756 
Dealt to d83ad15b 
Dealt to 36f16ec 
45d95f4f: folds
982fe0ed: folds
Hero: folds
9a664756: folds
d83ad15b: raises $0.15 to $0.25
36f16ec: folds
Uncalled bet ($0.15) returned to d83ad15b
*** SHOWDOWN ***
d83ad15b collected $0.2 from pot
*** SUMMARY ***
Total pot $0.2 | Rake $0 | Jackpot $0 | Bingo $0 | Fortune $0 | Tax $0
Seat 1: 45d95f4f folded before Flop (didn't bet)
Seat 2: 982fe0ed folded before Flop (didn't bet)
Seat 3: Hero folded before Flop (didn't bet)
Seat 4: 9a664756 (button) folded before Flop (didn't bet)
Seat 5: d83ad15b (small blind) collected ($0.2)
Seat 6: 36f16ec (big blind) folded before Flop


Poker Hand #HD1761157033: Hold'em No Limit ($0.05/$0.1) - 2024/05/06 16:58:07
Table 'NLHRed16' 6-max Seat #3 is the button
Seat 1: 45d95f4f ($16.29 in chips)
Seat 2: 982fe0ed ($15.06 in chips)
Seat 3: Hero ($10.18 in chips)
Seat 4: 9a664756 ($10.18 in chips)
Seat 5: d83ad15b ($5 in chips)
Seat 6: 36f16ec ($11.44 in chips)
9a664756: posts small blind $0.05
d83ad15b: posts big blind $0.1
*** HOLE CARDS ***
Dealt to 45d95f4f 
Dealt to 982fe0ed 
Dealt to Hero [3d Qd]
Dealt to 9a664756 
Dealt to d83ad15b 
Dealt to 36f16ec 
36f16ec: folds
45d95f4f: folds
982fe0ed: folds
Hero: folds
9a664756: raises $0.15 to $0.25
d83ad15b: folds
Uncalled bet ($0.15) returned to 9a664756
*** SHOWDOWN ***
9a664756 collected $0.2 from pot
*** SUMMARY ***
Total pot $0.2 | Rake $0 | Jackpot $0 | Bingo $0 | Fortune $0 | Tax $0
Seat 1: 45d95f4f folded before Flop (didn't bet)
Seat 2: 982fe0ed folded before Flop (didn't bet)
Seat 3: Hero (button) folded before Flop (didn't bet)
Seat 4: 9a664756 (small blind) collected ($0.2)
Seat 5: d83ad15b (big blind) folded before Flop
Seat 6: 36f16ec folded before Flop (didn't bet)


Poker Hand #HD1761156986: Hold'em No Limit ($0.05/$0.1) - 2024/05/06 16:57:46
Table 'NLHRed16' 6-max Seat #2 is the button
Seat 1: 45d95f4f ($16.29 in chips)
Seat 2: 982fe0ed ($14.91 in chips)
Seat 3: Hero ($10.23 in chips)
Seat 4: 9a664756 ($10.28 in chips)
Seat 5: d83ad15b ($5 in chips)
Seat 6: 36f16ec ($11.44 in chips)
Hero: posts small blind $0.05
9a664756: posts big blind $0.1
*** HOLE CARDS ***
Dealt to 45d95f4f 
Dealt to 982fe0ed 
Dealt to Hero [5d 7s]
Dealt to 9a664756 
Dealt to d83ad15b 
Dealt to 36f16ec 
d83ad15b: folds
36f16ec: folds
45d95f4f: folds
982fe0ed: raises $0.15 to $0.25
Hero: folds
9a664756: folds
Uncalled bet ($0.15) returned to 982fe0ed
*** SHOWDOWN ***
982fe0ed collected $0.25 from pot
*** SUMMARY ***
Total pot $0.25 | Rake $0 | Jackpot $0 | Bingo $0 | Fortune $0 | Tax $0
Seat 1: 45d95f4f folded before Flop (didn't bet)
Seat 2: 982fe0ed (button) collected ($0.25)
Seat 3: Hero (small blind) folded before Flop
Seat 4: 9a664756 (big blind) folded before Flop
Seat 5: d83ad15b folded before Flop (didn't bet)
Seat 6: 36f16ec folded before Flop (didn't bet)


Poker Hand #HD1761156953: Hold'em No Limit ($0.05/$0.1) - 2024/05/06 16:57:29
Table 'NLHRed16' 6-max Seat #1 is the button
Seat 1: 45d95f4f ($16.29 in chips)
Seat 2: 982fe0ed ($14.96 in chips)
Seat 3: Hero ($10.18 in chips)
Seat 4: 9a664756 ($10.28 in chips)
Seat 5: d83ad15b ($5 in chips)
Seat 6: 36f16ec ($11.44 in chips)
982fe0ed: posts small blind $0.05
Hero: posts big blind $0.1
*** HOLE CARDS ***
Dealt to 45d95f4f 
Dealt to 982fe0ed 
Dealt to Hero [7s 5d]
Dealt to 9a664756 
Dealt to d83ad15b 
Dealt to 36f16ec 
9a664756: folds
d83ad15b: folds
36f16ec: folds
45d95f4f: folds
982fe0ed: folds
Uncalled bet ($0.05) returned to Hero
*** SHOWDOWN ***
Hero collected $0.1 from pot
*** SUMMARY ***
Total pot $0.1 | Rake $0 | Jackpot $0 | Bingo $0 | Fortune $0 | Tax $0
Seat 1: 45d95f4f (button) folded before Flop (didn't bet)
Seat 2: 982fe0ed (small blind) folded before Flop
Seat 3: Hero (big blind) collected ($0.1)
Seat 4: 9a664756 folded before Flop (didn't bet)
Seat 5: d83ad15b folded before Flop (didn't bet)
Seat 6: 36f16ec folded before Flop (didn't bet)


Poker Hand #HD1761156916: Hold'em No Limit ($0.05/$0.1) - 2024/05/06 16:57:12
Table 'NLHRed16' 6-max Seat #6 is the button
Seat 1: 45d95f4f ($16.34 in chips)
Seat 2: 982fe0ed ($15.06 in chips)
Seat 3: Hero ($10.18 in chips)
Seat 4: 9a664756 ($10.28 in chips)
Seat 5: d83ad15b ($4.85 in chips)
Seat 6: 36f16ec ($11.44 in chips)
45d95f4f: posts small blind $0.05
982fe0ed: posts big blind $0.1
*** HOLE CARDS ***
Dealt to 45d95f4f 
Dealt to 982fe0ed 
Dealt to Hero [4c Jd]
Dealt to 9a664756 
Dealt to d83ad15b 
Dealt to 36f16ec 
Hero: folds
9a664756: folds
d83ad15b: raises $0.15 to $0.25
36f16ec: folds
45d95f4f: folds
982fe0ed: folds
Uncalled bet ($0.15) returned to d83ad15b
*** SHOWDOWN ***
d83ad15b collected $0.25 from pot
*** SUMMARY ***
Total pot $0.25 | Rake $0 | Jackpot $0 | Bingo $0 | Fortune $0 | Tax $0
Seat 1: 45d95f4f (small blind) folded before Flop
Seat 2: 982fe0ed (big blind) folded before Flop
Seat 3: Hero folded before Flop (didn't bet)
Seat 4: 9a664756 folded before Flop (didn't bet)
Seat 5: d83ad15b collected ($0.25)
Seat 6: 36f16ec (button) folded before Flop (didn't bet)


Poker Hand #HD1761156795: Hold'em No Limit ($0.05/$0.1) - 2024/05/06 16:56:10
Table 'NLHRed16' 6-max Seat #5 is the button
Seat 1: 45d95f4f ($16.11 in chips)
Seat 2: 982fe0ed ($15.06 in chips)
Seat 3: Hero ($10.18 in chips)
Seat 4: 9a664756 ($10.48 in chips)
Seat 5: d83ad15b ($4.85 in chips)
Seat 6: 36f16ec ($11.49 in chips)
36f16ec: posts small blind $0.05
45d95f4f: posts big blind $0.1
*** HOLE CARDS ***
Dealt to 45d95f4f 
Dealt to 982fe0ed 
Dealt to Hero [Qc 3h]
Dealt to 9a664756 
Dealt to d83ad15b 
Dealt to 36f16ec 
982fe0ed: folds
Hero: folds
9a664756: raises $0.1 to $0.2
d83ad15b: folds
36f16ec: folds
45d95f4f: calls $0.1
*** FLOP *** [9h Ad 9d]
45d95f4f: checks
9a664756: checks
*** TURN *** [9h Ad 9d] [6h]
45d95f4f: bets $0.23
9a664756: folds
Uncalled bet ($0.23) returned to 45d95f4f
*** SHOWDOWN ***
45d95f4f collected $0.43 from pot
*** SUMMARY ***
Total pot $0.45 | Rake $0.02 | Jackpot $0 | Bingo $0 | Fortune $0 | Tax $0
Board [9h Ad 9d 6h]
Seat 1: 45d95f4f (big blind) won ($0.43)
Seat 2: 982fe0ed folded before Flop (didn't bet)
Seat 3: Hero folded before Flop (didn't bet)
Seat 4: 9a664756 folded on the Turn
Seat 5: d83ad15b (button) folded before Flop (didn't bet)
Seat 6: 36f16ec (small blind) folded before Flop


Poker Hand #HD1761156763: Hold'em No Limit ($0.05/$0.1) - 2024/05/06 16:55:53
Table 'NLHRed16' 6-max Seat #4 is the button
Seat 1: 45d95f4f ($16.11 in chips)
Seat 2: 982fe0ed ($15.06 in chips)
Seat 3: Hero ($10.18 in chips)
Seat 4: 9a664756 ($10.33 in chips)
Seat 5: d83ad15b ($4.9 in chips)
Seat 6: 36f16ec ($11.59 in chips)
d83ad15b: posts small blind $0.05
36f16ec: posts big blind $0.1
*** HOLE CARDS ***
Dealt to 45d95f4f 
Dealt to 982fe0ed 
Dealt to Hero [3d Kc]
Dealt to 9a664756 
Dealt to d83ad15b 
Dealt to 36f16ec 
45d95f4f: folds
982fe0ed: folds
Hero: folds
9a664756: raises $0.15 to $0.25
d83ad15b: folds
36f16ec: folds
Uncalled bet ($0.15) returned to 9a664756
*** SHOWDOWN ***
9a664756 collected $0.25 from pot
*** SUMMARY ***
Total pot $0.25 | Rake $0 | Jackpot $0 | Bingo $0 | Fortune $0 | Tax $0
Seat 1: 45d95f4f folded before Flop (didn't bet)
Seat 2: 982fe0ed folded before Flop (didn't bet)
Seat 3: Hero folded before Flop (didn't bet)
Seat 4: 9a664756 (button) collected ($0.25)
Seat 5: d83ad15b (small blind) folded before Flop
Seat 6: 36f16ec (big blind) folded before Flop


Poker Hand #HD1761156644: Hold'em No Limit ($0.05/$0.1) - 2024/05/06 16:54:48
Table 'NLHRed16' 6-max Seat #3 is the button
Seat 1: 45d95f4f ($17.72 in chips)
Seat 2: 982fe0ed ($13.56 in chips)
Seat 3: Hero ($10.18 in chips)
Seat 4: 9a664756 ($10.38 in chips)
Seat 5: d83ad15b ($5 in chips)
Seat 6: 36f16ec ($11.59 in chips)
9a664756: posts small blind $0.05
d83ad15b: posts big blind $0.1
*** HOLE CARDS ***
Dealt to 45d95f4f 
Dealt to 982fe0ed 
Dealt to Hero [3s 9c]
Dealt to 9a664756 
Dealt to d83ad15b 
Dealt to 36f16ec 
36f16ec: folds
45d95f4f: raises $0.14 to $0.24
982fe0ed: raises $0.66 to $0.9
Hero: folds
9a664756: folds
d83ad15b: folds
45d95f4f: calls $0.66
*** FLOP *** [9h 9d 4d]
45d95f4f: checks
982fe0ed: bets $0.71
45d95f4f: calls $0.71
*** TURN *** [9h 9d 4d] [7h]
45d95f4f: checks
982fe0ed: checks
*** RIVER *** [9h 9d 4d 7h] [Js]
45d95f4f: checks
982fe0ed: checks
45d95f4f: shows [As Ts] (Pair of Nines)
982fe0ed: shows [Ah Kd] (Pair of Nines)
*** SHOWDOWN ***
982fe0ed collected $3.11 from pot
*** SUMMARY ***
Total pot $3.37 | Rake $0.16 | Jackpot $0.1 | Bingo $0 | Fortune $0 | Tax $0
Board [9h 9d 4d 7h Js]
Seat 1: 45d95f4f showed [As Ts] and lost with Pair of Nines
Seat 2: 982fe0ed showed [Ah Kd] and won ($3.11) with Pair of Nines
Seat 3: Hero (button) folded before Flop (didn't bet)
Seat 4: 9a664756 (small blind) folded before Flop
Seat 5: d83ad15b (big blind) folded before Flop
Seat 6: 36f16ec folded before Flop (didn't bet)


Poker Hand #HD1761156627: Hold'em No Limit ($0.05/$0.1) - 2024/05/06 16:54:36
Table 'NLHRed16' 6-max Seat #2 is the button
Seat 1: 45d95f4f ($17.72 in chips)
Seat 2: 982fe0ed ($13.56 in chips)
Seat 3: Hero ($10.23 in chips)
Seat 4: 9a664756 ($10.33 in chips)
Seat 6: 36f16ec ($11.59 in chips)
Hero: posts small blind $0.05
9a664756: posts big blind $0.1
*** HOLE CARDS ***
Dealt to 45d95f4f 
Dealt to 982fe0ed 
Dealt to Hero [7c Kc]
Dealt to 9a664756 
Dealt to 36f16ec 
36f16ec: folds
45d95f4f: folds
982fe0ed: folds
Hero: folds
Uncalled bet ($0.05) returned to 9a664756
*** SHOWDOWN ***
9a664756 collected $0.1 from pot
*** SUMMARY ***
Total pot $0.1 | Rake $0 | Jackpot $0 | Bingo $0 | Fortune $0 | Tax $0
Seat 1: 45d95f4f folded before Flop (didn't bet)
Seat 2: 982fe0ed (button) folded before Flop (didn't bet)
Seat 3: Hero (small blind) folded before Flop
Seat 4: 9a664756 (big blind) collected ($0.1)
Seat 6: 36f16ec folded before Flop (didn't bet)


Poker Hand #HD1761156489: Hold'em No Limit ($0.05/$0.1) - 2024/05/06 16:53:32
Table 'NLHRed16' 6-max Seat #1 is the button
Seat 1: 45d95f4f ($17.92 in chips)
Seat 2: 982fe0ed ($13.61 in chips)
Seat 3: Hero ($10 in chips)
Seat 4: 9a664756 ($10.33 in chips)
Seat 6: 36f16ec ($11.59 in chips)
982fe0ed: posts small blind $0.05
Hero: posts big blind $0.1
*** HOLE CARDS ***
Dealt to 45d95f4f 
Dealt to 982fe0ed 
Dealt to Hero [Jh Kh]
Dealt to 9a664756 
Dealt to 36f16ec 
9a664756: folds
36f16ec: folds
45d95f4f: raises $0.1 to $0.2
982fe0ed: folds
Hero: calls $0.1
*** FLOP *** [6c Ts 7c]
Hero: checks
45d95f4f: checks
*** TURN *** [6c Ts 7c] [5s]
Hero: checks
45d95f4f: checks
*** RIVER *** [6c Ts 7c 5s] [7h]
Hero: checks
45d95f4f: checks
Hero: shows [Jh Kh] (Pair of Sevens)
45d95f4f: shows [8c Kd] (Pair of Sevens)
*** SHOWDOWN ***
Hero collected $0.43 from pot
*** SUMMARY ***
Total pot $0.45 | Rake $0.02 | Jackpot $0 | Bingo $0 | Fortune $0 | Tax $0
Board [6c Ts 7c 5s 7h]
Seat 1: 45d95f4f (button) showed [8c Kd] and lost with Pair of Sevens
Seat 2: 982fe0ed (small blind) folded before Flop
Seat 3: Hero (big blind) showed [Jh Kh] and won ($0.43) with Pair of Sevens
Seat 4: 9a664756 folded before Flop (didn't bet)
Seat 6: 36f16ec folded before Flop (didn't bet)


Poker Hand #HD1761156448: Hold'em No Limit ($0.05/$0.1) - 2024/05/06 16:53:15
Table 'NLHRed16' 6-max Seat #6 is the button
Seat 1: 45d95f4f ($17.97 in chips)
Seat 2: 982fe0ed ($13.71 in chips)
Seat 3: Hero ($10 in chips)
Seat 4: 9a664756 ($10.33 in chips)
Seat 6: 36f16ec ($11.44 in chips)
45d95f4f: posts small blind $0.05
982fe0ed: posts big blind $0.1
*** HOLE CARDS ***
Dealt to 45d95f4f 
Dealt to 982fe0ed 
Dealt to Hero [2c 6h]
Dealt to 9a664756 
Dealt to 36f16ec 
Hero: folds
9a664756: folds
36f16ec: raises $0.13 to $0.23
45d95f4f: folds
982fe0ed: folds
Uncalled bet ($0.13) returned to 36f16ec
*** SHOWDOWN ***
36f16ec collected $0.25 from pot
*** SUMMARY ***
Total pot $0.25 | Rake $0 | Jackpot $0 | Bingo $0 | Fortune $0 | Tax $0
Seat 1: 45d95f4f (small blind) folded before Flop
Seat 2: 982fe0ed (big blind) folded before Flop
Seat 3: Hero folded before Flop (didn't bet)
Seat 4: 9a664756 folded before Flop (didn't bet)
Seat 6: 36f16ec (button) collected ($0.25)


Poker Hand #HD1761156316: Hold'em No Limit ($0.05/$0.1) - 2024/05/06 16:52:06
Table 'NLHRed16' 6-max Seat #4 is the button
Seat 1: 45d95f4f ($18.07 in chips)
Seat 2: 982fe0ed ($13.71 in chips)
Seat 3: Hero ($10.28 in chips)
Seat 4: 9a664756 ($10.33 in chips)
Seat 6: 36f16ec ($10 in chips)
36f16ec: posts small blind $0.05
45d95f4f: posts big blind $0.1
*** HOLE CARDS ***
Dealt to 45d95f4f 
Dealt to 982fe0ed 
Dealt to Hero [Jh Js]
Dealt to 9a664756 
Dealt to 36f16ec 
982fe0ed: folds
Hero: raises $0.1 to $0.2
9a664756: folds
36f16ec: raises $0.63 to $0.83
45d95f4f: folds
Hero: calls $0.63
*** FLOP *** [6s Qh 3s]
36f16ec: bets $0.76
Hero: calls $0.76
*** TURN *** [6s Qh 3s] [Ad]
36f16ec: bets $2.46
Hero: folds
Uncalled bet ($2.46) returned to 36f16ec
*** SHOWDOWN ***
36f16ec collected $3.03 from pot
*** SUMMARY ***
Total pot $3.28 | Rake $0.15 | Jackpot $0.1 | Bingo $0 | Fortune $0 | Tax $0
Board [6s Qh 3s Ad]
Seat 1: 45d95f4f (big blind) folded before Flop
Seat 2: 982fe0ed folded before Flop (didn't bet)
Seat 3: Hero folded on the Turn
Seat 4: 9a664756 (button) folded before Flop (didn't bet)
Seat 6: 36f16ec (small blind) won ($3.03)


Poker Hand #HD1761156288: Hold'em No Limit ($0.05/$0.1) - 2024/05/06 16:51:52
Table 'NLHRed16' 6-max Seat #3 is the button
Seat 1: 45d95f4f ($18.07 in chips)
Seat 2: 982fe0ed ($13.71 in chips)
Seat 3: Hero ($10.28 in chips)
Seat 4: 9a664756 ($10.23 in chips)
Seat 6: 36f16ec ($10 in chips)
9a664756: posts small blind $0.05
36f16ec: posts big blind $0.1
*** HOLE CARDS ***
Dealt to 45d95f4f 
Dealt to 982fe0ed 
Dealt to Hero [Td 4s]
Dealt to 9a664756 
Dealt to 36f16ec 
45d95f4f: folds
982fe0ed: folds
Hero: folds
9a664756: raises $0.15 to $0.25
36f16ec: folds
Uncalled bet ($0.15) returned to 9a664756
*** SHOWDOWN ***
9a664756 collected $0.2 from pot
*** SUMMARY ***
Total pot $0.2 | Rake $0 | Jackpot $0 | Bingo $0 | Fortune $0 | Tax $0
Seat 1: 45d95f4f folded before Flop (didn't bet)
Seat 2: 982fe0ed folded before Flop (didn't bet)
Seat 3: Hero (button) folded before Flop (didn't bet)
Seat 4: 9a664756 (small blind) collected ($0.2)
Seat 6: 36f16ec (big blind) folded before Flop


Poker Hand #HD1761156239: Hold'em No Limit ($0.05/$0.1) - 2024/05/06 16:51:23
Table 'NLHRed16' 6-max Seat #2 is the button
Seat 1: 45d95f4f ($18.27 in chips)
Seat 2: 982fe0ed ($13.71 in chips)
Seat 3: Hero ($10.33 in chips)
Seat 4: 9a664756 ($10 in chips)
Hero: posts small blind $0.05
9a664756: posts big blind $0.1
*** HOLE CARDS ***
Dealt to 45d95f4f 
Dealt to 982fe0ed 
Dealt to Hero [8c Ts]
Dealt to 9a664756 
45d95f4f: raises $0.1 to $0.2
982fe0ed: folds
Hero: folds
9a664756: raises $0.9 to $1.1
45d95f4f: folds
Uncalled bet ($0.9) returned to 9a664756
*** SHOWDOWN ***
9a664756 collected $0.43 from pot
*** SUMMARY ***
Total pot $0.45 | Rake $0.02 | Jackpot $0 | Bingo $0 | Fortune $0 | Tax $0
Seat 1: 45d95f4f folded before Flop
Seat 2: 982fe0ed (button) folded before Flop (didn't bet)
Seat 3: Hero (small blind) folded before Flop
Seat 4: 9a664756 (big blind) collected ($0.43)


Poker Hand #HD1761156161: Hold'em No Limit ($0.05/$0.1) - 2024/05/06 16:50:42
Table 'NLHRed16' 6-max Seat #1 is the button
Seat 1: 45d95f4f ($18.47 in chips)
Seat 2: 982fe0ed ($13.76 in chips)
Seat 3: Hero ($10 in chips)
Seat 5: ae311a66 ($6.27 in chips)
982fe0ed: posts small blind $0.05
Hero: posts big blind $0.1
*** HOLE CARDS ***
Dealt to 45d95f4f 
Dealt to 982fe0ed 
Dealt to Hero [Kc Ad]
Dealt to ae311a66 
ae311a66: calls $0.1
45d95f4f: raises $0.1 to $0.2
982fe0ed: folds
Hero: raises $0.7 to $0.9
ae311a66: folds
45d95f4f: folds
Uncalled bet ($0.7) returned to Hero
*** SHOWDOWN ***
Hero collected $0.53 from pot
*** SUMMARY ***
Total pot $0.55 | Rake $0.02 | Jackpot $0 | Bingo $0 | Fortune $0 | Tax $0
Seat 1: 45d95f4f (button) folded before Flop
Seat 2: 982fe0ed (small blind) folded before Flop
Seat 3: Hero (big blind) collected ($0.53)
Seat 5: ae311a66 folded before Flop


