Poker Hand #HD1782068749: Hold'em No Limit ($0.05/$0.1) - 2024/05/21 16:24:54
Table 'NLHRed42' 6-max Seat #2 is the button
Seat 2: Hero ($10 in chips)
Seat 3: d25bd5b2 ($10.05 in chips)
Hero: posts small blind $0.05
d25bd5b2: posts big blind $0.1
*** HOLE CARDS ***
Dealt to Hero [8d As]
Dealt to d25bd5b2 
Hero: folds
Uncalled bet ($0.05) returned to d25bd5b2
*** SHOWDOWN ***
d25bd5b2 collected $0.1 from pot
*** SUMMARY ***
Total pot $0.1 | Rake $0 | Jackpot $0 | Bingo $0 | Fortune $0 | Tax $0
Seat 2: Hero (small blind) folded before Flop
Seat 3: d25bd5b2 (big blind) collected ($0.1)


Poker Hand #HD1782068730: Hold'em No Limit ($0.05/$0.1) - 2024/05/21 16:24:44
Table 'NLHRed42' 6-max Seat #4 is the button
Seat 2: Hero ($10.05 in chips)
Seat 3: d25bd5b2 ($10 in chips)
Seat 4: be3b6a24 ($10.98 in chips)
Hero: posts small blind $0.05
d25bd5b2: posts big blind $0.1
*** HOLE CARDS ***
Dealt to Hero [6c 9c]
Dealt to d25bd5b2 
Dealt to be3b6a24 
be3b6a24: folds
Hero: folds
Uncalled bet ($0.05) returned to d25bd5b2
*** SHOWDOWN ***
d25bd5b2 collected $0.1 from pot
*** SUMMARY ***
Total pot $0.1 | Rake $0 | Jackpot $0 | Bingo $0 | Fortune $0 | Tax $0
Seat 2: Hero (small blind) folded before Flop
Seat 3: d25bd5b2 (big blind) collected ($0.1)
Seat 4: be3b6a24 (button) folded before Flop (didn't bet)


Poker Hand #HD1782068688: Hold'em No Limit ($0.05/$0.1) - 2024/05/21 16:24:26
Table 'NLHRed42' 6-max Seat #3 is the button
Seat 2: Hero ($10 in chips)
Seat 3: d25bd5b2 ($10 in chips)
Seat 4: be3b6a24 ($11.03 in chips)
be3b6a24: posts small blind $0.05
Hero: posts big blind $0.1
*** HOLE CARDS ***
Dealt to Hero [Qh 4h]
Dealt to d25bd5b2 
Dealt to be3b6a24 
d25bd5b2: folds
be3b6a24: folds
Uncalled bet ($0.05) returned to Hero
*** SHOWDOWN ***
Hero collected $0.1 from pot
*** SUMMARY ***
Total pot $0.1 | Rake $0 | Jackpot $0 | Bingo $0 | Fortune $0 | Tax $0
Seat 2: Hero (big blind) collected ($0.1)
Seat 3: d25bd5b2 (button) folded before Flop (didn't bet)
Seat 4: be3b6a24 (small blind) folded before Flop


Poker Hand #HD1782068657: Hold'em No Limit ($0.05/$0.1) - 2024/05/21 16:24:11
Table 'NLHRed42' 6-max Seat #2 is the button
Seat 1: 7de683da ($12.25 in chips)
Seat 2: Hero ($10 in chips)
Seat 3: d25bd5b2 ($10.05 in chips)
Seat 4: be3b6a24 ($11.13 in chips)
d25bd5b2: posts small blind $0.05
be3b6a24: posts big blind $0.1
*** HOLE CARDS ***
Dealt to 7de683da 
Dealt to Hero [5c Jd]
Dealt to d25bd5b2 
Dealt to be3b6a24 
7de683da: raises $0.15 to $0.25
Hero: folds
d25bd5b2: folds
be3b6a24: folds
Uncalled bet ($0.15) returned to 7de683da
*** SHOWDOWN ***
7de683da collected $0.25 from pot
*** SUMMARY ***
Total pot $0.25 | Rake $0 | Jackpot $0 | Bingo $0 | Fortune $0 | Tax $0
Seat 1: 7de683da collected ($0.25)
Seat 2: Hero (button) folded before Flop (didn't bet)
Seat 3: d25bd5b2 (small blind) folded before Flop
Seat 4: be3b6a24 (big blind) folded before Flop


Poker Hand #HD1782068639: Hold'em No Limit ($0.05/$0.1) - 2024/05/21 16:24:00
Table 'NLHRed42' 6-max Seat #1 is the button
Seat 1: 7de683da ($12.25 in chips)
Seat 2: Hero ($10 in chips)
Seat 3: d25bd5b2 ($10 in chips)
Seat 4: be3b6a24 ($11.13 in chips)
Hero: posts small blind $0.05
d25bd5b2: posts big blind $0.1
*** HOLE CARDS ***
Dealt to 7de683da 
Dealt to Hero [3h Kd]
Dealt to d25bd5b2 
Dealt to be3b6a24 
be3b6a24: folds
7de683da: folds
Hero: folds
Uncalled bet ($0.05) returned to d25bd5b2
*** SHOWDOWN ***
d25bd5b2 collected $0.1 from pot
*** SUMMARY ***
Total pot $0.1 | Rake $0 | Jackpot $0 | Bingo $0 | Fortune $0 | Tax $0
Seat 1: 7de683da (button) folded before Flop (didn't bet)
Seat 2: Hero (small blind) folded before Flop
Seat 3: d25bd5b2 (big blind) collected ($0.1)
Seat 4: be3b6a24 folded before Flop (didn't bet)


Poker Hand #HD1782068610: Hold'em No Limit ($0.05/$0.1) - 2024/05/21 16:23:47
Table 'NLHRed42' 6-max Seat #4 is the button
Seat 1: 7de683da ($12.3 in chips)
Seat 2: Hero ($10 in chips)
Seat 3: d25bd5b2 ($10 in chips)
Seat 4: be3b6a24 ($10.98 in chips)
7de683da: posts small blind $0.05
Hero: posts big blind $0.1
*** HOLE CARDS ***
Dealt to 7de683da 
Dealt to Hero [2h Td]
Dealt to d25bd5b2 
Dealt to be3b6a24 
d25bd5b2: folds
be3b6a24: raises $0.1 to $0.2
7de683da: folds
Hero: folds
Uncalled bet ($0.1) returned to be3b6a24
*** SHOWDOWN ***
be3b6a24 collected $0.25 from pot
*** SUMMARY ***
Total pot $0.25 | Rake $0 | Jackpot $0 | Bingo $0 | Fortune $0 | Tax $0
Seat 1: 7de683da (small blind) folded before Flop
Seat 2: Hero (big blind) folded before Flop
Seat 3: d25bd5b2 folded before Flop (didn't bet)
Seat 4: be3b6a24 (button) collected ($0.25)


Poker Hand #HD1782068591: Hold'em No Limit ($0.05/$0.1) - 2024/05/21 16:23:34
Table 'NLHRed42' 6-max Seat #3 is the button
Seat 1: 7de683da ($12.25 in chips)
Seat 2: Hero ($10 in chips)
Seat 3: d25bd5b2 ($10 in chips)
Seat 4: be3b6a24 ($11.03 in chips)
be3b6a24: posts small blind $0.05
7de683da: posts big blind $0.1
*** HOLE CARDS ***
Dealt to 7de683da 
Dealt to Hero [Td 2c]
Dealt to d25bd5b2 
Dealt to be3b6a24 
Hero: folds
d25bd5b2: folds
be3b6a24: folds
Uncalled bet ($0.05) returned to 7de683da
*** SHOWDOWN ***
7de683da collected $0.1 from pot
*** SUMMARY ***
Total pot $0.1 | Rake $0 | Jackpot $0 | Bingo $0 | Fortune $0 | Tax $0
Seat 1: 7de683da (big blind) collected ($0.1)
Seat 2: Hero folded before Flop (didn't bet)
Seat 3: d25bd5b2 (button) folded before Flop (didn't bet)
Seat 4: be3b6a24 (small blind) folded before Flop


Poker Hand #HD1782068508: Hold'em No Limit ($0.05/$0.1) - 2024/05/21 16:22:54
Table 'NLHRed42' 6-max Seat #2 is the button
Seat 1: 7de683da ($11.38 in chips)
Seat 2: Hero ($10 in chips)
Seat 3: d25bd5b2 ($10 in chips)
Seat 4: be3b6a24 ($11.13 in chips)
Seat 6: 560a5867 ($11.14 in chips)
d25bd5b2: posts small blind $0.05
be3b6a24: posts big blind $0.1
*** HOLE CARDS ***
Dealt to 7de683da 
Dealt to Hero [Qh Kd]
Dealt to d25bd5b2 
Dealt to be3b6a24 
Dealt to 560a5867 
560a5867: folds
7de683da: raises $0.15 to $0.25
Hero: raises $0.55 to $0.8
d25bd5b2: folds
be3b6a24: folds
7de683da: raises $1.35 to $2.15
Hero: folds
Uncalled bet ($1.35) returned to 7de683da
*** SHOWDOWN ***
7de683da collected $1.67 from pot
*** SUMMARY ***
Total pot $1.75 | Rake $0.08 | Jackpot $0 | Bingo $0 | Fortune $0 | Tax $0
Seat 1: 7de683da collected ($1.67)
Seat 2: Hero (button) folded before Flop
Seat 3: d25bd5b2 (small blind) folded before Flop
Seat 4: be3b6a24 (big blind) folded before Flop
Seat 6: 560a5867 folded before Flop (didn't bet)


Poker Hand #HD1782068478: Hold'em No Limit ($0.05/$0.1) - 2024/05/21 16:22:37
Table 'NLHRed42' 6-max Seat #1 is the button
Seat 1: 7de683da ($11.38 in chips)
Seat 2: Hero ($10 in chips)
Seat 3: d25bd5b2 ($10 in chips)
Seat 4: be3b6a24 ($10.98 in chips)
Seat 5: 5ba8c44b ($34.22 in chips)
Seat 6: 560a5867 ($11.14 in chips)
Hero: posts small blind $0.05
d25bd5b2: posts big blind $0.1
*** HOLE CARDS ***
Dealt to 7de683da 
Dealt to Hero [9d 4s]
Dealt to d25bd5b2 
Dealt to be3b6a24 
Dealt to 5ba8c44b 
Dealt to 560a5867 
be3b6a24: raises $0.2 to $0.3
5ba8c44b: folds
560a5867: folds
7de683da: folds
Hero: folds
d25bd5b2: folds
Uncalled bet ($0.2) returned to be3b6a24
*** SHOWDOWN ***
be3b6a24 collected $0.25 from pot
*** SUMMARY ***
Total pot $0.25 | Rake $0 | Jackpot $0 | Bingo $0 | Fortune $0 | Tax $0
Seat 1: 7de683da (button) folded before Flop (didn't bet)
Seat 2: Hero (small blind) folded before Flop
Seat 3: d25bd5b2 (big blind) folded before Flop
Seat 4: be3b6a24 collected ($0.25)
Seat 5: 5ba8c44b folded before Flop (didn't bet)
Seat 6: 560a5867 folded before Flop (didn't bet)


Poker Hand #HD1782068412: Hold'em No Limit ($0.05/$0.1) - 2024/05/21 16:22:06
Table 'NLHRed42' 6-max Seat #6 is the button
Seat 1: 7de683da ($11.1 in chips)
Seat 2: Hero ($10 in chips)
Seat 4: be3b6a24 ($11.18 in chips)
Seat 5: 5ba8c44b ($34.22 in chips)
Seat 6: 560a5867 ($11.14 in chips)
7de683da: posts small blind $0.05
Hero: posts big blind $0.1
*** HOLE CARDS ***
Dealt to 7de683da 
Dealt to Hero [Ad 6d]
Dealt to be3b6a24 
Dealt to 5ba8c44b 
Dealt to 560a5867 
be3b6a24: raises $0.1 to $0.2
5ba8c44b: folds
560a5867: folds
7de683da: raises $0.6 to $0.8
Hero: folds
be3b6a24: folds
Uncalled bet ($0.6) returned to 7de683da
*** SHOWDOWN ***
7de683da collected $0.48 from pot
*** SUMMARY ***
Total pot $0.5 | Rake $0.02 | Jackpot $0 | Bingo $0 | Fortune $0 | Tax $0
Seat 1: 7de683da (small blind) collected ($0.48)
Seat 2: Hero (big blind) folded before Flop
Seat 4: be3b6a24 folded before Flop
Seat 5: 5ba8c44b folded before Flop (didn't bet)
Seat 6: 560a5867 (button) folded before Flop (didn't bet)


Poker Hand #HD1782068381: Hold'em No Limit ($0.05/$0.1) - 2024/05/21 16:21:49
Table 'NLHRed42' 6-max Seat #5 is the button
Seat 1: 7de683da ($11.2 in chips)
Seat 2: Hero ($10 in chips)
Seat 4: be3b6a24 ($11.18 in chips)
Seat 5: 5ba8c44b ($34.07 in chips)
Seat 6: 560a5867 ($11.19 in chips)
560a5867: posts small blind $0.05
7de683da: posts big blind $0.1
*** HOLE CARDS ***
Dealt to 7de683da 
Dealt to Hero [Js 5c]
Dealt to be3b6a24 
Dealt to 5ba8c44b 
Dealt to 560a5867 
Hero: folds
be3b6a24: folds
5ba8c44b: raises $0.1 to $0.2
560a5867: folds
7de683da: folds
Uncalled bet ($0.1) returned to 5ba8c44b
*** SHOWDOWN ***
5ba8c44b collected $0.25 from pot
*** SUMMARY ***
Total pot $0.25 | Rake $0 | Jackpot $0 | Bingo $0 | Fortune $0 | Tax $0
Seat 1: 7de683da (big blind) folded before Flop
Seat 2: Hero folded before Flop (didn't bet)
Seat 4: be3b6a24 folded before Flop (didn't bet)
Seat 5: 5ba8c44b (button) collected ($0.25)
Seat 6: 560a5867 (small blind) folded before Flop


Poker Hand #HD1782068359: Hold'em No Limit ($0.05/$0.1) - 2024/05/21 16:21:37
Table 'NLHRed42' 6-max Seat #4 is the button
Seat 1: 7de683da ($11.2 in chips)
Seat 2: Hero ($10 in chips)
Seat 4: be3b6a24 ($11.18 in chips)
Seat 5: 5ba8c44b ($34.12 in chips)
Seat 6: 560a5867 ($11.14 in chips)
5ba8c44b: posts small blind $0.05
560a5867: posts big blind $0.1
*** HOLE CARDS ***
Dealt to 7de683da 
Dealt to Hero [Qd 4h]
Dealt to be3b6a24 
Dealt to 5ba8c44b 
Dealt to 560a5867 
7de683da: folds
Hero: folds
be3b6a24: folds
5ba8c44b: folds
Uncalled bet ($0.05) returned to 560a5867
*** SHOWDOWN ***
560a5867 collected $0.1 from pot
*** SUMMARY ***
Total pot $0.1 | Rake $0 | Jackpot $0 | Bingo $0 | Fortune $0 | Tax $0
Seat 1: 7de683da folded before Flop (didn't bet)
Seat 2: Hero folded before Flop (didn't bet)
Seat 4: be3b6a24 (button) folded before Flop (didn't bet)
Seat 5: 5ba8c44b (small blind) folded before Flop
Seat 6: 560a5867 (big blind) collected ($0.1)


Poker Hand #HD1782068321: Hold'em No Limit ($0.05/$0.1) - 2024/05/21 16:21:22
Table 'NLHRed42' 6-max Seat #2 is the button
Seat 1: 7de683da ($11.2 in chips)
Seat 2: Hero ($10 in chips)
Seat 4: be3b6a24 ($11.08 in chips)
Seat 5: 5ba8c44b ($34.22 in chips)
Seat 6: 560a5867 ($11.14 in chips)
be3b6a24: posts small blind $0.05
5ba8c44b: posts big blind $0.1
*** HOLE CARDS ***
Dealt to 7de683da 
Dealt to Hero [8s Td]
Dealt to be3b6a24 
Dealt to 5ba8c44b 
Dealt to 560a5867 
560a5867: folds
7de683da: folds
Hero: folds
be3b6a24: raises $0.2 to $0.3
5ba8c44b: folds
Uncalled bet ($0.2) returned to be3b6a24
*** SHOWDOWN ***
be3b6a24 collected $0.2 from pot
*** SUMMARY ***
Total pot $0.2 | Rake $0 | Jackpot $0 | Bingo $0 | Fortune $0 | Tax $0
Seat 1: 7de683da folded before Flop (didn't bet)
Seat 2: Hero (button) folded before Flop (didn't bet)
Seat 4: be3b6a24 (small blind) collected ($0.2)
Seat 5: 5ba8c44b (big blind) folded before Flop
Seat 6: 560a5867 folded before Flop (didn't bet)


Poker Hand #HD1782068284: Hold'em No Limit ($0.05/$0.1) - 2024/05/21 16:21:04
Table 'NLHRed42' 6-max Seat #1 is the button
Seat 1: 7de683da ($11.2 in chips)
Seat 2: Hero ($10 in chips)
Seat 4: be3b6a24 ($11.18 in chips)
Seat 5: 5ba8c44b ($34.07 in chips)
Seat 6: 560a5867 ($11.14 in chips)
Hero: posts small blind $0.05
be3b6a24: posts big blind $0.1
*** HOLE CARDS ***
Dealt to 7de683da 
Dealt to Hero [Jh 6d]
Dealt to be3b6a24 
Dealt to 5ba8c44b 
Dealt to 560a5867 
5ba8c44b: raises $0.1 to $0.2
560a5867: folds
7de683da: folds
Hero: folds
be3b6a24: folds
Uncalled bet ($0.1) returned to 5ba8c44b
*** SHOWDOWN ***
5ba8c44b collected $0.25 from pot
*** SUMMARY ***
Total pot $0.25 | Rake $0 | Jackpot $0 | Bingo $0 | Fortune $0 | Tax $0
Seat 1: 7de683da (button) folded before Flop (didn't bet)
Seat 2: Hero (small blind) folded before Flop
Seat 4: be3b6a24 (big blind) folded before Flop
Seat 5: 5ba8c44b collected ($0.25)
Seat 6: 560a5867 folded before Flop (didn't bet)


Poker Hand #HD1782068232: Hold'em No Limit ($0.05/$0.1) - 2024/05/21 16:20:39
Table 'NLHRed42' 6-max Seat #6 is the button
Seat 1: 7de683da ($11.25 in chips)
Seat 2: Hero ($10 in chips)
Seat 4: be3b6a24 ($11.03 in chips)
Seat 5: 5ba8c44b ($34.07 in chips)
Seat 6: 560a5867 ($11.14 in chips)
7de683da: posts small blind $0.05
Hero: posts big blind $0.1
*** HOLE CARDS ***
Dealt to 7de683da 
Dealt to Hero [9c Ks]
Dealt to be3b6a24 
Dealt to 5ba8c44b 
Dealt to 560a5867 
be3b6a24: raises $0.2 to $0.3
5ba8c44b: folds
560a5867: folds
7de683da: folds
Hero: folds
Uncalled bet ($0.2) returned to be3b6a24
*** SHOWDOWN ***
be3b6a24 collected $0.25 from pot
*** SUMMARY ***
Total pot $0.25 | Rake $0 | Jackpot $0 | Bingo $0 | Fortune $0 | Tax $0
Seat 1: 7de683da (small blind) folded before Flop
Seat 2: Hero (big blind) folded before Flop
Seat 4: be3b6a24 collected ($0.25)
Seat 5: 5ba8c44b folded before Flop (didn't bet)
Seat 6: 560a5867 (button) folded before Flop (didn't bet)


Poker Hand #HD1782068157: Hold'em No Limit ($0.05/$0.1) - 2024/05/21 16:20:02
Table 'NLHRed42' 6-max Seat #5 is the button
Seat 1: 7de683da ($11.35 in chips)
Seat 2: Hero ($10 in chips)
Seat 4: be3b6a24 ($11.03 in chips)
Seat 5: 5ba8c44b ($33.74 in chips)
Seat 6: 560a5867 ($11.19 in chips)
560a5867: posts small blind $0.05
7de683da: posts big blind $0.1
*** HOLE CARDS ***
Dealt to 7de683da 
Dealt to Hero [As 7s]
Dealt to be3b6a24 
Dealt to 5ba8c44b 
Dealt to 560a5867 
Hero: raises $0.1 to $0.2
be3b6a24: folds
5ba8c44b: calls $0.2
560a5867: folds
7de683da: folds
*** FLOP *** [3c Td 6c]
Hero: checks
5ba8c44b: checks
*** TURN *** [3c Td 6c] [Tc]
Hero: checks
5ba8c44b: bets $0.28
Hero: folds
Uncalled bet ($0.28) returned to 5ba8c44b
*** SHOWDOWN ***
5ba8c44b collected $0.53 from pot
*** SUMMARY ***
Total pot $0.55 | Rake $0.02 | Jackpot $0 | Bingo $0 | Fortune $0 | Tax $0
Board [3c Td 6c Tc]
Seat 1: 7de683da (big blind) folded before Flop
Seat 2: Hero folded on the Turn
Seat 4: be3b6a24 folded before Flop (didn't bet)
Seat 5: 5ba8c44b (button) won ($0.53)
Seat 6: 560a5867 (small blind) folded before Flop


Poker Hand #HD1782068122: Hold'em No Limit ($0.05/$0.1) - 2024/05/21 16:19:46
Table 'NLHRed42' 6-max Seat #4 is the button
Seat 1: 7de683da ($11.2 in chips)
Seat 2: Hero ($10 in chips)
Seat 4: be3b6a24 ($11.03 in chips)
Seat 5: 5ba8c44b ($33.79 in chips)
Seat 6: 560a5867 ($11.29 in chips)
5ba8c44b: posts small blind $0.05
560a5867: posts big blind $0.1
*** HOLE CARDS ***
Dealt to 7de683da 
Dealt to Hero [As 9h]
Dealt to be3b6a24 
Dealt to 5ba8c44b 
Dealt to 560a5867 
7de683da: raises $0.15 to $0.25
Hero: folds
be3b6a24: folds
5ba8c44b: folds
560a5867: folds
Uncalled bet ($0.15) returned to 7de683da
*** SHOWDOWN ***
7de683da collected $0.25 from pot
*** SUMMARY ***
Total pot $0.25 | Rake $0 | Jackpot $0 | Bingo $0 | Fortune $0 | Tax $0
Seat 1: 7de683da collected ($0.25)
Seat 2: Hero folded before Flop (didn't bet)
Seat 4: be3b6a24 (button) folded before Flop (didn't bet)
Seat 5: 5ba8c44b (small blind) folded before Flop
Seat 6: 560a5867 (big blind) folded before Flop


Poker Hand #HD1782068069: Hold'em No Limit ($0.05/$0.1) - 2024/05/21 16:19:23
Table 'NLHRed42' 6-max Seat #2 is the button
Seat 1: 7de683da ($11.2 in chips)
Seat 2: Hero ($10 in chips)
Seat 3: 71803dd7 ($18.41 in chips)
Seat 4: be3b6a24 ($11.13 in chips)
Seat 5: 5ba8c44b ($33.64 in chips)
Seat 6: 560a5867 ($11.29 in chips)
71803dd7: posts small blind $0.05
be3b6a24: posts big blind $0.1
*** HOLE CARDS ***
Dealt to 7de683da 
Dealt to Hero [4c Kc]
Dealt to 71803dd7 
Dealt to be3b6a24 
Dealt to 5ba8c44b 
Dealt to 560a5867 
5ba8c44b: raises $0.1 to $0.2
560a5867: folds
7de683da: folds
Hero: folds
71803dd7: folds
be3b6a24: folds
Uncalled bet ($0.1) returned to 5ba8c44b
*** SHOWDOWN ***
5ba8c44b collected $0.25 from pot
*** SUMMARY ***
Total pot $0.25 | Rake $0 | Jackpot $0 | Bingo $0 | Fortune $0 | Tax $0
Seat 1: 7de683da folded before Flop (didn't bet)
Seat 2: Hero (button) folded before Flop (didn't bet)
Seat 3: 71803dd7 (small blind) folded before Flop
Seat 4: be3b6a24 (big blind) folded before Flop
Seat 5: 5ba8c44b collected ($0.25)
Seat 6: 560a5867 folded before Flop (didn't bet)


Poker Hand #HD1782068027: Hold'em No Limit ($0.05/$0.1) - 2024/05/21 16:19:05
Table 'NLHRed42' 6-max Seat #1 is the button
Seat 1: 7de683da ($11.2 in chips)
Seat 2: Hero ($10.02 in chips)
Seat 3: 71803dd7 ($18.36 in chips)
Seat 4: be3b6a24 ($11.13 in chips)
Seat 5: 5ba8c44b ($33.64 in chips)
Seat 6: 560a5867 ($11.29 in chips)
Hero: posts small blind $0.05
71803dd7: posts big blind $0.1
*** HOLE CARDS ***
Dealt to 7de683da 
Dealt to Hero [5c 7d]
Dealt to 71803dd7 
Dealt to be3b6a24 
Dealt to 5ba8c44b 
Dealt to 560a5867 
be3b6a24: folds
5ba8c44b: folds
560a5867: folds
7de683da: folds
Hero: folds
Uncalled bet ($0.05) returned to 71803dd7
*** SHOWDOWN ***
71803dd7 collected $0.1 from pot
*** SUMMARY ***
Total pot $0.1 | Rake $0 | Jackpot $0 | Bingo $0 | Fortune $0 | Tax $0
Seat 1: 7de683da (button) folded before Flop (didn't bet)
Seat 2: Hero (small blind) folded before Flop
Seat 3: 71803dd7 (big blind) collected ($0.1)
Seat 4: be3b6a24 folded before Flop (didn't bet)
Seat 5: 5ba8c44b folded before Flop (didn't bet)
Seat 6: 560a5867 folded before Flop (didn't bet)


Poker Hand #HD1782067981: Hold'em No Limit ($0.05/$0.1) - 2024/05/21 16:18:41
Table 'NLHRed42' 6-max Seat #6 is the button
Seat 1: 7de683da ($11.1 in chips)
Seat 2: Hero ($10.12 in chips)
Seat 3: 71803dd7 ($18.36 in chips)
Seat 4: be3b6a24 ($11.13 in chips)
Seat 5: 5ba8c44b ($33.64 in chips)
Seat 6: 560a5867 ($11.29 in chips)
7de683da: posts small blind $0.05
Hero: posts big blind $0.1
*** HOLE CARDS ***
Dealt to 7de683da 
Dealt to Hero [8s 4c]
Dealt to 71803dd7 
Dealt to be3b6a24 
Dealt to 5ba8c44b 
Dealt to 560a5867 
71803dd7: folds
be3b6a24: folds
5ba8c44b: folds
560a5867: folds
7de683da: raises $0.2 to $0.3
Hero: folds
Uncalled bet ($0.2) returned to 7de683da
*** SHOWDOWN ***
7de683da collected $0.2 from pot
*** SUMMARY ***
Total pot $0.2 | Rake $0 | Jackpot $0 | Bingo $0 | Fortune $0 | Tax $0
Seat 1: 7de683da (small blind) collected ($0.2)
Seat 2: Hero (big blind) folded before Flop
Seat 3: 71803dd7 folded before Flop (didn't bet)
Seat 4: be3b6a24 folded before Flop (didn't bet)
Seat 5: 5ba8c44b folded before Flop (didn't bet)
Seat 6: 560a5867 (button) folded before Flop (didn't bet)


Poker Hand #HD1782067884: Hold'em No Limit ($0.05/$0.1) - 2024/05/21 16:17:55
Table 'NLHRed42' 6-max Seat #5 is the button
Seat 1: 7de683da ($11.13 in chips)
Seat 2: Hero ($10.12 in chips)
Seat 3: 71803dd7 ($18.4 in chips)
Seat 4: be3b6a24 ($11.13 in chips)
Seat 5: 5ba8c44b ($33.64 in chips)
Seat 6: 560a5867 ($11.34 in chips)
560a5867: posts small blind $0.05
7de683da: posts big blind $0.1
*** HOLE CARDS ***
Dealt to 7de683da 
Dealt to Hero [Kh 3h]
Dealt to 71803dd7 
Dealt to be3b6a24 
Dealt to 5ba8c44b 
Dealt to 560a5867 
Hero: folds
71803dd7: calls $0.1
be3b6a24: folds
5ba8c44b: folds
560a5867: folds
7de683da: raises $0.3 to $0.4
71803dd7: calls $0.3
*** FLOP *** [9c Jd 2d]
7de683da: checks
71803dd7: bets $0.85
7de683da: calls $0.85
*** TURN *** [9c Jd 2d] [4h]
7de683da: checks
71803dd7: checks
*** RIVER *** [9c Jd 2d 4h] [Tc]
7de683da: checks
71803dd7: checks
7de683da: shows [9h 8h] (Pair of Nines)
71803dd7: shows [9s 8d] (Pair of Nines)
*** SHOWDOWN ***
7de683da collected $1.22 from pot
71803dd7 collected $1.21 from pot
*** SUMMARY ***
Total pot $2.55 | Rake $0.12 | Jackpot $0 | Bingo $0 | Fortune $0 | Tax $0
Board [9c Jd 2d 4h Tc]
Seat 1: 7de683da (big blind) showed [9h 8h] and won ($1.22) with Pair of Nines
Seat 2: Hero folded before Flop (didn't bet)
Seat 3: 71803dd7 showed [9s 8d] and won ($1.21) with Pair of Nines
Seat 4: be3b6a24 folded before Flop (didn't bet)
Seat 5: 5ba8c44b (button) folded before Flop (didn't bet)
Seat 6: 560a5867 (small blind) folded before Flop


Poker Hand #HD1782067772: Hold'em No Limit ($0.05/$0.1) - 2024/05/21 16:17:01
Table 'NLHRed42' 6-max Seat #4 is the button
Seat 1: 7de683da ($11.13 in chips)
Seat 2: Hero ($10.12 in chips)
Seat 3: 71803dd7 ($19.11 in chips)
Seat 4: be3b6a24 ($11.13 in chips)
Seat 5: 5ba8c44b ($32.9 in chips)
Seat 6: 560a5867 ($11.44 in chips)
5ba8c44b: posts small blind $0.05
560a5867: posts big blind $0.1
*** HOLE CARDS ***
Dealt to 7de683da 
Dealt to Hero [2h 8c]
Dealt to 71803dd7 
Dealt to be3b6a24 
Dealt to 5ba8c44b 
Dealt to 560a5867 
7de683da: folds
Hero: folds
71803dd7: calls $0.1
be3b6a24: folds
5ba8c44b: raises $0.23 to $0.33
560a5867: folds
71803dd7: calls $0.23
*** FLOP *** [5h 4c Ah]
5ba8c44b: bets $0.38
71803dd7: calls $0.38
*** TURN *** [5h 4c Ah] [Kd]
5ba8c44b: bets $0.51
71803dd7: folds
Uncalled bet ($0.51) returned to 5ba8c44b
*** SHOWDOWN ***
5ba8c44b collected $1.45 from pot
*** SUMMARY ***
Total pot $1.52 | Rake $0.07 | Jackpot $0 | Bingo $0 | Fortune $0 | Tax $0
Board [5h 4c Ah Kd]
Seat 1: 7de683da folded before Flop (didn't bet)
Seat 2: Hero folded before Flop (didn't bet)
Seat 3: 71803dd7 folded on the Turn
Seat 4: be3b6a24 (button) folded before Flop (didn't bet)
Seat 5: 5ba8c44b (small blind) won ($1.45)
Seat 6: 560a5867 (big blind) folded before Flop


Poker Hand #HD1782067672: Hold'em No Limit ($0.05/$0.1) - 2024/05/21 16:16:11
Table 'NLHRed42' 6-max Seat #3 is the button
Seat 1: 7de683da ($11.13 in chips)
Seat 2: Hero ($10.12 in chips)
Seat 3: 71803dd7 ($18.97 in chips)
Seat 4: be3b6a24 ($11.18 in chips)
Seat 5: 5ba8c44b ($33 in chips)
Seat 6: 560a5867 ($11.44 in chips)
be3b6a24: posts small blind $0.05
5ba8c44b: posts big blind $0.1
*** HOLE CARDS ***
Dealt to 7de683da 
Dealt to Hero [Kh 5c]
Dealt to 71803dd7 
Dealt to be3b6a24 
Dealt to 5ba8c44b 
Dealt to 560a5867 
560a5867: folds
7de683da: folds
Hero: folds
71803dd7: calls $0.1
be3b6a24: folds
5ba8c44b: checks
*** FLOP *** [7s Td Ad]
5ba8c44b: checks
71803dd7: checks
*** TURN *** [7s Td Ad] [3s]
5ba8c44b: checks
71803dd7: checks
*** RIVER *** [7s Td Ad 3s] [5s]
5ba8c44b: checks
71803dd7: checks
5ba8c44b: shows [4h Qc] (Ace-High)
71803dd7: shows [Kd 5h] (Pair of Fives)
*** SHOWDOWN ***
71803dd7 collected $0.24 from pot
*** SUMMARY ***
Total pot $0.25 | Rake $0.01 | Jackpot $0 | Bingo $0 | Fortune $0 | Tax $0
Board [7s Td Ad 3s 5s]
Seat 1: 7de683da folded before Flop (didn't bet)
Seat 2: Hero folded before Flop (didn't bet)
Seat 3: 71803dd7 (button) showed [Kd 5h] and won ($0.24) with Pair of Fives
Seat 4: be3b6a24 (small blind) folded before Flop
Seat 5: 5ba8c44b (big blind) showed [4h Qc] and lost with Ace-High
Seat 6: 560a5867 folded before Flop (didn't bet)


Poker Hand #HD1782067594: Hold'em No Limit ($0.05/$0.1) - 2024/05/21 16:15:37
Table 'NLHRed42' 6-max Seat #2 is the button
Seat 1: 7de683da ($11.13 in chips)
Seat 2: Hero ($10.12 in chips)
Seat 3: 71803dd7 ($19.17 in chips)
Seat 4: be3b6a24 ($11.28 in chips)
Seat 5: 5ba8c44b ($32.72 in chips)
Seat 6: 560a5867 ($11.44 in chips)
71803dd7: posts small blind $0.05
be3b6a24: posts big blind $0.1
*** HOLE CARDS ***
Dealt to 7de683da 
Dealt to Hero [Ah 2d]
Dealt to 71803dd7 
Dealt to be3b6a24 
Dealt to 5ba8c44b 
Dealt to 560a5867 
5ba8c44b: raises $0.1 to $0.2
560a5867: folds
7de683da: folds
Hero: folds
71803dd7: calls $0.15
be3b6a24: folds
*** FLOP *** [3h Qc 6d]
71803dd7: checks
5ba8c44b: bets $0.25
71803dd7: folds
Uncalled bet ($0.25) returned to 5ba8c44b
*** SHOWDOWN ***
5ba8c44b collected $0.48 from pot
*** SUMMARY ***
Total pot $0.5 | Rake $0.02 | Jackpot $0 | Bingo $0 | Fortune $0 | Tax $0
Board [3h Qc 6d]
Seat 1: 7de683da folded before Flop (didn't bet)
Seat 2: Hero (button) folded before Flop (didn't bet)
Seat 3: 71803dd7 (small blind) folded on the Flop
Seat 4: be3b6a24 (big blind) folded before Flop
Seat 5: 5ba8c44b won ($0.48)
Seat 6: 560a5867 folded before Flop (didn't bet)


Poker Hand #HD1782067512: Hold'em No Limit ($0.05/$0.1) - 2024/05/21 16:14:53
Table 'NLHRed42' 6-max Seat #1 is the button
Seat 1: 7de683da ($11.13 in chips)
Seat 2: Hero ($10.42 in chips)
Seat 3: 71803dd7 ($19.47 in chips)
Seat 4: be3b6a24 ($10.44 in chips)
Seat 5: 5ba8c44b ($33.02 in chips)
Seat 6: 560a5867 ($11.44 in chips)
Hero: posts small blind $0.05
71803dd7: posts big blind $0.1
*** HOLE CARDS ***
Dealt to 7de683da 
Dealt to Hero [As 8s]
Dealt to 71803dd7 
Dealt to be3b6a24 
Dealt to 5ba8c44b 
Dealt to 560a5867 
be3b6a24: raises $0.2 to $0.3
5ba8c44b: calls $0.3
560a5867: folds
7de683da: folds
Hero: calls $0.25
71803dd7: calls $0.2
*** FLOP *** [Qh 6h Js]
Hero: checks
71803dd7: checks
be3b6a24: bets $0.9
5ba8c44b: folds
Hero: folds
71803dd7: folds
Uncalled bet ($0.9) returned to be3b6a24
*** SHOWDOWN ***
be3b6a24 collected $1.14 from pot
*** SUMMARY ***
Total pot $1.2 | Rake $0.06 | Jackpot $0 | Bingo $0 | Fortune $0 | Tax $0
Board [Qh 6h Js]
Seat 1: 7de683da (button) folded before Flop (didn't bet)
Seat 2: Hero (small blind) folded on the Flop
Seat 3: 71803dd7 (big blind) folded on the Flop
Seat 4: be3b6a24 won ($1.14)
Seat 5: 5ba8c44b folded on the Flop
Seat 6: 560a5867 folded before Flop (didn't bet)


Poker Hand #HD1782067449: Hold'em No Limit ($0.05/$0.1) - 2024/05/21 16:14:28
Table 'NLHRed42' 6-max Seat #6 is the button
Seat 1: 7de683da ($11.18 in chips)
Seat 2: Hero ($10.52 in chips)
Seat 3: 71803dd7 ($19.47 in chips)
Seat 4: be3b6a24 ($10.29 in chips)
Seat 5: 5ba8c44b ($33.02 in chips)
Seat 6: 560a5867 ($11.44 in chips)
7de683da: posts small blind $0.05
Hero: posts big blind $0.1
*** HOLE CARDS ***
Dealt to 7de683da 
Dealt to Hero [2c 8s]
Dealt to 71803dd7 
Dealt to be3b6a24 
Dealt to 5ba8c44b 
Dealt to 560a5867 
71803dd7: folds
be3b6a24: raises $0.15 to $0.25
5ba8c44b: folds
560a5867: folds
7de683da: folds
Hero: folds
Uncalled bet ($0.15) returned to be3b6a24
*** SHOWDOWN ***
be3b6a24 collected $0.25 from pot
*** SUMMARY ***
Total pot $0.25 | Rake $0 | Jackpot $0 | Bingo $0 | Fortune $0 | Tax $0
Seat 1: 7de683da (small blind) folded before Flop
Seat 2: Hero (big blind) folded before Flop
Seat 3: 71803dd7 folded before Flop (didn't bet)
Seat 4: be3b6a24 collected ($0.25)
Seat 5: 5ba8c44b folded before Flop (didn't bet)
Seat 6: 560a5867 (button) folded before Flop (didn't bet)


Poker Hand #HD1782067357: Hold'em No Limit ($0.05/$0.1) - 2024/05/21 16:13:43
Table 'NLHRed42' 6-max Seat #5 is the button
Seat 1: 7de683da ($11.28 in chips)
Seat 2: Hero ($10.52 in chips)
Seat 3: 71803dd7 ($19.47 in chips)
Seat 4: be3b6a24 ($10.29 in chips)
Seat 5: 5ba8c44b ($33.22 in chips)
Seat 6: 560a5867 ($11.16 in chips)
560a5867: posts small blind $0.05
7de683da: posts big blind $0.1
*** HOLE CARDS ***
Dealt to 7de683da 
Dealt to Hero [7h Td]
Dealt to 71803dd7 
Dealt to be3b6a24 
Dealt to 5ba8c44b 
Dealt to 560a5867 
Hero: folds
71803dd7: folds
be3b6a24: folds
5ba8c44b: raises $0.1 to $0.2
560a5867: raises $0.8 to $1
7de683da: folds
5ba8c44b: folds
Uncalled bet ($0.8) returned to 560a5867
*** SHOWDOWN ***
560a5867 collected $0.48 from pot
*** SUMMARY ***
Total pot $0.5 | Rake $0.02 | Jackpot $0 | Bingo $0 | Fortune $0 | Tax $0
Seat 1: 7de683da (big blind) folded before Flop
Seat 2: Hero folded before Flop (didn't bet)
Seat 3: 71803dd7 folded before Flop (didn't bet)
Seat 4: be3b6a24 folded before Flop (didn't bet)
Seat 5: 5ba8c44b (button) folded before Flop
Seat 6: 560a5867 (small blind) collected ($0.48)


Poker Hand #HD1782067227: Hold'em No Limit ($0.05/$0.1) - 2024/05/21 16:12:50
Table 'NLHRed42' 6-max Seat #4 is the button
Seat 1: 7de683da ($10.71 in chips)
Seat 2: Hero ($10.52 in chips)
Seat 3: 71803dd7 ($19.94 in chips)
Seat 4: be3b6a24 ($10.29 in chips)
Seat 5: 5ba8c44b ($33.27 in chips)
Seat 6: 560a5867 ($11.26 in chips)
5ba8c44b: posts small blind $0.05
560a5867: posts big blind $0.1
*** HOLE CARDS ***
Dealt to 7de683da 
Dealt to Hero [Ac 8d]
Dealt to 71803dd7 
Dealt to be3b6a24 
Dealt to 5ba8c44b 
Dealt to 560a5867 
7de683da: raises $0.15 to $0.25
Hero: folds
71803dd7: calls $0.25
be3b6a24: folds
5ba8c44b: folds
560a5867: folds
*** FLOP *** [Qd 5h 8h]
7de683da: bets $0.22
71803dd7: calls $0.22
*** TURN *** [Qd 5h 8h] [Jd]
7de683da: checks
71803dd7: checks
*** RIVER *** [Qd 5h 8h Jd] [3s]
7de683da: checks
71803dd7: checks
7de683da: shows [6s 5s] (Pair of Fives)
71803dd7: shows [7s Ah] (Ace-High)
*** SHOWDOWN ***
7de683da collected $1.04 from pot
*** SUMMARY ***
Total pot $1.09 | Rake $0.05 | Jackpot $0 | Bingo $0 | Fortune $0 | Tax $0
Board [Qd 5h 8h Jd 3s]
Seat 1: 7de683da showed [6s 5s] and won ($1.04) with Pair of Fives
Seat 2: Hero folded before Flop (didn't bet)
Seat 3: 71803dd7 showed [7s Ah] and lost with Ace-High
Seat 4: be3b6a24 (button) folded before Flop (didn't bet)
Seat 5: 5ba8c44b (small blind) folded before Flop
Seat 6: 560a5867 (big blind) folded before Flop


Poker Hand #HD1782067179: Hold'em No Limit ($0.05/$0.1) - 2024/05/21 16:12:24
Table 'NLHRed42' 6-max Seat #3 is the button
Seat 1: 7de683da ($10.71 in chips)
Seat 2: Hero ($10.52 in chips)
Seat 3: 71803dd7 ($19.79 in chips)
Seat 4: be3b6a24 ($10.34 in chips)
Seat 5: 5ba8c44b ($33.37 in chips)
Seat 6: 560a5867 ($11.26 in chips)
be3b6a24: posts small blind $0.05
5ba8c44b: posts big blind $0.1
*** HOLE CARDS ***
Dealt to 7de683da 
Dealt to Hero [4h 9d]
Dealt to 71803dd7 
Dealt to be3b6a24 
Dealt to 5ba8c44b 
Dealt to 560a5867 
560a5867: folds
7de683da: folds
Hero: folds
71803dd7: raises $0.2 to $0.3
be3b6a24: folds
5ba8c44b: folds
Uncalled bet ($0.2) returned to 71803dd7
*** SHOWDOWN ***
71803dd7 collected $0.25 from pot
*** SUMMARY ***
Total pot $0.25 | Rake $0 | Jackpot $0 | Bingo $0 | Fortune $0 | Tax $0
Seat 1: 7de683da folded before Flop (didn't bet)
Seat 2: Hero folded before Flop (didn't bet)
Seat 3: 71803dd7 (button) collected ($0.25)
Seat 4: be3b6a24 (small blind) folded before Flop
Seat 5: 5ba8c44b (big blind) folded before Flop
Seat 6: 560a5867 folded before Flop (didn't bet)


Poker Hand #HD1782067050: Hold'em No Limit ($0.05/$0.1) - 2024/05/21 16:11:15
Table 'NLHRed42' 6-max Seat #2 is the button
Seat 1: 7de683da ($10.71 in chips)
Seat 2: Hero ($10 in chips)
Seat 3: 71803dd7 ($19.84 in chips)
Seat 4: be3b6a24 ($10.44 in chips)
Seat 5: 5ba8c44b ($33.57 in chips)
Seat 6: 560a5867 ($11.46 in chips)
71803dd7: posts small blind $0.05
be3b6a24: posts big blind $0.1
*** HOLE CARDS ***
Dealt to 7de683da 
Dealt to Hero [9d 9h]
Dealt to 71803dd7 
Dealt to be3b6a24 
Dealt to 5ba8c44b 
Dealt to 560a5867 
5ba8c44b: raises $0.1 to $0.2
560a5867: calls $0.2
7de683da: folds
Hero: raises $0.7 to $0.9
71803dd7: folds
be3b6a24: folds
5ba8c44b: folds
560a5867: folds
Uncalled bet ($0.7) returned to Hero
*** SHOWDOWN ***
Hero collected $0.72 from pot
*** SUMMARY ***
Total pot $0.75 | Rake $0.03 | Jackpot $0 | Bingo $0 | Fortune $0 | Tax $0
Seat 1: 7de683da folded before Flop (didn't bet)
Seat 2: Hero (button) collected ($0.72)
Seat 3: 71803dd7 (small blind) folded before Flop
Seat 4: be3b6a24 (big blind) folded before Flop
Seat 5: 5ba8c44b folded before Flop
Seat 6: 560a5867 folded before Flop


Poker Hand #HD1782067010: Hold'em No Limit ($0.05/$0.1) - 2024/05/21 16:10:57
Table 'NLHRed42' 6-max Seat #1 is the button
Seat 1: 7de683da ($10.71 in chips)
Seat 2: Hero ($10 in chips)
Seat 3: 71803dd7 ($19.79 in chips)
Seat 4: be3b6a24 ($10.44 in chips)
Seat 5: 5ba8c44b ($33.57 in chips)
Seat 6: 560a5867 ($11.46 in chips)
Hero: posts small blind $0.05
71803dd7: posts big blind $0.1
*** HOLE CARDS ***
Dealt to 7de683da 
Dealt to Hero [9s 7d]
Dealt to 71803dd7 
Dealt to be3b6a24 
Dealt to 5ba8c44b 
Dealt to 560a5867 
be3b6a24: folds
5ba8c44b: folds
560a5867: folds
7de683da: folds
Hero: folds
Uncalled bet ($0.05) returned to 71803dd7
*** SHOWDOWN ***
71803dd7 collected $0.1 from pot
*** SUMMARY ***
Total pot $0.1 | Rake $0 | Jackpot $0 | Bingo $0 | Fortune $0 | Tax $0
Seat 1: 7de683da (button) folded before Flop (didn't bet)
Seat 2: Hero (small blind) folded before Flop
Seat 3: 71803dd7 (big blind) collected ($0.1)
Seat 4: be3b6a24 folded before Flop (didn't bet)
Seat 5: 5ba8c44b folded before Flop (didn't bet)
Seat 6: 560a5867 folded before Flop (didn't bet)


Poker Hand #HD1782066910: Hold'em No Limit ($0.05/$0.1) - 2024/05/21 16:10:03
Table 'NLHRed42' 6-max Seat #6 is the button
Seat 1: 7de683da ($10.76 in chips)
Seat 2: Hero ($10 in chips)
Seat 3: 71803dd7 ($20.09 in chips)
Seat 4: be3b6a24 ($10.44 in chips)
Seat 5: 5ba8c44b ($33.87 in chips)
Seat 6: 560a5867 ($10.76 in chips)
7de683da: posts small blind $0.05
Hero: posts big blind $0.1
*** HOLE CARDS ***
Dealt to 7de683da 
Dealt to Hero [2d 4h]
Dealt to 71803dd7 
Dealt to be3b6a24 
Dealt to 5ba8c44b 
Dealt to 560a5867 
71803dd7: raises $0.2 to $0.3
be3b6a24: folds
5ba8c44b: calls $0.3
560a5867: calls $0.3
7de683da: folds
Hero: folds
*** FLOP *** [4d 5s Ac]
71803dd7: checks
5ba8c44b: checks
560a5867: bets $0.35
71803dd7: folds
5ba8c44b: folds
Uncalled bet ($0.35) returned to 560a5867
*** SHOWDOWN ***
560a5867 collected $1 from pot
*** SUMMARY ***
Total pot $1.05 | Rake $0.05 | Jackpot $0 | Bingo $0 | Fortune $0 | Tax $0
Board [4d 5s Ac]
Seat 1: 7de683da (small blind) folded before Flop
Seat 2: Hero (big blind) folded before Flop
Seat 3: 71803dd7 folded on the Flop
Seat 4: be3b6a24 folded before Flop (didn't bet)
Seat 5: 5ba8c44b folded on the Flop
Seat 6: 560a5867 (button) won ($1)


Poker Hand #HD1782066824: Hold'em No Limit ($0.05/$0.1) - 2024/05/21 16:09:15
Table 'NLHRed42' 6-max Seat #5 is the button
Seat 1: 7de683da ($10 in chips)
Seat 2: Hero ($10 in chips)
Seat 3: 71803dd7 ($20.88 in chips)
Seat 4: be3b6a24 ($10.44 in chips)
Seat 5: 5ba8c44b ($33.87 in chips)
Seat 6: 560a5867 ($10.81 in chips)
560a5867: posts small blind $0.05
7de683da: posts big blind $0.1
*** HOLE CARDS ***
Dealt to 7de683da 
Dealt to Hero [3d 6h]
Dealt to 71803dd7 
Dealt to be3b6a24 
Dealt to 5ba8c44b 
Dealt to 560a5867 
Hero: folds
71803dd7: raises $0.2 to $0.3
be3b6a24: folds
5ba8c44b: folds
560a5867: folds
7de683da: calls $0.2
*** FLOP *** [Jc Jd 6c]
7de683da: checks
71803dd7: bets $0.49
7de683da: calls $0.49
*** TURN *** [Jc Jd 6c] [Tc]
7de683da: checks
71803dd7: checks
*** RIVER *** [Jc Jd 6c Tc] [5c]
7de683da: bets $1.23
71803dd7: folds
Uncalled bet ($1.23) returned to 7de683da
*** SHOWDOWN ***
7de683da collected $1.55 from pot
*** SUMMARY ***
Total pot $1.63 | Rake $0.08 | Jackpot $0 | Bingo $0 | Fortune $0 | Tax $0
Board [Jc Jd 6c Tc 5c]
Seat 1: 7de683da (big blind) won ($1.55)
Seat 2: Hero folded before Flop (didn't bet)
Seat 3: 71803dd7 folded on the River
Seat 4: be3b6a24 folded before Flop (didn't bet)
Seat 5: 5ba8c44b (button) folded before Flop (didn't bet)
Seat 6: 560a5867 (small blind) folded before Flop


Poker Hand #HD1782066625: Hold'em No Limit ($0.05/$0.1) - 2024/05/21 16:07:37
Table 'NLHRed42' 6-max Seat #4 is the button
Seat 1: 7de683da ($10 in chips)
Seat 2: Hero ($10 in chips)
Seat 3: 71803dd7 ($19.88 in chips)
Seat 4: be3b6a24 ($10.64 in chips)
Seat 5: 5ba8c44b ($33.92 in chips)
Seat 6: 560a5867 ($11.01 in chips)
5ba8c44b: posts small blind $0.05
560a5867: posts big blind $0.1
*** HOLE CARDS ***
Dealt to 7de683da 
Dealt to Hero [Jc Jh]
Dealt to 71803dd7 
Dealt to be3b6a24 
Dealt to 5ba8c44b 
Dealt to 560a5867 
7de683da: folds
Hero: raises $0.1 to $0.2
71803dd7: calls $0.2
be3b6a24: calls $0.2
5ba8c44b: folds
560a5867: calls $0.1
*** FLOP *** [3d 9c Qs]
560a5867: checks
Hero: checks
71803dd7: bets $0.43
be3b6a24: folds
560a5867: folds
Hero: calls $0.43
*** TURN *** [3d 9c Qs] [3s]
Hero: checks
71803dd7: bets $0.86
Hero: folds
Uncalled bet ($0.86) returned to 71803dd7
*** SHOWDOWN ***
71803dd7 collected $1.63 from pot
*** SUMMARY ***
Total pot $1.71 | Rake $0.08 | Jackpot $0 | Bingo $0 | Fortune $0 | Tax $0
Board [3d 9c Qs 3s]
Seat 1: 7de683da folded before Flop (didn't bet)
Seat 2: Hero folded on the Turn
Seat 3: 71803dd7 won ($1.63)
Seat 4: be3b6a24 (button) folded on the Flop
Seat 5: 5ba8c44b (small blind) folded before Flop
Seat 6: 560a5867 (big blind) folded on the Flop


Poker Hand #HD1782066538: Hold'em No Limit ($0.05/$0.1) - 2024/05/21 16:06:51
Table 'NLHRed42' 6-max Seat #3 is the button
Seat 1: 7de683da ($10.27 in chips)
Seat 2: Hero ($10 in chips)
Seat 3: 71803dd7 ($19.21 in chips)
Seat 4: be3b6a24 ($10.69 in chips)
Seat 5: 5ba8c44b ($34.02 in chips)
Seat 6: 560a5867 ($11.01 in chips)
be3b6a24: posts small blind $0.05
5ba8c44b: posts big blind $0.1
*** HOLE CARDS ***
Dealt to 7de683da 
Dealt to Hero [Kh 9h]
Dealt to 71803dd7 
Dealt to be3b6a24 
Dealt to 5ba8c44b 
Dealt to 560a5867 
560a5867: folds
7de683da: raises $0.15 to $0.25
Hero: folds
71803dd7: calls $0.25
be3b6a24: folds
5ba8c44b: folds
*** FLOP *** [5s 7d 5d]
7de683da: bets $0.33
71803dd7: calls $0.33
*** TURN *** [5s 7d 5d] [4d]
7de683da: checks
71803dd7: bets $1.31
7de683da: folds
Uncalled bet ($1.31) returned to 71803dd7
*** SHOWDOWN ***
71803dd7 collected $1.25 from pot
*** SUMMARY ***
Total pot $1.31 | Rake $0.06 | Jackpot $0 | Bingo $0 | Fortune $0 | Tax $0
Board [5s 7d 5d 4d]
Seat 1: 7de683da folded on the Turn
Seat 2: Hero folded before Flop (didn't bet)
Seat 3: 71803dd7 (button) won ($1.25)
Seat 4: be3b6a24 (small blind) folded before Flop
Seat 5: 5ba8c44b (big blind) folded before Flop
Seat 6: 560a5867 folded before Flop (didn't bet)


Poker Hand #HD1782066449: Hold'em No Limit ($0.05/$0.1) - 2024/05/21 16:06:07
Table 'NLHRed42' 6-max Seat #2 is the button
Seat 1: 7de683da ($10.27 in chips)
Seat 2: Hero ($10 in chips)
Seat 3: 71803dd7 ($18.62 in chips)
Seat 4: be3b6a24 ($10.79 in chips)
Seat 5: 5ba8c44b ($34.02 in chips)
Seat 6: 560a5867 ($11.01 in chips)
71803dd7: posts small blind $0.05
be3b6a24: posts big blind $0.1
*** HOLE CARDS ***
Dealt to 7de683da 
Dealt to Hero [3c 3d]
Dealt to 71803dd7 
Dealt to be3b6a24 
Dealt to 5ba8c44b 
Dealt to 560a5867 
5ba8c44b: folds
560a5867: folds
7de683da: folds
Hero: raises $0.14 to $0.24
71803dd7: calls $0.19
be3b6a24: folds
*** FLOP *** [6c Ks Qs]
71803dd7: checks
Hero: checks
*** TURN *** [6c Ks Qs] [Td]
71803dd7: checks
Hero: bets $0.3
71803dd7: calls $0.3
*** RIVER *** [6c Ks Qs Td] [Ts]
71803dd7: bets $1
Hero: folds
Uncalled bet ($1) returned to 71803dd7
*** SHOWDOWN ***
71803dd7 collected $1.13 from pot
*** SUMMARY ***
Total pot $1.18 | Rake $0.05 | Jackpot $0 | Bingo $0 | Fortune $0 | Tax $0
Board [6c Ks Qs Td Ts]
Seat 1: 7de683da folded before Flop (didn't bet)
Seat 2: Hero (button) folded on the River
Seat 3: 71803dd7 (small blind) won ($1.13)
Seat 4: be3b6a24 (big blind) folded before Flop
Seat 5: 5ba8c44b folded before Flop (didn't bet)
Seat 6: 560a5867 folded before Flop (didn't bet)


Poker Hand #HD1782066391: Hold'em No Limit ($0.05/$0.1) - 2024/05/21 16:05:37
Table 'NLHRed42' 6-max Seat #1 is the button
Seat 1: 7de683da ($10.27 in chips)
Seat 2: Hero ($10 in chips)
Seat 3: 71803dd7 ($18.72 in chips)
Seat 4: be3b6a24 ($10.79 in chips)
Seat 5: 5ba8c44b ($34.22 in chips)
Seat 6: 560a5867 ($10.68 in chips)
Hero: posts small blind $0.05
71803dd7: posts big blind $0.1
*** HOLE CARDS ***
Dealt to 7de683da 
Dealt to Hero [4h Jh]
Dealt to 71803dd7 
Dealt to be3b6a24 
Dealt to 5ba8c44b 
Dealt to 560a5867 
be3b6a24: folds
5ba8c44b: raises $0.1 to $0.2
560a5867: raises $0.5 to $0.7
7de683da: folds
Hero: folds
71803dd7: folds
5ba8c44b: folds
Uncalled bet ($0.5) returned to 560a5867
*** SHOWDOWN ***
560a5867 collected $0.53 from pot
*** SUMMARY ***
Total pot $0.55 | Rake $0.02 | Jackpot $0 | Bingo $0 | Fortune $0 | Tax $0
Seat 1: 7de683da (button) folded before Flop (didn't bet)
Seat 2: Hero (small blind) folded before Flop
Seat 3: 71803dd7 (big blind) folded before Flop
Seat 4: be3b6a24 folded before Flop (didn't bet)
Seat 5: 5ba8c44b folded before Flop
Seat 6: 560a5867 collected ($0.53)


Poker Hand #HD1782066374: Hold'em No Limit ($0.05/$0.1) - 2024/05/21 16:05:23
Table 'NLHRed42' 6-max Seat #6 is the button
Seat 1: 7de683da ($10.32 in chips)
Seat 2: Hero ($10 in chips)
Seat 3: 71803dd7 ($18.72 in chips)
Seat 4: be3b6a24 ($10.79 in chips)
Seat 5: 5ba8c44b ($34.07 in chips)
Seat 6: 560a5867 ($10.68 in chips)
7de683da: posts small blind $0.05
Hero: posts big blind $0.1
*** HOLE CARDS ***
Dealt to 7de683da 
Dealt to Hero [2c 8d]
Dealt to 71803dd7 
Dealt to be3b6a24 
Dealt to 5ba8c44b 
Dealt to 560a5867 
71803dd7: folds
be3b6a24: folds
5ba8c44b: raises $0.1 to $0.2
560a5867: folds
7de683da: folds
Hero: folds
Uncalled bet ($0.1) returned to 5ba8c44b
*** SHOWDOWN ***
5ba8c44b collected $0.25 from pot
*** SUMMARY ***
Total pot $0.25 | Rake $0 | Jackpot $0 | Bingo $0 | Fortune $0 | Tax $0
Seat 1: 7de683da (small blind) folded before Flop
Seat 2: Hero (big blind) folded before Flop
Seat 3: 71803dd7 folded before Flop (didn't bet)
Seat 4: be3b6a24 folded before Flop (didn't bet)
Seat 5: 5ba8c44b collected ($0.25)
Seat 6: 560a5867 (button) folded before Flop (didn't bet)


Poker Hand #HD1782066311: Hold'em No Limit ($0.05/$0.1) - 2024/05/21 16:04:52
Table 'NLHRed42' 6-max Seat #5 is the button
Seat 1: 7de683da ($10.42 in chips)
Seat 2: Hero ($10 in chips)
Seat 3: 71803dd7 ($18.82 in chips)
Seat 4: be3b6a24 ($10.55 in chips)
Seat 5: 5ba8c44b ($34.07 in chips)
Seat 6: 560a5867 ($10.73 in chips)
560a5867: posts small blind $0.05
7de683da: posts big blind $0.1
*** HOLE CARDS ***
Dealt to 7de683da 
Dealt to Hero [6h 2s]
Dealt to 71803dd7 
Dealt to be3b6a24 
Dealt to 5ba8c44b 
Dealt to 560a5867 
Hero: folds
71803dd7: calls $0.1
be3b6a24: raises $0.5 to $0.6
5ba8c44b: folds
560a5867: folds
7de683da: folds
71803dd7: folds
Uncalled bet ($0.5) returned to be3b6a24
*** SHOWDOWN ***
be3b6a24 collected $0.34 from pot
*** SUMMARY ***
Total pot $0.35 | Rake $0.01 | Jackpot $0 | Bingo $0 | Fortune $0 | Tax $0
Seat 1: 7de683da (big blind) folded before Flop
Seat 2: Hero folded before Flop (didn't bet)
Seat 3: 71803dd7 folded before Flop
Seat 4: be3b6a24 collected ($0.34)
Seat 5: 5ba8c44b (button) folded before Flop (didn't bet)
Seat 6: 560a5867 (small blind) folded before Flop


Poker Hand #HD1782066137: Hold'em No Limit ($0.05/$0.1) - 2024/05/21 16:03:22
Table 'NLHRed42' 6-max Seat #4 is the button
Seat 1: 7de683da ($10.42 in chips)
Seat 2: Hero ($10 in chips)
Seat 3: 71803dd7 ($18.92 in chips)
Seat 4: be3b6a24 ($10.55 in chips)
Seat 5: 5ba8c44b ($33.88 in chips)
Seat 6: 560a5867 ($10.83 in chips)
5ba8c44b: posts small blind $0.05
560a5867: posts big blind $0.1
*** HOLE CARDS ***
Dealt to 7de683da 
Dealt to Hero [7s 3s]
Dealt to 71803dd7 
Dealt to be3b6a24 
Dealt to 5ba8c44b 
Dealt to 560a5867 
7de683da: folds
Hero: folds
71803dd7: calls $0.1
be3b6a24: folds
5ba8c44b: calls $0.05
560a5867: checks
*** FLOP *** [Ac 7h 3h]
5ba8c44b: checks
560a5867: checks
71803dd7: checks
*** TURN *** [Ac 7h 3h] [Th]
5ba8c44b: checks
560a5867: checks
71803dd7: checks
*** RIVER *** [Ac 7h 3h Th] [4s]
5ba8c44b: checks
560a5867: checks
71803dd7: checks
5ba8c44b: shows [6s 6c] (Pair of Sixes)
560a5867: shows [4d Kh] (Pair of Fours)
71803dd7: shows [9h Ks] (Ace-High)
*** SHOWDOWN ***
5ba8c44b collected $0.29 from pot
*** SUMMARY ***
Total pot $0.3 | Rake $0.01 | Jackpot $0 | Bingo $0 | Fortune $0 | Tax $0
Board [Ac 7h 3h Th 4s]
Seat 1: 7de683da folded before Flop (didn't bet)
Seat 2: Hero folded before Flop (didn't bet)
Seat 3: 71803dd7 showed [9h Ks] and lost with Ace-High
Seat 4: be3b6a24 (button) folded before Flop (didn't bet)
Seat 5: 5ba8c44b (small blind) showed [6s 6c] and won ($0.29) with Pair of Sixes
Seat 6: 560a5867 (big blind) showed [4d Kh] and lost with Pair of Fours


Poker Hand #HD1782066017: Hold'em No Limit ($0.05/$0.1) - 2024/05/21 16:02:27
Table 'NLHRed42' 6-max Seat #3 is the button
Seat 1: 7de683da ($10 in chips)
Seat 2: Hero ($10 in chips)
Seat 3: 71803dd7 ($18.92 in chips)
Seat 4: be3b6a24 ($10.6 in chips)
Seat 5: 5ba8c44b ($34.08 in chips)
Seat 6: 560a5867 ($11.03 in chips)
be3b6a24: posts small blind $0.05
5ba8c44b: posts big blind $0.1
*** HOLE CARDS ***
Dealt to 7de683da 
Dealt to Hero [7c Jc]
Dealt to 71803dd7 
Dealt to be3b6a24 
Dealt to 5ba8c44b 
Dealt to 560a5867 
560a5867: raises $0.1 to $0.2
7de683da: calls $0.2
Hero: folds
71803dd7: folds
be3b6a24: folds
5ba8c44b: calls $0.1
*** FLOP *** [7d 2c 2s]
5ba8c44b: checks
560a5867: checks
7de683da: bets $0.25
5ba8c44b: folds
560a5867: folds
Uncalled bet ($0.25) returned to 7de683da
*** SHOWDOWN ***
7de683da collected $0.62 from pot
*** SUMMARY ***
Total pot $0.65 | Rake $0.03 | Jackpot $0 | Bingo $0 | Fortune $0 | Tax $0
Board [7d 2c 2s]
Seat 1: 7de683da won ($0.62)
Seat 2: Hero folded before Flop (didn't bet)
Seat 3: 71803dd7 (button) folded before Flop (didn't bet)
Seat 4: be3b6a24 (small blind) folded before Flop
Seat 5: 5ba8c44b (big blind) folded on the Flop
Seat 6: 560a5867 folded on the Flop


Poker Hand #HD1782065874: Hold'em No Limit ($0.05/$0.1) - 2024/05/21 16:01:17
Table 'NLHRed42' 6-max Seat #2 is the button
Seat 1: 7de683da ($10 in chips)
Seat 2: Hero ($10 in chips)
Seat 3: 71803dd7 ($18.64 in chips)
Seat 4: be3b6a24 ($10.7 in chips)
Seat 5: 5ba8c44b ($34.28 in chips)
Seat 6: 560a5867 ($11.03 in chips)
71803dd7: posts small blind $0.05
be3b6a24: posts big blind $0.1
*** HOLE CARDS ***
Dealt to 7de683da 
Dealt to Hero [8c 2h]
Dealt to 71803dd7 
Dealt to be3b6a24 
Dealt to 5ba8c44b 
Dealt to 560a5867 
5ba8c44b: raises $0.1 to $0.2
560a5867: folds
7de683da: folds
Hero: folds
71803dd7: calls $0.15
be3b6a24: folds
*** FLOP *** [4c 8d Qd]
71803dd7: checks
5ba8c44b: checks
*** TURN *** [4c 8d Qd] [4d]
71803dd7: checks
5ba8c44b: checks
*** RIVER *** [4c 8d Qd 4d] [Ad]
71803dd7: checks
5ba8c44b: checks
71803dd7: shows [9h Jc] (Pair of Fours)
5ba8c44b: shows [Ts 9s] (Pair of Fours)
*** SHOWDOWN ***
71803dd7 collected $0.48 from pot
*** SUMMARY ***
Total pot $0.5 | Rake $0.02 | Jackpot $0 | Bingo $0 | Fortune $0 | Tax $0
Board [4c 8d Qd 4d Ad]
Seat 1: 7de683da folded before Flop (didn't bet)
Seat 2: Hero (button) folded before Flop (didn't bet)
Seat 3: 71803dd7 (small blind) showed [9h Jc] and won ($0.48) with Pair of Fours
Seat 4: be3b6a24 (big blind) folded before Flop
Seat 5: 5ba8c44b showed [Ts 9s] and lost with Pair of Fours
Seat 6: 560a5867 folded before Flop (didn't bet)


Poker Hand #HD1782065760: Hold'em No Limit ($0.05/$0.1) - 2024/05/21 16:00:28
Table 'NLHRed42' 6-max Seat #1 is the button
Seat 1: 7de683da ($10 in chips)
Seat 2: Hero ($10 in chips)
Seat 3: 71803dd7 ($18.87 in chips)
Seat 4: be3b6a24 ($10.7 in chips)
Seat 5: 5ba8c44b ($34.28 in chips)
Seat 6: 560a5867 ($10.77 in chips)
Hero: posts small blind $0.05
71803dd7: posts big blind $0.1
*** HOLE CARDS ***
Dealt to 7de683da 
Dealt to Hero [7c Qc]
Dealt to 71803dd7 
Dealt to be3b6a24 
Dealt to 5ba8c44b 
Dealt to 560a5867 
be3b6a24: folds
5ba8c44b: folds
560a5867: raises $0.13 to $0.23
7de683da: folds
Hero: folds
71803dd7: calls $0.13
*** FLOP *** [3h 8c 9d]
71803dd7: checks
560a5867: bets $0.17
71803dd7: folds
Uncalled bet ($0.17) returned to 560a5867
*** SHOWDOWN ***
560a5867 collected $0.49 from pot
*** SUMMARY ***
Total pot $0.51 | Rake $0.02 | Jackpot $0 | Bingo $0 | Fortune $0 | Tax $0
Board [3h 8c 9d]
Seat 1: 7de683da (button) folded before Flop (didn't bet)
Seat 2: Hero (small blind) folded before Flop
Seat 3: 71803dd7 (big blind) folded on the Flop
Seat 4: be3b6a24 folded before Flop (didn't bet)
Seat 5: 5ba8c44b folded before Flop (didn't bet)
Seat 6: 560a5867 won ($0.49)


Poker Hand #HD1782065716: Hold'em No Limit ($0.05/$0.1) - 2024/05/21 16:00:05
Table 'NLHRed42' 6-max Seat #6 is the button
Seat 1: 7de683da ($10 in chips)
Seat 2: Hero ($10 in chips)
Seat 3: 71803dd7 ($18.72 in chips)
Seat 4: be3b6a24 ($10.7 in chips)
Seat 5: 5ba8c44b ($34.28 in chips)
Seat 6: 560a5867 ($10.77 in chips)
7de683da: posts small blind $0.05
Hero: posts big blind $0.1
*** HOLE CARDS ***
Dealt to 7de683da 
Dealt to Hero [5h 3d]
Dealt to 71803dd7 
Dealt to be3b6a24 
Dealt to 5ba8c44b 
Dealt to 560a5867 
71803dd7: raises $0.2 to $0.3
be3b6a24: folds
5ba8c44b: folds
560a5867: folds
7de683da: folds
Hero: folds
Uncalled bet ($0.2) returned to 71803dd7
*** SHOWDOWN ***
71803dd7 collected $0.25 from pot
*** SUMMARY ***
Total pot $0.25 | Rake $0 | Jackpot $0 | Bingo $0 | Fortune $0 | Tax $0
Seat 1: 7de683da (small blind) folded before Flop
Seat 2: Hero (big blind) folded before Flop
Seat 3: 71803dd7 collected ($0.25)
Seat 4: be3b6a24 folded before Flop (didn't bet)
Seat 5: 5ba8c44b folded before Flop (didn't bet)
Seat 6: 560a5867 (button) folded before Flop (didn't bet)


Poker Hand #HD1781955616: Hold'em No Limit ($0.05/$0.1) - 2024/05/21 15:59:20
Table 'NLHRed42' 6-max Seat #5 is the button
Seat 1: 7de683da ($10 in chips)
Seat 2: Hero ($10 in chips)
Seat 3: 71803dd7 ($18.21 in chips)
Seat 4: be3b6a24 ($11.1 in chips)
Seat 5: 5ba8c44b ($34.28 in chips)
Seat 6: 560a5867 ($10.82 in chips)
560a5867: posts small blind $0.05
7de683da: posts big blind $0.1
*** HOLE CARDS ***
Dealt to 7de683da 
Dealt to Hero [Ts Jh]
Dealt to 71803dd7 
Dealt to be3b6a24 
Dealt to 5ba8c44b 
Dealt to 560a5867 
Hero: folds
71803dd7: calls $0.1
be3b6a24: raises $0.3 to $0.4
5ba8c44b: folds
560a5867: folds
7de683da: folds
71803dd7: calls $0.3
*** FLOP *** [4h 9s Kh]
71803dd7: bets $0.72
be3b6a24: folds
Uncalled bet ($0.72) returned to 71803dd7
*** SHOWDOWN ***
71803dd7 collected $0.91 from pot
*** SUMMARY ***
Total pot $0.95 | Rake $0.04 | Jackpot $0 | Bingo $0 | Fortune $0 | Tax $0
Board [4h 9s Kh]
Seat 1: 7de683da (big blind) folded before Flop
Seat 2: Hero folded before Flop (didn't bet)
Seat 3: 71803dd7 won ($0.91)
Seat 4: be3b6a24 folded on the Flop
Seat 5: 5ba8c44b (button) folded before Flop (didn't bet)
Seat 6: 560a5867 (small blind) folded before Flop


Poker Hand #HD1781955574: Hold'em No Limit ($0.05/$0.1) - 2024/05/21 15:58:55
Table 'NLHRed42' 6-max Seat #4 is the button
Seat 1: 7de683da ($10 in chips)
Seat 2: Hero ($10 in chips)
Seat 3: 71803dd7 ($18.06 in chips)
Seat 4: be3b6a24 ($11.1 in chips)
Seat 5: 5ba8c44b ($34.33 in chips)
Seat 6: 560a5867 ($10.92 in chips)
5ba8c44b: posts small blind $0.05
560a5867: posts big blind $0.1
*** HOLE CARDS ***
Dealt to 7de683da 
Dealt to Hero [2c 5d]
Dealt to 71803dd7 
Dealt to be3b6a24 
Dealt to 5ba8c44b 
Dealt to 560a5867 
7de683da: folds
Hero: folds
71803dd7: raises $0.2 to $0.3
be3b6a24: folds
5ba8c44b: folds
560a5867: folds
Uncalled bet ($0.2) returned to 71803dd7
*** SHOWDOWN ***
71803dd7 collected $0.25 from pot
*** SUMMARY ***
Total pot $0.25 | Rake $0 | Jackpot $0 | Bingo $0 | Fortune $0 | Tax $0
Seat 1: 7de683da folded before Flop (didn't bet)
Seat 2: Hero folded before Flop (didn't bet)
Seat 3: 71803dd7 collected ($0.25)
Seat 4: be3b6a24 (button) folded before Flop (didn't bet)
Seat 5: 5ba8c44b (small blind) folded before Flop
Seat 6: 560a5867 (big blind) folded before Flop


Poker Hand #HD1781955486: Hold'em No Limit ($0.05/$0.1) - 2024/05/21 15:58:09
Table 'NLHRed42' 6-max Seat #3 is the button
Seat 1: 7de683da ($10 in chips)
Seat 2: Hero ($10 in chips)
Seat 3: 71803dd7 ($18.66 in chips)
Seat 4: be3b6a24 ($11.15 in chips)
Seat 5: 5ba8c44b ($33.74 in chips)
Seat 6: 560a5867 ($10.92 in chips)
be3b6a24: posts small blind $0.05
5ba8c44b: posts big blind $0.1
*** HOLE CARDS ***
Dealt to 7de683da 
Dealt to Hero [2d 5d]
Dealt to 71803dd7 
Dealt to be3b6a24 
Dealt to 5ba8c44b 
Dealt to 560a5867 
560a5867: folds
7de683da: folds
Hero: folds
71803dd7: raises $0.2 to $0.3
be3b6a24: folds
5ba8c44b: calls $0.2
*** FLOP *** [9d Jc 6s]
5ba8c44b: checks
71803dd7: bets $0.3
5ba8c44b: calls $0.3
*** TURN *** [9d Jc 6s] [7c]
5ba8c44b: checks
71803dd7: checks
*** RIVER *** [9d Jc 6s 7c] [7s]
5ba8c44b: checks
71803dd7: checks
5ba8c44b: shows [4c 4s] (Pair of Sevens and Pair of Fours)
71803dd7: shows [Qs Ah] (Pair of Sevens)
*** SHOWDOWN ***
5ba8c44b collected $1.19 from pot
*** SUMMARY ***
Total pot $1.25 | Rake $0.06 | Jackpot $0 | Bingo $0 | Fortune $0 | Tax $0
Board [9d Jc 6s 7c 7s]
Seat 1: 7de683da folded before Flop (didn't bet)
Seat 2: Hero folded before Flop (didn't bet)
Seat 3: 71803dd7 (button) showed [Qs Ah] and lost with Pair of Sevens
Seat 4: be3b6a24 (small blind) folded before Flop
Seat 5: 5ba8c44b (big blind) showed [4c 4s] and won ($1.19) with Pair of Sevens and Pair of Fours
Seat 6: 560a5867 folded before Flop (didn't bet)


Poker Hand #HD1781955389: Hold'em No Limit ($0.05/$0.1) - 2024/05/21 15:57:22
Table 'NLHRed42' 6-max Seat #2 is the button
Seat 1: 7de683da ($10.2 in chips)
Seat 2: Hero ($10 in chips)
Seat 3: 71803dd7 ($18.71 in chips)
Seat 4: be3b6a24 ($11.25 in chips)
Seat 5: 5ba8c44b ($32.96 in chips)
Seat 6: 560a5867 ($10.92 in chips)
71803dd7: posts small blind $0.05
be3b6a24: posts big blind $0.1
*** HOLE CARDS ***
Dealt to 7de683da 
Dealt to Hero [Tc 9h]
Dealt to 71803dd7 
Dealt to be3b6a24 
Dealt to 5ba8c44b 
Dealt to 560a5867 
5ba8c44b: raises $0.1 to $0.2
560a5867: folds
7de683da: raises $0.19 to $0.39
Hero: folds
71803dd7: folds
be3b6a24: folds
5ba8c44b: calls $0.19
*** FLOP *** [Ac 9s Th]
5ba8c44b: checks
7de683da: bets $0.31
5ba8c44b: calls $0.31
*** TURN *** [Ac 9s Th] [2d]
5ba8c44b: checks
7de683da: checks
*** RIVER *** [Ac 9s Th 2d] [Kd]
5ba8c44b: checks
7de683da: checks
5ba8c44b: shows [As 6h] (Pair of Aces)
7de683da: shows [5h 3h] (Ace-High)
*** SHOWDOWN ***
5ba8c44b collected $1.48 from pot
*** SUMMARY ***
Total pot $1.55 | Rake $0.07 | Jackpot $0 | Bingo $0 | Fortune $0 | Tax $0
Board [Ac 9s Th 2d Kd]
Seat 1: 7de683da showed [5h 3h] and lost with Ace-High
Seat 2: Hero (button) folded before Flop (didn't bet)
Seat 3: 71803dd7 (small blind) folded before Flop
Seat 4: be3b6a24 (big blind) folded before Flop
Seat 5: 5ba8c44b showed [As 6h] and won ($1.48) with Pair of Aces
Seat 6: 560a5867 folded before Flop (didn't bet)


Poker Hand #HD1781955252: Hold'em No Limit ($0.05/$0.1) - 2024/05/21 15:56:18
Table 'NLHRed42' 6-max Seat #1 is the button
Seat 1: 7de683da ($10.2 in chips)
Seat 2: Hero ($10 in chips)
Seat 3: 71803dd7 ($18.94 in chips)
Seat 4: be3b6a24 ($11.25 in chips)
Seat 5: 5ba8c44b ($32.96 in chips)
Seat 6: 560a5867 ($10.66 in chips)
Hero: posts small blind $0.05
71803dd7: posts big blind $0.1
*** HOLE CARDS ***
Dealt to 7de683da 
Dealt to Hero [4d Kh]
Dealt to 71803dd7 
Dealt to be3b6a24 
Dealt to 5ba8c44b 
Dealt to 560a5867 
be3b6a24: folds
5ba8c44b: folds
560a5867: raises $0.13 to $0.23
7de683da: folds
Hero: folds
71803dd7: calls $0.13
*** FLOP *** [Qs As 2h]
71803dd7: checks
560a5867: bets $0.77
71803dd7: folds
Uncalled bet ($0.77) returned to 560a5867
*** SHOWDOWN ***
560a5867 collected $0.49 from pot
*** SUMMARY ***
Total pot $0.51 | Rake $0.02 | Jackpot $0 | Bingo $0 | Fortune $0 | Tax $0
Board [Qs As 2h]
Seat 1: 7de683da (button) folded before Flop (didn't bet)
Seat 2: Hero (small blind) folded before Flop
Seat 3: 71803dd7 (big blind) folded on the Flop
Seat 4: be3b6a24 folded before Flop (didn't bet)
Seat 5: 5ba8c44b folded before Flop (didn't bet)
Seat 6: 560a5867 won ($0.49)


Poker Hand #HD1781955190: Hold'em No Limit ($0.05/$0.1) - 2024/05/21 15:55:47
Table 'NLHRed42' 6-max Seat #6 is the button
Seat 1: 7de683da ($10.25 in chips)
Seat 2: Hero ($10 in chips)
Seat 3: 71803dd7 ($19.04 in chips)
Seat 4: be3b6a24 ($11.25 in chips)
Seat 5: 5ba8c44b ($32.96 in chips)
Seat 6: 560a5867 ($10.42 in chips)
7de683da: posts small blind $0.05
Hero: posts big blind $0.1
*** HOLE CARDS ***
Dealt to 7de683da 
Dealt to Hero [8c 2c]
Dealt to 71803dd7 
Dealt to be3b6a24 
Dealt to 5ba8c44b 
Dealt to 560a5867 
71803dd7: calls $0.1
be3b6a24: folds
5ba8c44b: folds
560a5867: raises $0.3 to $0.4
7de683da: folds
Hero: folds
71803dd7: folds
Uncalled bet ($0.3) returned to 560a5867
*** SHOWDOWN ***
560a5867 collected $0.34 from pot
*** SUMMARY ***
Total pot $0.35 | Rake $0.01 | Jackpot $0 | Bingo $0 | Fortune $0 | Tax $0
Seat 1: 7de683da (small blind) folded before Flop
Seat 2: Hero (big blind) folded before Flop
Seat 3: 71803dd7 folded before Flop
Seat 4: be3b6a24 folded before Flop (didn't bet)
Seat 5: 5ba8c44b folded before Flop (didn't bet)
Seat 6: 560a5867 (button) collected ($0.34)


