Poker Hand #HD1778229245: Hold'em No Limit ($0.05/$0.1) - 2024/05/18 20:08:15
Table 'NLHRed25' 6-max Seat #4 is the button
Seat 1: 2cb75dde ($10.79 in chips)
Seat 3: 5d1fc366 ($14.55 in chips)
Seat 4: 99bcc728 ($10.15 in chips)
Seat 5: Hero ($15.06 in chips)
Seat 6: 273cb132 ($17.77 in chips)
Hero: posts small blind $0.05
273cb132: posts big blind $0.1
*** HOLE CARDS ***
Dealt to 2cb75dde 
Dealt to 5d1fc366 
Dealt to 99bcc728 
Dealt to Hero [Qc As]
Dealt to 273cb132 
2cb75dde: folds
5d1fc366: folds
99bcc728: folds
Hero: raises $0.2 to $0.3
273cb132: calls $0.2
*** FLOP *** [7h 4c Qh]
Hero: bets $0.3
273cb132: calls $0.3
*** TURN *** [7h 4c Qh] [2s]
Hero: bets $0.8
273cb132: folds
Uncalled bet ($0.8) returned to Hero
*** SHOWDOWN ***
Hero collected $1.14 from pot
*** SUMMARY ***
Total pot $1.2 | Rake $0.06 | Jackpot $0 | Bingo $0 | Fortune $0 | Tax $0
Board [7h 4c Qh 2s]
Seat 1: 2cb75dde folded before Flop (didn't bet)
Seat 3: 5d1fc366 folded before Flop (didn't bet)
Seat 4: 99bcc728 (button) folded before Flop (didn't bet)
Seat 5: Hero (small blind) won ($1.14)
Seat 6: 273cb132 (big blind) folded on the Turn


Poker Hand #HD1778229221: Hold'em No Limit ($0.05/$0.1) - 2024/05/18 20:08:02
Table 'NLHRed25' 6-max Seat #3 is the button
Seat 1: 2cb75dde ($10.79 in chips)
Seat 3: 5d1fc366 ($14.55 in chips)
Seat 4: 99bcc728 ($10.05 in chips)
Seat 5: Hero ($15.16 in chips)
Seat 6: 273cb132 ($17.77 in chips)
99bcc728: posts small blind $0.05
Hero: posts big blind $0.1
*** HOLE CARDS ***
Dealt to 2cb75dde 
Dealt to 5d1fc366 
Dealt to 99bcc728 
Dealt to Hero [6c Js]
Dealt to 273cb132 
273cb132: folds
2cb75dde: folds
5d1fc366: folds
99bcc728: raises $0.2 to $0.3
Hero: folds
Uncalled bet ($0.2) returned to 99bcc728
*** SHOWDOWN ***
99bcc728 collected $0.2 from pot
*** SUMMARY ***
Total pot $0.2 | Rake $0 | Jackpot $0 | Bingo $0 | Fortune $0 | Tax $0
Seat 1: 2cb75dde folded before Flop (didn't bet)
Seat 3: 5d1fc366 (button) folded before Flop (didn't bet)
Seat 4: 99bcc728 (small blind) collected ($0.2)
Seat 5: Hero (big blind) folded before Flop
Seat 6: 273cb132 folded before Flop (didn't bet)


Poker Hand #HD1778229105: Hold'em No Limit ($0.05/$0.1) - 2024/05/18 20:07:12
Table 'NLHRed25' 6-max Seat #1 is the button
Seat 1: 2cb75dde ($10.79 in chips)
Seat 3: 5d1fc366 ($14.08 in chips)
Seat 4: 99bcc728 ($10.15 in chips)
Seat 5: Hero ($15.36 in chips)
Seat 6: 273cb132 ($17.97 in chips)
5d1fc366: posts small blind $0.05
99bcc728: posts big blind $0.1
*** HOLE CARDS ***
Dealt to 2cb75dde 
Dealt to 5d1fc366 
Dealt to 99bcc728 
Dealt to Hero [Qd Ad]
Dealt to 273cb132 
Hero: raises $0.1 to $0.2
273cb132: calls $0.2
2cb75dde: folds
5d1fc366: raises $1.2 to $1.4
99bcc728: folds
Hero: folds
273cb132: folds
Uncalled bet ($1.2) returned to 5d1fc366
*** SHOWDOWN ***
5d1fc366 collected $0.67 from pot
*** SUMMARY ***
Total pot $0.7 | Rake $0.03 | Jackpot $0 | Bingo $0 | Fortune $0 | Tax $0
Seat 1: 2cb75dde (button) folded before Flop (didn't bet)
Seat 3: 5d1fc366 (small blind) collected ($0.67)
Seat 4: 99bcc728 (big blind) folded before Flop
Seat 5: Hero folded before Flop
Seat 6: 273cb132 folded before Flop


Poker Hand #HD1778229069: Hold'em No Limit ($0.05/$0.1) - 2024/05/18 20:06:56
Table 'NLHRed25' 6-max Seat #6 is the button
Seat 1: 2cb75dde ($10.69 in chips)
Seat 3: 5d1fc366 ($14.18 in chips)
Seat 4: 99bcc728 ($10.15 in chips)
Seat 5: Hero ($15.36 in chips)
Seat 6: 273cb132 ($17.97 in chips)
2cb75dde: posts small blind $0.05
5d1fc366: posts big blind $0.1
*** HOLE CARDS ***
Dealt to 2cb75dde 
Dealt to 5d1fc366 
Dealt to 99bcc728 
Dealt to Hero [6s Qd]
Dealt to 273cb132 
99bcc728: folds
Hero: folds
273cb132: folds
2cb75dde: raises $0.2 to $0.3
5d1fc366: folds
Uncalled bet ($0.2) returned to 2cb75dde
*** SHOWDOWN ***
2cb75dde collected $0.2 from pot
*** SUMMARY ***
Total pot $0.2 | Rake $0 | Jackpot $0 | Bingo $0 | Fortune $0 | Tax $0
Seat 1: 2cb75dde (small blind) collected ($0.2)
Seat 3: 5d1fc366 (big blind) folded before Flop
Seat 4: 99bcc728 folded before Flop (didn't bet)
Seat 5: Hero folded before Flop (didn't bet)
Seat 6: 273cb132 (button) folded before Flop (didn't bet)


Poker Hand #HD1778229030: Hold'em No Limit ($0.05/$0.1) - 2024/05/18 20:06:41
Table 'NLHRed25' 6-max Seat #5 is the button
Seat 1: 2cb75dde ($10.79 in chips)
Seat 3: 5d1fc366 ($14.18 in chips)
Seat 4: 99bcc728 ($10.15 in chips)
Seat 5: Hero ($15.21 in chips)
Seat 6: 273cb132 ($18.02 in chips)
273cb132: posts small blind $0.05
2cb75dde: posts big blind $0.1
*** HOLE CARDS ***
Dealt to 2cb75dde 
Dealt to 5d1fc366 
Dealt to 99bcc728 
Dealt to Hero [Ad Qs]
Dealt to 273cb132 
5d1fc366: folds
99bcc728: folds
Hero: raises $0.14 to $0.24
273cb132: folds
2cb75dde: folds
Uncalled bet ($0.14) returned to Hero
*** SHOWDOWN ***
Hero collected $0.25 from pot
*** SUMMARY ***
Total pot $0.25 | Rake $0 | Jackpot $0 | Bingo $0 | Fortune $0 | Tax $0
Seat 1: 2cb75dde (big blind) folded before Flop
Seat 3: 5d1fc366 folded before Flop (didn't bet)
Seat 4: 99bcc728 folded before Flop (didn't bet)
Seat 5: Hero (button) collected ($0.25)
Seat 6: 273cb132 (small blind) folded before Flop


Poker Hand #HD1778228988: Hold'em No Limit ($0.05/$0.1) - 2024/05/18 20:06:26
Table 'NLHRed25' 6-max Seat #4 is the button
Seat 1: 2cb75dde ($10.79 in chips)
Seat 3: 5d1fc366 ($14.18 in chips)
Seat 4: 99bcc728 ($10 in chips)
Seat 5: Hero ($15.26 in chips)
Seat 6: 273cb132 ($18.12 in chips)
Hero: posts small blind $0.05
273cb132: posts big blind $0.1
*** HOLE CARDS ***
Dealt to 2cb75dde 
Dealt to 5d1fc366 
Dealt to 99bcc728 
Dealt to Hero [8h 4h]
Dealt to 273cb132 
2cb75dde: folds
5d1fc366: folds
99bcc728: raises $0.15 to $0.25
Hero: folds
273cb132: folds
Uncalled bet ($0.15) returned to 99bcc728
*** SHOWDOWN ***
99bcc728 collected $0.25 from pot
*** SUMMARY ***
Total pot $0.25 | Rake $0 | Jackpot $0 | Bingo $0 | Fortune $0 | Tax $0
Seat 1: 2cb75dde folded before Flop (didn't bet)
Seat 3: 5d1fc366 folded before Flop (didn't bet)
Seat 4: 99bcc728 (button) collected ($0.25)
Seat 5: Hero (small blind) folded before Flop
Seat 6: 273cb132 (big blind) folded before Flop


Poker Hand #HD1778228961: Hold'em No Limit ($0.05/$0.1) - 2024/05/18 20:06:11
Table 'NLHRed25' 6-max Seat #3 is the button
Seat 1: 2cb75dde ($10.79 in chips)
Seat 3: 5d1fc366 ($14.18 in chips)
Seat 4: 99bcc728 ($10 in chips)
Seat 5: Hero ($15.21 in chips)
Seat 6: 273cb132 ($18.12 in chips)
99bcc728: posts small blind $0.05
Hero: posts big blind $0.1
*** HOLE CARDS ***
Dealt to 2cb75dde 
Dealt to 5d1fc366 
Dealt to 99bcc728 
Dealt to Hero [Kh 6h]
Dealt to 273cb132 
273cb132: folds
2cb75dde: folds
5d1fc366: folds
99bcc728: folds
Uncalled bet ($0.05) returned to Hero
*** SHOWDOWN ***
Hero collected $0.1 from pot
*** SUMMARY ***
Total pot $0.1 | Rake $0 | Jackpot $0 | Bingo $0 | Fortune $0 | Tax $0
Seat 1: 2cb75dde folded before Flop (didn't bet)
Seat 3: 5d1fc366 (button) folded before Flop (didn't bet)
Seat 4: 99bcc728 (small blind) folded before Flop
Seat 5: Hero (big blind) collected ($0.1)
Seat 6: 273cb132 folded before Flop (didn't bet)


Poker Hand #HD1778228923: Hold'em No Limit ($0.05/$0.1) - 2024/05/18 20:05:51
Table 'NLHRed25' 6-max Seat #2 is the button
Seat 1: 2cb75dde ($10.79 in chips)
Seat 2: 6a9164f5 ($21.65 in chips)
Seat 3: 5d1fc366 ($14.23 in chips)
Seat 4: 99bcc728 ($10 in chips)
Seat 5: Hero ($15.21 in chips)
Seat 6: 273cb132 ($17.97 in chips)
5d1fc366: posts small blind $0.05
99bcc728: posts big blind $0.1
*** HOLE CARDS ***
Dealt to 2cb75dde 
Dealt to 6a9164f5 
Dealt to 5d1fc366 
Dealt to 99bcc728 
Dealt to Hero [8s 9d]
Dealt to 273cb132 
Hero: folds
273cb132: raises $0.1 to $0.2
2cb75dde: folds
6a9164f5: folds
5d1fc366: folds
99bcc728: folds
Uncalled bet ($0.1) returned to 273cb132
*** SHOWDOWN ***
273cb132 collected $0.25 from pot
*** SUMMARY ***
Total pot $0.25 | Rake $0 | Jackpot $0 | Bingo $0 | Fortune $0 | Tax $0
Seat 1: 2cb75dde folded before Flop (didn't bet)
Seat 2: 6a9164f5 (button) folded before Flop (didn't bet)
Seat 3: 5d1fc366 (small blind) folded before Flop
Seat 4: 99bcc728 (big blind) folded before Flop
Seat 5: Hero folded before Flop (didn't bet)
Seat 6: 273cb132 collected ($0.25)


Poker Hand #HD1778228883: Hold'em No Limit ($0.05/$0.1) - 2024/05/18 20:05:32
Table 'NLHRed25' 6-max Seat #1 is the button
Seat 1: 2cb75dde ($10.79 in chips)
Seat 2: 6a9164f5 ($21.7 in chips)
Seat 3: 5d1fc366 ($14.18 in chips)
Seat 4: 99bcc728 ($10 in chips)
Seat 5: Hero ($15.21 in chips)
Seat 6: 273cb132 ($17.97 in chips)
6a9164f5: posts small blind $0.05
5d1fc366: posts big blind $0.1
*** HOLE CARDS ***
Dealt to 2cb75dde 
Dealt to 6a9164f5 
Dealt to 5d1fc366 
Dealt to 99bcc728 
Dealt to Hero [7c 6h]
Dealt to 273cb132 
99bcc728: folds
Hero: folds
273cb132: folds
2cb75dde: folds
6a9164f5: folds
Uncalled bet ($0.05) returned to 5d1fc366
*** SHOWDOWN ***
5d1fc366 collected $0.1 from pot
*** SUMMARY ***
Total pot $0.1 | Rake $0 | Jackpot $0 | Bingo $0 | Fortune $0 | Tax $0
Seat 1: 2cb75dde (button) folded before Flop (didn't bet)
Seat 2: 6a9164f5 (small blind) folded before Flop
Seat 3: 5d1fc366 (big blind) collected ($0.1)
Seat 4: 99bcc728 folded before Flop (didn't bet)
Seat 5: Hero folded before Flop (didn't bet)
Seat 6: 273cb132 folded before Flop (didn't bet)


Poker Hand #HD1778228840: Hold'em No Limit ($0.05/$0.1) - 2024/05/18 20:05:15
Table 'NLHRed25' 6-max Seat #6 is the button
Seat 1: 2cb75dde ($10.69 in chips)
Seat 2: 6a9164f5 ($21.8 in chips)
Seat 3: 5d1fc366 ($14.18 in chips)
Seat 4: 99bcc728 ($10 in chips)
Seat 5: Hero ($15.21 in chips)
Seat 6: 273cb132 ($17.97 in chips)
2cb75dde: posts small blind $0.05
6a9164f5: posts big blind $0.1
*** HOLE CARDS ***
Dealt to 2cb75dde 
Dealt to 6a9164f5 
Dealt to 5d1fc366 
Dealt to 99bcc728 
Dealt to Hero [4c 6d]
Dealt to 273cb132 
5d1fc366: folds
99bcc728: folds
Hero: folds
273cb132: folds
2cb75dde: raises $0.2 to $0.3
6a9164f5: folds
Uncalled bet ($0.2) returned to 2cb75dde
*** SHOWDOWN ***
2cb75dde collected $0.2 from pot
*** SUMMARY ***
Total pot $0.2 | Rake $0 | Jackpot $0 | Bingo $0 | Fortune $0 | Tax $0
Seat 1: 2cb75dde (small blind) collected ($0.2)
Seat 2: 6a9164f5 (big blind) folded before Flop
Seat 3: 5d1fc366 folded before Flop (didn't bet)
Seat 4: 99bcc728 folded before Flop (didn't bet)
Seat 5: Hero folded before Flop (didn't bet)
Seat 6: 273cb132 (button) folded before Flop (didn't bet)


Poker Hand #HD1778228661: Hold'em No Limit ($0.05/$0.1) - 2024/05/18 20:03:49
Table 'NLHRed25' 6-max Seat #5 is the button
Seat 1: 2cb75dde ($10.79 in chips)
Seat 2: 6a9164f5 ($21.8 in chips)
Seat 3: 5d1fc366 ($14.18 in chips)
Seat 4: 99bcc728 ($10.28 in chips)
Seat 5: Hero ($12.92 in chips)
Seat 6: 273cb132 ($18.67 in chips)
273cb132: posts small blind $0.05
2cb75dde: posts big blind $0.1
*** HOLE CARDS ***
Dealt to 2cb75dde 
Dealt to 6a9164f5 
Dealt to 5d1fc366 
Dealt to 99bcc728 
Dealt to Hero [Qs Ts]
Dealt to 273cb132 
6a9164f5: folds
5d1fc366: folds
99bcc728: raises $0.1 to $0.2
Hero: raises $0.5 to $0.7
273cb132: calls $0.65
2cb75dde: folds
99bcc728: calls $0.5
*** FLOP *** [4s 6d 2h]
273cb132: checks
99bcc728: checks
Hero: checks
*** TURN *** [4s 6d 2h] [7s]
273cb132: checks
99bcc728: bets $1.1
Hero: calls $1.1
273cb132: folds
*** RIVER *** [4s 6d 2h 7s] [As]
99bcc728: checks
Hero: bets $3
99bcc728: folds
Uncalled bet ($3) returned to Hero
*** SHOWDOWN ***
Hero collected $4.09 from pot
*** SUMMARY ***
Total pot $4.4 | Rake $0.21 | Jackpot $0.1 | Bingo $0 | Fortune $0 | Tax $0
Board [4s 6d 2h 7s As]
Seat 1: 2cb75dde (big blind) folded before Flop
Seat 2: 6a9164f5 folded before Flop (didn't bet)
Seat 3: 5d1fc366 folded before Flop (didn't bet)
Seat 4: 99bcc728 folded on the River
Seat 5: Hero (button) won ($4.09)
Seat 6: 273cb132 (small blind) folded on the Turn


Poker Hand #HD1778228573: Hold'em No Limit ($0.05/$0.1) - 2024/05/18 20:03:10
Table 'NLHRed25' 6-max Seat #4 is the button
Seat 1: 2cb75dde ($10.79 in chips)
Seat 2: 6a9164f5 ($21.8 in chips)
Seat 3: 5d1fc366 ($14.18 in chips)
Seat 4: 99bcc728 ($10 in chips)
Seat 5: Hero ($12.97 in chips)
Seat 6: 273cb132 ($18.92 in chips)
Hero: posts small blind $0.05
273cb132: posts big blind $0.1
*** HOLE CARDS ***
Dealt to 2cb75dde 
Dealt to 6a9164f5 
Dealt to 5d1fc366 
Dealt to 99bcc728 
Dealt to Hero [Jh Tc]
Dealt to 273cb132 
2cb75dde: folds
6a9164f5: folds
5d1fc366: folds
99bcc728: raises $0.15 to $0.25
Hero: folds
273cb132: calls $0.15
*** FLOP *** [8d Th 7s]
273cb132: checks
99bcc728: bets $0.4
273cb132: folds
Uncalled bet ($0.4) returned to 99bcc728
*** SHOWDOWN ***
99bcc728 collected $0.53 from pot
*** SUMMARY ***
Total pot $0.55 | Rake $0.02 | Jackpot $0 | Bingo $0 | Fortune $0 | Tax $0
Board [8d Th 7s]
Seat 1: 2cb75dde folded before Flop (didn't bet)
Seat 2: 6a9164f5 folded before Flop (didn't bet)
Seat 3: 5d1fc366 folded before Flop (didn't bet)
Seat 4: 99bcc728 (button) won ($0.53)
Seat 5: Hero (small blind) folded before Flop
Seat 6: 273cb132 (big blind) folded on the Flop


Poker Hand #HD1778228498: Hold'em No Limit ($0.05/$0.1) - 2024/05/18 20:02:35
Table 'NLHRed25' 6-max Seat #3 is the button
Seat 1: 2cb75dde ($10.79 in chips)
Seat 2: 6a9164f5 ($21.8 in chips)
Seat 3: 5d1fc366 ($14.18 in chips)
Seat 4: 99bcc728 ($10 in chips)
Seat 5: Hero ($12.92 in chips)
Seat 6: 273cb132 ($18.92 in chips)
99bcc728: posts small blind $0.05
Hero: posts big blind $0.1
*** HOLE CARDS ***
Dealt to 2cb75dde 
Dealt to 6a9164f5 
Dealt to 5d1fc366 
Dealt to 99bcc728 
Dealt to Hero [8s 2d]
Dealt to 273cb132 
273cb132: folds
2cb75dde: folds
6a9164f5: folds
5d1fc366: folds
99bcc728: folds
Uncalled bet ($0.05) returned to Hero
*** SHOWDOWN ***
Hero collected $0.1 from pot
*** SUMMARY ***
Total pot $0.1 | Rake $0 | Jackpot $0 | Bingo $0 | Fortune $0 | Tax $0
Seat 1: 2cb75dde folded before Flop (didn't bet)
Seat 2: 6a9164f5 folded before Flop (didn't bet)
Seat 3: 5d1fc366 (button) folded before Flop (didn't bet)
Seat 4: 99bcc728 (small blind) folded before Flop
Seat 5: Hero (big blind) collected ($0.1)
Seat 6: 273cb132 folded before Flop (didn't bet)


Poker Hand #HD1778228453: Hold'em No Limit ($0.05/$0.1) - 2024/05/18 20:02:10
Table 'NLHRed25' 6-max Seat #2 is the button
Seat 1: 2cb75dde ($10.64 in chips)
Seat 2: 6a9164f5 ($21.8 in chips)
Seat 3: 5d1fc366 ($14.23 in chips)
Seat 4: 99bcc728 ($10.08 in chips)
Seat 5: Hero ($12.92 in chips)
Seat 6: 273cb132 ($18.92 in chips)
5d1fc366: posts small blind $0.05
99bcc728: posts big blind $0.1
*** HOLE CARDS ***
Dealt to 2cb75dde 
Dealt to 6a9164f5 
Dealt to 5d1fc366 
Dealt to 99bcc728 
Dealt to Hero [Jh 2d]
Dealt to 273cb132 
Hero: folds
273cb132: folds
2cb75dde: raises $0.1 to $0.2
6a9164f5: folds
5d1fc366: folds
99bcc728: folds
Uncalled bet ($0.1) returned to 2cb75dde
*** SHOWDOWN ***
2cb75dde collected $0.25 from pot
*** SUMMARY ***
Total pot $0.25 | Rake $0 | Jackpot $0 | Bingo $0 | Fortune $0 | Tax $0
Seat 1: 2cb75dde collected ($0.25)
Seat 2: 6a9164f5 (button) folded before Flop (didn't bet)
Seat 3: 5d1fc366 (small blind) folded before Flop
Seat 4: 99bcc728 (big blind) folded before Flop
Seat 5: Hero folded before Flop (didn't bet)
Seat 6: 273cb132 folded before Flop (didn't bet)


Poker Hand #HD1778228415: Hold'em No Limit ($0.05/$0.1) - 2024/05/18 20:01:52
Table 'NLHRed25' 6-max Seat #1 is the button
Seat 1: 2cb75dde ($10.64 in chips)
Seat 2: 6a9164f5 ($21.85 in chips)
Seat 3: 5d1fc366 ($14.18 in chips)
Seat 4: 99bcc728 ($10.08 in chips)
Seat 5: Hero ($12.92 in chips)
Seat 6: 273cb132 ($18.92 in chips)
6a9164f5: posts small blind $0.05
5d1fc366: posts big blind $0.1
*** HOLE CARDS ***
Dealt to 2cb75dde 
Dealt to 6a9164f5 
Dealt to 5d1fc366 
Dealt to 99bcc728 
Dealt to Hero [6c 8s]
Dealt to 273cb132 
99bcc728: folds
Hero: folds
273cb132: folds
2cb75dde: folds
6a9164f5: folds
Uncalled bet ($0.05) returned to 5d1fc366
*** SHOWDOWN ***
5d1fc366 collected $0.1 from pot
*** SUMMARY ***
Total pot $0.1 | Rake $0 | Jackpot $0 | Bingo $0 | Fortune $0 | Tax $0
Seat 1: 2cb75dde (button) folded before Flop (didn't bet)
Seat 2: 6a9164f5 (small blind) folded before Flop
Seat 3: 5d1fc366 (big blind) collected ($0.1)
Seat 4: 99bcc728 folded before Flop (didn't bet)
Seat 5: Hero folded before Flop (didn't bet)
Seat 6: 273cb132 folded before Flop (didn't bet)


Poker Hand #HD1778228358: Hold'em No Limit ($0.05/$0.1) - 2024/05/18 20:01:27
Table 'NLHRed25' 6-max Seat #6 is the button
Seat 1: 2cb75dde ($10.54 in chips)
Seat 2: 6a9164f5 ($21.95 in chips)
Seat 3: 5d1fc366 ($14.18 in chips)
Seat 4: 99bcc728 ($10.08 in chips)
Seat 5: Hero ($12.92 in chips)
Seat 6: 273cb132 ($18.92 in chips)
2cb75dde: posts small blind $0.05
6a9164f5: posts big blind $0.1
*** HOLE CARDS ***
Dealt to 2cb75dde 
Dealt to 6a9164f5 
Dealt to 5d1fc366 
Dealt to 99bcc728 
Dealt to Hero [Ts 8d]
Dealt to 273cb132 
5d1fc366: folds
99bcc728: folds
Hero: folds
273cb132: folds
2cb75dde: raises $0.2 to $0.3
6a9164f5: folds
Uncalled bet ($0.2) returned to 2cb75dde
*** SHOWDOWN ***
2cb75dde collected $0.2 from pot
*** SUMMARY ***
Total pot $0.2 | Rake $0 | Jackpot $0 | Bingo $0 | Fortune $0 | Tax $0
Seat 1: 2cb75dde (small blind) collected ($0.2)
Seat 2: 6a9164f5 (big blind) folded before Flop
Seat 3: 5d1fc366 folded before Flop (didn't bet)
Seat 4: 99bcc728 folded before Flop (didn't bet)
Seat 5: Hero folded before Flop (didn't bet)
Seat 6: 273cb132 (button) folded before Flop (didn't bet)


Poker Hand #HD1778228319: Hold'em No Limit ($0.05/$0.1) - 2024/05/18 20:01:07
Table 'NLHRed25' 6-max Seat #5 is the button
Seat 1: 2cb75dde ($10.49 in chips)
Seat 2: 6a9164f5 ($21.95 in chips)
Seat 3: 5d1fc366 ($14.18 in chips)
Seat 4: 99bcc728 ($10.08 in chips)
Seat 5: Hero ($12.92 in chips)
Seat 6: 273cb132 ($18.97 in chips)
273cb132: posts small blind $0.05
2cb75dde: posts big blind $0.1
*** HOLE CARDS ***
Dealt to 2cb75dde 
Dealt to 6a9164f5 
Dealt to 5d1fc366 
Dealt to 99bcc728 
Dealt to Hero [Ts 4h]
Dealt to 273cb132 
6a9164f5: folds
5d1fc366: folds
99bcc728: folds
Hero: folds
273cb132: folds
Uncalled bet ($0.05) returned to 2cb75dde
*** SHOWDOWN ***
2cb75dde collected $0.1 from pot
*** SUMMARY ***
Total pot $0.1 | Rake $0 | Jackpot $0 | Bingo $0 | Fortune $0 | Tax $0
Seat 1: 2cb75dde (big blind) collected ($0.1)
Seat 2: 6a9164f5 folded before Flop (didn't bet)
Seat 3: 5d1fc366 folded before Flop (didn't bet)
Seat 4: 99bcc728 folded before Flop (didn't bet)
Seat 5: Hero (button) folded before Flop (didn't bet)
Seat 6: 273cb132 (small blind) folded before Flop


Poker Hand #HD1778228235: Hold'em No Limit ($0.05/$0.1) - 2024/05/18 20:00:20
Table 'NLHRed25' 6-max Seat #4 is the button
Seat 1: 2cb75dde ($10.12 in chips)
Seat 2: 6a9164f5 ($21.95 in chips)
Seat 3: 5d1fc366 ($14.18 in chips)
Seat 4: 99bcc728 ($10.08 in chips)
Seat 5: Hero ($12.97 in chips)
Seat 6: 273cb132 ($19.32 in chips)
Hero: posts small blind $0.05
273cb132: posts big blind $0.1
*** HOLE CARDS ***
Dealt to 2cb75dde 
Dealt to 6a9164f5 
Dealt to 5d1fc366 
Dealt to 99bcc728 
Dealt to Hero [5c 2c]
Dealt to 273cb132 
2cb75dde: raises $0.1 to $0.2
6a9164f5: folds
5d1fc366: folds
99bcc728: folds
Hero: folds
273cb132: calls $0.1
*** FLOP *** [4s 8s 7s]
273cb132: checks
2cb75dde: bets $0.15
273cb132: calls $0.15
*** TURN *** [4s 8s 7s] [9d]
273cb132: checks
2cb75dde: checks
*** RIVER *** [4s 8s 7s 9d] [Kd]
273cb132: checks
2cb75dde: checks
273cb132: shows [6d 7d] (Pair of Sevens)
2cb75dde: shows [Ad 8d] (Pair of Eights)
*** SHOWDOWN ***
2cb75dde collected $0.72 from pot
*** SUMMARY ***
Total pot $0.75 | Rake $0.03 | Jackpot $0 | Bingo $0 | Fortune $0 | Tax $0
Board [4s 8s 7s 9d Kd]
Seat 1: 2cb75dde showed [Ad 8d] and won ($0.72) with Pair of Eights
Seat 2: 6a9164f5 folded before Flop (didn't bet)
Seat 3: 5d1fc366 folded before Flop (didn't bet)
Seat 4: 99bcc728 (button) folded before Flop (didn't bet)
Seat 5: Hero (small blind) folded before Flop
Seat 6: 273cb132 (big blind) showed [6d 7d] and lost with Pair of Sevens


Poker Hand #HD1778228183: Hold'em No Limit ($0.05/$0.1) - 2024/05/18 19:59:55
Table 'NLHRed25' 6-max Seat #3 is the button
Seat 1: 2cb75dde ($10.12 in chips)
Seat 2: 6a9164f5 ($21.95 in chips)
Seat 3: 5d1fc366 ($14.03 in chips)
Seat 4: 99bcc728 ($10.13 in chips)
Seat 5: Hero ($13.07 in chips)
Seat 6: 273cb132 ($19.32 in chips)
99bcc728: posts small blind $0.05
Hero: posts big blind $0.1
*** HOLE CARDS ***
Dealt to 2cb75dde 
Dealt to 6a9164f5 
Dealt to 5d1fc366 
Dealt to 99bcc728 
Dealt to Hero [Ah 4s]
Dealt to 273cb132 
273cb132: folds
2cb75dde: folds
6a9164f5: folds
5d1fc366: raises $0.2 to $0.3
99bcc728: folds
Hero: folds
Uncalled bet ($0.2) returned to 5d1fc366
*** SHOWDOWN ***
5d1fc366 collected $0.25 from pot
*** SUMMARY ***
Total pot $0.25 | Rake $0 | Jackpot $0 | Bingo $0 | Fortune $0 | Tax $0
Seat 1: 2cb75dde folded before Flop (didn't bet)
Seat 2: 6a9164f5 folded before Flop (didn't bet)
Seat 3: 5d1fc366 (button) collected ($0.25)
Seat 4: 99bcc728 (small blind) folded before Flop
Seat 5: Hero (big blind) folded before Flop
Seat 6: 273cb132 folded before Flop (didn't bet)


Poker Hand #HD1778228101: Hold'em No Limit ($0.05/$0.1) - 2024/05/18 19:59:14
Table 'NLHRed25' 6-max Seat #2 is the button
Seat 1: 2cb75dde ($11.07 in chips)
Seat 2: 6a9164f5 ($21.95 in chips)
Seat 3: 5d1fc366 ($14.08 in chips)
Seat 4: 99bcc728 ($10.23 in chips)
Seat 5: Hero ($11.88 in chips)
Seat 6: 273cb132 ($19.52 in chips)
5d1fc366: posts small blind $0.05
99bcc728: posts big blind $0.1
*** HOLE CARDS ***
Dealt to 2cb75dde 
Dealt to 6a9164f5 
Dealt to 5d1fc366 
Dealt to 99bcc728 
Dealt to Hero [Qh Qs]
Dealt to 273cb132 
Hero: raises $0.1 to $0.2
273cb132: calls $0.2
2cb75dde: raises $0.75 to $0.95
6a9164f5: folds
5d1fc366: folds
99bcc728: folds
Hero: raises $1.85 to $2.8
273cb132: folds
2cb75dde: folds
Uncalled bet ($1.85) returned to Hero
*** SHOWDOWN ***
Hero collected $2.14 from pot
*** SUMMARY ***
Total pot $2.25 | Rake $0.11 | Jackpot $0 | Bingo $0 | Fortune $0 | Tax $0
Seat 1: 2cb75dde folded before Flop
Seat 2: 6a9164f5 (button) folded before Flop (didn't bet)
Seat 3: 5d1fc366 (small blind) folded before Flop
Seat 4: 99bcc728 (big blind) folded before Flop
Seat 5: Hero collected ($2.14)
Seat 6: 273cb132 folded before Flop


Poker Hand #HD1778227997: Hold'em No Limit ($0.05/$0.1) - 2024/05/18 19:58:27
Table 'NLHRed25' 6-max Seat #1 is the button
Seat 1: 2cb75dde ($11.07 in chips)
Seat 2: 6a9164f5 ($22 in chips)
Seat 3: 5d1fc366 ($14.28 in chips)
Seat 4: 99bcc728 ($10 in chips)
Seat 5: Hero ($11.88 in chips)
Seat 6: 273cb132 ($19.52 in chips)
6a9164f5: posts small blind $0.05
5d1fc366: posts big blind $0.1
*** HOLE CARDS ***
Dealt to 2cb75dde 
Dealt to 6a9164f5 
Dealt to 5d1fc366 
Dealt to 99bcc728 
Dealt to Hero [8c Tc]
Dealt to 273cb132 
99bcc728: raises $0.1 to $0.2
Hero: folds
273cb132: folds
2cb75dde: folds
6a9164f5: folds
5d1fc366: calls $0.1
*** FLOP *** [Ah 8s Jc]
5d1fc366: checks
99bcc728: bets $0.15
5d1fc366: folds
Uncalled bet ($0.15) returned to 99bcc728
*** SHOWDOWN ***
99bcc728 collected $0.43 from pot
*** SUMMARY ***
Total pot $0.45 | Rake $0.02 | Jackpot $0 | Bingo $0 | Fortune $0 | Tax $0
Board [Ah 8s Jc]
Seat 1: 2cb75dde (button) folded before Flop (didn't bet)
Seat 2: 6a9164f5 (small blind) folded before Flop
Seat 3: 5d1fc366 (big blind) folded on the Flop
Seat 4: 99bcc728 won ($0.43)
Seat 5: Hero folded before Flop (didn't bet)
Seat 6: 273cb132 folded before Flop (didn't bet)


Poker Hand #HD1778227953: Hold'em No Limit ($0.05/$0.1) - 2024/05/18 19:58:07
Table 'NLHRed25' 6-max Seat #6 is the button
Seat 1: 2cb75dde ($10.97 in chips)
Seat 2: 6a9164f5 ($22.1 in chips)
Seat 3: 5d1fc366 ($14.28 in chips)
Seat 4: 99bcc728 ($10 in chips)
Seat 5: Hero ($11.88 in chips)
Seat 6: 273cb132 ($19.52 in chips)
2cb75dde: posts small blind $0.05
6a9164f5: posts big blind $0.1
*** HOLE CARDS ***
Dealt to 2cb75dde 
Dealt to 6a9164f5 
Dealt to 5d1fc366 
Dealt to 99bcc728 
Dealt to Hero [Ts 3h]
Dealt to 273cb132 
5d1fc366: folds
99bcc728: folds
Hero: folds
273cb132: folds
2cb75dde: raises $0.2 to $0.3
6a9164f5: folds
Uncalled bet ($0.2) returned to 2cb75dde
*** SHOWDOWN ***
2cb75dde collected $0.2 from pot
*** SUMMARY ***
Total pot $0.2 | Rake $0 | Jackpot $0 | Bingo $0 | Fortune $0 | Tax $0
Seat 1: 2cb75dde (small blind) collected ($0.2)
Seat 2: 6a9164f5 (big blind) folded before Flop
Seat 3: 5d1fc366 folded before Flop (didn't bet)
Seat 4: 99bcc728 folded before Flop (didn't bet)
Seat 5: Hero folded before Flop (didn't bet)
Seat 6: 273cb132 (button) folded before Flop (didn't bet)


Poker Hand #HD1778227894: Hold'em No Limit ($0.05/$0.1) - 2024/05/18 19:57:39
Table 'NLHRed25' 6-max Seat #5 is the button
Seat 1: 2cb75dde ($11.07 in chips)
Seat 2: 6a9164f5 ($22.1 in chips)
Seat 3: 5d1fc366 ($14.28 in chips)
Seat 4: 99bcc728 ($10 in chips)
Seat 5: Hero ($11.88 in chips)
Seat 6: 273cb132 ($19.42 in chips)
273cb132: posts small blind $0.05
2cb75dde: posts big blind $0.1
*** HOLE CARDS ***
Dealt to 2cb75dde 
Dealt to 6a9164f5 
Dealt to 5d1fc366 
Dealt to 99bcc728 
Dealt to Hero [2h 2c]
Dealt to 273cb132 
6a9164f5: folds
5d1fc366: folds
99bcc728: folds
Hero: folds
273cb132: raises $0.1 to $0.2
2cb75dde: folds
Uncalled bet ($0.1) returned to 273cb132
*** SHOWDOWN ***
273cb132 collected $0.2 from pot
*** SUMMARY ***
Total pot $0.2 | Rake $0 | Jackpot $0 | Bingo $0 | Fortune $0 | Tax $0
Seat 1: 2cb75dde (big blind) folded before Flop
Seat 2: 6a9164f5 folded before Flop (didn't bet)
Seat 3: 5d1fc366 folded before Flop (didn't bet)
Seat 4: 99bcc728 folded before Flop (didn't bet)
Seat 5: Hero (button) folded before Flop (didn't bet)
Seat 6: 273cb132 (small blind) collected ($0.2)


Poker Hand #HD1778227863: Hold'em No Limit ($0.05/$0.1) - 2024/05/18 19:57:23
Table 'NLHRed25' 6-max Seat #4 is the button
Seat 1: 2cb75dde ($11.07 in chips)
Seat 2: 6a9164f5 ($22.1 in chips)
Seat 3: 5d1fc366 ($14.28 in chips)
Seat 4: 99bcc728 ($10 in chips)
Seat 5: Hero ($11.93 in chips)
Seat 6: 273cb132 ($19.37 in chips)
Hero: posts small blind $0.05
273cb132: posts big blind $0.1
*** HOLE CARDS ***
Dealt to 2cb75dde 
Dealt to 6a9164f5 
Dealt to 5d1fc366 
Dealt to 99bcc728 
Dealt to Hero [Qd 3h]
Dealt to 273cb132 
2cb75dde: folds
6a9164f5: folds
5d1fc366: folds
99bcc728: folds
Hero: folds
Uncalled bet ($0.05) returned to 273cb132
*** SHOWDOWN ***
273cb132 collected $0.1 from pot
*** SUMMARY ***
Total pot $0.1 | Rake $0 | Jackpot $0 | Bingo $0 | Fortune $0 | Tax $0
Seat 1: 2cb75dde folded before Flop (didn't bet)
Seat 2: 6a9164f5 folded before Flop (didn't bet)
Seat 3: 5d1fc366 folded before Flop (didn't bet)
Seat 4: 99bcc728 (button) folded before Flop (didn't bet)
Seat 5: Hero (small blind) folded before Flop
Seat 6: 273cb132 (big blind) collected ($0.1)


Poker Hand #HD1778227778: Hold'em No Limit ($0.05/$0.1) - 2024/05/18 19:56:39
Table 'NLHRed25' 6-max Seat #3 is the button
Seat 1: 2cb75dde ($11.07 in chips)
Seat 2: 6a9164f5 ($23.15 in chips)
Seat 3: 5d1fc366 ($14.28 in chips)
Seat 4: 99bcc728 ($10 in chips)
Seat 5: Hero ($12.03 in chips)
Seat 6: 273cb132 ($18.28 in chips)
99bcc728: posts small blind $0.05
Hero: posts big blind $0.1
*** HOLE CARDS ***
Dealt to 2cb75dde 
Dealt to 6a9164f5 
Dealt to 5d1fc366 
Dealt to 99bcc728 
Dealt to Hero [Qc 9h]
Dealt to 273cb132 
273cb132: raises $0.1 to $0.2
2cb75dde: folds
6a9164f5: raises $0.85 to $1.05
5d1fc366: folds
99bcc728: folds
Hero: folds
273cb132: calls $0.85
*** FLOP *** [6d 7s Ac]
273cb132: checks
6a9164f5: checks
*** TURN *** [6d 7s Ac] [5h]
273cb132: bets $2.25
6a9164f5: folds
Uncalled bet ($2.25) returned to 273cb132
*** SHOWDOWN ***
273cb132 collected $2.14 from pot
*** SUMMARY ***
Total pot $2.25 | Rake $0.11 | Jackpot $0 | Bingo $0 | Fortune $0 | Tax $0
Board [6d 7s Ac 5h]
Seat 1: 2cb75dde folded before Flop (didn't bet)
Seat 2: 6a9164f5 folded on the Turn
Seat 3: 5d1fc366 (button) folded before Flop (didn't bet)
Seat 4: 99bcc728 (small blind) folded before Flop
Seat 5: Hero (big blind) folded before Flop
Seat 6: 273cb132 won ($2.14)


Poker Hand #HD1778227748: Hold'em No Limit ($0.05/$0.1) - 2024/05/18 19:56:21
Table 'NLHRed25' 6-max Seat #2 is the button
Seat 1: 2cb75dde ($11.07 in chips)
Seat 2: 6a9164f5 ($23.15 in chips)
Seat 3: 5d1fc366 ($14.33 in chips)
Seat 4: 99bcc728 ($10 in chips)
Seat 5: Hero ($12.03 in chips)
Seat 6: 273cb132 ($18.13 in chips)
5d1fc366: posts small blind $0.05
99bcc728: posts big blind $0.1
*** HOLE CARDS ***
Dealt to 2cb75dde 
Dealt to 6a9164f5 
Dealt to 5d1fc366 
Dealt to 99bcc728 
Dealt to Hero [Jd 4s]
Dealt to 273cb132 
Hero: folds
273cb132: raises $0.1 to $0.2
2cb75dde: folds
6a9164f5: folds
5d1fc366: folds
99bcc728: folds
Uncalled bet ($0.1) returned to 273cb132
*** SHOWDOWN ***
273cb132 collected $0.25 from pot
*** SUMMARY ***
Total pot $0.25 | Rake $0 | Jackpot $0 | Bingo $0 | Fortune $0 | Tax $0
Seat 1: 2cb75dde folded before Flop (didn't bet)
Seat 2: 6a9164f5 (button) folded before Flop (didn't bet)
Seat 3: 5d1fc366 (small blind) folded before Flop
Seat 4: 99bcc728 (big blind) folded before Flop
Seat 5: Hero folded before Flop (didn't bet)
Seat 6: 273cb132 collected ($0.25)


Poker Hand #HD1778227627: Hold'em No Limit ($0.05/$0.1) - 2024/05/18 19:55:30
Table 'NLHRed25' 6-max Seat #1 is the button
Seat 1: 2cb75dde ($11.07 in chips)
Seat 2: 6a9164f5 ($23.2 in chips)
Seat 3: 5d1fc366 ($14.43 in chips)
Seat 4: 99bcc728 ($10 in chips)
Seat 5: Hero ($11.7 in chips)
Seat 6: 273cb132 ($18.33 in chips)
6a9164f5: posts small blind $0.05
5d1fc366: posts big blind $0.1
*** HOLE CARDS ***
Dealt to 2cb75dde 
Dealt to 6a9164f5 
Dealt to 5d1fc366 
Dealt to 99bcc728 
Dealt to Hero [Tc Ac]
Dealt to 273cb132 
99bcc728: folds
Hero: raises $0.1 to $0.2
273cb132: calls $0.2
2cb75dde: folds
6a9164f5: folds
5d1fc366: folds
*** FLOP *** [2h Jh 3h]
Hero: checks
273cb132: checks
*** TURN *** [2h Jh 3h] [5c]
Hero: checks
273cb132: checks
*** RIVER *** [2h Jh 3h 5c] [6d]
Hero: checks
273cb132: checks
Hero: shows [Tc Ac] (Ace-High)
273cb132: shows [Td Qc] (Queen-High)
*** SHOWDOWN ***
Hero collected $0.53 from pot
*** SUMMARY ***
Total pot $0.55 | Rake $0.02 | Jackpot $0 | Bingo $0 | Fortune $0 | Tax $0
Board [2h Jh 3h 5c 6d]
Seat 1: 2cb75dde (button) folded before Flop (didn't bet)
Seat 2: 6a9164f5 (small blind) folded before Flop
Seat 3: 5d1fc366 (big blind) folded before Flop
Seat 4: 99bcc728 folded before Flop (didn't bet)
Seat 5: Hero showed [Tc Ac] and won ($0.53) with Ace-High
Seat 6: 273cb132 showed [Td Qc] and lost with Queen-High


Poker Hand #HD1778227576: Hold'em No Limit ($0.05/$0.1) - 2024/05/18 19:55:07
Table 'NLHRed25' 6-max Seat #6 is the button
Seat 1: 2cb75dde ($10.79 in chips)
Seat 2: 6a9164f5 ($23.3 in chips)
Seat 3: 5d1fc366 ($14.43 in chips)
Seat 4: 99bcc728 ($10 in chips)
Seat 5: Hero ($11.7 in chips)
Seat 6: 273cb132 ($18.53 in chips)
2cb75dde: posts small blind $0.05
6a9164f5: posts big blind $0.1
*** HOLE CARDS ***
Dealt to 2cb75dde 
Dealt to 6a9164f5 
Dealt to 5d1fc366 
Dealt to 99bcc728 
Dealt to Hero [9c 6h]
Dealt to 273cb132 
5d1fc366: folds
99bcc728: folds
Hero: folds
273cb132: raises $0.1 to $0.2
2cb75dde: raises $0.8 to $1
6a9164f5: folds
273cb132: folds
Uncalled bet ($0.8) returned to 2cb75dde
*** SHOWDOWN ***
2cb75dde collected $0.48 from pot
*** SUMMARY ***
Total pot $0.5 | Rake $0.02 | Jackpot $0 | Bingo $0 | Fortune $0 | Tax $0
Seat 1: 2cb75dde (small blind) collected ($0.48)
Seat 2: 6a9164f5 (big blind) folded before Flop
Seat 3: 5d1fc366 folded before Flop (didn't bet)
Seat 4: 99bcc728 folded before Flop (didn't bet)
Seat 5: Hero folded before Flop (didn't bet)
Seat 6: 273cb132 (button) folded before Flop


Poker Hand #HD1778227543: Hold'em No Limit ($0.05/$0.1) - 2024/05/18 19:54:49
Table 'NLHRed25' 6-max Seat #5 is the button
Seat 1: 2cb75dde ($10.89 in chips)
Seat 2: 6a9164f5 ($23.3 in chips)
Seat 3: 5d1fc366 ($14.43 in chips)
Seat 4: 99bcc728 ($10 in chips)
Seat 5: Hero ($11.7 in chips)
Seat 6: 273cb132 ($18.43 in chips)
273cb132: posts small blind $0.05
2cb75dde: posts big blind $0.1
*** HOLE CARDS ***
Dealt to 2cb75dde 
Dealt to 6a9164f5 
Dealt to 5d1fc366 
Dealt to 99bcc728 
Dealt to Hero [3c As]
Dealt to 273cb132 
6a9164f5: folds
5d1fc366: folds
99bcc728: folds
Hero: folds
273cb132: raises $0.1 to $0.2
2cb75dde: folds
Uncalled bet ($0.1) returned to 273cb132
*** SHOWDOWN ***
273cb132 collected $0.2 from pot
*** SUMMARY ***
Total pot $0.2 | Rake $0 | Jackpot $0 | Bingo $0 | Fortune $0 | Tax $0
Seat 1: 2cb75dde (big blind) folded before Flop
Seat 2: 6a9164f5 folded before Flop (didn't bet)
Seat 3: 5d1fc366 folded before Flop (didn't bet)
Seat 4: 99bcc728 folded before Flop (didn't bet)
Seat 5: Hero (button) folded before Flop (didn't bet)
Seat 6: 273cb132 (small blind) collected ($0.2)


Poker Hand #HD1778227463: Hold'em No Limit ($0.05/$0.1) - 2024/05/18 19:54:10
Table 'NLHRed25' 6-max Seat #4 is the button
Seat 1: 2cb75dde ($10.56 in chips)
Seat 2: 6a9164f5 ($23.5 in chips)
Seat 3: 5d1fc366 ($14.43 in chips)
Seat 4: 99bcc728 ($10 in chips)
Seat 5: Hero ($11.75 in chips)
Seat 6: 273cb132 ($18.53 in chips)
Hero: posts small blind $0.05
273cb132: posts big blind $0.1
*** HOLE CARDS ***
Dealt to 2cb75dde 
Dealt to 6a9164f5 
Dealt to 5d1fc366 
Dealt to 99bcc728 
Dealt to Hero [4s Js]
Dealt to 273cb132 
2cb75dde: raises $0.1 to $0.2
6a9164f5: calls $0.2
5d1fc366: folds
99bcc728: folds
Hero: folds
273cb132: folds
*** FLOP *** [5d Kh 9s]
2cb75dde: checks
6a9164f5: checks
*** TURN *** [5d Kh 9s] [Qc]
2cb75dde: bets $0.7
6a9164f5: folds
Uncalled bet ($0.7) returned to 2cb75dde
*** SHOWDOWN ***
2cb75dde collected $0.53 from pot
*** SUMMARY ***
Total pot $0.55 | Rake $0.02 | Jackpot $0 | Bingo $0 | Fortune $0 | Tax $0
Board [5d Kh 9s Qc]
Seat 1: 2cb75dde won ($0.53)
Seat 2: 6a9164f5 folded on the Turn
Seat 3: 5d1fc366 folded before Flop (didn't bet)
Seat 4: 99bcc728 (button) folded before Flop (didn't bet)
Seat 5: Hero (small blind) folded before Flop
Seat 6: 273cb132 (big blind) folded before Flop


Poker Hand #HD1778227388: Hold'em No Limit ($0.05/$0.1) - 2024/05/18 19:53:33
Table 'NLHRed25' 6-max Seat #3 is the button
Seat 1: 2cb75dde ($10.56 in chips)
Seat 2: 6a9164f5 ($23.5 in chips)
Seat 3: 5d1fc366 ($14.73 in chips)
Seat 4: 99bcc728 ($10 in chips)
Seat 5: Hero ($10.38 in chips)
Seat 6: 273cb132 ($18.53 in chips)
99bcc728: posts small blind $0.05
Hero: posts big blind $0.1
*** HOLE CARDS ***
Dealt to 2cb75dde 
Dealt to 6a9164f5 
Dealt to 5d1fc366 
Dealt to 99bcc728 
Dealt to Hero [Ks Ac]
Dealt to 273cb132 
273cb132: folds
2cb75dde: folds
6a9164f5: folds
5d1fc366: raises $0.2 to $0.3
99bcc728: raises $0.9 to $1.2
Hero: raises $1.4 to $2.6
5d1fc366: folds
99bcc728: folds
Uncalled bet ($1.4) returned to Hero
*** SHOWDOWN ***
Hero collected $2.57 from pot
*** SUMMARY ***
Total pot $2.7 | Rake $0.13 | Jackpot $0 | Bingo $0 | Fortune $0 | Tax $0
Seat 1: 2cb75dde folded before Flop (didn't bet)
Seat 2: 6a9164f5 folded before Flop (didn't bet)
Seat 3: 5d1fc366 (button) folded before Flop
Seat 4: 99bcc728 (small blind) folded before Flop
Seat 5: Hero (big blind) collected ($2.57)
Seat 6: 273cb132 folded before Flop (didn't bet)


Poker Hand #HD1778227309: Hold'em No Limit ($0.05/$0.1) - 2024/05/18 19:52:57
Table 'NLHRed25' 6-max Seat #2 is the button
Seat 1: 2cb75dde ($11.26 in chips)
Seat 2: 6a9164f5 ($23.5 in chips)
Seat 3: 5d1fc366 ($14.78 in chips)
Seat 4: 99bcc728 ($10 in chips)
Seat 5: Hero ($10.38 in chips)
Seat 6: 273cb132 ($17.75 in chips)
5d1fc366: posts small blind $0.05
99bcc728: posts big blind $0.1
*** HOLE CARDS ***
Dealt to 2cb75dde 
Dealt to 6a9164f5 
Dealt to 5d1fc366 
Dealt to 99bcc728 
Dealt to Hero [3s Qd]
Dealt to 273cb132 
Hero: folds
273cb132: raises $0.1 to $0.2
2cb75dde: raises $0.5 to $0.7
6a9164f5: folds
5d1fc366: folds
99bcc728: folds
273cb132: raises $1.17 to $1.87
2cb75dde: folds
Uncalled bet ($1.17) returned to 273cb132
*** SHOWDOWN ***
273cb132 collected $1.48 from pot
*** SUMMARY ***
Total pot $1.55 | Rake $0.07 | Jackpot $0 | Bingo $0 | Fortune $0 | Tax $0
Seat 1: 2cb75dde folded before Flop
Seat 2: 6a9164f5 (button) folded before Flop (didn't bet)
Seat 3: 5d1fc366 (small blind) folded before Flop
Seat 4: 99bcc728 (big blind) folded before Flop
Seat 5: Hero folded before Flop (didn't bet)
Seat 6: 273cb132 collected ($1.48)


Poker Hand #HD1778227041: Hold'em No Limit ($0.05/$0.1) - 2024/05/18 19:50:46
Table 'NLHRed25' 6-max Seat #1 is the button
Seat 1: 2cb75dde ($11.26 in chips)
Seat 2: 6a9164f5 ($23.55 in chips)
Seat 3: 5d1fc366 ($11.45 in chips)
Seat 4: 99bcc728 ($10.03 in chips)
Seat 5: Hero ($10.38 in chips)
Seat 6: 273cb132 ($17.75 in chips)
6a9164f5: posts small blind $0.05
5d1fc366: posts big blind $0.1
*** HOLE CARDS ***
Dealt to 2cb75dde 
Dealt to 6a9164f5 
Dealt to 5d1fc366 
Dealt to 99bcc728 
Dealt to Hero [Tc 3d]
Dealt to 273cb132 
99bcc728: raises $0.1 to $0.2
Hero: folds
273cb132: folds
2cb75dde: folds
6a9164f5: folds
5d1fc366: raises $1 to $1.2
99bcc728: raises $1.3 to $2.5
5d1fc366: calls $1.3
*** FLOP *** [6s 2h Qd]
5d1fc366: checks
99bcc728: bets $1.25
5d1fc366: calls $1.25
*** TURN *** [6s 2h Qd] [3c]
5d1fc366: checks
99bcc728: checks
*** RIVER *** [6s 2h Qd 3c] [Ad]
5d1fc366: checks
99bcc728: checks
5d1fc366: shows [Qh Qs] (Three Queens)
99bcc728: shows [Ks Kh] (Pair of Kings)
*** SHOWDOWN ***
5d1fc366 collected $7.08 from pot
*** SUMMARY ***
Total pot $7.55 | Rake $0.37 | Jackpot $0.1 | Bingo $0 | Fortune $0 | Tax $0
Board [6s 2h Qd 3c Ad]
Seat 1: 2cb75dde (button) folded before Flop (didn't bet)
Seat 2: 6a9164f5 (small blind) folded before Flop
Seat 3: 5d1fc366 (big blind) showed [Qh Qs] and won ($7.08) with Three Queens
Seat 4: 99bcc728 showed [Ks Kh] and lost with Pair of Kings
Seat 5: Hero folded before Flop (didn't bet)
Seat 6: 273cb132 folded before Flop (didn't bet)


Poker Hand #HD1778226963: Hold'em No Limit ($0.05/$0.1) - 2024/05/18 19:50:12
Table 'NLHRed25' 6-max Seat #6 is the button
Seat 1: 2cb75dde ($11.31 in chips)
Seat 2: 6a9164f5 ($23.65 in chips)
Seat 3: 5d1fc366 ($11.45 in chips)
Seat 4: 99bcc728 ($10.03 in chips)
Seat 5: Hero ($10.62 in chips)
Seat 6: 273cb132 ($17.39 in chips)
2cb75dde: posts small blind $0.05
6a9164f5: posts big blind $0.1
*** HOLE CARDS ***
Dealt to 2cb75dde 
Dealt to 6a9164f5 
Dealt to 5d1fc366 
Dealt to 99bcc728 
Dealt to Hero [Kd 8d]
Dealt to 273cb132 
5d1fc366: folds
99bcc728: folds
Hero: raises $0.14 to $0.24
273cb132: raises $0.63 to $0.87
2cb75dde: folds
6a9164f5: folds
Hero: folds
Uncalled bet ($0.63) returned to 273cb132
*** SHOWDOWN ***
273cb132 collected $0.6 from pot
*** SUMMARY ***
Total pot $0.63 | Rake $0.03 | Jackpot $0 | Bingo $0 | Fortune $0 | Tax $0
Seat 1: 2cb75dde (small blind) folded before Flop
Seat 2: 6a9164f5 (big blind) folded before Flop
Seat 3: 5d1fc366 folded before Flop (didn't bet)
Seat 4: 99bcc728 folded before Flop (didn't bet)
Seat 5: Hero folded before Flop
Seat 6: 273cb132 (button) collected ($0.6)


Poker Hand #HD1778226905: Hold'em No Limit ($0.05/$0.1) - 2024/05/18 19:49:45
Table 'NLHRed25' 6-max Seat #5 is the button
Seat 1: 2cb75dde ($11.41 in chips)
Seat 2: 6a9164f5 ($23.65 in chips)
Seat 3: 5d1fc366 ($11.45 in chips)
Seat 4: 99bcc728 ($10.03 in chips)
Seat 5: Hero ($10.62 in chips)
Seat 6: 273cb132 ($17.29 in chips)
273cb132: posts small blind $0.05
2cb75dde: posts big blind $0.1
*** HOLE CARDS ***
Dealt to 2cb75dde 
Dealt to 6a9164f5 
Dealt to 5d1fc366 
Dealt to 99bcc728 
Dealt to Hero [Qs 3h]
Dealt to 273cb132 
6a9164f5: folds
5d1fc366: folds
99bcc728: folds
Hero: folds
273cb132: raises $0.2 to $0.3
2cb75dde: folds
Uncalled bet ($0.2) returned to 273cb132
*** SHOWDOWN ***
273cb132 collected $0.2 from pot
*** SUMMARY ***
Total pot $0.2 | Rake $0 | Jackpot $0 | Bingo $0 | Fortune $0 | Tax $0
Seat 1: 2cb75dde (big blind) folded before Flop
Seat 2: 6a9164f5 folded before Flop (didn't bet)
Seat 3: 5d1fc366 folded before Flop (didn't bet)
Seat 4: 99bcc728 folded before Flop (didn't bet)
Seat 5: Hero (button) folded before Flop (didn't bet)
Seat 6: 273cb132 (small blind) collected ($0.2)


Poker Hand #HD1778226874: Hold'em No Limit ($0.05/$0.1) - 2024/05/18 19:49:27
Table 'NLHRed25' 6-max Seat #4 is the button
Seat 1: 2cb75dde ($11.41 in chips)
Seat 2: 6a9164f5 ($23.65 in chips)
Seat 3: 5d1fc366 ($11.45 in chips)
Seat 4: 99bcc728 ($10.03 in chips)
Seat 5: Hero ($10.67 in chips)
Seat 6: 273cb132 ($17.24 in chips)
Hero: posts small blind $0.05
273cb132: posts big blind $0.1
*** HOLE CARDS ***
Dealt to 2cb75dde 
Dealt to 6a9164f5 
Dealt to 5d1fc366 
Dealt to 99bcc728 
Dealt to Hero [4h 6h]
Dealt to 273cb132 
2cb75dde: folds
6a9164f5: folds
5d1fc366: folds
99bcc728: folds
Hero: folds
Uncalled bet ($0.05) returned to 273cb132
*** SHOWDOWN ***
273cb132 collected $0.1 from pot
*** SUMMARY ***
Total pot $0.1 | Rake $0 | Jackpot $0 | Bingo $0 | Fortune $0 | Tax $0
Seat 1: 2cb75dde folded before Flop (didn't bet)
Seat 2: 6a9164f5 folded before Flop (didn't bet)
Seat 3: 5d1fc366 folded before Flop (didn't bet)
Seat 4: 99bcc728 (button) folded before Flop (didn't bet)
Seat 5: Hero (small blind) folded before Flop
Seat 6: 273cb132 (big blind) collected ($0.1)


Poker Hand #HD1778226764: Hold'em No Limit ($0.05/$0.1) - 2024/05/18 19:48:35
Table 'NLHRed25' 6-max Seat #3 is the button
Seat 1: 2cb75dde ($11.41 in chips)
Seat 2: 6a9164f5 ($23.65 in chips)
Seat 3: 5d1fc366 ($11.45 in chips)
Seat 4: 99bcc728 ($10.08 in chips)
Seat 5: Hero ($10.08 in chips)
Seat 6: 273cb132 ($17.84 in chips)
99bcc728: posts small blind $0.05
Hero: posts big blind $0.1
*** HOLE CARDS ***
Dealt to 2cb75dde 
Dealt to 6a9164f5 
Dealt to 5d1fc366 
Dealt to 99bcc728 
Dealt to Hero [3h 3d]
Dealt to 273cb132 
273cb132: raises $0.2 to $0.3
2cb75dde: folds
6a9164f5: folds
5d1fc366: folds
99bcc728: folds
Hero: calls $0.2
*** FLOP *** [9c Kh 2c]
Hero: checks
273cb132: checks
*** TURN *** [9c Kh 2c] [7s]
Hero: bets $0.3
273cb132: calls $0.3
*** RIVER *** [9c Kh 2c 7s] [2d]
Hero: checks
273cb132: checks
Hero: shows [3h 3d] (Pair of Treys and Pair of Twos)
273cb132: shows [Jh Qh] (Pair of Twos)
*** SHOWDOWN ***
Hero collected $1.19 from pot
*** SUMMARY ***
Total pot $1.25 | Rake $0.06 | Jackpot $0 | Bingo $0 | Fortune $0 | Tax $0
Board [9c Kh 2c 7s 2d]
Seat 1: 2cb75dde folded before Flop (didn't bet)
Seat 2: 6a9164f5 folded before Flop (didn't bet)
Seat 3: 5d1fc366 (button) folded before Flop (didn't bet)
Seat 4: 99bcc728 (small blind) folded before Flop
Seat 5: Hero (big blind) showed [3h 3d] and won ($1.19) with Pair of Treys and Pair of Twos
Seat 6: 273cb132 showed [Jh Qh] and lost with Pair of Twos


Poker Hand #HD1778226730: Hold'em No Limit ($0.05/$0.1) - 2024/05/18 19:48:21
Table 'NLHRed25' 6-max Seat #2 is the button
Seat 1: 2cb75dde ($11.41 in chips)
Seat 2: 6a9164f5 ($23.65 in chips)
Seat 3: 5d1fc366 ($11.35 in chips)
Seat 4: 99bcc728 ($10.18 in chips)
Seat 5: Hero ($10.08 in chips)
Seat 6: 273cb132 ($17.84 in chips)
5d1fc366: posts small blind $0.05
99bcc728: posts big blind $0.1
*** HOLE CARDS ***
Dealt to 2cb75dde 
Dealt to 6a9164f5 
Dealt to 5d1fc366 
Dealt to 99bcc728 
Dealt to Hero [Th 9s]
Dealt to 273cb132 
Hero: folds
273cb132: folds
2cb75dde: folds
6a9164f5: folds
5d1fc366: raises $0.2 to $0.3
99bcc728: folds
Uncalled bet ($0.2) returned to 5d1fc366
*** SHOWDOWN ***
5d1fc366 collected $0.2 from pot
*** SUMMARY ***
Total pot $0.2 | Rake $0 | Jackpot $0 | Bingo $0 | Fortune $0 | Tax $0
Seat 1: 2cb75dde folded before Flop (didn't bet)
Seat 2: 6a9164f5 (button) folded before Flop (didn't bet)
Seat 3: 5d1fc366 (small blind) collected ($0.2)
Seat 4: 99bcc728 (big blind) folded before Flop
Seat 5: Hero folded before Flop (didn't bet)
Seat 6: 273cb132 folded before Flop (didn't bet)


Poker Hand #HD1778226694: Hold'em No Limit ($0.05/$0.1) - 2024/05/18 19:48:03
Table 'NLHRed25' 6-max Seat #1 is the button
Seat 1: 2cb75dde ($11.41 in chips)
Seat 2: 6a9164f5 ($23.55 in chips)
Seat 3: 5d1fc366 ($11.45 in chips)
Seat 4: 99bcc728 ($10.18 in chips)
Seat 5: Hero ($10.08 in chips)
Seat 6: 273cb132 ($17.84 in chips)
6a9164f5: posts small blind $0.05
5d1fc366: posts big blind $0.1
*** HOLE CARDS ***
Dealt to 2cb75dde 
Dealt to 6a9164f5 
Dealt to 5d1fc366 
Dealt to 99bcc728 
Dealt to Hero [5c Qs]
Dealt to 273cb132 
99bcc728: folds
Hero: folds
273cb132: folds
2cb75dde: folds
6a9164f5: raises $0.12 to $0.22
5d1fc366: folds
Uncalled bet ($0.12) returned to 6a9164f5
*** SHOWDOWN ***
6a9164f5 collected $0.2 from pot
*** SUMMARY ***
Total pot $0.2 | Rake $0 | Jackpot $0 | Bingo $0 | Fortune $0 | Tax $0
Seat 1: 2cb75dde (button) folded before Flop (didn't bet)
Seat 2: 6a9164f5 (small blind) collected ($0.2)
Seat 3: 5d1fc366 (big blind) folded before Flop
Seat 4: 99bcc728 folded before Flop (didn't bet)
Seat 5: Hero folded before Flop (didn't bet)
Seat 6: 273cb132 folded before Flop (didn't bet)


Poker Hand #HD1778226639: Hold'em No Limit ($0.05/$0.1) - 2024/05/18 19:47:41
Table 'NLHRed25' 6-max Seat #6 is the button
Seat 1: 2cb75dde ($11.46 in chips)
Seat 2: 6a9164f5 ($23.65 in chips)
Seat 3: 5d1fc366 ($11.45 in chips)
Seat 4: 99bcc728 ($10.18 in chips)
Seat 5: Hero ($10.32 in chips)
Seat 6: 273cb132 ($17.48 in chips)
2cb75dde: posts small blind $0.05
6a9164f5: posts big blind $0.1
*** HOLE CARDS ***
Dealt to 2cb75dde 
Dealt to 6a9164f5 
Dealt to 5d1fc366 
Dealt to 99bcc728 
Dealt to Hero [9d Jd]
Dealt to 273cb132 
5d1fc366: folds
99bcc728: folds
Hero: raises $0.14 to $0.24
273cb132: raises $0.96 to $1.2
2cb75dde: folds
6a9164f5: folds
Hero: folds
Uncalled bet ($0.96) returned to 273cb132
*** SHOWDOWN ***
273cb132 collected $0.6 from pot
*** SUMMARY ***
Total pot $0.63 | Rake $0.03 | Jackpot $0 | Bingo $0 | Fortune $0 | Tax $0
Seat 1: 2cb75dde (small blind) folded before Flop
Seat 2: 6a9164f5 (big blind) folded before Flop
Seat 3: 5d1fc366 folded before Flop (didn't bet)
Seat 4: 99bcc728 folded before Flop (didn't bet)
Seat 5: Hero folded before Flop
Seat 6: 273cb132 (button) collected ($0.6)


Poker Hand #HD1778226580: Hold'em No Limit ($0.05/$0.1) - 2024/05/18 19:47:11
Table 'NLHRed25' 6-max Seat #5 is the button
Seat 1: 2cb75dde ($11.56 in chips)
Seat 2: 6a9164f5 ($23.87 in chips)
Seat 3: 5d1fc366 ($11.11 in chips)
Seat 4: 99bcc728 ($10.18 in chips)
Seat 5: Hero ($10.32 in chips)
Seat 6: 273cb132 ($17.53 in chips)
273cb132: posts small blind $0.05
2cb75dde: posts big blind $0.1
*** HOLE CARDS ***
Dealt to 2cb75dde 
Dealt to 6a9164f5 
Dealt to 5d1fc366 
Dealt to 99bcc728 
Dealt to Hero [6h Jh]
Dealt to 273cb132 
6a9164f5: raises $0.12 to $0.22
5d1fc366: raises $0.68 to $0.9
99bcc728: folds
Hero: folds
273cb132: folds
2cb75dde: folds
6a9164f5: folds
Uncalled bet ($0.68) returned to 5d1fc366
*** SHOWDOWN ***
5d1fc366 collected $0.56 from pot
*** SUMMARY ***
Total pot $0.59 | Rake $0.03 | Jackpot $0 | Bingo $0 | Fortune $0 | Tax $0
Seat 1: 2cb75dde (big blind) folded before Flop
Seat 2: 6a9164f5 folded before Flop
Seat 3: 5d1fc366 collected ($0.56)
Seat 4: 99bcc728 folded before Flop (didn't bet)
Seat 5: Hero (button) folded before Flop (didn't bet)
Seat 6: 273cb132 (small blind) folded before Flop


Poker Hand #HD1778226533: Hold'em No Limit ($0.05/$0.1) - 2024/05/18 19:46:53
Table 'NLHRed25' 6-max Seat #4 is the button
Seat 1: 2cb75dde ($11.56 in chips)
Seat 2: 6a9164f5 ($23.87 in chips)
Seat 3: 5d1fc366 ($11.11 in chips)
Seat 4: 99bcc728 ($10.18 in chips)
Seat 5: Hero ($10.37 in chips)
Seat 6: 273cb132 ($17.48 in chips)
Hero: posts small blind $0.05
273cb132: posts big blind $0.1
*** HOLE CARDS ***
Dealt to 2cb75dde 
Dealt to 6a9164f5 
Dealt to 5d1fc366 
Dealt to 99bcc728 
Dealt to Hero [4c Ks]
Dealt to 273cb132 
2cb75dde: folds
6a9164f5: folds
5d1fc366: folds
99bcc728: folds
Hero: folds
Uncalled bet ($0.05) returned to 273cb132
*** SHOWDOWN ***
273cb132 collected $0.1 from pot
*** SUMMARY ***
Total pot $0.1 | Rake $0 | Jackpot $0 | Bingo $0 | Fortune $0 | Tax $0
Seat 1: 2cb75dde folded before Flop (didn't bet)
Seat 2: 6a9164f5 folded before Flop (didn't bet)
Seat 3: 5d1fc366 folded before Flop (didn't bet)
Seat 4: 99bcc728 (button) folded before Flop (didn't bet)
Seat 5: Hero (small blind) folded before Flop
Seat 6: 273cb132 (big blind) collected ($0.1)


Poker Hand #HD1778226402: Hold'em No Limit ($0.05/$0.1) - 2024/05/18 19:45:55
Table 'NLHRed25' 6-max Seat #3 is the button
Seat 1: 2cb75dde ($11.56 in chips)
Seat 2: 6a9164f5 ($23.87 in chips)
Seat 3: 5d1fc366 ($11.11 in chips)
Seat 4: 99bcc728 ($10.23 in chips)
Seat 5: Hero ($10 in chips)
Seat 6: 273cb132 ($17.83 in chips)
99bcc728: posts small blind $0.05
Hero: posts big blind $0.1
*** HOLE CARDS ***
Dealt to 2cb75dde 
Dealt to 6a9164f5 
Dealt to 5d1fc366 
Dealt to 99bcc728 
Dealt to Hero [Js Kc]
Dealt to 273cb132 
273cb132: raises $0.1 to $0.2
2cb75dde: folds
6a9164f5: folds
5d1fc366: folds
99bcc728: folds
Hero: calls $0.1
*** FLOP *** [Ah 5s Jh]
Hero: checks
273cb132: bets $0.15
Hero: calls $0.15
*** TURN *** [Ah 5s Jh] [2c]
Hero: checks
273cb132: checks
*** RIVER *** [Ah 5s Jh 2c] [Kh]
Hero: checks
273cb132: checks
Hero: shows [Js Kc] (Pair of Kings and Pair of Jacks)
273cb132: shows [7c Tc] (Ace-High)
*** SHOWDOWN ***
Hero collected $0.72 from pot
*** SUMMARY ***
Total pot $0.75 | Rake $0.03 | Jackpot $0 | Bingo $0 | Fortune $0 | Tax $0
Board [Ah 5s Jh 2c Kh]
Seat 1: 2cb75dde folded before Flop (didn't bet)
Seat 2: 6a9164f5 folded before Flop (didn't bet)
Seat 3: 5d1fc366 (button) folded before Flop (didn't bet)
Seat 4: 99bcc728 (small blind) folded before Flop
Seat 5: Hero (big blind) showed [Js Kc] and won ($0.72) with Pair of Kings and Pair of Jacks
Seat 6: 273cb132 showed [7c Tc] and lost with Ace-High


Poker Hand #HD1778226247: Hold'em No Limit ($0.05/$0.1) - 2024/05/18 19:44:49
Table 'NLHRed25' 6-max Seat #2 is the button
Seat 1: 2cb75dde ($11.56 in chips)
Seat 2: 6a9164f5 ($23.87 in chips)
Seat 3: 5d1fc366 ($11.16 in chips)
Seat 4: 99bcc728 ($10 in chips)
Seat 5: Hero ($10 in chips)
Seat 6: 273cb132 ($18.03 in chips)
5d1fc366: posts small blind $0.05
99bcc728: posts big blind $0.1
*** HOLE CARDS ***
Dealt to 2cb75dde 
Dealt to 6a9164f5 
Dealt to 5d1fc366 
Dealt to 99bcc728 
Dealt to Hero [Kc Td]
Dealt to 273cb132 
Hero: folds
273cb132: raises $0.1 to $0.2
2cb75dde: folds
6a9164f5: folds
5d1fc366: folds
99bcc728: calls $0.1
*** FLOP *** [6c 8s 8d]
99bcc728: checks
273cb132: checks
*** TURN *** [6c 8s 8d] [4c]
99bcc728: checks
273cb132: checks
*** RIVER *** [6c 8s 8d 4c] [5c]
99bcc728: bets $0.45
273cb132: folds
Uncalled bet ($0.45) returned to 99bcc728
*** SHOWDOWN ***
99bcc728 collected $0.43 from pot
*** SUMMARY ***
Total pot $0.45 | Rake $0.02 | Jackpot $0 | Bingo $0 | Fortune $0 | Tax $0
Board [6c 8s 8d 4c 5c]
Seat 1: 2cb75dde folded before Flop (didn't bet)
Seat 2: 6a9164f5 (button) folded before Flop (didn't bet)
Seat 3: 5d1fc366 (small blind) folded before Flop
Seat 4: 99bcc728 (big blind) won ($0.43)
Seat 5: Hero folded before Flop (didn't bet)
Seat 6: 273cb132 folded on the River


Poker Hand #HD1778226043: Hold'em No Limit ($0.05/$0.1) - 2024/05/18 19:43:17
Table 'NLHRed25' 6-max Seat #1 is the button
Seat 1: 2cb75dde ($11.56 in chips)
Seat 2: 6a9164f5 ($23.92 in chips)
Seat 3: 5d1fc366 ($11.26 in chips)
Seat 4: 99bcc728 ($10 in chips)
Seat 5: Hero ($10.21 in chips)
Seat 6: 273cb132 ($16 in chips)
6a9164f5: posts small blind $0.05
5d1fc366: posts big blind $0.1
*** HOLE CARDS ***
Dealt to 2cb75dde 
Dealt to 6a9164f5 
Dealt to 5d1fc366 
Dealt to 99bcc728 
Dealt to Hero [Qh Qc]
Dealt to 273cb132 
99bcc728: folds
Hero: raises $0.1 to $0.2
273cb132: raises $0.55 to $0.75
2cb75dde: folds
6a9164f5: folds
5d1fc366: folds
Hero: raises $1.45 to $2.2
273cb132: calls $1.45
*** FLOP *** [Js 7s Th]
Hero: checks
273cb132: bets $2.28
Hero: folds
Uncalled bet ($2.28) returned to 273cb132
*** SHOWDOWN ***
273cb132 collected $4.23 from pot
*** SUMMARY ***
Total pot $4.55 | Rake $0.22 | Jackpot $0.1 | Bingo $0 | Fortune $0 | Tax $0
Board [Js 7s Th]
Seat 1: 2cb75dde (button) folded before Flop (didn't bet)
Seat 2: 6a9164f5 (small blind) folded before Flop
Seat 3: 5d1fc366 (big blind) folded before Flop
Seat 4: 99bcc728 folded before Flop (didn't bet)
Seat 5: Hero folded on the Flop
Seat 6: 273cb132 won ($4.23)


Poker Hand #HD1778226005: Hold'em No Limit ($0.05/$0.1) - 2024/05/18 19:43:00
Table 'NLHRed25' 6-max Seat #6 is the button
Seat 1: 2cb75dde ($11.61 in chips)
Seat 2: 6a9164f5 ($24.02 in chips)
Seat 3: 5d1fc366 ($11.26 in chips)
Seat 4: 99bcc728 ($10 in chips)
Seat 5: Hero ($10.21 in chips)
Seat 6: 273cb132 ($15.85 in chips)
2cb75dde: posts small blind $0.05
6a9164f5: posts big blind $0.1
*** HOLE CARDS ***
Dealt to 2cb75dde 
Dealt to 6a9164f5 
Dealt to 5d1fc366 
Dealt to 99bcc728 
Dealt to Hero [7h Qh]
Dealt to 273cb132 
5d1fc366: folds
99bcc728: folds
Hero: folds
273cb132: raises $0.15 to $0.25
2cb75dde: folds
6a9164f5: folds
Uncalled bet ($0.15) returned to 273cb132
*** SHOWDOWN ***
273cb132 collected $0.25 from pot
*** SUMMARY ***
Total pot $0.25 | Rake $0 | Jackpot $0 | Bingo $0 | Fortune $0 | Tax $0
Seat 1: 2cb75dde (small blind) folded before Flop
Seat 2: 6a9164f5 (big blind) folded before Flop
Seat 3: 5d1fc366 folded before Flop (didn't bet)
Seat 4: 99bcc728 folded before Flop (didn't bet)
Seat 5: Hero folded before Flop (didn't bet)
Seat 6: 273cb132 (button) collected ($0.25)


Poker Hand #HD1778225869: Hold'em No Limit ($0.05/$0.1) - 2024/05/18 19:41:54
Table 'NLHRed25' 6-max Seat #5 is the button
Seat 1: 2cb75dde ($11.38 in chips)
Seat 2: 6a9164f5 ($24.02 in chips)
Seat 3: 5d1fc366 ($11.26 in chips)
Seat 4: 99bcc728 ($10.15 in chips)
Seat 5: Hero ($10.21 in chips)
Seat 6: 273cb132 ($15.9 in chips)
273cb132: posts small blind $0.05
2cb75dde: posts big blind $0.1
*** HOLE CARDS ***
Dealt to 2cb75dde 
Dealt to 6a9164f5 
Dealt to 5d1fc366 
Dealt to 99bcc728 
Dealt to Hero [3h Kd]
Dealt to 273cb132 
6a9164f5: folds
5d1fc366: folds
99bcc728: raises $0.1 to $0.2
Hero: folds
273cb132: folds
2cb75dde: calls $0.1
*** FLOP *** [2h 7d 6c]
2cb75dde: checks
99bcc728: checks
*** TURN *** [2h 7d 6c] [3s]
2cb75dde: bets $0.18
99bcc728: folds
Uncalled bet ($0.18) returned to 2cb75dde
*** SHOWDOWN ***
2cb75dde collected $0.43 from pot
*** SUMMARY ***
Total pot $0.45 | Rake $0.02 | Jackpot $0 | Bingo $0 | Fortune $0 | Tax $0
Board [2h 7d 6c 3s]
Seat 1: 2cb75dde (big blind) won ($0.43)
Seat 2: 6a9164f5 folded before Flop (didn't bet)
Seat 3: 5d1fc366 folded before Flop (didn't bet)
Seat 4: 99bcc728 folded on the Turn
Seat 5: Hero (button) folded before Flop (didn't bet)
Seat 6: 273cb132 (small blind) folded before Flop


Poker Hand #HD1778225834: Hold'em No Limit ($0.05/$0.1) - 2024/05/18 19:41:38
Table 'NLHRed25' 6-max Seat #4 is the button
Seat 1: 2cb75dde ($11.38 in chips)
Seat 2: 6a9164f5 ($23.87 in chips)
Seat 3: 5d1fc366 ($11.26 in chips)
Seat 4: 99bcc728 ($10.15 in chips)
Seat 5: Hero ($10.26 in chips)
Seat 6: 273cb132 ($16 in chips)
Hero: posts small blind $0.05
273cb132: posts big blind $0.1
*** HOLE CARDS ***
Dealt to 2cb75dde 
Dealt to 6a9164f5 
Dealt to 5d1fc366 
Dealt to 99bcc728 
Dealt to Hero [Tc 2s]
Dealt to 273cb132 
2cb75dde: folds
6a9164f5: raises $0.12 to $0.22
5d1fc366: folds
99bcc728: folds
Hero: folds
273cb132: folds
Uncalled bet ($0.12) returned to 6a9164f5
*** SHOWDOWN ***
6a9164f5 collected $0.25 from pot
*** SUMMARY ***
Total pot $0.25 | Rake $0 | Jackpot $0 | Bingo $0 | Fortune $0 | Tax $0
Seat 1: 2cb75dde folded before Flop (didn't bet)
Seat 2: 6a9164f5 collected ($0.25)
Seat 3: 5d1fc366 folded before Flop (didn't bet)
Seat 4: 99bcc728 (button) folded before Flop (didn't bet)
Seat 5: Hero (small blind) folded before Flop
Seat 6: 273cb132 (big blind) folded before Flop


Poker Hand #HD1778225785: Hold'em No Limit ($0.05/$0.1) - 2024/05/18 19:41:16
Table 'NLHRed25' 6-max Seat #3 is the button
Seat 1: 2cb75dde ($11.23 in chips)
Seat 2: 6a9164f5 ($23.87 in chips)
Seat 3: 5d1fc366 ($11.26 in chips)
Seat 4: 99bcc728 ($10.2 in chips)
Seat 5: Hero ($10.36 in chips)
Seat 6: 273cb132 ($16 in chips)
99bcc728: posts small blind $0.05
Hero: posts big blind $0.1
*** HOLE CARDS ***
Dealt to 2cb75dde 
Dealt to 6a9164f5 
Dealt to 5d1fc366 
Dealt to 99bcc728 
Dealt to Hero [3s 7d]
Dealt to 273cb132 
273cb132: folds
2cb75dde: raises $0.1 to $0.2
6a9164f5: folds
5d1fc366: folds
99bcc728: folds
Hero: folds
Uncalled bet ($0.1) returned to 2cb75dde
*** SHOWDOWN ***
2cb75dde collected $0.25 from pot
*** SUMMARY ***
Total pot $0.25 | Rake $0 | Jackpot $0 | Bingo $0 | Fortune $0 | Tax $0
Seat 1: 2cb75dde collected ($0.25)
Seat 2: 6a9164f5 folded before Flop (didn't bet)
Seat 3: 5d1fc366 (button) folded before Flop (didn't bet)
Seat 4: 99bcc728 (small blind) folded before Flop
Seat 5: Hero (big blind) folded before Flop
Seat 6: 273cb132 folded before Flop (didn't bet)


Poker Hand #HD1778225750: Hold'em No Limit ($0.05/$0.1) - 2024/05/18 19:41:01
Table 'NLHRed25' 6-max Seat #2 is the button
Seat 1: 2cb75dde ($11.23 in chips)
Seat 2: 6a9164f5 ($23.87 in chips)
Seat 3: 5d1fc366 ($11.31 in chips)
Seat 4: 99bcc728 ($10.15 in chips)
Seat 5: Hero ($10.36 in chips)
Seat 6: 273cb132 ($16 in chips)
5d1fc366: posts small blind $0.05
99bcc728: posts big blind $0.1
*** HOLE CARDS ***
Dealt to 2cb75dde 
Dealt to 6a9164f5 
Dealt to 5d1fc366 
Dealt to 99bcc728 
Dealt to Hero [9s Th]
Dealt to 273cb132 
Hero: folds
273cb132: folds
2cb75dde: folds
6a9164f5: folds
5d1fc366: folds
Uncalled bet ($0.05) returned to 99bcc728
*** SHOWDOWN ***
99bcc728 collected $0.1 from pot
*** SUMMARY ***
Total pot $0.1 | Rake $0 | Jackpot $0 | Bingo $0 | Fortune $0 | Tax $0
Seat 1: 2cb75dde folded before Flop (didn't bet)
Seat 2: 6a9164f5 (button) folded before Flop (didn't bet)
Seat 3: 5d1fc366 (small blind) folded before Flop
Seat 4: 99bcc728 (big blind) collected ($0.1)
Seat 5: Hero folded before Flop (didn't bet)
Seat 6: 273cb132 folded before Flop (didn't bet)


Poker Hand #HD1778225695: Hold'em No Limit ($0.05/$0.1) - 2024/05/18 19:40:35
Table 'NLHRed25' 6-max Seat #1 is the button
Seat 1: 2cb75dde ($11.23 in chips)
Seat 2: 6a9164f5 ($23.92 in chips)
Seat 3: 5d1fc366 ($11.41 in chips)
Seat 4: 99bcc728 ($10.15 in chips)
Seat 5: Hero ($10.21 in chips)
Seat 6: 273cb132 ($16 in chips)
6a9164f5: posts small blind $0.05
5d1fc366: posts big blind $0.1
*** HOLE CARDS ***
Dealt to 2cb75dde 
Dealt to 6a9164f5 
Dealt to 5d1fc366 
Dealt to 99bcc728 
Dealt to Hero [Ac Td]
Dealt to 273cb132 
99bcc728: folds
Hero: raises $0.1 to $0.2
273cb132: folds
2cb75dde: folds
6a9164f5: folds
5d1fc366: folds
Uncalled bet ($0.1) returned to Hero
*** SHOWDOWN ***
Hero collected $0.25 from pot
*** SUMMARY ***
Total pot $0.25 | Rake $0 | Jackpot $0 | Bingo $0 | Fortune $0 | Tax $0
Seat 1: 2cb75dde (button) folded before Flop (didn't bet)
Seat 2: 6a9164f5 (small blind) folded before Flop
Seat 3: 5d1fc366 (big blind) folded before Flop
Seat 4: 99bcc728 folded before Flop (didn't bet)
Seat 5: Hero collected ($0.25)
Seat 6: 273cb132 folded before Flop (didn't bet)


Poker Hand #HD1778225653: Hold'em No Limit ($0.05/$0.1) - 2024/05/18 19:40:15
Table 'NLHRed25' 6-max Seat #6 is the button
Seat 1: 2cb75dde ($11.28 in chips)
Seat 2: 6a9164f5 ($24.02 in chips)
Seat 3: 5d1fc366 ($11.41 in chips)
Seat 4: 99bcc728 ($10 in chips)
Seat 5: Hero ($10.21 in chips)
Seat 6: 273cb132 ($16 in chips)
2cb75dde: posts small blind $0.05
6a9164f5: posts big blind $0.1
*** HOLE CARDS ***
Dealt to 2cb75dde 
Dealt to 6a9164f5 
Dealt to 5d1fc366 
Dealt to 99bcc728 
Dealt to Hero [2s Qs]
Dealt to 273cb132 
5d1fc366: folds
99bcc728: raises $0.1 to $0.2
Hero: folds
273cb132: folds
2cb75dde: folds
6a9164f5: folds
Uncalled bet ($0.1) returned to 99bcc728
*** SHOWDOWN ***
99bcc728 collected $0.25 from pot
*** SUMMARY ***
Total pot $0.25 | Rake $0 | Jackpot $0 | Bingo $0 | Fortune $0 | Tax $0
Seat 1: 2cb75dde (small blind) folded before Flop
Seat 2: 6a9164f5 (big blind) folded before Flop
Seat 3: 5d1fc366 folded before Flop (didn't bet)
Seat 4: 99bcc728 collected ($0.25)
Seat 5: Hero folded before Flop (didn't bet)
Seat 6: 273cb132 (button) folded before Flop (didn't bet)


Poker Hand #HD1778135584: Hold'em No Limit ($0.05/$0.1) - 2024/05/18 19:39:45
Table 'NLHRed25' 6-max Seat #5 is the button
Seat 1: 2cb75dde ($11.48 in chips)
Seat 2: 6a9164f5 ($24.02 in chips)
Seat 3: 5d1fc366 ($11.41 in chips)
Seat 4: 99bcc728 ($10 in chips)
Seat 5: Hero ($10.21 in chips)
Seat 6: 273cb132 ($15.82 in chips)
273cb132: posts small blind $0.05
2cb75dde: posts big blind $0.1
*** HOLE CARDS ***
Dealt to 2cb75dde 
Dealt to 6a9164f5 
Dealt to 5d1fc366 
Dealt to 99bcc728 
Dealt to Hero [Kc 2s]
Dealt to 273cb132 
6a9164f5: folds
5d1fc366: folds
99bcc728: folds
Hero: folds
273cb132: raises $0.1 to $0.2
2cb75dde: calls $0.1
*** FLOP *** [8c 4h Ks]
273cb132: bets $0.3
2cb75dde: folds
Uncalled bet ($0.3) returned to 273cb132
*** SHOWDOWN ***
273cb132 collected $0.38 from pot
*** SUMMARY ***
Total pot $0.4 | Rake $0.02 | Jackpot $0 | Bingo $0 | Fortune $0 | Tax $0
Board [8c 4h Ks]
Seat 1: 2cb75dde (big blind) folded on the Flop
Seat 2: 6a9164f5 folded before Flop (didn't bet)
Seat 3: 5d1fc366 folded before Flop (didn't bet)
Seat 4: 99bcc728 folded before Flop (didn't bet)
Seat 5: Hero (button) folded before Flop (didn't bet)
Seat 6: 273cb132 (small blind) won ($0.38)


Poker Hand #HD1778135565: Hold'em No Limit ($0.05/$0.1) - 2024/05/18 19:39:33
Table 'NLHRed25' 6-max Seat #4 is the button
Seat 1: 2cb75dde ($11.48 in chips)
Seat 2: 6a9164f5 ($24.02 in chips)
Seat 3: 5d1fc366 ($11.41 in chips)
Seat 4: 99bcc728 ($10 in chips)
Seat 5: Hero ($10.26 in chips)
Seat 6: 273cb132 ($15.77 in chips)
Hero: posts small blind $0.05
273cb132: posts big blind $0.1
*** HOLE CARDS ***
Dealt to 2cb75dde 
Dealt to 6a9164f5 
Dealt to 5d1fc366 
Dealt to 99bcc728 
Dealt to Hero [6d Tc]
Dealt to 273cb132 
2cb75dde: folds
6a9164f5: folds
5d1fc366: folds
99bcc728: folds
Hero: folds
Uncalled bet ($0.05) returned to 273cb132
*** SHOWDOWN ***
273cb132 collected $0.1 from pot
*** SUMMARY ***
Total pot $0.1 | Rake $0 | Jackpot $0 | Bingo $0 | Fortune $0 | Tax $0
Seat 1: 2cb75dde folded before Flop (didn't bet)
Seat 2: 6a9164f5 folded before Flop (didn't bet)
Seat 3: 5d1fc366 folded before Flop (didn't bet)
Seat 4: 99bcc728 (button) folded before Flop (didn't bet)
Seat 5: Hero (small blind) folded before Flop
Seat 6: 273cb132 (big blind) collected ($0.1)


Poker Hand #HD1778135443: Hold'em No Limit ($0.05/$0.1) - 2024/05/18 19:38:36
Table 'NLHRed25' 6-max Seat #3 is the button
Seat 2: 6a9164f5 ($24.02 in chips)
Seat 3: 5d1fc366 ($10.23 in chips)
Seat 4: 99bcc728 ($11.04 in chips)
Seat 5: Hero ($10.36 in chips)
Seat 6: 273cb132 ($15.77 in chips)
99bcc728: posts small blind $0.05
Hero: posts big blind $0.1
*** HOLE CARDS ***
Dealt to 6a9164f5 
Dealt to 5d1fc366 
Dealt to 99bcc728 
Dealt to Hero [4s Tc]
Dealt to 273cb132 
273cb132: folds
6a9164f5: folds
5d1fc366: raises $0.2 to $0.3
99bcc728: raises $0.9 to $1.2
Hero: folds
5d1fc366: raises $1.55 to $2.75
99bcc728: folds
Uncalled bet ($1.55) returned to 5d1fc366
*** SHOWDOWN ***
5d1fc366 collected $2.38 from pot
*** SUMMARY ***
Total pot $2.5 | Rake $0.12 | Jackpot $0 | Bingo $0 | Fortune $0 | Tax $0
Seat 2: 6a9164f5 folded before Flop (didn't bet)
Seat 3: 5d1fc366 (button) collected ($2.38)
Seat 4: 99bcc728 (small blind) folded before Flop
Seat 5: Hero (big blind) folded before Flop
Seat 6: 273cb132 folded before Flop (didn't bet)


Poker Hand #HD1778135370: Hold'em No Limit ($0.05/$0.1) - 2024/05/18 19:38:03
Table 'NLHRed25' 6-max Seat #2 is the button
Seat 2: 6a9164f5 ($24.22 in chips)
Seat 3: 5d1fc366 ($10.28 in chips)
Seat 4: 99bcc728 ($10.62 in chips)
Seat 5: Hero ($10.56 in chips)
Seat 6: 273cb132 ($15.77 in chips)
5d1fc366: posts small blind $0.05
99bcc728: posts big blind $0.1
*** HOLE CARDS ***
Dealt to 6a9164f5 
Dealt to 5d1fc366 
Dealt to 99bcc728 
Dealt to Hero [Kc Tc]
Dealt to 273cb132 
Hero: raises $0.1 to $0.2
273cb132: folds
6a9164f5: calls $0.2
5d1fc366: folds
99bcc728: raises $1.05 to $1.25
Hero: folds
6a9164f5: folds
Uncalled bet ($1.05) returned to 99bcc728
*** SHOWDOWN ***
99bcc728 collected $0.62 from pot
*** SUMMARY ***
Total pot $0.65 | Rake $0.03 | Jackpot $0 | Bingo $0 | Fortune $0 | Tax $0
Seat 2: 6a9164f5 (button) folded before Flop
Seat 3: 5d1fc366 (small blind) folded before Flop
Seat 4: 99bcc728 (big blind) collected ($0.62)
Seat 5: Hero folded before Flop
Seat 6: 273cb132 folded before Flop (didn't bet)


Poker Hand #HD1778135147: Hold'em No Limit ($0.05/$0.1) - 2024/05/18 19:36:19
Table 'NLHRed25' 6-max Seat #6 is the button
Seat 1: 2cb75dde ($11.53 in chips)
Seat 2: 6a9164f5 ($24.42 in chips)
Seat 3: 5d1fc366 ($10.28 in chips)
Seat 4: 99bcc728 ($10 in chips)
Seat 5: Hero ($10.56 in chips)
Seat 6: 273cb132 ($16.19 in chips)
2cb75dde: posts small blind $0.05
6a9164f5: posts big blind $0.1
*** HOLE CARDS ***
Dealt to 2cb75dde 
Dealt to 6a9164f5 
Dealt to 5d1fc366 
Dealt to 99bcc728 
Dealt to Hero [Jc 7d]
Dealt to 273cb132 
5d1fc366: folds
99bcc728: raises $0.1 to $0.2
Hero: folds
273cb132: calls $0.2
2cb75dde: folds
6a9164f5: calls $0.1
*** FLOP *** [Qs 2c 3s]
6a9164f5: checks
99bcc728: checks
273cb132: bets $0.22
6a9164f5: folds
99bcc728: calls $0.22
*** TURN *** [Qs 2c 3s] [2s]
99bcc728: checks
273cb132: checks
*** RIVER *** [Qs 2c 3s 2s] [Tc]
99bcc728: checks
273cb132: checks
99bcc728: shows [Ah Ts] (Pair of Tens and Pair of Twos)
273cb132: shows [3d 6d] (Pair of Treys and Pair of Twos)
*** SHOWDOWN ***
99bcc728 collected $1.04 from pot
*** SUMMARY ***
Total pot $1.09 | Rake $0.05 | Jackpot $0 | Bingo $0 | Fortune $0 | Tax $0
Board [Qs 2c 3s 2s Tc]
Seat 1: 2cb75dde (small blind) folded before Flop
Seat 2: 6a9164f5 (big blind) folded on the Flop
Seat 3: 5d1fc366 folded before Flop (didn't bet)
Seat 4: 99bcc728 showed [Ah Ts] and won ($1.04) with Pair of Tens and Pair of Twos
Seat 5: Hero folded before Flop (didn't bet)
Seat 6: 273cb132 (button) showed [3d 6d] and lost with Pair of Treys and Pair of Twos


Poker Hand #HD1778135110: Hold'em No Limit ($0.05/$0.1) - 2024/05/18 19:36:01
Table 'NLHRed25' 6-max Seat #5 is the button
Seat 1: 2cb75dde ($11.63 in chips)
Seat 2: 6a9164f5 ($24.27 in chips)
Seat 3: 5d1fc366 ($10.28 in chips)
Seat 4: 99bcc728 ($10 in chips)
Seat 5: Hero ($10.56 in chips)
Seat 6: 273cb132 ($16.24 in chips)
273cb132: posts small blind $0.05
2cb75dde: posts big blind $0.1
*** HOLE CARDS ***
Dealt to 2cb75dde 
Dealt to 6a9164f5 
Dealt to 5d1fc366 
Dealt to 99bcc728 
Dealt to Hero [Jd 6d]
Dealt to 273cb132 
6a9164f5: raises $0.12 to $0.22
5d1fc366: folds
99bcc728: folds
Hero: folds
273cb132: folds
2cb75dde: folds
Uncalled bet ($0.12) returned to 6a9164f5
*** SHOWDOWN ***
6a9164f5 collected $0.25 from pot
*** SUMMARY ***
Total pot $0.25 | Rake $0 | Jackpot $0 | Bingo $0 | Fortune $0 | Tax $0
Seat 1: 2cb75dde (big blind) folded before Flop
Seat 2: 6a9164f5 collected ($0.25)
Seat 3: 5d1fc366 folded before Flop (didn't bet)
Seat 4: 99bcc728 folded before Flop (didn't bet)
Seat 5: Hero (button) folded before Flop (didn't bet)
Seat 6: 273cb132 (small blind) folded before Flop


Poker Hand #HD1778135068: Hold'em No Limit ($0.05/$0.1) - 2024/05/18 19:35:42
Table 'NLHRed25' 6-max Seat #4 is the button
Seat 1: 2cb75dde ($11.63 in chips)
Seat 2: 6a9164f5 ($24.27 in chips)
Seat 3: 5d1fc366 ($10.28 in chips)
Seat 4: 99bcc728 ($10 in chips)
Seat 5: Hero ($10.61 in chips)
Seat 6: 273cb132 ($16.19 in chips)
Hero: posts small blind $0.05
273cb132: posts big blind $0.1
*** HOLE CARDS ***
Dealt to 2cb75dde 
Dealt to 6a9164f5 
Dealt to 5d1fc366 
Dealt to 99bcc728 
Dealt to Hero [8d 6s]
Dealt to 273cb132 
2cb75dde: folds
6a9164f5: folds
5d1fc366: folds
99bcc728: folds
Hero: folds
Uncalled bet ($0.05) returned to 273cb132
*** SHOWDOWN ***
273cb132 collected $0.1 from pot
*** SUMMARY ***
Total pot $0.1 | Rake $0 | Jackpot $0 | Bingo $0 | Fortune $0 | Tax $0
Seat 1: 2cb75dde folded before Flop (didn't bet)
Seat 2: 6a9164f5 folded before Flop (didn't bet)
Seat 3: 5d1fc366 folded before Flop (didn't bet)
Seat 4: 99bcc728 (button) folded before Flop (didn't bet)
Seat 5: Hero (small blind) folded before Flop
Seat 6: 273cb132 (big blind) collected ($0.1)


Poker Hand #HD1778135017: Hold'em No Limit ($0.05/$0.1) - 2024/05/18 19:35:21
Table 'NLHRed25' 6-max Seat #3 is the button
Seat 1: 2cb75dde ($11.63 in chips)
Seat 2: 6a9164f5 ($24.27 in chips)
Seat 3: 5d1fc366 ($10.28 in chips)
Seat 4: 99bcc728 ($10 in chips)
Seat 5: Hero ($10.71 in chips)
Seat 6: 273cb132 ($16.04 in chips)
99bcc728: posts small blind $0.05
Hero: posts big blind $0.1
*** HOLE CARDS ***
Dealt to 2cb75dde 
Dealt to 6a9164f5 
Dealt to 5d1fc366 
Dealt to 99bcc728 
Dealt to Hero [5h Tc]
Dealt to 273cb132 
273cb132: raises $0.15 to $0.25
2cb75dde: folds
6a9164f5: folds
5d1fc366: folds
99bcc728: folds
Hero: folds
Uncalled bet ($0.15) returned to 273cb132
*** SHOWDOWN ***
273cb132 collected $0.25 from pot
*** SUMMARY ***
Total pot $0.25 | Rake $0 | Jackpot $0 | Bingo $0 | Fortune $0 | Tax $0
Seat 1: 2cb75dde folded before Flop (didn't bet)
Seat 2: 6a9164f5 folded before Flop (didn't bet)
Seat 3: 5d1fc366 (button) folded before Flop (didn't bet)
Seat 4: 99bcc728 (small blind) folded before Flop
Seat 5: Hero (big blind) folded before Flop
Seat 6: 273cb132 collected ($0.25)


Poker Hand #HD1778134935: Hold'em No Limit ($0.05/$0.1) - 2024/05/18 19:34:41
Table 'NLHRed25' 6-max Seat #2 is the button
Seat 1: 2cb75dde ($11.63 in chips)
Seat 2: 6a9164f5 ($24.27 in chips)
Seat 3: 5d1fc366 ($10.33 in chips)
Seat 4: 99bcc728 ($10 in chips)
Seat 5: Hero ($10.38 in chips)
Seat 6: 273cb132 ($16.24 in chips)
5d1fc366: posts small blind $0.05
99bcc728: posts big blind $0.1
*** HOLE CARDS ***
Dealt to 2cb75dde 
Dealt to 6a9164f5 
Dealt to 5d1fc366 
Dealt to 99bcc728 
Dealt to Hero [Js Qh]
Dealt to 273cb132 
Hero: raises $0.1 to $0.2
273cb132: calls $0.2
2cb75dde: folds
6a9164f5: folds
5d1fc366: folds
99bcc728: folds
*** FLOP *** [7h 3h Qd]
Hero: bets $0.19
273cb132: folds
Uncalled bet ($0.19) returned to Hero
*** SHOWDOWN ***
Hero collected $0.53 from pot
*** SUMMARY ***
Total pot $0.55 | Rake $0.02 | Jackpot $0 | Bingo $0 | Fortune $0 | Tax $0
Board [7h 3h Qd]
Seat 1: 2cb75dde folded before Flop (didn't bet)
Seat 2: 6a9164f5 (button) folded before Flop (didn't bet)
Seat 3: 5d1fc366 (small blind) folded before Flop
Seat 4: 99bcc728 (big blind) folded before Flop
Seat 5: Hero won ($0.53)
Seat 6: 273cb132 folded on the Flop


Poker Hand #HD1778134888: Hold'em No Limit ($0.05/$0.1) - 2024/05/18 19:34:18
Table 'NLHRed25' 6-max Seat #1 is the button
Seat 1: 2cb75dde ($11.63 in chips)
Seat 2: 6a9164f5 ($24.32 in chips)
Seat 3: 5d1fc366 ($10.28 in chips)
Seat 4: 99bcc728 ($10 in chips)
Seat 5: Hero ($10.38 in chips)
Seat 6: 273cb132 ($16.24 in chips)
6a9164f5: posts small blind $0.05
5d1fc366: posts big blind $0.1
*** HOLE CARDS ***
Dealt to 2cb75dde 
Dealt to 6a9164f5 
Dealt to 5d1fc366 
Dealt to 99bcc728 
Dealt to Hero [2s 4h]
Dealt to 273cb132 
99bcc728: folds
Hero: folds
273cb132: folds
2cb75dde: folds
6a9164f5: folds
Uncalled bet ($0.05) returned to 5d1fc366
*** SHOWDOWN ***
5d1fc366 collected $0.1 from pot
*** SUMMARY ***
Total pot $0.1 | Rake $0 | Jackpot $0 | Bingo $0 | Fortune $0 | Tax $0
Seat 1: 2cb75dde (button) folded before Flop (didn't bet)
Seat 2: 6a9164f5 (small blind) folded before Flop
Seat 3: 5d1fc366 (big blind) collected ($0.1)
Seat 4: 99bcc728 folded before Flop (didn't bet)
Seat 5: Hero folded before Flop (didn't bet)
Seat 6: 273cb132 folded before Flop (didn't bet)


Poker Hand #HD1778134826: Hold'em No Limit ($0.05/$0.1) - 2024/05/18 19:33:45
Table 'NLHRed25' 6-max Seat #6 is the button
Seat 1: 2cb75dde ($11.68 in chips)
Seat 2: 6a9164f5 ($24.42 in chips)
Seat 3: 5d1fc366 ($10.28 in chips)
Seat 4: 99bcc728 ($10 in chips)
Seat 5: Hero ($10.38 in chips)
Seat 6: 273cb132 ($16.09 in chips)
2cb75dde: posts small blind $0.05
6a9164f5: posts big blind $0.1
*** HOLE CARDS ***
Dealt to 2cb75dde 
Dealt to 6a9164f5 
Dealt to 5d1fc366 
Dealt to 99bcc728 
Dealt to Hero [3h Tc]
Dealt to 273cb132 
5d1fc366: folds
99bcc728: folds
Hero: folds
273cb132: raises $0.15 to $0.25
2cb75dde: folds
6a9164f5: folds
Uncalled bet ($0.15) returned to 273cb132
*** SHOWDOWN ***
273cb132 collected $0.25 from pot
*** SUMMARY ***
Total pot $0.25 | Rake $0 | Jackpot $0 | Bingo $0 | Fortune $0 | Tax $0
Seat 1: 2cb75dde (small blind) folded before Flop
Seat 2: 6a9164f5 (big blind) folded before Flop
Seat 3: 5d1fc366 folded before Flop (didn't bet)
Seat 4: 99bcc728 folded before Flop (didn't bet)
Seat 5: Hero folded before Flop (didn't bet)
Seat 6: 273cb132 (button) collected ($0.25)


Poker Hand #HD1778134768: Hold'em No Limit ($0.05/$0.1) - 2024/05/18 19:33:17
Table 'NLHRed25' 6-max Seat #5 is the button
Seat 1: 2cb75dde ($11.78 in chips)
Seat 2: 6a9164f5 ($24.42 in chips)
Seat 3: 5d1fc366 ($10.28 in chips)
Seat 4: 99bcc728 ($10.15 in chips)
Seat 5: Hero ($10.05 in chips)
Seat 6: 273cb132 ($16.14 in chips)
273cb132: posts small blind $0.05
2cb75dde: posts big blind $0.1
*** HOLE CARDS ***
Dealt to 2cb75dde 
Dealt to 6a9164f5 
Dealt to 5d1fc366 
Dealt to 99bcc728 
Dealt to Hero [Ac As]
Dealt to 273cb132 
6a9164f5: folds
5d1fc366: folds
99bcc728: raises $0.1 to $0.2
Hero: raises $0.55 to $0.75
273cb132: folds
2cb75dde: folds
99bcc728: folds
Uncalled bet ($0.55) returned to Hero
*** SHOWDOWN ***
Hero collected $0.53 from pot
*** SUMMARY ***
Total pot $0.55 | Rake $0.02 | Jackpot $0 | Bingo $0 | Fortune $0 | Tax $0
Seat 1: 2cb75dde (big blind) folded before Flop
Seat 2: 6a9164f5 folded before Flop (didn't bet)
Seat 3: 5d1fc366 folded before Flop (didn't bet)
Seat 4: 99bcc728 folded before Flop
Seat 5: Hero (button) collected ($0.53)
Seat 6: 273cb132 (small blind) folded before Flop


Poker Hand #HD1778134726: Hold'em No Limit ($0.05/$0.1) - 2024/05/18 19:32:59
Table 'NLHRed25' 6-max Seat #4 is the button
Seat 1: 2cb75dde ($11.78 in chips)
Seat 2: 6a9164f5 ($24.42 in chips)
Seat 3: 5d1fc366 ($10.28 in chips)
Seat 4: 99bcc728 ($10 in chips)
Seat 5: Hero ($10.1 in chips)
Seat 6: 273cb132 ($16.24 in chips)
Hero: posts small blind $0.05
273cb132: posts big blind $0.1
*** HOLE CARDS ***
Dealt to 2cb75dde 
Dealt to 6a9164f5 
Dealt to 5d1fc366 
Dealt to 99bcc728 
Dealt to Hero [4c Td]
Dealt to 273cb132 
2cb75dde: folds
6a9164f5: folds
5d1fc366: folds
99bcc728: raises $0.15 to $0.25
Hero: folds
273cb132: folds
Uncalled bet ($0.15) returned to 99bcc728
*** SHOWDOWN ***
99bcc728 collected $0.25 from pot
*** SUMMARY ***
Total pot $0.25 | Rake $0 | Jackpot $0 | Bingo $0 | Fortune $0 | Tax $0
Seat 1: 2cb75dde folded before Flop (didn't bet)
Seat 2: 6a9164f5 folded before Flop (didn't bet)
Seat 3: 5d1fc366 folded before Flop (didn't bet)
Seat 4: 99bcc728 (button) collected ($0.25)
Seat 5: Hero (small blind) folded before Flop
Seat 6: 273cb132 (big blind) folded before Flop


Poker Hand #HD1778134541: Hold'em No Limit ($0.05/$0.1) - 2024/05/18 19:31:29
Table 'NLHRed25' 6-max Seat #3 is the button
Seat 1: 2cb75dde ($10.38 in chips)
Seat 2: 6a9164f5 ($24.42 in chips)
Seat 3: 5d1fc366 ($10.28 in chips)
Seat 4: 99bcc728 ($10 in chips)
Seat 5: Hero ($11.7 in chips)
Seat 6: 273cb132 ($16.24 in chips)
99bcc728: posts small blind $0.05
Hero: posts big blind $0.1
*** HOLE CARDS ***
Dealt to 2cb75dde 
Dealt to 6a9164f5 
Dealt to 5d1fc366 
Dealt to 99bcc728 
Dealt to Hero [Ac 9d]
Dealt to 273cb132 
273cb132: folds
2cb75dde: raises $0.1 to $0.2
6a9164f5: folds
5d1fc366: folds
99bcc728: folds
Hero: calls $0.1
*** FLOP *** [7c 8d 2c]
Hero: checks
2cb75dde: bets $0.12
Hero: raises $0.28 to $0.4
2cb75dde: calls $0.28
*** TURN *** [7c 8d 2c] [3d]
Hero: bets $1
2cb75dde: calls $1
*** RIVER *** [7c 8d 2c 3d] [Td]
Hero: checks
2cb75dde: checks
Hero: shows [Ac 9d] (Ace-High)
2cb75dde: shows [9h 9s] (Pair of Nines)
*** SHOWDOWN ***
2cb75dde collected $3 from pot
*** SUMMARY ***
Total pot $3.25 | Rake $0.15 | Jackpot $0.1 | Bingo $0 | Fortune $0 | Tax $0
Board [7c 8d 2c 3d Td]
Seat 1: 2cb75dde showed [9h 9s] and won ($3) with Pair of Nines
Seat 2: 6a9164f5 folded before Flop (didn't bet)
Seat 3: 5d1fc366 (button) folded before Flop (didn't bet)
Seat 4: 99bcc728 (small blind) folded before Flop
Seat 5: Hero (big blind) showed [Ac 9d] and lost with Ace-High
Seat 6: 273cb132 folded before Flop (didn't bet)


Poker Hand #HD1778134471: Hold'em No Limit ($0.05/$0.1) - 2024/05/18 19:30:54
Table 'NLHRed25' 6-max Seat #2 is the button
Seat 1: 2cb75dde ($10.58 in chips)
Seat 2: 6a9164f5 ($24.42 in chips)
Seat 3: 5d1fc366 ($10 in chips)
Seat 4: 99bcc728 ($10 in chips)
Seat 5: Hero ($11.7 in chips)
Seat 6: 273cb132 ($16.24 in chips)
5d1fc366: posts small blind $0.05
99bcc728: posts big blind $0.1
*** HOLE CARDS ***
Dealt to 2cb75dde 
Dealt to 6a9164f5 
Dealt to 5d1fc366 
Dealt to 99bcc728 
Dealt to Hero [8c 6c]
Dealt to 273cb132 
Hero: folds
273cb132: folds
2cb75dde: raises $0.1 to $0.2
6a9164f5: folds
5d1fc366: raises $1 to $1.2
99bcc728: folds
2cb75dde: folds
Uncalled bet ($1) returned to 5d1fc366
*** SHOWDOWN ***
5d1fc366 collected $0.48 from pot
*** SUMMARY ***
Total pot $0.5 | Rake $0.02 | Jackpot $0 | Bingo $0 | Fortune $0 | Tax $0
Seat 1: 2cb75dde folded before Flop
Seat 2: 6a9164f5 (button) folded before Flop (didn't bet)
Seat 3: 5d1fc366 (small blind) collected ($0.48)
Seat 4: 99bcc728 (big blind) folded before Flop
Seat 5: Hero folded before Flop (didn't bet)
Seat 6: 273cb132 folded before Flop (didn't bet)


Poker Hand #HD1778134412: Hold'em No Limit ($0.05/$0.1) - 2024/05/18 19:30:26
Table 'NLHRed25' 6-max Seat #1 is the button
Seat 1: 2cb75dde ($10.58 in chips)
Seat 2: 6a9164f5 ($24.14 in chips)
Seat 3: 5d1fc366 ($10 in chips)
Seat 5: Hero ($11.7 in chips)
Seat 6: 273cb132 ($16.44 in chips)
6a9164f5: posts small blind $0.05
5d1fc366: posts big blind $0.1
*** HOLE CARDS ***
Dealt to 2cb75dde 
Dealt to 6a9164f5 
Dealt to 5d1fc366 
Dealt to Hero [7d 6d]
Dealt to 273cb132 
Hero: folds
273cb132: raises $0.1 to $0.2
2cb75dde: folds
6a9164f5: raises $0.65 to $0.85
5d1fc366: folds
273cb132: folds
Uncalled bet ($0.65) returned to 6a9164f5
*** SHOWDOWN ***
6a9164f5 collected $0.48 from pot
*** SUMMARY ***
Total pot $0.5 | Rake $0.02 | Jackpot $0 | Bingo $0 | Fortune $0 | Tax $0
Seat 1: 2cb75dde (button) folded before Flop (didn't bet)
Seat 2: 6a9164f5 (small blind) collected ($0.48)
Seat 3: 5d1fc366 (big blind) folded before Flop
Seat 5: Hero folded before Flop (didn't bet)
Seat 6: 273cb132 folded before Flop


Poker Hand #HD1778134358: Hold'em No Limit ($0.05/$0.1) - 2024/05/18 19:30:01
Table 'NLHRed25' 6-max Seat #6 is the button
Seat 1: 2cb75dde ($10.63 in chips)
Seat 2: 6a9164f5 ($24.24 in chips)
Seat 3: 5d1fc366 ($10 in chips)
Seat 5: Hero ($11.55 in chips)
Seat 6: 273cb132 ($16.44 in chips)
2cb75dde: posts small blind $0.05
6a9164f5: posts big blind $0.1
*** HOLE CARDS ***
Dealt to 2cb75dde 
Dealt to 6a9164f5 
Dealt to 5d1fc366 
Dealt to Hero [Jh Js]
Dealt to 273cb132 
5d1fc366: folds
Hero: raises $0.14 to $0.24
273cb132: folds
2cb75dde: folds
6a9164f5: folds
Uncalled bet ($0.14) returned to Hero
*** SHOWDOWN ***
Hero collected $0.25 from pot
*** SUMMARY ***
Total pot $0.25 | Rake $0 | Jackpot $0 | Bingo $0 | Fortune $0 | Tax $0
Seat 1: 2cb75dde (small blind) folded before Flop
Seat 2: 6a9164f5 (big blind) folded before Flop
Seat 3: 5d1fc366 folded before Flop (didn't bet)
Seat 5: Hero collected ($0.25)
Seat 6: 273cb132 (button) folded before Flop (didn't bet)


Poker Hand #HD1778134333: Hold'em No Limit ($0.05/$0.1) - 2024/05/18 19:29:48
Table 'NLHRed25' 6-max Seat #5 is the button
Seat 1: 2cb75dde ($10.58 in chips)
Seat 2: 6a9164f5 ($24.24 in chips)
Seat 3: 5d1fc366 ($10 in chips)
Seat 5: Hero ($11.55 in chips)
Seat 6: 273cb132 ($16.49 in chips)
273cb132: posts small blind $0.05
2cb75dde: posts big blind $0.1
*** HOLE CARDS ***
Dealt to 2cb75dde 
Dealt to 6a9164f5 
Dealt to 5d1fc366 
Dealt to Hero [9h 5s]
Dealt to 273cb132 
6a9164f5: folds
5d1fc366: folds
Hero: folds
273cb132: folds
Uncalled bet ($0.05) returned to 2cb75dde
*** SHOWDOWN ***
2cb75dde collected $0.1 from pot
*** SUMMARY ***
Total pot $0.1 | Rake $0 | Jackpot $0 | Bingo $0 | Fortune $0 | Tax $0
Seat 1: 2cb75dde (big blind) collected ($0.1)
Seat 2: 6a9164f5 folded before Flop (didn't bet)
Seat 3: 5d1fc366 folded before Flop (didn't bet)
Seat 5: Hero (button) folded before Flop (didn't bet)
Seat 6: 273cb132 (small blind) folded before Flop


Poker Hand #HD1778134312: Hold'em No Limit ($0.05/$0.1) - 2024/05/18 19:29:35
Table 'NLHRed25' 6-max Seat #3 is the button
Seat 1: 2cb75dde ($10.58 in chips)
Seat 2: 6a9164f5 ($24.24 in chips)
Seat 3: 5d1fc366 ($10 in chips)
Seat 5: Hero ($11.6 in chips)
Seat 6: 273cb132 ($16.44 in chips)
Hero: posts small blind $0.05
273cb132: posts big blind $0.1
*** HOLE CARDS ***
Dealt to 2cb75dde 
Dealt to 6a9164f5 
Dealt to 5d1fc366 
Dealt to Hero [3h Ts]
Dealt to 273cb132 
2cb75dde: folds
6a9164f5: folds
5d1fc366: folds
Hero: folds
Uncalled bet ($0.05) returned to 273cb132
*** SHOWDOWN ***
273cb132 collected $0.1 from pot
*** SUMMARY ***
Total pot $0.1 | Rake $0 | Jackpot $0 | Bingo $0 | Fortune $0 | Tax $0
Seat 1: 2cb75dde folded before Flop (didn't bet)
Seat 2: 6a9164f5 folded before Flop (didn't bet)
Seat 3: 5d1fc366 (button) folded before Flop (didn't bet)
Seat 5: Hero (small blind) folded before Flop
Seat 6: 273cb132 (big blind) collected ($0.1)


Poker Hand #HD1778134281: Hold'em No Limit ($0.05/$0.1) - 2024/05/18 19:29:20
Table 'NLHRed25' 6-max Seat #2 is the button
Seat 1: 2cb75dde ($10.58 in chips)
Seat 2: 6a9164f5 ($24.24 in chips)
Seat 3: 5d1fc366 ($10 in chips)
Seat 5: Hero ($11.55 in chips)
Seat 6: 273cb132 ($16.44 in chips)
5d1fc366: posts small blind $0.05
Hero: posts big blind $0.1
*** HOLE CARDS ***
Dealt to 2cb75dde 
Dealt to 6a9164f5 
Dealt to 5d1fc366 
Dealt to Hero [Td Jh]
Dealt to 273cb132 
273cb132: folds
2cb75dde: folds
6a9164f5: folds
5d1fc366: folds
Uncalled bet ($0.05) returned to Hero
*** SHOWDOWN ***
Hero collected $0.1 from pot
*** SUMMARY ***
Total pot $0.1 | Rake $0 | Jackpot $0 | Bingo $0 | Fortune $0 | Tax $0
Seat 1: 2cb75dde folded before Flop (didn't bet)
Seat 2: 6a9164f5 (button) folded before Flop (didn't bet)
Seat 3: 5d1fc366 (small blind) folded before Flop
Seat 5: Hero (big blind) collected ($0.1)
Seat 6: 273cb132 folded before Flop (didn't bet)


Poker Hand #HD1778134207: Hold'em No Limit ($0.05/$0.1) - 2024/05/18 19:28:46
Table 'NLHRed25' 6-max Seat #1 is the button
Seat 1: 2cb75dde ($10.43 in chips)
Seat 2: 6a9164f5 ($24.29 in chips)
Seat 3: 5d1fc366 ($10 in chips)
Seat 4: 7b20f2b5 ($11.5 in chips)
Seat 5: Hero ($11.55 in chips)
Seat 6: 273cb132 ($16.44 in chips)
6a9164f5: posts small blind $0.05
5d1fc366: posts big blind $0.1
*** HOLE CARDS ***
Dealt to 2cb75dde 
Dealt to 6a9164f5 
Dealt to 5d1fc366 
Dealt to 7b20f2b5 
Dealt to Hero [5c Jc]
Dealt to 273cb132 
7b20f2b5: folds
Hero: folds
273cb132: folds
2cb75dde: raises $0.2 to $0.3
6a9164f5: folds
5d1fc366: folds
Uncalled bet ($0.2) returned to 2cb75dde
*** SHOWDOWN ***
2cb75dde collected $0.25 from pot
*** SUMMARY ***
Total pot $0.25 | Rake $0 | Jackpot $0 | Bingo $0 | Fortune $0 | Tax $0
Seat 1: 2cb75dde (button) collected ($0.25)
Seat 2: 6a9164f5 (small blind) folded before Flop
Seat 3: 5d1fc366 (big blind) folded before Flop
Seat 4: 7b20f2b5 folded before Flop (didn't bet)
Seat 5: Hero folded before Flop (didn't bet)
Seat 6: 273cb132 folded before Flop (didn't bet)


Poker Hand #HD1778134108: Hold'em No Limit ($0.05/$0.1) - 2024/05/18 19:28:00
Table 'NLHRed25' 6-max Seat #6 is the button
Seat 1: 2cb75dde ($10.48 in chips)
Seat 2: 6a9164f5 ($24.39 in chips)
Seat 3: 5d1fc366 ($10 in chips)
Seat 5: Hero ($11.55 in chips)
Seat 6: 273cb132 ($16.02 in chips)
2cb75dde: posts small blind $0.05
6a9164f5: posts big blind $0.1
*** HOLE CARDS ***
Dealt to 2cb75dde 
Dealt to 6a9164f5 
Dealt to 5d1fc366 
Dealt to Hero [Ad 7c]
Dealt to 273cb132 
5d1fc366: raises $0.2 to $0.3
Hero: folds
273cb132: calls $0.3
2cb75dde: folds
6a9164f5: folds
*** FLOP *** [3s 6s Kd]
5d1fc366: checks
273cb132: checks
*** TURN *** [3s 6s Kd] [4s]
5d1fc366: checks
273cb132: bets $0.38
5d1fc366: folds
Uncalled bet ($0.38) returned to 273cb132
*** SHOWDOWN ***
273cb132 collected $0.72 from pot
*** SUMMARY ***
Total pot $0.75 | Rake $0.03 | Jackpot $0 | Bingo $0 | Fortune $0 | Tax $0
Board [3s 6s Kd 4s]
Seat 1: 2cb75dde (small blind) folded before Flop
Seat 2: 6a9164f5 (big blind) folded before Flop
Seat 3: 5d1fc366 folded on the Turn
Seat 5: Hero folded before Flop (didn't bet)
Seat 6: 273cb132 (button) won ($0.72)


Poker Hand #HD1778134064: Hold'em No Limit ($0.05/$0.1) - 2024/05/18 19:27:36
Table 'NLHRed25' 6-max Seat #5 is the button
Seat 1: 2cb75dde ($10.58 in chips)
Seat 2: 6a9164f5 ($24.39 in chips)
Seat 3: 5d1fc366 ($10 in chips)
Seat 4: 7b20f2b5 ($11.5 in chips)
Seat 5: Hero ($11.55 in chips)
Seat 6: 273cb132 ($15.92 in chips)
273cb132: posts small blind $0.05
2cb75dde: posts big blind $0.1
*** HOLE CARDS ***
Dealt to 2cb75dde 
Dealt to 6a9164f5 
Dealt to 5d1fc366 
Dealt to 7b20f2b5 
Dealt to Hero [8h Qc]
Dealt to 273cb132 
6a9164f5: folds
5d1fc366: folds
7b20f2b5: folds
Hero: folds
273cb132: raises $0.1 to $0.2
2cb75dde: folds
Uncalled bet ($0.1) returned to 273cb132
*** SHOWDOWN ***
273cb132 collected $0.2 from pot
*** SUMMARY ***
Total pot $0.2 | Rake $0 | Jackpot $0 | Bingo $0 | Fortune $0 | Tax $0
Seat 1: 2cb75dde (big blind) folded before Flop
Seat 2: 6a9164f5 folded before Flop (didn't bet)
Seat 3: 5d1fc366 folded before Flop (didn't bet)
Seat 4: 7b20f2b5 folded before Flop (didn't bet)
Seat 5: Hero (button) folded before Flop (didn't bet)
Seat 6: 273cb132 (small blind) collected ($0.2)


Poker Hand #HD1778134004: Hold'em No Limit ($0.05/$0.1) - 2024/05/18 19:27:07
Table 'NLHRed25' 6-max Seat #4 is the button
Seat 1: 2cb75dde ($10.58 in chips)
Seat 2: 6a9164f5 ($24.39 in chips)
Seat 3: 5d1fc366 ($10 in chips)
Seat 4: 7b20f2b5 ($11.35 in chips)
Seat 5: Hero ($11.6 in chips)
Seat 6: 273cb132 ($16.02 in chips)
Hero: posts small blind $0.05
273cb132: posts big blind $0.1
*** HOLE CARDS ***
Dealt to 2cb75dde 
Dealt to 6a9164f5 
Dealt to 5d1fc366 
Dealt to 7b20f2b5 
Dealt to Hero [7h 8c]
Dealt to 273cb132 
2cb75dde: folds
6a9164f5: folds
5d1fc366: folds
7b20f2b5: raises $0.2 to $0.3
Hero: folds
273cb132: folds
Uncalled bet ($0.2) returned to 7b20f2b5
*** SHOWDOWN ***
7b20f2b5 collected $0.25 from pot
*** SUMMARY ***
Total pot $0.25 | Rake $0 | Jackpot $0 | Bingo $0 | Fortune $0 | Tax $0
Seat 1: 2cb75dde folded before Flop (didn't bet)
Seat 2: 6a9164f5 folded before Flop (didn't bet)
Seat 3: 5d1fc366 folded before Flop (didn't bet)
Seat 4: 7b20f2b5 (button) collected ($0.25)
Seat 5: Hero (small blind) folded before Flop
Seat 6: 273cb132 (big blind) folded before Flop


Poker Hand #HD1778133969: Hold'em No Limit ($0.05/$0.1) - 2024/05/18 19:26:49
Table 'NLHRed25' 6-max Seat #3 is the button
Seat 1: 2cb75dde ($10.58 in chips)
Seat 2: 6a9164f5 ($24.39 in chips)
Seat 3: 5d1fc366 ($10 in chips)
Seat 4: 7b20f2b5 ($11.4 in chips)
Seat 5: Hero ($11.55 in chips)
Seat 6: 273cb132 ($16.02 in chips)
7b20f2b5: posts small blind $0.05
Hero: posts big blind $0.1
*** HOLE CARDS ***
Dealt to 2cb75dde 
Dealt to 6a9164f5 
Dealt to 5d1fc366 
Dealt to 7b20f2b5 
Dealt to Hero [3h 2h]
Dealt to 273cb132 
273cb132: folds
2cb75dde: folds
6a9164f5: folds
5d1fc366: folds
7b20f2b5: folds
Uncalled bet ($0.05) returned to Hero
*** SHOWDOWN ***
Hero collected $0.1 from pot
*** SUMMARY ***
Total pot $0.1 | Rake $0 | Jackpot $0 | Bingo $0 | Fortune $0 | Tax $0
Seat 1: 2cb75dde folded before Flop (didn't bet)
Seat 2: 6a9164f5 folded before Flop (didn't bet)
Seat 3: 5d1fc366 (button) folded before Flop (didn't bet)
Seat 4: 7b20f2b5 (small blind) folded before Flop
Seat 5: Hero (big blind) collected ($0.1)
Seat 6: 273cb132 folded before Flop (didn't bet)


Poker Hand #HD1778133944: Hold'em No Limit ($0.05/$0.1) - 2024/05/18 19:26:37
Table 'NLHRed25' 6-max Seat #2 is the button
Seat 1: 2cb75dde ($10.58 in chips)
Seat 2: 6a9164f5 ($24.39 in chips)
Seat 3: 5d1fc366 ($10 in chips)
Seat 4: 7b20f2b5 ($11.35 in chips)
Seat 5: Hero ($11.55 in chips)
Seat 6: 273cb132 ($16.02 in chips)
5d1fc366: posts small blind $0.05
7b20f2b5: posts big blind $0.1
*** HOLE CARDS ***
Dealt to 2cb75dde 
Dealt to 6a9164f5 
Dealt to 5d1fc366 
Dealt to 7b20f2b5 
Dealt to Hero [2c 9s]
Dealt to 273cb132 
Hero: folds
273cb132: folds
2cb75dde: folds
6a9164f5: folds
5d1fc366: folds
Uncalled bet ($0.05) returned to 7b20f2b5
*** SHOWDOWN ***
7b20f2b5 collected $0.1 from pot
*** SUMMARY ***
Total pot $0.1 | Rake $0 | Jackpot $0 | Bingo $0 | Fortune $0 | Tax $0
Seat 1: 2cb75dde folded before Flop (didn't bet)
Seat 2: 6a9164f5 (button) folded before Flop (didn't bet)
Seat 3: 5d1fc366 (small blind) folded before Flop
Seat 4: 7b20f2b5 (big blind) collected ($0.1)
Seat 5: Hero folded before Flop (didn't bet)
Seat 6: 273cb132 folded before Flop (didn't bet)


Poker Hand #HD1778133912: Hold'em No Limit ($0.05/$0.1) - 2024/05/18 19:26:23
Table 'NLHRed25' 6-max Seat #1 is the button
Seat 1: 2cb75dde ($10.58 in chips)
Seat 2: 6a9164f5 ($24.44 in chips)
Seat 3: 5d1fc366 ($10 in chips)
Seat 4: 7b20f2b5 ($11.35 in chips)
Seat 5: Hero ($11.55 in chips)
Seat 6: 273cb132 ($15.87 in chips)
6a9164f5: posts small blind $0.05
5d1fc366: posts big blind $0.1
*** HOLE CARDS ***
Dealt to 2cb75dde 
Dealt to 6a9164f5 
Dealt to 5d1fc366 
Dealt to 7b20f2b5 
Dealt to Hero [6d Td]
Dealt to 273cb132 
7b20f2b5: folds
Hero: folds
273cb132: raises $0.1 to $0.2
2cb75dde: folds
6a9164f5: folds
5d1fc366: folds
Uncalled bet ($0.1) returned to 273cb132
*** SHOWDOWN ***
273cb132 collected $0.25 from pot
*** SUMMARY ***
Total pot $0.25 | Rake $0 | Jackpot $0 | Bingo $0 | Fortune $0 | Tax $0
Seat 1: 2cb75dde (button) folded before Flop (didn't bet)
Seat 2: 6a9164f5 (small blind) folded before Flop
Seat 3: 5d1fc366 (big blind) folded before Flop
Seat 4: 7b20f2b5 folded before Flop (didn't bet)
Seat 5: Hero folded before Flop (didn't bet)
Seat 6: 273cb132 collected ($0.25)


Poker Hand #HD1778133888: Hold'em No Limit ($0.05/$0.1) - 2024/05/18 19:26:11
Table 'NLHRed25' 6-max Seat #6 is the button
Seat 1: 2cb75dde ($10.63 in chips)
Seat 2: 6a9164f5 ($24.39 in chips)
Seat 3: 5d1fc366 ($10 in chips)
Seat 4: 7b20f2b5 ($11.35 in chips)
Seat 5: Hero ($11.55 in chips)
Seat 6: 273cb132 ($15.87 in chips)
2cb75dde: posts small blind $0.05
6a9164f5: posts big blind $0.1
*** HOLE CARDS ***
Dealt to 2cb75dde 
Dealt to 6a9164f5 
Dealt to 5d1fc366 
Dealt to 7b20f2b5 
Dealt to Hero [Kh 7c]
Dealt to 273cb132 
5d1fc366: folds
7b20f2b5: folds
Hero: folds
273cb132: folds
2cb75dde: folds
Uncalled bet ($0.05) returned to 6a9164f5
*** SHOWDOWN ***
6a9164f5 collected $0.1 from pot
*** SUMMARY ***
Total pot $0.1 | Rake $0 | Jackpot $0 | Bingo $0 | Fortune $0 | Tax $0
Seat 1: 2cb75dde (small blind) folded before Flop
Seat 2: 6a9164f5 (big blind) collected ($0.1)
Seat 3: 5d1fc366 folded before Flop (didn't bet)
Seat 4: 7b20f2b5 folded before Flop (didn't bet)
Seat 5: Hero folded before Flop (didn't bet)
Seat 6: 273cb132 (button) folded before Flop (didn't bet)


Poker Hand #HD1778133775: Hold'em No Limit ($0.05/$0.1) - 2024/05/18 19:25:15
Table 'NLHRed25' 6-max Seat #5 is the button
Seat 1: 2cb75dde ($10 in chips)
Seat 2: 6a9164f5 ($24.39 in chips)
Seat 3: 5d1fc366 ($10 in chips)
Seat 4: 7b20f2b5 ($11.35 in chips)
Seat 5: Hero ($12.19 in chips)
Seat 6: 273cb132 ($15.92 in chips)
273cb132: posts small blind $0.05
2cb75dde: posts big blind $0.1
*** HOLE CARDS ***
Dealt to 2cb75dde 
Dealt to 6a9164f5 
Dealt to 5d1fc366 
Dealt to 7b20f2b5 
Dealt to Hero [8c 8d]
Dealt to 273cb132 
6a9164f5: folds
5d1fc366: folds
7b20f2b5: folds
Hero: raises $0.14 to $0.24
273cb132: folds
2cb75dde: calls $0.14
*** FLOP *** [7h 6s 8h]
2cb75dde: checks
Hero: bets $0.4
2cb75dde: calls $0.4
*** TURN *** [7h 6s 8h] [Td]
2cb75dde: checks
Hero: checks
*** RIVER *** [7h 6s 8h Td] [4s]
2cb75dde: bets $0.88
Hero: folds
Uncalled bet ($0.88) returned to 2cb75dde
*** SHOWDOWN ***
2cb75dde collected $1.27 from pot
*** SUMMARY ***
Total pot $1.33 | Rake $0.06 | Jackpot $0 | Bingo $0 | Fortune $0 | Tax $0
Board [7h 6s 8h Td 4s]
Seat 1: 2cb75dde (big blind) won ($1.27)
Seat 2: 6a9164f5 folded before Flop (didn't bet)
Seat 3: 5d1fc366 folded before Flop (didn't bet)
Seat 4: 7b20f2b5 folded before Flop (didn't bet)
Seat 5: Hero (button) folded on the River
Seat 6: 273cb132 (small blind) folded before Flop


Poker Hand #HD1778133743: Hold'em No Limit ($0.05/$0.1) - 2024/05/18 19:24:54
Table 'NLHRed25' 6-max Seat #4 is the button
Seat 1: 2cb75dde ($10 in chips)
Seat 2: 6a9164f5 ($24.39 in chips)
Seat 3: 5d1fc366 ($10 in chips)
Seat 4: 7b20f2b5 ($11.35 in chips)
Seat 5: Hero ($12.24 in chips)
Seat 6: 273cb132 ($15.87 in chips)
Hero: posts small blind $0.05
273cb132: posts big blind $0.1
*** HOLE CARDS ***
Dealt to 2cb75dde 
Dealt to 6a9164f5 
Dealt to 5d1fc366 
Dealt to 7b20f2b5 
Dealt to Hero [3s 6d]
Dealt to 273cb132 
2cb75dde: folds
6a9164f5: folds
5d1fc366: folds
7b20f2b5: folds
Hero: folds
Uncalled bet ($0.05) returned to 273cb132
*** SHOWDOWN ***
273cb132 collected $0.1 from pot
*** SUMMARY ***
Total pot $0.1 | Rake $0 | Jackpot $0 | Bingo $0 | Fortune $0 | Tax $0
Seat 1: 2cb75dde folded before Flop (didn't bet)
Seat 2: 6a9164f5 folded before Flop (didn't bet)
Seat 3: 5d1fc366 folded before Flop (didn't bet)
Seat 4: 7b20f2b5 (button) folded before Flop (didn't bet)
Seat 5: Hero (small blind) folded before Flop
Seat 6: 273cb132 (big blind) collected ($0.1)


Poker Hand #HD1778133657: Hold'em No Limit ($0.05/$0.1) - 2024/05/18 19:24:11
Table 'NLHRed25' 6-max Seat #3 is the button
Seat 1: 2cb75dde ($10 in chips)
Seat 2: 6a9164f5 ($24.39 in chips)
Seat 3: 5d1fc366 ($10.05 in chips)
Seat 4: 7b20f2b5 ($10.98 in chips)
Seat 5: Hero ($12.34 in chips)
Seat 6: 273cb132 ($15.87 in chips)
7b20f2b5: posts small blind $0.05
Hero: posts big blind $0.1
*** HOLE CARDS ***
Dealt to 2cb75dde 
Dealt to 6a9164f5 
Dealt to 5d1fc366 
Dealt to 7b20f2b5 
Dealt to Hero [Kh Ts]
Dealt to 273cb132 
273cb132: folds
2cb75dde: folds
6a9164f5: folds
5d1fc366: raises $0.2 to $0.3
7b20f2b5: raises $0.8 to $1.1
Hero: folds
5d1fc366: folds
Uncalled bet ($0.8) returned to 7b20f2b5
*** SHOWDOWN ***
7b20f2b5 collected $0.67 from pot
*** SUMMARY ***
Total pot $0.7 | Rake $0.03 | Jackpot $0 | Bingo $0 | Fortune $0 | Tax $0
Seat 1: 2cb75dde folded before Flop (didn't bet)
Seat 2: 6a9164f5 folded before Flop (didn't bet)
Seat 3: 5d1fc366 (button) folded before Flop
Seat 4: 7b20f2b5 (small blind) collected ($0.67)
Seat 5: Hero (big blind) folded before Flop
Seat 6: 273cb132 folded before Flop (didn't bet)


Poker Hand #HD1778133538: Hold'em No Limit ($0.05/$0.1) - 2024/05/18 19:23:19
Table 'NLHRed25' 6-max Seat #2 is the button
Seat 1: 2cb75dde ($10 in chips)
Seat 2: 6a9164f5 ($24.39 in chips)
Seat 3: 5d1fc366 ($10.1 in chips)
Seat 4: 7b20f2b5 ($11.08 in chips)
Seat 5: Hero ($11.83 in chips)
Seat 6: 273cb132 ($16.27 in chips)
5d1fc366: posts small blind $0.05
7b20f2b5: posts big blind $0.1
*** HOLE CARDS ***
Dealt to 2cb75dde 
Dealt to 6a9164f5 
Dealt to 5d1fc366 
Dealt to 7b20f2b5 
Dealt to Hero [Qs Qd]
Dealt to 273cb132 
Hero: raises $0.1 to $0.2
273cb132: calls $0.2
2cb75dde: folds
6a9164f5: folds
5d1fc366: folds
7b20f2b5: folds
*** FLOP *** [8s 6d 3s]
Hero: bets $0.2
273cb132: calls $0.2
*** TURN *** [8s 6d 3s] [8h]
Hero: bets $0.6
273cb132: folds
Uncalled bet ($0.6) returned to Hero
*** SHOWDOWN ***
Hero collected $0.91 from pot
*** SUMMARY ***
Total pot $0.95 | Rake $0.04 | Jackpot $0 | Bingo $0 | Fortune $0 | Tax $0
Board [8s 6d 3s 8h]
Seat 1: 2cb75dde folded before Flop (didn't bet)
Seat 2: 6a9164f5 (button) folded before Flop (didn't bet)
Seat 3: 5d1fc366 (small blind) folded before Flop
Seat 4: 7b20f2b5 (big blind) folded before Flop
Seat 5: Hero won ($0.91)
Seat 6: 273cb132 folded on the Turn


Poker Hand #HD1778133437: Hold'em No Limit ($0.05/$0.1) - 2024/05/18 19:22:27
Table 'NLHRed25' 6-max Seat #1 is the button
Seat 1: 2cb75dde ($10 in chips)
Seat 2: 6a9164f5 ($24.44 in chips)
Seat 3: 5d1fc366 ($10.3 in chips)
Seat 4: 7b20f2b5 ($11.08 in chips)
Seat 5: Hero ($11.83 in chips)
Seat 6: 273cb132 ($16.04 in chips)
6a9164f5: posts small blind $0.05
5d1fc366: posts big blind $0.1
*** HOLE CARDS ***
Dealt to 2cb75dde 
Dealt to 6a9164f5 
Dealt to 5d1fc366 
Dealt to 7b20f2b5 
Dealt to Hero [7s 3c]
Dealt to 273cb132 
7b20f2b5: folds
Hero: folds
273cb132: raises $0.1 to $0.2
2cb75dde: folds
6a9164f5: folds
5d1fc366: calls $0.1
*** FLOP *** [2h 3h 4c]
5d1fc366: checks
273cb132: bets $0.34
5d1fc366: folds
Uncalled bet ($0.34) returned to 273cb132
*** SHOWDOWN ***
273cb132 collected $0.43 from pot
*** SUMMARY ***
Total pot $0.45 | Rake $0.02 | Jackpot $0 | Bingo $0 | Fortune $0 | Tax $0
Board [2h 3h 4c]
Seat 1: 2cb75dde (button) folded before Flop (didn't bet)
Seat 2: 6a9164f5 (small blind) folded before Flop
Seat 3: 5d1fc366 (big blind) folded on the Flop
Seat 4: 7b20f2b5 folded before Flop (didn't bet)
Seat 5: Hero folded before Flop (didn't bet)
Seat 6: 273cb132 won ($0.43)


Poker Hand #HD1778133282: Hold'em No Limit ($0.05/$0.1) - 2024/05/18 19:21:14
Table 'NLHRed25' 6-max Seat #6 is the button
Seat 1: 2cb75dde ($10 in chips)
Seat 2: 6a9164f5 ($23.62 in chips)
Seat 3: 5d1fc366 ($10.3 in chips)
Seat 4: 7b20f2b5 ($11.08 in chips)
Seat 5: Hero ($11.83 in chips)
Seat 6: 273cb132 ($16.89 in chips)
2cb75dde: posts small blind $0.05
6a9164f5: posts big blind $0.1
*** HOLE CARDS ***
Dealt to 2cb75dde 
Dealt to 6a9164f5 
Dealt to 5d1fc366 
Dealt to 7b20f2b5 
Dealt to Hero [6h 3h]
Dealt to 273cb132 
5d1fc366: folds
7b20f2b5: folds
Hero: folds
273cb132: raises $0.1 to $0.2
2cb75dde: folds
6a9164f5: raises $0.33 to $0.53
273cb132: calls $0.33
*** FLOP *** [4c 5s 9d]
6a9164f5: checks
273cb132: checks
*** TURN *** [4c 5s 9d] [2h]
6a9164f5: bets $0.32
273cb132: calls $0.32
*** RIVER *** [4c 5s 9d 2h] [Th]
6a9164f5: checks
273cb132: checks
6a9164f5: shows [Jc Jh] (Pair of Jacks)
273cb132: shows [Ad 7h] (Ace-High)
*** SHOWDOWN ***
6a9164f5 collected $1.67 from pot
*** SUMMARY ***
Total pot $1.75 | Rake $0.08 | Jackpot $0 | Bingo $0 | Fortune $0 | Tax $0
Board [4c 5s 9d 2h Th]
Seat 1: 2cb75dde (small blind) folded before Flop
Seat 2: 6a9164f5 (big blind) showed [Jc Jh] and won ($1.67) with Pair of Jacks
Seat 3: 5d1fc366 folded before Flop (didn't bet)
Seat 4: 7b20f2b5 folded before Flop (didn't bet)
Seat 5: Hero folded before Flop (didn't bet)
Seat 6: 273cb132 (button) showed [Ad 7h] and lost with Ace-High


Poker Hand #HD1778133250: Hold'em No Limit ($0.05/$0.1) - 2024/05/18 19:20:58
Table 'NLHRed25' 6-max Seat #5 is the button
Seat 1: 2cb75dde ($10 in chips)
Seat 2: 6a9164f5 ($23.62 in chips)
Seat 3: 5d1fc366 ($10.3 in chips)
Seat 4: 7b20f2b5 ($10.93 in chips)
Seat 5: Hero ($11.83 in chips)
Seat 6: 273cb132 ($16.94 in chips)
273cb132: posts small blind $0.05
2cb75dde: posts big blind $0.1
*** HOLE CARDS ***
Dealt to 2cb75dde 
Dealt to 6a9164f5 
Dealt to 5d1fc366 
Dealt to 7b20f2b5 
Dealt to Hero [3s Js]
Dealt to 273cb132 
6a9164f5: folds
5d1fc366: folds
7b20f2b5: raises $0.2 to $0.3
Hero: folds
273cb132: folds
2cb75dde: folds
Uncalled bet ($0.2) returned to 7b20f2b5
*** SHOWDOWN ***
7b20f2b5 collected $0.25 from pot
*** SUMMARY ***
Total pot $0.25 | Rake $0 | Jackpot $0 | Bingo $0 | Fortune $0 | Tax $0
Seat 1: 2cb75dde (big blind) folded before Flop
Seat 2: 6a9164f5 folded before Flop (didn't bet)
Seat 3: 5d1fc366 folded before Flop (didn't bet)
Seat 4: 7b20f2b5 collected ($0.25)
Seat 5: Hero (button) folded before Flop (didn't bet)
Seat 6: 273cb132 (small blind) folded before Flop


Poker Hand #HD1778133214: Hold'em No Limit ($0.05/$0.1) - 2024/05/18 19:20:42
Table 'NLHRed25' 6-max Seat #4 is the button
Seat 2: 6a9164f5 ($23.62 in chips)
Seat 3: 5d1fc366 ($10.15 in chips)
Seat 4: 7b20f2b5 ($10.93 in chips)
Seat 5: Hero ($11.88 in chips)
Seat 6: 273cb132 ($17.04 in chips)
Hero: posts small blind $0.05
273cb132: posts big blind $0.1
*** HOLE CARDS ***
Dealt to 6a9164f5 
Dealt to 5d1fc366 
Dealt to 7b20f2b5 
Dealt to Hero [8h Qd]
Dealt to 273cb132 
6a9164f5: folds
5d1fc366: raises $0.2 to $0.3
7b20f2b5: folds
Hero: folds
273cb132: folds
Uncalled bet ($0.2) returned to 5d1fc366
*** SHOWDOWN ***
5d1fc366 collected $0.25 from pot
*** SUMMARY ***
Total pot $0.25 | Rake $0 | Jackpot $0 | Bingo $0 | Fortune $0 | Tax $0
Seat 2: 6a9164f5 folded before Flop (didn't bet)
Seat 3: 5d1fc366 collected ($0.25)
Seat 4: 7b20f2b5 (button) folded before Flop (didn't bet)
Seat 5: Hero (small blind) folded before Flop
Seat 6: 273cb132 (big blind) folded before Flop


Poker Hand #HD1778133169: Hold'em No Limit ($0.05/$0.1) - 2024/05/18 19:20:21
Table 'NLHRed25' 6-max Seat #3 is the button
Seat 2: 6a9164f5 ($23.62 in chips)
Seat 3: 5d1fc366 ($10 in chips)
Seat 4: 7b20f2b5 ($10.98 in chips)
Seat 5: Hero ($11.98 in chips)
Seat 6: 273cb132 ($17.04 in chips)
7b20f2b5: posts small blind $0.05
Hero: posts big blind $0.1
*** HOLE CARDS ***
Dealt to 6a9164f5 
Dealt to 5d1fc366 
Dealt to 7b20f2b5 
Dealt to Hero [Tc Js]
Dealt to 273cb132 
273cb132: folds
6a9164f5: folds
5d1fc366: raises $0.2 to $0.3
7b20f2b5: folds
Hero: folds
Uncalled bet ($0.2) returned to 5d1fc366
*** SHOWDOWN ***
5d1fc366 collected $0.25 from pot
*** SUMMARY ***
Total pot $0.25 | Rake $0 | Jackpot $0 | Bingo $0 | Fortune $0 | Tax $0
Seat 2: 6a9164f5 folded before Flop (didn't bet)
Seat 3: 5d1fc366 (button) collected ($0.25)
Seat 4: 7b20f2b5 (small blind) folded before Flop
Seat 5: Hero (big blind) folded before Flop
Seat 6: 273cb132 folded before Flop (didn't bet)


Poker Hand #HD1778132888: Hold'em No Limit ($0.05/$0.1) - 2024/05/18 19:18:08
Table 'NLHRed25' 6-max Seat #2 is the button
Seat 1: f53bc093 ($10.22 in chips)
Seat 2: 6a9164f5 ($23.62 in chips)
Seat 3: 5d1fc366 ($10 in chips)
Seat 4: 7b20f2b5 ($12.18 in chips)
Seat 5: Hero ($10.71 in chips)
Seat 6: 273cb132 ($17.04 in chips)
5d1fc366: posts small blind $0.05
7b20f2b5: posts big blind $0.1
*** HOLE CARDS ***
Dealt to f53bc093 
Dealt to 6a9164f5 
Dealt to 5d1fc366 
Dealt to 7b20f2b5 
Dealt to Hero [Kh As]
Dealt to 273cb132 
Hero: raises $0.1 to $0.2
273cb132: folds
f53bc093: folds
6a9164f5: folds
5d1fc366: calls $0.15
7b20f2b5: raises $1 to $1.2
Hero: raises $9.51 to $10.71 and is all-in
5d1fc366: folds
7b20f2b5: folds
Uncalled bet ($9.51) returned to Hero
*** SHOWDOWN ***
Hero collected $2.47 from pot
*** SUMMARY ***
Total pot $2.6 | Rake $0.13 | Jackpot $0 | Bingo $0 | Fortune $0 | Tax $0
Seat 1: f53bc093 folded before Flop (didn't bet)
Seat 2: 6a9164f5 (button) folded before Flop (didn't bet)
Seat 3: 5d1fc366 (small blind) folded before Flop
Seat 4: 7b20f2b5 (big blind) folded before Flop
Seat 5: Hero collected ($2.47)
Seat 6: 273cb132 folded before Flop (didn't bet)


Poker Hand #HD1778132739: Hold'em No Limit ($0.05/$0.1) - 2024/05/18 19:16:57
Table 'NLHRed25' 6-max Seat #1 is the button
Seat 1: f53bc093 ($10.07 in chips)
Seat 2: 6a9164f5 ($23.67 in chips)
Seat 3: 5d1fc366 ($10 in chips)
Seat 4: 7b20f2b5 ($12.18 in chips)
Seat 5: Hero ($10.71 in chips)
Seat 6: 273cb132 ($17.04 in chips)
6a9164f5: posts small blind $0.05
5d1fc366: posts big blind $0.1
*** HOLE CARDS ***
Dealt to f53bc093 
Dealt to 6a9164f5 
Dealt to 5d1fc366 
Dealt to 7b20f2b5 
Dealt to Hero [Ad 3s]
Dealt to 273cb132 
7b20f2b5: folds
Hero: folds
273cb132: folds
f53bc093: raises $0.2 to $0.3
6a9164f5: folds
5d1fc366: folds
Uncalled bet ($0.2) returned to f53bc093
*** SHOWDOWN ***
f53bc093 collected $0.25 from pot
*** SUMMARY ***
Total pot $0.25 | Rake $0 | Jackpot $0 | Bingo $0 | Fortune $0 | Tax $0
Seat 1: f53bc093 (button) collected ($0.25)
Seat 2: 6a9164f5 (small blind) folded before Flop
Seat 3: 5d1fc366 (big blind) folded before Flop
Seat 4: 7b20f2b5 folded before Flop (didn't bet)
Seat 5: Hero folded before Flop (didn't bet)
Seat 6: 273cb132 folded before Flop (didn't bet)


Poker Hand #HD1778132701: Hold'em No Limit ($0.05/$0.1) - 2024/05/18 19:16:40
Table 'NLHRed25' 6-max Seat #6 is the button
Seat 1: f53bc093 ($10.12 in chips)
Seat 2: 6a9164f5 ($23.62 in chips)
Seat 4: 7b20f2b5 ($12.18 in chips)
Seat 5: Hero ($10.71 in chips)
Seat 6: 273cb132 ($17.04 in chips)
f53bc093: posts small blind $0.05
6a9164f5: posts big blind $0.1
*** HOLE CARDS ***
Dealt to f53bc093 
Dealt to 6a9164f5 
Dealt to 7b20f2b5 
Dealt to Hero [2c Ad]
Dealt to 273cb132 
7b20f2b5: folds
Hero: folds
273cb132: folds
f53bc093: folds
Uncalled bet ($0.05) returned to 6a9164f5
*** SHOWDOWN ***
6a9164f5 collected $0.1 from pot
*** SUMMARY ***
Total pot $0.1 | Rake $0 | Jackpot $0 | Bingo $0 | Fortune $0 | Tax $0
Seat 1: f53bc093 (small blind) folded before Flop
Seat 2: 6a9164f5 (big blind) collected ($0.1)
Seat 4: 7b20f2b5 folded before Flop (didn't bet)
Seat 5: Hero folded before Flop (didn't bet)
Seat 6: 273cb132 (button) folded before Flop (didn't bet)


Poker Hand #HD1778132610: Hold'em No Limit ($0.05/$0.1) - 2024/05/18 19:15:51
Table 'NLHRed25' 6-max Seat #5 is the button
Seat 1: f53bc093 ($13.11 in chips)
Seat 2: 6a9164f5 ($23.62 in chips)
Seat 4: 7b20f2b5 ($12.18 in chips)
Seat 5: Hero ($10.71 in chips)
Seat 6: 273cb132 ($14.44 in chips)
273cb132: posts small blind $0.05
f53bc093: posts big blind $0.1
*** HOLE CARDS ***
Dealt to f53bc093 
Dealt to 6a9164f5 
Dealt to 7b20f2b5 
Dealt to Hero [7s 6s]
Dealt to 273cb132 
6a9164f5: folds
7b20f2b5: folds
Hero: folds
273cb132: raises $0.1 to $0.2
f53bc093: raises $0.4 to $0.6
273cb132: calls $0.4
*** FLOP *** [8d Th 2s]
273cb132: checks
f53bc093: bets $1.2
273cb132: calls $1.2
*** TURN *** [8d Th 2s] [3s]
273cb132: checks
f53bc093: bets $1.19
273cb132: calls $1.19
*** RIVER *** [8d Th 2s 3s] [6h]
273cb132: checks
f53bc093: checks
273cb132: shows [4d 2d] (Pair of Twos)
f53bc093: shows [As Jh] (Ace-High)
*** SHOWDOWN ***
273cb132 collected $5.59 from pot
*** SUMMARY ***
Total pot $5.98 | Rake $0.29 | Jackpot $0.1 | Bingo $0 | Fortune $0 | Tax $0
Board [8d Th 2s 3s 6h]
Seat 1: f53bc093 (big blind) showed [As Jh] and lost with Ace-High
Seat 2: 6a9164f5 folded before Flop (didn't bet)
Seat 4: 7b20f2b5 folded before Flop (didn't bet)
Seat 5: Hero (button) folded before Flop (didn't bet)
Seat 6: 273cb132 (small blind) showed [4d 2d] and won ($5.59) with Pair of Twos


Poker Hand #HD1778132490: Hold'em No Limit ($0.05/$0.1) - 2024/05/18 19:14:53
Table 'NLHRed25' 6-max Seat #4 is the button
Seat 1: f53bc093 ($13.11 in chips)
Seat 2: 6a9164f5 ($23.62 in chips)
Seat 3: e131aaea ($7.02 in chips)
Seat 4: 7b20f2b5 ($12.18 in chips)
Seat 5: Hero ($10.76 in chips)
Seat 6: 273cb132 ($8.16 in chips)
Hero: posts small blind $0.05
273cb132: posts big blind $0.1
*** HOLE CARDS ***
Dealt to f53bc093 
Dealt to 6a9164f5 
Dealt to e131aaea 
Dealt to 7b20f2b5 
Dealt to Hero [As Td]
Dealt to 273cb132 
f53bc093: folds
6a9164f5: folds
e131aaea: raises $0.15 to $0.25
7b20f2b5: folds
Hero: folds
273cb132: calls $0.15
*** FLOP *** [Jh Ah Jd]
273cb132: checks
e131aaea: bets $0.19
273cb132: raises $0.7 to $0.89
e131aaea: calls $0.7
*** TURN *** [Jh Ah Jd] [2h]
273cb132: bets $7.02 and is all-in
e131aaea: calls $5.88 and is all-in
Uncalled bet ($1.14) returned to 273cb132
273cb132: shows [3h 5h] (Ace High Flush)
e131aaea: shows [Js 7s] (Three Jacks)
*** FIRST RIVER *** [Jh Ah Jd 2h] [9d]
*** SECOND RIVER *** [Jh Ah Jd 2h] [6h]
*** THIRD RIVER *** [Jh Ah Jd 2h] [8c]
*** FIRST SHOWDOWN ***
273cb132 collected $4.44 from pot
*** SECOND SHOWDOWN ***
273cb132 collected $4.43 from pot
*** THIRD SHOWDOWN ***
273cb132 collected $4.43 from pot
*** SUMMARY ***
Total pot $14.09 | Rake $0.69 | Jackpot $0.1 | Bingo $0 | Fortune $0 | Tax $0
Hand was run three times
FIRST Board [Jh Ah Jd 2h 9d]
SECOND Board [6h]
THIRD Board [8c]
Seat 1: f53bc093 folded before Flop (didn't bet)
Seat 2: 6a9164f5 folded before Flop (didn't bet)
Seat 3: e131aaea showed [Js 7s] and lost with Three Jacks, and lost, and lost
Seat 4: 7b20f2b5 (button) folded before Flop (didn't bet)
Seat 5: Hero (small blind) folded before Flop
Seat 6: 273cb132 (big blind) showed [3h 5h] and won ($4.44) with Ace High Flush, and won ($4.43), and won ($4.43)


Poker Hand #HD1778132387: Hold'em No Limit ($0.05/$0.1) - 2024/05/18 19:14:11
Table 'NLHRed25' 6-max Seat #3 is the button
Seat 1: f53bc093 ($12.29 in chips)
Seat 2: 6a9164f5 ($23.62 in chips)
Seat 3: e131aaea ($7.02 in chips)
Seat 4: 7b20f2b5 ($12.23 in chips)
Seat 5: Hero ($10.86 in chips)
Seat 6: 273cb132 ($8.91 in chips)
7b20f2b5: posts small blind $0.05
Hero: posts big blind $0.1
*** HOLE CARDS ***
Dealt to f53bc093 
Dealt to 6a9164f5 
Dealt to e131aaea 
Dealt to 7b20f2b5 
Dealt to Hero [Ts 9c]
Dealt to 273cb132 
273cb132: raises $0.1 to $0.2
f53bc093: raises $0.55 to $0.75
6a9164f5: folds
e131aaea: folds
7b20f2b5: folds
Hero: folds
273cb132: calls $0.55
*** FLOP *** [3c 5d Jh]
273cb132: checks
f53bc093: bets $1.24
273cb132: folds
Uncalled bet ($1.24) returned to f53bc093
*** SHOWDOWN ***
f53bc093 collected $1.57 from pot
*** SUMMARY ***
Total pot $1.65 | Rake $0.08 | Jackpot $0 | Bingo $0 | Fortune $0 | Tax $0
Board [3c 5d Jh]
Seat 1: f53bc093 won ($1.57)
Seat 2: 6a9164f5 folded before Flop (didn't bet)
Seat 3: e131aaea (button) folded before Flop (didn't bet)
Seat 4: 7b20f2b5 (small blind) folded before Flop
Seat 5: Hero (big blind) folded before Flop
Seat 6: 273cb132 folded on the Flop


Poker Hand #HD1778132284: Hold'em No Limit ($0.05/$0.1) - 2024/05/18 19:13:27
Table 'NLHRed25' 6-max Seat #2 is the button
Seat 1: f53bc093 ($13.19 in chips)
Seat 2: 6a9164f5 ($23.62 in chips)
Seat 3: e131aaea ($7.07 in chips)
Seat 4: 7b20f2b5 ($12.33 in chips)
Seat 5: Hero ($10.86 in chips)
Seat 6: 273cb132 ($7.95 in chips)
e131aaea: posts small blind $0.05
7b20f2b5: posts big blind $0.1
*** HOLE CARDS ***
Dealt to f53bc093 
Dealt to 6a9164f5 
Dealt to e131aaea 
Dealt to 7b20f2b5 
Dealt to Hero [Th Jd]
Dealt to 273cb132 
Hero: folds
273cb132: raises $0.15 to $0.25
f53bc093: raises $0.65 to $0.9
6a9164f5: folds
e131aaea: folds
7b20f2b5: folds
273cb132: raises $1.47 to $2.37
f53bc093: folds
Uncalled bet ($1.47) returned to 273cb132
*** SHOWDOWN ***
273cb132 collected $1.86 from pot
*** SUMMARY ***
Total pot $1.95 | Rake $0.09 | Jackpot $0 | Bingo $0 | Fortune $0 | Tax $0
Seat 1: f53bc093 folded before Flop
Seat 2: 6a9164f5 (button) folded before Flop (didn't bet)
Seat 3: e131aaea (small blind) folded before Flop
Seat 4: 7b20f2b5 (big blind) folded before Flop
Seat 5: Hero folded before Flop (didn't bet)
Seat 6: 273cb132 collected ($1.86)


Poker Hand #HD1778132149: Hold'em No Limit ($0.05/$0.1) - 2024/05/18 19:12:25
Table 'NLHRed25' 6-max Seat #1 is the button
Seat 1: f53bc093 ($12.43 in chips)
Seat 2: 6a9164f5 ($23.67 in chips)
Seat 3: e131aaea ($7.86 in chips)
Seat 4: 7b20f2b5 ($12.33 in chips)
Seat 5: Hero ($10.86 in chips)
Seat 6: 273cb132 ($7.95 in chips)
6a9164f5: posts small blind $0.05
e131aaea: posts big blind $0.1
*** HOLE CARDS ***
Dealt to f53bc093 
Dealt to 6a9164f5 
Dealt to e131aaea 
Dealt to 7b20f2b5 
Dealt to Hero [Jc 2s]
Dealt to 273cb132 
7b20f2b5: folds
Hero: folds
273cb132: folds
f53bc093: raises $0.2 to $0.3
6a9164f5: folds
e131aaea: calls $0.2
*** FLOP *** [7s 9s 9c]
e131aaea: checks
f53bc093: bets $0.49
e131aaea: calls $0.49
*** TURN *** [7s 9s 9c] [Td]
e131aaea: checks
f53bc093: bets $1.23
e131aaea: folds
Uncalled bet ($1.23) returned to f53bc093
*** SHOWDOWN ***
f53bc093 collected $1.55 from pot
*** SUMMARY ***
Total pot $1.63 | Rake $0.08 | Jackpot $0 | Bingo $0 | Fortune $0 | Tax $0
Board [7s 9s 9c Td]
Seat 1: f53bc093 (button) won ($1.55)
Seat 2: 6a9164f5 (small blind) folded before Flop
Seat 3: e131aaea (big blind) folded on the Turn
Seat 4: 7b20f2b5 folded before Flop (didn't bet)
Seat 5: Hero folded before Flop (didn't bet)
Seat 6: 273cb132 folded before Flop (didn't bet)


Poker Hand #HD1778132065: Hold'em No Limit ($0.05/$0.1) - 2024/05/18 19:11:41
Table 'NLHRed25' 6-max Seat #6 is the button
Seat 1: f53bc093 ($12.63 in chips)
Seat 2: 6a9164f5 ($23.77 in chips)
Seat 3: e131aaea ($7.86 in chips)
Seat 4: 7b20f2b5 ($12.33 in chips)
Seat 5: Hero ($10.86 in chips)
Seat 6: 273cb132 ($7.67 in chips)
f53bc093: posts small blind $0.05
6a9164f5: posts big blind $0.1
*** HOLE CARDS ***
Dealt to f53bc093 
Dealt to 6a9164f5 
Dealt to e131aaea 
Dealt to 7b20f2b5 
Dealt to Hero [Qd 5c]
Dealt to 273cb132 
e131aaea: folds
7b20f2b5: folds
Hero: folds
273cb132: raises $0.1 to $0.2
f53bc093: calls $0.15
6a9164f5: folds
*** FLOP *** [Ah Kd Ad]
f53bc093: checks
273cb132: bets $0.25
f53bc093: folds
Uncalled bet ($0.25) returned to 273cb132
*** SHOWDOWN ***
273cb132 collected $0.48 from pot
*** SUMMARY ***
Total pot $0.5 | Rake $0.02 | Jackpot $0 | Bingo $0 | Fortune $0 | Tax $0
Board [Ah Kd Ad]
Seat 1: f53bc093 (small blind) folded on the Flop
Seat 2: 6a9164f5 (big blind) folded before Flop
Seat 3: e131aaea folded before Flop (didn't bet)
Seat 4: 7b20f2b5 folded before Flop (didn't bet)
Seat 5: Hero folded before Flop (didn't bet)
Seat 6: 273cb132 (button) won ($0.48)


Poker Hand #HD1778132035: Hold'em No Limit ($0.05/$0.1) - 2024/05/18 19:11:28
Table 'NLHRed25' 6-max Seat #5 is the button
Seat 1: f53bc093 ($12.73 in chips)
Seat 2: 6a9164f5 ($23.77 in chips)
Seat 3: e131aaea ($7.86 in chips)
Seat 4: 7b20f2b5 ($12.33 in chips)
Seat 5: Hero ($10.86 in chips)
Seat 6: 273cb132 ($7.57 in chips)
273cb132: posts small blind $0.05
f53bc093: posts big blind $0.1
*** HOLE CARDS ***
Dealt to f53bc093 
Dealt to 6a9164f5 
Dealt to e131aaea 
Dealt to 7b20f2b5 
Dealt to Hero [5s 8h]
Dealt to 273cb132 
6a9164f5: folds
e131aaea: folds
7b20f2b5: folds
Hero: folds
273cb132: raises $0.1 to $0.2
f53bc093: folds
Uncalled bet ($0.1) returned to 273cb132
*** SHOWDOWN ***
273cb132 collected $0.2 from pot
*** SUMMARY ***
Total pot $0.2 | Rake $0 | Jackpot $0 | Bingo $0 | Fortune $0 | Tax $0
Seat 1: f53bc093 (big blind) folded before Flop
Seat 2: 6a9164f5 folded before Flop (didn't bet)
Seat 3: e131aaea folded before Flop (didn't bet)
Seat 4: 7b20f2b5 folded before Flop (didn't bet)
Seat 5: Hero (button) folded before Flop (didn't bet)
Seat 6: 273cb132 (small blind) collected ($0.2)


Poker Hand #HD1778131988: Hold'em No Limit ($0.05/$0.1) - 2024/05/18 19:11:09
Table 'NLHRed25' 6-max Seat #4 is the button
Seat 1: f53bc093 ($12.73 in chips)
Seat 2: 6a9164f5 ($23.77 in chips)
Seat 3: e131aaea ($7.71 in chips)
Seat 4: 7b20f2b5 ($12.33 in chips)
Seat 5: Hero ($10.91 in chips)
Seat 6: 273cb132 ($7.67 in chips)
Hero: posts small blind $0.05
273cb132: posts big blind $0.1
*** HOLE CARDS ***
Dealt to f53bc093 
Dealt to 6a9164f5 
Dealt to e131aaea 
Dealt to 7b20f2b5 
Dealt to Hero [4s Ks]
Dealt to 273cb132 
f53bc093: folds
6a9164f5: folds
e131aaea: raises $0.2 to $0.3
7b20f2b5: folds
Hero: folds
273cb132: folds
Uncalled bet ($0.2) returned to e131aaea
*** SHOWDOWN ***
e131aaea collected $0.25 from pot
*** SUMMARY ***
Total pot $0.25 | Rake $0 | Jackpot $0 | Bingo $0 | Fortune $0 | Tax $0
Seat 1: f53bc093 folded before Flop (didn't bet)
Seat 2: 6a9164f5 folded before Flop (didn't bet)
Seat 3: e131aaea collected ($0.25)
Seat 4: 7b20f2b5 (button) folded before Flop (didn't bet)
Seat 5: Hero (small blind) folded before Flop
Seat 6: 273cb132 (big blind) folded before Flop


Poker Hand #HD1778131888: Hold'em No Limit ($0.05/$0.1) - 2024/05/18 19:10:20
Table 'NLHRed25' 6-max Seat #3 is the button
Seat 1: f53bc093 ($12.11 in chips)
Seat 2: 6a9164f5 ($23.77 in chips)
Seat 3: e131aaea ($7.71 in chips)
Seat 4: 7b20f2b5 ($12.38 in chips)
Seat 5: Hero ($11.54 in chips)
Seat 6: 273cb132 ($7.67 in chips)
7b20f2b5: posts small blind $0.05
Hero: posts big blind $0.1
*** HOLE CARDS ***
Dealt to f53bc093 
Dealt to 6a9164f5 
Dealt to e131aaea 
Dealt to 7b20f2b5 
Dealt to Hero [Tc Ad]
Dealt to 273cb132 
273cb132: folds
f53bc093: raises $0.2 to $0.3
6a9164f5: folds
e131aaea: folds
7b20f2b5: folds
Hero: calls $0.2
*** FLOP *** [Kh 4d 3c]
Hero: checks
f53bc093: bets $0.33
Hero: calls $0.33
*** TURN *** [Kh 4d 3c] [2c]
Hero: checks
f53bc093: bets $1.31
Hero: folds
Uncalled bet ($1.31) returned to f53bc093
*** SHOWDOWN ***
f53bc093 collected $1.25 from pot
*** SUMMARY ***
Total pot $1.31 | Rake $0.06 | Jackpot $0 | Bingo $0 | Fortune $0 | Tax $0
Board [Kh 4d 3c 2c]
Seat 1: f53bc093 won ($1.25)
Seat 2: 6a9164f5 folded before Flop (didn't bet)
Seat 3: e131aaea (button) folded before Flop (didn't bet)
Seat 4: 7b20f2b5 (small blind) folded before Flop
Seat 5: Hero (big blind) folded on the Turn
Seat 6: 273cb132 folded before Flop (didn't bet)


Poker Hand #HD1778131776: Hold'em No Limit ($0.05/$0.1) - 2024/05/18 19:09:30
Table 'NLHRed25' 6-max Seat #2 is the button
Seat 1: f53bc093 ($11.79 in chips)
Seat 2: 6a9164f5 ($23.77 in chips)
Seat 3: e131aaea ($7.76 in chips)
Seat 4: 7b20f2b5 ($12.68 in chips)
Seat 5: Hero ($11.54 in chips)
Seat 6: 273cb132 ($7.67 in chips)
e131aaea: posts small blind $0.05
7b20f2b5: posts big blind $0.1
*** HOLE CARDS ***
Dealt to f53bc093 
Dealt to 6a9164f5 
Dealt to e131aaea 
Dealt to 7b20f2b5 
Dealt to Hero [3d 3s]
Dealt to 273cb132 
Hero: folds
273cb132: folds
f53bc093: raises $0.2 to $0.3
6a9164f5: folds
e131aaea: folds
7b20f2b5: calls $0.2
*** FLOP *** [6s Qc Qh]
7b20f2b5: checks
f53bc093: bets $0.65
7b20f2b5: folds
Uncalled bet ($0.65) returned to f53bc093
*** SHOWDOWN ***
f53bc093 collected $0.62 from pot
*** SUMMARY ***
Total pot $0.65 | Rake $0.03 | Jackpot $0 | Bingo $0 | Fortune $0 | Tax $0
Board [6s Qc Qh]
Seat 1: f53bc093 won ($0.62)
Seat 2: 6a9164f5 (button) folded before Flop (didn't bet)
Seat 3: e131aaea (small blind) folded before Flop
Seat 4: 7b20f2b5 (big blind) folded on the Flop
Seat 5: Hero folded before Flop (didn't bet)
Seat 6: 273cb132 folded before Flop (didn't bet)


Poker Hand #HD1778131729: Hold'em No Limit ($0.05/$0.1) - 2024/05/18 19:09:09
Table 'NLHRed25' 6-max Seat #1 is the button
Seat 1: f53bc093 ($11.79 in chips)
Seat 2: 6a9164f5 ($23.82 in chips)
Seat 3: e131aaea ($7.71 in chips)
Seat 4: 7b20f2b5 ($12.68 in chips)
Seat 5: Hero ($11.54 in chips)
Seat 6: 273cb132 ($7.67 in chips)
6a9164f5: posts small blind $0.05
e131aaea: posts big blind $0.1
*** HOLE CARDS ***
Dealt to f53bc093 
Dealt to 6a9164f5 
Dealt to e131aaea 
Dealt to 7b20f2b5 
Dealt to Hero [4c 8c]
Dealt to 273cb132 
7b20f2b5: folds
Hero: folds
273cb132: folds
f53bc093: folds
6a9164f5: folds
Uncalled bet ($0.05) returned to e131aaea
*** SHOWDOWN ***
e131aaea collected $0.1 from pot
*** SUMMARY ***
Total pot $0.1 | Rake $0 | Jackpot $0 | Bingo $0 | Fortune $0 | Tax $0
Seat 1: f53bc093 (button) folded before Flop (didn't bet)
Seat 2: 6a9164f5 (small blind) folded before Flop
Seat 3: e131aaea (big blind) collected ($0.1)
Seat 4: 7b20f2b5 folded before Flop (didn't bet)
Seat 5: Hero folded before Flop (didn't bet)
Seat 6: 273cb132 folded before Flop (didn't bet)


Poker Hand #HD1778131688: Hold'em No Limit ($0.05/$0.1) - 2024/05/18 19:08:49
Table 'NLHRed25' 6-max Seat #6 is the button
Seat 1: f53bc093 ($11.84 in chips)
Seat 2: 6a9164f5 ($23.92 in chips)
Seat 3: e131aaea ($7.56 in chips)
Seat 4: 7b20f2b5 ($12.68 in chips)
Seat 5: Hero ($11.54 in chips)
Seat 6: 273cb132 ($7.67 in chips)
f53bc093: posts small blind $0.05
6a9164f5: posts big blind $0.1
*** HOLE CARDS ***
Dealt to f53bc093 
Dealt to 6a9164f5 
Dealt to e131aaea 
Dealt to 7b20f2b5 
Dealt to Hero [Td 5c]
Dealt to 273cb132 
e131aaea: raises $0.15 to $0.25
7b20f2b5: folds
Hero: folds
273cb132: folds
f53bc093: folds
6a9164f5: folds
Uncalled bet ($0.15) returned to e131aaea
*** SHOWDOWN ***
e131aaea collected $0.25 from pot
*** SUMMARY ***
Total pot $0.25 | Rake $0 | Jackpot $0 | Bingo $0 | Fortune $0 | Tax $0
Seat 1: f53bc093 (small blind) folded before Flop
Seat 2: 6a9164f5 (big blind) folded before Flop
Seat 3: e131aaea collected ($0.25)
Seat 4: 7b20f2b5 folded before Flop (didn't bet)
Seat 5: Hero folded before Flop (didn't bet)
Seat 6: 273cb132 (button) folded before Flop (didn't bet)


Poker Hand #HD1778131638: Hold'em No Limit ($0.05/$0.1) - 2024/05/18 19:08:26
Table 'NLHRed25' 6-max Seat #5 is the button
Seat 1: f53bc093 ($11.39 in chips)
Seat 3: e131aaea ($7.56 in chips)
Seat 4: 7b20f2b5 ($12.68 in chips)
Seat 5: Hero ($11.78 in chips)
Seat 6: 273cb132 ($7.91 in chips)
273cb132: posts small blind $0.05
f53bc093: posts big blind $0.1
*** HOLE CARDS ***
Dealt to f53bc093 
Dealt to e131aaea 
Dealt to 7b20f2b5 
Dealt to Hero [9s Ks]
Dealt to 273cb132 
e131aaea: folds
7b20f2b5: folds
Hero: raises $0.14 to $0.24
273cb132: calls $0.19
f53bc093: raises $0.72 to $0.96
Hero: folds
273cb132: folds
Uncalled bet ($0.72) returned to f53bc093
*** SHOWDOWN ***
f53bc093 collected $0.69 from pot
*** SUMMARY ***
Total pot $0.72 | Rake $0.03 | Jackpot $0 | Bingo $0 | Fortune $0 | Tax $0
Seat 1: f53bc093 (big blind) collected ($0.69)
Seat 3: e131aaea folded before Flop (didn't bet)
Seat 4: 7b20f2b5 folded before Flop (didn't bet)
Seat 5: Hero (button) folded before Flop
Seat 6: 273cb132 (small blind) folded before Flop


Poker Hand #HD1778131613: Hold'em No Limit ($0.05/$0.1) - 2024/05/18 19:08:15
Table 'NLHRed25' 6-max Seat #4 is the button
Seat 1: f53bc093 ($11.39 in chips)
Seat 3: e131aaea ($7.56 in chips)
Seat 4: 7b20f2b5 ($12.68 in chips)
Seat 5: Hero ($11.83 in chips)
Seat 6: 273cb132 ($7.86 in chips)
Hero: posts small blind $0.05
273cb132: posts big blind $0.1
*** HOLE CARDS ***
Dealt to f53bc093 
Dealt to e131aaea 
Dealt to 7b20f2b5 
Dealt to Hero [5h 3c]
Dealt to 273cb132 
f53bc093: folds
e131aaea: folds
7b20f2b5: folds
Hero: folds
Uncalled bet ($0.05) returned to 273cb132
*** SHOWDOWN ***
273cb132 collected $0.1 from pot
*** SUMMARY ***
Total pot $0.1 | Rake $0 | Jackpot $0 | Bingo $0 | Fortune $0 | Tax $0
Seat 1: f53bc093 folded before Flop (didn't bet)
Seat 3: e131aaea folded before Flop (didn't bet)
Seat 4: 7b20f2b5 (button) folded before Flop (didn't bet)
Seat 5: Hero (small blind) folded before Flop
Seat 6: 273cb132 (big blind) collected ($0.1)


Poker Hand #HD1778131567: Hold'em No Limit ($0.05/$0.1) - 2024/05/18 19:07:52
Table 'NLHRed25' 6-max Seat #3 is the button
Seat 1: f53bc093 ($11.39 in chips)
Seat 3: e131aaea ($7.76 in chips)
Seat 4: 7b20f2b5 ($12.73 in chips)
Seat 5: Hero ($12.03 in chips)
Seat 6: 273cb132 ($7.44 in chips)
7b20f2b5: posts small blind $0.05
Hero: posts big blind $0.1
*** HOLE CARDS ***
Dealt to f53bc093 
Dealt to e131aaea 
Dealt to 7b20f2b5 
Dealt to Hero [Js 9d]
Dealt to 273cb132 
273cb132: raises $0.1 to $0.2
f53bc093: folds
e131aaea: calls $0.2
7b20f2b5: folds
Hero: calls $0.1
*** FLOP *** [As Kc 5h]
Hero: checks
273cb132: bets $0.22
e131aaea: folds
Hero: folds
Uncalled bet ($0.22) returned to 273cb132
*** SHOWDOWN ***
273cb132 collected $0.62 from pot
*** SUMMARY ***
Total pot $0.65 | Rake $0.03 | Jackpot $0 | Bingo $0 | Fortune $0 | Tax $0
Board [As Kc 5h]
Seat 1: f53bc093 folded before Flop (didn't bet)
Seat 3: e131aaea (button) folded on the Flop
Seat 4: 7b20f2b5 (small blind) folded before Flop
Seat 5: Hero (big blind) folded on the Flop
Seat 6: 273cb132 won ($0.62)


Poker Hand #HD1778131543: Hold'em No Limit ($0.05/$0.1) - 2024/05/18 19:07:40
Table 'NLHRed25' 6-max Seat #1 is the button
Seat 1: f53bc093 ($11.24 in chips)
Seat 3: e131aaea ($7.81 in chips)
Seat 4: 7b20f2b5 ($12.83 in chips)
Seat 5: Hero ($12.03 in chips)
Seat 6: 273cb132 ($7.44 in chips)
e131aaea: posts small blind $0.05
7b20f2b5: posts big blind $0.1
*** HOLE CARDS ***
Dealt to f53bc093 
Dealt to e131aaea 
Dealt to 7b20f2b5 
Dealt to Hero [Qc 8s]
Dealt to 273cb132 
Hero: folds
273cb132: folds
f53bc093: raises $0.2 to $0.3
e131aaea: folds
7b20f2b5: folds
Uncalled bet ($0.2) returned to f53bc093
*** SHOWDOWN ***
f53bc093 collected $0.25 from pot
*** SUMMARY ***
Total pot $0.25 | Rake $0 | Jackpot $0 | Bingo $0 | Fortune $0 | Tax $0
Seat 1: f53bc093 (button) collected ($0.25)
Seat 3: e131aaea (small blind) folded before Flop
Seat 4: 7b20f2b5 (big blind) folded before Flop
Seat 5: Hero folded before Flop (didn't bet)
Seat 6: 273cb132 folded before Flop (didn't bet)


Poker Hand #HD1778131515: Hold'em No Limit ($0.05/$0.1) - 2024/05/18 19:07:27
Table 'NLHRed25' 6-max Seat #6 is the button
Seat 1: f53bc093 ($11.29 in chips)
Seat 3: e131aaea ($7.91 in chips)
Seat 4: 7b20f2b5 ($12.83 in chips)
Seat 5: Hero ($12.03 in chips)
Seat 6: 273cb132 ($7.29 in chips)
f53bc093: posts small blind $0.05
e131aaea: posts big blind $0.1
*** HOLE CARDS ***
Dealt to f53bc093 
Dealt to e131aaea 
Dealt to 7b20f2b5 
Dealt to Hero [Th 7d]
Dealt to 273cb132 
7b20f2b5: folds
Hero: folds
273cb132: raises $0.1 to $0.2
f53bc093: folds
e131aaea: folds
Uncalled bet ($0.1) returned to 273cb132
*** SHOWDOWN ***
273cb132 collected $0.25 from pot
*** SUMMARY ***
Total pot $0.25 | Rake $0 | Jackpot $0 | Bingo $0 | Fortune $0 | Tax $0
Seat 1: f53bc093 (small blind) folded before Flop
Seat 3: e131aaea (big blind) folded before Flop
Seat 4: 7b20f2b5 folded before Flop (didn't bet)
Seat 5: Hero folded before Flop (didn't bet)
Seat 6: 273cb132 (button) collected ($0.25)


Poker Hand #HD1778131500: Hold'em No Limit ($0.05/$0.1) - 2024/05/18 19:07:20
Table 'NLHRed25' 6-max Seat #5 is the button
Seat 1: f53bc093 ($11.24 in chips)
Seat 3: e131aaea ($7.91 in chips)
Seat 4: 7b20f2b5 ($12.83 in chips)
Seat 5: Hero ($12.03 in chips)
Seat 6: 273cb132 ($7.34 in chips)
273cb132: posts small blind $0.05
f53bc093: posts big blind $0.1
*** HOLE CARDS ***
Dealt to f53bc093 
Dealt to e131aaea 
Dealt to 7b20f2b5 
Dealt to Hero [6h 8s]
Dealt to 273cb132 
e131aaea: folds
7b20f2b5: folds
Hero: folds
273cb132: folds
Uncalled bet ($0.05) returned to f53bc093
*** SHOWDOWN ***
f53bc093 collected $0.1 from pot
*** SUMMARY ***
Total pot $0.1 | Rake $0 | Jackpot $0 | Bingo $0 | Fortune $0 | Tax $0
Seat 1: f53bc093 (big blind) collected ($0.1)
Seat 3: e131aaea folded before Flop (didn't bet)
Seat 4: 7b20f2b5 folded before Flop (didn't bet)
Seat 5: Hero (button) folded before Flop (didn't bet)
Seat 6: 273cb132 (small blind) folded before Flop


Poker Hand #HD1778131440: Hold'em No Limit ($0.05/$0.1) - 2024/05/18 19:06:51
Table 'NLHRed25' 6-max Seat #4 is the button
Seat 1: f53bc093 ($11.24 in chips)
Seat 3: e131aaea ($7.54 in chips)
Seat 4: 7b20f2b5 ($13.08 in chips)
Seat 5: Hero ($12.08 in chips)
Seat 6: 273cb132 ($7.44 in chips)
Hero: posts small blind $0.05
273cb132: posts big blind $0.1
*** HOLE CARDS ***
Dealt to f53bc093 
Dealt to e131aaea 
Dealt to 7b20f2b5 
Dealt to Hero [9c Jd]
Dealt to 273cb132 
f53bc093: folds
e131aaea: raises $0.15 to $0.25
7b20f2b5: calls $0.25
Hero: folds
273cb132: folds
*** FLOP *** [4d Kd Ks]
e131aaea: checks
7b20f2b5: checks
*** TURN *** [4d Kd Ks] [8d]
e131aaea: bets $0.22
7b20f2b5: folds
Uncalled bet ($0.22) returned to e131aaea
*** SHOWDOWN ***
e131aaea collected $0.62 from pot
*** SUMMARY ***
Total pot $0.65 | Rake $0.03 | Jackpot $0 | Bingo $0 | Fortune $0 | Tax $0
Board [4d Kd Ks 8d]
Seat 1: f53bc093 folded before Flop (didn't bet)
Seat 3: e131aaea won ($0.62)
Seat 4: 7b20f2b5 (button) folded on the Turn
Seat 5: Hero (small blind) folded before Flop
Seat 6: 273cb132 (big blind) folded before Flop


Poker Hand #HD1778131346: Hold'em No Limit ($0.05/$0.1) - 2024/05/18 19:06:03
Table 'NLHRed25' 6-max Seat #3 is the button
Seat 1: f53bc093 ($11.24 in chips)
Seat 3: e131aaea ($6.78 in chips)
Seat 4: 7b20f2b5 ($13.13 in chips)
Seat 5: Hero ($12.18 in chips)
Seat 6: 273cb132 ($8.12 in chips)
7b20f2b5: posts small blind $0.05
Hero: posts big blind $0.1
*** HOLE CARDS ***
Dealt to f53bc093 
Dealt to e131aaea 
Dealt to 7b20f2b5 
Dealt to Hero [8c 5h]
Dealt to 273cb132 
273cb132: raises $0.1 to $0.2
f53bc093: folds
e131aaea: raises $0.48 to $0.68
7b20f2b5: folds
Hero: folds
273cb132: calls $0.48
*** FLOP *** [8h Kh 5c]
273cb132: checks
e131aaea: checks
*** TURN *** [8h Kh 5c] [4h]
273cb132: checks
e131aaea: checks
*** RIVER *** [8h Kh 5c 4h] [7h]
273cb132: checks
e131aaea: checks
273cb132: shows [9c Qc] (King-High)
e131aaea: shows [Ac Qs] (Ace-High)
*** SHOWDOWN ***
e131aaea collected $1.44 from pot
*** SUMMARY ***
Total pot $1.51 | Rake $0.07 | Jackpot $0 | Bingo $0 | Fortune $0 | Tax $0
Board [8h Kh 5c 4h 7h]
Seat 1: f53bc093 folded before Flop (didn't bet)
Seat 3: e131aaea (button) showed [Ac Qs] and won ($1.44) with Ace-High
Seat 4: 7b20f2b5 (small blind) folded before Flop
Seat 5: Hero (big blind) folded before Flop
Seat 6: 273cb132 showed [9c Qc] and lost with King-High


Poker Hand #HD1778131291: Hold'em No Limit ($0.05/$0.1) - 2024/05/18 19:05:32
Table 'NLHRed25' 6-max Seat #1 is the button
Seat 1: f53bc093 ($10.42 in chips)
Seat 3: e131aaea ($7.58 in chips)
Seat 4: 7b20f2b5 ($13.23 in chips)
Seat 5: Hero ($12.18 in chips)
Seat 6: 273cb132 ($8.12 in chips)
e131aaea: posts small blind $0.05
7b20f2b5: posts big blind $0.1
*** HOLE CARDS ***
Dealt to f53bc093 
Dealt to e131aaea 
Dealt to 7b20f2b5 
Dealt to Hero [4s 9d]
Dealt to 273cb132 
Hero: folds
273cb132: folds
f53bc093: raises $0.15 to $0.25
e131aaea: raises $0.55 to $0.8
7b20f2b5: folds
f53bc093: raises $1.28 to $2.08
e131aaea: folds
Uncalled bet ($1.28) returned to f53bc093
*** SHOWDOWN ***
f53bc093 collected $1.62 from pot
*** SUMMARY ***
Total pot $1.7 | Rake $0.08 | Jackpot $0 | Bingo $0 | Fortune $0 | Tax $0
Seat 1: f53bc093 (button) collected ($1.62)
Seat 3: e131aaea (small blind) folded before Flop
Seat 4: 7b20f2b5 (big blind) folded before Flop
Seat 5: Hero folded before Flop (didn't bet)
Seat 6: 273cb132 folded before Flop (didn't bet)


Poker Hand #HD1778131207: Hold'em No Limit ($0.05/$0.1) - 2024/05/18 19:04:54
Table 'NLHRed25' 6-max Seat #6 is the button
Seat 1: f53bc093 ($11.48 in chips)
Seat 3: e131aaea ($8.64 in chips)
Seat 4: 7b20f2b5 ($13.23 in chips)
Seat 5: Hero ($10.08 in chips)
Seat 6: 273cb132 ($8.36 in chips)
f53bc093: posts small blind $0.05
e131aaea: posts big blind $0.1
*** HOLE CARDS ***
Dealt to f53bc093 
Dealt to e131aaea 
Dealt to 7b20f2b5 
Dealt to Hero [Qh Ad]
Dealt to 273cb132 
7b20f2b5: folds
Hero: raises $0.14 to $0.24
273cb132: calls $0.24
f53bc093: raises $0.82 to $1.06
e131aaea: calls $0.96
Hero: raises $9.02 to $10.08 and is all-in
273cb132: folds
f53bc093: folds
e131aaea: folds
Uncalled bet ($9.02) returned to Hero
*** SHOWDOWN ***
Hero collected $3.16 from pot
*** SUMMARY ***
Total pot $3.42 | Rake $0.16 | Jackpot $0.1 | Bingo $0 | Fortune $0 | Tax $0
Seat 1: f53bc093 (small blind) folded before Flop
Seat 3: e131aaea (big blind) folded before Flop
Seat 4: 7b20f2b5 folded before Flop (didn't bet)
Seat 5: Hero collected ($3.16)
Seat 6: 273cb132 (button) folded before Flop


Poker Hand #HD1778131091: Hold'em No Limit ($0.05/$0.1) - 2024/05/18 19:04:05
Table 'NLHRed25' 6-max Seat #5 is the button
Seat 1: f53bc093 ($11.58 in chips)
Seat 3: e131aaea ($8.64 in chips)
Seat 4: 7b20f2b5 ($12.59 in chips)
Seat 5: Hero ($10.08 in chips)
Seat 6: 273cb132 ($8.96 in chips)
273cb132: posts small blind $0.05
f53bc093: posts big blind $0.1
*** HOLE CARDS ***
Dealt to f53bc093 
Dealt to e131aaea 
Dealt to 7b20f2b5 
Dealt to Hero [9d Js]
Dealt to 273cb132 
e131aaea: folds
7b20f2b5: raises $0.2 to $0.3
Hero: folds
273cb132: calls $0.25
f53bc093: folds
*** FLOP *** [3h 4d Ac]
273cb132: checks
7b20f2b5: bets $0.3
273cb132: calls $0.3
*** TURN *** [3h 4d Ac] [7h]
273cb132: checks
7b20f2b5: bets $0.98
273cb132: folds
Uncalled bet ($0.98) returned to 7b20f2b5
*** SHOWDOWN ***
7b20f2b5 collected $1.24 from pot
*** SUMMARY ***
Total pot $1.3 | Rake $0.06 | Jackpot $0 | Bingo $0 | Fortune $0 | Tax $0
Board [3h 4d Ac 7h]
Seat 1: f53bc093 (big blind) folded before Flop
Seat 3: e131aaea folded before Flop (didn't bet)
Seat 4: 7b20f2b5 won ($1.24)
Seat 5: Hero (button) folded before Flop (didn't bet)
Seat 6: 273cb132 (small blind) folded on the Turn


Poker Hand #HD1778131069: Hold'em No Limit ($0.05/$0.1) - 2024/05/18 19:03:51
Table 'NLHRed25' 6-max Seat #4 is the button
Seat 1: f53bc093 ($11.58 in chips)
Seat 3: e131aaea ($8.64 in chips)
Seat 4: 7b20f2b5 ($12.59 in chips)
Seat 5: Hero ($10.13 in chips)
Seat 6: 273cb132 ($8.91 in chips)
Hero: posts small blind $0.05
273cb132: posts big blind $0.1
*** HOLE CARDS ***
Dealt to f53bc093 
Dealt to e131aaea 
Dealt to 7b20f2b5 
Dealt to Hero [5s 3c]
Dealt to 273cb132 
f53bc093: folds
e131aaea: folds
7b20f2b5: folds
Hero: folds
Uncalled bet ($0.05) returned to 273cb132
*** SHOWDOWN ***
273cb132 collected $0.1 from pot
*** SUMMARY ***
Total pot $0.1 | Rake $0 | Jackpot $0 | Bingo $0 | Fortune $0 | Tax $0
Seat 1: f53bc093 folded before Flop (didn't bet)
Seat 3: e131aaea folded before Flop (didn't bet)
Seat 4: 7b20f2b5 (button) folded before Flop (didn't bet)
Seat 5: Hero (small blind) folded before Flop
Seat 6: 273cb132 (big blind) collected ($0.1)


Poker Hand #HD1778131027: Hold'em No Limit ($0.05/$0.1) - 2024/05/18 19:03:35
Table 'NLHRed25' 6-max Seat #3 is the button
Seat 1: f53bc093 ($11.58 in chips)
Seat 3: e131aaea ($8.49 in chips)
Seat 4: 7b20f2b5 ($12.64 in chips)
Seat 5: Hero ($10.23 in chips)
Seat 6: 273cb132 ($8.91 in chips)
7b20f2b5: posts small blind $0.05
Hero: posts big blind $0.1
*** HOLE CARDS ***
Dealt to f53bc093 
Dealt to e131aaea 
Dealt to 7b20f2b5 
Dealt to Hero [Jh 7c]
Dealt to 273cb132 
273cb132: folds
f53bc093: folds
e131aaea: raises $0.2 to $0.3
7b20f2b5: folds
Hero: folds
Uncalled bet ($0.2) returned to e131aaea
*** SHOWDOWN ***
e131aaea collected $0.25 from pot
*** SUMMARY ***
Total pot $0.25 | Rake $0 | Jackpot $0 | Bingo $0 | Fortune $0 | Tax $0
Seat 1: f53bc093 folded before Flop (didn't bet)
Seat 3: e131aaea (button) collected ($0.25)
Seat 4: 7b20f2b5 (small blind) folded before Flop
Seat 5: Hero (big blind) folded before Flop
Seat 6: 273cb132 folded before Flop (didn't bet)


Poker Hand #HD1778130946: Hold'em No Limit ($0.05/$0.1) - 2024/05/18 19:02:54
Table 'NLHRed25' 6-max Seat #2 is the button
Seat 1: f53bc093 ($11.58 in chips)
Seat 2: 6a9164f5 ($23.92 in chips)
Seat 3: e131aaea ($8.54 in chips)
Seat 4: 7b20f2b5 ($12.84 in chips)
Seat 5: Hero ($10 in chips)
Seat 6: 273cb132 ($8.91 in chips)
e131aaea: posts small blind $0.05
7b20f2b5: posts big blind $0.1
*** HOLE CARDS ***
Dealt to f53bc093 
Dealt to 6a9164f5 
Dealt to e131aaea 
Dealt to 7b20f2b5 
Dealt to Hero [As Tc]
Dealt to 273cb132 
Hero: raises $0.1 to $0.2
273cb132: folds
f53bc093: folds
6a9164f5: folds
e131aaea: folds
7b20f2b5: calls $0.1
*** FLOP *** [2c 9s 8h]
7b20f2b5: checks
Hero: checks
*** TURN *** [2c 9s 8h] [Jh]
7b20f2b5: checks
Hero: bets $0.3
7b20f2b5: folds
Uncalled bet ($0.3) returned to Hero
*** SHOWDOWN ***
Hero collected $0.43 from pot
*** SUMMARY ***
Total pot $0.45 | Rake $0.02 | Jackpot $0 | Bingo $0 | Fortune $0 | Tax $0
Board [2c 9s 8h Jh]
Seat 1: f53bc093 folded before Flop (didn't bet)
Seat 2: 6a9164f5 (button) folded before Flop (didn't bet)
Seat 3: e131aaea (small blind) folded before Flop
Seat 4: 7b20f2b5 (big blind) folded on the Turn
Seat 5: Hero won ($0.43)
Seat 6: 273cb132 folded before Flop (didn't bet)


Poker Hand #HD1778130833: Hold'em No Limit ($0.05/$0.1) - 2024/05/18 19:02:05
Table 'NLHRed25' 6-max Seat #1 is the button
Seat 1: f53bc093 ($11.58 in chips)
Seat 2: 6a9164f5 ($24.14 in chips)
Seat 3: e131aaea ($8.34 in chips)
Seat 4: 7b20f2b5 ($12.84 in chips)
Seat 5: Hero ($10 in chips)
Seat 6: 273cb132 ($8.91 in chips)
6a9164f5: posts small blind $0.05
e131aaea: posts big blind $0.1
*** HOLE CARDS ***
Dealt to f53bc093 
Dealt to 6a9164f5 
Dealt to e131aaea 
Dealt to 7b20f2b5 
Dealt to Hero [8c Qs]
Dealt to 273cb132 
7b20f2b5: folds
Hero: folds
273cb132: folds
f53bc093: folds
6a9164f5: raises $0.12 to $0.22
e131aaea: calls $0.12
*** FLOP *** [2s 4c 9d]
6a9164f5: checks
e131aaea: checks
*** TURN *** [2s 4c 9d] [6c]
6a9164f5: checks
e131aaea: bets $0.15
6a9164f5: folds
Uncalled bet ($0.15) returned to e131aaea
*** SHOWDOWN ***
e131aaea collected $0.42 from pot
*** SUMMARY ***
Total pot $0.44 | Rake $0.02 | Jackpot $0 | Bingo $0 | Fortune $0 | Tax $0
Board [2s 4c 9d 6c]
Seat 1: f53bc093 (button) folded before Flop (didn't bet)
Seat 2: 6a9164f5 (small blind) folded on the Turn
Seat 3: e131aaea (big blind) won ($0.42)
Seat 4: 7b20f2b5 folded before Flop (didn't bet)
Seat 5: Hero folded before Flop (didn't bet)
Seat 6: 273cb132 folded before Flop (didn't bet)


Poker Hand #HD1778130811: Hold'em No Limit ($0.05/$0.1) - 2024/05/18 19:01:53
Table 'NLHRed25' 6-max Seat #6 is the button
Seat 1: f53bc093 ($11.63 in chips)
Seat 2: 6a9164f5 ($24.24 in chips)
Seat 3: e131aaea ($8.34 in chips)
Seat 4: 7b20f2b5 ($12.84 in chips)
Seat 5: Hero ($10 in chips)
Seat 6: 273cb132 ($8.76 in chips)
f53bc093: posts small blind $0.05
6a9164f5: posts big blind $0.1
*** HOLE CARDS ***
Dealt to f53bc093 
Dealt to 6a9164f5 
Dealt to e131aaea 
Dealt to 7b20f2b5 
Dealt to Hero [5h 3s]
Dealt to 273cb132 
e131aaea: folds
7b20f2b5: folds
Hero: folds
273cb132: raises $0.15 to $0.25
f53bc093: folds
6a9164f5: folds
Uncalled bet ($0.15) returned to 273cb132
*** SHOWDOWN ***
273cb132 collected $0.25 from pot
*** SUMMARY ***
Total pot $0.25 | Rake $0 | Jackpot $0 | Bingo $0 | Fortune $0 | Tax $0
Seat 1: f53bc093 (small blind) folded before Flop
Seat 2: 6a9164f5 (big blind) folded before Flop
Seat 3: e131aaea folded before Flop (didn't bet)
Seat 4: 7b20f2b5 folded before Flop (didn't bet)
Seat 5: Hero folded before Flop (didn't bet)
Seat 6: 273cb132 (button) collected ($0.25)


Poker Hand #HD1778130701: Hold'em No Limit ($0.05/$0.1) - 2024/05/18 19:00:54
Table 'NLHRed25' 6-max Seat #5 is the button
Seat 1: f53bc093 ($10 in chips)
Seat 2: 6a9164f5 ($25.12 in chips)
Seat 3: e131aaea ($8.34 in chips)
Seat 4: 7b20f2b5 ($12.84 in chips)
Seat 5: Hero ($10 in chips)
Seat 6: 273cb132 ($9.64 in chips)
273cb132: posts small blind $0.05
f53bc093: posts big blind $0.1
*** HOLE CARDS ***
Dealt to f53bc093 
Dealt to 6a9164f5 
Dealt to e131aaea 
Dealt to 7b20f2b5 
Dealt to Hero [4c 9c]
Dealt to 273cb132 
6a9164f5: raises $0.12 to $0.22
e131aaea: folds
7b20f2b5: folds
Hero: folds
273cb132: calls $0.17
f53bc093: raises $0.66 to $0.88
6a9164f5: calls $0.66
273cb132: calls $0.66
*** FLOP *** [Js 6h 3d]
273cb132: checks
f53bc093: bets $0.88
6a9164f5: folds
273cb132: folds
Uncalled bet ($0.88) returned to f53bc093
*** SHOWDOWN ***
f53bc093 collected $2.51 from pot
*** SUMMARY ***
Total pot $2.64 | Rake $0.13 | Jackpot $0 | Bingo $0 | Fortune $0 | Tax $0
Board [Js 6h 3d]
Seat 1: f53bc093 (big blind) won ($2.51)
Seat 2: 6a9164f5 folded on the Flop
Seat 3: e131aaea folded before Flop (didn't bet)
Seat 4: 7b20f2b5 folded before Flop (didn't bet)
Seat 5: Hero (button) folded before Flop (didn't bet)
Seat 6: 273cb132 (small blind) folded on the Flop


Poker Hand #HD1778130648: Hold'em No Limit ($0.05/$0.1) - 2024/05/18 19:00:29
Table 'NLHRed25' 6-max Seat #4 is the button
Seat 1: f53bc093 ($10 in chips)
Seat 2: 6a9164f5 ($25.12 in chips)
Seat 3: e131aaea ($8.34 in chips)
Seat 4: 7b20f2b5 ($12.84 in chips)
Seat 5: Hero ($10 in chips)
Seat 6: 273cb132 ($9.37 in chips)
Hero: posts small blind $0.05
273cb132: posts big blind $0.1
*** HOLE CARDS ***
Dealt to f53bc093 
Dealt to 6a9164f5 
Dealt to e131aaea 
Dealt to 7b20f2b5 
Dealt to Hero [3d Qd]
Dealt to 273cb132 
f53bc093: folds
6a9164f5: folds
e131aaea: folds
7b20f2b5: folds
Hero: raises $0.2 to $0.3
273cb132: raises $0.7 to $1
Hero: folds
Uncalled bet ($0.7) returned to 273cb132
*** SHOWDOWN ***
273cb132 collected $0.57 from pot
*** SUMMARY ***
Total pot $0.6 | Rake $0.03 | Jackpot $0 | Bingo $0 | Fortune $0 | Tax $0
Seat 1: f53bc093 folded before Flop (didn't bet)
Seat 2: 6a9164f5 folded before Flop (didn't bet)
Seat 3: e131aaea folded before Flop (didn't bet)
Seat 4: 7b20f2b5 (button) folded before Flop (didn't bet)
Seat 5: Hero (small blind) folded before Flop
Seat 6: 273cb132 (big blind) collected ($0.57)


Poker Hand #HD1778130600: Hold'em No Limit ($0.05/$0.1) - 2024/05/18 19:00:05
Table 'NLHRed25' 6-max Seat #3 is the button
Seat 1: f53bc093 ($10 in chips)
Seat 2: 6a9164f5 ($25.12 in chips)
Seat 3: e131aaea ($8.34 in chips)
Seat 4: 7b20f2b5 ($12.89 in chips)
Seat 5: Hero ($10 in chips)
Seat 6: 273cb132 ($9.22 in chips)
7b20f2b5: posts small blind $0.05
Hero: posts big blind $0.1
*** HOLE CARDS ***
Dealt to f53bc093 
Dealt to 6a9164f5 
Dealt to e131aaea 
Dealt to 7b20f2b5 
Dealt to Hero [9s 4d]
Dealt to 273cb132 
273cb132: raises $0.1 to $0.2
f53bc093: folds
6a9164f5: folds
e131aaea: folds
7b20f2b5: folds
Hero: folds
Uncalled bet ($0.1) returned to 273cb132
*** SHOWDOWN ***
273cb132 collected $0.25 from pot
*** SUMMARY ***
Total pot $0.25 | Rake $0 | Jackpot $0 | Bingo $0 | Fortune $0 | Tax $0
Seat 1: f53bc093 folded before Flop (didn't bet)
Seat 2: 6a9164f5 folded before Flop (didn't bet)
Seat 3: e131aaea (button) folded before Flop (didn't bet)
Seat 4: 7b20f2b5 (small blind) folded before Flop
Seat 5: Hero (big blind) folded before Flop
Seat 6: 273cb132 collected ($0.25)


Poker Hand #HD1778130514: Hold'em No Limit ($0.05/$0.1) - 2024/05/18 18:59:23
Table 'NLHRed25' 6-max Seat #2 is the button
Seat 1: f53bc093 ($10 in chips)
Seat 2: 6a9164f5 ($25.12 in chips)
Seat 3: e131aaea ($6.57 in chips)
Seat 4: 7b20f2b5 ($12.99 in chips)
Seat 5: Hero ($10 in chips)
Seat 6: 273cb132 ($10.97 in chips)
e131aaea: posts small blind $0.05
7b20f2b5: posts big blind $0.1
*** HOLE CARDS ***
Dealt to f53bc093 
Dealt to 6a9164f5 
Dealt to e131aaea 
Dealt to 7b20f2b5 
Dealt to Hero [8s 8h]
Dealt to 273cb132 
Hero: raises $0.1 to $0.2
273cb132: calls $0.2
f53bc093: folds
6a9164f5: folds
e131aaea: raises $0.6 to $0.8
7b20f2b5: folds
Hero: folds
273cb132: calls $0.6
*** FLOP *** [Kc 2c Qd]
e131aaea: checks
273cb132: checks
*** TURN *** [Kc 2c Qd] [7c]
e131aaea: bets $0.95
273cb132: calls $0.95
*** RIVER *** [Kc 2c Qd 7c] [9s]
e131aaea: bets $4.82 and is all-in
273cb132: folds
Uncalled bet ($4.82) returned to e131aaea
*** SHOWDOWN ***
e131aaea collected $3.52 from pot
*** SUMMARY ***
Total pot $3.8 | Rake $0.18 | Jackpot $0.1 | Bingo $0 | Fortune $0 | Tax $0
Board [Kc 2c Qd 7c 9s]
Seat 1: f53bc093 folded before Flop (didn't bet)
Seat 2: 6a9164f5 (button) folded before Flop (didn't bet)
Seat 3: e131aaea (small blind) won ($3.52)
Seat 4: 7b20f2b5 (big blind) folded before Flop
Seat 5: Hero folded before Flop
Seat 6: 273cb132 folded on the River


Poker Hand #HD1778130475: Hold'em No Limit ($0.05/$0.1) - 2024/05/18 18:59:09
Table 'NLHRed25' 6-max Seat #1 is the button
Seat 1: f53bc093 ($10 in chips)
Seat 2: 6a9164f5 ($25.17 in chips)
Seat 3: e131aaea ($6.52 in chips)
Seat 4: 7b20f2b5 ($12.99 in chips)
Seat 5: Hero ($10 in chips)
Seat 6: 273cb132 ($10.97 in chips)
6a9164f5: posts small blind $0.05
e131aaea: posts big blind $0.1
*** HOLE CARDS ***
Dealt to f53bc093 
Dealt to 6a9164f5 
Dealt to e131aaea 
Dealt to 7b20f2b5 
Dealt to Hero [2h 8h]
Dealt to 273cb132 
7b20f2b5: folds
Hero: folds
273cb132: folds
f53bc093: folds
6a9164f5: folds
Uncalled bet ($0.05) returned to e131aaea
*** SHOWDOWN ***
e131aaea collected $0.1 from pot
*** SUMMARY ***
Total pot $0.1 | Rake $0 | Jackpot $0 | Bingo $0 | Fortune $0 | Tax $0
Seat 1: f53bc093 (button) folded before Flop (didn't bet)
Seat 2: 6a9164f5 (small blind) folded before Flop
Seat 3: e131aaea (big blind) collected ($0.1)
Seat 4: 7b20f2b5 folded before Flop (didn't bet)
Seat 5: Hero folded before Flop (didn't bet)
Seat 6: 273cb132 folded before Flop (didn't bet)


Poker Hand #HD1778130425: Hold'em No Limit ($0.05/$0.1) - 2024/05/18 18:58:48
Table 'NLHRed25' 6-max Seat #6 is the button
Seat 1: f53bc093 ($10.05 in chips)
Seat 2: 6a9164f5 ($25.27 in chips)
Seat 3: e131aaea ($6.52 in chips)
Seat 4: 7b20f2b5 ($12.84 in chips)
Seat 5: Hero ($10 in chips)
Seat 6: 273cb132 ($10.97 in chips)
f53bc093: posts small blind $0.05
6a9164f5: posts big blind $0.1
*** HOLE CARDS ***
Dealt to f53bc093 
Dealt to 6a9164f5 
Dealt to e131aaea 
Dealt to 7b20f2b5 
Dealt to Hero [2c 6d]
Dealt to 273cb132 
e131aaea: folds
7b20f2b5: raises $0.2 to $0.3
Hero: folds
273cb132: folds
f53bc093: folds
6a9164f5: folds
Uncalled bet ($0.2) returned to 7b20f2b5
*** SHOWDOWN ***
7b20f2b5 collected $0.25 from pot
*** SUMMARY ***
Total pot $0.25 | Rake $0 | Jackpot $0 | Bingo $0 | Fortune $0 | Tax $0
Seat 1: f53bc093 (small blind) folded before Flop
Seat 2: 6a9164f5 (big blind) folded before Flop
Seat 3: e131aaea folded before Flop (didn't bet)
Seat 4: 7b20f2b5 collected ($0.25)
Seat 5: Hero folded before Flop (didn't bet)
Seat 6: 273cb132 (button) folded before Flop (didn't bet)


Poker Hand #HD1778130406: Hold'em No Limit ($0.05/$0.1) - 2024/05/18 18:58:40
Table 'NLHRed25' 6-max Seat #5 is the button
Seat 1: f53bc093 ($10 in chips)
Seat 2: 6a9164f5 ($25.27 in chips)
Seat 3: e131aaea ($6.52 in chips)
Seat 4: 7b20f2b5 ($12.84 in chips)
Seat 5: Hero ($10 in chips)
Seat 6: 273cb132 ($11.02 in chips)
273cb132: posts small blind $0.05
f53bc093: posts big blind $0.1
*** HOLE CARDS ***
Dealt to f53bc093 
Dealt to 6a9164f5 
Dealt to e131aaea 
Dealt to 7b20f2b5 
Dealt to Hero [3d 8d]
Dealt to 273cb132 
6a9164f5: folds
e131aaea: folds
7b20f2b5: folds
Hero: folds
273cb132: folds
Uncalled bet ($0.05) returned to f53bc093
*** SHOWDOWN ***
f53bc093 collected $0.1 from pot
*** SUMMARY ***
Total pot $0.1 | Rake $0 | Jackpot $0 | Bingo $0 | Fortune $0 | Tax $0
Seat 1: f53bc093 (big blind) collected ($0.1)
Seat 2: 6a9164f5 folded before Flop (didn't bet)
Seat 3: e131aaea folded before Flop (didn't bet)
Seat 4: 7b20f2b5 folded before Flop (didn't bet)
Seat 5: Hero (button) folded before Flop (didn't bet)
Seat 6: 273cb132 (small blind) folded before Flop


Poker Hand #HD1778130378: Hold'em No Limit ($0.05/$0.1) - 2024/05/18 18:58:24
Table 'NLHRed25' 6-max Seat #4 is the button
Seat 1: f53bc093 ($10 in chips)
Seat 2: 6a9164f5 ($25.27 in chips)
Seat 3: e131aaea ($6.52 in chips)
Seat 4: 7b20f2b5 ($12.84 in chips)
Seat 5: Hero ($10.05 in chips)
Seat 6: 273cb132 ($10.97 in chips)
Hero: posts small blind $0.05
273cb132: posts big blind $0.1
*** HOLE CARDS ***
Dealt to f53bc093 
Dealt to 6a9164f5 
Dealt to e131aaea 
Dealt to 7b20f2b5 
Dealt to Hero [3c Qs]
Dealt to 273cb132 
f53bc093: folds
6a9164f5: folds
e131aaea: folds
7b20f2b5: folds
Hero: folds
Uncalled bet ($0.05) returned to 273cb132
*** SHOWDOWN ***
273cb132 collected $0.1 from pot
*** SUMMARY ***
Total pot $0.1 | Rake $0 | Jackpot $0 | Bingo $0 | Fortune $0 | Tax $0
Seat 1: f53bc093 folded before Flop (didn't bet)
Seat 2: 6a9164f5 folded before Flop (didn't bet)
Seat 3: e131aaea folded before Flop (didn't bet)
Seat 4: 7b20f2b5 (button) folded before Flop (didn't bet)
Seat 5: Hero (small blind) folded before Flop
Seat 6: 273cb132 (big blind) collected ($0.1)


Poker Hand #HD1778130353: Hold'em No Limit ($0.05/$0.1) - 2024/05/18 18:58:13
Table 'NLHRed25' 6-max Seat #3 is the button
Seat 1: f53bc093 ($10 in chips)
Seat 2: 6a9164f5 ($25.27 in chips)
Seat 3: e131aaea ($6.52 in chips)
Seat 4: 7b20f2b5 ($12.89 in chips)
Seat 5: Hero ($10 in chips)
Seat 6: 273cb132 ($10.97 in chips)
7b20f2b5: posts small blind $0.05
Hero: posts big blind $0.1
*** HOLE CARDS ***
Dealt to f53bc093 
Dealt to 6a9164f5 
Dealt to e131aaea 
Dealt to 7b20f2b5 
Dealt to Hero [2s 3d]
Dealt to 273cb132 
273cb132: folds
f53bc093: folds
6a9164f5: folds
e131aaea: folds
7b20f2b5: folds
Uncalled bet ($0.05) returned to Hero
*** SHOWDOWN ***
Hero collected $0.1 from pot
*** SUMMARY ***
Total pot $0.1 | Rake $0 | Jackpot $0 | Bingo $0 | Fortune $0 | Tax $0
Seat 1: f53bc093 folded before Flop (didn't bet)
Seat 2: 6a9164f5 folded before Flop (didn't bet)
Seat 3: e131aaea (button) folded before Flop (didn't bet)
Seat 4: 7b20f2b5 (small blind) folded before Flop
Seat 5: Hero (big blind) collected ($0.1)
Seat 6: 273cb132 folded before Flop (didn't bet)


Poker Hand #HD1778130298: Hold'em No Limit ($0.05/$0.1) - 2024/05/18 18:57:50
Table 'NLHRed25' 6-max Seat #2 is the button
Seat 1: f53bc093 ($10 in chips)
Seat 2: 6a9164f5 ($25.27 in chips)
Seat 3: e131aaea ($6.57 in chips)
Seat 4: 7b20f2b5 ($12.99 in chips)
Seat 5: Hero ($10 in chips)
Seat 6: 273cb132 ($10.82 in chips)
e131aaea: posts small blind $0.05
7b20f2b5: posts big blind $0.1
*** HOLE CARDS ***
Dealt to f53bc093 
Dealt to 6a9164f5 
Dealt to e131aaea 
Dealt to 7b20f2b5 
Dealt to Hero [6d 8s]
Dealt to 273cb132 
Hero: folds
273cb132: raises $0.15 to $0.25
f53bc093: folds
6a9164f5: folds
e131aaea: folds
7b20f2b5: folds
Uncalled bet ($0.15) returned to 273cb132
*** SHOWDOWN ***
273cb132 collected $0.25 from pot
*** SUMMARY ***
Total pot $0.25 | Rake $0 | Jackpot $0 | Bingo $0 | Fortune $0 | Tax $0
Seat 1: f53bc093 folded before Flop (didn't bet)
Seat 2: 6a9164f5 (button) folded before Flop (didn't bet)
Seat 3: e131aaea (small blind) folded before Flop
Seat 4: 7b20f2b5 (big blind) folded before Flop
Seat 5: Hero folded before Flop (didn't bet)
Seat 6: 273cb132 collected ($0.25)


Poker Hand #HD1778130263: Hold'em No Limit ($0.05/$0.1) - 2024/05/18 18:57:33
Table 'NLHRed25' 6-max Seat #1 is the button
Seat 1: f53bc093 ($10 in chips)
Seat 2: 6a9164f5 ($25.32 in chips)
Seat 3: e131aaea ($6.34 in chips)
Seat 4: 7b20f2b5 ($12.99 in chips)
Seat 5: Hero ($10 in chips)
Seat 6: 273cb132 ($10.82 in chips)
6a9164f5: posts small blind $0.05
e131aaea: posts big blind $0.1
*** HOLE CARDS ***
Dealt to f53bc093 
Dealt to 6a9164f5 
Dealt to e131aaea 
Dealt to 7b20f2b5 
Dealt to Hero [9h Kh]
Dealt to 273cb132 
7b20f2b5: folds
Hero: raises $0.1 to $0.2
273cb132: folds
f53bc093: folds
6a9164f5: folds
e131aaea: raises $0.4 to $0.6
Hero: folds
Uncalled bet ($0.4) returned to e131aaea
*** SHOWDOWN ***
e131aaea collected $0.43 from pot
*** SUMMARY ***
Total pot $0.45 | Rake $0.02 | Jackpot $0 | Bingo $0 | Fortune $0 | Tax $0
Seat 1: f53bc093 (button) folded before Flop (didn't bet)
Seat 2: 6a9164f5 (small blind) folded before Flop
Seat 3: e131aaea (big blind) collected ($0.43)
Seat 4: 7b20f2b5 folded before Flop (didn't bet)
Seat 5: Hero folded before Flop
Seat 6: 273cb132 folded before Flop (didn't bet)


Poker Hand #HD1778130122: Hold'em No Limit ($0.05/$0.1) - 2024/05/18 18:56:23
Table 'NLHRed25' 6-max Seat #6 is the button
Seat 1: f53bc093 ($10 in chips)
Seat 2: 6a9164f5 ($16.41 in chips)
Seat 3: e131aaea ($6.34 in chips)
Seat 4: 7b20f2b5 ($12.99 in chips)
Seat 5: Hero ($10 in chips)
Seat 6: 273cb132 ($10.82 in chips)
f53bc093: posts small blind $0.05
6a9164f5: posts big blind $0.1
*** HOLE CARDS ***
Dealt to f53bc093 
Dealt to 6a9164f5 
Dealt to e131aaea 
Dealt to 7b20f2b5 
Dealt to Hero [Kd 2c]
Dealt to 273cb132 
e131aaea: folds
7b20f2b5: folds
Hero: folds
273cb132: folds
f53bc093: raises $0.2 to $0.3
6a9164f5: calls $0.2
*** FLOP *** [4c 8s Jd]
f53bc093: checks
6a9164f5: bets $0.24
f53bc093: calls $0.24
*** TURN *** [4c 8s Jd] [6d]
f53bc093: checks
6a9164f5: bets $0.44
f53bc093: calls $0.44
*** RIVER *** [4c 8s Jd 6d] [Jh]
f53bc093: checks
6a9164f5: bets $0.79
f53bc093: raises $3.54 to $4.33
6a9164f5: raises $11.1 to $15.43 and is all-in
f53bc093: calls $4.69 and is all-in
Uncalled bet ($6.41) returned to 6a9164f5
6a9164f5: shows [8c 8d] (Eights Full over Jacks)
f53bc093: shows [Jc Ts] (Three Jacks)
*** SHOWDOWN ***
6a9164f5 collected $18.91 from pot
*** SUMMARY ***
Total pot $20 | Rake $0.99 | Jackpot $0.1 | Bingo $0 | Fortune $0 | Tax $0
Board [4c 8s Jd 6d Jh]
Seat 1: f53bc093 (small blind) showed [Jc Ts] and lost with Three Jacks
Seat 2: 6a9164f5 (big blind) showed [8c 8d] and won ($18.91) with Eights Full over Jacks
Seat 3: e131aaea folded before Flop (didn't bet)
Seat 4: 7b20f2b5 folded before Flop (didn't bet)
Seat 5: Hero folded before Flop (didn't bet)
Seat 6: 273cb132 (button) folded before Flop (didn't bet)


Poker Hand #HD1778130084: Hold'em No Limit ($0.05/$0.1) - 2024/05/18 18:56:10
Table 'NLHRed25' 6-max Seat #5 is the button
Seat 1: f53bc093 ($10 in chips)
Seat 2: 6a9164f5 ($16.41 in chips)
Seat 3: e131aaea ($6.34 in chips)
Seat 4: 7b20f2b5 ($12.84 in chips)
Seat 5: Hero ($10 in chips)
Seat 6: 273cb132 ($10.87 in chips)
273cb132: posts small blind $0.05
f53bc093: posts big blind $0.1
*** HOLE CARDS ***
Dealt to f53bc093 
Dealt to 6a9164f5 
Dealt to e131aaea 
Dealt to 7b20f2b5 
Dealt to Hero [9s 4d]
Dealt to 273cb132 
6a9164f5: folds
e131aaea: folds
7b20f2b5: raises $0.2 to $0.3
Hero: folds
273cb132: folds
f53bc093: folds
Uncalled bet ($0.2) returned to 7b20f2b5
*** SHOWDOWN ***
7b20f2b5 collected $0.25 from pot
*** SUMMARY ***
Total pot $0.25 | Rake $0 | Jackpot $0 | Bingo $0 | Fortune $0 | Tax $0
Seat 1: f53bc093 (big blind) folded before Flop
Seat 2: 6a9164f5 folded before Flop (didn't bet)
Seat 3: e131aaea folded before Flop (didn't bet)
Seat 4: 7b20f2b5 collected ($0.25)
Seat 5: Hero (button) folded before Flop (didn't bet)
Seat 6: 273cb132 (small blind) folded before Flop


Poker Hand #HD1778130008: Hold'em No Limit ($0.05/$0.1) - 2024/05/18 18:55:34
Table 'NLHRed25' 6-max Seat #4 is the button
Seat 1: f53bc093 ($10 in chips)
Seat 2: 6a9164f5 ($16.41 in chips)
Seat 3: e131aaea ($6.34 in chips)
Seat 4: 7b20f2b5 ($12.84 in chips)
Seat 5: Hero ($10 in chips)
Seat 6: 273cb132 ($10.35 in chips)
Hero: posts small blind $0.05
273cb132: posts big blind $0.1
*** HOLE CARDS ***
Dealt to f53bc093 
Dealt to 6a9164f5 
Dealt to e131aaea 
Dealt to 7b20f2b5 
Dealt to Hero [Th Qc]
Dealt to 273cb132 
f53bc093: raises $0.2 to $0.3
6a9164f5: folds
e131aaea: folds
7b20f2b5: folds
Hero: folds
273cb132: calls $0.2
*** FLOP *** [5s 4s 3c]
273cb132: checks
f53bc093: checks
*** TURN *** [5s 4s 3c] [8d]
273cb132: bets $0.22
f53bc093: calls $0.22
*** RIVER *** [5s 4s 3c 8d] [6d]
273cb132: bets $2
f53bc093: folds
Uncalled bet ($2) returned to 273cb132
*** SHOWDOWN ***
273cb132 collected $1.04 from pot
*** SUMMARY ***
Total pot $1.09 | Rake $0.05 | Jackpot $0 | Bingo $0 | Fortune $0 | Tax $0
Board [5s 4s 3c 8d 6d]
Seat 1: f53bc093 folded on the River
Seat 2: 6a9164f5 folded before Flop (didn't bet)
Seat 3: e131aaea folded before Flop (didn't bet)
Seat 4: 7b20f2b5 (button) folded before Flop (didn't bet)
Seat 5: Hero (small blind) folded before Flop
Seat 6: 273cb132 (big blind) won ($1.04)


Poker Hand #HD1778129916: Hold'em No Limit ($0.05/$0.1) - 2024/05/18 18:54:45
Table 'NLHRed25' 6-max Seat #3 is the button
Seat 1: f53bc093 ($10 in chips)
Seat 2: 6a9164f5 ($16.41 in chips)
Seat 3: e131aaea ($6.34 in chips)
Seat 4: 7b20f2b5 ($12.89 in chips)
Seat 5: Hero ($10.37 in chips)
Seat 6: 273cb132 ($9.91 in chips)
7b20f2b5: posts small blind $0.05
Hero: posts big blind $0.1
*** HOLE CARDS ***
Dealt to f53bc093 
Dealt to 6a9164f5 
Dealt to e131aaea 
Dealt to 7b20f2b5 
Dealt to Hero [Ad Qc]
Dealt to 273cb132 
273cb132: raises $0.1 to $0.2
f53bc093: folds
6a9164f5: folds
e131aaea: folds
7b20f2b5: folds
Hero: calls $0.1
*** FLOP *** [Td Jc 5s]
Hero: checks
273cb132: bets $0.23
Hero: calls $0.23
*** TURN *** [Td Jc 5s] [2c]
Hero: checks
273cb132: bets $0.69
Hero: folds
Uncalled bet ($0.69) returned to 273cb132
*** SHOWDOWN ***
273cb132 collected $0.87 from pot
*** SUMMARY ***
Total pot $0.91 | Rake $0.04 | Jackpot $0 | Bingo $0 | Fortune $0 | Tax $0
Board [Td Jc 5s 2c]
Seat 1: f53bc093 folded before Flop (didn't bet)
Seat 2: 6a9164f5 folded before Flop (didn't bet)
Seat 3: e131aaea (button) folded before Flop (didn't bet)
Seat 4: 7b20f2b5 (small blind) folded before Flop
Seat 5: Hero (big blind) folded on the Turn
Seat 6: 273cb132 won ($0.87)


Poker Hand #HD1778129802: Hold'em No Limit ($0.05/$0.1) - 2024/05/18 18:53:50
Table 'NLHRed25' 6-max Seat #2 is the button
Seat 1: f53bc093 ($10.52 in chips)
Seat 2: 6a9164f5 ($16.41 in chips)
Seat 3: e131aaea ($6.39 in chips)
Seat 4: 7b20f2b5 ($12.99 in chips)
Seat 5: Hero ($10.37 in chips)
Seat 6: 273cb132 ($8.59 in chips)
e131aaea: posts small blind $0.05
7b20f2b5: posts big blind $0.1
*** HOLE CARDS ***
Dealt to f53bc093 
Dealt to 6a9164f5 
Dealt to e131aaea 
Dealt to 7b20f2b5 
Dealt to Hero [8h Ts]
Dealt to 273cb132 
Hero: folds
273cb132: raises $0.1 to $0.2
f53bc093: raises $0.55 to $0.75
6a9164f5: folds
e131aaea: folds
7b20f2b5: folds
273cb132: calls $0.55
*** FLOP *** [6d Th 6h]
273cb132: checks
f53bc093: bets $0.55
273cb132: calls $0.55
*** TURN *** [6d Th 6h] [Tc]
273cb132: bets $1.38
f53bc093: folds
Uncalled bet ($1.38) returned to 273cb132
*** SHOWDOWN ***
273cb132 collected $2.62 from pot
*** SUMMARY ***
Total pot $2.75 | Rake $0.13 | Jackpot $0 | Bingo $0 | Fortune $0 | Tax $0
Board [6d Th 6h Tc]
Seat 1: f53bc093 folded on the Turn
Seat 2: 6a9164f5 (button) folded before Flop (didn't bet)
Seat 3: e131aaea (small blind) folded before Flop
Seat 4: 7b20f2b5 (big blind) folded before Flop
Seat 5: Hero folded before Flop (didn't bet)
Seat 6: 273cb132 won ($2.62)


Poker Hand #HD1778129735: Hold'em No Limit ($0.05/$0.1) - 2024/05/18 18:53:24
Table 'NLHRed25' 6-max Seat #1 is the button
Seat 1: f53bc093 ($10 in chips)
Seat 2: 6a9164f5 ($16.46 in chips)
Seat 3: e131aaea ($6.49 in chips)
Seat 4: 7b20f2b5 ($12.99 in chips)
Seat 5: Hero ($10.57 in chips)
Seat 6: 273cb132 ($8.79 in chips)
6a9164f5: posts small blind $0.05
e131aaea: posts big blind $0.1
*** HOLE CARDS ***
Dealt to f53bc093 
Dealt to 6a9164f5 
Dealt to e131aaea 
Dealt to 7b20f2b5 
Dealt to Hero [Ts 9s]
Dealt to 273cb132 
7b20f2b5: folds
Hero: raises $0.1 to $0.2
273cb132: calls $0.2
f53bc093: raises $0.85 to $1.05
6a9164f5: folds
e131aaea: folds
Hero: folds
273cb132: folds
Uncalled bet ($0.85) returned to f53bc093
*** SHOWDOWN ***
f53bc093 collected $0.72 from pot
*** SUMMARY ***
Total pot $0.75 | Rake $0.03 | Jackpot $0 | Bingo $0 | Fortune $0 | Tax $0
Seat 1: f53bc093 (button) collected ($0.72)
Seat 2: 6a9164f5 (small blind) folded before Flop
Seat 3: e131aaea (big blind) folded before Flop
Seat 4: 7b20f2b5 folded before Flop (didn't bet)
Seat 5: Hero folded before Flop
Seat 6: 273cb132 folded before Flop


Poker Hand #HD1778129660: Hold'em No Limit ($0.05/$0.1) - 2024/05/18 18:52:47
Table 'NLHRed25' 6-max Seat #6 is the button
Seat 1: f53bc093 ($10.56 in chips)
Seat 2: 6a9164f5 ($16.56 in chips)
Seat 3: e131aaea ($6.49 in chips)
Seat 4: 7b20f2b5 ($12.99 in chips)
Seat 5: Hero ($10.57 in chips)
Seat 6: 273cb132 ($7.14 in chips)
f53bc093: posts small blind $0.05
6a9164f5: posts big blind $0.1
*** HOLE CARDS ***
Dealt to f53bc093 
Dealt to 6a9164f5 
Dealt to e131aaea 
Dealt to 7b20f2b5 
Dealt to Hero [7d Js]
Dealt to 273cb132 
e131aaea: folds
7b20f2b5: folds
Hero: folds
273cb132: raises $0.1 to $0.2
f53bc093: raises $0.5 to $0.7
6a9164f5: folds
273cb132: calls $0.5
*** FLOP *** [8s 9d 4h]
f53bc093: bets $1.13
273cb132: raises $1.88 to $3.01
f53bc093: folds
Uncalled bet ($1.88) returned to 273cb132
*** SHOWDOWN ***
273cb132 collected $3.48 from pot
*** SUMMARY ***
Total pot $3.76 | Rake $0.18 | Jackpot $0.1 | Bingo $0 | Fortune $0 | Tax $0
Board [8s 9d 4h]
Seat 1: f53bc093 (small blind) folded on the Flop
Seat 2: 6a9164f5 (big blind) folded before Flop
Seat 3: e131aaea folded before Flop (didn't bet)
Seat 4: 7b20f2b5 folded before Flop (didn't bet)
Seat 5: Hero folded before Flop (didn't bet)
Seat 6: 273cb132 (button) won ($3.48)


Poker Hand #HD1778129543: Hold'em No Limit ($0.05/$0.1) - 2024/05/18 18:51:51
Table 'NLHRed25' 6-max Seat #5 is the button
Seat 1: f53bc093 ($10.66 in chips)
Seat 2: 6a9164f5 ($16.56 in chips)
Seat 3: e131aaea ($7.94 in chips)
Seat 4: 7b20f2b5 ($12.99 in chips)
Seat 5: Hero ($10.57 in chips)
Seat 6: 273cb132 ($5.83 in chips)
273cb132: posts small blind $0.05
f53bc093: posts big blind $0.1
*** HOLE CARDS ***
Dealt to f53bc093 
Dealt to 6a9164f5 
Dealt to e131aaea 
Dealt to 7b20f2b5 
Dealt to Hero [8d Tc]
Dealt to 273cb132 
6a9164f5: folds
e131aaea: raises $0.15 to $0.25
7b20f2b5: folds
Hero: folds
273cb132: raises $0.45 to $0.7
f53bc093: folds
e131aaea: calls $0.45
*** FLOP *** [Ks 7h Qs]
273cb132: bets $0.75
e131aaea: calls $0.75
*** TURN *** [Ks 7h Qs] [Td]
273cb132: bets $4.38 and is all-in
e131aaea: folds
Uncalled bet ($4.38) returned to 273cb132
*** SHOWDOWN ***
273cb132 collected $2.76 from pot
*** SUMMARY ***
Total pot $3 | Rake $0.14 | Jackpot $0.1 | Bingo $0 | Fortune $0 | Tax $0
Board [Ks 7h Qs Td]
Seat 1: f53bc093 (big blind) folded before Flop
Seat 2: 6a9164f5 folded before Flop (didn't bet)
Seat 3: e131aaea folded on the Turn
Seat 4: 7b20f2b5 folded before Flop (didn't bet)
Seat 5: Hero (button) folded before Flop (didn't bet)
Seat 6: 273cb132 (small blind) won ($2.76)


Poker Hand #HD1778129460: Hold'em No Limit ($0.05/$0.1) - 2024/05/18 18:51:11
Table 'NLHRed25' 6-max Seat #4 is the button
Seat 1: f53bc093 ($10.66 in chips)
Seat 2: 6a9164f5 ($16.09 in chips)
Seat 3: e131aaea ($7.94 in chips)
Seat 4: 7b20f2b5 ($12.99 in chips)
Seat 5: Hero ($10.62 in chips)
Seat 6: 273cb132 ($6.3 in chips)
Hero: posts small blind $0.05
273cb132: posts big blind $0.1
*** HOLE CARDS ***
Dealt to f53bc093 
Dealt to 6a9164f5 
Dealt to e131aaea 
Dealt to 7b20f2b5 
Dealt to Hero [3c 2d]
Dealt to 273cb132 
f53bc093: folds
6a9164f5: raises $0.12 to $0.22
e131aaea: folds
7b20f2b5: folds
Hero: folds
273cb132: calls $0.12
*** FLOP *** [As Js Td]
273cb132: checks
6a9164f5: checks
*** TURN *** [As Js Td] [9c]
273cb132: bets $0.25
6a9164f5: calls $0.25
*** RIVER *** [As Js Td 9c] [Qh]
273cb132: checks
6a9164f5: checks
273cb132: shows [Ad 7c] (Pair of Aces)
6a9164f5: shows [9h 9s] (Three Nines)
*** SHOWDOWN ***
6a9164f5 collected $0.94 from pot
*** SUMMARY ***
Total pot $0.99 | Rake $0.05 | Jackpot $0 | Bingo $0 | Fortune $0 | Tax $0
Board [As Js Td 9c Qh]
Seat 1: f53bc093 folded before Flop (didn't bet)
Seat 2: 6a9164f5 showed [9h 9s] and won ($0.94) with Three Nines
Seat 3: e131aaea folded before Flop (didn't bet)
Seat 4: 7b20f2b5 (button) folded before Flop (didn't bet)
Seat 5: Hero (small blind) folded before Flop
Seat 6: 273cb132 (big blind) showed [Ad 7c] and lost with Pair of Aces


Poker Hand #HD1778129385: Hold'em No Limit ($0.05/$0.1) - 2024/05/18 18:50:31
Table 'NLHRed25' 6-max Seat #3 is the button
Seat 1: f53bc093 ($10.66 in chips)
Seat 2: 6a9164f5 ($16.09 in chips)
Seat 3: e131aaea ($8.14 in chips)
Seat 4: 7b20f2b5 ($13.04 in chips)
Seat 5: Hero ($10 in chips)
Seat 6: 273cb132 ($6.72 in chips)
7b20f2b5: posts small blind $0.05
Hero: posts big blind $0.1
*** HOLE CARDS ***
Dealt to f53bc093 
Dealt to 6a9164f5 
Dealt to e131aaea 
Dealt to 7b20f2b5 
Dealt to Hero [Qc Js]
Dealt to 273cb132 
273cb132: raises $0.1 to $0.2
f53bc093: folds
6a9164f5: folds
e131aaea: calls $0.2
7b20f2b5: folds
Hero: calls $0.1
*** FLOP *** [5c Qs 2d]
Hero: checks
273cb132: bets $0.22
e131aaea: folds
Hero: calls $0.22
*** TURN *** [5c Qs 2d] [Jd]
Hero: bets $0.36
273cb132: folds
Uncalled bet ($0.36) returned to Hero
*** SHOWDOWN ***
Hero collected $1.04 from pot
*** SUMMARY ***
Total pot $1.09 | Rake $0.05 | Jackpot $0 | Bingo $0 | Fortune $0 | Tax $0
Board [5c Qs 2d Jd]
Seat 1: f53bc093 folded before Flop (didn't bet)
Seat 2: 6a9164f5 folded before Flop (didn't bet)
Seat 3: e131aaea (button) folded on the Flop
Seat 4: 7b20f2b5 (small blind) folded before Flop
Seat 5: Hero (big blind) won ($1.04)
Seat 6: 273cb132 folded on the Turn


