Poker Hand #HD1773497162: Hold'em No Limit ($0.05/$0.1) - 2024/05/15 11:19:45
Table 'NLHRed9' 6-max Seat #2 is the button
Seat 2: 38d7566c ($10.63 in chips)
Seat 3: Hero ($10.1 in chips)
38d7566c: posts small blind $0.05
Hero: posts big blind $0.1
*** HOLE CARDS ***
Dealt to 38d7566c 
Dealt to Hero [7h Tc]
38d7566c: folds
Uncalled bet ($0.05) returned to Hero
*** SHOWDOWN ***
Hero collected $0.1 from pot
*** SUMMARY ***
Total pot $0.1 | Rake $0 | Jackpot $0 | Bingo $0 | Fortune $0 | Tax $0
Seat 2: 38d7566c (small blind) folded before Flop
Seat 3: Hero (big blind) collected ($0.1)


Poker Hand #HD1773497150: Hold'em No Limit ($0.05/$0.1) - 2024/05/15 11:19:36
Table 'NLHRed9' 6-max Seat #3 is the button
Seat 2: 38d7566c ($10.73 in chips)
Seat 3: Hero ($10 in chips)
Hero: posts small blind $0.05
38d7566c: posts big blind $0.1
*** HOLE CARDS ***
Dealt to 38d7566c 
Dealt to Hero [9s Ks]
Hero: raises $0.14 to $0.24
38d7566c: folds
Uncalled bet ($0.14) returned to Hero
*** SHOWDOWN ***
Hero collected $0.2 from pot
*** SUMMARY ***
Total pot $0.2 | Rake $0 | Jackpot $0 | Bingo $0 | Fortune $0 | Tax $0
Seat 2: 38d7566c (big blind) folded before Flop
Seat 3: Hero (small blind) collected ($0.2)


Poker Hand #HD1773497138: Hold'em No Limit ($0.05/$0.1) - 2024/05/15 11:19:24
Table 'NLHRed9' 6-max Seat #2 is the button
Seat 1: 6c9f318e ($11.83 in chips)
Seat 2: 38d7566c ($10.73 in chips)
Seat 3: Hero ($10 in chips)
Seat 4: 3f29c7e ($16.67 in chips)
Hero: posts small blind $0.05
3f29c7e: posts big blind $0.1
*** HOLE CARDS ***
Dealt to 6c9f318e 
Dealt to 38d7566c 
Dealt to Hero [3c Th]
Dealt to 3f29c7e 
6c9f318e: folds
38d7566c: folds
Hero: folds
Uncalled bet ($0.05) returned to 3f29c7e
*** SHOWDOWN ***
3f29c7e collected $0.1 from pot
*** SUMMARY ***
Total pot $0.1 | Rake $0 | Jackpot $0 | Bingo $0 | Fortune $0 | Tax $0
Seat 1: 6c9f318e folded before Flop (didn't bet)
Seat 2: 38d7566c (button) folded before Flop (didn't bet)
Seat 3: Hero (small blind) folded before Flop
Seat 4: 3f29c7e (big blind) collected ($0.1)


Poker Hand #HD1773497123: Hold'em No Limit ($0.05/$0.1) - 2024/05/15 11:19:11
Table 'NLHRed9' 6-max Seat #1 is the button
Seat 1: 6c9f318e ($11.68 in chips)
Seat 2: 38d7566c ($10.78 in chips)
Seat 3: Hero ($10 in chips)
Seat 4: 3f29c7e ($16.67 in chips)
Seat 5: 21da4586 ($13.83 in chips)
38d7566c: posts small blind $0.05
Hero: posts big blind $0.1
*** HOLE CARDS ***
Dealt to 6c9f318e 
Dealt to 38d7566c 
Dealt to Hero [2s Jh]
Dealt to 3f29c7e 
Dealt to 21da4586 
3f29c7e: folds
21da4586: folds
6c9f318e: raises $0.15 to $0.25
38d7566c: folds
Hero: folds
Uncalled bet ($0.15) returned to 6c9f318e
*** SHOWDOWN ***
6c9f318e collected $0.25 from pot
*** SUMMARY ***
Total pot $0.25 | Rake $0 | Jackpot $0 | Bingo $0 | Fortune $0 | Tax $0
Seat 1: 6c9f318e (button) collected ($0.25)
Seat 2: 38d7566c (small blind) folded before Flop
Seat 3: Hero (big blind) folded before Flop
Seat 4: 3f29c7e folded before Flop (didn't bet)
Seat 5: 21da4586 folded before Flop (didn't bet)


Poker Hand #HD1773497107: Hold'em No Limit ($0.05/$0.1) - 2024/05/15 11:18:56
Table 'NLHRed9' 6-max Seat #5 is the button
Seat 1: 6c9f318e ($11.73 in chips)
Seat 2: 38d7566c ($10.73 in chips)
Seat 3: Hero ($10 in chips)
Seat 4: 3f29c7e ($16.67 in chips)
Seat 5: 21da4586 ($13.83 in chips)
6c9f318e: posts small blind $0.05
38d7566c: posts big blind $0.1
*** HOLE CARDS ***
Dealt to 6c9f318e 
Dealt to 38d7566c 
Dealt to Hero [6d 4h]
Dealt to 3f29c7e 
Dealt to 21da4586 
Hero: folds
3f29c7e: folds
21da4586: folds
6c9f318e: folds
Uncalled bet ($0.05) returned to 38d7566c
*** SHOWDOWN ***
38d7566c collected $0.1 from pot
*** SUMMARY ***
Total pot $0.1 | Rake $0 | Jackpot $0 | Bingo $0 | Fortune $0 | Tax $0
Seat 1: 6c9f318e (small blind) folded before Flop
Seat 2: 38d7566c (big blind) collected ($0.1)
Seat 3: Hero folded before Flop (didn't bet)
Seat 4: 3f29c7e folded before Flop (didn't bet)
Seat 5: 21da4586 (button) folded before Flop (didn't bet)


Poker Hand #HD1773497091: Hold'em No Limit ($0.05/$0.1) - 2024/05/15 11:18:40
Table 'NLHRed9' 6-max Seat #4 is the button
Seat 1: 6c9f318e ($11.73 in chips)
Seat 2: 38d7566c ($10.73 in chips)
Seat 3: Hero ($10 in chips)
Seat 4: 3f29c7e ($16.52 in chips)
Seat 5: 21da4586 ($13.88 in chips)
Seat 6: a8db8ded ($10 in chips)
21da4586: posts small blind $0.05
a8db8ded: posts big blind $0.1
*** HOLE CARDS ***
Dealt to 6c9f318e 
Dealt to 38d7566c 
Dealt to Hero [3h 2h]
Dealt to 3f29c7e 
Dealt to 21da4586 
Dealt to a8db8ded 
6c9f318e: folds
38d7566c: folds
Hero: folds
3f29c7e: raises $0.14 to $0.24
21da4586: folds
a8db8ded: folds
Uncalled bet ($0.14) returned to 3f29c7e
*** SHOWDOWN ***
3f29c7e collected $0.25 from pot
*** SUMMARY ***
Total pot $0.25 | Rake $0 | Jackpot $0 | Bingo $0 | Fortune $0 | Tax $0
Seat 1: 6c9f318e folded before Flop (didn't bet)
Seat 2: 38d7566c folded before Flop (didn't bet)
Seat 3: Hero folded before Flop (didn't bet)
Seat 4: 3f29c7e (button) collected ($0.25)
Seat 5: 21da4586 (small blind) folded before Flop
Seat 6: a8db8ded (big blind) folded before Flop


Poker Hand #HD1773497074: Hold'em No Limit ($0.05/$0.1) - 2024/05/15 11:18:19
Table 'NLHRed9' 6-max Seat #3 is the button
Seat 1: 6c9f318e ($11.73 in chips)
Seat 2: 38d7566c ($10.73 in chips)
Seat 3: Hero ($10 in chips)
Seat 4: 3f29c7e ($16.57 in chips)
Seat 5: 21da4586 ($13.83 in chips)
Seat 6: 5952ae8f ($22.54 in chips)
3f29c7e: posts small blind $0.05
21da4586: posts big blind $0.1
*** HOLE CARDS ***
Dealt to 6c9f318e 
Dealt to 38d7566c 
Dealt to Hero [7d 9c]
Dealt to 3f29c7e 
Dealt to 21da4586 
Dealt to 5952ae8f 
5952ae8f: folds
6c9f318e: folds
38d7566c: folds
Hero: folds
3f29c7e: folds
Uncalled bet ($0.05) returned to 21da4586
*** SHOWDOWN ***
21da4586 collected $0.1 from pot
*** SUMMARY ***
Total pot $0.1 | Rake $0 | Jackpot $0 | Bingo $0 | Fortune $0 | Tax $0
Seat 1: 6c9f318e folded before Flop (didn't bet)
Seat 2: 38d7566c folded before Flop (didn't bet)
Seat 3: Hero (button) folded before Flop (didn't bet)
Seat 4: 3f29c7e (small blind) folded before Flop
Seat 5: 21da4586 (big blind) collected ($0.1)
Seat 6: 5952ae8f folded before Flop (didn't bet)


Poker Hand #HD1773497007: Hold'em No Limit ($0.05/$0.1) - 2024/05/15 11:17:11
Table 'NLHRed9' 6-max Seat #2 is the button
Seat 1: 6c9f318e ($11.73 in chips)
Seat 2: 38d7566c ($11.17 in chips)
Seat 3: Hero ($10.02 in chips)
Seat 4: 3f29c7e ($16.12 in chips)
Seat 5: 21da4586 ($13.83 in chips)
Hero: posts small blind $0.05
3f29c7e: posts big blind $0.1
*** HOLE CARDS ***
Dealt to 6c9f318e 
Dealt to 38d7566c 
Dealt to Hero [3s 3c]
Dealt to 3f29c7e 
Dealt to 21da4586 
21da4586: folds
6c9f318e: folds
38d7566c: raises $0.15 to $0.25
Hero: folds
3f29c7e: calls $0.15
*** FLOP *** [2d 6d 7h]
3f29c7e: checks
38d7566c: checks
*** TURN *** [2d 6d 7h] [Qc]
3f29c7e: bets $0.19
38d7566c: calls $0.19
*** RIVER *** [2d 6d 7h Qc] [5d]
3f29c7e: bets $0.67
38d7566c: folds
Uncalled bet ($0.67) returned to 3f29c7e
*** SHOWDOWN ***
3f29c7e collected $0.89 from pot
*** SUMMARY ***
Total pot $0.93 | Rake $0.04 | Jackpot $0 | Bingo $0 | Fortune $0 | Tax $0
Board [2d 6d 7h Qc 5d]
Seat 1: 6c9f318e folded before Flop (didn't bet)
Seat 2: 38d7566c (button) folded on the River
Seat 3: Hero (small blind) folded before Flop
Seat 4: 3f29c7e (big blind) won ($0.89)
Seat 5: 21da4586 folded before Flop (didn't bet)


Poker Hand #HD1773496964: Hold'em No Limit ($0.05/$0.1) - 2024/05/15 11:16:35
Table 'NLHRed9' 6-max Seat #1 is the button
Seat 1: 6c9f318e ($11.73 in chips)
Seat 2: 38d7566c ($11.07 in chips)
Seat 3: Hero ($10.12 in chips)
Seat 4: 3f29c7e ($16.12 in chips)
Seat 5: 21da4586 ($13.83 in chips)
Seat 6: 5952ae8f ($22.54 in chips)
38d7566c: posts small blind $0.05
Hero: posts big blind $0.1
*** HOLE CARDS ***
Dealt to 6c9f318e 
Dealt to 38d7566c 
Dealt to Hero [3h 9h]
Dealt to 3f29c7e 
Dealt to 21da4586 
Dealt to 5952ae8f 
3f29c7e: folds
21da4586: folds
5952ae8f: folds
6c9f318e: folds
38d7566c: raises $0.2 to $0.3
Hero: folds
Uncalled bet ($0.2) returned to 38d7566c
*** SHOWDOWN ***
38d7566c collected $0.2 from pot
*** SUMMARY ***
Total pot $0.2 | Rake $0 | Jackpot $0 | Bingo $0 | Fortune $0 | Tax $0
Seat 1: 6c9f318e (button) folded before Flop (didn't bet)
Seat 2: 38d7566c (small blind) collected ($0.2)
Seat 3: Hero (big blind) folded before Flop
Seat 4: 3f29c7e folded before Flop (didn't bet)
Seat 5: 21da4586 folded before Flop (didn't bet)
Seat 6: 5952ae8f folded before Flop (didn't bet)


Poker Hand #HD1773496936: Hold'em No Limit ($0.05/$0.1) - 2024/05/15 11:16:06
Table 'NLHRed9' 6-max Seat #6 is the button
Seat 1: 6c9f318e ($11.78 in chips)
Seat 2: 38d7566c ($11.17 in chips)
Seat 3: Hero ($10.12 in chips)
Seat 4: 3f29c7e ($16.12 in chips)
Seat 5: 21da4586 ($13.83 in chips)
Seat 6: 5952ae8f ($22.39 in chips)
6c9f318e: posts small blind $0.05
38d7566c: posts big blind $0.1
*** HOLE CARDS ***
Dealt to 6c9f318e 
Dealt to 38d7566c 
Dealt to Hero [Td 3s]
Dealt to 3f29c7e 
Dealt to 21da4586 
Dealt to 5952ae8f 
Hero: folds
3f29c7e: folds
21da4586: folds
5952ae8f: raises $0.2 to $0.3
6c9f318e: folds
38d7566c: folds
Uncalled bet ($0.2) returned to 5952ae8f
*** SHOWDOWN ***
5952ae8f collected $0.25 from pot
*** SUMMARY ***
Total pot $0.25 | Rake $0 | Jackpot $0 | Bingo $0 | Fortune $0 | Tax $0
Seat 1: 6c9f318e (small blind) folded before Flop
Seat 2: 38d7566c (big blind) folded before Flop
Seat 3: Hero folded before Flop (didn't bet)
Seat 4: 3f29c7e folded before Flop (didn't bet)
Seat 5: 21da4586 folded before Flop (didn't bet)
Seat 6: 5952ae8f (button) collected ($0.25)


Poker Hand #HD1773496893: Hold'em No Limit ($0.05/$0.1) - 2024/05/15 11:15:15
Table 'NLHRed9' 6-max Seat #5 is the button
Seat 1: 6c9f318e ($11.33 in chips)
Seat 2: 38d7566c ($11.17 in chips)
Seat 3: Hero ($10.12 in chips)
Seat 4: 3f29c7e ($16.36 in chips)
Seat 5: 21da4586 ($13.83 in chips)
Seat 6: 5952ae8f ($22.63 in chips)
5952ae8f: posts small blind $0.05
6c9f318e: posts big blind $0.1
*** HOLE CARDS ***
Dealt to 6c9f318e 
Dealt to 38d7566c 
Dealt to Hero [Kc 6s]
Dealt to 3f29c7e 
Dealt to 21da4586 
Dealt to 5952ae8f 
38d7566c: folds
Hero: folds
3f29c7e: raises $0.14 to $0.24
21da4586: folds
5952ae8f: calls $0.19
6c9f318e: calls $0.14
*** FLOP *** [8d 2s Td]
5952ae8f: checks
6c9f318e: checks
3f29c7e: checks
*** TURN *** [8d 2s Td] [Ts]
5952ae8f: checks
6c9f318e: bets $0.6
3f29c7e: folds
5952ae8f: folds
Uncalled bet ($0.6) returned to 6c9f318e
*** SHOWDOWN ***
6c9f318e collected $0.69 from pot
*** SUMMARY ***
Total pot $0.72 | Rake $0.03 | Jackpot $0 | Bingo $0 | Fortune $0 | Tax $0
Board [8d 2s Td Ts]
Seat 1: 6c9f318e (big blind) won ($0.69)
Seat 2: 38d7566c folded before Flop (didn't bet)
Seat 3: Hero folded before Flop (didn't bet)
Seat 4: 3f29c7e folded on the Turn
Seat 5: 21da4586 (button) folded before Flop (didn't bet)
Seat 6: 5952ae8f (small blind) folded on the Turn


Poker Hand #HD1773496857: Hold'em No Limit ($0.05/$0.1) - 2024/05/15 11:14:38
Table 'NLHRed9' 6-max Seat #4 is the button
Seat 1: 6c9f318e ($11.33 in chips)
Seat 2: 38d7566c ($11.37 in chips)
Seat 3: Hero ($10.12 in chips)
Seat 4: 3f29c7e ($16.36 in chips)
Seat 5: 21da4586 ($13.88 in chips)
Seat 6: 5952ae8f ($22.4 in chips)
21da4586: posts small blind $0.05
5952ae8f: posts big blind $0.1
*** HOLE CARDS ***
Dealt to 6c9f318e 
Dealt to 38d7566c 
Dealt to Hero [Qd Ts]
Dealt to 3f29c7e 
Dealt to 21da4586 
Dealt to 5952ae8f 
6c9f318e: folds
38d7566c: raises $0.1 to $0.2
Hero: folds
3f29c7e: folds
21da4586: folds
5952ae8f: raises $0.38 to $0.58
38d7566c: folds
Uncalled bet ($0.38) returned to 5952ae8f
*** SHOWDOWN ***
5952ae8f collected $0.43 from pot
*** SUMMARY ***
Total pot $0.45 | Rake $0.02 | Jackpot $0 | Bingo $0 | Fortune $0 | Tax $0
Seat 1: 6c9f318e folded before Flop (didn't bet)
Seat 2: 38d7566c folded before Flop
Seat 3: Hero folded before Flop (didn't bet)
Seat 4: 3f29c7e (button) folded before Flop (didn't bet)
Seat 5: 21da4586 (small blind) folded before Flop
Seat 6: 5952ae8f (big blind) collected ($0.43)


Poker Hand #HD1773496814: Hold'em No Limit ($0.05/$0.1) - 2024/05/15 11:13:58
Table 'NLHRed9' 6-max Seat #3 is the button
Seat 1: 6c9f318e ($11.33 in chips)
Seat 2: 38d7566c ($11.22 in chips)
Seat 3: Hero ($10.12 in chips)
Seat 4: 3f29c7e ($16.41 in chips)
Seat 5: 21da4586 ($13.98 in chips)
Seat 6: 5952ae8f ($22.4 in chips)
3f29c7e: posts small blind $0.05
21da4586: posts big blind $0.1
*** HOLE CARDS ***
Dealt to 6c9f318e 
Dealt to 38d7566c 
Dealt to Hero [8c 4s]
Dealt to 3f29c7e 
Dealt to 21da4586 
Dealt to 5952ae8f 
5952ae8f: folds
6c9f318e: folds
38d7566c: raises $0.15 to $0.25
Hero: folds
3f29c7e: folds
21da4586: folds
Uncalled bet ($0.15) returned to 38d7566c
*** SHOWDOWN ***
38d7566c collected $0.25 from pot
*** SUMMARY ***
Total pot $0.25 | Rake $0 | Jackpot $0 | Bingo $0 | Fortune $0 | Tax $0
Seat 1: 6c9f318e folded before Flop (didn't bet)
Seat 2: 38d7566c collected ($0.25)
Seat 3: Hero (button) folded before Flop (didn't bet)
Seat 4: 3f29c7e (small blind) folded before Flop
Seat 5: 21da4586 (big blind) folded before Flop
Seat 6: 5952ae8f folded before Flop (didn't bet)


Poker Hand #HD1773496754: Hold'em No Limit ($0.05/$0.1) - 2024/05/15 11:13:04
Table 'NLHRed9' 6-max Seat #2 is the button
Seat 1: 6c9f318e ($10.37 in chips)
Seat 2: 38d7566c ($11.22 in chips)
Seat 3: Hero ($10.17 in chips)
Seat 4: 3f29c7e ($16.51 in chips)
Seat 5: 21da4586 ($13.98 in chips)
Seat 6: 5952ae8f ($23.3 in chips)
Hero: posts small blind $0.05
3f29c7e: posts big blind $0.1
*** HOLE CARDS ***
Dealt to 6c9f318e 
Dealt to 38d7566c 
Dealt to Hero [9d Jd]
Dealt to 3f29c7e 
Dealt to 21da4586 
Dealt to 5952ae8f 
21da4586: folds
5952ae8f: raises $0.2 to $0.3
6c9f318e: raises $0.6 to $0.9
38d7566c: folds
Hero: folds
3f29c7e: folds
5952ae8f: calls $0.6
*** FLOP *** [Qd 6c Ad]
5952ae8f: checks
6c9f318e: bets $1.08
5952ae8f: folds
Uncalled bet ($1.08) returned to 6c9f318e
*** SHOWDOWN ***
6c9f318e collected $1.86 from pot
*** SUMMARY ***
Total pot $1.95 | Rake $0.09 | Jackpot $0 | Bingo $0 | Fortune $0 | Tax $0
Board [Qd 6c Ad]
Seat 1: 6c9f318e won ($1.86)
Seat 2: 38d7566c (button) folded before Flop (didn't bet)
Seat 3: Hero (small blind) folded before Flop
Seat 4: 3f29c7e (big blind) folded before Flop
Seat 5: 21da4586 folded before Flop (didn't bet)
Seat 6: 5952ae8f folded on the Flop


Poker Hand #HD1773496696: Hold'em No Limit ($0.05/$0.1) - 2024/05/15 11:12:05
Table 'NLHRed9' 6-max Seat #1 is the button
Seat 1: 6c9f318e ($10.37 in chips)
Seat 2: 38d7566c ($11.27 in chips)
Seat 3: Hero ($10.27 in chips)
Seat 4: 3f29c7e ($17.23 in chips)
Seat 5: 21da4586 ($10 in chips)
Seat 6: 5952ae8f ($26.91 in chips)
38d7566c: posts small blind $0.05
Hero: posts big blind $0.1
*** HOLE CARDS ***
Dealt to 6c9f318e 
Dealt to 38d7566c 
Dealt to Hero [5h Qd]
Dealt to 3f29c7e 
Dealt to 21da4586 
Dealt to 5952ae8f 
3f29c7e: raises $0.14 to $0.24
21da4586: raises $0.48 to $0.72
5952ae8f: calls $0.72
6c9f318e: folds
38d7566c: folds
Hero: folds
3f29c7e: calls $0.48
*** FLOP *** [As Ac Kd]
3f29c7e: checks
21da4586: checks
5952ae8f: bets $1.28
3f29c7e: folds
21da4586: calls $1.28
*** TURN *** [As Ac Kd] [3h]
21da4586: checks
5952ae8f: bets $1.61
21da4586: calls $1.61
*** RIVER *** [As Ac Kd 3h] [8h]
21da4586: checks
5952ae8f: checks
21da4586: shows [Jd Ad] (Three Aces)
5952ae8f: shows [9h 7c] (Pair of Aces)
*** SHOWDOWN ***
21da4586 collected $7.59 from pot
*** SUMMARY ***
Total pot $8.09 | Rake $0.4 | Jackpot $0.1 | Bingo $0 | Fortune $0 | Tax $0
Board [As Ac Kd 3h 8h]
Seat 1: 6c9f318e (button) folded before Flop (didn't bet)
Seat 2: 38d7566c (small blind) folded before Flop
Seat 3: Hero (big blind) folded before Flop
Seat 4: 3f29c7e folded on the Flop
Seat 5: 21da4586 showed [Jd Ad] and won ($7.59) with Three Aces
Seat 6: 5952ae8f showed [9h 7c] and lost with Pair of Aces


Poker Hand #HD1773496662: Hold'em No Limit ($0.05/$0.1) - 2024/05/15 11:11:34
Table 'NLHRed9' 6-max Seat #6 is the button
Seat 1: 6c9f318e ($10.42 in chips)
Seat 2: 38d7566c ($11.37 in chips)
Seat 3: Hero ($10.27 in chips)
Seat 4: 3f29c7e ($16.58 in chips)
Seat 5: 21da4586 ($10 in chips)
Seat 6: 5952ae8f ($27.47 in chips)
6c9f318e: posts small blind $0.05
38d7566c: posts big blind $0.1
*** HOLE CARDS ***
Dealt to 6c9f318e 
Dealt to 38d7566c 
Dealt to Hero [4d 4s]
Dealt to 3f29c7e 
Dealt to 21da4586 
Dealt to 5952ae8f 
Hero: folds
3f29c7e: raises $0.14 to $0.24
21da4586: folds
5952ae8f: calls $0.24
6c9f318e: folds
38d7566c: folds
*** FLOP *** [Ac 5c 2d]
3f29c7e: bets $0.32
5952ae8f: calls $0.32
*** TURN *** [Ac 5c 2d] [Kd]
3f29c7e: bets $0.92
5952ae8f: folds
Uncalled bet ($0.92) returned to 3f29c7e
*** SHOWDOWN ***
3f29c7e collected $1.21 from pot
*** SUMMARY ***
Total pot $1.27 | Rake $0.06 | Jackpot $0 | Bingo $0 | Fortune $0 | Tax $0
Board [Ac 5c 2d Kd]
Seat 1: 6c9f318e (small blind) folded before Flop
Seat 2: 38d7566c (big blind) folded before Flop
Seat 3: Hero folded before Flop (didn't bet)
Seat 4: 3f29c7e won ($1.21)
Seat 5: 21da4586 folded before Flop (didn't bet)
Seat 6: 5952ae8f (button) folded on the Turn


Poker Hand #HD1773496641: Hold'em No Limit ($0.05/$0.1) - 2024/05/15 11:11:10
Table 'NLHRed9' 6-max Seat #5 is the button
Seat 1: 6c9f318e ($10.52 in chips)
Seat 2: 38d7566c ($11.37 in chips)
Seat 3: Hero ($10.27 in chips)
Seat 4: 3f29c7e ($16.58 in chips)
Seat 5: 21da4586 ($10 in chips)
Seat 6: 5952ae8f ($27.37 in chips)
5952ae8f: posts small blind $0.05
6c9f318e: posts big blind $0.1
*** HOLE CARDS ***
Dealt to 6c9f318e 
Dealt to 38d7566c 
Dealt to Hero [Kh 9s]
Dealt to 3f29c7e 
Dealt to 21da4586 
Dealt to 5952ae8f 
38d7566c: folds
Hero: folds
3f29c7e: folds
21da4586: folds
5952ae8f: raises $0.2 to $0.3
6c9f318e: folds
Uncalled bet ($0.2) returned to 5952ae8f
*** SHOWDOWN ***
5952ae8f collected $0.2 from pot
*** SUMMARY ***
Total pot $0.2 | Rake $0 | Jackpot $0 | Bingo $0 | Fortune $0 | Tax $0
Seat 1: 6c9f318e (big blind) folded before Flop
Seat 2: 38d7566c folded before Flop (didn't bet)
Seat 3: Hero folded before Flop (didn't bet)
Seat 4: 3f29c7e folded before Flop (didn't bet)
Seat 5: 21da4586 (button) folded before Flop (didn't bet)
Seat 6: 5952ae8f (small blind) collected ($0.2)


Poker Hand #HD1773496591: Hold'em No Limit ($0.05/$0.1) - 2024/05/15 11:10:30
Table 'NLHRed9' 6-max Seat #4 is the button
Seat 1: 6c9f318e ($10.52 in chips)
Seat 2: 38d7566c ($11.37 in chips)
Seat 3: Hero ($11.19 in chips)
Seat 4: 3f29c7e ($16.58 in chips)
Seat 5: 21da4586 ($10 in chips)
Seat 6: 5952ae8f ($26.49 in chips)
21da4586: posts small blind $0.05
5952ae8f: posts big blind $0.1
*** HOLE CARDS ***
Dealt to 6c9f318e 
Dealt to 38d7566c 
Dealt to Hero [Td Tc]
Dealt to 3f29c7e 
Dealt to 21da4586 
Dealt to 5952ae8f 
6c9f318e: folds
38d7566c: folds
Hero: raises $0.14 to $0.24
3f29c7e: folds
21da4586: folds
5952ae8f: calls $0.14
*** FLOP *** [4h 3d 3s]
5952ae8f: bets $0.3
Hero: calls $0.3
*** TURN *** [4h 3d 3s] [Qh]
5952ae8f: checks
Hero: checks
*** RIVER *** [4h 3d 3s Qh] [Ah]
5952ae8f: bets $0.38
Hero: calls $0.38
5952ae8f: shows [5s Ad] (Pair of Aces and Pair of Treys)
Hero: shows [Td Tc] (Pair of Tens and Pair of Treys)
*** SHOWDOWN ***
5952ae8f collected $1.8 from pot
*** SUMMARY ***
Total pot $1.89 | Rake $0.09 | Jackpot $0 | Bingo $0 | Fortune $0 | Tax $0
Board [4h 3d 3s Qh Ah]
Seat 1: 6c9f318e folded before Flop (didn't bet)
Seat 2: 38d7566c folded before Flop (didn't bet)
Seat 3: Hero showed [Td Tc] and lost with Pair of Tens and Pair of Treys
Seat 4: 3f29c7e (button) folded before Flop (didn't bet)
Seat 5: 21da4586 (small blind) folded before Flop
Seat 6: 5952ae8f (big blind) showed [5s Ad] and won ($1.8) with Pair of Aces and Pair of Treys


Poker Hand #HD1773496538: Hold'em No Limit ($0.05/$0.1) - 2024/05/15 11:09:37
Table 'NLHRed9' 6-max Seat #3 is the button
Seat 1: 6c9f318e ($10.52 in chips)
Seat 2: 38d7566c ($11.37 in chips)
Seat 3: Hero ($10.1 in chips)
Seat 4: 3f29c7e ($16.63 in chips)
Seat 5: 21da4586 ($10 in chips)
Seat 6: 5952ae8f ($27.54 in chips)
3f29c7e: posts small blind $0.05
21da4586: posts big blind $0.1
*** HOLE CARDS ***
Dealt to 6c9f318e 
Dealt to 38d7566c 
Dealt to Hero [Kd Ks]
Dealt to 3f29c7e 
Dealt to 21da4586 
Dealt to 5952ae8f 
5952ae8f: raises $0.2 to $0.3
6c9f318e: folds
38d7566c: folds
Hero: raises $0.75 to $1.05
3f29c7e: folds
21da4586: folds
5952ae8f: calls $0.75
*** FLOP *** [4s 9c 9s]
5952ae8f: checks
Hero: bets $1.1
5952ae8f: folds
Uncalled bet ($1.1) returned to Hero
*** SHOWDOWN ***
Hero collected $2.14 from pot
*** SUMMARY ***
Total pot $2.25 | Rake $0.11 | Jackpot $0 | Bingo $0 | Fortune $0 | Tax $0
Board [4s 9c 9s]
Seat 1: 6c9f318e folded before Flop (didn't bet)
Seat 2: 38d7566c folded before Flop (didn't bet)
Seat 3: Hero (button) won ($2.14)
Seat 4: 3f29c7e (small blind) folded before Flop
Seat 5: 21da4586 (big blind) folded before Flop
Seat 6: 5952ae8f folded on the Flop


Poker Hand #HD1773496511: Hold'em No Limit ($0.05/$0.1) - 2024/05/15 11:09:16
Table 'NLHRed9' 6-max Seat #2 is the button
Seat 1: 6c9f318e ($10.52 in chips)
Seat 2: 38d7566c ($11.37 in chips)
Seat 3: Hero ($10 in chips)
Seat 4: 3f29c7e ($16.73 in chips)
Seat 5: 21da4586 ($10 in chips)
Seat 6: 5952ae8f ($27.54 in chips)
Hero: posts small blind $0.05
3f29c7e: posts big blind $0.1
*** HOLE CARDS ***
Dealt to 6c9f318e 
Dealt to 38d7566c 
Dealt to Hero [Ad 6c]
Dealt to 3f29c7e 
Dealt to 21da4586 
Dealt to 5952ae8f 
21da4586: folds
5952ae8f: folds
6c9f318e: folds
38d7566c: folds
Hero: raises $0.2 to $0.3
3f29c7e: folds
Uncalled bet ($0.2) returned to Hero
*** SHOWDOWN ***
Hero collected $0.2 from pot
*** SUMMARY ***
Total pot $0.2 | Rake $0 | Jackpot $0 | Bingo $0 | Fortune $0 | Tax $0
Seat 1: 6c9f318e folded before Flop (didn't bet)
Seat 2: 38d7566c (button) folded before Flop (didn't bet)
Seat 3: Hero (small blind) collected ($0.2)
Seat 4: 3f29c7e (big blind) folded before Flop
Seat 5: 21da4586 folded before Flop (didn't bet)
Seat 6: 5952ae8f folded before Flop (didn't bet)


Poker Hand #HD1773496460: Hold'em No Limit ($0.05/$0.1) - 2024/05/15 11:08:31
Table 'NLHRed9' 6-max Seat #1 is the button
Seat 1: 6c9f318e ($10.52 in chips)
Seat 2: 38d7566c ($11.42 in chips)
Seat 3: Hero ($10 in chips)
Seat 4: 3f29c7e ($16.37 in chips)
Seat 5: 21da4586 ($10 in chips)
Seat 6: 5952ae8f ($27.78 in chips)
38d7566c: posts small blind $0.05
Hero: posts big blind $0.1
*** HOLE CARDS ***
Dealt to 6c9f318e 
Dealt to 38d7566c 
Dealt to Hero [Ah 5c]
Dealt to 3f29c7e 
Dealt to 21da4586 
Dealt to 5952ae8f 
3f29c7e: raises $0.14 to $0.24
21da4586: folds
5952ae8f: calls $0.24
6c9f318e: folds
38d7566c: folds
Hero: folds
*** FLOP *** [Ks 2d Tc]
3f29c7e: bets $0.46
5952ae8f: folds
Uncalled bet ($0.46) returned to 3f29c7e
*** SHOWDOWN ***
3f29c7e collected $0.6 from pot
*** SUMMARY ***
Total pot $0.63 | Rake $0.03 | Jackpot $0 | Bingo $0 | Fortune $0 | Tax $0
Board [Ks 2d Tc]
Seat 1: 6c9f318e (button) folded before Flop (didn't bet)
Seat 2: 38d7566c (small blind) folded before Flop
Seat 3: Hero (big blind) folded before Flop
Seat 4: 3f29c7e won ($0.6)
Seat 5: 21da4586 folded before Flop (didn't bet)
Seat 6: 5952ae8f folded on the Flop


