Poker Hand #HD1755448825: Hold'em No Limit ($0.05/$0.1) - 2024/05/02 13:47:47
Table 'NLHRed43' 6-max Seat #4 is the button
Seat 1: Hero ($10.14 in chips)
Seat 4: ccd28eab ($10.24 in chips)
ccd28eab: posts small blind $0.05
Hero: posts big blind $0.1
*** HOLE CARDS ***
Dealt to Hero [As Ks]
Dealt to ccd28eab 
ccd28eab: folds
Uncalled bet ($0.05) returned to Hero
*** SHOWDOWN ***
Hero collected $0.1 from pot
*** SUMMARY ***
Total pot $0.1 | Rake $0 | Jackpot $0 | Bingo $0 | Fortune $0 | Tax $0
Seat 1: Hero (big blind) collected ($0.1)
Seat 4: ccd28eab (small blind) folded before Flop


Poker Hand #HD1755448795: Hold'em No Limit ($0.05/$0.1) - 2024/05/02 13:47:30
Table 'NLHRed43' 6-max Seat #1 is the button
Seat 1: Hero ($10.19 in chips)
Seat 4: ccd28eab ($10.19 in chips)
Hero: posts small blind $0.05
ccd28eab: posts big blind $0.1
*** HOLE CARDS ***
Dealt to Hero [6s Qd]
Dealt to ccd28eab 
Hero: folds
Uncalled bet ($0.05) returned to ccd28eab
*** SHOWDOWN ***
ccd28eab collected $0.1 from pot
*** SUMMARY ***
Total pot $0.1 | Rake $0 | Jackpot $0 | Bingo $0 | Fortune $0 | Tax $0
Seat 1: Hero (small blind) folded before Flop
Seat 4: ccd28eab (big blind) collected ($0.1)


Poker Hand #HD1755448773: Hold'em No Limit ($0.05/$0.1) - 2024/05/02 13:47:18
Table 'NLHRed43' 6-max Seat #5 is the button
Seat 1: Hero ($10.14 in chips)
Seat 5: 89e594a9 ($11.63 in chips)
89e594a9: posts small blind $0.05
Hero: posts big blind $0.1
*** HOLE CARDS ***
Dealt to Hero [5s 3s]
Dealt to 89e594a9 
89e594a9: folds
Uncalled bet ($0.05) returned to Hero
*** SHOWDOWN ***
Hero collected $0.1 from pot
*** SUMMARY ***
Total pot $0.1 | Rake $0 | Jackpot $0 | Bingo $0 | Fortune $0 | Tax $0
Seat 1: Hero (big blind) collected ($0.1)
Seat 5: 89e594a9 (small blind) folded before Flop


Poker Hand #HD1755448743: Hold'em No Limit ($0.05/$0.1) - 2024/05/02 13:46:59
Table 'NLHRed43' 6-max Seat #4 is the button
Seat 1: Hero ($10.09 in chips)
Seat 4: ccd28eab ($10.19 in chips)
Seat 5: 89e594a9 ($11.68 in chips)
89e594a9: posts small blind $0.05
Hero: posts big blind $0.1
*** HOLE CARDS ***
Dealt to Hero [3h Ks]
Dealt to ccd28eab 
Dealt to 89e594a9 
ccd28eab: folds
89e594a9: folds
Uncalled bet ($0.05) returned to Hero
*** SHOWDOWN ***
Hero collected $0.1 from pot
*** SUMMARY ***
Total pot $0.1 | Rake $0 | Jackpot $0 | Bingo $0 | Fortune $0 | Tax $0
Seat 1: Hero (big blind) collected ($0.1)
Seat 4: ccd28eab (button) folded before Flop (didn't bet)
Seat 5: 89e594a9 (small blind) folded before Flop


Poker Hand #HD1755448693: Hold'em No Limit ($0.05/$0.1) - 2024/05/02 13:46:28
Table 'NLHRed43' 6-max Seat #1 is the button
Seat 1: Hero ($10.09 in chips)
Seat 4: ccd28eab ($10.09 in chips)
Seat 5: 89e594a9 ($11.78 in chips)
ccd28eab: posts small blind $0.05
89e594a9: posts big blind $0.1
*** HOLE CARDS ***
Dealt to Hero [As 7c]
Dealt to ccd28eab 
Dealt to 89e594a9 
Hero: folds
ccd28eab: raises $0.2 to $0.3
89e594a9: folds
Uncalled bet ($0.2) returned to ccd28eab
*** SHOWDOWN ***
ccd28eab collected $0.2 from pot
*** SUMMARY ***
Total pot $0.2 | Rake $0 | Jackpot $0 | Bingo $0 | Fortune $0 | Tax $0
Seat 1: Hero (button) folded before Flop (didn't bet)
Seat 4: ccd28eab (small blind) collected ($0.2)
Seat 5: 89e594a9 (big blind) folded before Flop


Poker Hand #HD1755448565: Hold'em No Limit ($0.05/$0.1) - 2024/05/02 13:45:11
Table 'NLHRed43' 6-max Seat #6 is the button
Seat 1: Hero ($10.19 in chips)
Seat 4: ccd28eab ($10 in chips)
Seat 5: 89e594a9 ($11.78 in chips)
Seat 6: afd5c7a0 ($13.33 in chips)
Hero: posts small blind $0.05
ccd28eab: posts big blind $0.1
*** HOLE CARDS ***
Dealt to Hero [3h 3d]
Dealt to ccd28eab 
Dealt to 89e594a9 
Dealt to afd5c7a0 
89e594a9: folds
afd5c7a0: folds
Hero: calls $0.05
ccd28eab: checks
*** FLOP *** [8s Jd 7s]
Hero: checks
ccd28eab: checks
*** TURN *** [8s Jd 7s] [9s]
Hero: checks
ccd28eab: checks
*** RIVER *** [8s Jd 7s 9s] [Kc]
Hero: checks
ccd28eab: checks
Hero: shows [3h 3d] (Pair of Treys)
ccd28eab: shows [6d Tc] (Jacks-High Straight)
*** SHOWDOWN ***
ccd28eab collected $0.19 from pot
*** SUMMARY ***
Total pot $0.2 | Rake $0.01 | Jackpot $0 | Bingo $0 | Fortune $0 | Tax $0
Board [8s Jd 7s 9s Kc]
Seat 1: Hero (small blind) showed [3h 3d] and lost with Pair of Treys
Seat 4: ccd28eab (big blind) showed [6d Tc] and won ($0.19) with Jacks-High Straight
Seat 5: 89e594a9 folded before Flop (didn't bet)
Seat 6: afd5c7a0 (button) folded before Flop (didn't bet)


Poker Hand #HD1755448532: Hold'em No Limit ($0.05/$0.1) - 2024/05/02 13:44:55
Table 'NLHRed43' 6-max Seat #5 is the button
Seat 1: Hero ($10.29 in chips)
Seat 2: 9ff77d5e ($24.93 in chips)
Seat 5: 89e594a9 ($11.63 in chips)
Seat 6: afd5c7a0 ($13.38 in chips)
afd5c7a0: posts small blind $0.05
Hero: posts big blind $0.1
*** HOLE CARDS ***
Dealt to Hero [Js 2c]
Dealt to 9ff77d5e 
Dealt to 89e594a9 
Dealt to afd5c7a0 
9ff77d5e: folds
89e594a9: raises $0.15 to $0.25
afd5c7a0: folds
Hero: folds
Uncalled bet ($0.15) returned to 89e594a9
*** SHOWDOWN ***
89e594a9 collected $0.25 from pot
*** SUMMARY ***
Total pot $0.25 | Rake $0 | Jackpot $0 | Bingo $0 | Fortune $0 | Tax $0
Seat 1: Hero (big blind) folded before Flop
Seat 2: 9ff77d5e folded before Flop (didn't bet)
Seat 5: 89e594a9 (button) collected ($0.25)
Seat 6: afd5c7a0 (small blind) folded before Flop


Poker Hand #HD1755448465: Hold'em No Limit ($0.05/$0.1) - 2024/05/02 13:44:21
Table 'NLHRed43' 6-max Seat #2 is the button
Seat 1: Hero ($10.29 in chips)
Seat 2: 9ff77d5e ($24.93 in chips)
Seat 5: 89e594a9 ($11.68 in chips)
Seat 6: afd5c7a0 ($13.33 in chips)
89e594a9: posts small blind $0.05
afd5c7a0: posts big blind $0.1
*** HOLE CARDS ***
Dealt to Hero [Ts 7h]
Dealt to 9ff77d5e 
Dealt to 89e594a9 
Dealt to afd5c7a0 
Hero: folds
9ff77d5e: folds
89e594a9: folds
Uncalled bet ($0.05) returned to afd5c7a0
*** SHOWDOWN ***
afd5c7a0 collected $0.1 from pot
*** SUMMARY ***
Total pot $0.1 | Rake $0 | Jackpot $0 | Bingo $0 | Fortune $0 | Tax $0
Seat 1: Hero folded before Flop (didn't bet)
Seat 2: 9ff77d5e (button) folded before Flop (didn't bet)
Seat 5: 89e594a9 (small blind) folded before Flop
Seat 6: afd5c7a0 (big blind) collected ($0.1)


Poker Hand #HD1755448342: Hold'em No Limit ($0.05/$0.1) - 2024/05/02 13:43:19
Table 'NLHRed43' 6-max Seat #1 is the button
Seat 1: Hero ($10.59 in chips)
Seat 2: 9ff77d5e ($24.98 in chips)
Seat 5: 89e594a9 ($11.36 in chips)
Seat 6: afd5c7a0 ($13.33 in chips)
9ff77d5e: posts small blind $0.05
89e594a9: posts big blind $0.1
*** HOLE CARDS ***
Dealt to Hero [Js Ts]
Dealt to 9ff77d5e 
Dealt to 89e594a9 
Dealt to afd5c7a0 
afd5c7a0: folds
Hero: raises $0.2 to $0.3
9ff77d5e: folds
89e594a9: calls $0.2
*** FLOP *** [8h 6s 3h]
89e594a9: bets $0.3
Hero: folds
Uncalled bet ($0.3) returned to 89e594a9
*** SHOWDOWN ***
89e594a9 collected $0.62 from pot
*** SUMMARY ***
Total pot $0.65 | Rake $0.03 | Jackpot $0 | Bingo $0 | Fortune $0 | Tax $0
Board [8h 6s 3h]
Seat 1: Hero (button) folded on the Flop
Seat 2: 9ff77d5e (small blind) folded before Flop
Seat 5: 89e594a9 (big blind) won ($0.62)
Seat 6: afd5c7a0 folded before Flop (didn't bet)


Poker Hand #HD1755448237: Hold'em No Limit ($0.05/$0.1) - 2024/05/02 13:42:24
Table 'NLHRed43' 6-max Seat #6 is the button
Seat 1: Hero ($10.27 in chips)
Seat 2: 9ff77d5e ($25.08 in chips)
Seat 4: d8780a6f ($11.2 in chips)
Seat 5: 89e594a9 ($11.36 in chips)
Seat 6: afd5c7a0 ($13.58 in chips)
Hero: posts small blind $0.05
9ff77d5e: posts big blind $0.1
*** HOLE CARDS ***
Dealt to Hero [Qh Jc]
Dealt to 9ff77d5e 
Dealt to d8780a6f 
Dealt to 89e594a9 
Dealt to afd5c7a0 
d8780a6f: folds
89e594a9: folds
afd5c7a0: raises $0.15 to $0.25
Hero: raises $0.65 to $0.9
9ff77d5e: folds
afd5c7a0: folds
Uncalled bet ($0.65) returned to Hero
*** SHOWDOWN ***
Hero collected $0.57 from pot
*** SUMMARY ***
Total pot $0.6 | Rake $0.03 | Jackpot $0 | Bingo $0 | Fortune $0 | Tax $0
Seat 1: Hero (small blind) collected ($0.57)
Seat 2: 9ff77d5e (big blind) folded before Flop
Seat 4: d8780a6f folded before Flop (didn't bet)
Seat 5: 89e594a9 folded before Flop (didn't bet)
Seat 6: afd5c7a0 (button) folded before Flop


Poker Hand #HD1755448166: Hold'em No Limit ($0.05/$0.1) - 2024/05/02 13:41:42
Table 'NLHRed43' 6-max Seat #5 is the button
Seat 1: Hero ($10 in chips)
Seat 2: 9ff77d5e ($25.08 in chips)
Seat 4: d8780a6f ($11.2 in chips)
Seat 5: 89e594a9 ($11.36 in chips)
Seat 6: afd5c7a0 ($13.88 in chips)
afd5c7a0: posts small blind $0.05
Hero: posts big blind $0.1
*** HOLE CARDS ***
Dealt to Hero [9h Th]
Dealt to 9ff77d5e 
Dealt to d8780a6f 
Dealt to 89e594a9 
Dealt to afd5c7a0 
9ff77d5e: folds
d8780a6f: folds
89e594a9: folds
afd5c7a0: raises $0.2 to $0.3
Hero: calls $0.2
*** FLOP *** [8d 8c 2s]
afd5c7a0: checks
Hero: checks
*** TURN *** [8d 8c 2s] [Ts]
afd5c7a0: checks
Hero: bets $0.3
afd5c7a0: folds
Uncalled bet ($0.3) returned to Hero
*** SHOWDOWN ***
Hero collected $0.57 from pot
*** SUMMARY ***
Total pot $0.6 | Rake $0.03 | Jackpot $0 | Bingo $0 | Fortune $0 | Tax $0
Board [8d 8c 2s Ts]
Seat 1: Hero (big blind) won ($0.57)
Seat 2: 9ff77d5e folded before Flop (didn't bet)
Seat 4: d8780a6f folded before Flop (didn't bet)
Seat 5: 89e594a9 (button) folded before Flop (didn't bet)
Seat 6: afd5c7a0 (small blind) folded on the Turn


Poker Hand #HD1755448118: Hold'em No Limit ($0.05/$0.1) - 2024/05/02 13:41:19
Table 'NLHRed43' 6-max Seat #4 is the button
Seat 1: Hero ($10 in chips)
Seat 2: 9ff77d5e ($25.08 in chips)
Seat 4: d8780a6f ($11.2 in chips)
Seat 5: 89e594a9 ($11.41 in chips)
Seat 6: afd5c7a0 ($13.83 in chips)
89e594a9: posts small blind $0.05
afd5c7a0: posts big blind $0.1
*** HOLE CARDS ***
Dealt to Hero [8c Jd]
Dealt to 9ff77d5e 
Dealt to d8780a6f 
Dealt to 89e594a9 
Dealt to afd5c7a0 
Hero: folds
9ff77d5e: folds
d8780a6f: folds
89e594a9: folds
Uncalled bet ($0.05) returned to afd5c7a0
*** SHOWDOWN ***
afd5c7a0 collected $0.1 from pot
*** SUMMARY ***
Total pot $0.1 | Rake $0 | Jackpot $0 | Bingo $0 | Fortune $0 | Tax $0
Seat 1: Hero folded before Flop (didn't bet)
Seat 2: 9ff77d5e folded before Flop (didn't bet)
Seat 4: d8780a6f (button) folded before Flop (didn't bet)
Seat 5: 89e594a9 (small blind) folded before Flop
Seat 6: afd5c7a0 (big blind) collected ($0.1)


Poker Hand #HD1755448072: Hold'em No Limit ($0.05/$0.1) - 2024/05/02 13:40:54
Table 'NLHRed43' 6-max Seat #2 is the button
Seat 1: Hero ($10 in chips)
Seat 2: 9ff77d5e ($25.08 in chips)
Seat 4: d8780a6f ($11.1 in chips)
Seat 5: 89e594a9 ($11.51 in chips)
Seat 6: afd5c7a0 ($13.83 in chips)
d8780a6f: posts small blind $0.05
89e594a9: posts big blind $0.1
*** HOLE CARDS ***
Dealt to Hero [7c 4c]
Dealt to 9ff77d5e 
Dealt to d8780a6f 
Dealt to 89e594a9 
Dealt to afd5c7a0 
afd5c7a0: folds
Hero: folds
9ff77d5e: folds
d8780a6f: raises $0.2 to $0.3
89e594a9: folds
Uncalled bet ($0.2) returned to d8780a6f
*** SHOWDOWN ***
d8780a6f collected $0.2 from pot
*** SUMMARY ***
Total pot $0.2 | Rake $0 | Jackpot $0 | Bingo $0 | Fortune $0 | Tax $0
Seat 1: Hero folded before Flop (didn't bet)
Seat 2: 9ff77d5e (button) folded before Flop (didn't bet)
Seat 4: d8780a6f (small blind) collected ($0.2)
Seat 5: 89e594a9 (big blind) folded before Flop
Seat 6: afd5c7a0 folded before Flop (didn't bet)


Poker Hand #HD1755447980: Hold'em No Limit ($0.05/$0.1) - 2024/05/02 13:40:10
Table 'NLHRed43' 6-max Seat #1 is the button
Seat 1: Hero ($10 in chips)
Seat 2: 9ff77d5e ($25.13 in chips)
Seat 4: d8780a6f ($10 in chips)
Seat 5: 89e594a9 ($11.51 in chips)
Seat 6: afd5c7a0 ($14.08 in chips)
9ff77d5e: posts small blind $0.05
d8780a6f: posts big blind $0.1
*** HOLE CARDS ***
Dealt to Hero [Kd Qc]
Dealt to 9ff77d5e 
Dealt to d8780a6f 
Dealt to 89e594a9 
Dealt to afd5c7a0 
89e594a9: folds
afd5c7a0: raises $0.15 to $0.25
Hero: raises $0.65 to $0.9
9ff77d5e: folds
d8780a6f: raises $1.6 to $2.5
afd5c7a0: folds
Hero: folds
Uncalled bet ($1.6) returned to d8780a6f
*** SHOWDOWN ***
d8780a6f collected $2 from pot
*** SUMMARY ***
Total pot $2.1 | Rake $0.1 | Jackpot $0 | Bingo $0 | Fortune $0 | Tax $0
Seat 1: Hero (button) folded before Flop
Seat 2: 9ff77d5e (small blind) folded before Flop
Seat 4: d8780a6f (big blind) collected ($2)
Seat 5: 89e594a9 folded before Flop (didn't bet)
Seat 6: afd5c7a0 folded before Flop


Poker Hand #HD1755447929: Hold'em No Limit ($0.05/$0.1) - 2024/05/02 13:39:49
Table 'NLHRed43' 6-max Seat #6 is the button
Seat 1: Hero ($10 in chips)
Seat 2: 9ff77d5e ($25.23 in chips)
Seat 3: 72c147e0 ($10 in chips)
Seat 5: 89e594a9 ($11.36 in chips)
Seat 6: afd5c7a0 ($14.08 in chips)
Hero: posts small blind $0.05
9ff77d5e: posts big blind $0.1
*** HOLE CARDS ***
Dealt to Hero [7s Ad]
Dealt to 9ff77d5e 
Dealt to 72c147e0 
Dealt to 89e594a9 
Dealt to afd5c7a0 
72c147e0: folds
89e594a9: raises $0.15 to $0.25
afd5c7a0: folds
Hero: folds
9ff77d5e: folds
Uncalled bet ($0.15) returned to 89e594a9
*** SHOWDOWN ***
89e594a9 collected $0.25 from pot
*** SUMMARY ***
Total pot $0.25 | Rake $0 | Jackpot $0 | Bingo $0 | Fortune $0 | Tax $0
Seat 1: Hero (small blind) folded before Flop
Seat 2: 9ff77d5e (big blind) folded before Flop
Seat 3: 72c147e0 folded before Flop (didn't bet)
Seat 5: 89e594a9 collected ($0.25)
Seat 6: afd5c7a0 (button) folded before Flop (didn't bet)


Poker Hand #HD1755447845: Hold'em No Limit ($0.05/$0.1) - 2024/05/02 13:39:02
Table 'NLHRed43' 6-max Seat #5 is the button
Seat 1: Hero ($10 in chips)
Seat 3: 72c147e0 ($10 in chips)
Seat 5: 89e594a9 ($11.08 in chips)
Seat 6: afd5c7a0 ($14.13 in chips)
afd5c7a0: posts small blind $0.05
Hero: posts big blind $0.1
*** HOLE CARDS ***
Dealt to Hero [8c 9h]
Dealt to 72c147e0 
Dealt to 89e594a9 
Dealt to afd5c7a0 
72c147e0: folds
89e594a9: raises $0.15 to $0.25
afd5c7a0: folds
Hero: calls $0.15
*** FLOP *** [2d 5d 4d]
Hero: checks
89e594a9: checks
*** TURN *** [2d 5d 4d] [Ah]
Hero: checks
89e594a9: bets $0.25
Hero: folds
Uncalled bet ($0.25) returned to 89e594a9
*** SHOWDOWN ***
89e594a9 collected $0.53 from pot
*** SUMMARY ***
Total pot $0.55 | Rake $0.02 | Jackpot $0 | Bingo $0 | Fortune $0 | Tax $0
Board [2d 5d 4d Ah]
Seat 1: Hero (big blind) folded on the Turn
Seat 3: 72c147e0 folded before Flop (didn't bet)
Seat 5: 89e594a9 (button) won ($0.53)
Seat 6: afd5c7a0 (small blind) folded before Flop


