Poker Hand #HD1860611017: Hold'em No Limit ($0.05/$0.1) - 2024/07/17 12:39:56
Table 'NLHRed43' 6-max Seat #6 is the button
Seat 1: 99c4c959 ($10 in chips)
Seat 2: fe62529e ($10.24 in chips)
Seat 3: 3907de28 ($22.51 in chips)
Seat 4: Hero ($10.51 in chips)
Seat 5: 5e1b5ec6 ($11.3 in chips)
Seat 6: a48ceac2 ($27.18 in chips)
99c4c959: posts small blind $0.05
fe62529e: posts big blind $0.1
*** HOLE CARDS ***
Dealt to 99c4c959 
Dealt to fe62529e 
Dealt to 3907de28 
Dealt to Hero [4s Qs]
Dealt to 5e1b5ec6 
Dealt to a48ceac2 
3907de28: folds
Hero: folds
5e1b5ec6: raises $0.1 to $0.2
a48ceac2: folds
99c4c959: raises $0.8 to $1
fe62529e: folds
5e1b5ec6: calls $0.8
*** FLOP *** [Jc 8h 2c]
99c4c959: bets $1.39
5e1b5ec6: calls $1.39
*** TURN *** [Jc 8h 2c] [Qd]
99c4c959: checks
5e1b5ec6: bets $2.84
99c4c959: calls $2.84
*** RIVER *** [Jc 8h 2c Qd] [7c]
99c4c959: checks
5e1b5ec6: checks
99c4c959: shows [Kd Jd] (Pair of Jacks)
5e1b5ec6: shows [As Qc] (Pair of Queens)
*** SHOWDOWN ***
5e1b5ec6 collected $9.94 from pot
*** SUMMARY ***
Total pot $10.56 | Rake $0.52 | Jackpot $0.1 | Bingo $0 | Fortune $0 | Tax $0
Board [Jc 8h 2c Qd 7c]
Seat 1: 99c4c959 (small blind) showed [Kd Jd] and lost with Pair of Jacks
Seat 2: fe62529e (big blind) folded before Flop
Seat 3: 3907de28 folded before Flop (didn't bet)
Seat 4: Hero folded before Flop (didn't bet)
Seat 5: 5e1b5ec6 showed [As Qc] and won ($9.94) with Pair of Queens
Seat 6: a48ceac2 (button) folded before Flop (didn't bet)


Poker Hand #HD1860610994: Hold'em No Limit ($0.05/$0.1) - 2024/07/17 12:39:42
Table 'NLHRed43' 6-max Seat #5 is the button
Seat 1: 99c4c959 ($10 in chips)
Seat 2: fe62529e ($10.24 in chips)
Seat 3: 3907de28 ($22.36 in chips)
Seat 4: Hero ($10.51 in chips)
Seat 5: 5e1b5ec6 ($11.3 in chips)
Seat 6: a48ceac2 ($27.23 in chips)
a48ceac2: posts small blind $0.05
99c4c959: posts big blind $0.1
*** HOLE CARDS ***
Dealt to 99c4c959 
Dealt to fe62529e 
Dealt to 3907de28 
Dealt to Hero [4h Kc]
Dealt to 5e1b5ec6 
Dealt to a48ceac2 
fe62529e: folds
3907de28: raises $0.2 to $0.3
Hero: folds
5e1b5ec6: folds
a48ceac2: folds
99c4c959: folds
Uncalled bet ($0.2) returned to 3907de28
*** SHOWDOWN ***
3907de28 collected $0.25 from pot
*** SUMMARY ***
Total pot $0.25 | Rake $0 | Jackpot $0 | Bingo $0 | Fortune $0 | Tax $0
Seat 1: 99c4c959 (big blind) folded before Flop
Seat 2: fe62529e folded before Flop (didn't bet)
Seat 3: 3907de28 collected ($0.25)
Seat 4: Hero folded before Flop (didn't bet)
Seat 5: 5e1b5ec6 (button) folded before Flop (didn't bet)
Seat 6: a48ceac2 (small blind) folded before Flop


Poker Hand #HD1860610906: Hold'em No Limit ($0.05/$0.1) - 2024/07/17 12:38:52
Table 'NLHRed43' 6-max Seat #4 is the button
Seat 2: fe62529e ($10.24 in chips)
Seat 3: 3907de28 ($22.61 in chips)
Seat 4: Hero ($10 in chips)
Seat 5: 5e1b5ec6 ($11.35 in chips)
Seat 6: a48ceac2 ($27.48 in chips)
5e1b5ec6: posts small blind $0.05
a48ceac2: posts big blind $0.1
*** HOLE CARDS ***
Dealt to fe62529e 
Dealt to 3907de28 
Dealt to Hero [Jc Tc]
Dealt to 5e1b5ec6 
Dealt to a48ceac2 
fe62529e: folds
3907de28: raises $0.15 to $0.25
Hero: calls $0.25
5e1b5ec6: folds
a48ceac2: calls $0.15
*** FLOP *** [6d Qc Ts]
a48ceac2: checks
3907de28: checks
Hero: checks
*** TURN *** [6d Qc Ts] [4s]
a48ceac2: checks
3907de28: checks
Hero: bets $0.27
a48ceac2: folds
3907de28: folds
Uncalled bet ($0.27) returned to Hero
*** SHOWDOWN ***
Hero collected $0.76 from pot
*** SUMMARY ***
Total pot $0.8 | Rake $0.04 | Jackpot $0 | Bingo $0 | Fortune $0 | Tax $0
Board [6d Qc Ts 4s]
Seat 2: fe62529e folded before Flop (didn't bet)
Seat 3: 3907de28 folded on the Turn
Seat 4: Hero (button) won ($0.76)
Seat 5: 5e1b5ec6 (small blind) folded before Flop
Seat 6: a48ceac2 (big blind) folded on the Turn


Poker Hand #HD1860610857: Hold'em No Limit ($0.05/$0.1) - 2024/07/17 12:38:25
Table 'NLHRed43' 6-max Seat #3 is the button
Seat 2: fe62529e ($10 in chips)
Seat 3: 3907de28 ($22.61 in chips)
Seat 4: Hero ($10 in chips)
Seat 5: 5e1b5ec6 ($11.45 in chips)
Seat 6: a48ceac2 ($27.58 in chips)
Hero: posts small blind $0.05
5e1b5ec6: posts big blind $0.1
*** HOLE CARDS ***
Dealt to fe62529e 
Dealt to 3907de28 
Dealt to Hero [Qs 3s]
Dealt to 5e1b5ec6 
Dealt to a48ceac2 
a48ceac2: calls $0.1
fe62529e: raises $0.3 to $0.4
3907de28: folds
Hero: folds
5e1b5ec6: folds
a48ceac2: folds
Uncalled bet ($0.3) returned to fe62529e
*** SHOWDOWN ***
fe62529e collected $0.34 from pot
*** SUMMARY ***
Total pot $0.35 | Rake $0.01 | Jackpot $0 | Bingo $0 | Fortune $0 | Tax $0
Seat 2: fe62529e collected ($0.34)
Seat 3: 3907de28 (button) folded before Flop (didn't bet)
Seat 4: Hero (small blind) folded before Flop
Seat 5: 5e1b5ec6 (big blind) folded before Flop
Seat 6: a48ceac2 folded before Flop


Poker Hand #HD1860610814: Hold'em No Limit ($0.05/$0.1) - 2024/07/17 12:38:01
Table 'NLHRed43' 6-max Seat #2 is the button
Seat 1: f9907224 ($24.89 in chips)
Seat 2: fe62529e ($10 in chips)
Seat 3: 3907de28 ($22.66 in chips)
Seat 4: Hero ($10 in chips)
Seat 5: 5e1b5ec6 ($11.3 in chips)
Seat 6: a48ceac2 ($27.58 in chips)
3907de28: posts small blind $0.05
Hero: posts big blind $0.1
*** HOLE CARDS ***
Dealt to f9907224 
Dealt to fe62529e 
Dealt to 3907de28 
Dealt to Hero [2h 5h]
Dealt to 5e1b5ec6 
Dealt to a48ceac2 
5e1b5ec6: raises $0.1 to $0.2
a48ceac2: folds
f9907224: folds
fe62529e: folds
3907de28: folds
Hero: folds
Uncalled bet ($0.1) returned to 5e1b5ec6
*** SHOWDOWN ***
5e1b5ec6 collected $0.25 from pot
*** SUMMARY ***
Total pot $0.25 | Rake $0 | Jackpot $0 | Bingo $0 | Fortune $0 | Tax $0
Seat 1: f9907224 folded before Flop (didn't bet)
Seat 2: fe62529e (button) folded before Flop (didn't bet)
Seat 3: 3907de28 (small blind) folded before Flop
Seat 4: Hero (big blind) folded before Flop
Seat 5: 5e1b5ec6 collected ($0.25)
Seat 6: a48ceac2 folded before Flop (didn't bet)


Poker Hand #HD1860610784: Hold'em No Limit ($0.05/$0.1) - 2024/07/17 12:37:44
Table 'NLHRed43' 6-max Seat #1 is the button
Seat 1: f9907224 ($24.89 in chips)
Seat 2: fe62529e ($10 in chips)
Seat 3: 3907de28 ($22.76 in chips)
Seat 4: Hero ($10 in chips)
Seat 5: 5e1b5ec6 ($10.97 in chips)
Seat 6: a48ceac2 ($27.58 in chips)
fe62529e: posts small blind $0.05
3907de28: posts big blind $0.1
*** HOLE CARDS ***
Dealt to f9907224 
Dealt to fe62529e 
Dealt to 3907de28 
Dealt to Hero [Ac Jh]
Dealt to 5e1b5ec6 
Dealt to a48ceac2 
Hero: raises $0.1 to $0.2
5e1b5ec6: raises $0.4 to $0.6
a48ceac2: folds
f9907224: folds
fe62529e: folds
3907de28: folds
Hero: folds
Uncalled bet ($0.4) returned to 5e1b5ec6
*** SHOWDOWN ***
5e1b5ec6 collected $0.53 from pot
*** SUMMARY ***
Total pot $0.55 | Rake $0.02 | Jackpot $0 | Bingo $0 | Fortune $0 | Tax $0
Seat 1: f9907224 (button) folded before Flop (didn't bet)
Seat 2: fe62529e (small blind) folded before Flop
Seat 3: 3907de28 (big blind) folded before Flop
Seat 4: Hero folded before Flop
Seat 5: 5e1b5ec6 collected ($0.53)
Seat 6: a48ceac2 folded before Flop (didn't bet)


Poker Hand #HD1860610662: Hold'em No Limit ($0.05/$0.1) - 2024/07/17 12:36:38
Table 'NLHRed43' 6-max Seat #6 is the button
Seat 1: f9907224 ($15.52 in chips)
Seat 2: fe62529e ($10.27 in chips)
Seat 3: 3907de28 ($22.76 in chips)
Seat 4: Hero ($10 in chips)
Seat 5: 5e1b5ec6 ($11.17 in chips)
Seat 6: a48ceac2 ($27.58 in chips)
f9907224: posts small blind $0.05
fe62529e: posts big blind $0.1
*** HOLE CARDS ***
Dealt to f9907224 
Dealt to fe62529e 
Dealt to 3907de28 
Dealt to Hero [Kc 4h]
Dealt to 5e1b5ec6 
Dealt to a48ceac2 
3907de28: folds
Hero: folds
5e1b5ec6: raises $0.1 to $0.2
a48ceac2: folds
f9907224: raises $0.65 to $0.85
fe62529e: raises $1.35 to $2.2
5e1b5ec6: folds
f9907224: raises $13.32 to $15.52 and is all-in
fe62529e: calls $8.07 and is all-in
Uncalled bet ($5.25) returned to f9907224
f9907224: shows [Ac Ah]
fe62529e: shows [Kd As]
*** FLOP *** [9s Ts Ad]
*** TURN *** [9s Ts Ad] [2c]
*** RIVER *** [9s Ts Ad 2c] [6d]
*** SHOWDOWN ***
f9907224 collected $19.64 from pot
*** SUMMARY ***
Total pot $20.74 | Rake $1 | Jackpot $0.1 | Bingo $0 | Fortune $0 | Tax $0
Board [9s Ts Ad 2c 6d]
Seat 1: f9907224 (small blind) showed [Ac Ah] and won ($19.64) with Three Aces
Seat 2: fe62529e (big blind) showed [Kd As] and lost with Pair of Aces
Seat 3: 3907de28 folded before Flop (didn't bet)
Seat 4: Hero folded before Flop (didn't bet)
Seat 5: 5e1b5ec6 folded before Flop
Seat 6: a48ceac2 (button) folded before Flop (didn't bet)


Poker Hand #HD1860610571: Hold'em No Limit ($0.05/$0.1) - 2024/07/17 12:35:47
Table 'NLHRed43' 6-max Seat #5 is the button
Seat 1: f9907224 ($15.72 in chips)
Seat 2: fe62529e ($10.27 in chips)
Seat 3: 3907de28 ($22.76 in chips)
Seat 4: Hero ($10 in chips)
Seat 5: 5e1b5ec6 ($11.17 in chips)
Seat 6: a48ceac2 ($27.4 in chips)
a48ceac2: posts small blind $0.05
f9907224: posts big blind $0.1
*** HOLE CARDS ***
Dealt to f9907224 
Dealt to fe62529e 
Dealt to 3907de28 
Dealt to Hero [8d Ac]
Dealt to 5e1b5ec6 
Dealt to a48ceac2 
fe62529e: folds
3907de28: folds
Hero: folds
5e1b5ec6: folds
a48ceac2: calls $0.05
f9907224: checks
*** FLOP *** [Jd Ts 9c]
a48ceac2: checks
f9907224: bets $0.1
a48ceac2: calls $0.1
*** TURN *** [Jd Ts 9c] [2c]
a48ceac2: checks
f9907224: checks
*** RIVER *** [Jd Ts 9c 2c] [9d]
a48ceac2: bets $0.4
f9907224: folds
Uncalled bet ($0.4) returned to a48ceac2
*** SHOWDOWN ***
a48ceac2 collected $0.38 from pot
*** SUMMARY ***
Total pot $0.4 | Rake $0.02 | Jackpot $0 | Bingo $0 | Fortune $0 | Tax $0
Board [Jd Ts 9c 2c 9d]
Seat 1: f9907224 (big blind) folded on the River
Seat 2: fe62529e folded before Flop (didn't bet)
Seat 3: 3907de28 folded before Flop (didn't bet)
Seat 4: Hero folded before Flop (didn't bet)
Seat 5: 5e1b5ec6 (button) folded before Flop (didn't bet)
Seat 6: a48ceac2 (small blind) won ($0.38)


Poker Hand #HD1860610442: Hold'em No Limit ($0.05/$0.1) - 2024/07/17 12:34:35
Table 'NLHRed43' 6-max Seat #4 is the button
Seat 1: f9907224 ($15.72 in chips)
Seat 2: fe62529e ($10.27 in chips)
Seat 3: 3907de28 ($22.76 in chips)
Seat 4: Hero ($10 in chips)
Seat 5: 5e1b5ec6 ($10.85 in chips)
Seat 6: a48ceac2 ($27.5 in chips)
5e1b5ec6: posts small blind $0.05
a48ceac2: posts big blind $0.1
*** HOLE CARDS ***
Dealt to f9907224 
Dealt to fe62529e 
Dealt to 3907de28 
Dealt to Hero [4h 4c]
Dealt to 5e1b5ec6 
Dealt to a48ceac2 
f9907224: folds
fe62529e: folds
3907de28: folds
Hero: raises $0.14 to $0.24
5e1b5ec6: calls $0.19
a48ceac2: folds
*** FLOP *** [9s 8h Qd]
5e1b5ec6: checks
Hero: checks
*** TURN *** [9s 8h Qd] [5d]
5e1b5ec6: checks
Hero: checks
*** RIVER *** [9s 8h Qd 5d] [6d]
5e1b5ec6: bets $0.3
Hero: folds
Uncalled bet ($0.3) returned to 5e1b5ec6
*** SHOWDOWN ***
5e1b5ec6 collected $0.56 from pot
*** SUMMARY ***
Total pot $0.58 | Rake $0.02 | Jackpot $0 | Bingo $0 | Fortune $0 | Tax $0
Board [9s 8h Qd 5d 6d]
Seat 1: f9907224 folded before Flop (didn't bet)
Seat 2: fe62529e folded before Flop (didn't bet)
Seat 3: 3907de28 folded before Flop (didn't bet)
Seat 4: Hero (button) folded on the River
Seat 5: 5e1b5ec6 (small blind) won ($0.56)
Seat 6: a48ceac2 (big blind) folded before Flop


Poker Hand #HD1860610406: Hold'em No Limit ($0.05/$0.1) - 2024/07/17 12:34:16
Table 'NLHRed43' 6-max Seat #3 is the button
Seat 1: f9907224 ($15.72 in chips)
Seat 2: fe62529e ($10.27 in chips)
Seat 3: 3907de28 ($22.76 in chips)
Seat 4: Hero ($10 in chips)
Seat 5: 5e1b5ec6 ($10.95 in chips)
Seat 6: a48ceac2 ($27.35 in chips)
Hero: posts small blind $0.05
5e1b5ec6: posts big blind $0.1
*** HOLE CARDS ***
Dealt to f9907224 
Dealt to fe62529e 
Dealt to 3907de28 
Dealt to Hero [3c 4h]
Dealt to 5e1b5ec6 
Dealt to a48ceac2 
a48ceac2: raises $0.1 to $0.2
f9907224: folds
fe62529e: folds
3907de28: folds
Hero: folds
5e1b5ec6: folds
Uncalled bet ($0.1) returned to a48ceac2
*** SHOWDOWN ***
a48ceac2 collected $0.25 from pot
*** SUMMARY ***
Total pot $0.25 | Rake $0 | Jackpot $0 | Bingo $0 | Fortune $0 | Tax $0
Seat 1: f9907224 folded before Flop (didn't bet)
Seat 2: fe62529e folded before Flop (didn't bet)
Seat 3: 3907de28 (button) folded before Flop (didn't bet)
Seat 4: Hero (small blind) folded before Flop
Seat 5: 5e1b5ec6 (big blind) folded before Flop
Seat 6: a48ceac2 collected ($0.25)


Poker Hand #HD1860610283: Hold'em No Limit ($0.05/$0.1) - 2024/07/17 12:33:07
Table 'NLHRed43' 6-max Seat #2 is the button
Seat 1: f9907224 ($15.72 in chips)
Seat 2: fe62529e ($10.37 in chips)
Seat 3: 3907de28 ($12.5 in chips)
Seat 4: Hero ($11.16 in chips)
Seat 5: 5e1b5ec6 ($10.95 in chips)
Seat 6: a48ceac2 ($27.45 in chips)
3907de28: posts small blind $0.05
Hero: posts big blind $0.1
*** HOLE CARDS ***
Dealt to f9907224 
Dealt to fe62529e 
Dealt to 3907de28 
Dealt to Hero [Qd Qs]
Dealt to 5e1b5ec6 
Dealt to a48ceac2 
5e1b5ec6: folds
a48ceac2: calls $0.1
f9907224: folds
fe62529e: calls $0.1
3907de28: raises $0.5 to $0.6
Hero: raises $1.1 to $1.7
a48ceac2: folds
fe62529e: folds
3907de28: raises $10.8 to $12.5 and is all-in
Hero: calls $9.46 and is all-in
Uncalled bet ($1.34) returned to 3907de28
3907de28: shows [Kc Ac]
Hero: shows [Qd Qs]
*** FIRST FLOP *** [Tc Qh 9h]
*** FIRST TURN *** [Tc Qh 9h] [Jd]
*** FIRST RIVER *** [Tc Qh 9h Jd] [3h]
*** SECOND FLOP *** [3c 9c As]
*** SECOND TURN *** [3c 9c As] [Ks]
*** SECOND RIVER *** [3c 9c As Ks] [8h]
*** FIRST SHOWDOWN ***
3907de28 collected $10.71 from pot
*** SECOND SHOWDOWN ***
3907de28 collected $10.71 from pot
*** SUMMARY ***
Total pot $22.52 | Rake $1 | Jackpot $0.1 | Bingo $0 | Fortune $0 | Tax $0
Hand was run two times
FIRST Board [Tc Qh 9h Jd 3h]
SECOND Board [3c 9c As Ks 8h]
Seat 1: f9907224 folded before Flop (didn't bet)
Seat 2: fe62529e (button) folded before Flop
Seat 3: 3907de28 (small blind) showed [Kc Ac] and won ($10.71) with Aces-High Straight, and won ($10.71) with Pair of Aces and Pair of Kings
Seat 4: Hero (big blind) showed [Qd Qs] and lost with Three Queens, and lost with Pair of Queens
Seat 5: 5e1b5ec6 folded before Flop (didn't bet)
Seat 6: a48ceac2 folded before Flop


Poker Hand #HD1860610218: Hold'em No Limit ($0.05/$0.1) - 2024/07/17 12:32:29
Table 'NLHRed43' 6-max Seat #1 is the button
Seat 1: f9907224 ($15.72 in chips)
Seat 2: fe62529e ($10.42 in chips)
Seat 3: 3907de28 ($12.7 in chips)
Seat 4: Hero ($11.16 in chips)
Seat 5: 5e1b5ec6 ($10.53 in chips)
Seat 6: a48ceac2 ($27.65 in chips)
fe62529e: posts small blind $0.05
3907de28: posts big blind $0.1
*** HOLE CARDS ***
Dealt to f9907224 
Dealt to fe62529e 
Dealt to 3907de28 
Dealt to Hero [Jh 3d]
Dealt to 5e1b5ec6 
Dealt to a48ceac2 
Hero: folds
5e1b5ec6: raises $0.1 to $0.2
a48ceac2: calls $0.2
f9907224: folds
fe62529e: folds
3907de28: calls $0.1
*** FLOP *** [Jc 9c 3h]
3907de28: checks
5e1b5ec6: bets $0.4
a48ceac2: folds
3907de28: folds
Uncalled bet ($0.4) returned to 5e1b5ec6
*** SHOWDOWN ***
5e1b5ec6 collected $0.62 from pot
*** SUMMARY ***
Total pot $0.65 | Rake $0.03 | Jackpot $0 | Bingo $0 | Fortune $0 | Tax $0
Board [Jc 9c 3h]
Seat 1: f9907224 (button) folded before Flop (didn't bet)
Seat 2: fe62529e (small blind) folded before Flop
Seat 3: 3907de28 (big blind) folded on the Flop
Seat 4: Hero folded before Flop (didn't bet)
Seat 5: 5e1b5ec6 won ($0.62)
Seat 6: a48ceac2 folded on the Flop


Poker Hand #HD1860610099: Hold'em No Limit ($0.05/$0.1) - 2024/07/17 12:31:22
Table 'NLHRed43' 6-max Seat #6 is the button
Seat 1: f9907224 ($15.77 in chips)
Seat 2: fe62529e ($10.45 in chips)
Seat 3: 3907de28 ($12.7 in chips)
Seat 4: Hero ($11.16 in chips)
Seat 5: 5e1b5ec6 ($10.53 in chips)
Seat 6: a48ceac2 ($27.69 in chips)
f9907224: posts small blind $0.05
fe62529e: posts big blind $0.1
*** HOLE CARDS ***
Dealt to f9907224 
Dealt to fe62529e 
Dealt to 3907de28 
Dealt to Hero [3s 3h]
Dealt to 5e1b5ec6 
Dealt to a48ceac2 
3907de28: folds
Hero: folds
5e1b5ec6: folds
a48ceac2: calls $0.1
f9907224: folds
fe62529e: checks
*** FLOP *** [Th 4h 6c]
fe62529e: checks
a48ceac2: bets $0.13
fe62529e: calls $0.13
*** TURN *** [Th 4h 6c] [5h]
fe62529e: checks
a48ceac2: bets $0.17
fe62529e: calls $0.17
*** RIVER *** [Th 4h 6c 5h] [6s]
fe62529e: checks
a48ceac2: bets $0.85
fe62529e: calls $0.85
a48ceac2: shows [6h Jc] (Three Sixes)
fe62529e: shows [Jh 6d] (Three Sixes)
*** SHOWDOWN ***
fe62529e collected $1.22 from pot
a48ceac2 collected $1.21 from pot
*** SUMMARY ***
Total pot $2.55 | Rake $0.12 | Jackpot $0 | Bingo $0 | Fortune $0 | Tax $0
Board [Th 4h 6c 5h 6s]
Seat 1: f9907224 (small blind) folded before Flop
Seat 2: fe62529e (big blind) showed [Jh 6d] and won ($1.22) with Three Sixes
Seat 3: 3907de28 folded before Flop (didn't bet)
Seat 4: Hero folded before Flop (didn't bet)
Seat 5: 5e1b5ec6 folded before Flop (didn't bet)
Seat 6: a48ceac2 (button) showed [6h Jc] and won ($1.21) with Three Sixes


Poker Hand #HD1860610053: Hold'em No Limit ($0.05/$0.1) - 2024/07/17 12:30:55
Table 'NLHRed43' 6-max Seat #5 is the button
Seat 1: f9907224 ($15.87 in chips)
Seat 2: fe62529e ($10.45 in chips)
Seat 3: 3907de28 ($12.7 in chips)
Seat 4: Hero ($11.16 in chips)
Seat 5: 5e1b5ec6 ($10.38 in chips)
Seat 6: a48ceac2 ($27.74 in chips)
a48ceac2: posts small blind $0.05
f9907224: posts big blind $0.1
*** HOLE CARDS ***
Dealt to f9907224 
Dealt to fe62529e 
Dealt to 3907de28 
Dealt to Hero [Kd 3d]
Dealt to 5e1b5ec6 
Dealt to a48ceac2 
fe62529e: folds
3907de28: folds
Hero: folds
5e1b5ec6: raises $0.1 to $0.2
a48ceac2: folds
f9907224: folds
Uncalled bet ($0.1) returned to 5e1b5ec6
*** SHOWDOWN ***
5e1b5ec6 collected $0.25 from pot
*** SUMMARY ***
Total pot $0.25 | Rake $0 | Jackpot $0 | Bingo $0 | Fortune $0 | Tax $0
Seat 1: f9907224 (big blind) folded before Flop
Seat 2: fe62529e folded before Flop (didn't bet)
Seat 3: 3907de28 folded before Flop (didn't bet)
Seat 4: Hero folded before Flop (didn't bet)
Seat 5: 5e1b5ec6 (button) collected ($0.25)
Seat 6: a48ceac2 (small blind) folded before Flop


Poker Hand #HD1860610028: Hold'em No Limit ($0.05/$0.1) - 2024/07/17 12:30:42
Table 'NLHRed43' 6-max Seat #4 is the button
Seat 1: f9907224 ($15.87 in chips)
Seat 2: fe62529e ($10.45 in chips)
Seat 3: 3907de28 ($12.7 in chips)
Seat 4: Hero ($11.16 in chips)
Seat 5: 5e1b5ec6 ($10.43 in chips)
Seat 6: a48ceac2 ($27.69 in chips)
5e1b5ec6: posts small blind $0.05
a48ceac2: posts big blind $0.1
*** HOLE CARDS ***
Dealt to f9907224 
Dealt to fe62529e 
Dealt to 3907de28 
Dealt to Hero [5s Ad]
Dealt to 5e1b5ec6 
Dealt to a48ceac2 
f9907224: folds
fe62529e: folds
3907de28: folds
Hero: folds
5e1b5ec6: folds
Uncalled bet ($0.05) returned to a48ceac2
*** SHOWDOWN ***
a48ceac2 collected $0.1 from pot
*** SUMMARY ***
Total pot $0.1 | Rake $0 | Jackpot $0 | Bingo $0 | Fortune $0 | Tax $0
Seat 1: f9907224 folded before Flop (didn't bet)
Seat 2: fe62529e folded before Flop (didn't bet)
Seat 3: 3907de28 folded before Flop (didn't bet)
Seat 4: Hero (button) folded before Flop (didn't bet)
Seat 5: 5e1b5ec6 (small blind) folded before Flop
Seat 6: a48ceac2 (big blind) collected ($0.1)


Poker Hand #HD1860610003: Hold'em No Limit ($0.05/$0.1) - 2024/07/17 12:30:28
Table 'NLHRed43' 6-max Seat #3 is the button
Seat 1: f9907224 ($15.72 in chips)
Seat 2: fe62529e ($10.45 in chips)
Seat 3: 3907de28 ($12.7 in chips)
Seat 4: Hero ($11.21 in chips)
Seat 5: 5e1b5ec6 ($10.53 in chips)
Seat 6: a48ceac2 ($27.69 in chips)
Hero: posts small blind $0.05
5e1b5ec6: posts big blind $0.1
*** HOLE CARDS ***
Dealt to f9907224 
Dealt to fe62529e 
Dealt to 3907de28 
Dealt to Hero [3s 4s]
Dealt to 5e1b5ec6 
Dealt to a48ceac2 
a48ceac2: folds
f9907224: raises $0.13 to $0.23
fe62529e: folds
3907de28: folds
Hero: folds
5e1b5ec6: folds
Uncalled bet ($0.13) returned to f9907224
*** SHOWDOWN ***
f9907224 collected $0.25 from pot
*** SUMMARY ***
Total pot $0.25 | Rake $0 | Jackpot $0 | Bingo $0 | Fortune $0 | Tax $0
Seat 1: f9907224 collected ($0.25)
Seat 2: fe62529e folded before Flop (didn't bet)
Seat 3: 3907de28 (button) folded before Flop (didn't bet)
Seat 4: Hero (small blind) folded before Flop
Seat 5: 5e1b5ec6 (big blind) folded before Flop
Seat 6: a48ceac2 folded before Flop (didn't bet)


Poker Hand #HD1860609965: Hold'em No Limit ($0.05/$0.1) - 2024/07/17 12:30:08
Table 'NLHRed43' 6-max Seat #2 is the button
Seat 1: f9907224 ($15.72 in chips)
Seat 2: fe62529e ($10.45 in chips)
Seat 3: 3907de28 ($12.75 in chips)
Seat 4: Hero ($11.31 in chips)
Seat 5: 5e1b5ec6 ($10.53 in chips)
Seat 6: a48ceac2 ($27.54 in chips)
3907de28: posts small blind $0.05
Hero: posts big blind $0.1
*** HOLE CARDS ***
Dealt to f9907224 
Dealt to fe62529e 
Dealt to 3907de28 
Dealt to Hero [8d Ts]
Dealt to 5e1b5ec6 
Dealt to a48ceac2 
5e1b5ec6: folds
a48ceac2: raises $0.1 to $0.2
f9907224: folds
fe62529e: folds
3907de28: folds
Hero: folds
Uncalled bet ($0.1) returned to a48ceac2
*** SHOWDOWN ***
a48ceac2 collected $0.25 from pot
*** SUMMARY ***
Total pot $0.25 | Rake $0 | Jackpot $0 | Bingo $0 | Fortune $0 | Tax $0
Seat 1: f9907224 folded before Flop (didn't bet)
Seat 2: fe62529e (button) folded before Flop (didn't bet)
Seat 3: 3907de28 (small blind) folded before Flop
Seat 4: Hero (big blind) folded before Flop
Seat 5: 5e1b5ec6 folded before Flop (didn't bet)
Seat 6: a48ceac2 collected ($0.25)


Poker Hand #HD1860609927: Hold'em No Limit ($0.05/$0.1) - 2024/07/17 12:29:46
Table 'NLHRed43' 6-max Seat #1 is the button
Seat 1: f9907224 ($15.72 in chips)
Seat 2: fe62529e ($10.5 in chips)
Seat 3: 3907de28 ($12.85 in chips)
Seat 4: Hero ($11.31 in chips)
Seat 5: 5e1b5ec6 ($10.38 in chips)
Seat 6: a48ceac2 ($27.54 in chips)
fe62529e: posts small blind $0.05
3907de28: posts big blind $0.1
*** HOLE CARDS ***
Dealt to f9907224 
Dealt to fe62529e 
Dealt to 3907de28 
Dealt to Hero [5c Th]
Dealt to 5e1b5ec6 
Dealt to a48ceac2 
Hero: folds
5e1b5ec6: raises $0.1 to $0.2
a48ceac2: folds
f9907224: folds
fe62529e: folds
3907de28: folds
Uncalled bet ($0.1) returned to 5e1b5ec6
*** SHOWDOWN ***
5e1b5ec6 collected $0.25 from pot
*** SUMMARY ***
Total pot $0.25 | Rake $0 | Jackpot $0 | Bingo $0 | Fortune $0 | Tax $0
Seat 1: f9907224 (button) folded before Flop (didn't bet)
Seat 2: fe62529e (small blind) folded before Flop
Seat 3: 3907de28 (big blind) folded before Flop
Seat 4: Hero folded before Flop (didn't bet)
Seat 5: 5e1b5ec6 collected ($0.25)
Seat 6: a48ceac2 folded before Flop (didn't bet)


Poker Hand #HD1860609893: Hold'em No Limit ($0.05/$0.1) - 2024/07/17 12:29:27
Table 'NLHRed43' 6-max Seat #6 is the button
Seat 1: f9907224 ($15.77 in chips)
Seat 2: fe62529e ($10.6 in chips)
Seat 3: 3907de28 ($12.85 in chips)
Seat 4: Hero ($11.31 in chips)
Seat 5: 5e1b5ec6 ($10.23 in chips)
Seat 6: a48ceac2 ($27.54 in chips)
f9907224: posts small blind $0.05
fe62529e: posts big blind $0.1
*** HOLE CARDS ***
Dealt to f9907224 
Dealt to fe62529e 
Dealt to 3907de28 
Dealt to Hero [Js 7h]
Dealt to 5e1b5ec6 
Dealt to a48ceac2 
3907de28: folds
Hero: folds
5e1b5ec6: raises $0.1 to $0.2
a48ceac2: folds
f9907224: folds
fe62529e: folds
Uncalled bet ($0.1) returned to 5e1b5ec6
*** SHOWDOWN ***
5e1b5ec6 collected $0.25 from pot
*** SUMMARY ***
Total pot $0.25 | Rake $0 | Jackpot $0 | Bingo $0 | Fortune $0 | Tax $0
Seat 1: f9907224 (small blind) folded before Flop
Seat 2: fe62529e (big blind) folded before Flop
Seat 3: 3907de28 folded before Flop (didn't bet)
Seat 4: Hero folded before Flop (didn't bet)
Seat 5: 5e1b5ec6 collected ($0.25)
Seat 6: a48ceac2 (button) folded before Flop (didn't bet)


Poker Hand #HD1860609823: Hold'em No Limit ($0.05/$0.1) - 2024/07/17 12:28:44
Table 'NLHRed43' 6-max Seat #5 is the button
Seat 1: f9907224 ($15.97 in chips)
Seat 2: fe62529e ($10.6 in chips)
Seat 3: 3907de28 ($12.85 in chips)
Seat 4: Hero ($11.31 in chips)
Seat 5: 5e1b5ec6 ($10 in chips)
Seat 6: a48ceac2 ($27.59 in chips)
a48ceac2: posts small blind $0.05
f9907224: posts big blind $0.1
*** HOLE CARDS ***
Dealt to f9907224 
Dealt to fe62529e 
Dealt to 3907de28 
Dealt to Hero [9s 6d]
Dealt to 5e1b5ec6 
Dealt to a48ceac2 
fe62529e: folds
3907de28: folds
Hero: folds
5e1b5ec6: raises $0.1 to $0.2
a48ceac2: folds
f9907224: calls $0.1
*** FLOP *** [9h 3s 3h]
f9907224: checks
5e1b5ec6: checks
*** TURN *** [9h 3s 3h] [Tc]
f9907224: checks
5e1b5ec6: bets $0.3
f9907224: folds
Uncalled bet ($0.3) returned to 5e1b5ec6
*** SHOWDOWN ***
5e1b5ec6 collected $0.43 from pot
*** SUMMARY ***
Total pot $0.45 | Rake $0.02 | Jackpot $0 | Bingo $0 | Fortune $0 | Tax $0
Board [9h 3s 3h Tc]
Seat 1: f9907224 (big blind) folded on the Turn
Seat 2: fe62529e folded before Flop (didn't bet)
Seat 3: 3907de28 folded before Flop (didn't bet)
Seat 4: Hero folded before Flop (didn't bet)
Seat 5: 5e1b5ec6 (button) won ($0.43)
Seat 6: a48ceac2 (small blind) folded before Flop


Poker Hand #HD1860609803: Hold'em No Limit ($0.05/$0.1) - 2024/07/17 12:28:33
Table 'NLHRed43' 6-max Seat #4 is the button
Seat 1: f9907224 ($15.82 in chips)
Seat 2: fe62529e ($10.6 in chips)
Seat 3: 3907de28 ($12.85 in chips)
Seat 4: Hero ($11.31 in chips)
Seat 5: 5e1b5ec6 ($10 in chips)
Seat 6: a48ceac2 ($27.69 in chips)
5e1b5ec6: posts small blind $0.05
a48ceac2: posts big blind $0.1
*** HOLE CARDS ***
Dealt to f9907224 
Dealt to fe62529e 
Dealt to 3907de28 
Dealt to Hero [7s Qd]
Dealt to 5e1b5ec6 
Dealt to a48ceac2 
f9907224: raises $0.13 to $0.23
fe62529e: folds
3907de28: folds
Hero: folds
5e1b5ec6: folds
a48ceac2: folds
Uncalled bet ($0.13) returned to f9907224
*** SHOWDOWN ***
f9907224 collected $0.25 from pot
*** SUMMARY ***
Total pot $0.25 | Rake $0 | Jackpot $0 | Bingo $0 | Fortune $0 | Tax $0
Seat 1: f9907224 collected ($0.25)
Seat 2: fe62529e folded before Flop (didn't bet)
Seat 3: 3907de28 folded before Flop (didn't bet)
Seat 4: Hero (button) folded before Flop (didn't bet)
Seat 5: 5e1b5ec6 (small blind) folded before Flop
Seat 6: a48ceac2 (big blind) folded before Flop


Poker Hand #HD1860609753: Hold'em No Limit ($0.05/$0.1) - 2024/07/17 12:28:06
Table 'NLHRed43' 6-max Seat #3 is the button
Seat 1: f9907224 ($15.82 in chips)
Seat 2: fe62529e ($10.6 in chips)
Seat 3: 3907de28 ($12.52 in chips)
Seat 4: Hero ($11.36 in chips)
Seat 5: 5e1b5ec6 ($10 in chips)
Seat 6: a48ceac2 ($27.89 in chips)
Hero: posts small blind $0.05
5e1b5ec6: posts big blind $0.1
*** HOLE CARDS ***
Dealt to f9907224 
Dealt to fe62529e 
Dealt to 3907de28 
Dealt to Hero [3h 4h]
Dealt to 5e1b5ec6 
Dealt to a48ceac2 
a48ceac2: raises $0.1 to $0.2
f9907224: folds
fe62529e: folds
3907de28: raises $0.4 to $0.6
Hero: folds
5e1b5ec6: folds
a48ceac2: folds
Uncalled bet ($0.4) returned to 3907de28
*** SHOWDOWN ***
3907de28 collected $0.53 from pot
*** SUMMARY ***
Total pot $0.55 | Rake $0.02 | Jackpot $0 | Bingo $0 | Fortune $0 | Tax $0
Seat 1: f9907224 folded before Flop (didn't bet)
Seat 2: fe62529e folded before Flop (didn't bet)
Seat 3: 3907de28 (button) collected ($0.53)
Seat 4: Hero (small blind) folded before Flop
Seat 5: 5e1b5ec6 (big blind) folded before Flop
Seat 6: a48ceac2 folded before Flop


Poker Hand #HD1860609715: Hold'em No Limit ($0.05/$0.1) - 2024/07/17 12:27:44
Table 'NLHRed43' 6-max Seat #2 is the button
Seat 1: f9907224 ($15.82 in chips)
Seat 2: fe62529e ($10.45 in chips)
Seat 3: 3907de28 ($12.57 in chips)
Seat 4: Hero ($11.46 in chips)
Seat 5: 5e1b5ec6 ($10 in chips)
Seat 6: a48ceac2 ($27.89 in chips)
3907de28: posts small blind $0.05
Hero: posts big blind $0.1
*** HOLE CARDS ***
Dealt to f9907224 
Dealt to fe62529e 
Dealt to 3907de28 
Dealt to Hero [4d 2c]
Dealt to 5e1b5ec6 
Dealt to a48ceac2 
5e1b5ec6: folds
a48ceac2: folds
f9907224: folds
fe62529e: raises $0.1 to $0.2
3907de28: folds
Hero: folds
Uncalled bet ($0.1) returned to fe62529e
*** SHOWDOWN ***
fe62529e collected $0.25 from pot
*** SUMMARY ***
Total pot $0.25 | Rake $0 | Jackpot $0 | Bingo $0 | Fortune $0 | Tax $0
Seat 1: f9907224 folded before Flop (didn't bet)
Seat 2: fe62529e (button) collected ($0.25)
Seat 3: 3907de28 (small blind) folded before Flop
Seat 4: Hero (big blind) folded before Flop
Seat 5: 5e1b5ec6 folded before Flop (didn't bet)
Seat 6: a48ceac2 folded before Flop (didn't bet)


Poker Hand #HD1860609623: Hold'em No Limit ($0.05/$0.1) - 2024/07/17 12:26:51
Table 'NLHRed43' 6-max Seat #1 is the button
Seat 1: f9907224 ($15.82 in chips)
Seat 2: fe62529e ($10.5 in chips)
Seat 3: 3907de28 ($11.73 in chips)
Seat 4: Hero ($11.46 in chips)
Seat 5: 5e1b5ec6 ($10 in chips)
Seat 6: a48ceac2 ($28.77 in chips)
fe62529e: posts small blind $0.05
3907de28: posts big blind $0.1
*** HOLE CARDS ***
Dealt to f9907224 
Dealt to fe62529e 
Dealt to 3907de28 
Dealt to Hero [6s 7s]
Dealt to 5e1b5ec6 
Dealt to a48ceac2 
Hero: folds
5e1b5ec6: folds
a48ceac2: raises $0.2 to $0.3
f9907224: folds
fe62529e: folds
3907de28: calls $0.2
*** FLOP *** [5h 3s 4s]
3907de28: checks
a48ceac2: bets $0.22
3907de28: calls $0.22
*** TURN *** [5h 3s 4s] [Kh]
3907de28: checks
a48ceac2: bets $0.36
3907de28: calls $0.36
*** RIVER *** [5h 3s 4s Kh] [5s]
3907de28: checks
a48ceac2: checks
3907de28: shows [4c Ac] (Pair of Fives and Pair of Fours)
a48ceac2: shows [Ah Jh] (Pair of Fives)
Hero: shows [6s 7s] (Seven-High Straight Flush)
*** SHOWDOWN ***
3907de28 collected $1.72 from pot
*** SUMMARY ***
Total pot $1.81 | Rake $0.09 | Jackpot $0 | Bingo $0 | Fortune $0 | Tax $0
Board [5h 3s 4s Kh 5s]
Seat 1: f9907224 (button) folded before Flop (didn't bet)
Seat 2: fe62529e (small blind) folded before Flop
Seat 3: 3907de28 (big blind) showed [4c Ac] and won ($1.72) with Pair of Fives and Pair of Fours
Seat 4: Hero folded before Flop (didn't bet)
Seat 5: 5e1b5ec6 folded before Flop (didn't bet)
Seat 6: a48ceac2 showed [Ah Jh] and lost with Pair of Fives


Poker Hand #HD1860609551: Hold'em No Limit ($0.05/$0.1) - 2024/07/17 12:26:05
Table 'NLHRed43' 6-max Seat #6 is the button
Seat 1: f9907224 ($15.87 in chips)
Seat 2: fe62529e ($10 in chips)
Seat 3: 3907de28 ($11.73 in chips)
Seat 4: Hero ($11.46 in chips)
Seat 5: 5e1b5ec6 ($10 in chips)
Seat 6: a48ceac2 ($28.77 in chips)
f9907224: posts small blind $0.05
fe62529e: posts big blind $0.1
*** HOLE CARDS ***
Dealt to f9907224 
Dealt to fe62529e 
Dealt to 3907de28 
Dealt to Hero [6d 9c]
Dealt to 5e1b5ec6 
Dealt to a48ceac2 
3907de28: folds
Hero: folds
5e1b5ec6: raises $0.1 to $0.2
a48ceac2: folds
f9907224: folds
fe62529e: calls $0.1
*** FLOP *** [6h Qd Jh]
fe62529e: checks
5e1b5ec6: bets $0.3
fe62529e: calls $0.3
*** TURN *** [6h Qd Jh] [Ah]
fe62529e: checks
5e1b5ec6: checks
*** RIVER *** [6h Qd Jh Ah] [Qs]
fe62529e: bets $0.35
5e1b5ec6: folds
Uncalled bet ($0.35) returned to fe62529e
*** SHOWDOWN ***
fe62529e collected $1 from pot
*** SUMMARY ***
Total pot $1.05 | Rake $0.05 | Jackpot $0 | Bingo $0 | Fortune $0 | Tax $0
Board [6h Qd Jh Ah Qs]
Seat 1: f9907224 (small blind) folded before Flop
Seat 2: fe62529e (big blind) won ($1)
Seat 3: 3907de28 folded before Flop (didn't bet)
Seat 4: Hero folded before Flop (didn't bet)
Seat 5: 5e1b5ec6 folded on the River
Seat 6: a48ceac2 (button) folded before Flop (didn't bet)


Poker Hand #HD1860609502: Hold'em No Limit ($0.05/$0.1) - 2024/07/17 12:25:44
Table 'NLHRed43' 6-max Seat #5 is the button
Seat 1: f9907224 ($15.97 in chips)
Seat 2: fe62529e ($10 in chips)
Seat 3: 3907de28 ($11.58 in chips)
Seat 4: Hero ($11.46 in chips)
Seat 5: 5e1b5ec6 ($10 in chips)
Seat 6: a48ceac2 ($28.82 in chips)
a48ceac2: posts small blind $0.05
f9907224: posts big blind $0.1
*** HOLE CARDS ***
Dealt to f9907224 
Dealt to fe62529e 
Dealt to 3907de28 
Dealt to Hero [7s 4s]
Dealt to 5e1b5ec6 
Dealt to a48ceac2 
fe62529e: folds
3907de28: raises $0.2 to $0.3
Hero: folds
5e1b5ec6: folds
a48ceac2: folds
f9907224: folds
Uncalled bet ($0.2) returned to 3907de28
*** SHOWDOWN ***
3907de28 collected $0.25 from pot
*** SUMMARY ***
Total pot $0.25 | Rake $0 | Jackpot $0 | Bingo $0 | Fortune $0 | Tax $0
Seat 1: f9907224 (big blind) folded before Flop
Seat 2: fe62529e folded before Flop (didn't bet)
Seat 3: 3907de28 collected ($0.25)
Seat 4: Hero folded before Flop (didn't bet)
Seat 5: 5e1b5ec6 (button) folded before Flop (didn't bet)
Seat 6: a48ceac2 (small blind) folded before Flop


Poker Hand #HD1860609461: Hold'em No Limit ($0.05/$0.1) - 2024/07/17 12:25:19
Table 'NLHRed43' 6-max Seat #4 is the button
Seat 1: f9907224 ($15.82 in chips)
Seat 2: fe62529e ($10 in chips)
Seat 3: 3907de28 ($11.58 in chips)
Seat 4: Hero ($11.46 in chips)
Seat 5: 5e1b5ec6 ($10 in chips)
Seat 6: a48ceac2 ($28.92 in chips)
5e1b5ec6: posts small blind $0.05
a48ceac2: posts big blind $0.1
*** HOLE CARDS ***
Dealt to f9907224 
Dealt to fe62529e 
Dealt to 3907de28 
Dealt to Hero [Ah 5c]
Dealt to 5e1b5ec6 
Dealt to a48ceac2 
f9907224: raises $0.13 to $0.23
fe62529e: folds
3907de28: folds
Hero: folds
5e1b5ec6: folds
a48ceac2: folds
Uncalled bet ($0.13) returned to f9907224
*** SHOWDOWN ***
f9907224 collected $0.25 from pot
*** SUMMARY ***
Total pot $0.25 | Rake $0 | Jackpot $0 | Bingo $0 | Fortune $0 | Tax $0
Seat 1: f9907224 collected ($0.25)
Seat 2: fe62529e folded before Flop (didn't bet)
Seat 3: 3907de28 folded before Flop (didn't bet)
Seat 4: Hero (button) folded before Flop (didn't bet)
Seat 5: 5e1b5ec6 (small blind) folded before Flop
Seat 6: a48ceac2 (big blind) folded before Flop


Poker Hand #HD1860609402: Hold'em No Limit ($0.05/$0.1) - 2024/07/17 12:24:47
Table 'NLHRed43' 6-max Seat #3 is the button
Seat 1: f9907224 ($15.82 in chips)
Seat 2: fe62529e ($10 in chips)
Seat 3: 3907de28 ($11.58 in chips)
Seat 4: Hero ($11.51 in chips)
Seat 5: 5e1b5ec6 ($10 in chips)
Seat 6: a48ceac2 ($28.77 in chips)
Hero: posts small blind $0.05
5e1b5ec6: posts big blind $0.1
*** HOLE CARDS ***
Dealt to f9907224 
Dealt to fe62529e 
Dealt to 3907de28 
Dealt to Hero [Ac Th]
Dealt to 5e1b5ec6 
Dealt to a48ceac2 
a48ceac2: raises $0.1 to $0.2
f9907224: folds
fe62529e: folds
3907de28: folds
Hero: folds
5e1b5ec6: folds
Uncalled bet ($0.1) returned to a48ceac2
*** SHOWDOWN ***
a48ceac2 collected $0.25 from pot
*** SUMMARY ***
Total pot $0.25 | Rake $0 | Jackpot $0 | Bingo $0 | Fortune $0 | Tax $0
Seat 1: f9907224 folded before Flop (didn't bet)
Seat 2: fe62529e folded before Flop (didn't bet)
Seat 3: 3907de28 (button) folded before Flop (didn't bet)
Seat 4: Hero (small blind) folded before Flop
Seat 5: 5e1b5ec6 (big blind) folded before Flop
Seat 6: a48ceac2 collected ($0.25)


Poker Hand #HD1860609373: Hold'em No Limit ($0.05/$0.1) - 2024/07/17 12:24:32
Table 'NLHRed43' 6-max Seat #2 is the button
Seat 1: f9907224 ($15.67 in chips)
Seat 2: fe62529e ($10 in chips)
Seat 3: 3907de28 ($11.63 in chips)
Seat 4: Hero ($11.61 in chips)
Seat 5: 5e1b5ec6 ($10 in chips)
Seat 6: a48ceac2 ($28.77 in chips)
3907de28: posts small blind $0.05
Hero: posts big blind $0.1
*** HOLE CARDS ***
Dealt to f9907224 
Dealt to fe62529e 
Dealt to 3907de28 
Dealt to Hero [4s 7c]
Dealt to 5e1b5ec6 
Dealt to a48ceac2 
5e1b5ec6: folds
a48ceac2: folds
f9907224: raises $0.13 to $0.23
fe62529e: folds
3907de28: folds
Hero: folds
Uncalled bet ($0.13) returned to f9907224
*** SHOWDOWN ***
f9907224 collected $0.25 from pot
*** SUMMARY ***
Total pot $0.25 | Rake $0 | Jackpot $0 | Bingo $0 | Fortune $0 | Tax $0
Seat 1: f9907224 collected ($0.25)
Seat 2: fe62529e (button) folded before Flop (didn't bet)
Seat 3: 3907de28 (small blind) folded before Flop
Seat 4: Hero (big blind) folded before Flop
Seat 5: 5e1b5ec6 folded before Flop (didn't bet)
Seat 6: a48ceac2 folded before Flop (didn't bet)


Poker Hand #HD1860609040: Hold'em No Limit ($0.05/$0.1) - 2024/07/17 12:21:30
Table 'NLHRed43' 6-max Seat #3 is the button
Seat 1: f9907224 ($13.95 in chips)
Seat 2: fe62529e ($10.24 in chips)
Seat 3: 3907de28 ($11.58 in chips)
Seat 4: Hero ($11.66 in chips)
Seat 5: 5e1b5ec6 ($10 in chips)
Seat 6: a48ceac2 ($29.72 in chips)
Hero: posts small blind $0.05
5e1b5ec6: posts big blind $0.1
*** HOLE CARDS ***
Dealt to f9907224 
Dealt to fe62529e 
Dealt to 3907de28 
Dealt to Hero [6d Th]
Dealt to 5e1b5ec6 
Dealt to a48ceac2 
a48ceac2: raises $0.1 to $0.2
f9907224: folds
fe62529e: folds
3907de28: folds
Hero: folds
5e1b5ec6: raises $0.5 to $0.7
a48ceac2: calls $0.5
*** FLOP *** [9c Kh 8c]
5e1b5ec6: bets $0.93
a48ceac2: folds
Uncalled bet ($0.93) returned to 5e1b5ec6
*** SHOWDOWN ***
5e1b5ec6 collected $1.38 from pot
*** SUMMARY ***
Total pot $1.45 | Rake $0.07 | Jackpot $0 | Bingo $0 | Fortune $0 | Tax $0
Board [9c Kh 8c]
Seat 1: f9907224 folded before Flop (didn't bet)
Seat 2: fe62529e folded before Flop (didn't bet)
Seat 3: 3907de28 (button) folded before Flop (didn't bet)
Seat 4: Hero (small blind) folded before Flop
Seat 5: 5e1b5ec6 (big blind) won ($1.38)
Seat 6: a48ceac2 folded on the Flop


Poker Hand #HD1860609008: Hold'em No Limit ($0.05/$0.1) - 2024/07/17 12:21:08
Table 'NLHRed43' 6-max Seat #2 is the button
Seat 1: f9907224 ($13.95 in chips)
Seat 2: fe62529e ($10 in chips)
Seat 3: 3907de28 ($11.63 in chips)
Seat 4: Hero ($11.76 in chips)
Seat 5: 5e1b5ec6 ($10 in chips)
Seat 6: a48ceac2 ($29.82 in chips)
3907de28: posts small blind $0.05
Hero: posts big blind $0.1
*** HOLE CARDS ***
Dealt to f9907224 
Dealt to fe62529e 
Dealt to 3907de28 
Dealt to Hero [4s 3d]
Dealt to 5e1b5ec6 
Dealt to a48ceac2 
5e1b5ec6: folds
a48ceac2: calls $0.1
f9907224: folds
fe62529e: raises $0.3 to $0.4
3907de28: folds
Hero: folds
a48ceac2: folds
Uncalled bet ($0.3) returned to fe62529e
*** SHOWDOWN ***
fe62529e collected $0.34 from pot
*** SUMMARY ***
Total pot $0.35 | Rake $0.01 | Jackpot $0 | Bingo $0 | Fortune $0 | Tax $0
Seat 1: f9907224 folded before Flop (didn't bet)
Seat 2: fe62529e (button) collected ($0.34)
Seat 3: 3907de28 (small blind) folded before Flop
Seat 4: Hero (big blind) folded before Flop
Seat 5: 5e1b5ec6 folded before Flop (didn't bet)
Seat 6: a48ceac2 folded before Flop


Poker Hand #HD1860608924: Hold'em No Limit ($0.05/$0.1) - 2024/07/17 12:20:15
Table 'NLHRed43' 6-max Seat #1 is the button
Seat 1: f9907224 ($13.95 in chips)
Seat 2: fe62529e ($10 in chips)
Seat 3: 3907de28 ($11.49 in chips)
Seat 4: Hero ($11.76 in chips)
Seat 5: 5e1b5ec6 ($10 in chips)
Seat 6: a48ceac2 ($29.92 in chips)
fe62529e: posts small blind $0.05
3907de28: posts big blind $0.1
*** HOLE CARDS ***
Dealt to f9907224 
Dealt to fe62529e 
Dealt to 3907de28 
Dealt to Hero [7s 3d]
Dealt to 5e1b5ec6 
Dealt to a48ceac2 
Hero: folds
5e1b5ec6: folds
a48ceac2: calls $0.1
f9907224: folds
fe62529e: folds
3907de28: checks
*** FLOP *** [4c 2d Qd]
3907de28: checks
a48ceac2: checks
*** TURN *** [4c 2d Qd] [Ts]
3907de28: checks
a48ceac2: checks
*** RIVER *** [4c 2d Qd Ts] [6c]
3907de28: checks
a48ceac2: checks
3907de28: shows [6h 8d] (Pair of Sixes)
a48ceac2: shows [3h Kc] (King-High)
*** SHOWDOWN ***
3907de28 collected $0.24 from pot
*** SUMMARY ***
Total pot $0.25 | Rake $0.01 | Jackpot $0 | Bingo $0 | Fortune $0 | Tax $0
Board [4c 2d Qd Ts 6c]
Seat 1: f9907224 (button) folded before Flop (didn't bet)
Seat 2: fe62529e (small blind) folded before Flop
Seat 3: 3907de28 (big blind) showed [6h 8d] and won ($0.24) with Pair of Sixes
Seat 4: Hero folded before Flop (didn't bet)
Seat 5: 5e1b5ec6 folded before Flop (didn't bet)
Seat 6: a48ceac2 showed [3h Kc] and lost with King-High


Poker Hand #HD1860608773: Hold'em No Limit ($0.05/$0.1) - 2024/07/17 12:18:59
Table 'NLHRed43' 6-max Seat #6 is the button
Seat 1: f9907224 ($14 in chips)
Seat 2: fe62529e ($10.1 in chips)
Seat 3: 3907de28 ($11.49 in chips)
Seat 4: Hero ($11.76 in chips)
Seat 5: 5e1b5ec6 ($10 in chips)
Seat 6: a48ceac2 ($21.5 in chips)
f9907224: posts small blind $0.05
fe62529e: posts big blind $0.1
*** HOLE CARDS ***
Dealt to f9907224 
Dealt to fe62529e 
Dealt to 3907de28 
Dealt to Hero [Jh 4s]
Dealt to 5e1b5ec6 
Dealt to a48ceac2 
3907de28: folds
Hero: folds
5e1b5ec6: raises $0.1 to $0.2
a48ceac2: raises $0.55 to $0.75
f9907224: folds
fe62529e: folds
5e1b5ec6: calls $0.55
*** FLOP *** [9c 3h Ac]
5e1b5ec6: checks
a48ceac2: bets $1.65
5e1b5ec6: raises $3.72 to $5.37
a48ceac2: raises $12.39 to $17.76
5e1b5ec6: calls $3.88 and is all-in
Uncalled bet ($8.51) returned to a48ceac2
a48ceac2: shows [Kd Ad] (Pair of Aces)
5e1b5ec6: shows [As 3s] (Pair of Aces and Pair of Treys)
*** TURN *** [9c 3h Ac] [Kh]
a48ceac2: Chooses to EV Cashout 
*** RIVER *** [9c 3h Ac Kh] [6h]
a48ceac2: Pays Cashout Risk ($0.63)
*** SHOWDOWN ***
a48ceac2 collected $19.05 from pot
*** SUMMARY ***
Total pot $20.15 | Rake $1 | Jackpot $0.1 | Bingo $0 | Fortune $0 | Tax $0
Board [9c 3h Ac Kh 6h]
Seat 1: f9907224 (small blind) folded before Flop
Seat 2: fe62529e (big blind) folded before Flop
Seat 3: 3907de28 folded before Flop (didn't bet)
Seat 4: Hero folded before Flop (didn't bet)
Seat 5: 5e1b5ec6 showed [As 3s] and lost with Pair of Aces and Pair of Treys
Seat 6: a48ceac2 (button) showed [Kd Ad] and won ($19.05) with Pair of Aces and Pair of Kings, Cashout Risk ($0.63)


Poker Hand #HD1860608662: Hold'em No Limit ($0.05/$0.1) - 2024/07/17 12:17:47
Table 'NLHRed43' 6-max Seat #5 is the button
Seat 1: f9907224 ($13.15 in chips)
Seat 2: fe62529e ($10.1 in chips)
Seat 3: 3907de28 ($11.49 in chips)
Seat 4: Hero ($11.76 in chips)
Seat 5: 5e1b5ec6 ($10 in chips)
Seat 6: a48ceac2 ($22.23 in chips)
a48ceac2: posts small blind $0.05
f9907224: posts big blind $0.1
*** HOLE CARDS ***
Dealt to f9907224 
Dealt to fe62529e 
Dealt to 3907de28 
Dealt to Hero [Tc 4d]
Dealt to 5e1b5ec6 
Dealt to a48ceac2 
fe62529e: folds
3907de28: folds
Hero: folds
5e1b5ec6: raises $0.1 to $0.2
a48ceac2: calls $0.15
f9907224: calls $0.1
*** FLOP *** [7s Th 9c]
a48ceac2: bets $0.2
f9907224: calls $0.2
5e1b5ec6: folds
*** TURN *** [7s Th 9c] [Ks]
a48ceac2: checks
f9907224: checks
*** RIVER *** [7s Th 9c Ks] [7h]
a48ceac2: bets $0.33
f9907224: raises $0.92 to $1.25
a48ceac2: folds
Uncalled bet ($0.92) returned to f9907224
*** SHOWDOWN ***
f9907224 collected $1.58 from pot
*** SUMMARY ***
Total pot $1.66 | Rake $0.08 | Jackpot $0 | Bingo $0 | Fortune $0 | Tax $0
Board [7s Th 9c Ks 7h]
Seat 1: f9907224 (big blind) won ($1.58)
Seat 2: fe62529e folded before Flop (didn't bet)
Seat 3: 3907de28 folded before Flop (didn't bet)
Seat 4: Hero folded before Flop (didn't bet)
Seat 5: 5e1b5ec6 (button) folded on the Flop
Seat 6: a48ceac2 (small blind) folded on the River


Poker Hand #HD1860608644: Hold'em No Limit ($0.05/$0.1) - 2024/07/17 12:17:36
Table 'NLHRed43' 6-max Seat #4 is the button
Seat 1: f9907224 ($13.15 in chips)
Seat 2: fe62529e ($10.1 in chips)
Seat 3: 3907de28 ($11.49 in chips)
Seat 4: Hero ($11.76 in chips)
Seat 5: 5e1b5ec6 ($10 in chips)
Seat 6: a48ceac2 ($22.18 in chips)
5e1b5ec6: posts small blind $0.05
a48ceac2: posts big blind $0.1
*** HOLE CARDS ***
Dealt to f9907224 
Dealt to fe62529e 
Dealt to 3907de28 
Dealt to Hero [7d 7h]
Dealt to 5e1b5ec6 
Dealt to a48ceac2 
f9907224: folds
fe62529e: folds
3907de28: folds
Hero: folds
5e1b5ec6: folds
Uncalled bet ($0.05) returned to a48ceac2
*** SHOWDOWN ***
a48ceac2 collected $0.1 from pot
*** SUMMARY ***
Total pot $0.1 | Rake $0 | Jackpot $0 | Bingo $0 | Fortune $0 | Tax $0
Seat 1: f9907224 folded before Flop (didn't bet)
Seat 2: fe62529e folded before Flop (didn't bet)
Seat 3: 3907de28 folded before Flop (didn't bet)
Seat 4: Hero (button) folded before Flop (didn't bet)
Seat 5: 5e1b5ec6 (small blind) folded before Flop
Seat 6: a48ceac2 (big blind) collected ($0.1)


Poker Hand #HD1860608612: Hold'em No Limit ($0.05/$0.1) - 2024/07/17 12:17:20
Table 'NLHRed43' 6-max Seat #3 is the button
Seat 1: f9907224 ($13 in chips)
Seat 2: fe62529e ($10.1 in chips)
Seat 3: 3907de28 ($11.49 in chips)
Seat 4: Hero ($11.81 in chips)
Seat 5: 5e1b5ec6 ($10 in chips)
Seat 6: a48ceac2 ($22.18 in chips)
Hero: posts small blind $0.05
5e1b5ec6: posts big blind $0.1
*** HOLE CARDS ***
Dealt to f9907224 
Dealt to fe62529e 
Dealt to 3907de28 
Dealt to Hero [5h Ks]
Dealt to 5e1b5ec6 
Dealt to a48ceac2 
a48ceac2: folds
f9907224: raises $0.13 to $0.23
fe62529e: folds
3907de28: folds
Hero: folds
5e1b5ec6: folds
Uncalled bet ($0.13) returned to f9907224
*** SHOWDOWN ***
f9907224 collected $0.25 from pot
*** SUMMARY ***
Total pot $0.25 | Rake $0 | Jackpot $0 | Bingo $0 | Fortune $0 | Tax $0
Seat 1: f9907224 collected ($0.25)
Seat 2: fe62529e folded before Flop (didn't bet)
Seat 3: 3907de28 (button) folded before Flop (didn't bet)
Seat 4: Hero (small blind) folded before Flop
Seat 5: 5e1b5ec6 (big blind) folded before Flop
Seat 6: a48ceac2 folded before Flop (didn't bet)


Poker Hand #HD1860608524: Hold'em No Limit ($0.05/$0.1) - 2024/07/17 12:16:32
Table 'NLHRed43' 6-max Seat #2 is the button
Seat 1: f9907224 ($13 in chips)
Seat 2: fe62529e ($10.1 in chips)
Seat 3: 3907de28 ($11.54 in chips)
Seat 4: Hero ($11.55 in chips)
Seat 5: 5e1b5ec6 ($10 in chips)
Seat 6: a48ceac2 ($22.41 in chips)
3907de28: posts small blind $0.05
Hero: posts big blind $0.1
*** HOLE CARDS ***
Dealt to f9907224 
Dealt to fe62529e 
Dealt to 3907de28 
Dealt to Hero [5s 2s]
Dealt to 5e1b5ec6 
Dealt to a48ceac2 
5e1b5ec6: folds
a48ceac2: calls $0.1
f9907224: folds
fe62529e: folds
3907de28: folds
Hero: checks
*** FLOP *** [6c 9h Js]
Hero: checks
a48ceac2: bets $0.13
Hero: raises $0.27 to $0.4
a48ceac2: folds
Uncalled bet ($0.27) returned to Hero
*** SHOWDOWN ***
Hero collected $0.49 from pot
*** SUMMARY ***
Total pot $0.51 | Rake $0.02 | Jackpot $0 | Bingo $0 | Fortune $0 | Tax $0
Board [6c 9h Js]
Seat 1: f9907224 folded before Flop (didn't bet)
Seat 2: fe62529e (button) folded before Flop (didn't bet)
Seat 3: 3907de28 (small blind) folded before Flop
Seat 4: Hero (big blind) won ($0.49)
Seat 5: 5e1b5ec6 folded before Flop (didn't bet)
Seat 6: a48ceac2 folded on the Flop


Poker Hand #HD1860608491: Hold'em No Limit ($0.05/$0.1) - 2024/07/17 12:16:09
Table 'NLHRed43' 6-max Seat #1 is the button
Seat 1: f9907224 ($13 in chips)
Seat 2: fe62529e ($10 in chips)
Seat 3: 3907de28 ($11.64 in chips)
Seat 4: Hero ($11.55 in chips)
Seat 5: 5e1b5ec6 ($10 in chips)
Seat 6: a48ceac2 ($22.41 in chips)
fe62529e: posts small blind $0.05
3907de28: posts big blind $0.1
*** HOLE CARDS ***
Dealt to f9907224 
Dealt to fe62529e 
Dealt to 3907de28 
Dealt to Hero [7h 9c]
Dealt to 5e1b5ec6 
Dealt to a48ceac2 
Hero: folds
5e1b5ec6: folds
a48ceac2: folds
f9907224: folds
fe62529e: raises $0.2 to $0.3
3907de28: folds
Uncalled bet ($0.2) returned to fe62529e
*** SHOWDOWN ***
fe62529e collected $0.2 from pot
*** SUMMARY ***
Total pot $0.2 | Rake $0 | Jackpot $0 | Bingo $0 | Fortune $0 | Tax $0
Seat 1: f9907224 (button) folded before Flop (didn't bet)
Seat 2: fe62529e (small blind) collected ($0.2)
Seat 3: 3907de28 (big blind) folded before Flop
Seat 4: Hero folded before Flop (didn't bet)
Seat 5: 5e1b5ec6 folded before Flop (didn't bet)
Seat 6: a48ceac2 folded before Flop (didn't bet)


Poker Hand #HD1860608445: Hold'em No Limit ($0.05/$0.1) - 2024/07/17 12:15:48
Table 'NLHRed43' 6-max Seat #6 is the button
Seat 1: f9907224 ($12.9 in chips)
Seat 2: fe62529e ($10 in chips)
Seat 3: 3907de28 ($11.64 in chips)
Seat 4: Hero ($11.55 in chips)
Seat 5: 5e1b5ec6 ($10 in chips)
Seat 6: a48ceac2 ($22.41 in chips)
f9907224: posts small blind $0.05
fe62529e: posts big blind $0.1
*** HOLE CARDS ***
Dealt to f9907224 
Dealt to fe62529e 
Dealt to 3907de28 
Dealt to Hero [6d 4c]
Dealt to 5e1b5ec6 
Dealt to a48ceac2 
3907de28: folds
Hero: folds
5e1b5ec6: folds
a48ceac2: folds
f9907224: raises $0.2 to $0.3
fe62529e: folds
Uncalled bet ($0.2) returned to f9907224
*** SHOWDOWN ***
f9907224 collected $0.2 from pot
*** SUMMARY ***
Total pot $0.2 | Rake $0 | Jackpot $0 | Bingo $0 | Fortune $0 | Tax $0
Seat 1: f9907224 (small blind) collected ($0.2)
Seat 2: fe62529e (big blind) folded before Flop
Seat 3: 3907de28 folded before Flop (didn't bet)
Seat 4: Hero folded before Flop (didn't bet)
Seat 5: 5e1b5ec6 folded before Flop (didn't bet)
Seat 6: a48ceac2 (button) folded before Flop (didn't bet)


Poker Hand #HD1860608400: Hold'em No Limit ($0.05/$0.1) - 2024/07/17 12:15:19
Table 'NLHRed43' 6-max Seat #5 is the button
Seat 1: f9907224 ($13 in chips)
Seat 2: fe62529e ($10 in chips)
Seat 3: 3907de28 ($11.64 in chips)
Seat 4: Hero ($11.55 in chips)
Seat 5: 5e1b5ec6 ($10 in chips)
Seat 6: a48ceac2 ($22.32 in chips)
a48ceac2: posts small blind $0.05
f9907224: posts big blind $0.1
*** HOLE CARDS ***
Dealt to f9907224 
Dealt to fe62529e 
Dealt to 3907de28 
Dealt to Hero [Td 3s]
Dealt to 5e1b5ec6 
Dealt to a48ceac2 
fe62529e: folds
3907de28: folds
Hero: folds
5e1b5ec6: folds
a48ceac2: calls $0.05
f9907224: checks
*** FLOP *** [7d Qs 9h]
a48ceac2: checks
f9907224: checks
*** TURN *** [7d Qs 9h] [Tc]
a48ceac2: bets $0.1
f9907224: folds
Uncalled bet ($0.1) returned to a48ceac2
*** SHOWDOWN ***
a48ceac2 collected $0.19 from pot
*** SUMMARY ***
Total pot $0.2 | Rake $0.01 | Jackpot $0 | Bingo $0 | Fortune $0 | Tax $0
Board [7d Qs 9h Tc]
Seat 1: f9907224 (big blind) folded on the Turn
Seat 2: fe62529e folded before Flop (didn't bet)
Seat 3: 3907de28 folded before Flop (didn't bet)
Seat 4: Hero folded before Flop (didn't bet)
Seat 5: 5e1b5ec6 (button) folded before Flop (didn't bet)
Seat 6: a48ceac2 (small blind) won ($0.19)


Poker Hand #HD1860608294: Hold'em No Limit ($0.05/$0.1) - 2024/07/17 12:14:17
Table 'NLHRed43' 6-max Seat #4 is the button
Seat 1: f9907224 ($13 in chips)
Seat 2: fe62529e ($10 in chips)
Seat 3: 3907de28 ($10.91 in chips)
Seat 4: Hero ($11.55 in chips)
Seat 5: 5e1b5ec6 ($10.05 in chips)
Seat 6: a48ceac2 ($23.07 in chips)
5e1b5ec6: posts small blind $0.05
a48ceac2: posts big blind $0.1
*** HOLE CARDS ***
Dealt to f9907224 
Dealt to fe62529e 
Dealt to 3907de28 
Dealt to Hero [Kh 5c]
Dealt to 5e1b5ec6 
Dealt to a48ceac2 
f9907224: folds
fe62529e: folds
3907de28: raises $0.15 to $0.25
Hero: folds
5e1b5ec6: folds
a48ceac2: calls $0.15
*** FLOP *** [Tc Jc 8h]
a48ceac2: bets $0.19
3907de28: calls $0.19
*** TURN *** [Tc Jc 8h] [4d]
a48ceac2: bets $0.31
3907de28: calls $0.31
*** RIVER *** [Tc Jc 8h 4d] [3c]
a48ceac2: checks
3907de28: checks
a48ceac2: shows [Qs 8d] (Pair of Eights)
3907de28: shows [Th Ac] (Pair of Tens)
*** SHOWDOWN ***
3907de28 collected $1.48 from pot
*** SUMMARY ***
Total pot $1.55 | Rake $0.07 | Jackpot $0 | Bingo $0 | Fortune $0 | Tax $0
Board [Tc Jc 8h 4d 3c]
Seat 1: f9907224 folded before Flop (didn't bet)
Seat 2: fe62529e folded before Flop (didn't bet)
Seat 3: 3907de28 showed [Th Ac] and won ($1.48) with Pair of Tens
Seat 4: Hero (button) folded before Flop (didn't bet)
Seat 5: 5e1b5ec6 (small blind) folded before Flop
Seat 6: a48ceac2 (big blind) showed [Qs 8d] and lost with Pair of Eights


Poker Hand #HD1860608248: Hold'em No Limit ($0.05/$0.1) - 2024/07/17 12:13:57
Table 'NLHRed43' 6-max Seat #3 is the button
Seat 1: f9907224 ($12.67 in chips)
Seat 2: fe62529e ($10 in chips)
Seat 3: 3907de28 ($10.91 in chips)
Seat 4: Hero ($11.6 in chips)
Seat 5: 5e1b5ec6 ($10.15 in chips)
Seat 6: a48ceac2 ($23.27 in chips)
Hero: posts small blind $0.05
5e1b5ec6: posts big blind $0.1
*** HOLE CARDS ***
Dealt to f9907224 
Dealt to fe62529e 
Dealt to 3907de28 
Dealt to Hero [7d Jc]
Dealt to 5e1b5ec6 
Dealt to a48ceac2 
a48ceac2: raises $0.1 to $0.2
f9907224: raises $0.47 to $0.67
fe62529e: folds
3907de28: folds
Hero: folds
5e1b5ec6: folds
a48ceac2: folds
Uncalled bet ($0.47) returned to f9907224
*** SHOWDOWN ***
f9907224 collected $0.53 from pot
*** SUMMARY ***
Total pot $0.55 | Rake $0.02 | Jackpot $0 | Bingo $0 | Fortune $0 | Tax $0
Seat 1: f9907224 collected ($0.53)
Seat 2: fe62529e folded before Flop (didn't bet)
Seat 3: 3907de28 (button) folded before Flop (didn't bet)
Seat 4: Hero (small blind) folded before Flop
Seat 5: 5e1b5ec6 (big blind) folded before Flop
Seat 6: a48ceac2 folded before Flop


Poker Hand #HD1860608163: Hold'em No Limit ($0.05/$0.1) - 2024/07/17 12:13:06
Table 'NLHRed43' 6-max Seat #2 is the button
Seat 1: f9907224 ($12.67 in chips)
Seat 2: fe62529e ($10.82 in chips)
Seat 3: 3907de28 ($10 in chips)
Seat 4: Hero ($11.7 in chips)
Seat 5: 5e1b5ec6 ($10.15 in chips)
Seat 6: a48ceac2 ($23.27 in chips)
3907de28: posts small blind $0.05
Hero: posts big blind $0.1
*** HOLE CARDS ***
Dealt to f9907224 
Dealt to fe62529e 
Dealt to 3907de28 
Dealt to Hero [Ah Ts]
Dealt to 5e1b5ec6 
Dealt to a48ceac2 
5e1b5ec6: folds
a48ceac2: folds
f9907224: folds
fe62529e: raises $0.1 to $0.2
3907de28: raises $0.7 to $0.9
Hero: folds
fe62529e: calls $0.7
*** FLOP *** [9d Kh 6c]
3907de28: bets $0.7
fe62529e: folds
Uncalled bet ($0.7) returned to 3907de28
*** SHOWDOWN ***
3907de28 collected $1.81 from pot
*** SUMMARY ***
Total pot $1.9 | Rake $0.09 | Jackpot $0 | Bingo $0 | Fortune $0 | Tax $0
Board [9d Kh 6c]
Seat 1: f9907224 folded before Flop (didn't bet)
Seat 2: fe62529e (button) folded on the Flop
Seat 3: 3907de28 (small blind) won ($1.81)
Seat 4: Hero (big blind) folded before Flop
Seat 5: 5e1b5ec6 folded before Flop (didn't bet)
Seat 6: a48ceac2 folded before Flop (didn't bet)


Poker Hand #HD1860608142: Hold'em No Limit ($0.05/$0.1) - 2024/07/17 12:12:53
Table 'NLHRed43' 6-max Seat #1 is the button
Seat 1: f9907224 ($12.67 in chips)
Seat 2: fe62529e ($10.87 in chips)
Seat 3: 3907de28 ($10 in chips)
Seat 4: Hero ($11.7 in chips)
Seat 5: 5e1b5ec6 ($10 in chips)
Seat 6: a48ceac2 ($23.27 in chips)
fe62529e: posts small blind $0.05
3907de28: posts big blind $0.1
*** HOLE CARDS ***
Dealt to f9907224 
Dealt to fe62529e 
Dealt to 3907de28 
Dealt to Hero [6c 3s]
Dealt to 5e1b5ec6 
Dealt to a48ceac2 
Hero: folds
5e1b5ec6: raises $0.1 to $0.2
a48ceac2: folds
f9907224: folds
fe62529e: folds
3907de28: folds
Uncalled bet ($0.1) returned to 5e1b5ec6
*** SHOWDOWN ***
5e1b5ec6 collected $0.25 from pot
*** SUMMARY ***
Total pot $0.25 | Rake $0 | Jackpot $0 | Bingo $0 | Fortune $0 | Tax $0
Seat 1: f9907224 (button) folded before Flop (didn't bet)
Seat 2: fe62529e (small blind) folded before Flop
Seat 3: 3907de28 (big blind) folded before Flop
Seat 4: Hero folded before Flop (didn't bet)
Seat 5: 5e1b5ec6 collected ($0.25)
Seat 6: a48ceac2 folded before Flop (didn't bet)


Poker Hand #HD1860608021: Hold'em No Limit ($0.05/$0.1) - 2024/07/17 12:11:50
Table 'NLHRed43' 6-max Seat #6 is the button
Seat 1: f9907224 ($12.72 in chips)
Seat 2: fe62529e ($10.97 in chips)
Seat 3: 3907de28 ($10 in chips)
Seat 4: Hero ($11.7 in chips)
Seat 5: 5e1b5ec6 ($10.1 in chips)
Seat 6: a48ceac2 ($20.46 in chips)
f9907224: posts small blind $0.05
fe62529e: posts big blind $0.1
*** HOLE CARDS ***
Dealt to f9907224 
Dealt to fe62529e 
Dealt to 3907de28 
Dealt to Hero [9c 8s]
Dealt to 5e1b5ec6 
Dealt to a48ceac2 
3907de28: folds
Hero: folds
5e1b5ec6: raises $0.1 to $0.2
a48ceac2: raises $0.19 to $0.39
f9907224: folds
fe62529e: folds
5e1b5ec6: calls $0.19
*** FLOP *** [Qs Jd Ts]
5e1b5ec6: checks
a48ceac2: checks
*** TURN *** [Qs Jd Ts] [4s]
5e1b5ec6: bets $0.67
a48ceac2: raises $0.75 to $1.42
5e1b5ec6: calls $0.75
*** RIVER *** [Qs Jd Ts 4s] [7c]
5e1b5ec6: checks
a48ceac2: bets $1.25
5e1b5ec6: calls $1.25
a48ceac2: shows [As Kh] (Aces-High Straight)
5e1b5ec6: shows [Qc 6c] (Pair of Queens)
*** SHOWDOWN ***
a48ceac2 collected $5.87 from pot
*** SUMMARY ***
Total pot $6.27 | Rake $0.3 | Jackpot $0.1 | Bingo $0 | Fortune $0 | Tax $0
Board [Qs Jd Ts 4s 7c]
Seat 1: f9907224 (small blind) folded before Flop
Seat 2: fe62529e (big blind) folded before Flop
Seat 3: 3907de28 folded before Flop (didn't bet)
Seat 4: Hero folded before Flop (didn't bet)
Seat 5: 5e1b5ec6 showed [Qc 6c] and lost with Pair of Queens
Seat 6: a48ceac2 (button) showed [As Kh] and won ($5.87) with Aces-High Straight


Poker Hand #HD1860607992: Hold'em No Limit ($0.05/$0.1) - 2024/07/17 12:11:37
Table 'NLHRed43' 6-max Seat #5 is the button
Seat 1: f9907224 ($12.82 in chips)
Seat 2: fe62529e ($10.97 in chips)
Seat 3: 3907de28 ($10 in chips)
Seat 4: Hero ($11.7 in chips)
Seat 5: 5e1b5ec6 ($10.1 in chips)
Seat 6: a48ceac2 ($20.36 in chips)
a48ceac2: posts small blind $0.05
f9907224: posts big blind $0.1
*** HOLE CARDS ***
Dealt to f9907224 
Dealt to fe62529e 
Dealt to 3907de28 
Dealt to Hero [Qd 7h]
Dealt to 5e1b5ec6 
Dealt to a48ceac2 
fe62529e: folds
3907de28: folds
Hero: folds
5e1b5ec6: folds
a48ceac2: raises $0.2 to $0.3
f9907224: folds
Uncalled bet ($0.2) returned to a48ceac2
*** SHOWDOWN ***
a48ceac2 collected $0.2 from pot
*** SUMMARY ***
Total pot $0.2 | Rake $0 | Jackpot $0 | Bingo $0 | Fortune $0 | Tax $0
Seat 1: f9907224 (big blind) folded before Flop
Seat 2: fe62529e folded before Flop (didn't bet)
Seat 3: 3907de28 folded before Flop (didn't bet)
Seat 4: Hero folded before Flop (didn't bet)
Seat 5: 5e1b5ec6 (button) folded before Flop (didn't bet)
Seat 6: a48ceac2 (small blind) collected ($0.2)


Poker Hand #HD1860607963: Hold'em No Limit ($0.05/$0.1) - 2024/07/17 12:11:18
Table 'NLHRed43' 6-max Seat #4 is the button
Seat 1: f9907224 ($12.82 in chips)
Seat 2: fe62529e ($10.97 in chips)
Seat 3: 3907de28 ($10 in chips)
Seat 4: Hero ($11.7 in chips)
Seat 5: 5e1b5ec6 ($10 in chips)
Seat 6: a48ceac2 ($20.46 in chips)
5e1b5ec6: posts small blind $0.05
a48ceac2: posts big blind $0.1
*** HOLE CARDS ***
Dealt to f9907224 
Dealt to fe62529e 
Dealt to 3907de28 
Dealt to Hero [Kd 5s]
Dealt to 5e1b5ec6 
Dealt to a48ceac2 
f9907224: folds
fe62529e: folds
3907de28: folds
Hero: folds
5e1b5ec6: raises $0.1 to $0.2
a48ceac2: folds
Uncalled bet ($0.1) returned to 5e1b5ec6
*** SHOWDOWN ***
5e1b5ec6 collected $0.2 from pot
*** SUMMARY ***
Total pot $0.2 | Rake $0 | Jackpot $0 | Bingo $0 | Fortune $0 | Tax $0
Seat 1: f9907224 folded before Flop (didn't bet)
Seat 2: fe62529e folded before Flop (didn't bet)
Seat 3: 3907de28 folded before Flop (didn't bet)
Seat 4: Hero (button) folded before Flop (didn't bet)
Seat 5: 5e1b5ec6 (small blind) collected ($0.2)
Seat 6: a48ceac2 (big blind) folded before Flop


Poker Hand #HD1860607900: Hold'em No Limit ($0.05/$0.1) - 2024/07/17 12:10:40
Table 'NLHRed43' 6-max Seat #3 is the button
Seat 1: f9907224 ($12.58 in chips)
Seat 2: fe62529e ($10.97 in chips)
Seat 3: 3907de28 ($10 in chips)
Seat 4: Hero ($11.75 in chips)
Seat 5: 5e1b5ec6 ($10 in chips)
Seat 6: a48ceac2 ($20.56 in chips)
Hero: posts small blind $0.05
5e1b5ec6: posts big blind $0.1
*** HOLE CARDS ***
Dealt to f9907224 
Dealt to fe62529e 
Dealt to 3907de28 
Dealt to Hero [5s Kc]
Dealt to 5e1b5ec6 
Dealt to a48ceac2 
a48ceac2: calls $0.1
f9907224: raises $0.24 to $0.34
fe62529e: folds
3907de28: folds
Hero: folds
5e1b5ec6: folds
a48ceac2: folds
Uncalled bet ($0.24) returned to f9907224
*** SHOWDOWN ***
f9907224 collected $0.34 from pot
*** SUMMARY ***
Total pot $0.35 | Rake $0.01 | Jackpot $0 | Bingo $0 | Fortune $0 | Tax $0
Seat 1: f9907224 collected ($0.34)
Seat 2: fe62529e folded before Flop (didn't bet)
Seat 3: 3907de28 (button) folded before Flop (didn't bet)
Seat 4: Hero (small blind) folded before Flop
Seat 5: 5e1b5ec6 (big blind) folded before Flop
Seat 6: a48ceac2 folded before Flop


Poker Hand #HD1860607804: Hold'em No Limit ($0.05/$0.1) - 2024/07/17 12:09:48
Table 'NLHRed43' 6-max Seat #2 is the button
Seat 1: f9907224 ($12.58 in chips)
Seat 2: fe62529e ($10.97 in chips)
Seat 3: 3907de28 ($10 in chips)
Seat 4: Hero ($10.97 in chips)
Seat 5: 5e1b5ec6 ($10.15 in chips)
Seat 6: a48ceac2 ($20.76 in chips)
3907de28: posts small blind $0.05
Hero: posts big blind $0.1
*** HOLE CARDS ***
Dealt to f9907224 
Dealt to fe62529e 
Dealt to 3907de28 
Dealt to Hero [5h 6h]
Dealt to 5e1b5ec6 
Dealt to a48ceac2 
5e1b5ec6: raises $0.1 to $0.2
a48ceac2: calls $0.2
f9907224: folds
fe62529e: folds
3907de28: folds
Hero: calls $0.1
*** FLOP *** [Tc 4h 2s]
Hero: checks
5e1b5ec6: bets $0.4
a48ceac2: folds
Hero: raises $0.8 to $1.2
5e1b5ec6: folds
Uncalled bet ($0.8) returned to Hero
*** SHOWDOWN ***
Hero collected $1.38 from pot
*** SUMMARY ***
Total pot $1.45 | Rake $0.07 | Jackpot $0 | Bingo $0 | Fortune $0 | Tax $0
Board [Tc 4h 2s]
Seat 1: f9907224 folded before Flop (didn't bet)
Seat 2: fe62529e (button) folded before Flop (didn't bet)
Seat 3: 3907de28 (small blind) folded before Flop
Seat 4: Hero (big blind) won ($1.38)
Seat 5: 5e1b5ec6 folded on the Flop
Seat 6: a48ceac2 folded on the Flop


Poker Hand #HD1860607683: Hold'em No Limit ($0.05/$0.1) - 2024/07/17 12:08:37
Table 'NLHRed43' 6-max Seat #1 is the button
Seat 1: f9907224 ($12.58 in chips)
Seat 2: fe62529e ($11.02 in chips)
Seat 3: 3907de28 ($10.15 in chips)
Seat 4: Hero ($10.47 in chips)
Seat 5: 5e1b5ec6 ($10.15 in chips)
Seat 6: a48ceac2 ($20.76 in chips)
fe62529e: posts small blind $0.05
3907de28: posts big blind $0.1
*** HOLE CARDS ***
Dealt to f9907224 
Dealt to fe62529e 
Dealt to 3907de28 
Dealt to Hero [6s As]
Dealt to 5e1b5ec6 
Dealt to a48ceac2 
Hero: raises $0.1 to $0.2
5e1b5ec6: folds
a48ceac2: folds
f9907224: folds
fe62529e: folds
3907de28: calls $0.1
*** FLOP *** [9d Td Ah]
3907de28: checks
Hero: checks
*** TURN *** [9d Td Ah] [7s]
3907de28: bets $0.3
Hero: calls $0.3
*** RIVER *** [9d Td Ah 7s] [3c]
3907de28: checks
Hero: checks
3907de28: shows [Qc Js] (Ace-High)
Hero: shows [6s As] (Pair of Aces)
*** SHOWDOWN ***
Hero collected $1 from pot
*** SUMMARY ***
Total pot $1.05 | Rake $0.05 | Jackpot $0 | Bingo $0 | Fortune $0 | Tax $0
Board [9d Td Ah 7s 3c]
Seat 1: f9907224 (button) folded before Flop (didn't bet)
Seat 2: fe62529e (small blind) folded before Flop
Seat 3: 3907de28 (big blind) showed [Qc Js] and lost with Ace-High
Seat 4: Hero showed [6s As] and won ($1) with Pair of Aces
Seat 5: 5e1b5ec6 folded before Flop (didn't bet)
Seat 6: a48ceac2 folded before Flop (didn't bet)


Poker Hand #HD1860607650: Hold'em No Limit ($0.05/$0.1) - 2024/07/17 12:08:19
Table 'NLHRed43' 6-max Seat #6 is the button
Seat 1: f9907224 ($12.63 in chips)
Seat 2: fe62529e ($11.12 in chips)
Seat 3: 3907de28 ($10.15 in chips)
Seat 4: Hero ($10.47 in chips)
Seat 5: 5e1b5ec6 ($10 in chips)
Seat 6: a48ceac2 ($20.76 in chips)
f9907224: posts small blind $0.05
fe62529e: posts big blind $0.1
*** HOLE CARDS ***
Dealt to f9907224 
Dealt to fe62529e 
Dealt to 3907de28 
Dealt to Hero [2s 5d]
Dealt to 5e1b5ec6 
Dealt to a48ceac2 
3907de28: folds
Hero: folds
5e1b5ec6: raises $0.1 to $0.2
a48ceac2: folds
f9907224: folds
fe62529e: folds
Uncalled bet ($0.1) returned to 5e1b5ec6
*** SHOWDOWN ***
5e1b5ec6 collected $0.25 from pot
*** SUMMARY ***
Total pot $0.25 | Rake $0 | Jackpot $0 | Bingo $0 | Fortune $0 | Tax $0
Seat 1: f9907224 (small blind) folded before Flop
Seat 2: fe62529e (big blind) folded before Flop
Seat 3: 3907de28 folded before Flop (didn't bet)
Seat 4: Hero folded before Flop (didn't bet)
Seat 5: 5e1b5ec6 collected ($0.25)
Seat 6: a48ceac2 (button) folded before Flop (didn't bet)


Poker Hand #HD1860607629: Hold'em No Limit ($0.05/$0.1) - 2024/07/17 12:08:06
Table 'NLHRed43' 6-max Seat #5 is the button
Seat 1: f9907224 ($12.73 in chips)
Seat 2: fe62529e ($11.12 in chips)
Seat 3: 3907de28 ($10 in chips)
Seat 4: Hero ($10.47 in chips)
Seat 5: 5e1b5ec6 ($10 in chips)
Seat 6: a48ceac2 ($20.81 in chips)
a48ceac2: posts small blind $0.05
f9907224: posts big blind $0.1
*** HOLE CARDS ***
Dealt to f9907224 
Dealt to fe62529e 
Dealt to 3907de28 
Dealt to Hero [As 5d]
Dealt to 5e1b5ec6 
Dealt to a48ceac2 
fe62529e: folds
3907de28: raises $0.2 to $0.3
Hero: folds
5e1b5ec6: folds
a48ceac2: folds
f9907224: folds
Uncalled bet ($0.2) returned to 3907de28
*** SHOWDOWN ***
3907de28 collected $0.25 from pot
*** SUMMARY ***
Total pot $0.25 | Rake $0 | Jackpot $0 | Bingo $0 | Fortune $0 | Tax $0
Seat 1: f9907224 (big blind) folded before Flop
Seat 2: fe62529e folded before Flop (didn't bet)
Seat 3: 3907de28 collected ($0.25)
Seat 4: Hero folded before Flop (didn't bet)
Seat 5: 5e1b5ec6 (button) folded before Flop (didn't bet)
Seat 6: a48ceac2 (small blind) folded before Flop


Poker Hand #HD1860607546: Hold'em No Limit ($0.05/$0.1) - 2024/07/17 12:07:25
Table 'NLHRed43' 6-max Seat #4 is the button
Seat 1: f9907224 ($12.73 in chips)
Seat 2: fe62529e ($10.89 in chips)
Seat 3: 3907de28 ($10 in chips)
Seat 4: Hero ($10.47 in chips)
Seat 5: 5e1b5ec6 ($10.05 in chips)
Seat 6: a48ceac2 ($21.01 in chips)
5e1b5ec6: posts small blind $0.05
a48ceac2: posts big blind $0.1
*** HOLE CARDS ***
Dealt to f9907224 
Dealt to fe62529e 
Dealt to 3907de28 
Dealt to Hero [Ts Kd]
Dealt to 5e1b5ec6 
Dealt to a48ceac2 
f9907224: folds
fe62529e: raises $0.1 to $0.2
3907de28: folds
Hero: folds
5e1b5ec6: folds
a48ceac2: calls $0.1
*** FLOP *** [7s Jd Ad]
a48ceac2: checks
fe62529e: bets $0.23
a48ceac2: folds
Uncalled bet ($0.23) returned to fe62529e
*** SHOWDOWN ***
fe62529e collected $0.43 from pot
*** SUMMARY ***
Total pot $0.45 | Rake $0.02 | Jackpot $0 | Bingo $0 | Fortune $0 | Tax $0
Board [7s Jd Ad]
Seat 1: f9907224 folded before Flop (didn't bet)
Seat 2: fe62529e won ($0.43)
Seat 3: 3907de28 folded before Flop (didn't bet)
Seat 4: Hero (button) folded before Flop (didn't bet)
Seat 5: 5e1b5ec6 (small blind) folded before Flop
Seat 6: a48ceac2 (big blind) folded on the Flop


Poker Hand #HD1860607509: Hold'em No Limit ($0.05/$0.1) - 2024/07/17 12:07:02
Table 'NLHRed43' 6-max Seat #3 is the button
Seat 1: f9907224 ($12.73 in chips)
Seat 2: fe62529e ($10.89 in chips)
Seat 3: 3907de28 ($10 in chips)
Seat 4: Hero ($10.52 in chips)
Seat 5: 5e1b5ec6 ($10 in chips)
Seat 6: a48ceac2 ($21.01 in chips)
Hero: posts small blind $0.05
5e1b5ec6: posts big blind $0.1
*** HOLE CARDS ***
Dealt to f9907224 
Dealt to fe62529e 
Dealt to 3907de28 
Dealt to Hero [6h Qc]
Dealt to 5e1b5ec6 
Dealt to a48ceac2 
a48ceac2: folds
f9907224: folds
fe62529e: folds
3907de28: folds
Hero: folds
Uncalled bet ($0.05) returned to 5e1b5ec6
*** SHOWDOWN ***
5e1b5ec6 collected $0.1 from pot
*** SUMMARY ***
Total pot $0.1 | Rake $0 | Jackpot $0 | Bingo $0 | Fortune $0 | Tax $0
Seat 1: f9907224 folded before Flop (didn't bet)
Seat 2: fe62529e folded before Flop (didn't bet)
Seat 3: 3907de28 (button) folded before Flop (didn't bet)
Seat 4: Hero (small blind) folded before Flop
Seat 5: 5e1b5ec6 (big blind) collected ($0.1)
Seat 6: a48ceac2 folded before Flop (didn't bet)


Poker Hand #HD1860607481: Hold'em No Limit ($0.05/$0.1) - 2024/07/17 12:06:49
Table 'NLHRed43' 6-max Seat #2 is the button
Seat 1: f9907224 ($12.73 in chips)
Seat 2: fe62529e ($10.89 in chips)
Seat 3: 3907de28 ($10 in chips)
Seat 4: Hero ($10.47 in chips)
Seat 5: 5e1b5ec6 ($10 in chips)
Seat 6: a48ceac2 ($21.01 in chips)
3907de28: posts small blind $0.05
Hero: posts big blind $0.1
*** HOLE CARDS ***
Dealt to f9907224 
Dealt to fe62529e 
Dealt to 3907de28 
Dealt to Hero [9c Td]
Dealt to 5e1b5ec6 
Dealt to a48ceac2 
5e1b5ec6: folds
a48ceac2: folds
f9907224: folds
fe62529e: folds
3907de28: folds
Uncalled bet ($0.05) returned to Hero
*** SHOWDOWN ***
Hero collected $0.1 from pot
*** SUMMARY ***
Total pot $0.1 | Rake $0 | Jackpot $0 | Bingo $0 | Fortune $0 | Tax $0
Seat 1: f9907224 folded before Flop (didn't bet)
Seat 2: fe62529e (button) folded before Flop (didn't bet)
Seat 3: 3907de28 (small blind) folded before Flop
Seat 4: Hero (big blind) collected ($0.1)
Seat 5: 5e1b5ec6 folded before Flop (didn't bet)
Seat 6: a48ceac2 folded before Flop (didn't bet)


Poker Hand #HD1860607423: Hold'em No Limit ($0.05/$0.1) - 2024/07/17 12:06:16
Table 'NLHRed43' 6-max Seat #1 is the button
Seat 1: f9907224 ($12.4 in chips)
Seat 2: fe62529e ($10.94 in chips)
Seat 3: 3907de28 ($10 in chips)
Seat 4: Hero ($10.47 in chips)
Seat 5: 5e1b5ec6 ($10 in chips)
Seat 6: a48ceac2 ($21.01 in chips)
fe62529e: posts small blind $0.05
3907de28: posts big blind $0.1
*** HOLE CARDS ***
Dealt to f9907224 
Dealt to fe62529e 
Dealt to 3907de28 
Dealt to Hero [5s Qc]
Dealt to 5e1b5ec6 
Dealt to a48ceac2 
Hero: folds
5e1b5ec6: raises $0.1 to $0.2
a48ceac2: folds
f9907224: raises $0.47 to $0.67
fe62529e: folds
3907de28: folds
5e1b5ec6: folds
Uncalled bet ($0.47) returned to f9907224
*** SHOWDOWN ***
f9907224 collected $0.53 from pot
*** SUMMARY ***
Total pot $0.55 | Rake $0.02 | Jackpot $0 | Bingo $0 | Fortune $0 | Tax $0
Seat 1: f9907224 (button) collected ($0.53)
Seat 2: fe62529e (small blind) folded before Flop
Seat 3: 3907de28 (big blind) folded before Flop
Seat 4: Hero folded before Flop (didn't bet)
Seat 5: 5e1b5ec6 folded before Flop
Seat 6: a48ceac2 folded before Flop (didn't bet)


Poker Hand #HD1860607328: Hold'em No Limit ($0.05/$0.1) - 2024/07/17 12:05:25
Table 'NLHRed43' 6-max Seat #6 is the button
Seat 1: f9907224 ($12.6 in chips)
Seat 2: fe62529e ($10.38 in chips)
Seat 4: Hero ($10.47 in chips)
Seat 5: 5e1b5ec6 ($10 in chips)
Seat 6: a48ceac2 ($21.21 in chips)
f9907224: posts small blind $0.05
fe62529e: posts big blind $0.1
*** HOLE CARDS ***
Dealt to f9907224 
Dealt to fe62529e 
Dealt to Hero [6c Js]
Dealt to 5e1b5ec6 
Dealt to a48ceac2 
Hero: folds
5e1b5ec6: raises $0.1 to $0.2
a48ceac2: calls $0.2
f9907224: calls $0.15
fe62529e: raises $1.3 to $1.5
5e1b5ec6: folds
a48ceac2: folds
f9907224: folds
Uncalled bet ($1.3) returned to fe62529e
*** SHOWDOWN ***
fe62529e collected $0.76 from pot
*** SUMMARY ***
Total pot $0.8 | Rake $0.04 | Jackpot $0 | Bingo $0 | Fortune $0 | Tax $0
Seat 1: f9907224 (small blind) folded before Flop
Seat 2: fe62529e (big blind) collected ($0.76)
Seat 4: Hero folded before Flop (didn't bet)
Seat 5: 5e1b5ec6 folded before Flop
Seat 6: a48ceac2 (button) folded before Flop


Poker Hand #HD1860607215: Hold'em No Limit ($0.05/$0.1) - 2024/07/17 12:04:20
Table 'NLHRed43' 6-max Seat #5 is the button
Seat 1: f9907224 ($12.8 in chips)
Seat 2: fe62529e ($10.15 in chips)
Seat 4: Hero ($10.47 in chips)
Seat 5: 5e1b5ec6 ($10 in chips)
Seat 6: a48ceac2 ($21.26 in chips)
a48ceac2: posts small blind $0.05
f9907224: posts big blind $0.1
*** HOLE CARDS ***
Dealt to f9907224 
Dealt to fe62529e 
Dealt to Hero [8d 2s]
Dealt to 5e1b5ec6 
Dealt to a48ceac2 
fe62529e: raises $0.1 to $0.2
Hero: folds
5e1b5ec6: folds
a48ceac2: folds
f9907224: calls $0.1
*** FLOP *** [9s As Jd]
f9907224: checks
fe62529e: checks
*** TURN *** [9s As Jd] [Tc]
f9907224: checks
fe62529e: bets $0.32
f9907224: folds
Uncalled bet ($0.32) returned to fe62529e
*** SHOWDOWN ***
fe62529e collected $0.43 from pot
*** SUMMARY ***
Total pot $0.45 | Rake $0.02 | Jackpot $0 | Bingo $0 | Fortune $0 | Tax $0
Board [9s As Jd Tc]
Seat 1: f9907224 (big blind) folded on the Turn
Seat 2: fe62529e won ($0.43)
Seat 4: Hero folded before Flop (didn't bet)
Seat 5: 5e1b5ec6 (button) folded before Flop (didn't bet)
Seat 6: a48ceac2 (small blind) folded before Flop


Poker Hand #HD1860607169: Hold'em No Limit ($0.05/$0.1) - 2024/07/17 12:03:54
Table 'NLHRed43' 6-max Seat #4 is the button
Seat 1: f9907224 ($12.8 in chips)
Seat 2: fe62529e ($10.15 in chips)
Seat 4: Hero ($10.47 in chips)
Seat 5: 5e1b5ec6 ($10 in chips)
Seat 6: a48ceac2 ($21.08 in chips)
5e1b5ec6: posts small blind $0.05
a48ceac2: posts big blind $0.1
*** HOLE CARDS ***
Dealt to f9907224 
Dealt to fe62529e 
Dealt to Hero [5d 7h]
Dealt to 5e1b5ec6 
Dealt to a48ceac2 
f9907224: folds
fe62529e: folds
Hero: folds
5e1b5ec6: raises $0.1 to $0.2
a48ceac2: raises $0.2 to $0.4
5e1b5ec6: folds
Uncalled bet ($0.2) returned to a48ceac2
*** SHOWDOWN ***
a48ceac2 collected $0.38 from pot
*** SUMMARY ***
Total pot $0.4 | Rake $0.02 | Jackpot $0 | Bingo $0 | Fortune $0 | Tax $0
Seat 1: f9907224 folded before Flop (didn't bet)
Seat 2: fe62529e folded before Flop (didn't bet)
Seat 4: Hero (button) folded before Flop (didn't bet)
Seat 5: 5e1b5ec6 (small blind) folded before Flop
Seat 6: a48ceac2 (big blind) collected ($0.38)


Poker Hand #HD1860607125: Hold'em No Limit ($0.05/$0.1) - 2024/07/17 12:03:34
Table 'NLHRed43' 6-max Seat #2 is the button
Seat 1: f9907224 ($12.8 in chips)
Seat 2: fe62529e ($10.15 in chips)
Seat 4: Hero ($10.52 in chips)
Seat 5: 5e1b5ec6 ($10 in chips)
Seat 6: a48ceac2 ($20.93 in chips)
Hero: posts small blind $0.05
5e1b5ec6: posts big blind $0.1
*** HOLE CARDS ***
Dealt to f9907224 
Dealt to fe62529e 
Dealt to Hero [5d 4d]
Dealt to 5e1b5ec6 
Dealt to a48ceac2 
a48ceac2: raises $0.2 to $0.3
f9907224: folds
fe62529e: folds
Hero: folds
5e1b5ec6: folds
Uncalled bet ($0.2) returned to a48ceac2
*** SHOWDOWN ***
a48ceac2 collected $0.25 from pot
*** SUMMARY ***
Total pot $0.25 | Rake $0 | Jackpot $0 | Bingo $0 | Fortune $0 | Tax $0
Seat 1: f9907224 folded before Flop (didn't bet)
Seat 2: fe62529e (button) folded before Flop (didn't bet)
Seat 4: Hero (small blind) folded before Flop
Seat 5: 5e1b5ec6 (big blind) folded before Flop
Seat 6: a48ceac2 collected ($0.25)


Poker Hand #HD1860607030: Hold'em No Limit ($0.05/$0.1) - 2024/07/17 12:02:40
Table 'NLHRed43' 6-max Seat #1 is the button
Seat 1: f9907224 ($12.47 in chips)
Seat 2: fe62529e ($10.2 in chips)
Seat 3: 3907de28 ($10 in chips)
Seat 4: Hero ($10.52 in chips)
Seat 5: 5e1b5ec6 ($10 in chips)
Seat 6: a48ceac2 ($21.13 in chips)
fe62529e: posts small blind $0.05
3907de28: posts big blind $0.1
*** HOLE CARDS ***
Dealt to f9907224 
Dealt to fe62529e 
Dealt to 3907de28 
Dealt to Hero [Td 3d]
Dealt to 5e1b5ec6 
Dealt to a48ceac2 
Hero: folds
5e1b5ec6: folds
a48ceac2: raises $0.1 to $0.2
f9907224: raises $0.47 to $0.67
fe62529e: folds
3907de28: folds
a48ceac2: folds
Uncalled bet ($0.47) returned to f9907224
*** SHOWDOWN ***
f9907224 collected $0.53 from pot
*** SUMMARY ***
Total pot $0.55 | Rake $0.02 | Jackpot $0 | Bingo $0 | Fortune $0 | Tax $0
Seat 1: f9907224 (button) collected ($0.53)
Seat 2: fe62529e (small blind) folded before Flop
Seat 3: 3907de28 (big blind) folded before Flop
Seat 4: Hero folded before Flop (didn't bet)
Seat 5: 5e1b5ec6 folded before Flop (didn't bet)
Seat 6: a48ceac2 folded before Flop


Poker Hand #HD1860606996: Hold'em No Limit ($0.05/$0.1) - 2024/07/17 12:02:24
Table 'NLHRed43' 6-max Seat #6 is the button
Seat 1: f9907224 ($12.52 in chips)
Seat 2: fe62529e ($10.15 in chips)
Seat 3: 3907de28 ($10 in chips)
Seat 4: Hero ($10.52 in chips)
Seat 5: 5e1b5ec6 ($10 in chips)
Seat 6: a48ceac2 ($21.13 in chips)
f9907224: posts small blind $0.05
fe62529e: posts big blind $0.1
*** HOLE CARDS ***
Dealt to f9907224 
Dealt to fe62529e 
Dealt to 3907de28 
Dealt to Hero [8s 4c]
Dealt to 5e1b5ec6 
Dealt to a48ceac2 
3907de28: folds
Hero: folds
5e1b5ec6: folds
a48ceac2: folds
f9907224: folds
Uncalled bet ($0.05) returned to fe62529e
*** SHOWDOWN ***
fe62529e collected $0.1 from pot
*** SUMMARY ***
Total pot $0.1 | Rake $0 | Jackpot $0 | Bingo $0 | Fortune $0 | Tax $0
Seat 1: f9907224 (small blind) folded before Flop
Seat 2: fe62529e (big blind) collected ($0.1)
Seat 3: 3907de28 folded before Flop (didn't bet)
Seat 4: Hero folded before Flop (didn't bet)
Seat 5: 5e1b5ec6 folded before Flop (didn't bet)
Seat 6: a48ceac2 (button) folded before Flop (didn't bet)


Poker Hand #HD1860606950: Hold'em No Limit ($0.05/$0.1) - 2024/07/17 12:01:59
Table 'NLHRed43' 6-max Seat #5 is the button
Seat 1: f9907224 ($12.47 in chips)
Seat 2: fe62529e ($10.15 in chips)
Seat 3: 3907de28 ($10 in chips)
Seat 4: Hero ($10.52 in chips)
Seat 5: 5e1b5ec6 ($10 in chips)
Seat 6: a48ceac2 ($21.18 in chips)
a48ceac2: posts small blind $0.05
f9907224: posts big blind $0.1
*** HOLE CARDS ***
Dealt to f9907224 
Dealt to fe62529e 
Dealt to 3907de28 
Dealt to Hero [4s 5d]
Dealt to 5e1b5ec6 
Dealt to a48ceac2 
fe62529e: folds
3907de28: folds
Hero: folds
5e1b5ec6: folds
a48ceac2: folds
Uncalled bet ($0.05) returned to f9907224
*** SHOWDOWN ***
f9907224 collected $0.1 from pot
*** SUMMARY ***
Total pot $0.1 | Rake $0 | Jackpot $0 | Bingo $0 | Fortune $0 | Tax $0
Seat 1: f9907224 (big blind) collected ($0.1)
Seat 2: fe62529e folded before Flop (didn't bet)
Seat 3: 3907de28 folded before Flop (didn't bet)
Seat 4: Hero folded before Flop (didn't bet)
Seat 5: 5e1b5ec6 (button) folded before Flop (didn't bet)
Seat 6: a48ceac2 (small blind) folded before Flop


Poker Hand #HD1860606847: Hold'em No Limit ($0.05/$0.1) - 2024/07/17 12:01:09
Table 'NLHRed43' 6-max Seat #4 is the button
Seat 1: f9907224 ($12.47 in chips)
Seat 2: fe62529e ($10.15 in chips)
Seat 3: 3907de28 ($10.15 in chips)
Seat 4: Hero ($10.52 in chips)
Seat 5: 5e1b5ec6 ($10 in chips)
Seat 6: a48ceac2 ($20.9 in chips)
5e1b5ec6: posts small blind $0.05
a48ceac2: posts big blind $0.1
*** HOLE CARDS ***
Dealt to f9907224 
Dealt to fe62529e 
Dealt to 3907de28 
Dealt to Hero [4h 8c]
Dealt to 5e1b5ec6 
Dealt to a48ceac2 
f9907224: folds
fe62529e: folds
3907de28: raises $0.15 to $0.25
Hero: folds
5e1b5ec6: folds
a48ceac2: calls $0.15
*** FLOP *** [3c 6d 4s]
a48ceac2: bets $0.42
3907de28: folds
Uncalled bet ($0.42) returned to a48ceac2
*** SHOWDOWN ***
a48ceac2 collected $0.53 from pot
*** SUMMARY ***
Total pot $0.55 | Rake $0.02 | Jackpot $0 | Bingo $0 | Fortune $0 | Tax $0
Board [3c 6d 4s]
Seat 1: f9907224 folded before Flop (didn't bet)
Seat 2: fe62529e folded before Flop (didn't bet)
Seat 3: 3907de28 folded on the Flop
Seat 4: Hero (button) folded before Flop (didn't bet)
Seat 5: 5e1b5ec6 (small blind) folded before Flop
Seat 6: a48ceac2 (big blind) won ($0.53)


Poker Hand #HD1860606804: Hold'em No Limit ($0.05/$0.1) - 2024/07/17 12:00:44
Table 'NLHRed43' 6-max Seat #3 is the button
Seat 1: f9907224 ($12.47 in chips)
Seat 2: fe62529e ($10.15 in chips)
Seat 3: 3907de28 ($10.15 in chips)
Seat 4: Hero ($10.57 in chips)
Seat 5: 5e1b5ec6 ($10 in chips)
Seat 6: a48ceac2 ($20.75 in chips)
Hero: posts small blind $0.05
5e1b5ec6: posts big blind $0.1
*** HOLE CARDS ***
Dealt to f9907224 
Dealt to fe62529e 
Dealt to 3907de28 
Dealt to Hero [7s 8d]
Dealt to 5e1b5ec6 
Dealt to a48ceac2 
a48ceac2: raises $0.2 to $0.3
f9907224: folds
fe62529e: folds
3907de28: folds
Hero: folds
5e1b5ec6: folds
Uncalled bet ($0.2) returned to a48ceac2
*** SHOWDOWN ***
a48ceac2 collected $0.25 from pot
*** SUMMARY ***
Total pot $0.25 | Rake $0 | Jackpot $0 | Bingo $0 | Fortune $0 | Tax $0
Seat 1: f9907224 folded before Flop (didn't bet)
Seat 2: fe62529e folded before Flop (didn't bet)
Seat 3: 3907de28 (button) folded before Flop (didn't bet)
Seat 4: Hero (small blind) folded before Flop
Seat 5: 5e1b5ec6 (big blind) folded before Flop
Seat 6: a48ceac2 collected ($0.25)


Poker Hand #HD1860606762: Hold'em No Limit ($0.05/$0.1) - 2024/07/17 12:00:19
Table 'NLHRed43' 6-max Seat #2 is the button
Seat 1: f9907224 ($12.47 in chips)
Seat 2: fe62529e ($10 in chips)
Seat 3: 3907de28 ($10.2 in chips)
Seat 4: Hero ($10.67 in chips)
Seat 5: 5e1b5ec6 ($10 in chips)
3907de28: posts small blind $0.05
Hero: posts big blind $0.1
*** HOLE CARDS ***
Dealt to f9907224 
Dealt to fe62529e 
Dealt to 3907de28 
Dealt to Hero [Ac 4c]
Dealt to 5e1b5ec6 
5e1b5ec6: folds
f9907224: folds
fe62529e: raises $0.1 to $0.2
3907de28: folds
Hero: folds
Uncalled bet ($0.1) returned to fe62529e
*** SHOWDOWN ***
fe62529e collected $0.25 from pot
*** SUMMARY ***
Total pot $0.25 | Rake $0 | Jackpot $0 | Bingo $0 | Fortune $0 | Tax $0
Seat 1: f9907224 folded before Flop (didn't bet)
Seat 2: fe62529e (button) collected ($0.25)
Seat 3: 3907de28 (small blind) folded before Flop
Seat 4: Hero (big blind) folded before Flop
Seat 5: 5e1b5ec6 folded before Flop (didn't bet)


Poker Hand #HD1860606729: Hold'em No Limit ($0.05/$0.1) - 2024/07/17 12:00:01
Table 'NLHRed43' 6-max Seat #1 is the button
Seat 1: f9907224 ($12.47 in chips)
Seat 2: fe62529e ($10 in chips)
Seat 3: 3907de28 ($10.15 in chips)
Seat 4: Hero ($10.67 in chips)
Seat 5: 5e1b5ec6 ($10 in chips)
Seat 6: a48ceac2 ($20.75 in chips)
fe62529e: posts small blind $0.05
3907de28: posts big blind $0.1
*** HOLE CARDS ***
Dealt to f9907224 
Dealt to fe62529e 
Dealt to 3907de28 
Dealt to Hero [6d 7s]
Dealt to 5e1b5ec6 
Dealt to a48ceac2 
Hero: folds
5e1b5ec6: folds
a48ceac2: folds
f9907224: folds
fe62529e: folds
Uncalled bet ($0.05) returned to 3907de28
*** SHOWDOWN ***
3907de28 collected $0.1 from pot
*** SUMMARY ***
Total pot $0.1 | Rake $0 | Jackpot $0 | Bingo $0 | Fortune $0 | Tax $0
Seat 1: f9907224 (button) folded before Flop (didn't bet)
Seat 2: fe62529e (small blind) folded before Flop
Seat 3: 3907de28 (big blind) collected ($0.1)
Seat 4: Hero folded before Flop (didn't bet)
Seat 5: 5e1b5ec6 folded before Flop (didn't bet)
Seat 6: a48ceac2 folded before Flop (didn't bet)


Poker Hand #HD1860606709: Hold'em No Limit ($0.05/$0.1) - 2024/07/17 11:59:49
Table 'NLHRed43' 6-max Seat #6 is the button
Seat 1: f9907224 ($12.52 in chips)
Seat 2: fe62529e ($10 in chips)
Seat 3: 3907de28 ($10 in chips)
Seat 4: Hero ($10.67 in chips)
Seat 5: 5e1b5ec6 ($10 in chips)
Seat 6: a48ceac2 ($20.75 in chips)
f9907224: posts small blind $0.05
fe62529e: posts big blind $0.1
*** HOLE CARDS ***
Dealt to f9907224 
Dealt to fe62529e 
Dealt to 3907de28 
Dealt to Hero [7s 9d]
Dealt to 5e1b5ec6 
Dealt to a48ceac2 
3907de28: raises $0.2 to $0.3
Hero: folds
5e1b5ec6: folds
a48ceac2: folds
f9907224: folds
fe62529e: folds
Uncalled bet ($0.2) returned to 3907de28
*** SHOWDOWN ***
3907de28 collected $0.25 from pot
*** SUMMARY ***
Total pot $0.25 | Rake $0 | Jackpot $0 | Bingo $0 | Fortune $0 | Tax $0
Seat 1: f9907224 (small blind) folded before Flop
Seat 2: fe62529e (big blind) folded before Flop
Seat 3: 3907de28 collected ($0.25)
Seat 4: Hero folded before Flop (didn't bet)
Seat 5: 5e1b5ec6 folded before Flop (didn't bet)
Seat 6: a48ceac2 (button) folded before Flop (didn't bet)


Poker Hand #HD1860606607: Hold'em No Limit ($0.05/$0.1) - 2024/07/17 11:58:47
Table 'NLHRed43' 6-max Seat #5 is the button
Seat 1: f9907224 ($12.62 in chips)
Seat 2: fe62529e ($10 in chips)
Seat 3: 3907de28 ($10 in chips)
Seat 4: Hero ($10.67 in chips)
Seat 5: 5e1b5ec6 ($10.18 in chips)
Seat 6: a48ceac2 ($17.9 in chips)
a48ceac2: posts small blind $0.05
f9907224: posts big blind $0.1
*** HOLE CARDS ***
Dealt to f9907224 
Dealt to fe62529e 
Dealt to 3907de28 
Dealt to Hero [4d Ad]
Dealt to 5e1b5ec6 
Dealt to a48ceac2 
fe62529e: folds
3907de28: raises $0.2 to $0.3
Hero: folds
5e1b5ec6: calls $0.3
a48ceac2: raises $0.33 to $0.63
f9907224: folds
3907de28: calls $0.33
5e1b5ec6: raises $1.87 to $2.5
a48ceac2: calls $1.87
3907de28: folds
*** FLOP *** [Th As 4c]
a48ceac2: bets $5.73
5e1b5ec6: folds
Uncalled bet ($5.73) returned to a48ceac2
*** SHOWDOWN ***
a48ceac2 collected $5.35 from pot
*** SUMMARY ***
Total pot $5.73 | Rake $0.28 | Jackpot $0.1 | Bingo $0 | Fortune $0 | Tax $0
Board [Th As 4c]
Seat 1: f9907224 (big blind) folded before Flop
Seat 2: fe62529e folded before Flop (didn't bet)
Seat 3: 3907de28 folded before Flop
Seat 4: Hero folded before Flop (didn't bet)
Seat 5: 5e1b5ec6 (button) folded on the Flop
Seat 6: a48ceac2 (small blind) won ($5.35)


Poker Hand #HD1860606532: Hold'em No Limit ($0.05/$0.1) - 2024/07/17 11:57:56
Table 'NLHRed43' 6-max Seat #4 is the button
Seat 1: f9907224 ($12.62 in chips)
Seat 2: fe62529e ($10.11 in chips)
Seat 3: 3907de28 ($10 in chips)
Seat 4: Hero ($10.67 in chips)
Seat 5: 5e1b5ec6 ($10.23 in chips)
Seat 6: a48ceac2 ($17.53 in chips)
5e1b5ec6: posts small blind $0.05
a48ceac2: posts big blind $0.1
*** HOLE CARDS ***
Dealt to f9907224 
Dealt to fe62529e 
Dealt to 3907de28 
Dealt to Hero [Jc 3h]
Dealt to 5e1b5ec6 
Dealt to a48ceac2 
f9907224: folds
fe62529e: raises $0.1 to $0.2
3907de28: folds
Hero: folds
5e1b5ec6: folds
a48ceac2: raises $0.15 to $0.35
fe62529e: calls $0.15
*** FLOP *** [Ac 4d 3s]
a48ceac2: bets $0.25
fe62529e: folds
Uncalled bet ($0.25) returned to a48ceac2
*** SHOWDOWN ***
a48ceac2 collected $0.72 from pot
*** SUMMARY ***
Total pot $0.75 | Rake $0.03 | Jackpot $0 | Bingo $0 | Fortune $0 | Tax $0
Board [Ac 4d 3s]
Seat 1: f9907224 folded before Flop (didn't bet)
Seat 2: fe62529e folded on the Flop
Seat 3: 3907de28 folded before Flop (didn't bet)
Seat 4: Hero (button) folded before Flop (didn't bet)
Seat 5: 5e1b5ec6 (small blind) folded before Flop
Seat 6: a48ceac2 (big blind) won ($0.72)


Poker Hand #HD1860606500: Hold'em No Limit ($0.05/$0.1) - 2024/07/17 11:57:39
Table 'NLHRed43' 6-max Seat #3 is the button
Seat 1: f9907224 ($12.62 in chips)
Seat 2: fe62529e ($10.11 in chips)
Seat 3: 3907de28 ($10 in chips)
Seat 4: Hero ($10.57 in chips)
Seat 5: 5e1b5ec6 ($10.33 in chips)
Seat 6: a48ceac2 ($17.53 in chips)
Hero: posts small blind $0.05
5e1b5ec6: posts big blind $0.1
*** HOLE CARDS ***
Dealt to f9907224 
Dealt to fe62529e 
Dealt to 3907de28 
Dealt to Hero [Js Ks]
Dealt to 5e1b5ec6 
Dealt to a48ceac2 
a48ceac2: folds
f9907224: folds
fe62529e: folds
3907de28: folds
Hero: raises $0.2 to $0.3
5e1b5ec6: folds
Uncalled bet ($0.2) returned to Hero
*** SHOWDOWN ***
Hero collected $0.2 from pot
*** SUMMARY ***
Total pot $0.2 | Rake $0 | Jackpot $0 | Bingo $0 | Fortune $0 | Tax $0
Seat 1: f9907224 folded before Flop (didn't bet)
Seat 2: fe62529e folded before Flop (didn't bet)
Seat 3: 3907de28 (button) folded before Flop (didn't bet)
Seat 4: Hero (small blind) collected ($0.2)
Seat 5: 5e1b5ec6 (big blind) folded before Flop
Seat 6: a48ceac2 folded before Flop (didn't bet)


Poker Hand #HD1860606429: Hold'em No Limit ($0.05/$0.1) - 2024/07/17 11:56:59
Table 'NLHRed43' 6-max Seat #2 is the button
Seat 1: f9907224 ($12.62 in chips)
Seat 2: fe62529e ($10.31 in chips)
Seat 3: 3907de28 ($10 in chips)
Seat 4: Hero ($10.15 in chips)
Seat 5: 5e1b5ec6 ($10.33 in chips)
Seat 6: a48ceac2 ($17.73 in chips)
3907de28: posts small blind $0.05
Hero: posts big blind $0.1
*** HOLE CARDS ***
Dealt to f9907224 
Dealt to fe62529e 
Dealt to 3907de28 
Dealt to Hero [Kd Ah]
Dealt to 5e1b5ec6 
Dealt to a48ceac2 
5e1b5ec6: folds
a48ceac2: raises $0.1 to $0.2
f9907224: folds
fe62529e: calls $0.2
3907de28: folds
Hero: raises $1.1 to $1.3
a48ceac2: folds
fe62529e: folds
Uncalled bet ($1.1) returned to Hero
*** SHOWDOWN ***
Hero collected $0.62 from pot
*** SUMMARY ***
Total pot $0.65 | Rake $0.03 | Jackpot $0 | Bingo $0 | Fortune $0 | Tax $0
Seat 1: f9907224 folded before Flop (didn't bet)
Seat 2: fe62529e (button) folded before Flop
Seat 3: 3907de28 (small blind) folded before Flop
Seat 4: Hero (big blind) collected ($0.62)
Seat 5: 5e1b5ec6 folded before Flop (didn't bet)
Seat 6: a48ceac2 folded before Flop


Poker Hand #HD1860606381: Hold'em No Limit ($0.05/$0.1) - 2024/07/17 11:56:38
Table 'NLHRed43' 6-max Seat #1 is the button
Seat 1: f9907224 ($12.85 in chips)
Seat 2: fe62529e ($10 in chips)
Seat 3: 3907de28 ($10 in chips)
Seat 4: Hero ($10.15 in chips)
Seat 5: 5e1b5ec6 ($10.33 in chips)
fe62529e: posts small blind $0.05
3907de28: posts big blind $0.1
*** HOLE CARDS ***
Dealt to f9907224 
Dealt to fe62529e 
Dealt to 3907de28 
Dealt to Hero [Qc 2d]
Dealt to 5e1b5ec6 
Hero: folds
5e1b5ec6: folds
f9907224: raises $0.13 to $0.23
fe62529e: raises $0.87 to $1.1
3907de28: folds
f9907224: folds
Uncalled bet ($0.87) returned to fe62529e
*** SHOWDOWN ***
fe62529e collected $0.54 from pot
*** SUMMARY ***
Total pot $0.56 | Rake $0.02 | Jackpot $0 | Bingo $0 | Fortune $0 | Tax $0
Seat 1: f9907224 (button) folded before Flop
Seat 2: fe62529e (small blind) collected ($0.54)
Seat 3: 3907de28 (big blind) folded before Flop
Seat 4: Hero folded before Flop (didn't bet)
Seat 5: 5e1b5ec6 folded before Flop (didn't bet)


Poker Hand #HD1860606329: Hold'em No Limit ($0.05/$0.1) - 2024/07/17 11:56:06
Table 'NLHRed43' 6-max Seat #6 is the button
Seat 1: f9907224 ($12.9 in chips)
Seat 2: fe62529e ($10.03 in chips)
Seat 3: 3907de28 ($10 in chips)
Seat 4: Hero ($10 in chips)
Seat 5: 5e1b5ec6 ($10.33 in chips)
Seat 6: a48ceac2 ($17.73 in chips)
f9907224: posts small blind $0.05
fe62529e: posts big blind $0.1
*** HOLE CARDS ***
Dealt to f9907224 
Dealt to fe62529e 
Dealt to 3907de28 
Dealt to Hero [Th Tc]
Dealt to 5e1b5ec6 
Dealt to a48ceac2 
3907de28: folds
Hero: raises $0.1 to $0.2
5e1b5ec6: folds
a48ceac2: folds
f9907224: folds
fe62529e: folds
Uncalled bet ($0.1) returned to Hero
*** SHOWDOWN ***
Hero collected $0.25 from pot
*** SUMMARY ***
Total pot $0.25 | Rake $0 | Jackpot $0 | Bingo $0 | Fortune $0 | Tax $0
Seat 1: f9907224 (small blind) folded before Flop
Seat 2: fe62529e (big blind) folded before Flop
Seat 3: 3907de28 folded before Flop (didn't bet)
Seat 4: Hero collected ($0.25)
Seat 5: 5e1b5ec6 folded before Flop (didn't bet)
Seat 6: a48ceac2 (button) folded before Flop (didn't bet)


Poker Hand #HD1860606223: Hold'em No Limit ($0.05/$0.1) - 2024/07/17 11:54:59
Table 'NLHRed43' 6-max Seat #5 is the button
Seat 1: f9907224 ($13 in chips)
Seat 2: fe62529e ($10.23 in chips)
Seat 3: 3907de28 ($10 in chips)
Seat 4: Hero ($10 in chips)
Seat 5: 5e1b5ec6 ($10 in chips)
Seat 6: a48ceac2 ($17.78 in chips)
a48ceac2: posts small blind $0.05
f9907224: posts big blind $0.1
*** HOLE CARDS ***
Dealt to f9907224 
Dealt to fe62529e 
Dealt to 3907de28 
Dealt to Hero [6h 9h]
Dealt to 5e1b5ec6 
Dealt to a48ceac2 
fe62529e: raises $0.1 to $0.2
3907de28: folds
Hero: folds
5e1b5ec6: raises $0.4 to $0.6
a48ceac2: folds
f9907224: folds
fe62529e: folds
Uncalled bet ($0.4) returned to 5e1b5ec6
a48ceac2: shows [Qh 5h]
*** SHOWDOWN ***
5e1b5ec6 collected $0.53 from pot
*** SUMMARY ***
Total pot $0.55 | Rake $0.02 | Jackpot $0 | Bingo $0 | Fortune $0 | Tax $0
Seat 1: f9907224 (big blind) folded before Flop
Seat 2: fe62529e folded before Flop
Seat 3: 3907de28 folded before Flop (didn't bet)
Seat 4: Hero folded before Flop (didn't bet)
Seat 5: 5e1b5ec6 (button) collected ($0.53)
Seat 6: a48ceac2 (small blind) folded before Flop


Poker Hand #HD1860606167: Hold'em No Limit ($0.05/$0.1) - 2024/07/17 11:54:23
Table 'NLHRed43' 6-max Seat #4 is the button
Seat 1: f9907224 ($13 in chips)
Seat 2: fe62529e ($10.23 in chips)
Seat 3: 3907de28 ($10 in chips)
Seat 4: Hero ($10 in chips)
Seat 5: 5e1b5ec6 ($10.25 in chips)
Seat 6: a48ceac2 ($17.26 in chips)
5e1b5ec6: posts small blind $0.05
a48ceac2: posts big blind $0.1
*** HOLE CARDS ***
Dealt to f9907224 
Dealt to fe62529e 
Dealt to 3907de28 
Dealt to Hero [4c 3d]
Dealt to 5e1b5ec6 
Dealt to a48ceac2 
f9907224: folds
fe62529e: folds
3907de28: folds
Hero: folds
5e1b5ec6: raises $0.1 to $0.2
a48ceac2: raises $0.14 to $0.34
5e1b5ec6: calls $0.14
*** FLOP *** [9d Tc 5c]
5e1b5ec6: checks
a48ceac2: bets $0.23
5e1b5ec6: calls $0.23
*** TURN *** [9d Tc 5c] [Qc]
5e1b5ec6: checks
a48ceac2: checks
*** RIVER *** [9d Tc 5c Qc] [5h]
5e1b5ec6: checks
a48ceac2: checks
5e1b5ec6: shows [6c 8s] (Pair of Fives)
a48ceac2: shows [Kh 7h] (Pair of Fives)
*** SHOWDOWN ***
a48ceac2 collected $1.09 from pot
*** SUMMARY ***
Total pot $1.14 | Rake $0.05 | Jackpot $0 | Bingo $0 | Fortune $0 | Tax $0
Board [9d Tc 5c Qc 5h]
Seat 1: f9907224 folded before Flop (didn't bet)
Seat 2: fe62529e folded before Flop (didn't bet)
Seat 3: 3907de28 folded before Flop (didn't bet)
Seat 4: Hero (button) folded before Flop (didn't bet)
Seat 5: 5e1b5ec6 (small blind) showed [6c 8s] and lost with Pair of Fives
Seat 6: a48ceac2 (big blind) showed [Kh 7h] and won ($1.09) with Pair of Fives


Poker Hand #HD1860606102: Hold'em No Limit ($0.05/$0.1) - 2024/07/17 11:53:47
Table 'NLHRed43' 6-max Seat #3 is the button
Seat 1: f9907224 ($13 in chips)
Seat 2: fe62529e ($10 in chips)
Seat 3: 3907de28 ($10 in chips)
Seat 4: Hero ($10.05 in chips)
Seat 5: 5e1b5ec6 ($10.45 in chips)
Seat 6: a48ceac2 ($17.26 in chips)
Hero: posts small blind $0.05
5e1b5ec6: posts big blind $0.1
*** HOLE CARDS ***
Dealt to f9907224 
Dealt to fe62529e 
Dealt to 3907de28 
Dealt to Hero [2h 8s]
Dealt to 5e1b5ec6 
Dealt to a48ceac2 
a48ceac2: folds
f9907224: folds
fe62529e: raises $0.1 to $0.2
3907de28: folds
Hero: folds
5e1b5ec6: calls $0.1
*** FLOP *** [3s Jd 5c]
5e1b5ec6: checks
fe62529e: bets $0.15
5e1b5ec6: folds
Uncalled bet ($0.15) returned to fe62529e
*** SHOWDOWN ***
fe62529e collected $0.43 from pot
*** SUMMARY ***
Total pot $0.45 | Rake $0.02 | Jackpot $0 | Bingo $0 | Fortune $0 | Tax $0
Board [3s Jd 5c]
Seat 1: f9907224 folded before Flop (didn't bet)
Seat 2: fe62529e won ($0.43)
Seat 3: 3907de28 (button) folded before Flop (didn't bet)
Seat 4: Hero (small blind) folded before Flop
Seat 5: 5e1b5ec6 (big blind) folded on the Flop
Seat 6: a48ceac2 folded before Flop (didn't bet)


Poker Hand #HD1860606093: Hold'em No Limit ($0.05/$0.1) - 2024/07/17 11:53:37
Table 'NLHRed43' 6-max Seat #2 is the button
Seat 1: f9907224 ($13 in chips)
Seat 2: fe62529e ($10 in chips)
Seat 3: 3907de28 ($10 in chips)
Seat 4: Hero ($10 in chips)
Seat 5: 5e1b5ec6 ($10.45 in chips)
3907de28: posts small blind $0.05
Hero: posts big blind $0.1
*** HOLE CARDS ***
Dealt to f9907224 
Dealt to fe62529e 
Dealt to 3907de28 
Dealt to Hero [9h Th]
Dealt to 5e1b5ec6 
5e1b5ec6: folds
f9907224: folds
fe62529e: folds
3907de28: folds
Uncalled bet ($0.05) returned to Hero
*** SHOWDOWN ***
Hero collected $0.1 from pot
*** SUMMARY ***
Total pot $0.1 | Rake $0 | Jackpot $0 | Bingo $0 | Fortune $0 | Tax $0
Seat 1: f9907224 folded before Flop (didn't bet)
Seat 2: fe62529e (button) folded before Flop (didn't bet)
Seat 3: 3907de28 (small blind) folded before Flop
Seat 4: Hero (big blind) collected ($0.1)
Seat 5: 5e1b5ec6 folded before Flop (didn't bet)


