Poker Hand #HD1712048278: Hold'em No Limit ($0.02/$0.05) - 2024/04/02 11:27:34
Table 'NLHBlue3' 6-max Seat #2 is the button
Seat 1: 3695cfdc ($9.04 in chips)
Seat 2: Hero ($5.97 in chips)
Seat 3: 7b92e742 ($1.17 in chips)
Seat 4: 225fbfc0 ($5.07 in chips)
Seat 5: 239dd5f7 ($5 in chips)
Seat 6: 1e52ba99 ($5.88 in chips)
7b92e742: posts small blind $0.02
225fbfc0: posts big blind $0.05
*** HOLE CARDS ***
Dealt to 3695cfdc 
Dealt to Hero [Ad Kd]
Dealt to 7b92e742 
Dealt to 225fbfc0 
Dealt to 239dd5f7 
Dealt to 1e52ba99 
239dd5f7: raises $0.05 to $0.1
1e52ba99: folds
3695cfdc: raises $0.21 to $0.31
Hero: raises $0.59 to $0.9
7b92e742: folds
225fbfc0: folds
239dd5f7: folds
3695cfdc: folds
Uncalled bet ($0.59) returned to Hero
*** SHOWDOWN ***
Hero collected $0.75 from pot
*** SUMMARY ***
Total pot $0.79 | Rake $0.04 | Jackpot $0 | Bingo $0 | Fortune $0 | Tax $0
Seat 1: 3695cfdc folded before Flop
Seat 2: Hero (button) collected ($0.75)
Seat 3: 7b92e742 (small blind) folded before Flop
Seat 4: 225fbfc0 (big blind) folded before Flop
Seat 5: 239dd5f7 folded before Flop
Seat 6: 1e52ba99 folded before Flop (didn't bet)


Poker Hand #HD1712048247: Hold'em No Limit ($0.02/$0.05) - 2024/04/02 11:27:16
Table 'NLHBlue3' 6-max Seat #1 is the button
Seat 1: 3695cfdc ($9.04 in chips)
Seat 2: Hero ($5.99 in chips)
Seat 3: 7b92e742 ($1.22 in chips)
Seat 4: 225fbfc0 ($5.07 in chips)
Seat 5: 239dd5f7 ($5 in chips)
Seat 6: 1e52ba99 ($5.81 in chips)
Hero: posts small blind $0.02
7b92e742: posts big blind $0.05
*** HOLE CARDS ***
Dealt to 3695cfdc 
Dealt to Hero [7s 6d]
Dealt to 7b92e742 
Dealt to 225fbfc0 
Dealt to 239dd5f7 
Dealt to 1e52ba99 
225fbfc0: folds
239dd5f7: folds
1e52ba99: raises $0.1 to $0.15
3695cfdc: folds
Hero: folds
7b92e742: folds
Uncalled bet ($0.1) returned to 1e52ba99
*** SHOWDOWN ***
1e52ba99 collected $0.12 from pot
*** SUMMARY ***
Total pot $0.12 | Rake $0 | Jackpot $0 | Bingo $0 | Fortune $0 | Tax $0
Seat 1: 3695cfdc (button) folded before Flop (didn't bet)
Seat 2: Hero (small blind) folded before Flop
Seat 3: 7b92e742 (big blind) folded before Flop
Seat 4: 225fbfc0 folded before Flop (didn't bet)
Seat 5: 239dd5f7 folded before Flop (didn't bet)
Seat 6: 1e52ba99 collected ($0.12)


Poker Hand #HD1712048218: Hold'em No Limit ($0.02/$0.05) - 2024/04/02 11:26:58
Table 'NLHBlue3' 6-max Seat #6 is the button
Seat 1: 3695cfdc ($9.06 in chips)
Seat 2: Hero ($5.97 in chips)
Seat 3: 7b92e742 ($1.22 in chips)
Seat 4: 225fbfc0 ($5.07 in chips)
Seat 5: 239dd5f7 ($5 in chips)
Seat 6: 1e52ba99 ($5.81 in chips)
3695cfdc: posts small blind $0.02
Hero: posts big blind $0.05
*** HOLE CARDS ***
Dealt to 3695cfdc 
Dealt to Hero [Kh Ah]
Dealt to 7b92e742 
Dealt to 225fbfc0 
Dealt to 239dd5f7 
Dealt to 1e52ba99 
7b92e742: folds
225fbfc0: folds
239dd5f7: folds
1e52ba99: folds
3695cfdc: folds
Uncalled bet ($0.03) returned to Hero
*** SHOWDOWN ***
Hero collected $0.04 from pot
*** SUMMARY ***
Total pot $0.04 | Rake $0 | Jackpot $0 | Bingo $0 | Fortune $0 | Tax $0
Seat 1: 3695cfdc (small blind) folded before Flop
Seat 2: Hero (big blind) collected ($0.04)
Seat 3: 7b92e742 folded before Flop (didn't bet)
Seat 4: 225fbfc0 folded before Flop (didn't bet)
Seat 5: 239dd5f7 folded before Flop (didn't bet)
Seat 6: 1e52ba99 (button) folded before Flop (didn't bet)


Poker Hand #HD1712048208: Hold'em No Limit ($0.02/$0.05) - 2024/04/02 11:26:49
Table 'NLHBlue3' 6-max Seat #5 is the button
Seat 1: 3695cfdc ($9.04 in chips)
Seat 2: Hero ($5.97 in chips)
Seat 3: 7b92e742 ($1.22 in chips)
Seat 4: 225fbfc0 ($5.07 in chips)
Seat 5: 239dd5f7 ($5 in chips)
Seat 6: 1e52ba99 ($5.83 in chips)
1e52ba99: posts small blind $0.02
3695cfdc: posts big blind $0.05
*** HOLE CARDS ***
Dealt to 3695cfdc 
Dealt to Hero [4d 9s]
Dealt to 7b92e742 
Dealt to 225fbfc0 
Dealt to 239dd5f7 
Dealt to 1e52ba99 
Hero: folds
7b92e742: folds
225fbfc0: folds
239dd5f7: folds
1e52ba99: folds
Uncalled bet ($0.03) returned to 3695cfdc
*** SHOWDOWN ***
3695cfdc collected $0.04 from pot
*** SUMMARY ***
Total pot $0.04 | Rake $0 | Jackpot $0 | Bingo $0 | Fortune $0 | Tax $0
Seat 1: 3695cfdc (big blind) collected ($0.04)
Seat 2: Hero folded before Flop (didn't bet)
Seat 3: 7b92e742 folded before Flop (didn't bet)
Seat 4: 225fbfc0 folded before Flop (didn't bet)
Seat 5: 239dd5f7 (button) folded before Flop (didn't bet)
Seat 6: 1e52ba99 (small blind) folded before Flop


Poker Hand #HD1712048173: Hold'em No Limit ($0.02/$0.05) - 2024/04/02 11:26:29
Table 'NLHBlue3' 6-max Seat #4 is the button
Seat 1: 3695cfdc ($8.97 in chips)
Seat 2: Hero ($5.97 in chips)
Seat 3: 7b92e742 ($1.22 in chips)
Seat 4: 225fbfc0 ($5.07 in chips)
Seat 5: 239dd5f7 ($5 in chips)
Seat 6: 1e52ba99 ($5.88 in chips)
239dd5f7: posts small blind $0.02
1e52ba99: posts big blind $0.05
*** HOLE CARDS ***
Dealt to 3695cfdc 
Dealt to Hero [8d Qd]
Dealt to 7b92e742 
Dealt to 225fbfc0 
Dealt to 239dd5f7 
Dealt to 1e52ba99 
3695cfdc: raises $0.05 to $0.1
Hero: folds
7b92e742: folds
225fbfc0: folds
239dd5f7: folds
1e52ba99: folds
Uncalled bet ($0.05) returned to 3695cfdc
*** SHOWDOWN ***
3695cfdc collected $0.12 from pot
*** SUMMARY ***
Total pot $0.12 | Rake $0 | Jackpot $0 | Bingo $0 | Fortune $0 | Tax $0
Seat 1: 3695cfdc collected ($0.12)
Seat 2: Hero folded before Flop (didn't bet)
Seat 3: 7b92e742 folded before Flop (didn't bet)
Seat 4: 225fbfc0 (button) folded before Flop (didn't bet)
Seat 5: 239dd5f7 (small blind) folded before Flop
Seat 6: 1e52ba99 (big blind) folded before Flop


Poker Hand #HD1712048147: Hold'em No Limit ($0.02/$0.05) - 2024/04/02 11:26:16
Table 'NLHBlue3' 6-max Seat #3 is the button
Seat 1: 3695cfdc ($8.97 in chips)
Seat 2: Hero ($5.97 in chips)
Seat 3: 7b92e742 ($1.15 in chips)
Seat 4: 225fbfc0 ($5.09 in chips)
Seat 5: 239dd5f7 ($5 in chips)
Seat 6: 1e52ba99 ($5.88 in chips)
225fbfc0: posts small blind $0.02
239dd5f7: posts big blind $0.05
*** HOLE CARDS ***
Dealt to 3695cfdc 
Dealt to Hero [Ah 4s]
Dealt to 7b92e742 
Dealt to 225fbfc0 
Dealt to 239dd5f7 
Dealt to 1e52ba99 
1e52ba99: folds
3695cfdc: folds
Hero: folds
7b92e742: raises $0.05 to $0.1
225fbfc0: folds
239dd5f7: folds
Uncalled bet ($0.05) returned to 7b92e742
*** SHOWDOWN ***
7b92e742 collected $0.12 from pot
*** SUMMARY ***
Total pot $0.12 | Rake $0 | Jackpot $0 | Bingo $0 | Fortune $0 | Tax $0
Seat 1: 3695cfdc folded before Flop (didn't bet)
Seat 2: Hero folded before Flop (didn't bet)
Seat 3: 7b92e742 (button) collected ($0.12)
Seat 4: 225fbfc0 (small blind) folded before Flop
Seat 5: 239dd5f7 (big blind) folded before Flop
Seat 6: 1e52ba99 folded before Flop (didn't bet)


Poker Hand #HD1712048093: Hold'em No Limit ($0.02/$0.05) - 2024/04/02 11:25:47
Table 'NLHBlue3' 6-max Seat #2 is the button
Seat 1: 3695cfdc ($8.97 in chips)
Seat 2: Hero ($5.97 in chips)
Seat 3: 7b92e742 ($1.25 in chips)
Seat 4: 225fbfc0 ($5 in chips)
Seat 6: 1e52ba99 ($5.88 in chips)
7b92e742: posts small blind $0.02
225fbfc0: posts big blind $0.05
*** HOLE CARDS ***
Dealt to 3695cfdc 
Dealt to Hero [4h Tc]
Dealt to 7b92e742 
Dealt to 225fbfc0 
Dealt to 1e52ba99 
1e52ba99: folds
3695cfdc: folds
Hero: folds
7b92e742: calls $0.03
225fbfc0: checks
*** FLOP *** [Qh 9d Kc]
7b92e742: bets $0.05
225fbfc0: calls $0.05
*** TURN *** [Qh 9d Kc] [Qd]
7b92e742: checks
225fbfc0: bets $0.14
7b92e742: folds
Uncalled bet ($0.14) returned to 225fbfc0
*** SHOWDOWN ***
225fbfc0 collected $0.19 from pot
*** SUMMARY ***
Total pot $0.2 | Rake $0.01 | Jackpot $0 | Bingo $0 | Fortune $0 | Tax $0
Board [Qh 9d Kc Qd]
Seat 1: 3695cfdc folded before Flop (didn't bet)
Seat 2: Hero (button) folded before Flop (didn't bet)
Seat 3: 7b92e742 (small blind) folded on the Turn
Seat 4: 225fbfc0 (big blind) won ($0.19)
Seat 6: 1e52ba99 folded before Flop (didn't bet)


Poker Hand #HD1712048074: Hold'em No Limit ($0.02/$0.05) - 2024/04/02 11:25:37
Table 'NLHBlue3' 6-max Seat #1 is the button
Seat 1: 3695cfdc ($8.9 in chips)
Seat 2: Hero ($5.99 in chips)
Seat 3: 7b92e742 ($1.3 in chips)
Seat 6: 1e52ba99 ($5.88 in chips)
Hero: posts small blind $0.02
7b92e742: posts big blind $0.05
*** HOLE CARDS ***
Dealt to 3695cfdc 
Dealt to Hero [9h 3h]
Dealt to 7b92e742 
Dealt to 1e52ba99 
1e52ba99: folds
3695cfdc: raises $0.07 to $0.12
Hero: folds
7b92e742: folds
Uncalled bet ($0.07) returned to 3695cfdc
*** SHOWDOWN ***
3695cfdc collected $0.12 from pot
*** SUMMARY ***
Total pot $0.12 | Rake $0 | Jackpot $0 | Bingo $0 | Fortune $0 | Tax $0
Seat 1: 3695cfdc (button) collected ($0.12)
Seat 2: Hero (small blind) folded before Flop
Seat 3: 7b92e742 (big blind) folded before Flop
Seat 6: 1e52ba99 folded before Flop (didn't bet)


Poker Hand #HD1712048060: Hold'em No Limit ($0.02/$0.05) - 2024/04/02 11:25:30
Table 'NLHBlue3' 6-max Seat #6 is the button
Seat 1: 3695cfdc ($8.85 in chips)
Seat 2: Hero ($6.04 in chips)
Seat 3: 7b92e742 ($1.3 in chips)
Seat 6: 1e52ba99 ($5.88 in chips)
3695cfdc: posts small blind $0.02
Hero: posts big blind $0.05
*** HOLE CARDS ***
Dealt to 3695cfdc 
Dealt to Hero [8s 2d]
Dealt to 7b92e742 
Dealt to 1e52ba99 
7b92e742: folds
1e52ba99: folds
3695cfdc: raises $0.1 to $0.15
Hero: folds
Uncalled bet ($0.1) returned to 3695cfdc
*** SHOWDOWN ***
3695cfdc collected $0.1 from pot
*** SUMMARY ***
Total pot $0.1 | Rake $0 | Jackpot $0 | Bingo $0 | Fortune $0 | Tax $0
Seat 1: 3695cfdc (small blind) collected ($0.1)
Seat 2: Hero (big blind) folded before Flop
Seat 3: 7b92e742 folded before Flop (didn't bet)
Seat 6: 1e52ba99 (button) folded before Flop (didn't bet)


Poker Hand #HD1712048002: Hold'em No Limit ($0.02/$0.05) - 2024/04/02 11:25:02
Table 'NLHBlue3' 6-max Seat #3 is the button
Seat 1: 3695cfdc ($8.78 in chips)
Seat 2: Hero ($6.04 in chips)
Seat 3: 7b92e742 ($1.35 in chips)
Seat 6: 1e52ba99 ($5.9 in chips)
1e52ba99: posts small blind $0.02
3695cfdc: posts big blind $0.05
*** HOLE CARDS ***
Dealt to 3695cfdc 
Dealt to Hero [2c Jd]
Dealt to 7b92e742 
Dealt to 1e52ba99 
Hero: folds
7b92e742: calls $0.05
1e52ba99: folds
3695cfdc: checks
*** FLOP *** [Js 5s 4c]
3695cfdc: checks
7b92e742: checks
*** TURN *** [Js 5s 4c] [Ah]
3695cfdc: checks
7b92e742: checks
*** RIVER *** [Js 5s 4c Ah] [6s]
3695cfdc: checks
7b92e742: checks
3695cfdc: shows [Ks 4h] (Pair of Fours)
7b92e742: shows [Ts 8c] (Ace-High)
*** SHOWDOWN ***
3695cfdc collected $0.12 from pot
*** SUMMARY ***
Total pot $0.12 | Rake $0 | Jackpot $0 | Bingo $0 | Fortune $0 | Tax $0
Board [Js 5s 4c Ah 6s]
Seat 1: 3695cfdc (big blind) showed [Ks 4h] and won ($0.12) with Pair of Fours
Seat 2: Hero folded before Flop (didn't bet)
Seat 3: 7b92e742 (button) showed [Ts 8c] and lost with Ace-High
Seat 6: 1e52ba99 (small blind) folded before Flop


Poker Hand #HD1712047942: Hold'em No Limit ($0.02/$0.05) - 2024/04/02 11:24:30
Table 'NLHBlue3' 6-max Seat #2 is the button
Seat 1: 3695cfdc ($8.78 in chips)
Seat 2: Hero ($6.04 in chips)
Seat 3: 7b92e742 ($1.7 in chips)
Seat 4: e672a68f ($3.56 in chips)
Seat 6: 1e52ba99 ($5.9 in chips)
7b92e742: posts small blind $0.02
e672a68f: posts big blind $0.05
*** HOLE CARDS ***
Dealt to 3695cfdc 
Dealt to Hero [4c 6c]
Dealt to 7b92e742 
Dealt to e672a68f 
Dealt to 1e52ba99 
1e52ba99: folds
3695cfdc: folds
Hero: folds
7b92e742: calls $0.03
e672a68f: raises $0.1 to $0.15
7b92e742: calls $0.1
*** FLOP *** [Th Qd 9h]
7b92e742: checks
e672a68f: bets $0.15
7b92e742: calls $0.15
*** TURN *** [Th Qd 9h] [Js]
7b92e742: checks
e672a68f: checks
*** RIVER *** [Th Qd 9h Js] [3c]
7b92e742: bets $0.05
e672a68f: calls $0.05
7b92e742: shows [Jd 5d] (Pair of Jacks)
e672a68f: shows [Tc 9c] (Pair of Tens and Pair of Nines)
*** SHOWDOWN ***
e672a68f collected $0.67 from pot
*** SUMMARY ***
Total pot $0.7 | Rake $0.03 | Jackpot $0 | Bingo $0 | Fortune $0 | Tax $0
Board [Th Qd 9h Js 3c]
Seat 1: 3695cfdc folded before Flop (didn't bet)
Seat 2: Hero (button) folded before Flop (didn't bet)
Seat 3: 7b92e742 (small blind) showed [Jd 5d] and lost with Pair of Jacks
Seat 4: e672a68f (big blind) showed [Tc 9c] and won ($0.67) with Pair of Tens and Pair of Nines
Seat 6: 1e52ba99 folded before Flop (didn't bet)


Poker Hand #HD1712047859: Hold'em No Limit ($0.02/$0.05) - 2024/04/02 11:23:46
Table 'NLHBlue3' 6-max Seat #1 is the button
Seat 1: 3695cfdc ($8.78 in chips)
Seat 2: Hero ($6.06 in chips)
Seat 3: 7b92e742 ($0.84 in chips)
Seat 4: e672a68f ($4.4 in chips)
Seat 6: 1e52ba99 ($6.05 in chips)
Hero: posts small blind $0.02
7b92e742: posts big blind $0.05
*** HOLE CARDS ***
Dealt to 3695cfdc 
Dealt to Hero [3h 6c]
Dealt to 7b92e742 
Dealt to e672a68f 
Dealt to 1e52ba99 
e672a68f: raises $0.05 to $0.1
1e52ba99: calls $0.1
3695cfdc: folds
Hero: folds
7b92e742: calls $0.05
*** FLOP *** [7d 9c 7c]
7b92e742: checks
e672a68f: checks
1e52ba99: checks
*** TURN *** [7d 9c 7c] [3d]
7b92e742: bets $0.05
e672a68f: calls $0.05
1e52ba99: calls $0.05
*** RIVER *** [7d 9c 7c 3d] [8s]
7b92e742: bets $0.47
e672a68f: raises $0.47 to $0.94
1e52ba99: folds
7b92e742: calls $0.22 and is all-in
Uncalled bet ($0.25) returned to e672a68f
e672a68f: shows [As 7s] (Three Sevens)
7b92e742: shows [8c 8d] (Eights Full over Sevens)
*** SHOWDOWN ***
7b92e742 collected $1.7 from pot
*** SUMMARY ***
Total pot $1.85 | Rake $0.1 | Jackpot $0.05 | Bingo $0 | Fortune $0 | Tax $0
Board [7d 9c 7c 3d 8s]
Seat 1: 3695cfdc (button) folded before Flop (didn't bet)
Seat 2: Hero (small blind) folded before Flop
Seat 3: 7b92e742 (big blind) showed [8c 8d] and won ($1.7) with Eights Full over Sevens
Seat 4: e672a68f showed [As 7s] and lost with Three Sevens
Seat 6: 1e52ba99 folded on the River


Poker Hand #HD1712047809: Hold'em No Limit ($0.02/$0.05) - 2024/04/02 11:23:18
Table 'NLHBlue3' 6-max Seat #6 is the button
Seat 1: 3695cfdc ($9.08 in chips)
Seat 2: Hero ($6.11 in chips)
Seat 3: 7b92e742 ($0.84 in chips)
Seat 4: e672a68f ($4.08 in chips)
Seat 6: 1e52ba99 ($6.05 in chips)
3695cfdc: posts small blind $0.02
Hero: posts big blind $0.05
*** HOLE CARDS ***
Dealt to 3695cfdc 
Dealt to Hero [Qc Kh]
Dealt to 7b92e742 
Dealt to e672a68f 
Dealt to 1e52ba99 
7b92e742: folds
e672a68f: raises $0.05 to $0.1
1e52ba99: folds
3695cfdc: raises $0.2 to $0.3
Hero: folds
e672a68f: calls $0.2
*** FLOP *** [3c 4c 9s]
3695cfdc: checks
e672a68f: bets $0.33
3695cfdc: folds
Uncalled bet ($0.33) returned to e672a68f
*** SHOWDOWN ***
e672a68f collected $0.62 from pot
*** SUMMARY ***
Total pot $0.65 | Rake $0.03 | Jackpot $0 | Bingo $0 | Fortune $0 | Tax $0
Board [3c 4c 9s]
Seat 1: 3695cfdc (small blind) folded on the Flop
Seat 2: Hero (big blind) folded before Flop
Seat 3: 7b92e742 folded before Flop (didn't bet)
Seat 4: e672a68f won ($0.62)
Seat 6: 1e52ba99 (button) folded before Flop (didn't bet)


Poker Hand #HD1712047663: Hold'em No Limit ($0.02/$0.05) - 2024/04/02 11:22:01
Table 'NLHBlue3' 6-max Seat #4 is the button
Seat 1: 3695cfdc ($9.08 in chips)
Seat 2: Hero ($5.19 in chips)
Seat 3: 7b92e742 ($1.54 in chips)
Seat 4: e672a68f ($4.08 in chips)
Seat 5: 5be5bbaa ($2.98 in chips)
Seat 6: 1e52ba99 ($6.3 in chips)
5be5bbaa: posts small blind $0.02
1e52ba99: posts big blind $0.05
*** HOLE CARDS ***
Dealt to 3695cfdc 
Dealt to Hero [6s 6d]
Dealt to 7b92e742 
Dealt to e672a68f 
Dealt to 5be5bbaa 
Dealt to 1e52ba99 
3695cfdc: folds
Hero: raises $0.05 to $0.1
7b92e742: calls $0.1
e672a68f: folds
5be5bbaa: calls $0.08
1e52ba99: calls $0.05
*** FLOP *** [6h 7d Jd]
5be5bbaa: checks
1e52ba99: checks
Hero: bets $0.15
7b92e742: calls $0.15
5be5bbaa: folds
1e52ba99: calls $0.15
*** TURN *** [6h 7d Jd] [9d]
1e52ba99: checks
Hero: checks
7b92e742: checks
*** RIVER *** [6h 7d Jd 9d] [7h]
1e52ba99: checks
Hero: bets $0.45
7b92e742: calls $0.45
1e52ba99: folds
Hero: shows [6s 6d] (Sixes Full over Sevens)
7b92e742: shows [Ah 9h] (Pair of Nines and Pair of Sevens)
*** SHOWDOWN ***
Hero collected $1.62 from pot
*** SUMMARY ***
Total pot $1.75 | Rake $0.08 | Jackpot $0.05 | Bingo $0 | Fortune $0 | Tax $0
Board [6h 7d Jd 9d 7h]
Seat 1: 3695cfdc folded before Flop (didn't bet)
Seat 2: Hero showed [6s 6d] and won ($1.62) with Sixes Full over Sevens
Seat 3: 7b92e742 showed [Ah 9h] and lost with Pair of Nines and Pair of Sevens
Seat 4: e672a68f (button) folded before Flop (didn't bet)
Seat 5: 5be5bbaa (small blind) folded on the Flop
Seat 6: 1e52ba99 (big blind) folded on the River


Poker Hand #HD1712047616: Hold'em No Limit ($0.02/$0.05) - 2024/04/02 11:21:40
Table 'NLHBlue3' 6-max Seat #3 is the button
Seat 1: 3695cfdc ($9.08 in chips)
Seat 2: Hero ($5.19 in chips)
Seat 3: 7b92e742 ($1.47 in chips)
Seat 4: e672a68f ($4.1 in chips)
Seat 5: 5be5bbaa ($3.03 in chips)
Seat 6: 1e52ba99 ($6.3 in chips)
e672a68f: posts small blind $0.02
5be5bbaa: posts big blind $0.05
*** HOLE CARDS ***
Dealt to 3695cfdc 
Dealt to Hero [3c Jd]
Dealt to 7b92e742 
Dealt to e672a68f 
Dealt to 5be5bbaa 
Dealt to 1e52ba99 
1e52ba99: folds
3695cfdc: folds
Hero: folds
7b92e742: raises $0.12 to $0.17
e672a68f: folds
5be5bbaa: folds
Uncalled bet ($0.12) returned to 7b92e742
*** SHOWDOWN ***
7b92e742 collected $0.12 from pot
*** SUMMARY ***
Total pot $0.12 | Rake $0 | Jackpot $0 | Bingo $0 | Fortune $0 | Tax $0
Seat 1: 3695cfdc folded before Flop (didn't bet)
Seat 2: Hero folded before Flop (didn't bet)
Seat 3: 7b92e742 (button) collected ($0.12)
Seat 4: e672a68f (small blind) folded before Flop
Seat 5: 5be5bbaa (big blind) folded before Flop
Seat 6: 1e52ba99 folded before Flop (didn't bet)


Poker Hand #HD1712047562: Hold'em No Limit ($0.02/$0.05) - 2024/04/02 11:21:17
Table 'NLHBlue3' 6-max Seat #2 is the button
Seat 1: 3695cfdc ($9.33 in chips)
Seat 2: Hero ($5.19 in chips)
Seat 3: 7b92e742 ($1.49 in chips)
Seat 4: e672a68f ($3.85 in chips)
Seat 5: 5be5bbaa ($3.03 in chips)
Seat 6: 1e52ba99 ($6.3 in chips)
7b92e742: posts small blind $0.02
e672a68f: posts big blind $0.05
*** HOLE CARDS ***
Dealt to 3695cfdc 
Dealt to Hero [8h 5h]
Dealt to 7b92e742 
Dealt to e672a68f 
Dealt to 5be5bbaa 
Dealt to 1e52ba99 
5be5bbaa: folds
1e52ba99: folds
3695cfdc: raises $0.07 to $0.12
Hero: folds
7b92e742: folds
e672a68f: calls $0.07
*** FLOP *** [8s Jd 5d]
e672a68f: bets $0.13
3695cfdc: calls $0.13
*** TURN *** [8s Jd 5d] [Qh]
e672a68f: bets $0.26
3695cfdc: folds
Uncalled bet ($0.26) returned to e672a68f
*** SHOWDOWN ***
e672a68f collected $0.5 from pot
*** SUMMARY ***
Total pot $0.52 | Rake $0.02 | Jackpot $0 | Bingo $0 | Fortune $0 | Tax $0
Board [8s Jd 5d Qh]
Seat 1: 3695cfdc folded on the Turn
Seat 2: Hero (button) folded before Flop (didn't bet)
Seat 3: 7b92e742 (small blind) folded before Flop
Seat 4: e672a68f (big blind) won ($0.5)
Seat 5: 5be5bbaa folded before Flop (didn't bet)
Seat 6: 1e52ba99 folded before Flop (didn't bet)


Poker Hand #HD1712047511: Hold'em No Limit ($0.02/$0.05) - 2024/04/02 11:20:45
Table 'NLHBlue3' 6-max Seat #1 is the button
Seat 1: 3695cfdc ($8.77 in chips)
Seat 2: Hero ($5.21 in chips)
Seat 3: 7b92e742 ($1.54 in chips)
Seat 4: e672a68f ($4.39 in chips)
Seat 5: 5be5bbaa ($3.03 in chips)
Seat 6: 1e52ba99 ($6.3 in chips)
Hero: posts small blind $0.02
7b92e742: posts big blind $0.05
*** HOLE CARDS ***
Dealt to 3695cfdc 
Dealt to Hero [3h Th]
Dealt to 7b92e742 
Dealt to e672a68f 
Dealt to 5be5bbaa 
Dealt to 1e52ba99 
e672a68f: raises $0.05 to $0.1
5be5bbaa: folds
1e52ba99: folds
3695cfdc: raises $0.21 to $0.31
Hero: folds
7b92e742: folds
e672a68f: calls $0.21
*** FLOP *** [Ac Kc Qh]
e672a68f: checks
3695cfdc: bets $0.23
e672a68f: calls $0.23
*** TURN *** [Ac Kc Qh] [5h]
e672a68f: checks
3695cfdc: bets $1.15
e672a68f: folds
Uncalled bet ($1.15) returned to 3695cfdc
*** SHOWDOWN ***
3695cfdc collected $1.1 from pot
*** SUMMARY ***
Total pot $1.15 | Rake $0.05 | Jackpot $0 | Bingo $0 | Fortune $0 | Tax $0
Board [Ac Kc Qh 5h]
Seat 1: 3695cfdc (button) won ($1.1)
Seat 2: Hero (small blind) folded before Flop
Seat 3: 7b92e742 (big blind) folded before Flop
Seat 4: e672a68f folded on the Turn
Seat 5: 5be5bbaa folded before Flop (didn't bet)
Seat 6: 1e52ba99 folded before Flop (didn't bet)


Poker Hand #HD1712047477: Hold'em No Limit ($0.02/$0.05) - 2024/04/02 11:20:27
Table 'NLHBlue3' 6-max Seat #6 is the button
Seat 1: 3695cfdc ($8.79 in chips)
Seat 2: Hero ($5.26 in chips)
Seat 3: 7b92e742 ($1.54 in chips)
Seat 4: e672a68f ($4.39 in chips)
Seat 5: 5be5bbaa ($2.96 in chips)
Seat 6: 1e52ba99 ($6.3 in chips)
3695cfdc: posts small blind $0.02
Hero: posts big blind $0.05
*** HOLE CARDS ***
Dealt to 3695cfdc 
Dealt to Hero [7d 3h]
Dealt to 7b92e742 
Dealt to e672a68f 
Dealt to 5be5bbaa 
Dealt to 1e52ba99 
7b92e742: folds
e672a68f: folds
5be5bbaa: raises $0.1 to $0.15
1e52ba99: folds
3695cfdc: folds
Hero: folds
Uncalled bet ($0.1) returned to 5be5bbaa
*** SHOWDOWN ***
5be5bbaa collected $0.12 from pot
*** SUMMARY ***
Total pot $0.12 | Rake $0 | Jackpot $0 | Bingo $0 | Fortune $0 | Tax $0
Seat 1: 3695cfdc (small blind) folded before Flop
Seat 2: Hero (big blind) folded before Flop
Seat 3: 7b92e742 folded before Flop (didn't bet)
Seat 4: e672a68f folded before Flop (didn't bet)
Seat 5: 5be5bbaa collected ($0.12)
Seat 6: 1e52ba99 (button) folded before Flop (didn't bet)


Poker Hand #HD1712047442: Hold'em No Limit ($0.02/$0.05) - 2024/04/02 11:20:13
Table 'NLHBlue3' 6-max Seat #5 is the button
Seat 1: 3695cfdc ($8.84 in chips)
Seat 2: Hero ($5.19 in chips)
Seat 3: 7b92e742 ($1.54 in chips)
Seat 4: e672a68f ($4.39 in chips)
Seat 5: 5be5bbaa ($2.96 in chips)
Seat 6: 1e52ba99 ($6.32 in chips)
1e52ba99: posts small blind $0.02
3695cfdc: posts big blind $0.05
*** HOLE CARDS ***
Dealt to 3695cfdc 
Dealt to Hero [Jc Qd]
Dealt to 7b92e742 
Dealt to e672a68f 
Dealt to 5be5bbaa 
Dealt to 1e52ba99 
Hero: raises $0.05 to $0.1
7b92e742: folds
e672a68f: folds
5be5bbaa: folds
1e52ba99: folds
3695cfdc: folds
Uncalled bet ($0.05) returned to Hero
*** SHOWDOWN ***
Hero collected $0.12 from pot
*** SUMMARY ***
Total pot $0.12 | Rake $0 | Jackpot $0 | Bingo $0 | Fortune $0 | Tax $0
Seat 1: 3695cfdc (big blind) folded before Flop
Seat 2: Hero collected ($0.12)
Seat 3: 7b92e742 folded before Flop (didn't bet)
Seat 4: e672a68f folded before Flop (didn't bet)
Seat 5: 5be5bbaa (button) folded before Flop (didn't bet)
Seat 6: 1e52ba99 (small blind) folded before Flop


Poker Hand #HD1712047430: Hold'em No Limit ($0.02/$0.05) - 2024/04/02 11:20:04
Table 'NLHBlue3' 6-max Seat #4 is the button
Seat 1: 3695cfdc ($8.84 in chips)
Seat 2: Hero ($5.19 in chips)
Seat 3: 7b92e742 ($1.54 in chips)
Seat 4: e672a68f ($4.32 in chips)
Seat 5: 5be5bbaa ($2.98 in chips)
Seat 6: 1e52ba99 ($6.37 in chips)
5be5bbaa: posts small blind $0.02
1e52ba99: posts big blind $0.05
*** HOLE CARDS ***
Dealt to 3695cfdc 
Dealt to Hero [3d 5h]
Dealt to 7b92e742 
Dealt to e672a68f 
Dealt to 5be5bbaa 
Dealt to 1e52ba99 
3695cfdc: folds
Hero: folds
7b92e742: folds
e672a68f: raises $0.05 to $0.1
5be5bbaa: folds
1e52ba99: folds
Uncalled bet ($0.05) returned to e672a68f
*** SHOWDOWN ***
e672a68f collected $0.12 from pot
*** SUMMARY ***
Total pot $0.12 | Rake $0 | Jackpot $0 | Bingo $0 | Fortune $0 | Tax $0
Seat 1: 3695cfdc folded before Flop (didn't bet)
Seat 2: Hero folded before Flop (didn't bet)
Seat 3: 7b92e742 folded before Flop (didn't bet)
Seat 4: e672a68f (button) collected ($0.12)
Seat 5: 5be5bbaa (small blind) folded before Flop
Seat 6: 1e52ba99 (big blind) folded before Flop


Poker Hand #HD1712047320: Hold'em No Limit ($0.02/$0.05) - 2024/04/02 11:19:10
Table 'NLHBlue3' 6-max Seat #3 is the button
Seat 1: 3695cfdc ($8.84 in chips)
Seat 2: Hero ($5.19 in chips)
Seat 3: 7b92e742 ($1.94 in chips)
Seat 4: e672a68f ($6.01 in chips)
Seat 5: 5be5bbaa ($1.69 in chips)
Seat 6: 1e52ba99 ($6.37 in chips)
e672a68f: posts small blind $0.02
5be5bbaa: posts big blind $0.05
*** HOLE CARDS ***
Dealt to 3695cfdc 
Dealt to Hero [3s 2s]
Dealt to 7b92e742 
Dealt to e672a68f 
Dealt to 5be5bbaa 
Dealt to 1e52ba99 
1e52ba99: folds
3695cfdc: folds
Hero: folds
7b92e742: raises $0.05 to $0.1
e672a68f: calls $0.08
5be5bbaa: raises $0.3 to $0.4
7b92e742: calls $0.3
e672a68f: calls $0.3
*** FLOP *** [Ks Kc 3c]
e672a68f: checks
5be5bbaa: bets $0.45
7b92e742: folds
e672a68f: calls $0.45
*** TURN *** [Ks Kc 3c] [7h]
e672a68f: checks
5be5bbaa: bets $0.84 and is all-in
e672a68f: calls $0.84
5be5bbaa: shows [Ah As] (Pair of Aces and Pair of Kings)
e672a68f: shows [8c Ac] (Pair of Kings)
5be5bbaa: Chooses to EV Cashout 
*** RIVER *** [Ks Kc 3c 7h] [2d]
5be5bbaa: Pays Cashout Risk ($0.57)
*** SHOWDOWN ***
5be5bbaa collected $3.55 from pot
*** SUMMARY ***
Total pot $3.78 | Rake $0.18 | Jackpot $0.05 | Bingo $0 | Fortune $0 | Tax $0
Board [Ks Kc 3c 7h 2d]
Seat 1: 3695cfdc folded before Flop (didn't bet)
Seat 2: Hero folded before Flop (didn't bet)
Seat 3: 7b92e742 (button) folded on the Flop
Seat 4: e672a68f (small blind) showed [8c Ac] and lost with Pair of Kings
Seat 5: 5be5bbaa (big blind) showed [Ah As] and won ($3.55) with Pair of Aces and Pair of Kings, Cashout Risk ($0.57)
Seat 6: 1e52ba99 folded before Flop (didn't bet)


Poker Hand #HD1712047283: Hold'em No Limit ($0.02/$0.05) - 2024/04/02 11:18:46
Table 'NLHBlue3' 6-max Seat #2 is the button
Seat 1: 3695cfdc ($9.02 in chips)
Seat 2: Hero ($5.19 in chips)
Seat 3: 7b92e742 ($1.68 in chips)
Seat 4: e672a68f ($6.06 in chips)
Seat 5: 5be5bbaa ($1.74 in chips)
Seat 6: 1e52ba99 ($6.37 in chips)
7b92e742: posts small blind $0.02
e672a68f: posts big blind $0.05
*** HOLE CARDS ***
Dealt to 3695cfdc 
Dealt to Hero [Tc 9h]
Dealt to 7b92e742 
Dealt to e672a68f 
Dealt to 5be5bbaa 
Dealt to 1e52ba99 
5be5bbaa: calls $0.05
1e52ba99: folds
3695cfdc: raises $0.13 to $0.18
Hero: folds
7b92e742: raises $1.5 to $1.68 and is all-in
e672a68f: folds
5be5bbaa: folds
3695cfdc: folds
Uncalled bet ($1.5) returned to 7b92e742
*** SHOWDOWN ***
7b92e742 collected $0.44 from pot
*** SUMMARY ***
Total pot $0.46 | Rake $0.02 | Jackpot $0 | Bingo $0 | Fortune $0 | Tax $0
Seat 1: 3695cfdc folded before Flop
Seat 2: Hero (button) folded before Flop (didn't bet)
Seat 3: 7b92e742 (small blind) collected ($0.44)
Seat 4: e672a68f (big blind) folded before Flop
Seat 5: 5be5bbaa folded before Flop
Seat 6: 1e52ba99 folded before Flop (didn't bet)


Poker Hand #HD1712047257: Hold'em No Limit ($0.02/$0.05) - 2024/04/02 11:18:30
Table 'NLHBlue3' 6-max Seat #1 is the button
Seat 1: 3695cfdc ($9.02 in chips)
Seat 2: Hero ($5.05 in chips)
Seat 3: 7b92e742 ($1.73 in chips)
Seat 4: e672a68f ($6.16 in chips)
Seat 5: 5be5bbaa ($1.74 in chips)
Seat 6: 1e52ba99 ($6.37 in chips)
Hero: posts small blind $0.02
7b92e742: posts big blind $0.05
*** HOLE CARDS ***
Dealt to 3695cfdc 
Dealt to Hero [Kd Jd]
Dealt to 7b92e742 
Dealt to e672a68f 
Dealt to 5be5bbaa 
Dealt to 1e52ba99 
e672a68f: raises $0.05 to $0.1
5be5bbaa: folds
1e52ba99: folds
3695cfdc: folds
Hero: raises $0.3 to $0.4
7b92e742: folds
e672a68f: folds
Uncalled bet ($0.3) returned to Hero
*** SHOWDOWN ***
Hero collected $0.24 from pot
*** SUMMARY ***
Total pot $0.25 | Rake $0.01 | Jackpot $0 | Bingo $0 | Fortune $0 | Tax $0
Seat 1: 3695cfdc (button) folded before Flop (didn't bet)
Seat 2: Hero (small blind) collected ($0.24)
Seat 3: 7b92e742 (big blind) folded before Flop
Seat 4: e672a68f folded before Flop
Seat 5: 5be5bbaa folded before Flop (didn't bet)
Seat 6: 1e52ba99 folded before Flop (didn't bet)


Poker Hand #HD1712047243: Hold'em No Limit ($0.02/$0.05) - 2024/04/02 11:18:22
Table 'NLHBlue3' 6-max Seat #6 is the button
Seat 1: 3695cfdc ($8.97 in chips)
Seat 2: Hero ($5.1 in chips)
Seat 3: 7b92e742 ($1.73 in chips)
Seat 4: e672a68f ($6.16 in chips)
Seat 5: 5be5bbaa ($1.74 in chips)
Seat 6: 1e52ba99 ($6.37 in chips)
3695cfdc: posts small blind $0.02
Hero: posts big blind $0.05
*** HOLE CARDS ***
Dealt to 3695cfdc 
Dealt to Hero [7h Qd]
Dealt to 7b92e742 
Dealt to e672a68f 
Dealt to 5be5bbaa 
Dealt to 1e52ba99 
7b92e742: folds
e672a68f: folds
5be5bbaa: folds
1e52ba99: folds
3695cfdc: raises $0.1 to $0.15
Hero: folds
Uncalled bet ($0.1) returned to 3695cfdc
*** SHOWDOWN ***
3695cfdc collected $0.1 from pot
*** SUMMARY ***
Total pot $0.1 | Rake $0 | Jackpot $0 | Bingo $0 | Fortune $0 | Tax $0
Seat 1: 3695cfdc (small blind) collected ($0.1)
Seat 2: Hero (big blind) folded before Flop
Seat 3: 7b92e742 folded before Flop (didn't bet)
Seat 4: e672a68f folded before Flop (didn't bet)
Seat 5: 5be5bbaa folded before Flop (didn't bet)
Seat 6: 1e52ba99 (button) folded before Flop (didn't bet)


Poker Hand #HD1712047197: Hold'em No Limit ($0.02/$0.05) - 2024/04/02 11:17:52
Table 'NLHBlue3' 6-max Seat #5 is the button
Seat 1: 3695cfdc ($9.02 in chips)
Seat 2: Hero ($5.1 in chips)
Seat 3: 7b92e742 ($1.34 in chips)
Seat 4: e672a68f ($6.52 in chips)
Seat 5: 5be5bbaa ($1.74 in chips)
Seat 6: 1e52ba99 ($6.39 in chips)
1e52ba99: posts small blind $0.02
3695cfdc: posts big blind $0.05
*** HOLE CARDS ***
Dealt to 3695cfdc 
Dealt to Hero [8h 5h]
Dealt to 7b92e742 
Dealt to e672a68f 
Dealt to 5be5bbaa 
Dealt to 1e52ba99 
Hero: folds
7b92e742: calls $0.05
e672a68f: raises $0.1 to $0.15
5be5bbaa: folds
1e52ba99: folds
3695cfdc: folds
7b92e742: calls $0.1
*** FLOP *** [8d Ac 6s]
7b92e742: bets $0.05
e672a68f: raises $0.16 to $0.21
7b92e742: raises $0.98 to $1.19 and is all-in
e672a68f: folds
Uncalled bet ($0.98) returned to 7b92e742
*** SHOWDOWN ***
7b92e742 collected $0.75 from pot
*** SUMMARY ***
Total pot $0.79 | Rake $0.04 | Jackpot $0 | Bingo $0 | Fortune $0 | Tax $0
Board [8d Ac 6s]
Seat 1: 3695cfdc (big blind) folded before Flop
Seat 2: Hero folded before Flop (didn't bet)
Seat 3: 7b92e742 won ($0.75)
Seat 4: e672a68f folded on the Flop
Seat 5: 5be5bbaa (button) folded before Flop (didn't bet)
Seat 6: 1e52ba99 (small blind) folded before Flop


Poker Hand #HD1712047149: Hold'em No Limit ($0.02/$0.05) - 2024/04/02 11:17:26
Table 'NLHBlue3' 6-max Seat #4 is the button
Seat 1: 3695cfdc ($9.02 in chips)
Seat 2: Hero ($5.1 in chips)
Seat 3: 7b92e742 ($1.09 in chips)
Seat 4: e672a68f ($6.72 in chips)
Seat 5: 5be5bbaa ($1.76 in chips)
Seat 6: 1e52ba99 ($6.44 in chips)
5be5bbaa: posts small blind $0.02
1e52ba99: posts big blind $0.05
*** HOLE CARDS ***
Dealt to 3695cfdc 
Dealt to Hero [5c 8h]
Dealt to 7b92e742 
Dealt to e672a68f 
Dealt to 5be5bbaa 
Dealt to 1e52ba99 
3695cfdc: folds
Hero: folds
7b92e742: raises $0.05 to $0.1
e672a68f: calls $0.1
5be5bbaa: folds
1e52ba99: folds
*** FLOP *** [Qs Qh 6c]
7b92e742: bets $0.05
e672a68f: calls $0.05
*** TURN *** [Qs Qh 6c] [8s]
7b92e742: bets $0.05
e672a68f: calls $0.05
*** RIVER *** [Qs Qh 6c 8s] [3d]
7b92e742: bets $0.05
e672a68f: folds
Uncalled bet ($0.05) returned to 7b92e742
*** SHOWDOWN ***
7b92e742 collected $0.45 from pot
*** SUMMARY ***
Total pot $0.47 | Rake $0.02 | Jackpot $0 | Bingo $0 | Fortune $0 | Tax $0
Board [Qs Qh 6c 8s 3d]
Seat 1: 3695cfdc folded before Flop (didn't bet)
Seat 2: Hero folded before Flop (didn't bet)
Seat 3: 7b92e742 won ($0.45)
Seat 4: e672a68f (button) folded on the River
Seat 5: 5be5bbaa (small blind) folded before Flop
Seat 6: 1e52ba99 (big blind) folded before Flop


Poker Hand #HD1712047086: Hold'em No Limit ($0.02/$0.05) - 2024/04/02 11:16:51
Table 'NLHBlue3' 6-max Seat #3 is the button
Seat 1: 3695cfdc ($9.02 in chips)
Seat 2: Hero ($5.1 in chips)
Seat 3: 7b92e742 ($1.19 in chips)
Seat 4: e672a68f ($5.36 in chips)
Seat 5: 5be5bbaa ($3.21 in chips)
Seat 6: 1e52ba99 ($6.44 in chips)
e672a68f: posts small blind $0.02
5be5bbaa: posts big blind $0.05
*** HOLE CARDS ***
Dealt to 3695cfdc 
Dealt to Hero [5d 7d]
Dealt to 7b92e742 
Dealt to e672a68f 
Dealt to 5be5bbaa 
Dealt to 1e52ba99 
1e52ba99: folds
3695cfdc: folds
Hero: folds
7b92e742: raises $0.05 to $0.1
e672a68f: calls $0.08
5be5bbaa: calls $0.05
*** FLOP *** [4d 6h 5c]
e672a68f: checks
5be5bbaa: checks
7b92e742: checks
*** TURN *** [4d 6h 5c] [Kc]
e672a68f: bets $0.15
5be5bbaa: calls $0.15
7b92e742: folds
*** RIVER *** [4d 6h 5c Kc] [6d]
e672a68f: bets $0.3
5be5bbaa: raises $0.9 to $1.2
e672a68f: calls $0.9
5be5bbaa: shows [8s 2h] (Pair of Sixes)
e672a68f: shows [7h Kd] (Pair of Kings and Pair of Sixes)
*** SHOWDOWN ***
e672a68f collected $2.81 from pot
*** SUMMARY ***
Total pot $3 | Rake $0.14 | Jackpot $0.05 | Bingo $0 | Fortune $0 | Tax $0
Board [4d 6h 5c Kc 6d]
Seat 1: 3695cfdc folded before Flop (didn't bet)
Seat 2: Hero folded before Flop (didn't bet)
Seat 3: 7b92e742 (button) folded on the Turn
Seat 4: e672a68f (small blind) showed [7h Kd] and won ($2.81) with Pair of Kings and Pair of Sixes
Seat 5: 5be5bbaa (big blind) showed [8s 2h] and lost with Pair of Sixes
Seat 6: 1e52ba99 folded before Flop (didn't bet)


Poker Hand #HD1712047001: Hold'em No Limit ($0.02/$0.05) - 2024/04/02 11:16:09
Table 'NLHBlue3' 6-max Seat #2 is the button
Seat 1: 3695cfdc ($9.02 in chips)
Seat 2: Hero ($5.23 in chips)
Seat 3: 7b92e742 ($1.45 in chips)
Seat 4: e672a68f ($5 in chips)
Seat 5: 5be5bbaa ($3.21 in chips)
Seat 6: 1e52ba99 ($6.44 in chips)
7b92e742: posts small blind $0.02
e672a68f: posts big blind $0.05
*** HOLE CARDS ***
Dealt to 3695cfdc 
Dealt to Hero [8c Tc]
Dealt to 7b92e742 
Dealt to e672a68f 
Dealt to 5be5bbaa 
Dealt to 1e52ba99 
5be5bbaa: folds
1e52ba99: folds
3695cfdc: folds
Hero: raises $0.08 to $0.13
7b92e742: calls $0.11
e672a68f: calls $0.08
*** FLOP *** [9c 2h 3h]
7b92e742: checks
e672a68f: bets $0.13
Hero: folds
7b92e742: calls $0.13
*** TURN *** [9c 2h 3h] [7d]
7b92e742: checks
e672a68f: checks
*** RIVER *** [9c 2h 3h 7d] [3d]
7b92e742: checks
e672a68f: bets $0.33
7b92e742: folds
Uncalled bet ($0.33) returned to e672a68f
*** SHOWDOWN ***
e672a68f collected $0.62 from pot
*** SUMMARY ***
Total pot $0.65 | Rake $0.03 | Jackpot $0 | Bingo $0 | Fortune $0 | Tax $0
Board [9c 2h 3h 7d 3d]
Seat 1: 3695cfdc folded before Flop (didn't bet)
Seat 2: Hero (button) folded on the Flop
Seat 3: 7b92e742 (small blind) folded on the River
Seat 4: e672a68f (big blind) won ($0.62)
Seat 5: 5be5bbaa folded before Flop (didn't bet)
Seat 6: 1e52ba99 folded before Flop (didn't bet)


Poker Hand #HD1712046981: Hold'em No Limit ($0.02/$0.05) - 2024/04/02 11:15:56
Table 'NLHBlue3' 6-max Seat #1 is the button
Seat 1: 3695cfdc ($9.02 in chips)
Seat 2: Hero ($5.25 in chips)
Seat 3: 7b92e742 ($1.43 in chips)
Seat 5: 5be5bbaa ($3.21 in chips)
Seat 6: 1e52ba99 ($6.44 in chips)
Hero: posts small blind $0.02
7b92e742: posts big blind $0.05
*** HOLE CARDS ***
Dealt to 3695cfdc 
Dealt to Hero [2c Td]
Dealt to 7b92e742 
Dealt to 5be5bbaa 
Dealt to 1e52ba99 
5be5bbaa: folds
1e52ba99: folds
3695cfdc: folds
Hero: folds
Uncalled bet ($0.03) returned to 7b92e742
*** SHOWDOWN ***
7b92e742 collected $0.04 from pot
*** SUMMARY ***
Total pot $0.04 | Rake $0 | Jackpot $0 | Bingo $0 | Fortune $0 | Tax $0
Seat 1: 3695cfdc (button) folded before Flop (didn't bet)
Seat 2: Hero (small blind) folded before Flop
Seat 3: 7b92e742 (big blind) collected ($0.04)
Seat 5: 5be5bbaa folded before Flop (didn't bet)
Seat 6: 1e52ba99 folded before Flop (didn't bet)


Poker Hand #HD1712046886: Hold'em No Limit ($0.02/$0.05) - 2024/04/02 11:15:06
Table 'NLHBlue3' 6-max Seat #6 is the button
Seat 1: 3695cfdc ($5.19 in chips)
Seat 2: Hero ($5.3 in chips)
Seat 3: 7b92e742 ($1.43 in chips)
Seat 4: e672a68f ($4.25 in chips)
Seat 5: 5be5bbaa ($3.21 in chips)
Seat 6: 1e52ba99 ($6.44 in chips)
3695cfdc: posts small blind $0.02
Hero: posts big blind $0.05
*** HOLE CARDS ***
Dealt to 3695cfdc 
Dealt to Hero [9h As]
Dealt to 7b92e742 
Dealt to e672a68f 
Dealt to 5be5bbaa 
Dealt to 1e52ba99 
7b92e742: folds
e672a68f: raises $0.05 to $0.1
5be5bbaa: folds
1e52ba99: folds
3695cfdc: raises $0.4 to $0.5
Hero: folds
e672a68f: calls $0.4
*** FLOP *** [8h 5h 8c]
3695cfdc: bets $0.53
e672a68f: calls $0.53
*** TURN *** [8h 5h 8c] [8d]
3695cfdc: bets $0.7
e672a68f: calls $0.7
*** RIVER *** [8h 5h 8c 8d] [Qh]
3695cfdc: bets $3.46 and is all-in
e672a68f: calls $2.52 and is all-in
Uncalled bet ($0.94) returned to 3695cfdc
3695cfdc: shows [Kd Ks] (Eights Full over Kings)
e672a68f: shows [4h 4c] (Eights Full over Fours)
*** SHOWDOWN ***
3695cfdc collected $8.08 from pot
*** SUMMARY ***
Total pot $8.55 | Rake $0.42 | Jackpot $0.05 | Bingo $0 | Fortune $0 | Tax $0
Board [8h 5h 8c 8d Qh]
Seat 1: 3695cfdc (small blind) showed [Kd Ks] and won ($8.08) with Eights Full over Kings
Seat 2: Hero (big blind) folded before Flop
Seat 3: 7b92e742 folded before Flop (didn't bet)
Seat 4: e672a68f showed [4h 4c] and lost with Eights Full over Fours
Seat 5: 5be5bbaa folded before Flop (didn't bet)
Seat 6: 1e52ba99 (button) folded before Flop (didn't bet)


Poker Hand #HD1712046867: Hold'em No Limit ($0.02/$0.05) - 2024/04/02 11:14:57
Table 'NLHBlue3' 6-max Seat #5 is the button
Seat 1: 3695cfdc ($5.17 in chips)
Seat 2: Hero ($5.3 in chips)
Seat 3: 7b92e742 ($1.43 in chips)
Seat 4: e672a68f ($4.25 in chips)
Seat 5: 5be5bbaa ($3.21 in chips)
Seat 6: 1e52ba99 ($6.46 in chips)
1e52ba99: posts small blind $0.02
3695cfdc: posts big blind $0.05
*** HOLE CARDS ***
Dealt to 3695cfdc 
Dealt to Hero [Jc 4c]
Dealt to 7b92e742 
Dealt to e672a68f 
Dealt to 5be5bbaa 
Dealt to 1e52ba99 
Hero: folds
7b92e742: folds
e672a68f: folds
5be5bbaa: folds
1e52ba99: folds
Uncalled bet ($0.03) returned to 3695cfdc
*** SHOWDOWN ***
3695cfdc collected $0.04 from pot
*** SUMMARY ***
Total pot $0.04 | Rake $0 | Jackpot $0 | Bingo $0 | Fortune $0 | Tax $0
Seat 1: 3695cfdc (big blind) collected ($0.04)
Seat 2: Hero folded before Flop (didn't bet)
Seat 3: 7b92e742 folded before Flop (didn't bet)
Seat 4: e672a68f folded before Flop (didn't bet)
Seat 5: 5be5bbaa (button) folded before Flop (didn't bet)
Seat 6: 1e52ba99 (small blind) folded before Flop


Poker Hand #HD1712046826: Hold'em No Limit ($0.02/$0.05) - 2024/04/02 11:14:39
Table 'NLHBlue3' 6-max Seat #4 is the button
Seat 1: 3695cfdc ($5.17 in chips)
Seat 2: Hero ($5.3 in chips)
Seat 3: 7b92e742 ($1.48 in chips)
Seat 4: e672a68f ($4.13 in chips)
Seat 5: 5be5bbaa ($3.23 in chips)
Seat 6: 1e52ba99 ($6.51 in chips)
5be5bbaa: posts small blind $0.02
1e52ba99: posts big blind $0.05
*** HOLE CARDS ***
Dealt to 3695cfdc 
Dealt to Hero [Qs 7c]
Dealt to 7b92e742 
Dealt to e672a68f 
Dealt to 5be5bbaa 
Dealt to 1e52ba99 
3695cfdc: folds
Hero: folds
7b92e742: calls $0.05
e672a68f: raises $0.15 to $0.2
5be5bbaa: folds
1e52ba99: folds
7b92e742: folds
Uncalled bet ($0.15) returned to e672a68f
*** SHOWDOWN ***
e672a68f collected $0.17 from pot
*** SUMMARY ***
Total pot $0.17 | Rake $0 | Jackpot $0 | Bingo $0 | Fortune $0 | Tax $0
Seat 1: 3695cfdc folded before Flop (didn't bet)
Seat 2: Hero folded before Flop (didn't bet)
Seat 3: 7b92e742 folded before Flop
Seat 4: e672a68f (button) collected ($0.17)
Seat 5: 5be5bbaa (small blind) folded before Flop
Seat 6: 1e52ba99 (big blind) folded before Flop


Poker Hand #HD1712046740: Hold'em No Limit ($0.02/$0.05) - 2024/04/02 11:13:54
Table 'NLHBlue3' 6-max Seat #3 is the button
Seat 1: 3695cfdc ($5.17 in chips)
Seat 2: Hero ($5.53 in chips)
Seat 3: 7b92e742 ($1.61 in chips)
Seat 4: e672a68f ($4.15 in chips)
Seat 5: 5be5bbaa ($2.88 in chips)
Seat 6: 1e52ba99 ($6.51 in chips)
e672a68f: posts small blind $0.02
5be5bbaa: posts big blind $0.05
*** HOLE CARDS ***
Dealt to 3695cfdc 
Dealt to Hero [3c Ac]
Dealt to 7b92e742 
Dealt to e672a68f 
Dealt to 5be5bbaa 
Dealt to 1e52ba99 
1e52ba99: folds
3695cfdc: folds
Hero: raises $0.08 to $0.13
7b92e742: calls $0.13
e672a68f: folds
5be5bbaa: calls $0.08
*** FLOP *** [Th 8h As]
5be5bbaa: checks
Hero: checks
7b92e742: checks
*** TURN *** [Th 8h As] [5s]
5be5bbaa: checks
Hero: bets $0.1
7b92e742: folds
5be5bbaa: calls $0.1
*** RIVER *** [Th 8h As 5s] [Js]
5be5bbaa: checks
Hero: checks
5be5bbaa: shows [9s Qh] (Queens-High Straight)
Hero: shows [3c Ac] (Pair of Aces)
*** SHOWDOWN ***
5be5bbaa collected $0.58 from pot
*** SUMMARY ***
Total pot $0.61 | Rake $0.03 | Jackpot $0 | Bingo $0 | Fortune $0 | Tax $0
Board [Th 8h As 5s Js]
Seat 1: 3695cfdc folded before Flop (didn't bet)
Seat 2: Hero showed [3c Ac] and lost with Pair of Aces
Seat 3: 7b92e742 (button) folded on the Turn
Seat 4: e672a68f (small blind) folded before Flop
Seat 5: 5be5bbaa (big blind) showed [9s Qh] and won ($0.58) with Queens-High Straight
Seat 6: 1e52ba99 folded before Flop (didn't bet)


Poker Hand #HD1712046716: Hold'em No Limit ($0.02/$0.05) - 2024/04/02 11:13:38
Table 'NLHBlue3' 6-max Seat #2 is the button
Seat 1: 3695cfdc ($5.17 in chips)
Seat 2: Hero ($5.53 in chips)
Seat 3: 7b92e742 ($1.63 in chips)
Seat 4: e672a68f ($4.2 in chips)
Seat 5: 5be5bbaa ($2.81 in chips)
Seat 6: 1e52ba99 ($6.51 in chips)
7b92e742: posts small blind $0.02
e672a68f: posts big blind $0.05
*** HOLE CARDS ***
Dealt to 3695cfdc 
Dealt to Hero [8h 6d]
Dealt to 7b92e742 
Dealt to e672a68f 
Dealt to 5be5bbaa 
Dealt to 1e52ba99 
5be5bbaa: raises $0.1 to $0.15
1e52ba99: folds
3695cfdc: folds
Hero: folds
7b92e742: folds
e672a68f: folds
Uncalled bet ($0.1) returned to 5be5bbaa
*** SHOWDOWN ***
5be5bbaa collected $0.12 from pot
*** SUMMARY ***
Total pot $0.12 | Rake $0 | Jackpot $0 | Bingo $0 | Fortune $0 | Tax $0
Seat 1: 3695cfdc folded before Flop (didn't bet)
Seat 2: Hero (button) folded before Flop (didn't bet)
Seat 3: 7b92e742 (small blind) folded before Flop
Seat 4: e672a68f (big blind) folded before Flop
Seat 5: 5be5bbaa collected ($0.12)
Seat 6: 1e52ba99 folded before Flop (didn't bet)


Poker Hand #HD1712046694: Hold'em No Limit ($0.02/$0.05) - 2024/04/02 11:13:24
Table 'NLHBlue3' 6-max Seat #1 is the button
Seat 1: 3695cfdc ($5.17 in chips)
Seat 2: Hero ($5.48 in chips)
Seat 3: 7b92e742 ($1.68 in chips)
Seat 4: e672a68f ($4.2 in chips)
Seat 5: 5be5bbaa ($2.81 in chips)
Seat 6: 1e52ba99 ($6.51 in chips)
Hero: posts small blind $0.02
7b92e742: posts big blind $0.05
*** HOLE CARDS ***
Dealt to 3695cfdc 
Dealt to Hero [Tc Td]
Dealt to 7b92e742 
Dealt to e672a68f 
Dealt to 5be5bbaa 
Dealt to 1e52ba99 
e672a68f: folds
5be5bbaa: folds
1e52ba99: folds
3695cfdc: folds
Hero: raises $0.1 to $0.15
7b92e742: folds
Uncalled bet ($0.1) returned to Hero
*** SHOWDOWN ***
Hero collected $0.1 from pot
*** SUMMARY ***
Total pot $0.1 | Rake $0 | Jackpot $0 | Bingo $0 | Fortune $0 | Tax $0
Seat 1: 3695cfdc (button) folded before Flop (didn't bet)
Seat 2: Hero (small blind) collected ($0.1)
Seat 3: 7b92e742 (big blind) folded before Flop
Seat 4: e672a68f folded before Flop (didn't bet)
Seat 5: 5be5bbaa folded before Flop (didn't bet)
Seat 6: 1e52ba99 folded before Flop (didn't bet)


Poker Hand #HD1712046607: Hold'em No Limit ($0.02/$0.05) - 2024/04/02 11:12:30
Table 'NLHBlue3' 6-max Seat #6 is the button
Seat 1: 3695cfdc ($5.19 in chips)
Seat 2: Hero ($5.53 in chips)
Seat 3: 7b92e742 ($1.68 in chips)
Seat 4: e672a68f ($5.52 in chips)
Seat 5: 5be5bbaa ($2.81 in chips)
Seat 6: 1e52ba99 ($5.3 in chips)
3695cfdc: posts small blind $0.02
Hero: posts big blind $0.05
*** HOLE CARDS ***
Dealt to 3695cfdc 
Dealt to Hero [Js As]
Dealt to 7b92e742 
Dealt to e672a68f 
Dealt to 5be5bbaa 
Dealt to 1e52ba99 
7b92e742: folds
e672a68f: raises $0.1 to $0.15
5be5bbaa: folds
1e52ba99: raises $0.3 to $0.45
3695cfdc: folds
Hero: folds
e672a68f: calls $0.3
*** FLOP *** [4d Kc 5c]
e672a68f: bets $0.33
1e52ba99: calls $0.33
*** TURN *** [4d Kc 5c] [4s]
e672a68f: checks
1e52ba99: checks
*** RIVER *** [4d Kc 5c 4s] [7s]
e672a68f: bets $0.54
1e52ba99: calls $0.54
e672a68f: shows [Th Tc] (Pair of Tens and Pair of Fours)
1e52ba99: shows [Qd Qc] (Pair of Queens and Pair of Fours)
*** SHOWDOWN ***
1e52ba99 collected $2.53 from pot
*** SUMMARY ***
Total pot $2.71 | Rake $0.13 | Jackpot $0.05 | Bingo $0 | Fortune $0 | Tax $0
Board [4d Kc 5c 4s 7s]
Seat 1: 3695cfdc (small blind) folded before Flop
Seat 2: Hero (big blind) folded before Flop
Seat 3: 7b92e742 folded before Flop (didn't bet)
Seat 4: e672a68f showed [Th Tc] and lost with Pair of Tens and Pair of Fours
Seat 5: 5be5bbaa folded before Flop (didn't bet)
Seat 6: 1e52ba99 (button) showed [Qd Qc] and won ($2.53) with Pair of Queens and Pair of Fours


Poker Hand #HD1712046557: Hold'em No Limit ($0.02/$0.05) - 2024/04/02 11:11:58
Table 'NLHBlue3' 6-max Seat #5 is the button
Seat 1: 3695cfdc ($5 in chips)
Seat 2: Hero ($5.53 in chips)
Seat 3: 7b92e742 ($1.68 in chips)
Seat 4: e672a68f ($5.62 in chips)
Seat 5: 5be5bbaa ($2.81 in chips)
Seat 6: 1e52ba99 ($5.4 in chips)
1e52ba99: posts small blind $0.02
3695cfdc: posts big blind $0.05
*** HOLE CARDS ***
Dealt to 3695cfdc 
Dealt to Hero [2h Td]
Dealt to 7b92e742 
Dealt to e672a68f 
Dealt to 5be5bbaa 
Dealt to 1e52ba99 
Hero: folds
7b92e742: folds
e672a68f: raises $0.05 to $0.1
5be5bbaa: folds
1e52ba99: calls $0.08
3695cfdc: raises $0.5 to $0.6
e672a68f: folds
1e52ba99: folds
Uncalled bet ($0.5) returned to 3695cfdc
*** SHOWDOWN ***
3695cfdc collected $0.29 from pot
*** SUMMARY ***
Total pot $0.3 | Rake $0.01 | Jackpot $0 | Bingo $0 | Fortune $0 | Tax $0
Seat 1: 3695cfdc (big blind) collected ($0.29)
Seat 2: Hero folded before Flop (didn't bet)
Seat 3: 7b92e742 folded before Flop (didn't bet)
Seat 4: e672a68f folded before Flop
Seat 5: 5be5bbaa (button) folded before Flop (didn't bet)
Seat 6: 1e52ba99 (small blind) folded before Flop


Poker Hand #HD1712046543: Hold'em No Limit ($0.02/$0.05) - 2024/04/02 11:11:49
Table 'NLHBlue3' 6-max Seat #4 is the button
Seat 1: 3695cfdc ($5 in chips)
Seat 2: Hero ($5.53 in chips)
Seat 3: 7b92e742 ($1.68 in chips)
Seat 4: e672a68f ($5.55 in chips)
Seat 5: 5be5bbaa ($2.83 in chips)
Seat 6: 1e52ba99 ($5.45 in chips)
5be5bbaa: posts small blind $0.02
1e52ba99: posts big blind $0.05
*** HOLE CARDS ***
Dealt to 3695cfdc 
Dealt to Hero [Jd 8s]
Dealt to 7b92e742 
Dealt to e672a68f 
Dealt to 5be5bbaa 
Dealt to 1e52ba99 
3695cfdc: folds
Hero: folds
7b92e742: folds
e672a68f: raises $0.1 to $0.15
5be5bbaa: folds
1e52ba99: folds
Uncalled bet ($0.1) returned to e672a68f
*** SHOWDOWN ***
e672a68f collected $0.12 from pot
*** SUMMARY ***
Total pot $0.12 | Rake $0 | Jackpot $0 | Bingo $0 | Fortune $0 | Tax $0
Seat 1: 3695cfdc folded before Flop (didn't bet)
Seat 2: Hero folded before Flop (didn't bet)
Seat 3: 7b92e742 folded before Flop (didn't bet)
Seat 4: e672a68f (button) collected ($0.12)
Seat 5: 5be5bbaa (small blind) folded before Flop
Seat 6: 1e52ba99 (big blind) folded before Flop


Poker Hand #HD1712046488: Hold'em No Limit ($0.02/$0.05) - 2024/04/02 11:11:15
Table 'NLHBlue3' 6-max Seat #3 is the button
Seat 1: 3695cfdc ($5 in chips)
Seat 2: Hero ($5.53 in chips)
Seat 3: 7b92e742 ($1.88 in chips)
Seat 4: e672a68f ($5.27 in chips)
Seat 5: 5be5bbaa ($2.93 in chips)
Seat 6: 1e52ba99 ($5.45 in chips)
e672a68f: posts small blind $0.02
5be5bbaa: posts big blind $0.05
*** HOLE CARDS ***
Dealt to 3695cfdc 
Dealt to Hero [3c As]
Dealt to 7b92e742 
Dealt to e672a68f 
Dealt to 5be5bbaa 
Dealt to 1e52ba99 
1e52ba99: folds
3695cfdc: folds
Hero: folds
7b92e742: raises $0.05 to $0.1
e672a68f: calls $0.08
5be5bbaa: calls $0.05
*** FLOP *** [5s 5d 3d]
e672a68f: bets $0.1
5be5bbaa: folds
7b92e742: calls $0.1
*** TURN *** [5s 5d 3d] [7d]
e672a68f: bets $0.25
7b92e742: folds
Uncalled bet ($0.25) returned to e672a68f
*** SHOWDOWN ***
e672a68f collected $0.48 from pot
*** SUMMARY ***
Total pot $0.5 | Rake $0.02 | Jackpot $0 | Bingo $0 | Fortune $0 | Tax $0
Board [5s 5d 3d 7d]
Seat 1: 3695cfdc folded before Flop (didn't bet)
Seat 2: Hero folded before Flop (didn't bet)
Seat 3: 7b92e742 (button) folded on the Turn
Seat 4: e672a68f (small blind) won ($0.48)
Seat 5: 5be5bbaa (big blind) folded on the Flop
Seat 6: 1e52ba99 folded before Flop (didn't bet)


Poker Hand #HD1712046343: Hold'em No Limit ($0.02/$0.05) - 2024/04/02 11:09:59
Table 'NLHBlue3' 6-max Seat #2 is the button
Seat 1: 3695cfdc ($5 in chips)
Seat 2: Hero ($5.53 in chips)
Seat 3: 7b92e742 ($2.18 in chips)
Seat 4: e672a68f ($5 in chips)
Seat 5: 5be5bbaa ($2.93 in chips)
Seat 6: 1e52ba99 ($5.45 in chips)
7b92e742: posts small blind $0.02
e672a68f: posts big blind $0.05
*** HOLE CARDS ***
Dealt to 3695cfdc 
Dealt to Hero [8h 3c]
Dealt to 7b92e742 
Dealt to e672a68f 
Dealt to 5be5bbaa 
Dealt to 1e52ba99 
5be5bbaa: folds
1e52ba99: folds
3695cfdc: folds
Hero: folds
7b92e742: calls $0.03
e672a68f: checks
*** FLOP *** [2c Ts Tc]
7b92e742: checks
e672a68f: checks
*** TURN *** [2c Ts Tc] [7h]
7b92e742: bets $0.05
e672a68f: calls $0.05
*** RIVER *** [2c Ts Tc 7h] [5h]
7b92e742: bets $0.2
e672a68f: calls $0.2
7b92e742: shows [5d 2d] (Pair of Tens and Pair of Fives)
e672a68f: shows [7c 6h] (Pair of Tens and Pair of Sevens)
*** SHOWDOWN ***
e672a68f collected $0.57 from pot
*** SUMMARY ***
Total pot $0.6 | Rake $0.03 | Jackpot $0 | Bingo $0 | Fortune $0 | Tax $0
Board [2c Ts Tc 7h 5h]
Seat 1: 3695cfdc folded before Flop (didn't bet)
Seat 2: Hero (button) folded before Flop (didn't bet)
Seat 3: 7b92e742 (small blind) showed [5d 2d] and lost with Pair of Tens and Pair of Fives
Seat 4: e672a68f (big blind) showed [7c 6h] and won ($0.57) with Pair of Tens and Pair of Sevens
Seat 5: 5be5bbaa folded before Flop (didn't bet)
Seat 6: 1e52ba99 folded before Flop (didn't bet)


Poker Hand #HD1712046223: Hold'em No Limit ($0.02/$0.05) - 2024/04/02 11:08:57
Table 'NLHBlue3' 6-max Seat #1 is the button
Seat 1: 3695cfdc ($5.07 in chips)
Seat 2: Hero ($5.55 in chips)
Seat 3: 7b92e742 ($0.78 in chips)
Seat 5: 5be5bbaa ($2.93 in chips)
Seat 6: 1e52ba99 ($6.21 in chips)
Hero: posts small blind $0.02
7b92e742: posts big blind $0.05
*** HOLE CARDS ***
Dealt to 3695cfdc 
Dealt to Hero [Ad 3d]
Dealt to 7b92e742 
Dealt to 5be5bbaa 
Dealt to 1e52ba99 
5be5bbaa: folds
1e52ba99: raises $0.1 to $0.15
3695cfdc: raises $0.3 to $0.45
Hero: folds
7b92e742: calls $0.4
1e52ba99: calls $0.3
*** FLOP *** [Tc Qd 7c]
7b92e742: checks
1e52ba99: checks
3695cfdc: bets $0.35
7b92e742: calls $0.33 and is all-in
1e52ba99: calls $0.35
*** TURN *** [Tc Qd 7c] [5d]
1e52ba99: checks
3695cfdc: checks
*** RIVER *** [Tc Qd 7c 5d] [6s]
1e52ba99: checks
3695cfdc: checks
7b92e742: shows [7s 8c] (Pair of Sevens)
1e52ba99: shows [Kh Ah] (Ace-High)
3695cfdc: shows [As Jh] (Ace-High)
*** SHOWDOWN ***
7b92e742 collected $2.18 from pot
1e52ba99 collected $0.04 from pot
*** SUMMARY ***
Total pot $2.4 | Rake $0.13 | Jackpot $0.05 | Bingo $0 | Fortune $0 | Tax $0
Board [Tc Qd 7c 5d 6s]
Seat 1: 3695cfdc (button) showed [As Jh] and lost with Ace-High
Seat 2: Hero (small blind) folded before Flop
Seat 3: 7b92e742 (big blind) showed [7s 8c] and won ($2.18) with Pair of Sevens
Seat 5: 5be5bbaa folded before Flop (didn't bet)
Seat 6: 1e52ba99 showed [Kh Ah] and won ($0.04) with Ace-High


Poker Hand #HD1712046183: Hold'em No Limit ($0.02/$0.05) - 2024/04/02 11:08:35
Table 'NLHBlue3' 6-max Seat #6 is the button
Seat 1: 3695cfdc ($5.02 in chips)
Seat 2: Hero ($5.6 in chips)
Seat 3: 7b92e742 ($0.78 in chips)
Seat 4: e672a68f ($5 in chips)
Seat 5: 5be5bbaa ($2.93 in chips)
Seat 6: 1e52ba99 ($6.21 in chips)
3695cfdc: posts small blind $0.02
Hero: posts big blind $0.05
*** HOLE CARDS ***
Dealt to 3695cfdc 
Dealt to Hero [Ac 2d]
Dealt to 7b92e742 
Dealt to e672a68f 
Dealt to 5be5bbaa 
Dealt to 1e52ba99 
7b92e742: folds
e672a68f: folds
5be5bbaa: folds
1e52ba99: folds
3695cfdc: raises $0.1 to $0.15
Hero: folds
Uncalled bet ($0.1) returned to 3695cfdc
*** SHOWDOWN ***
3695cfdc collected $0.1 from pot
*** SUMMARY ***
Total pot $0.1 | Rake $0 | Jackpot $0 | Bingo $0 | Fortune $0 | Tax $0
Seat 1: 3695cfdc (small blind) collected ($0.1)
Seat 2: Hero (big blind) folded before Flop
Seat 3: 7b92e742 folded before Flop (didn't bet)
Seat 4: e672a68f folded before Flop (didn't bet)
Seat 5: 5be5bbaa folded before Flop (didn't bet)
Seat 6: 1e52ba99 (button) folded before Flop (didn't bet)


Poker Hand #HD1712046161: Hold'em No Limit ($0.02/$0.05) - 2024/04/02 11:08:25
Table 'NLHBlue3' 6-max Seat #5 is the button
Seat 1: 3695cfdc ($5 in chips)
Seat 2: Hero ($5.6 in chips)
Seat 3: 7b92e742 ($0.78 in chips)
Seat 4: e672a68f ($5 in chips)
Seat 5: 5be5bbaa ($2.93 in chips)
Seat 6: 1e52ba99 ($6.23 in chips)
1e52ba99: posts small blind $0.02
3695cfdc: posts big blind $0.05
*** HOLE CARDS ***
Dealt to 3695cfdc 
Dealt to Hero [3d 2c]
Dealt to 7b92e742 
Dealt to e672a68f 
Dealt to 5be5bbaa 
Dealt to 1e52ba99 
Hero: folds
7b92e742: folds
e672a68f: folds
5be5bbaa: folds
1e52ba99: folds
Uncalled bet ($0.03) returned to 3695cfdc
*** SHOWDOWN ***
3695cfdc collected $0.04 from pot
*** SUMMARY ***
Total pot $0.04 | Rake $0 | Jackpot $0 | Bingo $0 | Fortune $0 | Tax $0
Seat 1: 3695cfdc (big blind) collected ($0.04)
Seat 2: Hero folded before Flop (didn't bet)
Seat 3: 7b92e742 folded before Flop (didn't bet)
Seat 4: e672a68f folded before Flop (didn't bet)
Seat 5: 5be5bbaa (button) folded before Flop (didn't bet)
Seat 6: 1e52ba99 (small blind) folded before Flop


Poker Hand #HD1712046137: Hold'em No Limit ($0.02/$0.05) - 2024/04/02 11:08:12
Table 'NLHBlue3' 6-max Seat #4 is the button
Seat 1: 3695cfdc ($5 in chips)
Seat 2: Hero ($5.6 in chips)
Seat 3: 7b92e742 ($0.71 in chips)
Seat 4: e672a68f ($5 in chips)
Seat 5: 5be5bbaa ($2.95 in chips)
Seat 6: 1e52ba99 ($6.28 in chips)
5be5bbaa: posts small blind $0.02
1e52ba99: posts big blind $0.05
*** HOLE CARDS ***
Dealt to 3695cfdc 
Dealt to Hero [Qd 8d]
Dealt to 7b92e742 
Dealt to e672a68f 
Dealt to 5be5bbaa 
Dealt to 1e52ba99 
3695cfdc: folds
Hero: folds
7b92e742: raises $0.12 to $0.17
e672a68f: folds
5be5bbaa: folds
1e52ba99: folds
Uncalled bet ($0.12) returned to 7b92e742
*** SHOWDOWN ***
7b92e742 collected $0.12 from pot
*** SUMMARY ***
Total pot $0.12 | Rake $0 | Jackpot $0 | Bingo $0 | Fortune $0 | Tax $0
Seat 1: 3695cfdc folded before Flop (didn't bet)
Seat 2: Hero folded before Flop (didn't bet)
Seat 3: 7b92e742 collected ($0.12)
Seat 4: e672a68f (button) folded before Flop (didn't bet)
Seat 5: 5be5bbaa (small blind) folded before Flop
Seat 6: 1e52ba99 (big blind) folded before Flop


Poker Hand #HD1712046081: Hold'em No Limit ($0.02/$0.05) - 2024/04/02 11:07:50
Table 'NLHBlue3' 6-max Seat #3 is the button
Seat 1: 3695cfdc ($5 in chips)
Seat 2: Hero ($5.73 in chips)
Seat 3: 7b92e742 ($0.53 in chips)
Seat 4: e672a68f ($5.02 in chips)
Seat 5: 5be5bbaa ($3 in chips)
Seat 6: 1e52ba99 ($6.28 in chips)
e672a68f: posts small blind $0.02
5be5bbaa: posts big blind $0.05
*** HOLE CARDS ***
Dealt to 3695cfdc 
Dealt to Hero [Ac 5c]
Dealt to 7b92e742 
Dealt to e672a68f 
Dealt to 5be5bbaa 
Dealt to 1e52ba99 
1e52ba99: folds
3695cfdc: folds
Hero: raises $0.08 to $0.13
7b92e742: raises $0.33 to $0.46
e672a68f: folds
5be5bbaa: folds
Hero: folds
Uncalled bet ($0.33) returned to 7b92e742
*** SHOWDOWN ***
7b92e742 collected $0.31 from pot
*** SUMMARY ***
Total pot $0.33 | Rake $0.02 | Jackpot $0 | Bingo $0 | Fortune $0 | Tax $0
Seat 1: 3695cfdc folded before Flop (didn't bet)
Seat 2: Hero folded before Flop
Seat 3: 7b92e742 (button) collected ($0.31)
Seat 4: e672a68f (small blind) folded before Flop
Seat 5: 5be5bbaa (big blind) folded before Flop
Seat 6: 1e52ba99 folded before Flop (didn't bet)


Poker Hand #HD1712046061: Hold'em No Limit ($0.02/$0.05) - 2024/04/02 11:07:41
Table 'NLHBlue3' 6-max Seat #2 is the button
Seat 1: 3695cfdc ($5 in chips)
Seat 2: Hero ($5.73 in chips)
Seat 3: 7b92e742 ($0.55 in chips)
Seat 4: e672a68f ($5 in chips)
Seat 5: 5be5bbaa ($3 in chips)
Seat 6: 1e52ba99 ($6.28 in chips)
7b92e742: posts small blind $0.02
e672a68f: posts big blind $0.05
*** HOLE CARDS ***
Dealt to 3695cfdc 
Dealt to Hero [5h Kc]
Dealt to 7b92e742 
Dealt to e672a68f 
Dealt to 5be5bbaa 
Dealt to 1e52ba99 
5be5bbaa: folds
1e52ba99: folds
3695cfdc: folds
Hero: folds
7b92e742: folds
Uncalled bet ($0.03) returned to e672a68f
*** SHOWDOWN ***
e672a68f collected $0.04 from pot
*** SUMMARY ***
Total pot $0.04 | Rake $0 | Jackpot $0 | Bingo $0 | Fortune $0 | Tax $0
Seat 1: 3695cfdc folded before Flop (didn't bet)
Seat 2: Hero (button) folded before Flop (didn't bet)
Seat 3: 7b92e742 (small blind) folded before Flop
Seat 4: e672a68f (big blind) collected ($0.04)
Seat 5: 5be5bbaa folded before Flop (didn't bet)
Seat 6: 1e52ba99 folded before Flop (didn't bet)


Poker Hand #HD1712045971: Hold'em No Limit ($0.02/$0.05) - 2024/04/02 11:06:50
Table 'NLHBlue3' 6-max Seat #1 is the button
Seat 1: 3695cfdc ($5 in chips)
Seat 2: Hero ($5.75 in chips)
Seat 3: 7b92e742 ($1 in chips)
Seat 5: 5be5bbaa ($3 in chips)
Seat 6: 1e52ba99 ($5.85 in chips)
Hero: posts small blind $0.02
7b92e742: posts big blind $0.05
*** HOLE CARDS ***
Dealt to 3695cfdc 
Dealt to Hero [9c 6h]
Dealt to 7b92e742 
Dealt to 5be5bbaa 
Dealt to 1e52ba99 
5be5bbaa: folds
1e52ba99: raises $0.1 to $0.15
3695cfdc: folds
Hero: folds
7b92e742: calls $0.1
*** FLOP *** [2s 7s 5c]
7b92e742: checks
1e52ba99: checks
*** TURN *** [2s 7s 5c] [3c]
7b92e742: bets $0.05
1e52ba99: calls $0.05
*** RIVER *** [2s 7s 5c 3c] [Qc]
7b92e742: bets $0.05
1e52ba99: raises $0.2 to $0.25
7b92e742: calls $0.2
1e52ba99: shows [9d Qd] (Pair of Queens)
7b92e742: shows [5d 4d] (Pair of Fives)
*** SHOWDOWN ***
1e52ba99 collected $0.88 from pot
*** SUMMARY ***
Total pot $0.92 | Rake $0.04 | Jackpot $0 | Bingo $0 | Fortune $0 | Tax $0
Board [2s 7s 5c 3c Qc]
Seat 1: 3695cfdc (button) folded before Flop (didn't bet)
Seat 2: Hero (small blind) folded before Flop
Seat 3: 7b92e742 (big blind) showed [5d 4d] and lost with Pair of Fives
Seat 5: 5be5bbaa folded before Flop (didn't bet)
Seat 6: 1e52ba99 showed [9d Qd] and won ($0.88) with Pair of Queens


Poker Hand #HD1712045898: Hold'em No Limit ($0.02/$0.05) - 2024/04/02 11:06:18
Table 'NLHBlue3' 6-max Seat #6 is the button
Seat 1: 3695cfdc ($5 in chips)
Seat 2: Hero ($5.68 in chips)
Seat 3: 7b92e742 ($1 in chips)
Seat 4: ebec72ad ($6.23 in chips)
Seat 5: 5be5bbaa ($3.05 in chips)
Seat 6: 1e52ba99 ($5.85 in chips)
3695cfdc: posts small blind $0.02
Hero: posts big blind $0.05
*** HOLE CARDS ***
Dealt to 3695cfdc 
Dealt to Hero [Jc 5s]
Dealt to 7b92e742 
Dealt to ebec72ad 
Dealt to 5be5bbaa 
Dealt to 1e52ba99 
7b92e742: folds
ebec72ad: folds
5be5bbaa: calls $0.05
1e52ba99: folds
3695cfdc: folds
Hero: checks
*** FLOP *** [7h Th 8d]
Hero: checks
5be5bbaa: checks
*** TURN *** [7h Th 8d] [Ks]
Hero: checks
5be5bbaa: checks
*** RIVER *** [7h Th 8d Ks] [5c]
Hero: checks
5be5bbaa: checks
Hero: shows [Jc 5s] (Pair of Fives)
5be5bbaa: shows [3c 3s] (Pair of Treys)
*** SHOWDOWN ***
Hero collected $0.12 from pot
*** SUMMARY ***
Total pot $0.12 | Rake $0 | Jackpot $0 | Bingo $0 | Fortune $0 | Tax $0
Board [7h Th 8d Ks 5c]
Seat 1: 3695cfdc (small blind) folded before Flop
Seat 2: Hero (big blind) showed [Jc 5s] and won ($0.12) with Pair of Fives
Seat 3: 7b92e742 folded before Flop (didn't bet)
Seat 4: ebec72ad folded before Flop (didn't bet)
Seat 5: 5be5bbaa showed [3c 3s] and lost with Pair of Treys
Seat 6: 1e52ba99 (button) folded before Flop (didn't bet)


Poker Hand #HD1712045842: Hold'em No Limit ($0.02/$0.05) - 2024/04/02 11:05:46
Table 'NLHBlue3' 6-max Seat #5 is the button
Seat 1: 3695cfdc ($5 in chips)
Seat 2: Hero ($5.68 in chips)
Seat 3: 7b92e742 ($0.78 in chips)
Seat 4: ebec72ad ($6.23 in chips)
Seat 5: 5be5bbaa ($3.05 in chips)
Seat 6: 1e52ba99 ($5.87 in chips)
1e52ba99: posts small blind $0.02
3695cfdc: posts big blind $0.05
*** HOLE CARDS ***
Dealt to 3695cfdc 
Dealt to Hero [Jd 2s]
Dealt to 7b92e742 
Dealt to ebec72ad 
Dealt to 5be5bbaa 
Dealt to 1e52ba99 
Hero: folds
7b92e742: raises $0.12 to $0.17
ebec72ad: folds
5be5bbaa: folds
1e52ba99: folds
3695cfdc: calls $0.12
*** FLOP *** [7s 4s Qh]
3695cfdc: checks
7b92e742: checks
*** TURN *** [7s 4s Qh] [Js]
3695cfdc: checks
7b92e742: checks
*** RIVER *** [7s 4s Qh Js] [Ah]
3695cfdc: checks
7b92e742: bets $0.05
3695cfdc: calls $0.05
7b92e742: shows [Ad Th] (Pair of Aces)
3695cfdc: shows [9s 9c] (Pair of Nines)
*** SHOWDOWN ***
7b92e742 collected $0.44 from pot
*** SUMMARY ***
Total pot $0.46 | Rake $0.02 | Jackpot $0 | Bingo $0 | Fortune $0 | Tax $0
Board [7s 4s Qh Js Ah]
Seat 1: 3695cfdc (big blind) showed [9s 9c] and lost with Pair of Nines
Seat 2: Hero folded before Flop (didn't bet)
Seat 3: 7b92e742 showed [Ad Th] and won ($0.44) with Pair of Aces
Seat 4: ebec72ad folded before Flop (didn't bet)
Seat 5: 5be5bbaa (button) folded before Flop (didn't bet)
Seat 6: 1e52ba99 (small blind) folded before Flop


Poker Hand #HD1712045754: Hold'em No Limit ($0.02/$0.05) - 2024/04/02 11:05:03
Table 'NLHBlue3' 6-max Seat #4 is the button
Seat 2: Hero ($5.83 in chips)
Seat 3: 7b92e742 ($0.85 in chips)
Seat 4: ebec72ad ($6.23 in chips)
Seat 5: 5be5bbaa ($2.8 in chips)
Seat 6: 1e52ba99 ($5.92 in chips)
5be5bbaa: posts small blind $0.02
1e52ba99: posts big blind $0.05
7b92e742: posts big blind $0.05
7b92e742: posts missed blind $0.02
*** HOLE CARDS ***
Dealt to Hero [Qh Th]
Dealt to 7b92e742 
Dealt to ebec72ad 
Dealt to 5be5bbaa 
Dealt to 1e52ba99 
Hero: raises $0.1 to $0.15
7b92e742: folds
ebec72ad: folds
5be5bbaa: calls $0.13
1e52ba99: folds
*** FLOP *** [9c 4s 5c]
5be5bbaa: checks
Hero: checks
*** TURN *** [9c 4s 5c] [2c]
5be5bbaa: bets $0.15
Hero: folds
Uncalled bet ($0.15) returned to 5be5bbaa
*** SHOWDOWN ***
5be5bbaa collected $0.4 from pot
*** SUMMARY ***
Total pot $0.42 | Rake $0.02 | Jackpot $0 | Bingo $0 | Fortune $0 | Tax $0
Board [9c 4s 5c 2c]
Seat 2: Hero folded on the Turn
Seat 3: 7b92e742 folded before Flop
Seat 4: ebec72ad (button) folded before Flop (didn't bet)
Seat 5: 5be5bbaa (small blind) won ($0.4)
Seat 6: 1e52ba99 (big blind) folded before Flop


Poker Hand #HD1712045696: Hold'em No Limit ($0.02/$0.05) - 2024/04/02 11:04:30
Table 'NLHBlue3' 6-max Seat #2 is the button
Seat 2: Hero ($5.83 in chips)
Seat 4: ebec72ad ($6.18 in chips)
Seat 5: 5be5bbaa ($2.85 in chips)
Seat 6: 1e52ba99 ($5.92 in chips)
ebec72ad: posts small blind $0.02
5be5bbaa: posts big blind $0.05
*** HOLE CARDS ***
Dealt to Hero [Qc 3h]
Dealt to ebec72ad 
Dealt to 5be5bbaa 
Dealt to 1e52ba99 
1e52ba99: folds
Hero: folds
ebec72ad: calls $0.03
5be5bbaa: checks
*** FLOP *** [Ks 7d 8c]
ebec72ad: checks
5be5bbaa: checks
*** TURN *** [Ks 7d 8c] [4s]
ebec72ad: checks
5be5bbaa: checks
*** RIVER *** [Ks 7d 8c 4s] [5h]
ebec72ad: checks
5be5bbaa: checks
ebec72ad: shows [5c 3c] (Pair of Fives)
5be5bbaa: shows [Jh 9d] (King-High)
*** SHOWDOWN ***
ebec72ad collected $0.1 from pot
*** SUMMARY ***
Total pot $0.1 | Rake $0 | Jackpot $0 | Bingo $0 | Fortune $0 | Tax $0
Board [Ks 7d 8c 4s 5h]
Seat 2: Hero (button) folded before Flop (didn't bet)
Seat 4: ebec72ad (small blind) showed [5c 3c] and won ($0.1) with Pair of Fives
Seat 5: 5be5bbaa (big blind) showed [Jh 9d] and lost with King-High
Seat 6: 1e52ba99 folded before Flop (didn't bet)


Poker Hand #HD1712045655: Hold'em No Limit ($0.02/$0.05) - 2024/04/02 11:04:16
Table 'NLHBlue3' 6-max Seat #6 is the button
Seat 2: Hero ($5.85 in chips)
Seat 4: ebec72ad ($6.16 in chips)
Seat 5: 5be5bbaa ($2.85 in chips)
Seat 6: 1e52ba99 ($5.92 in chips)
Hero: posts small blind $0.02
ebec72ad: posts big blind $0.05
*** HOLE CARDS ***
Dealt to Hero [9c 7h]
Dealt to ebec72ad 
Dealt to 5be5bbaa 
Dealt to 1e52ba99 
5be5bbaa: folds
1e52ba99: folds
Hero: folds
Uncalled bet ($0.03) returned to ebec72ad
*** SHOWDOWN ***
ebec72ad collected $0.04 from pot
*** SUMMARY ***
Total pot $0.04 | Rake $0 | Jackpot $0 | Bingo $0 | Fortune $0 | Tax $0
Seat 2: Hero (small blind) folded before Flop
Seat 4: ebec72ad (big blind) collected ($0.04)
Seat 5: 5be5bbaa folded before Flop (didn't bet)
Seat 6: 1e52ba99 (button) folded before Flop (didn't bet)


Poker Hand #HD1711975580: Hold'em No Limit ($0.02/$0.05) - 2024/04/02 11:03:38
Table 'NLHBlue3' 6-max Seat #5 is the button
Seat 2: Hero ($5.78 in chips)
Seat 3: 7b92e742 ($0.85 in chips)
Seat 4: ebec72ad ($6.16 in chips)
Seat 5: 5be5bbaa ($2.9 in chips)
Seat 6: 1e52ba99 ($5.94 in chips)
1e52ba99: posts small blind $0.02
Hero: posts big blind $0.05
*** HOLE CARDS ***
Dealt to Hero [3c Jh]
Dealt to 7b92e742 
Dealt to ebec72ad 
Dealt to 5be5bbaa 
Dealt to 1e52ba99 
7b92e742: folds
ebec72ad: folds
5be5bbaa: calls $0.05
1e52ba99: folds
Hero: checks
*** FLOP *** [9c Tc Ks]
Hero: checks
5be5bbaa: checks
*** TURN *** [9c Tc Ks] [3h]
Hero: bets $0.05
5be5bbaa: folds
Uncalled bet ($0.05) returned to Hero
*** SHOWDOWN ***
Hero collected $0.12 from pot
*** SUMMARY ***
Total pot $0.12 | Rake $0 | Jackpot $0 | Bingo $0 | Fortune $0 | Tax $0
Board [9c Tc Ks 3h]
Seat 2: Hero (big blind) won ($0.12)
Seat 3: 7b92e742 folded before Flop (didn't bet)
Seat 4: ebec72ad folded before Flop (didn't bet)
Seat 5: 5be5bbaa (button) folded on the Turn
Seat 6: 1e52ba99 (small blind) folded before Flop


Poker Hand #HD1711975461: Hold'em No Limit ($0.02/$0.05) - 2024/04/02 11:02:39
Table 'NLHBlue3' 6-max Seat #4 is the button
Seat 2: Hero ($5.39 in chips)
Seat 3: 7b92e742 ($0.85 in chips)
Seat 4: ebec72ad ($6.36 in chips)
Seat 5: 5be5bbaa ($2.92 in chips)
Seat 6: 1e52ba99 ($6.14 in chips)
5be5bbaa: posts small blind $0.02
1e52ba99: posts big blind $0.05
*** HOLE CARDS ***
Dealt to Hero [As Qh]
Dealt to 7b92e742 
Dealt to ebec72ad 
Dealt to 5be5bbaa 
Dealt to 1e52ba99 
Hero: raises $0.05 to $0.1
7b92e742: folds
ebec72ad: calls $0.1
5be5bbaa: folds
1e52ba99: calls $0.05
*** FLOP *** [9h Qd Jh]
1e52ba99: checks
Hero: bets $0.1
ebec72ad: calls $0.1
1e52ba99: calls $0.1
*** TURN *** [9h Qd Jh] [4c]
1e52ba99: checks
Hero: bets $0.3
ebec72ad: folds
1e52ba99: folds
Uncalled bet ($0.3) returned to Hero
*** SHOWDOWN ***
Hero collected $0.59 from pot
*** SUMMARY ***
Total pot $0.62 | Rake $0.03 | Jackpot $0 | Bingo $0 | Fortune $0 | Tax $0
Board [9h Qd Jh 4c]
Seat 2: Hero won ($0.59)
Seat 3: 7b92e742 folded before Flop (didn't bet)
Seat 4: ebec72ad (button) folded on the Turn
Seat 5: 5be5bbaa (small blind) folded before Flop
Seat 6: 1e52ba99 (big blind) folded on the Turn


Poker Hand #HD1711975358: Hold'em No Limit ($0.02/$0.05) - 2024/04/02 11:01:46
Table 'NLHBlue3' 6-max Seat #3 is the button
Seat 2: Hero ($5.39 in chips)
Seat 3: 7b92e742 ($0.85 in chips)
Seat 4: ebec72ad ($6.38 in chips)
Seat 5: 5be5bbaa ($2.62 in chips)
Seat 6: 1e52ba99 ($6.45 in chips)
ebec72ad: posts small blind $0.02
5be5bbaa: posts big blind $0.05
*** HOLE CARDS ***
Dealt to Hero [4s 5s]
Dealt to 7b92e742 
Dealt to ebec72ad 
Dealt to 5be5bbaa 
Dealt to 1e52ba99 
1e52ba99: raises $0.1 to $0.15
Hero: folds
7b92e742: folds
ebec72ad: folds
5be5bbaa: calls $0.1
*** FLOP *** [Jh Kh 2s]
5be5bbaa: checks
1e52ba99: bets $0.16
5be5bbaa: calls $0.16
*** TURN *** [Jh Kh 2s] [Ts]
5be5bbaa: checks
1e52ba99: checks
*** RIVER *** [Jh Kh 2s Ts] [9h]
5be5bbaa: bets $0.22
1e52ba99: folds
Uncalled bet ($0.22) returned to 5be5bbaa
*** SHOWDOWN ***
5be5bbaa collected $0.61 from pot
*** SUMMARY ***
Total pot $0.64 | Rake $0.03 | Jackpot $0 | Bingo $0 | Fortune $0 | Tax $0
Board [Jh Kh 2s Ts 9h]
Seat 2: Hero folded before Flop (didn't bet)
Seat 3: 7b92e742 (button) folded before Flop (didn't bet)
Seat 4: ebec72ad (small blind) folded before Flop
Seat 5: 5be5bbaa (big blind) won ($0.61)
Seat 6: 1e52ba99 folded on the River


Poker Hand #HD1711975254: Hold'em No Limit ($0.02/$0.05) - 2024/04/02 11:00:59
Table 'NLHBlue3' 6-max Seat #2 is the button
Seat 2: Hero ($5 in chips)
Seat 3: 7b92e742 ($0.87 in chips)
Seat 4: ebec72ad ($6.58 in chips)
Seat 5: 5be5bbaa ($2.82 in chips)
Seat 6: 1e52ba99 ($6.45 in chips)
7b92e742: posts small blind $0.02
ebec72ad: posts big blind $0.05
*** HOLE CARDS ***
Dealt to Hero [As Qh]
Dealt to 7b92e742 
Dealt to ebec72ad 
Dealt to 5be5bbaa 
Dealt to 1e52ba99 
5be5bbaa: calls $0.05
1e52ba99: folds
Hero: raises $0.15 to $0.2
7b92e742: folds
ebec72ad: calls $0.15
5be5bbaa: calls $0.15
*** FLOP *** [4c Th 8c]
ebec72ad: checks
5be5bbaa: checks
Hero: checks
*** TURN *** [4c Th 8c] [8h]
ebec72ad: checks
5be5bbaa: checks
Hero: checks
*** RIVER *** [4c Th 8c 8h] [Ts]
ebec72ad: checks
5be5bbaa: checks
Hero: checks
ebec72ad: shows [7c 6c] (Pair of Tens and Pair of Eights)
5be5bbaa: shows [Js Kh] (Pair of Tens and Pair of Eights)
Hero: shows [As Qh] (Pair of Tens and Pair of Eights)
*** SHOWDOWN ***
Hero collected $0.59 from pot
*** SUMMARY ***
Total pot $0.62 | Rake $0.03 | Jackpot $0 | Bingo $0 | Fortune $0 | Tax $0
Board [4c Th 8c 8h Ts]
Seat 2: Hero (button) showed [As Qh] and won ($0.59) with Pair of Tens and Pair of Eights
Seat 3: 7b92e742 (small blind) folded before Flop
Seat 4: ebec72ad (big blind) showed [7c 6c] and lost with Pair of Tens and Pair of Eights
Seat 5: 5be5bbaa showed [Js Kh] and lost with Pair of Tens and Pair of Eights
Seat 6: 1e52ba99 folded before Flop (didn't bet)


Poker Hand #HD1711975232: Hold'em No Limit ($0.02/$0.05) - 2024/04/02 11:00:50
Table 'NLHBlue3' 6-max Seat #6 is the button
Seat 2: Hero ($5 in chips)
Seat 3: 7b92e742 ($0.85 in chips)
Seat 4: ebec72ad ($6.58 in chips)
Seat 5: 5be5bbaa ($2.82 in chips)
Seat 6: 1e52ba99 ($6.45 in chips)
Hero: posts small blind $0.02
7b92e742: posts big blind $0.05
*** HOLE CARDS ***
Dealt to Hero [Kc 4s]
Dealt to 7b92e742 
Dealt to ebec72ad 
Dealt to 5be5bbaa 
Dealt to 1e52ba99 
ebec72ad: folds
5be5bbaa: folds
1e52ba99: folds
Hero: folds
Uncalled bet ($0.03) returned to 7b92e742
*** SHOWDOWN ***
7b92e742 collected $0.04 from pot
*** SUMMARY ***
Total pot $0.04 | Rake $0 | Jackpot $0 | Bingo $0 | Fortune $0 | Tax $0
Seat 2: Hero (small blind) folded before Flop
Seat 3: 7b92e742 (big blind) collected ($0.04)
Seat 4: ebec72ad folded before Flop (didn't bet)
Seat 5: 5be5bbaa folded before Flop (didn't bet)
Seat 6: 1e52ba99 (button) folded before Flop (didn't bet)


Poker Hand #HD1711975212: Hold'em No Limit ($0.02/$0.05) - 2024/04/02 11:00:41
Table 'NLHBlue3' 6-max Seat #5 is the button
Seat 2: Hero ($5 in chips)
Seat 3: 7b92e742 ($0.85 in chips)
Seat 4: ebec72ad ($6.58 in chips)
Seat 5: 5be5bbaa ($2.82 in chips)
Seat 6: 1e52ba99 ($6.4 in chips)
1e52ba99: posts small blind $0.02
Hero: posts big blind $0.05
*** HOLE CARDS ***
Dealt to Hero [6d Qc]
Dealt to 7b92e742 
Dealt to ebec72ad 
Dealt to 5be5bbaa 
Dealt to 1e52ba99 
7b92e742: folds
ebec72ad: folds
5be5bbaa: folds
1e52ba99: raises $0.1 to $0.15
Hero: folds
Uncalled bet ($0.1) returned to 1e52ba99
*** SHOWDOWN ***
1e52ba99 collected $0.1 from pot
*** SUMMARY ***
Total pot $0.1 | Rake $0 | Jackpot $0 | Bingo $0 | Fortune $0 | Tax $0
Seat 2: Hero (big blind) folded before Flop
Seat 3: 7b92e742 folded before Flop (didn't bet)
Seat 4: ebec72ad folded before Flop (didn't bet)
Seat 5: 5be5bbaa (button) folded before Flop (didn't bet)
Seat 6: 1e52ba99 (small blind) collected ($0.1)


Poker Hand #HD1711975147: Hold'em No Limit ($0.02/$0.05) - 2024/04/02 11:00:06
Table 'NLHBlue3' 6-max Seat #4 is the button
Seat 2: Hero ($5 in chips)
Seat 3: 7b92e742 ($1 in chips)
Seat 4: ebec72ad ($6.58 in chips)
Seat 5: 5be5bbaa ($2.49 in chips)
Seat 6: 1e52ba99 ($6.45 in chips)
5be5bbaa: posts small blind $0.02
1e52ba99: posts big blind $0.05
7b92e742: posts big blind $0.05
*** HOLE CARDS ***
Dealt to Hero [As Qd]
Dealt to 7b92e742 
Dealt to ebec72ad 
Dealt to 5be5bbaa 
Dealt to 1e52ba99 
Hero: raises $0.1 to $0.15
7b92e742: calls $0.1
ebec72ad: folds
5be5bbaa: calls $0.13
1e52ba99: folds
*** FLOP *** [6d Js 7d]
5be5bbaa: checks
Hero: checks
7b92e742: checks
*** TURN *** [6d Js 7d] [3s]
5be5bbaa: bets $0.2
Hero: folds
7b92e742: folds
Uncalled bet ($0.2) returned to 5be5bbaa
*** SHOWDOWN ***
5be5bbaa collected $0.48 from pot
*** SUMMARY ***
Total pot $0.5 | Rake $0.02 | Jackpot $0 | Bingo $0 | Fortune $0 | Tax $0
Board [6d Js 7d 3s]
Seat 2: Hero folded on the Turn
Seat 3: 7b92e742 folded on the Turn
Seat 4: ebec72ad (button) folded before Flop (didn't bet)
Seat 5: 5be5bbaa (small blind) won ($0.48)
Seat 6: 1e52ba99 (big blind) folded before Flop


Poker Hand #HD1711975058: Hold'em No Limit ($0.02/$0.05) - 2024/04/02 10:59:25
Table 'NLHBlue3' 6-max Seat #2 is the button
Seat 2: Hero ($5 in chips)
Seat 3: 87957abf ($6.51 in chips)
Seat 4: ebec72ad ($5.16 in chips)
Seat 5: 5be5bbaa ($4.09 in chips)
Seat 6: 1e52ba99 ($6.45 in chips)
87957abf: posts small blind $0.02
ebec72ad: posts big blind $0.05
*** HOLE CARDS ***
Dealt to Hero [6s 9s]
Dealt to 87957abf 
Dealt to ebec72ad 
Dealt to 5be5bbaa 
Dealt to 1e52ba99 
5be5bbaa: raises $0.1 to $0.15
1e52ba99: folds
Hero: folds
87957abf: folds
ebec72ad: calls $0.1
*** FLOP *** [6d Js 5c]
ebec72ad: checks
5be5bbaa: bets $0.1
ebec72ad: calls $0.1
*** TURN *** [6d Js 5c] [Ts]
ebec72ad: checks
5be5bbaa: bets $0.35
ebec72ad: calls $0.35
*** RIVER *** [6d Js 5c Ts] [2d]
ebec72ad: checks
5be5bbaa: bets $1
ebec72ad: calls $1
5be5bbaa: shows [Kc Ah] (Ace-High)
ebec72ad: shows [Jc 9d] (Pair of Jacks)
*** SHOWDOWN ***
ebec72ad collected $3.02 from pot
*** SUMMARY ***
Total pot $3.22 | Rake $0.15 | Jackpot $0.05 | Bingo $0 | Fortune $0 | Tax $0
Board [6d Js 5c Ts 2d]
Seat 2: Hero (button) folded before Flop (didn't bet)
Seat 3: 87957abf (small blind) folded before Flop
Seat 4: ebec72ad (big blind) showed [Jc 9d] and won ($3.02) with Pair of Jacks
Seat 5: 5be5bbaa showed [Kc Ah] and lost with Ace-High
Seat 6: 1e52ba99 folded before Flop (didn't bet)


Poker Hand #HD1711975011: Hold'em No Limit ($0.02/$0.05) - 2024/04/02 10:59:04
Table 'NLHBlue3' 6-max Seat #1 is the button
Seat 1: d16fbe4d ($4.97 in chips)
Seat 2: Hero ($5 in chips)
Seat 3: 87957abf ($6.56 in chips)
Seat 4: ebec72ad ($5.09 in chips)
Seat 5: 5be5bbaa ($4.09 in chips)
Seat 6: 1e52ba99 ($6.45 in chips)
Hero: posts small blind $0.02
87957abf: posts big blind $0.05
*** HOLE CARDS ***
Dealt to d16fbe4d 
Dealt to Hero [Jh Td]
Dealt to 87957abf 
Dealt to ebec72ad 
Dealt to 5be5bbaa 
Dealt to 1e52ba99 
ebec72ad: raises $0.05 to $0.1
5be5bbaa: folds
1e52ba99: folds
d16fbe4d: folds
Hero: folds
87957abf: folds
Uncalled bet ($0.05) returned to ebec72ad
*** SHOWDOWN ***
ebec72ad collected $0.12 from pot
*** SUMMARY ***
Total pot $0.12 | Rake $0 | Jackpot $0 | Bingo $0 | Fortune $0 | Tax $0
Seat 1: d16fbe4d (button) folded before Flop (didn't bet)
Seat 2: Hero (small blind) folded before Flop
Seat 3: 87957abf (big blind) folded before Flop
Seat 4: ebec72ad collected ($0.12)
Seat 5: 5be5bbaa folded before Flop (didn't bet)
Seat 6: 1e52ba99 folded before Flop (didn't bet)


Poker Hand #HD1711974985: Hold'em No Limit ($0.02/$0.05) - 2024/04/02 10:58:50
Table 'NLHBlue3' 6-max Seat #6 is the button
Seat 1: d16fbe4d ($4.99 in chips)
Seat 2: Hero ($5 in chips)
Seat 3: 87957abf ($6.56 in chips)
Seat 4: ebec72ad ($5.09 in chips)
Seat 5: 5be5bbaa ($4.02 in chips)
Seat 6: 1e52ba99 ($6.45 in chips)
d16fbe4d: posts small blind $0.02
Hero: posts big blind $0.05
*** HOLE CARDS ***
Dealt to d16fbe4d 
Dealt to Hero [7d 6h]
Dealt to 87957abf 
Dealt to ebec72ad 
Dealt to 5be5bbaa 
Dealt to 1e52ba99 
87957abf: folds
ebec72ad: folds
5be5bbaa: raises $0.1 to $0.15
1e52ba99: folds
d16fbe4d: folds
Hero: folds
Uncalled bet ($0.1) returned to 5be5bbaa
*** SHOWDOWN ***
5be5bbaa collected $0.12 from pot
*** SUMMARY ***
Total pot $0.12 | Rake $0 | Jackpot $0 | Bingo $0 | Fortune $0 | Tax $0
Seat 1: d16fbe4d (small blind) folded before Flop
Seat 2: Hero (big blind) folded before Flop
Seat 3: 87957abf folded before Flop (didn't bet)
Seat 4: ebec72ad folded before Flop (didn't bet)
Seat 5: 5be5bbaa collected ($0.12)
Seat 6: 1e52ba99 (button) folded before Flop (didn't bet)


Poker Hand #HD1711974956: Hold'em No Limit ($0.02/$0.05) - 2024/04/02 10:58:37
Table 'NLHBlue3' 6-max Seat #5 is the button
Seat 1: d16fbe4d ($4.97 in chips)
Seat 2: Hero ($5 in chips)
Seat 3: 87957abf ($6.56 in chips)
Seat 4: ebec72ad ($5.09 in chips)
Seat 5: 5be5bbaa ($4.02 in chips)
Seat 6: 1e52ba99 ($6.47 in chips)
1e52ba99: posts small blind $0.02
d16fbe4d: posts big blind $0.05
*** HOLE CARDS ***
Dealt to d16fbe4d 
Dealt to Hero [5c 3d]
Dealt to 87957abf 
Dealt to ebec72ad 
Dealt to 5be5bbaa 
Dealt to 1e52ba99 
Hero: folds
87957abf: folds
ebec72ad: folds
5be5bbaa: folds
1e52ba99: folds
Uncalled bet ($0.03) returned to d16fbe4d
*** SHOWDOWN ***
d16fbe4d collected $0.04 from pot
*** SUMMARY ***
Total pot $0.04 | Rake $0 | Jackpot $0 | Bingo $0 | Fortune $0 | Tax $0
Seat 1: d16fbe4d (big blind) collected ($0.04)
Seat 2: Hero folded before Flop (didn't bet)
Seat 3: 87957abf folded before Flop (didn't bet)
Seat 4: ebec72ad folded before Flop (didn't bet)
Seat 5: 5be5bbaa (button) folded before Flop (didn't bet)
Seat 6: 1e52ba99 (small blind) folded before Flop


Poker Hand #HD1711974902: Hold'em No Limit ($0.02/$0.05) - 2024/04/02 10:58:10
Table 'NLHBlue3' 6-max Seat #4 is the button
Seat 1: d16fbe4d ($4.97 in chips)
Seat 2: Hero ($5 in chips)
Seat 3: 87957abf ($6.96 in chips)
Seat 4: ebec72ad ($5.09 in chips)
Seat 5: 5be5bbaa ($3.61 in chips)
Seat 6: 1e52ba99 ($6.52 in chips)
5be5bbaa: posts small blind $0.02
1e52ba99: posts big blind $0.05
*** HOLE CARDS ***
Dealt to d16fbe4d 
Dealt to Hero [Ad 6h]
Dealt to 87957abf 
Dealt to ebec72ad 
Dealt to 5be5bbaa 
Dealt to 1e52ba99 
d16fbe4d: folds
Hero: folds
87957abf: raises $0.05 to $0.1
ebec72ad: folds
5be5bbaa: calls $0.08
1e52ba99: folds
*** FLOP *** [Js Qs 4h]
5be5bbaa: checks
87957abf: bets $0.13
5be5bbaa: calls $0.13
*** TURN *** [Js Qs 4h] [3s]
5be5bbaa: checks
87957abf: checks
*** RIVER *** [Js Qs 4h 3s] [8c]
5be5bbaa: bets $0.17
87957abf: calls $0.17
5be5bbaa: shows [Kd Qc] (Pair of Queens)
87957abf: shows [Td Qd] (Pair of Queens)
*** SHOWDOWN ***
5be5bbaa collected $0.81 from pot
*** SUMMARY ***
Total pot $0.85 | Rake $0.04 | Jackpot $0 | Bingo $0 | Fortune $0 | Tax $0
Board [Js Qs 4h 3s 8c]
Seat 1: d16fbe4d folded before Flop (didn't bet)
Seat 2: Hero folded before Flop (didn't bet)
Seat 3: 87957abf showed [Td Qd] and lost with Pair of Queens
Seat 4: ebec72ad (button) folded before Flop (didn't bet)
Seat 5: 5be5bbaa (small blind) showed [Kd Qc] and won ($0.81) with Pair of Queens
Seat 6: 1e52ba99 (big blind) folded before Flop


Poker Hand #HD1711974871: Hold'em No Limit ($0.02/$0.05) - 2024/04/02 10:57:57
Table 'NLHBlue3' 6-max Seat #3 is the button
Seat 1: d16fbe4d ($4.9 in chips)
Seat 2: Hero ($5 in chips)
Seat 3: 87957abf ($6.96 in chips)
Seat 4: ebec72ad ($5.11 in chips)
Seat 5: 5be5bbaa ($3.66 in chips)
Seat 6: 1e52ba99 ($6.52 in chips)
ebec72ad: posts small blind $0.02
5be5bbaa: posts big blind $0.05
*** HOLE CARDS ***
Dealt to d16fbe4d 
Dealt to Hero [5s Ad]
Dealt to 87957abf 
Dealt to ebec72ad 
Dealt to 5be5bbaa 
Dealt to 1e52ba99 
1e52ba99: folds
d16fbe4d: raises $0.1 to $0.15
Hero: folds
87957abf: folds
ebec72ad: folds
5be5bbaa: folds
Uncalled bet ($0.1) returned to d16fbe4d
*** SHOWDOWN ***
d16fbe4d collected $0.12 from pot
*** SUMMARY ***
Total pot $0.12 | Rake $0 | Jackpot $0 | Bingo $0 | Fortune $0 | Tax $0
Seat 1: d16fbe4d collected ($0.12)
Seat 2: Hero folded before Flop (didn't bet)
Seat 3: 87957abf (button) folded before Flop (didn't bet)
Seat 4: ebec72ad (small blind) folded before Flop
Seat 5: 5be5bbaa (big blind) folded before Flop
Seat 6: 1e52ba99 folded before Flop (didn't bet)


Poker Hand #HD1711974820: Hold'em No Limit ($0.02/$0.05) - 2024/04/02 10:57:32
Table 'NLHBlue3' 6-max Seat #2 is the button
Seat 1: d16fbe4d ($5 in chips)
Seat 2: Hero ($5 in chips)
Seat 3: 87957abf ($6.98 in chips)
Seat 4: ebec72ad ($5 in chips)
Seat 5: 5be5bbaa ($3.66 in chips)
Seat 6: 1e52ba99 ($6.52 in chips)
87957abf: posts small blind $0.02
ebec72ad: posts big blind $0.05
d16fbe4d: posts big blind $0.05
*** HOLE CARDS ***
Dealt to d16fbe4d 
Dealt to Hero [4d Kh]
Dealt to 87957abf 
Dealt to ebec72ad 
Dealt to 5be5bbaa 
Dealt to 1e52ba99 
5be5bbaa: folds
1e52ba99: folds
d16fbe4d: raises $0.05 to $0.1
Hero: folds
87957abf: folds
ebec72ad: calls $0.05
*** FLOP *** [2h 6d Th]
ebec72ad: checks
d16fbe4d: checks
*** TURN *** [2h 6d Th] [Jh]
ebec72ad: bets $0.08
d16fbe4d: folds
Uncalled bet ($0.08) returned to ebec72ad
*** SHOWDOWN ***
ebec72ad collected $0.21 from pot
*** SUMMARY ***
Total pot $0.22 | Rake $0.01 | Jackpot $0 | Bingo $0 | Fortune $0 | Tax $0
Board [2h 6d Th Jh]
Seat 1: d16fbe4d folded on the Turn
Seat 2: Hero (button) folded before Flop (didn't bet)
Seat 3: 87957abf (small blind) folded before Flop
Seat 4: ebec72ad (big blind) won ($0.21)
Seat 5: 5be5bbaa folded before Flop (didn't bet)
Seat 6: 1e52ba99 folded before Flop (didn't bet)


Poker Hand #HD1711974731: Hold'em No Limit ($0.02/$0.05) - 2024/04/02 10:56:50
Table 'NLHBlue3' 6-max Seat #6 is the button
Seat 2: Hero ($5.02 in chips)
Seat 3: 87957abf ($6.71 in chips)
Seat 5: 5be5bbaa ($3.66 in chips)
Seat 6: 1e52ba99 ($6.79 in chips)
Hero: posts small blind $0.02
87957abf: posts big blind $0.05
*** HOLE CARDS ***
Dealt to Hero [4c 2d]
Dealt to 87957abf 
Dealt to 5be5bbaa 
Dealt to 1e52ba99 
5be5bbaa: folds
1e52ba99: raises $0.08 to $0.13
Hero: folds
87957abf: calls $0.08
*** FLOP *** [Ts 8h Ks]
87957abf: checks
1e52ba99: checks
*** TURN *** [Ts 8h Ks] [Kd]
87957abf: checks
1e52ba99: bets $0.14
87957abf: calls $0.14
*** RIVER *** [Ts 8h Ks Kd] [2s]
87957abf: checks
1e52ba99: checks
87957abf: shows [4s 8s] (King High Flush)
1e52ba99: shows [Jh Js] (Pair of Kings and Pair of Jacks)
*** SHOWDOWN ***
87957abf collected $0.54 from pot
*** SUMMARY ***
Total pot $0.56 | Rake $0.02 | Jackpot $0 | Bingo $0 | Fortune $0 | Tax $0
Board [Ts 8h Ks Kd 2s]
Seat 2: Hero (small blind) folded before Flop
Seat 3: 87957abf (big blind) showed [4s 8s] and won ($0.54) with King High Flush
Seat 5: 5be5bbaa folded before Flop (didn't bet)
Seat 6: 1e52ba99 (button) showed [Jh Js] and lost with Pair of Kings and Pair of Jacks


Poker Hand #HD1711974716: Hold'em No Limit ($0.02/$0.05) - 2024/04/02 10:56:42
Table 'NLHBlue3' 6-max Seat #5 is the button
Seat 2: Hero ($5 in chips)
Seat 3: 87957abf ($6.71 in chips)
Seat 5: 5be5bbaa ($3.66 in chips)
Seat 6: 1e52ba99 ($6.81 in chips)
1e52ba99: posts small blind $0.02
Hero: posts big blind $0.05
*** HOLE CARDS ***
Dealt to Hero [9d Js]
Dealt to 87957abf 
Dealt to 5be5bbaa 
Dealt to 1e52ba99 
87957abf: folds
5be5bbaa: folds
1e52ba99: folds
Uncalled bet ($0.03) returned to Hero
*** SHOWDOWN ***
Hero collected $0.04 from pot
*** SUMMARY ***
Total pot $0.04 | Rake $0 | Jackpot $0 | Bingo $0 | Fortune $0 | Tax $0
Seat 2: Hero (big blind) collected ($0.04)
Seat 3: 87957abf folded before Flop (didn't bet)
Seat 5: 5be5bbaa (button) folded before Flop (didn't bet)
Seat 6: 1e52ba99 (small blind) folded before Flop


Poker Hand #HD1711974680: Hold'em No Limit ($0.02/$0.05) - 2024/04/02 10:56:24
Table 'NLHBlue3' 6-max Seat #3 is the button
Seat 1: 73c0f10d ($5.82 in chips)
Seat 2: Hero ($5 in chips)
Seat 3: 87957abf ($6.71 in chips)
Seat 5: 5be5bbaa ($3.68 in chips)
Seat 6: 1e52ba99 ($6.79 in chips)
5be5bbaa: posts small blind $0.02
1e52ba99: posts big blind $0.05
*** HOLE CARDS ***
Dealt to 73c0f10d 
Dealt to Hero [9c 8h]
Dealt to 87957abf 
Dealt to 5be5bbaa 
Dealt to 1e52ba99 
73c0f10d: folds
Hero: folds
87957abf: folds
5be5bbaa: folds
Uncalled bet ($0.03) returned to 1e52ba99
*** SHOWDOWN ***
1e52ba99 collected $0.04 from pot
*** SUMMARY ***
Total pot $0.04 | Rake $0 | Jackpot $0 | Bingo $0 | Fortune $0 | Tax $0
Seat 1: 73c0f10d folded before Flop (didn't bet)
Seat 2: Hero folded before Flop (didn't bet)
Seat 3: 87957abf (button) folded before Flop (didn't bet)
Seat 5: 5be5bbaa (small blind) folded before Flop
Seat 6: 1e52ba99 (big blind) collected ($0.04)


Poker Hand #HD1711974653: Hold'em No Limit ($0.02/$0.05) - 2024/04/02 10:56:11
Table 'NLHBlue3' 6-max Seat #2 is the button
Seat 1: 73c0f10d ($5.82 in chips)
Seat 2: Hero ($5 in chips)
Seat 3: 87957abf ($6.73 in chips)
Seat 5: 5be5bbaa ($3.66 in chips)
Seat 6: 1e52ba99 ($6.79 in chips)
87957abf: posts small blind $0.02
5be5bbaa: posts big blind $0.05
*** HOLE CARDS ***
Dealt to 73c0f10d 
Dealt to Hero [8h 6s]
Dealt to 87957abf 
Dealt to 5be5bbaa 
Dealt to 1e52ba99 
1e52ba99: folds
73c0f10d: folds
Hero: folds
87957abf: folds
Uncalled bet ($0.03) returned to 5be5bbaa
*** SHOWDOWN ***
5be5bbaa collected $0.04 from pot
*** SUMMARY ***
Total pot $0.04 | Rake $0 | Jackpot $0 | Bingo $0 | Fortune $0 | Tax $0
Seat 1: 73c0f10d folded before Flop (didn't bet)
Seat 2: Hero (button) folded before Flop (didn't bet)
Seat 3: 87957abf (small blind) folded before Flop
Seat 5: 5be5bbaa (big blind) collected ($0.04)
Seat 6: 1e52ba99 folded before Flop (didn't bet)


Poker Hand #HD1711974536: Hold'em No Limit ($0.02/$0.05) - 2024/04/02 10:55:17
Table 'NLHBlue3' 6-max Seat #1 is the button
Seat 1: 73c0f10d ($5.87 in chips)
Seat 2: Hero ($5 in chips)
Seat 3: 87957abf ($6.78 in chips)
Seat 4: c1683e7e ($7.28 in chips)
Seat 5: 5be5bbaa ($3.66 in chips)
Seat 6: 1e52ba99 ($6.84 in chips)
Hero: posts small blind $0.02
87957abf: posts big blind $0.05
*** HOLE CARDS ***
Dealt to 73c0f10d 
Dealt to Hero [Ac 4s]
Dealt to 87957abf 
Dealt to c1683e7e 
Dealt to 5be5bbaa 
Dealt to 1e52ba99 
c1683e7e: calls $0.05
5be5bbaa: folds
1e52ba99: calls $0.05
73c0f10d: calls $0.05
Hero: folds
87957abf: checks
*** FLOP *** [8s Qd 8d]
87957abf: checks
c1683e7e: checks
1e52ba99: checks
73c0f10d: checks
*** TURN *** [8s Qd 8d] [5s]
87957abf: checks
c1683e7e: bets $0.11
1e52ba99: folds
73c0f10d: folds
87957abf: folds
Uncalled bet ($0.11) returned to c1683e7e
*** SHOWDOWN ***
c1683e7e collected $0.21 from pot
*** SUMMARY ***
Total pot $0.22 | Rake $0.01 | Jackpot $0 | Bingo $0 | Fortune $0 | Tax $0
Board [8s Qd 8d 5s]
Seat 1: 73c0f10d (button) folded on the Turn
Seat 2: Hero (small blind) folded before Flop
Seat 3: 87957abf (big blind) folded on the Turn
Seat 4: c1683e7e won ($0.21)
Seat 5: 5be5bbaa folded before Flop (didn't bet)
Seat 6: 1e52ba99 folded on the Turn


Poker Hand #HD1711974419: Hold'em No Limit ($0.02/$0.05) - 2024/04/02 10:54:17
Table 'NLHBlue3' 6-max Seat #6 is the button
Seat 1: 73c0f10d ($5.89 in chips)
Seat 2: Hero ($5.07 in chips)
Seat 3: 87957abf ($6.57 in chips)
Seat 4: c1683e7e ($7.28 in chips)
Seat 5: 5be5bbaa ($3.76 in chips)
Seat 6: 1e52ba99 ($6.84 in chips)
73c0f10d: posts small blind $0.02
Hero: posts big blind $0.05
*** HOLE CARDS ***
Dealt to 73c0f10d 
Dealt to Hero [Qd 9d]
Dealt to 87957abf 
Dealt to c1683e7e 
Dealt to 5be5bbaa 
Dealt to 1e52ba99 
87957abf: raises $0.05 to $0.1
c1683e7e: folds
5be5bbaa: calls $0.1
1e52ba99: folds
73c0f10d: folds
Hero: calls $0.05
*** FLOP *** [Jc Ks 9h]
Hero: checks
87957abf: checks
5be5bbaa: checks
*** TURN *** [Jc Ks 9h] [4c]
Hero: checks
87957abf: bets $0.32
5be5bbaa: folds
Hero: folds
Uncalled bet ($0.32) returned to 87957abf
*** SHOWDOWN ***
87957abf collected $0.31 from pot
*** SUMMARY ***
Total pot $0.32 | Rake $0.01 | Jackpot $0 | Bingo $0 | Fortune $0 | Tax $0
Board [Jc Ks 9h 4c]
Seat 1: 73c0f10d (small blind) folded before Flop
Seat 2: Hero (big blind) folded on the Turn
Seat 3: 87957abf won ($0.31)
Seat 4: c1683e7e folded before Flop (didn't bet)
Seat 5: 5be5bbaa folded on the Turn
Seat 6: 1e52ba99 (button) folded before Flop (didn't bet)


Poker Hand #HD1711974333: Hold'em No Limit ($0.02/$0.05) - 2024/04/02 10:53:35
Table 'NLHBlue3' 6-max Seat #5 is the button
Seat 1: 73c0f10d ($5.94 in chips)
Seat 2: Hero ($5.07 in chips)
Seat 3: 87957abf ($6.57 in chips)
Seat 4: c1683e7e ($7.21 in chips)
Seat 5: 5be5bbaa ($3.76 in chips)
Seat 6: 1e52ba99 ($6.86 in chips)
1e52ba99: posts small blind $0.02
73c0f10d: posts big blind $0.05
*** HOLE CARDS ***
Dealt to 73c0f10d 
Dealt to Hero [Qh 2c]
Dealt to 87957abf 
Dealt to c1683e7e 
Dealt to 5be5bbaa 
Dealt to 1e52ba99 
Hero: folds
87957abf: folds
c1683e7e: calls $0.05
5be5bbaa: folds
1e52ba99: folds
73c0f10d: checks
*** FLOP *** [7c Qd Jh]
73c0f10d: checks
c1683e7e: bets $0.06
73c0f10d: folds
Uncalled bet ($0.06) returned to c1683e7e
*** SHOWDOWN ***
c1683e7e collected $0.12 from pot
*** SUMMARY ***
Total pot $0.12 | Rake $0 | Jackpot $0 | Bingo $0 | Fortune $0 | Tax $0
Board [7c Qd Jh]
Seat 1: 73c0f10d (big blind) folded on the Flop
Seat 2: Hero folded before Flop (didn't bet)
Seat 3: 87957abf folded before Flop (didn't bet)
Seat 4: c1683e7e won ($0.12)
Seat 5: 5be5bbaa (button) folded before Flop (didn't bet)
Seat 6: 1e52ba99 (small blind) folded before Flop


Poker Hand #HD1711974304: Hold'em No Limit ($0.02/$0.05) - 2024/04/02 10:53:22
Table 'NLHBlue3' 6-max Seat #4 is the button
Seat 2: Hero ($5.07 in chips)
Seat 3: 87957abf ($6.57 in chips)
Seat 4: c1683e7e ($7.14 in chips)
Seat 5: 5be5bbaa ($3.78 in chips)
Seat 6: 1e52ba99 ($6.91 in chips)
5be5bbaa: posts small blind $0.02
1e52ba99: posts big blind $0.05
*** HOLE CARDS ***
Dealt to Hero [Jd 5d]
Dealt to 87957abf 
Dealt to c1683e7e 
Dealt to 5be5bbaa 
Dealt to 1e52ba99 
Hero: folds
87957abf: folds
c1683e7e: raises $0.07 to $0.12
5be5bbaa: folds
1e52ba99: folds
Uncalled bet ($0.07) returned to c1683e7e
*** SHOWDOWN ***
c1683e7e collected $0.12 from pot
*** SUMMARY ***
Total pot $0.12 | Rake $0 | Jackpot $0 | Bingo $0 | Fortune $0 | Tax $0
Seat 2: Hero folded before Flop (didn't bet)
Seat 3: 87957abf folded before Flop (didn't bet)
Seat 4: c1683e7e (button) collected ($0.12)
Seat 5: 5be5bbaa (small blind) folded before Flop
Seat 6: 1e52ba99 (big blind) folded before Flop


Poker Hand #HD1711974234: Hold'em No Limit ($0.02/$0.05) - 2024/04/02 10:52:52
Table 'NLHBlue3' 6-max Seat #3 is the button
Seat 2: Hero ($5.07 in chips)
Seat 3: 87957abf ($6.82 in chips)
Seat 4: c1683e7e ($7.16 in chips)
Seat 5: 5be5bbaa ($3.53 in chips)
Seat 6: 1e52ba99 ($6.91 in chips)
c1683e7e: posts small blind $0.02
5be5bbaa: posts big blind $0.05
*** HOLE CARDS ***
Dealt to Hero [Kh 6s]
Dealt to 87957abf 
Dealt to c1683e7e 
Dealt to 5be5bbaa 
Dealt to 1e52ba99 
1e52ba99: folds
Hero: folds
87957abf: raises $0.05 to $0.1
c1683e7e: folds
5be5bbaa: calls $0.05
*** FLOP *** [5s 4s 2h]
5be5bbaa: checks
87957abf: checks
*** TURN *** [5s 4s 2h] [8h]
5be5bbaa: bets $0.15
87957abf: calls $0.15
*** RIVER *** [5s 4s 2h 8h] [Jc]
5be5bbaa: bets $0.45
87957abf: folds
Uncalled bet ($0.45) returned to 5be5bbaa
*** SHOWDOWN ***
5be5bbaa collected $0.5 from pot
*** SUMMARY ***
Total pot $0.52 | Rake $0.02 | Jackpot $0 | Bingo $0 | Fortune $0 | Tax $0
Board [5s 4s 2h 8h Jc]
Seat 2: Hero folded before Flop (didn't bet)
Seat 3: 87957abf (button) folded on the River
Seat 4: c1683e7e (small blind) folded before Flop
Seat 5: 5be5bbaa (big blind) won ($0.5)
Seat 6: 1e52ba99 folded before Flop (didn't bet)


Poker Hand #HD1711974200: Hold'em No Limit ($0.02/$0.05) - 2024/04/02 10:52:35
Table 'NLHBlue3' 6-max Seat #2 is the button
Seat 2: Hero ($5.07 in chips)
Seat 3: 87957abf ($6.84 in chips)
Seat 4: c1683e7e ($7.21 in chips)
Seat 5: 5be5bbaa ($3.53 in chips)
Seat 6: 1e52ba99 ($6.84 in chips)
87957abf: posts small blind $0.02
c1683e7e: posts big blind $0.05
*** HOLE CARDS ***
Dealt to Hero [2c Ad]
Dealt to 87957abf 
Dealt to c1683e7e 
Dealt to 5be5bbaa 
Dealt to 1e52ba99 
5be5bbaa: folds
1e52ba99: raises $0.1 to $0.15
Hero: folds
87957abf: folds
c1683e7e: folds
Uncalled bet ($0.1) returned to 1e52ba99
*** SHOWDOWN ***
1e52ba99 collected $0.12 from pot
*** SUMMARY ***
Total pot $0.12 | Rake $0 | Jackpot $0 | Bingo $0 | Fortune $0 | Tax $0
Seat 2: Hero (button) folded before Flop (didn't bet)
Seat 3: 87957abf (small blind) folded before Flop
Seat 4: c1683e7e (big blind) folded before Flop
Seat 5: 5be5bbaa folded before Flop (didn't bet)
Seat 6: 1e52ba99 collected ($0.12)


Poker Hand #HD1711974088: Hold'em No Limit ($0.02/$0.05) - 2024/04/02 10:51:38
Table 'NLHBlue3' 6-max Seat #6 is the button
Seat 1: 62232b5a ($3.96 in chips)
Seat 2: Hero ($5.12 in chips)
Seat 3: 87957abf ($7.15 in chips)
Seat 4: c1683e7e ($7.21 in chips)
Seat 5: 5be5bbaa ($3.53 in chips)
Seat 6: 1e52ba99 ($6.49 in chips)
62232b5a: posts small blind $0.02
Hero: posts big blind $0.05
*** HOLE CARDS ***
Dealt to 62232b5a 
Dealt to Hero [7d 8c]
Dealt to 87957abf 
Dealt to c1683e7e 
Dealt to 5be5bbaa 
Dealt to 1e52ba99 
87957abf: raises $0.05 to $0.1
c1683e7e: folds
5be5bbaa: folds
1e52ba99: calls $0.1
62232b5a: folds
Hero: folds
*** FLOP *** [3s 2s 7c]
87957abf: checks
1e52ba99: checks
*** TURN *** [3s 2s 7c] [9h]
87957abf: checks
1e52ba99: checks
*** RIVER *** [3s 2s 7c 9h] [Qs]
87957abf: bets $0.21
1e52ba99: calls $0.21
87957abf: shows [Kc Js] (King-High)
1e52ba99: shows [3d 3h] (Three Treys)
*** SHOWDOWN ***
1e52ba99 collected $0.66 from pot
*** SUMMARY ***
Total pot $0.69 | Rake $0.03 | Jackpot $0 | Bingo $0 | Fortune $0 | Tax $0
Board [3s 2s 7c 9h Qs]
Seat 1: 62232b5a (small blind) folded before Flop
Seat 2: Hero (big blind) folded before Flop
Seat 3: 87957abf showed [Kc Js] and lost with King-High
Seat 4: c1683e7e folded before Flop (didn't bet)
Seat 5: 5be5bbaa folded before Flop (didn't bet)
Seat 6: 1e52ba99 (button) showed [3d 3h] and won ($0.66) with Three Treys


Poker Hand #HD1711974059: Hold'em No Limit ($0.02/$0.05) - 2024/04/02 10:51:23
Table 'NLHBlue3' 6-max Seat #5 is the button
Seat 1: 62232b5a ($3.94 in chips)
Seat 2: Hero ($5.12 in chips)
Seat 3: 87957abf ($7.15 in chips)
Seat 4: c1683e7e ($7.21 in chips)
Seat 5: 5be5bbaa ($3.53 in chips)
Seat 6: 1e52ba99 ($6.51 in chips)
1e52ba99: posts small blind $0.02
62232b5a: posts big blind $0.05
*** HOLE CARDS ***
Dealt to 62232b5a 
Dealt to Hero [Jd 9h]
Dealt to 87957abf 
Dealt to c1683e7e 
Dealt to 5be5bbaa 
Dealt to 1e52ba99 
Hero: folds
87957abf: folds
c1683e7e: folds
5be5bbaa: folds
1e52ba99: folds
Uncalled bet ($0.03) returned to 62232b5a
*** SHOWDOWN ***
62232b5a collected $0.04 from pot
*** SUMMARY ***
Total pot $0.04 | Rake $0 | Jackpot $0 | Bingo $0 | Fortune $0 | Tax $0
Seat 1: 62232b5a (big blind) collected ($0.04)
Seat 2: Hero folded before Flop (didn't bet)
Seat 3: 87957abf folded before Flop (didn't bet)
Seat 4: c1683e7e folded before Flop (didn't bet)
Seat 5: 5be5bbaa (button) folded before Flop (didn't bet)
Seat 6: 1e52ba99 (small blind) folded before Flop


Poker Hand #HD1711974026: Hold'em No Limit ($0.02/$0.05) - 2024/04/02 10:51:05
Table 'NLHBlue3' 6-max Seat #4 is the button
Seat 1: 62232b5a ($3.94 in chips)
Seat 2: Hero ($5.12 in chips)
Seat 3: 87957abf ($7.15 in chips)
Seat 4: c1683e7e ($7.26 in chips)
Seat 5: 5be5bbaa ($3.43 in chips)
Seat 6: 1e52ba99 ($6.56 in chips)
5be5bbaa: posts small blind $0.02
1e52ba99: posts big blind $0.05
*** HOLE CARDS ***
Dealt to 62232b5a 
Dealt to Hero [Td 6c]
Dealt to 87957abf 
Dealt to c1683e7e 
Dealt to 5be5bbaa 
Dealt to 1e52ba99 
62232b5a: folds
Hero: folds
87957abf: folds
c1683e7e: calls $0.05
5be5bbaa: raises $0.15 to $0.2
1e52ba99: folds
c1683e7e: folds
Uncalled bet ($0.15) returned to 5be5bbaa
*** SHOWDOWN ***
5be5bbaa collected $0.15 from pot
*** SUMMARY ***
Total pot $0.15 | Rake $0 | Jackpot $0 | Bingo $0 | Fortune $0 | Tax $0
Seat 1: 62232b5a folded before Flop (didn't bet)
Seat 2: Hero folded before Flop (didn't bet)
Seat 3: 87957abf folded before Flop (didn't bet)
Seat 4: c1683e7e (button) folded before Flop
Seat 5: 5be5bbaa (small blind) collected ($0.15)
Seat 6: 1e52ba99 (big blind) folded before Flop


Poker Hand #HD1711973970: Hold'em No Limit ($0.02/$0.05) - 2024/04/02 10:50:41
Table 'NLHBlue3' 6-max Seat #3 is the button
Seat 1: 62232b5a ($3.94 in chips)
Seat 2: Hero ($5.25 in chips)
Seat 3: 87957abf ($6.96 in chips)
Seat 4: c1683e7e ($7.28 in chips)
Seat 5: 5be5bbaa ($3.48 in chips)
Seat 6: 1e52ba99 ($6.56 in chips)
c1683e7e: posts small blind $0.02
5be5bbaa: posts big blind $0.05
*** HOLE CARDS ***
Dealt to 62232b5a 
Dealt to Hero [8c Ac]
Dealt to 87957abf 
Dealt to c1683e7e 
Dealt to 5be5bbaa 
Dealt to 1e52ba99 
1e52ba99: folds
62232b5a: folds
Hero: raises $0.08 to $0.13
87957abf: raises $0.33 to $0.46
c1683e7e: folds
5be5bbaa: folds
Hero: folds
Uncalled bet ($0.33) returned to 87957abf
*** SHOWDOWN ***
87957abf collected $0.32 from pot
*** SUMMARY ***
Total pot $0.33 | Rake $0.01 | Jackpot $0 | Bingo $0 | Fortune $0 | Tax $0
Seat 1: 62232b5a folded before Flop (didn't bet)
Seat 2: Hero folded before Flop
Seat 3: 87957abf (button) collected ($0.32)
Seat 4: c1683e7e (small blind) folded before Flop
Seat 5: 5be5bbaa (big blind) folded before Flop
Seat 6: 1e52ba99 folded before Flop (didn't bet)


Poker Hand #HD1711973900: Hold'em No Limit ($0.02/$0.05) - 2024/04/02 10:50:07
Table 'NLHBlue3' 6-max Seat #2 is the button
Seat 1: 62232b5a ($3.94 in chips)
Seat 2: Hero ($5.48 in chips)
Seat 3: 87957abf ($6.98 in chips)
Seat 4: c1683e7e ($7.05 in chips)
Seat 5: 5be5bbaa ($3.48 in chips)
Seat 6: 1e52ba99 ($6.56 in chips)
87957abf: posts small blind $0.02
c1683e7e: posts big blind $0.05
*** HOLE CARDS ***
Dealt to 62232b5a 
Dealt to Hero [Tc Ts]
Dealt to 87957abf 
Dealt to c1683e7e 
Dealt to 5be5bbaa 
Dealt to 1e52ba99 
5be5bbaa: folds
1e52ba99: folds
62232b5a: folds
Hero: raises $0.08 to $0.13
87957abf: folds
c1683e7e: calls $0.08
*** FLOP *** [5c 9d Kd]
c1683e7e: checks
Hero: bets $0.1
c1683e7e: calls $0.1
*** TURN *** [5c 9d Kd] [4d]
c1683e7e: checks
Hero: checks
*** RIVER *** [5c 9d Kd 4d] [Ac]
c1683e7e: bets $0.5
Hero: folds
Uncalled bet ($0.5) returned to c1683e7e
c1683e7e: shows [Ad 8d] (Ace High Flush)
*** SHOWDOWN ***
c1683e7e collected $0.46 from pot
*** SUMMARY ***
Total pot $0.48 | Rake $0.02 | Jackpot $0 | Bingo $0 | Fortune $0 | Tax $0
Board [5c 9d Kd 4d Ac]
Seat 1: 62232b5a folded before Flop (didn't bet)
Seat 2: Hero (button) folded on the River
Seat 3: 87957abf (small blind) folded before Flop
Seat 4: c1683e7e (big blind) showed [Ad 8d] and won ($0.46)
Seat 5: 5be5bbaa folded before Flop (didn't bet)
Seat 6: 1e52ba99 folded before Flop (didn't bet)


Poker Hand #HD1711973780: Hold'em No Limit ($0.02/$0.05) - 2024/04/02 10:49:09
Table 'NLHBlue3' 6-max Seat #1 is the button
Seat 1: 62232b5a ($5.13 in chips)
Seat 2: Hero ($5.5 in chips)
Seat 3: 87957abf ($5.93 in chips)
Seat 4: c1683e7e ($7.05 in chips)
Seat 5: 5be5bbaa ($3.48 in chips)
Seat 6: 1e52ba99 ($6.56 in chips)
Hero: posts small blind $0.02
87957abf: posts big blind $0.05
*** HOLE CARDS ***
Dealt to 62232b5a 
Dealt to Hero [3h 6c]
Dealt to 87957abf 
Dealt to c1683e7e 
Dealt to 5be5bbaa 
Dealt to 1e52ba99 
c1683e7e: folds
5be5bbaa: folds
1e52ba99: folds
62232b5a: raises $0.1 to $0.15
Hero: folds
87957abf: raises $0.32 to $0.47
62232b5a: calls $0.32
*** FLOP *** [Ad Jd 8c]
87957abf: checks
62232b5a: checks
*** TURN *** [Ad Jd 8c] [7d]
87957abf: bets $0.72
62232b5a: calls $0.72
*** RIVER *** [Ad Jd 8c 7d] [Kh]
87957abf: bets $1.8
62232b5a: folds
Uncalled bet ($1.8) returned to 87957abf
*** SHOWDOWN ***
87957abf collected $2.24 from pot
*** SUMMARY ***
Total pot $2.4 | Rake $0.11 | Jackpot $0.05 | Bingo $0 | Fortune $0 | Tax $0
Board [Ad Jd 8c 7d Kh]
Seat 1: 62232b5a (button) folded on the River
Seat 2: Hero (small blind) folded before Flop
Seat 3: 87957abf (big blind) won ($2.24)
Seat 4: c1683e7e folded before Flop (didn't bet)
Seat 5: 5be5bbaa folded before Flop (didn't bet)
Seat 6: 1e52ba99 folded before Flop (didn't bet)


Poker Hand #HD1711973770: Hold'em No Limit ($0.02/$0.05) - 2024/04/02 10:49:02
Table 'NLHBlue3' 6-max Seat #6 is the button
Seat 1: 62232b5a ($5.15 in chips)
Seat 2: Hero ($5.48 in chips)
Seat 3: 87957abf ($5.93 in chips)
Seat 4: c1683e7e ($7.05 in chips)
Seat 5: 5be5bbaa ($3.48 in chips)
Seat 6: 1e52ba99 ($6.56 in chips)
62232b5a: posts small blind $0.02
Hero: posts big blind $0.05
*** HOLE CARDS ***
Dealt to 62232b5a 
Dealt to Hero [8s 4d]
Dealt to 87957abf 
Dealt to c1683e7e 
Dealt to 5be5bbaa 
Dealt to 1e52ba99 
87957abf: folds
c1683e7e: folds
5be5bbaa: folds
1e52ba99: folds
62232b5a: folds
Uncalled bet ($0.03) returned to Hero
*** SHOWDOWN ***
Hero collected $0.04 from pot
*** SUMMARY ***
Total pot $0.04 | Rake $0 | Jackpot $0 | Bingo $0 | Fortune $0 | Tax $0
Seat 1: 62232b5a (small blind) folded before Flop
Seat 2: Hero (big blind) collected ($0.04)
Seat 3: 87957abf folded before Flop (didn't bet)
Seat 4: c1683e7e folded before Flop (didn't bet)
Seat 5: 5be5bbaa folded before Flop (didn't bet)
Seat 6: 1e52ba99 (button) folded before Flop (didn't bet)


Poker Hand #HD1711973698: Hold'em No Limit ($0.02/$0.05) - 2024/04/02 10:48:21
Table 'NLHBlue3' 6-max Seat #5 is the button
Seat 1: 62232b5a ($5.2 in chips)
Seat 2: Hero ($5.48 in chips)
Seat 3: 87957abf ($6.21 in chips)
Seat 4: c1683e7e ($7.05 in chips)
Seat 5: 5be5bbaa ($3.58 in chips)
Seat 6: 1e52ba99 ($6.16 in chips)
1e52ba99: posts small blind $0.02
62232b5a: posts big blind $0.05
*** HOLE CARDS ***
Dealt to 62232b5a 
Dealt to Hero [8c 4h]
Dealt to 87957abf 
Dealt to c1683e7e 
Dealt to 5be5bbaa 
Dealt to 1e52ba99 
Hero: folds
87957abf: raises $0.05 to $0.1
c1683e7e: folds
5be5bbaa: calls $0.1
1e52ba99: calls $0.08
62232b5a: folds
*** FLOP *** [Js 4s As]
1e52ba99: checks
87957abf: checks
5be5bbaa: checks
*** TURN *** [Js 4s As] [Kh]
1e52ba99: checks
87957abf: bets $0.18
5be5bbaa: folds
1e52ba99: calls $0.18
*** RIVER *** [Js 4s As Kh] [3s]
1e52ba99: checks
87957abf: checks
1e52ba99: shows [Ks Qc] (Ace High Flush)
87957abf: shows [6h Ah] (Pair of Aces)
*** SHOWDOWN ***
1e52ba99 collected $0.68 from pot
*** SUMMARY ***
Total pot $0.71 | Rake $0.03 | Jackpot $0 | Bingo $0 | Fortune $0 | Tax $0
Board [Js 4s As Kh 3s]
Seat 1: 62232b5a (big blind) folded before Flop
Seat 2: Hero folded before Flop (didn't bet)
Seat 3: 87957abf showed [6h Ah] and lost with Pair of Aces
Seat 4: c1683e7e folded before Flop (didn't bet)
Seat 5: 5be5bbaa (button) folded on the Turn
Seat 6: 1e52ba99 (small blind) showed [Ks Qc] and won ($0.68) with Ace High Flush


Poker Hand #HD1711973675: Hold'em No Limit ($0.02/$0.05) - 2024/04/02 10:48:11
Table 'NLHBlue3' 6-max Seat #4 is the button
Seat 1: 62232b5a ($5.2 in chips)
Seat 2: Hero ($5.48 in chips)
Seat 3: 87957abf ($6.21 in chips)
Seat 4: c1683e7e ($7.05 in chips)
Seat 5: 5be5bbaa ($3.6 in chips)
Seat 6: 1e52ba99 ($6.14 in chips)
5be5bbaa: posts small blind $0.02
1e52ba99: posts big blind $0.05
*** HOLE CARDS ***
Dealt to 62232b5a 
Dealt to Hero [4s Td]
Dealt to 87957abf 
Dealt to c1683e7e 
Dealt to 5be5bbaa 
Dealt to 1e52ba99 
62232b5a: folds
Hero: folds
87957abf: folds
c1683e7e: folds
5be5bbaa: folds
Uncalled bet ($0.03) returned to 1e52ba99
*** SHOWDOWN ***
1e52ba99 collected $0.04 from pot
*** SUMMARY ***
Total pot $0.04 | Rake $0 | Jackpot $0 | Bingo $0 | Fortune $0 | Tax $0
Seat 1: 62232b5a folded before Flop (didn't bet)
Seat 2: Hero folded before Flop (didn't bet)
Seat 3: 87957abf folded before Flop (didn't bet)
Seat 4: c1683e7e (button) folded before Flop (didn't bet)
Seat 5: 5be5bbaa (small blind) folded before Flop
Seat 6: 1e52ba99 (big blind) collected ($0.04)


Poker Hand #HD1711973625: Hold'em No Limit ($0.02/$0.05) - 2024/04/02 10:47:46
Table 'NLHBlue3' 6-max Seat #3 is the button
Seat 1: 62232b5a ($5.2 in chips)
Seat 2: Hero ($5.48 in chips)
Seat 3: 87957abf ($6.31 in chips)
Seat 4: c1683e7e ($7.07 in chips)
Seat 5: 5be5bbaa ($3.49 in chips)
Seat 6: 1e52ba99 ($6.14 in chips)
c1683e7e: posts small blind $0.02
5be5bbaa: posts big blind $0.05
*** HOLE CARDS ***
Dealt to 62232b5a 
Dealt to Hero [2s 4h]
Dealt to 87957abf 
Dealt to c1683e7e 
Dealt to 5be5bbaa 
Dealt to 1e52ba99 
1e52ba99: folds
62232b5a: folds
Hero: folds
87957abf: raises $0.05 to $0.1
c1683e7e: folds
5be5bbaa: raises $0.22 to $0.32
87957abf: folds
Uncalled bet ($0.22) returned to 5be5bbaa
*** SHOWDOWN ***
5be5bbaa collected $0.21 from pot
*** SUMMARY ***
Total pot $0.22 | Rake $0.01 | Jackpot $0 | Bingo $0 | Fortune $0 | Tax $0
Seat 1: 62232b5a folded before Flop (didn't bet)
Seat 2: Hero folded before Flop (didn't bet)
Seat 3: 87957abf (button) folded before Flop
Seat 4: c1683e7e (small blind) folded before Flop
Seat 5: 5be5bbaa (big blind) collected ($0.21)
Seat 6: 1e52ba99 folded before Flop (didn't bet)


Poker Hand #HD1711973603: Hold'em No Limit ($0.02/$0.05) - 2024/04/02 10:47:37
Table 'NLHBlue3' 6-max Seat #2 is the button
Seat 1: 62232b5a ($5.2 in chips)
Seat 2: Hero ($5.48 in chips)
Seat 3: 87957abf ($6.33 in chips)
Seat 4: c1683e7e ($7.12 in chips)
Seat 5: 5be5bbaa ($3.42 in chips)
Seat 6: 1e52ba99 ($6.14 in chips)
87957abf: posts small blind $0.02
c1683e7e: posts big blind $0.05
*** HOLE CARDS ***
Dealt to 62232b5a 
Dealt to Hero [7d 2c]
Dealt to 87957abf 
Dealt to c1683e7e 
Dealt to 5be5bbaa 
Dealt to 1e52ba99 
5be5bbaa: raises $0.1 to $0.15
1e52ba99: folds
62232b5a: folds
Hero: folds
87957abf: folds
c1683e7e: folds
Uncalled bet ($0.1) returned to 5be5bbaa
*** SHOWDOWN ***
5be5bbaa collected $0.12 from pot
*** SUMMARY ***
Total pot $0.12 | Rake $0 | Jackpot $0 | Bingo $0 | Fortune $0 | Tax $0
Seat 1: 62232b5a folded before Flop (didn't bet)
Seat 2: Hero (button) folded before Flop (didn't bet)
Seat 3: 87957abf (small blind) folded before Flop
Seat 4: c1683e7e (big blind) folded before Flop
Seat 5: 5be5bbaa collected ($0.12)
Seat 6: 1e52ba99 folded before Flop (didn't bet)


Poker Hand #HD1711973532: Hold'em No Limit ($0.02/$0.05) - 2024/04/02 10:47:07
Table 'NLHBlue3' 6-max Seat #1 is the button
Seat 1: 62232b5a ($5.2 in chips)
Seat 2: Hero ($5.5 in chips)
Seat 3: 87957abf ($6.38 in chips)
Seat 4: c1683e7e ($7.05 in chips)
Seat 5: 5be5bbaa ($3.42 in chips)
Seat 6: 1e52ba99 ($6.14 in chips)
Hero: posts small blind $0.02
87957abf: posts big blind $0.05
*** HOLE CARDS ***
Dealt to 62232b5a 
Dealt to Hero [2h 3d]
Dealt to 87957abf 
Dealt to c1683e7e 
Dealt to 5be5bbaa 
Dealt to 1e52ba99 
c1683e7e: calls $0.05
5be5bbaa: folds
1e52ba99: folds
62232b5a: folds
Hero: folds
87957abf: checks
*** FLOP *** [Qc 9c Jh]
87957abf: checks
c1683e7e: checks
*** TURN *** [Qc 9c Jh] [Td]
87957abf: checks
c1683e7e: bets $0.06
87957abf: folds
Uncalled bet ($0.06) returned to c1683e7e
*** SHOWDOWN ***
c1683e7e collected $0.12 from pot
*** SUMMARY ***
Total pot $0.12 | Rake $0 | Jackpot $0 | Bingo $0 | Fortune $0 | Tax $0
Board [Qc 9c Jh Td]
Seat 1: 62232b5a (button) folded before Flop (didn't bet)
Seat 2: Hero (small blind) folded before Flop
Seat 3: 87957abf (big blind) folded on the Turn
Seat 4: c1683e7e won ($0.12)
Seat 5: 5be5bbaa folded before Flop (didn't bet)
Seat 6: 1e52ba99 folded before Flop (didn't bet)


Poker Hand #HD1711973477: Hold'em No Limit ($0.02/$0.05) - 2024/04/02 10:46:37
Table 'NLHBlue3' 6-max Seat #6 is the button
Seat 1: 62232b5a ($5 in chips)
Seat 2: Hero ($5.55 in chips)
Seat 3: 87957abf ($6.38 in chips)
Seat 4: c1683e7e ($7.22 in chips)
Seat 5: 5be5bbaa ($3.42 in chips)
Seat 6: 1e52ba99 ($6.14 in chips)
62232b5a: posts small blind $0.02
Hero: posts big blind $0.05
*** HOLE CARDS ***
Dealt to 62232b5a 
Dealt to Hero [Ts Kc]
Dealt to 87957abf 
Dealt to c1683e7e 
Dealt to 5be5bbaa 
Dealt to 1e52ba99 
87957abf: folds
c1683e7e: calls $0.05
5be5bbaa: folds
1e52ba99: folds
62232b5a: raises $0.12 to $0.17
Hero: folds
c1683e7e: calls $0.12
*** FLOP *** [Ac 5s Qd]
62232b5a: bets $0.13
c1683e7e: folds
Uncalled bet ($0.13) returned to 62232b5a
*** SHOWDOWN ***
62232b5a collected $0.37 from pot
*** SUMMARY ***
Total pot $0.39 | Rake $0.02 | Jackpot $0 | Bingo $0 | Fortune $0 | Tax $0
Board [Ac 5s Qd]
Seat 1: 62232b5a (small blind) won ($0.37)
Seat 2: Hero (big blind) folded before Flop
Seat 3: 87957abf folded before Flop (didn't bet)
Seat 4: c1683e7e folded on the Flop
Seat 5: 5be5bbaa folded before Flop (didn't bet)
Seat 6: 1e52ba99 (button) folded before Flop (didn't bet)


Poker Hand #HD1711973389: Hold'em No Limit ($0.02/$0.05) - 2024/04/02 10:45:51
Table 'NLHBlue3' 6-max Seat #5 is the button
Seat 1: 62232b5a ($3.4 in chips)
Seat 2: Hero ($5.07 in chips)
Seat 3: 87957abf ($6.38 in chips)
Seat 4: c1683e7e ($7.67 in chips)
Seat 5: 5be5bbaa ($3.42 in chips)
Seat 6: 1e52ba99 ($6.16 in chips)
1e52ba99: posts small blind $0.02
62232b5a: posts big blind $0.05
*** HOLE CARDS ***
Dealt to 62232b5a 
Dealt to Hero [Ac Js]
Dealt to 87957abf 
Dealt to c1683e7e 
Dealt to 5be5bbaa 
Dealt to 1e52ba99 
Hero: raises $0.05 to $0.1
87957abf: folds
c1683e7e: calls $0.1
5be5bbaa: folds
1e52ba99: folds
62232b5a: folds
*** FLOP *** [Kd Qd Ks]
Hero: checks
c1683e7e: checks
*** TURN *** [Kd Qd Ks] [3h]
Hero: checks
c1683e7e: checks
*** RIVER *** [Kd Qd Ks 3h] [Th]
Hero: bets $0.35
c1683e7e: calls $0.35
Hero: shows [Ac Js] (Aces-High Straight)
c1683e7e: shows [Td 8d] (Pair of Kings and Pair of Tens)
*** SHOWDOWN ***
Hero collected $0.93 from pot
*** SUMMARY ***
Total pot $0.97 | Rake $0.04 | Jackpot $0 | Bingo $0 | Fortune $0 | Tax $0
Board [Kd Qd Ks 3h Th]
Seat 1: 62232b5a (big blind) folded before Flop
Seat 2: Hero showed [Ac Js] and won ($0.93) with Aces-High Straight
Seat 3: 87957abf folded before Flop (didn't bet)
Seat 4: c1683e7e showed [Td 8d] and lost with Pair of Kings and Pair of Tens
Seat 5: 5be5bbaa (button) folded before Flop (didn't bet)
Seat 6: 1e52ba99 (small blind) folded before Flop


Poker Hand #HD1711973193: Hold'em No Limit ($0.02/$0.05) - 2024/04/02 10:44:19
Table 'NLHBlue3' 6-max Seat #4 is the button
Seat 1: 62232b5a ($3.89 in chips)
Seat 2: Hero ($5.07 in chips)
Seat 3: 87957abf ($6.38 in chips)
Seat 4: c1683e7e ($7.16 in chips)
Seat 5: 5be5bbaa ($3.44 in chips)
Seat 6: 1e52ba99 ($6.21 in chips)
5be5bbaa: posts small blind $0.02
1e52ba99: posts big blind $0.05
*** HOLE CARDS ***
Dealt to 62232b5a 
Dealt to Hero [9s Qc]
Dealt to 87957abf 
Dealt to c1683e7e 
Dealt to 5be5bbaa 
Dealt to 1e52ba99 
62232b5a: raises $0.1 to $0.15
Hero: folds
87957abf: folds
c1683e7e: calls $0.15
5be5bbaa: folds
1e52ba99: folds
*** FLOP *** [8h 5c 4s]
62232b5a: bets $0.13
c1683e7e: calls $0.13
*** TURN *** [8h 5c 4s] [As]
62232b5a: checks
c1683e7e: checks
*** RIVER *** [8h 5c 4s As] [Ac]
62232b5a: checks
c1683e7e: bets $0.21
62232b5a: calls $0.21
c1683e7e: shows [Ah 2d] (Three Aces)
62232b5a: shows [9h 9d] (Pair of Aces and Pair of Nines)
*** SHOWDOWN ***
c1683e7e collected $1 from pot
*** SUMMARY ***
Total pot $1.05 | Rake $0.05 | Jackpot $0 | Bingo $0 | Fortune $0 | Tax $0
Board [8h 5c 4s As Ac]
Seat 1: 62232b5a showed [9h 9d] and lost with Pair of Aces and Pair of Nines
Seat 2: Hero folded before Flop (didn't bet)
Seat 3: 87957abf folded before Flop (didn't bet)
Seat 4: c1683e7e (button) showed [Ah 2d] and won ($1) with Three Aces
Seat 5: 5be5bbaa (small blind) folded before Flop
Seat 6: 1e52ba99 (big blind) folded before Flop


Poker Hand #HD1711973132: Hold'em No Limit ($0.02/$0.05) - 2024/04/02 10:43:51
Table 'NLHBlue3' 6-max Seat #3 is the button
Seat 1: 62232b5a ($3.89 in chips)
Seat 2: Hero ($5.07 in chips)
Seat 3: 87957abf ($6.38 in chips)
Seat 4: c1683e7e ($7.11 in chips)
Seat 5: 5be5bbaa ($3.49 in chips)
Seat 6: 1e52ba99 ($6.21 in chips)
c1683e7e: posts small blind $0.02
5be5bbaa: posts big blind $0.05
*** HOLE CARDS ***
Dealt to 62232b5a 
Dealt to Hero [8h 4s]
Dealt to 87957abf 
Dealt to c1683e7e 
Dealt to 5be5bbaa 
Dealt to 1e52ba99 
1e52ba99: folds
62232b5a: folds
Hero: folds
87957abf: folds
c1683e7e: calls $0.03
5be5bbaa: checks
*** FLOP *** [Kh 7s Ad]
c1683e7e: checks
5be5bbaa: checks
*** TURN *** [Kh 7s Ad] [7h]
c1683e7e: checks
5be5bbaa: checks
*** RIVER *** [Kh 7s Ad 7h] [2c]
c1683e7e: checks
5be5bbaa: checks
c1683e7e: shows [9d Qc] (Pair of Sevens)
5be5bbaa: shows [Td 8d] (Pair of Sevens)
*** SHOWDOWN ***
c1683e7e collected $0.1 from pot
*** SUMMARY ***
Total pot $0.1 | Rake $0 | Jackpot $0 | Bingo $0 | Fortune $0 | Tax $0
Board [Kh 7s Ad 7h 2c]
Seat 1: 62232b5a folded before Flop (didn't bet)
Seat 2: Hero folded before Flop (didn't bet)
Seat 3: 87957abf (button) folded before Flop (didn't bet)
Seat 4: c1683e7e (small blind) showed [9d Qc] and won ($0.1) with Pair of Sevens
Seat 5: 5be5bbaa (big blind) showed [Td 8d] and lost with Pair of Sevens
Seat 6: 1e52ba99 folded before Flop (didn't bet)


Poker Hand #HD1711973105: Hold'em No Limit ($0.02/$0.05) - 2024/04/02 10:43:41
Table 'NLHBlue3' 6-max Seat #2 is the button
Seat 1: 62232b5a ($3.89 in chips)
Seat 2: Hero ($5 in chips)
Seat 3: 87957abf ($6.4 in chips)
Seat 4: c1683e7e ($7.16 in chips)
Seat 5: 5be5bbaa ($3.49 in chips)
Seat 6: 1e52ba99 ($6.21 in chips)
87957abf: posts small blind $0.02
c1683e7e: posts big blind $0.05
*** HOLE CARDS ***
Dealt to 62232b5a 
Dealt to Hero [5s 5h]
Dealt to 87957abf 
Dealt to c1683e7e 
Dealt to 5be5bbaa 
Dealt to 1e52ba99 
5be5bbaa: folds
1e52ba99: folds
62232b5a: folds
Hero: raises $0.08 to $0.13
87957abf: folds
c1683e7e: folds
Uncalled bet ($0.08) returned to Hero
*** SHOWDOWN ***
Hero collected $0.12 from pot
*** SUMMARY ***
Total pot $0.12 | Rake $0 | Jackpot $0 | Bingo $0 | Fortune $0 | Tax $0
Seat 1: 62232b5a folded before Flop (didn't bet)
Seat 2: Hero (button) collected ($0.12)
Seat 3: 87957abf (small blind) folded before Flop
Seat 4: c1683e7e (big blind) folded before Flop
Seat 5: 5be5bbaa folded before Flop (didn't bet)
Seat 6: 1e52ba99 folded before Flop (didn't bet)


Poker Hand #HD1711973052: Hold'em No Limit ($0.02/$0.05) - 2024/04/02 10:43:12
Table 'NLHBlue3' 6-max Seat #1 is the button
Seat 1: 62232b5a ($3.89 in chips)
Seat 2: Hero ($5 in chips)
Seat 3: 87957abf ($6.45 in chips)
Seat 4: c1683e7e ($7.09 in chips)
Seat 5: 5be5bbaa ($3.49 in chips)
Seat 6: 1e52ba99 ($6.21 in chips)
Hero: posts small blind $0.02
87957abf: posts big blind $0.05
*** HOLE CARDS ***
Dealt to 62232b5a 
Dealt to Hero [Qh 6c]
Dealt to 87957abf 
Dealt to c1683e7e 
Dealt to 5be5bbaa 
Dealt to 1e52ba99 
c1683e7e: calls $0.05
5be5bbaa: folds
1e52ba99: folds
62232b5a: folds
Hero: folds
87957abf: checks
*** FLOP *** [7d 4h Ac]
87957abf: checks
c1683e7e: checks
*** TURN *** [7d 4h Ac] [Ad]
87957abf: checks
c1683e7e: bets $0.06
87957abf: folds
Uncalled bet ($0.06) returned to c1683e7e
*** SHOWDOWN ***
c1683e7e collected $0.12 from pot
*** SUMMARY ***
Total pot $0.12 | Rake $0 | Jackpot $0 | Bingo $0 | Fortune $0 | Tax $0
Board [7d 4h Ac Ad]
Seat 1: 62232b5a (button) folded before Flop (didn't bet)
Seat 2: Hero (small blind) folded before Flop
Seat 3: 87957abf (big blind) folded on the Turn
Seat 4: c1683e7e won ($0.12)
Seat 5: 5be5bbaa folded before Flop (didn't bet)
Seat 6: 1e52ba99 folded before Flop (didn't bet)


Poker Hand #HD1711972953: Hold'em No Limit ($0.02/$0.05) - 2024/04/02 10:42:21
Table 'NLHBlue3' 6-max Seat #6 is the button
Seat 1: 62232b5a ($3.91 in chips)
Seat 2: Hero ($5 in chips)
Seat 3: 87957abf ($5.9 in chips)
Seat 4: c1683e7e ($7.09 in chips)
Seat 5: 5be5bbaa ($4.02 in chips)
Seat 6: 1e52ba99 ($6.21 in chips)
62232b5a: posts small blind $0.02
Hero: posts big blind $0.05
*** HOLE CARDS ***
Dealt to 62232b5a 
Dealt to Hero [Td 3d]
Dealt to 87957abf 
Dealt to c1683e7e 
Dealt to 5be5bbaa 
Dealt to 1e52ba99 
87957abf: raises $0.05 to $0.1
c1683e7e: folds
5be5bbaa: calls $0.1
1e52ba99: folds
62232b5a: folds
Hero: folds
*** FLOP *** [6s Ac 8d]
87957abf: checks
5be5bbaa: checks
*** TURN *** [6s Ac 8d] [Ts]
87957abf: checks
5be5bbaa: bets $0.09
87957abf: calls $0.09
*** RIVER *** [6s Ac 8d Ts] [9h]
87957abf: bets $0.34
5be5bbaa: calls $0.34
87957abf: shows [7s Js] (Jacks-High Straight)
5be5bbaa: shows [Tc Kc] (Pair of Tens)
*** SHOWDOWN ***
87957abf collected $1.08 from pot
*** SUMMARY ***
Total pot $1.13 | Rake $0.05 | Jackpot $0 | Bingo $0 | Fortune $0 | Tax $0
Board [6s Ac 8d Ts 9h]
Seat 1: 62232b5a (small blind) folded before Flop
Seat 2: Hero (big blind) folded before Flop
Seat 3: 87957abf showed [7s Js] and won ($1.08) with Jacks-High Straight
Seat 4: c1683e7e folded before Flop (didn't bet)
Seat 5: 5be5bbaa showed [Tc Kc] and lost with Pair of Tens
Seat 6: 1e52ba99 (button) folded before Flop (didn't bet)


Poker Hand #HD1711972842: Hold'em No Limit ($0.02/$0.05) - 2024/04/02 10:41:23
Table 'NLHBlue3' 6-max Seat #5 is the button
Seat 1: 62232b5a ($3.96 in chips)
Seat 2: Hero ($5.12 in chips)
Seat 3: 87957abf ($5.9 in chips)
Seat 4: c1683e7e ($7.19 in chips)
Seat 5: 5be5bbaa ($3.12 in chips)
Seat 6: 1e52ba99 ($6.23 in chips)
1e52ba99: posts small blind $0.02
62232b5a: posts big blind $0.05
*** HOLE CARDS ***
Dealt to 62232b5a 
Dealt to Hero [Kc Ks]
Dealt to 87957abf 
Dealt to c1683e7e 
Dealt to 5be5bbaa 
Dealt to 1e52ba99 
Hero: raises $0.05 to $0.1
87957abf: folds
c1683e7e: calls $0.1
5be5bbaa: raises $0.37 to $0.47
1e52ba99: folds
62232b5a: folds
Hero: calls $0.37
c1683e7e: folds
*** FLOP *** [4h 9h Th]
Hero: checks
5be5bbaa: bets $0.4
Hero: calls $0.4
*** TURN *** [4h 9h Th] [2c]
Hero: checks
5be5bbaa: bets $1.44
Hero: folds
Uncalled bet ($1.44) returned to 5be5bbaa
*** SHOWDOWN ***
5be5bbaa collected $1.77 from pot
*** SUMMARY ***
Total pot $1.91 | Rake $0.09 | Jackpot $0.05 | Bingo $0 | Fortune $0 | Tax $0
Board [4h 9h Th 2c]
Seat 1: 62232b5a (big blind) folded before Flop
Seat 2: Hero folded on the Turn
Seat 3: 87957abf folded before Flop (didn't bet)
Seat 4: c1683e7e folded before Flop
Seat 5: 5be5bbaa (button) won ($1.77)
Seat 6: 1e52ba99 (small blind) folded before Flop


Poker Hand #HD1711972817: Hold'em No Limit ($0.02/$0.05) - 2024/04/02 10:41:07
Table 'NLHBlue3' 6-max Seat #4 is the button
Seat 1: 62232b5a ($3.96 in chips)
Seat 2: Hero ($5.12 in chips)
Seat 3: 87957abf ($5.9 in chips)
Seat 4: c1683e7e ($7.12 in chips)
Seat 5: 5be5bbaa ($3.14 in chips)
Seat 6: 1e52ba99 ($6.28 in chips)
5be5bbaa: posts small blind $0.02
1e52ba99: posts big blind $0.05
*** HOLE CARDS ***
Dealt to 62232b5a 
Dealt to Hero [8h 9c]
Dealt to 87957abf 
Dealt to c1683e7e 
Dealt to 5be5bbaa 
Dealt to 1e52ba99 
62232b5a: folds
Hero: folds
87957abf: folds
c1683e7e: raises $0.1 to $0.15
5be5bbaa: folds
1e52ba99: folds
Uncalled bet ($0.1) returned to c1683e7e
*** SHOWDOWN ***
c1683e7e collected $0.12 from pot
*** SUMMARY ***
Total pot $0.12 | Rake $0 | Jackpot $0 | Bingo $0 | Fortune $0 | Tax $0
Seat 1: 62232b5a folded before Flop (didn't bet)
Seat 2: Hero folded before Flop (didn't bet)
Seat 3: 87957abf folded before Flop (didn't bet)
Seat 4: c1683e7e (button) collected ($0.12)
Seat 5: 5be5bbaa (small blind) folded before Flop
Seat 6: 1e52ba99 (big blind) folded before Flop


Poker Hand #HD1711972789: Hold'em No Limit ($0.02/$0.05) - 2024/04/02 10:40:51
Table 'NLHBlue3' 6-max Seat #3 is the button
Seat 1: 62232b5a ($3.96 in chips)
Seat 2: Hero ($5.12 in chips)
Seat 3: 87957abf ($5.9 in chips)
Seat 4: c1683e7e ($7.14 in chips)
Seat 5: 5be5bbaa ($3.19 in chips)
Seat 6: 1e52ba99 ($6.21 in chips)
c1683e7e: posts small blind $0.02
5be5bbaa: posts big blind $0.05
*** HOLE CARDS ***
Dealt to 62232b5a 
Dealt to Hero [Ac 4h]
Dealt to 87957abf 
Dealt to c1683e7e 
Dealt to 5be5bbaa 
Dealt to 1e52ba99 
1e52ba99: raises $0.1 to $0.15
62232b5a: folds
Hero: folds
87957abf: folds
c1683e7e: folds
5be5bbaa: folds
Uncalled bet ($0.1) returned to 1e52ba99
*** SHOWDOWN ***
1e52ba99 collected $0.12 from pot
*** SUMMARY ***
Total pot $0.12 | Rake $0 | Jackpot $0 | Bingo $0 | Fortune $0 | Tax $0
Seat 1: 62232b5a folded before Flop (didn't bet)
Seat 2: Hero folded before Flop (didn't bet)
Seat 3: 87957abf (button) folded before Flop (didn't bet)
Seat 4: c1683e7e (small blind) folded before Flop
Seat 5: 5be5bbaa (big blind) folded before Flop
Seat 6: 1e52ba99 collected ($0.12)


Poker Hand #HD1711972753: Hold'em No Limit ($0.02/$0.05) - 2024/04/02 10:40:35
Table 'NLHBlue3' 6-max Seat #2 is the button
Seat 1: 62232b5a ($3.96 in chips)
Seat 2: Hero ($5.12 in chips)
Seat 3: 87957abf ($5.92 in chips)
Seat 4: c1683e7e ($7.12 in chips)
Seat 5: 5be5bbaa ($3.19 in chips)
Seat 6: 1e52ba99 ($6.21 in chips)
87957abf: posts small blind $0.02
c1683e7e: posts big blind $0.05
*** HOLE CARDS ***
Dealt to 62232b5a 
Dealt to Hero [4h Qh]
Dealt to 87957abf 
Dealt to c1683e7e 
Dealt to 5be5bbaa 
Dealt to 1e52ba99 
5be5bbaa: folds
1e52ba99: folds
62232b5a: folds
Hero: folds
87957abf: folds
Uncalled bet ($0.03) returned to c1683e7e
*** SHOWDOWN ***
c1683e7e collected $0.04 from pot
*** SUMMARY ***
Total pot $0.04 | Rake $0 | Jackpot $0 | Bingo $0 | Fortune $0 | Tax $0
Seat 1: 62232b5a folded before Flop (didn't bet)
Seat 2: Hero (button) folded before Flop (didn't bet)
Seat 3: 87957abf (small blind) folded before Flop
Seat 4: c1683e7e (big blind) collected ($0.04)
Seat 5: 5be5bbaa folded before Flop (didn't bet)
Seat 6: 1e52ba99 folded before Flop (didn't bet)


Poker Hand #HD1711972668: Hold'em No Limit ($0.02/$0.05) - 2024/04/02 10:39:51
Table 'NLHBlue3' 6-max Seat #1 is the button
Seat 1: 62232b5a ($3.96 in chips)
Seat 2: Hero ($5.14 in chips)
Seat 3: 87957abf ($5.97 in chips)
Seat 4: c1683e7e ($7.05 in chips)
Seat 5: 5be5bbaa ($3.19 in chips)
Seat 6: 1e52ba99 ($6.21 in chips)
Hero: posts small blind $0.02
87957abf: posts big blind $0.05
*** HOLE CARDS ***
Dealt to 62232b5a 
Dealt to Hero [6d 4d]
Dealt to 87957abf 
Dealt to c1683e7e 
Dealt to 5be5bbaa 
Dealt to 1e52ba99 
c1683e7e: calls $0.05
5be5bbaa: folds
1e52ba99: folds
62232b5a: folds
Hero: folds
87957abf: checks
*** FLOP *** [3d Kd 3s]
87957abf: checks
c1683e7e: checks
*** TURN *** [3d Kd 3s] [Ah]
87957abf: checks
c1683e7e: bets $0.06
87957abf: folds
Uncalled bet ($0.06) returned to c1683e7e
*** SHOWDOWN ***
c1683e7e collected $0.12 from pot
*** SUMMARY ***
Total pot $0.12 | Rake $0 | Jackpot $0 | Bingo $0 | Fortune $0 | Tax $0
Board [3d Kd 3s Ah]
Seat 1: 62232b5a (button) folded before Flop (didn't bet)
Seat 2: Hero (small blind) folded before Flop
Seat 3: 87957abf (big blind) folded on the Turn
Seat 4: c1683e7e won ($0.12)
Seat 5: 5be5bbaa folded before Flop (didn't bet)
Seat 6: 1e52ba99 folded before Flop (didn't bet)


Poker Hand #HD1711972620: Hold'em No Limit ($0.02/$0.05) - 2024/04/02 10:39:26
Table 'NLHBlue3' 6-max Seat #6 is the button
Seat 1: 62232b5a ($3.98 in chips)
Seat 2: Hero ($5.19 in chips)
Seat 3: 87957abf ($5.97 in chips)
Seat 4: c1683e7e ($7.05 in chips)
Seat 5: 5be5bbaa ($3.19 in chips)
Seat 6: 1e52ba99 ($6.14 in chips)
62232b5a: posts small blind $0.02
Hero: posts big blind $0.05
*** HOLE CARDS ***
Dealt to 62232b5a 
Dealt to Hero [4d Jh]
Dealt to 87957abf 
Dealt to c1683e7e 
Dealt to 5be5bbaa 
Dealt to 1e52ba99 
87957abf: folds
c1683e7e: folds
5be5bbaa: folds
1e52ba99: raises $0.08 to $0.13
62232b5a: folds
Hero: folds
Uncalled bet ($0.08) returned to 1e52ba99
*** SHOWDOWN ***
1e52ba99 collected $0.12 from pot
*** SUMMARY ***
Total pot $0.12 | Rake $0 | Jackpot $0 | Bingo $0 | Fortune $0 | Tax $0
Seat 1: 62232b5a (small blind) folded before Flop
Seat 2: Hero (big blind) folded before Flop
Seat 3: 87957abf folded before Flop (didn't bet)
Seat 4: c1683e7e folded before Flop (didn't bet)
Seat 5: 5be5bbaa folded before Flop (didn't bet)
Seat 6: 1e52ba99 (button) collected ($0.12)


Poker Hand #HD1711972594: Hold'em No Limit ($0.02/$0.05) - 2024/04/02 10:39:15
Table 'NLHBlue3' 6-max Seat #5 is the button
Seat 1: 62232b5a ($4.03 in chips)
Seat 2: Hero ($5.19 in chips)
Seat 3: 87957abf ($5.9 in chips)
Seat 4: c1683e7e ($7.05 in chips)
Seat 5: 5be5bbaa ($3.19 in chips)
Seat 6: 1e52ba99 ($6.16 in chips)
1e52ba99: posts small blind $0.02
62232b5a: posts big blind $0.05
*** HOLE CARDS ***
Dealt to 62232b5a 
Dealt to Hero [8c 9s]
Dealt to 87957abf 
Dealt to c1683e7e 
Dealt to 5be5bbaa 
Dealt to 1e52ba99 
Hero: folds
87957abf: raises $0.05 to $0.1
c1683e7e: folds
5be5bbaa: folds
1e52ba99: folds
62232b5a: folds
Uncalled bet ($0.05) returned to 87957abf
*** SHOWDOWN ***
87957abf collected $0.12 from pot
*** SUMMARY ***
Total pot $0.12 | Rake $0 | Jackpot $0 | Bingo $0 | Fortune $0 | Tax $0
Seat 1: 62232b5a (big blind) folded before Flop
Seat 2: Hero folded before Flop (didn't bet)
Seat 3: 87957abf collected ($0.12)
Seat 4: c1683e7e folded before Flop (didn't bet)
Seat 5: 5be5bbaa (button) folded before Flop (didn't bet)
Seat 6: 1e52ba99 (small blind) folded before Flop


Poker Hand #HD1711972475: Hold'em No Limit ($0.02/$0.05) - 2024/04/02 10:38:20
Table 'NLHBlue3' 6-max Seat #4 is the button
Seat 1: 62232b5a ($4.03 in chips)
Seat 2: Hero ($5.19 in chips)
Seat 3: 87957abf ($5.9 in chips)
Seat 4: c1683e7e ($7.1 in chips)
Seat 5: 5be5bbaa ($2.85 in chips)
Seat 6: 1e52ba99 ($6.48 in chips)
5be5bbaa: posts small blind $0.02
1e52ba99: posts big blind $0.05
*** HOLE CARDS ***
Dealt to 62232b5a 
Dealt to Hero [7h 8d]
Dealt to 87957abf 
Dealt to c1683e7e 
Dealt to 5be5bbaa 
Dealt to 1e52ba99 
62232b5a: folds
Hero: folds
87957abf: folds
c1683e7e: calls $0.05
5be5bbaa: raises $0.12 to $0.17
1e52ba99: calls $0.12
c1683e7e: folds
*** FLOP *** [9h Qc 8c]
5be5bbaa: bets $0.15
1e52ba99: calls $0.15
*** TURN *** [9h Qc 8c] [Td]
5be5bbaa: bets $0.4
1e52ba99: folds
Uncalled bet ($0.4) returned to 5be5bbaa
*** SHOWDOWN ***
5be5bbaa collected $0.66 from pot
*** SUMMARY ***
Total pot $0.69 | Rake $0.03 | Jackpot $0 | Bingo $0 | Fortune $0 | Tax $0
Board [9h Qc 8c Td]
Seat 1: 62232b5a folded before Flop (didn't bet)
Seat 2: Hero folded before Flop (didn't bet)
Seat 3: 87957abf folded before Flop (didn't bet)
Seat 4: c1683e7e (button) folded before Flop
Seat 5: 5be5bbaa (small blind) won ($0.66)
Seat 6: 1e52ba99 (big blind) folded on the Turn


Poker Hand #HD1711972446: Hold'em No Limit ($0.02/$0.05) - 2024/04/02 10:38:04
Table 'NLHBlue3' 6-max Seat #3 is the button
Seat 1: 62232b5a ($4.03 in chips)
Seat 2: Hero ($5.19 in chips)
Seat 3: 87957abf ($5.83 in chips)
Seat 4: c1683e7e ($7.12 in chips)
Seat 5: 5be5bbaa ($2.9 in chips)
Seat 6: 1e52ba99 ($6.48 in chips)
c1683e7e: posts small blind $0.02
5be5bbaa: posts big blind $0.05
*** HOLE CARDS ***
Dealt to 62232b5a 
Dealt to Hero [3c Js]
Dealt to 87957abf 
Dealt to c1683e7e 
Dealt to 5be5bbaa 
Dealt to 1e52ba99 
1e52ba99: folds
62232b5a: folds
Hero: folds
87957abf: raises $0.05 to $0.1
c1683e7e: folds
5be5bbaa: folds
Uncalled bet ($0.05) returned to 87957abf
*** SHOWDOWN ***
87957abf collected $0.12 from pot
*** SUMMARY ***
Total pot $0.12 | Rake $0 | Jackpot $0 | Bingo $0 | Fortune $0 | Tax $0
Seat 1: 62232b5a folded before Flop (didn't bet)
Seat 2: Hero folded before Flop (didn't bet)
Seat 3: 87957abf (button) collected ($0.12)
Seat 4: c1683e7e (small blind) folded before Flop
Seat 5: 5be5bbaa (big blind) folded before Flop
Seat 6: 1e52ba99 folded before Flop (didn't bet)


Poker Hand #HD1711972313: Hold'em No Limit ($0.02/$0.05) - 2024/04/02 10:36:58
Table 'NLHBlue3' 6-max Seat #2 is the button
Seat 1: 62232b5a ($4.93 in chips)
Seat 2: Hero ($5.19 in chips)
Seat 3: 87957abf ($5.02 in chips)
Seat 4: c1683e7e ($7.17 in chips)
Seat 5: 5be5bbaa ($2.9 in chips)
Seat 6: 1e52ba99 ($6.48 in chips)
87957abf: posts small blind $0.02
c1683e7e: posts big blind $0.05
*** HOLE CARDS ***
Dealt to 62232b5a 
Dealt to Hero [2c 9c]
Dealt to 87957abf 
Dealt to c1683e7e 
Dealt to 5be5bbaa 
Dealt to 1e52ba99 
5be5bbaa: folds
1e52ba99: folds
62232b5a: raises $0.1 to $0.15
Hero: folds
87957abf: raises $0.35 to $0.5
c1683e7e: folds
62232b5a: calls $0.35
*** FLOP *** [7s 2h Td]
87957abf: bets $0.4
62232b5a: calls $0.4
*** TURN *** [7s 2h Td] [9s]
87957abf: bets $1.03
62232b5a: folds
Uncalled bet ($1.03) returned to 87957abf
*** SHOWDOWN ***
87957abf collected $1.71 from pot
*** SUMMARY ***
Total pot $1.85 | Rake $0.09 | Jackpot $0.05 | Bingo $0 | Fortune $0 | Tax $0
Board [7s 2h Td 9s]
Seat 1: 62232b5a folded on the Turn
Seat 2: Hero (button) folded before Flop (didn't bet)
Seat 3: 87957abf (small blind) won ($1.71)
Seat 4: c1683e7e (big blind) folded before Flop
Seat 5: 5be5bbaa folded before Flop (didn't bet)
Seat 6: 1e52ba99 folded before Flop (didn't bet)


Poker Hand #HD1711972275: Hold'em No Limit ($0.02/$0.05) - 2024/04/02 10:36:40
Table 'NLHBlue3' 6-max Seat #1 is the button
Seat 1: 62232b5a ($4.93 in chips)
Seat 2: Hero ($5 in chips)
Seat 3: 87957abf ($5.07 in chips)
Seat 4: c1683e7e ($7.17 in chips)
Seat 5: 5be5bbaa ($2.9 in chips)
Seat 6: 1e52ba99 ($6.63 in chips)
Hero: posts small blind $0.02
87957abf: posts big blind $0.05
*** HOLE CARDS ***
Dealt to 62232b5a 
Dealt to Hero [8s 8d]
Dealt to 87957abf 
Dealt to c1683e7e 
Dealt to 5be5bbaa 
Dealt to 1e52ba99 
c1683e7e: folds
5be5bbaa: folds
1e52ba99: raises $0.1 to $0.15
62232b5a: folds
Hero: raises $0.3 to $0.45
87957abf: folds
1e52ba99: folds
Uncalled bet ($0.3) returned to Hero
*** SHOWDOWN ***
Hero collected $0.34 from pot
*** SUMMARY ***
Total pot $0.35 | Rake $0.01 | Jackpot $0 | Bingo $0 | Fortune $0 | Tax $0
Seat 1: 62232b5a (button) folded before Flop (didn't bet)
Seat 2: Hero (small blind) collected ($0.34)
Seat 3: 87957abf (big blind) folded before Flop
Seat 4: c1683e7e folded before Flop (didn't bet)
Seat 5: 5be5bbaa folded before Flop (didn't bet)
Seat 6: 1e52ba99 folded before Flop


Poker Hand #HD1711972182: Hold'em No Limit ($0.02/$0.05) - 2024/04/02 10:35:48
Table 'NLHBlue3' 6-max Seat #6 is the button
Seat 1: 62232b5a ($4.95 in chips)
Seat 2: Hero ($5 in chips)
Seat 3: 87957abf ($5.07 in chips)
Seat 4: c1683e7e ($5.53 in chips)
Seat 5: 5be5bbaa ($2.9 in chips)
Seat 6: 1e52ba99 ($6.63 in chips)
62232b5a: posts small blind $0.02
Hero: posts big blind $0.05
*** HOLE CARDS ***
Dealt to 62232b5a 
Dealt to Hero [As 6h]
Dealt to 87957abf 
Dealt to c1683e7e 
Dealt to 5be5bbaa 
Dealt to 1e52ba99 
87957abf: folds
c1683e7e: calls $0.05
5be5bbaa: folds
1e52ba99: folds
62232b5a: folds
Hero: checks
*** FLOP *** [6d Kh 5s]
Hero: checks
c1683e7e: checks
*** TURN *** [6d Kh 5s] [Qd]
Hero: checks
c1683e7e: checks
*** RIVER *** [6d Kh 5s Qd] [Ad]
Hero: bets $0.15
c1683e7e: raises $1.65 to $1.8
Hero: calls $1.65
c1683e7e: shows [4d Jd] (Ace High Flush)
Hero: shows [As 6h] (Pair of Aces and Pair of Sixes)
*** SHOWDOWN ***
c1683e7e collected $3.49 from pot
*** SUMMARY ***
Total pot $3.72 | Rake $0.18 | Jackpot $0.05 | Bingo $0 | Fortune $0 | Tax $0
Board [6d Kh 5s Qd Ad]
Seat 1: 62232b5a (small blind) folded before Flop
Seat 2: Hero (big blind) showed [As 6h] and lost with Pair of Aces and Pair of Sixes
Seat 3: 87957abf folded before Flop (didn't bet)
Seat 4: c1683e7e showed [4d Jd] and won ($3.49) with Ace High Flush
Seat 5: 5be5bbaa folded before Flop (didn't bet)
Seat 6: 1e52ba99 (button) folded before Flop (didn't bet)


Poker Hand #HD1711972163: Hold'em No Limit ($0.02/$0.05) - 2024/04/02 10:35:41
Table 'NLHBlue3' 6-max Seat #5 is the button
Seat 1: 62232b5a ($4.93 in chips)
Seat 2: Hero ($5 in chips)
Seat 3: 87957abf ($5.07 in chips)
Seat 4: c1683e7e ($5.53 in chips)
Seat 5: 5be5bbaa ($2.9 in chips)
Seat 6: 1e52ba99 ($6.65 in chips)
1e52ba99: posts small blind $0.02
62232b5a: posts big blind $0.05
*** HOLE CARDS ***
Dealt to 62232b5a 
Dealt to Hero [6c Ks]
Dealt to 87957abf 
Dealt to c1683e7e 
Dealt to 5be5bbaa 
Dealt to 1e52ba99 
Hero: folds
87957abf: folds
c1683e7e: folds
5be5bbaa: folds
1e52ba99: folds
Uncalled bet ($0.03) returned to 62232b5a
*** SHOWDOWN ***
62232b5a collected $0.04 from pot
*** SUMMARY ***
Total pot $0.04 | Rake $0 | Jackpot $0 | Bingo $0 | Fortune $0 | Tax $0
Seat 1: 62232b5a (big blind) collected ($0.04)
Seat 2: Hero folded before Flop (didn't bet)
Seat 3: 87957abf folded before Flop (didn't bet)
Seat 4: c1683e7e folded before Flop (didn't bet)
Seat 5: 5be5bbaa (button) folded before Flop (didn't bet)
Seat 6: 1e52ba99 (small blind) folded before Flop


Poker Hand #HD1711971998: Hold'em No Limit ($0.02/$0.05) - 2024/04/02 10:34:16
Table 'NLHBlue3' 6-max Seat #4 is the button
Seat 1: 62232b5a ($4.93 in chips)
Seat 2: Hero ($5.48 in chips)
Seat 3: 87957abf ($5.07 in chips)
Seat 4: c1683e7e ($4.66 in chips)
Seat 5: 5be5bbaa ($3.03 in chips)
Seat 6: 1e52ba99 ($6.88 in chips)
5be5bbaa: posts small blind $0.02
1e52ba99: posts big blind $0.05
*** HOLE CARDS ***
Dealt to 62232b5a 
Dealt to Hero [Ad Tc]
Dealt to 87957abf 
Dealt to c1683e7e 
Dealt to 5be5bbaa 
Dealt to 1e52ba99 
62232b5a: folds
Hero: raises $0.08 to $0.13
87957abf: folds
c1683e7e: calls $0.13
5be5bbaa: calls $0.11
1e52ba99: calls $0.08
*** FLOP *** [2c 5c 3h]
5be5bbaa: checks
1e52ba99: checks
Hero: bets $0.1
c1683e7e: calls $0.1
5be5bbaa: folds
1e52ba99: calls $0.1
*** TURN *** [2c 5c 3h] [Qh]
1e52ba99: checks
Hero: checks
c1683e7e: bets $0.41
1e52ba99: folds
Hero: calls $0.41
*** RIVER *** [2c 5c 3h Qh] [Kc]
Hero: checks
c1683e7e: checks
Hero: shows [Ad Tc] (Ace-High)
c1683e7e: shows [Qd Ks] (Pair of Kings and Pair of Queens)
*** SHOWDOWN ***
c1683e7e collected $1.51 from pot
*** SUMMARY ***
Total pot $1.64 | Rake $0.08 | Jackpot $0.05 | Bingo $0 | Fortune $0 | Tax $0
Board [2c 5c 3h Qh Kc]
Seat 1: 62232b5a folded before Flop (didn't bet)
Seat 2: Hero showed [Ad Tc] and lost with Ace-High
Seat 3: 87957abf folded before Flop (didn't bet)
Seat 4: c1683e7e (button) showed [Qd Ks] and won ($1.51) with Pair of Kings and Pair of Queens
Seat 5: 5be5bbaa (small blind) folded on the Flop
Seat 6: 1e52ba99 (big blind) folded on the Turn


Poker Hand #HD1711971945: Hold'em No Limit ($0.02/$0.05) - 2024/04/02 10:33:51
Table 'NLHBlue3' 6-max Seat #3 is the button
Seat 1: 62232b5a ($4.93 in chips)
Seat 2: Hero ($5.48 in chips)
Seat 3: 87957abf ($5 in chips)
Seat 4: c1683e7e ($4.68 in chips)
Seat 5: 5be5bbaa ($3.08 in chips)
Seat 6: 1e52ba99 ($6.88 in chips)
c1683e7e: posts small blind $0.02
5be5bbaa: posts big blind $0.05
*** HOLE CARDS ***
Dealt to 62232b5a 
Dealt to Hero [Js 8d]
Dealt to 87957abf 
Dealt to c1683e7e 
Dealt to 5be5bbaa 
Dealt to 1e52ba99 
1e52ba99: folds
62232b5a: folds
Hero: folds
87957abf: raises $0.05 to $0.1
c1683e7e: folds
5be5bbaa: folds
Uncalled bet ($0.05) returned to 87957abf
*** SHOWDOWN ***
87957abf collected $0.12 from pot
*** SUMMARY ***
Total pot $0.12 | Rake $0 | Jackpot $0 | Bingo $0 | Fortune $0 | Tax $0
Seat 1: 62232b5a folded before Flop (didn't bet)
Seat 2: Hero folded before Flop (didn't bet)
Seat 3: 87957abf (button) collected ($0.12)
Seat 4: c1683e7e (small blind) folded before Flop
Seat 5: 5be5bbaa (big blind) folded before Flop
Seat 6: 1e52ba99 folded before Flop (didn't bet)


Poker Hand #HD1711971869: Hold'em No Limit ($0.02/$0.05) - 2024/04/02 10:33:12
Table 'NLHBlue3' 6-max Seat #2 is the button
Seat 1: 62232b5a ($4.93 in chips)
Seat 2: Hero ($5.76 in chips)
Seat 3: 87957abf ($5 in chips)
Seat 4: c1683e7e ($4.4 in chips)
Seat 5: 5be5bbaa ($3.08 in chips)
Seat 6: 1e52ba99 ($6.88 in chips)
87957abf: posts small blind $0.02
c1683e7e: posts big blind $0.05
*** HOLE CARDS ***
Dealt to 62232b5a 
Dealt to Hero [6c Tc]
Dealt to 87957abf 
Dealt to c1683e7e 
Dealt to 5be5bbaa 
Dealt to 1e52ba99 
5be5bbaa: folds
1e52ba99: folds
62232b5a: folds
Hero: raises $0.08 to $0.13
87957abf: folds
c1683e7e: calls $0.08
*** FLOP *** [Ad 7h 8s]
c1683e7e: checks
Hero: checks
*** TURN *** [Ad 7h 8s] [8h]
c1683e7e: checks
Hero: bets $0.15
c1683e7e: calls $0.15
*** RIVER *** [Ad 7h 8s 8h] [5h]
c1683e7e: checks
Hero: checks
c1683e7e: shows [Jc Kd] (Pair of Eights)
Hero: shows [6c Tc] (Pair of Eights)
*** SHOWDOWN ***
c1683e7e collected $0.56 from pot
*** SUMMARY ***
Total pot $0.58 | Rake $0.02 | Jackpot $0 | Bingo $0 | Fortune $0 | Tax $0
Board [Ad 7h 8s 8h 5h]
Seat 1: 62232b5a folded before Flop (didn't bet)
Seat 2: Hero (button) showed [6c Tc] and lost with Pair of Eights
Seat 3: 87957abf (small blind) folded before Flop
Seat 4: c1683e7e (big blind) showed [Jc Kd] and won ($0.56) with Pair of Eights
Seat 5: 5be5bbaa folded before Flop (didn't bet)
Seat 6: 1e52ba99 folded before Flop (didn't bet)


Poker Hand #HD1711971772: Hold'em No Limit ($0.02/$0.05) - 2024/04/02 10:32:25
Table 'NLHBlue3' 6-max Seat #1 is the button
Seat 1: 62232b5a ($4.93 in chips)
Seat 2: Hero ($5.78 in chips)
Seat 3: 87957abf ($5 in chips)
Seat 4: c1683e7e ($4.64 in chips)
Seat 5: 5be5bbaa ($2.79 in chips)
Seat 6: 1e52ba99 ($6.88 in chips)
Hero: posts small blind $0.02
87957abf: posts big blind $0.05
*** HOLE CARDS ***
Dealt to 62232b5a 
Dealt to Hero [Js 8d]
Dealt to 87957abf 
Dealt to c1683e7e 
Dealt to 5be5bbaa 
Dealt to 1e52ba99 
c1683e7e: raises $0.05 to $0.1
5be5bbaa: calls $0.1
1e52ba99: folds
62232b5a: folds
Hero: folds
87957abf: folds
*** FLOP *** [4c Td Qc]
c1683e7e: checks
5be5bbaa: checks
*** TURN *** [4c Td Qc] [Kd]
c1683e7e: bets $0.14
5be5bbaa: calls $0.14
*** RIVER *** [4c Td Qc Kd] [9s]
c1683e7e: checks
5be5bbaa: bets $0.35
c1683e7e: folds
Uncalled bet ($0.35) returned to 5be5bbaa
5be5bbaa: shows [4s] (Pair of Fours)
*** SHOWDOWN ***
5be5bbaa collected $0.53 from pot
*** SUMMARY ***
Total pot $0.55 | Rake $0.02 | Jackpot $0 | Bingo $0 | Fortune $0 | Tax $0
Board [4c Td Qc Kd 9s]
Seat 1: 62232b5a (button) folded before Flop (didn't bet)
Seat 2: Hero (small blind) folded before Flop
Seat 3: 87957abf (big blind) folded before Flop
Seat 4: c1683e7e folded on the River
Seat 5: 5be5bbaa showed [4s] and won ($0.53)
Seat 6: 1e52ba99 folded before Flop (didn't bet)


Poker Hand #HD1711971673: Hold'em No Limit ($0.02/$0.05) - 2024/04/02 10:31:37
Table 'NLHBlue3' 6-max Seat #6 is the button
Seat 1: 62232b5a ($4.95 in chips)
Seat 2: Hero ($5.48 in chips)
Seat 3: 87957abf ($5.07 in chips)
Seat 4: c1683e7e ($4.74 in chips)
Seat 5: 5be5bbaa ($2.89 in chips)
Seat 6: 1e52ba99 ($6.88 in chips)
62232b5a: posts small blind $0.02
Hero: posts big blind $0.05
*** HOLE CARDS ***
Dealt to 62232b5a 
Dealt to Hero [3d 5d]
Dealt to 87957abf 
Dealt to c1683e7e 
Dealt to 5be5bbaa 
Dealt to 1e52ba99 
87957abf: raises $0.05 to $0.1
c1683e7e: calls $0.1
5be5bbaa: calls $0.1
1e52ba99: folds
62232b5a: folds
Hero: calls $0.05
*** FLOP *** [3s Kd 3c]
Hero: checks
87957abf: checks
c1683e7e: checks
5be5bbaa: checks
*** TURN *** [3s Kd 3c] [6h]
Hero: bets $0.1
87957abf: folds
c1683e7e: folds
5be5bbaa: folds
Uncalled bet ($0.1) returned to Hero
*** SHOWDOWN ***
Hero collected $0.4 from pot
*** SUMMARY ***
Total pot $0.42 | Rake $0.02 | Jackpot $0 | Bingo $0 | Fortune $0 | Tax $0
Board [3s Kd 3c 6h]
Seat 1: 62232b5a (small blind) folded before Flop
Seat 2: Hero (big blind) won ($0.4)
Seat 3: 87957abf folded on the Turn
Seat 4: c1683e7e folded on the Turn
Seat 5: 5be5bbaa folded on the Turn
Seat 6: 1e52ba99 (button) folded before Flop (didn't bet)


Poker Hand #HD1711971647: Hold'em No Limit ($0.02/$0.05) - 2024/04/02 10:31:24
Table 'NLHBlue3' 6-max Seat #5 is the button
Seat 1: 62232b5a ($5 in chips)
Seat 2: Hero ($5.48 in chips)
Seat 3: 87957abf ($5 in chips)
Seat 4: c1683e7e ($4.74 in chips)
Seat 5: 5be5bbaa ($2.89 in chips)
Seat 6: 1e52ba99 ($6.9 in chips)
1e52ba99: posts small blind $0.02
62232b5a: posts big blind $0.05
*** HOLE CARDS ***
Dealt to 62232b5a 
Dealt to Hero [Js 7c]
Dealt to 87957abf 
Dealt to c1683e7e 
Dealt to 5be5bbaa 
Dealt to 1e52ba99 
Hero: folds
87957abf: raises $0.05 to $0.1
c1683e7e: folds
5be5bbaa: folds
1e52ba99: folds
62232b5a: folds
Uncalled bet ($0.05) returned to 87957abf
*** SHOWDOWN ***
87957abf collected $0.12 from pot
*** SUMMARY ***
Total pot $0.12 | Rake $0 | Jackpot $0 | Bingo $0 | Fortune $0 | Tax $0
Seat 1: 62232b5a (big blind) folded before Flop
Seat 2: Hero folded before Flop (didn't bet)
Seat 3: 87957abf collected ($0.12)
Seat 4: c1683e7e folded before Flop (didn't bet)
Seat 5: 5be5bbaa (button) folded before Flop (didn't bet)
Seat 6: 1e52ba99 (small blind) folded before Flop


Poker Hand #HD1711971593: Hold'em No Limit ($0.02/$0.05) - 2024/04/02 10:30:56
Table 'NLHBlue3' 6-max Seat #4 is the button
Seat 2: Hero ($5.48 in chips)
Seat 3: 87957abf ($5 in chips)
Seat 4: c1683e7e ($4.58 in chips)
Seat 5: 5be5bbaa ($2.91 in chips)
Seat 6: 1e52ba99 ($6.95 in chips)
5be5bbaa: posts small blind $0.02
1e52ba99: posts big blind $0.05
*** HOLE CARDS ***
Dealt to Hero [6c Jd]
Dealt to 87957abf 
Dealt to c1683e7e 
Dealt to 5be5bbaa 
Dealt to 1e52ba99 
Hero: folds
87957abf: raises $0.05 to $0.1
c1683e7e: raises $0.21 to $0.31
5be5bbaa: folds
1e52ba99: folds
87957abf: folds
Uncalled bet ($0.21) returned to c1683e7e
*** SHOWDOWN ***
c1683e7e collected $0.26 from pot
*** SUMMARY ***
Total pot $0.27 | Rake $0.01 | Jackpot $0 | Bingo $0 | Fortune $0 | Tax $0
Seat 2: Hero folded before Flop (didn't bet)
Seat 3: 87957abf folded before Flop
Seat 4: c1683e7e (button) collected ($0.26)
Seat 5: 5be5bbaa (small blind) folded before Flop
Seat 6: 1e52ba99 (big blind) folded before Flop


Poker Hand #HD1711971483: Hold'em No Limit ($0.02/$0.05) - 2024/04/02 10:30:03
Table 'NLHBlue3' 6-max Seat #3 is the button
Seat 2: Hero ($5.05 in chips)
Seat 3: 87957abf ($5.02 in chips)
Seat 4: c1683e7e ($4.86 in chips)
Seat 5: 5be5bbaa ($2.96 in chips)
Seat 6: 1e52ba99 ($6.95 in chips)
c1683e7e: posts small blind $0.02
5be5bbaa: posts big blind $0.05
*** HOLE CARDS ***
Dealt to Hero [8s 8h]
Dealt to 87957abf 
Dealt to c1683e7e 
Dealt to 5be5bbaa 
Dealt to 1e52ba99 
1e52ba99: folds
Hero: raises $0.08 to $0.13
87957abf: calls $0.13
c1683e7e: calls $0.11
5be5bbaa: folds
*** FLOP *** [7s 9d 9h]
c1683e7e: checks
Hero: checks
87957abf: checks
*** TURN *** [7s 9d 9h] [Ts]
c1683e7e: checks
Hero: bets $0.15
87957abf: folds
c1683e7e: calls $0.15
*** RIVER *** [7s 9d 9h Ts] [6c]
c1683e7e: checks
Hero: bets $0.25
c1683e7e: folds
Uncalled bet ($0.25) returned to Hero
*** SHOWDOWN ***
Hero collected $0.71 from pot
*** SUMMARY ***
Total pot $0.74 | Rake $0.03 | Jackpot $0 | Bingo $0 | Fortune $0 | Tax $0
Board [7s 9d 9h Ts 6c]
Seat 2: Hero won ($0.71)
Seat 3: 87957abf (button) folded on the Turn
Seat 4: c1683e7e (small blind) folded on the River
Seat 5: 5be5bbaa (big blind) folded before Flop
Seat 6: 1e52ba99 folded before Flop (didn't bet)


Poker Hand #HD1711971451: Hold'em No Limit ($0.02/$0.05) - 2024/04/02 10:29:47
Table 'NLHBlue3' 6-max Seat #2 is the button
Seat 2: Hero ($5.05 in chips)
Seat 3: 87957abf ($5.04 in chips)
Seat 4: c1683e7e ($4.84 in chips)
Seat 5: 5be5bbaa ($2.96 in chips)
Seat 6: 1e52ba99 ($6.95 in chips)
87957abf: posts small blind $0.02
c1683e7e: posts big blind $0.05
*** HOLE CARDS ***
Dealt to Hero [2c 8s]
Dealt to 87957abf 
Dealt to c1683e7e 
Dealt to 5be5bbaa 
Dealt to 1e52ba99 
5be5bbaa: folds
1e52ba99: folds
Hero: folds
87957abf: folds
Uncalled bet ($0.03) returned to c1683e7e
*** SHOWDOWN ***
c1683e7e collected $0.04 from pot
*** SUMMARY ***
Total pot $0.04 | Rake $0 | Jackpot $0 | Bingo $0 | Fortune $0 | Tax $0
Seat 2: Hero (button) folded before Flop (didn't bet)
Seat 3: 87957abf (small blind) folded before Flop
Seat 4: c1683e7e (big blind) collected ($0.04)
Seat 5: 5be5bbaa folded before Flop (didn't bet)
Seat 6: 1e52ba99 folded before Flop (didn't bet)


Poker Hand #HD1711971420: Hold'em No Limit ($0.02/$0.05) - 2024/04/02 10:29:35
Table 'NLHBlue3' 6-max Seat #6 is the button
Seat 2: Hero ($5 in chips)
Seat 3: 87957abf ($5.09 in chips)
Seat 4: c1683e7e ($4.84 in chips)
Seat 5: 5be5bbaa ($2.96 in chips)
Seat 6: 1e52ba99 ($6.95 in chips)
Hero: posts small blind $0.02
87957abf: posts big blind $0.05
*** HOLE CARDS ***
Dealt to Hero [Kd Ad]
Dealt to 87957abf 
Dealt to c1683e7e 
Dealt to 5be5bbaa 
Dealt to 1e52ba99 
c1683e7e: folds
5be5bbaa: folds
1e52ba99: folds
Hero: raises $0.1 to $0.15
87957abf: folds
Uncalled bet ($0.1) returned to Hero
*** SHOWDOWN ***
Hero collected $0.1 from pot
*** SUMMARY ***
Total pot $0.1 | Rake $0 | Jackpot $0 | Bingo $0 | Fortune $0 | Tax $0
Seat 2: Hero (small blind) collected ($0.1)
Seat 3: 87957abf (big blind) folded before Flop
Seat 4: c1683e7e folded before Flop (didn't bet)
Seat 5: 5be5bbaa folded before Flop (didn't bet)
Seat 6: 1e52ba99 (button) folded before Flop (didn't bet)


Poker Hand #HD1711971311: Hold'em No Limit ($0.02/$0.05) - 2024/04/02 10:28:37
Table 'NLHBlue3' 6-max Seat #5 is the button
Seat 1: fdc78858 ($3.89 in chips)
Seat 2: Hero ($5 in chips)
Seat 3: 87957abf ($5.14 in chips)
Seat 4: c1683e7e ($5 in chips)
Seat 5: 5be5bbaa ($2.7 in chips)
Seat 6: 1e52ba99 ($6.97 in chips)
1e52ba99: posts small blind $0.02
fdc78858: posts big blind $0.05
c1683e7e: posts big blind $0.05
*** HOLE CARDS ***
Dealt to fdc78858 
Dealt to Hero [Js 5c]
Dealt to 87957abf 
Dealt to c1683e7e 
Dealt to 5be5bbaa 
Dealt to 1e52ba99 
Hero: folds
87957abf: calls $0.05
c1683e7e: checks
5be5bbaa: calls $0.05
1e52ba99: folds
fdc78858: checks
*** FLOP *** [Td 7c 9s]
fdc78858: checks
87957abf: checks
c1683e7e: checks
5be5bbaa: checks
*** TURN *** [Td 7c 9s] [Ad]
fdc78858: checks
87957abf: checks
c1683e7e: bets $0.11
5be5bbaa: raises $0.33 to $0.44
fdc78858: folds
87957abf: folds
c1683e7e: folds
Uncalled bet ($0.33) returned to 5be5bbaa
*** SHOWDOWN ***
5be5bbaa collected $0.42 from pot
*** SUMMARY ***
Total pot $0.44 | Rake $0.02 | Jackpot $0 | Bingo $0 | Fortune $0 | Tax $0
Board [Td 7c 9s Ad]
Seat 1: fdc78858 (big blind) folded on the Turn
Seat 2: Hero folded before Flop (didn't bet)
Seat 3: 87957abf folded on the Turn
Seat 4: c1683e7e folded on the Turn
Seat 5: 5be5bbaa (button) won ($0.42)
Seat 6: 1e52ba99 (small blind) folded before Flop


Poker Hand #HD1711971288: Hold'em No Limit ($0.02/$0.05) - 2024/04/02 10:28:24
Table 'NLHBlue3' 6-max Seat #3 is the button
Seat 2: Hero ($5 in chips)
Seat 3: 87957abf ($5.07 in chips)
Seat 5: 5be5bbaa ($2.72 in chips)
Seat 6: 1e52ba99 ($7.02 in chips)
5be5bbaa: posts small blind $0.02
1e52ba99: posts big blind $0.05
*** HOLE CARDS ***
Dealt to Hero [3d 3c]
Dealt to 87957abf 
Dealt to 5be5bbaa 
Dealt to 1e52ba99 
Hero: folds
87957abf: raises $0.05 to $0.1
5be5bbaa: folds
1e52ba99: folds
Uncalled bet ($0.05) returned to 87957abf
*** SHOWDOWN ***
87957abf collected $0.12 from pot
*** SUMMARY ***
Total pot $0.12 | Rake $0 | Jackpot $0 | Bingo $0 | Fortune $0 | Tax $0
Seat 2: Hero folded before Flop (didn't bet)
Seat 3: 87957abf (button) collected ($0.12)
Seat 5: 5be5bbaa (small blind) folded before Flop
Seat 6: 1e52ba99 (big blind) folded before Flop


Poker Hand #HD1711971262: Hold'em No Limit ($0.02/$0.05) - 2024/04/02 10:28:09
Table 'NLHBlue3' 6-max Seat #2 is the button
Seat 2: Hero ($5 in chips)
Seat 3: 87957abf ($5.02 in chips)
Seat 5: 5be5bbaa ($2.77 in chips)
Seat 6: 1e52ba99 ($7.02 in chips)
87957abf: posts small blind $0.02
5be5bbaa: posts big blind $0.05
*** HOLE CARDS ***
Dealt to Hero [6h Tc]
Dealt to 87957abf 
Dealt to 5be5bbaa 
Dealt to 1e52ba99 
1e52ba99: folds
Hero: folds
87957abf: raises $0.1 to $0.15
5be5bbaa: folds
Uncalled bet ($0.1) returned to 87957abf
*** SHOWDOWN ***
87957abf collected $0.1 from pot
*** SUMMARY ***
Total pot $0.1 | Rake $0 | Jackpot $0 | Bingo $0 | Fortune $0 | Tax $0
Seat 2: Hero (button) folded before Flop (didn't bet)
Seat 3: 87957abf (small blind) collected ($0.1)
Seat 5: 5be5bbaa (big blind) folded before Flop
Seat 6: 1e52ba99 folded before Flop (didn't bet)


Poker Hand #HD1711971231: Hold'em No Limit ($0.02/$0.05) - 2024/04/02 10:27:55
Table 'NLHBlue3' 6-max Seat #6 is the button
Seat 2: Hero ($5 in chips)
Seat 3: 87957abf ($5 in chips)
Seat 4: b8750ea4 ($5.44 in chips)
Seat 5: 5be5bbaa ($2.77 in chips)
Seat 6: 1e52ba99 ($7.02 in chips)
Hero: posts small blind $0.02
87957abf: posts big blind $0.05
*** HOLE CARDS ***
Dealt to Hero [Ks Ts]
Dealt to 87957abf 
Dealt to b8750ea4 
Dealt to 5be5bbaa 
Dealt to 1e52ba99 
b8750ea4: folds
5be5bbaa: folds
1e52ba99: folds
Hero: folds
Uncalled bet ($0.03) returned to 87957abf
*** SHOWDOWN ***
87957abf collected $0.04 from pot
*** SUMMARY ***
Total pot $0.04 | Rake $0 | Jackpot $0 | Bingo $0 | Fortune $0 | Tax $0
Seat 2: Hero (small blind) folded before Flop
Seat 3: 87957abf (big blind) collected ($0.04)
Seat 4: b8750ea4 folded before Flop (didn't bet)
Seat 5: 5be5bbaa folded before Flop (didn't bet)
Seat 6: 1e52ba99 (button) folded before Flop (didn't bet)


Poker Hand #HD1711971214: Hold'em No Limit ($0.02/$0.05) - 2024/04/02 10:27:46
Table 'NLHBlue3' 6-max Seat #5 is the button
Seat 2: Hero ($5 in chips)
Seat 4: b8750ea4 ($5.37 in chips)
Seat 5: 5be5bbaa ($2.77 in chips)
Seat 6: 1e52ba99 ($7.04 in chips)
1e52ba99: posts small blind $0.02
Hero: posts big blind $0.05
*** HOLE CARDS ***
Dealt to Hero [2s Td]
Dealt to b8750ea4 
Dealt to 5be5bbaa 
Dealt to 1e52ba99 
b8750ea4: raises $0.06 to $0.11
5be5bbaa: folds
1e52ba99: folds
Hero: folds
Uncalled bet ($0.06) returned to b8750ea4
*** SHOWDOWN ***
b8750ea4 collected $0.12 from pot
*** SUMMARY ***
Total pot $0.12 | Rake $0 | Jackpot $0 | Bingo $0 | Fortune $0 | Tax $0
Seat 2: Hero (big blind) folded before Flop
Seat 4: b8750ea4 collected ($0.12)
Seat 5: 5be5bbaa (button) folded before Flop (didn't bet)
Seat 6: 1e52ba99 (small blind) folded before Flop


Poker Hand #HD1711971148: Hold'em No Limit ($0.02/$0.05) - 2024/04/02 10:27:12
Table 'NLHBlue3' 6-max Seat #4 is the button
Seat 1: fdc78858 ($3.89 in chips)
Seat 2: Hero ($5 in chips)
Seat 4: b8750ea4 ($5.18 in chips)
Seat 5: 5be5bbaa ($2.79 in chips)
Seat 6: 1e52ba99 ($7.09 in chips)
5be5bbaa: posts small blind $0.02
1e52ba99: posts big blind $0.05
*** HOLE CARDS ***
Dealt to fdc78858 
Dealt to Hero [4c Ad]
Dealt to b8750ea4 
Dealt to 5be5bbaa 
Dealt to 1e52ba99 
fdc78858: folds
Hero: raises $0.08 to $0.13
b8750ea4: raises $0.22 to $0.35
5be5bbaa: folds
1e52ba99: folds
Hero: folds
Uncalled bet ($0.22) returned to b8750ea4
*** SHOWDOWN ***
b8750ea4 collected $0.32 from pot
*** SUMMARY ***
Total pot $0.33 | Rake $0.01 | Jackpot $0 | Bingo $0 | Fortune $0 | Tax $0
Seat 1: fdc78858 folded before Flop (didn't bet)
Seat 2: Hero folded before Flop
Seat 4: b8750ea4 (button) collected ($0.32)
Seat 5: 5be5bbaa (small blind) folded before Flop
Seat 6: 1e52ba99 (big blind) folded before Flop


Poker Hand #HD1711971077: Hold'em No Limit ($0.02/$0.05) - 2024/04/02 10:26:31
Table 'NLHBlue3' 6-max Seat #2 is the button
Seat 1: fdc78858 ($3.88 in chips)
Seat 2: Hero ($5 in chips)
Seat 4: b8750ea4 ($5.2 in chips)
Seat 5: 5be5bbaa ($2.78 in chips)
Seat 6: 1e52ba99 ($7.09 in chips)
b8750ea4: posts small blind $0.02
5be5bbaa: posts big blind $0.05
*** HOLE CARDS ***
Dealt to fdc78858 
Dealt to Hero [Qc 2s]
Dealt to b8750ea4 
Dealt to 5be5bbaa 
Dealt to 1e52ba99 
1e52ba99: folds
fdc78858: calls $0.05
Hero: folds
b8750ea4: folds
5be5bbaa: checks
*** FLOP *** [8h 9d Jc]
5be5bbaa: checks
fdc78858: checks
*** TURN *** [8h 9d Jc] [Ad]
5be5bbaa: checks
fdc78858: checks
*** RIVER *** [8h 9d Jc Ad] [6s]
5be5bbaa: checks
fdc78858: checks
5be5bbaa: shows [Ks 5s] (Ace-High)
fdc78858: shows [Kh 4h] (Ace-High)
*** SHOWDOWN ***
5be5bbaa collected $0.06 from pot
fdc78858 collected $0.06 from pot
*** SUMMARY ***
Total pot $0.12 | Rake $0 | Jackpot $0 | Bingo $0 | Fortune $0 | Tax $0
Board [8h 9d Jc Ad 6s]
Seat 1: fdc78858 showed [Kh 4h] and won ($0.06) with Ace-High
Seat 2: Hero (button) folded before Flop (didn't bet)
Seat 4: b8750ea4 (small blind) folded before Flop
Seat 5: 5be5bbaa (big blind) showed [Ks 5s] and won ($0.06) with Ace-High
Seat 6: 1e52ba99 folded before Flop (didn't bet)


Poker Hand #HD1711970934: Hold'em No Limit ($0.02/$0.05) - 2024/04/02 10:25:18
Table 'NLHBlue3' 6-max Seat #1 is the button
Seat 1: fdc78858 ($3.93 in chips)
Seat 2: Hero ($5.02 in chips)
Seat 4: b8750ea4 ($5.25 in chips)
Seat 5: 5be5bbaa ($2.66 in chips)
Seat 6: 1e52ba99 ($7.09 in chips)
Hero: posts small blind $0.02
b8750ea4: posts big blind $0.05
*** HOLE CARDS ***
Dealt to fdc78858 
Dealt to Hero [7h Qd]
Dealt to b8750ea4 
Dealt to 5be5bbaa 
Dealt to 1e52ba99 
5be5bbaa: calls $0.05
1e52ba99: folds
fdc78858: calls $0.05
Hero: folds
b8750ea4: checks
*** FLOP *** [3s 5s 2s]
b8750ea4: checks
5be5bbaa: checks
fdc78858: checks
*** TURN *** [3s 5s 2s] [6s]
b8750ea4: checks
5be5bbaa: checks
fdc78858: checks
*** RIVER *** [3s 5s 2s 6s] [6d]
b8750ea4: checks
5be5bbaa: checks
fdc78858: checks
b8750ea4: shows [Jh 8d] (Pair of Sixes)
5be5bbaa: shows [4c 4d] (Sixes-High Straight)
fdc78858: shows [7c Ad] (Pair of Sixes)
*** SHOWDOWN ***
5be5bbaa collected $0.17 from pot
*** SUMMARY ***
Total pot $0.17 | Rake $0 | Jackpot $0 | Bingo $0 | Fortune $0 | Tax $0
Board [3s 5s 2s 6s 6d]
Seat 1: fdc78858 (button) showed [7c Ad] and lost with Pair of Sixes
Seat 2: Hero (small blind) folded before Flop
Seat 4: b8750ea4 (big blind) showed [Jh 8d] and lost with Pair of Sixes
Seat 5: 5be5bbaa showed [4c 4d] and won ($0.17) with Sixes-High Straight
Seat 6: 1e52ba99 folded before Flop (didn't bet)


Poker Hand #HD1711970910: Hold'em No Limit ($0.02/$0.05) - 2024/04/02 10:25:02
Table 'NLHBlue3' 6-max Seat #6 is the button
Seat 1: fdc78858 ($3.95 in chips)
Seat 2: Hero ($5 in chips)
Seat 4: b8750ea4 ($5.25 in chips)
Seat 5: 5be5bbaa ($2.66 in chips)
Seat 6: 1e52ba99 ($7.09 in chips)
fdc78858: posts small blind $0.02
Hero: posts big blind $0.05
*** HOLE CARDS ***
Dealt to fdc78858 
Dealt to Hero [9s Qd]
Dealt to b8750ea4 
Dealt to 5be5bbaa 
Dealt to 1e52ba99 
b8750ea4: folds
5be5bbaa: folds
1e52ba99: folds
fdc78858: folds
Uncalled bet ($0.03) returned to Hero
*** SHOWDOWN ***
Hero collected $0.04 from pot
*** SUMMARY ***
Total pot $0.04 | Rake $0 | Jackpot $0 | Bingo $0 | Fortune $0 | Tax $0
Seat 1: fdc78858 (small blind) folded before Flop
Seat 2: Hero (big blind) collected ($0.04)
Seat 4: b8750ea4 folded before Flop (didn't bet)
Seat 5: 5be5bbaa folded before Flop (didn't bet)
Seat 6: 1e52ba99 (button) folded before Flop (didn't bet)


