Poker Hand #HD1852686635: Hold'em No Limit ($0.05/$0.1) - 2024/07/11 17:17:45
Table 'NLHRed91' 6-max Seat #6 is the button
Seat 1: 576ae64e ($10 in chips)
Seat 2: f6fac91e ($17.17 in chips)
Seat 3: e38526dc ($18.1 in chips)
Seat 4: 6ff398a4 ($17.59 in chips)
Seat 5: efbdf40c ($6.09 in chips)
Seat 6: Hero ($10 in chips)
576ae64e: posts small blind $0.05
f6fac91e: posts big blind $0.1
*** HOLE CARDS ***
Dealt to 576ae64e 
Dealt to f6fac91e 
Dealt to e38526dc 
Dealt to 6ff398a4 
Dealt to efbdf40c 
Dealt to Hero [9h 2d]
e38526dc: raises $0.1 to $0.2
6ff398a4: folds
efbdf40c: calls $0.2
Hero: folds
576ae64e: folds
f6fac91e: folds
*** FLOP *** [As 5c 8h]
e38526dc: checks
efbdf40c: checks
*** TURN *** [As 5c 8h] [Ad]
e38526dc: bets $0.42
efbdf40c: calls $0.42
*** RIVER *** [As 5c 8h Ad] [7c]
e38526dc: checks
efbdf40c: bets $1.05
e38526dc: folds
Uncalled bet ($1.05) returned to efbdf40c
*** SHOWDOWN ***
efbdf40c collected $1.32 from pot
*** SUMMARY ***
Total pot $1.39 | Rake $0.07 | Jackpot $0 | Bingo $0 | Fortune $0 | Tax $0
Board [As 5c 8h Ad 7c]
Seat 1: 576ae64e (small blind) folded before Flop
Seat 2: f6fac91e (big blind) folded before Flop
Seat 3: e38526dc folded on the River
Seat 4: 6ff398a4 folded before Flop (didn't bet)
Seat 5: efbdf40c won ($1.32)
Seat 6: Hero (button) folded before Flop (didn't bet)


Poker Hand #HD1852686557: Hold'em No Limit ($0.05/$0.1) - 2024/07/11 17:17:12
Table 'NLHRed91' 6-max Seat #5 is the button
Seat 1: 576ae64e ($10 in chips)
Seat 2: f6fac91e ($16.84 in chips)
Seat 3: e38526dc ($18.1 in chips)
Seat 4: 6ff398a4 ($17.59 in chips)
Seat 5: efbdf40c ($6.29 in chips)
Seat 6: Hero ($10.05 in chips)
Hero: posts small blind $0.05
576ae64e: posts big blind $0.1
*** HOLE CARDS ***
Dealt to 576ae64e 
Dealt to f6fac91e 
Dealt to e38526dc 
Dealt to 6ff398a4 
Dealt to efbdf40c 
Dealt to Hero [2c 6s]
f6fac91e: raises $0.1 to $0.2
e38526dc: folds
6ff398a4: folds
efbdf40c: calls $0.2
Hero: folds
576ae64e: folds
*** FLOP *** [Ah 9h 8s]
f6fac91e: bets $0.31
efbdf40c: folds
Uncalled bet ($0.31) returned to f6fac91e
*** SHOWDOWN ***
f6fac91e collected $0.53 from pot
*** SUMMARY ***
Total pot $0.55 | Rake $0.02 | Jackpot $0 | Bingo $0 | Fortune $0 | Tax $0
Board [Ah 9h 8s]
Seat 1: 576ae64e (big blind) folded before Flop
Seat 2: f6fac91e won ($0.53)
Seat 3: e38526dc folded before Flop (didn't bet)
Seat 4: 6ff398a4 folded before Flop (didn't bet)
Seat 5: efbdf40c (button) folded on the Flop
Seat 6: Hero (small blind) folded before Flop


Poker Hand #HD1852686447: Hold'em No Limit ($0.05/$0.1) - 2024/07/11 17:16:24
Table 'NLHRed91' 6-max Seat #4 is the button
Seat 1: 576ae64e ($10.43 in chips)
Seat 2: f6fac91e ($16.84 in chips)
Seat 3: e38526dc ($17.17 in chips)
Seat 4: 6ff398a4 ($17.59 in chips)
Seat 5: efbdf40c ($6.34 in chips)
Seat 6: Hero ($10.15 in chips)
efbdf40c: posts small blind $0.05
Hero: posts big blind $0.1
*** HOLE CARDS ***
Dealt to 576ae64e 
Dealt to f6fac91e 
Dealt to e38526dc 
Dealt to 6ff398a4 
Dealt to efbdf40c 
Dealt to Hero [2s 4d]
576ae64e: raises $0.2 to $0.3
f6fac91e: folds
e38526dc: calls $0.3
6ff398a4: folds
efbdf40c: folds
Hero: folds
*** FLOP *** [7d 6c 9h]
576ae64e: checks
e38526dc: bets $0.57
576ae64e: calls $0.57
*** TURN *** [7d 6c 9h] [Jh]
576ae64e: checks
e38526dc: bets $1
576ae64e: folds
Uncalled bet ($1) returned to e38526dc
*** SHOWDOWN ***
e38526dc collected $1.8 from pot
*** SUMMARY ***
Total pot $1.89 | Rake $0.09 | Jackpot $0 | Bingo $0 | Fortune $0 | Tax $0
Board [7d 6c 9h Jh]
Seat 1: 576ae64e folded on the Turn
Seat 2: f6fac91e folded before Flop (didn't bet)
Seat 3: e38526dc won ($1.8)
Seat 4: 6ff398a4 (button) folded before Flop (didn't bet)
Seat 5: efbdf40c (small blind) folded before Flop
Seat 6: Hero (big blind) folded before Flop


Poker Hand #HD1852686315: Hold'em No Limit ($0.05/$0.1) - 2024/07/11 17:15:22
Table 'NLHRed91' 6-max Seat #3 is the button
Seat 1: 576ae64e ($10.73 in chips)
Seat 2: f6fac91e ($15.63 in chips)
Seat 3: e38526dc ($18.04 in chips)
Seat 4: 6ff398a4 ($17.64 in chips)
Seat 5: efbdf40c ($6.44 in chips)
Seat 6: Hero ($10.15 in chips)
6ff398a4: posts small blind $0.05
efbdf40c: posts big blind $0.1
*** HOLE CARDS ***
Dealt to 576ae64e 
Dealt to f6fac91e 
Dealt to e38526dc 
Dealt to 6ff398a4 
Dealt to efbdf40c 
Dealt to Hero [Ks 2s]
Hero: folds
576ae64e: raises $0.2 to $0.3
f6fac91e: raises $0.57 to $0.87
e38526dc: calls $0.87
6ff398a4: folds
efbdf40c: folds
576ae64e: folds
*** FLOP *** [As 9h 7h]
f6fac91e: bets $0.73
e38526dc: folds
Uncalled bet ($0.73) returned to f6fac91e
*** SHOWDOWN ***
f6fac91e collected $2.08 from pot
*** SUMMARY ***
Total pot $2.19 | Rake $0.11 | Jackpot $0 | Bingo $0 | Fortune $0 | Tax $0
Board [As 9h 7h]
Seat 1: 576ae64e folded before Flop
Seat 2: f6fac91e won ($2.08)
Seat 3: e38526dc (button) folded on the Flop
Seat 4: 6ff398a4 (small blind) folded before Flop
Seat 5: efbdf40c (big blind) folded before Flop
Seat 6: Hero folded before Flop (didn't bet)


Poker Hand #HD1852686220: Hold'em No Limit ($0.05/$0.1) - 2024/07/11 17:14:38
Table 'NLHRed91' 6-max Seat #2 is the button
Seat 1: 576ae64e ($10.73 in chips)
Seat 2: f6fac91e ($15.63 in chips)
Seat 3: e38526dc ($18.09 in chips)
Seat 4: 6ff398a4 ($17.74 in chips)
Seat 5: efbdf40c ($6.3 in chips)
Seat 6: Hero ($10.15 in chips)
e38526dc: posts small blind $0.05
6ff398a4: posts big blind $0.1
*** HOLE CARDS ***
Dealt to 576ae64e 
Dealt to f6fac91e 
Dealt to e38526dc 
Dealt to 6ff398a4 
Dealt to efbdf40c 
Dealt to Hero [Qd Ts]
efbdf40c: calls $0.1
Hero: folds
576ae64e: folds
f6fac91e: folds
e38526dc: folds
6ff398a4: checks
*** FLOP *** [Ad 7h 2h]
6ff398a4: checks
efbdf40c: checks
*** TURN *** [Ad 7h 2h] [8c]
6ff398a4: checks
efbdf40c: checks
*** RIVER *** [Ad 7h 2h 8c] [4s]
6ff398a4: checks
efbdf40c: bets $0.13
6ff398a4: folds
Uncalled bet ($0.13) returned to efbdf40c
*** SHOWDOWN ***
efbdf40c collected $0.24 from pot
*** SUMMARY ***
Total pot $0.25 | Rake $0.01 | Jackpot $0 | Bingo $0 | Fortune $0 | Tax $0
Board [Ad 7h 2h 8c 4s]
Seat 1: 576ae64e folded before Flop (didn't bet)
Seat 2: f6fac91e (button) folded before Flop (didn't bet)
Seat 3: e38526dc (small blind) folded before Flop
Seat 4: 6ff398a4 (big blind) folded on the River
Seat 5: efbdf40c won ($0.24)
Seat 6: Hero folded before Flop (didn't bet)


Poker Hand #HD1852686147: Hold'em No Limit ($0.05/$0.1) - 2024/07/11 17:14:05
Table 'NLHRed91' 6-max Seat #1 is the button
Seat 1: 576ae64e ($10.73 in chips)
Seat 2: f6fac91e ($15.68 in chips)
Seat 3: e38526dc ($18.19 in chips)
Seat 4: 6ff398a4 ($17.74 in chips)
Seat 5: efbdf40c ($6.3 in chips)
Seat 6: Hero ($10 in chips)
f6fac91e: posts small blind $0.05
e38526dc: posts big blind $0.1
*** HOLE CARDS ***
Dealt to 576ae64e 
Dealt to f6fac91e 
Dealt to e38526dc 
Dealt to 6ff398a4 
Dealt to efbdf40c 
Dealt to Hero [Tc Jh]
6ff398a4: folds
efbdf40c: folds
Hero: raises $0.14 to $0.24
576ae64e: folds
f6fac91e: folds
e38526dc: folds
Uncalled bet ($0.14) returned to Hero
*** SHOWDOWN ***
Hero collected $0.25 from pot
*** SUMMARY ***
Total pot $0.25 | Rake $0 | Jackpot $0 | Bingo $0 | Fortune $0 | Tax $0
Seat 1: 576ae64e (button) folded before Flop (didn't bet)
Seat 2: f6fac91e (small blind) folded before Flop
Seat 3: e38526dc (big blind) folded before Flop
Seat 4: 6ff398a4 folded before Flop (didn't bet)
Seat 5: efbdf40c folded before Flop (didn't bet)
Seat 6: Hero collected ($0.25)


Poker Hand #HD1852686110: Hold'em No Limit ($0.05/$0.1) - 2024/07/11 17:13:47
Table 'NLHRed91' 6-max Seat #6 is the button
Seat 1: 576ae64e ($10.78 in chips)
Seat 2: f6fac91e ($15.63 in chips)
Seat 3: e38526dc ($18.19 in chips)
Seat 4: 6ff398a4 ($17.74 in chips)
Seat 5: efbdf40c ($6.3 in chips)
Seat 6: Hero ($10 in chips)
576ae64e: posts small blind $0.05
f6fac91e: posts big blind $0.1
*** HOLE CARDS ***
Dealt to 576ae64e 
Dealt to f6fac91e 
Dealt to e38526dc 
Dealt to 6ff398a4 
Dealt to efbdf40c 
Dealt to Hero [7c 2s]
e38526dc: folds
6ff398a4: folds
efbdf40c: folds
Hero: folds
576ae64e: folds
Uncalled bet ($0.05) returned to f6fac91e
*** SHOWDOWN ***
f6fac91e collected $0.1 from pot
*** SUMMARY ***
Total pot $0.1 | Rake $0 | Jackpot $0 | Bingo $0 | Fortune $0 | Tax $0
Seat 1: 576ae64e (small blind) folded before Flop
Seat 2: f6fac91e (big blind) collected ($0.1)
Seat 3: e38526dc folded before Flop (didn't bet)
Seat 4: 6ff398a4 folded before Flop (didn't bet)
Seat 5: efbdf40c folded before Flop (didn't bet)
Seat 6: Hero (button) folded before Flop (didn't bet)


Poker Hand #HD1852686065: Hold'em No Limit ($0.05/$0.1) - 2024/07/11 17:13:30
Table 'NLHRed91' 6-max Seat #5 is the button
Seat 1: 576ae64e ($10.88 in chips)
Seat 2: f6fac91e ($15.48 in chips)
Seat 3: e38526dc ($18.19 in chips)
Seat 4: 6ff398a4 ($17.74 in chips)
Seat 5: efbdf40c ($6.3 in chips)
Seat 6: Hero ($10 in chips)
Hero: posts small blind $0.05
576ae64e: posts big blind $0.1
*** HOLE CARDS ***
Dealt to 576ae64e 
Dealt to f6fac91e 
Dealt to e38526dc 
Dealt to 6ff398a4 
Dealt to efbdf40c 
Dealt to Hero [Jc 3h]
f6fac91e: raises $0.1 to $0.2
e38526dc: folds
6ff398a4: folds
efbdf40c: folds
Hero: folds
576ae64e: folds
Uncalled bet ($0.1) returned to f6fac91e
*** SHOWDOWN ***
f6fac91e collected $0.25 from pot
*** SUMMARY ***
Total pot $0.25 | Rake $0 | Jackpot $0 | Bingo $0 | Fortune $0 | Tax $0
Seat 1: 576ae64e (big blind) folded before Flop
Seat 2: f6fac91e collected ($0.25)
Seat 3: e38526dc folded before Flop (didn't bet)
Seat 4: 6ff398a4 folded before Flop (didn't bet)
Seat 5: efbdf40c (button) folded before Flop (didn't bet)
Seat 6: Hero (small blind) folded before Flop


Poker Hand #HD1852686032: Hold'em No Limit ($0.05/$0.1) - 2024/07/11 17:13:17
Table 'NLHRed91' 6-max Seat #4 is the button
Seat 1: 576ae64e ($10.88 in chips)
Seat 2: f6fac91e ($15.33 in chips)
Seat 4: 6ff398a4 ($17.74 in chips)
Seat 5: efbdf40c ($6.35 in chips)
Seat 6: Hero ($10 in chips)
efbdf40c: posts small blind $0.05
Hero: posts big blind $0.1
*** HOLE CARDS ***
Dealt to 576ae64e 
Dealt to f6fac91e 
Dealt to 6ff398a4 
Dealt to efbdf40c 
Dealt to Hero [2h Js]
576ae64e: folds
f6fac91e: raises $0.1 to $0.2
6ff398a4: folds
efbdf40c: folds
Hero: folds
Uncalled bet ($0.1) returned to f6fac91e
*** SHOWDOWN ***
f6fac91e collected $0.25 from pot
*** SUMMARY ***
Total pot $0.25 | Rake $0 | Jackpot $0 | Bingo $0 | Fortune $0 | Tax $0
Seat 1: 576ae64e folded before Flop (didn't bet)
Seat 2: f6fac91e collected ($0.25)
Seat 4: 6ff398a4 (button) folded before Flop (didn't bet)
Seat 5: efbdf40c (small blind) folded before Flop
Seat 6: Hero (big blind) folded before Flop


Poker Hand #HD1852685990: Hold'em No Limit ($0.05/$0.1) - 2024/07/11 17:12:58
Table 'NLHRed91' 6-max Seat #3 is the button
Seat 1: 576ae64e ($10.88 in chips)
Seat 2: f6fac91e ($15.33 in chips)
Seat 3: e38526dc ($18.19 in chips)
Seat 4: 6ff398a4 ($17.79 in chips)
Seat 5: efbdf40c ($6.3 in chips)
Seat 6: Hero ($10 in chips)
6ff398a4: posts small blind $0.05
efbdf40c: posts big blind $0.1
*** HOLE CARDS ***
Dealt to 576ae64e 
Dealt to f6fac91e 
Dealt to e38526dc 
Dealt to 6ff398a4 
Dealt to efbdf40c 
Dealt to Hero [Qd 8c]
Hero: folds
576ae64e: folds
f6fac91e: folds
e38526dc: folds
6ff398a4: folds
Uncalled bet ($0.05) returned to efbdf40c
*** SHOWDOWN ***
efbdf40c collected $0.1 from pot
*** SUMMARY ***
Total pot $0.1 | Rake $0 | Jackpot $0 | Bingo $0 | Fortune $0 | Tax $0
Seat 1: 576ae64e folded before Flop (didn't bet)
Seat 2: f6fac91e folded before Flop (didn't bet)
Seat 3: e38526dc (button) folded before Flop (didn't bet)
Seat 4: 6ff398a4 (small blind) folded before Flop
Seat 5: efbdf40c (big blind) collected ($0.1)
Seat 6: Hero folded before Flop (didn't bet)


Poker Hand #HD1852685935: Hold'em No Limit ($0.05/$0.1) - 2024/07/11 17:12:34
Table 'NLHRed91' 6-max Seat #2 is the button
Seat 1: 576ae64e ($10 in chips)
Seat 2: f6fac91e ($15.33 in chips)
Seat 3: e38526dc ($18.24 in chips)
Seat 4: 6ff398a4 ($17.89 in chips)
Seat 5: efbdf40c ($6.5 in chips)
Seat 6: Hero ($10 in chips)
e38526dc: posts small blind $0.05
6ff398a4: posts big blind $0.1
*** HOLE CARDS ***
Dealt to 576ae64e 
Dealt to f6fac91e 
Dealt to e38526dc 
Dealt to 6ff398a4 
Dealt to efbdf40c 
Dealt to Hero [Qc Jc]
efbdf40c: raises $0.1 to $0.2
Hero: raises $0.4 to $0.6
576ae64e: raises $1.2 to $1.8
f6fac91e: folds
e38526dc: folds
6ff398a4: folds
efbdf40c: folds
Hero: folds
Uncalled bet ($1.2) returned to 576ae64e
*** SHOWDOWN ***
576ae64e collected $1.48 from pot
*** SUMMARY ***
Total pot $1.55 | Rake $0.07 | Jackpot $0 | Bingo $0 | Fortune $0 | Tax $0
Seat 1: 576ae64e collected ($1.48)
Seat 2: f6fac91e (button) folded before Flop (didn't bet)
Seat 3: e38526dc (small blind) folded before Flop
Seat 4: 6ff398a4 (big blind) folded before Flop
Seat 5: efbdf40c folded before Flop
Seat 6: Hero folded before Flop


Poker Hand #HD1852685847: Hold'em No Limit ($0.05/$0.1) - 2024/07/11 17:11:50
Table 'NLHRed91' 6-max Seat #1 is the button
Seat 1: 576ae64e ($10 in chips)
Seat 2: f6fac91e ($18.75 in chips)
Seat 3: e38526dc ($18.34 in chips)
Seat 4: 6ff398a4 ($17.89 in chips)
Seat 5: efbdf40c ($3.42 in chips)
Seat 6: Hero ($10 in chips)
f6fac91e: posts small blind $0.05
e38526dc: posts big blind $0.1
*** HOLE CARDS ***
Dealt to 576ae64e 
Dealt to f6fac91e 
Dealt to e38526dc 
Dealt to 6ff398a4 
Dealt to efbdf40c 
Dealt to Hero [6s 3h]
6ff398a4: folds
efbdf40c: raises $0.1 to $0.2
Hero: folds
576ae64e: folds
f6fac91e: raises $0.6 to $0.8
e38526dc: folds
efbdf40c: calls $0.6
*** FLOP *** [7d 9d 5h]
f6fac91e: bets $0.57
efbdf40c: raises $2.05 to $2.62 and is all-in
f6fac91e: calls $2.05
efbdf40c: shows [9h 6h] (Pair of Nines)
f6fac91e: shows [Ks 7s] (Pair of Sevens)
*** TURN *** [7d 9d 5h] [4s]
*** RIVER *** [7d 9d 5h 4s] [6c]
*** SHOWDOWN ***
efbdf40c collected $6.5 from pot
*** SUMMARY ***
Total pot $6.94 | Rake $0.34 | Jackpot $0.1 | Bingo $0 | Fortune $0 | Tax $0
Board [7d 9d 5h 4s 6c]
Seat 1: 576ae64e (button) folded before Flop (didn't bet)
Seat 2: f6fac91e (small blind) showed [Ks 7s] and lost with Pair of Sevens
Seat 3: e38526dc (big blind) folded before Flop
Seat 4: 6ff398a4 folded before Flop (didn't bet)
Seat 5: efbdf40c showed [9h 6h] and won ($6.5) with Pair of Nines and Pair of Sixes
Seat 6: Hero folded before Flop (didn't bet)


Poker Hand #HD1852685738: Hold'em No Limit ($0.05/$0.1) - 2024/07/11 17:10:57
Table 'NLHRed91' 6-max Seat #6 is the button
Seat 1: 576ae64e ($10 in chips)
Seat 2: f6fac91e ($18.85 in chips)
Seat 3: e38526dc ($11.3 in chips)
Seat 4: 6ff398a4 ($17.89 in chips)
Seat 5: efbdf40c ($11.19 in chips)
Seat 6: Hero ($10 in chips)
576ae64e: posts small blind $0.05
f6fac91e: posts big blind $0.1
*** HOLE CARDS ***
Dealt to 576ae64e 
Dealt to f6fac91e 
Dealt to e38526dc 
Dealt to 6ff398a4 
Dealt to efbdf40c 
Dealt to Hero [7c 6d]
e38526dc: raises $0.2 to $0.3
6ff398a4: folds
efbdf40c: calls $0.3
Hero: folds
576ae64e: folds
f6fac91e: folds
*** FLOP *** [Ks Qc Ah]
e38526dc: checks
efbdf40c: bets $0.25
e38526dc: raises $0.42 to $0.67
efbdf40c: calls $0.42
*** TURN *** [Ks Qc Ah] [3s]
e38526dc: bets $1.57
efbdf40c: calls $1.57
*** RIVER *** [Ks Qc Ah 3s] [Ts]
e38526dc: bets $5.23
efbdf40c: calls $5.23
e38526dc: shows [Th Jc] (Aces-High Straight)
efbdf40c: shows [Kh 3h] (Pair of Kings and Pair of Treys)
*** SHOWDOWN ***
e38526dc collected $14.81 from pot
*** SUMMARY ***
Total pot $15.69 | Rake $0.78 | Jackpot $0.1 | Bingo $0 | Fortune $0 | Tax $0
Board [Ks Qc Ah 3s Ts]
Seat 1: 576ae64e (small blind) folded before Flop
Seat 2: f6fac91e (big blind) folded before Flop
Seat 3: e38526dc showed [Th Jc] and won ($14.81) with Aces-High Straight
Seat 4: 6ff398a4 folded before Flop (didn't bet)
Seat 5: efbdf40c showed [Kh 3h] and lost with Pair of Kings and Pair of Treys
Seat 6: Hero (button) folded before Flop (didn't bet)


Poker Hand #HD1852685673: Hold'em No Limit ($0.05/$0.1) - 2024/07/11 17:10:26
Table 'NLHRed91' 6-max Seat #5 is the button
Seat 1: 576ae64e ($10 in chips)
Seat 2: f6fac91e ($18.85 in chips)
Seat 3: e38526dc ($11.3 in chips)
Seat 4: 6ff398a4 ($17.89 in chips)
Seat 5: efbdf40c ($11.04 in chips)
Seat 6: Hero ($10 in chips)
Hero: posts small blind $0.05
576ae64e: posts big blind $0.1
*** HOLE CARDS ***
Dealt to 576ae64e 
Dealt to f6fac91e 
Dealt to e38526dc 
Dealt to 6ff398a4 
Dealt to efbdf40c 
Dealt to Hero [3c 7s]
f6fac91e: folds
e38526dc: folds
6ff398a4: folds
efbdf40c: raises $0.1 to $0.2
Hero: folds
576ae64e: folds
Uncalled bet ($0.1) returned to efbdf40c
*** SHOWDOWN ***
efbdf40c collected $0.25 from pot
*** SUMMARY ***
Total pot $0.25 | Rake $0 | Jackpot $0 | Bingo $0 | Fortune $0 | Tax $0
Seat 1: 576ae64e (big blind) folded before Flop
Seat 2: f6fac91e folded before Flop (didn't bet)
Seat 3: e38526dc folded before Flop (didn't bet)
Seat 4: 6ff398a4 folded before Flop (didn't bet)
Seat 5: efbdf40c (button) collected ($0.25)
Seat 6: Hero (small blind) folded before Flop


Poker Hand #HD1852605623: Hold'em No Limit ($0.05/$0.1) - 2024/07/11 17:10:06
Table 'NLHRed91' 6-max Seat #4 is the button
Seat 1: 576ae64e ($10 in chips)
Seat 2: f6fac91e ($18.85 in chips)
Seat 3: e38526dc ($11.3 in chips)
Seat 4: 6ff398a4 ($17.89 in chips)
Seat 5: efbdf40c ($10.94 in chips)
Seat 6: Hero ($10 in chips)
efbdf40c: posts small blind $0.05
Hero: posts big blind $0.1
*** HOLE CARDS ***
Dealt to 576ae64e 
Dealt to f6fac91e 
Dealt to e38526dc 
Dealt to 6ff398a4 
Dealt to efbdf40c 
Dealt to Hero [2s Jc]
576ae64e: folds
f6fac91e: folds
e38526dc: folds
6ff398a4: folds
efbdf40c: raises $0.1 to $0.2
Hero: folds
Uncalled bet ($0.1) returned to efbdf40c
*** SHOWDOWN ***
efbdf40c collected $0.2 from pot
*** SUMMARY ***
Total pot $0.2 | Rake $0 | Jackpot $0 | Bingo $0 | Fortune $0 | Tax $0
Seat 1: 576ae64e folded before Flop (didn't bet)
Seat 2: f6fac91e folded before Flop (didn't bet)
Seat 3: e38526dc folded before Flop (didn't bet)
Seat 4: 6ff398a4 (button) folded before Flop (didn't bet)
Seat 5: efbdf40c (small blind) collected ($0.2)
Seat 6: Hero (big blind) folded before Flop


Poker Hand #HD1852605478: Hold'em No Limit ($0.05/$0.1) - 2024/07/11 17:08:58
Table 'NLHRed91' 6-max Seat #3 is the button
Seat 1: 576ae64e ($10 in chips)
Seat 2: f6fac91e ($18.85 in chips)
Seat 3: e38526dc ($8.32 in chips)
Seat 4: 6ff398a4 ($17.94 in chips)
Seat 5: efbdf40c ($14.09 in chips)
Seat 6: Hero ($10 in chips)
6ff398a4: posts small blind $0.05
efbdf40c: posts big blind $0.1
*** HOLE CARDS ***
Dealt to 576ae64e 
Dealt to f6fac91e 
Dealt to e38526dc 
Dealt to 6ff398a4 
Dealt to efbdf40c 
Dealt to Hero [7h 7c]
Hero: raises $0.1 to $0.2
576ae64e: folds
f6fac91e: folds
e38526dc: calls $0.2
6ff398a4: folds
efbdf40c: calls $0.1
*** FLOP *** [5h 4d Ad]
efbdf40c: bets $0.49
Hero: folds
e38526dc: calls $0.49
*** TURN *** [5h 4d Ad] [3s]
efbdf40c: bets $0.82
e38526dc: calls $0.82
*** RIVER *** [5h 4d Ad 3s] [Jd]
efbdf40c: bets $1.64
e38526dc: raises $5.17 to $6.81 and is all-in
efbdf40c: folds
Uncalled bet ($5.17) returned to e38526dc
*** SHOWDOWN ***
e38526dc collected $6.13 from pot
*** SUMMARY ***
Total pot $6.55 | Rake $0.32 | Jackpot $0.1 | Bingo $0 | Fortune $0 | Tax $0
Board [5h 4d Ad 3s Jd]
Seat 1: 576ae64e folded before Flop (didn't bet)
Seat 2: f6fac91e folded before Flop (didn't bet)
Seat 3: e38526dc (button) won ($6.13)
Seat 4: 6ff398a4 (small blind) folded before Flop
Seat 5: efbdf40c (big blind) folded on the River
Seat 6: Hero folded on the Flop


Poker Hand #HD1852605407: Hold'em No Limit ($0.05/$0.1) - 2024/07/11 17:08:20
Table 'NLHRed91' 6-max Seat #2 is the button
Seat 1: 576ae64e ($10 in chips)
Seat 2: f6fac91e ($19.89 in chips)
Seat 3: e38526dc ($8.37 in chips)
Seat 4: 6ff398a4 ($18.04 in chips)
Seat 5: efbdf40c ($13.01 in chips)
Seat 6: Hero ($10 in chips)
e38526dc: posts small blind $0.05
6ff398a4: posts big blind $0.1
*** HOLE CARDS ***
Dealt to 576ae64e 
Dealt to f6fac91e 
Dealt to e38526dc 
Dealt to 6ff398a4 
Dealt to efbdf40c 
Dealt to Hero [Qd 4h]
efbdf40c: calls $0.1
Hero: folds
576ae64e: folds
f6fac91e: raises $0.27 to $0.37
e38526dc: folds
6ff398a4: folds
efbdf40c: calls $0.27
*** FLOP *** [Ad 7d 3d]
efbdf40c: bets $0.67
f6fac91e: calls $0.67
*** TURN *** [Ad 7d 3d] [9c]
efbdf40c: bets $2.23
f6fac91e: folds
Uncalled bet ($2.23) returned to efbdf40c
*** SHOWDOWN ***
efbdf40c collected $2.12 from pot
*** SUMMARY ***
Total pot $2.23 | Rake $0.11 | Jackpot $0 | Bingo $0 | Fortune $0 | Tax $0
Board [Ad 7d 3d 9c]
Seat 1: 576ae64e folded before Flop (didn't bet)
Seat 2: f6fac91e (button) folded on the Turn
Seat 3: e38526dc (small blind) folded before Flop
Seat 4: 6ff398a4 (big blind) folded before Flop
Seat 5: efbdf40c won ($2.12)
Seat 6: Hero folded before Flop (didn't bet)


Poker Hand #HD1852605303: Hold'em No Limit ($0.05/$0.1) - 2024/07/11 17:07:31
Table 'NLHRed91' 6-max Seat #1 is the button
Seat 1: 576ae64e ($10 in chips)
Seat 2: f6fac91e ($19.94 in chips)
Seat 3: e38526dc ($8.57 in chips)
Seat 4: 6ff398a4 ($17.62 in chips)
Seat 5: efbdf40c ($13.21 in chips)
Seat 6: Hero ($10 in chips)
f6fac91e: posts small blind $0.05
e38526dc: posts big blind $0.1
*** HOLE CARDS ***
Dealt to 576ae64e 
Dealt to f6fac91e 
Dealt to e38526dc 
Dealt to 6ff398a4 
Dealt to efbdf40c 
Dealt to Hero [6d Jd]
6ff398a4: raises $0.1 to $0.2
efbdf40c: calls $0.2
Hero: folds
576ae64e: folds
f6fac91e: folds
e38526dc: calls $0.1
*** FLOP *** [4h 4d Ah]
e38526dc: checks
6ff398a4: checks
efbdf40c: checks
*** TURN *** [4h 4d Ah] [5d]
e38526dc: checks
6ff398a4: checks
efbdf40c: checks
*** RIVER *** [4h 4d Ah 5d] [Ad]
e38526dc: checks
6ff398a4: bets $0.33
efbdf40c: folds
e38526dc: folds
Uncalled bet ($0.33) returned to 6ff398a4
*** SHOWDOWN ***
6ff398a4 collected $0.62 from pot
*** SUMMARY ***
Total pot $0.65 | Rake $0.03 | Jackpot $0 | Bingo $0 | Fortune $0 | Tax $0
Board [4h 4d Ah 5d Ad]
Seat 1: 576ae64e (button) folded before Flop (didn't bet)
Seat 2: f6fac91e (small blind) folded before Flop
Seat 3: e38526dc (big blind) folded on the River
Seat 4: 6ff398a4 won ($0.62)
Seat 5: efbdf40c folded on the River
Seat 6: Hero folded before Flop (didn't bet)


Poker Hand #HD1852605131: Hold'em No Limit ($0.05/$0.1) - 2024/07/11 17:06:12
Table 'NLHRed91' 6-max Seat #6 is the button
Seat 1: 576ae64e ($10 in chips)
Seat 2: f6fac91e ($23.71 in chips)
Seat 3: e38526dc ($3.07 in chips)
Seat 4: 6ff398a4 ($17.62 in chips)
Seat 5: efbdf40c ($9.86 in chips)
Seat 6: Hero ($10 in chips)
576ae64e: posts small blind $0.05
f6fac91e: posts big blind $0.1
*** HOLE CARDS ***
Dealt to 576ae64e 
Dealt to f6fac91e 
Dealt to e38526dc 
Dealt to 6ff398a4 
Dealt to efbdf40c 
Dealt to Hero [Js Td]
e38526dc: folds
6ff398a4: folds
efbdf40c: calls $0.1
Hero: folds
576ae64e: folds
f6fac91e: checks
*** FLOP *** [Qs 9c 3s]
f6fac91e: bets $0.14
efbdf40c: calls $0.14
*** TURN *** [Qs 9c 3s] [4h]
f6fac91e: bets $1
efbdf40c: calls $1
*** RIVER *** [Qs 9c 3s 4h] [2s]
f6fac91e: checks
efbdf40c: bets $2.53
f6fac91e: calls $2.53
efbdf40c: shows [Ks 7s] (King High Flush)
f6fac91e: shows [3d 4c] (Pair of Fours and Pair of Treys)
*** SHOWDOWN ***
efbdf40c collected $7.12 from pot
*** SUMMARY ***
Total pot $7.59 | Rake $0.37 | Jackpot $0.1 | Bingo $0 | Fortune $0 | Tax $0
Board [Qs 9c 3s 4h 2s]
Seat 1: 576ae64e (small blind) folded before Flop
Seat 2: f6fac91e (big blind) showed [3d 4c] and lost with Pair of Fours and Pair of Treys
Seat 3: e38526dc folded before Flop (didn't bet)
Seat 4: 6ff398a4 folded before Flop (didn't bet)
Seat 5: efbdf40c showed [Ks 7s] and won ($7.12) with King High Flush
Seat 6: Hero (button) folded before Flop (didn't bet)


Poker Hand #HD1852605062: Hold'em No Limit ($0.05/$0.1) - 2024/07/11 17:05:41
Table 'NLHRed91' 6-max Seat #5 is the button
Seat 1: 576ae64e ($10 in chips)
Seat 2: f6fac91e ($23.71 in chips)
Seat 3: e38526dc ($2.74 in chips)
Seat 4: 6ff398a4 ($17.62 in chips)
Seat 5: efbdf40c ($10.06 in chips)
Seat 6: Hero ($10 in chips)
Hero: posts small blind $0.05
576ae64e: posts big blind $0.1
*** HOLE CARDS ***
Dealt to 576ae64e 
Dealt to f6fac91e 
Dealt to e38526dc 
Dealt to 6ff398a4 
Dealt to efbdf40c 
Dealt to Hero [7d 5c]
f6fac91e: folds
e38526dc: raises $0.1 to $0.2
6ff398a4: folds
efbdf40c: calls $0.2
Hero: folds
576ae64e: folds
*** FLOP *** [5d 6d Jc]
e38526dc: checks
efbdf40c: checks
*** TURN *** [5d 6d Jc] [3h]
e38526dc: bets $0.28
efbdf40c: folds
Uncalled bet ($0.28) returned to e38526dc
*** SHOWDOWN ***
e38526dc collected $0.53 from pot
*** SUMMARY ***
Total pot $0.55 | Rake $0.02 | Jackpot $0 | Bingo $0 | Fortune $0 | Tax $0
Board [5d 6d Jc 3h]
Seat 1: 576ae64e (big blind) folded before Flop
Seat 2: f6fac91e folded before Flop (didn't bet)
Seat 3: e38526dc won ($0.53)
Seat 4: 6ff398a4 folded before Flop (didn't bet)
Seat 5: efbdf40c (button) folded on the Turn
Seat 6: Hero (small blind) folded before Flop


Poker Hand #HD1852605034: Hold'em No Limit ($0.05/$0.1) - 2024/07/11 17:05:28
Table 'NLHRed91' 6-max Seat #4 is the button
Seat 1: c4771fe2 ($11.19 in chips)
Seat 2: f6fac91e ($23.71 in chips)
Seat 3: e38526dc ($2.74 in chips)
Seat 4: 6ff398a4 ($17.62 in chips)
Seat 5: efbdf40c ($9.96 in chips)
Seat 6: Hero ($10 in chips)
efbdf40c: posts small blind $0.05
Hero: posts big blind $0.1
*** HOLE CARDS ***
Dealt to c4771fe2 
Dealt to f6fac91e 
Dealt to e38526dc 
Dealt to 6ff398a4 
Dealt to efbdf40c 
Dealt to Hero [Qh 4c]
c4771fe2: folds
f6fac91e: folds
e38526dc: folds
6ff398a4: folds
efbdf40c: raises $0.1 to $0.2
Hero: folds
Uncalled bet ($0.1) returned to efbdf40c
*** SHOWDOWN ***
efbdf40c collected $0.2 from pot
*** SUMMARY ***
Total pot $0.2 | Rake $0 | Jackpot $0 | Bingo $0 | Fortune $0 | Tax $0
Seat 1: c4771fe2 folded before Flop (didn't bet)
Seat 2: f6fac91e folded before Flop (didn't bet)
Seat 3: e38526dc folded before Flop (didn't bet)
Seat 4: 6ff398a4 (button) folded before Flop (didn't bet)
Seat 5: efbdf40c (small blind) collected ($0.2)
Seat 6: Hero (big blind) folded before Flop


Poker Hand #HD1852605007: Hold'em No Limit ($0.05/$0.1) - 2024/07/11 17:05:17
Table 'NLHRed91' 6-max Seat #3 is the button
Seat 1: c4771fe2 ($11.19 in chips)
Seat 2: f6fac91e ($23.71 in chips)
Seat 3: e38526dc ($2.59 in chips)
Seat 4: 6ff398a4 ($17.67 in chips)
Seat 5: efbdf40c ($10.06 in chips)
Seat 6: Hero ($10 in chips)
6ff398a4: posts small blind $0.05
efbdf40c: posts big blind $0.1
*** HOLE CARDS ***
Dealt to c4771fe2 
Dealt to f6fac91e 
Dealt to e38526dc 
Dealt to 6ff398a4 
Dealt to efbdf40c 
Dealt to Hero [6c 7s]
Hero: folds
c4771fe2: folds
f6fac91e: folds
e38526dc: raises $0.2 to $0.3
6ff398a4: folds
efbdf40c: folds
Uncalled bet ($0.2) returned to e38526dc
*** SHOWDOWN ***
e38526dc collected $0.25 from pot
*** SUMMARY ***
Total pot $0.25 | Rake $0 | Jackpot $0 | Bingo $0 | Fortune $0 | Tax $0
Seat 1: c4771fe2 folded before Flop (didn't bet)
Seat 2: f6fac91e folded before Flop (didn't bet)
Seat 3: e38526dc (button) collected ($0.25)
Seat 4: 6ff398a4 (small blind) folded before Flop
Seat 5: efbdf40c (big blind) folded before Flop
Seat 6: Hero folded before Flop (didn't bet)


Poker Hand #HD1852604947: Hold'em No Limit ($0.05/$0.1) - 2024/07/11 17:04:51
Table 'NLHRed91' 6-max Seat #2 is the button
Seat 1: c4771fe2 ($11.19 in chips)
Seat 2: f6fac91e ($23.71 in chips)
Seat 3: e38526dc ($3.44 in chips)
Seat 4: 6ff398a4 ($17.77 in chips)
Seat 5: efbdf40c ($9.2 in chips)
Seat 6: Hero ($10 in chips)
e38526dc: posts small blind $0.05
6ff398a4: posts big blind $0.1
*** HOLE CARDS ***
Dealt to c4771fe2 
Dealt to f6fac91e 
Dealt to e38526dc 
Dealt to 6ff398a4 
Dealt to efbdf40c 
Dealt to Hero [9c 7s]
efbdf40c: calls $0.1
Hero: folds
c4771fe2: folds
f6fac91e: folds
e38526dc: raises $0.3 to $0.4
6ff398a4: folds
efbdf40c: calls $0.3
*** FLOP *** [7h Ts 5s]
e38526dc: checks
efbdf40c: bets $0.45
e38526dc: calls $0.45
*** TURN *** [7h Ts 5s] [5d]
e38526dc: checks
efbdf40c: bets $1.35
e38526dc: folds
Uncalled bet ($1.35) returned to efbdf40c
*** SHOWDOWN ***
efbdf40c collected $1.71 from pot
*** SUMMARY ***
Total pot $1.8 | Rake $0.09 | Jackpot $0 | Bingo $0 | Fortune $0 | Tax $0
Board [7h Ts 5s 5d]
Seat 1: c4771fe2 folded before Flop (didn't bet)
Seat 2: f6fac91e (button) folded before Flop (didn't bet)
Seat 3: e38526dc (small blind) folded on the Turn
Seat 4: 6ff398a4 (big blind) folded before Flop
Seat 5: efbdf40c won ($1.71)
Seat 6: Hero folded before Flop (didn't bet)


Poker Hand #HD1852604871: Hold'em No Limit ($0.05/$0.1) - 2024/07/11 17:04:17
Table 'NLHRed91' 6-max Seat #1 is the button
Seat 1: c4771fe2 ($11.29 in chips)
Seat 2: f6fac91e ($23.2 in chips)
Seat 3: e38526dc ($3.9 in chips)
Seat 4: 6ff398a4 ($17.77 in chips)
Seat 5: efbdf40c ($9.2 in chips)
Seat 6: Hero ($10 in chips)
f6fac91e: posts small blind $0.05
e38526dc: posts big blind $0.1
*** HOLE CARDS ***
Dealt to c4771fe2 
Dealt to f6fac91e 
Dealt to e38526dc 
Dealt to 6ff398a4 
Dealt to efbdf40c 
Dealt to Hero [7d Qh]
6ff398a4: folds
efbdf40c: folds
Hero: folds
c4771fe2: calls $0.1
f6fac91e: raises $0.36 to $0.46
e38526dc: calls $0.36
c4771fe2: folds
*** FLOP *** [4h 5c Ad]
f6fac91e: bets $0.34
e38526dc: folds
Uncalled bet ($0.34) returned to f6fac91e
*** SHOWDOWN ***
f6fac91e collected $0.97 from pot
*** SUMMARY ***
Total pot $1.02 | Rake $0.05 | Jackpot $0 | Bingo $0 | Fortune $0 | Tax $0
Board [4h 5c Ad]
Seat 1: c4771fe2 (button) folded before Flop
Seat 2: f6fac91e (small blind) won ($0.97)
Seat 3: e38526dc (big blind) folded on the Flop
Seat 4: 6ff398a4 folded before Flop (didn't bet)
Seat 5: efbdf40c folded before Flop (didn't bet)
Seat 6: Hero folded before Flop (didn't bet)


Poker Hand #HD1852604821: Hold'em No Limit ($0.05/$0.1) - 2024/07/11 17:03:52
Table 'NLHRed91' 6-max Seat #6 is the button
Seat 1: c4771fe2 ($11.49 in chips)
Seat 2: f6fac91e ($23.3 in chips)
Seat 3: e38526dc ($3.9 in chips)
Seat 4: 6ff398a4 ($17.77 in chips)
Seat 5: efbdf40c ($8.92 in chips)
Seat 6: Hero ($10 in chips)
c4771fe2: posts small blind $0.05
f6fac91e: posts big blind $0.1
*** HOLE CARDS ***
Dealt to c4771fe2 
Dealt to f6fac91e 
Dealt to e38526dc 
Dealt to 6ff398a4 
Dealt to efbdf40c 
Dealt to Hero [As 9c]
e38526dc: folds
6ff398a4: folds
efbdf40c: raises $0.1 to $0.2
Hero: folds
c4771fe2: calls $0.15
f6fac91e: folds
*** FLOP *** [Js Ac 6h]
c4771fe2: checks
efbdf40c: checks
*** TURN *** [Js Ac 6h] [5h]
c4771fe2: checks
efbdf40c: bets $0.38
c4771fe2: folds
Uncalled bet ($0.38) returned to efbdf40c
*** SHOWDOWN ***
efbdf40c collected $0.48 from pot
*** SUMMARY ***
Total pot $0.5 | Rake $0.02 | Jackpot $0 | Bingo $0 | Fortune $0 | Tax $0
Board [Js Ac 6h 5h]
Seat 1: c4771fe2 (small blind) folded on the Turn
Seat 2: f6fac91e (big blind) folded before Flop
Seat 3: e38526dc folded before Flop (didn't bet)
Seat 4: 6ff398a4 folded before Flop (didn't bet)
Seat 5: efbdf40c won ($0.48)
Seat 6: Hero (button) folded before Flop (didn't bet)


Poker Hand #HD1852604710: Hold'em No Limit ($0.05/$0.1) - 2024/07/11 17:02:59
Table 'NLHRed91' 6-max Seat #5 is the button
Seat 1: c4771fe2 ($11.69 in chips)
Seat 2: f6fac91e ($20.46 in chips)
Seat 3: e38526dc ($3.9 in chips)
Seat 4: 6ff398a4 ($17.77 in chips)
Seat 5: efbdf40c ($11.91 in chips)
Seat 6: Hero ($10.04 in chips)
Hero: posts small blind $0.05
c4771fe2: posts big blind $0.1
*** HOLE CARDS ***
Dealt to c4771fe2 
Dealt to f6fac91e 
Dealt to e38526dc 
Dealt to 6ff398a4 
Dealt to efbdf40c 
Dealt to Hero [2c Jc]
f6fac91e: raises $0.1 to $0.2
e38526dc: folds
6ff398a4: folds
efbdf40c: calls $0.2
Hero: folds
c4771fe2: calls $0.1
*** FLOP *** [Kh 6s Qd]
c4771fe2: checks
f6fac91e: checks
efbdf40c: bets $0.49
c4771fe2: folds
f6fac91e: calls $0.49
*** TURN *** [Kh 6s Qd] [Ad]
f6fac91e: checks
efbdf40c: checks
*** RIVER *** [Kh 6s Qd Ad] [9h]
f6fac91e: bets $2.3
efbdf40c: calls $2.3
f6fac91e: shows [4h Ah] (Pair of Aces)
efbdf40c: shows [Kd 5d] (Pair of Kings)
*** SHOWDOWN ***
f6fac91e collected $5.83 from pot
*** SUMMARY ***
Total pot $6.23 | Rake $0.3 | Jackpot $0.1 | Bingo $0 | Fortune $0 | Tax $0
Board [Kh 6s Qd Ad 9h]
Seat 1: c4771fe2 (big blind) folded on the Flop
Seat 2: f6fac91e showed [4h Ah] and won ($5.83) with Pair of Aces
Seat 3: e38526dc folded before Flop (didn't bet)
Seat 4: 6ff398a4 folded before Flop (didn't bet)
Seat 5: efbdf40c (button) showed [Kd 5d] and lost with Pair of Kings
Seat 6: Hero (small blind) folded before Flop


Poker Hand #HD1852604673: Hold'em No Limit ($0.05/$0.1) - 2024/07/11 17:02:38
Table 'NLHRed91' 6-max Seat #4 is the button
Seat 1: c4771fe2 ($11.69 in chips)
Seat 2: f6fac91e ($20.46 in chips)
Seat 3: e38526dc ($3.9 in chips)
Seat 4: 6ff398a4 ($17.77 in chips)
Seat 5: efbdf40c ($11.55 in chips)
Seat 6: Hero ($10.44 in chips)
efbdf40c: posts small blind $0.05
Hero: posts big blind $0.1
*** HOLE CARDS ***
Dealt to c4771fe2 
Dealt to f6fac91e 
Dealt to e38526dc 
Dealt to 6ff398a4 
Dealt to efbdf40c 
Dealt to Hero [Ks Ad]
c4771fe2: folds
f6fac91e: folds
e38526dc: folds
6ff398a4: folds
efbdf40c: calls $0.05
Hero: raises $0.3 to $0.4
efbdf40c: calls $0.3
*** FLOP *** [3h 5d 9h]
efbdf40c: bets $0.8
Hero: folds
Uncalled bet ($0.8) returned to efbdf40c
*** SHOWDOWN ***
efbdf40c collected $0.76 from pot
*** SUMMARY ***
Total pot $0.8 | Rake $0.04 | Jackpot $0 | Bingo $0 | Fortune $0 | Tax $0
Board [3h 5d 9h]
Seat 1: c4771fe2 folded before Flop (didn't bet)
Seat 2: f6fac91e folded before Flop (didn't bet)
Seat 3: e38526dc folded before Flop (didn't bet)
Seat 4: 6ff398a4 (button) folded before Flop (didn't bet)
Seat 5: efbdf40c (small blind) won ($0.76)
Seat 6: Hero (big blind) folded on the Flop


Poker Hand #HD1852604595: Hold'em No Limit ($0.05/$0.1) - 2024/07/11 17:02:03
Table 'NLHRed91' 6-max Seat #3 is the button
Seat 1: c4771fe2 ($11.69 in chips)
Seat 2: f6fac91e ($20.46 in chips)
Seat 3: e38526dc ($3.04 in chips)
Seat 4: 6ff398a4 ($17.82 in chips)
Seat 5: efbdf40c ($12.45 in chips)
Seat 6: Hero ($10.44 in chips)
6ff398a4: posts small blind $0.05
efbdf40c: posts big blind $0.1
*** HOLE CARDS ***
Dealt to c4771fe2 
Dealt to f6fac91e 
Dealt to e38526dc 
Dealt to 6ff398a4 
Dealt to efbdf40c 
Dealt to Hero [5h 8s]
Hero: folds
c4771fe2: folds
f6fac91e: folds
e38526dc: raises $0.2 to $0.3
6ff398a4: folds
efbdf40c: raises $0.6 to $0.9
e38526dc: raises $2.14 to $3.04 and is all-in
efbdf40c: folds
Uncalled bet ($2.14) returned to e38526dc
*** SHOWDOWN ***
e38526dc collected $1.76 from pot
*** SUMMARY ***
Total pot $1.85 | Rake $0.09 | Jackpot $0 | Bingo $0 | Fortune $0 | Tax $0
Seat 1: c4771fe2 folded before Flop (didn't bet)
Seat 2: f6fac91e folded before Flop (didn't bet)
Seat 3: e38526dc (button) collected ($1.76)
Seat 4: 6ff398a4 (small blind) folded before Flop
Seat 5: efbdf40c (big blind) folded before Flop
Seat 6: Hero folded before Flop (didn't bet)


Poker Hand #HD1852604544: Hold'em No Limit ($0.05/$0.1) - 2024/07/11 17:01:38
Table 'NLHRed91' 6-max Seat #2 is the button
Seat 1: c4771fe2 ($11.69 in chips)
Seat 2: f6fac91e ($19.98 in chips)
Seat 3: e38526dc ($3.09 in chips)
Seat 4: 6ff398a4 ($17.92 in chips)
Seat 5: efbdf40c ($12.82 in chips)
Seat 6: Hero ($10.44 in chips)
e38526dc: posts small blind $0.05
6ff398a4: posts big blind $0.1
*** HOLE CARDS ***
Dealt to c4771fe2 
Dealt to f6fac91e 
Dealt to e38526dc 
Dealt to 6ff398a4 
Dealt to efbdf40c 
Dealt to Hero [7c 3h]
efbdf40c: calls $0.1
Hero: folds
c4771fe2: folds
f6fac91e: raises $0.27 to $0.37
e38526dc: folds
6ff398a4: folds
efbdf40c: calls $0.27
*** FLOP *** [2c Qd 4c]
efbdf40c: checks
f6fac91e: bets $0.67
efbdf40c: folds
Uncalled bet ($0.67) returned to f6fac91e
*** SHOWDOWN ***
f6fac91e collected $0.85 from pot
*** SUMMARY ***
Total pot $0.89 | Rake $0.04 | Jackpot $0 | Bingo $0 | Fortune $0 | Tax $0
Board [2c Qd 4c]
Seat 1: c4771fe2 folded before Flop (didn't bet)
Seat 2: f6fac91e (button) won ($0.85)
Seat 3: e38526dc (small blind) folded before Flop
Seat 4: 6ff398a4 (big blind) folded before Flop
Seat 5: efbdf40c folded on the Flop
Seat 6: Hero folded before Flop (didn't bet)


Poker Hand #HD1852604441: Hold'em No Limit ($0.05/$0.1) - 2024/07/11 17:00:52
Table 'NLHRed91' 6-max Seat #1 is the button
Seat 1: c4771fe2 ($9.5 in chips)
Seat 2: f6fac91e ($20.03 in chips)
Seat 3: e38526dc ($5.31 in chips)
Seat 4: 6ff398a4 ($17.92 in chips)
Seat 5: efbdf40c ($13.12 in chips)
Seat 6: Hero ($10.44 in chips)
f6fac91e: posts small blind $0.05
e38526dc: posts big blind $0.1
*** HOLE CARDS ***
Dealt to c4771fe2 
Dealt to f6fac91e 
Dealt to e38526dc 
Dealt to 6ff398a4 
Dealt to efbdf40c 
Dealt to Hero [2h 4c]
6ff398a4: folds
efbdf40c: calls $0.1
Hero: folds
c4771fe2: calls $0.1
f6fac91e: folds
e38526dc: raises $0.2 to $0.3
efbdf40c: calls $0.2
c4771fe2: calls $0.2
*** FLOP *** [9c 9s 4s]
e38526dc: checks
efbdf40c: checks
c4771fe2: checks
*** TURN *** [9c 9s 4s] [7s]
e38526dc: bets $0.48
efbdf40c: folds
c4771fe2: calls $0.48
*** RIVER *** [9c 9s 4s 7s] [Jd]
e38526dc: bets $1.44
c4771fe2: raises $1.59 to $3.03
e38526dc: folds
Uncalled bet ($1.59) returned to c4771fe2
*** SHOWDOWN ***
c4771fe2 collected $4.41 from pot
*** SUMMARY ***
Total pot $4.79 | Rake $0.28 | Jackpot $0.1 | Bingo $0 | Fortune $0 | Tax $0
Board [9c 9s 4s 7s Jd]
Seat 1: c4771fe2 (button) won ($4.41)
Seat 2: f6fac91e (small blind) folded before Flop
Seat 3: e38526dc (big blind) folded on the River
Seat 4: 6ff398a4 folded before Flop (didn't bet)
Seat 5: efbdf40c folded on the Turn
Seat 6: Hero folded before Flop (didn't bet)


Poker Hand #HD1852604388: Hold'em No Limit ($0.05/$0.1) - 2024/07/11 17:00:29
Table 'NLHRed91' 6-max Seat #6 is the button
Seat 1: c4771fe2 ($9.55 in chips)
Seat 2: f6fac91e ($20.13 in chips)
Seat 3: e38526dc ($5.16 in chips)
Seat 4: 6ff398a4 ($17.92 in chips)
Seat 5: efbdf40c ($13.12 in chips)
Seat 6: Hero ($10.44 in chips)
c4771fe2: posts small blind $0.05
f6fac91e: posts big blind $0.1
*** HOLE CARDS ***
Dealt to c4771fe2 
Dealt to f6fac91e 
Dealt to e38526dc 
Dealt to 6ff398a4 
Dealt to efbdf40c 
Dealt to Hero [Qd 9h]
e38526dc: raises $0.2 to $0.3
6ff398a4: folds
efbdf40c: folds
Hero: folds
c4771fe2: folds
f6fac91e: folds
Uncalled bet ($0.2) returned to e38526dc
*** SHOWDOWN ***
e38526dc collected $0.25 from pot
*** SUMMARY ***
Total pot $0.25 | Rake $0 | Jackpot $0 | Bingo $0 | Fortune $0 | Tax $0
Seat 1: c4771fe2 (small blind) folded before Flop
Seat 2: f6fac91e (big blind) folded before Flop
Seat 3: e38526dc collected ($0.25)
Seat 4: 6ff398a4 folded before Flop (didn't bet)
Seat 5: efbdf40c folded before Flop (didn't bet)
Seat 6: Hero (button) folded before Flop (didn't bet)


Poker Hand #HD1852604301: Hold'em No Limit ($0.05/$0.1) - 2024/07/11 16:59:46
Table 'NLHRed91' 6-max Seat #5 is the button
Seat 1: c4771fe2 ($9.65 in chips)
Seat 2: f6fac91e ($20.13 in chips)
Seat 3: e38526dc ($7.85 in chips)
Seat 4: 6ff398a4 ($17.92 in chips)
Seat 5: efbdf40c ($10.65 in chips)
Seat 6: Hero ($10.49 in chips)
Hero: posts small blind $0.05
c4771fe2: posts big blind $0.1
*** HOLE CARDS ***
Dealt to c4771fe2 
Dealt to f6fac91e 
Dealt to e38526dc 
Dealt to 6ff398a4 
Dealt to efbdf40c 
Dealt to Hero [Qc 5d]
f6fac91e: folds
e38526dc: raises $0.1 to $0.2
6ff398a4: folds
efbdf40c: calls $0.2
Hero: folds
c4771fe2: folds
*** FLOP *** [7d Jd Ks]
e38526dc: bets $0.19
efbdf40c: calls $0.19
*** TURN *** [7d Jd Ks] [2c]
e38526dc: bets $0.7
efbdf40c: calls $0.7
*** RIVER *** [7d Jd Ks 2c] [8d]
e38526dc: checks
efbdf40c: bets $1.6
e38526dc: calls $1.6
efbdf40c: shows [Qd 2d] (Queen High Flush)
e38526dc: shows [Jh Jc] (Three Jacks)
*** SHOWDOWN ***
efbdf40c collected $5.16 from pot
*** SUMMARY ***
Total pot $5.53 | Rake $0.27 | Jackpot $0.1 | Bingo $0 | Fortune $0 | Tax $0
Board [7d Jd Ks 2c 8d]
Seat 1: c4771fe2 (big blind) folded before Flop
Seat 2: f6fac91e folded before Flop (didn't bet)
Seat 3: e38526dc showed [Jh Jc] and lost with Three Jacks
Seat 4: 6ff398a4 folded before Flop (didn't bet)
Seat 5: efbdf40c (button) showed [Qd 2d] and won ($5.16) with Queen High Flush
Seat 6: Hero (small blind) folded before Flop


Poker Hand #HD1852604198: Hold'em No Limit ($0.05/$0.1) - 2024/07/11 16:58:57
Table 'NLHRed91' 6-max Seat #4 is the button
Seat 1: c4771fe2 ($9.65 in chips)
Seat 2: f6fac91e ($20.13 in chips)
Seat 3: e38526dc ($7.85 in chips)
Seat 4: 6ff398a4 ($17.92 in chips)
Seat 5: efbdf40c ($10.2 in chips)
Seat 6: Hero ($10.99 in chips)
efbdf40c: posts small blind $0.05
Hero: posts big blind $0.1
*** HOLE CARDS ***
Dealt to c4771fe2 
Dealt to f6fac91e 
Dealt to e38526dc 
Dealt to 6ff398a4 
Dealt to efbdf40c 
Dealt to Hero [Ac 6c]
c4771fe2: folds
f6fac91e: folds
e38526dc: folds
6ff398a4: folds
efbdf40c: raises $0.2 to $0.3
Hero: calls $0.2
*** FLOP *** [Js 5d 9c]
efbdf40c: bets $0.2
Hero: calls $0.2
*** TURN *** [Js 5d 9c] [6s]
efbdf40c: bets $0.33
Hero: folds
Uncalled bet ($0.33) returned to efbdf40c
*** SHOWDOWN ***
efbdf40c collected $0.95 from pot
*** SUMMARY ***
Total pot $1 | Rake $0.05 | Jackpot $0 | Bingo $0 | Fortune $0 | Tax $0
Board [Js 5d 9c 6s]
Seat 1: c4771fe2 folded before Flop (didn't bet)
Seat 2: f6fac91e folded before Flop (didn't bet)
Seat 3: e38526dc folded before Flop (didn't bet)
Seat 4: 6ff398a4 (button) folded before Flop (didn't bet)
Seat 5: efbdf40c (small blind) won ($0.95)
Seat 6: Hero (big blind) folded on the Turn


Poker Hand #HD1852604133: Hold'em No Limit ($0.05/$0.1) - 2024/07/11 16:58:26
Table 'NLHRed91' 6-max Seat #3 is the button
Seat 1: c4771fe2 ($9.65 in chips)
Seat 2: f6fac91e ($20.13 in chips)
Seat 3: e38526dc ($7.85 in chips)
Seat 4: 6ff398a4 ($17.97 in chips)
Seat 5: efbdf40c ($10.15 in chips)
Seat 6: Hero ($10.99 in chips)
6ff398a4: posts small blind $0.05
efbdf40c: posts big blind $0.1
*** HOLE CARDS ***
Dealt to c4771fe2 
Dealt to f6fac91e 
Dealt to e38526dc 
Dealt to 6ff398a4 
Dealt to efbdf40c 
Dealt to Hero [Ts Kd]
Hero: folds
c4771fe2: folds
f6fac91e: folds
e38526dc: folds
6ff398a4: folds
Uncalled bet ($0.05) returned to efbdf40c
*** SHOWDOWN ***
efbdf40c collected $0.1 from pot
*** SUMMARY ***
Total pot $0.1 | Rake $0 | Jackpot $0 | Bingo $0 | Fortune $0 | Tax $0
Seat 1: c4771fe2 folded before Flop (didn't bet)
Seat 2: f6fac91e folded before Flop (didn't bet)
Seat 3: e38526dc (button) folded before Flop (didn't bet)
Seat 4: 6ff398a4 (small blind) folded before Flop
Seat 5: efbdf40c (big blind) collected ($0.1)
Seat 6: Hero folded before Flop (didn't bet)


Poker Hand #HD1852604002: Hold'em No Limit ($0.05/$0.1) - 2024/07/11 16:57:25
Table 'NLHRed91' 6-max Seat #2 is the button
Seat 1: c4771fe2 ($9.65 in chips)
Seat 2: f6fac91e ($20.13 in chips)
Seat 3: e38526dc ($8.72 in chips)
Seat 4: 6ff398a4 ($17.18 in chips)
Seat 5: efbdf40c ($10.15 in chips)
Seat 6: Hero ($10.99 in chips)
e38526dc: posts small blind $0.05
6ff398a4: posts big blind $0.1
*** HOLE CARDS ***
Dealt to c4771fe2 
Dealt to f6fac91e 
Dealt to e38526dc 
Dealt to 6ff398a4 
Dealt to efbdf40c 
Dealt to Hero [5h Ts]
efbdf40c: folds
Hero: folds
c4771fe2: folds
f6fac91e: folds
e38526dc: raises $0.2 to $0.3
6ff398a4: raises $0.57 to $0.87
e38526dc: calls $0.57
*** FLOP *** [6d Jc Qd]
e38526dc: checks
6ff398a4: bets $0.58
e38526dc: folds
Uncalled bet ($0.58) returned to 6ff398a4
*** SHOWDOWN ***
6ff398a4 collected $1.66 from pot
*** SUMMARY ***
Total pot $1.74 | Rake $0.08 | Jackpot $0 | Bingo $0 | Fortune $0 | Tax $0
Board [6d Jc Qd]
Seat 1: c4771fe2 folded before Flop (didn't bet)
Seat 2: f6fac91e (button) folded before Flop (didn't bet)
Seat 3: e38526dc (small blind) folded on the Flop
Seat 4: 6ff398a4 (big blind) won ($1.66)
Seat 5: efbdf40c folded before Flop (didn't bet)
Seat 6: Hero folded before Flop (didn't bet)


Poker Hand #HD1852603902: Hold'em No Limit ($0.05/$0.1) - 2024/07/11 16:56:38
Table 'NLHRed91' 6-max Seat #1 is the button
Seat 1: c4771fe2 ($9.65 in chips)
Seat 2: f6fac91e ($20.18 in chips)
Seat 3: e38526dc ($9.25 in chips)
Seat 4: 6ff398a4 ($16.65 in chips)
Seat 5: efbdf40c ($10.15 in chips)
Seat 6: Hero ($10.99 in chips)
f6fac91e: posts small blind $0.05
e38526dc: posts big blind $0.1
*** HOLE CARDS ***
Dealt to c4771fe2 
Dealt to f6fac91e 
Dealt to e38526dc 
Dealt to 6ff398a4 
Dealt to efbdf40c 
Dealt to Hero [5h 8s]
6ff398a4: raises $0.15 to $0.25
efbdf40c: folds
Hero: folds
c4771fe2: folds
f6fac91e: folds
e38526dc: calls $0.15
*** FLOP *** [8d 8c Tc]
e38526dc: checks
6ff398a4: bets $0.28
e38526dc: calls $0.28
*** TURN *** [8d 8c Tc] [Td]
e38526dc: checks
6ff398a4: checks
*** RIVER *** [8d 8c Tc Td] [Jc]
e38526dc: checks
6ff398a4: checks
e38526dc: shows [3c Ad] (Pair of Tens and Pair of Eights)
6ff398a4: shows [9s 9h] (Pair of Tens and Pair of Nines)
*** SHOWDOWN ***
6ff398a4 collected $1.06 from pot
*** SUMMARY ***
Total pot $1.11 | Rake $0.05 | Jackpot $0 | Bingo $0 | Fortune $0 | Tax $0
Board [8d 8c Tc Td Jc]
Seat 1: c4771fe2 (button) folded before Flop (didn't bet)
Seat 2: f6fac91e (small blind) folded before Flop
Seat 3: e38526dc (big blind) showed [3c Ad] and lost with Pair of Tens and Pair of Eights
Seat 4: 6ff398a4 showed [9s 9h] and won ($1.06) with Pair of Tens and Pair of Nines
Seat 5: efbdf40c folded before Flop (didn't bet)
Seat 6: Hero folded before Flop (didn't bet)


Poker Hand #HD1852603855: Hold'em No Limit ($0.05/$0.1) - 2024/07/11 16:56:16
Table 'NLHRed91' 6-max Seat #6 is the button
Seat 1: c4771fe2 ($9.7 in chips)
Seat 2: f6fac91e ($20.28 in chips)
Seat 3: e38526dc ($9.25 in chips)
Seat 4: 6ff398a4 ($16.65 in chips)
Seat 5: efbdf40c ($10 in chips)
Seat 6: Hero ($10.99 in chips)
c4771fe2: posts small blind $0.05
f6fac91e: posts big blind $0.1
efbdf40c: posts big blind $0.1
*** HOLE CARDS ***
Dealt to c4771fe2 
Dealt to f6fac91e 
Dealt to e38526dc 
Dealt to 6ff398a4 
Dealt to efbdf40c 
Dealt to Hero [4s 4h]
e38526dc: folds
6ff398a4: folds
efbdf40c: raises $0.1 to $0.2
Hero: folds
c4771fe2: folds
f6fac91e: folds
Uncalled bet ($0.1) returned to efbdf40c
*** SHOWDOWN ***
efbdf40c collected $0.25 from pot
*** SUMMARY ***
Total pot $0.25 | Rake $0 | Jackpot $0 | Bingo $0 | Fortune $0 | Tax $0
Seat 1: c4771fe2 (small blind) folded before Flop
Seat 2: f6fac91e (big blind) folded before Flop
Seat 3: e38526dc folded before Flop (didn't bet)
Seat 4: 6ff398a4 folded before Flop (didn't bet)
Seat 5: efbdf40c collected ($0.25)
Seat 6: Hero (button) folded before Flop (didn't bet)


Poker Hand #HD1852603832: Hold'em No Limit ($0.05/$0.1) - 2024/07/11 16:56:07
Table 'NLHRed91' 6-max Seat #4 is the button
Seat 1: c4771fe2 ($9.8 in chips)
Seat 2: f6fac91e ($20.13 in chips)
Seat 3: e38526dc ($9.25 in chips)
Seat 4: 6ff398a4 ($16.65 in chips)
Seat 6: Hero ($11.04 in chips)
Hero: posts small blind $0.05
c4771fe2: posts big blind $0.1
*** HOLE CARDS ***
Dealt to c4771fe2 
Dealt to f6fac91e 
Dealt to e38526dc 
Dealt to 6ff398a4 
Dealt to Hero [7c 2d]
f6fac91e: raises $0.1 to $0.2
e38526dc: folds
6ff398a4: folds
Hero: folds
c4771fe2: folds
Uncalled bet ($0.1) returned to f6fac91e
*** SHOWDOWN ***
f6fac91e collected $0.25 from pot
*** SUMMARY ***
Total pot $0.25 | Rake $0 | Jackpot $0 | Bingo $0 | Fortune $0 | Tax $0
Seat 1: c4771fe2 (big blind) folded before Flop
Seat 2: f6fac91e collected ($0.25)
Seat 3: e38526dc folded before Flop (didn't bet)
Seat 4: 6ff398a4 (button) folded before Flop (didn't bet)
Seat 6: Hero (small blind) folded before Flop


Poker Hand #HD1852603797: Hold'em No Limit ($0.05/$0.1) - 2024/07/11 16:55:50
Table 'NLHRed91' 6-max Seat #3 is the button
Seat 1: c4771fe2 ($9.9 in chips)
Seat 2: f6fac91e ($19.89 in chips)
Seat 3: e38526dc ($9.25 in chips)
Seat 4: 6ff398a4 ($16.7 in chips)
Seat 6: Hero ($11.14 in chips)
6ff398a4: posts small blind $0.05
Hero: posts big blind $0.1
*** HOLE CARDS ***
Dealt to c4771fe2 
Dealt to f6fac91e 
Dealt to e38526dc 
Dealt to 6ff398a4 
Dealt to Hero [Jd 5c]
c4771fe2: calls $0.1
f6fac91e: raises $0.42 to $0.52
e38526dc: folds
6ff398a4: folds
Hero: folds
c4771fe2: folds
Uncalled bet ($0.42) returned to f6fac91e
*** SHOWDOWN ***
f6fac91e collected $0.34 from pot
*** SUMMARY ***
Total pot $0.35 | Rake $0.01 | Jackpot $0 | Bingo $0 | Fortune $0 | Tax $0
Seat 1: c4771fe2 folded before Flop
Seat 2: f6fac91e collected ($0.34)
Seat 3: e38526dc (button) folded before Flop (didn't bet)
Seat 4: 6ff398a4 (small blind) folded before Flop
Seat 6: Hero (big blind) folded before Flop


Poker Hand #HD1852603754: Hold'em No Limit ($0.05/$0.1) - 2024/07/11 16:55:26
Table 'NLHRed91' 6-max Seat #2 is the button
Seat 1: c4771fe2 ($10 in chips)
Seat 2: f6fac91e ($19.89 in chips)
Seat 3: e38526dc ($9.3 in chips)
Seat 4: 6ff398a4 ($16.36 in chips)
Seat 5: b38f8f8a ($8.09 in chips)
Seat 6: Hero ($11.14 in chips)
e38526dc: posts small blind $0.05
6ff398a4: posts big blind $0.1
c4771fe2: posts big blind $0.1
*** HOLE CARDS ***
Dealt to c4771fe2 
Dealt to f6fac91e 
Dealt to e38526dc 
Dealt to 6ff398a4 
Dealt to b38f8f8a 
Dealt to Hero [3c 5s]
b38f8f8a: raises $0.11 to $0.21
Hero: folds
c4771fe2: folds
f6fac91e: folds
e38526dc: folds
6ff398a4: calls $0.11
*** FLOP *** [6h 7h Ts]
6ff398a4: bets $0.29
b38f8f8a: folds
Uncalled bet ($0.29) returned to 6ff398a4
*** SHOWDOWN ***
6ff398a4 collected $0.55 from pot
*** SUMMARY ***
Total pot $0.57 | Rake $0.02 | Jackpot $0 | Bingo $0 | Fortune $0 | Tax $0
Board [6h 7h Ts]
Seat 1: c4771fe2 folded before Flop
Seat 2: f6fac91e (button) folded before Flop (didn't bet)
Seat 3: e38526dc (small blind) folded before Flop
Seat 4: 6ff398a4 (big blind) won ($0.55)
Seat 5: b38f8f8a folded on the Flop
Seat 6: Hero folded before Flop (didn't bet)


Poker Hand #HD1852603703: Hold'em No Limit ($0.05/$0.1) - 2024/07/11 16:55:00
Table 'NLHRed91' 6-max Seat #6 is the button
Seat 2: f6fac91e ($19.57 in chips)
Seat 3: e38526dc ($9.4 in chips)
Seat 4: 6ff398a4 ($16.36 in chips)
Seat 5: b38f8f8a ($8.33 in chips)
Seat 6: Hero ($11.14 in chips)
f6fac91e: posts small blind $0.05
e38526dc: posts big blind $0.1
*** HOLE CARDS ***
Dealt to f6fac91e 
Dealt to e38526dc 
Dealt to 6ff398a4 
Dealt to b38f8f8a 
Dealt to Hero [5d Jh]
6ff398a4: folds
b38f8f8a: raises $0.14 to $0.24
Hero: folds
f6fac91e: raises $0.44 to $0.68
e38526dc: folds
b38f8f8a: folds
Uncalled bet ($0.44) returned to f6fac91e
*** SHOWDOWN ***
f6fac91e collected $0.56 from pot
*** SUMMARY ***
Total pot $0.58 | Rake $0.02 | Jackpot $0 | Bingo $0 | Fortune $0 | Tax $0
Seat 2: f6fac91e (small blind) collected ($0.56)
Seat 3: e38526dc (big blind) folded before Flop
Seat 4: 6ff398a4 folded before Flop (didn't bet)
Seat 5: b38f8f8a folded before Flop
Seat 6: Hero (button) folded before Flop (didn't bet)


Poker Hand #HD1852603667: Hold'em No Limit ($0.05/$0.1) - 2024/07/11 16:54:45
Table 'NLHRed91' 6-max Seat #5 is the button
Seat 2: f6fac91e ($19.67 in chips)
Seat 3: e38526dc ($9.4 in chips)
Seat 4: 6ff398a4 ($16.36 in chips)
Seat 5: b38f8f8a ($8.18 in chips)
Seat 6: Hero ($11.19 in chips)
Hero: posts small blind $0.05
f6fac91e: posts big blind $0.1
*** HOLE CARDS ***
Dealt to f6fac91e 
Dealt to e38526dc 
Dealt to 6ff398a4 
Dealt to b38f8f8a 
Dealt to Hero [8c Ac]
e38526dc: folds
6ff398a4: folds
b38f8f8a: raises $0.14 to $0.24
Hero: folds
f6fac91e: folds
Uncalled bet ($0.14) returned to b38f8f8a
*** SHOWDOWN ***
b38f8f8a collected $0.25 from pot
*** SUMMARY ***
Total pot $0.25 | Rake $0 | Jackpot $0 | Bingo $0 | Fortune $0 | Tax $0
Seat 2: f6fac91e (big blind) folded before Flop
Seat 3: e38526dc folded before Flop (didn't bet)
Seat 4: 6ff398a4 folded before Flop (didn't bet)
Seat 5: b38f8f8a (button) collected ($0.25)
Seat 6: Hero (small blind) folded before Flop


Poker Hand #HD1852603631: Hold'em No Limit ($0.05/$0.1) - 2024/07/11 16:54:26
Table 'NLHRed91' 6-max Seat #4 is the button
Seat 2: f6fac91e ($19.67 in chips)
Seat 3: e38526dc ($9.25 in chips)
Seat 4: 6ff398a4 ($16.36 in chips)
Seat 5: b38f8f8a ($8.23 in chips)
Seat 6: Hero ($11.29 in chips)
b38f8f8a: posts small blind $0.05
Hero: posts big blind $0.1
*** HOLE CARDS ***
Dealt to f6fac91e 
Dealt to e38526dc 
Dealt to 6ff398a4 
Dealt to b38f8f8a 
Dealt to Hero [2c 3h]
f6fac91e: folds
e38526dc: raises $0.15 to $0.25
6ff398a4: folds
b38f8f8a: folds
Hero: folds
Uncalled bet ($0.15) returned to e38526dc
*** SHOWDOWN ***
e38526dc collected $0.25 from pot
*** SUMMARY ***
Total pot $0.25 | Rake $0 | Jackpot $0 | Bingo $0 | Fortune $0 | Tax $0
Seat 2: f6fac91e folded before Flop (didn't bet)
Seat 3: e38526dc collected ($0.25)
Seat 4: 6ff398a4 (button) folded before Flop (didn't bet)
Seat 5: b38f8f8a (small blind) folded before Flop
Seat 6: Hero (big blind) folded before Flop


Poker Hand #HD1852603542: Hold'em No Limit ($0.05/$0.1) - 2024/07/11 16:53:49
Table 'NLHRed91' 6-max Seat #3 is the button
Seat 1: f0096b63 ($2 in chips)
Seat 2: f6fac91e ($19.67 in chips)
Seat 3: e38526dc ($9.55 in chips)
Seat 4: 6ff398a4 ($15.71 in chips)
Seat 5: b38f8f8a ($8.53 in chips)
Seat 6: Hero ($11.29 in chips)
6ff398a4: posts small blind $0.05
b38f8f8a: posts big blind $0.1
f0096b63: posts big blind $0.1
*** HOLE CARDS ***
Dealt to f0096b63 
Dealt to f6fac91e 
Dealt to e38526dc 
Dealt to 6ff398a4 
Dealt to b38f8f8a 
Dealt to Hero [Qd 5s]
Hero: folds
f0096b63: checks
f6fac91e: folds
e38526dc: calls $0.1
6ff398a4: raises $0.2 to $0.3
b38f8f8a: calls $0.2
f0096b63: folds
e38526dc: calls $0.2
*** FLOP *** [9s Th 2c]
6ff398a4: bets $0.5
b38f8f8a: folds
e38526dc: folds
Uncalled bet ($0.5) returned to 6ff398a4
*** SHOWDOWN ***
6ff398a4 collected $0.95 from pot
*** SUMMARY ***
Total pot $1 | Rake $0.05 | Jackpot $0 | Bingo $0 | Fortune $0 | Tax $0
Board [9s Th 2c]
Seat 1: f0096b63 folded before Flop
Seat 2: f6fac91e folded before Flop (didn't bet)
Seat 3: e38526dc (button) folded on the Flop
Seat 4: 6ff398a4 (small blind) won ($0.95)
Seat 5: b38f8f8a (big blind) folded on the Flop
Seat 6: Hero folded before Flop (didn't bet)


Poker Hand #HD1852603465: Hold'em No Limit ($0.05/$0.1) - 2024/07/11 16:53:12
Table 'NLHRed91' 6-max Seat #2 is the button
Seat 2: f6fac91e ($19.44 in chips)
Seat 3: e38526dc ($9.6 in chips)
Seat 4: 6ff398a4 ($15.91 in chips)
Seat 5: b38f8f8a ($8.53 in chips)
Seat 6: Hero ($11.29 in chips)
e38526dc: posts small blind $0.05
6ff398a4: posts big blind $0.1
*** HOLE CARDS ***
Dealt to f6fac91e 
Dealt to e38526dc 
Dealt to 6ff398a4 
Dealt to b38f8f8a 
Dealt to Hero [3h As]
b38f8f8a: folds
Hero: folds
f6fac91e: raises $0.1 to $0.2
e38526dc: folds
6ff398a4: calls $0.1
*** FLOP *** [8c 9s 5c]
6ff398a4: checks
f6fac91e: checks
*** TURN *** [8c 9s 5c] [7s]
6ff398a4: checks
f6fac91e: bets $0.25
6ff398a4: folds
Uncalled bet ($0.25) returned to f6fac91e
*** SHOWDOWN ***
f6fac91e collected $0.43 from pot
*** SUMMARY ***
Total pot $0.45 | Rake $0.02 | Jackpot $0 | Bingo $0 | Fortune $0 | Tax $0
Board [8c 9s 5c 7s]
Seat 2: f6fac91e (button) won ($0.43)
Seat 3: e38526dc (small blind) folded before Flop
Seat 4: 6ff398a4 (big blind) folded on the Turn
Seat 5: b38f8f8a folded before Flop (didn't bet)
Seat 6: Hero folded before Flop (didn't bet)


Poker Hand #HD1852603440: Hold'em No Limit ($0.05/$0.1) - 2024/07/11 16:52:59
Table 'NLHRed91' 6-max Seat #6 is the button
Seat 2: f6fac91e ($19.49 in chips)
Seat 3: e38526dc ($9.7 in chips)
Seat 4: 6ff398a4 ($15.76 in chips)
Seat 5: b38f8f8a ($8.53 in chips)
Seat 6: Hero ($11.29 in chips)
f6fac91e: posts small blind $0.05
e38526dc: posts big blind $0.1
*** HOLE CARDS ***
Dealt to f6fac91e 
Dealt to e38526dc 
Dealt to 6ff398a4 
Dealt to b38f8f8a 
Dealt to Hero [2h Js]
6ff398a4: raises $0.15 to $0.25
b38f8f8a: folds
Hero: folds
f6fac91e: folds
e38526dc: folds
Uncalled bet ($0.15) returned to 6ff398a4
*** SHOWDOWN ***
6ff398a4 collected $0.25 from pot
*** SUMMARY ***
Total pot $0.25 | Rake $0 | Jackpot $0 | Bingo $0 | Fortune $0 | Tax $0
Seat 2: f6fac91e (small blind) folded before Flop
Seat 3: e38526dc (big blind) folded before Flop
Seat 4: 6ff398a4 collected ($0.25)
Seat 5: b38f8f8a folded before Flop (didn't bet)
Seat 6: Hero (button) folded before Flop (didn't bet)


Poker Hand #HD1852603406: Hold'em No Limit ($0.05/$0.1) - 2024/07/11 16:52:49
Table 'NLHRed91' 6-max Seat #5 is the button
Seat 2: f6fac91e ($19.44 in chips)
Seat 3: e38526dc ($9.7 in chips)
Seat 4: 6ff398a4 ($15.76 in chips)
Seat 5: b38f8f8a ($8.53 in chips)
Seat 6: Hero ($11.34 in chips)
Hero: posts small blind $0.05
f6fac91e: posts big blind $0.1
*** HOLE CARDS ***
Dealt to f6fac91e 
Dealt to e38526dc 
Dealt to 6ff398a4 
Dealt to b38f8f8a 
Dealt to Hero [As 5d]
e38526dc: folds
6ff398a4: folds
b38f8f8a: folds
Hero: folds
Uncalled bet ($0.05) returned to f6fac91e
*** SHOWDOWN ***
f6fac91e collected $0.1 from pot
*** SUMMARY ***
Total pot $0.1 | Rake $0 | Jackpot $0 | Bingo $0 | Fortune $0 | Tax $0
Seat 2: f6fac91e (big blind) collected ($0.1)
Seat 3: e38526dc folded before Flop (didn't bet)
Seat 4: 6ff398a4 folded before Flop (didn't bet)
Seat 5: b38f8f8a (button) folded before Flop (didn't bet)
Seat 6: Hero (small blind) folded before Flop


Poker Hand #HD1852603359: Hold'em No Limit ($0.05/$0.1) - 2024/07/11 16:52:25
Table 'NLHRed91' 6-max Seat #4 is the button
Seat 2: f6fac91e ($19.44 in chips)
Seat 3: e38526dc ($10 in chips)
Seat 4: 6ff398a4 ($15.76 in chips)
Seat 5: b38f8f8a ($8.16 in chips)
Seat 6: Hero ($11.44 in chips)
b38f8f8a: posts small blind $0.05
Hero: posts big blind $0.1
e38526dc: posts big blind $0.1
*** HOLE CARDS ***
Dealt to f6fac91e 
Dealt to e38526dc 
Dealt to 6ff398a4 
Dealt to b38f8f8a 
Dealt to Hero [6d 2s]
f6fac91e: folds
e38526dc: raises $0.2 to $0.3
6ff398a4: folds
b38f8f8a: raises $0.9 to $1.2
Hero: folds
e38526dc: folds
Uncalled bet ($0.9) returned to b38f8f8a
*** SHOWDOWN ***
b38f8f8a collected $0.67 from pot
*** SUMMARY ***
Total pot $0.7 | Rake $0.03 | Jackpot $0 | Bingo $0 | Fortune $0 | Tax $0
Seat 2: f6fac91e folded before Flop (didn't bet)
Seat 3: e38526dc folded before Flop
Seat 4: 6ff398a4 (button) folded before Flop (didn't bet)
Seat 5: b38f8f8a (small blind) collected ($0.67)
Seat 6: Hero (big blind) folded before Flop


Poker Hand #HD1852603158: Hold'em No Limit ($0.05/$0.1) - 2024/07/11 16:50:51
Table 'NLHRed91' 6-max Seat #2 is the button
Seat 1: 13aea719 ($6.7 in chips)
Seat 2: f6fac91e ($12.75 in chips)
Seat 4: 6ff398a4 ($15.81 in chips)
Seat 5: b38f8f8a ($8.9 in chips)
Seat 6: Hero ($11.44 in chips)
6ff398a4: posts small blind $0.05
b38f8f8a: posts big blind $0.1
*** HOLE CARDS ***
Dealt to 13aea719 
Dealt to f6fac91e 
Dealt to 6ff398a4 
Dealt to b38f8f8a 
Dealt to Hero [4d 4s]
Hero: folds
13aea719: raises $0.15 to $0.25
f6fac91e: raises $0.49 to $0.74
6ff398a4: folds
b38f8f8a: calls $0.64
13aea719: raises $2.27 to $3.01
f6fac91e: calls $2.27
b38f8f8a: folds
*** FLOP *** [4c 3d 6c]
13aea719: bets $1.5
f6fac91e: raises $3.24 to $4.74
13aea719: calls $2.19 and is all-in
Uncalled bet ($1.05) returned to f6fac91e
f6fac91e: shows [8s 5s] (Eight-High)
13aea719: shows [9d Th] (Ten-High)
*** TURN *** [4c 3d 6c] [7h]
*** RIVER *** [4c 3d 6c 7h] [2c]
*** SHOWDOWN ***
f6fac91e collected $13.39 from pot
*** SUMMARY ***
Total pot $14.19 | Rake $0.7 | Jackpot $0.1 | Bingo $0 | Fortune $0 | Tax $0
Board [4c 3d 6c 7h 2c]
Seat 1: 13aea719 showed [9d Th] and lost with Ten-High
Seat 2: f6fac91e (button) showed [8s 5s] and won ($13.39) with Eights-High Straight
Seat 4: 6ff398a4 (small blind) folded before Flop
Seat 5: b38f8f8a (big blind) folded before Flop
Seat 6: Hero folded before Flop (didn't bet)


Poker Hand #HD1852603137: Hold'em No Limit ($0.05/$0.1) - 2024/07/11 16:50:37
Table 'NLHRed91' 6-max Seat #1 is the button
Seat 1: 13aea719 ($6.7 in chips)
Seat 2: f6fac91e ($12.8 in chips)
Seat 4: 6ff398a4 ($15.91 in chips)
Seat 5: b38f8f8a ($8.9 in chips)
Seat 6: Hero ($11.29 in chips)
f6fac91e: posts small blind $0.05
6ff398a4: posts big blind $0.1
*** HOLE CARDS ***
Dealt to 13aea719 
Dealt to f6fac91e 
Dealt to 6ff398a4 
Dealt to b38f8f8a 
Dealt to Hero [Qc Jd]
b38f8f8a: folds
Hero: raises $0.14 to $0.24
13aea719: folds
f6fac91e: folds
6ff398a4: folds
Uncalled bet ($0.14) returned to Hero
*** SHOWDOWN ***
Hero collected $0.25 from pot
*** SUMMARY ***
Total pot $0.25 | Rake $0 | Jackpot $0 | Bingo $0 | Fortune $0 | Tax $0
Seat 1: 13aea719 (button) folded before Flop (didn't bet)
Seat 2: f6fac91e (small blind) folded before Flop
Seat 4: 6ff398a4 (big blind) folded before Flop
Seat 5: b38f8f8a folded before Flop (didn't bet)
Seat 6: Hero collected ($0.25)


Poker Hand #HD1852603083: Hold'em No Limit ($0.05/$0.1) - 2024/07/11 16:50:09
Table 'NLHRed91' 6-max Seat #6 is the button
Seat 1: 13aea719 ($6.75 in chips)
Seat 2: f6fac91e ($12.9 in chips)
Seat 3: 5aa83e3f ($10 in chips)
Seat 4: 6ff398a4 ($15.91 in chips)
Seat 5: b38f8f8a ($8.75 in chips)
Seat 6: Hero ($11.29 in chips)
13aea719: posts small blind $0.05
f6fac91e: posts big blind $0.1
*** HOLE CARDS ***
Dealt to 13aea719 
Dealt to f6fac91e 
Dealt to 5aa83e3f 
Dealt to 6ff398a4 
Dealt to b38f8f8a 
Dealt to Hero [Jh 5s]
5aa83e3f: folds
6ff398a4: folds
b38f8f8a: raises $0.14 to $0.24
Hero: folds
13aea719: folds
f6fac91e: folds
Uncalled bet ($0.14) returned to b38f8f8a
*** SHOWDOWN ***
b38f8f8a collected $0.25 from pot
*** SUMMARY ***
Total pot $0.25 | Rake $0 | Jackpot $0 | Bingo $0 | Fortune $0 | Tax $0
Seat 1: 13aea719 (small blind) folded before Flop
Seat 2: f6fac91e (big blind) folded before Flop
Seat 3: 5aa83e3f folded before Flop (didn't bet)
Seat 4: 6ff398a4 folded before Flop (didn't bet)
Seat 5: b38f8f8a collected ($0.25)
Seat 6: Hero (button) folded before Flop (didn't bet)


Poker Hand #HD1852603057: Hold'em No Limit ($0.05/$0.1) - 2024/07/11 16:49:55
Table 'NLHRed91' 6-max Seat #5 is the button
Seat 1: 13aea719 ($6.85 in chips)
Seat 2: f6fac91e ($12.75 in chips)
Seat 3: 5aa83e3f ($10 in chips)
Seat 4: 6ff398a4 ($15.91 in chips)
Seat 5: b38f8f8a ($8.75 in chips)
Seat 6: Hero ($11.34 in chips)
Hero: posts small blind $0.05
13aea719: posts big blind $0.1
*** HOLE CARDS ***
Dealt to 13aea719 
Dealt to f6fac91e 
Dealt to 5aa83e3f 
Dealt to 6ff398a4 
Dealt to b38f8f8a 
Dealt to Hero [Th 7c]
f6fac91e: raises $0.1 to $0.2
5aa83e3f: folds
6ff398a4: folds
b38f8f8a: folds
Hero: folds
13aea719: folds
Uncalled bet ($0.1) returned to f6fac91e
*** SHOWDOWN ***
f6fac91e collected $0.25 from pot
*** SUMMARY ***
Total pot $0.25 | Rake $0 | Jackpot $0 | Bingo $0 | Fortune $0 | Tax $0
Seat 1: 13aea719 (big blind) folded before Flop
Seat 2: f6fac91e collected ($0.25)
Seat 3: 5aa83e3f folded before Flop (didn't bet)
Seat 4: 6ff398a4 folded before Flop (didn't bet)
Seat 5: b38f8f8a (button) folded before Flop (didn't bet)
Seat 6: Hero (small blind) folded before Flop


Poker Hand #HD1852603034: Hold'em No Limit ($0.05/$0.1) - 2024/07/11 16:49:45
Table 'NLHRed91' 6-max Seat #4 is the button
Seat 1: 13aea719 ($6.85 in chips)
Seat 2: f6fac91e ($12.75 in chips)
Seat 3: 5aa83e3f ($10 in chips)
Seat 4: 6ff398a4 ($15.91 in chips)
Seat 5: b38f8f8a ($8.8 in chips)
Seat 6: Hero ($11.29 in chips)
b38f8f8a: posts small blind $0.05
Hero: posts big blind $0.1
*** HOLE CARDS ***
Dealt to 13aea719 
Dealt to f6fac91e 
Dealt to 5aa83e3f 
Dealt to 6ff398a4 
Dealt to b38f8f8a 
Dealt to Hero [7s 8c]
13aea719: folds
f6fac91e: folds
5aa83e3f: folds
6ff398a4: folds
b38f8f8a: folds
Uncalled bet ($0.05) returned to Hero
*** SHOWDOWN ***
Hero collected $0.1 from pot
*** SUMMARY ***
Total pot $0.1 | Rake $0 | Jackpot $0 | Bingo $0 | Fortune $0 | Tax $0
Seat 1: 13aea719 folded before Flop (didn't bet)
Seat 2: f6fac91e folded before Flop (didn't bet)
Seat 3: 5aa83e3f folded before Flop (didn't bet)
Seat 4: 6ff398a4 (button) folded before Flop (didn't bet)
Seat 5: b38f8f8a (small blind) folded before Flop
Seat 6: Hero (big blind) collected ($0.1)


Poker Hand #HD1852602596: Hold'em No Limit ($0.05/$0.1) - 2024/07/11 16:46:20
Table 'NLHRed91' 6-max Seat #3 is the button
Seat 1: 13aea719 ($5.66 in chips)
Seat 2: f6fac91e ($14.27 in chips)
Seat 3: 5aa83e3f ($10.37 in chips)
Seat 4: 6ff398a4 ($14.88 in chips)
Seat 5: b38f8f8a ($9.18 in chips)
Seat 6: Hero ($11.29 in chips)
6ff398a4: posts small blind $0.05
b38f8f8a: posts big blind $0.1
*** HOLE CARDS ***
Dealt to 13aea719 
Dealt to f6fac91e 
Dealt to 5aa83e3f 
Dealt to 6ff398a4 
Dealt to b38f8f8a 
Dealt to Hero [Jc 7s]
Hero: folds
13aea719: folds
f6fac91e: folds
5aa83e3f: raises $0.15 to $0.25
6ff398a4: folds
b38f8f8a: calls $0.15
*** FLOP *** [Qc Kh 8s]
b38f8f8a: checks
5aa83e3f: bets $0.19
b38f8f8a: calls $0.19
*** TURN *** [Qc Kh 8s] [6h]
b38f8f8a: checks
5aa83e3f: checks
*** RIVER *** [Qc Kh 8s 6h] [Th]
b38f8f8a: bets $0.47
5aa83e3f: folds
Uncalled bet ($0.47) returned to b38f8f8a
*** SHOWDOWN ***
b38f8f8a collected $0.89 from pot
*** SUMMARY ***
Total pot $0.93 | Rake $0.04 | Jackpot $0 | Bingo $0 | Fortune $0 | Tax $0
Board [Qc Kh 8s 6h Th]
Seat 1: 13aea719 folded before Flop (didn't bet)
Seat 2: f6fac91e folded before Flop (didn't bet)
Seat 3: 5aa83e3f (button) folded on the River
Seat 4: 6ff398a4 (small blind) folded before Flop
Seat 5: b38f8f8a (big blind) won ($0.89)
Seat 6: Hero folded before Flop (didn't bet)


Poker Hand #HD1852602533: Hold'em No Limit ($0.05/$0.1) - 2024/07/11 16:45:56
Table 'NLHRed91' 6-max Seat #2 is the button
Seat 1: 13aea719 ($5.91 in chips)
Seat 2: f6fac91e ($14.27 in chips)
Seat 3: 5aa83e3f ($10.05 in chips)
Seat 4: 6ff398a4 ($14.98 in chips)
Seat 5: b38f8f8a ($9.18 in chips)
Seat 6: Hero ($11.29 in chips)
5aa83e3f: posts small blind $0.05
6ff398a4: posts big blind $0.1
*** HOLE CARDS ***
Dealt to 13aea719 
Dealt to f6fac91e 
Dealt to 5aa83e3f 
Dealt to 6ff398a4 
Dealt to b38f8f8a 
Dealt to Hero [6h Jd]
b38f8f8a: folds
Hero: folds
13aea719: raises $0.15 to $0.25
f6fac91e: folds
5aa83e3f: raises $0.88 to $1.13
6ff398a4: folds
13aea719: folds
Uncalled bet ($0.88) returned to 5aa83e3f
*** SHOWDOWN ***
5aa83e3f collected $0.57 from pot
*** SUMMARY ***
Total pot $0.6 | Rake $0.03 | Jackpot $0 | Bingo $0 | Fortune $0 | Tax $0
Seat 1: 13aea719 folded before Flop
Seat 2: f6fac91e (button) folded before Flop (didn't bet)
Seat 3: 5aa83e3f (small blind) collected ($0.57)
Seat 4: 6ff398a4 (big blind) folded before Flop
Seat 5: b38f8f8a folded before Flop (didn't bet)
Seat 6: Hero folded before Flop (didn't bet)


Poker Hand #HD1852602481: Hold'em No Limit ($0.05/$0.1) - 2024/07/11 16:45:31
Table 'NLHRed91' 6-max Seat #1 is the button
Seat 1: 13aea719 ($5.76 in chips)
Seat 2: f6fac91e ($14.32 in chips)
Seat 3: 5aa83e3f ($10.15 in chips)
Seat 4: 6ff398a4 ($14.98 in chips)
Seat 5: b38f8f8a ($9.18 in chips)
Seat 6: Hero ($11.29 in chips)
f6fac91e: posts small blind $0.05
5aa83e3f: posts big blind $0.1
*** HOLE CARDS ***
Dealt to 13aea719 
Dealt to f6fac91e 
Dealt to 5aa83e3f 
Dealt to 6ff398a4 
Dealt to b38f8f8a 
Dealt to Hero [7d 2h]
6ff398a4: folds
b38f8f8a: folds
Hero: folds
13aea719: raises $0.2 to $0.3
f6fac91e: folds
5aa83e3f: folds
Uncalled bet ($0.2) returned to 13aea719
*** SHOWDOWN ***
13aea719 collected $0.25 from pot
*** SUMMARY ***
Total pot $0.25 | Rake $0 | Jackpot $0 | Bingo $0 | Fortune $0 | Tax $0
Seat 1: 13aea719 (button) collected ($0.25)
Seat 2: f6fac91e (small blind) folded before Flop
Seat 3: 5aa83e3f (big blind) folded before Flop
Seat 4: 6ff398a4 folded before Flop (didn't bet)
Seat 5: b38f8f8a folded before Flop (didn't bet)
Seat 6: Hero folded before Flop (didn't bet)


Poker Hand #HD1852602263: Hold'em No Limit ($0.05/$0.1) - 2024/07/11 16:43:48
Table 'NLHRed91' 6-max Seat #6 is the button
Seat 1: 13aea719 ($7.08 in chips)
Seat 2: f6fac91e ($14.42 in chips)
Seat 3: 5aa83e3f ($10.15 in chips)
Seat 4: 6ff398a4 ($14.98 in chips)
Seat 5: b38f8f8a ($9.18 in chips)
Seat 6: Hero ($10 in chips)
13aea719: posts small blind $0.05
f6fac91e: posts big blind $0.1
*** HOLE CARDS ***
Dealt to 13aea719 
Dealt to f6fac91e 
Dealt to 5aa83e3f 
Dealt to 6ff398a4 
Dealt to b38f8f8a 
Dealt to Hero [As Kh]
5aa83e3f: folds
6ff398a4: folds
b38f8f8a: folds
Hero: raises $0.14 to $0.24
13aea719: calls $0.19
f6fac91e: folds
*** FLOP *** [Kd 9c 6h]
13aea719: checks
Hero: bets $0.3
13aea719: calls $0.3
*** TURN *** [Kd 9c 6h] [Jc]
13aea719: checks
Hero: bets $0.78
13aea719: calls $0.78
*** RIVER *** [Kd 9c 6h Jc] [4d]
13aea719: checks
Hero: bets $1.81
13aea719: folds
Uncalled bet ($1.81) returned to Hero
*** SHOWDOWN ***
Hero collected $2.61 from pot
*** SUMMARY ***
Total pot $2.74 | Rake $0.13 | Jackpot $0 | Bingo $0 | Fortune $0 | Tax $0
Board [Kd 9c 6h Jc 4d]
Seat 1: 13aea719 (small blind) folded on the River
Seat 2: f6fac91e (big blind) folded before Flop
Seat 3: 5aa83e3f folded before Flop (didn't bet)
Seat 4: 6ff398a4 folded before Flop (didn't bet)
Seat 5: b38f8f8a folded before Flop (didn't bet)
Seat 6: Hero (button) won ($2.61)


Poker Hand #HD1852602141: Hold'em No Limit ($0.05/$0.1) - 2024/07/11 16:42:56
Table 'NLHRed91' 6-max Seat #5 is the button
Seat 1: 13aea719 ($6.43 in chips)
Seat 2: f6fac91e ($14.42 in chips)
Seat 3: 5aa83e3f ($10.15 in chips)
Seat 4: 6ff398a4 ($14.98 in chips)
Seat 5: b38f8f8a ($9.85 in chips)
Seat 6: Hero ($10 in chips)
Hero: posts small blind $0.05
13aea719: posts big blind $0.1
*** HOLE CARDS ***
Dealt to 13aea719 
Dealt to f6fac91e 
Dealt to 5aa83e3f 
Dealt to 6ff398a4 
Dealt to b38f8f8a 
Dealt to Hero [8s 4h]
f6fac91e: folds
5aa83e3f: folds
6ff398a4: folds
b38f8f8a: raises $0.14 to $0.24
Hero: folds
13aea719: raises $0.43 to $0.67
b38f8f8a: calls $0.43
*** FLOP *** [Jc Kc Ah]
13aea719: checks
b38f8f8a: checks
*** TURN *** [Jc Kc Ah] [9d]
13aea719: bets $0.45
b38f8f8a: folds
Uncalled bet ($0.45) returned to 13aea719
*** SHOWDOWN ***
13aea719 collected $1.32 from pot
*** SUMMARY ***
Total pot $1.39 | Rake $0.07 | Jackpot $0 | Bingo $0 | Fortune $0 | Tax $0
Board [Jc Kc Ah 9d]
Seat 1: 13aea719 (big blind) won ($1.32)
Seat 2: f6fac91e folded before Flop (didn't bet)
Seat 3: 5aa83e3f folded before Flop (didn't bet)
Seat 4: 6ff398a4 folded before Flop (didn't bet)
Seat 5: b38f8f8a (button) folded on the Turn
Seat 6: Hero (small blind) folded before Flop


Poker Hand #HD1852602108: Hold'em No Limit ($0.05/$0.1) - 2024/07/11 16:42:42
Table 'NLHRed91' 6-max Seat #4 is the button
Seat 1: 13aea719 ($6.43 in chips)
Seat 2: f6fac91e ($14.27 in chips)
Seat 3: 5aa83e3f ($10.15 in chips)
Seat 4: 6ff398a4 ($14.98 in chips)
Seat 5: b38f8f8a ($9.9 in chips)
Seat 6: Hero ($10 in chips)
b38f8f8a: posts small blind $0.05
Hero: posts big blind $0.1
*** HOLE CARDS ***
Dealt to 13aea719 
Dealt to f6fac91e 
Dealt to 5aa83e3f 
Dealt to 6ff398a4 
Dealt to b38f8f8a 
Dealt to Hero [Qd 5h]
13aea719: folds
f6fac91e: raises $0.1 to $0.2
5aa83e3f: folds
6ff398a4: folds
b38f8f8a: folds
Hero: folds
Uncalled bet ($0.1) returned to f6fac91e
*** SHOWDOWN ***
f6fac91e collected $0.25 from pot
*** SUMMARY ***
Total pot $0.25 | Rake $0 | Jackpot $0 | Bingo $0 | Fortune $0 | Tax $0
Seat 1: 13aea719 folded before Flop (didn't bet)
Seat 2: f6fac91e collected ($0.25)
Seat 3: 5aa83e3f folded before Flop (didn't bet)
Seat 4: 6ff398a4 (button) folded before Flop (didn't bet)
Seat 5: b38f8f8a (small blind) folded before Flop
Seat 6: Hero (big blind) folded before Flop


Poker Hand #HD1852602059: Hold'em No Limit ($0.05/$0.1) - 2024/07/11 16:42:18
Table 'NLHRed91' 6-max Seat #3 is the button
Seat 1: 13aea719 ($6.43 in chips)
Seat 2: f6fac91e ($14.27 in chips)
Seat 3: 5aa83e3f ($10 in chips)
Seat 4: 6ff398a4 ($15.03 in chips)
Seat 5: b38f8f8a ($10 in chips)
Seat 6: Hero ($10 in chips)
6ff398a4: posts small blind $0.05
b38f8f8a: posts big blind $0.1
*** HOLE CARDS ***
Dealt to 13aea719 
Dealt to f6fac91e 
Dealt to 5aa83e3f 
Dealt to 6ff398a4 
Dealt to b38f8f8a 
Dealt to Hero [3d Kd]
Hero: folds
13aea719: folds
f6fac91e: folds
5aa83e3f: raises $0.15 to $0.25
6ff398a4: folds
b38f8f8a: folds
Uncalled bet ($0.15) returned to 5aa83e3f
*** SHOWDOWN ***
5aa83e3f collected $0.25 from pot
*** SUMMARY ***
Total pot $0.25 | Rake $0 | Jackpot $0 | Bingo $0 | Fortune $0 | Tax $0
Seat 1: 13aea719 folded before Flop (didn't bet)
Seat 2: f6fac91e folded before Flop (didn't bet)
Seat 3: 5aa83e3f (button) collected ($0.25)
Seat 4: 6ff398a4 (small blind) folded before Flop
Seat 5: b38f8f8a (big blind) folded before Flop
Seat 6: Hero folded before Flop (didn't bet)


Poker Hand #HD1852601670: Hold'em No Limit ($0.05/$0.1) - 2024/07/11 16:39:15
Table 'NLHRed91' 6-max Seat #2 is the button
Seat 1: 13aea719 ($11.27 in chips)
Seat 2: f6fac91e ($14.27 in chips)
Seat 3: 5aa83e3f ($10 in chips)
Seat 4: 6ff398a4 ($10.19 in chips)
Seat 5: e2326909 ($13.6 in chips)
Seat 6: Hero ($10.32 in chips)
5aa83e3f: posts small blind $0.05
6ff398a4: posts big blind $0.1
*** HOLE CARDS ***
Dealt to 13aea719 
Dealt to f6fac91e 
Dealt to 5aa83e3f 
Dealt to 6ff398a4 
Dealt to e2326909 
Dealt to Hero [Ad 8d]
e2326909: folds
Hero: raises $0.1 to $0.2
13aea719: raises $0.36 to $0.56
f6fac91e: folds
5aa83e3f: folds
6ff398a4: calls $0.46
Hero: calls $0.36
*** FLOP *** [3s Td 5c]
6ff398a4: checks
Hero: checks
13aea719: bets $1.39
6ff398a4: calls $1.39
Hero: folds
*** TURN *** [3s Td 5c] [2s]
6ff398a4: checks
13aea719: bets $2.89
6ff398a4: raises $5.35 to $8.24 and is all-in
13aea719: folds
Uncalled bet ($5.35) returned to 6ff398a4
*** SHOWDOWN ***
6ff398a4 collected $9.68 from pot
*** SUMMARY ***
Total pot $10.29 | Rake $0.51 | Jackpot $0.1 | Bingo $0 | Fortune $0 | Tax $0
Board [3s Td 5c 2s]
Seat 1: 13aea719 folded on the Turn
Seat 2: f6fac91e (button) folded before Flop (didn't bet)
Seat 3: 5aa83e3f (small blind) folded before Flop
Seat 4: 6ff398a4 (big blind) won ($9.68)
Seat 5: e2326909 folded before Flop (didn't bet)
Seat 6: Hero folded on the Flop


Poker Hand #HD1852601592: Hold'em No Limit ($0.05/$0.1) - 2024/07/11 16:38:43
Table 'NLHRed91' 6-max Seat #1 is the button
Seat 1: 13aea719 ($11.27 in chips)
Seat 2: f6fac91e ($13.8 in chips)
Seat 3: 5aa83e3f ($10.12 in chips)
Seat 4: 6ff398a4 ($10.19 in chips)
Seat 5: e2326909 ($13.85 in chips)
Seat 6: Hero ($10.32 in chips)
f6fac91e: posts small blind $0.05
5aa83e3f: posts big blind $0.1
*** HOLE CARDS ***
Dealt to 13aea719 
Dealt to f6fac91e 
Dealt to 5aa83e3f 
Dealt to 6ff398a4 
Dealt to e2326909 
Dealt to Hero [4c Th]
6ff398a4: folds
e2326909: raises $0.15 to $0.25
Hero: folds
13aea719: folds
f6fac91e: calls $0.2
5aa83e3f: calls $0.15
*** FLOP *** [Qs Jd 6h]
f6fac91e: bets $0.42
5aa83e3f: folds
e2326909: folds
Uncalled bet ($0.42) returned to f6fac91e
*** SHOWDOWN ***
f6fac91e collected $0.72 from pot
*** SUMMARY ***
Total pot $0.75 | Rake $0.03 | Jackpot $0 | Bingo $0 | Fortune $0 | Tax $0
Board [Qs Jd 6h]
Seat 1: 13aea719 (button) folded before Flop (didn't bet)
Seat 2: f6fac91e (small blind) won ($0.72)
Seat 3: 5aa83e3f (big blind) folded on the Flop
Seat 4: 6ff398a4 folded before Flop (didn't bet)
Seat 5: e2326909 folded on the Flop
Seat 6: Hero folded before Flop (didn't bet)


Poker Hand #HD1852601548: Hold'em No Limit ($0.05/$0.1) - 2024/07/11 16:38:24
Table 'NLHRed91' 6-max Seat #6 is the button
Seat 1: 13aea719 ($11.32 in chips)
Seat 2: f6fac91e ($13.75 in chips)
Seat 3: 5aa83e3f ($10.12 in chips)
Seat 4: 6ff398a4 ($10.19 in chips)
Seat 5: e2326909 ($13.85 in chips)
Seat 6: Hero ($10.32 in chips)
13aea719: posts small blind $0.05
f6fac91e: posts big blind $0.1
*** HOLE CARDS ***
Dealt to 13aea719 
Dealt to f6fac91e 
Dealt to 5aa83e3f 
Dealt to 6ff398a4 
Dealt to e2326909 
Dealt to Hero [8d 3s]
5aa83e3f: folds
6ff398a4: folds
e2326909: folds
Hero: folds
13aea719: folds
Uncalled bet ($0.05) returned to f6fac91e
*** SHOWDOWN ***
f6fac91e collected $0.1 from pot
*** SUMMARY ***
Total pot $0.1 | Rake $0 | Jackpot $0 | Bingo $0 | Fortune $0 | Tax $0
Seat 1: 13aea719 (small blind) folded before Flop
Seat 2: f6fac91e (big blind) collected ($0.1)
Seat 3: 5aa83e3f folded before Flop (didn't bet)
Seat 4: 6ff398a4 folded before Flop (didn't bet)
Seat 5: e2326909 folded before Flop (didn't bet)
Seat 6: Hero (button) folded before Flop (didn't bet)


Poker Hand #HD1852601475: Hold'em No Limit ($0.05/$0.1) - 2024/07/11 16:37:49
Table 'NLHRed91' 6-max Seat #5 is the button
Seat 1: 13aea719 ($11.42 in chips)
Seat 2: f6fac91e ($13.75 in chips)
Seat 3: 5aa83e3f ($10.37 in chips)
Seat 4: 6ff398a4 ($10.19 in chips)
Seat 5: e2326909 ($13.85 in chips)
Seat 6: Hero ($10 in chips)
Hero: posts small blind $0.05
13aea719: posts big blind $0.1
*** HOLE CARDS ***
Dealt to 13aea719 
Dealt to f6fac91e 
Dealt to 5aa83e3f 
Dealt to 6ff398a4 
Dealt to e2326909 
Dealt to Hero [Ah Th]
f6fac91e: folds
5aa83e3f: raises $0.15 to $0.25
6ff398a4: folds
e2326909: folds
Hero: raises $0.85 to $1.1
13aea719: folds
5aa83e3f: folds
Uncalled bet ($0.85) returned to Hero
*** SHOWDOWN ***
Hero collected $0.57 from pot
*** SUMMARY ***
Total pot $0.6 | Rake $0.03 | Jackpot $0 | Bingo $0 | Fortune $0 | Tax $0
Seat 1: 13aea719 (big blind) folded before Flop
Seat 2: f6fac91e folded before Flop (didn't bet)
Seat 3: 5aa83e3f folded before Flop
Seat 4: 6ff398a4 folded before Flop (didn't bet)
Seat 5: e2326909 (button) folded before Flop (didn't bet)
Seat 6: Hero (small blind) collected ($0.57)


Poker Hand #HD1852601429: Hold'em No Limit ($0.05/$0.1) - 2024/07/11 16:37:26
Table 'NLHRed91' 6-max Seat #4 is the button
Seat 1: 13aea719 ($11.67 in chips)
Seat 2: f6fac91e ($13.75 in chips)
Seat 3: 5aa83e3f ($10 in chips)
Seat 4: 6ff398a4 ($10.19 in chips)
Seat 5: e2326909 ($13.9 in chips)
Seat 6: Hero ($10 in chips)
e2326909: posts small blind $0.05
Hero: posts big blind $0.1
*** HOLE CARDS ***
Dealt to 13aea719 
Dealt to f6fac91e 
Dealt to 5aa83e3f 
Dealt to 6ff398a4 
Dealt to e2326909 
Dealt to Hero [4h Jc]
13aea719: raises $0.15 to $0.25
f6fac91e: folds
5aa83e3f: raises $0.54 to $0.79
6ff398a4: folds
e2326909: folds
Hero: folds
13aea719: folds
Uncalled bet ($0.54) returned to 5aa83e3f
*** SHOWDOWN ***
5aa83e3f collected $0.62 from pot
*** SUMMARY ***
Total pot $0.65 | Rake $0.03 | Jackpot $0 | Bingo $0 | Fortune $0 | Tax $0
Seat 1: 13aea719 folded before Flop
Seat 2: f6fac91e folded before Flop (didn't bet)
Seat 3: 5aa83e3f collected ($0.62)
Seat 4: 6ff398a4 (button) folded before Flop (didn't bet)
Seat 5: e2326909 (small blind) folded before Flop
Seat 6: Hero (big blind) folded before Flop


Poker Hand #HD1852601373: Hold'em No Limit ($0.05/$0.1) - 2024/07/11 16:37:02
Table 'NLHRed91' 6-max Seat #3 is the button
Seat 1: 13aea719 ($11.67 in chips)
Seat 2: f6fac91e ($13.6 in chips)
Seat 3: 5aa83e3f ($10 in chips)
Seat 4: 6ff398a4 ($10.24 in chips)
Seat 5: e2326909 ($14 in chips)
Seat 6: Hero ($10 in chips)
6ff398a4: posts small blind $0.05
e2326909: posts big blind $0.1
*** HOLE CARDS ***
Dealt to 13aea719 
Dealt to f6fac91e 
Dealt to 5aa83e3f 
Dealt to 6ff398a4 
Dealt to e2326909 
Dealt to Hero [3s Th]
Hero: folds
13aea719: folds
f6fac91e: raises $0.1 to $0.2
5aa83e3f: folds
6ff398a4: folds
e2326909: folds
Uncalled bet ($0.1) returned to f6fac91e
*** SHOWDOWN ***
f6fac91e collected $0.25 from pot
*** SUMMARY ***
Total pot $0.25 | Rake $0 | Jackpot $0 | Bingo $0 | Fortune $0 | Tax $0
Seat 1: 13aea719 folded before Flop (didn't bet)
Seat 2: f6fac91e collected ($0.25)
Seat 3: 5aa83e3f (button) folded before Flop (didn't bet)
Seat 4: 6ff398a4 (small blind) folded before Flop
Seat 5: e2326909 (big blind) folded before Flop
Seat 6: Hero folded before Flop (didn't bet)


Poker Hand #HD1852601329: Hold'em No Limit ($0.05/$0.1) - 2024/07/11 16:36:43
Table 'NLHRed91' 6-max Seat #2 is the button
Seat 1: 13aea719 ($11.52 in chips)
Seat 2: f6fac91e ($13.6 in chips)
Seat 3: 5aa83e3f ($10 in chips)
Seat 4: 6ff398a4 ($10.34 in chips)
Seat 5: e2326909 ($14 in chips)
Seat 6: Hero ($10 in chips)
5aa83e3f: posts small blind $0.05
6ff398a4: posts big blind $0.1
*** HOLE CARDS ***
Dealt to 13aea719 
Dealt to f6fac91e 
Dealt to 5aa83e3f 
Dealt to 6ff398a4 
Dealt to e2326909 
Dealt to Hero [5s 6c]
e2326909: folds
Hero: folds
13aea719: raises $0.15 to $0.25
f6fac91e: folds
5aa83e3f: folds
6ff398a4: folds
Uncalled bet ($0.15) returned to 13aea719
*** SHOWDOWN ***
13aea719 collected $0.25 from pot
*** SUMMARY ***
Total pot $0.25 | Rake $0 | Jackpot $0 | Bingo $0 | Fortune $0 | Tax $0
Seat 1: 13aea719 collected ($0.25)
Seat 2: f6fac91e (button) folded before Flop (didn't bet)
Seat 3: 5aa83e3f (small blind) folded before Flop
Seat 4: 6ff398a4 (big blind) folded before Flop
Seat 5: e2326909 folded before Flop (didn't bet)
Seat 6: Hero folded before Flop (didn't bet)


Poker Hand #HD1852601269: Hold'em No Limit ($0.05/$0.1) - 2024/07/11 16:36:12
Table 'NLHRed91' 6-max Seat #1 is the button
Seat 1: 13aea719 ($11.52 in chips)
Seat 2: f6fac91e ($13.37 in chips)
Seat 3: 5aa83e3f ($10.1 in chips)
Seat 4: 6ff398a4 ($10.34 in chips)
Seat 5: e2326909 ($14 in chips)
Seat 6: Hero ($10 in chips)
f6fac91e: posts small blind $0.05
5aa83e3f: posts big blind $0.1
*** HOLE CARDS ***
Dealt to 13aea719 
Dealt to f6fac91e 
Dealt to 5aa83e3f 
Dealt to 6ff398a4 
Dealt to e2326909 
Dealt to Hero [Ts 8d]
6ff398a4: folds
e2326909: folds
Hero: folds
13aea719: folds
f6fac91e: raises $0.15 to $0.25
5aa83e3f: calls $0.15
*** FLOP *** [7h 9s 9c]
f6fac91e: bets $0.17
5aa83e3f: folds
Uncalled bet ($0.17) returned to f6fac91e
*** SHOWDOWN ***
f6fac91e collected $0.48 from pot
*** SUMMARY ***
Total pot $0.5 | Rake $0.02 | Jackpot $0 | Bingo $0 | Fortune $0 | Tax $0
Board [7h 9s 9c]
Seat 1: 13aea719 (button) folded before Flop (didn't bet)
Seat 2: f6fac91e (small blind) won ($0.48)
Seat 3: 5aa83e3f (big blind) folded on the Flop
Seat 4: 6ff398a4 folded before Flop (didn't bet)
Seat 5: e2326909 folded before Flop (didn't bet)
Seat 6: Hero folded before Flop (didn't bet)


Poker Hand #HD1852601208: Hold'em No Limit ($0.05/$0.1) - 2024/07/11 16:35:43
Table 'NLHRed91' 6-max Seat #6 is the button
Seat 1: 13aea719 ($11.77 in chips)
Seat 2: f6fac91e ($13.47 in chips)
Seat 3: 5aa83e3f ($10.1 in chips)
Seat 4: 6ff398a4 ($10.02 in chips)
Seat 5: e2326909 ($14 in chips)
Seat 6: Hero ($10 in chips)
13aea719: posts small blind $0.05
f6fac91e: posts big blind $0.1
*** HOLE CARDS ***
Dealt to 13aea719 
Dealt to f6fac91e 
Dealt to 5aa83e3f 
Dealt to 6ff398a4 
Dealt to e2326909 
Dealt to Hero [9c Qh]
5aa83e3f: folds
6ff398a4: raises $0.15 to $0.25
e2326909: folds
Hero: folds
13aea719: calls $0.2
f6fac91e: folds
*** FLOP *** [5s 7c 7d]
13aea719: checks
6ff398a4: bets $0.47
13aea719: folds
Uncalled bet ($0.47) returned to 6ff398a4
*** SHOWDOWN ***
6ff398a4 collected $0.57 from pot
*** SUMMARY ***
Total pot $0.6 | Rake $0.03 | Jackpot $0 | Bingo $0 | Fortune $0 | Tax $0
Board [5s 7c 7d]
Seat 1: 13aea719 (small blind) folded on the Flop
Seat 2: f6fac91e (big blind) folded before Flop
Seat 3: 5aa83e3f folded before Flop (didn't bet)
Seat 4: 6ff398a4 won ($0.57)
Seat 5: e2326909 folded before Flop (didn't bet)
Seat 6: Hero (button) folded before Flop (didn't bet)


Poker Hand #HD1852601115: Hold'em No Limit ($0.05/$0.1) - 2024/07/11 16:35:02
Table 'NLHRed91' 6-max Seat #5 is the button
Seat 1: 13aea719 ($11.5 in chips)
Seat 2: f6fac91e ($13.47 in chips)
Seat 3: 5aa83e3f ($10.1 in chips)
Seat 4: 6ff398a4 ($10.02 in chips)
Seat 5: e2326909 ($14 in chips)
Seat 6: Hero ($10 in chips)
Hero: posts small blind $0.05
13aea719: posts big blind $0.1
*** HOLE CARDS ***
Dealt to 13aea719 
Dealt to f6fac91e 
Dealt to 5aa83e3f 
Dealt to 6ff398a4 
Dealt to e2326909 
Dealt to Hero [Qh 4h]
f6fac91e: folds
5aa83e3f: folds
6ff398a4: folds
e2326909: folds
Hero: raises $0.2 to $0.3
13aea719: calls $0.2
*** FLOP *** [2h 6d 9c]
Hero: checks
13aea719: bets $0.39
Hero: folds
Uncalled bet ($0.39) returned to 13aea719
*** SHOWDOWN ***
13aea719 collected $0.57 from pot
*** SUMMARY ***
Total pot $0.6 | Rake $0.03 | Jackpot $0 | Bingo $0 | Fortune $0 | Tax $0
Board [2h 6d 9c]
Seat 1: 13aea719 (big blind) won ($0.57)
Seat 2: f6fac91e folded before Flop (didn't bet)
Seat 3: 5aa83e3f folded before Flop (didn't bet)
Seat 4: 6ff398a4 folded before Flop (didn't bet)
Seat 5: e2326909 (button) folded before Flop (didn't bet)
Seat 6: Hero (small blind) folded on the Flop


Poker Hand #HD1852601036: Hold'em No Limit ($0.05/$0.1) - 2024/07/11 16:34:28
Table 'NLHRed91' 6-max Seat #4 is the button
Seat 1: 13aea719 ($10.9 in chips)
Seat 2: f6fac91e ($13.47 in chips)
Seat 3: 5aa83e3f ($10.1 in chips)
Seat 4: 6ff398a4 ($10.02 in chips)
Seat 5: e2326909 ($14.05 in chips)
Seat 6: Hero ($10 in chips)
e2326909: posts small blind $0.05
Hero: posts big blind $0.1
*** HOLE CARDS ***
Dealt to 13aea719 
Dealt to f6fac91e 
Dealt to 5aa83e3f 
Dealt to 6ff398a4 
Dealt to e2326909 
Dealt to Hero [2h 2s]
13aea719: raises $0.15 to $0.25
f6fac91e: folds
5aa83e3f: folds
6ff398a4: folds
e2326909: folds
Hero: calls $0.15
*** FLOP *** [5h 4h Ad]
Hero: checks
13aea719: bets $0.36
Hero: calls $0.36
*** TURN *** [5h 4h Ad] [Ac]
Hero: checks
13aea719: bets $0.96
Hero: folds
Uncalled bet ($0.96) returned to 13aea719
*** SHOWDOWN ***
13aea719 collected $1.21 from pot
*** SUMMARY ***
Total pot $1.27 | Rake $0.06 | Jackpot $0 | Bingo $0 | Fortune $0 | Tax $0
Board [5h 4h Ad Ac]
Seat 1: 13aea719 won ($1.21)
Seat 2: f6fac91e folded before Flop (didn't bet)
Seat 3: 5aa83e3f folded before Flop (didn't bet)
Seat 4: 6ff398a4 (button) folded before Flop (didn't bet)
Seat 5: e2326909 (small blind) folded before Flop
Seat 6: Hero (big blind) folded on the Turn


Poker Hand #HD1852600910: Hold'em No Limit ($0.05/$0.1) - 2024/07/11 16:33:30
Table 'NLHRed91' 6-max Seat #3 is the button
Seat 1: 13aea719 ($10.9 in chips)
Seat 2: f6fac91e ($13.47 in chips)
Seat 3: 5aa83e3f ($10.54 in chips)
Seat 4: 6ff398a4 ($10.07 in chips)
Seat 5: e2326909 ($13.6 in chips)
Seat 6: Hero ($10 in chips)
6ff398a4: posts small blind $0.05
e2326909: posts big blind $0.1
*** HOLE CARDS ***
Dealt to 13aea719 
Dealt to f6fac91e 
Dealt to 5aa83e3f 
Dealt to 6ff398a4 
Dealt to e2326909 
Dealt to Hero [Jh 5c]
Hero: folds
13aea719: folds
f6fac91e: folds
5aa83e3f: raises $0.15 to $0.25
6ff398a4: folds
e2326909: calls $0.15
*** FLOP *** [9c Kh Ah]
e2326909: checks
5aa83e3f: bets $0.19
e2326909: calls $0.19
*** TURN *** [9c Kh Ah] [4s]
e2326909: checks
5aa83e3f: checks
*** RIVER *** [9c Kh Ah 4s] [7s]
e2326909: checks
5aa83e3f: checks
e2326909: shows [6c Ac] (Pair of Aces)
5aa83e3f: shows [Qc 9h] (Pair of Nines)
*** SHOWDOWN ***
e2326909 collected $0.89 from pot
*** SUMMARY ***
Total pot $0.93 | Rake $0.04 | Jackpot $0 | Bingo $0 | Fortune $0 | Tax $0
Board [9c Kh Ah 4s 7s]
Seat 1: 13aea719 folded before Flop (didn't bet)
Seat 2: f6fac91e folded before Flop (didn't bet)
Seat 3: 5aa83e3f (button) showed [Qc 9h] and lost with Pair of Nines
Seat 4: 6ff398a4 (small blind) folded before Flop
Seat 5: e2326909 (big blind) showed [6c Ac] and won ($0.89) with Pair of Aces
Seat 6: Hero folded before Flop (didn't bet)


Poker Hand #HD1852600880: Hold'em No Limit ($0.05/$0.1) - 2024/07/11 16:33:13
Table 'NLHRed91' 6-max Seat #2 is the button
Seat 1: 13aea719 ($10.9 in chips)
Seat 2: f6fac91e ($13.47 in chips)
Seat 3: 5aa83e3f ($10.44 in chips)
Seat 4: 6ff398a4 ($10.17 in chips)
Seat 5: e2326909 ($13.6 in chips)
Seat 6: Hero ($10 in chips)
5aa83e3f: posts small blind $0.05
6ff398a4: posts big blind $0.1
*** HOLE CARDS ***
Dealt to 13aea719 
Dealt to f6fac91e 
Dealt to 5aa83e3f 
Dealt to 6ff398a4 
Dealt to e2326909 
Dealt to Hero [6d 8d]
e2326909: folds
Hero: folds
13aea719: folds
f6fac91e: folds
5aa83e3f: raises $0.2 to $0.3
6ff398a4: folds
Uncalled bet ($0.2) returned to 5aa83e3f
*** SHOWDOWN ***
5aa83e3f collected $0.2 from pot
*** SUMMARY ***
Total pot $0.2 | Rake $0 | Jackpot $0 | Bingo $0 | Fortune $0 | Tax $0
Seat 1: 13aea719 folded before Flop (didn't bet)
Seat 2: f6fac91e (button) folded before Flop (didn't bet)
Seat 3: 5aa83e3f (small blind) collected ($0.2)
Seat 4: 6ff398a4 (big blind) folded before Flop
Seat 5: e2326909 folded before Flop (didn't bet)
Seat 6: Hero folded before Flop (didn't bet)


Poker Hand #HD1852600764: Hold'em No Limit ($0.05/$0.1) - 2024/07/11 16:32:18
Table 'NLHRed91' 6-max Seat #1 is the button
Seat 1: 13aea719 ($9.4 in chips)
Seat 2: f6fac91e ($13.52 in chips)
Seat 3: 5aa83e3f ($12.16 in chips)
Seat 4: 6ff398a4 ($10.17 in chips)
Seat 5: e2326909 ($13.6 in chips)
Seat 6: Hero ($10 in chips)
f6fac91e: posts small blind $0.05
5aa83e3f: posts big blind $0.1
*** HOLE CARDS ***
Dealt to 13aea719 
Dealt to f6fac91e 
Dealt to 5aa83e3f 
Dealt to 6ff398a4 
Dealt to e2326909 
Dealt to Hero [Ks 2c]
6ff398a4: folds
e2326909: folds
Hero: folds
13aea719: raises $0.15 to $0.25
f6fac91e: folds
5aa83e3f: calls $0.15
*** FLOP *** [7d 4h 4d]
5aa83e3f: checks
13aea719: checks
*** TURN *** [7d 4h 4d] [8c]
5aa83e3f: bets $0.4
13aea719: calls $0.4
*** RIVER *** [7d 4h 4d 8c] [Td]
5aa83e3f: bets $1.07
13aea719: calls $1.07
5aa83e3f: shows [Qd 9c] (Pair of Fours)
13aea719: shows [6h 7h] (Pair of Sevens and Pair of Fours)
*** SHOWDOWN ***
13aea719 collected $3.22 from pot
*** SUMMARY ***
Total pot $3.49 | Rake $0.17 | Jackpot $0.1 | Bingo $0 | Fortune $0 | Tax $0
Board [7d 4h 4d 8c Td]
Seat 1: 13aea719 (button) showed [6h 7h] and won ($3.22) with Pair of Sevens and Pair of Fours
Seat 2: f6fac91e (small blind) folded before Flop
Seat 3: 5aa83e3f (big blind) showed [Qd 9c] and lost with Pair of Fours
Seat 4: 6ff398a4 folded before Flop (didn't bet)
Seat 5: e2326909 folded before Flop (didn't bet)
Seat 6: Hero folded before Flop (didn't bet)


Poker Hand #HD1852600608: Hold'em No Limit ($0.05/$0.1) - 2024/07/11 16:31:07
Table 'NLHRed91' 6-max Seat #6 is the button
Seat 1: 13aea719 ($7.33 in chips)
Seat 2: f6fac91e ($15.92 in chips)
Seat 3: 5aa83e3f ($12.16 in chips)
Seat 4: 6ff398a4 ($10.17 in chips)
Seat 5: e2326909 ($13.6 in chips)
Seat 6: Hero ($10 in chips)
13aea719: posts small blind $0.05
f6fac91e: posts big blind $0.1
*** HOLE CARDS ***
Dealt to 13aea719 
Dealt to f6fac91e 
Dealt to 5aa83e3f 
Dealt to 6ff398a4 
Dealt to e2326909 
Dealt to Hero [9s Th]
5aa83e3f: folds
6ff398a4: folds
e2326909: folds
Hero: folds
13aea719: raises $0.15 to $0.25
f6fac91e: raises $0.38 to $0.63
13aea719: calls $0.38
*** FLOP *** [8c 4h 9h]
13aea719: checks
f6fac91e: bets $0.42
13aea719: raises $1.35 to $1.77
f6fac91e: calls $1.35
*** TURN *** [8c 4h 9h] [Qc]
13aea719: checks
f6fac91e: checks
*** RIVER *** [8c 4h 9h Qc] [5s]
13aea719: checks
f6fac91e: checks
13aea719: shows [8h Jh] (Pair of Eights)
f6fac91e: shows [Td Ks] (King-High)
*** SHOWDOWN ***
13aea719 collected $4.47 from pot
*** SUMMARY ***
Total pot $4.8 | Rake $0.23 | Jackpot $0.1 | Bingo $0 | Fortune $0 | Tax $0
Board [8c 4h 9h Qc 5s]
Seat 1: 13aea719 (small blind) showed [8h Jh] and won ($4.47) with Pair of Eights
Seat 2: f6fac91e (big blind) showed [Td Ks] and lost with King-High
Seat 3: 5aa83e3f folded before Flop (didn't bet)
Seat 4: 6ff398a4 folded before Flop (didn't bet)
Seat 5: e2326909 folded before Flop (didn't bet)
Seat 6: Hero (button) folded before Flop (didn't bet)


Poker Hand #HD1852600568: Hold'em No Limit ($0.05/$0.1) - 2024/07/11 16:30:50
Table 'NLHRed91' 6-max Seat #5 is the button
Seat 1: 13aea719 ($7.28 in chips)
Seat 2: f6fac91e ($15.92 in chips)
Seat 3: 5aa83e3f ($12.16 in chips)
Seat 4: 6ff398a4 ($10.17 in chips)
Seat 5: e2326909 ($13.6 in chips)
Seat 6: Hero ($10 in chips)
Hero: posts small blind $0.05
13aea719: posts big blind $0.1
*** HOLE CARDS ***
Dealt to 13aea719 
Dealt to f6fac91e 
Dealt to 5aa83e3f 
Dealt to 6ff398a4 
Dealt to e2326909 
Dealt to Hero [3d 9d]
f6fac91e: folds
5aa83e3f: folds
6ff398a4: folds
e2326909: folds
Hero: folds
Uncalled bet ($0.05) returned to 13aea719
*** SHOWDOWN ***
13aea719 collected $0.1 from pot
*** SUMMARY ***
Total pot $0.1 | Rake $0 | Jackpot $0 | Bingo $0 | Fortune $0 | Tax $0
Seat 1: 13aea719 (big blind) collected ($0.1)
Seat 2: f6fac91e folded before Flop (didn't bet)
Seat 3: 5aa83e3f folded before Flop (didn't bet)
Seat 4: 6ff398a4 folded before Flop (didn't bet)
Seat 5: e2326909 (button) folded before Flop (didn't bet)
Seat 6: Hero (small blind) folded before Flop


Poker Hand #HD1852600504: Hold'em No Limit ($0.05/$0.1) - 2024/07/11 16:30:19
Table 'NLHRed91' 6-max Seat #4 is the button
Seat 1: 13aea719 ($7.28 in chips)
Seat 2: f6fac91e ($15.92 in chips)
Seat 3: 5aa83e3f ($12.16 in chips)
Seat 4: 6ff398a4 ($10.17 in chips)
Seat 5: e2326909 ($13.5 in chips)
Seat 6: Hero ($10 in chips)
e2326909: posts small blind $0.05
Hero: posts big blind $0.1
*** HOLE CARDS ***
Dealt to 13aea719 
Dealt to f6fac91e 
Dealt to 5aa83e3f 
Dealt to 6ff398a4 
Dealt to e2326909 
Dealt to Hero [8h Td]
13aea719: folds
f6fac91e: folds
5aa83e3f: folds
6ff398a4: folds
e2326909: raises $0.2 to $0.3
Hero: folds
Uncalled bet ($0.2) returned to e2326909
*** SHOWDOWN ***
e2326909 collected $0.2 from pot
*** SUMMARY ***
Total pot $0.2 | Rake $0 | Jackpot $0 | Bingo $0 | Fortune $0 | Tax $0
Seat 1: 13aea719 folded before Flop (didn't bet)
Seat 2: f6fac91e folded before Flop (didn't bet)
Seat 3: 5aa83e3f folded before Flop (didn't bet)
Seat 4: 6ff398a4 (button) folded before Flop (didn't bet)
Seat 5: e2326909 (small blind) collected ($0.2)
Seat 6: Hero (big blind) folded before Flop


Poker Hand #HD1852600382: Hold'em No Limit ($0.05/$0.1) - 2024/07/11 16:29:26
Table 'NLHRed91' 6-max Seat #3 is the button
Seat 1: 13aea719 ($7 in chips)
Seat 2: f6fac91e ($15.92 in chips)
Seat 3: 5aa83e3f ($12.16 in chips)
Seat 4: 6ff398a4 ($10.22 in chips)
Seat 5: e2326909 ($13.75 in chips)
Seat 6: Hero ($10 in chips)
6ff398a4: posts small blind $0.05
e2326909: posts big blind $0.1
*** HOLE CARDS ***
Dealt to 13aea719 
Dealt to f6fac91e 
Dealt to 5aa83e3f 
Dealt to 6ff398a4 
Dealt to e2326909 
Dealt to Hero [9c 7s]
Hero: folds
13aea719: raises $0.15 to $0.25
f6fac91e: folds
5aa83e3f: folds
6ff398a4: folds
e2326909: calls $0.15
*** FLOP *** [Qs 3h 3d]
e2326909: checks
13aea719: checks
*** TURN *** [Qs 3h 3d] [8s]
e2326909: checks
13aea719: checks
*** RIVER *** [Qs 3h 3d 8s] [Tc]
e2326909: checks
13aea719: bets $0.55
e2326909: folds
Uncalled bet ($0.55) returned to 13aea719
*** SHOWDOWN ***
13aea719 collected $0.53 from pot
*** SUMMARY ***
Total pot $0.55 | Rake $0.02 | Jackpot $0 | Bingo $0 | Fortune $0 | Tax $0
Board [Qs 3h 3d 8s Tc]
Seat 1: 13aea719 won ($0.53)
Seat 2: f6fac91e folded before Flop (didn't bet)
Seat 3: 5aa83e3f (button) folded before Flop (didn't bet)
Seat 4: 6ff398a4 (small blind) folded before Flop
Seat 5: e2326909 (big blind) folded on the River
Seat 6: Hero folded before Flop (didn't bet)


Poker Hand #HD1852600203: Hold'em No Limit ($0.05/$0.1) - 2024/07/11 16:28:06
Table 'NLHRed91' 6-max Seat #2 is the button
Seat 1: 13aea719 ($7.3 in chips)
Seat 2: f6fac91e ($18.98 in chips)
Seat 3: 5aa83e3f ($12.21 in chips)
Seat 4: 6ff398a4 ($10.32 in chips)
Seat 5: e2326909 ($10.66 in chips)
Seat 6: Hero ($10 in chips)
5aa83e3f: posts small blind $0.05
6ff398a4: posts big blind $0.1
*** HOLE CARDS ***
Dealt to 13aea719 
Dealt to f6fac91e 
Dealt to 5aa83e3f 
Dealt to 6ff398a4 
Dealt to e2326909 
Dealt to Hero [2s Jh]
e2326909: raises $0.2 to $0.3
Hero: folds
13aea719: calls $0.3
f6fac91e: calls $0.3
5aa83e3f: folds
6ff398a4: folds
*** FLOP *** [5c 9d 4d]
e2326909: checks
13aea719: checks
f6fac91e: bets $0.58
e2326909: raises $0.93 to $1.51
13aea719: folds
f6fac91e: calls $0.93
*** TURN *** [5c 9d 4d] [5h]
e2326909: bets $1.25
f6fac91e: calls $1.25
*** RIVER *** [5c 9d 4d 5h] [8d]
e2326909: checks
f6fac91e: checks
e2326909: shows [As Ac] (Pair of Aces and Pair of Fives)
f6fac91e: shows [4h 6h] (Pair of Fives and Pair of Fours)
*** SHOWDOWN ***
e2326909 collected $6.15 from pot
*** SUMMARY ***
Total pot $6.57 | Rake $0.32 | Jackpot $0.1 | Bingo $0 | Fortune $0 | Tax $0
Board [5c 9d 4d 5h 8d]
Seat 1: 13aea719 folded on the Flop
Seat 2: f6fac91e (button) showed [4h 6h] and lost with Pair of Fives and Pair of Fours
Seat 3: 5aa83e3f (small blind) folded before Flop
Seat 4: 6ff398a4 (big blind) folded before Flop
Seat 5: e2326909 showed [As Ac] and won ($6.15) with Pair of Aces and Pair of Fives
Seat 6: Hero folded before Flop (didn't bet)


Poker Hand #HD1852600015: Hold'em No Limit ($0.05/$0.1) - 2024/07/11 16:26:37
Table 'NLHRed91' 6-max Seat #1 is the button
Seat 1: 13aea719 ($9.45 in chips)
Seat 2: f6fac91e ($15 in chips)
Seat 3: 5aa83e3f ($12.31 in chips)
Seat 4: 6ff398a4 ($10.32 in chips)
Seat 5: e2326909 ($10.66 in chips)
Seat 6: Hero ($10.33 in chips)
f6fac91e: posts small blind $0.05
5aa83e3f: posts big blind $0.1
*** HOLE CARDS ***
Dealt to 13aea719 
Dealt to f6fac91e 
Dealt to 5aa83e3f 
Dealt to 6ff398a4 
Dealt to e2326909 
Dealt to Hero [Jh Kh]
6ff398a4: folds
e2326909: folds
Hero: raises $0.14 to $0.24
13aea719: raises $0.41 to $0.65
f6fac91e: calls $0.6
5aa83e3f: folds
Hero: calls $0.41
*** FLOP *** [4h 2h 2d]
f6fac91e: checks
Hero: checks
13aea719: checks
*** TURN *** [4h 2h 2d] [Qd]
f6fac91e: checks
Hero: bets $0.68
13aea719: raises $0.82 to $1.5
f6fac91e: calls $1.5
Hero: calls $0.82
*** RIVER *** [4h 2h 2d Qd] [5c]
f6fac91e: checks
Hero: checks
13aea719: checks
f6fac91e: shows [Qc Th] (Pair of Queens and Pair of Twos)
Hero: shows [Jh Kh] (Pair of Twos)
13aea719: shows [9c Ks] (Pair of Twos)
*** SHOWDOWN ***
f6fac91e collected $6.13 from pot
*** SUMMARY ***
Total pot $6.55 | Rake $0.32 | Jackpot $0.1 | Bingo $0 | Fortune $0 | Tax $0
Board [4h 2h 2d Qd 5c]
Seat 1: 13aea719 (button) showed [9c Ks] and lost with Pair of Twos
Seat 2: f6fac91e (small blind) showed [Qc Th] and won ($6.13) with Pair of Queens and Pair of Twos
Seat 3: 5aa83e3f (big blind) folded before Flop
Seat 4: 6ff398a4 folded before Flop (didn't bet)
Seat 5: e2326909 folded before Flop (didn't bet)
Seat 6: Hero showed [Jh Kh] and lost with Pair of Twos


Poker Hand #HD1852599974: Hold'em No Limit ($0.05/$0.1) - 2024/07/11 16:26:16
Table 'NLHRed91' 6-max Seat #6 is the button
Seat 1: 13aea719 ($9.5 in chips)
Seat 2: f6fac91e ($14.95 in chips)
Seat 3: 5aa83e3f ($12.31 in chips)
Seat 4: 6ff398a4 ($10.32 in chips)
Seat 5: e2326909 ($10.66 in chips)
Seat 6: Hero ($10.33 in chips)
13aea719: posts small blind $0.05
f6fac91e: posts big blind $0.1
*** HOLE CARDS ***
Dealt to 13aea719 
Dealt to f6fac91e 
Dealt to 5aa83e3f 
Dealt to 6ff398a4 
Dealt to e2326909 
Dealt to Hero [3h Qc]
5aa83e3f: folds
6ff398a4: folds
e2326909: folds
Hero: folds
13aea719: folds
Uncalled bet ($0.05) returned to f6fac91e
*** SHOWDOWN ***
f6fac91e collected $0.1 from pot
*** SUMMARY ***
Total pot $0.1 | Rake $0 | Jackpot $0 | Bingo $0 | Fortune $0 | Tax $0
Seat 1: 13aea719 (small blind) folded before Flop
Seat 2: f6fac91e (big blind) collected ($0.1)
Seat 3: 5aa83e3f folded before Flop (didn't bet)
Seat 4: 6ff398a4 folded before Flop (didn't bet)
Seat 5: e2326909 folded before Flop (didn't bet)
Seat 6: Hero (button) folded before Flop (didn't bet)


Poker Hand #HD1852599892: Hold'em No Limit ($0.05/$0.1) - 2024/07/11 16:25:34
Table 'NLHRed91' 6-max Seat #5 is the button
Seat 1: 13aea719 ($10.15 in chips)
Seat 2: f6fac91e ($14.31 in chips)
Seat 3: 5aa83e3f ($12.31 in chips)
Seat 4: 6ff398a4 ($10.32 in chips)
Seat 5: e2326909 ($10.66 in chips)
Seat 6: Hero ($10.38 in chips)
Hero: posts small blind $0.05
13aea719: posts big blind $0.1
*** HOLE CARDS ***
Dealt to 13aea719 
Dealt to f6fac91e 
Dealt to 5aa83e3f 
Dealt to 6ff398a4 
Dealt to e2326909 
Dealt to Hero [2d Kc]
f6fac91e: raises $0.1 to $0.2
5aa83e3f: folds
6ff398a4: folds
e2326909: folds
Hero: folds
13aea719: raises $0.45 to $0.65
f6fac91e: raises $1.62 to $2.27
13aea719: folds
Uncalled bet ($1.62) returned to f6fac91e
*** SHOWDOWN ***
f6fac91e collected $1.29 from pot
*** SUMMARY ***
Total pot $1.35 | Rake $0.06 | Jackpot $0 | Bingo $0 | Fortune $0 | Tax $0
Seat 1: 13aea719 (big blind) folded before Flop
Seat 2: f6fac91e collected ($1.29)
Seat 3: 5aa83e3f folded before Flop (didn't bet)
Seat 4: 6ff398a4 folded before Flop (didn't bet)
Seat 5: e2326909 (button) folded before Flop (didn't bet)
Seat 6: Hero (small blind) folded before Flop


Poker Hand #HD1852599840: Hold'em No Limit ($0.05/$0.1) - 2024/07/11 16:25:10
Table 'NLHRed91' 6-max Seat #4 is the button
Seat 1: 13aea719 ($10.15 in chips)
Seat 2: f6fac91e ($14.31 in chips)
Seat 3: 5aa83e3f ($12.56 in chips)
Seat 4: 6ff398a4 ($9.95 in chips)
Seat 5: e2326909 ($10.71 in chips)
Seat 6: Hero ($10.48 in chips)
e2326909: posts small blind $0.05
Hero: posts big blind $0.1
*** HOLE CARDS ***
Dealt to 13aea719 
Dealt to f6fac91e 
Dealt to 5aa83e3f 
Dealt to 6ff398a4 
Dealt to e2326909 
Dealt to Hero [9c Kh]
13aea719: folds
f6fac91e: folds
5aa83e3f: raises $0.15 to $0.25
6ff398a4: raises $0.51 to $0.76
e2326909: folds
Hero: folds
5aa83e3f: folds
Uncalled bet ($0.51) returned to 6ff398a4
*** SHOWDOWN ***
6ff398a4 collected $0.62 from pot
*** SUMMARY ***
Total pot $0.65 | Rake $0.03 | Jackpot $0 | Bingo $0 | Fortune $0 | Tax $0
Seat 1: 13aea719 folded before Flop (didn't bet)
Seat 2: f6fac91e folded before Flop (didn't bet)
Seat 3: 5aa83e3f folded before Flop
Seat 4: 6ff398a4 (button) collected ($0.62)
Seat 5: e2326909 (small blind) folded before Flop
Seat 6: Hero (big blind) folded before Flop


Poker Hand #HD1852599794: Hold'em No Limit ($0.05/$0.1) - 2024/07/11 16:24:49
Table 'NLHRed91' 6-max Seat #3 is the button
Seat 1: 13aea719 ($10.15 in chips)
Seat 2: f6fac91e ($14.16 in chips)
Seat 3: 5aa83e3f ($12.56 in chips)
Seat 4: 6ff398a4 ($10 in chips)
Seat 5: e2326909 ($10.81 in chips)
Seat 6: Hero ($10.48 in chips)
6ff398a4: posts small blind $0.05
e2326909: posts big blind $0.1
*** HOLE CARDS ***
Dealt to 13aea719 
Dealt to f6fac91e 
Dealt to 5aa83e3f 
Dealt to 6ff398a4 
Dealt to e2326909 
Dealt to Hero [Qd 3h]
Hero: folds
13aea719: folds
f6fac91e: raises $0.1 to $0.2
5aa83e3f: folds
6ff398a4: folds
e2326909: folds
Uncalled bet ($0.1) returned to f6fac91e
*** SHOWDOWN ***
f6fac91e collected $0.25 from pot
*** SUMMARY ***
Total pot $0.25 | Rake $0 | Jackpot $0 | Bingo $0 | Fortune $0 | Tax $0
Seat 1: 13aea719 folded before Flop (didn't bet)
Seat 2: f6fac91e collected ($0.25)
Seat 3: 5aa83e3f (button) folded before Flop (didn't bet)
Seat 4: 6ff398a4 (small blind) folded before Flop
Seat 5: e2326909 (big blind) folded before Flop
Seat 6: Hero folded before Flop (didn't bet)


Poker Hand #HD1852599757: Hold'em No Limit ($0.05/$0.1) - 2024/07/11 16:24:31
Table 'NLHRed91' 6-max Seat #2 is the button
Seat 1: 13aea719 ($10 in chips)
Seat 2: f6fac91e ($14.16 in chips)
Seat 3: 5aa83e3f ($12.61 in chips)
Seat 4: 6ff398a4 ($9.82 in chips)
Seat 5: e2326909 ($10.81 in chips)
Seat 6: Hero ($10.48 in chips)
5aa83e3f: posts small blind $0.05
6ff398a4: posts big blind $0.1
13aea719: posts big blind $0.1
*** HOLE CARDS ***
Dealt to 13aea719 
Dealt to f6fac91e 
Dealt to 5aa83e3f 
Dealt to 6ff398a4 
Dealt to e2326909 
Dealt to Hero [Jd 4s]
e2326909: folds
Hero: folds
13aea719: raises $0.15 to $0.25
f6fac91e: folds
5aa83e3f: folds
6ff398a4: folds
Uncalled bet ($0.15) returned to 13aea719
*** SHOWDOWN ***
13aea719 collected $0.25 from pot
*** SUMMARY ***
Total pot $0.25 | Rake $0 | Jackpot $0 | Bingo $0 | Fortune $0 | Tax $0
Seat 1: 13aea719 collected ($0.25)
Seat 2: f6fac91e (button) folded before Flop (didn't bet)
Seat 3: 5aa83e3f (small blind) folded before Flop
Seat 4: 6ff398a4 (big blind) folded before Flop
Seat 5: e2326909 folded before Flop (didn't bet)
Seat 6: Hero folded before Flop (didn't bet)


Poker Hand #HD1852599709: Hold'em No Limit ($0.05/$0.1) - 2024/07/11 16:24:06
Table 'NLHRed91' 6-max Seat #6 is the button
Seat 2: f6fac91e ($14.21 in chips)
Seat 3: 5aa83e3f ($12.71 in chips)
Seat 4: 6ff398a4 ($9.82 in chips)
Seat 5: e2326909 ($10.81 in chips)
Seat 6: Hero ($10.33 in chips)
f6fac91e: posts small blind $0.05
5aa83e3f: posts big blind $0.1
*** HOLE CARDS ***
Dealt to f6fac91e 
Dealt to 5aa83e3f 
Dealt to 6ff398a4 
Dealt to e2326909 
Dealt to Hero [Td Kc]
6ff398a4: folds
e2326909: folds
Hero: raises $0.14 to $0.24
f6fac91e: folds
5aa83e3f: folds
Uncalled bet ($0.14) returned to Hero
*** SHOWDOWN ***
Hero collected $0.25 from pot
*** SUMMARY ***
Total pot $0.25 | Rake $0 | Jackpot $0 | Bingo $0 | Fortune $0 | Tax $0
Seat 2: f6fac91e (small blind) folded before Flop
Seat 3: 5aa83e3f (big blind) folded before Flop
Seat 4: 6ff398a4 folded before Flop (didn't bet)
Seat 5: e2326909 folded before Flop (didn't bet)
Seat 6: Hero (button) collected ($0.25)


Poker Hand #HD1852599506: Hold'em No Limit ($0.05/$0.1) - 2024/07/11 16:22:34
Table 'NLHRed91' 6-max Seat #5 is the button
Seat 2: f6fac91e ($14.31 in chips)
Seat 3: 5aa83e3f ($12.71 in chips)
Seat 4: 6ff398a4 ($10.56 in chips)
Seat 5: e2326909 ($10 in chips)
Seat 6: Hero ($10.38 in chips)
Hero: posts small blind $0.05
f6fac91e: posts big blind $0.1
*** HOLE CARDS ***
Dealt to f6fac91e 
Dealt to 5aa83e3f 
Dealt to 6ff398a4 
Dealt to e2326909 
Dealt to Hero [Qc Ts]
5aa83e3f: folds
6ff398a4: raises $0.15 to $0.25
e2326909: raises $0.49 to $0.74
Hero: folds
f6fac91e: folds
6ff398a4: calls $0.49
*** FLOP *** [As 3h Kc]
6ff398a4: checks
e2326909: checks
*** TURN *** [As 3h Kc] [Ad]
6ff398a4: checks
e2326909: checks
*** RIVER *** [As 3h Kc Ad] [5s]
6ff398a4: checks
e2326909: bets $0.54
6ff398a4: folds
Uncalled bet ($0.54) returned to e2326909
*** SHOWDOWN ***
e2326909 collected $1.55 from pot
*** SUMMARY ***
Total pot $1.63 | Rake $0.08 | Jackpot $0 | Bingo $0 | Fortune $0 | Tax $0
Board [As 3h Kc Ad 5s]
Seat 2: f6fac91e (big blind) folded before Flop
Seat 3: 5aa83e3f folded before Flop (didn't bet)
Seat 4: 6ff398a4 folded on the River
Seat 5: e2326909 (button) won ($1.55)
Seat 6: Hero (small blind) folded before Flop


Poker Hand #HD1852599472: Hold'em No Limit ($0.05/$0.1) - 2024/07/11 16:22:16
Table 'NLHRed91' 6-max Seat #4 is the button
Seat 1: cc1d693b ($13.4 in chips)
Seat 2: f6fac91e ($14.31 in chips)
Seat 3: 5aa83e3f ($12.71 in chips)
Seat 4: 6ff398a4 ($10.56 in chips)
Seat 5: e2326909 ($10 in chips)
Seat 6: Hero ($10.48 in chips)
e2326909: posts small blind $0.05
Hero: posts big blind $0.1
*** HOLE CARDS ***
Dealt to cc1d693b 
Dealt to f6fac91e 
Dealt to 5aa83e3f 
Dealt to 6ff398a4 
Dealt to e2326909 
Dealt to Hero [2s Ts]
cc1d693b: raises $0.15 to $0.25
f6fac91e: folds
5aa83e3f: folds
6ff398a4: folds
e2326909: folds
Hero: folds
Uncalled bet ($0.15) returned to cc1d693b
*** SHOWDOWN ***
cc1d693b collected $0.25 from pot
*** SUMMARY ***
Total pot $0.25 | Rake $0 | Jackpot $0 | Bingo $0 | Fortune $0 | Tax $0
Seat 1: cc1d693b collected ($0.25)
Seat 2: f6fac91e folded before Flop (didn't bet)
Seat 3: 5aa83e3f folded before Flop (didn't bet)
Seat 4: 6ff398a4 (button) folded before Flop (didn't bet)
Seat 5: e2326909 (small blind) folded before Flop
Seat 6: Hero (big blind) folded before Flop


Poker Hand #HD1852599444: Hold'em No Limit ($0.05/$0.1) - 2024/07/11 16:22:02
Table 'NLHRed91' 6-max Seat #3 is the button
Seat 1: cc1d693b ($13.4 in chips)
Seat 2: f6fac91e ($14.31 in chips)
Seat 3: 5aa83e3f ($12.71 in chips)
Seat 4: 6ff398a4 ($10.46 in chips)
Seat 5: e2326909 ($10 in chips)
Seat 6: Hero ($10.48 in chips)
6ff398a4: posts small blind $0.05
e2326909: posts big blind $0.1
*** HOLE CARDS ***
Dealt to cc1d693b 
Dealt to f6fac91e 
Dealt to 5aa83e3f 
Dealt to 6ff398a4 
Dealt to e2326909 
Dealt to Hero [9c 2d]
Hero: folds
cc1d693b: folds
f6fac91e: folds
5aa83e3f: folds
6ff398a4: raises $0.2 to $0.3
e2326909: folds
Uncalled bet ($0.2) returned to 6ff398a4
*** SHOWDOWN ***
6ff398a4 collected $0.2 from pot
*** SUMMARY ***
Total pot $0.2 | Rake $0 | Jackpot $0 | Bingo $0 | Fortune $0 | Tax $0
Seat 1: cc1d693b folded before Flop (didn't bet)
Seat 2: f6fac91e folded before Flop (didn't bet)
Seat 3: 5aa83e3f (button) folded before Flop (didn't bet)
Seat 4: 6ff398a4 (small blind) collected ($0.2)
Seat 5: e2326909 (big blind) folded before Flop
Seat 6: Hero folded before Flop (didn't bet)


Poker Hand #HD1852599419: Hold'em No Limit ($0.05/$0.1) - 2024/07/11 16:21:54
Table 'NLHRed91' 6-max Seat #2 is the button
Seat 1: cc1d693b ($13.4 in chips)
Seat 2: f6fac91e ($14.31 in chips)
Seat 3: 5aa83e3f ($12.76 in chips)
Seat 4: 6ff398a4 ($10.41 in chips)
Seat 6: Hero ($10.48 in chips)
5aa83e3f: posts small blind $0.05
6ff398a4: posts big blind $0.1
*** HOLE CARDS ***
Dealt to cc1d693b 
Dealt to f6fac91e 
Dealt to 5aa83e3f 
Dealt to 6ff398a4 
Dealt to Hero [4c 6h]
Hero: folds
cc1d693b: folds
f6fac91e: folds
5aa83e3f: folds
Uncalled bet ($0.05) returned to 6ff398a4
*** SHOWDOWN ***
6ff398a4 collected $0.1 from pot
*** SUMMARY ***
Total pot $0.1 | Rake $0 | Jackpot $0 | Bingo $0 | Fortune $0 | Tax $0
Seat 1: cc1d693b folded before Flop (didn't bet)
Seat 2: f6fac91e (button) folded before Flop (didn't bet)
Seat 3: 5aa83e3f (small blind) folded before Flop
Seat 4: 6ff398a4 (big blind) collected ($0.1)
Seat 6: Hero folded before Flop (didn't bet)


Poker Hand #HD1852599394: Hold'em No Limit ($0.05/$0.1) - 2024/07/11 16:21:43
Table 'NLHRed91' 6-max Seat #1 is the button
Seat 1: cc1d693b ($13.4 in chips)
Seat 2: f6fac91e ($14.36 in chips)
Seat 3: 5aa83e3f ($12.86 in chips)
Seat 4: 6ff398a4 ($10.41 in chips)
Seat 6: Hero ($10.33 in chips)
f6fac91e: posts small blind $0.05
5aa83e3f: posts big blind $0.1
*** HOLE CARDS ***
Dealt to cc1d693b 
Dealt to f6fac91e 
Dealt to 5aa83e3f 
Dealt to 6ff398a4 
Dealt to Hero [Qs Kd]
6ff398a4: folds
Hero: raises $0.14 to $0.24
cc1d693b: folds
f6fac91e: folds
5aa83e3f: folds
Uncalled bet ($0.14) returned to Hero
*** SHOWDOWN ***
Hero collected $0.25 from pot
*** SUMMARY ***
Total pot $0.25 | Rake $0 | Jackpot $0 | Bingo $0 | Fortune $0 | Tax $0
Seat 1: cc1d693b (button) folded before Flop (didn't bet)
Seat 2: f6fac91e (small blind) folded before Flop
Seat 3: 5aa83e3f (big blind) folded before Flop
Seat 4: 6ff398a4 folded before Flop (didn't bet)
Seat 6: Hero collected ($0.25)


Poker Hand #HD1852599314: Hold'em No Limit ($0.05/$0.1) - 2024/07/11 16:21:06
Table 'NLHRed91' 6-max Seat #6 is the button
Seat 1: cc1d693b ($13.45 in chips)
Seat 2: f6fac91e ($14.46 in chips)
Seat 3: 5aa83e3f ($12.86 in chips)
Seat 4: 6ff398a4 ($10.61 in chips)
Seat 6: Hero ($10 in chips)
cc1d693b: posts small blind $0.05
f6fac91e: posts big blind $0.1
*** HOLE CARDS ***
Dealt to cc1d693b 
Dealt to f6fac91e 
Dealt to 5aa83e3f 
Dealt to 6ff398a4 
Dealt to Hero [Ah Th]
5aa83e3f: folds
6ff398a4: raises $0.1 to $0.2
Hero: calls $0.2
cc1d693b: folds
f6fac91e: folds
*** FLOP *** [7s 2h Kh]
6ff398a4: checks
Hero: bets $0.3
6ff398a4: folds
Uncalled bet ($0.3) returned to Hero
*** SHOWDOWN ***
Hero collected $0.53 from pot
*** SUMMARY ***
Total pot $0.55 | Rake $0.02 | Jackpot $0 | Bingo $0 | Fortune $0 | Tax $0
Board [7s 2h Kh]
Seat 1: cc1d693b (small blind) folded before Flop
Seat 2: f6fac91e (big blind) folded before Flop
Seat 3: 5aa83e3f folded before Flop (didn't bet)
Seat 4: 6ff398a4 folded on the Flop
Seat 6: Hero (button) won ($0.53)


Poker Hand #HD1852599208: Hold'em No Limit ($0.05/$0.1) - 2024/07/11 16:20:08
Table 'NLHRed91' 6-max Seat #5 is the button
Seat 1: cc1d693b ($13.55 in chips)
Seat 2: f6fac91e ($13.75 in chips)
Seat 3: 5aa83e3f ($12.86 in chips)
Seat 4: 6ff398a4 ($11.24 in chips)
Seat 5: 44decb67 ($8.46 in chips)
Seat 6: Hero ($10 in chips)
Hero: posts small blind $0.05
cc1d693b: posts big blind $0.1
*** HOLE CARDS ***
Dealt to cc1d693b 
Dealt to f6fac91e 
Dealt to 5aa83e3f 
Dealt to 6ff398a4 
Dealt to 44decb67 
Dealt to Hero [3c 4h]
f6fac91e: raises $0.1 to $0.2
5aa83e3f: folds
6ff398a4: raises $0.43 to $0.63
44decb67: folds
Hero: folds
cc1d693b: folds
f6fac91e: calls $0.43
*** FLOP *** [Ah 4c Kc]
f6fac91e: checks
6ff398a4: checks
*** TURN *** [Ah 4c Kc] [2d]
f6fac91e: bets $0.78
6ff398a4: folds
Uncalled bet ($0.78) returned to f6fac91e
*** SHOWDOWN ***
f6fac91e collected $1.34 from pot
*** SUMMARY ***
Total pot $1.41 | Rake $0.07 | Jackpot $0 | Bingo $0 | Fortune $0 | Tax $0
Board [Ah 4c Kc 2d]
Seat 1: cc1d693b (big blind) folded before Flop
Seat 2: f6fac91e won ($1.34)
Seat 3: 5aa83e3f folded before Flop (didn't bet)
Seat 4: 6ff398a4 folded on the Turn
Seat 5: 44decb67 (button) folded before Flop (didn't bet)
Seat 6: Hero (small blind) folded before Flop


Poker Hand #HD1852599160: Hold'em No Limit ($0.05/$0.1) - 2024/07/11 16:19:44
Table 'NLHRed91' 6-max Seat #4 is the button
Seat 1: cc1d693b ($13.55 in chips)
Seat 2: f6fac91e ($13.75 in chips)
Seat 3: 5aa83e3f ($12.71 in chips)
Seat 4: 6ff398a4 ($11.24 in chips)
Seat 5: 44decb67 ($8.51 in chips)
Seat 6: Hero ($10 in chips)
44decb67: posts small blind $0.05
Hero: posts big blind $0.1
*** HOLE CARDS ***
Dealt to cc1d693b 
Dealt to f6fac91e 
Dealt to 5aa83e3f 
Dealt to 6ff398a4 
Dealt to 44decb67 
Dealt to Hero [7d Ts]
cc1d693b: folds
f6fac91e: folds
5aa83e3f: raises $0.15 to $0.25
6ff398a4: folds
44decb67: folds
Hero: folds
Uncalled bet ($0.15) returned to 5aa83e3f
*** SHOWDOWN ***
5aa83e3f collected $0.25 from pot
*** SUMMARY ***
Total pot $0.25 | Rake $0 | Jackpot $0 | Bingo $0 | Fortune $0 | Tax $0
Seat 1: cc1d693b folded before Flop (didn't bet)
Seat 2: f6fac91e folded before Flop (didn't bet)
Seat 3: 5aa83e3f collected ($0.25)
Seat 4: 6ff398a4 (button) folded before Flop (didn't bet)
Seat 5: 44decb67 (small blind) folded before Flop
Seat 6: Hero (big blind) folded before Flop


