Poker Hand #HD1757459128: Hold'em No Limit ($0.05/$0.1) - 2024/05/03 22:19:07
Table 'NLHRed28' 6-max Seat #4 is the button
Seat 1: 80a22123 ($21.38 in chips)
Seat 2: aa808d2f ($10 in chips)
Seat 3: ff15f3a5 ($10 in chips)
Seat 4: Hero ($23.09 in chips)
Seat 5: 55bcd497 ($1.42 in chips)
Seat 6: 61ebced7 ($13.39 in chips)
55bcd497: posts small blind $0.05
61ebced7: posts big blind $0.1
*** HOLE CARDS ***
Dealt to 80a22123 
Dealt to aa808d2f 
Dealt to ff15f3a5 
Dealt to Hero [Tc Ad]
Dealt to 55bcd497 
Dealt to 61ebced7 
80a22123: folds
aa808d2f: folds
ff15f3a5: raises $0.15 to $0.25
Hero: folds
55bcd497: folds
61ebced7: calls $0.15
*** FLOP *** [9c Qs 8h]
61ebced7: checks
ff15f3a5: checks
*** TURN *** [9c Qs 8h] [Ah]
61ebced7: checks
ff15f3a5: bets $1.1
61ebced7: folds
Uncalled bet ($1.1) returned to ff15f3a5
*** SHOWDOWN ***
ff15f3a5 collected $0.53 from pot
*** SUMMARY ***
Total pot $0.55 | Rake $0.02 | Jackpot $0 | Bingo $0 | Fortune $0 | Tax $0
Board [9c Qs 8h Ah]
Seat 1: 80a22123 folded before Flop (didn't bet)
Seat 2: aa808d2f folded before Flop (didn't bet)
Seat 3: ff15f3a5 won ($0.53)
Seat 4: Hero (button) folded before Flop (didn't bet)
Seat 5: 55bcd497 (small blind) folded before Flop
Seat 6: 61ebced7 (big blind) folded on the Turn


Poker Hand #HD1757459028: Hold'em No Limit ($0.05/$0.1) - 2024/05/03 22:18:25
Table 'NLHRed28' 6-max Seat #3 is the button
Seat 1: 80a22123 ($21.38 in chips)
Seat 2: aa808d2f ($9.79 in chips)
Seat 3: ff15f3a5 ($10 in chips)
Seat 4: Hero ($23.16 in chips)
Seat 5: 55bcd497 ($1.49 in chips)
Seat 6: 61ebced7 ($13.39 in chips)
Hero: posts small blind $0.05
55bcd497: posts big blind $0.1
*** HOLE CARDS ***
Dealt to 80a22123 
Dealt to aa808d2f 
Dealt to ff15f3a5 
Dealt to Hero [Th Td]
Dealt to 55bcd497 
Dealt to 61ebced7 
61ebced7: folds
80a22123: folds
aa808d2f: folds
ff15f3a5: folds
Hero: raises $0.2 to $0.3
55bcd497: raises $1.19 to $1.49 and is all-in
Hero: calls $1.19
55bcd497: shows [Jd As]
Hero: shows [Th Td]
*** FIRST FLOP *** [Ts Ks 9c]
*** FIRST TURN *** [Ts Ks 9c] [Qs]
*** FIRST RIVER *** [Ts Ks 9c Qs] [3h]
*** SECOND FLOP *** [Tc Kc 2s]
*** SECOND TURN *** [Tc Kc 2s] [7s]
*** SECOND RIVER *** [Tc Kc 2s 7s] [Ac]
*** FIRST SHOWDOWN ***
55bcd497 collected $1.42 from pot
*** SECOND SHOWDOWN ***
Hero collected $1.42 from pot
*** SUMMARY ***
Total pot $2.98 | Rake $0.14 | Jackpot $0 | Bingo $0 | Fortune $0 | Tax $0
Hand was run two times
FIRST Board [Ts Ks 9c Qs 3h]
SECOND Board [Tc Kc 2s 7s Ac]
Seat 1: 80a22123 folded before Flop (didn't bet)
Seat 2: aa808d2f folded before Flop (didn't bet)
Seat 3: ff15f3a5 (button) folded before Flop (didn't bet)
Seat 4: Hero (small blind) showed [Th Td] and lost with Three Tens, and won ($1.42) with Three Tens
Seat 5: 55bcd497 (big blind) showed [Jd As] and won ($1.42) with Aces-High Straight, and lost with Pair of Aces
Seat 6: 61ebced7 folded before Flop (didn't bet)


Poker Hand #HD1757458773: Hold'em No Limit ($0.05/$0.1) - 2024/05/03 22:16:39
Table 'NLHRed28' 6-max Seat #2 is the button
Seat 1: 80a22123 ($21.38 in chips)
Seat 2: aa808d2f ($9.79 in chips)
Seat 3: ff15f3a5 ($10.03 in chips)
Seat 4: Hero ($10.7 in chips)
Seat 5: 55bcd497 ($12.19 in chips)
Seat 6: 61ebced7 ($16.2 in chips)
ff15f3a5: posts small blind $0.05
Hero: posts big blind $0.1
*** HOLE CARDS ***
Dealt to 80a22123 
Dealt to aa808d2f 
Dealt to ff15f3a5 
Dealt to Hero [Js Ts]
Dealt to 55bcd497 
Dealt to 61ebced7 
55bcd497: raises $0.1 to $0.2
61ebced7: calls $0.2
80a22123: folds
aa808d2f: folds
ff15f3a5: folds
Hero: calls $0.1
*** FLOP *** [Ac 9s 7d]
Hero: checks
55bcd497: bets $0.49
61ebced7: calls $0.49
Hero: calls $0.49
*** TURN *** [Ac 9s 7d] [8s]
Hero: checks
55bcd497: bets $2.12
61ebced7: calls $2.12
Hero: raises $7.89 to $10.01 and is all-in
55bcd497: calls $7.89
61ebced7: folds
Hero: shows [Js Ts] (Jacks-High Straight)
55bcd497: shows [9c Ah] (Pair of Aces and Pair of Nines)
*** FIRST RIVER *** [Ac 9s 7d 8s] [4c]
*** SECOND RIVER *** [Ac 9s 7d 8s] [3s]
*** FIRST SHOWDOWN ***
Hero collected $11.58 from pot
*** SECOND SHOWDOWN ***
Hero collected $11.58 from pot
*** SUMMARY ***
Total pot $24.26 | Rake $1 | Jackpot $0.1 | Bingo $0 | Fortune $0 | Tax $0
Hand was run two times
FIRST Board [Ac 9s 7d 8s 4c]
SECOND Board [3s]
Seat 1: 80a22123 folded before Flop (didn't bet)
Seat 2: aa808d2f (button) folded before Flop (didn't bet)
Seat 3: ff15f3a5 (small blind) folded before Flop
Seat 4: Hero (big blind) showed [Js Ts] and won ($11.58) with Jacks-High Straight, and won ($11.58)
Seat 5: 55bcd497 showed [9c Ah] and lost with Pair of Aces and Pair of Nines, and lost
Seat 6: 61ebced7 folded on the Turn


Poker Hand #HD1757458583: Hold'em No Limit ($0.05/$0.1) - 2024/05/03 22:15:17
Table 'NLHRed28' 6-max Seat #1 is the button
Seat 1: 80a22123 ($21.38 in chips)
Seat 2: aa808d2f ($10.94 in chips)
Seat 3: ff15f3a5 ($10.13 in chips)
Seat 4: Hero ($10.7 in chips)
Seat 5: 55bcd497 ($12.19 in chips)
Seat 6: 61ebced7 ($15.07 in chips)
aa808d2f: posts small blind $0.05
ff15f3a5: posts big blind $0.1
*** HOLE CARDS ***
Dealt to 80a22123 
Dealt to aa808d2f 
Dealt to ff15f3a5 
Dealt to Hero [8h 9d]
Dealt to 55bcd497 
Dealt to 61ebced7 
Hero: folds
55bcd497: folds
61ebced7: raises $0.15 to $0.25
80a22123: folds
aa808d2f: calls $0.2
ff15f3a5: folds
*** FLOP *** [6c 8d 5d]
aa808d2f: checks
61ebced7: bets $0.3
aa808d2f: raises $0.6 to $0.9
61ebced7: calls $0.6
*** TURN *** [6c 8d 5d] [Qh]
aa808d2f: checks
61ebced7: bets $1.8
aa808d2f: folds
Uncalled bet ($1.8) returned to 61ebced7
*** SHOWDOWN ***
61ebced7 collected $2.28 from pot
*** SUMMARY ***
Total pot $2.4 | Rake $0.12 | Jackpot $0 | Bingo $0 | Fortune $0 | Tax $0
Board [6c 8d 5d Qh]
Seat 1: 80a22123 (button) folded before Flop (didn't bet)
Seat 2: aa808d2f (small blind) folded on the Turn
Seat 3: ff15f3a5 (big blind) folded before Flop
Seat 4: Hero folded before Flop (didn't bet)
Seat 5: 55bcd497 folded before Flop (didn't bet)
Seat 6: 61ebced7 won ($2.28)


Poker Hand #HD1757458533: Hold'em No Limit ($0.05/$0.1) - 2024/05/03 22:14:52
Table 'NLHRed28' 6-max Seat #6 is the button
Seat 1: 80a22123 ($21.68 in chips)
Seat 2: aa808d2f ($10.67 in chips)
Seat 3: ff15f3a5 ($10.13 in chips)
Seat 4: Hero ($10.7 in chips)
Seat 5: 55bcd497 ($12.19 in chips)
Seat 6: 61ebced7 ($15.07 in chips)
80a22123: posts small blind $0.05
aa808d2f: posts big blind $0.1
*** HOLE CARDS ***
Dealt to 80a22123 
Dealt to aa808d2f 
Dealt to ff15f3a5 
Dealt to Hero [Kd 6s]
Dealt to 55bcd497 
Dealt to 61ebced7 
ff15f3a5: folds
Hero: folds
55bcd497: folds
61ebced7: folds
80a22123: raises $0.2 to $0.3
aa808d2f: raises $0.6 to $0.9
80a22123: folds
Uncalled bet ($0.6) returned to aa808d2f
*** SHOWDOWN ***
aa808d2f collected $0.57 from pot
*** SUMMARY ***
Total pot $0.6 | Rake $0.03 | Jackpot $0 | Bingo $0 | Fortune $0 | Tax $0
Seat 1: 80a22123 (small blind) folded before Flop
Seat 2: aa808d2f (big blind) collected ($0.57)
Seat 3: ff15f3a5 folded before Flop (didn't bet)
Seat 4: Hero folded before Flop (didn't bet)
Seat 5: 55bcd497 folded before Flop (didn't bet)
Seat 6: 61ebced7 (button) folded before Flop (didn't bet)


Poker Hand #HD1757458347: Hold'em No Limit ($0.05/$0.1) - 2024/05/03 22:13:40
Table 'NLHRed28' 6-max Seat #5 is the button
Seat 1: 80a22123 ($21.78 in chips)
Seat 2: aa808d2f ($10.67 in chips)
Seat 3: ff15f3a5 ($10.38 in chips)
Seat 4: Hero ($10.7 in chips)
Seat 5: 55bcd497 ($15.81 in chips)
Seat 6: 61ebced7 ($11.57 in chips)
61ebced7: posts small blind $0.05
80a22123: posts big blind $0.1
*** HOLE CARDS ***
Dealt to 80a22123 
Dealt to aa808d2f 
Dealt to ff15f3a5 
Dealt to Hero [2s 7c]
Dealt to 55bcd497 
Dealt to 61ebced7 
aa808d2f: folds
ff15f3a5: raises $0.15 to $0.25
Hero: folds
55bcd497: calls $0.25
61ebced7: raises $0.95 to $1.2
80a22123: folds
ff15f3a5: folds
55bcd497: calls $0.95
*** FLOP *** [Kh Js Qs]
61ebced7: checks
55bcd497: bets $0.91
61ebced7: calls $0.91
*** TURN *** [Kh Js Qs] [5d]
61ebced7: checks
55bcd497: bets $1.51
61ebced7: calls $1.51
*** RIVER *** [Kh Js Qs 5d] [Th]
61ebced7: checks
55bcd497: checks
61ebced7: shows [Qc Ad] (Aces-High Straight)
55bcd497: shows [Jd 8c] (Pair of Jacks)
*** SHOWDOWN ***
61ebced7 collected $7.12 from pot
*** SUMMARY ***
Total pot $7.59 | Rake $0.37 | Jackpot $0.1 | Bingo $0 | Fortune $0 | Tax $0
Board [Kh Js Qs 5d Th]
Seat 1: 80a22123 (big blind) folded before Flop
Seat 2: aa808d2f folded before Flop (didn't bet)
Seat 3: ff15f3a5 folded before Flop
Seat 4: Hero folded before Flop (didn't bet)
Seat 5: 55bcd497 (button) showed [Jd 8c] and lost with Pair of Jacks
Seat 6: 61ebced7 (small blind) showed [Qc Ad] and won ($7.12) with Aces-High Straight


Poker Hand #HD1757458304: Hold'em No Limit ($0.05/$0.1) - 2024/05/03 22:13:21
Table 'NLHRed28' 6-max Seat #4 is the button
Seat 1: 80a22123 ($21.78 in chips)
Seat 2: aa808d2f ($10.67 in chips)
Seat 3: ff15f3a5 ($10.38 in chips)
Seat 4: Hero ($10.55 in chips)
Seat 5: 55bcd497 ($15.86 in chips)
Seat 6: 61ebced7 ($11.67 in chips)
55bcd497: posts small blind $0.05
61ebced7: posts big blind $0.1
*** HOLE CARDS ***
Dealt to 80a22123 
Dealt to aa808d2f 
Dealt to ff15f3a5 
Dealt to Hero [Ac Qs]
Dealt to 55bcd497 
Dealt to 61ebced7 
80a22123: folds
aa808d2f: folds
ff15f3a5: folds
Hero: raises $0.14 to $0.24
55bcd497: folds
61ebced7: folds
Uncalled bet ($0.14) returned to Hero
*** SHOWDOWN ***
Hero collected $0.25 from pot
*** SUMMARY ***
Total pot $0.25 | Rake $0 | Jackpot $0 | Bingo $0 | Fortune $0 | Tax $0
Seat 1: 80a22123 folded before Flop (didn't bet)
Seat 2: aa808d2f folded before Flop (didn't bet)
Seat 3: ff15f3a5 folded before Flop (didn't bet)
Seat 4: Hero (button) collected ($0.25)
Seat 5: 55bcd497 (small blind) folded before Flop
Seat 6: 61ebced7 (big blind) folded before Flop


Poker Hand #HD1757458259: Hold'em No Limit ($0.05/$0.1) - 2024/05/03 22:13:01
Table 'NLHRed28' 6-max Seat #3 is the button
Seat 1: 80a22123 ($21.78 in chips)
Seat 2: aa808d2f ($10.67 in chips)
Seat 3: ff15f3a5 ($10.38 in chips)
Seat 4: Hero ($10.6 in chips)
Seat 5: 55bcd497 ($15.81 in chips)
Seat 6: 61ebced7 ($11.67 in chips)
Hero: posts small blind $0.05
55bcd497: posts big blind $0.1
*** HOLE CARDS ***
Dealt to 80a22123 
Dealt to aa808d2f 
Dealt to ff15f3a5 
Dealt to Hero [7h 4d]
Dealt to 55bcd497 
Dealt to 61ebced7 
61ebced7: folds
80a22123: folds
aa808d2f: folds
ff15f3a5: folds
Hero: folds
Uncalled bet ($0.05) returned to 55bcd497
*** SHOWDOWN ***
55bcd497 collected $0.1 from pot
*** SUMMARY ***
Total pot $0.1 | Rake $0 | Jackpot $0 | Bingo $0 | Fortune $0 | Tax $0
Seat 1: 80a22123 folded before Flop (didn't bet)
Seat 2: aa808d2f folded before Flop (didn't bet)
Seat 3: ff15f3a5 (button) folded before Flop (didn't bet)
Seat 4: Hero (small blind) folded before Flop
Seat 5: 55bcd497 (big blind) collected ($0.1)
Seat 6: 61ebced7 folded before Flop (didn't bet)


Poker Hand #HD1757458142: Hold'em No Limit ($0.05/$0.1) - 2024/05/03 22:12:15
Table 'NLHRed28' 6-max Seat #2 is the button
Seat 1: 80a22123 ($21.78 in chips)
Seat 2: aa808d2f ($10.67 in chips)
Seat 3: ff15f3a5 ($10.43 in chips)
Seat 4: Hero ($10.7 in chips)
Seat 5: 55bcd497 ($17.61 in chips)
Seat 6: 61ebced7 ($10 in chips)
ff15f3a5: posts small blind $0.05
Hero: posts big blind $0.1
*** HOLE CARDS ***
Dealt to 80a22123 
Dealt to aa808d2f 
Dealt to ff15f3a5 
Dealt to Hero [9d Ks]
Dealt to 55bcd497 
Dealt to 61ebced7 
55bcd497: raises $0.1 to $0.2
61ebced7: raises $0.4 to $0.6
80a22123: folds
aa808d2f: folds
ff15f3a5: folds
Hero: folds
55bcd497: calls $0.4
*** FLOP *** [Kh 8d 9s]
55bcd497: checks
61ebced7: checks
*** TURN *** [Kh 8d 9s] [Ac]
55bcd497: bets $0.45
61ebced7: calls $0.45
*** RIVER *** [Kh 8d 9s Ac] [6h]
55bcd497: bets $0.75
61ebced7: calls $0.75
55bcd497: shows [4s 6s] (Pair of Sixes)
61ebced7: shows [Td Ad] (Pair of Aces)
*** SHOWDOWN ***
61ebced7 collected $3.47 from pot
*** SUMMARY ***
Total pot $3.75 | Rake $0.18 | Jackpot $0.1 | Bingo $0 | Fortune $0 | Tax $0
Board [Kh 8d 9s Ac 6h]
Seat 1: 80a22123 folded before Flop (didn't bet)
Seat 2: aa808d2f (button) folded before Flop (didn't bet)
Seat 3: ff15f3a5 (small blind) folded before Flop
Seat 4: Hero (big blind) folded before Flop
Seat 5: 55bcd497 showed [4s 6s] and lost with Pair of Sixes
Seat 6: 61ebced7 showed [Td Ad] and won ($3.47) with Pair of Aces


Poker Hand #HD1757458068: Hold'em No Limit ($0.05/$0.1) - 2024/05/03 22:11:39
Table 'NLHRed28' 6-max Seat #1 is the button
Seat 1: 80a22123 ($21.78 in chips)
Seat 2: aa808d2f ($10.72 in chips)
Seat 3: ff15f3a5 ($10.53 in chips)
Seat 4: Hero ($10.37 in chips)
Seat 5: 55bcd497 ($17.81 in chips)
Seat 6: 61ebced7 ($10 in chips)
aa808d2f: posts small blind $0.05
ff15f3a5: posts big blind $0.1
*** HOLE CARDS ***
Dealt to 80a22123 
Dealt to aa808d2f 
Dealt to ff15f3a5 
Dealt to Hero [Ad Kh]
Dealt to 55bcd497 
Dealt to 61ebced7 
Hero: raises $0.1 to $0.2
55bcd497: calls $0.2
61ebced7: folds
80a22123: folds
aa808d2f: folds
ff15f3a5: folds
*** FLOP *** [Ah 2c 2s]
Hero: bets $0.2
55bcd497: folds
Uncalled bet ($0.2) returned to Hero
*** SHOWDOWN ***
Hero collected $0.53 from pot
*** SUMMARY ***
Total pot $0.55 | Rake $0.02 | Jackpot $0 | Bingo $0 | Fortune $0 | Tax $0
Board [Ah 2c 2s]
Seat 1: 80a22123 (button) folded before Flop (didn't bet)
Seat 2: aa808d2f (small blind) folded before Flop
Seat 3: ff15f3a5 (big blind) folded before Flop
Seat 4: Hero won ($0.53)
Seat 5: 55bcd497 folded on the Flop
Seat 6: 61ebced7 folded before Flop (didn't bet)


Poker Hand #HD1757457859: Hold'em No Limit ($0.05/$0.1) - 2024/05/03 22:10:11
Table 'NLHRed28' 6-max Seat #6 is the button
Seat 1: 80a22123 ($11.39 in chips)
Seat 2: aa808d2f ($10.82 in chips)
Seat 3: ff15f3a5 ($10.53 in chips)
Seat 4: Hero ($10.37 in chips)
Seat 5: 55bcd497 ($28.7 in chips)
Seat 6: 61ebced7 ($10 in chips)
80a22123: posts small blind $0.05
aa808d2f: posts big blind $0.1
*** HOLE CARDS ***
Dealt to 80a22123 
Dealt to aa808d2f 
Dealt to ff15f3a5 
Dealt to Hero [3s 6d]
Dealt to 55bcd497 
Dealt to 61ebced7 
ff15f3a5: folds
Hero: folds
55bcd497: raises $0.25 to $0.35
61ebced7: folds
80a22123: raises $1.05 to $1.4
aa808d2f: folds
55bcd497: raises $1.45 to $2.85
80a22123: raises $8.54 to $11.39 and is all-in
55bcd497: calls $8.54
80a22123: shows [Qc Qh]
55bcd497: shows [Ah Ad]
*** FLOP *** [9h 8d Jh]
55bcd497: Chooses to EV Cashout 
*** TURN *** [9h 8d Jh] [Qd]
55bcd497: Receives Cashout ($0.5)
*** RIVER *** [9h 8d Jh Qd] [4c]
*** SHOWDOWN ***
80a22123 collected $21.78 from pot
*** SUMMARY ***
Total pot $22.88 | Rake $1 | Jackpot $0.1 | Bingo $0 | Fortune $0 | Tax $0
Board [9h 8d Jh Qd 4c]
Seat 1: 80a22123 (small blind) showed [Qc Qh] and won ($21.78) with Three Queens
Seat 2: aa808d2f (big blind) folded before Flop
Seat 3: ff15f3a5 folded before Flop (didn't bet)
Seat 4: Hero folded before Flop (didn't bet)
Seat 5: 55bcd497 showed [Ah Ad] and lost with Pair of Aces, EV Cashout ($0)
Seat 6: 61ebced7 (button) folded before Flop (didn't bet)


Poker Hand #HD1757457811: Hold'em No Limit ($0.05/$0.1) - 2024/05/03 22:09:54
Table 'NLHRed28' 6-max Seat #5 is the button
Seat 1: 80a22123 ($11.49 in chips)
Seat 2: aa808d2f ($10.67 in chips)
Seat 3: ff15f3a5 ($10.53 in chips)
Seat 4: Hero ($10.37 in chips)
Seat 5: 55bcd497 ($28.7 in chips)
Seat 6: 61ebced7 ($10 in chips)
61ebced7: posts small blind $0.05
80a22123: posts big blind $0.1
*** HOLE CARDS ***
Dealt to 80a22123 
Dealt to aa808d2f 
Dealt to ff15f3a5 
Dealt to Hero [As 4c]
Dealt to 55bcd497 
Dealt to 61ebced7 
aa808d2f: raises $0.15 to $0.25
ff15f3a5: folds
Hero: folds
55bcd497: folds
61ebced7: folds
80a22123: folds
Uncalled bet ($0.15) returned to aa808d2f
*** SHOWDOWN ***
aa808d2f collected $0.25 from pot
*** SUMMARY ***
Total pot $0.25 | Rake $0 | Jackpot $0 | Bingo $0 | Fortune $0 | Tax $0
Seat 1: 80a22123 (big blind) folded before Flop
Seat 2: aa808d2f collected ($0.25)
Seat 3: ff15f3a5 folded before Flop (didn't bet)
Seat 4: Hero folded before Flop (didn't bet)
Seat 5: 55bcd497 (button) folded before Flop (didn't bet)
Seat 6: 61ebced7 (small blind) folded before Flop


Poker Hand #HD1757457720: Hold'em No Limit ($0.05/$0.1) - 2024/05/03 22:09:17
Table 'NLHRed28' 6-max Seat #4 is the button
Seat 1: 80a22123 ($11.49 in chips)
Seat 2: aa808d2f ($10.92 in chips)
Seat 3: ff15f3a5 ($10.53 in chips)
Seat 4: Hero ($10 in chips)
Seat 5: 55bcd497 ($28.75 in chips)
Seat 6: 61ebced7 ($10 in chips)
55bcd497: posts small blind $0.05
61ebced7: posts big blind $0.1
*** HOLE CARDS ***
Dealt to 80a22123 
Dealt to aa808d2f 
Dealt to ff15f3a5 
Dealt to Hero [8d 8s]
Dealt to 55bcd497 
Dealt to 61ebced7 
80a22123: folds
aa808d2f: raises $0.15 to $0.25
ff15f3a5: folds
Hero: raises $0.55 to $0.8
55bcd497: folds
61ebced7: folds
aa808d2f: folds
Uncalled bet ($0.55) returned to Hero
*** SHOWDOWN ***
Hero collected $0.62 from pot
*** SUMMARY ***
Total pot $0.65 | Rake $0.03 | Jackpot $0 | Bingo $0 | Fortune $0 | Tax $0
Seat 1: 80a22123 folded before Flop (didn't bet)
Seat 2: aa808d2f folded before Flop
Seat 3: ff15f3a5 folded before Flop (didn't bet)
Seat 4: Hero (button) collected ($0.62)
Seat 5: 55bcd497 (small blind) folded before Flop
Seat 6: 61ebced7 (big blind) folded before Flop


Poker Hand #HD1757457691: Hold'em No Limit ($0.05/$0.1) - 2024/05/03 22:09:04
Table 'NLHRed28' 6-max Seat #3 is the button
Seat 1: 80a22123 ($11.34 in chips)
Seat 2: aa808d2f ($10.92 in chips)
Seat 3: ff15f3a5 ($10.53 in chips)
Seat 4: Hero ($10 in chips)
Seat 5: 55bcd497 ($28.85 in chips)
Hero: posts small blind $0.05
55bcd497: posts big blind $0.1
*** HOLE CARDS ***
Dealt to 80a22123 
Dealt to aa808d2f 
Dealt to ff15f3a5 
Dealt to Hero [4d 3s]
Dealt to 55bcd497 
80a22123: raises $0.2 to $0.3
aa808d2f: folds
ff15f3a5: folds
Hero: folds
55bcd497: folds
Uncalled bet ($0.2) returned to 80a22123
*** SHOWDOWN ***
80a22123 collected $0.25 from pot
*** SUMMARY ***
Total pot $0.25 | Rake $0 | Jackpot $0 | Bingo $0 | Fortune $0 | Tax $0
Seat 1: 80a22123 collected ($0.25)
Seat 2: aa808d2f folded before Flop (didn't bet)
Seat 3: ff15f3a5 (button) folded before Flop (didn't bet)
Seat 4: Hero (small blind) folded before Flop
Seat 5: 55bcd497 (big blind) folded before Flop


Poker Hand #HD1757457539: Hold'em No Limit ($0.05/$0.1) - 2024/05/03 22:08:03
Table 'NLHRed28' 6-max Seat #2 is the button
Seat 1: 80a22123 ($11.34 in chips)
Seat 2: aa808d2f ($9.6 in chips)
Seat 3: ff15f3a5 ($10.58 in chips)
Seat 4: Hero ($10 in chips)
Seat 5: 55bcd497 ($28.85 in chips)
ff15f3a5: posts small blind $0.05
Hero: posts big blind $0.1
*** HOLE CARDS ***
Dealt to 80a22123 
Dealt to aa808d2f 
Dealt to ff15f3a5 
Dealt to Hero [9s 9c]
Dealt to 55bcd497 
55bcd497: folds
80a22123: folds
aa808d2f: raises $0.15 to $0.25
ff15f3a5: folds
Hero: raises $0.65 to $0.9
aa808d2f: calls $0.65
*** FLOP *** [3h 7c 5c]
Hero: bets $0.62
aa808d2f: raises $1.55 to $2.17
Hero: folds
Uncalled bet ($1.55) returned to aa808d2f
*** SHOWDOWN ***
aa808d2f collected $2.84 from pot
*** SUMMARY ***
Total pot $3.09 | Rake $0.15 | Jackpot $0.1 | Bingo $0 | Fortune $0 | Tax $0
Board [3h 7c 5c]
Seat 1: 80a22123 folded before Flop (didn't bet)
Seat 2: aa808d2f (button) won ($2.84)
Seat 3: ff15f3a5 (small blind) folded before Flop
Seat 4: Hero (big blind) folded on the Flop
Seat 5: 55bcd497 folded before Flop (didn't bet)


Poker Hand #HD1757457502: Hold'em No Limit ($0.05/$0.1) - 2024/05/03 22:07:45
Table 'NLHRed28' 6-max Seat #1 is the button
Seat 1: 80a22123 ($11.19 in chips)
Seat 2: aa808d2f ($9.65 in chips)
Seat 3: ff15f3a5 ($10.68 in chips)
Seat 4: Hero ($10 in chips)
Seat 5: 55bcd497 ($28.85 in chips)
aa808d2f: posts small blind $0.05
ff15f3a5: posts big blind $0.1
*** HOLE CARDS ***
Dealt to 80a22123 
Dealt to aa808d2f 
Dealt to ff15f3a5 
Dealt to Hero [5d Tc]
Dealt to 55bcd497 
Hero: folds
55bcd497: folds
80a22123: raises $0.15 to $0.25
aa808d2f: folds
ff15f3a5: folds
Uncalled bet ($0.15) returned to 80a22123
*** SHOWDOWN ***
80a22123 collected $0.25 from pot
*** SUMMARY ***
Total pot $0.25 | Rake $0 | Jackpot $0 | Bingo $0 | Fortune $0 | Tax $0
Seat 1: 80a22123 (button) collected ($0.25)
Seat 2: aa808d2f (small blind) folded before Flop
Seat 3: ff15f3a5 (big blind) folded before Flop
Seat 4: Hero folded before Flop (didn't bet)
Seat 5: 55bcd497 folded before Flop (didn't bet)


Poker Hand #HD1757457424: Hold'em No Limit ($0.05/$0.1) - 2024/05/03 22:07:08
Table 'NLHRed28' 6-max Seat #5 is the button
Seat 1: 80a22123 ($11.24 in chips)
Seat 2: aa808d2f ($10 in chips)
Seat 3: ff15f3a5 ($10.68 in chips)
Seat 4: Hero ($10 in chips)
Seat 5: 55bcd497 ($28.48 in chips)
80a22123: posts small blind $0.05
aa808d2f: posts big blind $0.1
*** HOLE CARDS ***
Dealt to 80a22123 
Dealt to aa808d2f 
Dealt to ff15f3a5 
Dealt to Hero [7h 5s]
Dealt to 55bcd497 
ff15f3a5: folds
Hero: folds
55bcd497: raises $0.25 to $0.35
80a22123: folds
aa808d2f: calls $0.25
*** FLOP *** [3d Ah 4c]
aa808d2f: checks
55bcd497: bets $0.25
aa808d2f: folds
Uncalled bet ($0.25) returned to 55bcd497
*** SHOWDOWN ***
55bcd497 collected $0.72 from pot
*** SUMMARY ***
Total pot $0.75 | Rake $0.03 | Jackpot $0 | Bingo $0 | Fortune $0 | Tax $0
Board [3d Ah 4c]
Seat 1: 80a22123 (small blind) folded before Flop
Seat 2: aa808d2f (big blind) folded on the Flop
Seat 3: ff15f3a5 folded before Flop (didn't bet)
Seat 4: Hero folded before Flop (didn't bet)
Seat 5: 55bcd497 (button) won ($0.72)


Poker Hand #HD1757457236: Hold'em No Limit ($0.05/$0.1) - 2024/05/03 22:05:51
Table 'NLHRed28' 6-max Seat #4 is the button
Seat 1: 80a22123 ($13.24 in chips)
Seat 2: aa808d2f ($8.08 in chips)
Seat 3: ff15f3a5 ($10.68 in chips)
Seat 4: Hero ($10 in chips)
Seat 5: 55bcd497 ($26.77 in chips)
55bcd497: posts small blind $0.05
80a22123: posts big blind $0.1
*** HOLE CARDS ***
Dealt to 80a22123 
Dealt to aa808d2f 
Dealt to ff15f3a5 
Dealt to Hero [8s 3d]
Dealt to 55bcd497 
aa808d2f: folds
ff15f3a5: folds
Hero: folds
55bcd497: raises $0.2 to $0.3
80a22123: calls $0.2
*** FLOP *** [6c 8d 5c]
55bcd497: bets $0.2
80a22123: raises $0.7 to $0.9
55bcd497: raises $0.8 to $1.7
80a22123: calls $0.8
*** TURN *** [6c 8d 5c] [Qc]
55bcd497: bets $2
80a22123: folds
Uncalled bet ($2) returned to 55bcd497
55bcd497: shows [Ac] (Ace-High)
*** SHOWDOWN ***
55bcd497 collected $3.71 from pot
*** SUMMARY ***
Total pot $4 | Rake $0.19 | Jackpot $0.1 | Bingo $0 | Fortune $0 | Tax $0
Board [6c 8d 5c Qc]
Seat 1: 80a22123 (big blind) folded on the Turn
Seat 2: aa808d2f folded before Flop (didn't bet)
Seat 3: ff15f3a5 folded before Flop (didn't bet)
Seat 4: Hero (button) folded before Flop (didn't bet)
Seat 5: 55bcd497 (small blind) showed [Ac] and won ($3.71)


Poker Hand #HD1757457178: Hold'em No Limit ($0.05/$0.1) - 2024/05/03 22:05:29
Table 'NLHRed28' 6-max Seat #3 is the button
Seat 1: 80a22123 ($13.24 in chips)
Seat 2: aa808d2f ($8.33 in chips)
Seat 3: ff15f3a5 ($10.31 in chips)
Seat 4: Hero ($10 in chips)
Seat 5: 55bcd497 ($26.87 in chips)
Seat 6: a9696470 ($24.94 in chips)
Hero: posts small blind $0.05
55bcd497: posts big blind $0.1
*** HOLE CARDS ***
Dealt to 80a22123 
Dealt to aa808d2f 
Dealt to ff15f3a5 
Dealt to Hero [Kc Qd]
Dealt to 55bcd497 
Dealt to a9696470 
a9696470: folds
80a22123: folds
aa808d2f: raises $0.15 to $0.25
ff15f3a5: raises $0.55 to $0.8
Hero: folds
55bcd497: folds
aa808d2f: folds
Uncalled bet ($0.55) returned to ff15f3a5
*** SHOWDOWN ***
ff15f3a5 collected $0.62 from pot
*** SUMMARY ***
Total pot $0.65 | Rake $0.03 | Jackpot $0 | Bingo $0 | Fortune $0 | Tax $0
Seat 1: 80a22123 folded before Flop (didn't bet)
Seat 2: aa808d2f folded before Flop
Seat 3: ff15f3a5 (button) collected ($0.62)
Seat 4: Hero (small blind) folded before Flop
Seat 5: 55bcd497 (big blind) folded before Flop
Seat 6: a9696470 folded before Flop (didn't bet)


Poker Hand #HD1757456920: Hold'em No Limit ($0.05/$0.1) - 2024/05/03 22:03:37
Table 'NLHRed28' 6-max Seat #2 is the button
Seat 1: 80a22123 ($13.24 in chips)
Seat 2: aa808d2f ($10.81 in chips)
Seat 3: ff15f3a5 ($10.36 in chips)
Seat 4: Hero ($10 in chips)
Seat 5: 55bcd497 ($24.59 in chips)
Seat 6: a9696470 ($24.94 in chips)
ff15f3a5: posts small blind $0.05
Hero: posts big blind $0.1
*** HOLE CARDS ***
Dealt to 80a22123 
Dealt to aa808d2f 
Dealt to ff15f3a5 
Dealt to Hero [8h 2h]
Dealt to 55bcd497 
Dealt to a9696470 
55bcd497: raises $0.3 to $0.4
a9696470: folds
80a22123: folds
aa808d2f: raises $0.8 to $1.2
ff15f3a5: folds
Hero: folds
55bcd497: calls $0.8
*** FLOP *** [3h 6s As]
55bcd497: checks
aa808d2f: bets $1.28
55bcd497: calls $1.28
*** TURN *** [3h 6s As] [Jc]
55bcd497: checks
aa808d2f: checks
*** RIVER *** [3h 6s As Jc] [5c]
55bcd497: checks
aa808d2f: checks
55bcd497: shows [Qd Ac] (Pair of Aces)
aa808d2f: shows [Jd Kd] (Pair of Jacks)
*** SHOWDOWN ***
55bcd497 collected $4.76 from pot
*** SUMMARY ***
Total pot $5.11 | Rake $0.25 | Jackpot $0.1 | Bingo $0 | Fortune $0 | Tax $0
Board [3h 6s As Jc 5c]
Seat 1: 80a22123 folded before Flop (didn't bet)
Seat 2: aa808d2f (button) showed [Jd Kd] and lost with Pair of Jacks
Seat 3: ff15f3a5 (small blind) folded before Flop
Seat 4: Hero (big blind) folded before Flop
Seat 5: 55bcd497 showed [Qd Ac] and won ($4.76) with Pair of Aces
Seat 6: a9696470 folded before Flop (didn't bet)


Poker Hand #HD1757456784: Hold'em No Limit ($0.05/$0.1) - 2024/05/03 22:02:37
Table 'NLHRed28' 6-max Seat #1 is the button
Seat 1: 80a22123 ($13.24 in chips)
Seat 2: aa808d2f ($11.21 in chips)
Seat 3: ff15f3a5 ($10 in chips)
Seat 4: Hero ($10 in chips)
Seat 5: 55bcd497 ($24.59 in chips)
Seat 6: a9696470 ($24.94 in chips)
aa808d2f: posts small blind $0.05
ff15f3a5: posts big blind $0.1
*** HOLE CARDS ***
Dealt to 80a22123 
Dealt to aa808d2f 
Dealt to ff15f3a5 
Dealt to Hero [Qc 8c]
Dealt to 55bcd497 
Dealt to a9696470 
Hero: folds
55bcd497: folds
a9696470: folds
80a22123: folds
aa808d2f: raises $0.1 to $0.2
ff15f3a5: calls $0.1
*** FLOP *** [7h Ts 8s]
aa808d2f: bets $0.2
ff15f3a5: raises $0.8 to $1
aa808d2f: folds
Uncalled bet ($0.8) returned to ff15f3a5
*** SHOWDOWN ***
ff15f3a5 collected $0.76 from pot
*** SUMMARY ***
Total pot $0.8 | Rake $0.04 | Jackpot $0 | Bingo $0 | Fortune $0 | Tax $0
Board [7h Ts 8s]
Seat 1: 80a22123 (button) folded before Flop (didn't bet)
Seat 2: aa808d2f (small blind) folded on the Flop
Seat 3: ff15f3a5 (big blind) won ($0.76)
Seat 4: Hero folded before Flop (didn't bet)
Seat 5: 55bcd497 folded before Flop (didn't bet)
Seat 6: a9696470 folded before Flop (didn't bet)


Poker Hand #HD1757456683: Hold'em No Limit ($0.05/$0.1) - 2024/05/03 22:01:47
Table 'NLHRed28' 6-max Seat #6 is the button
Seat 1: 80a22123 ($13.29 in chips)
Seat 2: aa808d2f ($11.51 in chips)
Seat 3: ff15f3a5 ($10 in chips)
Seat 4: Hero ($10 in chips)
Seat 5: 55bcd497 ($24.27 in chips)
Seat 6: a9696470 ($24.94 in chips)
80a22123: posts small blind $0.05
aa808d2f: posts big blind $0.1
*** HOLE CARDS ***
Dealt to 80a22123 
Dealt to aa808d2f 
Dealt to ff15f3a5 
Dealt to Hero [5s 9d]
Dealt to 55bcd497 
Dealt to a9696470 
ff15f3a5: folds
Hero: folds
55bcd497: raises $0.2 to $0.3
a9696470: folds
80a22123: folds
aa808d2f: calls $0.2
*** FLOP *** [8d Td Kc]
aa808d2f: checks
55bcd497: bets $0.65
aa808d2f: folds
Uncalled bet ($0.65) returned to 55bcd497
*** SHOWDOWN ***
55bcd497 collected $0.62 from pot
*** SUMMARY ***
Total pot $0.65 | Rake $0.03 | Jackpot $0 | Bingo $0 | Fortune $0 | Tax $0
Board [8d Td Kc]
Seat 1: 80a22123 (small blind) folded before Flop
Seat 2: aa808d2f (big blind) folded on the Flop
Seat 3: ff15f3a5 folded before Flop (didn't bet)
Seat 4: Hero folded before Flop (didn't bet)
Seat 5: 55bcd497 won ($0.62)
Seat 6: a9696470 (button) folded before Flop (didn't bet)


Poker Hand #HD1757456523: Hold'em No Limit ($0.05/$0.1) - 2024/05/03 22:00:37
Table 'NLHRed28' 6-max Seat #5 is the button
Seat 1: 80a22123 ($12.47 in chips)
Seat 2: aa808d2f ($11.51 in chips)
Seat 3: ff15f3a5 ($10 in chips)
Seat 4: Hero ($10 in chips)
Seat 5: 55bcd497 ($25.12 in chips)
Seat 6: a9696470 ($24.99 in chips)
a9696470: posts small blind $0.05
80a22123: posts big blind $0.1
*** HOLE CARDS ***
Dealt to 80a22123 
Dealt to aa808d2f 
Dealt to ff15f3a5 
Dealt to Hero [8s 2h]
Dealt to 55bcd497 
Dealt to a9696470 
aa808d2f: folds
ff15f3a5: folds
Hero: folds
55bcd497: raises $0.1 to $0.2
a9696470: folds
80a22123: calls $0.1
*** FLOP *** [8d 4c Tc]
80a22123: checks
55bcd497: bets $0.15
80a22123: raises $0.5 to $0.65
55bcd497: calls $0.5
*** TURN *** [8d 4c Tc] [6h]
80a22123: bets $1.9
55bcd497: folds
Uncalled bet ($1.9) returned to 80a22123
*** SHOWDOWN ***
80a22123 collected $1.67 from pot
*** SUMMARY ***
Total pot $1.75 | Rake $0.08 | Jackpot $0 | Bingo $0 | Fortune $0 | Tax $0
Board [8d 4c Tc 6h]
Seat 1: 80a22123 (big blind) won ($1.67)
Seat 2: aa808d2f folded before Flop (didn't bet)
Seat 3: ff15f3a5 folded before Flop (didn't bet)
Seat 4: Hero folded before Flop (didn't bet)
Seat 5: 55bcd497 (button) folded on the Turn
Seat 6: a9696470 (small blind) folded before Flop


Poker Hand #HD1757456366: Hold'em No Limit ($0.05/$0.1) - 2024/05/03 21:59:32
Table 'NLHRed28' 6-max Seat #4 is the button
Seat 1: 80a22123 ($12.47 in chips)
Seat 2: aa808d2f ($10.7 in chips)
Seat 3: ff15f3a5 ($10 in chips)
Seat 4: Hero ($10 in chips)
Seat 5: 55bcd497 ($25.75 in chips)
Seat 6: a9696470 ($25.24 in chips)
55bcd497: posts small blind $0.05
a9696470: posts big blind $0.1
*** HOLE CARDS ***
Dealt to 80a22123 
Dealt to aa808d2f 
Dealt to ff15f3a5 
Dealt to Hero [Jh 8d]
Dealt to 55bcd497 
Dealt to a9696470 
80a22123: folds
aa808d2f: raises $0.15 to $0.25
ff15f3a5: folds
Hero: folds
55bcd497: calls $0.2
a9696470: calls $0.15
*** FLOP *** [Th Ad 4c]
55bcd497: checks
a9696470: checks
aa808d2f: checks
*** TURN *** [Th Ad 4c] [8s]
55bcd497: checks
a9696470: checks
aa808d2f: checks
*** RIVER *** [Th Ad 4c 8s] [Td]
55bcd497: bets $0.38
a9696470: folds
aa808d2f: calls $0.38
55bcd497: shows [7c Qh] (Pair of Tens)
aa808d2f: shows [Ks Js] (Pair of Tens)
*** SHOWDOWN ***
aa808d2f collected $1.44 from pot
*** SUMMARY ***
Total pot $1.51 | Rake $0.07 | Jackpot $0 | Bingo $0 | Fortune $0 | Tax $0
Board [Th Ad 4c 8s Td]
Seat 1: 80a22123 folded before Flop (didn't bet)
Seat 2: aa808d2f showed [Ks Js] and won ($1.44) with Pair of Tens
Seat 3: ff15f3a5 folded before Flop (didn't bet)
Seat 4: Hero (button) folded before Flop (didn't bet)
Seat 5: 55bcd497 (small blind) showed [7c Qh] and lost with Pair of Tens
Seat 6: a9696470 (big blind) folded on the River


Poker Hand #HD1757456261: Hold'em No Limit ($0.05/$0.1) - 2024/05/03 21:58:45
Table 'NLHRed28' 6-max Seat #3 is the button
Seat 1: 80a22123 ($12.87 in chips)
Seat 2: aa808d2f ($10.7 in chips)
Seat 3: ff15f3a5 ($10 in chips)
Seat 4: Hero ($10 in chips)
Seat 5: 55bcd497 ($25.34 in chips)
Seat 6: a9696470 ($25.24 in chips)
Hero: posts small blind $0.05
55bcd497: posts big blind $0.1
*** HOLE CARDS ***
Dealt to 80a22123 
Dealt to aa808d2f 
Dealt to ff15f3a5 
Dealt to Hero [8c Jd]
Dealt to 55bcd497 
Dealt to a9696470 
a9696470: folds
80a22123: raises $0.1 to $0.2
aa808d2f: folds
ff15f3a5: folds
Hero: folds
55bcd497: calls $0.1
*** FLOP *** [3s 5c Js]
55bcd497: checks
80a22123: bets $0.2
55bcd497: calls $0.2
*** TURN *** [3s 5c Js] [6d]
55bcd497: checks
80a22123: checks
*** RIVER *** [3s 5c Js 6d] [9d]
55bcd497: bets $0.43
80a22123: folds
Uncalled bet ($0.43) returned to 55bcd497
*** SHOWDOWN ***
55bcd497 collected $0.81 from pot
*** SUMMARY ***
Total pot $0.85 | Rake $0.04 | Jackpot $0 | Bingo $0 | Fortune $0 | Tax $0
Board [3s 5c Js 6d 9d]
Seat 1: 80a22123 folded on the River
Seat 2: aa808d2f folded before Flop (didn't bet)
Seat 3: ff15f3a5 (button) folded before Flop (didn't bet)
Seat 4: Hero (small blind) folded before Flop
Seat 5: 55bcd497 (big blind) won ($0.81)
Seat 6: a9696470 folded before Flop (didn't bet)


Poker Hand #HD1757455975: Hold'em No Limit ($0.05/$0.1) - 2024/05/03 21:56:40
Table 'NLHRed28' 6-max Seat #2 is the button
Seat 1: 80a22123 ($12.87 in chips)
Seat 2: aa808d2f ($11.6 in chips)
Seat 3: ff15f3a5 ($10 in chips)
Seat 4: Hero ($12.28 in chips)
Seat 5: 55bcd497 ($12.36 in chips)
Seat 6: a9696470 ($25.24 in chips)
ff15f3a5: posts small blind $0.05
Hero: posts big blind $0.1
*** HOLE CARDS ***
Dealt to 80a22123 
Dealt to aa808d2f 
Dealt to ff15f3a5 
Dealt to Hero [6s 6h]
Dealt to 55bcd497 
Dealt to a9696470 
55bcd497: raises $0.2 to $0.3
a9696470: folds
80a22123: folds
aa808d2f: calls $0.3
ff15f3a5: calls $0.25
Hero: calls $0.2
*** FLOP *** [5d 3d 4s]
ff15f3a5: checks
Hero: checks
55bcd497: bets $0.6
aa808d2f: calls $0.6
ff15f3a5: calls $0.6
Hero: calls $0.6
*** TURN *** [5d 3d 4s] [Qc]
ff15f3a5: checks
Hero: checks
55bcd497: bets $3.6
aa808d2f: folds
ff15f3a5: folds
Hero: raises $7.78 to $11.38 and is all-in
55bcd497: calls $7.78
Hero: shows [6s 6h] (Pair of Sixes)
55bcd497: shows [4d 5c] (Pair of Fives and Pair of Fours)
*** RIVER *** [5d 3d 4s Qc] [8c]
*** SHOWDOWN ***
55bcd497 collected $25.26 from pot
*** SUMMARY ***
Total pot $26.36 | Rake $1 | Jackpot $0.1 | Bingo $0 | Fortune $0 | Tax $0
Board [5d 3d 4s Qc 8c]
Seat 1: 80a22123 folded before Flop (didn't bet)
Seat 2: aa808d2f (button) folded on the Turn
Seat 3: ff15f3a5 (small blind) folded on the Turn
Seat 4: Hero (big blind) showed [6s 6h] and lost with Pair of Sixes
Seat 5: 55bcd497 showed [4d 5c] and won ($25.26) with Pair of Fives and Pair of Fours
Seat 6: a9696470 folded before Flop (didn't bet)


Poker Hand #HD1757455933: Hold'em No Limit ($0.05/$0.1) - 2024/05/03 21:56:21
Table 'NLHRed28' 6-max Seat #1 is the button
Seat 1: 80a22123 ($12.87 in chips)
Seat 2: aa808d2f ($11.65 in chips)
Seat 3: ff15f3a5 ($10 in chips)
Seat 4: Hero ($12.13 in chips)
Seat 5: 55bcd497 ($12.36 in chips)
Seat 6: a9696470 ($25.24 in chips)
aa808d2f: posts small blind $0.05
ff15f3a5: posts big blind $0.1
*** HOLE CARDS ***
Dealt to 80a22123 
Dealt to aa808d2f 
Dealt to ff15f3a5 
Dealt to Hero [9c 9d]
Dealt to 55bcd497 
Dealt to a9696470 
Hero: raises $0.1 to $0.2
55bcd497: folds
a9696470: folds
80a22123: folds
aa808d2f: folds
ff15f3a5: folds
Uncalled bet ($0.1) returned to Hero
*** SHOWDOWN ***
Hero collected $0.25 from pot
*** SUMMARY ***
Total pot $0.25 | Rake $0 | Jackpot $0 | Bingo $0 | Fortune $0 | Tax $0
Seat 1: 80a22123 (button) folded before Flop (didn't bet)
Seat 2: aa808d2f (small blind) folded before Flop
Seat 3: ff15f3a5 (big blind) folded before Flop
Seat 4: Hero collected ($0.25)
Seat 5: 55bcd497 folded before Flop (didn't bet)
Seat 6: a9696470 folded before Flop (didn't bet)


Poker Hand #HD1757455891: Hold'em No Limit ($0.05/$0.1) - 2024/05/03 21:56:05
Table 'NLHRed28' 6-max Seat #6 is the button
Seat 1: 80a22123 ($12.92 in chips)
Seat 2: aa808d2f ($11.6 in chips)
Seat 3: ff15f3a5 ($10 in chips)
Seat 4: Hero ($12.13 in chips)
Seat 5: 55bcd497 ($12.36 in chips)
Seat 6: a9696470 ($25.24 in chips)
80a22123: posts small blind $0.05
aa808d2f: posts big blind $0.1
*** HOLE CARDS ***
Dealt to 80a22123 
Dealt to aa808d2f 
Dealt to ff15f3a5 
Dealt to Hero [5h 9h]
Dealt to 55bcd497 
Dealt to a9696470 
ff15f3a5: folds
Hero: folds
55bcd497: folds
a9696470: folds
80a22123: folds
Uncalled bet ($0.05) returned to aa808d2f
*** SHOWDOWN ***
aa808d2f collected $0.1 from pot
*** SUMMARY ***
Total pot $0.1 | Rake $0 | Jackpot $0 | Bingo $0 | Fortune $0 | Tax $0
Seat 1: 80a22123 (small blind) folded before Flop
Seat 2: aa808d2f (big blind) collected ($0.1)
Seat 3: ff15f3a5 folded before Flop (didn't bet)
Seat 4: Hero folded before Flop (didn't bet)
Seat 5: 55bcd497 folded before Flop (didn't bet)
Seat 6: a9696470 (button) folded before Flop (didn't bet)


Poker Hand #HD1757455742: Hold'em No Limit ($0.05/$0.1) - 2024/05/03 21:55:02
Table 'NLHRed28' 6-max Seat #5 is the button
Seat 1: 80a22123 ($13.02 in chips)
Seat 2: aa808d2f ($11.6 in chips)
Seat 3: ff15f3a5 ($10 in chips)
Seat 4: Hero ($10 in chips)
Seat 5: 55bcd497 ($14.67 in chips)
Seat 6: a9696470 ($25.29 in chips)
a9696470: posts small blind $0.05
80a22123: posts big blind $0.1
*** HOLE CARDS ***
Dealt to 80a22123 
Dealt to aa808d2f 
Dealt to ff15f3a5 
Dealt to Hero [Qs 8s]
Dealt to 55bcd497 
Dealt to a9696470 
aa808d2f: folds
ff15f3a5: folds
Hero: raises $0.14 to $0.24
55bcd497: calls $0.24
a9696470: folds
80a22123: folds
*** FLOP *** [As 4d Ks]
Hero: bets $0.3
55bcd497: calls $0.3
*** TURN *** [As 4d Ks] [Jh]
Hero: bets $0.82
55bcd497: calls $0.82
*** RIVER *** [As 4d Ks Jh] [7s]
Hero: bets $0.95
55bcd497: calls $0.95
Hero: shows [Qs 8s] (Ace High Flush)
55bcd497: shows [Kh 9d] (Pair of Kings)
*** SHOWDOWN ***
Hero collected $4.44 from pot
*** SUMMARY ***
Total pot $4.77 | Rake $0.23 | Jackpot $0.1 | Bingo $0 | Fortune $0 | Tax $0
Board [As 4d Ks Jh 7s]
Seat 1: 80a22123 (big blind) folded before Flop
Seat 2: aa808d2f folded before Flop (didn't bet)
Seat 3: ff15f3a5 folded before Flop (didn't bet)
Seat 4: Hero showed [Qs 8s] and won ($4.44) with Ace High Flush
Seat 5: 55bcd497 (button) showed [Kh 9d] and lost with Pair of Kings
Seat 6: a9696470 (small blind) folded before Flop


Poker Hand #HD1757455677: Hold'em No Limit ($0.05/$0.1) - 2024/05/03 21:54:29
Table 'NLHRed28' 6-max Seat #4 is the button
Seat 1: 80a22123 ($13.02 in chips)
Seat 2: aa808d2f ($11.6 in chips)
Seat 3: ff15f3a5 ($10 in chips)
Seat 4: Hero ($10 in chips)
Seat 5: 55bcd497 ($14.13 in chips)
Seat 6: a9696470 ($25.89 in chips)
55bcd497: posts small blind $0.05
a9696470: posts big blind $0.1
*** HOLE CARDS ***
Dealt to 80a22123 
Dealt to aa808d2f 
Dealt to ff15f3a5 
Dealt to Hero [As 9c]
Dealt to 55bcd497 
Dealt to a9696470 
80a22123: folds
aa808d2f: folds
ff15f3a5: folds
Hero: folds
55bcd497: raises $0.2 to $0.3
a9696470: calls $0.2
*** FLOP *** [Tc 7c 7d]
55bcd497: bets $0.3
a9696470: calls $0.3
*** TURN *** [Tc 7c 7d] [Jh]
55bcd497: bets $0.4
a9696470: folds
Uncalled bet ($0.4) returned to 55bcd497
aa808d2f: shows [3d 7h] (Three Sevens)
*** SHOWDOWN ***
55bcd497 collected $1.14 from pot
*** SUMMARY ***
Total pot $1.2 | Rake $0.06 | Jackpot $0 | Bingo $0 | Fortune $0 | Tax $0
Board [Tc 7c 7d Jh]
Seat 1: 80a22123 folded before Flop (didn't bet)
Seat 2: aa808d2f folded before Flop (didn't bet)
Seat 3: ff15f3a5 folded before Flop (didn't bet)
Seat 4: Hero (button) folded before Flop (didn't bet)
Seat 5: 55bcd497 (small blind) won ($1.14)
Seat 6: a9696470 (big blind) folded on the Turn


Poker Hand #HD1757375547: Hold'em No Limit ($0.05/$0.1) - 2024/05/03 21:53:31
Table 'NLHRed28' 6-max Seat #3 is the button
Seat 1: 80a22123 ($13.02 in chips)
Seat 2: aa808d2f ($12.74 in chips)
Seat 3: ff15f3a5 ($10 in chips)
Seat 4: Hero ($10 in chips)
Seat 5: 55bcd497 ($13.05 in chips)
Seat 6: a9696470 ($25.89 in chips)
Hero: posts small blind $0.05
55bcd497: posts big blind $0.1
*** HOLE CARDS ***
Dealt to 80a22123 
Dealt to aa808d2f 
Dealt to ff15f3a5 
Dealt to Hero [7s 6d]
Dealt to 55bcd497 
Dealt to a9696470 
a9696470: folds
80a22123: folds
aa808d2f: raises $0.15 to $0.25
ff15f3a5: folds
Hero: folds
55bcd497: calls $0.15
*** FLOP *** [6s 8d Td]
55bcd497: checks
aa808d2f: checks
*** TURN *** [6s 8d Td] [3c]
55bcd497: bets $0.19
aa808d2f: raises $0.7 to $0.89
55bcd497: calls $0.7
*** RIVER *** [6s 8d Td 3c] [2d]
55bcd497: bets $1.17
aa808d2f: folds
Uncalled bet ($1.17) returned to 55bcd497
aa808d2f: shows [Qc Jh] (Queen-High)
*** SHOWDOWN ***
55bcd497 collected $2.22 from pot
*** SUMMARY ***
Total pot $2.33 | Rake $0.11 | Jackpot $0 | Bingo $0 | Fortune $0 | Tax $0
Board [6s 8d Td 3c 2d]
Seat 1: 80a22123 folded before Flop (didn't bet)
Seat 2: aa808d2f folded on the River
Seat 3: ff15f3a5 (button) folded before Flop (didn't bet)
Seat 4: Hero (small blind) folded before Flop
Seat 5: 55bcd497 (big blind) won ($2.22)
Seat 6: a9696470 folded before Flop (didn't bet)


Poker Hand #HD1757375517: Hold'em No Limit ($0.05/$0.1) - 2024/05/03 21:53:16
Table 'NLHRed28' 6-max Seat #2 is the button
Seat 1: 80a22123 ($13.02 in chips)
Seat 2: aa808d2f ($12.74 in chips)
Seat 3: ff15f3a5 ($10.05 in chips)
Seat 4: Hero ($10 in chips)
Seat 5: 55bcd497 ($12.9 in chips)
Seat 6: a9696470 ($25.89 in chips)
ff15f3a5: posts small blind $0.05
Hero: posts big blind $0.1
*** HOLE CARDS ***
Dealt to 80a22123 
Dealt to aa808d2f 
Dealt to ff15f3a5 
Dealt to Hero [6s 3h]
Dealt to 55bcd497 
Dealt to a9696470 
55bcd497: raises $0.2 to $0.3
a9696470: folds
80a22123: folds
aa808d2f: folds
ff15f3a5: folds
Hero: folds
Uncalled bet ($0.2) returned to 55bcd497
*** SHOWDOWN ***
55bcd497 collected $0.25 from pot
*** SUMMARY ***
Total pot $0.25 | Rake $0 | Jackpot $0 | Bingo $0 | Fortune $0 | Tax $0
Seat 1: 80a22123 folded before Flop (didn't bet)
Seat 2: aa808d2f (button) folded before Flop (didn't bet)
Seat 3: ff15f3a5 (small blind) folded before Flop
Seat 4: Hero (big blind) folded before Flop
Seat 5: 55bcd497 collected ($0.25)
Seat 6: a9696470 folded before Flop (didn't bet)


Poker Hand #HD1757374968: Hold'em No Limit ($0.05/$0.1) - 2024/05/03 21:49:09
Table 'NLHRed28' 6-max Seat #5 is the button
Seat 1: 80a22123 ($12.57 in chips)
Seat 2: aa808d2f ($12.99 in chips)
Seat 3: ff15f3a5 ($10 in chips)
Seat 4: Hero ($10 in chips)
Seat 5: 55bcd497 ($11.88 in chips)
Seat 6: a9696470 ($27.16 in chips)
a9696470: posts small blind $0.05
80a22123: posts big blind $0.1
*** HOLE CARDS ***
Dealt to 80a22123 
Dealt to aa808d2f 
Dealt to ff15f3a5 
Dealt to Hero [6c 2h]
Dealt to 55bcd497 
Dealt to a9696470 
aa808d2f: raises $0.15 to $0.25
ff15f3a5: folds
Hero: folds
55bcd497: folds
a9696470: folds
80a22123: folds
Uncalled bet ($0.15) returned to aa808d2f
*** SHOWDOWN ***
aa808d2f collected $0.25 from pot
*** SUMMARY ***
Total pot $0.25 | Rake $0 | Jackpot $0 | Bingo $0 | Fortune $0 | Tax $0
Seat 1: 80a22123 (big blind) folded before Flop
Seat 2: aa808d2f collected ($0.25)
Seat 3: ff15f3a5 folded before Flop (didn't bet)
Seat 4: Hero folded before Flop (didn't bet)
Seat 5: 55bcd497 (button) folded before Flop (didn't bet)
Seat 6: a9696470 (small blind) folded before Flop


Poker Hand #HD1757374849: Hold'em No Limit ($0.05/$0.1) - 2024/05/03 21:48:09
Table 'NLHRed28' 6-max Seat #4 is the button
Seat 1: 80a22123 ($12.57 in chips)
Seat 2: aa808d2f ($12.99 in chips)
Seat 3: ff15f3a5 ($10.35 in chips)
Seat 4: Hero ($10 in chips)
Seat 5: 55bcd497 ($6.33 in chips)
Seat 6: a9696470 ($27.26 in chips)
55bcd497: posts small blind $0.05
a9696470: posts big blind $0.1
*** HOLE CARDS ***
Dealt to 80a22123 
Dealt to aa808d2f 
Dealt to ff15f3a5 
Dealt to Hero [5s 5d]
Dealt to 55bcd497 
Dealt to a9696470 
80a22123: folds
aa808d2f: folds
ff15f3a5: raises $0.15 to $0.25
Hero: folds
55bcd497: raises $0.45 to $0.7
a9696470: folds
ff15f3a5: raises $9.65 to $10.35 and is all-in
55bcd497: calls $5.63 and is all-in
Uncalled bet ($4.02) returned to ff15f3a5
ff15f3a5: shows [Jh Ac]
55bcd497: shows [3d 3h]
*** FLOP *** [9s Ks 9d]
55bcd497: Chooses to EV Cashout 
*** TURN *** [9s Ks 9d] [5h]
55bcd497: Pays Cashout Risk ($0.1)
55bcd497: Chooses to EV Cashout 
*** RIVER *** [9s Ks 9d 5h] [4c]
55bcd497: Pays Cashout Risk ($0.05)
aa808d2f: shows [4d] (Pair of Nines and Pair of Fours)
*** SHOWDOWN ***
55bcd497 collected $12.03 from pot
*** SUMMARY ***
Total pot $12.76 | Rake $0.63 | Jackpot $0.1 | Bingo $0 | Fortune $0 | Tax $0
Board [9s Ks 9d 5h 4c]
Seat 1: 80a22123 folded before Flop (didn't bet)
Seat 2: aa808d2f folded before Flop (didn't bet)
Seat 3: ff15f3a5 showed [Jh Ac] and lost with Pair of Nines
Seat 4: Hero (button) folded before Flop (didn't bet)
Seat 5: 55bcd497 (small blind) showed [3d 3h] and won ($12.03) with Pair of Nines and Pair of Treys, Cashout Risk ($0.15)
Seat 6: a9696470 (big blind) folded before Flop


Poker Hand #HD1757374730: Hold'em No Limit ($0.05/$0.1) - 2024/05/03 21:47:17
Table 'NLHRed28' 6-max Seat #3 is the button
Seat 1: 80a22123 ($12.57 in chips)
Seat 2: aa808d2f ($12.99 in chips)
Seat 3: ff15f3a5 ($10.6 in chips)
Seat 4: Hero ($10 in chips)
Seat 5: 55bcd497 ($7.18 in chips)
Seat 6: a9696470 ($26.21 in chips)
Hero: posts small blind $0.05
55bcd497: posts big blind $0.1
*** HOLE CARDS ***
Dealt to 80a22123 
Dealt to aa808d2f 
Dealt to ff15f3a5 
Dealt to Hero [3d 3h]
Dealt to 55bcd497 
Dealt to a9696470 
a9696470: raises $0.15 to $0.25
80a22123: folds
aa808d2f: folds
ff15f3a5: calls $0.25
Hero: folds
55bcd497: calls $0.15
*** FLOP *** [7c 6s Tc]
55bcd497: checks
a9696470: bets $0.6
ff15f3a5: folds
55bcd497: calls $0.6
*** TURN *** [7c 6s Tc] [Ts]
55bcd497: checks
a9696470: bets $1.1
55bcd497: folds
Uncalled bet ($1.1) returned to a9696470
*** SHOWDOWN ***
a9696470 collected $1.9 from pot
*** SUMMARY ***
Total pot $2 | Rake $0.1 | Jackpot $0 | Bingo $0 | Fortune $0 | Tax $0
Board [7c 6s Tc Ts]
Seat 1: 80a22123 folded before Flop (didn't bet)
Seat 2: aa808d2f folded before Flop (didn't bet)
Seat 3: ff15f3a5 (button) folded on the Flop
Seat 4: Hero (small blind) folded before Flop
Seat 5: 55bcd497 (big blind) folded on the Turn
Seat 6: a9696470 won ($1.9)


Poker Hand #HD1757374699: Hold'em No Limit ($0.05/$0.1) - 2024/05/03 21:47:06
Table 'NLHRed28' 6-max Seat #2 is the button
Seat 1: 80a22123 ($12.42 in chips)
Seat 2: aa808d2f ($12.99 in chips)
Seat 3: ff15f3a5 ($10.65 in chips)
Seat 4: Hero ($10 in chips)
Seat 5: 55bcd497 ($7.18 in chips)
Seat 6: a9696470 ($26.21 in chips)
ff15f3a5: posts small blind $0.05
Hero: posts big blind $0.1
*** HOLE CARDS ***
Dealt to 80a22123 
Dealt to aa808d2f 
Dealt to ff15f3a5 
Dealt to Hero [7h 9d]
Dealt to 55bcd497 
Dealt to a9696470 
55bcd497: folds
a9696470: folds
80a22123: raises $0.15 to $0.25
aa808d2f: folds
ff15f3a5: folds
Hero: folds
Uncalled bet ($0.15) returned to 80a22123
*** SHOWDOWN ***
80a22123 collected $0.25 from pot
*** SUMMARY ***
Total pot $0.25 | Rake $0 | Jackpot $0 | Bingo $0 | Fortune $0 | Tax $0
Seat 1: 80a22123 collected ($0.25)
Seat 2: aa808d2f (button) folded before Flop (didn't bet)
Seat 3: ff15f3a5 (small blind) folded before Flop
Seat 4: Hero (big blind) folded before Flop
Seat 5: 55bcd497 folded before Flop (didn't bet)
Seat 6: a9696470 folded before Flop (didn't bet)


