Poker Hand #HD1735775277: Hold'em No Limit ($0.02/$0.05) - 2024/04/18 14:49:46
Table 'NLHBlue8' 6-max Seat #1 is the button
Seat 1: 9a22d3c2 ($4.93 in chips)
Seat 2: Hero ($5.08 in chips)
Seat 6: 445f48c5 ($8.54 in chips)
Hero: posts small blind $0.02
445f48c5: posts big blind $0.05
*** HOLE CARDS ***
Dealt to 9a22d3c2 
Dealt to Hero [9c 8h]
Dealt to 445f48c5 
9a22d3c2: folds
Hero: folds
Uncalled bet ($0.03) returned to 445f48c5
*** SHOWDOWN ***
445f48c5 collected $0.04 from pot
*** SUMMARY ***
Total pot $0.04 | Rake $0 | Jackpot $0 | Bingo $0 | Fortune $0 | Tax $0
Seat 1: 9a22d3c2 (button) folded before Flop (didn't bet)
Seat 2: Hero (small blind) folded before Flop
Seat 6: 445f48c5 (big blind) collected ($0.04)


Poker Hand #HD1735775253: Hold'em No Limit ($0.02/$0.05) - 2024/04/18 14:49:35
Table 'NLHBlue8' 6-max Seat #6 is the button
Seat 1: 9a22d3c2 ($4.95 in chips)
Seat 2: Hero ($5.06 in chips)
Seat 6: 445f48c5 ($8.54 in chips)
9a22d3c2: posts small blind $0.02
Hero: posts big blind $0.05
*** HOLE CARDS ***
Dealt to 9a22d3c2 
Dealt to Hero [8d 2d]
Dealt to 445f48c5 
445f48c5: folds
9a22d3c2: folds
Uncalled bet ($0.03) returned to Hero
*** SHOWDOWN ***
Hero collected $0.04 from pot
*** SUMMARY ***
Total pot $0.04 | Rake $0 | Jackpot $0 | Bingo $0 | Fortune $0 | Tax $0
Seat 1: 9a22d3c2 (small blind) folded before Flop
Seat 2: Hero (big blind) collected ($0.04)
Seat 6: 445f48c5 (button) folded before Flop (didn't bet)


Poker Hand #HD1735775224: Hold'em No Limit ($0.02/$0.05) - 2024/04/18 14:49:16
Table 'NLHBlue8' 6-max Seat #2 is the button
Seat 1: 9a22d3c2 ($5 in chips)
Seat 2: Hero ($5.06 in chips)
Seat 6: 445f48c5 ($8.49 in chips)
445f48c5: posts small blind $0.02
9a22d3c2: posts big blind $0.05
*** HOLE CARDS ***
Dealt to 9a22d3c2 
Dealt to Hero [7d Kh]
Dealt to 445f48c5 
Hero: folds
445f48c5: raises $0.1 to $0.15
9a22d3c2: folds
Uncalled bet ($0.1) returned to 445f48c5
*** SHOWDOWN ***
445f48c5 collected $0.1 from pot
*** SUMMARY ***
Total pot $0.1 | Rake $0 | Jackpot $0 | Bingo $0 | Fortune $0 | Tax $0
Seat 1: 9a22d3c2 (big blind) folded before Flop
Seat 2: Hero (button) folded before Flop (didn't bet)
Seat 6: 445f48c5 (small blind) collected ($0.1)


Poker Hand #HD1735775159: Hold'em No Limit ($0.02/$0.05) - 2024/04/18 14:48:34
Table 'NLHBlue8' 6-max Seat #6 is the button
Seat 2: Hero ($5.19 in chips)
Seat 6: 445f48c5 ($8.37 in chips)
445f48c5: posts small blind $0.02
Hero: posts big blind $0.05
*** HOLE CARDS ***
Dealt to Hero [6s 6h]
Dealt to 445f48c5 
445f48c5: raises $0.08 to $0.13
Hero: calls $0.08
*** FLOP *** [Jh Kh Qh]
Hero: checks
445f48c5: checks
*** TURN *** [Jh Kh Qh] [4c]
Hero: checks
445f48c5: checks
*** RIVER *** [Jh Kh Qh 4c] [9d]
Hero: checks
445f48c5: bets $0.14
Hero: folds
Uncalled bet ($0.14) returned to 445f48c5
*** SHOWDOWN ***
445f48c5 collected $0.25 from pot
*** SUMMARY ***
Total pot $0.26 | Rake $0.01 | Jackpot $0 | Bingo $0 | Fortune $0 | Tax $0
Board [Jh Kh Qh 4c 9d]
Seat 2: Hero (big blind) folded on the River
Seat 6: 445f48c5 (small blind) won ($0.25)


Poker Hand #HD1735775149: Hold'em No Limit ($0.02/$0.05) - 2024/04/18 14:48:30
Table 'NLHBlue8' 6-max Seat #2 is the button
Seat 2: Hero ($5.21 in chips)
Seat 6: 445f48c5 ($8.35 in chips)
Hero: posts small blind $0.02
445f48c5: posts big blind $0.05
*** HOLE CARDS ***
Dealt to Hero [Qh 9s]
Dealt to 445f48c5 
Hero: folds
Uncalled bet ($0.03) returned to 445f48c5
*** SHOWDOWN ***
445f48c5 collected $0.04 from pot
*** SUMMARY ***
Total pot $0.04 | Rake $0 | Jackpot $0 | Bingo $0 | Fortune $0 | Tax $0
Seat 2: Hero (small blind) folded before Flop
Seat 6: 445f48c5 (big blind) collected ($0.04)


Poker Hand #HD1735775136: Hold'em No Limit ($0.02/$0.05) - 2024/04/18 14:48:23
Table 'NLHBlue8' 6-max Seat #6 is the button
Seat 2: Hero ($5.26 in chips)
Seat 6: 445f48c5 ($8.3 in chips)
445f48c5: posts small blind $0.02
Hero: posts big blind $0.05
*** HOLE CARDS ***
Dealt to Hero [6c 4h]
Dealt to 445f48c5 
445f48c5: raises $0.08 to $0.13
Hero: folds
Uncalled bet ($0.08) returned to 445f48c5
*** SHOWDOWN ***
445f48c5 collected $0.1 from pot
*** SUMMARY ***
Total pot $0.1 | Rake $0 | Jackpot $0 | Bingo $0 | Fortune $0 | Tax $0
Seat 2: Hero (big blind) folded before Flop
Seat 6: 445f48c5 (small blind) collected ($0.1)


Poker Hand #HD1735775128: Hold'em No Limit ($0.02/$0.05) - 2024/04/18 14:48:18
Table 'NLHBlue8' 6-max Seat #2 is the button
Seat 2: Hero ($5.28 in chips)
Seat 6: 445f48c5 ($8.28 in chips)
Hero: posts small blind $0.02
445f48c5: posts big blind $0.05
*** HOLE CARDS ***
Dealt to Hero [4c Jd]
Dealt to 445f48c5 
Hero: folds
Uncalled bet ($0.03) returned to 445f48c5
*** SHOWDOWN ***
445f48c5 collected $0.04 from pot
*** SUMMARY ***
Total pot $0.04 | Rake $0 | Jackpot $0 | Bingo $0 | Fortune $0 | Tax $0
Seat 2: Hero (small blind) folded before Flop
Seat 6: 445f48c5 (big blind) collected ($0.04)


Poker Hand #HD1735775120: Hold'em No Limit ($0.02/$0.05) - 2024/04/18 14:48:12
Table 'NLHBlue8' 6-max Seat #6 is the button
Seat 2: Hero ($5.26 in chips)
Seat 6: 445f48c5 ($8.3 in chips)
445f48c5: posts small blind $0.02
Hero: posts big blind $0.05
*** HOLE CARDS ***
Dealt to Hero [4h 6h]
Dealt to 445f48c5 
445f48c5: folds
Uncalled bet ($0.03) returned to Hero
*** SHOWDOWN ***
Hero collected $0.04 from pot
*** SUMMARY ***
Total pot $0.04 | Rake $0 | Jackpot $0 | Bingo $0 | Fortune $0 | Tax $0
Seat 2: Hero (big blind) collected ($0.04)
Seat 6: 445f48c5 (small blind) folded before Flop


Poker Hand #HD1735775097: Hold'em No Limit ($0.02/$0.05) - 2024/04/18 14:48:00
Table 'NLHBlue8' 6-max Seat #2 is the button
Seat 2: Hero ($5.28 in chips)
Seat 6: 445f48c5 ($8.28 in chips)
Hero: posts small blind $0.02
445f48c5: posts big blind $0.05
*** HOLE CARDS ***
Dealt to Hero [6c Jc]
Dealt to 445f48c5 
Hero: folds
Uncalled bet ($0.03) returned to 445f48c5
*** SHOWDOWN ***
445f48c5 collected $0.04 from pot
*** SUMMARY ***
Total pot $0.04 | Rake $0 | Jackpot $0 | Bingo $0 | Fortune $0 | Tax $0
Seat 2: Hero (small blind) folded before Flop
Seat 6: 445f48c5 (big blind) collected ($0.04)


Poker Hand #HD1735775090: Hold'em No Limit ($0.02/$0.05) - 2024/04/18 14:47:54
Table 'NLHBlue8' 6-max Seat #6 is the button
Seat 2: Hero ($5.26 in chips)
Seat 6: 445f48c5 ($8.3 in chips)
445f48c5: posts small blind $0.02
Hero: posts big blind $0.05
*** HOLE CARDS ***
Dealt to Hero [2s Kh]
Dealt to 445f48c5 
445f48c5: folds
Uncalled bet ($0.03) returned to Hero
*** SHOWDOWN ***
Hero collected $0.04 from pot
*** SUMMARY ***
Total pot $0.04 | Rake $0 | Jackpot $0 | Bingo $0 | Fortune $0 | Tax $0
Seat 2: Hero (big blind) collected ($0.04)
Seat 6: 445f48c5 (small blind) folded before Flop


Poker Hand #HD1735775070: Hold'em No Limit ($0.02/$0.05) - 2024/04/18 14:47:39
Table 'NLHBlue8' 6-max Seat #2 is the button
Seat 2: Hero ($5.28 in chips)
Seat 6: 445f48c5 ($8.28 in chips)
Hero: posts small blind $0.02
445f48c5: posts big blind $0.05
*** HOLE CARDS ***
Dealt to Hero [3d 8h]
Dealt to 445f48c5 
Hero: folds
Uncalled bet ($0.03) returned to 445f48c5
*** SHOWDOWN ***
445f48c5 collected $0.04 from pot
*** SUMMARY ***
Total pot $0.04 | Rake $0 | Jackpot $0 | Bingo $0 | Fortune $0 | Tax $0
Seat 2: Hero (small blind) folded before Flop
Seat 6: 445f48c5 (big blind) collected ($0.04)


Poker Hand #HD1735775054: Hold'em No Limit ($0.02/$0.05) - 2024/04/18 14:47:30
Table 'NLHBlue8' 6-max Seat #6 is the button
Seat 2: Hero ($5.33 in chips)
Seat 6: 445f48c5 ($8.23 in chips)
445f48c5: posts small blind $0.02
Hero: posts big blind $0.05
*** HOLE CARDS ***
Dealt to Hero [7c 6s]
Dealt to 445f48c5 
445f48c5: raises $0.08 to $0.13
Hero: folds
Uncalled bet ($0.08) returned to 445f48c5
*** SHOWDOWN ***
445f48c5 collected $0.1 from pot
*** SUMMARY ***
Total pot $0.1 | Rake $0 | Jackpot $0 | Bingo $0 | Fortune $0 | Tax $0
Seat 2: Hero (big blind) folded before Flop
Seat 6: 445f48c5 (small blind) collected ($0.1)


Poker Hand #HD1735775034: Hold'em No Limit ($0.02/$0.05) - 2024/04/18 14:47:14
Table 'NLHBlue8' 6-max Seat #2 is the button
Seat 2: Hero ($5.26 in chips)
Seat 4: 7c5894f2 ($5.28 in chips)
Seat 6: 445f48c5 ($8.28 in chips)
7c5894f2: posts small blind $0.02
445f48c5: posts big blind $0.05
*** HOLE CARDS ***
Dealt to Hero [9c Kd]
Dealt to 7c5894f2 
Dealt to 445f48c5 
Hero: raises $0.07 to $0.12
7c5894f2: folds
445f48c5: folds
Uncalled bet ($0.07) returned to Hero
*** SHOWDOWN ***
Hero collected $0.12 from pot
*** SUMMARY ***
Total pot $0.12 | Rake $0 | Jackpot $0 | Bingo $0 | Fortune $0 | Tax $0
Seat 2: Hero (button) collected ($0.12)
Seat 4: 7c5894f2 (small blind) folded before Flop
Seat 6: 445f48c5 (big blind) folded before Flop


Poker Hand #HD1735775019: Hold'em No Limit ($0.02/$0.05) - 2024/04/18 14:47:06
Table 'NLHBlue8' 6-max Seat #6 is the button
Seat 2: Hero ($5.28 in chips)
Seat 4: 7c5894f2 ($5.33 in chips)
Seat 6: 445f48c5 ($8.21 in chips)
Hero: posts small blind $0.02
7c5894f2: posts big blind $0.05
*** HOLE CARDS ***
Dealt to Hero [5d 7c]
Dealt to 7c5894f2 
Dealt to 445f48c5 
445f48c5: raises $0.08 to $0.13
Hero: folds
7c5894f2: folds
Uncalled bet ($0.08) returned to 445f48c5
*** SHOWDOWN ***
445f48c5 collected $0.12 from pot
*** SUMMARY ***
Total pot $0.12 | Rake $0 | Jackpot $0 | Bingo $0 | Fortune $0 | Tax $0
Seat 2: Hero (small blind) folded before Flop
Seat 4: 7c5894f2 (big blind) folded before Flop
Seat 6: 445f48c5 (button) collected ($0.12)


Poker Hand #HD1735774957: Hold'em No Limit ($0.02/$0.05) - 2024/04/18 14:46:33
Table 'NLHBlue8' 6-max Seat #4 is the button
Seat 2: Hero ($5.57 in chips)
Seat 4: 7c5894f2 ($5.05 in chips)
Seat 6: 445f48c5 ($8.23 in chips)
445f48c5: posts small blind $0.02
Hero: posts big blind $0.05
*** HOLE CARDS ***
Dealt to Hero [Tc Ad]
Dealt to 7c5894f2 
Dealt to 445f48c5 
7c5894f2: raises $0.08 to $0.13
445f48c5: folds
Hero: calls $0.08
*** FLOP *** [6h 5s 4c]
Hero: checks
7c5894f2: bets $0.16
Hero: calls $0.16
*** TURN *** [6h 5s 4c] [6c]
Hero: checks
7c5894f2: bets $0.33
Hero: folds
Uncalled bet ($0.33) returned to 7c5894f2
*** SHOWDOWN ***
7c5894f2 collected $0.57 from pot
*** SUMMARY ***
Total pot $0.6 | Rake $0.03 | Jackpot $0 | Bingo $0 | Fortune $0 | Tax $0
Board [6h 5s 4c 6c]
Seat 2: Hero (big blind) folded on the Turn
Seat 4: 7c5894f2 (button) won ($0.57)
Seat 6: 445f48c5 (small blind) folded before Flop


Poker Hand #HD1735774934: Hold'em No Limit ($0.02/$0.05) - 2024/04/18 14:46:20
Table 'NLHBlue8' 6-max Seat #2 is the button
Seat 2: Hero ($5.57 in chips)
Seat 4: 7c5894f2 ($5 in chips)
Seat 6: 445f48c5 ($8.28 in chips)
7c5894f2: posts small blind $0.02
445f48c5: posts big blind $0.05
*** HOLE CARDS ***
Dealt to Hero [6h 9s]
Dealt to 7c5894f2 
Dealt to 445f48c5 
Hero: folds
7c5894f2: raises $0.1 to $0.15
445f48c5: folds
Uncalled bet ($0.1) returned to 7c5894f2
*** SHOWDOWN ***
7c5894f2 collected $0.1 from pot
*** SUMMARY ***
Total pot $0.1 | Rake $0 | Jackpot $0 | Bingo $0 | Fortune $0 | Tax $0
Seat 2: Hero (button) folded before Flop (didn't bet)
Seat 4: 7c5894f2 (small blind) collected ($0.1)
Seat 6: 445f48c5 (big blind) folded before Flop


Poker Hand #HD1735774917: Hold'em No Limit ($0.02/$0.05) - 2024/04/18 14:46:06
Table 'NLHBlue8' 6-max Seat #6 is the button
Seat 2: Hero ($5.52 in chips)
Seat 4: 7c5894f2 ($5 in chips)
Seat 6: 445f48c5 ($8.28 in chips)
Hero: posts small blind $0.02
7c5894f2: posts big blind $0.05
*** HOLE CARDS ***
Dealt to Hero [Td Ks]
Dealt to 7c5894f2 
Dealt to 445f48c5 
445f48c5: folds
Hero: raises $0.1 to $0.15
7c5894f2: folds
Uncalled bet ($0.1) returned to Hero
*** SHOWDOWN ***
Hero collected $0.1 from pot
*** SUMMARY ***
Total pot $0.1 | Rake $0 | Jackpot $0 | Bingo $0 | Fortune $0 | Tax $0
Seat 2: Hero (small blind) collected ($0.1)
Seat 4: 7c5894f2 (big blind) folded before Flop
Seat 6: 445f48c5 (button) folded before Flop (didn't bet)


Poker Hand #HD1735774901: Hold'em No Limit ($0.02/$0.05) - 2024/04/18 14:45:55
Table 'NLHBlue8' 6-max Seat #3 is the button
Seat 1: 5af72358 ($5 in chips)
Seat 2: Hero ($5.52 in chips)
Seat 3: 892e6c65 ($8.92 in chips)
Seat 5: 9a21f532 ($3.61 in chips)
Seat 6: 445f48c5 ($8.26 in chips)
9a21f532: posts small blind $0.02
445f48c5: posts big blind $0.05
*** HOLE CARDS ***
Dealt to 5af72358 
Dealt to Hero [3c Qd]
Dealt to 892e6c65 
Dealt to 9a21f532 
Dealt to 445f48c5 
5af72358: folds
Hero: folds
892e6c65: folds
9a21f532: folds
Uncalled bet ($0.03) returned to 445f48c5
*** SHOWDOWN ***
445f48c5 collected $0.04 from pot
*** SUMMARY ***
Total pot $0.04 | Rake $0 | Jackpot $0 | Bingo $0 | Fortune $0 | Tax $0
Seat 1: 5af72358 folded before Flop (didn't bet)
Seat 2: Hero folded before Flop (didn't bet)
Seat 3: 892e6c65 (button) folded before Flop (didn't bet)
Seat 5: 9a21f532 (small blind) folded before Flop
Seat 6: 445f48c5 (big blind) collected ($0.04)


Poker Hand #HD1735774862: Hold'em No Limit ($0.02/$0.05) - 2024/04/18 14:45:32
Table 'NLHBlue8' 6-max Seat #2 is the button
Seat 1: 5af72358 ($5 in chips)
Seat 2: Hero ($5.31 in chips)
Seat 3: 892e6c65 ($8.94 in chips)
Seat 5: 9a21f532 ($3.66 in chips)
Seat 6: 445f48c5 ($8.41 in chips)
892e6c65: posts small blind $0.02
9a21f532: posts big blind $0.05
*** HOLE CARDS ***
Dealt to 5af72358 
Dealt to Hero [Qd Kh]
Dealt to 892e6c65 
Dealt to 9a21f532 
Dealt to 445f48c5 
445f48c5: raises $0.1 to $0.15
5af72358: folds
Hero: raises $0.3 to $0.45
892e6c65: folds
9a21f532: folds
445f48c5: folds
Uncalled bet ($0.3) returned to Hero
*** SHOWDOWN ***
Hero collected $0.36 from pot
*** SUMMARY ***
Total pot $0.37 | Rake $0.01 | Jackpot $0 | Bingo $0 | Fortune $0 | Tax $0
Seat 1: 5af72358 folded before Flop (didn't bet)
Seat 2: Hero (button) collected ($0.36)
Seat 3: 892e6c65 (small blind) folded before Flop
Seat 5: 9a21f532 (big blind) folded before Flop
Seat 6: 445f48c5 folded before Flop


Poker Hand #HD1735774837: Hold'em No Limit ($0.02/$0.05) - 2024/04/18 14:45:17
Table 'NLHBlue8' 6-max Seat #1 is the button
Seat 1: 5af72358 ($5 in chips)
Seat 2: Hero ($5.33 in chips)
Seat 3: 892e6c65 ($8.99 in chips)
Seat 4: 742f941e ($5.86 in chips)
Seat 5: 9a21f532 ($3.66 in chips)
Seat 6: 445f48c5 ($8.41 in chips)
Hero: posts small blind $0.02
892e6c65: posts big blind $0.05
*** HOLE CARDS ***
Dealt to 5af72358 
Dealt to Hero [Kh 4d]
Dealt to 892e6c65 
Dealt to 742f941e 
Dealt to 9a21f532 
Dealt to 445f48c5 
742f941e: raises $0.07 to $0.12
9a21f532: folds
445f48c5: folds
5af72358: folds
Hero: folds
892e6c65: folds
Uncalled bet ($0.07) returned to 742f941e
*** SHOWDOWN ***
742f941e collected $0.12 from pot
*** SUMMARY ***
Total pot $0.12 | Rake $0 | Jackpot $0 | Bingo $0 | Fortune $0 | Tax $0
Seat 1: 5af72358 (button) folded before Flop (didn't bet)
Seat 2: Hero (small blind) folded before Flop
Seat 3: 892e6c65 (big blind) folded before Flop
Seat 4: 742f941e collected ($0.12)
Seat 5: 9a21f532 folded before Flop (didn't bet)
Seat 6: 445f48c5 folded before Flop (didn't bet)


Poker Hand #HD1735774764: Hold'em No Limit ($0.02/$0.05) - 2024/04/18 14:44:33
Table 'NLHBlue8' 6-max Seat #6 is the button
Seat 1: 5af72358 ($5.02 in chips)
Seat 2: Hero ($5.38 in chips)
Seat 3: 892e6c65 ($8.64 in chips)
Seat 4: 742f941e ($5.86 in chips)
Seat 5: 9a21f532 ($3.97 in chips)
Seat 6: 445f48c5 ($8.41 in chips)
5af72358: posts small blind $0.02
Hero: posts big blind $0.05
*** HOLE CARDS ***
Dealt to 5af72358 
Dealt to Hero [Kh 3h]
Dealt to 892e6c65 
Dealt to 742f941e 
Dealt to 9a21f532 
Dealt to 445f48c5 
892e6c65: raises $0.05 to $0.1
742f941e: folds
9a21f532: calls $0.1
445f48c5: folds
5af72358: folds
Hero: folds
*** FLOP *** [9s Qc 7d]
892e6c65: bets $0.21
9a21f532: calls $0.21
*** TURN *** [9s Qc 7d] [2s]
892e6c65: bets $0.52
9a21f532: folds
Uncalled bet ($0.52) returned to 892e6c65
*** SHOWDOWN ***
892e6c65 collected $0.66 from pot
*** SUMMARY ***
Total pot $0.69 | Rake $0.03 | Jackpot $0 | Bingo $0 | Fortune $0 | Tax $0
Board [9s Qc 7d 2s]
Seat 1: 5af72358 (small blind) folded before Flop
Seat 2: Hero (big blind) folded before Flop
Seat 3: 892e6c65 won ($0.66)
Seat 4: 742f941e folded before Flop (didn't bet)
Seat 5: 9a21f532 folded on the Turn
Seat 6: 445f48c5 (button) folded before Flop (didn't bet)


Poker Hand #HD1735774667: Hold'em No Limit ($0.02/$0.05) - 2024/04/18 14:43:41
Table 'NLHBlue8' 6-max Seat #5 is the button
Seat 1: 5af72358 ($5.07 in chips)
Seat 2: Hero ($5.38 in chips)
Seat 3: 892e6c65 ($8.64 in chips)
Seat 4: 742f941e ($5.86 in chips)
Seat 5: 9a21f532 ($3.87 in chips)
Seat 6: 445f48c5 ($8.46 in chips)
445f48c5: posts small blind $0.02
5af72358: posts big blind $0.05
*** HOLE CARDS ***
Dealt to 5af72358 
Dealt to Hero [2c 7d]
Dealt to 892e6c65 
Dealt to 742f941e 
Dealt to 9a21f532 
Dealt to 445f48c5 
Hero: folds
892e6c65: folds
742f941e: folds
9a21f532: calls $0.05
445f48c5: calls $0.03
5af72358: checks
*** FLOP *** [6s Ks 8h]
445f48c5: checks
5af72358: checks
9a21f532: checks
*** TURN *** [6s Ks 8h] [7h]
445f48c5: checks
5af72358: checks
9a21f532: checks
*** RIVER *** [6s Ks 8h 7h] [8s]
445f48c5: checks
5af72358: checks
9a21f532: bets $0.15
445f48c5: folds
5af72358: folds
Uncalled bet ($0.15) returned to 9a21f532
*** SHOWDOWN ***
9a21f532 collected $0.15 from pot
*** SUMMARY ***
Total pot $0.15 | Rake $0 | Jackpot $0 | Bingo $0 | Fortune $0 | Tax $0
Board [6s Ks 8h 7h 8s]
Seat 1: 5af72358 (big blind) folded on the River
Seat 2: Hero folded before Flop (didn't bet)
Seat 3: 892e6c65 folded before Flop (didn't bet)
Seat 4: 742f941e folded before Flop (didn't bet)
Seat 5: 9a21f532 (button) won ($0.15)
Seat 6: 445f48c5 (small blind) folded on the River


Poker Hand #HD1735774626: Hold'em No Limit ($0.02/$0.05) - 2024/04/18 14:43:12
Table 'NLHBlue8' 6-max Seat #4 is the button
Seat 1: 5af72358 ($5 in chips)
Seat 2: Hero ($5.38 in chips)
Seat 3: 892e6c65 ($8.64 in chips)
Seat 4: 742f941e ($5.86 in chips)
Seat 5: 9a21f532 ($3.89 in chips)
Seat 6: 445f48c5 ($8.51 in chips)
9a21f532: posts small blind $0.02
445f48c5: posts big blind $0.05
5af72358: posts big blind $0.05
5af72358: posts missed blind $0.02
*** HOLE CARDS ***
Dealt to 5af72358 
Dealt to Hero [Ah 8s]
Dealt to 892e6c65 
Dealt to 742f941e 
Dealt to 9a21f532 
Dealt to 445f48c5 
5af72358: checks
Hero: folds
892e6c65: folds
742f941e: folds
9a21f532: folds
445f48c5: checks
*** FLOP *** [Jd 6c 9d]
445f48c5: checks
5af72358: bets $0.07
445f48c5: folds
Uncalled bet ($0.07) returned to 5af72358
*** SHOWDOWN ***
5af72358 collected $0.14 from pot
*** SUMMARY ***
Total pot $0.14 | Rake $0 | Jackpot $0 | Bingo $0 | Fortune $0 | Tax $0
Board [Jd 6c 9d]
Seat 1: 5af72358 won ($0.14)
Seat 2: Hero folded before Flop (didn't bet)
Seat 3: 892e6c65 folded before Flop (didn't bet)
Seat 4: 742f941e (button) folded before Flop (didn't bet)
Seat 5: 9a21f532 (small blind) folded before Flop
Seat 6: 445f48c5 (big blind) folded on the Flop


Poker Hand #HD1735774585: Hold'em No Limit ($0.02/$0.05) - 2024/04/18 14:42:47
Table 'NLHBlue8' 6-max Seat #3 is the button
Seat 2: Hero ($5.25 in chips)
Seat 3: 892e6c65 ($8.64 in chips)
Seat 4: 742f941e ($5.88 in chips)
Seat 5: 9a21f532 ($4.01 in chips)
Seat 6: 445f48c5 ($8.51 in chips)
742f941e: posts small blind $0.02
9a21f532: posts big blind $0.05
*** HOLE CARDS ***
Dealt to Hero [7s 7h]
Dealt to 892e6c65 
Dealt to 742f941e 
Dealt to 9a21f532 
Dealt to 445f48c5 
445f48c5: folds
Hero: raises $0.07 to $0.12
892e6c65: folds
742f941e: folds
9a21f532: calls $0.07
*** FLOP *** [Jd 3d Jh]
9a21f532: checks
Hero: bets $0.1
9a21f532: folds
Uncalled bet ($0.1) returned to Hero
*** SHOWDOWN ***
Hero collected $0.25 from pot
*** SUMMARY ***
Total pot $0.26 | Rake $0.01 | Jackpot $0 | Bingo $0 | Fortune $0 | Tax $0
Board [Jd 3d Jh]
Seat 2: Hero won ($0.25)
Seat 3: 892e6c65 (button) folded before Flop (didn't bet)
Seat 4: 742f941e (small blind) folded before Flop
Seat 5: 9a21f532 (big blind) folded on the Flop
Seat 6: 445f48c5 folded before Flop (didn't bet)


Poker Hand #HD1735774536: Hold'em No Limit ($0.02/$0.05) - 2024/04/18 14:42:24
Table 'NLHBlue8' 6-max Seat #2 is the button
Seat 2: Hero ($5.37 in chips)
Seat 3: 892e6c65 ($8.48 in chips)
Seat 4: 742f941e ($5.93 in chips)
Seat 5: 9a21f532 ($4.01 in chips)
Seat 6: 445f48c5 ($8.51 in chips)
892e6c65: posts small blind $0.02
742f941e: posts big blind $0.05
*** HOLE CARDS ***
Dealt to Hero [5s Ac]
Dealt to 892e6c65 
Dealt to 742f941e 
Dealt to 9a21f532 
Dealt to 445f48c5 
9a21f532: folds
445f48c5: folds
Hero: raises $0.07 to $0.12
892e6c65: raises $0.44 to $0.56
742f941e: folds
Hero: folds
Uncalled bet ($0.44) returned to 892e6c65
*** SHOWDOWN ***
892e6c65 collected $0.28 from pot
*** SUMMARY ***
Total pot $0.29 | Rake $0.01 | Jackpot $0 | Bingo $0 | Fortune $0 | Tax $0
Seat 2: Hero (button) folded before Flop
Seat 3: 892e6c65 (small blind) collected ($0.28)
Seat 4: 742f941e (big blind) folded before Flop
Seat 5: 9a21f532 folded before Flop (didn't bet)
Seat 6: 445f48c5 folded before Flop (didn't bet)


Poker Hand #HD1735774496: Hold'em No Limit ($0.02/$0.05) - 2024/04/18 14:42:00
Table 'NLHBlue8' 6-max Seat #6 is the button
Seat 2: Hero ($5.39 in chips)
Seat 3: 892e6c65 ($8.23 in chips)
Seat 4: 742f941e ($6.05 in chips)
Seat 5: 9a21f532 ($4.13 in chips)
Seat 6: 445f48c5 ($8.51 in chips)
Hero: posts small blind $0.02
892e6c65: posts big blind $0.05
*** HOLE CARDS ***
Dealt to Hero [Kc 3h]
Dealt to 892e6c65 
Dealt to 742f941e 
Dealt to 9a21f532 
Dealt to 445f48c5 
742f941e: raises $0.07 to $0.12
9a21f532: calls $0.12
445f48c5: folds
Hero: folds
892e6c65: raises $0.57 to $0.69
742f941e: folds
9a21f532: folds
Uncalled bet ($0.57) returned to 892e6c65
*** SHOWDOWN ***
892e6c65 collected $0.37 from pot
*** SUMMARY ***
Total pot $0.38 | Rake $0.01 | Jackpot $0 | Bingo $0 | Fortune $0 | Tax $0
Seat 2: Hero (small blind) folded before Flop
Seat 3: 892e6c65 (big blind) collected ($0.37)
Seat 4: 742f941e folded before Flop
Seat 5: 9a21f532 folded before Flop
Seat 6: 445f48c5 (button) folded before Flop (didn't bet)


Poker Hand #HD1735774472: Hold'em No Limit ($0.02/$0.05) - 2024/04/18 14:41:45
Table 'NLHBlue8' 6-max Seat #5 is the button
Seat 2: Hero ($5.37 in chips)
Seat 3: 892e6c65 ($8.23 in chips)
Seat 4: 742f941e ($6.05 in chips)
Seat 5: 9a21f532 ($4.13 in chips)
Seat 6: 445f48c5 ($8.53 in chips)
445f48c5: posts small blind $0.02
Hero: posts big blind $0.05
*** HOLE CARDS ***
Dealt to Hero [9s Qd]
Dealt to 892e6c65 
Dealt to 742f941e 
Dealt to 9a21f532 
Dealt to 445f48c5 
892e6c65: folds
742f941e: folds
9a21f532: folds
445f48c5: folds
Uncalled bet ($0.03) returned to Hero
*** SHOWDOWN ***
Hero collected $0.04 from pot
*** SUMMARY ***
Total pot $0.04 | Rake $0 | Jackpot $0 | Bingo $0 | Fortune $0 | Tax $0
Seat 2: Hero (big blind) collected ($0.04)
Seat 3: 892e6c65 folded before Flop (didn't bet)
Seat 4: 742f941e folded before Flop (didn't bet)
Seat 5: 9a21f532 (button) folded before Flop (didn't bet)
Seat 6: 445f48c5 (small blind) folded before Flop


Poker Hand #HD1735774374: Hold'em No Limit ($0.02/$0.05) - 2024/04/18 14:40:36
Table 'NLHBlue8' 6-max Seat #4 is the button
Seat 1: 5af72358 ($5 in chips)
Seat 2: Hero ($5.37 in chips)
Seat 3: 892e6c65 ($8.23 in chips)
Seat 4: 742f941e ($5.89 in chips)
Seat 5: 9a21f532 ($4.25 in chips)
Seat 6: 445f48c5 ($8.58 in chips)
9a21f532: posts small blind $0.02
445f48c5: posts big blind $0.05
*** HOLE CARDS ***
Dealt to 5af72358 
Dealt to Hero [4d 3s]
Dealt to 892e6c65 
Dealt to 742f941e 
Dealt to 9a21f532 
Dealt to 445f48c5 
5af72358: folds
Hero: folds
892e6c65: folds
742f941e: raises $0.07 to $0.12
9a21f532: calls $0.1
445f48c5: folds
*** FLOP *** [Kc Qh 7s]
9a21f532: checks
742f941e: bets $0.44
9a21f532: folds
Uncalled bet ($0.44) returned to 742f941e
*** SHOWDOWN ***
742f941e collected $0.28 from pot
*** SUMMARY ***
Total pot $0.29 | Rake $0.01 | Jackpot $0 | Bingo $0 | Fortune $0 | Tax $0
Board [Kc Qh 7s]
Seat 1: 5af72358 folded before Flop (didn't bet)
Seat 2: Hero folded before Flop (didn't bet)
Seat 3: 892e6c65 folded before Flop (didn't bet)
Seat 4: 742f941e (button) won ($0.28)
Seat 5: 9a21f532 (small blind) folded on the Flop
Seat 6: 445f48c5 (big blind) folded before Flop


Poker Hand #HD1735774314: Hold'em No Limit ($0.02/$0.05) - 2024/04/18 14:40:02
Table 'NLHBlue8' 6-max Seat #3 is the button
Seat 1: 5af72358 ($5 in chips)
Seat 2: Hero ($5.37 in chips)
Seat 3: 892e6c65 ($8.1 in chips)
Seat 4: 742f941e ($5.91 in chips)
Seat 5: 9a21f532 ($4.37 in chips)
Seat 6: 445f48c5 ($8.58 in chips)
742f941e: posts small blind $0.02
9a21f532: posts big blind $0.05
*** HOLE CARDS ***
Dealt to 5af72358 
Dealt to Hero [Jd 5d]
Dealt to 892e6c65 
Dealt to 742f941e 
Dealt to 9a21f532 
Dealt to 445f48c5 
445f48c5: folds
5af72358: folds
Hero: folds
892e6c65: raises $0.07 to $0.12
742f941e: folds
9a21f532: calls $0.07
*** FLOP *** [Ts 4c 7d]
9a21f532: checks
892e6c65: bets $0.2
9a21f532: folds
Uncalled bet ($0.2) returned to 892e6c65
*** SHOWDOWN ***
892e6c65 collected $0.25 from pot
*** SUMMARY ***
Total pot $0.26 | Rake $0.01 | Jackpot $0 | Bingo $0 | Fortune $0 | Tax $0
Board [Ts 4c 7d]
Seat 1: 5af72358 folded before Flop (didn't bet)
Seat 2: Hero folded before Flop (didn't bet)
Seat 3: 892e6c65 (button) won ($0.25)
Seat 4: 742f941e (small blind) folded before Flop
Seat 5: 9a21f532 (big blind) folded on the Flop
Seat 6: 445f48c5 folded before Flop (didn't bet)


Poker Hand #HD1735774231: Hold'em No Limit ($0.02/$0.05) - 2024/04/18 14:39:11
Table 'NLHBlue8' 6-max Seat #2 is the button
Seat 1: 5af72358 ($5 in chips)
Seat 2: Hero ($5.37 in chips)
Seat 3: 892e6c65 ($8.28 in chips)
Seat 4: 742f941e ($5.96 in chips)
Seat 5: 9a21f532 ($3.99 in chips)
Seat 6: 445f48c5 ($8.76 in chips)
892e6c65: posts small blind $0.02
742f941e: posts big blind $0.05
*** HOLE CARDS ***
Dealt to 5af72358 
Dealt to Hero [Ks 9c]
Dealt to 892e6c65 
Dealt to 742f941e 
Dealt to 9a21f532 
Dealt to 445f48c5 
9a21f532: calls $0.05
445f48c5: raises $0.13 to $0.18
5af72358: folds
Hero: folds
892e6c65: calls $0.16
742f941e: folds
9a21f532: calls $0.13
*** FLOP *** [2c 5d 7c]
892e6c65: checks
9a21f532: bets $0.59
445f48c5: folds
892e6c65: folds
Uncalled bet ($0.59) returned to 9a21f532
*** SHOWDOWN ***
9a21f532 collected $0.56 from pot
*** SUMMARY ***
Total pot $0.59 | Rake $0.03 | Jackpot $0 | Bingo $0 | Fortune $0 | Tax $0
Board [2c 5d 7c]
Seat 1: 5af72358 folded before Flop (didn't bet)
Seat 2: Hero (button) folded before Flop (didn't bet)
Seat 3: 892e6c65 (small blind) folded on the Flop
Seat 4: 742f941e (big blind) folded before Flop
Seat 5: 9a21f532 won ($0.56)
Seat 6: 445f48c5 folded on the Flop


Poker Hand #HD1735774147: Hold'em No Limit ($0.02/$0.05) - 2024/04/18 14:38:25
Table 'NLHBlue8' 6-max Seat #1 is the button
Seat 1: 5af72358 ($5 in chips)
Seat 2: Hero ($5.39 in chips)
Seat 3: 892e6c65 ($8.33 in chips)
Seat 4: 742f941e ($5.96 in chips)
Seat 5: 9a21f532 ($4.33 in chips)
Seat 6: 445f48c5 ($8.38 in chips)
Hero: posts small blind $0.02
892e6c65: posts big blind $0.05
*** HOLE CARDS ***
Dealt to 5af72358 
Dealt to Hero [Jd Ks]
Dealt to 892e6c65 
Dealt to 742f941e 
Dealt to 9a21f532 
Dealt to 445f48c5 
742f941e: folds
9a21f532: calls $0.05
445f48c5: raises $0.13 to $0.18
5af72358: folds
Hero: folds
892e6c65: folds
9a21f532: calls $0.13
*** FLOP *** [8d Ah 9h]
9a21f532: checks
445f48c5: checks
*** TURN *** [8d Ah 9h] [2d]
9a21f532: checks
445f48c5: checks
*** RIVER *** [8d Ah 9h 2d] [Qs]
9a21f532: bets $0.16
445f48c5: calls $0.16
9a21f532: shows [3d Qc] (Pair of Queens)
445f48c5: shows [Qd Jc] (Pair of Queens)
*** SHOWDOWN ***
445f48c5 collected $0.72 from pot
*** SUMMARY ***
Total pot $0.75 | Rake $0.03 | Jackpot $0 | Bingo $0 | Fortune $0 | Tax $0
Board [8d Ah 9h 2d Qs]
Seat 1: 5af72358 (button) folded before Flop (didn't bet)
Seat 2: Hero (small blind) folded before Flop
Seat 3: 892e6c65 (big blind) folded before Flop
Seat 4: 742f941e folded before Flop (didn't bet)
Seat 5: 9a21f532 showed [3d Qc] and lost with Pair of Queens
Seat 6: 445f48c5 showed [Qd Jc] and won ($0.72) with Pair of Queens


Poker Hand #HD1735774122: Hold'em No Limit ($0.02/$0.05) - 2024/04/18 14:38:10
Table 'NLHBlue8' 6-max Seat #6 is the button
Seat 1: 5af72358 ($5 in chips)
Seat 2: Hero ($5.44 in chips)
Seat 4: 742f941e ($5.89 in chips)
Seat 5: 9a21f532 ($4.33 in chips)
Seat 6: 445f48c5 ($8.38 in chips)
5af72358: posts small blind $0.02
Hero: posts big blind $0.05
*** HOLE CARDS ***
Dealt to 5af72358 
Dealt to Hero [Th 3h]
Dealt to 742f941e 
Dealt to 9a21f532 
Dealt to 445f48c5 
742f941e: raises $0.07 to $0.12
9a21f532: folds
445f48c5: folds
5af72358: folds
Hero: folds
Uncalled bet ($0.07) returned to 742f941e
*** SHOWDOWN ***
742f941e collected $0.12 from pot
*** SUMMARY ***
Total pot $0.12 | Rake $0 | Jackpot $0 | Bingo $0 | Fortune $0 | Tax $0
Seat 1: 5af72358 (small blind) folded before Flop
Seat 2: Hero (big blind) folded before Flop
Seat 4: 742f941e collected ($0.12)
Seat 5: 9a21f532 folded before Flop (didn't bet)
Seat 6: 445f48c5 (button) folded before Flop (didn't bet)


Poker Hand #HD1735774074: Hold'em No Limit ($0.02/$0.05) - 2024/04/18 14:37:43
Table 'NLHBlue8' 6-max Seat #5 is the button
Seat 1: 5af72358 ($5 in chips)
Seat 2: Hero ($5.37 in chips)
Seat 4: 742f941e ($5.89 in chips)
Seat 5: 9a21f532 ($4.33 in chips)
Seat 6: 445f48c5 ($8.4 in chips)
445f48c5: posts small blind $0.02
5af72358: posts big blind $0.05
*** HOLE CARDS ***
Dealt to 5af72358 
Dealt to Hero [Ac Tc]
Dealt to 742f941e 
Dealt to 9a21f532 
Dealt to 445f48c5 
Hero: raises $0.05 to $0.1
742f941e: folds
9a21f532: folds
445f48c5: folds
5af72358: folds
Uncalled bet ($0.05) returned to Hero
*** SHOWDOWN ***
Hero collected $0.12 from pot
*** SUMMARY ***
Total pot $0.12 | Rake $0 | Jackpot $0 | Bingo $0 | Fortune $0 | Tax $0
Seat 1: 5af72358 (big blind) folded before Flop
Seat 2: Hero collected ($0.12)
Seat 4: 742f941e folded before Flop (didn't bet)
Seat 5: 9a21f532 (button) folded before Flop (didn't bet)
Seat 6: 445f48c5 (small blind) folded before Flop


Poker Hand #HD1735773998: Hold'em No Limit ($0.02/$0.05) - 2024/04/18 14:36:53
Table 'NLHBlue8' 6-max Seat #4 is the button
Seat 1: 5af72358 ($5 in chips)
Seat 2: Hero ($5.37 in chips)
Seat 4: 742f941e ($5.68 in chips)
Seat 5: 9a21f532 ($4.51 in chips)
Seat 6: 445f48c5 ($8.45 in chips)
9a21f532: posts small blind $0.02
445f48c5: posts big blind $0.05
*** HOLE CARDS ***
Dealt to 5af72358 
Dealt to Hero [2d Qc]
Dealt to 742f941e 
Dealt to 9a21f532 
Dealt to 445f48c5 
5af72358: folds
Hero: folds
742f941e: raises $0.13 to $0.18
9a21f532: calls $0.16
445f48c5: folds
*** FLOP *** [8s 6d 4c]
9a21f532: checks
742f941e: bets $0.31
9a21f532: folds
Uncalled bet ($0.31) returned to 742f941e
*** SHOWDOWN ***
742f941e collected $0.39 from pot
*** SUMMARY ***
Total pot $0.41 | Rake $0.02 | Jackpot $0 | Bingo $0 | Fortune $0 | Tax $0
Board [8s 6d 4c]
Seat 1: 5af72358 folded before Flop (didn't bet)
Seat 2: Hero folded before Flop (didn't bet)
Seat 4: 742f941e (button) won ($0.39)
Seat 5: 9a21f532 (small blind) folded on the Flop
Seat 6: 445f48c5 (big blind) folded before Flop


Poker Hand #HD1735773938: Hold'em No Limit ($0.02/$0.05) - 2024/04/18 14:36:18
Table 'NLHBlue8' 6-max Seat #2 is the button
Seat 1: 5af72358 ($5 in chips)
Seat 2: Hero ($5.37 in chips)
Seat 4: 742f941e ($5.54 in chips)
Seat 5: 9a21f532 ($4.66 in chips)
Seat 6: 445f48c5 ($8.45 in chips)
742f941e: posts small blind $0.02
9a21f532: posts big blind $0.05
*** HOLE CARDS ***
Dealt to 5af72358 
Dealt to Hero [8d 3h]
Dealt to 742f941e 
Dealt to 9a21f532 
Dealt to 445f48c5 
445f48c5: folds
5af72358: folds
Hero: folds
742f941e: raises $0.1 to $0.15
9a21f532: calls $0.1
*** FLOP *** [6d 4h 4c]
742f941e: checks
9a21f532: checks
*** TURN *** [6d 4h 4c] [Kc]
742f941e: bets $0.16
9a21f532: folds
Uncalled bet ($0.16) returned to 742f941e
*** SHOWDOWN ***
742f941e collected $0.29 from pot
*** SUMMARY ***
Total pot $0.3 | Rake $0.01 | Jackpot $0 | Bingo $0 | Fortune $0 | Tax $0
Board [6d 4h 4c Kc]
Seat 1: 5af72358 folded before Flop (didn't bet)
Seat 2: Hero (button) folded before Flop (didn't bet)
Seat 4: 742f941e (small blind) won ($0.29)
Seat 5: 9a21f532 (big blind) folded on the Turn
Seat 6: 445f48c5 folded before Flop (didn't bet)


Poker Hand #HD1735773829: Hold'em No Limit ($0.02/$0.05) - 2024/04/18 14:35:18
Table 'NLHBlue8' 6-max Seat #1 is the button
Seat 1: 5af72358 ($5 in chips)
Seat 2: Hero ($5.39 in chips)
Seat 4: 742f941e ($5.59 in chips)
Seat 5: 9a21f532 ($5 in chips)
Seat 6: 445f48c5 ($8.07 in chips)
Hero: posts small blind $0.02
742f941e: posts big blind $0.05
*** HOLE CARDS ***
Dealt to 5af72358 
Dealt to Hero [Js 8c]
Dealt to 742f941e 
Dealt to 9a21f532 
Dealt to 445f48c5 
9a21f532: calls $0.05
445f48c5: raises $0.13 to $0.18
5af72358: folds
Hero: folds
742f941e: folds
9a21f532: calls $0.13
*** FLOP *** [Qd Qc Jd]
9a21f532: checks
445f48c5: checks
*** TURN *** [Qd Qc Jd] [Td]
9a21f532: checks
445f48c5: checks
*** RIVER *** [Qd Qc Jd Td] [8s]
9a21f532: bets $0.16
445f48c5: calls $0.16
9a21f532: shows [Jc Ad] (Pair of Queens and Pair of Jacks)
445f48c5: shows [As 9d] (Queens-High Straight)
*** SHOWDOWN ***
445f48c5 collected $0.72 from pot
*** SUMMARY ***
Total pot $0.75 | Rake $0.03 | Jackpot $0 | Bingo $0 | Fortune $0 | Tax $0
Board [Qd Qc Jd Td 8s]
Seat 1: 5af72358 (button) folded before Flop (didn't bet)
Seat 2: Hero (small blind) folded before Flop
Seat 4: 742f941e (big blind) folded before Flop
Seat 5: 9a21f532 showed [Jc Ad] and lost with Pair of Queens and Pair of Jacks
Seat 6: 445f48c5 showed [As 9d] and won ($0.72) with Queens-High Straight


Poker Hand #HD1735773735: Hold'em No Limit ($0.02/$0.05) - 2024/04/18 14:34:14
Table 'NLHBlue8' 6-max Seat #6 is the button
Seat 1: 5af72358 ($5 in chips)
Seat 2: Hero ($5.03 in chips)
Seat 3: 892e6c65 ($8.33 in chips)
Seat 4: 742f941e ($5.59 in chips)
Seat 5: 9a21f532 ($5.37 in chips)
Seat 6: 445f48c5 ($8.07 in chips)
5af72358: posts small blind $0.02
Hero: posts big blind $0.05
*** HOLE CARDS ***
Dealt to 5af72358 
Dealt to Hero [8d 7h]
Dealt to 892e6c65 
Dealt to 742f941e 
Dealt to 9a21f532 
Dealt to 445f48c5 
892e6c65: folds
742f941e: folds
9a21f532: calls $0.05
445f48c5: folds
5af72358: folds
Hero: checks
*** FLOP *** [6h Ah 6d]
Hero: checks
9a21f532: checks
*** TURN *** [6h Ah 6d] [9d]
Hero: bets $0.1
9a21f532: calls $0.1
*** RIVER *** [6h Ah 6d 9d] [Td]
Hero: bets $0.22
9a21f532: calls $0.22
Hero: shows [8d 7h] (Tens-High Straight)
9a21f532: shows [Js Ad] (Pair of Aces and Pair of Sixes)
*** SHOWDOWN ***
Hero collected $0.73 from pot
*** SUMMARY ***
Total pot $0.76 | Rake $0.03 | Jackpot $0 | Bingo $0 | Fortune $0 | Tax $0
Board [6h Ah 6d 9d Td]
Seat 1: 5af72358 (small blind) folded before Flop
Seat 2: Hero (big blind) showed [8d 7h] and won ($0.73) with Tens-High Straight
Seat 3: 892e6c65 folded before Flop (didn't bet)
Seat 4: 742f941e folded before Flop (didn't bet)
Seat 5: 9a21f532 showed [Js Ad] and lost with Pair of Aces and Pair of Sixes
Seat 6: 445f48c5 (button) folded before Flop (didn't bet)


Poker Hand #HD1735773672: Hold'em No Limit ($0.02/$0.05) - 2024/04/18 14:33:30
Table 'NLHBlue8' 6-max Seat #5 is the button
Seat 1: 5af72358 ($5 in chips)
Seat 2: Hero ($5.03 in chips)
Seat 3: 892e6c65 ($8.17 in chips)
Seat 4: 742f941e ($5.59 in chips)
Seat 5: 9a21f532 ($5.47 in chips)
Seat 6: 445f48c5 ($8.09 in chips)
445f48c5: posts small blind $0.02
5af72358: posts big blind $0.05
*** HOLE CARDS ***
Dealt to 5af72358 
Dealt to Hero [9d Jc]
Dealt to 892e6c65 
Dealt to 742f941e 
Dealt to 9a21f532 
Dealt to 445f48c5 
Hero: folds
892e6c65: raises $0.05 to $0.1
742f941e: folds
9a21f532: calls $0.1
445f48c5: folds
5af72358: folds
*** FLOP *** [2s Kc 5h]
892e6c65: checks
9a21f532: checks
*** TURN *** [2s Kc 5h] [8h]
892e6c65: bets $0.21
9a21f532: folds
Uncalled bet ($0.21) returned to 892e6c65
*** SHOWDOWN ***
892e6c65 collected $0.26 from pot
*** SUMMARY ***
Total pot $0.27 | Rake $0.01 | Jackpot $0 | Bingo $0 | Fortune $0 | Tax $0
Board [2s Kc 5h 8h]
Seat 1: 5af72358 (big blind) folded before Flop
Seat 2: Hero folded before Flop (didn't bet)
Seat 3: 892e6c65 won ($0.26)
Seat 4: 742f941e folded before Flop (didn't bet)
Seat 5: 9a21f532 (button) folded on the Turn
Seat 6: 445f48c5 (small blind) folded before Flop


Poker Hand #HD1735773534: Hold'em No Limit ($0.02/$0.05) - 2024/04/18 14:32:06
Table 'NLHBlue8' 6-max Seat #4 is the button
Seat 1: 5af72358 ($5 in chips)
Seat 2: Hero ($5.03 in chips)
Seat 3: 892e6c65 ($8.17 in chips)
Seat 4: 742f941e ($5.59 in chips)
Seat 5: 9a21f532 ($5.19 in chips)
Seat 6: 445f48c5 ($8.4 in chips)
9a21f532: posts small blind $0.02
445f48c5: posts big blind $0.05
*** HOLE CARDS ***
Dealt to 5af72358 
Dealt to Hero [Jh 8s]
Dealt to 892e6c65 
Dealt to 742f941e 
Dealt to 9a21f532 
Dealt to 445f48c5 
5af72358: folds
Hero: folds
892e6c65: folds
742f941e: folds
9a21f532: calls $0.03
445f48c5: checks
*** FLOP *** [7s 2c 4s]
9a21f532: checks
445f48c5: checks
*** TURN *** [7s 2c 4s] [7d]
9a21f532: checks
445f48c5: bets $0.1
9a21f532: calls $0.1
*** RIVER *** [7s 2c 4s 7d] [2s]
9a21f532: checks
445f48c5: bets $0.16
9a21f532: calls $0.16
445f48c5: shows [Ah 4h] (Pair of Sevens and Pair of Fours)
9a21f532: shows [7c 9h] (Sevens Full over Twos)
*** SHOWDOWN ***
9a21f532 collected $0.59 from pot
*** SUMMARY ***
Total pot $0.62 | Rake $0.03 | Jackpot $0 | Bingo $0 | Fortune $0 | Tax $0
Board [7s 2c 4s 7d 2s]
Seat 1: 5af72358 folded before Flop (didn't bet)
Seat 2: Hero folded before Flop (didn't bet)
Seat 3: 892e6c65 folded before Flop (didn't bet)
Seat 4: 742f941e (button) folded before Flop (didn't bet)
Seat 5: 9a21f532 (small blind) showed [7c 9h] and won ($0.59) with Sevens Full over Twos
Seat 6: 445f48c5 (big blind) showed [Ah 4h] and lost with Pair of Sevens and Pair of Fours


Poker Hand #HD1735773460: Hold'em No Limit ($0.02/$0.05) - 2024/04/18 14:31:24
Table 'NLHBlue8' 6-max Seat #3 is the button
Seat 1: 5af72358 ($5 in chips)
Seat 2: Hero ($5.03 in chips)
Seat 3: 892e6c65 ($8.04 in chips)
Seat 4: 742f941e ($5.61 in chips)
Seat 5: 9a21f532 ($5.31 in chips)
Seat 6: 445f48c5 ($8.4 in chips)
742f941e: posts small blind $0.02
9a21f532: posts big blind $0.05
*** HOLE CARDS ***
Dealt to 5af72358 
Dealt to Hero [2d 9d]
Dealt to 892e6c65 
Dealt to 742f941e 
Dealt to 9a21f532 
Dealt to 445f48c5 
445f48c5: folds
5af72358: folds
Hero: folds
892e6c65: raises $0.07 to $0.12
742f941e: folds
9a21f532: calls $0.07
*** FLOP *** [8h As Th]
9a21f532: checks
892e6c65: bets $0.2
9a21f532: folds
Uncalled bet ($0.2) returned to 892e6c65
*** SHOWDOWN ***
892e6c65 collected $0.25 from pot
*** SUMMARY ***
Total pot $0.26 | Rake $0.01 | Jackpot $0 | Bingo $0 | Fortune $0 | Tax $0
Board [8h As Th]
Seat 1: 5af72358 folded before Flop (didn't bet)
Seat 2: Hero folded before Flop (didn't bet)
Seat 3: 892e6c65 (button) won ($0.25)
Seat 4: 742f941e (small blind) folded before Flop
Seat 5: 9a21f532 (big blind) folded on the Flop
Seat 6: 445f48c5 folded before Flop (didn't bet)


Poker Hand #HD1735773362: Hold'em No Limit ($0.02/$0.05) - 2024/04/18 14:30:20
Table 'NLHBlue8' 6-max Seat #2 is the button
Seat 1: 5af72358 ($5 in chips)
Seat 2: Hero ($5.03 in chips)
Seat 3: 892e6c65 ($7.68 in chips)
Seat 4: 742f941e ($5.8 in chips)
Seat 5: 9a21f532 ($5.5 in chips)
Seat 6: 445f48c5 ($8.4 in chips)
892e6c65: posts small blind $0.02
742f941e: posts big blind $0.05
*** HOLE CARDS ***
Dealt to 5af72358 
Dealt to Hero [Qh 5s]
Dealt to 892e6c65 
Dealt to 742f941e 
Dealt to 9a21f532 
Dealt to 445f48c5 
9a21f532: calls $0.05
445f48c5: folds
5af72358: folds
Hero: folds
892e6c65: raises $0.14 to $0.19
742f941e: calls $0.14
9a21f532: calls $0.14
*** FLOP *** [2c 5h Ts]
892e6c65: checks
742f941e: checks
9a21f532: checks
*** TURN *** [2c 5h Ts] [Kd]
892e6c65: bets $0.33
742f941e: folds
9a21f532: folds
Uncalled bet ($0.33) returned to 892e6c65
*** SHOWDOWN ***
892e6c65 collected $0.55 from pot
*** SUMMARY ***
Total pot $0.57 | Rake $0.02 | Jackpot $0 | Bingo $0 | Fortune $0 | Tax $0
Board [2c 5h Ts Kd]
Seat 1: 5af72358 folded before Flop (didn't bet)
Seat 2: Hero (button) folded before Flop (didn't bet)
Seat 3: 892e6c65 (small blind) won ($0.55)
Seat 4: 742f941e (big blind) folded on the Turn
Seat 5: 9a21f532 folded on the Turn
Seat 6: 445f48c5 folded before Flop (didn't bet)


Poker Hand #HD1735773317: Hold'em No Limit ($0.02/$0.05) - 2024/04/18 14:29:56
Table 'NLHBlue8' 6-max Seat #1 is the button
Seat 1: 5af72358 ($5 in chips)
Seat 2: Hero ($5.05 in chips)
Seat 3: 892e6c65 ($7.73 in chips)
Seat 4: 742f941e ($5.73 in chips)
Seat 5: 9a21f532 ($5.5 in chips)
Seat 6: 445f48c5 ($8.4 in chips)
Hero: posts small blind $0.02
892e6c65: posts big blind $0.05
*** HOLE CARDS ***
Dealt to 5af72358 
Dealt to Hero [4d 2s]
Dealt to 892e6c65 
Dealt to 742f941e 
Dealt to 9a21f532 
Dealt to 445f48c5 
742f941e: raises $0.07 to $0.12
9a21f532: folds
445f48c5: folds
5af72358: folds
Hero: folds
892e6c65: folds
Uncalled bet ($0.07) returned to 742f941e
*** SHOWDOWN ***
742f941e collected $0.12 from pot
*** SUMMARY ***
Total pot $0.12 | Rake $0 | Jackpot $0 | Bingo $0 | Fortune $0 | Tax $0
Seat 1: 5af72358 (button) folded before Flop (didn't bet)
Seat 2: Hero (small blind) folded before Flop
Seat 3: 892e6c65 (big blind) folded before Flop
Seat 4: 742f941e collected ($0.12)
Seat 5: 9a21f532 folded before Flop (didn't bet)
Seat 6: 445f48c5 folded before Flop (didn't bet)


Poker Hand #HD1735773284: Hold'em No Limit ($0.02/$0.05) - 2024/04/18 14:29:35
Table 'NLHBlue8' 6-max Seat #6 is the button
Seat 1: 5af72358 ($5.01 in chips)
Seat 2: Hero ($5.1 in chips)
Seat 3: 892e6c65 ($7.57 in chips)
Seat 4: 742f941e ($5.73 in chips)
Seat 5: 9a21f532 ($5.6 in chips)
Seat 6: 445f48c5 ($8.4 in chips)
5af72358: posts small blind $0.02
Hero: posts big blind $0.05
*** HOLE CARDS ***
Dealt to 5af72358 
Dealt to Hero [6d 4c]
Dealt to 892e6c65 
Dealt to 742f941e 
Dealt to 9a21f532 
Dealt to 445f48c5 
892e6c65: raises $0.05 to $0.1
742f941e: folds
9a21f532: calls $0.1
445f48c5: folds
5af72358: folds
Hero: folds
*** FLOP *** [5c 6h Jc]
892e6c65: bets $0.21
9a21f532: folds
Uncalled bet ($0.21) returned to 892e6c65
*** SHOWDOWN ***
892e6c65 collected $0.26 from pot
*** SUMMARY ***
Total pot $0.27 | Rake $0.01 | Jackpot $0 | Bingo $0 | Fortune $0 | Tax $0
Board [5c 6h Jc]
Seat 1: 5af72358 (small blind) folded before Flop
Seat 2: Hero (big blind) folded before Flop
Seat 3: 892e6c65 won ($0.26)
Seat 4: 742f941e folded before Flop (didn't bet)
Seat 5: 9a21f532 folded on the Flop
Seat 6: 445f48c5 (button) folded before Flop (didn't bet)


Poker Hand #HD1735773206: Hold'em No Limit ($0.02/$0.05) - 2024/04/18 14:28:54
Table 'NLHBlue8' 6-max Seat #5 is the button
Seat 1: 5af72358 ($5 in chips)
Seat 2: Hero ($5.1 in chips)
Seat 3: 892e6c65 ($7.57 in chips)
Seat 4: 742f941e ($5.73 in chips)
Seat 5: 9a21f532 ($5.6 in chips)
Seat 6: 445f48c5 ($8.42 in chips)
445f48c5: posts small blind $0.02
5af72358: posts big blind $0.05
*** HOLE CARDS ***
Dealt to 5af72358 
Dealt to Hero [Jh 7c]
Dealt to 892e6c65 
Dealt to 742f941e 
Dealt to 9a21f532 
Dealt to 445f48c5 
Hero: folds
892e6c65: folds
742f941e: folds
9a21f532: calls $0.05
445f48c5: folds
5af72358: checks
*** FLOP *** [9c 3d Qd]
5af72358: checks
9a21f532: checks
*** TURN *** [9c 3d Qd] [Qs]
5af72358: checks
9a21f532: checks
*** RIVER *** [9c 3d Qd Qs] [Kh]
5af72358: bets $0.05
9a21f532: raises $0.08 to $0.13
5af72358: calls $0.08
9a21f532: shows [Kc 8h] (Pair of Kings and Pair of Queens)
5af72358: shows [Ks 3h] (Pair of Kings and Pair of Queens)
*** SHOWDOWN ***
5af72358 collected $0.19 from pot
9a21f532 collected $0.18 from pot
*** SUMMARY ***
Total pot $0.38 | Rake $0.01 | Jackpot $0 | Bingo $0 | Fortune $0 | Tax $0
Board [9c 3d Qd Qs Kh]
Seat 1: 5af72358 (big blind) showed [Ks 3h] and won ($0.19) with Pair of Kings and Pair of Queens
Seat 2: Hero folded before Flop (didn't bet)
Seat 3: 892e6c65 folded before Flop (didn't bet)
Seat 4: 742f941e folded before Flop (didn't bet)
Seat 5: 9a21f532 (button) showed [Kc 8h] and won ($0.18) with Pair of Kings and Pair of Queens
Seat 6: 445f48c5 (small blind) folded before Flop


Poker Hand #HD1735773091: Hold'em No Limit ($0.02/$0.05) - 2024/04/18 14:27:46
Table 'NLHBlue8' 6-max Seat #4 is the button
Seat 1: 5af72358 ($5 in chips)
Seat 2: Hero ($5.1 in chips)
Seat 3: 892e6c65 ($7.57 in chips)
Seat 4: 742f941e ($5.91 in chips)
Seat 5: 9a21f532 ($6.95 in chips)
Seat 6: 445f48c5 ($7.08 in chips)
9a21f532: posts small blind $0.02
445f48c5: posts big blind $0.05
*** HOLE CARDS ***
Dealt to 5af72358 
Dealt to Hero [Ts 4c]
Dealt to 892e6c65 
Dealt to 742f941e 
Dealt to 9a21f532 
Dealt to 445f48c5 
5af72358: folds
Hero: folds
892e6c65: folds
742f941e: raises $0.13 to $0.18
9a21f532: calls $0.16
445f48c5: calls $0.13
*** FLOP *** [Ks 2s 4d]
9a21f532: checks
445f48c5: checks
742f941e: checks
*** TURN *** [Ks 2s 4d] [4s]
9a21f532: checks
445f48c5: bets $0.28
742f941e: folds
9a21f532: calls $0.28
*** RIVER *** [Ks 2s 4d 4s] [8h]
9a21f532: checks
445f48c5: bets $0.89
9a21f532: calls $0.89
445f48c5: shows [Js Qs] (King High Flush)
9a21f532: shows [Kc 2c] (Pair of Kings and Pair of Fours)
*** SHOWDOWN ***
445f48c5 collected $2.69 from pot
*** SUMMARY ***
Total pot $2.88 | Rake $0.14 | Jackpot $0.05 | Bingo $0 | Fortune $0 | Tax $0
Board [Ks 2s 4d 4s 8h]
Seat 1: 5af72358 folded before Flop (didn't bet)
Seat 2: Hero folded before Flop (didn't bet)
Seat 3: 892e6c65 folded before Flop (didn't bet)
Seat 4: 742f941e (button) folded on the Turn
Seat 5: 9a21f532 (small blind) showed [Kc 2c] and lost with Pair of Kings and Pair of Fours
Seat 6: 445f48c5 (big blind) showed [Js Qs] and won ($2.69) with King High Flush


Poker Hand #HD1735773076: Hold'em No Limit ($0.02/$0.05) - 2024/04/18 14:27:38
Table 'NLHBlue8' 6-max Seat #3 is the button
Seat 1: 5af72358 ($5 in chips)
Seat 2: Hero ($5.1 in chips)
Seat 3: 892e6c65 ($7.57 in chips)
Seat 4: 742f941e ($5.93 in chips)
Seat 5: 9a21f532 ($6.93 in chips)
Seat 6: 445f48c5 ($7.08 in chips)
742f941e: posts small blind $0.02
9a21f532: posts big blind $0.05
*** HOLE CARDS ***
Dealt to 5af72358 
Dealt to Hero [9d 5h]
Dealt to 892e6c65 
Dealt to 742f941e 
Dealt to 9a21f532 
Dealt to 445f48c5 
445f48c5: folds
5af72358: folds
Hero: folds
892e6c65: folds
742f941e: folds
Uncalled bet ($0.03) returned to 9a21f532
*** SHOWDOWN ***
9a21f532 collected $0.04 from pot
*** SUMMARY ***
Total pot $0.04 | Rake $0 | Jackpot $0 | Bingo $0 | Fortune $0 | Tax $0
Seat 1: 5af72358 folded before Flop (didn't bet)
Seat 2: Hero folded before Flop (didn't bet)
Seat 3: 892e6c65 (button) folded before Flop (didn't bet)
Seat 4: 742f941e (small blind) folded before Flop
Seat 5: 9a21f532 (big blind) collected ($0.04)
Seat 6: 445f48c5 folded before Flop (didn't bet)


Poker Hand #HD1735772957: Hold'em No Limit ($0.02/$0.05) - 2024/04/18 14:26:26
Table 'NLHBlue8' 6-max Seat #2 is the button
Seat 1: 5af72358 ($5 in chips)
Seat 2: Hero ($5.1 in chips)
Seat 3: 892e6c65 ($7.59 in chips)
Seat 4: 742f941e ($6.22 in chips)
Seat 5: 9a21f532 ($6.65 in chips)
Seat 6: 445f48c5 ($7.08 in chips)
892e6c65: posts small blind $0.02
742f941e: posts big blind $0.05
*** HOLE CARDS ***
Dealt to 5af72358 
Dealt to Hero [7c Ts]
Dealt to 892e6c65 
Dealt to 742f941e 
Dealt to 9a21f532 
Dealt to 445f48c5 
9a21f532: calls $0.05
445f48c5: folds
5af72358: folds
Hero: folds
892e6c65: folds
742f941e: checks
*** FLOP *** [2d 6s 2c]
742f941e: checks
9a21f532: checks
*** TURN *** [2d 6s 2c] [Qd]
742f941e: bets $0.06
9a21f532: calls $0.06
*** RIVER *** [2d 6s 2c Qd] [Jd]
742f941e: bets $0.18
9a21f532: raises $0.6 to $0.78
742f941e: folds
Uncalled bet ($0.6) returned to 9a21f532
*** SHOWDOWN ***
9a21f532 collected $0.57 from pot
*** SUMMARY ***
Total pot $0.6 | Rake $0.03 | Jackpot $0 | Bingo $0 | Fortune $0 | Tax $0
Board [2d 6s 2c Qd Jd]
Seat 1: 5af72358 folded before Flop (didn't bet)
Seat 2: Hero (button) folded before Flop (didn't bet)
Seat 3: 892e6c65 (small blind) folded before Flop
Seat 4: 742f941e (big blind) folded on the River
Seat 5: 9a21f532 won ($0.57)
Seat 6: 445f48c5 folded before Flop (didn't bet)


Poker Hand #HD1735772906: Hold'em No Limit ($0.02/$0.05) - 2024/04/18 14:26:00
Table 'NLHBlue8' 6-max Seat #1 is the button
Seat 1: 5af72358 ($5 in chips)
Seat 2: Hero ($5 in chips)
Seat 3: 892e6c65 ($7.64 in chips)
Seat 4: 742f941e ($6.22 in chips)
Seat 5: 9a21f532 ($6.7 in chips)
Seat 6: 445f48c5 ($7.08 in chips)
Hero: posts small blind $0.02
892e6c65: posts big blind $0.05
*** HOLE CARDS ***
Dealt to 5af72358 
Dealt to Hero [Ks Td]
Dealt to 892e6c65 
Dealt to 742f941e 
Dealt to 9a21f532 
Dealt to 445f48c5 
742f941e: folds
9a21f532: calls $0.05
445f48c5: folds
5af72358: folds
Hero: raises $0.15 to $0.2
892e6c65: folds
9a21f532: folds
Uncalled bet ($0.15) returned to Hero
*** SHOWDOWN ***
Hero collected $0.15 from pot
*** SUMMARY ***
Total pot $0.15 | Rake $0 | Jackpot $0 | Bingo $0 | Fortune $0 | Tax $0
Seat 1: 5af72358 (button) folded before Flop (didn't bet)
Seat 2: Hero (small blind) collected ($0.15)
Seat 3: 892e6c65 (big blind) folded before Flop
Seat 4: 742f941e folded before Flop (didn't bet)
Seat 5: 9a21f532 folded before Flop
Seat 6: 445f48c5 folded before Flop (didn't bet)


Poker Hand #HD1735772869: Hold'em No Limit ($0.02/$0.05) - 2024/04/18 14:25:36
Table 'NLHBlue8' 6-max Seat #6 is the button
Seat 1: 5af72358 ($5 in chips)
Seat 2: Hero ($5 in chips)
Seat 3: 892e6c65 ($7.64 in chips)
Seat 4: 742f941e ($6.22 in chips)
Seat 5: 9a21f532 ($6.75 in chips)
Seat 6: 445f48c5 ($6.96 in chips)
5af72358: posts small blind $0.02
Hero: posts big blind $0.05
*** HOLE CARDS ***
Dealt to 5af72358 
Dealt to Hero [7h 8d]
Dealt to 892e6c65 
Dealt to 742f941e 
Dealt to 9a21f532 
Dealt to 445f48c5 
892e6c65: folds
742f941e: folds
9a21f532: calls $0.05
445f48c5: raises $0.13 to $0.18
5af72358: folds
Hero: folds
9a21f532: folds
Uncalled bet ($0.13) returned to 445f48c5
*** SHOWDOWN ***
445f48c5 collected $0.17 from pot
*** SUMMARY ***
Total pot $0.17 | Rake $0 | Jackpot $0 | Bingo $0 | Fortune $0 | Tax $0
Seat 1: 5af72358 (small blind) folded before Flop
Seat 2: Hero (big blind) folded before Flop
Seat 3: 892e6c65 folded before Flop (didn't bet)
Seat 4: 742f941e folded before Flop (didn't bet)
Seat 5: 9a21f532 folded before Flop
Seat 6: 445f48c5 (button) collected ($0.17)


