Poker Hand #HD1776566180: Hold'em No Limit ($0.05/$0.1) - 2024/05/17 15:33:33
Table 'NLHRed24' 6-max Seat #1 is the button
Seat 1: 27c4d8ac ($13.54 in chips)
Seat 2: 7a6194ba ($10.05 in chips)
Seat 3: a9407511 ($9.6 in chips)
Seat 4: Hero ($20.34 in chips)
Seat 6: 5d7ca302 ($10.87 in chips)
7a6194ba: posts small blind $0.05
a9407511: posts big blind $0.1
*** HOLE CARDS ***
Dealt to 27c4d8ac 
Dealt to 7a6194ba 
Dealt to a9407511 
Dealt to Hero [5h 8d]
Dealt to 5d7ca302 
Hero: folds
5d7ca302: folds
27c4d8ac: folds
7a6194ba: folds
Uncalled bet ($0.05) returned to a9407511
*** SHOWDOWN ***
a9407511 collected $0.1 from pot
*** SUMMARY ***
Total pot $0.1 | Rake $0 | Jackpot $0 | Bingo $0 | Fortune $0 | Tax $0
Seat 1: 27c4d8ac (button) folded before Flop (didn't bet)
Seat 2: 7a6194ba (small blind) folded before Flop
Seat 3: a9407511 (big blind) collected ($0.1)
Seat 4: Hero folded before Flop (didn't bet)
Seat 6: 5d7ca302 folded before Flop (didn't bet)


Poker Hand #HD1776566125: Hold'em No Limit ($0.05/$0.1) - 2024/05/17 15:33:06
Table 'NLHRed24' 6-max Seat #6 is the button
Seat 1: 27c4d8ac ($13.45 in chips)
Seat 2: 7a6194ba ($10.15 in chips)
Seat 3: a9407511 ($9.6 in chips)
Seat 4: Hero ($20.34 in chips)
Seat 6: 5d7ca302 ($10.87 in chips)
27c4d8ac: posts small blind $0.05
7a6194ba: posts big blind $0.1
*** HOLE CARDS ***
Dealt to 27c4d8ac 
Dealt to 7a6194ba 
Dealt to a9407511 
Dealt to Hero [5s Td]
Dealt to 5d7ca302 
a9407511: folds
Hero: folds
5d7ca302: folds
27c4d8ac: calls $0.05
7a6194ba: checks
*** FLOP *** [As Ah 3d]
27c4d8ac: bets $0.2
7a6194ba: folds
Uncalled bet ($0.2) returned to 27c4d8ac
*** SHOWDOWN ***
27c4d8ac collected $0.19 from pot
*** SUMMARY ***
Total pot $0.2 | Rake $0.01 | Jackpot $0 | Bingo $0 | Fortune $0 | Tax $0
Board [As Ah 3d]
Seat 1: 27c4d8ac (small blind) won ($0.19)
Seat 2: 7a6194ba (big blind) folded on the Flop
Seat 3: a9407511 folded before Flop (didn't bet)
Seat 4: Hero folded before Flop (didn't bet)
Seat 6: 5d7ca302 (button) folded before Flop (didn't bet)


Poker Hand #HD1776566058: Hold'em No Limit ($0.05/$0.1) - 2024/05/17 15:32:31
Table 'NLHRed24' 6-max Seat #4 is the button
Seat 1: 27c4d8ac ($13.18 in chips)
Seat 2: 7a6194ba ($10.15 in chips)
Seat 3: a9407511 ($9.6 in chips)
Seat 4: Hero ($20.58 in chips)
Seat 6: 5d7ca302 ($10.92 in chips)
5d7ca302: posts small blind $0.05
27c4d8ac: posts big blind $0.1
*** HOLE CARDS ***
Dealt to 27c4d8ac 
Dealt to 7a6194ba 
Dealt to a9407511 
Dealt to Hero [4h Ah]
Dealt to 5d7ca302 
7a6194ba: folds
a9407511: folds
Hero: raises $0.14 to $0.24
5d7ca302: folds
27c4d8ac: calls $0.14
*** FLOP *** [Qd Ts 2d]
27c4d8ac: checks
Hero: checks
*** TURN *** [Qd Ts 2d] [5d]
27c4d8ac: bets $0.53
Hero: folds
Uncalled bet ($0.53) returned to 27c4d8ac
*** SHOWDOWN ***
27c4d8ac collected $0.51 from pot
*** SUMMARY ***
Total pot $0.53 | Rake $0.02 | Jackpot $0 | Bingo $0 | Fortune $0 | Tax $0
Board [Qd Ts 2d 5d]
Seat 1: 27c4d8ac (big blind) won ($0.51)
Seat 2: 7a6194ba folded before Flop (didn't bet)
Seat 3: a9407511 folded before Flop (didn't bet)
Seat 4: Hero (button) folded on the Turn
Seat 6: 5d7ca302 (small blind) folded before Flop


Poker Hand #HD1776566005: Hold'em No Limit ($0.05/$0.1) - 2024/05/17 15:32:04
Table 'NLHRed24' 6-max Seat #3 is the button
Seat 1: 27c4d8ac ($13.58 in chips)
Seat 2: 7a6194ba ($10.15 in chips)
Seat 3: a9407511 ($9.09 in chips)
Seat 4: Hero ($20.63 in chips)
Seat 6: 5d7ca302 ($11.02 in chips)
Hero: posts small blind $0.05
5d7ca302: posts big blind $0.1
*** HOLE CARDS ***
Dealt to 27c4d8ac 
Dealt to 7a6194ba 
Dealt to a9407511 
Dealt to Hero [Ad 2s]
Dealt to 5d7ca302 
27c4d8ac: calls $0.1
7a6194ba: folds
a9407511: raises $0.3 to $0.4
Hero: folds
5d7ca302: folds
27c4d8ac: calls $0.3
*** FLOP *** [Qd 6d 9s]
27c4d8ac: checks
a9407511: bets $0.48
27c4d8ac: folds
Uncalled bet ($0.48) returned to a9407511
*** SHOWDOWN ***
a9407511 collected $0.91 from pot
*** SUMMARY ***
Total pot $0.95 | Rake $0.04 | Jackpot $0 | Bingo $0 | Fortune $0 | Tax $0
Board [Qd 6d 9s]
Seat 1: 27c4d8ac folded on the Flop
Seat 2: 7a6194ba folded before Flop (didn't bet)
Seat 3: a9407511 (button) won ($0.91)
Seat 4: Hero (small blind) folded before Flop
Seat 6: 5d7ca302 (big blind) folded before Flop


Poker Hand #HD1776565982: Hold'em No Limit ($0.05/$0.1) - 2024/05/17 15:31:52
Table 'NLHRed24' 6-max Seat #2 is the button
Seat 1: 27c4d8ac ($13.58 in chips)
Seat 2: 7a6194ba ($10 in chips)
Seat 3: a9407511 ($9.14 in chips)
Seat 4: Hero ($20.73 in chips)
Seat 6: 5d7ca302 ($11.02 in chips)
a9407511: posts small blind $0.05
Hero: posts big blind $0.1
*** HOLE CARDS ***
Dealt to 27c4d8ac 
Dealt to 7a6194ba 
Dealt to a9407511 
Dealt to Hero [Ac 4s]
Dealt to 5d7ca302 
5d7ca302: folds
27c4d8ac: folds
7a6194ba: raises $0.15 to $0.25
a9407511: folds
Hero: folds
Uncalled bet ($0.15) returned to 7a6194ba
*** SHOWDOWN ***
7a6194ba collected $0.25 from pot
*** SUMMARY ***
Total pot $0.25 | Rake $0 | Jackpot $0 | Bingo $0 | Fortune $0 | Tax $0
Seat 1: 27c4d8ac folded before Flop (didn't bet)
Seat 2: 7a6194ba (button) collected ($0.25)
Seat 3: a9407511 (small blind) folded before Flop
Seat 4: Hero (big blind) folded before Flop
Seat 6: 5d7ca302 folded before Flop (didn't bet)


Poker Hand #HD1776565936: Hold'em No Limit ($0.05/$0.1) - 2024/05/17 15:31:27
Table 'NLHRed24' 6-max Seat #1 is the button
Seat 1: 27c4d8ac ($13.78 in chips)
Seat 2: 7a6194ba ($10 in chips)
Seat 3: a9407511 ($9.24 in chips)
Seat 4: Hero ($20.73 in chips)
Seat 5: 88d3739d ($10.8 in chips)
Seat 6: 5d7ca302 ($10.69 in chips)
7a6194ba: posts small blind $0.05
a9407511: posts big blind $0.1
*** HOLE CARDS ***
Dealt to 27c4d8ac 
Dealt to 7a6194ba 
Dealt to a9407511 
Dealt to Hero [5h Th]
Dealt to 88d3739d 
Dealt to 5d7ca302 
Hero: folds
88d3739d: folds
5d7ca302: raises $0.1 to $0.2
27c4d8ac: calls $0.2
7a6194ba: folds
a9407511: folds
*** FLOP *** [8s 6c 6s]
5d7ca302: bets $0.19
27c4d8ac: folds
Uncalled bet ($0.19) returned to 5d7ca302
*** SHOWDOWN ***
5d7ca302 collected $0.53 from pot
*** SUMMARY ***
Total pot $0.55 | Rake $0.02 | Jackpot $0 | Bingo $0 | Fortune $0 | Tax $0
Board [8s 6c 6s]
Seat 1: 27c4d8ac (button) folded on the Flop
Seat 2: 7a6194ba (small blind) folded before Flop
Seat 3: a9407511 (big blind) folded before Flop
Seat 4: Hero folded before Flop (didn't bet)
Seat 5: 88d3739d folded before Flop (didn't bet)
Seat 6: 5d7ca302 won ($0.53)


Poker Hand #HD1776565855: Hold'em No Limit ($0.05/$0.1) - 2024/05/17 15:30:49
Table 'NLHRed24' 6-max Seat #6 is the button
Seat 1: 27c4d8ac ($14.78 in chips)
Seat 2: 7a6194ba ($10.03 in chips)
Seat 3: a9407511 ($9.24 in chips)
Seat 4: Hero ($20.73 in chips)
Seat 5: 88d3739d ($9.8 in chips)
Seat 6: 5d7ca302 ($10.69 in chips)
27c4d8ac: posts small blind $0.05
7a6194ba: posts big blind $0.1
*** HOLE CARDS ***
Dealt to 27c4d8ac 
Dealt to 7a6194ba 
Dealt to a9407511 
Dealt to Hero [Jc 7d]
Dealt to 88d3739d 
Dealt to 5d7ca302 
a9407511: folds
Hero: folds
88d3739d: raises $0.2 to $0.3
5d7ca302: folds
27c4d8ac: calls $0.25
7a6194ba: folds
*** FLOP *** [Kh Ah 5d]
27c4d8ac: bets $0.7
88d3739d: raises $0.9 to $1.6
27c4d8ac: folds
Uncalled bet ($0.9) returned to 88d3739d
*** SHOWDOWN ***
88d3739d collected $2 from pot
*** SUMMARY ***
Total pot $2.1 | Rake $0.1 | Jackpot $0 | Bingo $0 | Fortune $0 | Tax $0
Board [Kh Ah 5d]
Seat 1: 27c4d8ac (small blind) folded on the Flop
Seat 2: 7a6194ba (big blind) folded before Flop
Seat 3: a9407511 folded before Flop (didn't bet)
Seat 4: Hero folded before Flop (didn't bet)
Seat 5: 88d3739d won ($2)
Seat 6: 5d7ca302 (button) folded before Flop (didn't bet)


Poker Hand #HD1776565793: Hold'em No Limit ($0.05/$0.1) - 2024/05/17 15:30:16
Table 'NLHRed24' 6-max Seat #5 is the button
Seat 1: 27c4d8ac ($14.88 in chips)
Seat 2: 7a6194ba ($10.03 in chips)
Seat 3: a9407511 ($9.24 in chips)
Seat 4: Hero ($20.73 in chips)
Seat 5: 88d3739d ($9.8 in chips)
Seat 6: 5d7ca302 ($10.59 in chips)
5d7ca302: posts small blind $0.05
27c4d8ac: posts big blind $0.1
*** HOLE CARDS ***
Dealt to 27c4d8ac 
Dealt to 7a6194ba 
Dealt to a9407511 
Dealt to Hero [2d 8s]
Dealt to 88d3739d 
Dealt to 5d7ca302 
7a6194ba: folds
a9407511: folds
Hero: folds
88d3739d: folds
5d7ca302: raises $0.2 to $0.3
27c4d8ac: folds
Uncalled bet ($0.2) returned to 5d7ca302
*** SHOWDOWN ***
5d7ca302 collected $0.2 from pot
*** SUMMARY ***
Total pot $0.2 | Rake $0 | Jackpot $0 | Bingo $0 | Fortune $0 | Tax $0
Seat 1: 27c4d8ac (big blind) folded before Flop
Seat 2: 7a6194ba folded before Flop (didn't bet)
Seat 3: a9407511 folded before Flop (didn't bet)
Seat 4: Hero folded before Flop (didn't bet)
Seat 5: 88d3739d (button) folded before Flop (didn't bet)
Seat 6: 5d7ca302 (small blind) collected ($0.2)


Poker Hand #HD1776565763: Hold'em No Limit ($0.05/$0.1) - 2024/05/17 15:29:59
Table 'NLHRed24' 6-max Seat #4 is the button
Seat 1: 27c4d8ac ($14.88 in chips)
Seat 2: 7a6194ba ($10.03 in chips)
Seat 3: a9407511 ($9.24 in chips)
Seat 4: Hero ($20.58 in chips)
Seat 5: 88d3739d ($9.85 in chips)
Seat 6: 5d7ca302 ($10.69 in chips)
88d3739d: posts small blind $0.05
5d7ca302: posts big blind $0.1
*** HOLE CARDS ***
Dealt to 27c4d8ac 
Dealt to 7a6194ba 
Dealt to a9407511 
Dealt to Hero [Tc Ac]
Dealt to 88d3739d 
Dealt to 5d7ca302 
27c4d8ac: folds
7a6194ba: folds
a9407511: folds
Hero: raises $0.14 to $0.24
88d3739d: folds
5d7ca302: folds
Uncalled bet ($0.14) returned to Hero
*** SHOWDOWN ***
Hero collected $0.25 from pot
*** SUMMARY ***
Total pot $0.25 | Rake $0 | Jackpot $0 | Bingo $0 | Fortune $0 | Tax $0
Seat 1: 27c4d8ac folded before Flop (didn't bet)
Seat 2: 7a6194ba folded before Flop (didn't bet)
Seat 3: a9407511 folded before Flop (didn't bet)
Seat 4: Hero (button) collected ($0.25)
Seat 5: 88d3739d (small blind) folded before Flop
Seat 6: 5d7ca302 (big blind) folded before Flop


Poker Hand #HD1776565687: Hold'em No Limit ($0.05/$0.1) - 2024/05/17 15:29:15
Table 'NLHRed24' 6-max Seat #3 is the button
Seat 1: 27c4d8ac ($15.28 in chips)
Seat 2: 7a6194ba ($10.03 in chips)
Seat 3: a9407511 ($8.73 in chips)
Seat 4: Hero ($20.63 in chips)
Seat 5: 88d3739d ($9.95 in chips)
Seat 6: 5d7ca302 ($10.69 in chips)
Hero: posts small blind $0.05
88d3739d: posts big blind $0.1
*** HOLE CARDS ***
Dealt to 27c4d8ac 
Dealt to 7a6194ba 
Dealt to a9407511 
Dealt to Hero [4c 6s]
Dealt to 88d3739d 
Dealt to 5d7ca302 
5d7ca302: folds
27c4d8ac: calls $0.1
7a6194ba: folds
a9407511: raises $0.3 to $0.4
Hero: folds
88d3739d: folds
27c4d8ac: calls $0.3
*** FLOP *** [Kd 8s 2c]
27c4d8ac: checks
a9407511: bets $0.32
27c4d8ac: folds
Uncalled bet ($0.32) returned to a9407511
*** SHOWDOWN ***
a9407511 collected $0.91 from pot
*** SUMMARY ***
Total pot $0.95 | Rake $0.04 | Jackpot $0 | Bingo $0 | Fortune $0 | Tax $0
Board [Kd 8s 2c]
Seat 1: 27c4d8ac folded on the Flop
Seat 2: 7a6194ba folded before Flop (didn't bet)
Seat 3: a9407511 (button) won ($0.91)
Seat 4: Hero (small blind) folded before Flop
Seat 5: 88d3739d (big blind) folded before Flop
Seat 6: 5d7ca302 folded before Flop (didn't bet)


Poker Hand #HD1776495598: Hold'em No Limit ($0.05/$0.1) - 2024/05/17 15:28:28
Table 'NLHRed24' 6-max Seat #2 is the button
Seat 1: 27c4d8ac ($15.28 in chips)
Seat 2: 7a6194ba ($10.03 in chips)
Seat 3: a9407511 ($8.78 in chips)
Seat 4: Hero ($20.19 in chips)
Seat 5: 88d3739d ($9.95 in chips)
Seat 6: 5d7ca302 ($11.12 in chips)
a9407511: posts small blind $0.05
Hero: posts big blind $0.1
*** HOLE CARDS ***
Dealt to 27c4d8ac 
Dealt to 7a6194ba 
Dealt to a9407511 
Dealt to Hero [Jd Th]
Dealt to 88d3739d 
Dealt to 5d7ca302 
88d3739d: folds
5d7ca302: raises $0.1 to $0.2
27c4d8ac: folds
7a6194ba: folds
a9407511: folds
Hero: calls $0.1
*** FLOP *** [5c 3d 8c]
Hero: checks
5d7ca302: checks
*** TURN *** [5c 3d 8c] [Jh]
Hero: checks
5d7ca302: bets $0.23
Hero: calls $0.23
*** RIVER *** [5c 3d 8c Jh] [6d]
Hero: checks
5d7ca302: checks
Hero: shows [Jd Th] (Pair of Jacks)
5d7ca302: shows [9d Td] (Jack-High)
*** SHOWDOWN ***
Hero collected $0.87 from pot
*** SUMMARY ***
Total pot $0.91 | Rake $0.04 | Jackpot $0 | Bingo $0 | Fortune $0 | Tax $0
Board [5c 3d 8c Jh 6d]
Seat 1: 27c4d8ac folded before Flop (didn't bet)
Seat 2: 7a6194ba (button) folded before Flop (didn't bet)
Seat 3: a9407511 (small blind) folded before Flop
Seat 4: Hero (big blind) showed [Jd Th] and won ($0.87) with Pair of Jacks
Seat 5: 88d3739d folded before Flop (didn't bet)
Seat 6: 5d7ca302 showed [9d Td] and lost with Jack-High


Poker Hand #HD1776495555: Hold'em No Limit ($0.05/$0.1) - 2024/05/17 15:28:05
Table 'NLHRed24' 6-max Seat #1 is the button
Seat 1: 27c4d8ac ($15.28 in chips)
Seat 2: 7a6194ba ($10.33 in chips)
Seat 3: a9407511 ($8.51 in chips)
Seat 4: Hero ($20.19 in chips)
Seat 5: 88d3739d ($9.95 in chips)
Seat 6: 5d7ca302 ($11.12 in chips)
7a6194ba: posts small blind $0.05
a9407511: posts big blind $0.1
*** HOLE CARDS ***
Dealt to 27c4d8ac 
Dealt to 7a6194ba 
Dealt to a9407511 
Dealt to Hero [7s 9c]
Dealt to 88d3739d 
Dealt to 5d7ca302 
Hero: folds
88d3739d: folds
5d7ca302: folds
27c4d8ac: folds
7a6194ba: raises $0.2 to $0.3
a9407511: raises $0.87 to $1.17
7a6194ba: folds
Uncalled bet ($0.87) returned to a9407511
*** SHOWDOWN ***
a9407511 collected $0.57 from pot
*** SUMMARY ***
Total pot $0.6 | Rake $0.03 | Jackpot $0 | Bingo $0 | Fortune $0 | Tax $0
Seat 1: 27c4d8ac (button) folded before Flop (didn't bet)
Seat 2: 7a6194ba (small blind) folded before Flop
Seat 3: a9407511 (big blind) collected ($0.57)
Seat 4: Hero folded before Flop (didn't bet)
Seat 5: 88d3739d folded before Flop (didn't bet)
Seat 6: 5d7ca302 folded before Flop (didn't bet)


Poker Hand #HD1776495502: Hold'em No Limit ($0.05/$0.1) - 2024/05/17 15:27:41
Table 'NLHRed24' 6-max Seat #6 is the button
Seat 1: 27c4d8ac ($15.19 in chips)
Seat 2: 7a6194ba ($10.43 in chips)
Seat 3: a9407511 ($8.51 in chips)
Seat 4: Hero ($20.19 in chips)
Seat 5: 88d3739d ($9.95 in chips)
Seat 6: 5d7ca302 ($11.12 in chips)
27c4d8ac: posts small blind $0.05
7a6194ba: posts big blind $0.1
*** HOLE CARDS ***
Dealt to 27c4d8ac 
Dealt to 7a6194ba 
Dealt to a9407511 
Dealt to Hero [7c Ks]
Dealt to 88d3739d 
Dealt to 5d7ca302 
a9407511: folds
Hero: folds
88d3739d: folds
5d7ca302: folds
27c4d8ac: calls $0.05
7a6194ba: checks
*** FLOP *** [Jd 8c 3c]
27c4d8ac: checks
7a6194ba: checks
*** TURN *** [Jd 8c 3c] [Jh]
27c4d8ac: bets $0.2
7a6194ba: folds
Uncalled bet ($0.2) returned to 27c4d8ac
*** SHOWDOWN ***
27c4d8ac collected $0.19 from pot
*** SUMMARY ***
Total pot $0.2 | Rake $0.01 | Jackpot $0 | Bingo $0 | Fortune $0 | Tax $0
Board [Jd 8c 3c Jh]
Seat 1: 27c4d8ac (small blind) won ($0.19)
Seat 2: 7a6194ba (big blind) folded on the Turn
Seat 3: a9407511 folded before Flop (didn't bet)
Seat 4: Hero folded before Flop (didn't bet)
Seat 5: 88d3739d folded before Flop (didn't bet)
Seat 6: 5d7ca302 (button) folded before Flop (didn't bet)


Poker Hand #HD1776495452: Hold'em No Limit ($0.05/$0.1) - 2024/05/17 15:27:14
Table 'NLHRed24' 6-max Seat #5 is the button
Seat 1: 27c4d8ac ($15.44 in chips)
Seat 2: 7a6194ba ($10.15 in chips)
Seat 3: a9407511 ($8.51 in chips)
Seat 4: Hero ($20.19 in chips)
Seat 5: 88d3739d ($9.95 in chips)
Seat 6: 5d7ca302 ($11.17 in chips)
5d7ca302: posts small blind $0.05
27c4d8ac: posts big blind $0.1
*** HOLE CARDS ***
Dealt to 27c4d8ac 
Dealt to 7a6194ba 
Dealt to a9407511 
Dealt to Hero [3c 5h]
Dealt to 88d3739d 
Dealt to 5d7ca302 
7a6194ba: raises $0.15 to $0.25
a9407511: folds
Hero: folds
88d3739d: folds
5d7ca302: folds
27c4d8ac: calls $0.15
*** FLOP *** [8c Kc 4h]
27c4d8ac: checks
7a6194ba: bets $0.19
27c4d8ac: folds
Uncalled bet ($0.19) returned to 7a6194ba
*** SHOWDOWN ***
7a6194ba collected $0.53 from pot
*** SUMMARY ***
Total pot $0.55 | Rake $0.02 | Jackpot $0 | Bingo $0 | Fortune $0 | Tax $0
Board [8c Kc 4h]
Seat 1: 27c4d8ac (big blind) folded on the Flop
Seat 2: 7a6194ba won ($0.53)
Seat 3: a9407511 folded before Flop (didn't bet)
Seat 4: Hero folded before Flop (didn't bet)
Seat 5: 88d3739d (button) folded before Flop (didn't bet)
Seat 6: 5d7ca302 (small blind) folded before Flop


Poker Hand #HD1776495328: Hold'em No Limit ($0.05/$0.1) - 2024/05/17 15:26:10
Table 'NLHRed24' 6-max Seat #4 is the button
Seat 1: 27c4d8ac ($15.44 in chips)
Seat 2: 7a6194ba ($10.15 in chips)
Seat 3: a9407511 ($9.7 in chips)
Seat 4: Hero ($20.19 in chips)
Seat 5: 88d3739d ($10 in chips)
Seat 6: 5d7ca302 ($10.05 in chips)
88d3739d: posts small blind $0.05
5d7ca302: posts big blind $0.1
*** HOLE CARDS ***
Dealt to 27c4d8ac 
Dealt to 7a6194ba 
Dealt to a9407511 
Dealt to Hero [Ah 6d]
Dealt to 88d3739d 
Dealt to 5d7ca302 
27c4d8ac: folds
7a6194ba: folds
a9407511: raises $0.15 to $0.25
Hero: folds
88d3739d: folds
5d7ca302: calls $0.15
*** FLOP *** [9c Kh Th]
5d7ca302: checks
a9407511: bets $0.33
5d7ca302: calls $0.33
*** TURN *** [9c Kh Th] [8c]
5d7ca302: checks
a9407511: checks
*** RIVER *** [9c Kh Th 8c] [5s]
5d7ca302: checks
a9407511: bets $0.61
5d7ca302: calls $0.61
a9407511: shows [Ks Jh] (Pair of Kings)
5d7ca302: shows [Qd Kc] (Pair of Kings)
*** SHOWDOWN ***
5d7ca302 collected $2.31 from pot
*** SUMMARY ***
Total pot $2.43 | Rake $0.12 | Jackpot $0 | Bingo $0 | Fortune $0 | Tax $0
Board [9c Kh Th 8c 5s]
Seat 1: 27c4d8ac folded before Flop (didn't bet)
Seat 2: 7a6194ba folded before Flop (didn't bet)
Seat 3: a9407511 showed [Ks Jh] and lost with Pair of Kings
Seat 4: Hero (button) folded before Flop (didn't bet)
Seat 5: 88d3739d (small blind) folded before Flop
Seat 6: 5d7ca302 (big blind) showed [Qd Kc] and won ($2.31) with Pair of Kings


Poker Hand #HD1776495256: Hold'em No Limit ($0.05/$0.1) - 2024/05/17 15:25:32
Table 'NLHRed24' 6-max Seat #3 is the button
Seat 1: 27c4d8ac ($15.3 in chips)
Seat 2: 7a6194ba ($10.15 in chips)
Seat 3: a9407511 ($9.7 in chips)
Seat 4: Hero ($20.24 in chips)
Seat 5: 88d3739d ($10.1 in chips)
Hero: posts small blind $0.05
88d3739d: posts big blind $0.1
*** HOLE CARDS ***
Dealt to 27c4d8ac 
Dealt to 7a6194ba 
Dealt to a9407511 
Dealt to Hero [Ad 2h]
Dealt to 88d3739d 
27c4d8ac: calls $0.1
7a6194ba: folds
a9407511: folds
Hero: folds
88d3739d: checks
*** FLOP *** [5s 8h 7h]
88d3739d: checks
27c4d8ac: checks
*** TURN *** [5s 8h 7h] [9h]
88d3739d: checks
27c4d8ac: checks
*** RIVER *** [5s 8h 7h 9h] [Ts]
88d3739d: checks
27c4d8ac: checks
88d3739d: shows [Kd 2c] (King-High)
27c4d8ac: shows [Ac 2s] (Ace-High)
*** SHOWDOWN ***
27c4d8ac collected $0.24 from pot
*** SUMMARY ***
Total pot $0.25 | Rake $0.01 | Jackpot $0 | Bingo $0 | Fortune $0 | Tax $0
Board [5s 8h 7h 9h Ts]
Seat 1: 27c4d8ac showed [Ac 2s] and won ($0.24) with Ace-High
Seat 2: 7a6194ba folded before Flop (didn't bet)
Seat 3: a9407511 (button) folded before Flop (didn't bet)
Seat 4: Hero (small blind) folded before Flop
Seat 5: 88d3739d (big blind) showed [Kd 2c] and lost with King-High


Poker Hand #HD1776495228: Hold'em No Limit ($0.05/$0.1) - 2024/05/17 15:25:14
Table 'NLHRed24' 6-max Seat #2 is the button
Seat 1: 27c4d8ac ($15.3 in chips)
Seat 2: 7a6194ba ($10 in chips)
Seat 3: a9407511 ($9.75 in chips)
Seat 4: Hero ($20.34 in chips)
Seat 5: 88d3739d ($10.1 in chips)
a9407511: posts small blind $0.05
Hero: posts big blind $0.1
*** HOLE CARDS ***
Dealt to 27c4d8ac 
Dealt to 7a6194ba 
Dealt to a9407511 
Dealt to Hero [6s 9d]
Dealt to 88d3739d 
88d3739d: folds
27c4d8ac: folds
7a6194ba: raises $0.15 to $0.25
a9407511: folds
Hero: folds
Uncalled bet ($0.15) returned to 7a6194ba
*** SHOWDOWN ***
7a6194ba collected $0.25 from pot
*** SUMMARY ***
Total pot $0.25 | Rake $0 | Jackpot $0 | Bingo $0 | Fortune $0 | Tax $0
Seat 1: 27c4d8ac folded before Flop (didn't bet)
Seat 2: 7a6194ba (button) collected ($0.25)
Seat 3: a9407511 (small blind) folded before Flop
Seat 4: Hero (big blind) folded before Flop
Seat 5: 88d3739d folded before Flop (didn't bet)


Poker Hand #HD1776495193: Hold'em No Limit ($0.05/$0.1) - 2024/05/17 15:24:59
Table 'NLHRed24' 6-max Seat #1 is the button
Seat 1: 27c4d8ac ($15.3 in chips)
Seat 2: 7a6194ba ($10 in chips)
Seat 3: a9407511 ($9.85 in chips)
Seat 4: Hero ($20.34 in chips)
Seat 5: 88d3739d ($9.95 in chips)
7a6194ba: posts small blind $0.05
a9407511: posts big blind $0.1
*** HOLE CARDS ***
Dealt to 27c4d8ac 
Dealt to 7a6194ba 
Dealt to a9407511 
Dealt to Hero [7c 2d]
Dealt to 88d3739d 
Hero: folds
88d3739d: raises $0.2 to $0.3
27c4d8ac: folds
7a6194ba: folds
a9407511: folds
Uncalled bet ($0.2) returned to 88d3739d
*** SHOWDOWN ***
88d3739d collected $0.25 from pot
*** SUMMARY ***
Total pot $0.25 | Rake $0 | Jackpot $0 | Bingo $0 | Fortune $0 | Tax $0
Seat 1: 27c4d8ac (button) folded before Flop (didn't bet)
Seat 2: 7a6194ba (small blind) folded before Flop
Seat 3: a9407511 (big blind) folded before Flop
Seat 4: Hero folded before Flop (didn't bet)
Seat 5: 88d3739d collected ($0.25)


Poker Hand #HD1776495149: Hold'em No Limit ($0.05/$0.1) - 2024/05/17 15:24:29
Table 'NLHRed24' 6-max Seat #5 is the button
Seat 1: 27c4d8ac ($15.54 in chips)
Seat 2: 7a6194ba ($10 in chips)
Seat 3: a9407511 ($9.85 in chips)
Seat 4: Hero ($20.02 in chips)
Seat 5: 88d3739d ($9.95 in chips)
27c4d8ac: posts small blind $0.05
7a6194ba: posts big blind $0.1
*** HOLE CARDS ***
Dealt to 27c4d8ac 
Dealt to 7a6194ba 
Dealt to a9407511 
Dealt to Hero [Ks Jc]
Dealt to 88d3739d 
a9407511: folds
Hero: raises $0.14 to $0.24
88d3739d: folds
27c4d8ac: calls $0.19
7a6194ba: folds
*** FLOP *** [Tc Ac As]
27c4d8ac: checks
Hero: bets $0.2
27c4d8ac: folds
Uncalled bet ($0.2) returned to Hero
*** SHOWDOWN ***
Hero collected $0.56 from pot
*** SUMMARY ***
Total pot $0.58 | Rake $0.02 | Jackpot $0 | Bingo $0 | Fortune $0 | Tax $0
Board [Tc Ac As]
Seat 1: 27c4d8ac (small blind) folded on the Flop
Seat 2: 7a6194ba (big blind) folded before Flop
Seat 3: a9407511 folded before Flop (didn't bet)
Seat 4: Hero won ($0.56)
Seat 5: 88d3739d (button) folded before Flop (didn't bet)


Poker Hand #HD1776495126: Hold'em No Limit ($0.05/$0.1) - 2024/05/17 15:24:13
Table 'NLHRed24' 6-max Seat #4 is the button
Seat 1: 27c4d8ac ($15.64 in chips)
Seat 3: a9407511 ($9.85 in chips)
Seat 4: Hero ($19.87 in chips)
Seat 5: 88d3739d ($9.8 in chips)
88d3739d: posts small blind $0.05
27c4d8ac: posts big blind $0.1
*** HOLE CARDS ***
Dealt to 27c4d8ac 
Dealt to a9407511 
Dealt to Hero [4d Ad]
Dealt to 88d3739d 
a9407511: folds
Hero: raises $0.14 to $0.24
88d3739d: folds
27c4d8ac: folds
Uncalled bet ($0.14) returned to Hero
*** SHOWDOWN ***
Hero collected $0.25 from pot
*** SUMMARY ***
Total pot $0.25 | Rake $0 | Jackpot $0 | Bingo $0 | Fortune $0 | Tax $0
Seat 1: 27c4d8ac (big blind) folded before Flop
Seat 3: a9407511 folded before Flop (didn't bet)
Seat 4: Hero (button) collected ($0.25)
Seat 5: 88d3739d (small blind) folded before Flop


Poker Hand #HD1776495072: Hold'em No Limit ($0.05/$0.1) - 2024/05/17 15:23:47
Table 'NLHRed24' 6-max Seat #3 is the button
Seat 1: 27c4d8ac ($15.64 in chips)
Seat 3: a9407511 ($9.85 in chips)
Seat 4: Hero ($19.6 in chips)
Seat 5: 88d3739d ($4.45 in chips)
Hero: posts small blind $0.05
88d3739d: posts big blind $0.1
*** HOLE CARDS ***
Dealt to 27c4d8ac 
Dealt to a9407511 
Dealt to Hero [Qs Js]
Dealt to 88d3739d 
27c4d8ac: folds
a9407511: folds
Hero: raises $0.2 to $0.3
88d3739d: calls $0.2
*** FLOP *** [Kd 9h 6c]
Hero: bets $0.3
88d3739d: folds
Uncalled bet ($0.3) returned to Hero
*** SHOWDOWN ***
Hero collected $0.57 from pot
*** SUMMARY ***
Total pot $0.6 | Rake $0.03 | Jackpot $0 | Bingo $0 | Fortune $0 | Tax $0
Board [Kd 9h 6c]
Seat 1: 27c4d8ac folded before Flop (didn't bet)
Seat 3: a9407511 (button) folded before Flop (didn't bet)
Seat 4: Hero (small blind) won ($0.57)
Seat 5: 88d3739d (big blind) folded on the Flop


Poker Hand #HD1776494951: Hold'em No Limit ($0.05/$0.1) - 2024/05/17 15:22:43
Table 'NLHRed24' 6-max Seat #2 is the button
Seat 1: 27c4d8ac ($10.58 in chips)
Seat 2: f7c409d2 ($9.78 in chips)
Seat 3: a9407511 ($9.9 in chips)
Seat 4: Hero ($19.7 in chips)
Seat 5: 88d3739d ($10.02 in chips)
a9407511: posts small blind $0.05
Hero: posts big blind $0.1
*** HOLE CARDS ***
Dealt to 27c4d8ac 
Dealt to f7c409d2 
Dealt to a9407511 
Dealt to Hero [9c 5c]
Dealt to 88d3739d 
88d3739d: raises $0.2 to $0.3
27c4d8ac: calls $0.3
f7c409d2: folds
a9407511: folds
Hero: folds
*** FLOP *** [4h 9s Qd]
88d3739d: bets $0.65
27c4d8ac: calls $0.65
*** TURN *** [4h 9s Qd] [Kd]
88d3739d: bets $1.47
27c4d8ac: calls $1.47
*** RIVER *** [4h 9s Qd Kd] [3h]
88d3739d: bets $3.15
27c4d8ac: calls $3.15
88d3739d: shows [7s 2s] (King-High)
27c4d8ac: shows [9d 3d] (Pair of Nines and Pair of Treys)
*** SHOWDOWN ***
27c4d8ac collected $10.63 from pot
*** SUMMARY ***
Total pot $11.29 | Rake $0.56 | Jackpot $0.1 | Bingo $0 | Fortune $0 | Tax $0
Board [4h 9s Qd Kd 3h]
Seat 1: 27c4d8ac showed [9d 3d] and won ($10.63) with Pair of Nines and Pair of Treys
Seat 2: f7c409d2 (button) folded before Flop (didn't bet)
Seat 3: a9407511 (small blind) folded before Flop
Seat 4: Hero (big blind) folded before Flop
Seat 5: 88d3739d showed [7s 2s] and lost with King-High


Poker Hand #HD1776494843: Hold'em No Limit ($0.05/$0.1) - 2024/05/17 15:21:44
Table 'NLHRed24' 6-max Seat #1 is the button
Seat 1: 27c4d8ac ($10.68 in chips)
Seat 2: f7c409d2 ($9.59 in chips)
Seat 3: a9407511 ($10 in chips)
Seat 4: Hero ($19.7 in chips)
Seat 5: 88d3739d ($10.02 in chips)
f7c409d2: posts small blind $0.05
a9407511: posts big blind $0.1
*** HOLE CARDS ***
Dealt to 27c4d8ac 
Dealt to f7c409d2 
Dealt to a9407511 
Dealt to Hero [4c Ts]
Dealt to 88d3739d 
Hero: folds
88d3739d: folds
27c4d8ac: calls $0.1
f7c409d2: calls $0.05
a9407511: checks
*** FLOP *** [6d 3h 6c]
f7c409d2: checks
a9407511: checks
27c4d8ac: checks
*** TURN *** [6d 3h 6c] [Kd]
f7c409d2: checks
a9407511: checks
27c4d8ac: checks
*** RIVER *** [6d 3h 6c Kd] [8h]
f7c409d2: bets $0.3
a9407511: folds
27c4d8ac: folds
Uncalled bet ($0.3) returned to f7c409d2
*** SHOWDOWN ***
f7c409d2 collected $0.29 from pot
*** SUMMARY ***
Total pot $0.3 | Rake $0.01 | Jackpot $0 | Bingo $0 | Fortune $0 | Tax $0
Board [6d 3h 6c Kd 8h]
Seat 1: 27c4d8ac (button) folded on the River
Seat 2: f7c409d2 (small blind) won ($0.29)
Seat 3: a9407511 (big blind) folded on the River
Seat 4: Hero folded before Flop (didn't bet)
Seat 5: 88d3739d folded before Flop (didn't bet)


Poker Hand #HD1776494751: Hold'em No Limit ($0.05/$0.1) - 2024/05/17 15:20:59
Table 'NLHRed24' 6-max Seat #5 is the button
Seat 1: 27c4d8ac ($9.68 in chips)
Seat 2: f7c409d2 ($9.69 in chips)
Seat 4: Hero ($19.7 in chips)
Seat 5: 88d3739d ($11.02 in chips)
27c4d8ac: posts small blind $0.05
f7c409d2: posts big blind $0.1
*** HOLE CARDS ***
Dealt to 27c4d8ac 
Dealt to f7c409d2 
Dealt to Hero [6d 2c]
Dealt to 88d3739d 
Hero: folds
88d3739d: raises $0.2 to $0.3
27c4d8ac: calls $0.25
f7c409d2: folds
*** FLOP *** [Ad Qd Th]
27c4d8ac: bets $0.7
88d3739d: calls $0.7
*** TURN *** [Ad Qd Th] [9h]
27c4d8ac: checks
88d3739d: checks
*** RIVER *** [Ad Qd Th 9h] [8h]
27c4d8ac: checks
88d3739d: checks
27c4d8ac: shows [As 9d] (Pair of Aces and Pair of Nines)
88d3739d: shows [Ks Kh] (Pair of Kings)
*** SHOWDOWN ***
27c4d8ac collected $2 from pot
*** SUMMARY ***
Total pot $2.1 | Rake $0.1 | Jackpot $0 | Bingo $0 | Fortune $0 | Tax $0
Board [Ad Qd Th 9h 8h]
Seat 1: 27c4d8ac (small blind) showed [As 9d] and won ($2) with Pair of Aces and Pair of Nines
Seat 2: f7c409d2 (big blind) folded before Flop
Seat 4: Hero folded before Flop (didn't bet)
Seat 5: 88d3739d (button) showed [Ks Kh] and lost with Pair of Kings


Poker Hand #HD1776494606: Hold'em No Limit ($0.05/$0.1) - 2024/05/17 15:19:37
Table 'NLHRed24' 6-max Seat #4 is the button
Seat 1: 27c4d8ac ($10.08 in chips)
Seat 2: f7c409d2 ($10.76 in chips)
Seat 4: Hero ($18.31 in chips)
Seat 5: 88d3739d ($11.07 in chips)
88d3739d: posts small blind $0.05
27c4d8ac: posts big blind $0.1
*** HOLE CARDS ***
Dealt to 27c4d8ac 
Dealt to f7c409d2 
Dealt to Hero [7d 7c]
Dealt to 88d3739d 
f7c409d2: calls $0.1
Hero: raises $0.3 to $0.4
88d3739d: folds
27c4d8ac: calls $0.3
f7c409d2: calls $0.3
*** FLOP *** [7h 5d 6d]
27c4d8ac: checks
f7c409d2: bets $0.67
Hero: raises $1.43 to $2.1
27c4d8ac: folds
f7c409d2: folds
Uncalled bet ($1.43) returned to Hero
*** SHOWDOWN ***
Hero collected $2.46 from pot
*** SUMMARY ***
Total pot $2.59 | Rake $0.13 | Jackpot $0 | Bingo $0 | Fortune $0 | Tax $0
Board [7h 5d 6d]
Seat 1: 27c4d8ac (big blind) folded on the Flop
Seat 2: f7c409d2 folded on the Flop
Seat 4: Hero (button) won ($2.46)
Seat 5: 88d3739d (small blind) folded before Flop


Poker Hand #HD1776494505: Hold'em No Limit ($0.05/$0.1) - 2024/05/17 15:18:47
Table 'NLHRed24' 6-max Seat #2 is the button
Seat 1: 27c4d8ac ($11.18 in chips)
Seat 2: f7c409d2 ($10.76 in chips)
Seat 4: Hero ($18.36 in chips)
Seat 5: 88d3739d ($10.03 in chips)
Seat 6: ce7fcc7e ($10 in chips)
Hero: posts small blind $0.05
88d3739d: posts big blind $0.1
*** HOLE CARDS ***
Dealt to 27c4d8ac 
Dealt to f7c409d2 
Dealt to Hero [9c 6h]
Dealt to 88d3739d 
Dealt to ce7fcc7e 
ce7fcc7e: folds
27c4d8ac: calls $0.1
f7c409d2: folds
Hero: folds
88d3739d: checks
*** FLOP *** [5s 6s 4h]
88d3739d: checks
27c4d8ac: bets $0.25
88d3739d: calls $0.25
*** TURN *** [5s 6s 4h] [Jc]
88d3739d: checks
27c4d8ac: bets $0.75
88d3739d: calls $0.75
*** RIVER *** [5s 6s 4h Jc] [5c]
88d3739d: checks
27c4d8ac: checks
88d3739d: shows [7d Js] (Pair of Jacks and Pair of Fives)
27c4d8ac: shows [Ts Th] (Pair of Tens and Pair of Fives)
*** SHOWDOWN ***
88d3739d collected $2.14 from pot
*** SUMMARY ***
Total pot $2.25 | Rake $0.11 | Jackpot $0 | Bingo $0 | Fortune $0 | Tax $0
Board [5s 6s 4h Jc 5c]
Seat 1: 27c4d8ac showed [Ts Th] and lost with Pair of Tens and Pair of Fives
Seat 2: f7c409d2 (button) folded before Flop (didn't bet)
Seat 4: Hero (small blind) folded before Flop
Seat 5: 88d3739d (big blind) showed [7d Js] and won ($2.14) with Pair of Jacks and Pair of Fives
Seat 6: ce7fcc7e folded before Flop (didn't bet)


Poker Hand #HD1776494377: Hold'em No Limit ($0.05/$0.1) - 2024/05/17 15:17:43
Table 'NLHRed24' 6-max Seat #1 is the button
Seat 1: 27c4d8ac ($10.53 in chips)
Seat 2: f7c409d2 ($11.06 in chips)
Seat 4: Hero ($18.46 in chips)
Seat 5: 88d3739d ($10.33 in chips)
Seat 6: ce7fcc7e ($10 in chips)
f7c409d2: posts small blind $0.05
Hero: posts big blind $0.1
*** HOLE CARDS ***
Dealt to 27c4d8ac 
Dealt to f7c409d2 
Dealt to Hero [Ac 5h]
Dealt to 88d3739d 
Dealt to ce7fcc7e 
88d3739d: raises $0.2 to $0.3
ce7fcc7e: folds
27c4d8ac: calls $0.3
f7c409d2: calls $0.25
Hero: folds
*** FLOP *** [Jd 6d 7d]
f7c409d2: checks
88d3739d: checks
27c4d8ac: checks
*** TURN *** [Jd 6d 7d] [4d]
f7c409d2: checks
88d3739d: checks
27c4d8ac: bets $0.5
f7c409d2: folds
88d3739d: folds
Uncalled bet ($0.5) returned to 27c4d8ac
*** SHOWDOWN ***
27c4d8ac collected $0.95 from pot
*** SUMMARY ***
Total pot $1 | Rake $0.05 | Jackpot $0 | Bingo $0 | Fortune $0 | Tax $0
Board [Jd 6d 7d 4d]
Seat 1: 27c4d8ac (button) won ($0.95)
Seat 2: f7c409d2 (small blind) folded on the Turn
Seat 4: Hero (big blind) folded before Flop
Seat 5: 88d3739d folded on the Turn
Seat 6: ce7fcc7e folded before Flop (didn't bet)


Poker Hand #HD1776494328: Hold'em No Limit ($0.05/$0.1) - 2024/05/17 15:17:14
Table 'NLHRed24' 6-max Seat #6 is the button
Seat 1: 27c4d8ac ($10.44 in chips)
Seat 2: f7c409d2 ($11.16 in chips)
Seat 3: 2d65fc6c ($17.06 in chips)
Seat 4: Hero ($18.46 in chips)
Seat 5: 88d3739d ($10.33 in chips)
Seat 6: ce7fcc7e ($10 in chips)
27c4d8ac: posts small blind $0.05
f7c409d2: posts big blind $0.1
*** HOLE CARDS ***
Dealt to 27c4d8ac 
Dealt to f7c409d2 
Dealt to 2d65fc6c 
Dealt to Hero [6h Ad]
Dealt to 88d3739d 
Dealt to ce7fcc7e 
2d65fc6c: folds
Hero: folds
88d3739d: folds
ce7fcc7e: folds
27c4d8ac: calls $0.05
f7c409d2: checks
*** FLOP *** [7h 8h 8c]
27c4d8ac: bets $0.2
f7c409d2: folds
Uncalled bet ($0.2) returned to 27c4d8ac
*** SHOWDOWN ***
27c4d8ac collected $0.19 from pot
*** SUMMARY ***
Total pot $0.2 | Rake $0.01 | Jackpot $0 | Bingo $0 | Fortune $0 | Tax $0
Board [7h 8h 8c]
Seat 1: 27c4d8ac (small blind) won ($0.19)
Seat 2: f7c409d2 (big blind) folded on the Flop
Seat 3: 2d65fc6c folded before Flop (didn't bet)
Seat 4: Hero folded before Flop (didn't bet)
Seat 5: 88d3739d folded before Flop (didn't bet)
Seat 6: ce7fcc7e (button) folded before Flop (didn't bet)


Poker Hand #HD1776494176: Hold'em No Limit ($0.05/$0.1) - 2024/05/17 15:15:53
Table 'NLHRed24' 6-max Seat #5 is the button
Seat 1: 27c4d8ac ($10.54 in chips)
Seat 2: f7c409d2 ($11.16 in chips)
Seat 3: 2d65fc6c ($18.86 in chips)
Seat 4: Hero ($16.79 in chips)
Seat 5: 88d3739d ($10.33 in chips)
Seat 6: ce7fcc7e ($10.05 in chips)
ce7fcc7e: posts small blind $0.05
27c4d8ac: posts big blind $0.1
*** HOLE CARDS ***
Dealt to 27c4d8ac 
Dealt to f7c409d2 
Dealt to 2d65fc6c 
Dealt to Hero [As Ts]
Dealt to 88d3739d 
Dealt to ce7fcc7e 
f7c409d2: folds
2d65fc6c: raises $0.15 to $0.25
Hero: raises $0.55 to $0.8
88d3739d: folds
ce7fcc7e: folds
27c4d8ac: folds
2d65fc6c: calls $0.55
*** FLOP *** [2d 9h 6h]
2d65fc6c: checks
Hero: checks
*** TURN *** [2d 9h 6h] [Ad]
2d65fc6c: checks
Hero: bets $1
2d65fc6c: calls $1
*** RIVER *** [2d 9h 6h Ad] [Qh]
2d65fc6c: checks
Hero: checks
2d65fc6c: shows [Td Qd] (Pair of Queens)
Hero: shows [As Ts] (Pair of Aces)
*** SHOWDOWN ***
Hero collected $3.47 from pot
*** SUMMARY ***
Total pot $3.75 | Rake $0.18 | Jackpot $0.1 | Bingo $0 | Fortune $0 | Tax $0
Board [2d 9h 6h Ad Qh]
Seat 1: 27c4d8ac (big blind) folded before Flop
Seat 2: f7c409d2 folded before Flop (didn't bet)
Seat 3: 2d65fc6c showed [Td Qd] and lost with Pair of Queens
Seat 4: Hero showed [As Ts] and won ($3.47) with Pair of Aces
Seat 5: 88d3739d (button) folded before Flop (didn't bet)
Seat 6: ce7fcc7e (small blind) folded before Flop


Poker Hand #HD1776494085: Hold'em No Limit ($0.05/$0.1) - 2024/05/17 15:14:59
Table 'NLHRed24' 6-max Seat #4 is the button
Seat 1: 27c4d8ac ($10.07 in chips)
Seat 2: f7c409d2 ($11.36 in chips)
Seat 3: 2d65fc6c ($18.86 in chips)
Seat 4: Hero ($16.79 in chips)
Seat 5: 88d3739d ($10.53 in chips)
Seat 6: ce7fcc7e ($10.15 in chips)
88d3739d: posts small blind $0.05
ce7fcc7e: posts big blind $0.1
*** HOLE CARDS ***
Dealt to 27c4d8ac 
Dealt to f7c409d2 
Dealt to 2d65fc6c 
Dealt to Hero [Jh 4c]
Dealt to 88d3739d 
Dealt to ce7fcc7e 
27c4d8ac: calls $0.1
f7c409d2: raises $0.1 to $0.2
2d65fc6c: folds
Hero: folds
88d3739d: calls $0.15
ce7fcc7e: folds
27c4d8ac: calls $0.1
*** FLOP *** [2s Ac As]
88d3739d: checks
27c4d8ac: checks
f7c409d2: checks
*** TURN *** [2s Ac As] [2h]
88d3739d: checks
27c4d8ac: bets $0.7
f7c409d2: folds
88d3739d: folds
Uncalled bet ($0.7) returned to 27c4d8ac
*** SHOWDOWN ***
27c4d8ac collected $0.67 from pot
*** SUMMARY ***
Total pot $0.7 | Rake $0.03 | Jackpot $0 | Bingo $0 | Fortune $0 | Tax $0
Board [2s Ac As 2h]
Seat 1: 27c4d8ac won ($0.67)
Seat 2: f7c409d2 folded on the Turn
Seat 3: 2d65fc6c folded before Flop (didn't bet)
Seat 4: Hero (button) folded before Flop (didn't bet)
Seat 5: 88d3739d (small blind) folded on the Turn
Seat 6: ce7fcc7e (big blind) folded before Flop


Poker Hand #HD1776493981: Hold'em No Limit ($0.05/$0.1) - 2024/05/17 15:13:59
Table 'NLHRed24' 6-max Seat #3 is the button
Seat 1: 27c4d8ac ($10.37 in chips)
Seat 2: f7c409d2 ($12.22 in chips)
Seat 3: 2d65fc6c ($17.65 in chips)
Seat 4: Hero ($16.84 in chips)
Seat 5: 88d3739d ($10.63 in chips)
Seat 6: ce7fcc7e ($10.15 in chips)
Hero: posts small blind $0.05
88d3739d: posts big blind $0.1
*** HOLE CARDS ***
Dealt to 27c4d8ac 
Dealt to f7c409d2 
Dealt to 2d65fc6c 
Dealt to Hero [Ad Th]
Dealt to 88d3739d 
Dealt to ce7fcc7e 
ce7fcc7e: folds
27c4d8ac: calls $0.1
f7c409d2: raises $0.2 to $0.3
2d65fc6c: calls $0.3
Hero: folds
88d3739d: folds
27c4d8ac: calls $0.2
*** FLOP *** [3h 6s Kd]
27c4d8ac: checks
f7c409d2: bets $0.56
2d65fc6c: calls $0.56
27c4d8ac: folds
*** TURN *** [3h 6s Kd] [Td]
f7c409d2: checks
2d65fc6c: checks
*** RIVER *** [3h 6s Kd Td] [Tc]
f7c409d2: checks
2d65fc6c: bets $1.09
f7c409d2: folds
Uncalled bet ($1.09) returned to 2d65fc6c
*** SHOWDOWN ***
2d65fc6c collected $2.07 from pot
*** SUMMARY ***
Total pot $2.17 | Rake $0.1 | Jackpot $0 | Bingo $0 | Fortune $0 | Tax $0
Board [3h 6s Kd Td Tc]
Seat 1: 27c4d8ac folded on the Flop
Seat 2: f7c409d2 folded on the River
Seat 3: 2d65fc6c (button) won ($2.07)
Seat 4: Hero (small blind) folded before Flop
Seat 5: 88d3739d (big blind) folded before Flop
Seat 6: ce7fcc7e folded before Flop (didn't bet)


Poker Hand #HD1776493867: Hold'em No Limit ($0.05/$0.1) - 2024/05/17 15:12:54
Table 'NLHRed24' 6-max Seat #2 is the button
Seat 1: 27c4d8ac ($10.37 in chips)
Seat 2: f7c409d2 ($12.22 in chips)
Seat 3: 2d65fc6c ($17.7 in chips)
Seat 4: Hero ($17.54 in chips)
Seat 5: 88d3739d ($9.95 in chips)
Seat 6: ce7fcc7e ($10.15 in chips)
2d65fc6c: posts small blind $0.05
Hero: posts big blind $0.1
*** HOLE CARDS ***
Dealt to 27c4d8ac 
Dealt to f7c409d2 
Dealt to 2d65fc6c 
Dealt to Hero [Js 9s]
Dealt to 88d3739d 
Dealt to ce7fcc7e 
88d3739d: raises $0.2 to $0.3
ce7fcc7e: folds
27c4d8ac: folds
f7c409d2: folds
2d65fc6c: folds
Hero: calls $0.2
*** FLOP *** [Qc 5c 7d]
Hero: checks
88d3739d: checks
*** TURN *** [Qc 5c 7d] [6d]
Hero: bets $0.4
88d3739d: calls $0.4
*** RIVER *** [Qc 5c 7d 6d] [Ah]
Hero: checks
88d3739d: bets $0.8
Hero: folds
Uncalled bet ($0.8) returned to 88d3739d
*** SHOWDOWN ***
88d3739d collected $1.38 from pot
*** SUMMARY ***
Total pot $1.45 | Rake $0.07 | Jackpot $0 | Bingo $0 | Fortune $0 | Tax $0
Board [Qc 5c 7d 6d Ah]
Seat 1: 27c4d8ac folded before Flop (didn't bet)
Seat 2: f7c409d2 (button) folded before Flop (didn't bet)
Seat 3: 2d65fc6c (small blind) folded before Flop
Seat 4: Hero (big blind) folded on the River
Seat 5: 88d3739d won ($1.38)
Seat 6: ce7fcc7e folded before Flop (didn't bet)


Poker Hand #HD1776493822: Hold'em No Limit ($0.05/$0.1) - 2024/05/17 15:12:25
Table 'NLHRed24' 6-max Seat #1 is the button
Seat 1: 27c4d8ac ($10.37 in chips)
Seat 2: f7c409d2 ($12.27 in chips)
Seat 3: 2d65fc6c ($17.8 in chips)
Seat 4: Hero ($17.54 in chips)
Seat 5: 88d3739d ($9.95 in chips)
Seat 6: ce7fcc7e ($10 in chips)
f7c409d2: posts small blind $0.05
2d65fc6c: posts big blind $0.1
*** HOLE CARDS ***
Dealt to 27c4d8ac 
Dealt to f7c409d2 
Dealt to 2d65fc6c 
Dealt to Hero [Td 3c]
Dealt to 88d3739d 
Dealt to ce7fcc7e 
Hero: folds
88d3739d: folds
ce7fcc7e: raises $0.15 to $0.25
27c4d8ac: folds
f7c409d2: folds
2d65fc6c: folds
Uncalled bet ($0.15) returned to ce7fcc7e
*** SHOWDOWN ***
ce7fcc7e collected $0.25 from pot
*** SUMMARY ***
Total pot $0.25 | Rake $0 | Jackpot $0 | Bingo $0 | Fortune $0 | Tax $0
Seat 1: 27c4d8ac (button) folded before Flop (didn't bet)
Seat 2: f7c409d2 (small blind) folded before Flop
Seat 3: 2d65fc6c (big blind) folded before Flop
Seat 4: Hero folded before Flop (didn't bet)
Seat 5: 88d3739d folded before Flop (didn't bet)
Seat 6: ce7fcc7e collected ($0.25)


Poker Hand #HD1776493682: Hold'em No Limit ($0.05/$0.1) - 2024/05/17 15:11:04
Table 'NLHRed24' 6-max Seat #6 is the button
Seat 1: 27c4d8ac ($9.49 in chips)
Seat 2: f7c409d2 ($12.37 in chips)
Seat 3: 2d65fc6c ($18.05 in chips)
Seat 4: Hero ($17.54 in chips)
Seat 5: 88d3739d ($9.95 in chips)
Seat 6: ce7fcc7e ($10 in chips)
27c4d8ac: posts small blind $0.05
f7c409d2: posts big blind $0.1
*** HOLE CARDS ***
Dealt to 27c4d8ac 
Dealt to f7c409d2 
Dealt to 2d65fc6c 
Dealt to Hero [Kd 2s]
Dealt to 88d3739d 
Dealt to ce7fcc7e 
2d65fc6c: raises $0.15 to $0.25
Hero: folds
88d3739d: folds
ce7fcc7e: calls $0.25
27c4d8ac: calls $0.2
f7c409d2: folds
*** FLOP *** [4h 3h Ts]
27c4d8ac: checks
2d65fc6c: checks
ce7fcc7e: bets $0.35
27c4d8ac: calls $0.35
2d65fc6c: folds
*** TURN *** [4h 3h Ts] [2h]
27c4d8ac: checks
ce7fcc7e: checks
*** RIVER *** [4h 3h Ts 2h] [9d]
27c4d8ac: bets $0.78
ce7fcc7e: folds
Uncalled bet ($0.78) returned to 27c4d8ac
*** SHOWDOWN ***
27c4d8ac collected $1.48 from pot
*** SUMMARY ***
Total pot $1.55 | Rake $0.07 | Jackpot $0 | Bingo $0 | Fortune $0 | Tax $0
Board [4h 3h Ts 2h 9d]
Seat 1: 27c4d8ac (small blind) won ($1.48)
Seat 2: f7c409d2 (big blind) folded before Flop
Seat 3: 2d65fc6c folded on the Flop
Seat 4: Hero folded before Flop (didn't bet)
Seat 5: 88d3739d folded before Flop (didn't bet)
Seat 6: ce7fcc7e (button) folded on the River


Poker Hand #HD1776493553: Hold'em No Limit ($0.05/$0.1) - 2024/05/17 15:09:51
Table 'NLHRed24' 6-max Seat #5 is the button
Seat 1: 27c4d8ac ($7.15 in chips)
Seat 2: f7c409d2 ($12.37 in chips)
Seat 3: 2d65fc6c ($18.05 in chips)
Seat 4: Hero ($17.54 in chips)
Seat 5: 88d3739d ($9.95 in chips)
Seat 6: ce7fcc7e ($11.49 in chips)
ce7fcc7e: posts small blind $0.05
27c4d8ac: posts big blind $0.1
*** HOLE CARDS ***
Dealt to 27c4d8ac 
Dealt to f7c409d2 
Dealt to 2d65fc6c 
Dealt to Hero [3h 3s]
Dealt to 88d3739d 
Dealt to ce7fcc7e 
f7c409d2: folds
2d65fc6c: folds
Hero: folds
88d3739d: folds
ce7fcc7e: raises $0.2 to $0.3
27c4d8ac: calls $0.2
*** FLOP *** [Td Ks 7d]
ce7fcc7e: checks
27c4d8ac: bets $0.6
ce7fcc7e: calls $0.6
*** TURN *** [Td Ks 7d] [Js]
ce7fcc7e: checks
27c4d8ac: checks
*** RIVER *** [Td Ks 7d Js] [Kh]
ce7fcc7e: checks
27c4d8ac: bets $1.8
ce7fcc7e: calls $1.8
27c4d8ac: shows [9d 8d] (Jacks-High Straight)
ce7fcc7e: shows [Jd Ac] (Pair of Kings and Pair of Jacks)
*** SHOWDOWN ***
27c4d8ac collected $5.04 from pot
*** SUMMARY ***
Total pot $5.4 | Rake $0.26 | Jackpot $0.1 | Bingo $0 | Fortune $0 | Tax $0
Board [Td Ks 7d Js Kh]
Seat 1: 27c4d8ac (big blind) showed [9d 8d] and won ($5.04) with Jacks-High Straight
Seat 2: f7c409d2 folded before Flop (didn't bet)
Seat 3: 2d65fc6c folded before Flop (didn't bet)
Seat 4: Hero folded before Flop (didn't bet)
Seat 5: 88d3739d (button) folded before Flop (didn't bet)
Seat 6: ce7fcc7e (small blind) showed [Jd Ac] and lost with Pair of Kings and Pair of Jacks


Poker Hand #HD1776493522: Hold'em No Limit ($0.05/$0.1) - 2024/05/17 15:09:34
Table 'NLHRed24' 6-max Seat #4 is the button
Seat 1: 27c4d8ac ($7.15 in chips)
Seat 2: f7c409d2 ($12.37 in chips)
Seat 3: 2d65fc6c ($18.05 in chips)
Seat 4: Hero ($17.54 in chips)
Seat 5: 88d3739d ($10 in chips)
Seat 6: ce7fcc7e ($11.44 in chips)
88d3739d: posts small blind $0.05
ce7fcc7e: posts big blind $0.1
*** HOLE CARDS ***
Dealt to 27c4d8ac 
Dealt to f7c409d2 
Dealt to 2d65fc6c 
Dealt to Hero [Th 3h]
Dealt to 88d3739d 
Dealt to ce7fcc7e 
27c4d8ac: folds
f7c409d2: folds
2d65fc6c: folds
Hero: folds
88d3739d: folds
Uncalled bet ($0.05) returned to ce7fcc7e
*** SHOWDOWN ***
ce7fcc7e collected $0.1 from pot
*** SUMMARY ***
Total pot $0.1 | Rake $0 | Jackpot $0 | Bingo $0 | Fortune $0 | Tax $0
Seat 1: 27c4d8ac folded before Flop (didn't bet)
Seat 2: f7c409d2 folded before Flop (didn't bet)
Seat 3: 2d65fc6c folded before Flop (didn't bet)
Seat 4: Hero (button) folded before Flop (didn't bet)
Seat 5: 88d3739d (small blind) folded before Flop
Seat 6: ce7fcc7e (big blind) collected ($0.1)


Poker Hand #HD1776493488: Hold'em No Limit ($0.05/$0.1) - 2024/05/17 15:09:12
Table 'NLHRed24' 6-max Seat #3 is the button
Seat 1: 27c4d8ac ($7.15 in chips)
Seat 2: f7c409d2 ($12.22 in chips)
Seat 3: 2d65fc6c ($18.05 in chips)
Seat 4: Hero ($17.59 in chips)
Seat 5: 88d3739d ($6.39 in chips)
Seat 6: ce7fcc7e ($11.44 in chips)
Hero: posts small blind $0.05
88d3739d: posts big blind $0.1
*** HOLE CARDS ***
Dealt to 27c4d8ac 
Dealt to f7c409d2 
Dealt to 2d65fc6c 
Dealt to Hero [6d Qh]
Dealt to 88d3739d 
Dealt to ce7fcc7e 
ce7fcc7e: folds
27c4d8ac: folds
f7c409d2: raises $0.1 to $0.2
2d65fc6c: folds
Hero: folds
88d3739d: folds
Uncalled bet ($0.1) returned to f7c409d2
*** SHOWDOWN ***
f7c409d2 collected $0.25 from pot
*** SUMMARY ***
Total pot $0.25 | Rake $0 | Jackpot $0 | Bingo $0 | Fortune $0 | Tax $0
Seat 1: 27c4d8ac folded before Flop (didn't bet)
Seat 2: f7c409d2 collected ($0.25)
Seat 3: 2d65fc6c (button) folded before Flop (didn't bet)
Seat 4: Hero (small blind) folded before Flop
Seat 5: 88d3739d (big blind) folded before Flop
Seat 6: ce7fcc7e folded before Flop (didn't bet)


Poker Hand #HD1776493369: Hold'em No Limit ($0.05/$0.1) - 2024/05/17 15:08:05
Table 'NLHRed24' 6-max Seat #2 is the button
Seat 1: 27c4d8ac ($3.61 in chips)
Seat 2: f7c409d2 ($12.22 in chips)
Seat 3: 2d65fc6c ($18.35 in chips)
Seat 4: Hero ($17.69 in chips)
Seat 5: 88d3739d ($10 in chips)
Seat 6: ce7fcc7e ($11.44 in chips)
2d65fc6c: posts small blind $0.05
Hero: posts big blind $0.1
*** HOLE CARDS ***
Dealt to 27c4d8ac 
Dealt to f7c409d2 
Dealt to 2d65fc6c 
Dealt to Hero [5h 7c]
Dealt to 88d3739d 
Dealt to ce7fcc7e 
88d3739d: raises $0.2 to $0.3
ce7fcc7e: folds
27c4d8ac: calls $0.3
f7c409d2: folds
2d65fc6c: calls $0.25
Hero: folds
*** FLOP *** [Qs Jd 9s]
2d65fc6c: checks
88d3739d: bets $0.75
27c4d8ac: calls $0.75
2d65fc6c: folds
*** TURN *** [Qs Jd 9s] [Ah]
88d3739d: bets $0.83
27c4d8ac: calls $0.83
*** RIVER *** [Qs Jd 9s Ah] [Ts]
88d3739d: checks
27c4d8ac: bets $1.73 and is all-in
88d3739d: calls $1.73
27c4d8ac: shows [Qh Kc] (Aces-High Straight)
88d3739d: shows [Qd Th] (Pair of Queens and Pair of Tens)
*** SHOWDOWN ***
27c4d8ac collected $7.15 from pot
*** SUMMARY ***
Total pot $7.62 | Rake $0.37 | Jackpot $0.1 | Bingo $0 | Fortune $0 | Tax $0
Board [Qs Jd 9s Ah Ts]
Seat 1: 27c4d8ac showed [Qh Kc] and won ($7.15) with Aces-High Straight
Seat 2: f7c409d2 (button) folded before Flop (didn't bet)
Seat 3: 2d65fc6c (small blind) folded on the Flop
Seat 4: Hero (big blind) folded before Flop
Seat 5: 88d3739d showed [Qd Th] and lost with Pair of Queens and Pair of Tens
Seat 6: ce7fcc7e folded before Flop (didn't bet)


Poker Hand #HD1776493354: Hold'em No Limit ($0.05/$0.1) - 2024/05/17 15:07:50
Table 'NLHRed24' 6-max Seat #1 is the button
Seat 1: 27c4d8ac ($3.61 in chips)
Seat 2: f7c409d2 ($12.12 in chips)
Seat 3: 2d65fc6c ($18.45 in chips)
Seat 4: Hero ($17.69 in chips)
Seat 6: ce7fcc7e ($11.44 in chips)
f7c409d2: posts small blind $0.05
2d65fc6c: posts big blind $0.1
*** HOLE CARDS ***
Dealt to 27c4d8ac 
Dealt to f7c409d2 
Dealt to 2d65fc6c 
Dealt to Hero [5s 9c]
Dealt to ce7fcc7e 
Hero: folds
ce7fcc7e: folds
27c4d8ac: folds
f7c409d2: raises $0.2 to $0.3
2d65fc6c: folds
Uncalled bet ($0.2) returned to f7c409d2
*** SHOWDOWN ***
f7c409d2 collected $0.2 from pot
*** SUMMARY ***
Total pot $0.2 | Rake $0 | Jackpot $0 | Bingo $0 | Fortune $0 | Tax $0
Seat 1: 27c4d8ac (button) folded before Flop (didn't bet)
Seat 2: f7c409d2 (small blind) collected ($0.2)
Seat 3: 2d65fc6c (big blind) folded before Flop
Seat 4: Hero folded before Flop (didn't bet)
Seat 6: ce7fcc7e folded before Flop (didn't bet)


Poker Hand #HD1776493315: Hold'em No Limit ($0.05/$0.1) - 2024/05/17 15:07:30
Table 'NLHRed24' 6-max Seat #6 is the button
Seat 1: 27c4d8ac ($3.66 in chips)
Seat 2: f7c409d2 ($12.22 in chips)
Seat 3: 2d65fc6c ($18.45 in chips)
Seat 4: Hero ($17.69 in chips)
Seat 6: ce7fcc7e ($11.29 in chips)
27c4d8ac: posts small blind $0.05
f7c409d2: posts big blind $0.1
*** HOLE CARDS ***
Dealt to 27c4d8ac 
Dealt to f7c409d2 
Dealt to 2d65fc6c 
Dealt to Hero [6h Ts]
Dealt to ce7fcc7e 
2d65fc6c: folds
Hero: folds
ce7fcc7e: raises $0.15 to $0.25
27c4d8ac: folds
f7c409d2: folds
Uncalled bet ($0.15) returned to ce7fcc7e
*** SHOWDOWN ***
ce7fcc7e collected $0.25 from pot
*** SUMMARY ***
Total pot $0.25 | Rake $0 | Jackpot $0 | Bingo $0 | Fortune $0 | Tax $0
Seat 1: 27c4d8ac (small blind) folded before Flop
Seat 2: f7c409d2 (big blind) folded before Flop
Seat 3: 2d65fc6c folded before Flop (didn't bet)
Seat 4: Hero folded before Flop (didn't bet)
Seat 6: ce7fcc7e (button) collected ($0.25)


Poker Hand #HD1776493209: Hold'em No Limit ($0.05/$0.1) - 2024/05/17 15:06:25
Table 'NLHRed24' 6-max Seat #4 is the button
Seat 1: 27c4d8ac ($3.66 in chips)
Seat 2: f7c409d2 ($12.22 in chips)
Seat 3: 2d65fc6c ($9.71 in chips)
Seat 4: Hero ($17.69 in chips)
Seat 5: 88d3739d ($9.9 in chips)
Seat 6: ce7fcc7e ($11.39 in chips)
88d3739d: posts small blind $0.05
ce7fcc7e: posts big blind $0.1
*** HOLE CARDS ***
Dealt to 27c4d8ac 
Dealt to f7c409d2 
Dealt to 2d65fc6c 
Dealt to Hero [Qh 7d]
Dealt to 88d3739d 
Dealt to ce7fcc7e 
27c4d8ac: folds
f7c409d2: folds
2d65fc6c: raises $0.2 to $0.3
Hero: folds
88d3739d: raises $0.8 to $1.1
ce7fcc7e: folds
2d65fc6c: raises $8.61 to $9.71 and is all-in
88d3739d: calls $8.61
2d65fc6c: shows [As Ks]
88d3739d: shows [Ah Ad]
*** FLOP *** [4h 3s 4d]
*** TURN *** [4h 3s 4d] [Ts]
*** RIVER *** [4h 3s 4d Ts] [9s]
*** SHOWDOWN ***
2d65fc6c collected $18.45 from pot
*** SUMMARY ***
Total pot $19.52 | Rake $0.97 | Jackpot $0.1 | Bingo $0 | Fortune $0 | Tax $0
Board [4h 3s 4d Ts 9s]
Seat 1: 27c4d8ac folded before Flop (didn't bet)
Seat 2: f7c409d2 folded before Flop (didn't bet)
Seat 3: 2d65fc6c showed [As Ks] and won ($18.45) with Ace High Flush
Seat 4: Hero (button) folded before Flop (didn't bet)
Seat 5: 88d3739d (small blind) showed [Ah Ad] and lost with Pair of Aces and Pair of Fours
Seat 6: ce7fcc7e (big blind) folded before Flop


Poker Hand #HD1776493165: Hold'em No Limit ($0.05/$0.1) - 2024/05/17 15:06:02
Table 'NLHRed24' 6-max Seat #3 is the button
Seat 1: 27c4d8ac ($3.66 in chips)
Seat 2: f7c409d2 ($12.22 in chips)
Seat 3: 2d65fc6c ($9.56 in chips)
Seat 4: Hero ($17.74 in chips)
Seat 5: 88d3739d ($10 in chips)
Seat 6: ce7fcc7e ($11.39 in chips)
Hero: posts small blind $0.05
88d3739d: posts big blind $0.1
*** HOLE CARDS ***
Dealt to 27c4d8ac 
Dealt to f7c409d2 
Dealt to 2d65fc6c 
Dealt to Hero [7s 4d]
Dealt to 88d3739d 
Dealt to ce7fcc7e 
ce7fcc7e: folds
27c4d8ac: folds
f7c409d2: folds
2d65fc6c: raises $0.2 to $0.3
Hero: folds
88d3739d: folds
Uncalled bet ($0.2) returned to 2d65fc6c
*** SHOWDOWN ***
2d65fc6c collected $0.25 from pot
*** SUMMARY ***
Total pot $0.25 | Rake $0 | Jackpot $0 | Bingo $0 | Fortune $0 | Tax $0
Seat 1: 27c4d8ac folded before Flop (didn't bet)
Seat 2: f7c409d2 folded before Flop (didn't bet)
Seat 3: 2d65fc6c (button) collected ($0.25)
Seat 4: Hero (small blind) folded before Flop
Seat 5: 88d3739d (big blind) folded before Flop
Seat 6: ce7fcc7e folded before Flop (didn't bet)


Poker Hand #HD1776493072: Hold'em No Limit ($0.05/$0.1) - 2024/05/17 15:05:06
Table 'NLHRed24' 6-max Seat #2 is the button
Seat 1: 27c4d8ac ($3.24 in chips)
Seat 2: f7c409d2 ($12.52 in chips)
Seat 3: 2d65fc6c ($9.61 in chips)
Seat 4: Hero ($17.84 in chips)
Seat 6: ce7fcc7e ($11.39 in chips)
2d65fc6c: posts small blind $0.05
Hero: posts big blind $0.1
*** HOLE CARDS ***
Dealt to 27c4d8ac 
Dealt to f7c409d2 
Dealt to 2d65fc6c 
Dealt to Hero [2h Ad]
Dealt to ce7fcc7e 
ce7fcc7e: folds
27c4d8ac: calls $0.1
f7c409d2: raises $0.2 to $0.3
2d65fc6c: folds
Hero: folds
27c4d8ac: calls $0.2
*** FLOP *** [3h Kh 4s]
27c4d8ac: checks
f7c409d2: checks
*** TURN *** [3h Kh 4s] [2s]
27c4d8ac: bets $0.75
f7c409d2: folds
Uncalled bet ($0.75) returned to 27c4d8ac
*** SHOWDOWN ***
27c4d8ac collected $0.72 from pot
*** SUMMARY ***
Total pot $0.75 | Rake $0.03 | Jackpot $0 | Bingo $0 | Fortune $0 | Tax $0
Board [3h Kh 4s 2s]
Seat 1: 27c4d8ac won ($0.72)
Seat 2: f7c409d2 (button) folded on the Turn
Seat 3: 2d65fc6c (small blind) folded before Flop
Seat 4: Hero (big blind) folded before Flop
Seat 6: ce7fcc7e folded before Flop (didn't bet)


Poker Hand #HD1776492988: Hold'em No Limit ($0.05/$0.1) - 2024/05/17 15:04:20
Table 'NLHRed24' 6-max Seat #1 is the button
Seat 1: 27c4d8ac ($3.24 in chips)
Seat 2: f7c409d2 ($12.43 in chips)
Seat 3: 2d65fc6c ($9.71 in chips)
Seat 4: Hero ($17.84 in chips)
Seat 6: ce7fcc7e ($11.39 in chips)
f7c409d2: posts small blind $0.05
2d65fc6c: posts big blind $0.1
*** HOLE CARDS ***
Dealt to 27c4d8ac 
Dealt to f7c409d2 
Dealt to 2d65fc6c 
Dealt to Hero [As 9d]
Dealt to ce7fcc7e 
Hero: folds
ce7fcc7e: folds
27c4d8ac: folds
f7c409d2: calls $0.05
2d65fc6c: checks
*** FLOP *** [Ah 2s 4c]
f7c409d2: checks
2d65fc6c: checks
*** TURN *** [Ah 2s 4c] [Tc]
f7c409d2: checks
2d65fc6c: checks
*** RIVER *** [Ah 2s 4c Tc] [5c]
f7c409d2: bets $0.2
2d65fc6c: folds
Uncalled bet ($0.2) returned to f7c409d2
*** SHOWDOWN ***
f7c409d2 collected $0.19 from pot
*** SUMMARY ***
Total pot $0.2 | Rake $0.01 | Jackpot $0 | Bingo $0 | Fortune $0 | Tax $0
Board [Ah 2s 4c Tc 5c]
Seat 1: 27c4d8ac (button) folded before Flop (didn't bet)
Seat 2: f7c409d2 (small blind) won ($0.19)
Seat 3: 2d65fc6c (big blind) folded on the River
Seat 4: Hero folded before Flop (didn't bet)
Seat 6: ce7fcc7e folded before Flop (didn't bet)


Poker Hand #HD1776492885: Hold'em No Limit ($0.05/$0.1) - 2024/05/17 15:03:20
Table 'NLHRed24' 6-max Seat #6 is the button
Seat 1: 27c4d8ac ($2.56 in chips)
Seat 2: f7c409d2 ($12.53 in chips)
Seat 3: 2d65fc6c ($10.36 in chips)
Seat 4: Hero ($17.84 in chips)
Seat 6: ce7fcc7e ($11.39 in chips)
27c4d8ac: posts small blind $0.05
f7c409d2: posts big blind $0.1
*** HOLE CARDS ***
Dealt to 27c4d8ac 
Dealt to f7c409d2 
Dealt to 2d65fc6c 
Dealt to Hero [6d 2c]
Dealt to ce7fcc7e 
2d65fc6c: raises $0.2 to $0.3
Hero: folds
ce7fcc7e: folds
27c4d8ac: calls $0.25
f7c409d2: folds
*** FLOP *** [7d 9s 7h]
27c4d8ac: checks
2d65fc6c: bets $0.35
27c4d8ac: calls $0.35
*** TURN *** [7d 9s 7h] [Td]
27c4d8ac: checks
2d65fc6c: checks
*** RIVER *** [7d 9s 7h Td] [9h]
27c4d8ac: bets $0.7
2d65fc6c: folds
Uncalled bet ($0.7) returned to 27c4d8ac
*** SHOWDOWN ***
27c4d8ac collected $1.33 from pot
*** SUMMARY ***
Total pot $1.4 | Rake $0.07 | Jackpot $0 | Bingo $0 | Fortune $0 | Tax $0
Board [7d 9s 7h Td 9h]
Seat 1: 27c4d8ac (small blind) won ($1.33)
Seat 2: f7c409d2 (big blind) folded before Flop
Seat 3: 2d65fc6c folded on the River
Seat 4: Hero folded before Flop (didn't bet)
Seat 6: ce7fcc7e (button) folded before Flop (didn't bet)


Poker Hand #HD1776492822: Hold'em No Limit ($0.05/$0.1) - 2024/05/17 15:02:44
Table 'NLHRed24' 6-max Seat #4 is the button
Seat 1: 27c4d8ac ($2.86 in chips)
Seat 2: f7c409d2 ($12.53 in chips)
Seat 3: 2d65fc6c ($10.36 in chips)
Seat 4: Hero ($17.84 in chips)
Seat 6: ce7fcc7e ($11.12 in chips)
ce7fcc7e: posts small blind $0.05
27c4d8ac: posts big blind $0.1
*** HOLE CARDS ***
Dealt to 27c4d8ac 
Dealt to f7c409d2 
Dealt to 2d65fc6c 
Dealt to Hero [7c 3c]
Dealt to ce7fcc7e 
f7c409d2: folds
2d65fc6c: folds
Hero: folds
ce7fcc7e: raises $0.2 to $0.3
27c4d8ac: calls $0.2
*** FLOP *** [5d Js Qh]
ce7fcc7e: bets $0.2
27c4d8ac: folds
Uncalled bet ($0.2) returned to ce7fcc7e
*** SHOWDOWN ***
ce7fcc7e collected $0.57 from pot
*** SUMMARY ***
Total pot $0.6 | Rake $0.03 | Jackpot $0 | Bingo $0 | Fortune $0 | Tax $0
Board [5d Js Qh]
Seat 1: 27c4d8ac (big blind) folded on the Flop
Seat 2: f7c409d2 folded before Flop (didn't bet)
Seat 3: 2d65fc6c folded before Flop (didn't bet)
Seat 4: Hero (button) folded before Flop (didn't bet)
Seat 6: ce7fcc7e (small blind) won ($0.57)


Poker Hand #HD1776492722: Hold'em No Limit ($0.05/$0.1) - 2024/05/17 15:01:45
Table 'NLHRed24' 6-max Seat #3 is the button
Seat 1: 27c4d8ac ($3.16 in chips)
Seat 2: f7c409d2 ($11.92 in chips)
Seat 3: 2d65fc6c ($10.36 in chips)
Seat 4: Hero ($17.89 in chips)
Seat 6: ce7fcc7e ($11.42 in chips)
Hero: posts small blind $0.05
ce7fcc7e: posts big blind $0.1
*** HOLE CARDS ***
Dealt to 27c4d8ac 
Dealt to f7c409d2 
Dealt to 2d65fc6c 
Dealt to Hero [Ad Js]
Dealt to ce7fcc7e 
27c4d8ac: calls $0.1
f7c409d2: raises $0.2 to $0.3
2d65fc6c: folds
Hero: folds
ce7fcc7e: calls $0.2
27c4d8ac: calls $0.2
*** FLOP *** [Ts 3d 2c]
ce7fcc7e: checks
27c4d8ac: checks
f7c409d2: bets $0.51
ce7fcc7e: folds
27c4d8ac: folds
Uncalled bet ($0.51) returned to f7c409d2
*** SHOWDOWN ***
f7c409d2 collected $0.91 from pot
*** SUMMARY ***
Total pot $0.95 | Rake $0.04 | Jackpot $0 | Bingo $0 | Fortune $0 | Tax $0
Board [Ts 3d 2c]
Seat 1: 27c4d8ac folded on the Flop
Seat 2: f7c409d2 won ($0.91)
Seat 3: 2d65fc6c (button) folded before Flop (didn't bet)
Seat 4: Hero (small blind) folded before Flop
Seat 6: ce7fcc7e (big blind) folded on the Flop


Poker Hand #HD1776492664: Hold'em No Limit ($0.05/$0.1) - 2024/05/17 15:01:08
Table 'NLHRed24' 6-max Seat #2 is the button
Seat 1: 27c4d8ac ($3.16 in chips)
Seat 2: f7c409d2 ($12.22 in chips)
Seat 3: 2d65fc6c ($10.41 in chips)
Seat 4: Hero ($17.57 in chips)
Seat 6: ce7fcc7e ($11.42 in chips)
2d65fc6c: posts small blind $0.05
Hero: posts big blind $0.1
*** HOLE CARDS ***
Dealt to 27c4d8ac 
Dealt to f7c409d2 
Dealt to 2d65fc6c 
Dealt to Hero [Ad Kd]
Dealt to ce7fcc7e 
ce7fcc7e: folds
27c4d8ac: folds
f7c409d2: raises $0.2 to $0.3
2d65fc6c: folds
Hero: raises $0.8 to $1.1
f7c409d2: folds
Uncalled bet ($0.8) returned to Hero
*** SHOWDOWN ***
Hero collected $0.62 from pot
*** SUMMARY ***
Total pot $0.65 | Rake $0.03 | Jackpot $0 | Bingo $0 | Fortune $0 | Tax $0
Seat 1: 27c4d8ac folded before Flop (didn't bet)
Seat 2: f7c409d2 (button) folded before Flop
Seat 3: 2d65fc6c (small blind) folded before Flop
Seat 4: Hero (big blind) collected ($0.62)
Seat 6: ce7fcc7e folded before Flop (didn't bet)


Poker Hand #HD1776492590: Hold'em No Limit ($0.05/$0.1) - 2024/05/17 15:00:30
Table 'NLHRed24' 6-max Seat #1 is the button
Seat 1: 27c4d8ac ($3.02 in chips)
Seat 2: f7c409d2 ($12.27 in chips)
Seat 3: 2d65fc6c ($10.51 in chips)
Seat 4: Hero ($17.57 in chips)
Seat 6: ce7fcc7e ($11.42 in chips)
f7c409d2: posts small blind $0.05
2d65fc6c: posts big blind $0.1
*** HOLE CARDS ***
Dealt to 27c4d8ac 
Dealt to f7c409d2 
Dealt to 2d65fc6c 
Dealt to Hero [7d 2c]
Dealt to ce7fcc7e 
Hero: folds
ce7fcc7e: folds
27c4d8ac: calls $0.1
f7c409d2: folds
2d65fc6c: checks
*** FLOP *** [9h 3s 5s]
2d65fc6c: checks
27c4d8ac: checks
*** TURN *** [9h 3s 5s] [Ac]
2d65fc6c: checks
27c4d8ac: checks
*** RIVER *** [9h 3s 5s Ac] [6s]
2d65fc6c: checks
27c4d8ac: bets $0.25
2d65fc6c: folds
Uncalled bet ($0.25) returned to 27c4d8ac
*** SHOWDOWN ***
27c4d8ac collected $0.24 from pot
*** SUMMARY ***
Total pot $0.25 | Rake $0.01 | Jackpot $0 | Bingo $0 | Fortune $0 | Tax $0
Board [9h 3s 5s Ac 6s]
Seat 1: 27c4d8ac (button) won ($0.24)
Seat 2: f7c409d2 (small blind) folded before Flop
Seat 3: 2d65fc6c (big blind) folded on the River
Seat 4: Hero folded before Flop (didn't bet)
Seat 6: ce7fcc7e folded before Flop (didn't bet)


Poker Hand #HD1776492476: Hold'em No Limit ($0.05/$0.1) - 2024/05/17 14:59:30
Table 'NLHRed24' 6-max Seat #6 is the button
Seat 1: 27c4d8ac ($1.58 in chips)
Seat 2: f7c409d2 ($12.37 in chips)
Seat 3: 2d65fc6c ($10.51 in chips)
Seat 4: Hero ($19.15 in chips)
Seat 6: ce7fcc7e ($11.42 in chips)
27c4d8ac: posts small blind $0.05
f7c409d2: posts big blind $0.1
*** HOLE CARDS ***
Dealt to 27c4d8ac 
Dealt to f7c409d2 
Dealt to 2d65fc6c 
Dealt to Hero [Ah 6h]
Dealt to ce7fcc7e 
2d65fc6c: folds
Hero: raises $0.1 to $0.2
ce7fcc7e: folds
27c4d8ac: calls $0.15
f7c409d2: folds
*** FLOP *** [As 3s Kd]
27c4d8ac: checks
Hero: bets $0.33
27c4d8ac: calls $0.33
*** TURN *** [As 3s Kd] [Kh]
27c4d8ac: checks
Hero: bets $1.16
27c4d8ac: calls $1.05 and is all-in
Uncalled bet ($0.11) returned to Hero
Hero: shows [Ah 6h] (Pair of Aces and Pair of Kings)
27c4d8ac: shows [Jc Kc] (Three Kings)
*** FIRST RIVER *** [As 3s Kd Kh] [5h]
*** SECOND RIVER *** [As 3s Kd Kh] [6c]
*** FIRST SHOWDOWN ***
27c4d8ac collected $1.51 from pot
*** SECOND SHOWDOWN ***
27c4d8ac collected $1.51 from pot
*** SUMMARY ***
Total pot $3.26 | Rake $0.14 | Jackpot $0.1 | Bingo $0 | Fortune $0 | Tax $0
Hand was run two times
FIRST Board [As 3s Kd Kh 5h]
SECOND Board [6c]
Seat 1: 27c4d8ac (small blind) showed [Jc Kc] and won ($1.51) with Three Kings, and won ($1.51)
Seat 2: f7c409d2 (big blind) folded before Flop
Seat 3: 2d65fc6c folded before Flop (didn't bet)
Seat 4: Hero showed [Ah 6h] and lost with Pair of Aces and Pair of Kings, and lost
Seat 6: ce7fcc7e (button) folded before Flop (didn't bet)


Poker Hand #HD1776492423: Hold'em No Limit ($0.05/$0.1) - 2024/05/17 14:58:59
Table 'NLHRed24' 6-max Seat #4 is the button
Seat 1: 27c4d8ac ($1.35 in chips)
Seat 2: f7c409d2 ($12.57 in chips)
Seat 3: 2d65fc6c ($10.51 in chips)
Seat 4: Hero ($19.15 in chips)
Seat 6: ce7fcc7e ($11.47 in chips)
ce7fcc7e: posts small blind $0.05
27c4d8ac: posts big blind $0.1
*** HOLE CARDS ***
Dealt to 27c4d8ac 
Dealt to f7c409d2 
Dealt to 2d65fc6c 
Dealt to Hero [3d 5h]
Dealt to ce7fcc7e 
f7c409d2: raises $0.1 to $0.2
2d65fc6c: folds
Hero: folds
ce7fcc7e: folds
27c4d8ac: calls $0.1
*** FLOP *** [8d Jc 9c]
27c4d8ac: bets $0.45
f7c409d2: folds
Uncalled bet ($0.45) returned to 27c4d8ac
*** SHOWDOWN ***
27c4d8ac collected $0.43 from pot
*** SUMMARY ***
Total pot $0.45 | Rake $0.02 | Jackpot $0 | Bingo $0 | Fortune $0 | Tax $0
Board [8d Jc 9c]
Seat 1: 27c4d8ac (big blind) won ($0.43)
Seat 2: f7c409d2 folded on the Flop
Seat 3: 2d65fc6c folded before Flop (didn't bet)
Seat 4: Hero (button) folded before Flop (didn't bet)
Seat 6: ce7fcc7e (small blind) folded before Flop


Poker Hand #HD1776492372: Hold'em No Limit ($0.05/$0.1) - 2024/05/17 14:58:35
Table 'NLHRed24' 6-max Seat #3 is the button
Seat 1: 27c4d8ac ($1.35 in chips)
Seat 2: f7c409d2 ($12.57 in chips)
Seat 3: 2d65fc6c ($10.51 in chips)
Seat 4: Hero ($19.05 in chips)
Seat 6: ce7fcc7e ($11.57 in chips)
Hero: posts small blind $0.05
ce7fcc7e: posts big blind $0.1
*** HOLE CARDS ***
Dealt to 27c4d8ac 
Dealt to f7c409d2 
Dealt to 2d65fc6c 
Dealt to Hero [5h 7h]
Dealt to ce7fcc7e 
27c4d8ac: folds
f7c409d2: folds
2d65fc6c: folds
Hero: raises $0.2 to $0.3
ce7fcc7e: folds
Uncalled bet ($0.2) returned to Hero
*** SHOWDOWN ***
Hero collected $0.2 from pot
*** SUMMARY ***
Total pot $0.2 | Rake $0 | Jackpot $0 | Bingo $0 | Fortune $0 | Tax $0
Seat 1: 27c4d8ac folded before Flop (didn't bet)
Seat 2: f7c409d2 folded before Flop (didn't bet)
Seat 3: 2d65fc6c (button) folded before Flop (didn't bet)
Seat 4: Hero (small blind) collected ($0.2)
Seat 6: ce7fcc7e (big blind) folded before Flop


Poker Hand #HD1776492291: Hold'em No Limit ($0.05/$0.1) - 2024/05/17 14:57:46
Table 'NLHRed24' 6-max Seat #2 is the button
Seat 1: 27c4d8ac ($1.35 in chips)
Seat 2: f7c409d2 ($12.57 in chips)
Seat 3: 2d65fc6c ($10.57 in chips)
Seat 4: Hero ($19.11 in chips)
Seat 6: ce7fcc7e ($11.57 in chips)
2d65fc6c: posts small blind $0.05
Hero: posts big blind $0.1
*** HOLE CARDS ***
Dealt to 27c4d8ac 
Dealt to f7c409d2 
Dealt to 2d65fc6c 
Dealt to Hero [Ad 2d]
Dealt to ce7fcc7e 
ce7fcc7e: folds
27c4d8ac: folds
f7c409d2: folds
2d65fc6c: raises $0.2 to $0.3
Hero: calls $0.2
*** FLOP *** [4c 9c Ah]
2d65fc6c: bets $0.3
Hero: calls $0.3
*** TURN *** [4c 9c Ah] [4d]
2d65fc6c: checks
Hero: checks
*** RIVER *** [4c 9c Ah 4d] [Kh]
2d65fc6c: bets $0.6
Hero: calls $0.6
2d65fc6c: shows [8d Ac] (Pair of Aces and Pair of Fours)
Hero: shows [Ad 2d] (Pair of Aces and Pair of Fours)
*** SHOWDOWN ***
2d65fc6c collected $1.14 from pot
Hero collected $1.14 from pot
*** SUMMARY ***
Total pot $2.4 | Rake $0.12 | Jackpot $0 | Bingo $0 | Fortune $0 | Tax $0
Board [4c 9c Ah 4d Kh]
Seat 1: 27c4d8ac folded before Flop (didn't bet)
Seat 2: f7c409d2 (button) folded before Flop (didn't bet)
Seat 3: 2d65fc6c (small blind) showed [8d Ac] and won ($1.14) with Pair of Aces and Pair of Fours
Seat 4: Hero (big blind) showed [Ad 2d] and won ($1.14) with Pair of Aces and Pair of Fours
Seat 6: ce7fcc7e folded before Flop (didn't bet)


Poker Hand #HD1776492221: Hold'em No Limit ($0.05/$0.1) - 2024/05/17 14:57:11
Table 'NLHRed24' 6-max Seat #1 is the button
Seat 1: 27c4d8ac ($1.35 in chips)
Seat 2: f7c409d2 ($12.48 in chips)
Seat 3: 2d65fc6c ($10.67 in chips)
Seat 4: Hero ($19.11 in chips)
Seat 6: ce7fcc7e ($11.57 in chips)
f7c409d2: posts small blind $0.05
2d65fc6c: posts big blind $0.1
*** HOLE CARDS ***
Dealt to 27c4d8ac 
Dealt to f7c409d2 
Dealt to 2d65fc6c 
Dealt to Hero [8h Ac]
Dealt to ce7fcc7e 
Hero: folds
ce7fcc7e: folds
27c4d8ac: folds
f7c409d2: calls $0.05
2d65fc6c: checks
*** FLOP *** [8c 7s Td]
f7c409d2: bets $0.11
2d65fc6c: folds
Uncalled bet ($0.11) returned to f7c409d2
*** SHOWDOWN ***
f7c409d2 collected $0.19 from pot
*** SUMMARY ***
Total pot $0.2 | Rake $0.01 | Jackpot $0 | Bingo $0 | Fortune $0 | Tax $0
Board [8c 7s Td]
Seat 1: 27c4d8ac (button) folded before Flop (didn't bet)
Seat 2: f7c409d2 (small blind) won ($0.19)
Seat 3: 2d65fc6c (big blind) folded on the Flop
Seat 4: Hero folded before Flop (didn't bet)
Seat 6: ce7fcc7e folded before Flop (didn't bet)


Poker Hand #HD1776492172: Hold'em No Limit ($0.05/$0.1) - 2024/05/17 14:56:38
Table 'NLHRed24' 6-max Seat #6 is the button
Seat 1: 27c4d8ac ($1.26 in chips)
Seat 2: f7c409d2 ($12.58 in chips)
Seat 3: 2d65fc6c ($10.67 in chips)
Seat 4: Hero ($19.11 in chips)
Seat 6: ce7fcc7e ($11.57 in chips)
27c4d8ac: posts small blind $0.05
f7c409d2: posts big blind $0.1
*** HOLE CARDS ***
Dealt to 27c4d8ac 
Dealt to f7c409d2 
Dealt to 2d65fc6c 
Dealt to Hero [8h Qc]
Dealt to ce7fcc7e 
2d65fc6c: folds
Hero: folds
ce7fcc7e: folds
27c4d8ac: calls $0.05
f7c409d2: checks
*** FLOP *** [Ah Ad Jd]
27c4d8ac: checks
f7c409d2: checks
*** TURN *** [Ah Ad Jd] [8s]
27c4d8ac: bets $0.2
f7c409d2: folds
Uncalled bet ($0.2) returned to 27c4d8ac
*** SHOWDOWN ***
27c4d8ac collected $0.19 from pot
*** SUMMARY ***
Total pot $0.2 | Rake $0.01 | Jackpot $0 | Bingo $0 | Fortune $0 | Tax $0
Board [Ah Ad Jd 8s]
Seat 1: 27c4d8ac (small blind) won ($0.19)
Seat 2: f7c409d2 (big blind) folded on the Turn
Seat 3: 2d65fc6c folded before Flop (didn't bet)
Seat 4: Hero folded before Flop (didn't bet)
Seat 6: ce7fcc7e (button) folded before Flop (didn't bet)


Poker Hand #HD1776492082: Hold'em No Limit ($0.05/$0.1) - 2024/05/17 14:55:50
Table 'NLHRed24' 6-max Seat #5 is the button
Seat 1: 27c4d8ac ($1.03 in chips)
Seat 2: f7c409d2 ($12.78 in chips)
Seat 3: 2d65fc6c ($10.67 in chips)
Seat 4: Hero ($19.11 in chips)
Seat 5: fa826c17 ($3.53 in chips)
Seat 6: ce7fcc7e ($11.62 in chips)
ce7fcc7e: posts small blind $0.05
27c4d8ac: posts big blind $0.1
*** HOLE CARDS ***
Dealt to 27c4d8ac 
Dealt to f7c409d2 
Dealt to 2d65fc6c 
Dealt to Hero [8d 4h]
Dealt to fa826c17 
Dealt to ce7fcc7e 
f7c409d2: raises $0.1 to $0.2
2d65fc6c: folds
Hero: folds
fa826c17: folds
ce7fcc7e: folds
27c4d8ac: calls $0.1
*** FLOP *** [9d 3h 2s]
27c4d8ac: bets $0.45
f7c409d2: folds
Uncalled bet ($0.45) returned to 27c4d8ac
*** SHOWDOWN ***
27c4d8ac collected $0.43 from pot
*** SUMMARY ***
Total pot $0.45 | Rake $0.02 | Jackpot $0 | Bingo $0 | Fortune $0 | Tax $0
Board [9d 3h 2s]
Seat 1: 27c4d8ac (big blind) won ($0.43)
Seat 2: f7c409d2 folded on the Flop
Seat 3: 2d65fc6c folded before Flop (didn't bet)
Seat 4: Hero folded before Flop (didn't bet)
Seat 5: fa826c17 (button) folded before Flop (didn't bet)
Seat 6: ce7fcc7e (small blind) folded before Flop


Poker Hand #HD1776491998: Hold'em No Limit ($0.05/$0.1) - 2024/05/17 14:54:55
Table 'NLHRed24' 6-max Seat #4 is the button
Seat 1: 27c4d8ac ($1.13 in chips)
Seat 2: f7c409d2 ($12.78 in chips)
Seat 3: 2d65fc6c ($10.67 in chips)
Seat 4: Hero ($19.11 in chips)
Seat 5: fa826c17 ($3.63 in chips)
Seat 6: ce7fcc7e ($11.43 in chips)
fa826c17: posts small blind $0.05
ce7fcc7e: posts big blind $0.1
*** HOLE CARDS ***
Dealt to 27c4d8ac 
Dealt to f7c409d2 
Dealt to 2d65fc6c 
Dealt to Hero [6c 9h]
Dealt to fa826c17 
Dealt to ce7fcc7e 
27c4d8ac: calls $0.1
f7c409d2: folds
2d65fc6c: folds
Hero: folds
fa826c17: calls $0.05
ce7fcc7e: checks
*** FLOP *** [4c 6s 2d]
fa826c17: checks
ce7fcc7e: bets $0.2
27c4d8ac: folds
fa826c17: folds
Uncalled bet ($0.2) returned to ce7fcc7e
*** SHOWDOWN ***
ce7fcc7e collected $0.29 from pot
*** SUMMARY ***
Total pot $0.3 | Rake $0.01 | Jackpot $0 | Bingo $0 | Fortune $0 | Tax $0
Board [4c 6s 2d]
Seat 1: 27c4d8ac folded on the Flop
Seat 2: f7c409d2 folded before Flop (didn't bet)
Seat 3: 2d65fc6c folded before Flop (didn't bet)
Seat 4: Hero (button) folded before Flop (didn't bet)
Seat 5: fa826c17 (small blind) folded on the Flop
Seat 6: ce7fcc7e (big blind) won ($0.29)


Poker Hand #HD1776491880: Hold'em No Limit ($0.05/$0.1) - 2024/05/17 14:53:46
Table 'NLHRed24' 6-max Seat #3 is the button
Seat 1: 27c4d8ac ($2.04 in chips)
Seat 2: f7c409d2 ($11.81 in chips)
Seat 3: 2d65fc6c ($10.67 in chips)
Seat 4: Hero ($19.16 in chips)
Seat 5: fa826c17 ($3.73 in chips)
Seat 6: ce7fcc7e ($11.43 in chips)
Hero: posts small blind $0.05
fa826c17: posts big blind $0.1
*** HOLE CARDS ***
Dealt to 27c4d8ac 
Dealt to f7c409d2 
Dealt to 2d65fc6c 
Dealt to Hero [Ks 3d]
Dealt to fa826c17 
Dealt to ce7fcc7e 
ce7fcc7e: folds
27c4d8ac: calls $0.1
f7c409d2: raises $0.3 to $0.4
2d65fc6c: folds
Hero: folds
fa826c17: folds
27c4d8ac: calls $0.3
*** FLOP *** [6s 7h Kd]
27c4d8ac: checks
f7c409d2: bets $0.51
27c4d8ac: calls $0.51
*** TURN *** [6s 7h Kd] [6d]
27c4d8ac: checks
f7c409d2: checks
*** RIVER *** [6s 7h Kd 6d] [Qh]
27c4d8ac: checks
f7c409d2: checks
27c4d8ac: shows [Td 9d] (Pair of Sixes)
f7c409d2: shows [2d 2s] (Pair of Sixes and Pair of Twos)
*** SHOWDOWN ***
f7c409d2 collected $1.88 from pot
*** SUMMARY ***
Total pot $1.97 | Rake $0.09 | Jackpot $0 | Bingo $0 | Fortune $0 | Tax $0
Board [6s 7h Kd 6d Qh]
Seat 1: 27c4d8ac showed [Td 9d] and lost with Pair of Sixes
Seat 2: f7c409d2 showed [2d 2s] and won ($1.88) with Pair of Sixes and Pair of Twos
Seat 3: 2d65fc6c (button) folded before Flop (didn't bet)
Seat 4: Hero (small blind) folded before Flop
Seat 5: fa826c17 (big blind) folded before Flop
Seat 6: ce7fcc7e folded before Flop (didn't bet)


Poker Hand #HD1776491798: Hold'em No Limit ($0.05/$0.1) - 2024/05/17 14:52:51
Table 'NLHRed24' 6-max Seat #2 is the button
Seat 1: 27c4d8ac ($2.14 in chips)
Seat 2: f7c409d2 ($11.81 in chips)
Seat 3: 2d65fc6c ($10.72 in chips)
Seat 4: Hero ($19.02 in chips)
Seat 5: fa826c17 ($3.73 in chips)
Seat 6: ce7fcc7e ($11.43 in chips)
2d65fc6c: posts small blind $0.05
Hero: posts big blind $0.1
*** HOLE CARDS ***
Dealt to 27c4d8ac 
Dealt to f7c409d2 
Dealt to 2d65fc6c 
Dealt to Hero [8d Qh]
Dealt to fa826c17 
Dealt to ce7fcc7e 
fa826c17: folds
ce7fcc7e: folds
27c4d8ac: calls $0.1
f7c409d2: folds
2d65fc6c: folds
Hero: checks
*** FLOP *** [8s 4h Jc]
Hero: checks
27c4d8ac: checks
*** TURN *** [8s 4h Jc] [Th]
Hero: checks
27c4d8ac: checks
*** RIVER *** [8s 4h Jc Th] [4s]
Hero: checks
27c4d8ac: checks
Hero: shows [8d Qh] (Pair of Eights and Pair of Fours)
27c4d8ac: shows [2s Ad] (Pair of Fours)
*** SHOWDOWN ***
Hero collected $0.24 from pot
*** SUMMARY ***
Total pot $0.25 | Rake $0.01 | Jackpot $0 | Bingo $0 | Fortune $0 | Tax $0
Board [8s 4h Jc Th 4s]
Seat 1: 27c4d8ac showed [2s Ad] and lost with Pair of Fours
Seat 2: f7c409d2 (button) folded before Flop (didn't bet)
Seat 3: 2d65fc6c (small blind) folded before Flop
Seat 4: Hero (big blind) showed [8d Qh] and won ($0.24) with Pair of Eights and Pair of Fours
Seat 5: fa826c17 folded before Flop (didn't bet)
Seat 6: ce7fcc7e folded before Flop (didn't bet)


Poker Hand #HD1776491692: Hold'em No Limit ($0.05/$0.1) - 2024/05/17 14:51:53
Table 'NLHRed24' 6-max Seat #1 is the button
Seat 1: 27c4d8ac ($2 in chips)
Seat 2: f7c409d2 ($11.86 in chips)
Seat 3: 2d65fc6c ($10.82 in chips)
Seat 4: Hero ($19.02 in chips)
Seat 5: fa826c17 ($3.73 in chips)
Seat 6: ce7fcc7e ($11.43 in chips)
f7c409d2: posts small blind $0.05
2d65fc6c: posts big blind $0.1
*** HOLE CARDS ***
Dealt to 27c4d8ac 
Dealt to f7c409d2 
Dealt to 2d65fc6c 
Dealt to Hero [8h 5h]
Dealt to fa826c17 
Dealt to ce7fcc7e 
Hero: folds
fa826c17: folds
ce7fcc7e: folds
27c4d8ac: calls $0.1
f7c409d2: folds
2d65fc6c: checks
*** FLOP *** [2s 4s 9s]
2d65fc6c: checks
27c4d8ac: checks
*** TURN *** [2s 4s 9s] [6s]
2d65fc6c: checks
27c4d8ac: bets $0.25
2d65fc6c: folds
Uncalled bet ($0.25) returned to 27c4d8ac
*** SHOWDOWN ***
27c4d8ac collected $0.24 from pot
*** SUMMARY ***
Total pot $0.25 | Rake $0.01 | Jackpot $0 | Bingo $0 | Fortune $0 | Tax $0
Board [2s 4s 9s 6s]
Seat 1: 27c4d8ac (button) won ($0.24)
Seat 2: f7c409d2 (small blind) folded before Flop
Seat 3: 2d65fc6c (big blind) folded on the Turn
Seat 4: Hero folded before Flop (didn't bet)
Seat 5: fa826c17 folded before Flop (didn't bet)
Seat 6: ce7fcc7e folded before Flop (didn't bet)


Poker Hand #HD1776491505: Hold'em No Limit ($0.05/$0.1) - 2024/05/17 14:50:06
Table 'NLHRed24' 6-max Seat #6 is the button
Seat 1: 27c4d8ac ($1.9 in chips)
Seat 2: f7c409d2 ($10 in chips)
Seat 3: 2d65fc6c ($10.82 in chips)
Seat 4: Hero ($19.02 in chips)
Seat 5: fa826c17 ($3.73 in chips)
Seat 6: ce7fcc7e ($11.68 in chips)
27c4d8ac: posts small blind $0.05
f7c409d2: posts big blind $0.1
*** HOLE CARDS ***
Dealt to 27c4d8ac 
Dealt to f7c409d2 
Dealt to 2d65fc6c 
Dealt to Hero [Ts 5s]
Dealt to fa826c17 
Dealt to ce7fcc7e 
2d65fc6c: folds
Hero: folds
fa826c17: folds
ce7fcc7e: raises $0.15 to $0.25
27c4d8ac: calls $0.2
f7c409d2: calls $0.15
*** FLOP *** [3h Kh 8d]
27c4d8ac: bets $0.75
f7c409d2: calls $0.75
ce7fcc7e: folds
*** TURN *** [3h Kh 8d] [3c]
27c4d8ac: checks
f7c409d2: bets $2.25
27c4d8ac: calls $0.9 and is all-in
Uncalled bet ($1.35) returned to f7c409d2
f7c409d2: shows [Td Ks] (Pair of Kings and Pair of Treys)
27c4d8ac: shows [Qd 8s] (Pair of Eights and Pair of Treys)
*** RIVER *** [3h Kh 8d 3c] [9c]
*** SHOWDOWN ***
f7c409d2 collected $3.76 from pot
*** SUMMARY ***
Total pot $4.05 | Rake $0.19 | Jackpot $0.1 | Bingo $0 | Fortune $0 | Tax $0
Board [3h Kh 8d 3c 9c]
Seat 1: 27c4d8ac (small blind) showed [Qd 8s] and lost with Pair of Eights and Pair of Treys
Seat 2: f7c409d2 (big blind) showed [Td Ks] and won ($3.76) with Pair of Kings and Pair of Treys
Seat 3: 2d65fc6c folded before Flop (didn't bet)
Seat 4: Hero folded before Flop (didn't bet)
Seat 5: fa826c17 folded before Flop (didn't bet)
Seat 6: ce7fcc7e (button) folded on the Flop


Poker Hand #HD1776491435: Hold'em No Limit ($0.05/$0.1) - 2024/05/17 14:49:22
Table 'NLHRed24' 6-max Seat #5 is the button
Seat 1: 27c4d8ac ($2 in chips)
Seat 3: 2d65fc6c ($10.82 in chips)
Seat 4: Hero ($19.84 in chips)
Seat 5: fa826c17 ($3.73 in chips)
Seat 6: ce7fcc7e ($10.84 in chips)
ce7fcc7e: posts small blind $0.05
27c4d8ac: posts big blind $0.1
*** HOLE CARDS ***
Dealt to 27c4d8ac 
Dealt to 2d65fc6c 
Dealt to Hero [Jh Jd]
Dealt to fa826c17 
Dealt to ce7fcc7e 
2d65fc6c: folds
Hero: raises $0.14 to $0.24
fa826c17: folds
ce7fcc7e: raises $0.58 to $0.82
27c4d8ac: folds
Hero: calls $0.58
*** FLOP *** [Tc 7c Ac]
ce7fcc7e: bets $0.8
Hero: folds
Uncalled bet ($0.8) returned to ce7fcc7e
*** SHOWDOWN ***
ce7fcc7e collected $1.66 from pot
*** SUMMARY ***
Total pot $1.74 | Rake $0.08 | Jackpot $0 | Bingo $0 | Fortune $0 | Tax $0
Board [Tc 7c Ac]
Seat 1: 27c4d8ac (big blind) folded before Flop
Seat 3: 2d65fc6c folded before Flop (didn't bet)
Seat 4: Hero folded on the Flop
Seat 5: fa826c17 (button) folded before Flop (didn't bet)
Seat 6: ce7fcc7e (small blind) won ($1.66)


Poker Hand #HD1776491391: Hold'em No Limit ($0.05/$0.1) - 2024/05/17 14:48:59
Table 'NLHRed24' 6-max Seat #4 is the button
Seat 3: 2d65fc6c ($10.67 in chips)
Seat 4: Hero ($19.84 in chips)
Seat 5: fa826c17 ($3.78 in chips)
Seat 6: ce7fcc7e ($10.94 in chips)
fa826c17: posts small blind $0.05
ce7fcc7e: posts big blind $0.1
*** HOLE CARDS ***
Dealt to 2d65fc6c 
Dealt to Hero [9c Ks]
Dealt to fa826c17 
Dealt to ce7fcc7e 
2d65fc6c: raises $0.2 to $0.3
Hero: folds
fa826c17: folds
ce7fcc7e: folds
Uncalled bet ($0.2) returned to 2d65fc6c
*** SHOWDOWN ***
2d65fc6c collected $0.25 from pot
*** SUMMARY ***
Total pot $0.25 | Rake $0 | Jackpot $0 | Bingo $0 | Fortune $0 | Tax $0
Seat 3: 2d65fc6c collected ($0.25)
Seat 4: Hero (button) folded before Flop (didn't bet)
Seat 5: fa826c17 (small blind) folded before Flop
Seat 6: ce7fcc7e (big blind) folded before Flop


Poker Hand #HD1776491324: Hold'em No Limit ($0.05/$0.1) - 2024/05/17 14:48:23
Table 'NLHRed24' 6-max Seat #3 is the button
Seat 2: 9aef18ab ($10.05 in chips)
Seat 3: 2d65fc6c ($10.67 in chips)
Seat 4: Hero ($19.74 in chips)
Seat 5: fa826c17 ($3.88 in chips)
Seat 6: ce7fcc7e ($10.94 in chips)
Hero: posts small blind $0.05
fa826c17: posts big blind $0.1
*** HOLE CARDS ***
Dealt to 9aef18ab 
Dealt to 2d65fc6c 
Dealt to Hero [Kh Ks]
Dealt to fa826c17 
Dealt to ce7fcc7e 
ce7fcc7e: folds
9aef18ab: folds
2d65fc6c: folds
Hero: raises $0.2 to $0.3
fa826c17: folds
Uncalled bet ($0.2) returned to Hero
*** SHOWDOWN ***
Hero collected $0.2 from pot
*** SUMMARY ***
Total pot $0.2 | Rake $0 | Jackpot $0 | Bingo $0 | Fortune $0 | Tax $0
Seat 2: 9aef18ab folded before Flop (didn't bet)
Seat 3: 2d65fc6c (button) folded before Flop (didn't bet)
Seat 4: Hero (small blind) collected ($0.2)
Seat 5: fa826c17 (big blind) folded before Flop
Seat 6: ce7fcc7e folded before Flop (didn't bet)


Poker Hand #HD1776491267: Hold'em No Limit ($0.05/$0.1) - 2024/05/17 14:47:57
Table 'NLHRed24' 6-max Seat #2 is the button
Seat 2: 9aef18ab ($10.05 in chips)
Seat 3: 2d65fc6c ($10.72 in chips)
Seat 4: Hero ($19.69 in chips)
Seat 5: fa826c17 ($3.88 in chips)
Seat 6: ce7fcc7e ($10.94 in chips)
2d65fc6c: posts small blind $0.05
Hero: posts big blind $0.1
*** HOLE CARDS ***
Dealt to 9aef18ab 
Dealt to 2d65fc6c 
Dealt to Hero [4s 2h]
Dealt to fa826c17 
Dealt to ce7fcc7e 
fa826c17: folds
ce7fcc7e: folds
9aef18ab: folds
2d65fc6c: folds
Uncalled bet ($0.05) returned to Hero
*** SHOWDOWN ***
Hero collected $0.1 from pot
*** SUMMARY ***
Total pot $0.1 | Rake $0 | Jackpot $0 | Bingo $0 | Fortune $0 | Tax $0
Seat 2: 9aef18ab (button) folded before Flop (didn't bet)
Seat 3: 2d65fc6c (small blind) folded before Flop
Seat 4: Hero (big blind) collected ($0.1)
Seat 5: fa826c17 folded before Flop (didn't bet)
Seat 6: ce7fcc7e folded before Flop (didn't bet)


Poker Hand #HD1776491163: Hold'em No Limit ($0.05/$0.1) - 2024/05/17 14:46:53
Table 'NLHRed24' 6-max Seat #6 is the button
Seat 1: 4a84bcf2 ($12.99 in chips)
Seat 2: 9aef18ab ($10.15 in chips)
Seat 3: 2d65fc6c ($10.35 in chips)
Seat 4: Hero ($19.69 in chips)
Seat 5: fa826c17 ($4.13 in chips)
Seat 6: ce7fcc7e ($10.94 in chips)
4a84bcf2: posts small blind $0.05
9aef18ab: posts big blind $0.1
*** HOLE CARDS ***
Dealt to 4a84bcf2 
Dealt to 9aef18ab 
Dealt to 2d65fc6c 
Dealt to Hero [3s 4s]
Dealt to fa826c17 
Dealt to ce7fcc7e 
2d65fc6c: raises $0.15 to $0.25
Hero: folds
fa826c17: calls $0.25
ce7fcc7e: folds
4a84bcf2: folds
9aef18ab: folds
*** FLOP *** [Tc 5d Ad]
2d65fc6c: checks
fa826c17: checks
*** TURN *** [Tc 5d Ad] [9c]
2d65fc6c: checks
fa826c17: checks
*** RIVER *** [Tc 5d Ad 9c] [5s]
2d65fc6c: checks
fa826c17: checks
2d65fc6c: shows [6h 6s] (Pair of Sixes and Pair of Fives)
fa826c17: shows [2h 2s] (Pair of Fives and Pair of Twos)
*** SHOWDOWN ***
2d65fc6c collected $0.62 from pot
*** SUMMARY ***
Total pot $0.65 | Rake $0.03 | Jackpot $0 | Bingo $0 | Fortune $0 | Tax $0
Board [Tc 5d Ad 9c 5s]
Seat 1: 4a84bcf2 (small blind) folded before Flop
Seat 2: 9aef18ab (big blind) folded before Flop
Seat 3: 2d65fc6c showed [6h 6s] and won ($0.62) with Pair of Sixes and Pair of Fives
Seat 4: Hero folded before Flop (didn't bet)
Seat 5: fa826c17 showed [2h 2s] and lost with Pair of Fives and Pair of Twos
Seat 6: ce7fcc7e (button) folded before Flop (didn't bet)


Poker Hand #HD1776491021: Hold'em No Limit ($0.05/$0.1) - 2024/05/17 14:45:37
Table 'NLHRed24' 6-max Seat #5 is the button
Seat 1: 4a84bcf2 ($12.54 in chips)
Seat 2: 9aef18ab ($10.15 in chips)
Seat 3: 2d65fc6c ($10.35 in chips)
Seat 4: Hero ($20.13 in chips)
Seat 5: fa826c17 ($4.13 in chips)
Seat 6: ce7fcc7e ($10.99 in chips)
ce7fcc7e: posts small blind $0.05
4a84bcf2: posts big blind $0.1
*** HOLE CARDS ***
Dealt to 4a84bcf2 
Dealt to 9aef18ab 
Dealt to 2d65fc6c 
Dealt to Hero [6h 6c]
Dealt to fa826c17 
Dealt to ce7fcc7e 
9aef18ab: folds
2d65fc6c: folds
Hero: raises $0.14 to $0.24
fa826c17: folds
ce7fcc7e: folds
4a84bcf2: calls $0.14
*** FLOP *** [5c Ts 4h]
4a84bcf2: checks
Hero: bets $0.2
4a84bcf2: calls $0.2
*** TURN *** [5c Ts 4h] [3h]
4a84bcf2: checks
Hero: checks
*** RIVER *** [5c Ts 4h 3h] [Qd]
4a84bcf2: checks
Hero: checks
4a84bcf2: shows [Td 8d] (Pair of Tens)
Hero: shows [6h 6c] (Pair of Sixes)
*** SHOWDOWN ***
4a84bcf2 collected $0.89 from pot
*** SUMMARY ***
Total pot $0.93 | Rake $0.04 | Jackpot $0 | Bingo $0 | Fortune $0 | Tax $0
Board [5c Ts 4h 3h Qd]
Seat 1: 4a84bcf2 (big blind) showed [Td 8d] and won ($0.89) with Pair of Tens
Seat 2: 9aef18ab folded before Flop (didn't bet)
Seat 3: 2d65fc6c folded before Flop (didn't bet)
Seat 4: Hero showed [6h 6c] and lost with Pair of Sixes
Seat 5: fa826c17 (button) folded before Flop (didn't bet)
Seat 6: ce7fcc7e (small blind) folded before Flop


Poker Hand #HD1776490908: Hold'em No Limit ($0.05/$0.1) - 2024/05/17 14:44:43
Table 'NLHRed24' 6-max Seat #4 is the button
Seat 1: 4a84bcf2 ($12.79 in chips)
Seat 2: 9aef18ab ($10.15 in chips)
Seat 3: 2d65fc6c ($9.98 in chips)
Seat 4: Hero ($20.13 in chips)
Seat 5: fa826c17 ($4.18 in chips)
Seat 6: ce7fcc7e ($11.09 in chips)
fa826c17: posts small blind $0.05
ce7fcc7e: posts big blind $0.1
*** HOLE CARDS ***
Dealt to 4a84bcf2 
Dealt to 9aef18ab 
Dealt to 2d65fc6c 
Dealt to Hero [Kc 8s]
Dealt to fa826c17 
Dealt to ce7fcc7e 
4a84bcf2: raises $0.15 to $0.25
9aef18ab: folds
2d65fc6c: raises $0.55 to $0.8
Hero: folds
fa826c17: folds
ce7fcc7e: folds
4a84bcf2: folds
Uncalled bet ($0.55) returned to 2d65fc6c
*** SHOWDOWN ***
2d65fc6c collected $0.62 from pot
*** SUMMARY ***
Total pot $0.65 | Rake $0.03 | Jackpot $0 | Bingo $0 | Fortune $0 | Tax $0
Seat 1: 4a84bcf2 folded before Flop
Seat 2: 9aef18ab folded before Flop (didn't bet)
Seat 3: 2d65fc6c collected ($0.62)
Seat 4: Hero (button) folded before Flop (didn't bet)
Seat 5: fa826c17 (small blind) folded before Flop
Seat 6: ce7fcc7e (big blind) folded before Flop


Poker Hand #HD1776490832: Hold'em No Limit ($0.05/$0.1) - 2024/05/17 14:44:01
Table 'NLHRed24' 6-max Seat #3 is the button
Seat 1: 4a84bcf2 ($12.79 in chips)
Seat 2: 9aef18ab ($10 in chips)
Seat 3: 2d65fc6c ($9.98 in chips)
Seat 4: Hero ($20.18 in chips)
Seat 5: fa826c17 ($4.28 in chips)
Seat 6: ce7fcc7e ($11.09 in chips)
Hero: posts small blind $0.05
fa826c17: posts big blind $0.1
*** HOLE CARDS ***
Dealt to 4a84bcf2 
Dealt to 9aef18ab 
Dealt to 2d65fc6c 
Dealt to Hero [Qd Ts]
Dealt to fa826c17 
Dealt to ce7fcc7e 
ce7fcc7e: folds
4a84bcf2: folds
9aef18ab: raises $0.1 to $0.2
2d65fc6c: folds
Hero: folds
fa826c17: folds
Uncalled bet ($0.1) returned to 9aef18ab
*** SHOWDOWN ***
9aef18ab collected $0.25 from pot
*** SUMMARY ***
Total pot $0.25 | Rake $0 | Jackpot $0 | Bingo $0 | Fortune $0 | Tax $0
Seat 1: 4a84bcf2 folded before Flop (didn't bet)
Seat 2: 9aef18ab collected ($0.25)
Seat 3: 2d65fc6c (button) folded before Flop (didn't bet)
Seat 4: Hero (small blind) folded before Flop
Seat 5: fa826c17 (big blind) folded before Flop
Seat 6: ce7fcc7e folded before Flop (didn't bet)


Poker Hand #HD1776490733: Hold'em No Limit ($0.05/$0.1) - 2024/05/17 14:43:05
Table 'NLHRed24' 6-max Seat #2 is the button
Seat 1: 4a84bcf2 ($12.79 in chips)
Seat 2: 9aef18ab ($10 in chips)
Seat 3: 2d65fc6c ($10.03 in chips)
Seat 4: Hero ($20.04 in chips)
Seat 5: fa826c17 ($4.38 in chips)
Seat 6: ce7fcc7e ($11.09 in chips)
2d65fc6c: posts small blind $0.05
Hero: posts big blind $0.1
*** HOLE CARDS ***
Dealt to 4a84bcf2 
Dealt to 9aef18ab 
Dealt to 2d65fc6c 
Dealt to Hero [Ts 6d]
Dealt to fa826c17 
Dealt to ce7fcc7e 
fa826c17: calls $0.1
ce7fcc7e: folds
4a84bcf2: folds
9aef18ab: folds
2d65fc6c: folds
Hero: checks
*** FLOP *** [6c 5d Ac]
Hero: checks
fa826c17: checks
*** TURN *** [6c 5d Ac] [Kd]
Hero: checks
fa826c17: checks
*** RIVER *** [6c 5d Ac Kd] [Td]
Hero: bets $0.17
fa826c17: folds
Uncalled bet ($0.17) returned to Hero
*** SHOWDOWN ***
Hero collected $0.24 from pot
*** SUMMARY ***
Total pot $0.25 | Rake $0.01 | Jackpot $0 | Bingo $0 | Fortune $0 | Tax $0
Board [6c 5d Ac Kd Td]
Seat 1: 4a84bcf2 folded before Flop (didn't bet)
Seat 2: 9aef18ab (button) folded before Flop (didn't bet)
Seat 3: 2d65fc6c (small blind) folded before Flop
Seat 4: Hero (big blind) won ($0.24)
Seat 5: fa826c17 folded on the River
Seat 6: ce7fcc7e folded before Flop (didn't bet)


Poker Hand #HD1776490605: Hold'em No Limit ($0.05/$0.1) - 2024/05/17 14:41:54
Table 'NLHRed24' 6-max Seat #1 is the button
Seat 1: 4a84bcf2 ($12.79 in chips)
Seat 2: 9aef18ab ($10 in chips)
Seat 3: 2d65fc6c ($9.8 in chips)
Seat 4: Hero ($20.24 in chips)
Seat 5: fa826c17 ($4.38 in chips)
Seat 6: ce7fcc7e ($11.09 in chips)
9aef18ab: posts small blind $0.05
2d65fc6c: posts big blind $0.1
*** HOLE CARDS ***
Dealt to 4a84bcf2 
Dealt to 9aef18ab 
Dealt to 2d65fc6c 
Dealt to Hero [Jh Js]
Dealt to fa826c17 
Dealt to ce7fcc7e 
Hero: raises $0.1 to $0.2
fa826c17: folds
ce7fcc7e: folds
4a84bcf2: folds
9aef18ab: folds
2d65fc6c: calls $0.1
*** FLOP *** [Ts Th As]
2d65fc6c: checks
Hero: checks
*** TURN *** [Ts Th As] [Kd]
2d65fc6c: checks
Hero: checks
*** RIVER *** [Ts Th As Kd] [7h]
2d65fc6c: bets $0.34
Hero: folds
Uncalled bet ($0.34) returned to 2d65fc6c
*** SHOWDOWN ***
2d65fc6c collected $0.43 from pot
*** SUMMARY ***
Total pot $0.45 | Rake $0.02 | Jackpot $0 | Bingo $0 | Fortune $0 | Tax $0
Board [Ts Th As Kd 7h]
Seat 1: 4a84bcf2 (button) folded before Flop (didn't bet)
Seat 2: 9aef18ab (small blind) folded before Flop
Seat 3: 2d65fc6c (big blind) won ($0.43)
Seat 4: Hero folded on the River
Seat 5: fa826c17 folded before Flop (didn't bet)
Seat 6: ce7fcc7e folded before Flop (didn't bet)


Poker Hand #HD1776490567: Hold'em No Limit ($0.05/$0.1) - 2024/05/17 14:41:31
Table 'NLHRed24' 6-max Seat #6 is the button
Seat 1: 4a84bcf2 ($12.84 in chips)
Seat 2: 9aef18ab ($10 in chips)
Seat 3: 2d65fc6c ($9.8 in chips)
Seat 4: Hero ($20.24 in chips)
Seat 5: fa826c17 ($4.38 in chips)
Seat 6: ce7fcc7e ($10.94 in chips)
4a84bcf2: posts small blind $0.05
9aef18ab: posts big blind $0.1
*** HOLE CARDS ***
Dealt to 4a84bcf2 
Dealt to 9aef18ab 
Dealt to 2d65fc6c 
Dealt to Hero [7s 5s]
Dealt to fa826c17 
Dealt to ce7fcc7e 
2d65fc6c: folds
Hero: folds
fa826c17: folds
ce7fcc7e: raises $0.15 to $0.25
4a84bcf2: folds
9aef18ab: folds
Uncalled bet ($0.15) returned to ce7fcc7e
*** SHOWDOWN ***
ce7fcc7e collected $0.25 from pot
*** SUMMARY ***
Total pot $0.25 | Rake $0 | Jackpot $0 | Bingo $0 | Fortune $0 | Tax $0
Seat 1: 4a84bcf2 (small blind) folded before Flop
Seat 2: 9aef18ab (big blind) folded before Flop
Seat 3: 2d65fc6c folded before Flop (didn't bet)
Seat 4: Hero folded before Flop (didn't bet)
Seat 5: fa826c17 folded before Flop (didn't bet)
Seat 6: ce7fcc7e (button) collected ($0.25)


Poker Hand #HD1776490471: Hold'em No Limit ($0.05/$0.1) - 2024/05/17 14:40:34
Table 'NLHRed24' 6-max Seat #5 is the button
Seat 1: 4a84bcf2 ($12.94 in chips)
Seat 2: 9aef18ab ($10 in chips)
Seat 3: 2d65fc6c ($9.8 in chips)
Seat 4: Hero ($20.24 in chips)
Seat 5: fa826c17 ($4.24 in chips)
Seat 6: ce7fcc7e ($10.99 in chips)
ce7fcc7e: posts small blind $0.05
4a84bcf2: posts big blind $0.1
*** HOLE CARDS ***
Dealt to 4a84bcf2 
Dealt to 9aef18ab 
Dealt to 2d65fc6c 
Dealt to Hero [9s 7h]
Dealt to fa826c17 
Dealt to ce7fcc7e 
9aef18ab: folds
2d65fc6c: folds
Hero: folds
fa826c17: calls $0.1
ce7fcc7e: folds
4a84bcf2: checks
*** FLOP *** [3h 7d Ac]
4a84bcf2: checks
fa826c17: checks
*** TURN *** [3h 7d Ac] [4s]
4a84bcf2: checks
fa826c17: bets $0.13
4a84bcf2: folds
Uncalled bet ($0.13) returned to fa826c17
*** SHOWDOWN ***
fa826c17 collected $0.24 from pot
*** SUMMARY ***
Total pot $0.25 | Rake $0.01 | Jackpot $0 | Bingo $0 | Fortune $0 | Tax $0
Board [3h 7d Ac 4s]
Seat 1: 4a84bcf2 (big blind) folded on the Turn
Seat 2: 9aef18ab folded before Flop (didn't bet)
Seat 3: 2d65fc6c folded before Flop (didn't bet)
Seat 4: Hero folded before Flop (didn't bet)
Seat 5: fa826c17 (button) won ($0.24)
Seat 6: ce7fcc7e (small blind) folded before Flop


Poker Hand #HD1776490434: Hold'em No Limit ($0.05/$0.1) - 2024/05/17 14:40:15
Table 'NLHRed24' 6-max Seat #4 is the button
Seat 1: 4a84bcf2 ($12.94 in chips)
Seat 2: 9aef18ab ($10 in chips)
Seat 3: 2d65fc6c ($9.8 in chips)
Seat 4: Hero ($20.24 in chips)
Seat 5: fa826c17 ($4.29 in chips)
Seat 6: ce7fcc7e ($10.94 in chips)
fa826c17: posts small blind $0.05
ce7fcc7e: posts big blind $0.1
*** HOLE CARDS ***
Dealt to 4a84bcf2 
Dealt to 9aef18ab 
Dealt to 2d65fc6c 
Dealt to Hero [Js 6d]
Dealt to fa826c17 
Dealt to ce7fcc7e 
4a84bcf2: folds
9aef18ab: folds
2d65fc6c: folds
Hero: folds
fa826c17: folds
Uncalled bet ($0.05) returned to ce7fcc7e
*** SHOWDOWN ***
ce7fcc7e collected $0.1 from pot
*** SUMMARY ***
Total pot $0.1 | Rake $0 | Jackpot $0 | Bingo $0 | Fortune $0 | Tax $0
Seat 1: 4a84bcf2 folded before Flop (didn't bet)
Seat 2: 9aef18ab folded before Flop (didn't bet)
Seat 3: 2d65fc6c folded before Flop (didn't bet)
Seat 4: Hero (button) folded before Flop (didn't bet)
Seat 5: fa826c17 (small blind) folded before Flop
Seat 6: ce7fcc7e (big blind) collected ($0.1)


Poker Hand #HD1776490281: Hold'em No Limit ($0.05/$0.1) - 2024/05/17 14:38:51
Table 'NLHRed24' 6-max Seat #3 is the button
Seat 1: 4a84bcf2 ($12.94 in chips)
Seat 2: 9aef18ab ($10 in chips)
Seat 3: 2d65fc6c ($9.8 in chips)
Seat 4: Hero ($19.7 in chips)
Seat 5: fa826c17 ($4.89 in chips)
Seat 6: ce7fcc7e ($10.94 in chips)
Hero: posts small blind $0.05
fa826c17: posts big blind $0.1
*** HOLE CARDS ***
Dealt to 4a84bcf2 
Dealt to 9aef18ab 
Dealt to 2d65fc6c 
Dealt to Hero [Jc Qc]
Dealt to fa826c17 
Dealt to ce7fcc7e 
ce7fcc7e: folds
4a84bcf2: folds
9aef18ab: folds
2d65fc6c: folds
Hero: raises $0.2 to $0.3
fa826c17: calls $0.2
*** FLOP *** [3c Jh Td]
Hero: bets $0.3
fa826c17: calls $0.3
*** TURN *** [3c Jh Td] [6d]
Hero: checks
fa826c17: checks
*** RIVER *** [3c Jh Td 6d] [Ad]
Hero: bets $0.4
fa826c17: folds
Uncalled bet ($0.4) returned to Hero
*** SHOWDOWN ***
Hero collected $1.14 from pot
*** SUMMARY ***
Total pot $1.2 | Rake $0.06 | Jackpot $0 | Bingo $0 | Fortune $0 | Tax $0
Board [3c Jh Td 6d Ad]
Seat 1: 4a84bcf2 folded before Flop (didn't bet)
Seat 2: 9aef18ab folded before Flop (didn't bet)
Seat 3: 2d65fc6c (button) folded before Flop (didn't bet)
Seat 4: Hero (small blind) won ($1.14)
Seat 5: fa826c17 (big blind) folded on the River
Seat 6: ce7fcc7e folded before Flop (didn't bet)


Poker Hand #HD1776490170: Hold'em No Limit ($0.05/$0.1) - 2024/05/17 14:37:50
Table 'NLHRed24' 6-max Seat #2 is the button
Seat 1: 4a84bcf2 ($12.62 in chips)
Seat 2: 9aef18ab ($10 in chips)
Seat 3: 2d65fc6c ($10.05 in chips)
Seat 4: Hero ($19.8 in chips)
Seat 5: fa826c17 ($4.89 in chips)
Seat 6: ce7fcc7e ($10.94 in chips)
2d65fc6c: posts small blind $0.05
Hero: posts big blind $0.1
*** HOLE CARDS ***
Dealt to 4a84bcf2 
Dealt to 9aef18ab 
Dealt to 2d65fc6c 
Dealt to Hero [6s 8d]
Dealt to fa826c17 
Dealt to ce7fcc7e 
fa826c17: folds
ce7fcc7e: folds
4a84bcf2: raises $0.15 to $0.25
9aef18ab: folds
2d65fc6c: calls $0.2
Hero: folds
*** FLOP *** [9s Tc Ah]
2d65fc6c: checks
4a84bcf2: bets $0.2
2d65fc6c: folds
Uncalled bet ($0.2) returned to 4a84bcf2
*** SHOWDOWN ***
4a84bcf2 collected $0.57 from pot
*** SUMMARY ***
Total pot $0.6 | Rake $0.03 | Jackpot $0 | Bingo $0 | Fortune $0 | Tax $0
Board [9s Tc Ah]
Seat 1: 4a84bcf2 won ($0.57)
Seat 2: 9aef18ab (button) folded before Flop (didn't bet)
Seat 3: 2d65fc6c (small blind) folded on the Flop
Seat 4: Hero (big blind) folded before Flop
Seat 5: fa826c17 folded before Flop (didn't bet)
Seat 6: ce7fcc7e folded before Flop (didn't bet)


Poker Hand #HD1776490128: Hold'em No Limit ($0.05/$0.1) - 2024/05/17 14:37:21
Table 'NLHRed24' 6-max Seat #1 is the button
Seat 1: 4a84bcf2 ($12.62 in chips)
Seat 2: 9aef18ab ($10 in chips)
Seat 3: 2d65fc6c ($10 in chips)
Seat 4: Hero ($19.8 in chips)
Seat 5: fa826c17 ($4.89 in chips)
Seat 6: ce7fcc7e ($10.94 in chips)
9aef18ab: posts small blind $0.05
2d65fc6c: posts big blind $0.1
*** HOLE CARDS ***
Dealt to 4a84bcf2 
Dealt to 9aef18ab 
Dealt to 2d65fc6c 
Dealt to Hero [Qh 8d]
Dealt to fa826c17 
Dealt to ce7fcc7e 
Hero: folds
fa826c17: folds
ce7fcc7e: folds
4a84bcf2: folds
9aef18ab: folds
Uncalled bet ($0.05) returned to 2d65fc6c
*** SHOWDOWN ***
2d65fc6c collected $0.1 from pot
*** SUMMARY ***
Total pot $0.1 | Rake $0 | Jackpot $0 | Bingo $0 | Fortune $0 | Tax $0
Seat 1: 4a84bcf2 (button) folded before Flop (didn't bet)
Seat 2: 9aef18ab (small blind) folded before Flop
Seat 3: 2d65fc6c (big blind) collected ($0.1)
Seat 4: Hero folded before Flop (didn't bet)
Seat 5: fa826c17 folded before Flop (didn't bet)
Seat 6: ce7fcc7e folded before Flop (didn't bet)


Poker Hand #HD1776490002: Hold'em No Limit ($0.05/$0.1) - 2024/05/17 14:36:07
Table 'NLHRed24' 6-max Seat #6 is the button
Seat 1: 4a84bcf2 ($12.67 in chips)
Seat 2: 9aef18ab ($10 in chips)
Seat 4: Hero ($19.8 in chips)
Seat 5: fa826c17 ($4.75 in chips)
Seat 6: ce7fcc7e ($10.94 in chips)
4a84bcf2: posts small blind $0.05
9aef18ab: posts big blind $0.1
*** HOLE CARDS ***
Dealt to 4a84bcf2 
Dealt to 9aef18ab 
Dealt to Hero [Qc 9d]
Dealt to fa826c17 
Dealt to ce7fcc7e 
Hero: folds
fa826c17: calls $0.1
ce7fcc7e: folds
4a84bcf2: folds
9aef18ab: checks
*** FLOP *** [Th 2d Qh]
9aef18ab: checks
fa826c17: checks
*** TURN *** [Th 2d Qh] [6c]
9aef18ab: checks
fa826c17: checks
*** RIVER *** [Th 2d Qh 6c] [Ah]
9aef18ab: checks
fa826c17: bets $0.13
9aef18ab: folds
Uncalled bet ($0.13) returned to fa826c17
*** SHOWDOWN ***
fa826c17 collected $0.24 from pot
*** SUMMARY ***
Total pot $0.25 | Rake $0.01 | Jackpot $0 | Bingo $0 | Fortune $0 | Tax $0
Board [Th 2d Qh 6c Ah]
Seat 1: 4a84bcf2 (small blind) folded before Flop
Seat 2: 9aef18ab (big blind) folded on the River
Seat 4: Hero folded before Flop (didn't bet)
Seat 5: fa826c17 won ($0.24)
Seat 6: ce7fcc7e (button) folded before Flop (didn't bet)


Poker Hand #HD1776489878: Hold'em No Limit ($0.05/$0.1) - 2024/05/17 14:34:50
Table 'NLHRed24' 6-max Seat #5 is the button
Seat 1: 4a84bcf2 ($12.77 in chips)
Seat 2: 9aef18ab ($10 in chips)
Seat 4: Hero ($19.8 in chips)
Seat 5: fa826c17 ($4.75 in chips)
Seat 6: ce7fcc7e ($10.13 in chips)
ce7fcc7e: posts small blind $0.05
4a84bcf2: posts big blind $0.1
*** HOLE CARDS ***
Dealt to 4a84bcf2 
Dealt to 9aef18ab 
Dealt to Hero [Qh 9s]
Dealt to fa826c17 
Dealt to ce7fcc7e 
9aef18ab: raises $0.1 to $0.2
Hero: folds
fa826c17: folds
ce7fcc7e: calls $0.15
4a84bcf2: folds
*** FLOP *** [Kc 6c 7h]
ce7fcc7e: checks
9aef18ab: bets $0.17
ce7fcc7e: calls $0.17
*** TURN *** [Kc 6c 7h] [8h]
ce7fcc7e: checks
9aef18ab: checks
*** RIVER *** [Kc 6c 7h 8h] [Ks]
ce7fcc7e: checks
9aef18ab: bets $0.42
ce7fcc7e: raises $1.26 to $1.68
9aef18ab: folds
Uncalled bet ($1.26) returned to ce7fcc7e
*** SHOWDOWN ***
ce7fcc7e collected $1.6 from pot
*** SUMMARY ***
Total pot $1.68 | Rake $0.08 | Jackpot $0 | Bingo $0 | Fortune $0 | Tax $0
Board [Kc 6c 7h 8h Ks]
Seat 1: 4a84bcf2 (big blind) folded before Flop
Seat 2: 9aef18ab folded on the River
Seat 4: Hero folded before Flop (didn't bet)
Seat 5: fa826c17 (button) folded before Flop (didn't bet)
Seat 6: ce7fcc7e (small blind) won ($1.6)


Poker Hand #HD1776489746: Hold'em No Limit ($0.05/$0.1) - 2024/05/17 14:33:27
Table 'NLHRed24' 6-max Seat #4 is the button
Seat 1: 4a84bcf2 ($12.77 in chips)
Seat 2: 9aef18ab ($10 in chips)
Seat 4: Hero ($19.8 in chips)
Seat 5: fa826c17 ($4.26 in chips)
Seat 6: ce7fcc7e ($10.23 in chips)
fa826c17: posts small blind $0.05
ce7fcc7e: posts big blind $0.1
*** HOLE CARDS ***
Dealt to 4a84bcf2 
Dealt to 9aef18ab 
Dealt to Hero [5d 8c]
Dealt to fa826c17 
Dealt to ce7fcc7e 
4a84bcf2: folds
9aef18ab: raises $0.1 to $0.2
Hero: folds
fa826c17: calls $0.15
ce7fcc7e: folds
*** FLOP *** [5s 7d 6s]
fa826c17: checks
9aef18ab: checks
*** TURN *** [5s 7d 6s] [As]
fa826c17: checks
9aef18ab: bets $0.25
fa826c17: calls $0.25
*** RIVER *** [5s 7d 6s As] [9s]
fa826c17: checks
9aef18ab: checks
fa826c17: shows [9c 9d] (Three Nines)
9aef18ab: shows [Qh Ah] (Pair of Aces)
*** SHOWDOWN ***
fa826c17 collected $0.94 from pot
*** SUMMARY ***
Total pot $1 | Rake $0.06 | Jackpot $0 | Bingo $0 | Fortune $0 | Tax $0
Board [5s 7d 6s As 9s]
Seat 1: 4a84bcf2 folded before Flop (didn't bet)
Seat 2: 9aef18ab showed [Qh Ah] and lost with Pair of Aces
Seat 4: Hero (button) folded before Flop (didn't bet)
Seat 5: fa826c17 (small blind) showed [9c 9d] and won ($0.94) with Three Nines
Seat 6: ce7fcc7e (big blind) folded before Flop


Poker Hand #HD1776489629: Hold'em No Limit ($0.05/$0.1) - 2024/05/17 14:32:28
Table 'NLHRed24' 6-max Seat #2 is the button
Seat 1: 4a84bcf2 ($12.77 in chips)
Seat 2: 9aef18ab ($10 in chips)
Seat 4: Hero ($19.85 in chips)
Seat 5: fa826c17 ($4.46 in chips)
Seat 6: ce7fcc7e ($10 in chips)
Hero: posts small blind $0.05
fa826c17: posts big blind $0.1
*** HOLE CARDS ***
Dealt to 4a84bcf2 
Dealt to 9aef18ab 
Dealt to Hero [3c 8d]
Dealt to fa826c17 
Dealt to ce7fcc7e 
ce7fcc7e: raises $0.1 to $0.2
4a84bcf2: folds
9aef18ab: folds
Hero: folds
fa826c17: calls $0.1
*** FLOP *** [8c 6h 6s]
fa826c17: checks
ce7fcc7e: bets $0.15
fa826c17: folds
Uncalled bet ($0.15) returned to ce7fcc7e
*** SHOWDOWN ***
ce7fcc7e collected $0.43 from pot
*** SUMMARY ***
Total pot $0.45 | Rake $0.02 | Jackpot $0 | Bingo $0 | Fortune $0 | Tax $0
Board [8c 6h 6s]
Seat 1: 4a84bcf2 folded before Flop (didn't bet)
Seat 2: 9aef18ab (button) folded before Flop (didn't bet)
Seat 4: Hero (small blind) folded before Flop
Seat 5: fa826c17 (big blind) folded on the Flop
Seat 6: ce7fcc7e won ($0.43)


Poker Hand #HD1776489562: Hold'em No Limit ($0.05/$0.1) - 2024/05/17 14:31:55
Table 'NLHRed24' 6-max Seat #1 is the button
Seat 1: 4a84bcf2 ($12.77 in chips)
Seat 2: 9aef18ab ($10 in chips)
Seat 3: 239115f9 ($10.14 in chips)
Seat 4: Hero ($19.85 in chips)
Seat 5: fa826c17 ($4.46 in chips)
Seat 6: ce7fcc7e ($10 in chips)
9aef18ab: posts small blind $0.05
239115f9: posts big blind $0.1
*** HOLE CARDS ***
Dealt to 4a84bcf2 
Dealt to 9aef18ab 
Dealt to 239115f9 
Dealt to Hero [Qd 4d]
Dealt to fa826c17 
Dealt to ce7fcc7e 
Hero: folds
fa826c17: folds
ce7fcc7e: folds
4a84bcf2: folds
9aef18ab: folds
Uncalled bet ($0.05) returned to 239115f9
*** SHOWDOWN ***
239115f9 collected $0.1 from pot
*** SUMMARY ***
Total pot $0.1 | Rake $0 | Jackpot $0 | Bingo $0 | Fortune $0 | Tax $0
Seat 1: 4a84bcf2 (button) folded before Flop (didn't bet)
Seat 2: 9aef18ab (small blind) folded before Flop
Seat 3: 239115f9 (big blind) collected ($0.1)
Seat 4: Hero folded before Flop (didn't bet)
Seat 5: fa826c17 folded before Flop (didn't bet)
Seat 6: ce7fcc7e folded before Flop (didn't bet)


Poker Hand #HD1776489407: Hold'em No Limit ($0.05/$0.1) - 2024/05/17 14:30:27
Table 'NLHRed24' 6-max Seat #6 is the button
Seat 1: 4a84bcf2 ($12.82 in chips)
Seat 2: 9aef18ab ($10 in chips)
Seat 3: 239115f9 ($9.72 in chips)
Seat 4: Hero ($19.85 in chips)
Seat 5: fa826c17 ($4.46 in chips)
Seat 6: ce7fcc7e ($10 in chips)
4a84bcf2: posts small blind $0.05
9aef18ab: posts big blind $0.1
*** HOLE CARDS ***
Dealt to 4a84bcf2 
Dealt to 9aef18ab 
Dealt to 239115f9 
Dealt to Hero [4h Qh]
Dealt to fa826c17 
Dealt to ce7fcc7e 
239115f9: calls $0.1
Hero: folds
fa826c17: folds
ce7fcc7e: calls $0.1
4a84bcf2: folds
9aef18ab: checks
*** FLOP *** [9c Ah 2h]
9aef18ab: checks
239115f9: checks
ce7fcc7e: bets $0.2
9aef18ab: folds
239115f9: calls $0.2
*** TURN *** [9c Ah 2h] [7d]
239115f9: checks
ce7fcc7e: checks
*** RIVER *** [9c Ah 2h 7d] [Kh]
239115f9: bets $0.75
ce7fcc7e: folds
Uncalled bet ($0.75) returned to 239115f9
*** SHOWDOWN ***
239115f9 collected $0.72 from pot
*** SUMMARY ***
Total pot $0.75 | Rake $0.03 | Jackpot $0 | Bingo $0 | Fortune $0 | Tax $0
Board [9c Ah 2h 7d Kh]
Seat 1: 4a84bcf2 (small blind) folded before Flop
Seat 2: 9aef18ab (big blind) folded on the Flop
Seat 3: 239115f9 won ($0.72)
Seat 4: Hero folded before Flop (didn't bet)
Seat 5: fa826c17 folded before Flop (didn't bet)
Seat 6: ce7fcc7e (button) folded on the River


Poker Hand #HD1776489267: Hold'em No Limit ($0.05/$0.1) - 2024/05/17 14:29:13
Table 'NLHRed24' 6-max Seat #5 is the button
Seat 1: 4a84bcf2 ($13.22 in chips)
Seat 2: 9aef18ab ($10 in chips)
Seat 3: 239115f9 ($9.26 in chips)
Seat 4: Hero ($19.85 in chips)
Seat 5: fa826c17 ($4.46 in chips)
Seat 6: ce7fcc7e ($10 in chips)
ce7fcc7e: posts small blind $0.05
4a84bcf2: posts big blind $0.1
*** HOLE CARDS ***
Dealt to 4a84bcf2 
Dealt to 9aef18ab 
Dealt to 239115f9 
Dealt to Hero [4s Th]
Dealt to fa826c17 
Dealt to ce7fcc7e 
9aef18ab: folds
239115f9: calls $0.1
Hero: folds
fa826c17: folds
ce7fcc7e: calls $0.05
4a84bcf2: checks
*** FLOP *** [7s 2h 3d]
ce7fcc7e: checks
4a84bcf2: checks
239115f9: bets $0.3
ce7fcc7e: folds
4a84bcf2: calls $0.3
*** TURN *** [7s 2h 3d] [4h]
4a84bcf2: checks
239115f9: bets $0.9
4a84bcf2: folds
Uncalled bet ($0.9) returned to 239115f9
239115f9: shows [Td Ts] (Pair of Tens)
*** SHOWDOWN ***
239115f9 collected $0.86 from pot
*** SUMMARY ***
Total pot $0.9 | Rake $0.04 | Jackpot $0 | Bingo $0 | Fortune $0 | Tax $0
Board [7s 2h 3d 4h]
Seat 1: 4a84bcf2 (big blind) folded on the Turn
Seat 2: 9aef18ab folded before Flop (didn't bet)
Seat 3: 239115f9 showed [Td Ts] and won ($0.86)
Seat 4: Hero folded before Flop (didn't bet)
Seat 5: fa826c17 (button) folded before Flop (didn't bet)
Seat 6: ce7fcc7e (small blind) folded on the Flop


Poker Hand #HD1776489175: Hold'em No Limit ($0.05/$0.1) - 2024/05/17 14:28:28
Table 'NLHRed24' 6-max Seat #4 is the button
Seat 1: 4a84bcf2 ($13.47 in chips)
Seat 2: 9aef18ab ($10 in chips)
Seat 3: 239115f9 ($8.89 in chips)
Seat 4: Hero ($19.85 in chips)
Seat 5: fa826c17 ($4.51 in chips)
Seat 6: ce7fcc7e ($10 in chips)
fa826c17: posts small blind $0.05
ce7fcc7e: posts big blind $0.1
*** HOLE CARDS ***
Dealt to 4a84bcf2 
Dealt to 9aef18ab 
Dealt to 239115f9 
Dealt to Hero [Ts 7d]
Dealt to fa826c17 
Dealt to ce7fcc7e 
4a84bcf2: raises $0.15 to $0.25
9aef18ab: folds
239115f9: calls $0.25
Hero: folds
fa826c17: folds
ce7fcc7e: folds
*** FLOP *** [9c 3s 2d]
4a84bcf2: checks
239115f9: bets $0.65
4a84bcf2: folds
Uncalled bet ($0.65) returned to 239115f9
*** SHOWDOWN ***
239115f9 collected $0.62 from pot
*** SUMMARY ***
Total pot $0.65 | Rake $0.03 | Jackpot $0 | Bingo $0 | Fortune $0 | Tax $0
Board [9c 3s 2d]
Seat 1: 4a84bcf2 folded on the Flop
Seat 2: 9aef18ab folded before Flop (didn't bet)
Seat 3: 239115f9 won ($0.62)
Seat 4: Hero (button) folded before Flop (didn't bet)
Seat 5: fa826c17 (small blind) folded before Flop
Seat 6: ce7fcc7e (big blind) folded before Flop


Poker Hand #HD1776489155: Hold'em No Limit ($0.05/$0.1) - 2024/05/17 14:28:16
Table 'NLHRed24' 6-max Seat #3 is the button
Seat 1: 4a84bcf2 ($13.47 in chips)
Seat 2: 9aef18ab ($10 in chips)
Seat 3: 239115f9 ($8.89 in chips)
Seat 4: Hero ($19.9 in chips)
Seat 5: fa826c17 ($4.46 in chips)
Hero: posts small blind $0.05
fa826c17: posts big blind $0.1
*** HOLE CARDS ***
Dealt to 4a84bcf2 
Dealt to 9aef18ab 
Dealt to 239115f9 
Dealt to Hero [Td 5h]
Dealt to fa826c17 
4a84bcf2: folds
9aef18ab: folds
239115f9: folds
Hero: folds
Uncalled bet ($0.05) returned to fa826c17
*** SHOWDOWN ***
fa826c17 collected $0.1 from pot
*** SUMMARY ***
Total pot $0.1 | Rake $0 | Jackpot $0 | Bingo $0 | Fortune $0 | Tax $0
Seat 1: 4a84bcf2 folded before Flop (didn't bet)
Seat 2: 9aef18ab folded before Flop (didn't bet)
Seat 3: 239115f9 (button) folded before Flop (didn't bet)
Seat 4: Hero (small blind) folded before Flop
Seat 5: fa826c17 (big blind) collected ($0.1)


Poker Hand #HD1776489050: Hold'em No Limit ($0.05/$0.1) - 2024/05/17 14:27:16
Table 'NLHRed24' 6-max Seat #2 is the button
Seat 1: 4a84bcf2 ($13.47 in chips)
Seat 2: 9aef18ab ($10 in chips)
Seat 3: 239115f9 ($9.19 in chips)
Seat 4: Hero ($19.63 in chips)
Seat 5: fa826c17 ($4.46 in chips)
Seat 6: 64c0c9e7 ($4.39 in chips)
239115f9: posts small blind $0.05
Hero: posts big blind $0.1
*** HOLE CARDS ***
Dealt to 4a84bcf2 
Dealt to 9aef18ab 
Dealt to 239115f9 
Dealt to Hero [5d 3s]
Dealt to fa826c17 
Dealt to 64c0c9e7 
fa826c17: folds
64c0c9e7: folds
4a84bcf2: folds
9aef18ab: folds
239115f9: calls $0.05
Hero: checks
*** FLOP *** [4s 8d 5c]
239115f9: checks
Hero: checks
*** TURN *** [4s 8d 5c] [8h]
239115f9: bets $0.2
Hero: calls $0.2
*** RIVER *** [4s 8d 5c 8h] [Tc]
239115f9: checks
Hero: checks
239115f9: shows [Ac 9s] (Pair of Eights)
Hero: shows [5d 3s] (Pair of Eights and Pair of Fives)
*** SHOWDOWN ***
Hero collected $0.57 from pot
*** SUMMARY ***
Total pot $0.6 | Rake $0.03 | Jackpot $0 | Bingo $0 | Fortune $0 | Tax $0
Board [4s 8d 5c 8h Tc]
Seat 1: 4a84bcf2 folded before Flop (didn't bet)
Seat 2: 9aef18ab (button) folded before Flop (didn't bet)
Seat 3: 239115f9 (small blind) showed [Ac 9s] and lost with Pair of Eights
Seat 4: Hero (big blind) showed [5d 3s] and won ($0.57) with Pair of Eights and Pair of Fives
Seat 5: fa826c17 folded before Flop (didn't bet)
Seat 6: 64c0c9e7 folded before Flop (didn't bet)


Poker Hand #HD1776488937: Hold'em No Limit ($0.05/$0.1) - 2024/05/17 14:26:10
Table 'NLHRed24' 6-max Seat #1 is the button
Seat 1: 4a84bcf2 ($13.47 in chips)
Seat 2: 9aef18ab ($10.05 in chips)
Seat 3: 239115f9 ($10.45 in chips)
Seat 4: Hero ($19.63 in chips)
Seat 5: fa826c17 ($4.56 in chips)
Seat 6: 64c0c9e7 ($3.11 in chips)
9aef18ab: posts small blind $0.05
239115f9: posts big blind $0.1
*** HOLE CARDS ***
Dealt to 4a84bcf2 
Dealt to 9aef18ab 
Dealt to 239115f9 
Dealt to Hero [4d Qh]
Dealt to fa826c17 
Dealt to 64c0c9e7 
Hero: folds
fa826c17: calls $0.1
64c0c9e7: calls $0.1
4a84bcf2: folds
9aef18ab: folds
239115f9: checks
*** FLOP *** [9d Jh 3d]
239115f9: bets $0.27
fa826c17: folds
64c0c9e7: raises $0.89 to $1.16
239115f9: calls $0.89
*** TURN *** [9d Jh 3d] [Ac]
239115f9: checks
64c0c9e7: bets $1.85 and is all-in
239115f9: folds
Uncalled bet ($1.85) returned to 64c0c9e7
*** SHOWDOWN ***
64c0c9e7 collected $2.54 from pot
*** SUMMARY ***
Total pot $2.67 | Rake $0.13 | Jackpot $0 | Bingo $0 | Fortune $0 | Tax $0
Board [9d Jh 3d Ac]
Seat 1: 4a84bcf2 (button) folded before Flop (didn't bet)
Seat 2: 9aef18ab (small blind) folded before Flop
Seat 3: 239115f9 (big blind) folded on the Turn
Seat 4: Hero folded before Flop (didn't bet)
Seat 5: fa826c17 folded on the Flop
Seat 6: 64c0c9e7 won ($2.54)


Poker Hand #HD1776488900: Hold'em No Limit ($0.05/$0.1) - 2024/05/17 14:25:49
Table 'NLHRed24' 6-max Seat #6 is the button
Seat 1: 4a84bcf2 ($13.52 in chips)
Seat 2: 9aef18ab ($10.15 in chips)
Seat 3: 239115f9 ($10.45 in chips)
Seat 4: Hero ($19.63 in chips)
Seat 5: fa826c17 ($4.56 in chips)
Seat 6: 64c0c9e7 ($2.96 in chips)
4a84bcf2: posts small blind $0.05
9aef18ab: posts big blind $0.1
*** HOLE CARDS ***
Dealt to 4a84bcf2 
Dealt to 9aef18ab 
Dealt to 239115f9 
Dealt to Hero [9s Ad]
Dealt to fa826c17 
Dealt to 64c0c9e7 
239115f9: folds
Hero: folds
fa826c17: folds
64c0c9e7: raises $0.3 to $0.4
4a84bcf2: folds
9aef18ab: folds
Uncalled bet ($0.3) returned to 64c0c9e7
*** SHOWDOWN ***
64c0c9e7 collected $0.25 from pot
*** SUMMARY ***
Total pot $0.25 | Rake $0 | Jackpot $0 | Bingo $0 | Fortune $0 | Tax $0
Seat 1: 4a84bcf2 (small blind) folded before Flop
Seat 2: 9aef18ab (big blind) folded before Flop
Seat 3: 239115f9 folded before Flop (didn't bet)
Seat 4: Hero folded before Flop (didn't bet)
Seat 5: fa826c17 folded before Flop (didn't bet)
Seat 6: 64c0c9e7 (button) collected ($0.25)


Poker Hand #HD1776488822: Hold'em No Limit ($0.05/$0.1) - 2024/05/17 14:24:57
Table 'NLHRed24' 6-max Seat #5 is the button
Seat 1: 4a84bcf2 ($13.62 in chips)
Seat 2: 9aef18ab ($10.15 in chips)
Seat 3: 239115f9 ($10.85 in chips)
Seat 4: Hero ($18.79 in chips)
Seat 5: fa826c17 ($4.56 in chips)
Seat 6: 64c0c9e7 ($3.36 in chips)
64c0c9e7: posts small blind $0.05
4a84bcf2: posts big blind $0.1
*** HOLE CARDS ***
Dealt to 4a84bcf2 
Dealt to 9aef18ab 
Dealt to 239115f9 
Dealt to Hero [9c 9s]
Dealt to fa826c17 
Dealt to 64c0c9e7 
9aef18ab: folds
239115f9: calls $0.1
Hero: raises $0.3 to $0.4
fa826c17: folds
64c0c9e7: calls $0.35
4a84bcf2: folds
239115f9: calls $0.3
*** FLOP *** [9d 6d As]
64c0c9e7: checks
239115f9: checks
Hero: bets $0.43
64c0c9e7: folds
239115f9: folds
Uncalled bet ($0.43) returned to Hero
*** SHOWDOWN ***
Hero collected $1.24 from pot
*** SUMMARY ***
Total pot $1.3 | Rake $0.06 | Jackpot $0 | Bingo $0 | Fortune $0 | Tax $0
Board [9d 6d As]
Seat 1: 4a84bcf2 (big blind) folded before Flop
Seat 2: 9aef18ab folded before Flop (didn't bet)
Seat 3: 239115f9 folded on the Flop
Seat 4: Hero won ($1.24)
Seat 5: fa826c17 (button) folded before Flop (didn't bet)
Seat 6: 64c0c9e7 (small blind) folded on the Flop


Poker Hand #HD1776488652: Hold'em No Limit ($0.05/$0.1) - 2024/05/17 14:23:26
Table 'NLHRed24' 6-max Seat #4 is the button
Seat 1: 4a84bcf2 ($14.86 in chips)
Seat 2: 9aef18ab ($10.15 in chips)
Seat 3: 239115f9 ($9.59 in chips)
Seat 4: Hero ($18.79 in chips)
Seat 5: fa826c17 ($4.61 in chips)
Seat 6: 64c0c9e7 ($3.46 in chips)
fa826c17: posts small blind $0.05
64c0c9e7: posts big blind $0.1
*** HOLE CARDS ***
Dealt to 4a84bcf2 
Dealt to 9aef18ab 
Dealt to 239115f9 
Dealt to Hero [5s Ac]
Dealt to fa826c17 
Dealt to 64c0c9e7 
4a84bcf2: raises $0.15 to $0.25
9aef18ab: folds
239115f9: calls $0.25
Hero: folds
fa826c17: folds
64c0c9e7: folds
*** FLOP *** [3h 5d Qs]
4a84bcf2: checks
239115f9: bets $0.33
4a84bcf2: calls $0.33
*** TURN *** [3h 5d Qs] [2d]
4a84bcf2: checks
239115f9: bets $0.66
4a84bcf2: calls $0.66
*** RIVER *** [3h 5d Qs 2d] [9d]
4a84bcf2: checks
239115f9: bets $2.63
4a84bcf2: folds
Uncalled bet ($2.63) returned to 239115f9
*** SHOWDOWN ***
239115f9 collected $2.5 from pot
*** SUMMARY ***
Total pot $2.63 | Rake $0.13 | Jackpot $0 | Bingo $0 | Fortune $0 | Tax $0
Board [3h 5d Qs 2d 9d]
Seat 1: 4a84bcf2 folded on the River
Seat 2: 9aef18ab folded before Flop (didn't bet)
Seat 3: 239115f9 won ($2.5)
Seat 4: Hero (button) folded before Flop (didn't bet)
Seat 5: fa826c17 (small blind) folded before Flop
Seat 6: 64c0c9e7 (big blind) folded before Flop


Poker Hand #HD1776488609: Hold'em No Limit ($0.05/$0.1) - 2024/05/17 14:23:02
Table 'NLHRed24' 6-max Seat #3 is the button
Seat 1: 4a84bcf2 ($14.86 in chips)
Seat 2: 9aef18ab ($10 in chips)
Seat 3: 239115f9 ($9.59 in chips)
Seat 4: Hero ($18.84 in chips)
Seat 5: fa826c17 ($4.71 in chips)
Seat 6: 64c0c9e7 ($3.46 in chips)
Hero: posts small blind $0.05
fa826c17: posts big blind $0.1
*** HOLE CARDS ***
Dealt to 4a84bcf2 
Dealt to 9aef18ab 
Dealt to 239115f9 
Dealt to Hero [7d 8c]
Dealt to fa826c17 
Dealt to 64c0c9e7 
64c0c9e7: folds
4a84bcf2: folds
9aef18ab: raises $0.1 to $0.2
239115f9: folds
Hero: folds
fa826c17: folds
Uncalled bet ($0.1) returned to 9aef18ab
*** SHOWDOWN ***
9aef18ab collected $0.25 from pot
*** SUMMARY ***
Total pot $0.25 | Rake $0 | Jackpot $0 | Bingo $0 | Fortune $0 | Tax $0
Seat 1: 4a84bcf2 folded before Flop (didn't bet)
Seat 2: 9aef18ab collected ($0.25)
Seat 3: 239115f9 (button) folded before Flop (didn't bet)
Seat 4: Hero (small blind) folded before Flop
Seat 5: fa826c17 (big blind) folded before Flop
Seat 6: 64c0c9e7 folded before Flop (didn't bet)


Poker Hand #HD1776488571: Hold'em No Limit ($0.05/$0.1) - 2024/05/17 14:22:44
Table 'NLHRed24' 6-max Seat #2 is the button
Seat 1: 4a84bcf2 ($14.71 in chips)
Seat 2: 9aef18ab ($10 in chips)
Seat 3: 239115f9 ($9.64 in chips)
Seat 4: Hero ($18.94 in chips)
Seat 5: fa826c17 ($4.71 in chips)
Seat 6: 64c0c9e7 ($3.46 in chips)
239115f9: posts small blind $0.05
Hero: posts big blind $0.1
*** HOLE CARDS ***
Dealt to 4a84bcf2 
Dealt to 9aef18ab 
Dealt to 239115f9 
Dealt to Hero [8s Kh]
Dealt to fa826c17 
Dealt to 64c0c9e7 
fa826c17: folds
64c0c9e7: folds
4a84bcf2: raises $0.15 to $0.25
9aef18ab: folds
239115f9: folds
Hero: folds
Uncalled bet ($0.15) returned to 4a84bcf2
*** SHOWDOWN ***
4a84bcf2 collected $0.25 from pot
*** SUMMARY ***
Total pot $0.25 | Rake $0 | Jackpot $0 | Bingo $0 | Fortune $0 | Tax $0
Seat 1: 4a84bcf2 collected ($0.25)
Seat 2: 9aef18ab (button) folded before Flop (didn't bet)
Seat 3: 239115f9 (small blind) folded before Flop
Seat 4: Hero (big blind) folded before Flop
Seat 5: fa826c17 folded before Flop (didn't bet)
Seat 6: 64c0c9e7 folded before Flop (didn't bet)


Poker Hand #HD1776488538: Hold'em No Limit ($0.05/$0.1) - 2024/05/17 14:22:25
Table 'NLHRed24' 6-max Seat #1 is the button
Seat 1: 4a84bcf2 ($14.71 in chips)
Seat 2: 9aef18ab ($10 in chips)
Seat 3: 239115f9 ($9.59 in chips)
Seat 4: Hero ($18.94 in chips)
Seat 5: fa826c17 ($4.71 in chips)
Seat 6: 64c0c9e7 ($3.46 in chips)
9aef18ab: posts small blind $0.05
239115f9: posts big blind $0.1
*** HOLE CARDS ***
Dealt to 4a84bcf2 
Dealt to 9aef18ab 
Dealt to 239115f9 
Dealt to Hero [Qd 7d]
Dealt to fa826c17 
Dealt to 64c0c9e7 
Hero: folds
fa826c17: folds
64c0c9e7: folds
4a84bcf2: folds
9aef18ab: folds
Uncalled bet ($0.05) returned to 239115f9
*** SHOWDOWN ***
239115f9 collected $0.1 from pot
*** SUMMARY ***
Total pot $0.1 | Rake $0 | Jackpot $0 | Bingo $0 | Fortune $0 | Tax $0
Seat 1: 4a84bcf2 (button) folded before Flop (didn't bet)
Seat 2: 9aef18ab (small blind) folded before Flop
Seat 3: 239115f9 (big blind) collected ($0.1)
Seat 4: Hero folded before Flop (didn't bet)
Seat 5: fa826c17 folded before Flop (didn't bet)
Seat 6: 64c0c9e7 folded before Flop (didn't bet)


Poker Hand #HD1776488465: Hold'em No Limit ($0.05/$0.1) - 2024/05/17 14:21:42
Table 'NLHRed24' 6-max Seat #6 is the button
Seat 1: 4a84bcf2 ($14.76 in chips)
Seat 2: 9aef18ab ($10 in chips)
Seat 3: 239115f9 ($9.45 in chips)
Seat 4: Hero ($18.94 in chips)
Seat 5: fa826c17 ($4.71 in chips)
Seat 6: 64c0c9e7 ($3.46 in chips)
4a84bcf2: posts small blind $0.05
9aef18ab: posts big blind $0.1
*** HOLE CARDS ***
Dealt to 4a84bcf2 
Dealt to 9aef18ab 
Dealt to 239115f9 
Dealt to Hero [7c 6d]
Dealt to fa826c17 
Dealt to 64c0c9e7 
239115f9: calls $0.1
Hero: folds
fa826c17: folds
64c0c9e7: folds
4a84bcf2: folds
9aef18ab: checks
*** FLOP *** [2h 4h 7d]
9aef18ab: checks
239115f9: bets $0.19
9aef18ab: folds
Uncalled bet ($0.19) returned to 239115f9
*** SHOWDOWN ***
239115f9 collected $0.24 from pot
*** SUMMARY ***
Total pot $0.25 | Rake $0.01 | Jackpot $0 | Bingo $0 | Fortune $0 | Tax $0
Board [2h 4h 7d]
Seat 1: 4a84bcf2 (small blind) folded before Flop
Seat 2: 9aef18ab (big blind) folded on the Flop
Seat 3: 239115f9 won ($0.24)
Seat 4: Hero folded before Flop (didn't bet)
Seat 5: fa826c17 folded before Flop (didn't bet)
Seat 6: 64c0c9e7 (button) folded before Flop (didn't bet)


Poker Hand #HD1776488267: Hold'em No Limit ($0.05/$0.1) - 2024/05/17 14:19:50
Table 'NLHRed24' 6-max Seat #5 is the button
Seat 1: 4a84bcf2 ($10 in chips)
Seat 2: 9aef18ab ($10 in chips)
Seat 3: 239115f9 ($14.73 in chips)
Seat 4: Hero ($18.94 in chips)
Seat 5: fa826c17 ($4.71 in chips)
Seat 6: 64c0c9e7 ($3.56 in chips)
64c0c9e7: posts small blind $0.05
4a84bcf2: posts big blind $0.1
*** HOLE CARDS ***
Dealt to 4a84bcf2 
Dealt to 9aef18ab 
Dealt to 239115f9 
Dealt to Hero [5s 7c]
Dealt to fa826c17 
Dealt to 64c0c9e7 
9aef18ab: folds
239115f9: calls $0.1
Hero: folds
fa826c17: folds
64c0c9e7: calls $0.05
4a84bcf2: raises $0.35 to $0.45
239115f9: calls $0.35
64c0c9e7: folds
*** FLOP *** [Th 9c Tc]
4a84bcf2: checks
239115f9: bets $0.75
4a84bcf2: calls $0.75
*** TURN *** [Th 9c Tc] [8c]
4a84bcf2: checks
239115f9: bets $1.88
4a84bcf2: calls $1.88
*** RIVER *** [Th 9c Tc 8c] [4s]
4a84bcf2: bets $2.2
239115f9: calls $2.2
4a84bcf2: shows [Kh Qc] (Pair of Tens)
239115f9: shows [Qh 3h] (Pair of Tens)
*** SHOWDOWN ***
4a84bcf2 collected $10.04 from pot
*** SUMMARY ***
Total pot $10.66 | Rake $0.52 | Jackpot $0.1 | Bingo $0 | Fortune $0 | Tax $0
Board [Th 9c Tc 8c 4s]
Seat 1: 4a84bcf2 (big blind) showed [Kh Qc] and won ($10.04) with Pair of Tens
Seat 2: 9aef18ab folded before Flop (didn't bet)
Seat 3: 239115f9 showed [Qh 3h] and lost with Pair of Tens
Seat 4: Hero folded before Flop (didn't bet)
Seat 5: fa826c17 (button) folded before Flop (didn't bet)
Seat 6: 64c0c9e7 (small blind) folded before Flop


Poker Hand #HD1776488135: Hold'em No Limit ($0.05/$0.1) - 2024/05/17 14:18:42
Table 'NLHRed24' 6-max Seat #4 is the button
Seat 2: 9aef18ab ($10 in chips)
Seat 3: 239115f9 ($14.73 in chips)
Seat 4: Hero ($18.11 in chips)
Seat 5: fa826c17 ($4.76 in chips)
Seat 6: 64c0c9e7 ($4.43 in chips)
fa826c17: posts small blind $0.05
64c0c9e7: posts big blind $0.1
*** HOLE CARDS ***
Dealt to 9aef18ab 
Dealt to 239115f9 
Dealt to Hero [Ac Ks]
Dealt to fa826c17 
Dealt to 64c0c9e7 
9aef18ab: folds
239115f9: folds
Hero: raises $0.14 to $0.24
fa826c17: folds
64c0c9e7: calls $0.14
*** FLOP *** [Td 3c 8s]
64c0c9e7: checks
Hero: checks
*** TURN *** [Td 3c 8s] [Tc]
64c0c9e7: bets $0.18
Hero: calls $0.18
*** RIVER *** [Td 3c 8s Tc] [As]
64c0c9e7: bets $0.45
Hero: raises $0.85 to $1.3
64c0c9e7: folds
Uncalled bet ($0.85) returned to Hero
*** SHOWDOWN ***
Hero collected $1.7 from pot
*** SUMMARY ***
Total pot $1.79 | Rake $0.09 | Jackpot $0 | Bingo $0 | Fortune $0 | Tax $0
Board [Td 3c 8s Tc As]
Seat 2: 9aef18ab folded before Flop (didn't bet)
Seat 3: 239115f9 folded before Flop (didn't bet)
Seat 4: Hero (button) won ($1.7)
Seat 5: fa826c17 (small blind) folded before Flop
Seat 6: 64c0c9e7 (big blind) folded on the River


Poker Hand #HD1776488021: Hold'em No Limit ($0.05/$0.1) - 2024/05/17 14:17:35
Table 'NLHRed24' 6-max Seat #3 is the button
Seat 1: ed64e537 ($5 in chips)
Seat 2: 9aef18ab ($10 in chips)
Seat 3: 239115f9 ($14.73 in chips)
Seat 4: Hero ($18.16 in chips)
Seat 5: fa826c17 ($4.16 in chips)
Seat 6: 64c0c9e7 ($4.43 in chips)
Hero: posts small blind $0.05
fa826c17: posts big blind $0.1
*** HOLE CARDS ***
Dealt to ed64e537 
Dealt to 9aef18ab 
Dealt to 239115f9 
Dealt to Hero [2c Tc]
Dealt to fa826c17 
Dealt to 64c0c9e7 
64c0c9e7: folds
ed64e537: calls $0.1
9aef18ab: raises $0.2 to $0.3
239115f9: folds
Hero: folds
fa826c17: calls $0.2
ed64e537: calls $0.2
*** FLOP *** [6s Qc 4s]
fa826c17: checks
ed64e537: checks
9aef18ab: checks
*** TURN *** [6s Qc 4s] [7s]
fa826c17: checks
ed64e537: checks
9aef18ab: checks
*** RIVER *** [6s Qc 4s 7s] [Qs]
fa826c17: bets $0.48
ed64e537: folds
9aef18ab: folds
Uncalled bet ($0.48) returned to fa826c17
*** SHOWDOWN ***
fa826c17 collected $0.9 from pot
*** SUMMARY ***
Total pot $0.95 | Rake $0.05 | Jackpot $0 | Bingo $0 | Fortune $0 | Tax $0
Board [6s Qc 4s 7s Qs]
Seat 1: ed64e537 folded on the River
Seat 2: 9aef18ab folded on the River
Seat 3: 239115f9 (button) folded before Flop (didn't bet)
Seat 4: Hero (small blind) folded before Flop
Seat 5: fa826c17 (big blind) won ($0.9)
Seat 6: 64c0c9e7 folded before Flop (didn't bet)


Poker Hand #HD1776487880: Hold'em No Limit ($0.05/$0.1) - 2024/05/17 14:16:08
Table 'NLHRed24' 6-max Seat #2 is the button
Seat 1: ed64e537 ($5 in chips)
Seat 2: 9aef18ab ($10 in chips)
Seat 3: 239115f9 ($10.13 in chips)
Seat 4: Hero ($18.26 in chips)
Seat 5: fa826c17 ($4.16 in chips)
Seat 6: 64c0c9e7 ($4.53 in chips)
239115f9: posts small blind $0.05
Hero: posts big blind $0.1
*** HOLE CARDS ***
Dealt to ed64e537 
Dealt to 9aef18ab 
Dealt to 239115f9 
Dealt to Hero [9s Js]
Dealt to fa826c17 
Dealt to 64c0c9e7 
fa826c17: folds
64c0c9e7: calls $0.1
ed64e537: calls $0.1
9aef18ab: folds
239115f9: calls $0.05
Hero: checks
*** FLOP *** [Kc 3d 3c]
239115f9: bets $0.2
Hero: folds
64c0c9e7: folds
ed64e537: calls $0.2
*** TURN *** [Kc 3d 3c] [4c]
239115f9: bets $0.27
ed64e537: raises $0.67 to $0.94
239115f9: raises $1.34 to $2.28
ed64e537: calls $1.34
*** RIVER *** [Kc 3d 3c 4c] [5h]
239115f9: bets $7.55 and is all-in
ed64e537: calls $2.42 and is all-in
Uncalled bet ($5.13) returned to 239115f9
239115f9: shows [Ac 7c] (Ace High Flush)
ed64e537: shows [Ks Qd] (Pair of Kings and Pair of Treys)
*** SHOWDOWN ***
239115f9 collected $9.6 from pot
*** SUMMARY ***
Total pot $10.2 | Rake $0.5 | Jackpot $0.1 | Bingo $0 | Fortune $0 | Tax $0
Board [Kc 3d 3c 4c 5h]
Seat 1: ed64e537 showed [Ks Qd] and lost with Pair of Kings and Pair of Treys
Seat 2: 9aef18ab (button) folded before Flop (didn't bet)
Seat 3: 239115f9 (small blind) showed [Ac 7c] and won ($9.6) with Ace High Flush
Seat 4: Hero (big blind) folded on the Flop
Seat 5: fa826c17 folded before Flop (didn't bet)
Seat 6: 64c0c9e7 folded on the Flop


Poker Hand #HD1776487698: Hold'em No Limit ($0.05/$0.1) - 2024/05/17 14:14:16
Table 'NLHRed24' 6-max Seat #1 is the button
Seat 1: ed64e537 ($5 in chips)
Seat 2: 9aef18ab ($11.7 in chips)
Seat 3: 239115f9 ($10.23 in chips)
Seat 4: Hero ($18.6 in chips)
Seat 5: fa826c17 ($1.99 in chips)
Seat 6: 64c0c9e7 ($4.63 in chips)
9aef18ab: posts small blind $0.05
239115f9: posts big blind $0.1
64c0c9e7: posts big blind $0.1
*** HOLE CARDS ***
Dealt to ed64e537 
Dealt to 9aef18ab 
Dealt to 239115f9 
Dealt to Hero [Qs Js]
Dealt to fa826c17 
Dealt to 64c0c9e7 
Hero: raises $0.24 to $0.34
fa826c17: calls $0.34
64c0c9e7: folds
ed64e537: folds
9aef18ab: raises $1.16 to $1.5
239115f9: folds
Hero: folds
fa826c17: calls $1.16
*** FLOP *** [5h 9h Kd]
9aef18ab: bets $0.8
fa826c17: calls $0.49 and is all-in
Uncalled bet ($0.31) returned to 9aef18ab
9aef18ab: shows [Ad Qh] (Ace-High)
fa826c17: shows [Jd Jh] (Pair of Jacks)
*** TURN *** [5h 9h Kd] [7h]
*** RIVER *** [5h 9h Kd 7h] [5d]
*** SHOWDOWN ***
fa826c17 collected $4.16 from pot
*** SUMMARY ***
Total pot $4.52 | Rake $0.26 | Jackpot $0.1 | Bingo $0 | Fortune $0 | Tax $0
Board [5h 9h Kd 7h 5d]
Seat 1: ed64e537 (button) folded before Flop (didn't bet)
Seat 2: 9aef18ab (small blind) showed [Ad Qh] and lost with Pair of Fives
Seat 3: 239115f9 (big blind) folded before Flop
Seat 4: Hero folded before Flop
Seat 5: fa826c17 showed [Jd Jh] and won ($4.16) with Pair of Jacks and Pair of Fives
Seat 6: 64c0c9e7 folded before Flop


Poker Hand #HD1776487574: Hold'em No Limit ($0.05/$0.1) - 2024/05/17 14:13:05
Table 'NLHRed24' 6-max Seat #5 is the button
Seat 1: ed64e537 ($5 in chips)
Seat 2: 9aef18ab ($11.8 in chips)
Seat 3: 239115f9 ($10.23 in chips)
Seat 4: Hero ($18.6 in chips)
Seat 5: fa826c17 ($1.85 in chips)
ed64e537: posts small blind $0.05
9aef18ab: posts big blind $0.1
*** HOLE CARDS ***
Dealt to ed64e537 
Dealt to 9aef18ab 
Dealt to 239115f9 
Dealt to Hero [Tc 8c]
Dealt to fa826c17 
239115f9: folds
Hero: folds
fa826c17: calls $0.1
ed64e537: folds
9aef18ab: checks
*** FLOP *** [8h As 7c]
9aef18ab: checks
fa826c17: checks
*** TURN *** [8h As 7c] [5d]
9aef18ab: checks
fa826c17: checks
*** RIVER *** [8h As 7c 5d] [5s]
9aef18ab: checks
fa826c17: checks
9aef18ab: shows [Qs 9c] (Pair of Fives)
fa826c17: shows [Qd Jd] (Pair of Fives)
*** SHOWDOWN ***
fa826c17 collected $0.24 from pot
*** SUMMARY ***
Total pot $0.25 | Rake $0.01 | Jackpot $0 | Bingo $0 | Fortune $0 | Tax $0
Board [8h As 7c 5d 5s]
Seat 1: ed64e537 (small blind) folded before Flop
Seat 2: 9aef18ab (big blind) showed [Qs 9c] and lost with Pair of Fives
Seat 3: 239115f9 folded before Flop (didn't bet)
Seat 4: Hero folded before Flop (didn't bet)
Seat 5: fa826c17 (button) showed [Qd Jd] and won ($0.24) with Pair of Fives


Poker Hand #HD1776487492: Hold'em No Limit ($0.05/$0.1) - 2024/05/17 14:12:21
Table 'NLHRed24' 6-max Seat #4 is the button
Seat 1: ed64e537 ($5 in chips)
Seat 2: 9aef18ab ($11.8 in chips)
Seat 3: 239115f9 ($9.61 in chips)
Seat 4: Hero ($18.6 in chips)
Seat 5: fa826c17 ($1.9 in chips)
fa826c17: posts small blind $0.05
ed64e537: posts big blind $0.1
*** HOLE CARDS ***
Dealt to ed64e537 
Dealt to 9aef18ab 
Dealt to 239115f9 
Dealt to Hero [7h Qs]
Dealt to fa826c17 
9aef18ab: folds
239115f9: raises $0.2 to $0.3
Hero: folds
fa826c17: folds
ed64e537: calls $0.2
*** FLOP *** [As Ad 7s]
ed64e537: checks
239115f9: bets $0.33
ed64e537: calls $0.33
*** TURN *** [As Ad 7s] [9s]
ed64e537: checks
239115f9: bets $0.99
ed64e537: folds
Uncalled bet ($0.99) returned to 239115f9
*** SHOWDOWN ***
239115f9 collected $1.25 from pot
*** SUMMARY ***
Total pot $1.31 | Rake $0.06 | Jackpot $0 | Bingo $0 | Fortune $0 | Tax $0
Board [As Ad 7s 9s]
Seat 1: ed64e537 (big blind) folded on the Turn
Seat 2: 9aef18ab folded before Flop (didn't bet)
Seat 3: 239115f9 won ($1.25)
Seat 4: Hero (button) folded before Flop (didn't bet)
Seat 5: fa826c17 (small blind) folded before Flop


Poker Hand #HD1776487451: Hold'em No Limit ($0.05/$0.1) - 2024/05/17 14:11:56
Table 'NLHRed24' 6-max Seat #3 is the button
Seat 2: 9aef18ab ($11.8 in chips)
Seat 3: 239115f9 ($9.61 in chips)
Seat 4: Hero ($18.65 in chips)
Seat 5: fa826c17 ($1.85 in chips)
Seat 6: 647b64d ($11.04 in chips)
Hero: posts small blind $0.05
fa826c17: posts big blind $0.1
*** HOLE CARDS ***
Dealt to 9aef18ab 
Dealt to 239115f9 
Dealt to Hero [7c Js]
Dealt to fa826c17 
Dealt to 647b64d 
647b64d: folds
9aef18ab: folds
239115f9: folds
Hero: folds
Uncalled bet ($0.05) returned to fa826c17
*** SHOWDOWN ***
fa826c17 collected $0.1 from pot
*** SUMMARY ***
Total pot $0.1 | Rake $0 | Jackpot $0 | Bingo $0 | Fortune $0 | Tax $0
Seat 2: 9aef18ab folded before Flop (didn't bet)
Seat 3: 239115f9 (button) folded before Flop (didn't bet)
Seat 4: Hero (small blind) folded before Flop
Seat 5: fa826c17 (big blind) collected ($0.1)
Seat 6: 647b64d folded before Flop (didn't bet)


Poker Hand #HD1776487368: Hold'em No Limit ($0.05/$0.1) - 2024/05/17 14:11:06
Table 'NLHRed24' 6-max Seat #2 is the button
Seat 1: c46b6468 ($11.19 in chips)
Seat 2: 9aef18ab ($11.8 in chips)
Seat 3: 239115f9 ($9.18 in chips)
Seat 4: Hero ($18.75 in chips)
Seat 5: fa826c17 ($1.85 in chips)
Seat 6: 647b64d ($11.41 in chips)
239115f9: posts small blind $0.05
Hero: posts big blind $0.1
*** HOLE CARDS ***
Dealt to c46b6468 
Dealt to 9aef18ab 
Dealt to 239115f9 
Dealt to Hero [Jh 4c]
Dealt to fa826c17 
Dealt to 647b64d 
fa826c17: folds
647b64d: raises $0.1 to $0.2
c46b6468: folds
9aef18ab: folds
239115f9: calls $0.15
Hero: folds
*** FLOP *** [Kc Ks 9h]
239115f9: bets $0.17
647b64d: calls $0.17
*** TURN *** [Kc Ks 9h] [Qc]
239115f9: bets $0.28
647b64d: folds
Uncalled bet ($0.28) returned to 239115f9
*** SHOWDOWN ***
239115f9 collected $0.8 from pot
*** SUMMARY ***
Total pot $0.84 | Rake $0.04 | Jackpot $0 | Bingo $0 | Fortune $0 | Tax $0
Board [Kc Ks 9h Qc]
Seat 1: c46b6468 folded before Flop (didn't bet)
Seat 2: 9aef18ab (button) folded before Flop (didn't bet)
Seat 3: 239115f9 (small blind) won ($0.8)
Seat 4: Hero (big blind) folded before Flop
Seat 5: fa826c17 folded before Flop (didn't bet)
Seat 6: 647b64d folded on the Turn


Poker Hand #HD1776487345: Hold'em No Limit ($0.05/$0.1) - 2024/05/17 14:10:49
Table 'NLHRed24' 6-max Seat #1 is the button
Seat 1: c46b6468 ($11.04 in chips)
Seat 2: 9aef18ab ($11.85 in chips)
Seat 3: 239115f9 ($9.28 in chips)
Seat 4: Hero ($18.75 in chips)
Seat 5: fa826c17 ($1.85 in chips)
Seat 6: 647b64d ($11.41 in chips)
9aef18ab: posts small blind $0.05
239115f9: posts big blind $0.1
*** HOLE CARDS ***
Dealt to c46b6468 
Dealt to 9aef18ab 
Dealt to 239115f9 
Dealt to Hero [9d 4s]
Dealt to fa826c17 
Dealt to 647b64d 
Hero: folds
fa826c17: folds
647b64d: folds
c46b6468: raises $0.15 to $0.25
9aef18ab: folds
239115f9: folds
Uncalled bet ($0.15) returned to c46b6468
*** SHOWDOWN ***
c46b6468 collected $0.25 from pot
*** SUMMARY ***
Total pot $0.25 | Rake $0 | Jackpot $0 | Bingo $0 | Fortune $0 | Tax $0
Seat 1: c46b6468 (button) collected ($0.25)
Seat 2: 9aef18ab (small blind) folded before Flop
Seat 3: 239115f9 (big blind) folded before Flop
Seat 4: Hero folded before Flop (didn't bet)
Seat 5: fa826c17 folded before Flop (didn't bet)
Seat 6: 647b64d folded before Flop (didn't bet)


Poker Hand #HD1776487301: Hold'em No Limit ($0.05/$0.1) - 2024/05/17 14:10:25
Table 'NLHRed24' 6-max Seat #6 is the button
Seat 1: c46b6468 ($11.09 in chips)
Seat 2: 9aef18ab ($11.95 in chips)
Seat 3: 239115f9 ($9.28 in chips)
Seat 4: Hero ($18.75 in chips)
Seat 5: fa826c17 ($1.85 in chips)
Seat 6: 647b64d ($11.26 in chips)
c46b6468: posts small blind $0.05
9aef18ab: posts big blind $0.1
*** HOLE CARDS ***
Dealt to c46b6468 
Dealt to 9aef18ab 
Dealt to 239115f9 
Dealt to Hero [2c 6h]
Dealt to fa826c17 
Dealt to 647b64d 
239115f9: folds
Hero: folds
fa826c17: folds
647b64d: raises $0.15 to $0.25
c46b6468: folds
9aef18ab: folds
Uncalled bet ($0.15) returned to 647b64d
*** SHOWDOWN ***
647b64d collected $0.25 from pot
*** SUMMARY ***
Total pot $0.25 | Rake $0 | Jackpot $0 | Bingo $0 | Fortune $0 | Tax $0
Seat 1: c46b6468 (small blind) folded before Flop
Seat 2: 9aef18ab (big blind) folded before Flop
Seat 3: 239115f9 folded before Flop (didn't bet)
Seat 4: Hero folded before Flop (didn't bet)
Seat 5: fa826c17 folded before Flop (didn't bet)
Seat 6: 647b64d (button) collected ($0.25)


Poker Hand #HD1776487200: Hold'em No Limit ($0.05/$0.1) - 2024/05/17 14:09:25
Table 'NLHRed24' 6-max Seat #5 is the button
Seat 1: c46b6468 ($11.19 in chips)
Seat 2: 9aef18ab ($11.95 in chips)
Seat 3: 239115f9 ($9.14 in chips)
Seat 4: Hero ($18.75 in chips)
Seat 5: fa826c17 ($1.85 in chips)
Seat 6: 647b64d ($11.31 in chips)
647b64d: posts small blind $0.05
c46b6468: posts big blind $0.1
*** HOLE CARDS ***
Dealt to c46b6468 
Dealt to 9aef18ab 
Dealt to 239115f9 
Dealt to Hero [2c 7h]
Dealt to fa826c17 
Dealt to 647b64d 
9aef18ab: folds
239115f9: calls $0.1
Hero: folds
fa826c17: folds
647b64d: folds
c46b6468: checks
*** FLOP *** [Tc 8s 8c]
c46b6468: checks
239115f9: checks
*** TURN *** [Tc 8s 8c] [4h]
c46b6468: checks
239115f9: bets $0.25
c46b6468: folds
Uncalled bet ($0.25) returned to 239115f9
*** SHOWDOWN ***
239115f9 collected $0.24 from pot
*** SUMMARY ***
Total pot $0.25 | Rake $0.01 | Jackpot $0 | Bingo $0 | Fortune $0 | Tax $0
Board [Tc 8s 8c 4h]
Seat 1: c46b6468 (big blind) folded on the Turn
Seat 2: 9aef18ab folded before Flop (didn't bet)
Seat 3: 239115f9 won ($0.24)
Seat 4: Hero folded before Flop (didn't bet)
Seat 5: fa826c17 (button) folded before Flop (didn't bet)
Seat 6: 647b64d (small blind) folded before Flop


Poker Hand #HD1776487102: Hold'em No Limit ($0.05/$0.1) - 2024/05/17 14:08:24
Table 'NLHRed24' 6-max Seat #4 is the button
Seat 1: 54719d42 ($11.19 in chips)
Seat 2: 9aef18ab ($11.95 in chips)
Seat 3: 239115f9 ($10.14 in chips)
Seat 4: Hero ($18.75 in chips)
Seat 5: fa826c17 ($1.9 in chips)
Seat 6: 647b64d ($10.36 in chips)
fa826c17: posts small blind $0.05
647b64d: posts big blind $0.1
*** HOLE CARDS ***
Dealt to 54719d42 
Dealt to 9aef18ab 
Dealt to 239115f9 
Dealt to Hero [2c Jc]
Dealt to fa826c17 
Dealt to 647b64d 
54719d42: folds
9aef18ab: folds
239115f9: raises $0.1 to $0.2
Hero: folds
fa826c17: folds
647b64d: raises $0.8 to $1
239115f9: calls $0.8
*** FLOP *** [6s Ah 3h]
647b64d: bets $1.71
239115f9: folds
Uncalled bet ($1.71) returned to 647b64d
*** SHOWDOWN ***
647b64d collected $1.95 from pot
*** SUMMARY ***
Total pot $2.05 | Rake $0.1 | Jackpot $0 | Bingo $0 | Fortune $0 | Tax $0
Board [6s Ah 3h]
Seat 1: 54719d42 folded before Flop (didn't bet)
Seat 2: 9aef18ab folded before Flop (didn't bet)
Seat 3: 239115f9 folded on the Flop
Seat 4: Hero (button) folded before Flop (didn't bet)
Seat 5: fa826c17 (small blind) folded before Flop
Seat 6: 647b64d (big blind) won ($1.95)


Poker Hand #HD1776487017: Hold'em No Limit ($0.05/$0.1) - 2024/05/17 14:07:31
Table 'NLHRed24' 6-max Seat #3 is the button
Seat 1: 54719d42 ($11.19 in chips)
Seat 2: 9aef18ab ($11.95 in chips)
Seat 3: 239115f9 ($10 in chips)
Seat 4: Hero ($18.8 in chips)
Seat 5: fa826c17 ($2 in chips)
Seat 6: 647b64d ($10.36 in chips)
Hero: posts small blind $0.05
fa826c17: posts big blind $0.1
*** HOLE CARDS ***
Dealt to 54719d42 
Dealt to 9aef18ab 
Dealt to 239115f9 
Dealt to Hero [4d 2s]
Dealt to fa826c17 
Dealt to 647b64d 
647b64d: folds
54719d42: folds
9aef18ab: folds
239115f9: calls $0.1
Hero: folds
fa826c17: checks
*** FLOP *** [Qs 9s 5c]
fa826c17: checks
239115f9: bets $1.9
fa826c17: folds
Uncalled bet ($1.9) returned to 239115f9
*** SHOWDOWN ***
239115f9 collected $0.24 from pot
*** SUMMARY ***
Total pot $0.25 | Rake $0.01 | Jackpot $0 | Bingo $0 | Fortune $0 | Tax $0
Board [Qs 9s 5c]
Seat 1: 54719d42 folded before Flop (didn't bet)
Seat 2: 9aef18ab folded before Flop (didn't bet)
Seat 3: 239115f9 (button) won ($0.24)
Seat 4: Hero (small blind) folded before Flop
Seat 5: fa826c17 (big blind) folded on the Flop
Seat 6: 647b64d folded before Flop (didn't bet)


Poker Hand #HD1776486977: Hold'em No Limit ($0.05/$0.1) - 2024/05/17 14:07:05
Table 'NLHRed24' 6-max Seat #2 is the button
Seat 1: 54719d42 ($11.19 in chips)
Seat 2: 9aef18ab ($11.95 in chips)
Seat 3: 239115f9 ($10.05 in chips)
Seat 4: Hero ($18.9 in chips)
Seat 6: 647b64d ($10.21 in chips)
239115f9: posts small blind $0.05
Hero: posts big blind $0.1
*** HOLE CARDS ***
Dealt to 54719d42 
Dealt to 9aef18ab 
Dealt to 239115f9 
Dealt to Hero [Jc 8h]
Dealt to 647b64d 
647b64d: raises $0.1 to $0.2
54719d42: folds
9aef18ab: folds
239115f9: folds
Hero: folds
Uncalled bet ($0.1) returned to 647b64d
*** SHOWDOWN ***
647b64d collected $0.25 from pot
*** SUMMARY ***
Total pot $0.25 | Rake $0 | Jackpot $0 | Bingo $0 | Fortune $0 | Tax $0
Seat 1: 54719d42 folded before Flop (didn't bet)
Seat 2: 9aef18ab (button) folded before Flop (didn't bet)
Seat 3: 239115f9 (small blind) folded before Flop
Seat 4: Hero (big blind) folded before Flop
Seat 6: 647b64d collected ($0.25)


Poker Hand #HD1776486950: Hold'em No Limit ($0.05/$0.1) - 2024/05/17 14:06:48
Table 'NLHRed24' 6-max Seat #1 is the button
Seat 1: 54719d42 ($11.04 in chips)
Seat 2: 9aef18ab ($12 in chips)
Seat 3: 239115f9 ($10.15 in chips)
Seat 4: Hero ($18.9 in chips)
Seat 6: 647b64d ($10.21 in chips)
9aef18ab: posts small blind $0.05
239115f9: posts big blind $0.1
*** HOLE CARDS ***
Dealt to 54719d42 
Dealt to 9aef18ab 
Dealt to 239115f9 
Dealt to Hero [6d 9s]
Dealt to 647b64d 
Hero: folds
647b64d: folds
54719d42: raises $0.15 to $0.25
9aef18ab: folds
239115f9: folds
Uncalled bet ($0.15) returned to 54719d42
*** SHOWDOWN ***
54719d42 collected $0.25 from pot
*** SUMMARY ***
Total pot $0.25 | Rake $0 | Jackpot $0 | Bingo $0 | Fortune $0 | Tax $0
Seat 1: 54719d42 (button) collected ($0.25)
Seat 2: 9aef18ab (small blind) folded before Flop
Seat 3: 239115f9 (big blind) folded before Flop
Seat 4: Hero folded before Flop (didn't bet)
Seat 6: 647b64d folded before Flop (didn't bet)


Poker Hand #HD1776486923: Hold'em No Limit ($0.05/$0.1) - 2024/05/17 14:06:32
Table 'NLHRed24' 6-max Seat #6 is the button
Seat 1: 54719d42 ($11.09 in chips)
Seat 2: 9aef18ab ($12.1 in chips)
Seat 3: 239115f9 ($10 in chips)
Seat 4: Hero ($18.9 in chips)
Seat 6: 647b64d ($10.21 in chips)
54719d42: posts small blind $0.05
9aef18ab: posts big blind $0.1
*** HOLE CARDS ***
Dealt to 54719d42 
Dealt to 9aef18ab 
Dealt to 239115f9 
Dealt to Hero [Kh Tc]
Dealt to 647b64d 
239115f9: raises $0.2 to $0.3
Hero: folds
647b64d: folds
54719d42: folds
9aef18ab: folds
Uncalled bet ($0.2) returned to 239115f9
*** SHOWDOWN ***
239115f9 collected $0.25 from pot
*** SUMMARY ***
Total pot $0.25 | Rake $0 | Jackpot $0 | Bingo $0 | Fortune $0 | Tax $0
Seat 1: 54719d42 (small blind) folded before Flop
Seat 2: 9aef18ab (big blind) folded before Flop
Seat 3: 239115f9 collected ($0.25)
Seat 4: Hero folded before Flop (didn't bet)
Seat 6: 647b64d (button) folded before Flop (didn't bet)


Poker Hand #HD1776486902: Hold'em No Limit ($0.05/$0.1) - 2024/05/17 14:06:13
Table 'NLHRed24' 6-max Seat #4 is the button
Seat 1: 54719d42 ($11.19 in chips)
Seat 2: 9aef18ab ($12.1 in chips)
Seat 4: Hero ($18.75 in chips)
Seat 6: 647b64d ($10.26 in chips)
647b64d: posts small blind $0.05
54719d42: posts big blind $0.1
*** HOLE CARDS ***
Dealt to 54719d42 
Dealt to 9aef18ab 
Dealt to Hero [9d Qd]
Dealt to 647b64d 
9aef18ab: folds
Hero: raises $0.14 to $0.24
647b64d: folds
54719d42: folds
Uncalled bet ($0.14) returned to Hero
*** SHOWDOWN ***
Hero collected $0.25 from pot
*** SUMMARY ***
Total pot $0.25 | Rake $0 | Jackpot $0 | Bingo $0 | Fortune $0 | Tax $0
Seat 1: 54719d42 (big blind) folded before Flop
Seat 2: 9aef18ab folded before Flop (didn't bet)
Seat 4: Hero (button) collected ($0.25)
Seat 6: 647b64d (small blind) folded before Flop


Poker Hand #HD1776486743: Hold'em No Limit ($0.05/$0.1) - 2024/05/17 14:04:39
Table 'NLHRed24' 6-max Seat #3 is the button
Seat 2: 9aef18ab ($12.3 in chips)
Seat 3: 239115f9 ($9.25 in chips)
Seat 4: Hero ($10.05 in chips)
Seat 6: 647b64d ($10.36 in chips)
Hero: posts small blind $0.05
647b64d: posts big blind $0.1
*** HOLE CARDS ***
Dealt to 9aef18ab 
Dealt to 239115f9 
Dealt to Hero [As Ad]
Dealt to 647b64d 
9aef18ab: raises $0.1 to $0.2
239115f9: calls $0.2
Hero: raises $1.1 to $1.3
647b64d: folds
9aef18ab: folds
239115f9: calls $1.1
*** FLOP *** [6c 8s 3s]
Hero: bets $1
239115f9: calls $1
*** TURN *** [6c 8s 3s] [Qh]
Hero: bets $1.7
239115f9: calls $1.7
*** RIVER *** [6c 8s 3s Qh] [8d]
Hero: bets $6.05 and is all-in
239115f9: calls $5.25 and is all-in
Uncalled bet ($0.8) returned to Hero
Hero: shows [As Ad] (Pair of Aces and Pair of Eights)
239115f9: shows [9d 9s] (Pair of Nines and Pair of Eights)
*** SHOWDOWN ***
Hero collected $17.95 from pot
*** SUMMARY ***
Total pot $18.8 | Rake $0.75 | Jackpot $0.1 | Bingo $0 | Fortune $0 | Tax $0
Board [6c 8s 3s Qh 8d]
Seat 2: 9aef18ab folded before Flop
Seat 3: 239115f9 (button) showed [9d 9s] and lost with Pair of Nines and Pair of Eights
Seat 4: Hero (small blind) showed [As Ad] and won ($17.95) with Pair of Aces and Pair of Eights
Seat 6: 647b64d (big blind) folded before Flop


Poker Hand #HD1776486714: Hold'em No Limit ($0.05/$0.1) - 2024/05/17 14:04:23
Table 'NLHRed24' 6-max Seat #2 is the button
Seat 2: 9aef18ab ($12.3 in chips)
Seat 3: 239115f9 ($9.3 in chips)
Seat 4: Hero ($10.15 in chips)
Seat 6: 647b64d ($10.21 in chips)
239115f9: posts small blind $0.05
Hero: posts big blind $0.1
*** HOLE CARDS ***
Dealt to 9aef18ab 
Dealt to 239115f9 
Dealt to Hero [7d 5h]
Dealt to 647b64d 
647b64d: raises $0.1 to $0.2
9aef18ab: folds
239115f9: folds
Hero: folds
Uncalled bet ($0.1) returned to 647b64d
*** SHOWDOWN ***
647b64d collected $0.25 from pot
*** SUMMARY ***
Total pot $0.25 | Rake $0 | Jackpot $0 | Bingo $0 | Fortune $0 | Tax $0
Seat 2: 9aef18ab (button) folded before Flop (didn't bet)
Seat 3: 239115f9 (small blind) folded before Flop
Seat 4: Hero (big blind) folded before Flop
Seat 6: 647b64d collected ($0.25)


Poker Hand #HD1776486698: Hold'em No Limit ($0.05/$0.1) - 2024/05/17 14:04:13
Table 'NLHRed24' 6-max Seat #6 is the button
Seat 2: 9aef18ab ($12.35 in chips)
Seat 3: 239115f9 ($9.4 in chips)
Seat 4: Hero ($10 in chips)
Seat 6: 647b64d ($10.21 in chips)
9aef18ab: posts small blind $0.05
239115f9: posts big blind $0.1
*** HOLE CARDS ***
Dealt to 9aef18ab 
Dealt to 239115f9 
Dealt to Hero [As Kc]
Dealt to 647b64d 
Hero: raises $0.14 to $0.24
647b64d: folds
9aef18ab: folds
239115f9: folds
Uncalled bet ($0.14) returned to Hero
*** SHOWDOWN ***
Hero collected $0.25 from pot
*** SUMMARY ***
Total pot $0.25 | Rake $0 | Jackpot $0 | Bingo $0 | Fortune $0 | Tax $0
Seat 2: 9aef18ab (small blind) folded before Flop
Seat 3: 239115f9 (big blind) folded before Flop
Seat 4: Hero collected ($0.25)
Seat 6: 647b64d (button) folded before Flop (didn't bet)


Poker Hand #HD1776486607: Hold'em No Limit ($0.05/$0.1) - 2024/05/17 14:03:13
Table 'NLHRed24' 6-max Seat #5 is the button
Seat 2: 9aef18ab ($11.76 in chips)
Seat 3: 239115f9 ($10 in chips)
Seat 4: Hero ($10 in chips)
Seat 5: 8ccbfbbc ($19.06 in chips)
Seat 6: 647b64d ($10.26 in chips)
647b64d: posts small blind $0.05
9aef18ab: posts big blind $0.1
239115f9: posts big blind $0.1
*** HOLE CARDS ***
Dealt to 9aef18ab 
Dealt to 239115f9 
Dealt to Hero [5d 2c]
Dealt to 8ccbfbbc 
Dealt to 647b64d 
239115f9: raises $0.1 to $0.2
Hero: folds
8ccbfbbc: folds
647b64d: folds
9aef18ab: calls $0.1
*** FLOP *** [3h Kh Ah]
9aef18ab: checks
239115f9: checks
*** TURN *** [3h Kh Ah] [Kd]
9aef18ab: checks
239115f9: bets $0.15
9aef18ab: calls $0.15
*** RIVER *** [3h Kh Ah Kd] [Kc]
9aef18ab: bets $0.25
239115f9: calls $0.25
9aef18ab: shows [2s As] (Kings Full over Aces)
239115f9: shows [3s 5s] (Kings Full over Treys)
*** SHOWDOWN ***
9aef18ab collected $1.19 from pot
*** SUMMARY ***
Total pot $1.25 | Rake $0.06 | Jackpot $0 | Bingo $0 | Fortune $0 | Tax $0
Board [3h Kh Ah Kd Kc]
Seat 2: 9aef18ab (big blind) showed [2s As] and won ($1.19) with Kings Full over Aces
Seat 3: 239115f9 showed [3s 5s] and lost with Kings Full over Treys
Seat 4: Hero folded before Flop (didn't bet)
Seat 5: 8ccbfbbc (button) folded before Flop (didn't bet)
Seat 6: 647b64d (small blind) folded before Flop


Poker Hand #HD1776486483: Hold'em No Limit ($0.05/$0.1) - 2024/05/17 14:02:00
Table 'NLHRed24' 6-max Seat #4 is the button
Seat 1: 909fdc78 ($12.01 in chips)
Seat 2: 9aef18ab ($12.26 in chips)
Seat 4: Hero ($10 in chips)
Seat 5: 8ccbfbbc ($19.56 in chips)
Seat 6: 647b64d ($10.36 in chips)
8ccbfbbc: posts small blind $0.05
647b64d: posts big blind $0.1
*** HOLE CARDS ***
Dealt to 909fdc78 
Dealt to 9aef18ab 
Dealt to Hero [Tc 5d]
Dealt to 8ccbfbbc 
Dealt to 647b64d 
909fdc78: folds
9aef18ab: raises $0.1 to $0.2
Hero: folds
8ccbfbbc: raises $0.5 to $0.7
647b64d: folds
9aef18ab: raises $1.7 to $2.4
8ccbfbbc: raises $17.16 to $19.56 and is all-in
9aef18ab: calls $9.86 and is all-in
Uncalled bet ($7.3) returned to 8ccbfbbc
8ccbfbbc: shows [As Kh]
9aef18ab: shows [Ad Kd]
*** FLOP *** [2s Td 6c]
*** TURN *** [2s Td 6c] [9c]
*** RIVER *** [2s Td 6c 9c] [9s]
*** SHOWDOWN ***
9aef18ab collected $11.76 from pot
8ccbfbbc collected $11.76 from pot
*** SUMMARY ***
Total pot $24.62 | Rake $1 | Jackpot $0.1 | Bingo $0 | Fortune $0 | Tax $0
Board [2s Td 6c 9c 9s]
Seat 1: 909fdc78 folded before Flop (didn't bet)
Seat 2: 9aef18ab showed [Ad Kd] and won ($11.76) with Pair of Nines
Seat 4: Hero (button) folded before Flop (didn't bet)
Seat 5: 8ccbfbbc (small blind) showed [As Kh] and won ($11.76) with Pair of Nines
Seat 6: 647b64d (big blind) folded before Flop


Poker Hand #HD1776486436: Hold'em No Limit ($0.05/$0.1) - 2024/05/17 14:01:29
Table 'NLHRed24' 6-max Seat #2 is the button
Seat 1: 909fdc78 ($12.01 in chips)
Seat 2: 9aef18ab ($12.26 in chips)
Seat 3: 6f3f2277 ($1.12 in chips)
Seat 4: Hero ($10 in chips)
Seat 5: 8ccbfbbc ($19.33 in chips)
Seat 6: 647b64d ($10.36 in chips)
6f3f2277: posts small blind $0.05
Hero: posts big blind $0.1
*** HOLE CARDS ***
Dealt to 909fdc78 
Dealt to 9aef18ab 
Dealt to 6f3f2277 
Dealt to Hero [Ts 7s]
Dealt to 8ccbfbbc 
Dealt to 647b64d 
8ccbfbbc: raises $0.1 to $0.2
647b64d: folds
909fdc78: folds
9aef18ab: folds
6f3f2277: folds
Hero: calls $0.1
*** FLOP *** [Kc Ad Td]
Hero: checks
8ccbfbbc: bets $0.34
Hero: folds
Uncalled bet ($0.34) returned to 8ccbfbbc
*** SHOWDOWN ***
8ccbfbbc collected $0.43 from pot
*** SUMMARY ***
Total pot $0.45 | Rake $0.02 | Jackpot $0 | Bingo $0 | Fortune $0 | Tax $0
Board [Kc Ad Td]
Seat 1: 909fdc78 folded before Flop (didn't bet)
Seat 2: 9aef18ab (button) folded before Flop (didn't bet)
Seat 3: 6f3f2277 (small blind) folded before Flop
Seat 4: Hero (big blind) folded on the Flop
Seat 5: 8ccbfbbc won ($0.43)
Seat 6: 647b64d folded before Flop (didn't bet)


