Poker Hand #HD1779155662: Hold'em No Limit ($0.05/$0.1) - 2024/05/19 13:36:15
Table 'NLHRed2' 6-max Seat #5 is the button
Seat 1: Hero ($10.2 in chips)
Seat 2: 403307b4 ($12.68 in chips)
Seat 3: 8dc8a608 ($19.34 in chips)
Seat 4: bd56930a ($10.55 in chips)
Seat 5: be3caebd ($23.78 in chips)
Hero: posts small blind $0.05
403307b4: posts big blind $0.1
*** HOLE CARDS ***
Dealt to Hero [3s 2d]
Dealt to 403307b4 
Dealt to 8dc8a608 
Dealt to bd56930a 
Dealt to be3caebd 
8dc8a608: raises $0.1 to $0.2
bd56930a: folds
be3caebd: raises $0.55 to $0.75
Hero: folds
403307b4: folds
8dc8a608: calls $0.55
*** FLOP *** [9c 5d 2h]
8dc8a608: checks
be3caebd: bets $0.55
8dc8a608: folds
Uncalled bet ($0.55) returned to be3caebd
*** SHOWDOWN ***
be3caebd collected $1.57 from pot
*** SUMMARY ***
Total pot $1.65 | Rake $0.08 | Jackpot $0 | Bingo $0 | Fortune $0 | Tax $0
Board [9c 5d 2h]
Seat 1: Hero (small blind) folded before Flop
Seat 2: 403307b4 (big blind) folded before Flop
Seat 3: 8dc8a608 folded on the Flop
Seat 4: bd56930a folded before Flop (didn't bet)
Seat 5: be3caebd (button) won ($1.57)


Poker Hand #HD1779155646: Hold'em No Limit ($0.05/$0.1) - 2024/05/19 13:36:05
Table 'NLHRed2' 6-max Seat #4 is the button
Seat 1: Hero ($10.15 in chips)
Seat 2: 403307b4 ($12.68 in chips)
Seat 3: 8dc8a608 ($19.34 in chips)
Seat 4: bd56930a ($10.55 in chips)
Seat 5: be3caebd ($23.83 in chips)
be3caebd: posts small blind $0.05
Hero: posts big blind $0.1
*** HOLE CARDS ***
Dealt to Hero [5d Qc]
Dealt to 403307b4 
Dealt to 8dc8a608 
Dealt to bd56930a 
Dealt to be3caebd 
403307b4: folds
8dc8a608: folds
bd56930a: folds
be3caebd: folds
Uncalled bet ($0.05) returned to Hero
*** SHOWDOWN ***
Hero collected $0.1 from pot
*** SUMMARY ***
Total pot $0.1 | Rake $0 | Jackpot $0 | Bingo $0 | Fortune $0 | Tax $0
Seat 1: Hero (big blind) collected ($0.1)
Seat 2: 403307b4 folded before Flop (didn't bet)
Seat 3: 8dc8a608 folded before Flop (didn't bet)
Seat 4: bd56930a (button) folded before Flop (didn't bet)
Seat 5: be3caebd (small blind) folded before Flop


Poker Hand #HD1779075631: Hold'em No Limit ($0.05/$0.1) - 2024/05/19 13:35:56
Table 'NLHRed2' 6-max Seat #3 is the button
Seat 1: Hero ($10 in chips)
Seat 2: 403307b4 ($12.68 in chips)
Seat 3: 8dc8a608 ($19.34 in chips)
Seat 4: bd56930a ($10.6 in chips)
Seat 5: be3caebd ($23.93 in chips)
bd56930a: posts small blind $0.05
be3caebd: posts big blind $0.1
*** HOLE CARDS ***
Dealt to Hero [Js 7s]
Dealt to 403307b4 
Dealt to 8dc8a608 
Dealt to bd56930a 
Dealt to be3caebd 
Hero: raises $0.1 to $0.2
403307b4: folds
8dc8a608: folds
bd56930a: folds
be3caebd: folds
Uncalled bet ($0.1) returned to Hero
*** SHOWDOWN ***
Hero collected $0.25 from pot
*** SUMMARY ***
Total pot $0.25 | Rake $0 | Jackpot $0 | Bingo $0 | Fortune $0 | Tax $0
Seat 1: Hero collected ($0.25)
Seat 2: 403307b4 folded before Flop (didn't bet)
Seat 3: 8dc8a608 (button) folded before Flop (didn't bet)
Seat 4: bd56930a (small blind) folded before Flop
Seat 5: be3caebd (big blind) folded before Flop


Poker Hand #HD1779075544: Hold'em No Limit ($0.05/$0.1) - 2024/05/19 13:34:59
Table 'NLHRed2' 6-max Seat #2 is the button
Seat 1: Hero ($10 in chips)
Seat 2: 403307b4 ($12.68 in chips)
Seat 3: 8dc8a608 ($19.39 in chips)
Seat 4: bd56930a ($10.33 in chips)
Seat 5: be3caebd ($23.93 in chips)
8dc8a608: posts small blind $0.05
bd56930a: posts big blind $0.1
*** HOLE CARDS ***
Dealt to Hero [7s 9s]
Dealt to 403307b4 
Dealt to 8dc8a608 
Dealt to bd56930a 
Dealt to be3caebd 
be3caebd: folds
Hero: raises $0.14 to $0.24
403307b4: folds
8dc8a608: folds
bd56930a: calls $0.14
*** FLOP *** [2d 3h Kc]
bd56930a: checks
Hero: checks
*** TURN *** [2d 3h Kc] [4c]
bd56930a: checks
Hero: checks
*** RIVER *** [2d 3h Kc 4c] [Td]
bd56930a: checks
Hero: checks
bd56930a: shows [Ah 9h] (Ace-High)
Hero: shows [7s 9s] (King-High)
*** SHOWDOWN ***
bd56930a collected $0.51 from pot
*** SUMMARY ***
Total pot $0.53 | Rake $0.02 | Jackpot $0 | Bingo $0 | Fortune $0 | Tax $0
Board [2d 3h Kc 4c Td]
Seat 1: Hero showed [7s 9s] and lost with King-High
Seat 2: 403307b4 (button) folded before Flop (didn't bet)
Seat 3: 8dc8a608 (small blind) folded before Flop
Seat 4: bd56930a (big blind) showed [Ah 9h] and won ($0.51) with Ace-High
Seat 5: be3caebd folded before Flop (didn't bet)


Poker Hand #HD1779075480: Hold'em No Limit ($0.05/$0.1) - 2024/05/19 13:34:16
Table 'NLHRed2' 6-max Seat #1 is the button
Seat 1: Hero ($10 in chips)
Seat 2: 403307b4 ($12.41 in chips)
Seat 3: 8dc8a608 ($19.69 in chips)
Seat 4: bd56930a ($10.33 in chips)
Seat 5: be3caebd ($23.93 in chips)
403307b4: posts small blind $0.05
8dc8a608: posts big blind $0.1
*** HOLE CARDS ***
Dealt to Hero [5c 3h]
Dealt to 403307b4 
Dealt to 8dc8a608 
Dealt to bd56930a 
Dealt to be3caebd 
bd56930a: folds
be3caebd: folds
Hero: folds
403307b4: raises $0.2 to $0.3
8dc8a608: calls $0.2
*** FLOP *** [9h 8c 7c]
403307b4: checks
8dc8a608: checks
*** TURN *** [9h 8c 7c] [Ad]
403307b4: bets $0.45
8dc8a608: folds
Uncalled bet ($0.45) returned to 403307b4
*** SHOWDOWN ***
403307b4 collected $0.57 from pot
*** SUMMARY ***
Total pot $0.6 | Rake $0.03 | Jackpot $0 | Bingo $0 | Fortune $0 | Tax $0
Board [9h 8c 7c Ad]
Seat 1: Hero (button) folded before Flop (didn't bet)
Seat 2: 403307b4 (small blind) won ($0.57)
Seat 3: 8dc8a608 (big blind) folded on the Turn
Seat 4: bd56930a folded before Flop (didn't bet)
Seat 5: be3caebd folded before Flop (didn't bet)


Poker Hand #HD1779075463: Hold'em No Limit ($0.05/$0.1) - 2024/05/19 13:34:06
Table 'NLHRed2' 6-max Seat #5 is the button
Seat 1: Hero ($10 in chips)
Seat 2: 403307b4 ($12.36 in chips)
Seat 3: 8dc8a608 ($19.69 in chips)
Seat 4: bd56930a ($10.33 in chips)
Seat 5: be3caebd ($23.93 in chips)
Hero: posts small blind $0.05
403307b4: posts big blind $0.1
*** HOLE CARDS ***
Dealt to Hero [6h 7c]
Dealt to 403307b4 
Dealt to 8dc8a608 
Dealt to bd56930a 
Dealt to be3caebd 
8dc8a608: folds
bd56930a: folds
be3caebd: folds
Hero: folds
Uncalled bet ($0.05) returned to 403307b4
*** SHOWDOWN ***
403307b4 collected $0.1 from pot
*** SUMMARY ***
Total pot $0.1 | Rake $0 | Jackpot $0 | Bingo $0 | Fortune $0 | Tax $0
Seat 1: Hero (small blind) folded before Flop
Seat 2: 403307b4 (big blind) collected ($0.1)
Seat 3: 8dc8a608 folded before Flop (didn't bet)
Seat 4: bd56930a folded before Flop (didn't bet)
Seat 5: be3caebd (button) folded before Flop (didn't bet)


Poker Hand #HD1779075441: Hold'em No Limit ($0.05/$0.1) - 2024/05/19 13:33:54
Table 'NLHRed2' 6-max Seat #4 is the button
Seat 1: Hero ($10 in chips)
Seat 2: 403307b4 ($12.36 in chips)
Seat 3: 8dc8a608 ($19.69 in chips)
Seat 4: bd56930a ($10.18 in chips)
Seat 5: be3caebd ($23.98 in chips)
be3caebd: posts small blind $0.05
Hero: posts big blind $0.1
*** HOLE CARDS ***
Dealt to Hero [7s Td]
Dealt to 403307b4 
Dealt to 8dc8a608 
Dealt to bd56930a 
Dealt to be3caebd 
403307b4: folds
8dc8a608: folds
bd56930a: raises $0.1 to $0.2
be3caebd: folds
Hero: folds
Uncalled bet ($0.1) returned to bd56930a
*** SHOWDOWN ***
bd56930a collected $0.25 from pot
*** SUMMARY ***
Total pot $0.25 | Rake $0 | Jackpot $0 | Bingo $0 | Fortune $0 | Tax $0
Seat 1: Hero (big blind) folded before Flop
Seat 2: 403307b4 folded before Flop (didn't bet)
Seat 3: 8dc8a608 folded before Flop (didn't bet)
Seat 4: bd56930a (button) collected ($0.25)
Seat 5: be3caebd (small blind) folded before Flop


Poker Hand #HD1779075418: Hold'em No Limit ($0.05/$0.1) - 2024/05/19 13:33:42
Table 'NLHRed2' 6-max Seat #3 is the button
Seat 1: Hero ($10 in chips)
Seat 2: 403307b4 ($12.36 in chips)
Seat 3: 8dc8a608 ($19.69 in chips)
Seat 4: bd56930a ($10.23 in chips)
Seat 5: be3caebd ($23.93 in chips)
bd56930a: posts small blind $0.05
be3caebd: posts big blind $0.1
*** HOLE CARDS ***
Dealt to Hero [2h Qs]
Dealt to 403307b4 
Dealt to 8dc8a608 
Dealt to bd56930a 
Dealt to be3caebd 
Hero: folds
403307b4: folds
8dc8a608: folds
bd56930a: folds
Uncalled bet ($0.05) returned to be3caebd
*** SHOWDOWN ***
be3caebd collected $0.1 from pot
*** SUMMARY ***
Total pot $0.1 | Rake $0 | Jackpot $0 | Bingo $0 | Fortune $0 | Tax $0
Seat 1: Hero folded before Flop (didn't bet)
Seat 2: 403307b4 folded before Flop (didn't bet)
Seat 3: 8dc8a608 (button) folded before Flop (didn't bet)
Seat 4: bd56930a (small blind) folded before Flop
Seat 5: be3caebd (big blind) collected ($0.1)


Poker Hand #HD1779075327: Hold'em No Limit ($0.05/$0.1) - 2024/05/19 13:32:37
Table 'NLHRed2' 6-max Seat #2 is the button
Seat 1: Hero ($10.04 in chips)
Seat 2: 403307b4 ($12.36 in chips)
Seat 3: 8dc8a608 ($16.55 in chips)
Seat 4: bd56930a ($10.33 in chips)
Seat 5: be3caebd ($23.93 in chips)
8dc8a608: posts small blind $0.05
bd56930a: posts big blind $0.1
*** HOLE CARDS ***
Dealt to Hero [Ks Qh]
Dealt to 403307b4 
Dealt to 8dc8a608 
Dealt to bd56930a 
Dealt to be3caebd 
be3caebd: folds
Hero: raises $0.14 to $0.24
403307b4: folds
8dc8a608: calls $0.19
bd56930a: folds
*** FLOP *** [4s 7h As]
8dc8a608: checks
Hero: bets $0.3
8dc8a608: calls $0.3
*** TURN *** [4s 7h As] [2s]
8dc8a608: checks
Hero: bets $0.8
8dc8a608: calls $0.8
*** RIVER *** [4s 7h As 2s] [2d]
8dc8a608: checks
Hero: bets $2.14
8dc8a608: raises $2.33 to $4.47
Hero: folds
Uncalled bet ($2.33) returned to 8dc8a608
*** SHOWDOWN ***
8dc8a608 collected $6.62 from pot
*** SUMMARY ***
Total pot $7.06 | Rake $0.34 | Jackpot $0.1 | Bingo $0 | Fortune $0 | Tax $0
Board [4s 7h As 2s 2d]
Seat 1: Hero folded on the River
Seat 2: 403307b4 (button) folded before Flop (didn't bet)
Seat 3: 8dc8a608 (small blind) won ($6.62)
Seat 4: bd56930a (big blind) folded before Flop
Seat 5: be3caebd folded before Flop (didn't bet)


Poker Hand #HD1779075290: Hold'em No Limit ($0.05/$0.1) - 2024/05/19 13:32:16
Table 'NLHRed2' 6-max Seat #1 is the button
Seat 1: Hero ($10.04 in chips)
Seat 2: 403307b4 ($12.41 in chips)
Seat 3: 8dc8a608 ($16.65 in chips)
Seat 4: bd56930a ($10.18 in chips)
Seat 5: be3caebd ($23.93 in chips)
403307b4: posts small blind $0.05
8dc8a608: posts big blind $0.1
*** HOLE CARDS ***
Dealt to Hero [Th 4c]
Dealt to 403307b4 
Dealt to 8dc8a608 
Dealt to bd56930a 
Dealt to be3caebd 
bd56930a: raises $0.15 to $0.25
be3caebd: folds
Hero: folds
403307b4: folds
8dc8a608: folds
Uncalled bet ($0.15) returned to bd56930a
*** SHOWDOWN ***
bd56930a collected $0.25 from pot
*** SUMMARY ***
Total pot $0.25 | Rake $0 | Jackpot $0 | Bingo $0 | Fortune $0 | Tax $0
Seat 1: Hero (button) folded before Flop (didn't bet)
Seat 2: 403307b4 (small blind) folded before Flop
Seat 3: 8dc8a608 (big blind) folded before Flop
Seat 4: bd56930a collected ($0.25)
Seat 5: be3caebd folded before Flop (didn't bet)


Poker Hand #HD1779075225: Hold'em No Limit ($0.05/$0.1) - 2024/05/19 13:31:28
Table 'NLHRed2' 6-max Seat #5 is the button
Seat 1: Hero ($10.09 in chips)
Seat 2: 403307b4 ($12.51 in chips)
Seat 3: 8dc8a608 ($16.65 in chips)
Seat 4: bd56930a ($10.43 in chips)
Seat 5: be3caebd ($23.56 in chips)
Hero: posts small blind $0.05
403307b4: posts big blind $0.1
*** HOLE CARDS ***
Dealt to Hero [7d 3s]
Dealt to 403307b4 
Dealt to 8dc8a608 
Dealt to bd56930a 
Dealt to be3caebd 
8dc8a608: folds
bd56930a: raises $0.15 to $0.25
be3caebd: calls $0.25
Hero: folds
403307b4: folds
*** FLOP *** [As 6h 4s]
bd56930a: checks
be3caebd: bets $0.27
bd56930a: folds
Uncalled bet ($0.27) returned to be3caebd
*** SHOWDOWN ***
be3caebd collected $0.62 from pot
*** SUMMARY ***
Total pot $0.65 | Rake $0.03 | Jackpot $0 | Bingo $0 | Fortune $0 | Tax $0
Board [As 6h 4s]
Seat 1: Hero (small blind) folded before Flop
Seat 2: 403307b4 (big blind) folded before Flop
Seat 3: 8dc8a608 folded before Flop (didn't bet)
Seat 4: bd56930a folded on the Flop
Seat 5: be3caebd (button) won ($0.62)


Poker Hand #HD1779075199: Hold'em No Limit ($0.05/$0.1) - 2024/05/19 13:31:13
Table 'NLHRed2' 6-max Seat #4 is the button
Seat 1: Hero ($10.19 in chips)
Seat 2: 403307b4 ($12.51 in chips)
Seat 3: 8dc8a608 ($16.5 in chips)
Seat 4: bd56930a ($10.43 in chips)
Seat 5: be3caebd ($23.61 in chips)
be3caebd: posts small blind $0.05
Hero: posts big blind $0.1
*** HOLE CARDS ***
Dealt to Hero [2s Ac]
Dealt to 403307b4 
Dealt to 8dc8a608 
Dealt to bd56930a 
Dealt to be3caebd 
403307b4: folds
8dc8a608: raises $0.1 to $0.2
bd56930a: folds
be3caebd: folds
Hero: folds
Uncalled bet ($0.1) returned to 8dc8a608
*** SHOWDOWN ***
8dc8a608 collected $0.25 from pot
*** SUMMARY ***
Total pot $0.25 | Rake $0 | Jackpot $0 | Bingo $0 | Fortune $0 | Tax $0
Seat 1: Hero (big blind) folded before Flop
Seat 2: 403307b4 folded before Flop (didn't bet)
Seat 3: 8dc8a608 collected ($0.25)
Seat 4: bd56930a (button) folded before Flop (didn't bet)
Seat 5: be3caebd (small blind) folded before Flop


Poker Hand #HD1779075139: Hold'em No Limit ($0.05/$0.1) - 2024/05/19 13:30:33
Table 'NLHRed2' 6-max Seat #3 is the button
Seat 1: Hero ($10.19 in chips)
Seat 2: 403307b4 ($12.19 in chips)
Seat 3: 8dc8a608 ($16.5 in chips)
Seat 4: bd56930a ($10.48 in chips)
Seat 5: be3caebd ($23.91 in chips)
bd56930a: posts small blind $0.05
be3caebd: posts big blind $0.1
*** HOLE CARDS ***
Dealt to Hero [Qh 2s]
Dealt to 403307b4 
Dealt to 8dc8a608 
Dealt to bd56930a 
Dealt to be3caebd 
Hero: folds
403307b4: raises $0.2 to $0.3
8dc8a608: folds
bd56930a: folds
be3caebd: calls $0.2
*** FLOP *** [7s Kc Qs]
be3caebd: checks
403307b4: bets $0.49
be3caebd: folds
Uncalled bet ($0.49) returned to 403307b4
*** SHOWDOWN ***
403307b4 collected $0.62 from pot
*** SUMMARY ***
Total pot $0.65 | Rake $0.03 | Jackpot $0 | Bingo $0 | Fortune $0 | Tax $0
Board [7s Kc Qs]
Seat 1: Hero folded before Flop (didn't bet)
Seat 2: 403307b4 won ($0.62)
Seat 3: 8dc8a608 (button) folded before Flop (didn't bet)
Seat 4: bd56930a (small blind) folded before Flop
Seat 5: be3caebd (big blind) folded on the Flop


Poker Hand #HD1779075127: Hold'em No Limit ($0.05/$0.1) - 2024/05/19 13:30:25
Table 'NLHRed2' 6-max Seat #2 is the button
Seat 1: Hero ($10.19 in chips)
Seat 2: 403307b4 ($12.19 in chips)
Seat 3: 8dc8a608 ($16.55 in chips)
Seat 4: bd56930a ($10.43 in chips)
Seat 5: be3caebd ($23.91 in chips)
8dc8a608: posts small blind $0.05
bd56930a: posts big blind $0.1
*** HOLE CARDS ***
Dealt to Hero [3h 3c]
Dealt to 403307b4 
Dealt to 8dc8a608 
Dealt to bd56930a 
Dealt to be3caebd 
be3caebd: folds
Hero: folds
403307b4: folds
8dc8a608: folds
Uncalled bet ($0.05) returned to bd56930a
*** SHOWDOWN ***
bd56930a collected $0.1 from pot
*** SUMMARY ***
Total pot $0.1 | Rake $0 | Jackpot $0 | Bingo $0 | Fortune $0 | Tax $0
Seat 1: Hero folded before Flop (didn't bet)
Seat 2: 403307b4 (button) folded before Flop (didn't bet)
Seat 3: 8dc8a608 (small blind) folded before Flop
Seat 4: bd56930a (big blind) collected ($0.1)
Seat 5: be3caebd folded before Flop (didn't bet)


Poker Hand #HD1779075097: Hold'em No Limit ($0.05/$0.1) - 2024/05/19 13:30:03
Table 'NLHRed2' 6-max Seat #1 is the button
Seat 1: Hero ($10.19 in chips)
Seat 2: 403307b4 ($12.24 in chips)
Seat 3: 8dc8a608 ($16.65 in chips)
Seat 4: bd56930a ($10.28 in chips)
Seat 5: be3caebd ($23.91 in chips)
403307b4: posts small blind $0.05
8dc8a608: posts big blind $0.1
*** HOLE CARDS ***
Dealt to Hero [7h 3d]
Dealt to 403307b4 
Dealt to 8dc8a608 
Dealt to bd56930a 
Dealt to be3caebd 
bd56930a: raises $0.15 to $0.25
be3caebd: folds
Hero: folds
403307b4: folds
8dc8a608: folds
Uncalled bet ($0.15) returned to bd56930a
*** SHOWDOWN ***
bd56930a collected $0.25 from pot
*** SUMMARY ***
Total pot $0.25 | Rake $0 | Jackpot $0 | Bingo $0 | Fortune $0 | Tax $0
Seat 1: Hero (button) folded before Flop (didn't bet)
Seat 2: 403307b4 (small blind) folded before Flop
Seat 3: 8dc8a608 (big blind) folded before Flop
Seat 4: bd56930a collected ($0.25)
Seat 5: be3caebd folded before Flop (didn't bet)


Poker Hand #HD1779075078: Hold'em No Limit ($0.05/$0.1) - 2024/05/19 13:29:51
Table 'NLHRed2' 6-max Seat #5 is the button
Seat 1: Hero ($10.24 in chips)
Seat 2: 403307b4 ($12.19 in chips)
Seat 3: 8dc8a608 ($16.65 in chips)
Seat 4: bd56930a ($10.28 in chips)
Seat 5: be3caebd ($23.91 in chips)
Hero: posts small blind $0.05
403307b4: posts big blind $0.1
*** HOLE CARDS ***
Dealt to Hero [8d 9c]
Dealt to 403307b4 
Dealt to 8dc8a608 
Dealt to bd56930a 
Dealt to be3caebd 
8dc8a608: folds
bd56930a: folds
be3caebd: folds
Hero: folds
Uncalled bet ($0.05) returned to 403307b4
*** SHOWDOWN ***
403307b4 collected $0.1 from pot
*** SUMMARY ***
Total pot $0.1 | Rake $0 | Jackpot $0 | Bingo $0 | Fortune $0 | Tax $0
Seat 1: Hero (small blind) folded before Flop
Seat 2: 403307b4 (big blind) collected ($0.1)
Seat 3: 8dc8a608 folded before Flop (didn't bet)
Seat 4: bd56930a folded before Flop (didn't bet)
Seat 5: be3caebd (button) folded before Flop (didn't bet)


Poker Hand #HD1779075022: Hold'em No Limit ($0.05/$0.1) - 2024/05/19 13:29:21
Table 'NLHRed2' 6-max Seat #4 is the button
Seat 1: Hero ($10.49 in chips)
Seat 2: 403307b4 ($12.19 in chips)
Seat 3: 8dc8a608 ($16.65 in chips)
Seat 4: bd56930a ($10 in chips)
Seat 5: be3caebd ($23.96 in chips)
be3caebd: posts small blind $0.05
Hero: posts big blind $0.1
*** HOLE CARDS ***
Dealt to Hero [Th 9c]
Dealt to 403307b4 
Dealt to 8dc8a608 
Dealt to bd56930a 
Dealt to be3caebd 
403307b4: folds
8dc8a608: folds
bd56930a: raises $0.15 to $0.25
be3caebd: folds
Hero: calls $0.15
*** FLOP *** [4d 5c 3s]
Hero: checks
bd56930a: bets $0.28
Hero: folds
Uncalled bet ($0.28) returned to bd56930a
*** SHOWDOWN ***
bd56930a collected $0.53 from pot
*** SUMMARY ***
Total pot $0.55 | Rake $0.02 | Jackpot $0 | Bingo $0 | Fortune $0 | Tax $0
Board [4d 5c 3s]
Seat 1: Hero (big blind) folded on the Flop
Seat 2: 403307b4 folded before Flop (didn't bet)
Seat 3: 8dc8a608 folded before Flop (didn't bet)
Seat 4: bd56930a (button) won ($0.53)
Seat 5: be3caebd (small blind) folded before Flop


Poker Hand #HD1779074938: Hold'em No Limit ($0.05/$0.1) - 2024/05/19 13:28:27
Table 'NLHRed2' 6-max Seat #3 is the button
Seat 1: Hero ($10.49 in chips)
Seat 2: 403307b4 ($12.19 in chips)
Seat 3: 8dc8a608 ($17.6 in chips)
Seat 4: bd56930a ($10 in chips)
Seat 5: be3caebd ($23.05 in chips)
bd56930a: posts small blind $0.05
be3caebd: posts big blind $0.1
*** HOLE CARDS ***
Dealt to Hero [5d 3d]
Dealt to 403307b4 
Dealt to 8dc8a608 
Dealt to bd56930a 
Dealt to be3caebd 
Hero: folds
403307b4: folds
8dc8a608: raises $0.2 to $0.3
bd56930a: folds
be3caebd: raises $0.65 to $0.95
8dc8a608: calls $0.65
*** FLOP *** [2d 2h Qd]
be3caebd: bets $0.85
8dc8a608: folds
Uncalled bet ($0.85) returned to be3caebd
*** SHOWDOWN ***
be3caebd collected $1.86 from pot
*** SUMMARY ***
Total pot $1.95 | Rake $0.09 | Jackpot $0 | Bingo $0 | Fortune $0 | Tax $0
Board [2d 2h Qd]
Seat 1: Hero folded before Flop (didn't bet)
Seat 2: 403307b4 folded before Flop (didn't bet)
Seat 3: 8dc8a608 (button) folded on the Flop
Seat 4: bd56930a (small blind) folded before Flop
Seat 5: be3caebd (big blind) won ($1.86)


Poker Hand #HD1779074825: Hold'em No Limit ($0.05/$0.1) - 2024/05/19 13:27:10
Table 'NLHRed2' 6-max Seat #2 is the button
Seat 1: Hero ($10.49 in chips)
Seat 2: 403307b4 ($10.07 in chips)
Seat 3: 8dc8a608 ($17.65 in chips)
Seat 4: bd56930a ($10.84 in chips)
Seat 5: be3caebd ($23.05 in chips)
8dc8a608: posts small blind $0.05
bd56930a: posts big blind $0.1
*** HOLE CARDS ***
Dealt to Hero [Jc 3s]
Dealt to 403307b4 
Dealt to 8dc8a608 
Dealt to bd56930a 
Dealt to be3caebd 
be3caebd: folds
Hero: folds
403307b4: raises $0.2 to $0.3
8dc8a608: folds
bd56930a: raises $0.9 to $1.2
403307b4: calls $0.9
*** FLOP *** [4d 2s 2c]
bd56930a: bets $1.2
403307b4: calls $1.2
*** TURN *** [4d 2s 2c] [2d]
bd56930a: checks
403307b4: checks
*** RIVER *** [4d 2s 2c 2d] [6c]
bd56930a: checks
403307b4: checks
bd56930a: shows [Jd As] (Three Twos)
403307b4: shows [Kh Ad] (Three Twos)
*** SHOWDOWN ***
403307b4 collected $4.52 from pot
*** SUMMARY ***
Total pot $4.85 | Rake $0.23 | Jackpot $0.1 | Bingo $0 | Fortune $0 | Tax $0
Board [4d 2s 2c 2d 6c]
Seat 1: Hero folded before Flop (didn't bet)
Seat 2: 403307b4 (button) showed [Kh Ad] and won ($4.52) with Three Twos
Seat 3: 8dc8a608 (small blind) folded before Flop
Seat 4: bd56930a (big blind) showed [Jd As] and lost with Three Twos
Seat 5: be3caebd folded before Flop (didn't bet)


Poker Hand #HD1779074786: Hold'em No Limit ($0.05/$0.1) - 2024/05/19 13:26:50
Table 'NLHRed2' 6-max Seat #1 is the button
Seat 1: Hero ($10.49 in chips)
Seat 2: 403307b4 ($10.12 in chips)
Seat 3: 8dc8a608 ($17.6 in chips)
Seat 4: bd56930a ($10.84 in chips)
Seat 5: be3caebd ($23.05 in chips)
403307b4: posts small blind $0.05
8dc8a608: posts big blind $0.1
*** HOLE CARDS ***
Dealt to Hero [Qh 7c]
Dealt to 403307b4 
Dealt to 8dc8a608 
Dealt to bd56930a 
Dealt to be3caebd 
bd56930a: folds
be3caebd: folds
Hero: folds
403307b4: folds
Uncalled bet ($0.05) returned to 8dc8a608
*** SHOWDOWN ***
8dc8a608 collected $0.1 from pot
*** SUMMARY ***
Total pot $0.1 | Rake $0 | Jackpot $0 | Bingo $0 | Fortune $0 | Tax $0
Seat 1: Hero (button) folded before Flop (didn't bet)
Seat 2: 403307b4 (small blind) folded before Flop
Seat 3: 8dc8a608 (big blind) collected ($0.1)
Seat 4: bd56930a folded before Flop (didn't bet)
Seat 5: be3caebd folded before Flop (didn't bet)


Poker Hand #HD1779074738: Hold'em No Limit ($0.05/$0.1) - 2024/05/19 13:26:22
Table 'NLHRed2' 6-max Seat #5 is the button
Seat 1: Hero ($10.54 in chips)
Seat 2: 403307b4 ($10.22 in chips)
Seat 3: 8dc8a608 ($17.6 in chips)
Seat 4: bd56930a ($10.69 in chips)
Seat 5: be3caebd ($23.05 in chips)
Hero: posts small blind $0.05
403307b4: posts big blind $0.1
*** HOLE CARDS ***
Dealt to Hero [Qc 3c]
Dealt to 403307b4 
Dealt to 8dc8a608 
Dealt to bd56930a 
Dealt to be3caebd 
8dc8a608: folds
bd56930a: raises $0.15 to $0.25
be3caebd: folds
Hero: folds
403307b4: folds
Uncalled bet ($0.15) returned to bd56930a
*** SHOWDOWN ***
bd56930a collected $0.25 from pot
*** SUMMARY ***
Total pot $0.25 | Rake $0 | Jackpot $0 | Bingo $0 | Fortune $0 | Tax $0
Seat 1: Hero (small blind) folded before Flop
Seat 2: 403307b4 (big blind) folded before Flop
Seat 3: 8dc8a608 folded before Flop (didn't bet)
Seat 4: bd56930a collected ($0.25)
Seat 5: be3caebd (button) folded before Flop (didn't bet)


Poker Hand #HD1779074691: Hold'em No Limit ($0.05/$0.1) - 2024/05/19 13:25:48
Table 'NLHRed2' 6-max Seat #4 is the button
Seat 1: Hero ($10.64 in chips)
Seat 2: 403307b4 ($10.22 in chips)
Seat 3: 8dc8a608 ($17.6 in chips)
Seat 4: bd56930a ($10.37 in chips)
Seat 5: be3caebd ($23.3 in chips)
be3caebd: posts small blind $0.05
Hero: posts big blind $0.1
*** HOLE CARDS ***
Dealt to Hero [2h 9c]
Dealt to 403307b4 
Dealt to 8dc8a608 
Dealt to bd56930a 
Dealt to be3caebd 
403307b4: folds
8dc8a608: folds
bd56930a: raises $0.15 to $0.25
be3caebd: calls $0.2
Hero: folds
*** FLOP *** [Qd 3s 2c]
be3caebd: checks
bd56930a: bets $0.2
be3caebd: folds
Uncalled bet ($0.2) returned to bd56930a
*** SHOWDOWN ***
bd56930a collected $0.57 from pot
*** SUMMARY ***
Total pot $0.6 | Rake $0.03 | Jackpot $0 | Bingo $0 | Fortune $0 | Tax $0
Board [Qd 3s 2c]
Seat 1: Hero (big blind) folded before Flop
Seat 2: 403307b4 folded before Flop (didn't bet)
Seat 3: 8dc8a608 folded before Flop (didn't bet)
Seat 4: bd56930a (button) won ($0.57)
Seat 5: be3caebd (small blind) folded on the Flop


Poker Hand #HD1779074659: Hold'em No Limit ($0.05/$0.1) - 2024/05/19 13:25:26
Table 'NLHRed2' 6-max Seat #3 is the button
Seat 1: Hero ($10.64 in chips)
Seat 2: 403307b4 ($10.22 in chips)
Seat 3: 8dc8a608 ($17.9 in chips)
Seat 4: bd56930a ($10 in chips)
Seat 5: be3caebd ($23.4 in chips)
bd56930a: posts small blind $0.05
be3caebd: posts big blind $0.1
*** HOLE CARDS ***
Dealt to Hero [5c Kd]
Dealt to 403307b4 
Dealt to 8dc8a608 
Dealt to bd56930a 
Dealt to be3caebd 
Hero: folds
403307b4: folds
8dc8a608: raises $0.2 to $0.3
bd56930a: raises $0.9 to $1.2
be3caebd: folds
8dc8a608: folds
Uncalled bet ($0.9) returned to bd56930a
*** SHOWDOWN ***
bd56930a collected $0.67 from pot
*** SUMMARY ***
Total pot $0.7 | Rake $0.03 | Jackpot $0 | Bingo $0 | Fortune $0 | Tax $0
Seat 1: Hero folded before Flop (didn't bet)
Seat 2: 403307b4 folded before Flop (didn't bet)
Seat 3: 8dc8a608 (button) folded before Flop
Seat 4: bd56930a (small blind) collected ($0.67)
Seat 5: be3caebd (big blind) folded before Flop


Poker Hand #HD1779074623: Hold'em No Limit ($0.05/$0.1) - 2024/05/19 13:25:09
Table 'NLHRed2' 6-max Seat #2 is the button
Seat 1: Hero ($10.49 in chips)
Seat 2: 403307b4 ($10.22 in chips)
Seat 3: 8dc8a608 ($17.95 in chips)
Seat 4: bd56930a ($10 in chips)
Seat 5: be3caebd ($23.4 in chips)
8dc8a608: posts small blind $0.05
bd56930a: posts big blind $0.1
*** HOLE CARDS ***
Dealt to Hero [8c Tc]
Dealt to 403307b4 
Dealt to 8dc8a608 
Dealt to bd56930a 
Dealt to be3caebd 
be3caebd: folds
Hero: raises $0.14 to $0.24
403307b4: folds
8dc8a608: folds
bd56930a: folds
Uncalled bet ($0.14) returned to Hero
*** SHOWDOWN ***
Hero collected $0.25 from pot
*** SUMMARY ***
Total pot $0.25 | Rake $0 | Jackpot $0 | Bingo $0 | Fortune $0 | Tax $0
Seat 1: Hero collected ($0.25)
Seat 2: 403307b4 (button) folded before Flop (didn't bet)
Seat 3: 8dc8a608 (small blind) folded before Flop
Seat 4: bd56930a (big blind) folded before Flop
Seat 5: be3caebd folded before Flop (didn't bet)


Poker Hand #HD1779074595: Hold'em No Limit ($0.05/$0.1) - 2024/05/19 13:24:52
Table 'NLHRed2' 6-max Seat #1 is the button
Seat 1: Hero ($10.49 in chips)
Seat 2: 403307b4 ($10.27 in chips)
Seat 3: 8dc8a608 ($17.9 in chips)
Seat 4: bd56930a ($10 in chips)
Seat 5: be3caebd ($23.4 in chips)
403307b4: posts small blind $0.05
8dc8a608: posts big blind $0.1
*** HOLE CARDS ***
Dealt to Hero [7s Kh]
Dealt to 403307b4 
Dealt to 8dc8a608 
Dealt to bd56930a 
Dealt to be3caebd 
bd56930a: folds
be3caebd: folds
Hero: folds
403307b4: folds
Uncalled bet ($0.05) returned to 8dc8a608
*** SHOWDOWN ***
8dc8a608 collected $0.1 from pot
*** SUMMARY ***
Total pot $0.1 | Rake $0 | Jackpot $0 | Bingo $0 | Fortune $0 | Tax $0
Seat 1: Hero (button) folded before Flop (didn't bet)
Seat 2: 403307b4 (small blind) folded before Flop
Seat 3: 8dc8a608 (big blind) collected ($0.1)
Seat 4: bd56930a folded before Flop (didn't bet)
Seat 5: be3caebd folded before Flop (didn't bet)


Poker Hand #HD1779074536: Hold'em No Limit ($0.05/$0.1) - 2024/05/19 13:24:13
Table 'NLHRed2' 6-max Seat #5 is the button
Seat 1: Hero ($10.79 in chips)
Seat 2: 403307b4 ($10 in chips)
Seat 3: 8dc8a608 ($17.9 in chips)
Seat 4: bd56930a ($10 in chips)
Seat 5: be3caebd ($23.4 in chips)
Hero: posts small blind $0.05
403307b4: posts big blind $0.1
*** HOLE CARDS ***
Dealt to Hero [9s Kd]
Dealt to 403307b4 
Dealt to 8dc8a608 
Dealt to bd56930a 
Dealt to be3caebd 
8dc8a608: folds
bd56930a: folds
be3caebd: folds
Hero: raises $0.2 to $0.3
403307b4: calls $0.2
*** FLOP *** [4s 6d Ts]
Hero: checks
403307b4: bets $0.2
Hero: folds
Uncalled bet ($0.2) returned to 403307b4
*** SHOWDOWN ***
403307b4 collected $0.57 from pot
*** SUMMARY ***
Total pot $0.6 | Rake $0.03 | Jackpot $0 | Bingo $0 | Fortune $0 | Tax $0
Board [4s 6d Ts]
Seat 1: Hero (small blind) folded on the Flop
Seat 2: 403307b4 (big blind) won ($0.57)
Seat 3: 8dc8a608 folded before Flop (didn't bet)
Seat 4: bd56930a folded before Flop (didn't bet)
Seat 5: be3caebd (button) folded before Flop (didn't bet)


Poker Hand #HD1779074476: Hold'em No Limit ($0.05/$0.1) - 2024/05/19 13:23:39
Table 'NLHRed2' 6-max Seat #4 is the button
Seat 1: Hero ($10.89 in chips)
Seat 2: 403307b4 ($10 in chips)
Seat 3: 8dc8a608 ($17.9 in chips)
Seat 4: bd56930a ($10 in chips)
Seat 5: be3caebd ($23.31 in chips)
be3caebd: posts small blind $0.05
Hero: posts big blind $0.1
*** HOLE CARDS ***
Dealt to Hero [Jd 2d]
Dealt to 403307b4 
Dealt to 8dc8a608 
Dealt to bd56930a 
Dealt to be3caebd 
403307b4: folds
8dc8a608: folds
bd56930a: folds
be3caebd: calls $0.05
Hero: checks
*** FLOP *** [Kh 3c 4h]
be3caebd: checks
Hero: checks
*** TURN *** [Kh 3c 4h] [5d]
be3caebd: bets $0.2
Hero: folds
Uncalled bet ($0.2) returned to be3caebd
*** SHOWDOWN ***
be3caebd collected $0.19 from pot
*** SUMMARY ***
Total pot $0.2 | Rake $0.01 | Jackpot $0 | Bingo $0 | Fortune $0 | Tax $0
Board [Kh 3c 4h 5d]
Seat 1: Hero (big blind) folded on the Turn
Seat 2: 403307b4 folded before Flop (didn't bet)
Seat 3: 8dc8a608 folded before Flop (didn't bet)
Seat 4: bd56930a (button) folded before Flop (didn't bet)
Seat 5: be3caebd (small blind) won ($0.19)


Poker Hand #HD1779074457: Hold'em No Limit ($0.05/$0.1) - 2024/05/19 13:23:28
Table 'NLHRed2' 6-max Seat #3 is the button
Seat 1: Hero ($10.74 in chips)
Seat 2: 403307b4 ($10 in chips)
Seat 3: 8dc8a608 ($17.9 in chips)
Seat 4: bd56930a ($10.05 in chips)
Seat 5: be3caebd ($23.41 in chips)
bd56930a: posts small blind $0.05
be3caebd: posts big blind $0.1
*** HOLE CARDS ***
Dealt to Hero [Ac 6c]
Dealt to 403307b4 
Dealt to 8dc8a608 
Dealt to bd56930a 
Dealt to be3caebd 
Hero: raises $0.1 to $0.2
403307b4: folds
8dc8a608: folds
bd56930a: folds
be3caebd: folds
Uncalled bet ($0.1) returned to Hero
*** SHOWDOWN ***
Hero collected $0.25 from pot
*** SUMMARY ***
Total pot $0.25 | Rake $0 | Jackpot $0 | Bingo $0 | Fortune $0 | Tax $0
Seat 1: Hero collected ($0.25)
Seat 2: 403307b4 folded before Flop (didn't bet)
Seat 3: 8dc8a608 (button) folded before Flop (didn't bet)
Seat 4: bd56930a (small blind) folded before Flop
Seat 5: be3caebd (big blind) folded before Flop


Poker Hand #HD1779074443: Hold'em No Limit ($0.05/$0.1) - 2024/05/19 13:23:19
Table 'NLHRed2' 6-max Seat #2 is the button
Seat 1: Hero ($10.74 in chips)
Seat 2: 403307b4 ($10 in chips)
Seat 3: 8dc8a608 ($17.95 in chips)
Seat 4: bd56930a ($10 in chips)
Seat 5: be3caebd ($23.41 in chips)
8dc8a608: posts small blind $0.05
bd56930a: posts big blind $0.1
*** HOLE CARDS ***
Dealt to Hero [Jc 3d]
Dealt to 403307b4 
Dealt to 8dc8a608 
Dealt to bd56930a 
Dealt to be3caebd 
be3caebd: folds
Hero: folds
403307b4: folds
8dc8a608: folds
Uncalled bet ($0.05) returned to bd56930a
*** SHOWDOWN ***
bd56930a collected $0.1 from pot
*** SUMMARY ***
Total pot $0.1 | Rake $0 | Jackpot $0 | Bingo $0 | Fortune $0 | Tax $0
Seat 1: Hero folded before Flop (didn't bet)
Seat 2: 403307b4 (button) folded before Flop (didn't bet)
Seat 3: 8dc8a608 (small blind) folded before Flop
Seat 4: bd56930a (big blind) collected ($0.1)
Seat 5: be3caebd folded before Flop (didn't bet)


Poker Hand #HD1779074430: Hold'em No Limit ($0.05/$0.1) - 2024/05/19 13:23:10
Table 'NLHRed2' 6-max Seat #1 is the button
Seat 1: Hero ($10.74 in chips)
Seat 2: 403307b4 ($10 in chips)
Seat 3: 8dc8a608 ($17.9 in chips)
Seat 4: bd56930a ($10 in chips)
Seat 5: be3caebd ($23.41 in chips)
403307b4: posts small blind $0.05
8dc8a608: posts big blind $0.1
*** HOLE CARDS ***
Dealt to Hero [6s 7h]
Dealt to 403307b4 
Dealt to 8dc8a608 
Dealt to bd56930a 
Dealt to be3caebd 
bd56930a: folds
be3caebd: folds
Hero: folds
403307b4: folds
Uncalled bet ($0.05) returned to 8dc8a608
*** SHOWDOWN ***
8dc8a608 collected $0.1 from pot
*** SUMMARY ***
Total pot $0.1 | Rake $0 | Jackpot $0 | Bingo $0 | Fortune $0 | Tax $0
Seat 1: Hero (button) folded before Flop (didn't bet)
Seat 2: 403307b4 (small blind) folded before Flop
Seat 3: 8dc8a608 (big blind) collected ($0.1)
Seat 4: bd56930a folded before Flop (didn't bet)
Seat 5: be3caebd folded before Flop (didn't bet)


Poker Hand #HD1779074405: Hold'em No Limit ($0.05/$0.1) - 2024/05/19 13:22:48
Table 'NLHRed2' 6-max Seat #5 is the button
Seat 1: Hero ($10.79 in chips)
Seat 2: 403307b4 ($10 in chips)
Seat 3: 8dc8a608 ($17.67 in chips)
Seat 4: bd56930a ($10 in chips)
Seat 5: be3caebd ($23.41 in chips)
Hero: posts small blind $0.05
403307b4: posts big blind $0.1
*** HOLE CARDS ***
Dealt to Hero [6c 9h]
Dealt to 403307b4 
Dealt to 8dc8a608 
Dealt to bd56930a 
Dealt to be3caebd 
8dc8a608: raises $0.1 to $0.2
bd56930a: folds
be3caebd: folds
Hero: folds
403307b4: calls $0.1
*** FLOP *** [5s 8h Js]
403307b4: checks
8dc8a608: bets $0.23
403307b4: folds
Uncalled bet ($0.23) returned to 8dc8a608
*** SHOWDOWN ***
8dc8a608 collected $0.43 from pot
*** SUMMARY ***
Total pot $0.45 | Rake $0.02 | Jackpot $0 | Bingo $0 | Fortune $0 | Tax $0
Board [5s 8h Js]
Seat 1: Hero (small blind) folded before Flop
Seat 2: 403307b4 (big blind) folded on the Flop
Seat 3: 8dc8a608 won ($0.43)
Seat 4: bd56930a folded before Flop (didn't bet)
Seat 5: be3caebd (button) folded before Flop (didn't bet)


Poker Hand #HD1779074383: Hold'em No Limit ($0.05/$0.1) - 2024/05/19 13:22:39
Table 'NLHRed2' 6-max Seat #4 is the button
Seat 1: Hero ($10.74 in chips)
Seat 2: 403307b4 ($10 in chips)
Seat 3: 8dc8a608 ($17.67 in chips)
Seat 4: bd56930a ($10 in chips)
Seat 5: be3caebd ($23.46 in chips)
be3caebd: posts small blind $0.05
Hero: posts big blind $0.1
*** HOLE CARDS ***
Dealt to Hero [3c 8d]
Dealt to 403307b4 
Dealt to 8dc8a608 
Dealt to bd56930a 
Dealt to be3caebd 
403307b4: folds
8dc8a608: folds
bd56930a: folds
be3caebd: folds
Uncalled bet ($0.05) returned to Hero
*** SHOWDOWN ***
Hero collected $0.1 from pot
*** SUMMARY ***
Total pot $0.1 | Rake $0 | Jackpot $0 | Bingo $0 | Fortune $0 | Tax $0
Seat 1: Hero (big blind) collected ($0.1)
Seat 2: 403307b4 folded before Flop (didn't bet)
Seat 3: 8dc8a608 folded before Flop (didn't bet)
Seat 4: bd56930a (button) folded before Flop (didn't bet)
Seat 5: be3caebd (small blind) folded before Flop


Poker Hand #HD1779074360: Hold'em No Limit ($0.05/$0.1) - 2024/05/19 13:22:24
Table 'NLHRed2' 6-max Seat #3 is the button
Seat 1: Hero ($10.59 in chips)
Seat 2: 403307b4 ($10 in chips)
Seat 3: 8dc8a608 ($17.67 in chips)
Seat 4: bd56930a ($10.05 in chips)
Seat 5: be3caebd ($23.56 in chips)
bd56930a: posts small blind $0.05
be3caebd: posts big blind $0.1
*** HOLE CARDS ***
Dealt to Hero [Ks 7s]
Dealt to 403307b4 
Dealt to 8dc8a608 
Dealt to bd56930a 
Dealt to be3caebd 
Hero: raises $0.1 to $0.2
403307b4: folds
8dc8a608: folds
bd56930a: folds
be3caebd: folds
Uncalled bet ($0.1) returned to Hero
*** SHOWDOWN ***
Hero collected $0.25 from pot
*** SUMMARY ***
Total pot $0.25 | Rake $0 | Jackpot $0 | Bingo $0 | Fortune $0 | Tax $0
Seat 1: Hero collected ($0.25)
Seat 2: 403307b4 folded before Flop (didn't bet)
Seat 3: 8dc8a608 (button) folded before Flop (didn't bet)
Seat 4: bd56930a (small blind) folded before Flop
Seat 5: be3caebd (big blind) folded before Flop


Poker Hand #HD1779074337: Hold'em No Limit ($0.05/$0.1) - 2024/05/19 13:22:14
Table 'NLHRed2' 6-max Seat #2 is the button
Seat 1: Hero ($10.59 in chips)
Seat 2: 403307b4 ($10 in chips)
Seat 3: 8dc8a608 ($17.72 in chips)
Seat 4: bd56930a ($10 in chips)
Seat 5: be3caebd ($23.56 in chips)
8dc8a608: posts small blind $0.05
bd56930a: posts big blind $0.1
*** HOLE CARDS ***
Dealt to Hero [Ac 5s]
Dealt to 403307b4 
Dealt to 8dc8a608 
Dealt to bd56930a 
Dealt to be3caebd 
be3caebd: folds
Hero: folds
403307b4: folds
8dc8a608: folds
Uncalled bet ($0.05) returned to bd56930a
*** SHOWDOWN ***
bd56930a collected $0.1 from pot
*** SUMMARY ***
Total pot $0.1 | Rake $0 | Jackpot $0 | Bingo $0 | Fortune $0 | Tax $0
Seat 1: Hero folded before Flop (didn't bet)
Seat 2: 403307b4 (button) folded before Flop (didn't bet)
Seat 3: 8dc8a608 (small blind) folded before Flop
Seat 4: bd56930a (big blind) collected ($0.1)
Seat 5: be3caebd folded before Flop (didn't bet)


Poker Hand #HD1779074296: Hold'em No Limit ($0.05/$0.1) - 2024/05/19 13:21:50
Table 'NLHRed2' 6-max Seat #1 is the button
Seat 1: Hero ($10.59 in chips)
Seat 2: 403307b4 ($10.05 in chips)
Seat 3: 8dc8a608 ($17.82 in chips)
Seat 4: bd56930a ($10 in chips)
Seat 5: be3caebd ($23.41 in chips)
403307b4: posts small blind $0.05
8dc8a608: posts big blind $0.1
*** HOLE CARDS ***
Dealt to Hero [7c 5d]
Dealt to 403307b4 
Dealt to 8dc8a608 
Dealt to bd56930a 
Dealt to be3caebd 
bd56930a: folds
be3caebd: raises $0.15 to $0.25
Hero: folds
403307b4: folds
8dc8a608: folds
Uncalled bet ($0.15) returned to be3caebd
*** SHOWDOWN ***
be3caebd collected $0.25 from pot
*** SUMMARY ***
Total pot $0.25 | Rake $0 | Jackpot $0 | Bingo $0 | Fortune $0 | Tax $0
Seat 1: Hero (button) folded before Flop (didn't bet)
Seat 2: 403307b4 (small blind) folded before Flop
Seat 3: 8dc8a608 (big blind) folded before Flop
Seat 4: bd56930a folded before Flop (didn't bet)
Seat 5: be3caebd collected ($0.25)


Poker Hand #HD1779074277: Hold'em No Limit ($0.05/$0.1) - 2024/05/19 13:21:40
Table 'NLHRed2' 6-max Seat #5 is the button
Seat 1: Hero ($10.64 in chips)
Seat 2: 403307b4 ($10 in chips)
Seat 3: 8dc8a608 ($17.82 in chips)
Seat 4: bd56930a ($10 in chips)
Seat 5: be3caebd ($23.41 in chips)
Hero: posts small blind $0.05
403307b4: posts big blind $0.1
*** HOLE CARDS ***
Dealt to Hero [5h 4s]
Dealt to 403307b4 
Dealt to 8dc8a608 
Dealt to bd56930a 
Dealt to be3caebd 
8dc8a608: folds
bd56930a: folds
be3caebd: folds
Hero: folds
Uncalled bet ($0.05) returned to 403307b4
*** SHOWDOWN ***
403307b4 collected $0.1 from pot
*** SUMMARY ***
Total pot $0.1 | Rake $0 | Jackpot $0 | Bingo $0 | Fortune $0 | Tax $0
Seat 1: Hero (small blind) folded before Flop
Seat 2: 403307b4 (big blind) collected ($0.1)
Seat 3: 8dc8a608 folded before Flop (didn't bet)
Seat 4: bd56930a folded before Flop (didn't bet)
Seat 5: be3caebd (button) folded before Flop (didn't bet)


Poker Hand #HD1779074135: Hold'em No Limit ($0.05/$0.1) - 2024/05/19 13:20:19
Table 'NLHRed2' 6-max Seat #4 is the button
Seat 1: Hero ($10.84 in chips)
Seat 2: 403307b4 ($10 in chips)
Seat 3: 8dc8a608 ($17.82 in chips)
Seat 4: bd56930a ($10 in chips)
Seat 5: be3caebd ($15.98 in chips)
Seat 6: b04b93c0 ($8.14 in chips)
be3caebd: posts small blind $0.05
b04b93c0: posts big blind $0.1
*** HOLE CARDS ***
Dealt to Hero [Qh Jh]
Dealt to 403307b4 
Dealt to 8dc8a608 
Dealt to bd56930a 
Dealt to be3caebd 
Dealt to b04b93c0 
Hero: raises $0.1 to $0.2
403307b4: folds
8dc8a608: folds
bd56930a: folds
be3caebd: raises $0.5 to $0.7
b04b93c0: raises $0.8 to $1.5
Hero: folds
be3caebd: raises $2.4 to $3.9
b04b93c0: raises $4.24 to $8.14 and is all-in
be3caebd: calls $4.24
b04b93c0: shows [Th Tc]
be3caebd: shows [Jc Js]
*** FLOP *** [3d Qc Ad]
*** TURN *** [3d Qc Ad] [6s]
*** RIVER *** [3d Qc Ad 6s] [9s]
8dc8a608: shows [Ac] (Pair of Aces)
*** SHOWDOWN ***
be3caebd collected $15.57 from pot
*** SUMMARY ***
Total pot $16.48 | Rake $0.81 | Jackpot $0.1 | Bingo $0 | Fortune $0 | Tax $0
Board [3d Qc Ad 6s 9s]
Seat 1: Hero folded before Flop
Seat 2: 403307b4 folded before Flop (didn't bet)
Seat 3: 8dc8a608 folded before Flop (didn't bet)
Seat 4: bd56930a (button) folded before Flop (didn't bet)
Seat 5: be3caebd (small blind) showed [Jc Js] and won ($15.57) with Pair of Jacks
Seat 6: b04b93c0 (big blind) showed [Th Tc] and lost with Pair of Tens


Poker Hand #HD1779074068: Hold'em No Limit ($0.05/$0.1) - 2024/05/19 13:19:42
Table 'NLHRed2' 6-max Seat #3 is the button
Seat 1: Hero ($10.42 in chips)
Seat 2: 403307b4 ($10 in chips)
Seat 3: 8dc8a608 ($17.82 in chips)
Seat 4: bd56930a ($10.05 in chips)
Seat 5: be3caebd ($16.08 in chips)
Seat 6: b04b93c0 ($8.44 in chips)
bd56930a: posts small blind $0.05
be3caebd: posts big blind $0.1
*** HOLE CARDS ***
Dealt to Hero [8s 8c]
Dealt to 403307b4 
Dealt to 8dc8a608 
Dealt to bd56930a 
Dealt to be3caebd 
Dealt to b04b93c0 
b04b93c0: calls $0.1
Hero: raises $0.2 to $0.3
403307b4: folds
8dc8a608: folds
bd56930a: folds
be3caebd: folds
b04b93c0: calls $0.2
*** FLOP *** [2d 7s Ac]
b04b93c0: checks
Hero: bets $0.25
b04b93c0: folds
Uncalled bet ($0.25) returned to Hero
*** SHOWDOWN ***
Hero collected $0.72 from pot
*** SUMMARY ***
Total pot $0.75 | Rake $0.03 | Jackpot $0 | Bingo $0 | Fortune $0 | Tax $0
Board [2d 7s Ac]
Seat 1: Hero won ($0.72)
Seat 2: 403307b4 folded before Flop (didn't bet)
Seat 3: 8dc8a608 (button) folded before Flop (didn't bet)
Seat 4: bd56930a (small blind) folded before Flop
Seat 5: be3caebd (big blind) folded before Flop
Seat 6: b04b93c0 folded on the Flop


Poker Hand #HD1779074052: Hold'em No Limit ($0.05/$0.1) - 2024/05/19 13:19:33
Table 'NLHRed2' 6-max Seat #2 is the button
Seat 1: Hero ($10.42 in chips)
Seat 2: 403307b4 ($10 in chips)
Seat 3: 8dc8a608 ($17.87 in chips)
Seat 4: bd56930a ($10 in chips)
Seat 5: be3caebd ($16.08 in chips)
Seat 6: b04b93c0 ($8.44 in chips)
8dc8a608: posts small blind $0.05
bd56930a: posts big blind $0.1
*** HOLE CARDS ***
Dealt to Hero [Qc 7d]
Dealt to 403307b4 
Dealt to 8dc8a608 
Dealt to bd56930a 
Dealt to be3caebd 
Dealt to b04b93c0 
be3caebd: folds
b04b93c0: folds
Hero: folds
403307b4: folds
8dc8a608: folds
Uncalled bet ($0.05) returned to bd56930a
*** SHOWDOWN ***
bd56930a collected $0.1 from pot
*** SUMMARY ***
Total pot $0.1 | Rake $0 | Jackpot $0 | Bingo $0 | Fortune $0 | Tax $0
Seat 1: Hero folded before Flop (didn't bet)
Seat 2: 403307b4 (button) folded before Flop (didn't bet)
Seat 3: 8dc8a608 (small blind) folded before Flop
Seat 4: bd56930a (big blind) collected ($0.1)
Seat 5: be3caebd folded before Flop (didn't bet)
Seat 6: b04b93c0 folded before Flop (didn't bet)


Poker Hand #HD1779073991: Hold'em No Limit ($0.05/$0.1) - 2024/05/19 13:18:55
Table 'NLHRed2' 6-max Seat #1 is the button
Seat 1: Hero ($10.42 in chips)
Seat 2: 403307b4 ($10 in chips)
Seat 3: 8dc8a608 ($16.81 in chips)
Seat 5: be3caebd ($16.08 in chips)
Seat 6: b04b93c0 ($9.56 in chips)
403307b4: posts small blind $0.05
8dc8a608: posts big blind $0.1
*** HOLE CARDS ***
Dealt to Hero [Js 4d]
Dealt to 403307b4 
Dealt to 8dc8a608 
Dealt to be3caebd 
Dealt to b04b93c0 
be3caebd: folds
b04b93c0: raises $0.1 to $0.2
Hero: folds
403307b4: folds
8dc8a608: calls $0.1
*** FLOP *** [9c 5h Ts]
8dc8a608: checks
b04b93c0: checks
*** TURN *** [9c 5h Ts] [2h]
8dc8a608: bets $0.23
b04b93c0: calls $0.23
*** RIVER *** [9c 5h Ts 2h] [Td]
8dc8a608: bets $0.69
b04b93c0: calls $0.69
8dc8a608: shows [Kh Th] (Three Tens)
b04b93c0: shows [9s Qh] (Pair of Tens and Pair of Nines)
*** SHOWDOWN ***
8dc8a608 collected $2.18 from pot
*** SUMMARY ***
Total pot $2.29 | Rake $0.11 | Jackpot $0 | Bingo $0 | Fortune $0 | Tax $0
Board [9c 5h Ts 2h Td]
Seat 1: Hero (button) folded before Flop (didn't bet)
Seat 2: 403307b4 (small blind) folded before Flop
Seat 3: 8dc8a608 (big blind) showed [Kh Th] and won ($2.18) with Three Tens
Seat 5: be3caebd folded before Flop (didn't bet)
Seat 6: b04b93c0 showed [9s Qh] and lost with Pair of Tens and Pair of Nines


Poker Hand #HD1779073969: Hold'em No Limit ($0.05/$0.1) - 2024/05/19 13:18:37
Table 'NLHRed2' 6-max Seat #6 is the button
Seat 1: Hero ($10.47 in chips)
Seat 2: 403307b4 ($10 in chips)
Seat 3: 8dc8a608 ($16.81 in chips)
Seat 5: be3caebd ($15.93 in chips)
Seat 6: b04b93c0 ($9.56 in chips)
Hero: posts small blind $0.05
403307b4: posts big blind $0.1
*** HOLE CARDS ***
Dealt to Hero [8d Qs]
Dealt to 403307b4 
Dealt to 8dc8a608 
Dealt to be3caebd 
Dealt to b04b93c0 
8dc8a608: folds
be3caebd: raises $0.15 to $0.25
b04b93c0: folds
Hero: folds
403307b4: folds
Uncalled bet ($0.15) returned to be3caebd
*** SHOWDOWN ***
be3caebd collected $0.25 from pot
*** SUMMARY ***
Total pot $0.25 | Rake $0 | Jackpot $0 | Bingo $0 | Fortune $0 | Tax $0
Seat 1: Hero (small blind) folded before Flop
Seat 2: 403307b4 (big blind) folded before Flop
Seat 3: 8dc8a608 folded before Flop (didn't bet)
Seat 5: be3caebd collected ($0.25)
Seat 6: b04b93c0 (button) folded before Flop (didn't bet)


Poker Hand #HD1779073911: Hold'em No Limit ($0.05/$0.1) - 2024/05/19 13:18:06
Table 'NLHRed2' 6-max Seat #5 is the button
Seat 1: Hero ($10.57 in chips)
Seat 2: 403307b4 ($10.15 in chips)
Seat 3: 8dc8a608 ($16.81 in chips)
Seat 5: be3caebd ($15.93 in chips)
Seat 6: b04b93c0 ($8.97 in chips)
b04b93c0: posts small blind $0.05
Hero: posts big blind $0.1
*** HOLE CARDS ***
Dealt to Hero [7h Kd]
Dealt to 403307b4 
Dealt to 8dc8a608 
Dealt to be3caebd 
Dealt to b04b93c0 
403307b4: raises $0.2 to $0.3
8dc8a608: folds
be3caebd: folds
b04b93c0: calls $0.25
Hero: folds
*** FLOP *** [Qs 5s 6h]
b04b93c0: checks
403307b4: bets $0.24
b04b93c0: calls $0.24
*** TURN *** [Qs 5s 6h] [9s]
b04b93c0: bets $0.59
403307b4: folds
Uncalled bet ($0.59) returned to b04b93c0
*** SHOWDOWN ***
b04b93c0 collected $1.13 from pot
*** SUMMARY ***
Total pot $1.18 | Rake $0.05 | Jackpot $0 | Bingo $0 | Fortune $0 | Tax $0
Board [Qs 5s 6h 9s]
Seat 1: Hero (big blind) folded before Flop
Seat 2: 403307b4 folded on the Turn
Seat 3: 8dc8a608 folded before Flop (didn't bet)
Seat 5: be3caebd (button) folded before Flop (didn't bet)
Seat 6: b04b93c0 (small blind) won ($1.13)


Poker Hand #HD1779073891: Hold'em No Limit ($0.05/$0.1) - 2024/05/19 13:17:55
Table 'NLHRed2' 6-max Seat #3 is the button
Seat 1: Hero ($10.57 in chips)
Seat 2: 403307b4 ($10 in chips)
Seat 3: 8dc8a608 ($16.81 in chips)
Seat 5: be3caebd ($15.98 in chips)
Seat 6: b04b93c0 ($9.07 in chips)
be3caebd: posts small blind $0.05
b04b93c0: posts big blind $0.1
*** HOLE CARDS ***
Dealt to Hero [7c 3s]
Dealt to 403307b4 
Dealt to 8dc8a608 
Dealt to be3caebd 
Dealt to b04b93c0 
Hero: folds
403307b4: raises $0.2 to $0.3
8dc8a608: folds
be3caebd: folds
b04b93c0: folds
Uncalled bet ($0.2) returned to 403307b4
*** SHOWDOWN ***
403307b4 collected $0.25 from pot
*** SUMMARY ***
Total pot $0.25 | Rake $0 | Jackpot $0 | Bingo $0 | Fortune $0 | Tax $0
Seat 1: Hero folded before Flop (didn't bet)
Seat 2: 403307b4 collected ($0.25)
Seat 3: 8dc8a608 (button) folded before Flop (didn't bet)
Seat 5: be3caebd (small blind) folded before Flop
Seat 6: b04b93c0 (big blind) folded before Flop


Poker Hand #HD1779073876: Hold'em No Limit ($0.05/$0.1) - 2024/05/19 13:17:43
Table 'NLHRed2' 6-max Seat #2 is the button
Seat 1: Hero ($10.57 in chips)
Seat 2: 403307b4 ($10 in chips)
Seat 3: 8dc8a608 ($16.71 in chips)
Seat 5: be3caebd ($16.08 in chips)
Seat 6: b04b93c0 ($9.07 in chips)
8dc8a608: posts small blind $0.05
be3caebd: posts big blind $0.1
*** HOLE CARDS ***
Dealt to Hero [8s 6d]
Dealt to 403307b4 
Dealt to 8dc8a608 
Dealt to be3caebd 
Dealt to b04b93c0 
b04b93c0: folds
Hero: folds
403307b4: folds
8dc8a608: raises $0.2 to $0.3
be3caebd: folds
Uncalled bet ($0.2) returned to 8dc8a608
*** SHOWDOWN ***
8dc8a608 collected $0.2 from pot
*** SUMMARY ***
Total pot $0.2 | Rake $0 | Jackpot $0 | Bingo $0 | Fortune $0 | Tax $0
Seat 1: Hero folded before Flop (didn't bet)
Seat 2: 403307b4 (button) folded before Flop (didn't bet)
Seat 3: 8dc8a608 (small blind) collected ($0.2)
Seat 5: be3caebd (big blind) folded before Flop
Seat 6: b04b93c0 folded before Flop (didn't bet)


Poker Hand #HD1779073786: Hold'em No Limit ($0.05/$0.1) - 2024/05/19 13:16:50
Table 'NLHRed2' 6-max Seat #1 is the button
Seat 1: Hero ($10.57 in chips)
Seat 2: 403307b4 ($10 in chips)
Seat 3: 8dc8a608 ($16.81 in chips)
Seat 5: be3caebd ($16.64 in chips)
Seat 6: b04b93c0 ($8.42 in chips)
403307b4: posts small blind $0.05
8dc8a608: posts big blind $0.1
*** HOLE CARDS ***
Dealt to Hero [7h 5d]
Dealt to 403307b4 
Dealt to 8dc8a608 
Dealt to be3caebd 
Dealt to b04b93c0 
be3caebd: raises $0.15 to $0.25
b04b93c0: calls $0.25
Hero: folds
403307b4: folds
8dc8a608: folds
*** FLOP *** [Qh 4d 5s]
be3caebd: bets $0.31
b04b93c0: calls $0.31
*** TURN *** [Qh 4d 5s] [Ks]
be3caebd: checks
b04b93c0: bets $0.42
be3caebd: folds
Uncalled bet ($0.42) returned to b04b93c0
b04b93c0: shows [Ts] (King-High)
*** SHOWDOWN ***
b04b93c0 collected $1.21 from pot
*** SUMMARY ***
Total pot $1.27 | Rake $0.06 | Jackpot $0 | Bingo $0 | Fortune $0 | Tax $0
Board [Qh 4d 5s Ks]
Seat 1: Hero (button) folded before Flop (didn't bet)
Seat 2: 403307b4 (small blind) folded before Flop
Seat 3: 8dc8a608 (big blind) folded before Flop
Seat 5: be3caebd folded on the Turn
Seat 6: b04b93c0 showed [Ts] and won ($1.21)


Poker Hand #HD1779073767: Hold'em No Limit ($0.05/$0.1) - 2024/05/19 13:16:35
Table 'NLHRed2' 6-max Seat #6 is the button
Seat 1: Hero ($10.62 in chips)
Seat 2: 403307b4 ($10 in chips)
Seat 3: 8dc8a608 ($16.81 in chips)
Seat 5: be3caebd ($16.64 in chips)
Seat 6: b04b93c0 ($8.27 in chips)
Hero: posts small blind $0.05
403307b4: posts big blind $0.1
*** HOLE CARDS ***
Dealt to Hero [4c Ks]
Dealt to 403307b4 
Dealt to 8dc8a608 
Dealt to be3caebd 
Dealt to b04b93c0 
8dc8a608: folds
be3caebd: folds
b04b93c0: raises $0.1 to $0.2
Hero: folds
403307b4: folds
Uncalled bet ($0.1) returned to b04b93c0
*** SHOWDOWN ***
b04b93c0 collected $0.25 from pot
*** SUMMARY ***
Total pot $0.25 | Rake $0 | Jackpot $0 | Bingo $0 | Fortune $0 | Tax $0
Seat 1: Hero (small blind) folded before Flop
Seat 2: 403307b4 (big blind) folded before Flop
Seat 3: 8dc8a608 folded before Flop (didn't bet)
Seat 5: be3caebd folded before Flop (didn't bet)
Seat 6: b04b93c0 (button) collected ($0.25)


Poker Hand #HD1779073717: Hold'em No Limit ($0.05/$0.1) - 2024/05/19 13:16:04
Table 'NLHRed2' 6-max Seat #5 is the button
Seat 1: Hero ($10.2 in chips)
Seat 3: 8dc8a608 ($17.01 in chips)
Seat 5: be3caebd ($16.84 in chips)
Seat 6: b04b93c0 ($8.32 in chips)
b04b93c0: posts small blind $0.05
Hero: posts big blind $0.1
*** HOLE CARDS ***
Dealt to Hero [Ks Qc]
Dealt to 8dc8a608 
Dealt to be3caebd 
Dealt to b04b93c0 
8dc8a608: raises $0.1 to $0.2
be3caebd: calls $0.2
b04b93c0: folds
Hero: raises $1.1 to $1.3
8dc8a608: folds
be3caebd: folds
Uncalled bet ($1.1) returned to Hero
*** SHOWDOWN ***
Hero collected $0.62 from pot
*** SUMMARY ***
Total pot $0.65 | Rake $0.03 | Jackpot $0 | Bingo $0 | Fortune $0 | Tax $0
Seat 1: Hero (big blind) collected ($0.62)
Seat 3: 8dc8a608 folded before Flop
Seat 5: be3caebd (button) folded before Flop
Seat 6: b04b93c0 (small blind) folded before Flop


Poker Hand #HD1779073659: Hold'em No Limit ($0.05/$0.1) - 2024/05/19 13:15:30
Table 'NLHRed2' 6-max Seat #3 is the button
Seat 1: Hero ($10.4 in chips)
Seat 3: 8dc8a608 ($17.54 in chips)
Seat 5: be3caebd ($16.89 in chips)
Seat 6: b04b93c0 ($7.6 in chips)
be3caebd: posts small blind $0.05
b04b93c0: posts big blind $0.1
*** HOLE CARDS ***
Dealt to Hero [Qc Kc]
Dealt to 8dc8a608 
Dealt to be3caebd 
Dealt to b04b93c0 
Hero: raises $0.1 to $0.2
8dc8a608: calls $0.2
be3caebd: folds
b04b93c0: calls $0.1
*** FLOP *** [3d Qh Ad]
b04b93c0: bets $0.33
Hero: folds
8dc8a608: calls $0.33
*** TURN *** [3d Qh Ad] [4h]
b04b93c0: bets $0.66
8dc8a608: folds
Uncalled bet ($0.66) returned to b04b93c0
b04b93c0: shows [5s 9d] (Ace-High)
*** SHOWDOWN ***
b04b93c0 collected $1.25 from pot
*** SUMMARY ***
Total pot $1.31 | Rake $0.06 | Jackpot $0 | Bingo $0 | Fortune $0 | Tax $0
Board [3d Qh Ad 4h]
Seat 1: Hero folded on the Flop
Seat 3: 8dc8a608 (button) folded on the Turn
Seat 5: be3caebd (small blind) folded before Flop
Seat 6: b04b93c0 (big blind) showed [5s 9d] and won ($1.25)


Poker Hand #HD1779073589: Hold'em No Limit ($0.05/$0.1) - 2024/05/19 13:14:54
Table 'NLHRed2' 6-max Seat #1 is the button
Seat 1: Hero ($10.4 in chips)
Seat 3: 8dc8a608 ($17.59 in chips)
Seat 5: be3caebd ($16.58 in chips)
Seat 6: b04b93c0 ($7.89 in chips)
8dc8a608: posts small blind $0.05
be3caebd: posts big blind $0.1
b04b93c0: posts big blind $0.1
*** HOLE CARDS ***
Dealt to Hero [5h 8c]
Dealt to 8dc8a608 
Dealt to be3caebd 
Dealt to b04b93c0 
b04b93c0: checks
Hero: folds
8dc8a608: folds
be3caebd: checks
*** FLOP *** [8d 6d 9h]
be3caebd: bets $0.19
b04b93c0: calls $0.19
*** TURN *** [8d 6d 9h] [6h]
be3caebd: bets $0.48
b04b93c0: folds
Uncalled bet ($0.48) returned to be3caebd
*** SHOWDOWN ***
be3caebd collected $0.6 from pot
*** SUMMARY ***
Total pot $0.63 | Rake $0.03 | Jackpot $0 | Bingo $0 | Fortune $0 | Tax $0
Board [8d 6d 9h 6h]
Seat 1: Hero (button) folded before Flop (didn't bet)
Seat 3: 8dc8a608 (small blind) folded before Flop
Seat 5: be3caebd (big blind) won ($0.6)
Seat 6: b04b93c0 folded on the Turn


Poker Hand #HD1779073577: Hold'em No Limit ($0.05/$0.1) - 2024/05/19 13:14:46
Table 'NLHRed2' 6-max Seat #5 is the button
Seat 1: Hero ($10.45 in chips)
Seat 3: 8dc8a608 ($17.69 in chips)
Seat 5: be3caebd ($16.43 in chips)
Hero: posts small blind $0.05
8dc8a608: posts big blind $0.1
*** HOLE CARDS ***
Dealt to Hero [Ks 2c]
Dealt to 8dc8a608 
Dealt to be3caebd 
be3caebd: raises $0.15 to $0.25
Hero: folds
8dc8a608: folds
Uncalled bet ($0.15) returned to be3caebd
*** SHOWDOWN ***
be3caebd collected $0.25 from pot
*** SUMMARY ***
Total pot $0.25 | Rake $0 | Jackpot $0 | Bingo $0 | Fortune $0 | Tax $0
Seat 1: Hero (small blind) folded before Flop
Seat 3: 8dc8a608 (big blind) folded before Flop
Seat 5: be3caebd (button) collected ($0.25)


Poker Hand #HD1779073532: Hold'em No Limit ($0.05/$0.1) - 2024/05/19 13:14:17
Table 'NLHRed2' 6-max Seat #3 is the button
Seat 1: Hero ($10.55 in chips)
Seat 2: acdbbbb5 ($10 in chips)
Seat 3: 8dc8a608 ($18.11 in chips)
Seat 5: be3caebd ($16.48 in chips)
be3caebd: posts small blind $0.05
Hero: posts big blind $0.1
*** HOLE CARDS ***
Dealt to Hero [Ac 5s]
Dealt to acdbbbb5 
Dealt to 8dc8a608 
Dealt to be3caebd 
acdbbbb5: raises $0.12 to $0.22
8dc8a608: raises $0.2 to $0.42
be3caebd: folds
Hero: folds
acdbbbb5: raises $2.03 to $2.45
8dc8a608: folds
Uncalled bet ($2.03) returned to acdbbbb5
*** SHOWDOWN ***
acdbbbb5 collected $0.94 from pot
*** SUMMARY ***
Total pot $0.99 | Rake $0.05 | Jackpot $0 | Bingo $0 | Fortune $0 | Tax $0
Seat 1: Hero (big blind) folded before Flop
Seat 2: acdbbbb5 collected ($0.94)
Seat 3: 8dc8a608 (button) folded before Flop
Seat 5: be3caebd (small blind) folded before Flop


Poker Hand #HD1779073513: Hold'em No Limit ($0.05/$0.1) - 2024/05/19 13:14:08
Table 'NLHRed2' 6-max Seat #2 is the button
Seat 1: Hero ($10.55 in chips)
Seat 2: acdbbbb5 ($10 in chips)
Seat 3: 8dc8a608 ($18.16 in chips)
Seat 5: be3caebd ($16.43 in chips)
8dc8a608: posts small blind $0.05
be3caebd: posts big blind $0.1
*** HOLE CARDS ***
Dealt to Hero [6s Jh]
Dealt to acdbbbb5 
Dealt to 8dc8a608 
Dealt to be3caebd 
Hero: folds
acdbbbb5: folds
8dc8a608: folds
Uncalled bet ($0.05) returned to be3caebd
*** SHOWDOWN ***
be3caebd collected $0.1 from pot
*** SUMMARY ***
Total pot $0.1 | Rake $0 | Jackpot $0 | Bingo $0 | Fortune $0 | Tax $0
Seat 1: Hero folded before Flop (didn't bet)
Seat 2: acdbbbb5 (button) folded before Flop (didn't bet)
Seat 3: 8dc8a608 (small blind) folded before Flop
Seat 5: be3caebd (big blind) collected ($0.1)


Poker Hand #HD1779073480: Hold'em No Limit ($0.05/$0.1) - 2024/05/19 13:13:50
Table 'NLHRed2' 6-max Seat #1 is the button
Seat 1: Hero ($10.55 in chips)
Seat 2: acdbbbb5 ($10 in chips)
Seat 3: 8dc8a608 ($18.26 in chips)
Seat 4: deb97bce ($11.67 in chips)
Seat 5: be3caebd ($16.28 in chips)
acdbbbb5: posts small blind $0.05
8dc8a608: posts big blind $0.1
*** HOLE CARDS ***
Dealt to Hero [Js 4d]
Dealt to acdbbbb5 
Dealt to 8dc8a608 
Dealt to deb97bce 
Dealt to be3caebd 
deb97bce: folds
be3caebd: raises $0.15 to $0.25
Hero: folds
acdbbbb5: folds
8dc8a608: folds
Uncalled bet ($0.15) returned to be3caebd
*** SHOWDOWN ***
be3caebd collected $0.25 from pot
*** SUMMARY ***
Total pot $0.25 | Rake $0 | Jackpot $0 | Bingo $0 | Fortune $0 | Tax $0
Seat 1: Hero (button) folded before Flop (didn't bet)
Seat 2: acdbbbb5 (small blind) folded before Flop
Seat 3: 8dc8a608 (big blind) folded before Flop
Seat 4: deb97bce folded before Flop (didn't bet)
Seat 5: be3caebd collected ($0.25)


Poker Hand #HD1779073448: Hold'em No Limit ($0.05/$0.1) - 2024/05/19 13:13:27
Table 'NLHRed2' 6-max Seat #5 is the button
Seat 1: Hero ($10.23 in chips)
Seat 2: acdbbbb5 ($10.1 in chips)
Seat 3: 8dc8a608 ($18.26 in chips)
Seat 4: deb97bce ($11.92 in chips)
Seat 5: be3caebd ($16.28 in chips)
Hero: posts small blind $0.05
acdbbbb5: posts big blind $0.1
*** HOLE CARDS ***
Dealt to Hero [Qh Qc]
Dealt to acdbbbb5 
Dealt to 8dc8a608 
Dealt to deb97bce 
Dealt to be3caebd 
8dc8a608: folds
deb97bce: raises $0.15 to $0.25
be3caebd: folds
Hero: raises $0.75 to $1
acdbbbb5: folds
deb97bce: folds
Uncalled bet ($0.75) returned to Hero
*** SHOWDOWN ***
Hero collected $0.57 from pot
*** SUMMARY ***
Total pot $0.6 | Rake $0.03 | Jackpot $0 | Bingo $0 | Fortune $0 | Tax $0
Seat 1: Hero (small blind) collected ($0.57)
Seat 2: acdbbbb5 (big blind) folded before Flop
Seat 3: 8dc8a608 folded before Flop (didn't bet)
Seat 4: deb97bce folded before Flop
Seat 5: be3caebd (button) folded before Flop (didn't bet)


Poker Hand #HD1779073373: Hold'em No Limit ($0.05/$0.1) - 2024/05/19 13:12:41
Table 'NLHRed2' 6-max Seat #4 is the button
Seat 1: Hero ($10 in chips)
Seat 2: acdbbbb5 ($10.1 in chips)
Seat 3: 8dc8a608 ($18.26 in chips)
Seat 4: deb97bce ($11.92 in chips)
Seat 5: be3caebd ($16.33 in chips)
Seat 6: 57ff68fc ($9.39 in chips)
be3caebd: posts small blind $0.05
57ff68fc: posts big blind $0.1
*** HOLE CARDS ***
Dealt to Hero [Ac 6c]
Dealt to acdbbbb5 
Dealt to 8dc8a608 
Dealt to deb97bce 
Dealt to be3caebd 
Dealt to 57ff68fc 
Hero: raises $0.1 to $0.2
acdbbbb5: folds
8dc8a608: folds
deb97bce: folds
be3caebd: folds
57ff68fc: calls $0.1
*** FLOP *** [5h Ad 3c]
57ff68fc: checks
Hero: checks
*** TURN *** [5h Ad 3c] [Qd]
57ff68fc: checks
Hero: bets $0.2
57ff68fc: folds
Uncalled bet ($0.2) returned to Hero
*** SHOWDOWN ***
Hero collected $0.43 from pot
*** SUMMARY ***
Total pot $0.45 | Rake $0.02 | Jackpot $0 | Bingo $0 | Fortune $0 | Tax $0
Board [5h Ad 3c Qd]
Seat 1: Hero won ($0.43)
Seat 2: acdbbbb5 folded before Flop (didn't bet)
Seat 3: 8dc8a608 folded before Flop (didn't bet)
Seat 4: deb97bce (button) folded before Flop (didn't bet)
Seat 5: be3caebd (small blind) folded before Flop
Seat 6: 57ff68fc (big blind) folded on the Turn


Poker Hand #HD1779073363: Hold'em No Limit ($0.05/$0.1) - 2024/05/19 13:12:31
Table 'NLHRed2' 6-max Seat #3 is the button
Seat 1: Hero ($10 in chips)
Seat 2: acdbbbb5 ($10.1 in chips)
Seat 3: 8dc8a608 ($18.26 in chips)
Seat 4: deb97bce ($11.97 in chips)
Seat 5: be3caebd ($16.28 in chips)
Seat 6: 57ff68fc ($9.39 in chips)
deb97bce: posts small blind $0.05
be3caebd: posts big blind $0.1
*** HOLE CARDS ***
Dealt to Hero [5d 7s]
Dealt to acdbbbb5 
Dealt to 8dc8a608 
Dealt to deb97bce 
Dealt to be3caebd 
Dealt to 57ff68fc 
57ff68fc: folds
Hero: folds
acdbbbb5: folds
8dc8a608: folds
deb97bce: folds
Uncalled bet ($0.05) returned to be3caebd
*** SHOWDOWN ***
be3caebd collected $0.1 from pot
*** SUMMARY ***
Total pot $0.1 | Rake $0 | Jackpot $0 | Bingo $0 | Fortune $0 | Tax $0
Seat 1: Hero folded before Flop (didn't bet)
Seat 2: acdbbbb5 folded before Flop (didn't bet)
Seat 3: 8dc8a608 (button) folded before Flop (didn't bet)
Seat 4: deb97bce (small blind) folded before Flop
Seat 5: be3caebd (big blind) collected ($0.1)
Seat 6: 57ff68fc folded before Flop (didn't bet)


Poker Hand #HD1779073245: Hold'em No Limit ($0.05/$0.1) - 2024/05/19 13:11:24
Table 'NLHRed2' 6-max Seat #2 is the button
Seat 1: Hero ($10 in chips)
Seat 2: acdbbbb5 ($10.1 in chips)
Seat 3: 8dc8a608 ($18.56 in chips)
Seat 4: deb97bce ($10 in chips)
Seat 5: be3caebd ($16.28 in chips)
Seat 6: 57ff68fc ($11.36 in chips)
8dc8a608: posts small blind $0.05
deb97bce: posts big blind $0.1
*** HOLE CARDS ***
Dealt to Hero [7h 2s]
Dealt to acdbbbb5 
Dealt to 8dc8a608 
Dealt to deb97bce 
Dealt to be3caebd 
Dealt to 57ff68fc 
be3caebd: folds
57ff68fc: raises $0.2 to $0.3
Hero: folds
acdbbbb5: folds
8dc8a608: calls $0.25
deb97bce: calls $0.2
*** FLOP *** [6c Jd 7d]
8dc8a608: checks
deb97bce: bets $0.53
57ff68fc: calls $0.53
8dc8a608: folds
*** TURN *** [6c Jd 7d] [6s]
deb97bce: bets $1.14
57ff68fc: calls $1.14
*** RIVER *** [6c Jd 7d 6s] [8h]
deb97bce: checks
57ff68fc: checks
deb97bce: shows [Js Qs] (Pair of Jacks and Pair of Sixes)
57ff68fc: shows [Ad 4d] (Pair of Sixes)
*** SHOWDOWN ***
deb97bce collected $3.94 from pot
*** SUMMARY ***
Total pot $4.24 | Rake $0.2 | Jackpot $0.1 | Bingo $0 | Fortune $0 | Tax $0
Board [6c Jd 7d 6s 8h]
Seat 1: Hero folded before Flop (didn't bet)
Seat 2: acdbbbb5 (button) folded before Flop (didn't bet)
Seat 3: 8dc8a608 (small blind) folded on the Flop
Seat 4: deb97bce (big blind) showed [Js Qs] and won ($3.94) with Pair of Jacks and Pair of Sixes
Seat 5: be3caebd folded before Flop (didn't bet)
Seat 6: 57ff68fc showed [Ad 4d] and lost with Pair of Sixes


Poker Hand #HD1779073216: Hold'em No Limit ($0.05/$0.1) - 2024/05/19 13:11:07
Table 'NLHRed2' 6-max Seat #1 is the button
Seat 1: Hero ($10 in chips)
Seat 2: acdbbbb5 ($10 in chips)
Seat 3: 8dc8a608 ($18.66 in chips)
Seat 5: be3caebd ($16.28 in chips)
Seat 6: 57ff68fc ($11.36 in chips)
acdbbbb5: posts small blind $0.05
8dc8a608: posts big blind $0.1
*** HOLE CARDS ***
Dealt to Hero [7s 2s]
Dealt to acdbbbb5 
Dealt to 8dc8a608 
Dealt to be3caebd 
Dealt to 57ff68fc 
be3caebd: folds
57ff68fc: folds
Hero: folds
acdbbbb5: raises $0.18 to $0.28
8dc8a608: folds
Uncalled bet ($0.18) returned to acdbbbb5
*** SHOWDOWN ***
acdbbbb5 collected $0.2 from pot
*** SUMMARY ***
Total pot $0.2 | Rake $0 | Jackpot $0 | Bingo $0 | Fortune $0 | Tax $0
Seat 1: Hero (button) folded before Flop (didn't bet)
Seat 2: acdbbbb5 (small blind) collected ($0.2)
Seat 3: 8dc8a608 (big blind) folded before Flop
Seat 5: be3caebd folded before Flop (didn't bet)
Seat 6: 57ff68fc folded before Flop (didn't bet)


Poker Hand #HD1779073117: Hold'em No Limit ($0.05/$0.1) - 2024/05/19 13:10:10
Table 'NLHRed2' 6-max Seat #6 is the button
Seat 1: Hero ($10 in chips)
Seat 2: acdbbbb5 ($10.1 in chips)
Seat 3: 8dc8a608 ($9.82 in chips)
Seat 5: be3caebd ($16.28 in chips)
Seat 6: 57ff68fc ($11.36 in chips)
Hero: posts small blind $0.05
acdbbbb5: posts big blind $0.1
*** HOLE CARDS ***
Dealt to Hero [Qd Qh]
Dealt to acdbbbb5 
Dealt to 8dc8a608 
Dealt to be3caebd 
Dealt to 57ff68fc 
8dc8a608: raises $0.1 to $0.2
be3caebd: folds
57ff68fc: folds
Hero: raises $0.9 to $1.1
acdbbbb5: folds
8dc8a608: raises $1.15 to $2.25
Hero: raises $7.75 to $10 and is all-in
8dc8a608: calls $7.57 and is all-in
Uncalled bet ($0.18) returned to Hero
Hero: shows [Qd Qh]
8dc8a608: shows [Kh Ks]
*** FLOP *** [Kc Qs 3s]
*** TURN *** [Kc Qs 3s] [Jd]
*** RIVER *** [Kc Qs 3s Jd] [6d]
be3caebd: shows [Qc] (Pair of Queens)
*** SHOWDOWN ***
8dc8a608 collected $18.66 from pot
*** SUMMARY ***
Total pot $19.74 | Rake $0.98 | Jackpot $0.1 | Bingo $0 | Fortune $0 | Tax $0
Board [Kc Qs 3s Jd 6d]
Seat 1: Hero (small blind) showed [Qd Qh] and lost with Three Queens
Seat 2: acdbbbb5 (big blind) folded before Flop
Seat 3: 8dc8a608 showed [Kh Ks] and won ($18.66) with Three Kings
Seat 5: be3caebd folded before Flop (didn't bet)
Seat 6: 57ff68fc (button) folded before Flop (didn't bet)


Poker Hand #HD1779072898: Hold'em No Limit ($0.05/$0.1) - 2024/05/19 13:07:59
Table 'NLHRed2' 6-max Seat #5 is the button
Seat 1: Hero ($10 in chips)
Seat 2: acdbbbb5 ($10.1 in chips)
Seat 3: 8dc8a608 ($9.82 in chips)
Seat 5: be3caebd ($11.36 in chips)
Seat 6: 57ff68fc ($16.82 in chips)
57ff68fc: posts small blind $0.05
Hero: posts big blind $0.1
*** HOLE CARDS ***
Dealt to Hero [5h Qc]
Dealt to acdbbbb5 
Dealt to 8dc8a608 
Dealt to be3caebd 
Dealt to 57ff68fc 
acdbbbb5: folds
8dc8a608: folds
be3caebd: raises $0.15 to $0.25
57ff68fc: raises $0.55 to $0.8
Hero: folds
be3caebd: calls $0.55
*** FLOP *** [Ks 4c 2h]
57ff68fc: bets $0.57
be3caebd: calls $0.57
*** TURN *** [Ks 4c 2h] [Js]
57ff68fc: checks
be3caebd: bets $0.94
57ff68fc: calls $0.94
*** RIVER *** [Ks 4c 2h Js] [6s]
57ff68fc: checks
be3caebd: bets $3.15
57ff68fc: calls $3.15
be3caebd: shows [4d 4s] (Three Fours)
57ff68fc: shows [Jd As] (Pair of Jacks)
*** SHOWDOWN ***
be3caebd collected $10.38 from pot
*** SUMMARY ***
Total pot $11.02 | Rake $0.54 | Jackpot $0.1 | Bingo $0 | Fortune $0 | Tax $0
Board [Ks 4c 2h Js 6s]
Seat 1: Hero (big blind) folded before Flop
Seat 2: acdbbbb5 folded before Flop (didn't bet)
Seat 3: 8dc8a608 folded before Flop (didn't bet)
Seat 5: be3caebd (button) showed [4d 4s] and won ($10.38) with Three Fours
Seat 6: 57ff68fc (small blind) showed [Jd As] and lost with Pair of Jacks


Poker Hand #HD1779072817: Hold'em No Limit ($0.05/$0.1) - 2024/05/19 13:07:12
Table 'NLHRed2' 6-max Seat #3 is the button
Seat 1: Hero ($10 in chips)
Seat 2: acdbbbb5 ($10.1 in chips)
Seat 3: 8dc8a608 ($9.5 in chips)
Seat 5: be3caebd ($11.41 in chips)
Seat 6: 57ff68fc ($17.12 in chips)
be3caebd: posts small blind $0.05
57ff68fc: posts big blind $0.1
*** HOLE CARDS ***
Dealt to Hero [4d 4c]
Dealt to acdbbbb5 
Dealt to 8dc8a608 
Dealt to be3caebd 
Dealt to 57ff68fc 
Hero: folds
acdbbbb5: folds
8dc8a608: raises $0.2 to $0.3
be3caebd: folds
57ff68fc: calls $0.2
*** FLOP *** [8d 4h 6h]
57ff68fc: checks
8dc8a608: bets $0.22
57ff68fc: folds
Uncalled bet ($0.22) returned to 8dc8a608
*** SHOWDOWN ***
8dc8a608 collected $0.62 from pot
*** SUMMARY ***
Total pot $0.65 | Rake $0.03 | Jackpot $0 | Bingo $0 | Fortune $0 | Tax $0
Board [8d 4h 6h]
Seat 1: Hero folded before Flop (didn't bet)
Seat 2: acdbbbb5 folded before Flop (didn't bet)
Seat 3: 8dc8a608 (button) won ($0.62)
Seat 5: be3caebd (small blind) folded before Flop
Seat 6: 57ff68fc (big blind) folded on the Flop


Poker Hand #HD1779072800: Hold'em No Limit ($0.05/$0.1) - 2024/05/19 13:07:03
Table 'NLHRed2' 6-max Seat #2 is the button
Seat 1: Hero ($10 in chips)
Seat 2: acdbbbb5 ($10.1 in chips)
Seat 3: 8dc8a608 ($9.55 in chips)
Seat 5: be3caebd ($11.36 in chips)
Seat 6: 57ff68fc ($17.12 in chips)
8dc8a608: posts small blind $0.05
be3caebd: posts big blind $0.1
*** HOLE CARDS ***
Dealt to Hero [Ad 9c]
Dealt to acdbbbb5 
Dealt to 8dc8a608 
Dealt to be3caebd 
Dealt to 57ff68fc 
57ff68fc: folds
Hero: folds
acdbbbb5: folds
8dc8a608: folds
Uncalled bet ($0.05) returned to be3caebd
*** SHOWDOWN ***
be3caebd collected $0.1 from pot
*** SUMMARY ***
Total pot $0.1 | Rake $0 | Jackpot $0 | Bingo $0 | Fortune $0 | Tax $0
Seat 1: Hero folded before Flop (didn't bet)
Seat 2: acdbbbb5 (button) folded before Flop (didn't bet)
Seat 3: 8dc8a608 (small blind) folded before Flop
Seat 5: be3caebd (big blind) collected ($0.1)
Seat 6: 57ff68fc folded before Flop (didn't bet)


Poker Hand #HD1779072753: Hold'em No Limit ($0.05/$0.1) - 2024/05/19 13:06:35
Table 'NLHRed2' 6-max Seat #1 is the button
Seat 1: Hero ($10 in chips)
Seat 2: acdbbbb5 ($10.15 in chips)
Seat 3: 8dc8a608 ($9.65 in chips)
Seat 4: 9aea2099 ($4.28 in chips)
Seat 5: be3caebd ($11.36 in chips)
Seat 6: 57ff68fc ($16.97 in chips)
acdbbbb5: posts small blind $0.05
8dc8a608: posts big blind $0.1
*** HOLE CARDS ***
Dealt to Hero [2s 5s]
Dealt to acdbbbb5 
Dealt to 8dc8a608 
Dealt to 9aea2099 
Dealt to be3caebd 
Dealt to 57ff68fc 
9aea2099: folds
be3caebd: folds
57ff68fc: raises $0.2 to $0.3
Hero: folds
acdbbbb5: folds
8dc8a608: folds
Uncalled bet ($0.2) returned to 57ff68fc
*** SHOWDOWN ***
57ff68fc collected $0.25 from pot
*** SUMMARY ***
Total pot $0.25 | Rake $0 | Jackpot $0 | Bingo $0 | Fortune $0 | Tax $0
Seat 1: Hero (button) folded before Flop (didn't bet)
Seat 2: acdbbbb5 (small blind) folded before Flop
Seat 3: 8dc8a608 (big blind) folded before Flop
Seat 4: 9aea2099 folded before Flop (didn't bet)
Seat 5: be3caebd folded before Flop (didn't bet)
Seat 6: 57ff68fc collected ($0.25)


Poker Hand #HD1779072729: Hold'em No Limit ($0.05/$0.1) - 2024/05/19 13:06:17
Table 'NLHRed2' 6-max Seat #6 is the button
Seat 1: Hero ($10 in chips)
Seat 2: acdbbbb5 ($10.1 in chips)
Seat 3: 8dc8a608 ($9.65 in chips)
Seat 5: be3caebd ($11.36 in chips)
Seat 6: 57ff68fc ($16.97 in chips)
Hero: posts small blind $0.05
acdbbbb5: posts big blind $0.1
*** HOLE CARDS ***
Dealt to Hero [4h Qc]
Dealt to acdbbbb5 
Dealt to 8dc8a608 
Dealt to be3caebd 
Dealt to 57ff68fc 
8dc8a608: folds
be3caebd: folds
57ff68fc: folds
Hero: folds
Uncalled bet ($0.05) returned to acdbbbb5
*** SHOWDOWN ***
acdbbbb5 collected $0.1 from pot
*** SUMMARY ***
Total pot $0.1 | Rake $0 | Jackpot $0 | Bingo $0 | Fortune $0 | Tax $0
Seat 1: Hero (small blind) folded before Flop
Seat 2: acdbbbb5 (big blind) collected ($0.1)
Seat 3: 8dc8a608 folded before Flop (didn't bet)
Seat 5: be3caebd folded before Flop (didn't bet)
Seat 6: 57ff68fc (button) folded before Flop (didn't bet)


Poker Hand #HD1779072685: Hold'em No Limit ($0.05/$0.1) - 2024/05/19 13:05:59
Table 'NLHRed2' 6-max Seat #5 is the button
Seat 1: Hero ($10 in chips)
Seat 2: acdbbbb5 ($10.1 in chips)
Seat 3: 8dc8a608 ($9.65 in chips)
Seat 5: be3caebd ($11.36 in chips)
Seat 6: 57ff68fc ($16.87 in chips)
57ff68fc: posts small blind $0.05
Hero: posts big blind $0.1
*** HOLE CARDS ***
Dealt to Hero [Th Jd]
Dealt to acdbbbb5 
Dealt to 8dc8a608 
Dealt to be3caebd 
Dealt to 57ff68fc 
acdbbbb5: folds
8dc8a608: folds
be3caebd: folds
57ff68fc: raises $0.2 to $0.3
Hero: folds
Uncalled bet ($0.2) returned to 57ff68fc
*** SHOWDOWN ***
57ff68fc collected $0.2 from pot
*** SUMMARY ***
Total pot $0.2 | Rake $0 | Jackpot $0 | Bingo $0 | Fortune $0 | Tax $0
Seat 1: Hero (big blind) folded before Flop
Seat 2: acdbbbb5 folded before Flop (didn't bet)
Seat 3: 8dc8a608 folded before Flop (didn't bet)
Seat 5: be3caebd (button) folded before Flop (didn't bet)
Seat 6: 57ff68fc (small blind) collected ($0.2)


Poker Hand #HD1779072648: Hold'em No Limit ($0.05/$0.1) - 2024/05/19 13:05:39
Table 'NLHRed2' 6-max Seat #4 is the button
Seat 1: Hero ($10 in chips)
Seat 2: acdbbbb5 ($10.1 in chips)
Seat 3: 8dc8a608 ($9.65 in chips)
Seat 4: 9aea2099 ($4.28 in chips)
Seat 5: be3caebd ($11.41 in chips)
Seat 6: 57ff68fc ($16.82 in chips)
be3caebd: posts small blind $0.05
57ff68fc: posts big blind $0.1
*** HOLE CARDS ***
Dealt to Hero [6d Tc]
Dealt to acdbbbb5 
Dealt to 8dc8a608 
Dealt to 9aea2099 
Dealt to be3caebd 
Dealt to 57ff68fc 
Hero: folds
acdbbbb5: folds
8dc8a608: folds
9aea2099: folds
be3caebd: folds
Uncalled bet ($0.05) returned to 57ff68fc
*** SHOWDOWN ***
57ff68fc collected $0.1 from pot
*** SUMMARY ***
Total pot $0.1 | Rake $0 | Jackpot $0 | Bingo $0 | Fortune $0 | Tax $0
Seat 1: Hero folded before Flop (didn't bet)
Seat 2: acdbbbb5 folded before Flop (didn't bet)
Seat 3: 8dc8a608 folded before Flop (didn't bet)
Seat 4: 9aea2099 (button) folded before Flop (didn't bet)
Seat 5: be3caebd (small blind) folded before Flop
Seat 6: 57ff68fc (big blind) collected ($0.1)


Poker Hand #HD1779072618: Hold'em No Limit ($0.05/$0.1) - 2024/05/19 13:05:11
Table 'NLHRed2' 6-max Seat #3 is the button
Seat 1: Hero ($10 in chips)
Seat 2: acdbbbb5 ($10.1 in chips)
Seat 3: 8dc8a608 ($9.65 in chips)
Seat 4: 9aea2099 ($4.33 in chips)
Seat 5: be3caebd ($11.09 in chips)
Seat 6: 57ff68fc ($17.12 in chips)
9aea2099: posts small blind $0.05
be3caebd: posts big blind $0.1
*** HOLE CARDS ***
Dealt to Hero [7d 5h]
Dealt to acdbbbb5 
Dealt to 8dc8a608 
Dealt to 9aea2099 
Dealt to be3caebd 
Dealt to 57ff68fc 
57ff68fc: raises $0.2 to $0.3
Hero: folds
acdbbbb5: folds
8dc8a608: folds
9aea2099: folds
be3caebd: calls $0.2
*** FLOP *** [6h As 4h]
be3caebd: checks
57ff68fc: checks
*** TURN *** [6h As 4h] [Kh]
be3caebd: bets $0.33
57ff68fc: folds
Uncalled bet ($0.33) returned to be3caebd
*** SHOWDOWN ***
be3caebd collected $0.62 from pot
*** SUMMARY ***
Total pot $0.65 | Rake $0.03 | Jackpot $0 | Bingo $0 | Fortune $0 | Tax $0
Board [6h As 4h Kh]
Seat 1: Hero folded before Flop (didn't bet)
Seat 2: acdbbbb5 folded before Flop (didn't bet)
Seat 3: 8dc8a608 (button) folded before Flop (didn't bet)
Seat 4: 9aea2099 (small blind) folded before Flop
Seat 5: be3caebd (big blind) won ($0.62)
Seat 6: 57ff68fc folded on the Turn


Poker Hand #HD1779072577: Hold'em No Limit ($0.05/$0.1) - 2024/05/19 13:04:45
Table 'NLHRed2' 6-max Seat #2 is the button
Seat 1: Hero ($10 in chips)
Seat 2: acdbbbb5 ($10.1 in chips)
Seat 3: 8dc8a608 ($9.7 in chips)
Seat 4: 9aea2099 ($4.58 in chips)
Seat 5: be3caebd ($10.81 in chips)
Seat 6: 57ff68fc ($17.12 in chips)
8dc8a608: posts small blind $0.05
9aea2099: posts big blind $0.1
*** HOLE CARDS ***
Dealt to Hero [4c 2h]
Dealt to acdbbbb5 
Dealt to 8dc8a608 
Dealt to 9aea2099 
Dealt to be3caebd 
Dealt to 57ff68fc 
be3caebd: raises $0.15 to $0.25
57ff68fc: folds
Hero: folds
acdbbbb5: folds
8dc8a608: folds
9aea2099: calls $0.15
*** FLOP *** [Th 5h 8c]
9aea2099: checks
be3caebd: bets $0.28
9aea2099: folds
Uncalled bet ($0.28) returned to be3caebd
*** SHOWDOWN ***
be3caebd collected $0.53 from pot
*** SUMMARY ***
Total pot $0.55 | Rake $0.02 | Jackpot $0 | Bingo $0 | Fortune $0 | Tax $0
Board [Th 5h 8c]
Seat 1: Hero folded before Flop (didn't bet)
Seat 2: acdbbbb5 (button) folded before Flop (didn't bet)
Seat 3: 8dc8a608 (small blind) folded before Flop
Seat 4: 9aea2099 (big blind) folded on the Flop
Seat 5: be3caebd won ($0.53)
Seat 6: 57ff68fc folded before Flop (didn't bet)


Poker Hand #HD1779072544: Hold'em No Limit ($0.05/$0.1) - 2024/05/19 13:04:24
Table 'NLHRed2' 6-max Seat #1 is the button
Seat 1: Hero ($10 in chips)
Seat 2: acdbbbb5 ($10 in chips)
Seat 3: 8dc8a608 ($9.8 in chips)
Seat 5: be3caebd ($10.81 in chips)
Seat 6: 57ff68fc ($17.12 in chips)
acdbbbb5: posts small blind $0.05
8dc8a608: posts big blind $0.1
*** HOLE CARDS ***
Dealt to Hero [7s 3h]
Dealt to acdbbbb5 
Dealt to 8dc8a608 
Dealt to be3caebd 
Dealt to 57ff68fc 
be3caebd: folds
57ff68fc: folds
Hero: folds
acdbbbb5: raises $0.18 to $0.28
8dc8a608: folds
Uncalled bet ($0.18) returned to acdbbbb5
*** SHOWDOWN ***
acdbbbb5 collected $0.2 from pot
*** SUMMARY ***
Total pot $0.2 | Rake $0 | Jackpot $0 | Bingo $0 | Fortune $0 | Tax $0
Seat 1: Hero (button) folded before Flop (didn't bet)
Seat 2: acdbbbb5 (small blind) collected ($0.2)
Seat 3: 8dc8a608 (big blind) folded before Flop
Seat 5: be3caebd folded before Flop (didn't bet)
Seat 6: 57ff68fc folded before Flop (didn't bet)


Poker Hand #HD1779072519: Hold'em No Limit ($0.05/$0.1) - 2024/05/19 13:04:11
Table 'NLHRed2' 6-max Seat #6 is the button
Seat 1: Hero ($10 in chips)
Seat 2: acdbbbb5 ($10 in chips)
Seat 3: 8dc8a608 ($9.65 in chips)
Seat 5: be3caebd ($10.81 in chips)
Seat 6: 57ff68fc ($17.12 in chips)
Hero: posts small blind $0.05
acdbbbb5: posts big blind $0.1
*** HOLE CARDS ***
Dealt to Hero [4c 2c]
Dealt to acdbbbb5 
Dealt to 8dc8a608 
Dealt to be3caebd 
Dealt to 57ff68fc 
8dc8a608: raises $0.2 to $0.3
be3caebd: folds
57ff68fc: folds
Hero: folds
acdbbbb5: folds
Uncalled bet ($0.2) returned to 8dc8a608
*** SHOWDOWN ***
8dc8a608 collected $0.25 from pot
*** SUMMARY ***
Total pot $0.25 | Rake $0 | Jackpot $0 | Bingo $0 | Fortune $0 | Tax $0
Seat 1: Hero (small blind) folded before Flop
Seat 2: acdbbbb5 (big blind) folded before Flop
Seat 3: 8dc8a608 collected ($0.25)
Seat 5: be3caebd folded before Flop (didn't bet)
Seat 6: 57ff68fc (button) folded before Flop (didn't bet)


Poker Hand #HD1779072454: Hold'em No Limit ($0.05/$0.1) - 2024/05/19 13:03:24
Table 'NLHRed2' 6-max Seat #5 is the button
Seat 1: Hero ($10 in chips)
Seat 2: acdbbbb5 ($10 in chips)
Seat 3: 8dc8a608 ($9.65 in chips)
Seat 5: be3caebd ($10.81 in chips)
Seat 6: 57ff68fc ($17.03 in chips)
57ff68fc: posts small blind $0.05
Hero: posts big blind $0.1
*** HOLE CARDS ***
Dealt to Hero [2h 7d]
Dealt to acdbbbb5 
Dealt to 8dc8a608 
Dealt to be3caebd 
Dealt to 57ff68fc 
acdbbbb5: folds
8dc8a608: folds
be3caebd: folds
57ff68fc: calls $0.05
Hero: checks
*** FLOP *** [9s 9h 3s]
57ff68fc: checks
Hero: checks
*** TURN *** [9s 9h 3s] [Qd]
57ff68fc: checks
Hero: checks
*** RIVER *** [9s 9h 3s Qd] [Jh]
57ff68fc: checks
Hero: checks
57ff68fc: shows [Th 7h] (Pair of Nines)
Hero: shows [2h 7d] (Pair of Nines)
*** SHOWDOWN ***
57ff68fc collected $0.19 from pot
*** SUMMARY ***
Total pot $0.2 | Rake $0.01 | Jackpot $0 | Bingo $0 | Fortune $0 | Tax $0
Board [9s 9h 3s Qd Jh]
Seat 1: Hero (big blind) showed [2h 7d] and lost with Pair of Nines
Seat 2: acdbbbb5 folded before Flop (didn't bet)
Seat 3: 8dc8a608 folded before Flop (didn't bet)
Seat 5: be3caebd (button) folded before Flop (didn't bet)
Seat 6: 57ff68fc (small blind) showed [Th 7h] and won ($0.19) with Pair of Nines


Poker Hand #HD1779072440: Hold'em No Limit ($0.05/$0.1) - 2024/05/19 13:03:17
Table 'NLHRed2' 6-max Seat #3 is the button
Seat 1: Hero ($10 in chips)
Seat 2: acdbbbb5 ($10 in chips)
Seat 3: 8dc8a608 ($9.65 in chips)
Seat 5: be3caebd ($10.86 in chips)
Seat 6: 57ff68fc ($16.98 in chips)
be3caebd: posts small blind $0.05
57ff68fc: posts big blind $0.1
*** HOLE CARDS ***
Dealt to Hero [Kd Ts]
Dealt to acdbbbb5 
Dealt to 8dc8a608 
Dealt to be3caebd 
Dealt to 57ff68fc 
Hero: folds
acdbbbb5: folds
8dc8a608: folds
be3caebd: folds
Uncalled bet ($0.05) returned to 57ff68fc
*** SHOWDOWN ***
57ff68fc collected $0.1 from pot
*** SUMMARY ***
Total pot $0.1 | Rake $0 | Jackpot $0 | Bingo $0 | Fortune $0 | Tax $0
Seat 1: Hero folded before Flop (didn't bet)
Seat 2: acdbbbb5 folded before Flop (didn't bet)
Seat 3: 8dc8a608 (button) folded before Flop (didn't bet)
Seat 5: be3caebd (small blind) folded before Flop
Seat 6: 57ff68fc (big blind) collected ($0.1)


Poker Hand #HD1779072395: Hold'em No Limit ($0.05/$0.1) - 2024/05/19 13:02:48
Table 'NLHRed2' 6-max Seat #2 is the button
Seat 1: Hero ($10 in chips)
Seat 2: acdbbbb5 ($10 in chips)
Seat 3: 8dc8a608 ($9.7 in chips)
Seat 5: be3caebd ($10.61 in chips)
Seat 6: 57ff68fc ($16.98 in chips)
8dc8a608: posts small blind $0.05
be3caebd: posts big blind $0.1
*** HOLE CARDS ***
Dealt to Hero [4s Ah]
Dealt to acdbbbb5 
Dealt to 8dc8a608 
Dealt to be3caebd 
Dealt to 57ff68fc 
57ff68fc: folds
Hero: folds
acdbbbb5: raises $0.12 to $0.22
8dc8a608: folds
be3caebd: raises $0.63 to $0.85
acdbbbb5: folds
Uncalled bet ($0.63) returned to be3caebd
*** SHOWDOWN ***
be3caebd collected $0.47 from pot
*** SUMMARY ***
Total pot $0.49 | Rake $0.02 | Jackpot $0 | Bingo $0 | Fortune $0 | Tax $0
Seat 1: Hero folded before Flop (didn't bet)
Seat 2: acdbbbb5 (button) folded before Flop
Seat 3: 8dc8a608 (small blind) folded before Flop
Seat 5: be3caebd (big blind) collected ($0.47)
Seat 6: 57ff68fc folded before Flop (didn't bet)


Poker Hand #HD1779072376: Hold'em No Limit ($0.05/$0.1) - 2024/05/19 13:02:38
Table 'NLHRed2' 6-max Seat #1 is the button
Seat 1: Hero ($10 in chips)
Seat 2: acdbbbb5 ($10.05 in chips)
Seat 3: 8dc8a608 ($9.65 in chips)
Seat 5: be3caebd ($10.61 in chips)
Seat 6: 57ff68fc ($16.98 in chips)
acdbbbb5: posts small blind $0.05
8dc8a608: posts big blind $0.1
*** HOLE CARDS ***
Dealt to Hero [2d 8d]
Dealt to acdbbbb5 
Dealt to 8dc8a608 
Dealt to be3caebd 
Dealt to 57ff68fc 
be3caebd: folds
57ff68fc: folds
Hero: folds
acdbbbb5: folds
Uncalled bet ($0.05) returned to 8dc8a608
*** SHOWDOWN ***
8dc8a608 collected $0.1 from pot
*** SUMMARY ***
Total pot $0.1 | Rake $0 | Jackpot $0 | Bingo $0 | Fortune $0 | Tax $0
Seat 1: Hero (button) folded before Flop (didn't bet)
Seat 2: acdbbbb5 (small blind) folded before Flop
Seat 3: 8dc8a608 (big blind) collected ($0.1)
Seat 5: be3caebd folded before Flop (didn't bet)
Seat 6: 57ff68fc folded before Flop (didn't bet)


Poker Hand #HD1779072356: Hold'em No Limit ($0.05/$0.1) - 2024/05/19 13:02:18
Table 'NLHRed2' 6-max Seat #6 is the button
Seat 1: Hero ($10.05 in chips)
Seat 2: acdbbbb5 ($10 in chips)
Seat 3: 8dc8a608 ($9.65 in chips)
Seat 4: 9aea2099 ($4.58 in chips)
Seat 5: be3caebd ($10.61 in chips)
Seat 6: 57ff68fc ($16.98 in chips)
Hero: posts small blind $0.05
acdbbbb5: posts big blind $0.1
*** HOLE CARDS ***
Dealt to Hero [6s 5d]
Dealt to acdbbbb5 
Dealt to 8dc8a608 
Dealt to 9aea2099 
Dealt to be3caebd 
Dealt to 57ff68fc 
8dc8a608: folds
9aea2099: folds
be3caebd: folds
57ff68fc: folds
Hero: folds
Uncalled bet ($0.05) returned to acdbbbb5
*** SHOWDOWN ***
acdbbbb5 collected $0.1 from pot
*** SUMMARY ***
Total pot $0.1 | Rake $0 | Jackpot $0 | Bingo $0 | Fortune $0 | Tax $0
Seat 1: Hero (small blind) folded before Flop
Seat 2: acdbbbb5 (big blind) collected ($0.1)
Seat 3: 8dc8a608 folded before Flop (didn't bet)
Seat 4: 9aea2099 folded before Flop (didn't bet)
Seat 5: be3caebd folded before Flop (didn't bet)
Seat 6: 57ff68fc (button) folded before Flop (didn't bet)


Poker Hand #HD1779072329: Hold'em No Limit ($0.05/$0.1) - 2024/05/19 13:02:06
Table 'NLHRed2' 6-max Seat #5 is the button
Seat 1: Hero ($10.15 in chips)
Seat 2: acdbbbb5 ($10 in chips)
Seat 3: 8dc8a608 ($9.65 in chips)
Seat 4: 9aea2099 ($4.58 in chips)
Seat 5: be3caebd ($10.61 in chips)
Seat 6: 57ff68fc ($16.88 in chips)
57ff68fc: posts small blind $0.05
Hero: posts big blind $0.1
*** HOLE CARDS ***
Dealt to Hero [8h 6c]
Dealt to acdbbbb5 
Dealt to 8dc8a608 
Dealt to 9aea2099 
Dealt to be3caebd 
Dealt to 57ff68fc 
acdbbbb5: folds
8dc8a608: folds
9aea2099: folds
be3caebd: folds
57ff68fc: raises $0.3 to $0.4
Hero: folds
Uncalled bet ($0.3) returned to 57ff68fc
*** SHOWDOWN ***
57ff68fc collected $0.2 from pot
*** SUMMARY ***
Total pot $0.2 | Rake $0 | Jackpot $0 | Bingo $0 | Fortune $0 | Tax $0
Seat 1: Hero (big blind) folded before Flop
Seat 2: acdbbbb5 folded before Flop (didn't bet)
Seat 3: 8dc8a608 folded before Flop (didn't bet)
Seat 4: 9aea2099 folded before Flop (didn't bet)
Seat 5: be3caebd (button) folded before Flop (didn't bet)
Seat 6: 57ff68fc (small blind) collected ($0.2)


Poker Hand #HD1779072310: Hold'em No Limit ($0.05/$0.1) - 2024/05/19 13:01:54
Table 'NLHRed2' 6-max Seat #4 is the button
Seat 1: Hero ($10.15 in chips)
Seat 2: acdbbbb5 ($10 in chips)
Seat 3: 8dc8a608 ($9.65 in chips)
Seat 4: 9aea2099 ($4.58 in chips)
Seat 5: be3caebd ($10.51 in chips)
Seat 6: 57ff68fc ($16.98 in chips)
be3caebd: posts small blind $0.05
57ff68fc: posts big blind $0.1
*** HOLE CARDS ***
Dealt to Hero [Jd 7s]
Dealt to acdbbbb5 
Dealt to 8dc8a608 
Dealt to 9aea2099 
Dealt to be3caebd 
Dealt to 57ff68fc 
Hero: folds
acdbbbb5: folds
8dc8a608: folds
9aea2099: folds
be3caebd: raises $0.2 to $0.3
57ff68fc: folds
Uncalled bet ($0.2) returned to be3caebd
*** SHOWDOWN ***
be3caebd collected $0.2 from pot
*** SUMMARY ***
Total pot $0.2 | Rake $0 | Jackpot $0 | Bingo $0 | Fortune $0 | Tax $0
Seat 1: Hero folded before Flop (didn't bet)
Seat 2: acdbbbb5 folded before Flop (didn't bet)
Seat 3: 8dc8a608 folded before Flop (didn't bet)
Seat 4: 9aea2099 (button) folded before Flop (didn't bet)
Seat 5: be3caebd (small blind) collected ($0.2)
Seat 6: 57ff68fc (big blind) folded before Flop


Poker Hand #HD1779072178: Hold'em No Limit ($0.05/$0.1) - 2024/05/19 13:00:38
Table 'NLHRed2' 6-max Seat #3 is the button
Seat 1: Hero ($10.15 in chips)
Seat 2: acdbbbb5 ($10 in chips)
Seat 3: 8dc8a608 ($9.65 in chips)
Seat 4: 9aea2099 ($4.63 in chips)
Seat 5: be3caebd ($9.36 in chips)
9aea2099: posts small blind $0.05
be3caebd: posts big blind $0.1
*** HOLE CARDS ***
Dealt to Hero [2d 7h]
Dealt to acdbbbb5 
Dealt to 8dc8a608 
Dealt to 9aea2099 
Dealt to be3caebd 
Hero: folds
acdbbbb5: raises $0.12 to $0.22
8dc8a608: folds
9aea2099: folds
be3caebd: calls $0.12
*** FLOP *** [6d Jh 8d]
be3caebd: checks
acdbbbb5: bets $0.25
be3caebd: calls $0.25
*** TURN *** [6d Jh 8d] [2h]
be3caebd: checks
acdbbbb5: bets $0.75
be3caebd: calls $0.75
*** RIVER *** [6d Jh 8d 2h] [Kh]
be3caebd: bets $1.63
acdbbbb5: folds
Uncalled bet ($1.63) returned to be3caebd
*** SHOWDOWN ***
be3caebd collected $2.37 from pot
*** SUMMARY ***
Total pot $2.49 | Rake $0.12 | Jackpot $0 | Bingo $0 | Fortune $0 | Tax $0
Board [6d Jh 8d 2h Kh]
Seat 1: Hero folded before Flop (didn't bet)
Seat 2: acdbbbb5 folded on the River
Seat 3: 8dc8a608 (button) folded before Flop (didn't bet)
Seat 4: 9aea2099 (small blind) folded before Flop
Seat 5: be3caebd (big blind) won ($2.37)


Poker Hand #HD1779072151: Hold'em No Limit ($0.05/$0.1) - 2024/05/19 13:00:24
Table 'NLHRed2' 6-max Seat #2 is the button
Seat 1: Hero ($10 in chips)
Seat 2: acdbbbb5 ($10 in chips)
Seat 3: 8dc8a608 ($9.7 in chips)
Seat 4: 9aea2099 ($4.73 in chips)
Seat 5: be3caebd ($9.36 in chips)
8dc8a608: posts small blind $0.05
9aea2099: posts big blind $0.1
*** HOLE CARDS ***
Dealt to Hero [Th Kc]
Dealt to acdbbbb5 
Dealt to 8dc8a608 
Dealt to 9aea2099 
Dealt to be3caebd 
be3caebd: folds
Hero: raises $0.14 to $0.24
acdbbbb5: folds
8dc8a608: folds
9aea2099: folds
Uncalled bet ($0.14) returned to Hero
*** SHOWDOWN ***
Hero collected $0.25 from pot
*** SUMMARY ***
Total pot $0.25 | Rake $0 | Jackpot $0 | Bingo $0 | Fortune $0 | Tax $0
Seat 1: Hero collected ($0.25)
Seat 2: acdbbbb5 (button) folded before Flop (didn't bet)
Seat 3: 8dc8a608 (small blind) folded before Flop
Seat 4: 9aea2099 (big blind) folded before Flop
Seat 5: be3caebd folded before Flop (didn't bet)


Poker Hand #HD1779072094: Hold'em No Limit ($0.05/$0.1) - 2024/05/19 12:59:48
Table 'NLHRed2' 6-max Seat #1 is the button
Seat 1: Hero ($10 in chips)
Seat 2: acdbbbb5 ($10.05 in chips)
Seat 3: 8dc8a608 ($10 in chips)
Seat 4: 9aea2099 ($4.73 in chips)
Seat 5: be3caebd ($9.36 in chips)
Seat 6: 57ff68fc ($16.66 in chips)
acdbbbb5: posts small blind $0.05
8dc8a608: posts big blind $0.1
*** HOLE CARDS ***
Dealt to Hero [9d Th]
Dealt to acdbbbb5 
Dealt to 8dc8a608 
Dealt to 9aea2099 
Dealt to be3caebd 
Dealt to 57ff68fc 
9aea2099: folds
be3caebd: folds
57ff68fc: raises $0.2 to $0.3
Hero: folds
acdbbbb5: folds
8dc8a608: calls $0.2
*** FLOP *** [2d 9h 4h]
8dc8a608: checks
57ff68fc: checks
*** TURN *** [2d 9h 4h] [2h]
8dc8a608: checks
57ff68fc: bets $0.33
8dc8a608: folds
Uncalled bet ($0.33) returned to 57ff68fc
*** SHOWDOWN ***
57ff68fc collected $0.62 from pot
*** SUMMARY ***
Total pot $0.65 | Rake $0.03 | Jackpot $0 | Bingo $0 | Fortune $0 | Tax $0
Board [2d 9h 4h 2h]
Seat 1: Hero (button) folded before Flop (didn't bet)
Seat 2: acdbbbb5 (small blind) folded before Flop
Seat 3: 8dc8a608 (big blind) folded on the Turn
Seat 4: 9aea2099 folded before Flop (didn't bet)
Seat 5: be3caebd folded before Flop (didn't bet)
Seat 6: 57ff68fc won ($0.62)


Poker Hand #HD1779072083: Hold'em No Limit ($0.05/$0.1) - 2024/05/19 12:59:41
Table 'NLHRed2' 6-max Seat #6 is the button
Seat 1: Hero ($10 in chips)
Seat 2: acdbbbb5 ($10 in chips)
Seat 4: 9aea2099 ($4.73 in chips)
Seat 5: be3caebd ($9.36 in chips)
Seat 6: 57ff68fc ($16.66 in chips)
Hero: posts small blind $0.05
acdbbbb5: posts big blind $0.1
*** HOLE CARDS ***
Dealt to Hero [2s 5c]
Dealt to acdbbbb5 
Dealt to 9aea2099 
Dealt to be3caebd 
Dealt to 57ff68fc 
9aea2099: folds
be3caebd: folds
57ff68fc: folds
Hero: folds
Uncalled bet ($0.05) returned to acdbbbb5
*** SHOWDOWN ***
acdbbbb5 collected $0.1 from pot
*** SUMMARY ***
Total pot $0.1 | Rake $0 | Jackpot $0 | Bingo $0 | Fortune $0 | Tax $0
Seat 1: Hero (small blind) folded before Flop
Seat 2: acdbbbb5 (big blind) collected ($0.1)
Seat 4: 9aea2099 folded before Flop (didn't bet)
Seat 5: be3caebd folded before Flop (didn't bet)
Seat 6: 57ff68fc (button) folded before Flop (didn't bet)


Poker Hand #HD1779071950: Hold'em No Limit ($0.05/$0.1) - 2024/05/19 12:58:23
Table 'NLHRed2' 6-max Seat #5 is the button
Seat 1: Hero ($10 in chips)
Seat 2: acdbbbb5 ($10 in chips)
Seat 4: 9aea2099 ($4.73 in chips)
Seat 5: be3caebd ($10.21 in chips)
Seat 6: 57ff68fc ($15.8 in chips)
57ff68fc: posts small blind $0.05
Hero: posts big blind $0.1
*** HOLE CARDS ***
Dealt to Hero [5c 6d]
Dealt to acdbbbb5 
Dealt to 9aea2099 
Dealt to be3caebd 
Dealt to 57ff68fc 
acdbbbb5: folds
9aea2099: folds
be3caebd: raises $0.15 to $0.25
57ff68fc: raises $0.6 to $0.85
Hero: folds
be3caebd: calls $0.6
*** FLOP *** [Qc 2s 8h]
57ff68fc: checks
be3caebd: checks
*** TURN *** [Qc 2s 8h] [5s]
57ff68fc: bets $1.35
be3caebd: folds
Uncalled bet ($1.35) returned to 57ff68fc
*** SHOWDOWN ***
57ff68fc collected $1.71 from pot
*** SUMMARY ***
Total pot $1.8 | Rake $0.09 | Jackpot $0 | Bingo $0 | Fortune $0 | Tax $0
Board [Qc 2s 8h 5s]
Seat 1: Hero (big blind) folded before Flop
Seat 2: acdbbbb5 folded before Flop (didn't bet)
Seat 4: 9aea2099 folded before Flop (didn't bet)
Seat 5: be3caebd (button) folded on the Turn
Seat 6: 57ff68fc (small blind) won ($1.71)


Poker Hand #HD1779071926: Hold'em No Limit ($0.05/$0.1) - 2024/05/19 12:58:11
Table 'NLHRed2' 6-max Seat #4 is the button
Seat 1: Hero ($10 in chips)
Seat 2: acdbbbb5 ($10 in chips)
Seat 4: 9aea2099 ($4.73 in chips)
Seat 5: be3caebd ($10.26 in chips)
Seat 6: 57ff68fc ($15.75 in chips)
be3caebd: posts small blind $0.05
57ff68fc: posts big blind $0.1
*** HOLE CARDS ***
Dealt to Hero [Qh 8d]
Dealt to acdbbbb5 
Dealt to 9aea2099 
Dealt to be3caebd 
Dealt to 57ff68fc 
Hero: folds
acdbbbb5: folds
9aea2099: folds
be3caebd: folds
Uncalled bet ($0.05) returned to 57ff68fc
*** SHOWDOWN ***
57ff68fc collected $0.1 from pot
*** SUMMARY ***
Total pot $0.1 | Rake $0 | Jackpot $0 | Bingo $0 | Fortune $0 | Tax $0
Seat 1: Hero folded before Flop (didn't bet)
Seat 2: acdbbbb5 folded before Flop (didn't bet)
Seat 4: 9aea2099 (button) folded before Flop (didn't bet)
Seat 5: be3caebd (small blind) folded before Flop
Seat 6: 57ff68fc (big blind) collected ($0.1)


Poker Hand #HD1779071912: Hold'em No Limit ($0.05/$0.1) - 2024/05/19 12:58:02
Table 'NLHRed2' 6-max Seat #2 is the button
Seat 1: Hero ($10 in chips)
Seat 2: acdbbbb5 ($10 in chips)
Seat 4: 9aea2099 ($4.78 in chips)
Seat 5: be3caebd ($10.36 in chips)
Seat 6: 57ff68fc ($15.6 in chips)
9aea2099: posts small blind $0.05
be3caebd: posts big blind $0.1
*** HOLE CARDS ***
Dealt to Hero [Kh 6d]
Dealt to acdbbbb5 
Dealt to 9aea2099 
Dealt to be3caebd 
Dealt to 57ff68fc 
57ff68fc: raises $0.2 to $0.3
Hero: folds
acdbbbb5: folds
9aea2099: folds
be3caebd: folds
Uncalled bet ($0.2) returned to 57ff68fc
*** SHOWDOWN ***
57ff68fc collected $0.25 from pot
*** SUMMARY ***
Total pot $0.25 | Rake $0 | Jackpot $0 | Bingo $0 | Fortune $0 | Tax $0
Seat 1: Hero folded before Flop (didn't bet)
Seat 2: acdbbbb5 (button) folded before Flop (didn't bet)
Seat 4: 9aea2099 (small blind) folded before Flop
Seat 5: be3caebd (big blind) folded before Flop
Seat 6: 57ff68fc collected ($0.25)


Poker Hand #HD1779071820: Hold'em No Limit ($0.05/$0.1) - 2024/05/19 12:57:08
Table 'NLHRed2' 6-max Seat #1 is the button
Seat 1: Hero ($10 in chips)
Seat 2: acdbbbb5 ($10.05 in chips)
Seat 4: 9aea2099 ($4.9 in chips)
Seat 5: be3caebd ($10.36 in chips)
Seat 6: 57ff68fc ($15.6 in chips)
acdbbbb5: posts small blind $0.05
9aea2099: posts big blind $0.1
*** HOLE CARDS ***
Dealt to Hero [Tc Ah]
Dealt to acdbbbb5 
Dealt to 9aea2099 
Dealt to be3caebd 
Dealt to 57ff68fc 
be3caebd: folds
57ff68fc: folds
Hero: raises $0.14 to $0.24
acdbbbb5: folds
9aea2099: calls $0.14
*** FLOP *** [Jh Ac Qs]
9aea2099: bets $0.18
Hero: calls $0.18
*** TURN *** [Jh Ac Qs] [6h]
9aea2099: bets $0.3
Hero: calls $0.3
*** RIVER *** [Jh Ac Qs 6h] [As]
9aea2099: bets $0.5
Hero: raises $0.9 to $1.4
9aea2099: calls $0.9
Hero: shows [Tc Ah] (Three Aces)
9aea2099: shows [Ad 9s] (Three Aces)
*** SHOWDOWN ***
9aea2099 collected $2 from pot
Hero collected $1.99 from pot
*** SUMMARY ***
Total pot $4.29 | Rake $0.2 | Jackpot $0.1 | Bingo $0 | Fortune $0 | Tax $0
Board [Jh Ac Qs 6h As]
Seat 1: Hero (button) showed [Tc Ah] and won ($1.99) with Three Aces
Seat 2: acdbbbb5 (small blind) folded before Flop
Seat 4: 9aea2099 (big blind) showed [Ad 9s] and won ($2) with Three Aces
Seat 5: be3caebd folded before Flop (didn't bet)
Seat 6: 57ff68fc folded before Flop (didn't bet)


Poker Hand #HD1779071805: Hold'em No Limit ($0.05/$0.1) - 2024/05/19 12:56:57
Table 'NLHRed2' 6-max Seat #6 is the button
Seat 1: Hero ($10.05 in chips)
Seat 2: acdbbbb5 ($10 in chips)
Seat 4: 9aea2099 ($4.9 in chips)
Seat 5: be3caebd ($10.36 in chips)
Seat 6: 57ff68fc ($15.6 in chips)
Hero: posts small blind $0.05
acdbbbb5: posts big blind $0.1
*** HOLE CARDS ***
Dealt to Hero [7h Jd]
Dealt to acdbbbb5 
Dealt to 9aea2099 
Dealt to be3caebd 
Dealt to 57ff68fc 
9aea2099: folds
be3caebd: folds
57ff68fc: folds
Hero: folds
Uncalled bet ($0.05) returned to acdbbbb5
*** SHOWDOWN ***
acdbbbb5 collected $0.1 from pot
*** SUMMARY ***
Total pot $0.1 | Rake $0 | Jackpot $0 | Bingo $0 | Fortune $0 | Tax $0
Seat 1: Hero (small blind) folded before Flop
Seat 2: acdbbbb5 (big blind) collected ($0.1)
Seat 4: 9aea2099 folded before Flop (didn't bet)
Seat 5: be3caebd folded before Flop (didn't bet)
Seat 6: 57ff68fc (button) folded before Flop (didn't bet)


Poker Hand #HD1779071776: Hold'em No Limit ($0.05/$0.1) - 2024/05/19 12:56:39
Table 'NLHRed2' 6-max Seat #5 is the button
Seat 1: Hero ($10 in chips)
Seat 2: acdbbbb5 ($10 in chips)
Seat 4: 9aea2099 ($4.9 in chips)
Seat 5: be3caebd ($10.36 in chips)
Seat 6: 57ff68fc ($15.65 in chips)
57ff68fc: posts small blind $0.05
Hero: posts big blind $0.1
*** HOLE CARDS ***
Dealt to Hero [9s 4s]
Dealt to acdbbbb5 
Dealt to 9aea2099 
Dealt to be3caebd 
Dealt to 57ff68fc 
acdbbbb5: folds
9aea2099: folds
be3caebd: folds
57ff68fc: folds
Uncalled bet ($0.05) returned to Hero
*** SHOWDOWN ***
Hero collected $0.1 from pot
*** SUMMARY ***
Total pot $0.1 | Rake $0 | Jackpot $0 | Bingo $0 | Fortune $0 | Tax $0
Seat 1: Hero (big blind) collected ($0.1)
Seat 2: acdbbbb5 folded before Flop (didn't bet)
Seat 4: 9aea2099 folded before Flop (didn't bet)
Seat 5: be3caebd (button) folded before Flop (didn't bet)
Seat 6: 57ff68fc (small blind) folded before Flop


Poker Hand #HD1779071737: Hold'em No Limit ($0.05/$0.1) - 2024/05/19 12:56:14
Table 'NLHRed2' 6-max Seat #4 is the button
Seat 1: Hero ($10 in chips)
Seat 2: acdbbbb5 ($10 in chips)
Seat 4: 9aea2099 ($4.9 in chips)
Seat 5: be3caebd ($10.26 in chips)
Seat 6: 57ff68fc ($15.75 in chips)
be3caebd: posts small blind $0.05
57ff68fc: posts big blind $0.1
*** HOLE CARDS ***
Dealt to Hero [8s 2s]
Dealt to acdbbbb5 
Dealt to 9aea2099 
Dealt to be3caebd 
Dealt to 57ff68fc 
Hero: folds
acdbbbb5: folds
9aea2099: folds
be3caebd: raises $0.2 to $0.3
57ff68fc: folds
Uncalled bet ($0.2) returned to be3caebd
*** SHOWDOWN ***
be3caebd collected $0.2 from pot
*** SUMMARY ***
Total pot $0.2 | Rake $0 | Jackpot $0 | Bingo $0 | Fortune $0 | Tax $0
Seat 1: Hero folded before Flop (didn't bet)
Seat 2: acdbbbb5 folded before Flop (didn't bet)
Seat 4: 9aea2099 (button) folded before Flop (didn't bet)
Seat 5: be3caebd (small blind) collected ($0.2)
Seat 6: 57ff68fc (big blind) folded before Flop


Poker Hand #HD1779071665: Hold'em No Limit ($0.05/$0.1) - 2024/05/19 12:55:30
Table 'NLHRed2' 6-max Seat #3 is the button
Seat 1: Hero ($10 in chips)
Seat 2: acdbbbb5 ($10 in chips)
Seat 3: 6a750cc0 ($10 in chips)
Seat 4: 9aea2099 ($4.95 in chips)
Seat 5: be3caebd ($9.85 in chips)
Seat 6: 57ff68fc ($16.15 in chips)
9aea2099: posts small blind $0.05
be3caebd: posts big blind $0.1
*** HOLE CARDS ***
Dealt to Hero [8s Kd]
Dealt to acdbbbb5 
Dealt to 6a750cc0 
Dealt to 9aea2099 
Dealt to be3caebd 
Dealt to 57ff68fc 
57ff68fc: calls $0.1
Hero: folds
acdbbbb5: folds
6a750cc0: folds
9aea2099: folds
be3caebd: raises $0.3 to $0.4
57ff68fc: calls $0.3
*** FLOP *** [Qh Ks 8d]
be3caebd: bets $0.4
57ff68fc: folds
Uncalled bet ($0.4) returned to be3caebd
*** SHOWDOWN ***
be3caebd collected $0.81 from pot
*** SUMMARY ***
Total pot $0.85 | Rake $0.04 | Jackpot $0 | Bingo $0 | Fortune $0 | Tax $0
Board [Qh Ks 8d]
Seat 1: Hero folded before Flop (didn't bet)
Seat 2: acdbbbb5 folded before Flop (didn't bet)
Seat 3: 6a750cc0 (button) folded before Flop (didn't bet)
Seat 4: 9aea2099 (small blind) folded before Flop
Seat 5: be3caebd (big blind) won ($0.81)
Seat 6: 57ff68fc folded on the Flop


Poker Hand #HD1779071604: Hold'em No Limit ($0.05/$0.1) - 2024/05/19 12:54:55
Table 'NLHRed2' 6-max Seat #2 is the button
Seat 1: Hero ($10 in chips)
Seat 2: acdbbbb5 ($10 in chips)
Seat 3: 6a750cc0 ($10 in chips)
Seat 4: 9aea2099 ($5.05 in chips)
Seat 6: 57ff68fc ($15.19 in chips)
6a750cc0: posts small blind $0.05
9aea2099: posts big blind $0.1
*** HOLE CARDS ***
Dealt to Hero [Qs Ad]
Dealt to acdbbbb5 
Dealt to 6a750cc0 
Dealt to 9aea2099 
Dealt to 57ff68fc 
57ff68fc: raises $0.2 to $0.3
Hero: raises $0.6 to $0.9
acdbbbb5: folds
6a750cc0: folds
9aea2099: folds
57ff68fc: calls $0.6
*** FLOP *** [4d 4s 8c]
57ff68fc: checks
Hero: checks
*** TURN *** [4d 4s 8c] [Th]
57ff68fc: bets $0.98
Hero: folds
Uncalled bet ($0.98) returned to 57ff68fc
*** SHOWDOWN ***
57ff68fc collected $1.86 from pot
*** SUMMARY ***
Total pot $1.95 | Rake $0.09 | Jackpot $0 | Bingo $0 | Fortune $0 | Tax $0
Board [4d 4s 8c Th]
Seat 1: Hero folded on the Turn
Seat 2: acdbbbb5 (button) folded before Flop (didn't bet)
Seat 3: 6a750cc0 (small blind) folded before Flop
Seat 4: 9aea2099 (big blind) folded before Flop
Seat 6: 57ff68fc won ($1.86)


Poker Hand #HD1779071431: Hold'em No Limit ($0.05/$0.1) - 2024/05/19 12:53:05
Table 'NLHRed2' 6-max Seat #1 is the button
Seat 1: Hero ($10 in chips)
Seat 2: acdbbbb5 ($10.57 in chips)
Seat 3: 6a750cc0 ($10.08 in chips)
Seat 4: 9aea2099 ($5.15 in chips)
Seat 5: 1d723c56 ($10.29 in chips)
Seat 6: 57ff68fc ($15.19 in chips)
acdbbbb5: posts small blind $0.05
6a750cc0: posts big blind $0.1
*** HOLE CARDS ***
Dealt to Hero [Jh 8c]
Dealt to acdbbbb5 
Dealt to 6a750cc0 
Dealt to 9aea2099 
Dealt to 1d723c56 
Dealt to 57ff68fc 
9aea2099: calls $0.1
1d723c56: raises $0.3 to $0.4
57ff68fc: folds
Hero: folds
acdbbbb5: raises $1.05 to $1.45
6a750cc0: folds
9aea2099: folds
1d723c56: calls $1.05
*** FLOP *** [4c 4s 5h]
acdbbbb5: bets $2.33
1d723c56: calls $2.33
*** TURN *** [4c 4s 5h] [Qs]
acdbbbb5: checks
1d723c56: checks
*** RIVER *** [4c 4s 5h Qs] [Jc]
acdbbbb5: checks
1d723c56: checks
acdbbbb5: shows [Ks Ac] (Pair of Fours)
1d723c56: shows [9s 9c] (Pair of Nines and Pair of Fours)
*** SHOWDOWN ***
1d723c56 collected $7.28 from pot
*** SUMMARY ***
Total pot $7.76 | Rake $0.38 | Jackpot $0.1 | Bingo $0 | Fortune $0 | Tax $0
Board [4c 4s 5h Qs Jc]
Seat 1: Hero (button) folded before Flop (didn't bet)
Seat 2: acdbbbb5 (small blind) showed [Ks Ac] and lost with Pair of Fours
Seat 3: 6a750cc0 (big blind) folded before Flop
Seat 4: 9aea2099 folded before Flop
Seat 5: 1d723c56 showed [9s 9c] and won ($7.28) with Pair of Nines and Pair of Fours
Seat 6: 57ff68fc folded before Flop (didn't bet)


Poker Hand #HD1779071379: Hold'em No Limit ($0.05/$0.1) - 2024/05/19 12:52:38
Table 'NLHRed2' 6-max Seat #6 is the button
Seat 1: Hero ($10 in chips)
Seat 2: acdbbbb5 ($10.67 in chips)
Seat 3: 6a750cc0 ($10.08 in chips)
Seat 4: 9aea2099 ($5.35 in chips)
Seat 5: 1d723c56 ($10.29 in chips)
Seat 6: 57ff68fc ($14.86 in chips)
Hero: posts small blind $0.05
acdbbbb5: posts big blind $0.1
*** HOLE CARDS ***
Dealt to Hero [3h 5c]
Dealt to acdbbbb5 
Dealt to 6a750cc0 
Dealt to 9aea2099 
Dealt to 1d723c56 
Dealt to 57ff68fc 
6a750cc0: folds
9aea2099: raises $0.1 to $0.2
1d723c56: folds
57ff68fc: calls $0.2
Hero: folds
acdbbbb5: folds
*** FLOP *** [6s Jc 8s]
9aea2099: checks
57ff68fc: bets $0.19
9aea2099: folds
Uncalled bet ($0.19) returned to 57ff68fc
*** SHOWDOWN ***
57ff68fc collected $0.53 from pot
*** SUMMARY ***
Total pot $0.55 | Rake $0.02 | Jackpot $0 | Bingo $0 | Fortune $0 | Tax $0
Board [6s Jc 8s]
Seat 1: Hero (small blind) folded before Flop
Seat 2: acdbbbb5 (big blind) folded before Flop
Seat 3: 6a750cc0 folded before Flop (didn't bet)
Seat 4: 9aea2099 folded on the Flop
Seat 5: 1d723c56 folded before Flop (didn't bet)
Seat 6: 57ff68fc (button) won ($0.53)


Poker Hand #HD1779071314: Hold'em No Limit ($0.05/$0.1) - 2024/05/19 12:51:51
Table 'NLHRed2' 6-max Seat #5 is the button
Seat 1: Hero ($10 in chips)
Seat 2: acdbbbb5 ($10.67 in chips)
Seat 3: 6a750cc0 ($10.08 in chips)
Seat 4: 9aea2099 ($5.55 in chips)
Seat 5: 1d723c56 ($9.96 in chips)
Seat 6: 57ff68fc ($14.91 in chips)
57ff68fc: posts small blind $0.05
Hero: posts big blind $0.1
*** HOLE CARDS ***
Dealt to Hero [5d 2d]
Dealt to acdbbbb5 
Dealt to 6a750cc0 
Dealt to 9aea2099 
Dealt to 1d723c56 
Dealt to 57ff68fc 
acdbbbb5: folds
6a750cc0: folds
9aea2099: raises $0.1 to $0.2
1d723c56: calls $0.2
57ff68fc: folds
Hero: folds
*** FLOP *** [7d 3d 6s]
9aea2099: checks
1d723c56: bets $0.3
9aea2099: folds
Uncalled bet ($0.3) returned to 1d723c56
*** SHOWDOWN ***
1d723c56 collected $0.53 from pot
*** SUMMARY ***
Total pot $0.55 | Rake $0.02 | Jackpot $0 | Bingo $0 | Fortune $0 | Tax $0
Board [7d 3d 6s]
Seat 1: Hero (big blind) folded before Flop
Seat 2: acdbbbb5 folded before Flop (didn't bet)
Seat 3: 6a750cc0 folded before Flop (didn't bet)
Seat 4: 9aea2099 folded on the Flop
Seat 5: 1d723c56 (button) won ($0.53)
Seat 6: 57ff68fc (small blind) folded before Flop


