Poker Hand #HD1826753211: Hold'em No Limit ($0.05/$0.1) - 2024/06/22 18:16:08
Table 'NLHRed7' 6-max Seat #3 is the button
Seat 1: ec757ff7 ($13.96 in chips)
Seat 3: c59d4685 ($10.53 in chips)
Seat 4: 9d99f5cf ($4.99 in chips)
Seat 5: Hero ($10 in chips)
9d99f5cf: posts small blind $0.05
Hero: posts big blind $0.1
*** HOLE CARDS ***
Dealt to ec757ff7 
Dealt to c59d4685 
Dealt to 9d99f5cf 
Dealt to Hero [7c 4h]
ec757ff7: folds
c59d4685: raises $0.15 to $0.25
9d99f5cf: calls $0.2
Hero: folds
*** FLOP *** [8h Ac 9d]
9d99f5cf: checks
c59d4685: bets $0.3
9d99f5cf: raises $0.6 to $0.9
c59d4685: calls $0.6
*** TURN *** [8h Ac 9d] [8d]
9d99f5cf: checks
c59d4685: checks
*** RIVER *** [8h Ac 9d 8d] [5c]
9d99f5cf: bets $0.85
c59d4685: folds
Uncalled bet ($0.85) returned to 9d99f5cf
*** SHOWDOWN ***
9d99f5cf collected $2.28 from pot
*** SUMMARY ***
Total pot $2.4 | Rake $0.12 | Jackpot $0 | Bingo $0 | Fortune $0 | Tax $0
Board [8h Ac 9d 8d 5c]
Seat 1: ec757ff7 folded before Flop (didn't bet)
Seat 3: c59d4685 (button) folded on the River
Seat 4: 9d99f5cf (small blind) won ($2.28)
Seat 5: Hero (big blind) folded before Flop


Poker Hand #HD1826753077: Hold'em No Limit ($0.05/$0.1) - 2024/06/22 18:15:05
Table 'NLHRed7' 6-max Seat #1 is the button
Seat 1: ec757ff7 ($14.49 in chips)
Seat 3: c59d4685 ($10.58 in chips)
Seat 4: 9d99f5cf ($4.46 in chips)
Seat 5: Hero ($10 in chips)
c59d4685: posts small blind $0.05
9d99f5cf: posts big blind $0.1
*** HOLE CARDS ***
Dealt to ec757ff7 
Dealt to c59d4685 
Dealt to 9d99f5cf 
Dealt to Hero [4s 9s]
Hero: folds
ec757ff7: raises $0.15 to $0.25
c59d4685: folds
9d99f5cf: calls $0.15
*** FLOP *** [8h Ad 5h]
9d99f5cf: checks
ec757ff7: checks
*** TURN *** [8h Ad 5h] [9h]
9d99f5cf: bets $0.28
ec757ff7: calls $0.28
*** RIVER *** [8h Ad 5h 9h] [Ah]
9d99f5cf: bets $0.84
ec757ff7: folds
Uncalled bet ($0.84) returned to 9d99f5cf
9d99f5cf: shows [Tc 3d] (Pair of Aces)
*** SHOWDOWN ***
9d99f5cf collected $1.06 from pot
*** SUMMARY ***
Total pot $1.11 | Rake $0.05 | Jackpot $0 | Bingo $0 | Fortune $0 | Tax $0
Board [8h Ad 5h 9h Ah]
Seat 1: ec757ff7 (button) folded on the River
Seat 3: c59d4685 (small blind) folded before Flop
Seat 4: 9d99f5cf (big blind) showed [Tc 3d] and won ($1.06)
Seat 5: Hero folded before Flop (didn't bet)


Poker Hand #HD1826753050: Hold'em No Limit ($0.05/$0.1) - 2024/06/22 18:14:57
Table 'NLHRed7' 6-max Seat #5 is the button
Seat 1: ec757ff7 ($14.54 in chips)
Seat 3: c59d4685 ($10.53 in chips)
Seat 4: 9d99f5cf ($4.46 in chips)
Seat 5: Hero ($10 in chips)
ec757ff7: posts small blind $0.05
c59d4685: posts big blind $0.1
*** HOLE CARDS ***
Dealt to ec757ff7 
Dealt to c59d4685 
Dealt to 9d99f5cf 
Dealt to Hero [Th 7d]
9d99f5cf: folds
Hero: folds
ec757ff7: folds
Uncalled bet ($0.05) returned to c59d4685
*** SHOWDOWN ***
c59d4685 collected $0.1 from pot
*** SUMMARY ***
Total pot $0.1 | Rake $0 | Jackpot $0 | Bingo $0 | Fortune $0 | Tax $0
Seat 1: ec757ff7 (small blind) folded before Flop
Seat 3: c59d4685 (big blind) collected ($0.1)
Seat 4: 9d99f5cf folded before Flop (didn't bet)
Seat 5: Hero (button) folded before Flop (didn't bet)


Poker Hand #HD1826752980: Hold'em No Limit ($0.05/$0.1) - 2024/06/22 18:14:29
Table 'NLHRed7' 6-max Seat #4 is the button
Seat 1: ec757ff7 ($14.26 in chips)
Seat 2: f56e4eb6 ($21.95 in chips)
Seat 3: c59d4685 ($10.53 in chips)
Seat 4: 9d99f5cf ($4.71 in chips)
Seat 5: Hero ($10 in chips)
Hero: posts small blind $0.05
ec757ff7: posts big blind $0.1
*** HOLE CARDS ***
Dealt to ec757ff7 
Dealt to f56e4eb6 
Dealt to c59d4685 
Dealt to 9d99f5cf 
Dealt to Hero [7c 9s]
f56e4eb6: folds
c59d4685: folds
9d99f5cf: raises $0.15 to $0.25
Hero: folds
ec757ff7: raises $0.75 to $1
9d99f5cf: folds
Uncalled bet ($0.75) returned to ec757ff7
*** SHOWDOWN ***
ec757ff7 collected $0.53 from pot
*** SUMMARY ***
Total pot $0.55 | Rake $0.02 | Jackpot $0 | Bingo $0 | Fortune $0 | Tax $0
Seat 1: ec757ff7 (big blind) collected ($0.53)
Seat 2: f56e4eb6 folded before Flop (didn't bet)
Seat 3: c59d4685 folded before Flop (didn't bet)
Seat 4: 9d99f5cf (button) folded before Flop
Seat 5: Hero (small blind) folded before Flop


Poker Hand #HD1826752916: Hold'em No Limit ($0.05/$0.1) - 2024/06/22 18:13:59
Table 'NLHRed7' 6-max Seat #3 is the button
Seat 1: ec757ff7 ($14.01 in chips)
Seat 2: f56e4eb6 ($21.95 in chips)
Seat 3: c59d4685 ($10.53 in chips)
Seat 4: 9d99f5cf ($4.76 in chips)
Seat 5: Hero ($10 in chips)
9d99f5cf: posts small blind $0.05
Hero: posts big blind $0.1
*** HOLE CARDS ***
Dealt to ec757ff7 
Dealt to f56e4eb6 
Dealt to c59d4685 
Dealt to 9d99f5cf 
Dealt to Hero [Td Ac]
ec757ff7: raises $0.12 to $0.22
f56e4eb6: folds
c59d4685: folds
9d99f5cf: folds
Hero: calls $0.12
*** FLOP *** [7d 9d 7s]
Hero: checks
ec757ff7: bets $0.25
Hero: folds
Uncalled bet ($0.25) returned to ec757ff7
*** SHOWDOWN ***
ec757ff7 collected $0.47 from pot
*** SUMMARY ***
Total pot $0.49 | Rake $0.02 | Jackpot $0 | Bingo $0 | Fortune $0 | Tax $0
Board [7d 9d 7s]
Seat 1: ec757ff7 won ($0.47)
Seat 2: f56e4eb6 folded before Flop (didn't bet)
Seat 3: c59d4685 (button) folded before Flop (didn't bet)
Seat 4: 9d99f5cf (small blind) folded before Flop
Seat 5: Hero (big blind) folded on the Flop


Poker Hand #HD1826752840: Hold'em No Limit ($0.05/$0.1) - 2024/06/22 18:13:20
Table 'NLHRed7' 6-max Seat #2 is the button
Seat 1: ec757ff7 ($14.01 in chips)
Seat 2: f56e4eb6 ($21.95 in chips)
Seat 3: c59d4685 ($10.58 in chips)
Seat 4: 9d99f5cf ($4.49 in chips)
Seat 5: Hero ($10 in chips)
c59d4685: posts small blind $0.05
9d99f5cf: posts big blind $0.1
*** HOLE CARDS ***
Dealt to ec757ff7 
Dealt to f56e4eb6 
Dealt to c59d4685 
Dealt to 9d99f5cf 
Dealt to Hero [Jd Kc]
Hero: raises $0.14 to $0.24
ec757ff7: folds
f56e4eb6: folds
c59d4685: folds
9d99f5cf: calls $0.14
*** FLOP *** [2s 6c 3c]
9d99f5cf: checks
Hero: checks
*** TURN *** [2s 6c 3c] [As]
9d99f5cf: bets $0.35
Hero: folds
Uncalled bet ($0.35) returned to 9d99f5cf
*** SHOWDOWN ***
9d99f5cf collected $0.51 from pot
*** SUMMARY ***
Total pot $0.53 | Rake $0.02 | Jackpot $0 | Bingo $0 | Fortune $0 | Tax $0
Board [2s 6c 3c As]
Seat 1: ec757ff7 folded before Flop (didn't bet)
Seat 2: f56e4eb6 (button) folded before Flop (didn't bet)
Seat 3: c59d4685 (small blind) folded before Flop
Seat 4: 9d99f5cf (big blind) won ($0.51)
Seat 5: Hero folded on the Turn


Poker Hand #HD1826752792: Hold'em No Limit ($0.05/$0.1) - 2024/06/22 18:12:58
Table 'NLHRed7' 6-max Seat #1 is the button
Seat 1: ec757ff7 ($14.01 in chips)
Seat 2: f56e4eb6 ($21.85 in chips)
Seat 3: c59d4685 ($10.68 in chips)
Seat 4: 69c0a846 ($10 in chips)
Seat 5: Hero ($10 in chips)
f56e4eb6: posts small blind $0.05
c59d4685: posts big blind $0.1
*** HOLE CARDS ***
Dealt to ec757ff7 
Dealt to f56e4eb6 
Dealt to c59d4685 
Dealt to 69c0a846 
Dealt to Hero [Kh 2h]
69c0a846: folds
Hero: folds
ec757ff7: folds
f56e4eb6: raises $0.17 to $0.27
c59d4685: folds
Uncalled bet ($0.17) returned to f56e4eb6
*** SHOWDOWN ***
f56e4eb6 collected $0.2 from pot
*** SUMMARY ***
Total pot $0.2 | Rake $0 | Jackpot $0 | Bingo $0 | Fortune $0 | Tax $0
Seat 1: ec757ff7 (button) folded before Flop (didn't bet)
Seat 2: f56e4eb6 (small blind) collected ($0.2)
Seat 3: c59d4685 (big blind) folded before Flop
Seat 4: 69c0a846 folded before Flop (didn't bet)
Seat 5: Hero folded before Flop (didn't bet)


Poker Hand #HD1826752613: Hold'em No Limit ($0.05/$0.1) - 2024/06/22 18:11:34
Table 'NLHRed7' 6-max Seat #5 is the button
Seat 1: ec757ff7 ($10.95 in chips)
Seat 2: f56e4eb6 ($21.85 in chips)
Seat 3: c59d4685 ($10.98 in chips)
Seat 4: 69c0a846 ($10 in chips)
Seat 5: Hero ($10 in chips)
Seat 6: e0aa150a ($3.18 in chips)
e0aa150a: posts small blind $0.05
ec757ff7: posts big blind $0.1
*** HOLE CARDS ***
Dealt to ec757ff7 
Dealt to f56e4eb6 
Dealt to c59d4685 
Dealt to 69c0a846 
Dealt to Hero [2h 8s]
Dealt to e0aa150a 
f56e4eb6: folds
c59d4685: raises $0.2 to $0.3
69c0a846: folds
Hero: folds
e0aa150a: raises $0.53 to $0.83
ec757ff7: raises $1.37 to $2.2
c59d4685: folds
e0aa150a: raises $0.98 to $3.18 and is all-in
ec757ff7: calls $0.98
e0aa150a: shows [Ac Kd]
ec757ff7: shows [Jd Js]
*** FLOP *** [Qs Ts 3c]
*** TURN *** [Qs Ts 3c] [Qc]
*** RIVER *** [Qs Ts 3c Qc] [Th]
*** SHOWDOWN ***
ec757ff7 collected $6.24 from pot
*** SUMMARY ***
Total pot $6.66 | Rake $0.32 | Jackpot $0.1 | Bingo $0 | Fortune $0 | Tax $0
Board [Qs Ts 3c Qc Th]
Seat 1: ec757ff7 (big blind) showed [Jd Js] and won ($6.24) with Pair of Queens and Pair of Jacks
Seat 2: f56e4eb6 folded before Flop (didn't bet)
Seat 3: c59d4685 folded before Flop
Seat 4: 69c0a846 folded before Flop (didn't bet)
Seat 5: Hero (button) folded before Flop (didn't bet)
Seat 6: e0aa150a (small blind) showed [Ac Kd] and lost with Pair of Queens and Pair of Tens


Poker Hand #HD1826752512: Hold'em No Limit ($0.05/$0.1) - 2024/06/22 18:10:47
Table 'NLHRed7' 6-max Seat #4 is the button
Seat 1: ec757ff7 ($10.95 in chips)
Seat 2: f56e4eb6 ($21.85 in chips)
Seat 3: c59d4685 ($10.09 in chips)
Seat 4: 69c0a846 ($10 in chips)
Seat 5: Hero ($10 in chips)
Seat 6: e0aa150a ($4.11 in chips)
Hero: posts small blind $0.05
e0aa150a: posts big blind $0.1
*** HOLE CARDS ***
Dealt to ec757ff7 
Dealt to f56e4eb6 
Dealt to c59d4685 
Dealt to 69c0a846 
Dealt to Hero [Tc 2h]
Dealt to e0aa150a 
ec757ff7: folds
f56e4eb6: folds
c59d4685: raises $0.2 to $0.3
69c0a846: folds
Hero: folds
e0aa150a: calls $0.2
*** FLOP *** [3s 7d 3d]
e0aa150a: bets $0.1
c59d4685: calls $0.1
*** TURN *** [3s 7d 3d] [3c]
e0aa150a: bets $0.43
c59d4685: calls $0.43
*** RIVER *** [3s 7d 3d 3c] [Td]
e0aa150a: bets $0.1
c59d4685: calls $0.1
e0aa150a: shows [Jd 8c] (Three Treys)
c59d4685: shows [Ah Qs] (Three Treys)
*** SHOWDOWN ***
c59d4685 collected $1.82 from pot
*** SUMMARY ***
Total pot $1.91 | Rake $0.09 | Jackpot $0 | Bingo $0 | Fortune $0 | Tax $0
Board [3s 7d 3d 3c Td]
Seat 1: ec757ff7 folded before Flop (didn't bet)
Seat 2: f56e4eb6 folded before Flop (didn't bet)
Seat 3: c59d4685 showed [Ah Qs] and won ($1.82) with Three Treys
Seat 4: 69c0a846 (button) folded before Flop (didn't bet)
Seat 5: Hero (small blind) folded before Flop
Seat 6: e0aa150a (big blind) showed [Jd 8c] and lost with Three Treys


Poker Hand #HD1826752322: Hold'em No Limit ($0.05/$0.1) - 2024/06/22 18:09:26
Table 'NLHRed7' 6-max Seat #3 is the button
Seat 1: ec757ff7 ($10.95 in chips)
Seat 2: f56e4eb6 ($18.16 in chips)
Seat 3: c59d4685 ($10.09 in chips)
Seat 4: 69c0a846 ($10.05 in chips)
Seat 5: Hero ($10 in chips)
Seat 6: e0aa150a ($8.15 in chips)
69c0a846: posts small blind $0.05
Hero: posts big blind $0.1
*** HOLE CARDS ***
Dealt to ec757ff7 
Dealt to f56e4eb6 
Dealt to c59d4685 
Dealt to 69c0a846 
Dealt to Hero [7h Ah]
Dealt to e0aa150a 
e0aa150a: calls $0.1
ec757ff7: folds
f56e4eb6: raises $0.37 to $0.47
c59d4685: folds
69c0a846: folds
Hero: folds
e0aa150a: calls $0.37
*** FLOP *** [7c Jc Qc]
e0aa150a: checks
f56e4eb6: bets $0.6
e0aa150a: calls $0.6
*** TURN *** [7c Jc Qc] [2h]
e0aa150a: checks
f56e4eb6: bets $1.77
e0aa150a: calls $1.77
*** RIVER *** [7c Jc Qc 2h] [9c]
e0aa150a: bets $1.2
f56e4eb6: calls $1.2
e0aa150a: shows [Js Th] (Pair of Jacks)
f56e4eb6: shows [Kh Kc] (King High Flush)
*** SHOWDOWN ***
f56e4eb6 collected $7.73 from pot
*** SUMMARY ***
Total pot $8.23 | Rake $0.4 | Jackpot $0.1 | Bingo $0 | Fortune $0 | Tax $0
Board [7c Jc Qc 2h 9c]
Seat 1: ec757ff7 folded before Flop (didn't bet)
Seat 2: f56e4eb6 showed [Kh Kc] and won ($7.73) with King High Flush
Seat 3: c59d4685 (button) folded before Flop (didn't bet)
Seat 4: 69c0a846 (small blind) folded before Flop
Seat 5: Hero (big blind) folded before Flop
Seat 6: e0aa150a showed [Js Th] and lost with Pair of Jacks


