Poker Hand #HD1775076263: Hold'em No Limit ($0.05/$0.1) - 2024/05/16 13:57:37
Table 'NLHRed53' 6-max Seat #1 is the button
Seat 1: 248b127e ($12.39 in chips)
Seat 2: 68500012 ($10 in chips)
Seat 3: 126c001d ($10 in chips)
Seat 4: Hero ($13.07 in chips)
Seat 5: e75b82ec ($4.79 in chips)
Seat 6: ef73a8a3 ($14.3 in chips)
68500012: posts small blind $0.05
126c001d: posts big blind $0.1
*** HOLE CARDS ***
Dealt to 248b127e 
Dealt to 68500012 
Dealt to 126c001d 
Dealt to Hero [Th 3s]
Dealt to e75b82ec 
Dealt to ef73a8a3 
Hero: folds
e75b82ec: calls $0.1
ef73a8a3: folds
248b127e: folds
68500012: folds
126c001d: checks
*** FLOP *** [2d 5h 2c]
126c001d: checks
e75b82ec: checks
*** TURN *** [2d 5h 2c] [4s]
126c001d: bets $0.2
e75b82ec: folds
Uncalled bet ($0.2) returned to 126c001d
*** SHOWDOWN ***
126c001d collected $0.24 from pot
*** SUMMARY ***
Total pot $0.25 | Rake $0.01 | Jackpot $0 | Bingo $0 | Fortune $0 | Tax $0
Board [2d 5h 2c 4s]
Seat 1: 248b127e (button) folded before Flop (didn't bet)
Seat 2: 68500012 (small blind) folded before Flop
Seat 3: 126c001d (big blind) won ($0.24)
Seat 4: Hero folded before Flop (didn't bet)
Seat 5: e75b82ec folded on the Turn
Seat 6: ef73a8a3 folded before Flop (didn't bet)


Poker Hand #HD1775075991: Hold'em No Limit ($0.05/$0.1) - 2024/05/16 13:55:17
Table 'NLHRed53' 6-max Seat #6 is the button
Seat 1: 248b127e ($15.67 in chips)
Seat 2: 68500012 ($10 in chips)
Seat 3: 126c001d ($10 in chips)
Seat 4: Hero ($13.07 in chips)
Seat 5: e75b82ec ($4.79 in chips)
Seat 6: ef73a8a3 ($11.34 in chips)
248b127e: posts small blind $0.05
68500012: posts big blind $0.1
*** HOLE CARDS ***
Dealt to 248b127e 
Dealt to 68500012 
Dealt to 126c001d 
Dealt to Hero [3c 5h]
Dealt to e75b82ec 
Dealt to ef73a8a3 
126c001d: folds
Hero: folds
e75b82ec: folds
ef73a8a3: raises $0.15 to $0.25
248b127e: raises $0.85 to $1.1
68500012: folds
ef73a8a3: calls $0.85
*** FLOP *** [4h 2c 4c]
248b127e: bets $0.7
ef73a8a3: calls $0.7
*** TURN *** [4h 2c 4c] [Qh]
248b127e: bets $1.48
ef73a8a3: calls $1.48
*** RIVER *** [4h 2c 4c Qh] [Jd]
248b127e: checks
ef73a8a3: checks
248b127e: shows [Jc As] (Pair of Jacks and Pair of Fours)
ef73a8a3: shows [Qc Ac] (Pair of Queens and Pair of Fours)
*** SHOWDOWN ***
ef73a8a3 collected $6.24 from pot
*** SUMMARY ***
Total pot $6.66 | Rake $0.32 | Jackpot $0.1 | Bingo $0 | Fortune $0 | Tax $0
Board [4h 2c 4c Qh Jd]
Seat 1: 248b127e (small blind) showed [Jc As] and lost with Pair of Jacks and Pair of Fours
Seat 2: 68500012 (big blind) folded before Flop
Seat 3: 126c001d folded before Flop (didn't bet)
Seat 4: Hero folded before Flop (didn't bet)
Seat 5: e75b82ec folded before Flop (didn't bet)
Seat 6: ef73a8a3 (button) showed [Qc Ac] and won ($6.24) with Pair of Queens and Pair of Fours


Poker Hand #HD1775075959: Hold'em No Limit ($0.05/$0.1) - 2024/05/16 13:55:04
Table 'NLHRed53' 6-max Seat #5 is the button
Seat 1: 248b127e ($15.62 in chips)
Seat 3: 126c001d ($10 in chips)
Seat 4: Hero ($13.07 in chips)
Seat 5: e75b82ec ($4.79 in chips)
Seat 6: ef73a8a3 ($11.39 in chips)
ef73a8a3: posts small blind $0.05
248b127e: posts big blind $0.1
*** HOLE CARDS ***
Dealt to 248b127e 
Dealt to 126c001d 
Dealt to Hero [3c 5c]
Dealt to e75b82ec 
Dealt to ef73a8a3 
126c001d: folds
Hero: folds
e75b82ec: folds
ef73a8a3: folds
Uncalled bet ($0.05) returned to 248b127e
*** SHOWDOWN ***
248b127e collected $0.1 from pot
*** SUMMARY ***
Total pot $0.1 | Rake $0 | Jackpot $0 | Bingo $0 | Fortune $0 | Tax $0
Seat 1: 248b127e (big blind) collected ($0.1)
Seat 3: 126c001d folded before Flop (didn't bet)
Seat 4: Hero folded before Flop (didn't bet)
Seat 5: e75b82ec (button) folded before Flop (didn't bet)
Seat 6: ef73a8a3 (small blind) folded before Flop


Poker Hand #HD1775075781: Hold'em No Limit ($0.05/$0.1) - 2024/05/16 13:53:22
Table 'NLHRed53' 6-max Seat #4 is the button
Seat 1: 248b127e ($15.62 in chips)
Seat 3: 126c001d ($10 in chips)
Seat 4: Hero ($10 in chips)
Seat 5: e75b82ec ($8.2 in chips)
Seat 6: ef73a8a3 ($11.49 in chips)
e75b82ec: posts small blind $0.05
ef73a8a3: posts big blind $0.1
*** HOLE CARDS ***
Dealt to 248b127e 
Dealt to 126c001d 
Dealt to Hero [Jh Td]
Dealt to e75b82ec 
Dealt to ef73a8a3 
248b127e: folds
126c001d: folds
Hero: raises $0.14 to $0.24
e75b82ec: calls $0.19
ef73a8a3: folds
*** FLOP *** [Qs 9d As]
e75b82ec: checks
Hero: bets $0.3
e75b82ec: calls $0.3
*** TURN *** [Qs 9d As] [Kd]
e75b82ec: checks
Hero: bets $0.9
e75b82ec: calls $0.9
*** RIVER *** [Qs 9d As Kd] [4c]
e75b82ec: checks
Hero: bets $1.97
e75b82ec: calls $1.97
Hero: shows [Jh Td] (Aces-High Straight)
e75b82ec: shows [Jc Qd] (Pair of Queens)
*** SHOWDOWN ***
Hero collected $6.48 from pot
*** SUMMARY ***
Total pot $6.92 | Rake $0.34 | Jackpot $0.1 | Bingo $0 | Fortune $0 | Tax $0
Board [Qs 9d As Kd 4c]
Seat 1: 248b127e folded before Flop (didn't bet)
Seat 3: 126c001d folded before Flop (didn't bet)
Seat 4: Hero (button) showed [Jh Td] and won ($6.48) with Aces-High Straight
Seat 5: e75b82ec (small blind) showed [Jc Qd] and lost with Pair of Queens
Seat 6: ef73a8a3 (big blind) folded before Flop


Poker Hand #HD1775075723: Hold'em No Limit ($0.05/$0.1) - 2024/05/16 13:52:51
Table 'NLHRed53' 6-max Seat #3 is the button
Seat 1: 248b127e ($15.62 in chips)
Seat 3: 126c001d ($10 in chips)
Seat 4: Hero ($10.05 in chips)
Seat 5: e75b82ec ($8.3 in chips)
Seat 6: ef73a8a3 ($11.34 in chips)
Hero: posts small blind $0.05
e75b82ec: posts big blind $0.1
*** HOLE CARDS ***
Dealt to 248b127e 
Dealt to 126c001d 
Dealt to Hero [5d 5h]
Dealt to e75b82ec 
Dealt to ef73a8a3 
ef73a8a3: raises $0.2 to $0.3
248b127e: folds
126c001d: folds
Hero: folds
e75b82ec: folds
Uncalled bet ($0.2) returned to ef73a8a3
*** SHOWDOWN ***
ef73a8a3 collected $0.25 from pot
*** SUMMARY ***
Total pot $0.25 | Rake $0 | Jackpot $0 | Bingo $0 | Fortune $0 | Tax $0
Seat 1: 248b127e folded before Flop (didn't bet)
Seat 3: 126c001d (button) folded before Flop (didn't bet)
Seat 4: Hero (small blind) folded before Flop
Seat 5: e75b82ec (big blind) folded before Flop
Seat 6: ef73a8a3 collected ($0.25)


Poker Hand #HD1774995514: Hold'em No Limit ($0.05/$0.1) - 2024/05/16 13:51:03
Table 'NLHRed53' 6-max Seat #2 is the button
Seat 1: 248b127e ($12.58 in chips)
Seat 2: 309c6ad2 ($2.53 in chips)
Seat 3: 126c001d ($10 in chips)
Seat 4: Hero ($10.35 in chips)
Seat 5: e75b82ec ($8.6 in chips)
Seat 6: ef73a8a3 ($11.34 in chips)
126c001d: posts small blind $0.05
Hero: posts big blind $0.1
*** HOLE CARDS ***
Dealt to 248b127e 
Dealt to 309c6ad2 
Dealt to 126c001d 
Dealt to Hero [4h 3h]
Dealt to e75b82ec 
Dealt to ef73a8a3 
e75b82ec: raises $0.2 to $0.3
ef73a8a3: folds
248b127e: calls $0.3
309c6ad2: calls $0.3
126c001d: calls $0.25
Hero: calls $0.2
*** FLOP *** [Ks 4d 2s]
126c001d: checks
Hero: checks
e75b82ec: checks
248b127e: bets $0.6
309c6ad2: raises $0.9 to $1.5
126c001d: folds
Hero: folds
e75b82ec: folds
248b127e: calls $0.9
*** TURN *** [Ks 4d 2s] [5c]
248b127e: checks
309c6ad2: bets $0.73 and is all-in
248b127e: calls $0.73
309c6ad2: shows [Kc Qc] (Pair of Kings)
248b127e: shows [Ad Kh] (Pair of Kings)
*** RIVER *** [Ks 4d 2s 5c] [7d]
*** SHOWDOWN ***
248b127e collected $5.57 from pot
*** SUMMARY ***
Total pot $5.96 | Rake $0.29 | Jackpot $0.1 | Bingo $0 | Fortune $0 | Tax $0
Board [Ks 4d 2s 5c 7d]
Seat 1: 248b127e showed [Ad Kh] and won ($5.57) with Pair of Kings
Seat 2: 309c6ad2 (button) showed [Kc Qc] and lost with Pair of Kings
Seat 3: 126c001d (small blind) folded on the Flop
Seat 4: Hero (big blind) folded on the Flop
Seat 5: e75b82ec folded on the Flop
Seat 6: ef73a8a3 folded before Flop (didn't bet)


Poker Hand #HD1774995413: Hold'em No Limit ($0.05/$0.1) - 2024/05/16 13:50:07
Table 'NLHRed53' 6-max Seat #1 is the button
Seat 1: 248b127e ($12.12 in chips)
Seat 2: 309c6ad2 ($2.58 in chips)
Seat 3: 126c001d ($10.3 in chips)
Seat 4: Hero ($10.35 in chips)
Seat 5: e75b82ec ($8.6 in chips)
Seat 6: ef73a8a3 ($11.34 in chips)
309c6ad2: posts small blind $0.05
126c001d: posts big blind $0.1
*** HOLE CARDS ***
Dealt to 248b127e 
Dealt to 309c6ad2 
Dealt to 126c001d 
Dealt to Hero [7s 2s]
Dealt to e75b82ec 
Dealt to ef73a8a3 
Hero: folds
e75b82ec: folds
ef73a8a3: folds
248b127e: raises $0.1 to $0.2
309c6ad2: folds
126c001d: calls $0.1
*** FLOP *** [Ac Ah 3h]
126c001d: checks
248b127e: checks
*** TURN *** [Ac Ah 3h] [8s]
126c001d: checks
248b127e: bets $0.25
126c001d: calls $0.25
*** RIVER *** [Ac Ah 3h 8s] [Jc]
126c001d: checks
248b127e: bets $0.55
126c001d: folds
Uncalled bet ($0.55) returned to 248b127e
*** SHOWDOWN ***
248b127e collected $0.91 from pot
*** SUMMARY ***
Total pot $0.95 | Rake $0.04 | Jackpot $0 | Bingo $0 | Fortune $0 | Tax $0
Board [Ac Ah 3h 8s Jc]
Seat 1: 248b127e (button) won ($0.91)
Seat 2: 309c6ad2 (small blind) folded before Flop
Seat 3: 126c001d (big blind) folded on the River
Seat 4: Hero folded before Flop (didn't bet)
Seat 5: e75b82ec folded before Flop (didn't bet)
Seat 6: ef73a8a3 folded before Flop (didn't bet)


Poker Hand #HD1774995380: Hold'em No Limit ($0.05/$0.1) - 2024/05/16 13:49:51
Table 'NLHRed53' 6-max Seat #6 is the button
Seat 1: 248b127e ($12.17 in chips)
Seat 2: 309c6ad2 ($2.68 in chips)
Seat 3: 126c001d ($10.3 in chips)
Seat 4: Hero ($10.11 in chips)
Seat 5: e75b82ec ($8.7 in chips)
Seat 6: ef73a8a3 ($11.34 in chips)
248b127e: posts small blind $0.05
309c6ad2: posts big blind $0.1
e75b82ec: posts big blind $0.1
*** HOLE CARDS ***
Dealt to 248b127e 
Dealt to 309c6ad2 
Dealt to 126c001d 
Dealt to Hero [Ts As]
Dealt to e75b82ec 
Dealt to ef73a8a3 
126c001d: folds
Hero: raises $0.24 to $0.34
e75b82ec: folds
ef73a8a3: folds
248b127e: folds
309c6ad2: folds
Uncalled bet ($0.24) returned to Hero
*** SHOWDOWN ***
Hero collected $0.34 from pot
*** SUMMARY ***
Total pot $0.35 | Rake $0.01 | Jackpot $0 | Bingo $0 | Fortune $0 | Tax $0
Seat 1: 248b127e (small blind) folded before Flop
Seat 2: 309c6ad2 (big blind) folded before Flop
Seat 3: 126c001d folded before Flop (didn't bet)
Seat 4: Hero collected ($0.34)
Seat 5: e75b82ec folded before Flop
Seat 6: ef73a8a3 (button) folded before Flop (didn't bet)


Poker Hand #HD1774995235: Hold'em No Limit ($0.05/$0.1) - 2024/05/16 13:48:27
Table 'NLHRed53' 6-max Seat #4 is the button
Seat 1: 248b127e ($11.2 in chips)
Seat 2: 309c6ad2 ($2.68 in chips)
Seat 3: 126c001d ($10.3 in chips)
Seat 4: Hero ($11.13 in chips)
Seat 6: ef73a8a3 ($11.39 in chips)
ef73a8a3: posts small blind $0.05
248b127e: posts big blind $0.1
*** HOLE CARDS ***
Dealt to 248b127e 
Dealt to 309c6ad2 
Dealt to 126c001d 
Dealt to Hero [9s 9c]
Dealt to ef73a8a3 
309c6ad2: folds
126c001d: folds
Hero: raises $0.14 to $0.24
ef73a8a3: folds
248b127e: calls $0.14
*** FLOP *** [9d 8h 6s]
248b127e: checks
Hero: bets $0.18
248b127e: calls $0.18
*** TURN *** [9d 8h 6s] [7d]
248b127e: checks
Hero: checks
*** RIVER *** [9d 8h 6s 7d] [Jh]
248b127e: bets $0.6
Hero: calls $0.6
248b127e: shows [5s 5h] (Nines-High Straight)
Hero: shows [9s 9c] (Three Nines)
*** SHOWDOWN ***
248b127e collected $1.99 from pot
*** SUMMARY ***
Total pot $2.09 | Rake $0.1 | Jackpot $0 | Bingo $0 | Fortune $0 | Tax $0
Board [9d 8h 6s 7d Jh]
Seat 1: 248b127e (big blind) showed [5s 5h] and won ($1.99) with Nines-High Straight
Seat 2: 309c6ad2 folded before Flop (didn't bet)
Seat 3: 126c001d folded before Flop (didn't bet)
Seat 4: Hero (button) showed [9s 9c] and lost with Three Nines
Seat 6: ef73a8a3 (small blind) folded before Flop


Poker Hand #HD1774995110: Hold'em No Limit ($0.05/$0.1) - 2024/05/16 13:47:21
Table 'NLHRed53' 6-max Seat #3 is the button
Seat 1: 248b127e ($11.2 in chips)
Seat 2: 309c6ad2 ($2.78 in chips)
Seat 3: 126c001d ($10.3 in chips)
Seat 4: Hero ($11.18 in chips)
Seat 6: ef73a8a3 ($11.25 in chips)
Hero: posts small blind $0.05
ef73a8a3: posts big blind $0.1
*** HOLE CARDS ***
Dealt to 248b127e 
Dealt to 309c6ad2 
Dealt to 126c001d 
Dealt to Hero [6h 4s]
Dealt to ef73a8a3 
248b127e: folds
309c6ad2: calls $0.1
126c001d: folds
Hero: folds
ef73a8a3: checks
*** FLOP *** [Qc 7c 5d]
ef73a8a3: checks
309c6ad2: checks
*** TURN *** [Qc 7c 5d] [2c]
ef73a8a3: checks
309c6ad2: checks
*** RIVER *** [Qc 7c 5d 2c] [Qd]
ef73a8a3: checks
309c6ad2: checks
ef73a8a3: shows [7d 8h] (Pair of Queens and Pair of Sevens)
309c6ad2: shows [2s Ah] (Pair of Queens and Pair of Twos)
*** SHOWDOWN ***
ef73a8a3 collected $0.24 from pot
*** SUMMARY ***
Total pot $0.25 | Rake $0.01 | Jackpot $0 | Bingo $0 | Fortune $0 | Tax $0
Board [Qc 7c 5d 2c Qd]
Seat 1: 248b127e folded before Flop (didn't bet)
Seat 2: 309c6ad2 showed [2s Ah] and lost with Pair of Queens and Pair of Twos
Seat 3: 126c001d (button) folded before Flop (didn't bet)
Seat 4: Hero (small blind) folded before Flop
Seat 6: ef73a8a3 (big blind) showed [7d 8h] and won ($0.24) with Pair of Queens and Pair of Sevens


Poker Hand #HD1774995072: Hold'em No Limit ($0.05/$0.1) - 2024/05/16 13:47:02
Table 'NLHRed53' 6-max Seat #2 is the button
Seat 1: 248b127e ($11.05 in chips)
Seat 2: 309c6ad2 ($2.78 in chips)
Seat 3: 126c001d ($10.35 in chips)
Seat 4: Hero ($11.28 in chips)
Seat 5: fd47b32b ($1.13 in chips)
Seat 6: ef73a8a3 ($11.25 in chips)
126c001d: posts small blind $0.05
Hero: posts big blind $0.1
*** HOLE CARDS ***
Dealt to 248b127e 
Dealt to 309c6ad2 
Dealt to 126c001d 
Dealt to Hero [Jc 3c]
Dealt to fd47b32b 
Dealt to ef73a8a3 
fd47b32b: folds
ef73a8a3: folds
248b127e: raises $0.15 to $0.25
309c6ad2: folds
126c001d: folds
Hero: folds
Uncalled bet ($0.15) returned to 248b127e
*** SHOWDOWN ***
248b127e collected $0.25 from pot
*** SUMMARY ***
Total pot $0.25 | Rake $0 | Jackpot $0 | Bingo $0 | Fortune $0 | Tax $0
Seat 1: 248b127e collected ($0.25)
Seat 2: 309c6ad2 (button) folded before Flop (didn't bet)
Seat 3: 126c001d (small blind) folded before Flop
Seat 4: Hero (big blind) folded before Flop
Seat 5: fd47b32b folded before Flop (didn't bet)
Seat 6: ef73a8a3 folded before Flop (didn't bet)


Poker Hand #HD1774994999: Hold'em No Limit ($0.05/$0.1) - 2024/05/16 13:46:20
Table 'NLHRed53' 6-max Seat #1 is the button
Seat 1: 248b127e ($11.05 in chips)
Seat 2: 309c6ad2 ($1.78 in chips)
Seat 3: 126c001d ($10.45 in chips)
Seat 4: Hero ($11.28 in chips)
Seat 5: fd47b32b ($2.13 in chips)
Seat 6: ef73a8a3 ($11.25 in chips)
309c6ad2: posts small blind $0.05
126c001d: posts big blind $0.1
*** HOLE CARDS ***
Dealt to 248b127e 
Dealt to 309c6ad2 
Dealt to 126c001d 
Dealt to Hero [2h 9s]
Dealt to fd47b32b 
Dealt to ef73a8a3 
Hero: folds
fd47b32b: raises $0.1 to $0.2
ef73a8a3: folds
248b127e: folds
309c6ad2: calls $0.15
126c001d: folds
*** FLOP *** [Kc Js 4s]
309c6ad2: bets $0.17
fd47b32b: raises $0.63 to $0.8
309c6ad2: raises $0.78 to $1.58 and is all-in
fd47b32b: folds
Uncalled bet ($0.78) returned to 309c6ad2
*** SHOWDOWN ***
309c6ad2 collected $2 from pot
*** SUMMARY ***
Total pot $2.1 | Rake $0.1 | Jackpot $0 | Bingo $0 | Fortune $0 | Tax $0
Board [Kc Js 4s]
Seat 1: 248b127e (button) folded before Flop (didn't bet)
Seat 2: 309c6ad2 (small blind) won ($2)
Seat 3: 126c001d (big blind) folded before Flop
Seat 4: Hero folded before Flop (didn't bet)
Seat 5: fd47b32b folded on the Flop
Seat 6: ef73a8a3 folded before Flop (didn't bet)


Poker Hand #HD1774994902: Hold'em No Limit ($0.05/$0.1) - 2024/05/16 13:45:28
Table 'NLHRed53' 6-max Seat #6 is the button
Seat 1: 248b127e ($11.1 in chips)
Seat 2: 309c6ad2 ($1.41 in chips)
Seat 3: 126c001d ($10.45 in chips)
Seat 4: Hero ($11.63 in chips)
Seat 5: fd47b32b ($2.13 in chips)
Seat 6: ef73a8a3 ($11.25 in chips)
248b127e: posts small blind $0.05
309c6ad2: posts big blind $0.1
*** HOLE CARDS ***
Dealt to 248b127e 
Dealt to 309c6ad2 
Dealt to 126c001d 
Dealt to Hero [Tc Jc]
Dealt to fd47b32b 
Dealt to ef73a8a3 
126c001d: folds
Hero: raises $0.1 to $0.2
fd47b32b: folds
ef73a8a3: folds
248b127e: folds
309c6ad2: raises $0.15 to $0.35
Hero: calls $0.15
*** FLOP *** [7d 3d 6s]
309c6ad2: bets $1
Hero: folds
Uncalled bet ($1) returned to 309c6ad2
*** SHOWDOWN ***
309c6ad2 collected $0.72 from pot
*** SUMMARY ***
Total pot $0.75 | Rake $0.03 | Jackpot $0 | Bingo $0 | Fortune $0 | Tax $0
Board [7d 3d 6s]
Seat 1: 248b127e (small blind) folded before Flop
Seat 2: 309c6ad2 (big blind) won ($0.72)
Seat 3: 126c001d folded before Flop (didn't bet)
Seat 4: Hero folded on the Flop
Seat 5: fd47b32b folded before Flop (didn't bet)
Seat 6: ef73a8a3 (button) folded before Flop (didn't bet)


Poker Hand #HD1774994843: Hold'em No Limit ($0.05/$0.1) - 2024/05/16 13:44:49
Table 'NLHRed53' 6-max Seat #5 is the button
Seat 1: 248b127e ($11.2 in chips)
Seat 2: 309c6ad2 ($0.9 in chips)
Seat 3: 126c001d ($10.85 in chips)
Seat 4: Hero ($11.63 in chips)
Seat 5: fd47b32b ($2.13 in chips)
Seat 6: ef73a8a3 ($11.3 in chips)
ef73a8a3: posts small blind $0.05
248b127e: posts big blind $0.1
*** HOLE CARDS ***
Dealt to 248b127e 
Dealt to 309c6ad2 
Dealt to 126c001d 
Dealt to Hero [Jd 9d]
Dealt to fd47b32b 
Dealt to ef73a8a3 
309c6ad2: calls $0.1
126c001d: raises $0.3 to $0.4
Hero: folds
fd47b32b: folds
ef73a8a3: folds
248b127e: folds
309c6ad2: calls $0.3
*** FLOP *** [5d Ah 2d]
309c6ad2: checks
126c001d: checks
*** TURN *** [5d Ah 2d] [7d]
309c6ad2: bets $0.5 and is all-in
126c001d: folds
Uncalled bet ($0.5) returned to 309c6ad2
*** SHOWDOWN ***
309c6ad2 collected $0.91 from pot
*** SUMMARY ***
Total pot $0.95 | Rake $0.04 | Jackpot $0 | Bingo $0 | Fortune $0 | Tax $0
Board [5d Ah 2d 7d]
Seat 1: 248b127e (big blind) folded before Flop
Seat 2: 309c6ad2 won ($0.91)
Seat 3: 126c001d folded on the Turn
Seat 4: Hero folded before Flop (didn't bet)
Seat 5: fd47b32b (button) folded before Flop (didn't bet)
Seat 6: ef73a8a3 (small blind) folded before Flop


Poker Hand #HD1774994785: Hold'em No Limit ($0.05/$0.1) - 2024/05/16 13:44:24
Table 'NLHRed53' 6-max Seat #4 is the button
Seat 1: 248b127e ($11.2 in chips)
Seat 2: 309c6ad2 ($0.9 in chips)
Seat 3: 126c001d ($10.85 in chips)
Seat 4: Hero ($11.63 in chips)
Seat 5: fd47b32b ($2.03 in chips)
Seat 6: ef73a8a3 ($11.4 in chips)
fd47b32b: posts small blind $0.05
ef73a8a3: posts big blind $0.1
*** HOLE CARDS ***
Dealt to 248b127e 
Dealt to 309c6ad2 
Dealt to 126c001d 
Dealt to Hero [4c 8c]
Dealt to fd47b32b 
Dealt to ef73a8a3 
248b127e: folds
309c6ad2: folds
126c001d: folds
Hero: folds
fd47b32b: raises $0.2 to $0.3
ef73a8a3: folds
Uncalled bet ($0.2) returned to fd47b32b
*** SHOWDOWN ***
fd47b32b collected $0.2 from pot
*** SUMMARY ***
Total pot $0.2 | Rake $0 | Jackpot $0 | Bingo $0 | Fortune $0 | Tax $0
Seat 1: 248b127e folded before Flop (didn't bet)
Seat 2: 309c6ad2 folded before Flop (didn't bet)
Seat 3: 126c001d folded before Flop (didn't bet)
Seat 4: Hero (button) folded before Flop (didn't bet)
Seat 5: fd47b32b (small blind) collected ($0.2)
Seat 6: ef73a8a3 (big blind) folded before Flop


Poker Hand #HD1774994761: Hold'em No Limit ($0.05/$0.1) - 2024/05/16 13:44:11
Table 'NLHRed53' 6-max Seat #3 is the button
Seat 1: 248b127e ($11.2 in chips)
Seat 2: 309c6ad2 ($0.9 in chips)
Seat 3: 126c001d ($10.85 in chips)
Seat 4: Hero ($11.68 in chips)
Seat 5: fd47b32b ($1.98 in chips)
Seat 6: ef73a8a3 ($11.4 in chips)
Hero: posts small blind $0.05
fd47b32b: posts big blind $0.1
*** HOLE CARDS ***
Dealt to 248b127e 
Dealt to 309c6ad2 
Dealt to 126c001d 
Dealt to Hero [Jh 5s]
Dealt to fd47b32b 
Dealt to ef73a8a3 
ef73a8a3: folds
248b127e: folds
309c6ad2: folds
126c001d: folds
Hero: folds
Uncalled bet ($0.05) returned to fd47b32b
*** SHOWDOWN ***
fd47b32b collected $0.1 from pot
*** SUMMARY ***
Total pot $0.1 | Rake $0 | Jackpot $0 | Bingo $0 | Fortune $0 | Tax $0
Seat 1: 248b127e folded before Flop (didn't bet)
Seat 2: 309c6ad2 folded before Flop (didn't bet)
Seat 3: 126c001d (button) folded before Flop (didn't bet)
Seat 4: Hero (small blind) folded before Flop
Seat 5: fd47b32b (big blind) collected ($0.1)
Seat 6: ef73a8a3 folded before Flop (didn't bet)


Poker Hand #HD1774994704: Hold'em No Limit ($0.05/$0.1) - 2024/05/16 13:43:41
Table 'NLHRed53' 6-max Seat #2 is the button
Seat 1: 248b127e ($11.2 in chips)
Seat 2: 309c6ad2 ($0.9 in chips)
Seat 3: 126c001d ($10.48 in chips)
Seat 4: Hero ($11.78 in chips)
Seat 5: fd47b32b ($2.28 in chips)
Seat 6: ef73a8a3 ($11.4 in chips)
126c001d: posts small blind $0.05
Hero: posts big blind $0.1
*** HOLE CARDS ***
Dealt to 248b127e 
Dealt to 309c6ad2 
Dealt to 126c001d 
Dealt to Hero [2d Kh]
Dealt to fd47b32b 
Dealt to ef73a8a3 
fd47b32b: raises $0.2 to $0.3
ef73a8a3: folds
248b127e: folds
309c6ad2: folds
126c001d: raises $1 to $1.3
Hero: folds
fd47b32b: folds
Uncalled bet ($1) returned to 126c001d
*** SHOWDOWN ***
126c001d collected $0.67 from pot
*** SUMMARY ***
Total pot $0.7 | Rake $0.03 | Jackpot $0 | Bingo $0 | Fortune $0 | Tax $0
Seat 1: 248b127e folded before Flop (didn't bet)
Seat 2: 309c6ad2 (button) folded before Flop (didn't bet)
Seat 3: 126c001d (small blind) collected ($0.67)
Seat 4: Hero (big blind) folded before Flop
Seat 5: fd47b32b folded before Flop
Seat 6: ef73a8a3 folded before Flop (didn't bet)


Poker Hand #HD1774994656: Hold'em No Limit ($0.05/$0.1) - 2024/05/16 13:43:14
Table 'NLHRed53' 6-max Seat #1 is the button
Seat 1: 248b127e ($11.2 in chips)
Seat 2: 309c6ad2 ($0.95 in chips)
Seat 3: 126c001d ($10.58 in chips)
Seat 4: Hero ($11.78 in chips)
Seat 5: fd47b32b ($2.48 in chips)
Seat 6: ef73a8a3 ($11.07 in chips)
309c6ad2: posts small blind $0.05
126c001d: posts big blind $0.1
*** HOLE CARDS ***
Dealt to 248b127e 
Dealt to 309c6ad2 
Dealt to 126c001d 
Dealt to Hero [6s 6d]
Dealt to fd47b32b 
Dealt to ef73a8a3 
Hero: folds
fd47b32b: raises $0.1 to $0.2
ef73a8a3: raises $0.55 to $0.75
248b127e: folds
309c6ad2: folds
126c001d: folds
fd47b32b: folds
Uncalled bet ($0.55) returned to ef73a8a3
*** SHOWDOWN ***
ef73a8a3 collected $0.53 from pot
*** SUMMARY ***
Total pot $0.55 | Rake $0.02 | Jackpot $0 | Bingo $0 | Fortune $0 | Tax $0
Seat 1: 248b127e (button) folded before Flop (didn't bet)
Seat 2: 309c6ad2 (small blind) folded before Flop
Seat 3: 126c001d (big blind) folded before Flop
Seat 4: Hero folded before Flop (didn't bet)
Seat 5: fd47b32b folded before Flop
Seat 6: ef73a8a3 collected ($0.53)


Poker Hand #HD1774994518: Hold'em No Limit ($0.05/$0.1) - 2024/05/16 13:42:00
Table 'NLHRed53' 6-max Seat #6 is the button
Seat 1: 248b127e ($11.25 in chips)
Seat 2: 309c6ad2 ($2.98 in chips)
Seat 3: 126c001d ($10.58 in chips)
Seat 4: Hero ($10 in chips)
Seat 5: fd47b32b ($2.48 in chips)
Seat 6: ef73a8a3 ($11.07 in chips)
248b127e: posts small blind $0.05
309c6ad2: posts big blind $0.1
*** HOLE CARDS ***
Dealt to 248b127e 
Dealt to 309c6ad2 
Dealt to 126c001d 
Dealt to Hero [Ah 9h]
Dealt to fd47b32b 
Dealt to ef73a8a3 
126c001d: folds
Hero: raises $0.1 to $0.2
fd47b32b: folds
ef73a8a3: folds
248b127e: folds
309c6ad2: calls $0.1
*** FLOP *** [Ac 4d Qd]
309c6ad2: checks
Hero: bets $0.2
309c6ad2: calls $0.2
*** TURN *** [Ac 4d Qd] [3h]
309c6ad2: checks
Hero: bets $0.6
309c6ad2: raises $1.03 to $1.63
Hero: calls $1.03
*** RIVER *** [Ac 4d Qd 3h] [Qc]
309c6ad2: checks
Hero: checks
309c6ad2: shows [3d 4s] (Pair of Queens and Pair of Fours)
Hero: shows [Ah 9h] (Pair of Aces and Pair of Queens)
*** SHOWDOWN ***
Hero collected $3.81 from pot
*** SUMMARY ***
Total pot $4.11 | Rake $0.2 | Jackpot $0.1 | Bingo $0 | Fortune $0 | Tax $0
Board [Ac 4d Qd 3h Qc]
Seat 1: 248b127e (small blind) folded before Flop
Seat 2: 309c6ad2 (big blind) showed [3d 4s] and lost with Pair of Queens and Pair of Fours
Seat 3: 126c001d folded before Flop (didn't bet)
Seat 4: Hero showed [Ah 9h] and won ($3.81) with Pair of Aces and Pair of Queens
Seat 5: fd47b32b folded before Flop (didn't bet)
Seat 6: ef73a8a3 (button) folded before Flop (didn't bet)


Poker Hand #HD1774994460: Hold'em No Limit ($0.05/$0.1) - 2024/05/16 13:41:32
Table 'NLHRed53' 6-max Seat #5 is the button
Seat 1: 248b127e ($11.35 in chips)
Seat 2: 309c6ad2 ($2.98 in chips)
Seat 3: 126c001d ($10.58 in chips)
Seat 4: Hero ($10 in chips)
Seat 5: fd47b32b ($2.33 in chips)
Seat 6: ef73a8a3 ($11.12 in chips)
ef73a8a3: posts small blind $0.05
248b127e: posts big blind $0.1
*** HOLE CARDS ***
Dealt to 248b127e 
Dealt to 309c6ad2 
Dealt to 126c001d 
Dealt to Hero [6c 9d]
Dealt to fd47b32b 
Dealt to ef73a8a3 
309c6ad2: folds
126c001d: folds
Hero: folds
fd47b32b: raises $0.1 to $0.2
ef73a8a3: folds
248b127e: folds
Uncalled bet ($0.1) returned to fd47b32b
*** SHOWDOWN ***
fd47b32b collected $0.25 from pot
*** SUMMARY ***
Total pot $0.25 | Rake $0 | Jackpot $0 | Bingo $0 | Fortune $0 | Tax $0
Seat 1: 248b127e (big blind) folded before Flop
Seat 2: 309c6ad2 folded before Flop (didn't bet)
Seat 3: 126c001d folded before Flop (didn't bet)
Seat 4: Hero folded before Flop (didn't bet)
Seat 5: fd47b32b (button) collected ($0.25)
Seat 6: ef73a8a3 (small blind) folded before Flop


Poker Hand #HD1774994402: Hold'em No Limit ($0.05/$0.1) - 2024/05/16 13:40:59
Table 'NLHRed53' 6-max Seat #4 is the button
Seat 1: 248b127e ($11.35 in chips)
Seat 2: 309c6ad2 ($3.08 in chips)
Seat 3: 126c001d ($10.34 in chips)
Seat 4: Hero ($10 in chips)
Seat 5: fd47b32b ($2.38 in chips)
Seat 6: ef73a8a3 ($11.22 in chips)
fd47b32b: posts small blind $0.05
ef73a8a3: posts big blind $0.1
*** HOLE CARDS ***
Dealt to 248b127e 
Dealt to 309c6ad2 
Dealt to 126c001d 
Dealt to Hero [8d Qs]
Dealt to fd47b32b 
Dealt to ef73a8a3 
248b127e: folds
309c6ad2: calls $0.1
126c001d: raises $0.3 to $0.4
Hero: folds
fd47b32b: folds
ef73a8a3: folds
309c6ad2: folds
Uncalled bet ($0.3) returned to 126c001d
*** SHOWDOWN ***
126c001d collected $0.34 from pot
*** SUMMARY ***
Total pot $0.35 | Rake $0.01 | Jackpot $0 | Bingo $0 | Fortune $0 | Tax $0
Seat 1: 248b127e folded before Flop (didn't bet)
Seat 2: 309c6ad2 folded before Flop
Seat 3: 126c001d collected ($0.34)
Seat 4: Hero (button) folded before Flop (didn't bet)
Seat 5: fd47b32b (small blind) folded before Flop
Seat 6: ef73a8a3 (big blind) folded before Flop


Poker Hand #HD1774994328: Hold'em No Limit ($0.05/$0.1) - 2024/05/16 13:40:25
Table 'NLHRed53' 6-max Seat #3 is the button
Seat 1: 248b127e ($11.35 in chips)
Seat 2: 309c6ad2 ($3.08 in chips)
Seat 3: 126c001d ($10.09 in chips)
Seat 4: Hero ($10 in chips)
Seat 5: fd47b32b ($2.6 in chips)
Seat 6: ef73a8a3 ($11.22 in chips)
Hero: posts small blind $0.05
fd47b32b: posts big blind $0.1
*** HOLE CARDS ***
Dealt to 248b127e 
Dealt to 309c6ad2 
Dealt to 126c001d 
Dealt to Hero [6s 5c]
Dealt to fd47b32b 
Dealt to ef73a8a3 
ef73a8a3: folds
248b127e: folds
309c6ad2: folds
126c001d: raises $0.12 to $0.22
Hero: folds
fd47b32b: calls $0.12
*** FLOP *** [3d 4c Kc]
fd47b32b: checks
126c001d: bets $0.3
fd47b32b: folds
Uncalled bet ($0.3) returned to 126c001d
*** SHOWDOWN ***
126c001d collected $0.47 from pot
*** SUMMARY ***
Total pot $0.49 | Rake $0.02 | Jackpot $0 | Bingo $0 | Fortune $0 | Tax $0
Board [3d 4c Kc]
Seat 1: 248b127e folded before Flop (didn't bet)
Seat 2: 309c6ad2 folded before Flop (didn't bet)
Seat 3: 126c001d (button) won ($0.47)
Seat 4: Hero (small blind) folded before Flop
Seat 5: fd47b32b (big blind) folded on the Flop
Seat 6: ef73a8a3 folded before Flop (didn't bet)


Poker Hand #HD1774994300: Hold'em No Limit ($0.05/$0.1) - 2024/05/16 13:40:06
Table 'NLHRed53' 6-max Seat #2 is the button
Seat 1: 248b127e ($11.35 in chips)
Seat 2: 309c6ad2 ($3.08 in chips)
Seat 3: 126c001d ($10.14 in chips)
Seat 4: Hero ($10 in chips)
Seat 5: fd47b32b ($2.45 in chips)
Seat 6: ef73a8a3 ($11.22 in chips)
126c001d: posts small blind $0.05
Hero: posts big blind $0.1
*** HOLE CARDS ***
Dealt to 248b127e 
Dealt to 309c6ad2 
Dealt to 126c001d 
Dealt to Hero [Qh 2s]
Dealt to fd47b32b 
Dealt to ef73a8a3 
fd47b32b: raises $0.1 to $0.2
ef73a8a3: folds
248b127e: folds
309c6ad2: folds
126c001d: folds
Hero: folds
Uncalled bet ($0.1) returned to fd47b32b
*** SHOWDOWN ***
fd47b32b collected $0.25 from pot
*** SUMMARY ***
Total pot $0.25 | Rake $0 | Jackpot $0 | Bingo $0 | Fortune $0 | Tax $0
Seat 1: 248b127e folded before Flop (didn't bet)
Seat 2: 309c6ad2 (button) folded before Flop (didn't bet)
Seat 3: 126c001d (small blind) folded before Flop
Seat 4: Hero (big blind) folded before Flop
Seat 5: fd47b32b collected ($0.25)
Seat 6: ef73a8a3 folded before Flop (didn't bet)


Poker Hand #HD1774994260: Hold'em No Limit ($0.05/$0.1) - 2024/05/16 13:39:49
Table 'NLHRed53' 6-max Seat #1 is the button
Seat 1: 248b127e ($11.2 in chips)
Seat 2: 309c6ad2 ($3.13 in chips)
Seat 3: 126c001d ($10.24 in chips)
Seat 4: Hero ($10 in chips)
Seat 5: fd47b32b ($2.45 in chips)
Seat 6: ef73a8a3 ($11.22 in chips)
309c6ad2: posts small blind $0.05
126c001d: posts big blind $0.1
*** HOLE CARDS ***
Dealt to 248b127e 
Dealt to 309c6ad2 
Dealt to 126c001d 
Dealt to Hero [Ac 6d]
Dealt to fd47b32b 
Dealt to ef73a8a3 
Hero: folds
fd47b32b: folds
ef73a8a3: folds
248b127e: raises $0.1 to $0.2
309c6ad2: folds
126c001d: folds
Uncalled bet ($0.1) returned to 248b127e
*** SHOWDOWN ***
248b127e collected $0.25 from pot
*** SUMMARY ***
Total pot $0.25 | Rake $0 | Jackpot $0 | Bingo $0 | Fortune $0 | Tax $0
Seat 1: 248b127e (button) collected ($0.25)
Seat 2: 309c6ad2 (small blind) folded before Flop
Seat 3: 126c001d (big blind) folded before Flop
Seat 4: Hero folded before Flop (didn't bet)
Seat 5: fd47b32b folded before Flop (didn't bet)
Seat 6: ef73a8a3 folded before Flop (didn't bet)


Poker Hand #HD1774994208: Hold'em No Limit ($0.05/$0.1) - 2024/05/16 13:39:21
Table 'NLHRed53' 6-max Seat #6 is the button
Seat 1: 248b127e ($11.25 in chips)
Seat 2: 309c6ad2 ($3.23 in chips)
Seat 3: 126c001d ($10.09 in chips)
Seat 4: Hero ($10 in chips)
Seat 5: fd47b32b ($2.45 in chips)
Seat 6: ef73a8a3 ($11.22 in chips)
248b127e: posts small blind $0.05
309c6ad2: posts big blind $0.1
*** HOLE CARDS ***
Dealt to 248b127e 
Dealt to 309c6ad2 
Dealt to 126c001d 
Dealt to Hero [5h 7s]
Dealt to fd47b32b 
Dealt to ef73a8a3 
126c001d: raises $0.19 to $0.29
Hero: folds
fd47b32b: folds
ef73a8a3: folds
248b127e: folds
309c6ad2: folds
Uncalled bet ($0.19) returned to 126c001d
*** SHOWDOWN ***
126c001d collected $0.25 from pot
*** SUMMARY ***
Total pot $0.25 | Rake $0 | Jackpot $0 | Bingo $0 | Fortune $0 | Tax $0
Seat 1: 248b127e (small blind) folded before Flop
Seat 2: 309c6ad2 (big blind) folded before Flop
Seat 3: 126c001d collected ($0.25)
Seat 4: Hero folded before Flop (didn't bet)
Seat 5: fd47b32b folded before Flop (didn't bet)
Seat 6: ef73a8a3 (button) folded before Flop (didn't bet)


Poker Hand #HD1774994000: Hold'em No Limit ($0.05/$0.1) - 2024/05/16 13:37:39
Table 'NLHRed53' 6-max Seat #5 is the button
Seat 1: 248b127e ($10.8 in chips)
Seat 2: 309c6ad2 ($3.23 in chips)
Seat 3: 126c001d ($10.09 in chips)
Seat 4: Hero ($10 in chips)
Seat 5: fd47b32b ($2.45 in chips)
Seat 6: ef73a8a3 ($11.27 in chips)
ef73a8a3: posts small blind $0.05
248b127e: posts big blind $0.1
*** HOLE CARDS ***
Dealt to 248b127e 
Dealt to 309c6ad2 
Dealt to 126c001d 
Dealt to Hero [Qc Td]
Dealt to fd47b32b 
Dealt to ef73a8a3 
309c6ad2: folds
126c001d: folds
Hero: raises $0.14 to $0.24
fd47b32b: folds
ef73a8a3: folds
248b127e: calls $0.14
*** FLOP *** [2c 6d Kh]
248b127e: checks
Hero: bets $0.2
248b127e: calls $0.2
*** TURN *** [2c 6d Kh] [Th]
248b127e: checks
Hero: checks
*** RIVER *** [2c 6d Kh Th] [4s]
248b127e: bets $0.75
Hero: folds
Uncalled bet ($0.75) returned to 248b127e
*** SHOWDOWN ***
248b127e collected $0.89 from pot
*** SUMMARY ***
Total pot $0.93 | Rake $0.04 | Jackpot $0 | Bingo $0 | Fortune $0 | Tax $0
Board [2c 6d Kh Th 4s]
Seat 1: 248b127e (big blind) won ($0.89)
Seat 2: 309c6ad2 folded before Flop (didn't bet)
Seat 3: 126c001d folded before Flop (didn't bet)
Seat 4: Hero folded on the River
Seat 5: fd47b32b (button) folded before Flop (didn't bet)
Seat 6: ef73a8a3 (small blind) folded before Flop


Poker Hand #HD1774993965: Hold'em No Limit ($0.05/$0.1) - 2024/05/16 13:37:23
Table 'NLHRed53' 6-max Seat #4 is the button
Seat 1: 248b127e ($10.8 in chips)
Seat 2: 309c6ad2 ($3.08 in chips)
Seat 3: 126c001d ($10.09 in chips)
Seat 4: Hero ($10 in chips)
Seat 5: fd47b32b ($2.5 in chips)
Seat 6: ef73a8a3 ($11.37 in chips)
fd47b32b: posts small blind $0.05
ef73a8a3: posts big blind $0.1
*** HOLE CARDS ***
Dealt to 248b127e 
Dealt to 309c6ad2 
Dealt to 126c001d 
Dealt to Hero [Js 5s]
Dealt to fd47b32b 
Dealt to ef73a8a3 
248b127e: folds
309c6ad2: raises $0.11 to $0.21
126c001d: folds
Hero: folds
fd47b32b: folds
ef73a8a3: folds
Uncalled bet ($0.11) returned to 309c6ad2
*** SHOWDOWN ***
309c6ad2 collected $0.25 from pot
*** SUMMARY ***
Total pot $0.25 | Rake $0 | Jackpot $0 | Bingo $0 | Fortune $0 | Tax $0
Seat 1: 248b127e folded before Flop (didn't bet)
Seat 2: 309c6ad2 collected ($0.25)
Seat 3: 126c001d folded before Flop (didn't bet)
Seat 4: Hero (button) folded before Flop (didn't bet)
Seat 5: fd47b32b (small blind) folded before Flop
Seat 6: ef73a8a3 (big blind) folded before Flop


Poker Hand #HD1774993913: Hold'em No Limit ($0.05/$0.1) - 2024/05/16 13:36:53
Table 'NLHRed53' 6-max Seat #3 is the button
Seat 1: 248b127e ($10.8 in chips)
Seat 2: 309c6ad2 ($2.94 in chips)
Seat 3: 126c001d ($10.09 in chips)
Seat 4: Hero ($10 in chips)
Seat 5: fd47b32b ($2.6 in chips)
Seat 6: ef73a8a3 ($11.37 in chips)
Hero: posts small blind $0.05
fd47b32b: posts big blind $0.1
*** HOLE CARDS ***
Dealt to 248b127e 
Dealt to 309c6ad2 
Dealt to 126c001d 
Dealt to Hero [3d 7d]
Dealt to fd47b32b 
Dealt to ef73a8a3 
ef73a8a3: folds
248b127e: folds
309c6ad2: calls $0.1
126c001d: folds
Hero: folds
fd47b32b: checks
*** FLOP *** [2h 2s 2c]
fd47b32b: checks
309c6ad2: bets $0.34
fd47b32b: folds
Uncalled bet ($0.34) returned to 309c6ad2
*** SHOWDOWN ***
309c6ad2 collected $0.24 from pot
*** SUMMARY ***
Total pot $0.25 | Rake $0.01 | Jackpot $0 | Bingo $0 | Fortune $0 | Tax $0
Board [2h 2s 2c]
Seat 1: 248b127e folded before Flop (didn't bet)
Seat 2: 309c6ad2 won ($0.24)
Seat 3: 126c001d (button) folded before Flop (didn't bet)
Seat 4: Hero (small blind) folded before Flop
Seat 5: fd47b32b (big blind) folded on the Flop
Seat 6: ef73a8a3 folded before Flop (didn't bet)


Poker Hand #HD1774993866: Hold'em No Limit ($0.05/$0.1) - 2024/05/16 13:36:31
Table 'NLHRed53' 6-max Seat #2 is the button
Seat 1: 248b127e ($10.8 in chips)
Seat 2: 309c6ad2 ($2.94 in chips)
Seat 3: 126c001d ($10.14 in chips)
Seat 4: Hero ($10 in chips)
Seat 5: fd47b32b ($2.45 in chips)
Seat 6: ef73a8a3 ($11.37 in chips)
126c001d: posts small blind $0.05
Hero: posts big blind $0.1
*** HOLE CARDS ***
Dealt to 248b127e 
Dealt to 309c6ad2 
Dealt to 126c001d 
Dealt to Hero [5d 4s]
Dealt to fd47b32b 
Dealt to ef73a8a3 
fd47b32b: raises $0.1 to $0.2
ef73a8a3: folds
248b127e: folds
309c6ad2: folds
126c001d: folds
Hero: folds
Uncalled bet ($0.1) returned to fd47b32b
*** SHOWDOWN ***
fd47b32b collected $0.25 from pot
*** SUMMARY ***
Total pot $0.25 | Rake $0 | Jackpot $0 | Bingo $0 | Fortune $0 | Tax $0
Seat 1: 248b127e folded before Flop (didn't bet)
Seat 2: 309c6ad2 (button) folded before Flop (didn't bet)
Seat 3: 126c001d (small blind) folded before Flop
Seat 4: Hero (big blind) folded before Flop
Seat 5: fd47b32b collected ($0.25)
Seat 6: ef73a8a3 folded before Flop (didn't bet)


