Poker Hand #HD1762902361: Hold'em No Limit ($0.05/$0.1) - 2024/05/07 20:44:35
Table 'NLHRed16' 6-max Seat #2 is the button
Seat 2: Hero ($10.8 in chips)
Seat 3: 957e0e17 ($10 in chips)
Seat 4: 1ed8881e ($10.15 in chips)
Seat 5: e96faec8 ($16.87 in chips)
Seat 6: e6113317 ($24.85 in chips)
957e0e17: posts small blind $0.05
1ed8881e: posts big blind $0.1
*** HOLE CARDS ***
Dealt to Hero [3h 2c]
Dealt to 957e0e17 
Dealt to 1ed8881e 
Dealt to e96faec8 
Dealt to e6113317 
e96faec8: folds
e6113317: folds
Hero: folds
957e0e17: raises $0.2 to $0.3
1ed8881e: folds
Uncalled bet ($0.2) returned to 957e0e17
*** SHOWDOWN ***
957e0e17 collected $0.2 from pot
*** SUMMARY ***
Total pot $0.2 | Rake $0 | Jackpot $0 | Bingo $0 | Fortune $0 | Tax $0
Seat 2: Hero (button) folded before Flop (didn't bet)
Seat 3: 957e0e17 (small blind) collected ($0.2)
Seat 4: 1ed8881e (big blind) folded before Flop
Seat 5: e96faec8 folded before Flop (didn't bet)
Seat 6: e6113317 folded before Flop (didn't bet)


Poker Hand #HD1762902313: Hold'em No Limit ($0.05/$0.1) - 2024/05/07 20:44:12
Table 'NLHRed16' 6-max Seat #6 is the button
Seat 2: Hero ($10.7 in chips)
Seat 3: 957e0e17 ($10 in chips)
Seat 4: 1ed8881e ($10.15 in chips)
Seat 5: e96faec8 ($16.87 in chips)
Seat 6: e6113317 ($24.85 in chips)
Hero: posts small blind $0.05
957e0e17: posts big blind $0.1
*** HOLE CARDS ***
Dealt to Hero [Kh Kc]
Dealt to 957e0e17 
Dealt to 1ed8881e 
Dealt to e96faec8 
Dealt to e6113317 
1ed8881e: folds
e96faec8: folds
e6113317: folds
Hero: raises $0.2 to $0.3
957e0e17: folds
Uncalled bet ($0.2) returned to Hero
*** SHOWDOWN ***
Hero collected $0.2 from pot
*** SUMMARY ***
Total pot $0.2 | Rake $0 | Jackpot $0 | Bingo $0 | Fortune $0 | Tax $0
Seat 2: Hero (small blind) collected ($0.2)
Seat 3: 957e0e17 (big blind) folded before Flop
Seat 4: 1ed8881e folded before Flop (didn't bet)
Seat 5: e96faec8 folded before Flop (didn't bet)
Seat 6: e6113317 (button) folded before Flop (didn't bet)


Poker Hand #HD1762902209: Hold'em No Limit ($0.05/$0.1) - 2024/05/07 20:43:30
Table 'NLHRed16' 6-max Seat #5 is the button
Seat 2: Hero ($10.8 in chips)
Seat 3: 957e0e17 ($10 in chips)
Seat 4: 1ed8881e ($10.15 in chips)
Seat 5: e96faec8 ($16.72 in chips)
Seat 6: e6113317 ($24.9 in chips)
e6113317: posts small blind $0.05
Hero: posts big blind $0.1
*** HOLE CARDS ***
Dealt to Hero [Tc 5h]
Dealt to 957e0e17 
Dealt to 1ed8881e 
Dealt to e96faec8 
Dealt to e6113317 
957e0e17: folds
1ed8881e: folds
e96faec8: raises $0.1 to $0.2
e6113317: folds
Hero: folds
Uncalled bet ($0.1) returned to e96faec8
*** SHOWDOWN ***
e96faec8 collected $0.25 from pot
*** SUMMARY ***
Total pot $0.25 | Rake $0 | Jackpot $0 | Bingo $0 | Fortune $0 | Tax $0
Seat 2: Hero (big blind) folded before Flop
Seat 3: 957e0e17 folded before Flop (didn't bet)
Seat 4: 1ed8881e folded before Flop (didn't bet)
Seat 5: e96faec8 (button) collected ($0.25)
Seat 6: e6113317 (small blind) folded before Flop


Poker Hand #HD1762902155: Hold'em No Limit ($0.05/$0.1) - 2024/05/07 20:43:11
Table 'NLHRed16' 6-max Seat #4 is the button
Seat 2: Hero ($10.8 in chips)
Seat 3: 957e0e17 ($10 in chips)
Seat 4: 1ed8881e ($10 in chips)
Seat 5: e96faec8 ($16.77 in chips)
Seat 6: e6113317 ($25 in chips)
e96faec8: posts small blind $0.05
e6113317: posts big blind $0.1
*** HOLE CARDS ***
Dealt to Hero [2c 9s]
Dealt to 957e0e17 
Dealt to 1ed8881e 
Dealt to e96faec8 
Dealt to e6113317 
Hero: folds
957e0e17: folds
1ed8881e: raises $0.2 to $0.3
e96faec8: folds
e6113317: folds
Uncalled bet ($0.2) returned to 1ed8881e
*** SHOWDOWN ***
1ed8881e collected $0.25 from pot
*** SUMMARY ***
Total pot $0.25 | Rake $0 | Jackpot $0 | Bingo $0 | Fortune $0 | Tax $0
Seat 2: Hero folded before Flop (didn't bet)
Seat 3: 957e0e17 folded before Flop (didn't bet)
Seat 4: 1ed8881e (button) collected ($0.25)
Seat 5: e96faec8 (small blind) folded before Flop
Seat 6: e6113317 (big blind) folded before Flop


Poker Hand #HD1762902096: Hold'em No Limit ($0.05/$0.1) - 2024/05/07 20:42:49
Table 'NLHRed16' 6-max Seat #3 is the button
Seat 2: Hero ($10.8 in chips)
Seat 3: 957e0e17 ($10 in chips)
Seat 4: 1ed8881e ($10 in chips)
Seat 5: e96faec8 ($16.72 in chips)
Seat 6: e6113317 ($25 in chips)
1ed8881e: posts small blind $0.05
e96faec8: posts big blind $0.1
*** HOLE CARDS ***
Dealt to Hero [3d Ks]
Dealt to 957e0e17 
Dealt to 1ed8881e 
Dealt to e96faec8 
Dealt to e6113317 
e6113317: folds
Hero: folds
957e0e17: folds
1ed8881e: folds
Uncalled bet ($0.05) returned to e96faec8
*** SHOWDOWN ***
e96faec8 collected $0.1 from pot
*** SUMMARY ***
Total pot $0.1 | Rake $0 | Jackpot $0 | Bingo $0 | Fortune $0 | Tax $0
Seat 2: Hero folded before Flop (didn't bet)
Seat 3: 957e0e17 (button) folded before Flop (didn't bet)
Seat 4: 1ed8881e (small blind) folded before Flop
Seat 5: e96faec8 (big blind) collected ($0.1)
Seat 6: e6113317 folded before Flop (didn't bet)


Poker Hand #HD1762901976: Hold'em No Limit ($0.05/$0.1) - 2024/05/07 20:41:59
Table 'NLHRed16' 6-max Seat #2 is the button
Seat 2: Hero ($10.8 in chips)
Seat 3: 957e0e17 ($10 in chips)
Seat 4: 1ed8881e ($10 in chips)
Seat 5: e96faec8 ($16.82 in chips)
Seat 6: e6113317 ($24.77 in chips)
957e0e17: posts small blind $0.05
1ed8881e: posts big blind $0.1
*** HOLE CARDS ***
Dealt to Hero [Jd 9s]
Dealt to 957e0e17 
Dealt to 1ed8881e 
Dealt to e96faec8 
Dealt to e6113317 
e96faec8: calls $0.1
e6113317: raises $0.18 to $0.28
Hero: folds
957e0e17: folds
1ed8881e: folds
e96faec8: folds
Uncalled bet ($0.18) returned to e6113317
*** SHOWDOWN ***
e6113317 collected $0.33 from pot
*** SUMMARY ***
Total pot $0.35 | Rake $0.02 | Jackpot $0 | Bingo $0 | Fortune $0 | Tax $0
Seat 2: Hero (button) folded before Flop (didn't bet)
Seat 3: 957e0e17 (small blind) folded before Flop
Seat 4: 1ed8881e (big blind) folded before Flop
Seat 5: e96faec8 folded before Flop
Seat 6: e6113317 collected ($0.33)


Poker Hand #HD1762901846: Hold'em No Limit ($0.05/$0.1) - 2024/05/07 20:41:09
Table 'NLHRed16' 6-max Seat #6 is the button
Seat 2: Hero ($10.85 in chips)
Seat 3: 957e0e17 ($10 in chips)
Seat 4: 1ed8881e ($10 in chips)
Seat 5: e96faec8 ($17.37 in chips)
Seat 6: e6113317 ($24.14 in chips)
Hero: posts small blind $0.05
957e0e17: posts big blind $0.1
*** HOLE CARDS ***
Dealt to Hero [5h Kh]
Dealt to 957e0e17 
Dealt to 1ed8881e 
Dealt to e96faec8 
Dealt to e6113317 
1ed8881e: folds
e96faec8: raises $0.2 to $0.3
e6113317: calls $0.3
Hero: folds
957e0e17: folds
*** FLOP *** [3s 2s 9c]
e96faec8: bets $0.25
e6113317: raises $0.63 to $0.88
e96faec8: folds
Uncalled bet ($0.63) returned to e6113317
*** SHOWDOWN ***
e6113317 collected $1.18 from pot
*** SUMMARY ***
Total pot $1.25 | Rake $0.07 | Jackpot $0 | Bingo $0 | Fortune $0 | Tax $0
Board [3s 2s 9c]
Seat 2: Hero (small blind) folded before Flop
Seat 3: 957e0e17 (big blind) folded before Flop
Seat 4: 1ed8881e folded before Flop (didn't bet)
Seat 5: e96faec8 folded on the Flop
Seat 6: e6113317 (button) won ($1.18)


Poker Hand #HD1762901757: Hold'em No Limit ($0.05/$0.1) - 2024/05/07 20:40:33
Table 'NLHRed16' 6-max Seat #5 is the button
Seat 2: Hero ($10.95 in chips)
Seat 3: 957e0e17 ($10.15 in chips)
Seat 4: 1ed8881e ($10 in chips)
Seat 5: e96faec8 ($17.37 in chips)
Seat 6: e6113317 ($23.82 in chips)
e6113317: posts small blind $0.05
Hero: posts big blind $0.1
*** HOLE CARDS ***
Dealt to Hero [Tc 2d]
Dealt to 957e0e17 
Dealt to 1ed8881e 
Dealt to e96faec8 
Dealt to e6113317 
957e0e17: raises $0.15 to $0.25
1ed8881e: folds
e96faec8: folds
e6113317: calls $0.2
Hero: folds
*** FLOP *** [Kd 2c Qc]
e6113317: checks
957e0e17: checks
*** TURN *** [Kd 2c Qc] [7s]
e6113317: bets $0.3
957e0e17: folds
Uncalled bet ($0.3) returned to e6113317
*** SHOWDOWN ***
e6113317 collected $0.57 from pot
*** SUMMARY ***
Total pot $0.6 | Rake $0.03 | Jackpot $0 | Bingo $0 | Fortune $0 | Tax $0
Board [Kd 2c Qc 7s]
Seat 2: Hero (big blind) folded before Flop
Seat 3: 957e0e17 folded on the Turn
Seat 4: 1ed8881e folded before Flop (didn't bet)
Seat 5: e96faec8 (button) folded before Flop (didn't bet)
Seat 6: e6113317 (small blind) won ($0.57)


Poker Hand #HD1762901715: Hold'em No Limit ($0.05/$0.1) - 2024/05/07 20:40:20
Table 'NLHRed16' 6-max Seat #4 is the button
Seat 2: Hero ($10.95 in chips)
Seat 3: 957e0e17 ($10 in chips)
Seat 4: 1ed8881e ($10 in chips)
Seat 5: e96faec8 ($17.42 in chips)
Seat 6: e6113317 ($23.92 in chips)
e96faec8: posts small blind $0.05
e6113317: posts big blind $0.1
*** HOLE CARDS ***
Dealt to Hero [Ks 7c]
Dealt to 957e0e17 
Dealt to 1ed8881e 
Dealt to e96faec8 
Dealt to e6113317 
Hero: folds
957e0e17: raises $0.15 to $0.25
1ed8881e: folds
e96faec8: folds
e6113317: folds
Uncalled bet ($0.15) returned to 957e0e17
*** SHOWDOWN ***
957e0e17 collected $0.25 from pot
*** SUMMARY ***
Total pot $0.25 | Rake $0 | Jackpot $0 | Bingo $0 | Fortune $0 | Tax $0
Seat 2: Hero folded before Flop (didn't bet)
Seat 3: 957e0e17 collected ($0.25)
Seat 4: 1ed8881e (button) folded before Flop (didn't bet)
Seat 5: e96faec8 (small blind) folded before Flop
Seat 6: e6113317 (big blind) folded before Flop


Poker Hand #HD1762901585: Hold'em No Limit ($0.05/$0.1) - 2024/05/07 20:39:34
Table 'NLHRed16' 6-max Seat #3 is the button
Seat 2: Hero ($10.68 in chips)
Seat 3: 957e0e17 ($10 in chips)
Seat 4: 1ed8881e ($10.05 in chips)
Seat 5: e96faec8 ($17.66 in chips)
Seat 6: e6113317 ($23.92 in chips)
1ed8881e: posts small blind $0.05
e96faec8: posts big blind $0.1
*** HOLE CARDS ***
Dealt to Hero [7c 7s]
Dealt to 957e0e17 
Dealt to 1ed8881e 
Dealt to e96faec8 
Dealt to e6113317 
e6113317: folds
Hero: raises $0.14 to $0.24
957e0e17: folds
1ed8881e: folds
e96faec8: calls $0.14
*** FLOP *** [Kd 9s 2d]
e96faec8: checks
Hero: checks
*** TURN *** [Kd 9s 2d] [9h]
e96faec8: checks
Hero: checks
*** RIVER *** [Kd 9s 2d 9h] [Td]
e96faec8: checks
Hero: checks
e96faec8: shows [Ac 4d] (Pair of Nines)
Hero: shows [7c 7s] (Pair of Nines and Pair of Sevens)
*** SHOWDOWN ***
Hero collected $0.51 from pot
*** SUMMARY ***
Total pot $0.53 | Rake $0.02 | Jackpot $0 | Bingo $0 | Fortune $0 | Tax $0
Board [Kd 9s 2d 9h Td]
Seat 2: Hero showed [7c 7s] and won ($0.51) with Pair of Nines and Pair of Sevens
Seat 3: 957e0e17 (button) folded before Flop (didn't bet)
Seat 4: 1ed8881e (small blind) folded before Flop
Seat 5: e96faec8 (big blind) showed [Ac 4d] and lost with Pair of Nines
Seat 6: e6113317 folded before Flop (didn't bet)


Poker Hand #HD1762901520: Hold'em No Limit ($0.05/$0.1) - 2024/05/07 20:39:11
Table 'NLHRed16' 6-max Seat #2 is the button
Seat 2: Hero ($10.53 in chips)
Seat 3: 957e0e17 ($10 in chips)
Seat 4: 1ed8881e ($10.15 in chips)
Seat 5: e96faec8 ($17.66 in chips)
Seat 6: e6113317 ($23.92 in chips)
957e0e17: posts small blind $0.05
1ed8881e: posts big blind $0.1
*** HOLE CARDS ***
Dealt to Hero [As Ts]
Dealt to 957e0e17 
Dealt to 1ed8881e 
Dealt to e96faec8 
Dealt to e6113317 
e96faec8: folds
e6113317: folds
Hero: raises $0.14 to $0.24
957e0e17: folds
1ed8881e: folds
Uncalled bet ($0.14) returned to Hero
*** SHOWDOWN ***
Hero collected $0.25 from pot
*** SUMMARY ***
Total pot $0.25 | Rake $0 | Jackpot $0 | Bingo $0 | Fortune $0 | Tax $0
Seat 2: Hero (button) collected ($0.25)
Seat 3: 957e0e17 (small blind) folded before Flop
Seat 4: 1ed8881e (big blind) folded before Flop
Seat 5: e96faec8 folded before Flop (didn't bet)
Seat 6: e6113317 folded before Flop (didn't bet)


Poker Hand #HD1762901471: Hold'em No Limit ($0.05/$0.1) - 2024/05/07 20:38:52
Table 'NLHRed16' 6-max Seat #6 is the button
Seat 2: Hero ($10.58 in chips)
Seat 3: 957e0e17 ($10 in chips)
Seat 4: 1ed8881e ($10.15 in chips)
Seat 5: e96faec8 ($17.66 in chips)
Seat 6: e6113317 ($23.77 in chips)
Hero: posts small blind $0.05
957e0e17: posts big blind $0.1
*** HOLE CARDS ***
Dealt to Hero [8d 2c]
Dealt to 957e0e17 
Dealt to 1ed8881e 
Dealt to e96faec8 
Dealt to e6113317 
1ed8881e: folds
e96faec8: folds
e6113317: raises $0.15 to $0.25
Hero: folds
957e0e17: folds
Uncalled bet ($0.15) returned to e6113317
*** SHOWDOWN ***
e6113317 collected $0.25 from pot
*** SUMMARY ***
Total pot $0.25 | Rake $0 | Jackpot $0 | Bingo $0 | Fortune $0 | Tax $0
Seat 2: Hero (small blind) folded before Flop
Seat 3: 957e0e17 (big blind) folded before Flop
Seat 4: 1ed8881e folded before Flop (didn't bet)
Seat 5: e96faec8 folded before Flop (didn't bet)
Seat 6: e6113317 (button) collected ($0.25)


Poker Hand #HD1762901419: Hold'em No Limit ($0.05/$0.1) - 2024/05/07 20:38:32
Table 'NLHRed16' 6-max Seat #5 is the button
Seat 2: Hero ($10.68 in chips)
Seat 3: 957e0e17 ($10 in chips)
Seat 4: 1ed8881e ($10 in chips)
Seat 5: e96faec8 ($17.66 in chips)
Seat 6: e6113317 ($23.82 in chips)
e6113317: posts small blind $0.05
Hero: posts big blind $0.1
*** HOLE CARDS ***
Dealt to Hero [3h Ac]
Dealt to 957e0e17 
Dealt to 1ed8881e 
Dealt to e96faec8 
Dealt to e6113317 
957e0e17: folds
1ed8881e: raises $0.1 to $0.2
e96faec8: folds
e6113317: folds
Hero: folds
Uncalled bet ($0.1) returned to 1ed8881e
*** SHOWDOWN ***
1ed8881e collected $0.25 from pot
*** SUMMARY ***
Total pot $0.25 | Rake $0 | Jackpot $0 | Bingo $0 | Fortune $0 | Tax $0
Seat 2: Hero (big blind) folded before Flop
Seat 3: 957e0e17 folded before Flop (didn't bet)
Seat 4: 1ed8881e collected ($0.25)
Seat 5: e96faec8 (button) folded before Flop (didn't bet)
Seat 6: e6113317 (small blind) folded before Flop


Poker Hand #HD1762901314: Hold'em No Limit ($0.05/$0.1) - 2024/05/07 20:37:50
Table 'NLHRed16' 6-max Seat #4 is the button
Seat 2: Hero ($10.88 in chips)
Seat 3: 957e0e17 ($10 in chips)
Seat 4: 1ed8881e ($10 in chips)
Seat 5: e96faec8 ($17.86 in chips)
Seat 6: e6113317 ($23.45 in chips)
e96faec8: posts small blind $0.05
e6113317: posts big blind $0.1
*** HOLE CARDS ***
Dealt to Hero [Jh Qs]
Dealt to 957e0e17 
Dealt to 1ed8881e 
Dealt to e96faec8 
Dealt to e6113317 
Hero: raises $0.1 to $0.2
957e0e17: folds
1ed8881e: folds
e96faec8: calls $0.15
e6113317: raises $0.65 to $0.85
Hero: folds
e96faec8: folds
Uncalled bet ($0.65) returned to e6113317
*** SHOWDOWN ***
e6113317 collected $0.57 from pot
*** SUMMARY ***
Total pot $0.6 | Rake $0.03 | Jackpot $0 | Bingo $0 | Fortune $0 | Tax $0
Seat 2: Hero folded before Flop
Seat 3: 957e0e17 folded before Flop (didn't bet)
Seat 4: 1ed8881e (button) folded before Flop (didn't bet)
Seat 5: e96faec8 (small blind) folded before Flop
Seat 6: e6113317 (big blind) collected ($0.57)


Poker Hand #HD1762901260: Hold'em No Limit ($0.05/$0.1) - 2024/05/07 20:37:27
Table 'NLHRed16' 6-max Seat #3 is the button
Seat 2: Hero ($10.88 in chips)
Seat 3: 957e0e17 ($10 in chips)
Seat 4: 1ed8881e ($10 in chips)
Seat 5: e96faec8 ($17.96 in chips)
Seat 6: e6113317 ($23.3 in chips)
1ed8881e: posts small blind $0.05
e96faec8: posts big blind $0.1
*** HOLE CARDS ***
Dealt to Hero [2h Qh]
Dealt to 957e0e17 
Dealt to 1ed8881e 
Dealt to e96faec8 
Dealt to e6113317 
e6113317: raises $0.15 to $0.25
Hero: folds
957e0e17: folds
1ed8881e: folds
e96faec8: folds
Uncalled bet ($0.15) returned to e6113317
*** SHOWDOWN ***
e6113317 collected $0.25 from pot
*** SUMMARY ***
Total pot $0.25 | Rake $0 | Jackpot $0 | Bingo $0 | Fortune $0 | Tax $0
Seat 2: Hero folded before Flop (didn't bet)
Seat 3: 957e0e17 (button) folded before Flop (didn't bet)
Seat 4: 1ed8881e (small blind) folded before Flop
Seat 5: e96faec8 (big blind) folded before Flop
Seat 6: e6113317 collected ($0.25)


Poker Hand #HD1762901212: Hold'em No Limit ($0.05/$0.1) - 2024/05/07 20:37:10
Table 'NLHRed16' 6-max Seat #2 is the button
Seat 2: Hero ($10.73 in chips)
Seat 3: 957e0e17 ($10 in chips)
Seat 4: 1ed8881e ($10 in chips)
Seat 5: e96faec8 ($17.96 in chips)
Seat 6: e6113317 ($23.3 in chips)
957e0e17: posts small blind $0.05
1ed8881e: posts big blind $0.1
*** HOLE CARDS ***
Dealt to Hero [Td Qd]
Dealt to 957e0e17 
Dealt to 1ed8881e 
Dealt to e96faec8 
Dealt to e6113317 
e96faec8: folds
e6113317: folds
Hero: raises $0.14 to $0.24
957e0e17: folds
1ed8881e: folds
Uncalled bet ($0.14) returned to Hero
*** SHOWDOWN ***
Hero collected $0.25 from pot
*** SUMMARY ***
Total pot $0.25 | Rake $0 | Jackpot $0 | Bingo $0 | Fortune $0 | Tax $0
Seat 2: Hero (button) collected ($0.25)
Seat 3: 957e0e17 (small blind) folded before Flop
Seat 4: 1ed8881e (big blind) folded before Flop
Seat 5: e96faec8 folded before Flop (didn't bet)
Seat 6: e6113317 folded before Flop (didn't bet)


Poker Hand #HD1762901186: Hold'em No Limit ($0.05/$0.1) - 2024/05/07 20:36:59
Table 'NLHRed16' 6-max Seat #1 is the button
Seat 1: a32db1e8 ($10.39 in chips)
Seat 2: Hero ($10.78 in chips)
Seat 3: 957e0e17 ($10 in chips)
Seat 5: e96faec8 ($17.81 in chips)
Seat 6: e6113317 ($23.3 in chips)
Hero: posts small blind $0.05
957e0e17: posts big blind $0.1
*** HOLE CARDS ***
Dealt to a32db1e8 
Dealt to Hero [4c 6c]
Dealt to 957e0e17 
Dealt to e96faec8 
Dealt to e6113317 
e96faec8: raises $0.2 to $0.3
e6113317: folds
a32db1e8: folds
Hero: folds
957e0e17: folds
Uncalled bet ($0.2) returned to e96faec8
*** SHOWDOWN ***
e96faec8 collected $0.25 from pot
*** SUMMARY ***
Total pot $0.25 | Rake $0 | Jackpot $0 | Bingo $0 | Fortune $0 | Tax $0
Seat 1: a32db1e8 (button) folded before Flop (didn't bet)
Seat 2: Hero (small blind) folded before Flop
Seat 3: 957e0e17 (big blind) folded before Flop
Seat 5: e96faec8 collected ($0.25)
Seat 6: e6113317 folded before Flop (didn't bet)


Poker Hand #HD1762901057: Hold'em No Limit ($0.05/$0.1) - 2024/05/07 20:36:07
Table 'NLHRed16' 6-max Seat #6 is the button
Seat 1: a32db1e8 ($10 in chips)
Seat 2: Hero ($10.88 in chips)
Seat 3: 957e0e17 ($10 in chips)
Seat 5: e96faec8 ($17.91 in chips)
Seat 6: e6113317 ($23.52 in chips)
a32db1e8: posts small blind $0.05
Hero: posts big blind $0.1
*** HOLE CARDS ***
Dealt to a32db1e8 
Dealt to Hero [Tc Qc]
Dealt to 957e0e17 
Dealt to e96faec8 
Dealt to e6113317 
957e0e17: folds
e96faec8: calls $0.1
e6113317: raises $0.12 to $0.22
a32db1e8: raises $1.07 to $1.29
Hero: folds
e96faec8: folds
e6113317: folds
Uncalled bet ($1.07) returned to a32db1e8
*** SHOWDOWN ***
a32db1e8 collected $0.61 from pot
*** SUMMARY ***
Total pot $0.64 | Rake $0.03 | Jackpot $0 | Bingo $0 | Fortune $0 | Tax $0
Seat 1: a32db1e8 (small blind) collected ($0.61)
Seat 2: Hero (big blind) folded before Flop
Seat 3: 957e0e17 folded before Flop (didn't bet)
Seat 5: e96faec8 folded before Flop
Seat 6: e6113317 (button) folded before Flop


Poker Hand #HD1762900075: Hold'em No Limit ($0.05/$0.1) - 2024/05/07 20:29:44
Table 'NLHRed16' 6-max Seat #3 is the button
Seat 1: a32db1e8 ($10 in chips)
Seat 2: Hero ($10.88 in chips)
Seat 3: 957e0e17 ($10.1 in chips)
Seat 4: fdcda1ee ($2.98 in chips)
Seat 5: e96faec8 ($17.59 in chips)
Seat 6: e6113317 ($20.29 in chips)
fdcda1ee: posts small blind $0.05
e96faec8: posts big blind $0.1
*** HOLE CARDS ***
Dealt to a32db1e8 
Dealt to Hero [4s 5d]
Dealt to 957e0e17 
Dealt to fdcda1ee 
Dealt to e96faec8 
Dealt to e6113317 
e6113317: folds
a32db1e8: folds
Hero: folds
957e0e17: folds
fdcda1ee: calls $0.05
e96faec8: checks
*** FLOP *** [4h Kd Ts]
fdcda1ee: checks
e96faec8: checks
*** TURN *** [4h Kd Ts] [Ks]
fdcda1ee: checks
e96faec8: checks
*** RIVER *** [4h Kd Ts Ks] [6c]
fdcda1ee: checks
e96faec8: checks
fdcda1ee: shows [3c 9c] (Pair of Kings)
e96faec8: shows [Qh 7s] (Pair of Kings)
*** SHOWDOWN ***
e96faec8 collected $0.19 from pot
*** SUMMARY ***
Total pot $0.2 | Rake $0.01 | Jackpot $0 | Bingo $0 | Fortune $0 | Tax $0
Board [4h Kd Ts Ks 6c]
Seat 1: a32db1e8 folded before Flop (didn't bet)
Seat 2: Hero folded before Flop (didn't bet)
Seat 3: 957e0e17 (button) folded before Flop (didn't bet)
Seat 4: fdcda1ee (small blind) showed [3c 9c] and lost with Pair of Kings
Seat 5: e96faec8 (big blind) showed [Qh 7s] and won ($0.19) with Pair of Kings
Seat 6: e6113317 folded before Flop (didn't bet)


Poker Hand #HD1762899878: Hold'em No Limit ($0.05/$0.1) - 2024/05/07 20:28:32
Table 'NLHRed16' 6-max Seat #2 is the button
Seat 1: a32db1e8 ($10 in chips)
Seat 2: Hero ($10.88 in chips)
Seat 3: 957e0e17 ($10.15 in chips)
Seat 4: fdcda1ee ($2 in chips)
Seat 5: e96faec8 ($17.59 in chips)
Seat 6: e6113317 ($21.32 in chips)
957e0e17: posts small blind $0.05
fdcda1ee: posts big blind $0.1
*** HOLE CARDS ***
Dealt to a32db1e8 
Dealt to Hero [Qd 5h]
Dealt to 957e0e17 
Dealt to fdcda1ee 
Dealt to e96faec8 
Dealt to e6113317 
e96faec8: folds
e6113317: raises $0.15 to $0.25
a32db1e8: folds
Hero: folds
957e0e17: folds
fdcda1ee: calls $0.15
*** FLOP *** [2c 5c 3s]
fdcda1ee: checks
e6113317: bets $0.28
fdcda1ee: calls $0.28
*** TURN *** [2c 5c 3s] [9c]
fdcda1ee: checks
e6113317: checks
*** RIVER *** [2c 5c 3s 9c] [Jd]
fdcda1ee: bets $0.5
e6113317: calls $0.5
fdcda1ee: shows [As Jc] (Pair of Jacks)
e6113317: shows [6h 6s] (Pair of Sixes)
*** SHOWDOWN ***
fdcda1ee collected $2.01 from pot
*** SUMMARY ***
Total pot $2.11 | Rake $0.1 | Jackpot $0 | Bingo $0 | Fortune $0 | Tax $0
Board [2c 5c 3s 9c Jd]
Seat 1: a32db1e8 folded before Flop (didn't bet)
Seat 2: Hero (button) folded before Flop (didn't bet)
Seat 3: 957e0e17 (small blind) folded before Flop
Seat 4: fdcda1ee (big blind) showed [As Jc] and won ($2.01) with Pair of Jacks
Seat 5: e96faec8 folded before Flop (didn't bet)
Seat 6: e6113317 showed [6h 6s] and lost with Pair of Sixes


Poker Hand #HD1762899703: Hold'em No Limit ($0.05/$0.1) - 2024/05/07 20:27:23
Table 'NLHRed16' 6-max Seat #1 is the button
Seat 1: a32db1e8 ($10.19 in chips)
Seat 2: Hero ($10 in chips)
Seat 3: 957e0e17 ($10.25 in chips)
Seat 4: fdcda1ee ($2 in chips)
Seat 5: e96faec8 ($17.59 in chips)
Seat 6: e6113317 ($21.32 in chips)
Hero: posts small blind $0.05
957e0e17: posts big blind $0.1
a32db1e8: straddle $0.2
*** HOLE CARDS ***
Dealt to a32db1e8 
Dealt to Hero [Ac Kd]
Dealt to 957e0e17 
Dealt to fdcda1ee 
Dealt to e96faec8 
Dealt to e6113317 
Hero: raises $0.3 to $0.5
957e0e17: folds
fdcda1ee: folds
e96faec8: folds
e6113317: folds
a32db1e8: calls $0.3
*** FLOP *** [Kc Qd 2s]
Hero: bets $0.37
a32db1e8: calls $0.37
*** TURN *** [Kc Qd 2s] [5d]
Hero: bets $1.22
a32db1e8: folds
Uncalled bet ($1.22) returned to Hero
*** SHOWDOWN ***
Hero collected $1.75 from pot
*** SUMMARY ***
Total pot $1.84 | Rake $0.09 | Jackpot $0 | Bingo $0 | Fortune $0 | Tax $0
Board [Kc Qd 2s 5d]
Seat 1: a32db1e8 (button) folded on the Turn
Seat 2: Hero (small blind) won ($1.75)
Seat 3: 957e0e17 (big blind) folded before Flop
Seat 4: fdcda1ee folded before Flop (didn't bet)
Seat 5: e96faec8 folded before Flop (didn't bet)
Seat 6: e6113317 folded before Flop (didn't bet)


Poker Hand #HD1762899585: Hold'em No Limit ($0.05/$0.1) - 2024/05/07 20:26:36
Table 'NLHRed16' 6-max Seat #6 is the button
Seat 1: a32db1e8 ($10 in chips)
Seat 2: Hero ($10 in chips)
Seat 3: 957e0e17 ($10.25 in chips)
Seat 4: fdcda1ee ($2 in chips)
Seat 5: e96faec8 ($17.69 in chips)
Seat 6: e6113317 ($21.32 in chips)
a32db1e8: posts small blind $0.05
Hero: posts big blind $0.1
*** HOLE CARDS ***
Dealt to a32db1e8 
Dealt to Hero [2s Kh]
Dealt to 957e0e17 
Dealt to fdcda1ee 
Dealt to e96faec8 
Dealt to e6113317 
957e0e17: folds
fdcda1ee: folds
e96faec8: calls $0.1
e6113317: folds
a32db1e8: calls $0.05
Hero: checks
*** FLOP *** [9s 8d Js]
a32db1e8: bets $0.24
Hero: folds
e96faec8: folds
Uncalled bet ($0.24) returned to a32db1e8
*** SHOWDOWN ***
a32db1e8 collected $0.29 from pot
*** SUMMARY ***
Total pot $0.3 | Rake $0.01 | Jackpot $0 | Bingo $0 | Fortune $0 | Tax $0
Board [9s 8d Js]
Seat 1: a32db1e8 (small blind) won ($0.29)
Seat 2: Hero (big blind) folded on the Flop
Seat 3: 957e0e17 folded before Flop (didn't bet)
Seat 4: fdcda1ee folded before Flop (didn't bet)
Seat 5: e96faec8 folded on the Flop
Seat 6: e6113317 (button) folded before Flop (didn't bet)


Poker Hand #HD1762899534: Hold'em No Limit ($0.05/$0.1) - 2024/05/07 20:26:18
Table 'NLHRed16' 6-max Seat #5 is the button
Seat 1: a32db1e8 ($10 in chips)
Seat 2: Hero ($10 in chips)
Seat 3: 957e0e17 ($10.1 in chips)
Seat 5: e96faec8 ($17.69 in chips)
Seat 6: e6113317 ($21.37 in chips)
e6113317: posts small blind $0.05
a32db1e8: posts big blind $0.1
*** HOLE CARDS ***
Dealt to a32db1e8 
Dealt to Hero [4c 4h]
Dealt to 957e0e17 
Dealt to e96faec8 
Dealt to e6113317 
Hero: folds
957e0e17: raises $0.15 to $0.25
e96faec8: folds
e6113317: folds
a32db1e8: folds
Uncalled bet ($0.15) returned to 957e0e17
*** SHOWDOWN ***
957e0e17 collected $0.25 from pot
*** SUMMARY ***
Total pot $0.25 | Rake $0 | Jackpot $0 | Bingo $0 | Fortune $0 | Tax $0
Seat 1: a32db1e8 (big blind) folded before Flop
Seat 2: Hero folded before Flop (didn't bet)
Seat 3: 957e0e17 collected ($0.25)
Seat 5: e96faec8 (button) folded before Flop (didn't bet)
Seat 6: e6113317 (small blind) folded before Flop


Poker Hand #HD1762899375: Hold'em No Limit ($0.05/$0.1) - 2024/05/07 20:25:17
Table 'NLHRed16' 6-max Seat #3 is the button
Seat 1: a32db1e8 ($10 in chips)
Seat 2: Hero ($10 in chips)
Seat 3: 957e0e17 ($10.1 in chips)
Seat 4: fdcda1ee ($1.69 in chips)
Seat 5: e96faec8 ($16.07 in chips)
Seat 6: e6113317 ($21.62 in chips)
fdcda1ee: posts small blind $0.05
e96faec8: posts big blind $0.1
*** HOLE CARDS ***
Dealt to a32db1e8 
Dealt to Hero [8s 6h]
Dealt to 957e0e17 
Dealt to fdcda1ee 
Dealt to e96faec8 
Dealt to e6113317 
e6113317: raises $0.15 to $0.25
a32db1e8: folds
Hero: folds
957e0e17: folds
fdcda1ee: calls $0.2
e96faec8: raises $0.57 to $0.82
e6113317: folds
fdcda1ee: calls $0.57
*** FLOP *** [4s 2h Kc]
fdcda1ee: checks
e96faec8: checks
*** TURN *** [4s 2h Kc] [4h]
fdcda1ee: checks
e96faec8: checks
*** RIVER *** [4s 2h Kc 4h] [9c]
fdcda1ee: checks
e96faec8: bets $0.86
fdcda1ee: calls $0.86
e96faec8: shows [Ks Kh] (Kings Full over Fours)
fdcda1ee: shows [Ac Jd] (Pair of Fours)
*** SHOWDOWN ***
e96faec8 collected $3.3 from pot
*** SUMMARY ***
Total pot $3.61 | Rake $0.21 | Jackpot $0.1 | Bingo $0 | Fortune $0 | Tax $0
Board [4s 2h Kc 4h 9c]
Seat 1: a32db1e8 folded before Flop (didn't bet)
Seat 2: Hero folded before Flop (didn't bet)
Seat 3: 957e0e17 (button) folded before Flop (didn't bet)
Seat 4: fdcda1ee (small blind) showed [Ac Jd] and lost with Pair of Fours
Seat 5: e96faec8 (big blind) showed [Ks Kh] and won ($3.3) with Kings Full over Fours
Seat 6: e6113317 folded before Flop


Poker Hand #HD1762899344: Hold'em No Limit ($0.05/$0.1) - 2024/05/07 20:25:04
Table 'NLHRed16' 6-max Seat #2 is the button
Seat 1: a32db1e8 ($10 in chips)
Seat 2: Hero ($10 in chips)
Seat 3: 957e0e17 ($10 in chips)
Seat 4: fdcda1ee ($1.79 in chips)
Seat 5: e96faec8 ($16.07 in chips)
Seat 6: e6113317 ($21.62 in chips)
957e0e17: posts small blind $0.05
fdcda1ee: posts big blind $0.1
*** HOLE CARDS ***
Dealt to a32db1e8 
Dealt to Hero [5c 9s]
Dealt to 957e0e17 
Dealt to fdcda1ee 
Dealt to e96faec8 
Dealt to e6113317 
e96faec8: folds
e6113317: folds
a32db1e8: folds
Hero: folds
957e0e17: raises $0.15 to $0.25
fdcda1ee: folds
Uncalled bet ($0.15) returned to 957e0e17
*** SHOWDOWN ***
957e0e17 collected $0.2 from pot
*** SUMMARY ***
Total pot $0.2 | Rake $0 | Jackpot $0 | Bingo $0 | Fortune $0 | Tax $0
Seat 1: a32db1e8 folded before Flop (didn't bet)
Seat 2: Hero (button) folded before Flop (didn't bet)
Seat 3: 957e0e17 (small blind) collected ($0.2)
Seat 4: fdcda1ee (big blind) folded before Flop
Seat 5: e96faec8 folded before Flop (didn't bet)
Seat 6: e6113317 folded before Flop (didn't bet)


Poker Hand #HD1762899200: Hold'em No Limit ($0.05/$0.1) - 2024/05/07 20:24:10
Table 'NLHRed16' 6-max Seat #1 is the button
Seat 1: a32db1e8 ($10.38 in chips)
Seat 2: Hero ($10 in chips)
Seat 3: 957e0e17 ($10 in chips)
Seat 4: fdcda1ee ($1.79 in chips)
Seat 5: e96faec8 ($16.79 in chips)
Seat 6: e6113317 ($19.24 in chips)
Hero: posts small blind $0.05
957e0e17: posts big blind $0.1
*** HOLE CARDS ***
Dealt to a32db1e8 
Dealt to Hero [Jh 3d]
Dealt to 957e0e17 
Dealt to fdcda1ee 
Dealt to e96faec8 
Dealt to e6113317 
fdcda1ee: folds
e96faec8: raises $0.1 to $0.2
e6113317: raises $0.52 to $0.72
a32db1e8: calls $0.72
Hero: folds
957e0e17: folds
e96faec8: calls $0.52
*** FLOP *** [2c 5h 2d]
e96faec8: checks
e6113317: bets $1.16
a32db1e8: calls $1.16
e96faec8: folds
*** TURN *** [2c 5h 2d] [4c]
e6113317: bets $17.36 and is all-in
a32db1e8: folds
Uncalled bet ($17.36) returned to e6113317
e96faec8: shows [Tc Jc] (Pair of Twos)
*** SHOWDOWN ***
e6113317 collected $4.26 from pot
*** SUMMARY ***
Total pot $4.63 | Rake $0.27 | Jackpot $0.1 | Bingo $0 | Fortune $0 | Tax $0
Board [2c 5h 2d 4c]
Seat 1: a32db1e8 (button) folded on the Turn
Seat 2: Hero (small blind) folded before Flop
Seat 3: 957e0e17 (big blind) folded before Flop
Seat 4: fdcda1ee folded before Flop (didn't bet)
Seat 5: e96faec8 folded on the Flop
Seat 6: e6113317 won ($4.26)


Poker Hand #HD1762899135: Hold'em No Limit ($0.05/$0.1) - 2024/05/07 20:23:44
Table 'NLHRed16' 6-max Seat #6 is the button
Seat 1: a32db1e8 ($10.05 in chips)
Seat 2: Hero ($10 in chips)
Seat 3: 957e0e17 ($10 in chips)
Seat 4: fdcda1ee ($1.89 in chips)
Seat 5: e96faec8 ($16.94 in chips)
Seat 6: e6113317 ($19.24 in chips)
a32db1e8: posts small blind $0.05
Hero: posts big blind $0.1
e96faec8: posts big blind $0.1
e96faec8: posts missed blind $0.05
*** HOLE CARDS ***
Dealt to a32db1e8 
Dealt to Hero [8h Js]
Dealt to 957e0e17 
Dealt to fdcda1ee 
Dealt to e96faec8 
Dealt to e6113317 
957e0e17: folds
fdcda1ee: calls $0.1
e96faec8: checks
e6113317: folds
a32db1e8: raises $1.01 to $1.11
Hero: folds
fdcda1ee: folds
e96faec8: folds
Uncalled bet ($1.01) returned to a32db1e8
e96faec8: shows [Td 6s]
*** SHOWDOWN ***
a32db1e8 collected $0.43 from pot
*** SUMMARY ***
Total pot $0.45 | Rake $0.02 | Jackpot $0 | Bingo $0 | Fortune $0 | Tax $0
Seat 1: a32db1e8 (small blind) collected ($0.43)
Seat 2: Hero (big blind) folded before Flop
Seat 3: 957e0e17 folded before Flop (didn't bet)
Seat 4: fdcda1ee folded before Flop
Seat 5: e96faec8 folded before Flop
Seat 6: e6113317 (button) folded before Flop (didn't bet)


Poker Hand #HD1762899097: Hold'em No Limit ($0.05/$0.1) - 2024/05/07 20:23:27
Table 'NLHRed16' 6-max Seat #4 is the button
Seat 1: a32db1e8 ($10.15 in chips)
Seat 2: Hero ($10 in chips)
Seat 3: 957e0e17 ($10 in chips)
Seat 4: fdcda1ee ($1.89 in chips)
Seat 6: e6113317 ($19.14 in chips)
e6113317: posts small blind $0.05
a32db1e8: posts big blind $0.1
*** HOLE CARDS ***
Dealt to a32db1e8 
Dealt to Hero [2c 4h]
Dealt to 957e0e17 
Dealt to fdcda1ee 
Dealt to e6113317 
Hero: folds
957e0e17: folds
fdcda1ee: folds
e6113317: raises $0.15 to $0.25
a32db1e8: folds
Uncalled bet ($0.15) returned to e6113317
*** SHOWDOWN ***
e6113317 collected $0.2 from pot
*** SUMMARY ***
Total pot $0.2 | Rake $0 | Jackpot $0 | Bingo $0 | Fortune $0 | Tax $0
Seat 1: a32db1e8 (big blind) folded before Flop
Seat 2: Hero folded before Flop (didn't bet)
Seat 3: 957e0e17 folded before Flop (didn't bet)
Seat 4: fdcda1ee (button) folded before Flop (didn't bet)
Seat 6: e6113317 (small blind) collected ($0.2)


Poker Hand #HD1762898924: Hold'em No Limit ($0.05/$0.1) - 2024/05/07 20:22:19
Table 'NLHRed16' 6-max Seat #3 is the button
Seat 1: a32db1e8 ($10.15 in chips)
Seat 2: Hero ($10 in chips)
Seat 3: 957e0e17 ($10 in chips)
Seat 4: fdcda1ee ($1.44 in chips)
Seat 6: e6113317 ($19.38 in chips)
fdcda1ee: posts small blind $0.05
e6113317: posts big blind $0.1
*** HOLE CARDS ***
Dealt to a32db1e8 
Dealt to Hero [3h 3s]
Dealt to 957e0e17 
Dealt to fdcda1ee 
Dealt to e6113317 
a32db1e8: folds
Hero: raises $0.14 to $0.24
957e0e17: folds
fdcda1ee: calls $0.19
e6113317: calls $0.14
*** FLOP *** [4h Td Ts]
fdcda1ee: checks
e6113317: checks
Hero: checks
*** TURN *** [4h Td Ts] [7c]
fdcda1ee: bets $1.2 and is all-in
e6113317: folds
Hero: folds
Uncalled bet ($1.2) returned to fdcda1ee
fdcda1ee: shows [7s Ac] (Pair of Tens and Pair of Sevens)
*** SHOWDOWN ***
fdcda1ee collected $0.69 from pot
*** SUMMARY ***
Total pot $0.72 | Rake $0.03 | Jackpot $0 | Bingo $0 | Fortune $0 | Tax $0
Board [4h Td Ts 7c]
Seat 1: a32db1e8 folded before Flop (didn't bet)
Seat 2: Hero folded on the Turn
Seat 3: 957e0e17 (button) folded before Flop (didn't bet)
Seat 4: fdcda1ee (small blind) showed [7s Ac] and won ($0.69)
Seat 6: e6113317 (big blind) folded on the Turn


Poker Hand #HD1762898833: Hold'em No Limit ($0.05/$0.1) - 2024/05/07 20:21:36
Table 'NLHRed16' 6-max Seat #2 is the button
Seat 1: a32db1e8 ($10 in chips)
Seat 2: Hero ($10 in chips)
Seat 3: 957e0e17 ($10.05 in chips)
Seat 4: fdcda1ee ($1.54 in chips)
Seat 5: e96faec8 ($16.94 in chips)
Seat 6: e6113317 ($19.38 in chips)
957e0e17: posts small blind $0.05
fdcda1ee: posts big blind $0.1
a32db1e8: straddle $0.2
*** HOLE CARDS ***
Dealt to a32db1e8 
Dealt to Hero [9s Kc]
Dealt to 957e0e17 
Dealt to fdcda1ee 
Dealt to e96faec8 
Dealt to e6113317 
Hero: folds
957e0e17: folds
fdcda1ee: folds
e96faec8: folds
e6113317: folds
Uncalled bet ($0.1) returned to a32db1e8
*** SHOWDOWN ***
a32db1e8 collected $0.25 from pot
*** SUMMARY ***
Total pot $0.25 | Rake $0 | Jackpot $0 | Bingo $0 | Fortune $0 | Tax $0
Seat 1: a32db1e8 collected ($0.25)
Seat 2: Hero (button) folded before Flop (didn't bet)
Seat 3: 957e0e17 (small blind) folded before Flop
Seat 4: fdcda1ee (big blind) folded before Flop
Seat 5: e96faec8 folded before Flop (didn't bet)
Seat 6: e6113317 folded before Flop (didn't bet)


Poker Hand #HD1762898475: Hold'em No Limit ($0.05/$0.1) - 2024/05/07 20:19:19
Table 'NLHRed16' 6-max Seat #1 is the button
Seat 1: a32db1e8 ($10 in chips)
Seat 2: Hero ($10 in chips)
Seat 3: 957e0e17 ($10.15 in chips)
Seat 4: fdcda1ee ($11.82 in chips)
Seat 6: e6113317 ($10.28 in chips)
Hero: posts small blind $0.05
957e0e17: posts big blind $0.1
*** HOLE CARDS ***
Dealt to a32db1e8 
Dealt to Hero [6s 9h]
Dealt to 957e0e17 
Dealt to fdcda1ee 
Dealt to e6113317 
fdcda1ee: calls $0.1
e6113317: raises $0.18 to $0.28
a32db1e8: folds
Hero: folds
957e0e17: folds
fdcda1ee: calls $0.18
*** FLOP *** [Qd Jh Ad]
fdcda1ee: checks
e6113317: bets $0.24
fdcda1ee: calls $0.24
*** TURN *** [Qd Jh Ad] [8d]
fdcda1ee: bets $0.8
e6113317: calls $0.8
*** RIVER *** [Qd Jh Ad 8d] [6h]
fdcda1ee: checks
e6113317: bets $8.96 and is all-in
fdcda1ee: calls $8.96
e6113317: shows [Kd Jd] (Ace High Flush)
fdcda1ee: shows [3d 5d] (Ace High Flush)
*** SHOWDOWN ***
e6113317 collected $19.38 from pot
*** SUMMARY ***
Total pot $20.71 | Rake $1.23 | Jackpot $0.1 | Bingo $0 | Fortune $0 | Tax $0
Board [Qd Jh Ad 8d 6h]
Seat 1: a32db1e8 (button) folded before Flop (didn't bet)
Seat 2: Hero (small blind) folded before Flop
Seat 3: 957e0e17 (big blind) folded before Flop
Seat 4: fdcda1ee showed [3d 5d] and lost with Ace High Flush
Seat 6: e6113317 showed [Kd Jd] and won ($19.38) with Ace High Flush


Poker Hand #HD1762898404: Hold'em No Limit ($0.05/$0.1) - 2024/05/07 20:18:49
Table 'NLHRed16' 6-max Seat #6 is the button
Seat 1: a32db1e8 ($10 in chips)
Seat 2: Hero ($10 in chips)
Seat 3: 957e0e17 ($10 in chips)
Seat 4: fdcda1ee ($11.82 in chips)
Seat 5: e96faec8 ($16.94 in chips)
Seat 6: e6113317 ($10.28 in chips)
a32db1e8: posts small blind $0.05
Hero: posts big blind $0.1
*** HOLE CARDS ***
Dealt to a32db1e8 
Dealt to Hero [9c 4h]
Dealt to 957e0e17 
Dealt to fdcda1ee 
Dealt to e96faec8 
Dealt to e6113317 
957e0e17: raises $0.15 to $0.25
fdcda1ee: folds
e96faec8: folds
e6113317: folds
a32db1e8: folds
Hero: folds
Uncalled bet ($0.15) returned to 957e0e17
*** SHOWDOWN ***
957e0e17 collected $0.25 from pot
*** SUMMARY ***
Total pot $0.25 | Rake $0 | Jackpot $0 | Bingo $0 | Fortune $0 | Tax $0
Seat 1: a32db1e8 (small blind) folded before Flop
Seat 2: Hero (big blind) folded before Flop
Seat 3: 957e0e17 collected ($0.25)
Seat 4: fdcda1ee folded before Flop (didn't bet)
Seat 5: e96faec8 folded before Flop (didn't bet)
Seat 6: e6113317 (button) folded before Flop (didn't bet)


Poker Hand #HD1762898146: Hold'em No Limit ($0.05/$0.1) - 2024/05/07 20:17:12
Table 'NLHRed16' 6-max Seat #5 is the button
Seat 1: a32db1e8 ($10.23 in chips)
Seat 2: Hero ($10 in chips)
Seat 3: 957e0e17 ($10 in chips)
Seat 4: fdcda1ee ($11.82 in chips)
Seat 5: e96faec8 ($16.26 in chips)
Seat 6: e6113317 ($10.78 in chips)
e6113317: posts small blind $0.05
a32db1e8: posts big blind $0.1
*** HOLE CARDS ***
Dealt to a32db1e8 
Dealt to Hero [Jh 7s]
Dealt to 957e0e17 
Dealt to fdcda1ee 
Dealt to e96faec8 
Dealt to e6113317 
Hero: folds
957e0e17: folds
fdcda1ee: folds
e96faec8: calls $0.1
e6113317: raises $0.15 to $0.25
a32db1e8: calls $0.15
e96faec8: calls $0.15
*** FLOP *** [Th Td 4s]
e6113317: checks
a32db1e8: checks
e96faec8: checks
*** TURN *** [Th Td 4s] [2c]
e6113317: checks
a32db1e8: checks
e96faec8: bets $0.25
e6113317: calls $0.25
a32db1e8: folds
*** RIVER *** [Th Td 4s 2c] [3d]
e6113317: checks
e96faec8: bets $0.63
e6113317: folds
Uncalled bet ($0.63) returned to e96faec8
e96faec8: shows [Ts] (Three Tens)
*** SHOWDOWN ***
e96faec8 collected $1.18 from pot
*** SUMMARY ***
Total pot $1.25 | Rake $0.07 | Jackpot $0 | Bingo $0 | Fortune $0 | Tax $0
Board [Th Td 4s 2c 3d]
Seat 1: a32db1e8 (big blind) folded on the Turn
Seat 2: Hero folded before Flop (didn't bet)
Seat 3: 957e0e17 folded before Flop (didn't bet)
Seat 4: fdcda1ee folded before Flop (didn't bet)
Seat 5: e96faec8 (button) showed [Ts] and won ($1.18)
Seat 6: e6113317 (small blind) folded on the River


Poker Hand #HD1762898047: Hold'em No Limit ($0.05/$0.1) - 2024/05/07 20:16:30
Table 'NLHRed16' 6-max Seat #4 is the button
Seat 1: a32db1e8 ($10 in chips)
Seat 2: Hero ($10 in chips)
Seat 3: 957e0e17 ($10 in chips)
Seat 4: fdcda1ee ($11.82 in chips)
Seat 5: e96faec8 ($16.31 in chips)
Seat 6: e6113317 ($10.98 in chips)
e96faec8: posts small blind $0.05
e6113317: posts big blind $0.1
a32db1e8: straddle $0.2
*** HOLE CARDS ***
Dealt to a32db1e8 
Dealt to Hero [Jc 3d]
Dealt to 957e0e17 
Dealt to fdcda1ee 
Dealt to e96faec8 
Dealt to e6113317 
Hero: folds
957e0e17: folds
fdcda1ee: folds
e96faec8: folds
e6113317: calls $0.1
a32db1e8: raises $0.61 to $0.81
e6113317: folds
Uncalled bet ($0.61) returned to a32db1e8
fdcda1ee: shows [Jd]
*** SHOWDOWN ***
a32db1e8 collected $0.43 from pot
*** SUMMARY ***
Total pot $0.45 | Rake $0.02 | Jackpot $0 | Bingo $0 | Fortune $0 | Tax $0
Seat 1: a32db1e8 collected ($0.43)
Seat 2: Hero folded before Flop (didn't bet)
Seat 3: 957e0e17 folded before Flop (didn't bet)
Seat 4: fdcda1ee (button) folded before Flop (didn't bet)
Seat 5: e96faec8 (small blind) folded before Flop
Seat 6: e6113317 (big blind) folded before Flop


Poker Hand #HD1762897839: Hold'em No Limit ($0.05/$0.1) - 2024/05/07 20:15:01
Table 'NLHRed16' 6-max Seat #3 is the button
Seat 1: a32db1e8 ($10 in chips)
Seat 2: Hero ($10 in chips)
Seat 3: 957e0e17 ($10 in chips)
Seat 4: fdcda1ee ($11.87 in chips)
Seat 5: e96faec8 ($16.51 in chips)
Seat 6: e6113317 ($10.56 in chips)
fdcda1ee: posts small blind $0.05
e96faec8: posts big blind $0.1
a32db1e8: straddle $0.2
*** HOLE CARDS ***
Dealt to a32db1e8 
Dealt to Hero [5h 7d]
Dealt to 957e0e17 
Dealt to fdcda1ee 
Dealt to e96faec8 
Dealt to e6113317 
Hero: folds
957e0e17: folds
fdcda1ee: folds
e96faec8: calls $0.1
e6113317: calls $0.2
a32db1e8: checks
*** FLOP *** [Qc Qs Kd]
e96faec8: checks
e6113317: checks
a32db1e8: checks
*** TURN *** [Qc Qs Kd] [Jc]
e96faec8: checks
e6113317: bets $0.33
a32db1e8: folds
e96faec8: folds
Uncalled bet ($0.33) returned to e6113317
*** SHOWDOWN ***
e6113317 collected $0.62 from pot
*** SUMMARY ***
Total pot $0.65 | Rake $0.03 | Jackpot $0 | Bingo $0 | Fortune $0 | Tax $0
Board [Qc Qs Kd Jc]
Seat 1: a32db1e8 folded on the Turn
Seat 2: Hero folded before Flop (didn't bet)
Seat 3: 957e0e17 (button) folded before Flop (didn't bet)
Seat 4: fdcda1ee (small blind) folded before Flop
Seat 5: e96faec8 (big blind) folded on the Turn
Seat 6: e6113317 won ($0.62)


Poker Hand #HD1762897594: Hold'em No Limit ($0.05/$0.1) - 2024/05/07 20:13:19
Table 'NLHRed16' 6-max Seat #2 is the button
Seat 1: a32db1e8 ($10 in chips)
Seat 2: Hero ($10 in chips)
Seat 3: 957e0e17 ($10 in chips)
Seat 4: fdcda1ee ($6.27 in chips)
Seat 5: e96faec8 ($16.51 in chips)
Seat 6: e6113317 ($10.56 in chips)
957e0e17: posts small blind $0.05
fdcda1ee: posts big blind $0.1
a32db1e8: straddle $0.2
fdcda1ee: straddle $0.4
fdcda1ee: straddle $0.8
*** HOLE CARDS ***
Dealt to a32db1e8 
Dealt to Hero [Jd 3h]
Dealt to 957e0e17 
Dealt to fdcda1ee 
Dealt to e96faec8 
Dealt to e6113317 
e96faec8: folds
e6113317: folds
a32db1e8: raises $1.28 to $2.08
Hero: folds
957e0e17: folds
fdcda1ee: calls $1.28
*** FLOP *** [8d Jc 2h]
fdcda1ee: checks
a32db1e8: bets $5.69
fdcda1ee: calls $4.19 and is all-in
Uncalled bet ($1.5) returned to a32db1e8
a32db1e8: shows [Ah 7d] (Ace-High)
fdcda1ee: shows [9s 8s] (Pair of Eights)
*** TURN *** [8d Jc 2h] [6c]
*** RIVER *** [8d Jc 2h 6c] [5s]
*** SHOWDOWN ***
fdcda1ee collected $11.87 from pot
*** SUMMARY ***
Total pot $12.59 | Rake $0.62 | Jackpot $0.1 | Bingo $0 | Fortune $0 | Tax $0
Board [8d Jc 2h 6c 5s]
Seat 1: a32db1e8 showed [Ah 7d] and lost with Ace-High
Seat 2: Hero (button) folded before Flop (didn't bet)
Seat 3: 957e0e17 (small blind) folded before Flop
Seat 4: fdcda1ee (big blind) showed [9s 8s] and won ($11.87) with Pair of Eights
Seat 5: e96faec8 folded before Flop (didn't bet)
Seat 6: e6113317 folded before Flop (didn't bet)


Poker Hand #HD1762897513: Hold'em No Limit ($0.05/$0.1) - 2024/05/07 20:12:45
Table 'NLHRed16' 6-max Seat #6 is the button
Seat 2: Hero ($10 in chips)
Seat 3: 957e0e17 ($10 in chips)
Seat 4: fdcda1ee ($6.27 in chips)
Seat 5: e96faec8 ($16.37 in chips)
Seat 6: e6113317 ($10.56 in chips)
Hero: posts small blind $0.05
957e0e17: posts big blind $0.1
*** HOLE CARDS ***
Dealt to Hero [7s 5d]
Dealt to 957e0e17 
Dealt to fdcda1ee 
Dealt to e96faec8 
Dealt to e6113317 
fdcda1ee: folds
e96faec8: calls $0.1
e6113317: folds
Hero: folds
957e0e17: checks
*** FLOP *** [9c 6d 3d]
957e0e17: checks
e96faec8: bets $0.13
957e0e17: folds
Uncalled bet ($0.13) returned to e96faec8
*** SHOWDOWN ***
e96faec8 collected $0.24 from pot
*** SUMMARY ***
Total pot $0.25 | Rake $0.01 | Jackpot $0 | Bingo $0 | Fortune $0 | Tax $0
Board [9c 6d 3d]
Seat 2: Hero (small blind) folded before Flop
Seat 3: 957e0e17 (big blind) folded on the Flop
Seat 4: fdcda1ee folded before Flop (didn't bet)
Seat 5: e96faec8 won ($0.24)
Seat 6: e6113317 (button) folded before Flop (didn't bet)


Poker Hand #HD1762897473: Hold'em No Limit ($0.05/$0.1) - 2024/05/07 20:12:27
Table 'NLHRed16' 6-max Seat #5 is the button
Seat 1: 8c653f56 ($10.65 in chips)
Seat 2: Hero ($10 in chips)
Seat 3: 957e0e17 ($10 in chips)
Seat 4: fdcda1ee ($6.27 in chips)
Seat 5: e96faec8 ($16.37 in chips)
Seat 6: e6113317 ($10.61 in chips)
e6113317: posts small blind $0.05
8c653f56: posts big blind $0.1
*** HOLE CARDS ***
Dealt to 8c653f56 
Dealt to Hero [2d 7d]
Dealt to 957e0e17 
Dealt to fdcda1ee 
Dealt to e96faec8 
Dealt to e6113317 
Hero: folds
957e0e17: folds
fdcda1ee: folds
e96faec8: folds
e6113317: folds
Uncalled bet ($0.05) returned to 8c653f56
*** SHOWDOWN ***
8c653f56 collected $0.1 from pot
*** SUMMARY ***
Total pot $0.1 | Rake $0 | Jackpot $0 | Bingo $0 | Fortune $0 | Tax $0
Seat 1: 8c653f56 (big blind) collected ($0.1)
Seat 2: Hero folded before Flop (didn't bet)
Seat 3: 957e0e17 folded before Flop (didn't bet)
Seat 4: fdcda1ee folded before Flop (didn't bet)
Seat 5: e96faec8 (button) folded before Flop (didn't bet)
Seat 6: e6113317 (small blind) folded before Flop


Poker Hand #HD1762897205: Hold'em No Limit ($0.05/$0.1) - 2024/05/07 20:10:47
Table 'NLHRed16' 6-max Seat #4 is the button
Seat 1: 8c653f56 ($10.65 in chips)
Seat 2: Hero ($10 in chips)
Seat 3: 957e0e17 ($10 in chips)
Seat 4: fdcda1ee ($6.27 in chips)
Seat 5: e96faec8 ($17.42 in chips)
Seat 6: e6113317 ($9.68 in chips)
e96faec8: posts small blind $0.05
e6113317: posts big blind $0.1
*** HOLE CARDS ***
Dealt to 8c653f56 
Dealt to Hero [8h 7c]
Dealt to 957e0e17 
Dealt to fdcda1ee 
Dealt to e96faec8 
Dealt to e6113317 
8c653f56: folds
Hero: folds
957e0e17: folds
fdcda1ee: folds
e96faec8: calls $0.05
e6113317: raises $0.15 to $0.25
e96faec8: calls $0.15
*** FLOP *** [8d Ts Tc]
e96faec8: bets $0.25
e6113317: calls $0.25
*** TURN *** [8d Ts Tc] [9h]
e96faec8: bets $0.25
e6113317: calls $0.25
*** RIVER *** [8d Ts Tc 9h] [6c]
e96faec8: bets $0.3
e6113317: raises $1.25 to $1.55
e96faec8: folds
Uncalled bet ($1.25) returned to e6113317
e96faec8: shows [8s] (Pair of Tens and Pair of Eights)
*** SHOWDOWN ***
e6113317 collected $1.98 from pot
*** SUMMARY ***
Total pot $2.1 | Rake $0.12 | Jackpot $0 | Bingo $0 | Fortune $0 | Tax $0
Board [8d Ts Tc 9h 6c]
Seat 1: 8c653f56 folded before Flop (didn't bet)
Seat 2: Hero folded before Flop (didn't bet)
Seat 3: 957e0e17 folded before Flop (didn't bet)
Seat 4: fdcda1ee (button) folded before Flop (didn't bet)
Seat 5: e96faec8 (small blind) folded on the River
Seat 6: e6113317 (big blind) won ($1.98)


Poker Hand #HD1762897117: Hold'em No Limit ($0.05/$0.1) - 2024/05/07 20:10:10
Table 'NLHRed16' 6-max Seat #3 is the button
Seat 1: 8c653f56 ($10.65 in chips)
Seat 2: Hero ($10 in chips)
Seat 3: 957e0e17 ($10 in chips)
Seat 4: fdcda1ee ($5.82 in chips)
Seat 5: e96faec8 ($17.92 in chips)
Seat 6: e6113317 ($9.68 in chips)
fdcda1ee: posts small blind $0.05
e96faec8: posts big blind $0.1
*** HOLE CARDS ***
Dealt to 8c653f56 
Dealt to Hero [7d 5d]
Dealt to 957e0e17 
Dealt to fdcda1ee 
Dealt to e96faec8 
Dealt to e6113317 
e6113317: folds
8c653f56: folds
Hero: folds
957e0e17: folds
fdcda1ee: calls $0.05
e96faec8: raises $0.2 to $0.3
fdcda1ee: raises $0.2 to $0.5
e96faec8: calls $0.2
*** FLOP *** [Td 2c Qc]
fdcda1ee: bets $5.32 and is all-in
e96faec8: folds
Uncalled bet ($5.32) returned to fdcda1ee
*** SHOWDOWN ***
fdcda1ee collected $0.95 from pot
*** SUMMARY ***
Total pot $1 | Rake $0.05 | Jackpot $0 | Bingo $0 | Fortune $0 | Tax $0
Board [Td 2c Qc]
Seat 1: 8c653f56 folded before Flop (didn't bet)
Seat 2: Hero folded before Flop (didn't bet)
Seat 3: 957e0e17 (button) folded before Flop (didn't bet)
Seat 4: fdcda1ee (small blind) won ($0.95)
Seat 5: e96faec8 (big blind) folded on the Flop
Seat 6: e6113317 folded before Flop (didn't bet)


Poker Hand #HD1762897084: Hold'em No Limit ($0.05/$0.1) - 2024/05/07 20:09:55
Table 'NLHRed16' 6-max Seat #2 is the button
Seat 1: 8c653f56 ($10.5 in chips)
Seat 2: Hero ($10 in chips)
Seat 3: 957e0e17 ($10 in chips)
Seat 4: fdcda1ee ($5.92 in chips)
Seat 5: e96faec8 ($17.92 in chips)
Seat 6: e6113317 ($9.68 in chips)
957e0e17: posts small blind $0.05
fdcda1ee: posts big blind $0.1
*** HOLE CARDS ***
Dealt to 8c653f56 
Dealt to Hero [Td 3s]
Dealt to 957e0e17 
Dealt to fdcda1ee 
Dealt to e96faec8 
Dealt to e6113317 
e96faec8: folds
e6113317: folds
8c653f56: raises $0.15 to $0.25
Hero: folds
957e0e17: folds
fdcda1ee: folds
Uncalled bet ($0.15) returned to 8c653f56
*** SHOWDOWN ***
8c653f56 collected $0.25 from pot
*** SUMMARY ***
Total pot $0.25 | Rake $0 | Jackpot $0 | Bingo $0 | Fortune $0 | Tax $0
Seat 1: 8c653f56 collected ($0.25)
Seat 2: Hero (button) folded before Flop (didn't bet)
Seat 3: 957e0e17 (small blind) folded before Flop
Seat 4: fdcda1ee (big blind) folded before Flop
Seat 5: e96faec8 folded before Flop (didn't bet)
Seat 6: e6113317 folded before Flop (didn't bet)


Poker Hand #HD1762896895: Hold'em No Limit ($0.05/$0.1) - 2024/05/07 20:08:34
Table 'NLHRed16' 6-max Seat #1 is the button
Seat 1: 8c653f56 ($10.22 in chips)
Seat 2: Hero ($10.02 in chips)
Seat 3: 957e0e17 ($10 in chips)
Seat 4: fdcda1ee ($5.92 in chips)
Seat 5: e96faec8 ($17.92 in chips)
Seat 6: e6113317 ($9.68 in chips)
Hero: posts small blind $0.05
957e0e17: posts big blind $0.1
*** HOLE CARDS ***
Dealt to 8c653f56 
Dealt to Hero [2h 9s]
Dealt to 957e0e17 
Dealt to fdcda1ee 
Dealt to e96faec8 
Dealt to e6113317 
fdcda1ee: folds
e96faec8: folds
e6113317: folds
8c653f56: raises $0.15 to $0.25
Hero: folds
957e0e17: calls $0.15
*** FLOP *** [9c 3s Qd]
957e0e17: checks
8c653f56: checks
*** TURN *** [9c 3s Qd] [Js]
957e0e17: checks
8c653f56: checks
*** RIVER *** [9c 3s Qd Js] [Kh]
957e0e17: checks
8c653f56: checks
957e0e17: shows [7h 8d] (King-High)
8c653f56: shows [5c Ah] (Ace-High)
*** SHOWDOWN ***
8c653f56 collected $0.53 from pot
*** SUMMARY ***
Total pot $0.55 | Rake $0.02 | Jackpot $0 | Bingo $0 | Fortune $0 | Tax $0
Board [9c 3s Qd Js Kh]
Seat 1: 8c653f56 (button) showed [5c Ah] and won ($0.53) with Ace-High
Seat 2: Hero (small blind) folded before Flop
Seat 3: 957e0e17 (big blind) showed [7h 8d] and lost with King-High
Seat 4: fdcda1ee folded before Flop (didn't bet)
Seat 5: e96faec8 folded before Flop (didn't bet)
Seat 6: e6113317 folded before Flop (didn't bet)


Poker Hand #HD1762896642: Hold'em No Limit ($0.05/$0.1) - 2024/05/07 20:06:51
Table 'NLHRed16' 6-max Seat #6 is the button
Seat 1: 8c653f56 ($10.27 in chips)
Seat 2: Hero ($10.12 in chips)
Seat 3: 957e0e17 ($10.15 in chips)
Seat 4: fdcda1ee ($2.94 in chips)
Seat 5: e96faec8 ($20.86 in chips)
Seat 6: e6113317 ($9.68 in chips)
8c653f56: posts small blind $0.05
Hero: posts big blind $0.1
*** HOLE CARDS ***
Dealt to 8c653f56 
Dealt to Hero [9h 5s]
Dealt to 957e0e17 
Dealt to fdcda1ee 
Dealt to e96faec8 
Dealt to e6113317 
957e0e17: raises $0.1 to $0.2
fdcda1ee: raises $0.1 to $0.3
e96faec8: calls $0.3
e6113317: folds
8c653f56: folds
Hero: folds
957e0e17: calls $0.1
*** FLOP *** [7c Jh Kc]
957e0e17: checks
fdcda1ee: checks
e96faec8: bets $0.25
957e0e17: folds
fdcda1ee: calls $0.25
*** TURN *** [7c Jh Kc] [2d]
fdcda1ee: checks
e96faec8: bets $0.52
fdcda1ee: raises $1.32 to $1.84
e96faec8: raises $18.47 to $20.31 and is all-in
fdcda1ee: calls $0.55 and is all-in
Uncalled bet ($17.92) returned to e96faec8
e96faec8: shows [7s Ks] (Pair of Kings and Pair of Sevens)
fdcda1ee: shows [Kd Td] (Pair of Kings)
*** RIVER *** [7c Jh Kc 2d] [Js]
*** SHOWDOWN ***
fdcda1ee collected $5.92 from pot
*** SUMMARY ***
Total pot $6.33 | Rake $0.31 | Jackpot $0.1 | Bingo $0 | Fortune $0 | Tax $0
Board [7c Jh Kc 2d Js]
Seat 1: 8c653f56 (small blind) folded before Flop
Seat 2: Hero (big blind) folded before Flop
Seat 3: 957e0e17 folded on the Flop
Seat 4: fdcda1ee showed [Kd Td] and won ($5.92) with Pair of Kings and Pair of Jacks
Seat 5: e96faec8 showed [7s Ks] and lost with Pair of Kings and Pair of Jacks
Seat 6: e6113317 (button) folded before Flop (didn't bet)


Poker Hand #HD1762896418: Hold'em No Limit ($0.05/$0.1) - 2024/05/07 20:05:23
Table 'NLHRed16' 6-max Seat #5 is the button
Seat 1: 8c653f56 ($10.37 in chips)
Seat 2: Hero ($10.12 in chips)
Seat 3: 957e0e17 ($10.15 in chips)
Seat 4: fdcda1ee ($2.94 in chips)
Seat 5: e96faec8 ($21.41 in chips)
Seat 6: e6113317 ($9.1 in chips)
e6113317: posts small blind $0.05
8c653f56: posts big blind $0.1
*** HOLE CARDS ***
Dealt to 8c653f56 
Dealt to Hero [Qd Tc]
Dealt to 957e0e17 
Dealt to fdcda1ee 
Dealt to e96faec8 
Dealt to e6113317 
Hero: folds
957e0e17: folds
fdcda1ee: folds
e96faec8: calls $0.1
e6113317: raises $0.15 to $0.25
8c653f56: folds
e96faec8: calls $0.15
*** FLOP *** [7c 9s 5s]
e6113317: bets $0.3
e96faec8: calls $0.3
*** TURN *** [7c 9s 5s] [Qh]
e6113317: bets $0.6
e96faec8: folds
Uncalled bet ($0.6) returned to e6113317
*** SHOWDOWN ***
e6113317 collected $1.13 from pot
*** SUMMARY ***
Total pot $1.2 | Rake $0.07 | Jackpot $0 | Bingo $0 | Fortune $0 | Tax $0
Board [7c 9s 5s Qh]
Seat 1: 8c653f56 (big blind) folded before Flop
Seat 2: Hero folded before Flop (didn't bet)
Seat 3: 957e0e17 folded before Flop (didn't bet)
Seat 4: fdcda1ee folded before Flop (didn't bet)
Seat 5: e96faec8 (button) folded on the Turn
Seat 6: e6113317 (small blind) won ($1.13)


Poker Hand #HD1762896321: Hold'em No Limit ($0.05/$0.1) - 2024/05/07 20:04:43
Table 'NLHRed16' 6-max Seat #4 is the button
Seat 1: 8c653f56 ($10.37 in chips)
Seat 2: Hero ($10.12 in chips)
Seat 3: 957e0e17 ($10.15 in chips)
Seat 4: fdcda1ee ($2.75 in chips)
Seat 5: e96faec8 ($21.51 in chips)
Seat 6: e6113317 ($9.2 in chips)
e96faec8: posts small blind $0.05
e6113317: posts big blind $0.1
*** HOLE CARDS ***
Dealt to 8c653f56 
Dealt to Hero [Tc 7h]
Dealt to 957e0e17 
Dealt to fdcda1ee 
Dealt to e96faec8 
Dealt to e6113317 
8c653f56: folds
Hero: folds
957e0e17: folds
fdcda1ee: calls $0.1
e96faec8: calls $0.05
e6113317: checks
*** FLOP *** [Ad 9c Ks]
e96faec8: checks
e6113317: checks
fdcda1ee: bets $0.5
e96faec8: folds
e6113317: folds
Uncalled bet ($0.5) returned to fdcda1ee
*** SHOWDOWN ***
fdcda1ee collected $0.29 from pot
*** SUMMARY ***
Total pot $0.3 | Rake $0.01 | Jackpot $0 | Bingo $0 | Fortune $0 | Tax $0
Board [Ad 9c Ks]
Seat 1: 8c653f56 folded before Flop (didn't bet)
Seat 2: Hero folded before Flop (didn't bet)
Seat 3: 957e0e17 folded before Flop (didn't bet)
Seat 4: fdcda1ee (button) won ($0.29)
Seat 5: e96faec8 (small blind) folded on the Flop
Seat 6: e6113317 (big blind) folded on the Flop


Poker Hand #HD1762896263: Hold'em No Limit ($0.05/$0.1) - 2024/05/07 20:04:22
Table 'NLHRed16' 6-max Seat #3 is the button
Seat 1: 8c653f56 ($10.37 in chips)
Seat 2: Hero ($10.12 in chips)
Seat 3: 957e0e17 ($10 in chips)
Seat 4: fdcda1ee ($2.8 in chips)
Seat 5: e96faec8 ($21.61 in chips)
Seat 6: e6113317 ($9.2 in chips)
fdcda1ee: posts small blind $0.05
e96faec8: posts big blind $0.1
*** HOLE CARDS ***
Dealt to 8c653f56 
Dealt to Hero [2h 9h]
Dealt to 957e0e17 
Dealt to fdcda1ee 
Dealt to e96faec8 
Dealt to e6113317 
e6113317: folds
8c653f56: folds
Hero: folds
957e0e17: raises $0.15 to $0.25
fdcda1ee: folds
e96faec8: folds
Uncalled bet ($0.15) returned to 957e0e17
*** SHOWDOWN ***
957e0e17 collected $0.25 from pot
*** SUMMARY ***
Total pot $0.25 | Rake $0 | Jackpot $0 | Bingo $0 | Fortune $0 | Tax $0
Seat 1: 8c653f56 folded before Flop (didn't bet)
Seat 2: Hero folded before Flop (didn't bet)
Seat 3: 957e0e17 (button) collected ($0.25)
Seat 4: fdcda1ee (small blind) folded before Flop
Seat 5: e96faec8 (big blind) folded before Flop
Seat 6: e6113317 folded before Flop (didn't bet)


Poker Hand #HD1762896151: Hold'em No Limit ($0.05/$0.1) - 2024/05/07 20:03:30
Table 'NLHRed16' 6-max Seat #2 is the button
Seat 1: 8c653f56 ($10 in chips)
Seat 2: Hero ($10.12 in chips)
Seat 3: 957e0e17 ($10 in chips)
Seat 4: fdcda1ee ($3.15 in chips)
Seat 5: e96faec8 ($21.61 in chips)
Seat 6: e6113317 ($9.2 in chips)
957e0e17: posts small blind $0.05
fdcda1ee: posts big blind $0.1
*** HOLE CARDS ***
Dealt to 8c653f56 
Dealt to Hero [Kc 8s]
Dealt to 957e0e17 
Dealt to fdcda1ee 
Dealt to e96faec8 
Dealt to e6113317 
e96faec8: folds
e6113317: folds
8c653f56: raises $0.15 to $0.25
Hero: folds
957e0e17: folds
fdcda1ee: calls $0.15
*** FLOP *** [Th 3s 8h]
fdcda1ee: bets $0.1
8c653f56: calls $0.1
*** TURN *** [Th 3s 8h] [Ks]
fdcda1ee: checks
8c653f56: checks
*** RIVER *** [Th 3s 8h Ks] [7d]
fdcda1ee: checks
8c653f56: checks
fdcda1ee: shows [Jc Ah] (Ace-High)
8c653f56: shows [Ad 8d] (Pair of Eights)
*** SHOWDOWN ***
8c653f56 collected $0.72 from pot
*** SUMMARY ***
Total pot $0.75 | Rake $0.03 | Jackpot $0 | Bingo $0 | Fortune $0 | Tax $0
Board [Th 3s 8h Ks 7d]
Seat 1: 8c653f56 showed [Ad 8d] and won ($0.72) with Pair of Eights
Seat 2: Hero (button) folded before Flop (didn't bet)
Seat 3: 957e0e17 (small blind) folded before Flop
Seat 4: fdcda1ee (big blind) showed [Jc Ah] and lost with Ace-High
Seat 5: e96faec8 folded before Flop (didn't bet)
Seat 6: e6113317 folded before Flop (didn't bet)


Poker Hand #HD1762896064: Hold'em No Limit ($0.05/$0.1) - 2024/05/07 20:02:49
Table 'NLHRed16' 6-max Seat #1 is the button
Seat 1: 8c653f56 ($10 in chips)
Seat 2: Hero ($10.17 in chips)
Seat 3: 957e0e17 ($10 in chips)
Seat 4: fdcda1ee ($3.15 in chips)
Seat 5: e96faec8 ($21.29 in chips)
Seat 6: e6113317 ($9.2 in chips)
Hero: posts small blind $0.05
957e0e17: posts big blind $0.1
*** HOLE CARDS ***
Dealt to 8c653f56 
Dealt to Hero [2d Qd]
Dealt to 957e0e17 
Dealt to fdcda1ee 
Dealt to e96faec8 
Dealt to e6113317 
fdcda1ee: folds
e96faec8: raises $0.2 to $0.3
e6113317: folds
8c653f56: folds
Hero: folds
957e0e17: calls $0.2
*** FLOP *** [7h 4s Kc]
957e0e17: checks
e96faec8: bets $0.33
957e0e17: folds
Uncalled bet ($0.33) returned to e96faec8
*** SHOWDOWN ***
e96faec8 collected $0.62 from pot
*** SUMMARY ***
Total pot $0.65 | Rake $0.03 | Jackpot $0 | Bingo $0 | Fortune $0 | Tax $0
Board [7h 4s Kc]
Seat 1: 8c653f56 (button) folded before Flop (didn't bet)
Seat 2: Hero (small blind) folded before Flop
Seat 3: 957e0e17 (big blind) folded on the Flop
Seat 4: fdcda1ee folded before Flop (didn't bet)
Seat 5: e96faec8 won ($0.62)
Seat 6: e6113317 folded before Flop (didn't bet)


Poker Hand #HD1762895967: Hold'em No Limit ($0.05/$0.1) - 2024/05/07 20:02:11
Table 'NLHRed16' 6-max Seat #6 is the button
Seat 1: 8c653f56 ($10 in chips)
Seat 2: Hero ($10.27 in chips)
Seat 4: fdcda1ee ($3 in chips)
Seat 5: e96faec8 ($21.29 in chips)
Seat 6: e6113317 ($9.2 in chips)
8c653f56: posts small blind $0.05
Hero: posts big blind $0.1
*** HOLE CARDS ***
Dealt to 8c653f56 
Dealt to Hero [3d 6d]
Dealt to fdcda1ee 
Dealt to e96faec8 
Dealt to e6113317 
fdcda1ee: raises $0.2 to $0.3
e96faec8: folds
e6113317: folds
8c653f56: folds
Hero: folds
Uncalled bet ($0.2) returned to fdcda1ee
*** SHOWDOWN ***
fdcda1ee collected $0.25 from pot
*** SUMMARY ***
Total pot $0.25 | Rake $0 | Jackpot $0 | Bingo $0 | Fortune $0 | Tax $0
Seat 1: 8c653f56 (small blind) folded before Flop
Seat 2: Hero (big blind) folded before Flop
Seat 4: fdcda1ee collected ($0.25)
Seat 5: e96faec8 folded before Flop (didn't bet)
Seat 6: e6113317 (button) folded before Flop (didn't bet)


Poker Hand #HD1762895933: Hold'em No Limit ($0.05/$0.1) - 2024/05/07 20:01:52
Table 'NLHRed16' 6-max Seat #5 is the button
Seat 1: 8c653f56 ($10 in chips)
Seat 2: Hero ($10.27 in chips)
Seat 4: fdcda1ee ($3 in chips)
Seat 5: e96faec8 ($21.14 in chips)
Seat 6: e6113317 ($9.25 in chips)
e6113317: posts small blind $0.05
8c653f56: posts big blind $0.1
*** HOLE CARDS ***
Dealt to 8c653f56 
Dealt to Hero [7h 6d]
Dealt to fdcda1ee 
Dealt to e96faec8 
Dealt to e6113317 
Hero: folds
fdcda1ee: folds
e96faec8: raises $0.2 to $0.3
e6113317: folds
8c653f56: folds
Uncalled bet ($0.2) returned to e96faec8
*** SHOWDOWN ***
e96faec8 collected $0.25 from pot
*** SUMMARY ***
Total pot $0.25 | Rake $0 | Jackpot $0 | Bingo $0 | Fortune $0 | Tax $0
Seat 1: 8c653f56 (big blind) folded before Flop
Seat 2: Hero folded before Flop (didn't bet)
Seat 4: fdcda1ee folded before Flop (didn't bet)
Seat 5: e96faec8 (button) collected ($0.25)
Seat 6: e6113317 (small blind) folded before Flop


Poker Hand #HD1762895770: Hold'em No Limit ($0.05/$0.1) - 2024/05/07 20:00:35
Table 'NLHRed16' 6-max Seat #4 is the button
Seat 2: Hero ($10.51 in chips)
Seat 4: fdcda1ee ($3.24 in chips)
Seat 5: e96faec8 ($21.19 in chips)
Seat 6: e6113317 ($8.76 in chips)
e96faec8: posts small blind $0.05
e6113317: posts big blind $0.1
*** HOLE CARDS ***
Dealt to Hero [8c Ac]
Dealt to fdcda1ee 
Dealt to e96faec8 
Dealt to e6113317 
Hero: raises $0.14 to $0.24
fdcda1ee: calls $0.24
e96faec8: folds
e6113317: calls $0.14
*** FLOP *** [7h 2d 6c]
e6113317: checks
Hero: checks
fdcda1ee: checks
*** TURN *** [7h 2d 6c] [7s]
e6113317: checks
Hero: checks
fdcda1ee: checks
*** RIVER *** [7h 2d 6c 7s] [4d]
e6113317: checks
Hero: checks
fdcda1ee: checks
e6113317: shows [As 9d] (Pair of Sevens)
Hero: shows [8c Ac] (Pair of Sevens)
fdcda1ee: shows [Qd Jd] (Pair of Sevens)
*** SHOWDOWN ***
e6113317 collected $0.73 from pot
*** SUMMARY ***
Total pot $0.77 | Rake $0.04 | Jackpot $0 | Bingo $0 | Fortune $0 | Tax $0
Board [7h 2d 6c 7s 4d]
Seat 2: Hero showed [8c Ac] and lost with Pair of Sevens
Seat 4: fdcda1ee (button) showed [Qd Jd] and lost with Pair of Sevens
Seat 5: e96faec8 (small blind) folded before Flop
Seat 6: e6113317 (big blind) showed [As 9d] and won ($0.73) with Pair of Sevens


Poker Hand #HD1762895731: Hold'em No Limit ($0.05/$0.1) - 2024/05/07 20:00:15
Table 'NLHRed16' 6-max Seat #2 is the button
Seat 2: Hero ($10.36 in chips)
Seat 4: fdcda1ee ($3.29 in chips)
Seat 5: e96faec8 ($21.29 in chips)
Seat 6: e6113317 ($8.76 in chips)
fdcda1ee: posts small blind $0.05
e96faec8: posts big blind $0.1
*** HOLE CARDS ***
Dealt to Hero [Td Qh]
Dealt to fdcda1ee 
Dealt to e96faec8 
Dealt to e6113317 
e6113317: folds
Hero: raises $0.14 to $0.24
fdcda1ee: folds
e96faec8: folds
Uncalled bet ($0.14) returned to Hero
*** SHOWDOWN ***
Hero collected $0.25 from pot
*** SUMMARY ***
Total pot $0.25 | Rake $0 | Jackpot $0 | Bingo $0 | Fortune $0 | Tax $0
Seat 2: Hero (button) collected ($0.25)
Seat 4: fdcda1ee (small blind) folded before Flop
Seat 5: e96faec8 (big blind) folded before Flop
Seat 6: e6113317 folded before Flop (didn't bet)


Poker Hand #HD1762895697: Hold'em No Limit ($0.05/$0.1) - 2024/05/07 20:00:01
Table 'NLHRed16' 6-max Seat #6 is the button
Seat 2: Hero ($10.41 in chips)
Seat 4: fdcda1ee ($3.24 in chips)
Seat 6: e6113317 ($8.76 in chips)
Hero: posts small blind $0.05
fdcda1ee: posts big blind $0.1
*** HOLE CARDS ***
Dealt to Hero [6h Js]
Dealt to fdcda1ee 
Dealt to e6113317 
e6113317: folds
Hero: folds
Uncalled bet ($0.05) returned to fdcda1ee
*** SHOWDOWN ***
fdcda1ee collected $0.1 from pot
*** SUMMARY ***
Total pot $0.1 | Rake $0 | Jackpot $0 | Bingo $0 | Fortune $0 | Tax $0
Seat 2: Hero (small blind) folded before Flop
Seat 4: fdcda1ee (big blind) collected ($0.1)
Seat 6: e6113317 (button) folded before Flop (didn't bet)


Poker Hand #HD1762815628: Hold'em No Limit ($0.05/$0.1) - 2024/05/07 19:59:36
Table 'NLHRed16' 6-max Seat #5 is the button
Seat 2: Hero ($10.36 in chips)
Seat 4: fdcda1ee ($3.24 in chips)
Seat 5: e96faec8 ($21.29 in chips)
Seat 6: e6113317 ($8.81 in chips)
e6113317: posts small blind $0.05
Hero: posts big blind $0.1
*** HOLE CARDS ***
Dealt to Hero [5c Kc]
Dealt to fdcda1ee 
Dealt to e96faec8 
Dealt to e6113317 
fdcda1ee: folds
e96faec8: folds
e6113317: folds
Uncalled bet ($0.05) returned to Hero
*** SHOWDOWN ***
Hero collected $0.1 from pot
*** SUMMARY ***
Total pot $0.1 | Rake $0 | Jackpot $0 | Bingo $0 | Fortune $0 | Tax $0
Seat 2: Hero (big blind) collected ($0.1)
Seat 4: fdcda1ee folded before Flop (didn't bet)
Seat 5: e96faec8 (button) folded before Flop (didn't bet)
Seat 6: e6113317 (small blind) folded before Flop


Poker Hand #HD1762815522: Hold'em No Limit ($0.05/$0.1) - 2024/05/07 19:58:42
Table 'NLHRed16' 6-max Seat #4 is the button
Seat 2: Hero ($10.66 in chips)
Seat 4: fdcda1ee ($2.59 in chips)
Seat 5: e96faec8 ($21.59 in chips)
Seat 6: e6113317 ($8.91 in chips)
e96faec8: posts small blind $0.05
e6113317: posts big blind $0.1
*** HOLE CARDS ***
Dealt to Hero [Ad 7d]
Dealt to fdcda1ee 
Dealt to e96faec8 
Dealt to e6113317 
Hero: raises $0.1 to $0.2
fdcda1ee: raises $0.1 to $0.3
e96faec8: calls $0.25
e6113317: folds
Hero: calls $0.1
*** FLOP *** [9c 7s 9d]
e96faec8: checks
Hero: checks
fdcda1ee: bets $2.29 and is all-in
e96faec8: folds
Hero: folds
Uncalled bet ($2.29) returned to fdcda1ee
*** SHOWDOWN ***
fdcda1ee collected $0.95 from pot
*** SUMMARY ***
Total pot $1 | Rake $0.05 | Jackpot $0 | Bingo $0 | Fortune $0 | Tax $0
Board [9c 7s 9d]
Seat 2: Hero folded on the Flop
Seat 4: fdcda1ee (button) won ($0.95)
Seat 5: e96faec8 (small blind) folded on the Flop
Seat 6: e6113317 (big blind) folded before Flop


Poker Hand #HD1762815385: Hold'em No Limit ($0.05/$0.1) - 2024/05/07 19:57:43
Table 'NLHRed16' 6-max Seat #2 is the button
Seat 2: Hero ($10.9 in chips)
Seat 4: fdcda1ee ($2.05 in chips)
Seat 5: e96faec8 ($21.93 in chips)
fdcda1ee: posts small blind $0.05
e96faec8: posts big blind $0.1
*** HOLE CARDS ***
Dealt to Hero [Ah 9d]
Dealt to fdcda1ee 
Dealt to e96faec8 
Hero: raises $0.14 to $0.24
fdcda1ee: calls $0.19
e96faec8: calls $0.14
*** FLOP *** [Ks 3h Th]
fdcda1ee: checks
e96faec8: checks
Hero: checks
*** TURN *** [Ks 3h Th] [Qd]
fdcda1ee: bets $0.1
e96faec8: calls $0.1
Hero: folds
*** RIVER *** [Ks 3h Th Qd] [Kh]
fdcda1ee: bets $1
e96faec8: folds
Uncalled bet ($1) returned to fdcda1ee
*** SHOWDOWN ***
fdcda1ee collected $0.88 from pot
*** SUMMARY ***
Total pot $0.92 | Rake $0.04 | Jackpot $0 | Bingo $0 | Fortune $0 | Tax $0
Board [Ks 3h Th Qd Kh]
Seat 2: Hero (button) folded on the Turn
Seat 4: fdcda1ee (small blind) won ($0.88)
Seat 5: e96faec8 (big blind) folded on the River


Poker Hand #HD1762815350: Hold'em No Limit ($0.05/$0.1) - 2024/05/07 19:57:26
Table 'NLHRed16' 6-max Seat #5 is the button
Seat 2: Hero ($10.95 in chips)
Seat 4: fdcda1ee ($2 in chips)
Seat 5: e96faec8 ($21.93 in chips)
Hero: posts small blind $0.05
fdcda1ee: posts big blind $0.1
*** HOLE CARDS ***
Dealt to Hero [7h 9d]
Dealt to fdcda1ee 
Dealt to e96faec8 
e96faec8: folds
Hero: folds
Uncalled bet ($0.05) returned to fdcda1ee
*** SHOWDOWN ***
fdcda1ee collected $0.1 from pot
*** SUMMARY ***
Total pot $0.1 | Rake $0 | Jackpot $0 | Bingo $0 | Fortune $0 | Tax $0
Seat 2: Hero (small blind) folded before Flop
Seat 4: fdcda1ee (big blind) collected ($0.1)
Seat 5: e96faec8 (button) folded before Flop (didn't bet)


Poker Hand #HD1762815339: Hold'em No Limit ($0.05/$0.1) - 2024/05/07 19:57:20
Table 'NLHRed16' 6-max Seat #2 is the button
Seat 2: Hero ($11 in chips)
Seat 5: e96faec8 ($21.88 in chips)
Hero: posts small blind $0.05
e96faec8: posts big blind $0.1
*** HOLE CARDS ***
Dealt to Hero [5h Qd]
Dealt to e96faec8 
Hero: folds
Uncalled bet ($0.05) returned to e96faec8
*** SHOWDOWN ***
e96faec8 collected $0.1 from pot
*** SUMMARY ***
Total pot $0.1 | Rake $0 | Jackpot $0 | Bingo $0 | Fortune $0 | Tax $0
Seat 2: Hero (small blind) folded before Flop
Seat 5: e96faec8 (big blind) collected ($0.1)


Poker Hand #HD1762815309: Hold'em No Limit ($0.05/$0.1) - 2024/05/07 19:57:04
Table 'NLHRed16' 6-max Seat #5 is the button
Seat 2: Hero ($10.9 in chips)
Seat 5: e96faec8 ($21.98 in chips)
e96faec8: posts small blind $0.05
Hero: posts big blind $0.1
*** HOLE CARDS ***
Dealt to Hero [As Qh]
Dealt to e96faec8 
e96faec8: calls $0.05
Hero: raises $0.3 to $0.4
e96faec8: folds
Uncalled bet ($0.3) returned to Hero
*** SHOWDOWN ***
Hero collected $0.2 from pot
*** SUMMARY ***
Total pot $0.2 | Rake $0 | Jackpot $0 | Bingo $0 | Fortune $0 | Tax $0
Seat 2: Hero (big blind) collected ($0.2)
Seat 5: e96faec8 (small blind) folded before Flop


Poker Hand #HD1762815301: Hold'em No Limit ($0.05/$0.1) - 2024/05/07 19:56:58
Table 'NLHRed16' 6-max Seat #2 is the button
Seat 2: Hero ($10.95 in chips)
Seat 5: e96faec8 ($21.93 in chips)
Hero: posts small blind $0.05
e96faec8: posts big blind $0.1
*** HOLE CARDS ***
Dealt to Hero [5d 4h]
Dealt to e96faec8 
Hero: folds
Uncalled bet ($0.05) returned to e96faec8
*** SHOWDOWN ***
e96faec8 collected $0.1 from pot
*** SUMMARY ***
Total pot $0.1 | Rake $0 | Jackpot $0 | Bingo $0 | Fortune $0 | Tax $0
Seat 2: Hero (small blind) folded before Flop
Seat 5: e96faec8 (big blind) collected ($0.1)


Poker Hand #HD1762815270: Hold'em No Limit ($0.05/$0.1) - 2024/05/07 19:56:48
Table 'NLHRed16' 6-max Seat #6 is the button
Seat 2: Hero ($10.85 in chips)
Seat 5: e96faec8 ($22.03 in chips)
Seat 6: ee03b0c7 ($10 in chips)
Hero: posts small blind $0.05
e96faec8: posts big blind $0.1
*** HOLE CARDS ***
Dealt to Hero [Qh 9h]
Dealt to e96faec8 
Dealt to ee03b0c7 
ee03b0c7: folds
Hero: raises $0.2 to $0.3
e96faec8: folds
Uncalled bet ($0.2) returned to Hero
*** SHOWDOWN ***
Hero collected $0.2 from pot
*** SUMMARY ***
Total pot $0.2 | Rake $0 | Jackpot $0 | Bingo $0 | Fortune $0 | Tax $0
Seat 2: Hero (small blind) collected ($0.2)
Seat 5: e96faec8 (big blind) folded before Flop
Seat 6: ee03b0c7 (button) folded before Flop (didn't bet)


Poker Hand #HD1762815258: Hold'em No Limit ($0.05/$0.1) - 2024/05/07 19:56:42
Table 'NLHRed16' 6-max Seat #5 is the button
Seat 2: Hero ($10.8 in chips)
Seat 5: e96faec8 ($22.03 in chips)
Seat 6: ee03b0c7 ($10.03 in chips)
ee03b0c7: posts small blind $0.05
Hero: posts big blind $0.1
*** HOLE CARDS ***
Dealt to Hero [6h 7h]
Dealt to e96faec8 
Dealt to ee03b0c7 
e96faec8: folds
ee03b0c7: folds
Uncalled bet ($0.05) returned to Hero
*** SHOWDOWN ***
Hero collected $0.1 from pot
*** SUMMARY ***
Total pot $0.1 | Rake $0 | Jackpot $0 | Bingo $0 | Fortune $0 | Tax $0
Seat 2: Hero (big blind) collected ($0.1)
Seat 5: e96faec8 (button) folded before Flop (didn't bet)
Seat 6: ee03b0c7 (small blind) folded before Flop


Poker Hand #HD1762815201: Hold'em No Limit ($0.05/$0.1) - 2024/05/07 19:56:21
Table 'NLHRed16' 6-max Seat #2 is the button
Seat 2: Hero ($10.8 in chips)
Seat 5: e96faec8 ($21.94 in chips)
Seat 6: ee03b0c7 ($10.13 in chips)
e96faec8: posts small blind $0.05
ee03b0c7: posts big blind $0.1
*** HOLE CARDS ***
Dealt to Hero [8d 5s]
Dealt to e96faec8 
Dealt to ee03b0c7 
Hero: folds
e96faec8: calls $0.05
ee03b0c7: checks
*** FLOP *** [Ac 9h Jc]
e96faec8: bets $0.1
ee03b0c7: folds
Uncalled bet ($0.1) returned to e96faec8
*** SHOWDOWN ***
e96faec8 collected $0.19 from pot
*** SUMMARY ***
Total pot $0.2 | Rake $0.01 | Jackpot $0 | Bingo $0 | Fortune $0 | Tax $0
Board [Ac 9h Jc]
Seat 2: Hero (button) folded before Flop (didn't bet)
Seat 5: e96faec8 (small blind) won ($0.19)
Seat 6: ee03b0c7 (big blind) folded on the Flop


Poker Hand #HD1762815074: Hold'em No Limit ($0.05/$0.1) - 2024/05/07 19:55:29
Table 'NLHRed16' 6-max Seat #6 is the button
Seat 2: Hero ($10.35 in chips)
Seat 5: e96faec8 ($22.44 in chips)
Seat 6: ee03b0c7 ($10.13 in chips)
Hero: posts small blind $0.05
e96faec8: posts big blind $0.1
*** HOLE CARDS ***
Dealt to Hero [8s 8h]
Dealt to e96faec8 
Dealt to ee03b0c7 
ee03b0c7: folds
Hero: raises $0.2 to $0.3
e96faec8: calls $0.2
*** FLOP *** [Ks Tc 9s]
Hero: checks
e96faec8: bets $0.2
Hero: calls $0.2
*** TURN *** [Ks Tc 9s] [5s]
Hero: checks
e96faec8: checks
*** RIVER *** [Ks Tc 9s 5s] [4c]
Hero: bets $0.76
e96faec8: folds
Uncalled bet ($0.76) returned to Hero
*** SHOWDOWN ***
Hero collected $0.95 from pot
*** SUMMARY ***
Total pot $1 | Rake $0.05 | Jackpot $0 | Bingo $0 | Fortune $0 | Tax $0
Board [Ks Tc 9s 5s 4c]
Seat 2: Hero (small blind) won ($0.95)
Seat 5: e96faec8 (big blind) folded on the River
Seat 6: ee03b0c7 (button) folded before Flop (didn't bet)


Poker Hand #HD1762814994: Hold'em No Limit ($0.05/$0.1) - 2024/05/07 19:54:50
Table 'NLHRed16' 6-max Seat #5 is the button
Seat 2: Hero ($10.09 in chips)
Seat 5: e96faec8 ($22.67 in chips)
Seat 6: ee03b0c7 ($10.18 in chips)
ee03b0c7: posts small blind $0.05
Hero: posts big blind $0.1
*** HOLE CARDS ***
Dealt to Hero [As 5h]
Dealt to e96faec8 
Dealt to ee03b0c7 
e96faec8: calls $0.1
ee03b0c7: folds
Hero: checks
*** FLOP *** [Tc 4c Qd]
Hero: checks
e96faec8: checks
*** TURN *** [Tc 4c Qd] [Qs]
Hero: checks
e96faec8: bets $0.13
Hero: calls $0.13
*** RIVER *** [Tc 4c Qd Qs] [9d]
Hero: checks
e96faec8: checks
Hero: shows [As 5h] (Pair of Queens)
e96faec8: shows [8d Kd] (Pair of Queens)
*** SHOWDOWN ***
Hero collected $0.49 from pot
*** SUMMARY ***
Total pot $0.51 | Rake $0.02 | Jackpot $0 | Bingo $0 | Fortune $0 | Tax $0
Board [Tc 4c Qd Qs 9d]
Seat 2: Hero (big blind) showed [As 5h] and won ($0.49) with Pair of Queens
Seat 5: e96faec8 (button) showed [8d Kd] and lost with Pair of Queens
Seat 6: ee03b0c7 (small blind) folded before Flop


Poker Hand #HD1762814929: Hold'em No Limit ($0.05/$0.1) - 2024/05/07 19:54:24
Table 'NLHRed16' 6-max Seat #2 is the button
Seat 2: Hero ($10.09 in chips)
Seat 5: e96faec8 ($22.87 in chips)
Seat 6: ee03b0c7 ($10 in chips)
e96faec8: posts small blind $0.05
ee03b0c7: posts big blind $0.1
*** HOLE CARDS ***
Dealt to Hero [Ks 7c]
Dealt to e96faec8 
Dealt to ee03b0c7 
Hero: folds
e96faec8: calls $0.05
ee03b0c7: checks
*** FLOP *** [4c 5s Kc]
e96faec8: bets $0.1
ee03b0c7: calls $0.1
*** TURN *** [4c 5s Kc] [4h]
e96faec8: checks
ee03b0c7: bets $0.4
e96faec8: folds
Uncalled bet ($0.4) returned to ee03b0c7
*** SHOWDOWN ***
ee03b0c7 collected $0.38 from pot
*** SUMMARY ***
Total pot $0.4 | Rake $0.02 | Jackpot $0 | Bingo $0 | Fortune $0 | Tax $0
Board [4c 5s Kc 4h]
Seat 2: Hero (button) folded before Flop (didn't bet)
Seat 5: e96faec8 (small blind) folded on the Turn
Seat 6: ee03b0c7 (big blind) won ($0.38)


Poker Hand #HD1762814896: Hold'em No Limit ($0.05/$0.1) - 2024/05/07 19:54:14
Table 'NLHRed16' 6-max Seat #6 is the button
Seat 2: Hero ($10.14 in chips)
Seat 5: e96faec8 ($22.82 in chips)
Seat 6: ee03b0c7 ($10 in chips)
Hero: posts small blind $0.05
e96faec8: posts big blind $0.1
*** HOLE CARDS ***
Dealt to Hero [6h 8c]
Dealt to e96faec8 
Dealt to ee03b0c7 
ee03b0c7: folds
Hero: folds
Uncalled bet ($0.05) returned to e96faec8
*** SHOWDOWN ***
e96faec8 collected $0.1 from pot
*** SUMMARY ***
Total pot $0.1 | Rake $0 | Jackpot $0 | Bingo $0 | Fortune $0 | Tax $0
Seat 2: Hero (small blind) folded before Flop
Seat 5: e96faec8 (big blind) collected ($0.1)
Seat 6: ee03b0c7 (button) folded before Flop (didn't bet)


Poker Hand #HD1762814781: Hold'em No Limit ($0.05/$0.1) - 2024/05/07 19:53:28
Table 'NLHRed16' 6-max Seat #5 is the button
Seat 2: Hero ($10 in chips)
Seat 3: 99f2715b ($10.58 in chips)
Seat 5: e96faec8 ($22.92 in chips)
Seat 6: ee03b0c7 ($10 in chips)
ee03b0c7: posts small blind $0.05
Hero: posts big blind $0.1
*** HOLE CARDS ***
Dealt to Hero [Ad 8d]
Dealt to 99f2715b 
Dealt to e96faec8 
Dealt to ee03b0c7 
99f2715b: folds
e96faec8: calls $0.1
ee03b0c7: folds
Hero: checks
*** FLOP *** [8h Qh Ah]
Hero: bets $0.17
e96faec8: folds
Uncalled bet ($0.17) returned to Hero
*** SHOWDOWN ***
Hero collected $0.24 from pot
*** SUMMARY ***
Total pot $0.25 | Rake $0.01 | Jackpot $0 | Bingo $0 | Fortune $0 | Tax $0
Board [8h Qh Ah]
Seat 2: Hero (big blind) won ($0.24)
Seat 3: 99f2715b folded before Flop (didn't bet)
Seat 5: e96faec8 (button) folded on the Flop
Seat 6: ee03b0c7 (small blind) folded before Flop


Poker Hand #HD1762814720: Hold'em No Limit ($0.05/$0.1) - 2024/05/07 19:53:01
Table 'NLHRed16' 6-max Seat #3 is the button
Seat 2: Hero ($10 in chips)
Seat 3: 99f2715b ($10.58 in chips)
Seat 5: e96faec8 ($22.83 in chips)
Seat 6: ee03b0c7 ($10 in chips)
e96faec8: posts small blind $0.05
ee03b0c7: posts big blind $0.1
*** HOLE CARDS ***
Dealt to Hero [7h Td]
Dealt to 99f2715b 
Dealt to e96faec8 
Dealt to ee03b0c7 
Hero: folds
99f2715b: folds
e96faec8: calls $0.05
ee03b0c7: checks
*** FLOP *** [4c Ad 8h]
e96faec8: bets $0.1
ee03b0c7: folds
Uncalled bet ($0.1) returned to e96faec8
*** SHOWDOWN ***
e96faec8 collected $0.19 from pot
*** SUMMARY ***
Total pot $0.2 | Rake $0.01 | Jackpot $0 | Bingo $0 | Fortune $0 | Tax $0
Board [4c Ad 8h]
Seat 2: Hero folded before Flop (didn't bet)
Seat 3: 99f2715b (button) folded before Flop (didn't bet)
Seat 5: e96faec8 (small blind) won ($0.19)
Seat 6: ee03b0c7 (big blind) folded on the Flop


Poker Hand #HD1762814690: Hold'em No Limit ($0.05/$0.1) - 2024/05/07 19:52:50
Table 'NLHRed16' 6-max Seat #2 is the button
Seat 1: 7b555575 ($15.61 in chips)
Seat 2: Hero ($10 in chips)
Seat 3: 99f2715b ($10.63 in chips)
Seat 4: 3fd042a9 ($12.64 in chips)
Seat 5: e96faec8 ($22.83 in chips)
99f2715b: posts small blind $0.05
3fd042a9: posts big blind $0.1
*** HOLE CARDS ***
Dealt to 7b555575 
Dealt to Hero [Td 8c]
Dealt to 99f2715b 
Dealt to 3fd042a9 
Dealt to e96faec8 
e96faec8: folds
7b555575: folds
Hero: folds
99f2715b: folds
Uncalled bet ($0.05) returned to 3fd042a9
*** SHOWDOWN ***
3fd042a9 collected $0.1 from pot
*** SUMMARY ***
Total pot $0.1 | Rake $0 | Jackpot $0 | Bingo $0 | Fortune $0 | Tax $0
Seat 1: 7b555575 folded before Flop (didn't bet)
Seat 2: Hero (button) folded before Flop (didn't bet)
Seat 3: 99f2715b (small blind) folded before Flop
Seat 4: 3fd042a9 (big blind) collected ($0.1)
Seat 5: e96faec8 folded before Flop (didn't bet)


Poker Hand #HD1762814578: Hold'em No Limit ($0.05/$0.1) - 2024/05/07 19:52:03
Table 'NLHRed16' 6-max Seat #1 is the button
Seat 1: 7b555575 ($15.61 in chips)
Seat 2: Hero ($10 in chips)
Seat 3: 99f2715b ($10.73 in chips)
Seat 4: 3fd042a9 ($11.92 in chips)
Seat 5: e96faec8 ($23.47 in chips)
Hero: posts small blind $0.05
99f2715b: posts big blind $0.1
*** HOLE CARDS ***
Dealt to 7b555575 
Dealt to Hero [3c 2s]
Dealt to 99f2715b 
Dealt to 3fd042a9 
Dealt to e96faec8 
3fd042a9: calls $0.1
e96faec8: calls $0.1
7b555575: folds
Hero: folds
99f2715b: checks
*** FLOP *** [8h 2c Qc]
99f2715b: checks
3fd042a9: bets $0.18
e96faec8: calls $0.18
99f2715b: folds
*** TURN *** [8h 2c Qc] [3d]
3fd042a9: bets $0.36
e96faec8: calls $0.36
*** RIVER *** [8h 2c Qc 3d] [4c]
3fd042a9: checks
e96faec8: checks
3fd042a9: shows [7s Qh] (Pair of Queens)
e96faec8: shows [2d Ah] (Pair of Twos)
*** SHOWDOWN ***
3fd042a9 collected $1.36 from pot
*** SUMMARY ***
Total pot $1.43 | Rake $0.07 | Jackpot $0 | Bingo $0 | Fortune $0 | Tax $0
Board [8h 2c Qc 3d 4c]
Seat 1: 7b555575 (button) folded before Flop (didn't bet)
Seat 2: Hero (small blind) folded before Flop
Seat 3: 99f2715b (big blind) folded on the Flop
Seat 4: 3fd042a9 showed [7s Qh] and won ($1.36) with Pair of Queens
Seat 5: e96faec8 showed [2d Ah] and lost with Pair of Twos


Poker Hand #HD1762814396: Hold'em No Limit ($0.05/$0.1) - 2024/05/07 19:50:41
Table 'NLHRed16' 6-max Seat #6 is the button
Seat 1: 7b555575 ($10.52 in chips)
Seat 2: Hero ($10 in chips)
Seat 3: 99f2715b ($10.73 in chips)
Seat 4: 3fd042a9 ($12.38 in chips)
Seat 5: e96faec8 ($23.47 in chips)
Seat 6: af2d03ae ($5.17 in chips)
7b555575: posts small blind $0.05
Hero: posts big blind $0.1
*** HOLE CARDS ***
Dealt to 7b555575 
Dealt to Hero [5h Js]
Dealt to 99f2715b 
Dealt to 3fd042a9 
Dealt to e96faec8 
Dealt to af2d03ae 
99f2715b: folds
3fd042a9: calls $0.1
e96faec8: folds
af2d03ae: raises $0.18 to $0.28
7b555575: raises $0.18 to $0.46
Hero: folds
3fd042a9: calls $0.36
af2d03ae: raises $4.71 to $5.17 and is all-in
7b555575: calls $4.71
3fd042a9: folds
af2d03ae: shows [Jc Jd]
7b555575: shows [Ks Kd]
*** FLOP *** [Td 7d 7h]
*** TURN *** [Td 7d 7h] [Qs]
*** RIVER *** [Td 7d 7h Qs] [Ah]
*** SHOWDOWN ***
7b555575 collected $10.26 from pot
*** SUMMARY ***
Total pot $10.9 | Rake $0.54 | Jackpot $0.1 | Bingo $0 | Fortune $0 | Tax $0
Board [Td 7d 7h Qs Ah]
Seat 1: 7b555575 (small blind) showed [Ks Kd] and won ($10.26) with Pair of Kings and Pair of Sevens
Seat 2: Hero (big blind) folded before Flop
Seat 3: 99f2715b folded before Flop (didn't bet)
Seat 4: 3fd042a9 folded before Flop
Seat 5: e96faec8 folded before Flop (didn't bet)
Seat 6: af2d03ae (button) showed [Jc Jd] and lost with Pair of Jacks and Pair of Sevens


