Poker Hand #HD1819298396: Hold'em No Limit ($0.05/$0.1) - 2024/06/17 13:28:03
Table 'NLHRed1' 6-max Seat #6 is the button
Seat 1: 13867d61 ($7.39 in chips)
Seat 2: d141c9f1 ($23.6 in chips)
Seat 3: d084f402 ($17.28 in chips)
Seat 4: d02cd1f3 ($10.31 in chips)
Seat 5: ed0d5fe7 ($11.17 in chips)
Seat 6: Hero ($10 in chips)
13867d61: posts small blind $0.05
d141c9f1: posts big blind $0.1
*** HOLE CARDS ***
Dealt to 13867d61 
Dealt to d141c9f1 
Dealt to d084f402 
Dealt to d02cd1f3 
Dealt to ed0d5fe7 
Dealt to Hero [Ts 7d]
d084f402: folds
d02cd1f3: folds
ed0d5fe7: folds
Hero: folds
13867d61: calls $0.05
d141c9f1: checks
*** FLOP *** [6c As 9c]
13867d61: checks
d141c9f1: checks
*** TURN *** [6c As 9c] [9h]
13867d61: bets $0.1
d141c9f1: folds
Uncalled bet ($0.1) returned to 13867d61
*** SHOWDOWN ***
13867d61 collected $0.19 from pot
*** SUMMARY ***
Total pot $0.2 | Rake $0.01 | Jackpot $0 | Bingo $0 | Fortune $0 | Tax $0
Board [6c As 9c 9h]
Seat 1: 13867d61 (small blind) won ($0.19)
Seat 2: d141c9f1 (big blind) folded on the Turn
Seat 3: d084f402 folded before Flop (didn't bet)
Seat 4: d02cd1f3 folded before Flop (didn't bet)
Seat 5: ed0d5fe7 folded before Flop (didn't bet)
Seat 6: Hero (button) folded before Flop (didn't bet)


Poker Hand #HD1819298370: Hold'em No Limit ($0.05/$0.1) - 2024/06/17 13:27:51
Table 'NLHRed1' 6-max Seat #5 is the button
Seat 1: 13867d61 ($7.34 in chips)
Seat 2: d141c9f1 ($23.6 in chips)
Seat 3: d084f402 ($17.28 in chips)
Seat 4: d02cd1f3 ($10.31 in chips)
Seat 5: ed0d5fe7 ($11.17 in chips)
Seat 6: Hero ($10 in chips)
Hero: posts small blind $0.05
13867d61: posts big blind $0.1
*** HOLE CARDS ***
Dealt to 13867d61 
Dealt to d141c9f1 
Dealt to d084f402 
Dealt to d02cd1f3 
Dealt to ed0d5fe7 
Dealt to Hero [4c Kd]
d141c9f1: folds
d084f402: folds
d02cd1f3: folds
ed0d5fe7: folds
Hero: folds
Uncalled bet ($0.05) returned to 13867d61
*** SHOWDOWN ***
13867d61 collected $0.1 from pot
*** SUMMARY ***
Total pot $0.1 | Rake $0 | Jackpot $0 | Bingo $0 | Fortune $0 | Tax $0
Seat 1: 13867d61 (big blind) collected ($0.1)
Seat 2: d141c9f1 folded before Flop (didn't bet)
Seat 3: d084f402 folded before Flop (didn't bet)
Seat 4: d02cd1f3 folded before Flop (didn't bet)
Seat 5: ed0d5fe7 (button) folded before Flop (didn't bet)
Seat 6: Hero (small blind) folded before Flop


Poker Hand #HD1819298342: Hold'em No Limit ($0.05/$0.1) - 2024/06/17 13:27:32
Table 'NLHRed1' 6-max Seat #4 is the button
Seat 1: 13867d61 ($7.34 in chips)
Seat 2: d141c9f1 ($23.45 in chips)
Seat 3: d084f402 ($17.28 in chips)
Seat 4: d02cd1f3 ($10.31 in chips)
Seat 5: ed0d5fe7 ($11.22 in chips)
Seat 6: Hero ($10 in chips)
ed0d5fe7: posts small blind $0.05
Hero: posts big blind $0.1
*** HOLE CARDS ***
Dealt to 13867d61 
Dealt to d141c9f1 
Dealt to d084f402 
Dealt to d02cd1f3 
Dealt to ed0d5fe7 
Dealt to Hero [4s 8s]
13867d61: folds
d141c9f1: raises $0.15 to $0.25
d084f402: folds
d02cd1f3: folds
ed0d5fe7: folds
Hero: folds
Uncalled bet ($0.15) returned to d141c9f1
*** SHOWDOWN ***
d141c9f1 collected $0.25 from pot
*** SUMMARY ***
Total pot $0.25 | Rake $0 | Jackpot $0 | Bingo $0 | Fortune $0 | Tax $0
Seat 1: 13867d61 folded before Flop (didn't bet)
Seat 2: d141c9f1 collected ($0.25)
Seat 3: d084f402 folded before Flop (didn't bet)
Seat 4: d02cd1f3 (button) folded before Flop (didn't bet)
Seat 5: ed0d5fe7 (small blind) folded before Flop
Seat 6: Hero (big blind) folded before Flop


Poker Hand #HD1819298309: Hold'em No Limit ($0.05/$0.1) - 2024/06/17 13:27:12
Table 'NLHRed1' 6-max Seat #3 is the button
Seat 1: 13867d61 ($7.34 in chips)
Seat 2: d141c9f1 ($23.45 in chips)
Seat 3: d084f402 ($17.48 in chips)
Seat 4: d02cd1f3 ($10.03 in chips)
Seat 5: ed0d5fe7 ($11.32 in chips)
Seat 6: Hero ($10 in chips)
d02cd1f3: posts small blind $0.05
ed0d5fe7: posts big blind $0.1
*** HOLE CARDS ***
Dealt to 13867d61 
Dealt to d141c9f1 
Dealt to d084f402 
Dealt to d02cd1f3 
Dealt to ed0d5fe7 
Dealt to Hero [Kd Tc]
Hero: folds
13867d61: folds
d141c9f1: folds
d084f402: raises $0.1 to $0.2
d02cd1f3: raises $0.6 to $0.8
ed0d5fe7: folds
d084f402: folds
Uncalled bet ($0.6) returned to d02cd1f3
*** SHOWDOWN ***
d02cd1f3 collected $0.48 from pot
*** SUMMARY ***
Total pot $0.5 | Rake $0.02 | Jackpot $0 | Bingo $0 | Fortune $0 | Tax $0
Seat 1: 13867d61 folded before Flop (didn't bet)
Seat 2: d141c9f1 folded before Flop (didn't bet)
Seat 3: d084f402 (button) folded before Flop
Seat 4: d02cd1f3 (small blind) collected ($0.48)
Seat 5: ed0d5fe7 (big blind) folded before Flop
Seat 6: Hero folded before Flop (didn't bet)


Poker Hand #HD1819298267: Hold'em No Limit ($0.05/$0.1) - 2024/06/17 13:26:49
Table 'NLHRed1' 6-max Seat #2 is the button
Seat 1: 13867d61 ($7.34 in chips)
Seat 2: d141c9f1 ($23.7 in chips)
Seat 3: d084f402 ($17.16 in chips)
Seat 4: d02cd1f3 ($10.13 in chips)
Seat 5: ed0d5fe7 ($11.32 in chips)
Seat 6: Hero ($10 in chips)
d084f402: posts small blind $0.05
d02cd1f3: posts big blind $0.1
*** HOLE CARDS ***
Dealt to 13867d61 
Dealt to d141c9f1 
Dealt to d084f402 
Dealt to d02cd1f3 
Dealt to ed0d5fe7 
Dealt to Hero [Qh 7s]
ed0d5fe7: folds
Hero: folds
13867d61: folds
d141c9f1: raises $0.15 to $0.25
d084f402: raises $0.95 to $1.2
d02cd1f3: folds
d141c9f1: folds
Uncalled bet ($0.95) returned to d084f402
*** SHOWDOWN ***
d084f402 collected $0.57 from pot
*** SUMMARY ***
Total pot $0.6 | Rake $0.03 | Jackpot $0 | Bingo $0 | Fortune $0 | Tax $0
Seat 1: 13867d61 folded before Flop (didn't bet)
Seat 2: d141c9f1 (button) folded before Flop
Seat 3: d084f402 (small blind) collected ($0.57)
Seat 4: d02cd1f3 (big blind) folded before Flop
Seat 5: ed0d5fe7 folded before Flop (didn't bet)
Seat 6: Hero folded before Flop (didn't bet)


Poker Hand #HD1819298240: Hold'em No Limit ($0.05/$0.1) - 2024/06/17 13:26:32
Table 'NLHRed1' 6-max Seat #1 is the button
Seat 1: 13867d61 ($7.34 in chips)
Seat 2: d141c9f1 ($23.75 in chips)
Seat 3: d084f402 ($17.11 in chips)
Seat 4: d02cd1f3 ($10.13 in chips)
Seat 5: ed0d5fe7 ($11.32 in chips)
Seat 6: Hero ($10 in chips)
d141c9f1: posts small blind $0.05
d084f402: posts big blind $0.1
*** HOLE CARDS ***
Dealt to 13867d61 
Dealt to d141c9f1 
Dealt to d084f402 
Dealt to d02cd1f3 
Dealt to ed0d5fe7 
Dealt to Hero [6s 2s]
d02cd1f3: folds
ed0d5fe7: folds
Hero: folds
13867d61: folds
d141c9f1: folds
Uncalled bet ($0.05) returned to d084f402
*** SHOWDOWN ***
d084f402 collected $0.1 from pot
*** SUMMARY ***
Total pot $0.1 | Rake $0 | Jackpot $0 | Bingo $0 | Fortune $0 | Tax $0
Seat 1: 13867d61 (button) folded before Flop (didn't bet)
Seat 2: d141c9f1 (small blind) folded before Flop
Seat 3: d084f402 (big blind) collected ($0.1)
Seat 4: d02cd1f3 folded before Flop (didn't bet)
Seat 5: ed0d5fe7 folded before Flop (didn't bet)
Seat 6: Hero folded before Flop (didn't bet)


Poker Hand #HD1819298209: Hold'em No Limit ($0.05/$0.1) - 2024/06/17 13:26:13
Table 'NLHRed1' 6-max Seat #6 is the button
Seat 1: 13867d61 ($7.24 in chips)
Seat 2: d141c9f1 ($23.85 in chips)
Seat 3: d084f402 ($17.11 in chips)
Seat 4: d02cd1f3 ($10.13 in chips)
Seat 5: ed0d5fe7 ($11.32 in chips)
Seat 6: Hero ($10 in chips)
13867d61: posts small blind $0.05
d141c9f1: posts big blind $0.1
*** HOLE CARDS ***
Dealt to 13867d61 
Dealt to d141c9f1 
Dealt to d084f402 
Dealt to d02cd1f3 
Dealt to ed0d5fe7 
Dealt to Hero [8c 4d]
d084f402: folds
d02cd1f3: folds
ed0d5fe7: folds
Hero: folds
13867d61: raises $0.2 to $0.3
d141c9f1: folds
Uncalled bet ($0.2) returned to 13867d61
*** SHOWDOWN ***
13867d61 collected $0.2 from pot
*** SUMMARY ***
Total pot $0.2 | Rake $0 | Jackpot $0 | Bingo $0 | Fortune $0 | Tax $0
Seat 1: 13867d61 (small blind) collected ($0.2)
Seat 2: d141c9f1 (big blind) folded before Flop
Seat 3: d084f402 folded before Flop (didn't bet)
Seat 4: d02cd1f3 folded before Flop (didn't bet)
Seat 5: ed0d5fe7 folded before Flop (didn't bet)
Seat 6: Hero (button) folded before Flop (didn't bet)


Poker Hand #HD1819298124: Hold'em No Limit ($0.05/$0.1) - 2024/06/17 13:25:24
Table 'NLHRed1' 6-max Seat #5 is the button
Seat 1: 13867d61 ($6.6 in chips)
Seat 2: d141c9f1 ($23.85 in chips)
Seat 3: d084f402 ($17.11 in chips)
Seat 4: d02cd1f3 ($10.13 in chips)
Seat 5: ed0d5fe7 ($11.97 in chips)
Seat 6: Hero ($10 in chips)
Hero: posts small blind $0.05
13867d61: posts big blind $0.1
*** HOLE CARDS ***
Dealt to 13867d61 
Dealt to d141c9f1 
Dealt to d084f402 
Dealt to d02cd1f3 
Dealt to ed0d5fe7 
Dealt to Hero [4h Jh]
d141c9f1: folds
d084f402: folds
d02cd1f3: folds
ed0d5fe7: raises $0.1 to $0.2
Hero: folds
13867d61: calls $0.1
*** FLOP *** [Js 2c Ad]
13867d61: checks
ed0d5fe7: bets $0.45
13867d61: calls $0.45
*** TURN *** [Js 2c Ad] [7c]
13867d61: checks
ed0d5fe7: checks
*** RIVER *** [Js 2c Ad 7c] [7h]
13867d61: checks
ed0d5fe7: checks
13867d61: shows [Jd Ts] (Pair of Jacks and Pair of Sevens)
ed0d5fe7: shows [Qc 9c] (Pair of Sevens)
*** SHOWDOWN ***
13867d61 collected $1.29 from pot
*** SUMMARY ***
Total pot $1.35 | Rake $0.06 | Jackpot $0 | Bingo $0 | Fortune $0 | Tax $0
Board [Js 2c Ad 7c 7h]
Seat 1: 13867d61 (big blind) showed [Jd Ts] and won ($1.29) with Pair of Jacks and Pair of Sevens
Seat 2: d141c9f1 folded before Flop (didn't bet)
Seat 3: d084f402 folded before Flop (didn't bet)
Seat 4: d02cd1f3 folded before Flop (didn't bet)
Seat 5: ed0d5fe7 (button) showed [Qc 9c] and lost with Pair of Sevens
Seat 6: Hero (small blind) folded before Flop


Poker Hand #HD1819298099: Hold'em No Limit ($0.05/$0.1) - 2024/06/17 13:25:06
Table 'NLHRed1' 6-max Seat #4 is the button
Seat 1: 13867d61 ($6.45 in chips)
Seat 2: d141c9f1 ($23.85 in chips)
Seat 3: d084f402 ($17.11 in chips)
Seat 4: d02cd1f3 ($10.13 in chips)
Seat 5: ed0d5fe7 ($12.02 in chips)
Seat 6: Hero ($10 in chips)
ed0d5fe7: posts small blind $0.05
Hero: posts big blind $0.1
*** HOLE CARDS ***
Dealt to 13867d61 
Dealt to d141c9f1 
Dealt to d084f402 
Dealt to d02cd1f3 
Dealt to ed0d5fe7 
Dealt to Hero [3h Tc]
13867d61: raises $0.1 to $0.2
d141c9f1: folds
d084f402: folds
d02cd1f3: folds
ed0d5fe7: folds
Hero: folds
Uncalled bet ($0.1) returned to 13867d61
*** SHOWDOWN ***
13867d61 collected $0.25 from pot
*** SUMMARY ***
Total pot $0.25 | Rake $0 | Jackpot $0 | Bingo $0 | Fortune $0 | Tax $0
Seat 1: 13867d61 collected ($0.25)
Seat 2: d141c9f1 folded before Flop (didn't bet)
Seat 3: d084f402 folded before Flop (didn't bet)
Seat 4: d02cd1f3 (button) folded before Flop (didn't bet)
Seat 5: ed0d5fe7 (small blind) folded before Flop
Seat 6: Hero (big blind) folded before Flop


Poker Hand #HD1819298070: Hold'em No Limit ($0.05/$0.1) - 2024/06/17 13:24:49
Table 'NLHRed1' 6-max Seat #3 is the button
Seat 1: 13867d61 ($6.3 in chips)
Seat 2: d141c9f1 ($23.85 in chips)
Seat 3: d084f402 ($17.11 in chips)
Seat 4: d02cd1f3 ($10.18 in chips)
Seat 5: ed0d5fe7 ($12.12 in chips)
Seat 6: Hero ($10 in chips)
d02cd1f3: posts small blind $0.05
ed0d5fe7: posts big blind $0.1
*** HOLE CARDS ***
Dealt to 13867d61 
Dealt to d141c9f1 
Dealt to d084f402 
Dealt to d02cd1f3 
Dealt to ed0d5fe7 
Dealt to Hero [2c 3d]
Hero: folds
13867d61: raises $0.1 to $0.2
d141c9f1: folds
d084f402: folds
d02cd1f3: folds
ed0d5fe7: folds
Uncalled bet ($0.1) returned to 13867d61
*** SHOWDOWN ***
13867d61 collected $0.25 from pot
*** SUMMARY ***
Total pot $0.25 | Rake $0 | Jackpot $0 | Bingo $0 | Fortune $0 | Tax $0
Seat 1: 13867d61 collected ($0.25)
Seat 2: d141c9f1 folded before Flop (didn't bet)
Seat 3: d084f402 (button) folded before Flop (didn't bet)
Seat 4: d02cd1f3 (small blind) folded before Flop
Seat 5: ed0d5fe7 (big blind) folded before Flop
Seat 6: Hero folded before Flop (didn't bet)


Poker Hand #HD1819298016: Hold'em No Limit ($0.05/$0.1) - 2024/06/17 13:24:17
Table 'NLHRed1' 6-max Seat #2 is the button
Seat 1: 13867d61 ($6.3 in chips)
Seat 2: d141c9f1 ($23.85 in chips)
Seat 3: d084f402 ($17.31 in chips)
Seat 4: d02cd1f3 ($10 in chips)
Seat 5: ed0d5fe7 ($12.12 in chips)
Seat 6: Hero ($10 in chips)
d084f402: posts small blind $0.05
d02cd1f3: posts big blind $0.1
*** HOLE CARDS ***
Dealt to 13867d61 
Dealt to d141c9f1 
Dealt to d084f402 
Dealt to d02cd1f3 
Dealt to ed0d5fe7 
Dealt to Hero [8h 6c]
ed0d5fe7: folds
Hero: folds
13867d61: folds
d141c9f1: folds
d084f402: raises $0.1 to $0.2
d02cd1f3: raises $0.5 to $0.7
d084f402: folds
Uncalled bet ($0.5) returned to d02cd1f3
*** SHOWDOWN ***
d02cd1f3 collected $0.38 from pot
*** SUMMARY ***
Total pot $0.4 | Rake $0.02 | Jackpot $0 | Bingo $0 | Fortune $0 | Tax $0
Seat 1: 13867d61 folded before Flop (didn't bet)
Seat 2: d141c9f1 (button) folded before Flop (didn't bet)
Seat 3: d084f402 (small blind) folded before Flop
Seat 4: d02cd1f3 (big blind) collected ($0.38)
Seat 5: ed0d5fe7 folded before Flop (didn't bet)
Seat 6: Hero folded before Flop (didn't bet)


Poker Hand #HD1819297996: Hold'em No Limit ($0.05/$0.1) - 2024/06/17 13:24:03
Table 'NLHRed1' 6-max Seat #1 is the button
Seat 1: 13867d61 ($6.3 in chips)
Seat 2: d141c9f1 ($23.9 in chips)
Seat 3: d084f402 ($17.41 in chips)
Seat 4: d02cd1f3 ($10 in chips)
Seat 5: ed0d5fe7 ($11.97 in chips)
Seat 6: Hero ($10 in chips)
d141c9f1: posts small blind $0.05
d084f402: posts big blind $0.1
*** HOLE CARDS ***
Dealt to 13867d61 
Dealt to d141c9f1 
Dealt to d084f402 
Dealt to d02cd1f3 
Dealt to ed0d5fe7 
Dealt to Hero [Tc Jh]
d02cd1f3: folds
ed0d5fe7: raises $0.1 to $0.2
Hero: folds
13867d61: folds
d141c9f1: folds
d084f402: folds
Uncalled bet ($0.1) returned to ed0d5fe7
*** SHOWDOWN ***
ed0d5fe7 collected $0.25 from pot
*** SUMMARY ***
Total pot $0.25 | Rake $0 | Jackpot $0 | Bingo $0 | Fortune $0 | Tax $0
Seat 1: 13867d61 (button) folded before Flop (didn't bet)
Seat 2: d141c9f1 (small blind) folded before Flop
Seat 3: d084f402 (big blind) folded before Flop
Seat 4: d02cd1f3 folded before Flop (didn't bet)
Seat 5: ed0d5fe7 collected ($0.25)
Seat 6: Hero folded before Flop (didn't bet)


Poker Hand #HD1819297911: Hold'em No Limit ($0.05/$0.1) - 2024/06/17 13:23:13
Table 'NLHRed1' 6-max Seat #6 is the button
Seat 1: 13867d61 ($6.35 in chips)
Seat 2: d141c9f1 ($23.12 in chips)
Seat 3: d084f402 ($17.41 in chips)
Seat 4: d02cd1f3 ($10.15 in chips)
Seat 5: ed0d5fe7 ($11.97 in chips)
Seat 6: Hero ($10 in chips)
13867d61: posts small blind $0.05
d141c9f1: posts big blind $0.1
*** HOLE CARDS ***
Dealt to 13867d61 
Dealt to d141c9f1 
Dealt to d084f402 
Dealt to d02cd1f3 
Dealt to ed0d5fe7 
Dealt to Hero [Js 2h]
d084f402: folds
d02cd1f3: raises $0.12 to $0.22
ed0d5fe7: folds
Hero: folds
13867d61: folds
d141c9f1: calls $0.12
*** FLOP *** [Jd 5d Qh]
d141c9f1: checks
d02cd1f3: bets $0.17
d141c9f1: calls $0.17
*** TURN *** [Jd 5d Qh] [6c]
d141c9f1: checks
d02cd1f3: bets $0.42
d141c9f1: calls $0.42
*** RIVER *** [Jd 5d Qh 6c] [2c]
d141c9f1: checks
d02cd1f3: checks
d141c9f1: shows [Th Jh] (Pair of Jacks)
d02cd1f3: shows [9c 9d] (Pair of Nines)
*** SHOWDOWN ***
d141c9f1 collected $1.59 from pot
*** SUMMARY ***
Total pot $1.67 | Rake $0.08 | Jackpot $0 | Bingo $0 | Fortune $0 | Tax $0
Board [Jd 5d Qh 6c 2c]
Seat 1: 13867d61 (small blind) folded before Flop
Seat 2: d141c9f1 (big blind) showed [Th Jh] and won ($1.59) with Pair of Jacks
Seat 3: d084f402 folded before Flop (didn't bet)
Seat 4: d02cd1f3 showed [9c 9d] and lost with Pair of Nines
Seat 5: ed0d5fe7 folded before Flop (didn't bet)
Seat 6: Hero (button) folded before Flop (didn't bet)


Poker Hand #HD1819297841: Hold'em No Limit ($0.05/$0.1) - 2024/06/17 13:22:27
Table 'NLHRed1' 6-max Seat #5 is the button
Seat 1: 13867d61 ($7 in chips)
Seat 2: d141c9f1 ($23.12 in chips)
Seat 3: d084f402 ($17.41 in chips)
Seat 4: d02cd1f3 ($10.15 in chips)
Seat 5: ed0d5fe7 ($11.33 in chips)
Seat 6: Hero ($10 in chips)
Hero: posts small blind $0.05
13867d61: posts big blind $0.1
*** HOLE CARDS ***
Dealt to 13867d61 
Dealt to d141c9f1 
Dealt to d084f402 
Dealt to d02cd1f3 
Dealt to ed0d5fe7 
Dealt to Hero [4h 6d]
d141c9f1: folds
d084f402: folds
d02cd1f3: folds
ed0d5fe7: raises $0.1 to $0.2
Hero: folds
13867d61: calls $0.1
*** FLOP *** [3c 9h 7d]
13867d61: checks
ed0d5fe7: bets $0.45
13867d61: calls $0.45
*** TURN *** [3c 9h 7d] [Th]
13867d61: checks
ed0d5fe7: checks
*** RIVER *** [3c 9h 7d Th] [Qh]
13867d61: checks
ed0d5fe7: checks
13867d61: shows [7h As] (Pair of Sevens)
ed0d5fe7: shows [Jh Ts] (Pair of Tens)
*** SHOWDOWN ***
ed0d5fe7 collected $1.29 from pot
*** SUMMARY ***
Total pot $1.35 | Rake $0.06 | Jackpot $0 | Bingo $0 | Fortune $0 | Tax $0
Board [3c 9h 7d Th Qh]
Seat 1: 13867d61 (big blind) showed [7h As] and lost with Pair of Sevens
Seat 2: d141c9f1 folded before Flop (didn't bet)
Seat 3: d084f402 folded before Flop (didn't bet)
Seat 4: d02cd1f3 folded before Flop (didn't bet)
Seat 5: ed0d5fe7 (button) showed [Jh Ts] and won ($1.29) with Pair of Tens
Seat 6: Hero (small blind) folded before Flop


Poker Hand #HD1819297795: Hold'em No Limit ($0.05/$0.1) - 2024/06/17 13:22:03
Table 'NLHRed1' 6-max Seat #4 is the button
Seat 2: d141c9f1 ($23.12 in chips)
Seat 3: d084f402 ($17.41 in chips)
Seat 4: d02cd1f3 ($10 in chips)
Seat 5: ed0d5fe7 ($11.38 in chips)
Seat 6: Hero ($10 in chips)
ed0d5fe7: posts small blind $0.05
Hero: posts big blind $0.1
*** HOLE CARDS ***
Dealt to d141c9f1 
Dealt to d084f402 
Dealt to d02cd1f3 
Dealt to ed0d5fe7 
Dealt to Hero [8s Qh]
d141c9f1: folds
d084f402: folds
d02cd1f3: raises $0.12 to $0.22
ed0d5fe7: folds
Hero: folds
Uncalled bet ($0.12) returned to d02cd1f3
*** SHOWDOWN ***
d02cd1f3 collected $0.25 from pot
*** SUMMARY ***
Total pot $0.25 | Rake $0 | Jackpot $0 | Bingo $0 | Fortune $0 | Tax $0
Seat 2: d141c9f1 folded before Flop (didn't bet)
Seat 3: d084f402 folded before Flop (didn't bet)
Seat 4: d02cd1f3 (button) collected ($0.25)
Seat 5: ed0d5fe7 (small blind) folded before Flop
Seat 6: Hero (big blind) folded before Flop


Poker Hand #HD1819297754: Hold'em No Limit ($0.05/$0.1) - 2024/06/17 13:21:39
Table 'NLHRed1' 6-max Seat #3 is the button
Seat 2: d141c9f1 ($23.12 in chips)
Seat 3: d084f402 ($17.61 in chips)
Seat 4: d02cd1f3 ($10 in chips)
Seat 5: ed0d5fe7 ($11.15 in chips)
Seat 6: Hero ($10 in chips)
d02cd1f3: posts small blind $0.05
ed0d5fe7: posts big blind $0.1
*** HOLE CARDS ***
Dealt to d141c9f1 
Dealt to d084f402 
Dealt to d02cd1f3 
Dealt to ed0d5fe7 
Dealt to Hero [Jh 7h]
Hero: folds
d141c9f1: folds
d084f402: raises $0.1 to $0.2
d02cd1f3: folds
ed0d5fe7: calls $0.1
*** FLOP *** [Kc 8d 5d]
ed0d5fe7: bets $0.45
d084f402: folds
Uncalled bet ($0.45) returned to ed0d5fe7
*** SHOWDOWN ***
ed0d5fe7 collected $0.43 from pot
*** SUMMARY ***
Total pot $0.45 | Rake $0.02 | Jackpot $0 | Bingo $0 | Fortune $0 | Tax $0
Board [Kc 8d 5d]
Seat 2: d141c9f1 folded before Flop (didn't bet)
Seat 3: d084f402 (button) folded on the Flop
Seat 4: d02cd1f3 (small blind) folded before Flop
Seat 5: ed0d5fe7 (big blind) won ($0.43)
Seat 6: Hero folded before Flop (didn't bet)


Poker Hand #HD1819297734: Hold'em No Limit ($0.05/$0.1) - 2024/06/17 13:21:26
Table 'NLHRed1' 6-max Seat #2 is the button
Seat 2: d141c9f1 ($23.12 in chips)
Seat 3: d084f402 ($17.66 in chips)
Seat 4: d02cd1f3 ($10 in chips)
Seat 5: ed0d5fe7 ($11 in chips)
Seat 6: Hero ($10 in chips)
d084f402: posts small blind $0.05
d02cd1f3: posts big blind $0.1
*** HOLE CARDS ***
Dealt to d141c9f1 
Dealt to d084f402 
Dealt to d02cd1f3 
Dealt to ed0d5fe7 
Dealt to Hero [4d Tc]
ed0d5fe7: raises $0.1 to $0.2
Hero: folds
d141c9f1: folds
d084f402: folds
d02cd1f3: folds
Uncalled bet ($0.1) returned to ed0d5fe7
*** SHOWDOWN ***
ed0d5fe7 collected $0.25 from pot
*** SUMMARY ***
Total pot $0.25 | Rake $0 | Jackpot $0 | Bingo $0 | Fortune $0 | Tax $0
Seat 2: d141c9f1 (button) folded before Flop (didn't bet)
Seat 3: d084f402 (small blind) folded before Flop
Seat 4: d02cd1f3 (big blind) folded before Flop
Seat 5: ed0d5fe7 collected ($0.25)
Seat 6: Hero folded before Flop (didn't bet)


Poker Hand #HD1819297682: Hold'em No Limit ($0.05/$0.1) - 2024/06/17 13:20:57
Table 'NLHRed1' 6-max Seat #6 is the button
Seat 2: d141c9f1 ($23.17 in chips)
Seat 3: d084f402 ($17.76 in chips)
Seat 4: d02cd1f3 ($10 in chips)
Seat 5: ed0d5fe7 ($10.86 in chips)
Seat 6: Hero ($10 in chips)
d141c9f1: posts small blind $0.05
d084f402: posts big blind $0.1
*** HOLE CARDS ***
Dealt to d141c9f1 
Dealt to d084f402 
Dealt to d02cd1f3 
Dealt to ed0d5fe7 
Dealt to Hero [6c 5d]
d02cd1f3: folds
ed0d5fe7: calls $0.1
Hero: folds
d141c9f1: folds
d084f402: checks
*** FLOP *** [Ad 5s 3d]
d084f402: checks
ed0d5fe7: bets $0.19
d084f402: folds
Uncalled bet ($0.19) returned to ed0d5fe7
*** SHOWDOWN ***
ed0d5fe7 collected $0.24 from pot
*** SUMMARY ***
Total pot $0.25 | Rake $0.01 | Jackpot $0 | Bingo $0 | Fortune $0 | Tax $0
Board [Ad 5s 3d]
Seat 2: d141c9f1 (small blind) folded before Flop
Seat 3: d084f402 (big blind) folded on the Flop
Seat 4: d02cd1f3 folded before Flop (didn't bet)
Seat 5: ed0d5fe7 won ($0.24)
Seat 6: Hero (button) folded before Flop (didn't bet)


Poker Hand #HD1819297657: Hold'em No Limit ($0.05/$0.1) - 2024/06/17 13:20:37
Table 'NLHRed1' 6-max Seat #5 is the button
Seat 2: d141c9f1 ($23.27 in chips)
Seat 3: d084f402 ($17.61 in chips)
Seat 4: d02cd1f3 ($10 in chips)
Seat 5: ed0d5fe7 ($10.86 in chips)
Seat 6: Hero ($10 in chips)
Hero: posts small blind $0.05
d141c9f1: posts big blind $0.1
*** HOLE CARDS ***
Dealt to d141c9f1 
Dealt to d084f402 
Dealt to d02cd1f3 
Dealt to ed0d5fe7 
Dealt to Hero [4d 4s]
d084f402: raises $0.1 to $0.2
d02cd1f3: folds
ed0d5fe7: folds
Hero: folds
d141c9f1: folds
Uncalled bet ($0.1) returned to d084f402
*** SHOWDOWN ***
d084f402 collected $0.25 from pot
*** SUMMARY ***
Total pot $0.25 | Rake $0 | Jackpot $0 | Bingo $0 | Fortune $0 | Tax $0
Seat 2: d141c9f1 (big blind) folded before Flop
Seat 3: d084f402 collected ($0.25)
Seat 4: d02cd1f3 folded before Flop (didn't bet)
Seat 5: ed0d5fe7 (button) folded before Flop (didn't bet)
Seat 6: Hero (small blind) folded before Flop


Poker Hand #HD1819297632: Hold'em No Limit ($0.05/$0.1) - 2024/06/17 13:20:20
Table 'NLHRed1' 6-max Seat #4 is the button
Seat 2: d141c9f1 ($23.27 in chips)
Seat 3: d084f402 ($17.46 in chips)
Seat 4: d02cd1f3 ($10 in chips)
Seat 5: ed0d5fe7 ($10.91 in chips)
Seat 6: Hero ($10 in chips)
ed0d5fe7: posts small blind $0.05
Hero: posts big blind $0.1
*** HOLE CARDS ***
Dealt to d141c9f1 
Dealt to d084f402 
Dealt to d02cd1f3 
Dealt to ed0d5fe7 
Dealt to Hero [4d Ac]
d141c9f1: folds
d084f402: raises $0.1 to $0.2
d02cd1f3: folds
ed0d5fe7: folds
Hero: folds
Uncalled bet ($0.1) returned to d084f402
*** SHOWDOWN ***
d084f402 collected $0.25 from pot
*** SUMMARY ***
Total pot $0.25 | Rake $0 | Jackpot $0 | Bingo $0 | Fortune $0 | Tax $0
Seat 2: d141c9f1 folded before Flop (didn't bet)
Seat 3: d084f402 collected ($0.25)
Seat 4: d02cd1f3 (button) folded before Flop (didn't bet)
Seat 5: ed0d5fe7 (small blind) folded before Flop
Seat 6: Hero (big blind) folded before Flop


Poker Hand #HD1819297564: Hold'em No Limit ($0.05/$0.1) - 2024/06/17 13:19:37
Table 'NLHRed1' 6-max Seat #3 is the button
Seat 1: 8f754a4 ($12.87 in chips)
Seat 2: d141c9f1 ($22.71 in chips)
Seat 3: d084f402 ($17.71 in chips)
Seat 4: d02cd1f3 ($10 in chips)
Seat 5: ed0d5fe7 ($11.01 in chips)
Seat 6: Hero ($10 in chips)
d02cd1f3: posts small blind $0.05
ed0d5fe7: posts big blind $0.1
*** HOLE CARDS ***
Dealt to 8f754a4 
Dealt to d141c9f1 
Dealt to d084f402 
Dealt to d02cd1f3 
Dealt to ed0d5fe7 
Dealt to Hero [6h 7d]
Hero: folds
8f754a4: folds
d141c9f1: raises $0.15 to $0.25
d084f402: calls $0.25
d02cd1f3: calls $0.2
ed0d5fe7: folds
*** FLOP *** [Qc 9s Qs]
d02cd1f3: checks
d141c9f1: bets $0.29
d084f402: folds
d02cd1f3: folds
Uncalled bet ($0.29) returned to d141c9f1
*** SHOWDOWN ***
d141c9f1 collected $0.81 from pot
*** SUMMARY ***
Total pot $0.85 | Rake $0.04 | Jackpot $0 | Bingo $0 | Fortune $0 | Tax $0
Board [Qc 9s Qs]
Seat 1: 8f754a4 folded before Flop (didn't bet)
Seat 2: d141c9f1 won ($0.81)
Seat 3: d084f402 (button) folded on the Flop
Seat 4: d02cd1f3 (small blind) folded on the Flop
Seat 5: ed0d5fe7 (big blind) folded before Flop
Seat 6: Hero folded before Flop (didn't bet)


Poker Hand #HD1819297532: Hold'em No Limit ($0.05/$0.1) - 2024/06/17 13:19:18
Table 'NLHRed1' 6-max Seat #2 is the button
Seat 1: 8f754a4 ($12.87 in chips)
Seat 2: d141c9f1 ($22.71 in chips)
Seat 3: d084f402 ($17.76 in chips)
Seat 4: d02cd1f3 ($10 in chips)
Seat 5: ed0d5fe7 ($10.86 in chips)
Seat 6: Hero ($10 in chips)
d084f402: posts small blind $0.05
d02cd1f3: posts big blind $0.1
*** HOLE CARDS ***
Dealt to 8f754a4 
Dealt to d141c9f1 
Dealt to d084f402 
Dealt to d02cd1f3 
Dealt to ed0d5fe7 
Dealt to Hero [8s 5c]
ed0d5fe7: raises $0.1 to $0.2
Hero: folds
8f754a4: folds
d141c9f1: folds
d084f402: folds
d02cd1f3: folds
Uncalled bet ($0.1) returned to ed0d5fe7
*** SHOWDOWN ***
ed0d5fe7 collected $0.25 from pot
*** SUMMARY ***
Total pot $0.25 | Rake $0 | Jackpot $0 | Bingo $0 | Fortune $0 | Tax $0
Seat 1: 8f754a4 folded before Flop (didn't bet)
Seat 2: d141c9f1 (button) folded before Flop (didn't bet)
Seat 3: d084f402 (small blind) folded before Flop
Seat 4: d02cd1f3 (big blind) folded before Flop
Seat 5: ed0d5fe7 collected ($0.25)
Seat 6: Hero folded before Flop (didn't bet)


Poker Hand #HD1819297503: Hold'em No Limit ($0.05/$0.1) - 2024/06/17 13:19:00
Table 'NLHRed1' 6-max Seat #1 is the button
Seat 1: 8f754a4 ($13.09 in chips)
Seat 2: d141c9f1 ($22.41 in chips)
Seat 3: d084f402 ($17.86 in chips)
Seat 5: ed0d5fe7 ($10.86 in chips)
Seat 6: Hero ($10 in chips)
d141c9f1: posts small blind $0.05
d084f402: posts big blind $0.1
*** HOLE CARDS ***
Dealt to 8f754a4 
Dealt to d141c9f1 
Dealt to d084f402 
Dealt to ed0d5fe7 
Dealt to Hero [4s Jd]
ed0d5fe7: folds
Hero: folds
8f754a4: raises $0.12 to $0.22
d141c9f1: raises $0.41 to $0.63
d084f402: folds
8f754a4: folds
Uncalled bet ($0.41) returned to d141c9f1
*** SHOWDOWN ***
d141c9f1 collected $0.52 from pot
*** SUMMARY ***
Total pot $0.54 | Rake $0.02 | Jackpot $0 | Bingo $0 | Fortune $0 | Tax $0
Seat 1: 8f754a4 (button) folded before Flop
Seat 2: d141c9f1 (small blind) collected ($0.52)
Seat 3: d084f402 (big blind) folded before Flop
Seat 5: ed0d5fe7 folded before Flop (didn't bet)
Seat 6: Hero folded before Flop (didn't bet)


Poker Hand #HD1819297391: Hold'em No Limit ($0.05/$0.1) - 2024/06/17 13:17:51
Table 'NLHRed1' 6-max Seat #6 is the button
Seat 1: 8f754a4 ($13.59 in chips)
Seat 2: d141c9f1 ($22.51 in chips)
Seat 3: d084f402 ($17.31 in chips)
Seat 5: ed0d5fe7 ($10.86 in chips)
Seat 6: Hero ($10 in chips)
8f754a4: posts small blind $0.05
d141c9f1: posts big blind $0.1
*** HOLE CARDS ***
Dealt to 8f754a4 
Dealt to d141c9f1 
Dealt to d084f402 
Dealt to ed0d5fe7 
Dealt to Hero [Qh 2c]
d084f402: raises $0.1 to $0.2
ed0d5fe7: folds
Hero: folds
8f754a4: calls $0.15
d141c9f1: folds
*** FLOP *** [Jd Jc Kc]
8f754a4: checks
d084f402: checks
*** TURN *** [Jd Jc Kc] [Ah]
8f754a4: checks
d084f402: bets $0.3
8f754a4: calls $0.3
*** RIVER *** [Jd Jc Kc Ah] [4d]
8f754a4: checks
d084f402: checks
8f754a4: shows [3c Qc] (Pair of Jacks)
d084f402: shows [Tc Ac] (Pair of Aces and Pair of Jacks)
*** SHOWDOWN ***
d084f402 collected $1.05 from pot
*** SUMMARY ***
Total pot $1.1 | Rake $0.05 | Jackpot $0 | Bingo $0 | Fortune $0 | Tax $0
Board [Jd Jc Kc Ah 4d]
Seat 1: 8f754a4 (small blind) showed [3c Qc] and lost with Pair of Jacks
Seat 2: d141c9f1 (big blind) folded before Flop
Seat 3: d084f402 showed [Tc Ac] and won ($1.05) with Pair of Aces and Pair of Jacks
Seat 5: ed0d5fe7 folded before Flop (didn't bet)
Seat 6: Hero (button) folded before Flop (didn't bet)


Poker Hand #HD1819297308: Hold'em No Limit ($0.05/$0.1) - 2024/06/17 13:17:04
Table 'NLHRed1' 6-max Seat #5 is the button
Seat 1: 8f754a4 ($13.09 in chips)
Seat 2: d141c9f1 ($22.51 in chips)
Seat 3: d084f402 ($17.81 in chips)
Seat 5: ed0d5fe7 ($10.86 in chips)
Seat 6: Hero ($10.05 in chips)
Hero: posts small blind $0.05
8f754a4: posts big blind $0.1
*** HOLE CARDS ***
Dealt to 8f754a4 
Dealt to d141c9f1 
Dealt to d084f402 
Dealt to ed0d5fe7 
Dealt to Hero [Qh Tc]
d141c9f1: folds
d084f402: raises $0.1 to $0.2
ed0d5fe7: folds
Hero: folds
8f754a4: calls $0.1
*** FLOP *** [7s Jh 5c]
8f754a4: checks
d084f402: bets $0.3
8f754a4: calls $0.3
*** TURN *** [7s Jh 5c] [2s]
8f754a4: checks
d084f402: checks
*** RIVER *** [7s Jh 5c 2s] [9s]
8f754a4: bets $1.05
d084f402: folds
Uncalled bet ($1.05) returned to 8f754a4
*** SHOWDOWN ***
8f754a4 collected $1 from pot
*** SUMMARY ***
Total pot $1.05 | Rake $0.05 | Jackpot $0 | Bingo $0 | Fortune $0 | Tax $0
Board [7s Jh 5c 2s 9s]
Seat 1: 8f754a4 (big blind) won ($1)
Seat 2: d141c9f1 folded before Flop (didn't bet)
Seat 3: d084f402 folded on the River
Seat 5: ed0d5fe7 (button) folded before Flop (didn't bet)
Seat 6: Hero (small blind) folded before Flop


Poker Hand #HD1819297221: Hold'em No Limit ($0.05/$0.1) - 2024/06/17 13:16:12
Table 'NLHRed1' 6-max Seat #4 is the button
Seat 1: 8f754a4 ($12.57 in chips)
Seat 2: d141c9f1 ($22.93 in chips)
Seat 3: d084f402 ($17.81 in chips)
Seat 4: a6e98b52 ($6.35 in chips)
Seat 5: ed0d5fe7 ($10.91 in chips)
Seat 6: Hero ($10.15 in chips)
ed0d5fe7: posts small blind $0.05
Hero: posts big blind $0.1
*** HOLE CARDS ***
Dealt to 8f754a4 
Dealt to d141c9f1 
Dealt to d084f402 
Dealt to a6e98b52 
Dealt to ed0d5fe7 
Dealt to Hero [9c 3c]
8f754a4: raises $0.12 to $0.22
d141c9f1: calls $0.22
d084f402: folds
a6e98b52: folds
ed0d5fe7: folds
Hero: folds
*** FLOP *** [5d Qh 7d]
8f754a4: bets $0.2
d141c9f1: calls $0.2
*** TURN *** [5d Qh 7d] [Qc]
8f754a4: checks
d141c9f1: checks
*** RIVER *** [5d Qh 7d Qc] [3s]
8f754a4: bets $0.9
d141c9f1: folds
Uncalled bet ($0.9) returned to 8f754a4
*** SHOWDOWN ***
8f754a4 collected $0.94 from pot
*** SUMMARY ***
Total pot $0.99 | Rake $0.05 | Jackpot $0 | Bingo $0 | Fortune $0 | Tax $0
Board [5d Qh 7d Qc 3s]
Seat 1: 8f754a4 won ($0.94)
Seat 2: d141c9f1 folded on the River
Seat 3: d084f402 folded before Flop (didn't bet)
Seat 4: a6e98b52 (button) folded before Flop (didn't bet)
Seat 5: ed0d5fe7 (small blind) folded before Flop
Seat 6: Hero (big blind) folded before Flop


Poker Hand #HD1819297167: Hold'em No Limit ($0.05/$0.1) - 2024/06/17 13:15:40
Table 'NLHRed1' 6-max Seat #3 is the button
Seat 1: 8f754a4 ($12.79 in chips)
Seat 2: d141c9f1 ($22.93 in chips)
Seat 3: d084f402 ($17.47 in chips)
Seat 4: a6e98b52 ($6.4 in chips)
Seat 5: ed0d5fe7 ($11.01 in chips)
Seat 6: Hero ($10.15 in chips)
a6e98b52: posts small blind $0.05
ed0d5fe7: posts big blind $0.1
*** HOLE CARDS ***
Dealt to 8f754a4 
Dealt to d141c9f1 
Dealt to d084f402 
Dealt to a6e98b52 
Dealt to ed0d5fe7 
Dealt to Hero [5s 7c]
Hero: folds
8f754a4: raises $0.12 to $0.22
d141c9f1: folds
d084f402: calls $0.22
a6e98b52: folds
ed0d5fe7: folds
*** FLOP *** [5d Jc 8c]
8f754a4: checks
d084f402: bets $0.4
8f754a4: folds
Uncalled bet ($0.4) returned to d084f402
*** SHOWDOWN ***
d084f402 collected $0.56 from pot
*** SUMMARY ***
Total pot $0.59 | Rake $0.03 | Jackpot $0 | Bingo $0 | Fortune $0 | Tax $0
Board [5d Jc 8c]
Seat 1: 8f754a4 folded on the Flop
Seat 2: d141c9f1 folded before Flop (didn't bet)
Seat 3: d084f402 (button) won ($0.56)
Seat 4: a6e98b52 (small blind) folded before Flop
Seat 5: ed0d5fe7 (big blind) folded before Flop
Seat 6: Hero folded before Flop (didn't bet)


Poker Hand #HD1819297147: Hold'em No Limit ($0.05/$0.1) - 2024/06/17 13:15:29
Table 'NLHRed1' 6-max Seat #2 is the button
Seat 1: 8f754a4 ($12.79 in chips)
Seat 2: d141c9f1 ($22.93 in chips)
Seat 3: d084f402 ($17.52 in chips)
Seat 4: a6e98b52 ($6.5 in chips)
Seat 5: ed0d5fe7 ($11.01 in chips)
Seat 6: Hero ($10 in chips)
d084f402: posts small blind $0.05
a6e98b52: posts big blind $0.1
*** HOLE CARDS ***
Dealt to 8f754a4 
Dealt to d141c9f1 
Dealt to d084f402 
Dealt to a6e98b52 
Dealt to ed0d5fe7 
Dealt to Hero [As Ts]
ed0d5fe7: folds
Hero: raises $0.1 to $0.2
8f754a4: folds
d141c9f1: folds
d084f402: folds
a6e98b52: folds
Uncalled bet ($0.1) returned to Hero
*** SHOWDOWN ***
Hero collected $0.25 from pot
*** SUMMARY ***
Total pot $0.25 | Rake $0 | Jackpot $0 | Bingo $0 | Fortune $0 | Tax $0
Seat 1: 8f754a4 folded before Flop (didn't bet)
Seat 2: d141c9f1 (button) folded before Flop (didn't bet)
Seat 3: d084f402 (small blind) folded before Flop
Seat 4: a6e98b52 (big blind) folded before Flop
Seat 5: ed0d5fe7 folded before Flop (didn't bet)
Seat 6: Hero collected ($0.25)


Poker Hand #HD1819297111: Hold'em No Limit ($0.05/$0.1) - 2024/06/17 13:15:07
Table 'NLHRed1' 6-max Seat #1 is the button
Seat 1: 8f754a4 ($12.64 in chips)
Seat 2: d141c9f1 ($22.98 in chips)
Seat 3: d084f402 ($17.62 in chips)
Seat 5: ed0d5fe7 ($11.01 in chips)
Seat 6: Hero ($10 in chips)
d141c9f1: posts small blind $0.05
d084f402: posts big blind $0.1
*** HOLE CARDS ***
Dealt to 8f754a4 
Dealt to d141c9f1 
Dealt to d084f402 
Dealt to ed0d5fe7 
Dealt to Hero [4h 5d]
ed0d5fe7: folds
Hero: folds
8f754a4: raises $0.12 to $0.22
d141c9f1: folds
d084f402: folds
Uncalled bet ($0.12) returned to 8f754a4
*** SHOWDOWN ***
8f754a4 collected $0.25 from pot
*** SUMMARY ***
Total pot $0.25 | Rake $0 | Jackpot $0 | Bingo $0 | Fortune $0 | Tax $0
Seat 1: 8f754a4 (button) collected ($0.25)
Seat 2: d141c9f1 (small blind) folded before Flop
Seat 3: d084f402 (big blind) folded before Flop
Seat 5: ed0d5fe7 folded before Flop (didn't bet)
Seat 6: Hero folded before Flop (didn't bet)


Poker Hand #HD1819297084: Hold'em No Limit ($0.05/$0.1) - 2024/06/17 13:14:53
Table 'NLHRed1' 6-max Seat #6 is the button
Seat 1: 8f754a4 ($12.69 in chips)
Seat 2: d141c9f1 ($23.08 in chips)
Seat 3: d084f402 ($17.62 in chips)
Seat 5: ed0d5fe7 ($10.86 in chips)
Seat 6: Hero ($10 in chips)
8f754a4: posts small blind $0.05
d141c9f1: posts big blind $0.1
*** HOLE CARDS ***
Dealt to 8f754a4 
Dealt to d141c9f1 
Dealt to d084f402 
Dealt to ed0d5fe7 
Dealt to Hero [8s 2c]
d084f402: folds
ed0d5fe7: raises $0.1 to $0.2
Hero: folds
8f754a4: folds
d141c9f1: folds
Uncalled bet ($0.1) returned to ed0d5fe7
*** SHOWDOWN ***
ed0d5fe7 collected $0.25 from pot
*** SUMMARY ***
Total pot $0.25 | Rake $0 | Jackpot $0 | Bingo $0 | Fortune $0 | Tax $0
Seat 1: 8f754a4 (small blind) folded before Flop
Seat 2: d141c9f1 (big blind) folded before Flop
Seat 3: d084f402 folded before Flop (didn't bet)
Seat 5: ed0d5fe7 collected ($0.25)
Seat 6: Hero (button) folded before Flop (didn't bet)


Poker Hand #HD1819296974: Hold'em No Limit ($0.05/$0.1) - 2024/06/17 13:13:45
Table 'NLHRed1' 6-max Seat #5 is the button
Seat 1: 8f754a4 ($12.15 in chips)
Seat 2: d141c9f1 ($23.08 in chips)
Seat 3: d084f402 ($17.62 in chips)
Seat 5: ed0d5fe7 ($10.86 in chips)
Seat 6: Hero ($10 in chips)
Hero: posts small blind $0.05
8f754a4: posts big blind $0.1
*** HOLE CARDS ***
Dealt to 8f754a4 
Dealt to d141c9f1 
Dealt to d084f402 
Dealt to ed0d5fe7 
Dealt to Hero [9d Tc]
d141c9f1: folds
d084f402: folds
ed0d5fe7: folds
Hero: raises $0.2 to $0.3
8f754a4: calls $0.2
*** FLOP *** [Qh Ks 3c]
Hero: checks
8f754a4: checks
*** TURN *** [Qh Ks 3c] [7h]
Hero: bets $0.3
8f754a4: calls $0.3
*** RIVER *** [Qh Ks 3c 7h] [Th]
Hero: checks
8f754a4: bets $0.95
Hero: folds
Uncalled bet ($0.95) returned to 8f754a4
*** SHOWDOWN ***
8f754a4 collected $1.14 from pot
*** SUMMARY ***
Total pot $1.2 | Rake $0.06 | Jackpot $0 | Bingo $0 | Fortune $0 | Tax $0
Board [Qh Ks 3c 7h Th]
Seat 1: 8f754a4 (big blind) won ($1.14)
Seat 2: d141c9f1 folded before Flop (didn't bet)
Seat 3: d084f402 folded before Flop (didn't bet)
Seat 5: ed0d5fe7 (button) folded before Flop (didn't bet)
Seat 6: Hero (small blind) folded on the River


Poker Hand #HD1819296803: Hold'em No Limit ($0.05/$0.1) - 2024/06/17 13:12:17
Table 'NLHRed1' 6-max Seat #4 is the button
Seat 1: 8f754a4 ($12.15 in chips)
Seat 2: d141c9f1 ($23.08 in chips)
Seat 3: d084f402 ($11.76 in chips)
Seat 4: ef87a029 ($6.35 in chips)
Seat 5: ed0d5fe7 ($10.91 in chips)
Seat 6: Hero ($10 in chips)
ed0d5fe7: posts small blind $0.05
Hero: posts big blind $0.1
*** HOLE CARDS ***
Dealt to 8f754a4 
Dealt to d141c9f1 
Dealt to d084f402 
Dealt to ef87a029 
Dealt to ed0d5fe7 
Dealt to Hero [3d Qd]
8f754a4: folds
d141c9f1: folds
d084f402: raises $0.1 to $0.2
ef87a029: calls $0.2
ed0d5fe7: folds
Hero: calls $0.1
*** FLOP *** [Tc 8c 9c]
Hero: checks
d084f402: bets $0.6
ef87a029: raises $0.6 to $1.2
Hero: folds
d084f402: raises $10.36 to $11.56 and is all-in
ef87a029: calls $4.95 and is all-in
Uncalled bet ($5.41) returned to d084f402
d084f402: shows [9s 9h] (Three Nines)
ef87a029: shows [Ah Jc] (Ace-High)
*** TURN *** [Tc 8c 9c] [5h]
*** RIVER *** [Tc 8c 9c 5h] [Ts]
*** SHOWDOWN ***
d084f402 collected $12.21 from pot
*** SUMMARY ***
Total pot $12.95 | Rake $0.64 | Jackpot $0.1 | Bingo $0 | Fortune $0 | Tax $0
Board [Tc 8c 9c 5h Ts]
Seat 1: 8f754a4 folded before Flop (didn't bet)
Seat 2: d141c9f1 folded before Flop (didn't bet)
Seat 3: d084f402 showed [9s 9h] and won ($12.21) with Nines Full over Tens
Seat 4: ef87a029 (button) showed [Ah Jc] and lost with Pair of Tens
Seat 5: ed0d5fe7 (small blind) folded before Flop
Seat 6: Hero (big blind) folded on the Flop


Poker Hand #HD1819296700: Hold'em No Limit ($0.05/$0.1) - 2024/06/17 13:11:15
Table 'NLHRed1' 6-max Seat #3 is the button
Seat 1: 8f754a4 ($12.15 in chips)
Seat 2: d141c9f1 ($23.08 in chips)
Seat 3: d084f402 ($10 in chips)
Seat 4: ef87a029 ($8.3 in chips)
Seat 5: ed0d5fe7 ($11.01 in chips)
Seat 6: Hero ($10 in chips)
ef87a029: posts small blind $0.05
ed0d5fe7: posts big blind $0.1
*** HOLE CARDS ***
Dealt to 8f754a4 
Dealt to d141c9f1 
Dealt to d084f402 
Dealt to ef87a029 
Dealt to ed0d5fe7 
Dealt to Hero [Ah 8d]
Hero: folds
8f754a4: folds
d141c9f1: folds
d084f402: raises $0.2 to $0.3
ef87a029: calls $0.25
ed0d5fe7: folds
*** FLOP *** [2c Ks Qs]
ef87a029: checks
d084f402: bets $0.4
ef87a029: calls $0.4
*** TURN *** [2c Ks Qs] [Ac]
ef87a029: checks
d084f402: bets $1.25
ef87a029: calls $1.25
*** RIVER *** [2c Ks Qs Ac] [4s]
ef87a029: checks
d084f402: checks
ef87a029: shows [Jd Kh] (Pair of Kings)
d084f402: shows [Kc As] (Pair of Aces and Pair of Kings)
*** SHOWDOWN ***
d084f402 collected $3.71 from pot
*** SUMMARY ***
Total pot $4 | Rake $0.19 | Jackpot $0.1 | Bingo $0 | Fortune $0 | Tax $0
Board [2c Ks Qs Ac 4s]
Seat 1: 8f754a4 folded before Flop (didn't bet)
Seat 2: d141c9f1 folded before Flop (didn't bet)
Seat 3: d084f402 (button) showed [Kc As] and won ($3.71) with Pair of Aces and Pair of Kings
Seat 4: ef87a029 (small blind) showed [Jd Kh] and lost with Pair of Kings
Seat 5: ed0d5fe7 (big blind) folded before Flop
Seat 6: Hero folded before Flop (didn't bet)


Poker Hand #HD1819296611: Hold'em No Limit ($0.05/$0.1) - 2024/06/17 13:10:26
Table 'NLHRed1' 6-max Seat #2 is the button
Seat 1: 8f754a4 ($12.15 in chips)
Seat 2: d141c9f1 ($23.08 in chips)
Seat 3: d084f402 ($10 in chips)
Seat 4: ef87a029 ($8.5 in chips)
Seat 5: ed0d5fe7 ($10.64 in chips)
Seat 6: Hero ($10 in chips)
d084f402: posts small blind $0.05
ef87a029: posts big blind $0.1
*** HOLE CARDS ***
Dealt to 8f754a4 
Dealt to d141c9f1 
Dealt to d084f402 
Dealt to ef87a029 
Dealt to ed0d5fe7 
Dealt to Hero [9c 9h]
ed0d5fe7: raises $0.1 to $0.2
Hero: folds
8f754a4: folds
d141c9f1: folds
d084f402: calls $0.15
ef87a029: calls $0.1
*** FLOP *** [Jh 7c 4h]
d084f402: checks
ef87a029: checks
ed0d5fe7: bets $0.45
d084f402: folds
ef87a029: folds
Uncalled bet ($0.45) returned to ed0d5fe7
*** SHOWDOWN ***
ed0d5fe7 collected $0.57 from pot
*** SUMMARY ***
Total pot $0.6 | Rake $0.03 | Jackpot $0 | Bingo $0 | Fortune $0 | Tax $0
Board [Jh 7c 4h]
Seat 1: 8f754a4 folded before Flop (didn't bet)
Seat 2: d141c9f1 (button) folded before Flop (didn't bet)
Seat 3: d084f402 (small blind) folded on the Flop
Seat 4: ef87a029 (big blind) folded on the Flop
Seat 5: ed0d5fe7 won ($0.57)
Seat 6: Hero folded before Flop (didn't bet)


Poker Hand #HD1819296547: Hold'em No Limit ($0.05/$0.1) - 2024/06/17 13:09:50
Table 'NLHRed1' 6-max Seat #1 is the button
Seat 1: 8f754a4 ($12.15 in chips)
Seat 2: d141c9f1 ($23.13 in chips)
Seat 3: d084f402 ($10 in chips)
Seat 4: ef87a029 ($8.36 in chips)
Seat 5: ed0d5fe7 ($10.64 in chips)
Seat 6: Hero ($10 in chips)
d141c9f1: posts small blind $0.05
d084f402: posts big blind $0.1
*** HOLE CARDS ***
Dealt to 8f754a4 
Dealt to d141c9f1 
Dealt to d084f402 
Dealt to ef87a029 
Dealt to ed0d5fe7 
Dealt to Hero [6s 7c]
ef87a029: calls $0.1
ed0d5fe7: folds
Hero: folds
8f754a4: folds
d141c9f1: folds
d084f402: checks
*** FLOP *** [8h 7h 4d]
d084f402: checks
ef87a029: bets $0.13
d084f402: folds
Uncalled bet ($0.13) returned to ef87a029
*** SHOWDOWN ***
ef87a029 collected $0.24 from pot
*** SUMMARY ***
Total pot $0.25 | Rake $0.01 | Jackpot $0 | Bingo $0 | Fortune $0 | Tax $0
Board [8h 7h 4d]
Seat 1: 8f754a4 (button) folded before Flop (didn't bet)
Seat 2: d141c9f1 (small blind) folded before Flop
Seat 3: d084f402 (big blind) folded on the Flop
Seat 4: ef87a029 won ($0.24)
Seat 5: ed0d5fe7 folded before Flop (didn't bet)
Seat 6: Hero folded before Flop (didn't bet)


Poker Hand #HD1819296417: Hold'em No Limit ($0.05/$0.1) - 2024/06/17 13:08:34
Table 'NLHRed1' 6-max Seat #6 is the button
Seat 1: 8f754a4 ($12.2 in chips)
Seat 2: d141c9f1 ($23.23 in chips)
Seat 3: d084f402 ($10 in chips)
Seat 4: ef87a029 ($7.4 in chips)
Seat 5: ed0d5fe7 ($10.64 in chips)
Seat 6: Hero ($10.44 in chips)
8f754a4: posts small blind $0.05
d141c9f1: posts big blind $0.1
*** HOLE CARDS ***
Dealt to 8f754a4 
Dealt to d141c9f1 
Dealt to d084f402 
Dealt to ef87a029 
Dealt to ed0d5fe7 
Dealt to Hero [6s 6d]
d084f402: folds
ef87a029: calls $0.1
ed0d5fe7: folds
Hero: raises $0.3 to $0.4
8f754a4: folds
d141c9f1: folds
ef87a029: calls $0.3
*** FLOP *** [8s As Jh]
ef87a029: checks
Hero: bets $0.5
ef87a029: calls $0.5
*** TURN *** [8s As Jh] [Kc]
ef87a029: checks
Hero: checks
*** RIVER *** [8s As Jh Kc] [4h]
ef87a029: checks
Hero: checks
ef87a029: shows [Js 2s] (Pair of Jacks)
Hero: shows [6s 6d] (Pair of Sixes)
*** SHOWDOWN ***
ef87a029 collected $1.86 from pot
*** SUMMARY ***
Total pot $1.95 | Rake $0.09 | Jackpot $0 | Bingo $0 | Fortune $0 | Tax $0
Board [8s As Jh Kc 4h]
Seat 1: 8f754a4 (small blind) folded before Flop
Seat 2: d141c9f1 (big blind) folded before Flop
Seat 3: d084f402 folded before Flop (didn't bet)
Seat 4: ef87a029 showed [Js 2s] and won ($1.86) with Pair of Jacks
Seat 5: ed0d5fe7 folded before Flop (didn't bet)
Seat 6: Hero (button) showed [6s 6d] and lost with Pair of Sixes


Poker Hand #HD1819296269: Hold'em No Limit ($0.05/$0.1) - 2024/06/17 13:07:16
Table 'NLHRed1' 6-max Seat #5 is the button
Seat 1: 8f754a4 ($12.85 in chips)
Seat 2: d141c9f1 ($23.23 in chips)
Seat 3: d084f402 ($10 in chips)
Seat 4: ef87a029 ($7.4 in chips)
Seat 5: ed0d5fe7 ($10 in chips)
Seat 6: Hero ($10.49 in chips)
Hero: posts small blind $0.05
8f754a4: posts big blind $0.1
*** HOLE CARDS ***
Dealt to 8f754a4 
Dealt to d141c9f1 
Dealt to d084f402 
Dealt to ef87a029 
Dealt to ed0d5fe7 
Dealt to Hero [5c 8c]
d141c9f1: folds
d084f402: folds
ef87a029: folds
ed0d5fe7: raises $0.1 to $0.2
Hero: folds
8f754a4: calls $0.1
*** FLOP *** [4s Jh 3h]
8f754a4: checks
ed0d5fe7: bets $0.45
8f754a4: calls $0.45
*** TURN *** [4s Jh 3h] [6c]
8f754a4: checks
ed0d5fe7: checks
*** RIVER *** [4s Jh 3h 6c] [Js]
8f754a4: checks
ed0d5fe7: checks
8f754a4: shows [2h Ah] (Pair of Jacks)
ed0d5fe7: shows [Kc Ks] (Pair of Kings and Pair of Jacks)
*** SHOWDOWN ***
ed0d5fe7 collected $1.29 from pot
*** SUMMARY ***
Total pot $1.35 | Rake $0.06 | Jackpot $0 | Bingo $0 | Fortune $0 | Tax $0
Board [4s Jh 3h 6c Js]
Seat 1: 8f754a4 (big blind) showed [2h Ah] and lost with Pair of Jacks
Seat 2: d141c9f1 folded before Flop (didn't bet)
Seat 3: d084f402 folded before Flop (didn't bet)
Seat 4: ef87a029 folded before Flop (didn't bet)
Seat 5: ed0d5fe7 (button) showed [Kc Ks] and won ($1.29) with Pair of Kings and Pair of Jacks
Seat 6: Hero (small blind) folded before Flop


Poker Hand #HD1819296205: Hold'em No Limit ($0.05/$0.1) - 2024/06/17 13:06:36
Table 'NLHRed1' 6-max Seat #4 is the button
Seat 1: 8f754a4 ($12.84 in chips)
Seat 2: d141c9f1 ($23.23 in chips)
Seat 3: d084f402 ($10 in chips)
Seat 4: ef87a029 ($7.4 in chips)
Seat 5: ed0d5fe7 ($10 in chips)
Seat 6: Hero ($10.47 in chips)
ed0d5fe7: posts small blind $0.05
Hero: posts big blind $0.1
*** HOLE CARDS ***
Dealt to 8f754a4 
Dealt to d141c9f1 
Dealt to d084f402 
Dealt to ef87a029 
Dealt to ed0d5fe7 
Dealt to Hero [Ad Js]
8f754a4: raises $0.12 to $0.22
d141c9f1: folds
d084f402: folds
ef87a029: folds
ed0d5fe7: folds
Hero: calls $0.12
*** FLOP *** [Kc 3c Kh]
Hero: checks
8f754a4: checks
*** TURN *** [Kc 3c Kh] [2c]
Hero: checks
8f754a4: checks
*** RIVER *** [Kc 3c Kh 2c] [9h]
Hero: checks
8f754a4: checks
Hero: shows [Ad Js] (Pair of Kings)
8f754a4: shows [As Jh] (Pair of Kings)
*** SHOWDOWN ***
Hero collected $0.24 from pot
8f754a4 collected $0.23 from pot
*** SUMMARY ***
Total pot $0.49 | Rake $0.02 | Jackpot $0 | Bingo $0 | Fortune $0 | Tax $0
Board [Kc 3c Kh 2c 9h]
Seat 1: 8f754a4 showed [As Jh] and won ($0.23) with Pair of Kings
Seat 2: d141c9f1 folded before Flop (didn't bet)
Seat 3: d084f402 folded before Flop (didn't bet)
Seat 4: ef87a029 (button) folded before Flop (didn't bet)
Seat 5: ed0d5fe7 (small blind) folded before Flop
Seat 6: Hero (big blind) showed [Ad Js] and won ($0.24) with Pair of Kings


Poker Hand #HD1819296176: Hold'em No Limit ($0.05/$0.1) - 2024/06/17 13:06:20
Table 'NLHRed1' 6-max Seat #3 is the button
Seat 1: 8f754a4 ($12.69 in chips)
Seat 2: d141c9f1 ($23.23 in chips)
Seat 3: d084f402 ($10 in chips)
Seat 4: ef87a029 ($7.45 in chips)
Seat 5: ed0d5fe7 ($10 in chips)
Seat 6: Hero ($10.47 in chips)
ef87a029: posts small blind $0.05
ed0d5fe7: posts big blind $0.1
*** HOLE CARDS ***
Dealt to 8f754a4 
Dealt to d141c9f1 
Dealt to d084f402 
Dealt to ef87a029 
Dealt to ed0d5fe7 
Dealt to Hero [5d 3s]
Hero: folds
8f754a4: raises $0.12 to $0.22
d141c9f1: folds
d084f402: folds
ef87a029: folds
ed0d5fe7: folds
Uncalled bet ($0.12) returned to 8f754a4
*** SHOWDOWN ***
8f754a4 collected $0.25 from pot
*** SUMMARY ***
Total pot $0.25 | Rake $0 | Jackpot $0 | Bingo $0 | Fortune $0 | Tax $0
Seat 1: 8f754a4 collected ($0.25)
Seat 2: d141c9f1 folded before Flop (didn't bet)
Seat 3: d084f402 (button) folded before Flop (didn't bet)
Seat 4: ef87a029 (small blind) folded before Flop
Seat 5: ed0d5fe7 (big blind) folded before Flop
Seat 6: Hero folded before Flop (didn't bet)


Poker Hand #HD1819296037: Hold'em No Limit ($0.05/$0.1) - 2024/06/17 13:05:02
Table 'NLHRed1' 6-max Seat #2 is the button
Seat 1: 8f754a4 ($12.69 in chips)
Seat 2: d141c9f1 ($14.23 in chips)
Seat 3: d084f402 ($10 in chips)
Seat 4: ef87a029 ($7.55 in chips)
Seat 6: Hero ($10.47 in chips)
d084f402: posts small blind $0.05
ef87a029: posts big blind $0.1
*** HOLE CARDS ***
Dealt to 8f754a4 
Dealt to d141c9f1 
Dealt to d084f402 
Dealt to ef87a029 
Dealt to Hero [Qh Ts]
Hero: folds
8f754a4: folds
d141c9f1: raises $0.15 to $0.25
d084f402: raises $0.95 to $1.2
ef87a029: folds
d141c9f1: calls $0.95
*** FLOP *** [6c 7h 2s]
d084f402: bets $1.65
d141c9f1: calls $1.65
*** TURN *** [6c 7h 2s] [Qc]
d084f402: bets $2.9
d141c9f1: calls $2.9
*** RIVER *** [6c 7h 2s Qc] [9s]
d084f402: bets $4.25 and is all-in
d141c9f1: calls $4.25
d084f402: shows [7d 5c] (Pair of Sevens)
d141c9f1: shows [9c 9d] (Three Nines)
*** SHOWDOWN ***
d141c9f1 collected $19 from pot
*** SUMMARY ***
Total pot $20.1 | Rake $1 | Jackpot $0.1 | Bingo $0 | Fortune $0 | Tax $0
Board [6c 7h 2s Qc 9s]
Seat 1: 8f754a4 folded before Flop (didn't bet)
Seat 2: d141c9f1 (button) showed [9c 9d] and won ($19) with Three Nines
Seat 3: d084f402 (small blind) showed [7d 5c] and lost with Pair of Sevens
Seat 4: ef87a029 (big blind) folded before Flop
Seat 6: Hero folded before Flop (didn't bet)


Poker Hand #HD1819295905: Hold'em No Limit ($0.05/$0.1) - 2024/06/17 13:03:43
Table 'NLHRed1' 6-max Seat #1 is the button
Seat 1: 8f754a4 ($12.69 in chips)
Seat 2: d141c9f1 ($10 in chips)
Seat 3: d084f402 ($11.14 in chips)
Seat 4: ef87a029 ($7.55 in chips)
Seat 5: ed0d5fe7 ($10 in chips)
Seat 6: Hero ($10.71 in chips)
d141c9f1: posts small blind $0.05
d084f402: posts big blind $0.1
*** HOLE CARDS ***
Dealt to 8f754a4 
Dealt to d141c9f1 
Dealt to d084f402 
Dealt to ef87a029 
Dealt to ed0d5fe7 
Dealt to Hero [Js Td]
ef87a029: folds
ed0d5fe7: folds
Hero: raises $0.14 to $0.24
8f754a4: folds
d141c9f1: calls $0.19
d084f402: raises $1.14 to $1.38
Hero: folds
d141c9f1: calls $1.14
*** FLOP *** [Jh 4s 3s]
d141c9f1: checks
d084f402: bets $1.19
d141c9f1: calls $1.19
*** TURN *** [Jh 4s 3s] [6h]
d141c9f1: checks
d084f402: bets $1.98
d141c9f1: raises $1.98 to $3.96
d084f402: folds
Uncalled bet ($1.98) returned to d141c9f1
*** SHOWDOWN ***
d141c9f1 collected $8.78 from pot
*** SUMMARY ***
Total pot $9.34 | Rake $0.46 | Jackpot $0.1 | Bingo $0 | Fortune $0 | Tax $0
Board [Jh 4s 3s 6h]
Seat 1: 8f754a4 (button) folded before Flop (didn't bet)
Seat 2: d141c9f1 (small blind) won ($8.78)
Seat 3: d084f402 (big blind) folded on the Turn
Seat 4: ef87a029 folded before Flop (didn't bet)
Seat 5: ed0d5fe7 folded before Flop (didn't bet)
Seat 6: Hero folded before Flop


Poker Hand #HD1819295792: Hold'em No Limit ($0.05/$0.1) - 2024/06/17 13:02:41
Table 'NLHRed1' 6-max Seat #6 is the button
Seat 1: 8f754a4 ($12.1 in chips)
Seat 2: d141c9f1 ($10 in chips)
Seat 3: d084f402 ($11.14 in chips)
Seat 4: ef87a029 ($7.55 in chips)
Seat 5: ed0d5fe7 ($10 in chips)
Seat 6: Hero ($11.25 in chips)
8f754a4: posts small blind $0.05
d141c9f1: posts big blind $0.1
*** HOLE CARDS ***
Dealt to 8f754a4 
Dealt to d141c9f1 
Dealt to d084f402 
Dealt to ef87a029 
Dealt to ed0d5fe7 
Dealt to Hero [5c 6c]
d084f402: folds
ef87a029: folds
ed0d5fe7: folds
Hero: raises $0.14 to $0.24
8f754a4: calls $0.19
d141c9f1: folds
*** FLOP *** [3h Jh 3d]
8f754a4: checks
Hero: checks
*** TURN *** [3h Jh 3d] [4s]
8f754a4: bets $0.3
Hero: calls $0.3
*** RIVER *** [3h Jh 3d 4s] [Tc]
8f754a4: bets $0.95
Hero: folds
Uncalled bet ($0.95) returned to 8f754a4
*** SHOWDOWN ***
8f754a4 collected $1.13 from pot
*** SUMMARY ***
Total pot $1.18 | Rake $0.05 | Jackpot $0 | Bingo $0 | Fortune $0 | Tax $0
Board [3h Jh 3d 4s Tc]
Seat 1: 8f754a4 (small blind) won ($1.13)
Seat 2: d141c9f1 (big blind) folded before Flop
Seat 3: d084f402 folded before Flop (didn't bet)
Seat 4: ef87a029 folded before Flop (didn't bet)
Seat 5: ed0d5fe7 folded before Flop (didn't bet)
Seat 6: Hero (button) folded on the River


Poker Hand #HD1819295662: Hold'em No Limit ($0.05/$0.1) - 2024/06/17 13:01:29
Table 'NLHRed1' 6-max Seat #5 is the button
Seat 1: 8f754a4 ($11.07 in chips)
Seat 2: 9b20a489 ($16.34 in chips)
Seat 3: d084f402 ($11.14 in chips)
Seat 4: ef87a029 ($8.08 in chips)
Seat 5: ed0d5fe7 ($10.52 in chips)
Seat 6: Hero ($11.3 in chips)
Hero: posts small blind $0.05
8f754a4: posts big blind $0.1
*** HOLE CARDS ***
Dealt to 8f754a4 
Dealt to 9b20a489 
Dealt to d084f402 
Dealt to ef87a029 
Dealt to ed0d5fe7 
Dealt to Hero [4h 7c]
9b20a489: folds
d084f402: folds
ef87a029: calls $0.1
ed0d5fe7: raises $0.1 to $0.2
Hero: folds
8f754a4: calls $0.1
ef87a029: calls $0.1
*** FLOP *** [7h Td Qs]
8f754a4: checks
ef87a029: bets $0.33
ed0d5fe7: calls $0.33
8f754a4: raises $0.97 to $1.3
ef87a029: folds
ed0d5fe7: folds
Uncalled bet ($0.97) returned to 8f754a4
*** SHOWDOWN ***
8f754a4 collected $1.56 from pot
*** SUMMARY ***
Total pot $1.64 | Rake $0.08 | Jackpot $0 | Bingo $0 | Fortune $0 | Tax $0
Board [7h Td Qs]
Seat 1: 8f754a4 (big blind) won ($1.56)
Seat 2: 9b20a489 folded before Flop (didn't bet)
Seat 3: d084f402 folded before Flop (didn't bet)
Seat 4: ef87a029 folded on the Flop
Seat 5: ed0d5fe7 (button) folded on the Flop
Seat 6: Hero (small blind) folded before Flop


Poker Hand #HD1819205602: Hold'em No Limit ($0.05/$0.1) - 2024/06/17 13:00:55
Table 'NLHRed1' 6-max Seat #4 is the button
Seat 1: 8f754a4 ($11.07 in chips)
Seat 2: 9b20a489 ($16.06 in chips)
Seat 3: d084f402 ($11.14 in chips)
Seat 4: ef87a029 ($8.08 in chips)
Seat 5: ed0d5fe7 ($10.57 in chips)
Seat 6: Hero ($11.55 in chips)
ed0d5fe7: posts small blind $0.05
Hero: posts big blind $0.1
*** HOLE CARDS ***
Dealt to 8f754a4 
Dealt to 9b20a489 
Dealt to d084f402 
Dealt to ef87a029 
Dealt to ed0d5fe7 
Dealt to Hero [9h Ad]
8f754a4: folds
9b20a489: raises $0.15 to $0.25
d084f402: folds
ef87a029: folds
ed0d5fe7: folds
Hero: calls $0.15
*** FLOP *** [7d 6h 6s]
Hero: checks
9b20a489: bets $0.28
Hero: folds
Uncalled bet ($0.28) returned to 9b20a489
*** SHOWDOWN ***
9b20a489 collected $0.53 from pot
*** SUMMARY ***
Total pot $0.55 | Rake $0.02 | Jackpot $0 | Bingo $0 | Fortune $0 | Tax $0
Board [7d 6h 6s]
Seat 1: 8f754a4 folded before Flop (didn't bet)
Seat 2: 9b20a489 won ($0.53)
Seat 3: d084f402 folded before Flop (didn't bet)
Seat 4: ef87a029 (button) folded before Flop (didn't bet)
Seat 5: ed0d5fe7 (small blind) folded before Flop
Seat 6: Hero (big blind) folded on the Flop


Poker Hand #HD1819204759: Hold'em No Limit ($0.05/$0.1) - 2024/06/17 12:53:38
Table 'NLHRed1' 6-max Seat #3 is the button
Seat 1: fd2e3f8c ($24.72 in chips)
Seat 2: 9b20a489 ($15.2 in chips)
Seat 3: d084f402 ($12.38 in chips)
Seat 4: ef87a029 ($10 in chips)
Seat 5: ed0d5fe7 ($10 in chips)
Seat 6: Hero ($14.65 in chips)
ef87a029: posts small blind $0.05
ed0d5fe7: posts big blind $0.1
*** HOLE CARDS ***
Dealt to fd2e3f8c 
Dealt to 9b20a489 
Dealt to d084f402 
Dealt to ef87a029 
Dealt to ed0d5fe7 
Dealt to Hero [9h Ah]
Hero: raises $0.1 to $0.2
fd2e3f8c: calls $0.2
9b20a489: folds
d084f402: folds
ef87a029: folds
ed0d5fe7: calls $0.1
*** FLOP *** [9s 4h 8h]
ed0d5fe7: checks
Hero: bets $0.32
fd2e3f8c: raises $0.43 to $0.75
ed0d5fe7: folds
Hero: calls $0.43
*** TURN *** [9s 4h 8h] [Qs]
Hero: checks
fd2e3f8c: bets $2.15
Hero: calls $2.15
*** RIVER *** [9s 4h 8h Qs] [2s]
Hero: checks
fd2e3f8c: bets $21.62 and is all-in
Hero: folds
Uncalled bet ($21.62) returned to fd2e3f8c
*** SHOWDOWN ***
fd2e3f8c collected $6.04 from pot
*** SUMMARY ***
Total pot $6.45 | Rake $0.31 | Jackpot $0.1 | Bingo $0 | Fortune $0 | Tax $0
Board [9s 4h 8h Qs 2s]
Seat 1: fd2e3f8c won ($6.04)
Seat 2: 9b20a489 folded before Flop (didn't bet)
Seat 3: d084f402 (button) folded before Flop (didn't bet)
Seat 4: ef87a029 (small blind) folded before Flop
Seat 5: ed0d5fe7 (big blind) folded on the Flop
Seat 6: Hero folded on the River


Poker Hand #HD1819204662: Hold'em No Limit ($0.05/$0.1) - 2024/06/17 12:52:47
Table 'NLHRed1' 6-max Seat #2 is the button
Seat 1: fd2e3f8c ($25.76 in chips)
Seat 2: 9b20a489 ($15.3 in chips)
Seat 3: d084f402 ($12.43 in chips)
Seat 4: ef87a029 ($8.92 in chips)
Seat 5: ed0d5fe7 ($10 in chips)
Seat 6: Hero ($14.65 in chips)
d084f402: posts small blind $0.05
ef87a029: posts big blind $0.1
*** HOLE CARDS ***
Dealt to fd2e3f8c 
Dealt to 9b20a489 
Dealt to d084f402 
Dealt to ef87a029 
Dealt to ed0d5fe7 
Dealt to Hero [4d Jh]
ed0d5fe7: folds
Hero: folds
fd2e3f8c: calls $0.1
9b20a489: calls $0.1
d084f402: folds
ef87a029: checks
*** FLOP *** [5c 7h Ad]
ef87a029: checks
fd2e3f8c: bets $0.27
9b20a489: folds
ef87a029: calls $0.27
*** TURN *** [5c 7h Ad] [3h]
ef87a029: checks
fd2e3f8c: bets $0.67
ef87a029: calls $0.67
*** RIVER *** [5c 7h Ad 3h] [Ah]
ef87a029: checks
fd2e3f8c: checks
ef87a029: shows [2d 5s] (Pair of Aces and Pair of Fives)
fd2e3f8c: shows [8d 6d] (Pair of Aces)
*** SHOWDOWN ***
ef87a029 collected $2.12 from pot
*** SUMMARY ***
Total pot $2.23 | Rake $0.11 | Jackpot $0 | Bingo $0 | Fortune $0 | Tax $0
Board [5c 7h Ad 3h Ah]
Seat 1: fd2e3f8c showed [8d 6d] and lost with Pair of Aces
Seat 2: 9b20a489 (button) folded on the Flop
Seat 3: d084f402 (small blind) folded before Flop
Seat 4: ef87a029 (big blind) showed [2d 5s] and won ($2.12) with Pair of Aces and Pair of Fives
Seat 5: ed0d5fe7 folded before Flop (didn't bet)
Seat 6: Hero folded before Flop (didn't bet)


Poker Hand #HD1819204597: Hold'em No Limit ($0.05/$0.1) - 2024/06/17 12:52:12
Table 'NLHRed1' 6-max Seat #1 is the button
Seat 1: fd2e3f8c ($25.86 in chips)
Seat 2: 9b20a489 ($15.11 in chips)
Seat 3: d084f402 ($12.53 in chips)
Seat 4: ef87a029 ($8.92 in chips)
Seat 5: ed0d5fe7 ($10 in chips)
Seat 6: Hero ($14.65 in chips)
9b20a489: posts small blind $0.05
d084f402: posts big blind $0.1
*** HOLE CARDS ***
Dealt to fd2e3f8c 
Dealt to 9b20a489 
Dealt to d084f402 
Dealt to ef87a029 
Dealt to ed0d5fe7 
Dealt to Hero [2h 4s]
ef87a029: folds
ed0d5fe7: folds
Hero: folds
fd2e3f8c: calls $0.1
9b20a489: raises $0.3 to $0.4
d084f402: folds
fd2e3f8c: folds
Uncalled bet ($0.3) returned to 9b20a489
*** SHOWDOWN ***
9b20a489 collected $0.29 from pot
*** SUMMARY ***
Total pot $0.3 | Rake $0.01 | Jackpot $0 | Bingo $0 | Fortune $0 | Tax $0
Seat 1: fd2e3f8c (button) folded before Flop
Seat 2: 9b20a489 (small blind) collected ($0.29)
Seat 3: d084f402 (big blind) folded before Flop
Seat 4: ef87a029 folded before Flop (didn't bet)
Seat 5: ed0d5fe7 folded before Flop (didn't bet)
Seat 6: Hero folded before Flop (didn't bet)


Poker Hand #HD1819204511: Hold'em No Limit ($0.05/$0.1) - 2024/06/17 12:51:20
Table 'NLHRed1' 6-max Seat #6 is the button
Seat 1: fd2e3f8c ($25.91 in chips)
Seat 2: 9b20a489 ($13.83 in chips)
Seat 3: d084f402 ($12.53 in chips)
Seat 4: ef87a029 ($10.29 in chips)
Seat 5: ed0d5fe7 ($10 in chips)
Seat 6: Hero ($14.65 in chips)
fd2e3f8c: posts small blind $0.05
9b20a489: posts big blind $0.1
*** HOLE CARDS ***
Dealt to fd2e3f8c 
Dealt to 9b20a489 
Dealt to d084f402 
Dealt to ef87a029 
Dealt to ed0d5fe7 
Dealt to Hero [Ks 5d]
d084f402: folds
ef87a029: calls $0.1
ed0d5fe7: folds
Hero: folds
fd2e3f8c: folds
9b20a489: raises $0.15 to $0.25
ef87a029: calls $0.15
*** FLOP *** [8s 4h 9s]
9b20a489: bets $0.19
ef87a029: calls $0.19
*** TURN *** [8s 4h 9s] [7s]
9b20a489: checks
ef87a029: bets $0.93
9b20a489: calls $0.93
*** RIVER *** [8s 4h 9s 7s] [5c]
9b20a489: checks
ef87a029: checks
9b20a489: shows [8c Ah] (Pair of Eights)
ef87a029: shows [3h Th] (Ten-High)
*** SHOWDOWN ***
9b20a489 collected $2.65 from pot
*** SUMMARY ***
Total pot $2.79 | Rake $0.14 | Jackpot $0 | Bingo $0 | Fortune $0 | Tax $0
Board [8s 4h 9s 7s 5c]
Seat 1: fd2e3f8c (small blind) folded before Flop
Seat 2: 9b20a489 (big blind) showed [8c Ah] and won ($2.65) with Pair of Eights
Seat 3: d084f402 folded before Flop (didn't bet)
Seat 4: ef87a029 showed [3h Th] and lost with Ten-High
Seat 5: ed0d5fe7 folded before Flop (didn't bet)
Seat 6: Hero (button) folded before Flop (didn't bet)


Poker Hand #HD1819204389: Hold'em No Limit ($0.05/$0.1) - 2024/06/17 12:50:16
Table 'NLHRed1' 6-max Seat #5 is the button
Seat 1: fd2e3f8c ($26.76 in chips)
Seat 2: 9b20a489 ($13.83 in chips)
Seat 3: d084f402 ($12.53 in chips)
Seat 4: ef87a029 ($10.39 in chips)
Seat 5: ed0d5fe7 ($10 in chips)
Seat 6: Hero ($14.7 in chips)
Hero: posts small blind $0.05
fd2e3f8c: posts big blind $0.1
*** HOLE CARDS ***
Dealt to fd2e3f8c 
Dealt to 9b20a489 
Dealt to d084f402 
Dealt to ef87a029 
Dealt to ed0d5fe7 
Dealt to Hero [5d 2s]
9b20a489: folds
d084f402: folds
ef87a029: raises $0.15 to $0.25
ed0d5fe7: calls $0.25
Hero: folds
fd2e3f8c: raises $0.6 to $0.85
ef87a029: calls $0.6
ed0d5fe7: raises $9.15 to $10 and is all-in
fd2e3f8c: folds
ef87a029: calls $9.15
ed0d5fe7: shows [Qd Ac]
ef87a029: shows [8h 8d]
*** FIRST FLOP *** [2h As 3c]
*** FIRST TURN *** [2h As 3c] [9c]
*** FIRST RIVER *** [2h As 3c 9c] [Kh]
*** SECOND FLOP *** [8s 4c 7s]
*** SECOND TURN *** [8s 4c 7s] [Tc]
*** SECOND RIVER *** [8s 4c 7s Tc] [3s]
*** FIRST SHOWDOWN ***
ed0d5fe7 collected $9.9 from pot
*** SECOND SHOWDOWN ***
ef87a029 collected $9.9 from pot
*** SUMMARY ***
Total pot $20.9 | Rake $1 | Jackpot $0.1 | Bingo $0 | Fortune $0 | Tax $0
Hand was run two times
FIRST Board [2h As 3c 9c Kh]
SECOND Board [8s 4c 7s Tc 3s]
Seat 1: fd2e3f8c (big blind) folded before Flop
Seat 2: 9b20a489 folded before Flop (didn't bet)
Seat 3: d084f402 folded before Flop (didn't bet)
Seat 4: ef87a029 showed [8h 8d] and lost with Pair of Eights, and won ($9.9) with Three Eights
Seat 5: ed0d5fe7 (button) showed [Qd Ac] and won ($9.9) with Pair of Aces, and lost with Ace-High
Seat 6: Hero (small blind) folded before Flop


Poker Hand #HD1819204263: Hold'em No Limit ($0.05/$0.1) - 2024/06/17 12:49:03
Table 'NLHRed1' 6-max Seat #4 is the button
Seat 1: fd2e3f8c ($26.86 in chips)
Seat 2: 9b20a489 ($13.83 in chips)
Seat 3: d084f402 ($12.53 in chips)
Seat 4: ef87a029 ($11.49 in chips)
Seat 5: ed0d5fe7 ($10 in chips)
Seat 6: Hero ($13.56 in chips)
ed0d5fe7: posts small blind $0.05
Hero: posts big blind $0.1
*** HOLE CARDS ***
Dealt to fd2e3f8c 
Dealt to 9b20a489 
Dealt to d084f402 
Dealt to ef87a029 
Dealt to ed0d5fe7 
Dealt to Hero [Js Kd]
fd2e3f8c: calls $0.1
9b20a489: folds
d084f402: folds
ef87a029: calls $0.1
ed0d5fe7: folds
Hero: raises $0.4 to $0.5
fd2e3f8c: folds
ef87a029: calls $0.4
*** FLOP *** [Kc 7s 8s]
Hero: bets $0.6
ef87a029: calls $0.6
*** TURN *** [Kc 7s 8s] [Jc]
Hero: checks
ef87a029: checks
*** RIVER *** [Kc 7s 8s Jc] [Jd]
Hero: checks
ef87a029: checks
Hero: shows [Js Kd] (Jacks Full over Kings)
ef87a029: shows [7c Ac] (Pair of Jacks and Pair of Sevens)
*** SHOWDOWN ***
Hero collected $2.24 from pot
*** SUMMARY ***
Total pot $2.35 | Rake $0.11 | Jackpot $0 | Bingo $0 | Fortune $0 | Tax $0
Board [Kc 7s 8s Jc Jd]
Seat 1: fd2e3f8c folded before Flop
Seat 2: 9b20a489 folded before Flop (didn't bet)
Seat 3: d084f402 folded before Flop (didn't bet)
Seat 4: ef87a029 (button) showed [7c Ac] and lost with Pair of Jacks and Pair of Sevens
Seat 5: ed0d5fe7 (small blind) folded before Flop
Seat 6: Hero (big blind) showed [Js Kd] and won ($2.24) with Jacks Full over Kings


Poker Hand #HD1819204113: Hold'em No Limit ($0.05/$0.1) - 2024/06/17 12:47:42
Table 'NLHRed1' 6-max Seat #3 is the button
Seat 1: fd2e3f8c ($24.61 in chips)
Seat 2: 9b20a489 ($13.83 in chips)
Seat 3: d084f402 ($12.53 in chips)
Seat 4: ef87a029 ($13.88 in chips)
Seat 5: ed0d5fe7 ($10 in chips)
Seat 6: Hero ($13.56 in chips)
ef87a029: posts small blind $0.05
ed0d5fe7: posts big blind $0.1
*** HOLE CARDS ***
Dealt to fd2e3f8c 
Dealt to 9b20a489 
Dealt to d084f402 
Dealt to ef87a029 
Dealt to ed0d5fe7 
Dealt to Hero [3c Kd]
Hero: folds
fd2e3f8c: calls $0.1
9b20a489: folds
d084f402: folds
ef87a029: calls $0.05
ed0d5fe7: raises $0.1 to $0.2
fd2e3f8c: calls $0.1
ef87a029: calls $0.1
*** FLOP *** [Ks 9c Tc]
ef87a029: checks
ed0d5fe7: checks
fd2e3f8c: bets $0.45
ef87a029: calls $0.45
ed0d5fe7: folds
*** TURN *** [Ks 9c Tc] [7c]
ef87a029: bets $0.75
fd2e3f8c: raises $0.99 to $1.74
ef87a029: calls $0.99
*** RIVER *** [Ks 9c Tc 7c] [9s]
ef87a029: checks
fd2e3f8c: checks
ef87a029: shows [Ah 8c] (Pair of Nines)
fd2e3f8c: shows [8s Js] (Jacks-High Straight)
*** SHOWDOWN ***
fd2e3f8c collected $4.64 from pot
*** SUMMARY ***
Total pot $4.98 | Rake $0.24 | Jackpot $0.1 | Bingo $0 | Fortune $0 | Tax $0
Board [Ks 9c Tc 7c 9s]
Seat 1: fd2e3f8c showed [8s Js] and won ($4.64) with Jacks-High Straight
Seat 2: 9b20a489 folded before Flop (didn't bet)
Seat 3: d084f402 (button) folded before Flop (didn't bet)
Seat 4: ef87a029 (small blind) showed [Ah 8c] and lost with Pair of Nines
Seat 5: ed0d5fe7 (big blind) folded on the Flop
Seat 6: Hero folded before Flop (didn't bet)


Poker Hand #HD1819204017: Hold'em No Limit ($0.05/$0.1) - 2024/06/17 12:46:53
Table 'NLHRed1' 6-max Seat #2 is the button
Seat 1: fd2e3f8c ($22.27 in chips)
Seat 2: 9b20a489 ($15.09 in chips)
Seat 3: d084f402 ($13.79 in chips)
Seat 4: ef87a029 ($13.98 in chips)
Seat 5: ed0d5fe7 ($10 in chips)
Seat 6: Hero ($13.56 in chips)
d084f402: posts small blind $0.05
ef87a029: posts big blind $0.1
*** HOLE CARDS ***
Dealt to fd2e3f8c 
Dealt to 9b20a489 
Dealt to d084f402 
Dealt to ef87a029 
Dealt to ed0d5fe7 
Dealt to Hero [7s 2h]
ed0d5fe7: folds
Hero: folds
fd2e3f8c: calls $0.1
9b20a489: raises $0.3 to $0.4
d084f402: calls $0.35
ef87a029: folds
fd2e3f8c: calls $0.3
*** FLOP *** [3c 8d 2c]
d084f402: bets $0.86
fd2e3f8c: calls $0.86
9b20a489: calls $0.86
*** TURN *** [3c 8d 2c] [Kh]
d084f402: checks
fd2e3f8c: bets $2.91
9b20a489: folds
d084f402: folds
Uncalled bet ($2.91) returned to fd2e3f8c
*** SHOWDOWN ***
fd2e3f8c collected $3.6 from pot
*** SUMMARY ***
Total pot $3.88 | Rake $0.18 | Jackpot $0.1 | Bingo $0 | Fortune $0 | Tax $0
Board [3c 8d 2c Kh]
Seat 1: fd2e3f8c won ($3.6)
Seat 2: 9b20a489 (button) folded on the Turn
Seat 3: d084f402 (small blind) folded on the Turn
Seat 4: ef87a029 (big blind) folded before Flop
Seat 5: ed0d5fe7 folded before Flop (didn't bet)
Seat 6: Hero folded before Flop (didn't bet)


Poker Hand #HD1819203965: Hold'em No Limit ($0.05/$0.1) - 2024/06/17 12:46:27
Table 'NLHRed1' 6-max Seat #1 is the button
Seat 1: fd2e3f8c ($21.94 in chips)
Seat 2: 9b20a489 ($15.14 in chips)
Seat 3: d084f402 ($13.89 in chips)
Seat 4: ef87a029 ($13.98 in chips)
Seat 5: ed0d5fe7 ($10 in chips)
Seat 6: Hero ($13.56 in chips)
9b20a489: posts small blind $0.05
d084f402: posts big blind $0.1
*** HOLE CARDS ***
Dealt to fd2e3f8c 
Dealt to 9b20a489 
Dealt to d084f402 
Dealt to ef87a029 
Dealt to ed0d5fe7 
Dealt to Hero [3d 8c]
ef87a029: folds
ed0d5fe7: raises $0.1 to $0.2
Hero: folds
fd2e3f8c: raises $0.42 to $0.62
9b20a489: folds
d084f402: folds
ed0d5fe7: folds
Uncalled bet ($0.42) returned to fd2e3f8c
*** SHOWDOWN ***
fd2e3f8c collected $0.53 from pot
*** SUMMARY ***
Total pot $0.55 | Rake $0.02 | Jackpot $0 | Bingo $0 | Fortune $0 | Tax $0
Seat 1: fd2e3f8c (button) collected ($0.53)
Seat 2: 9b20a489 (small blind) folded before Flop
Seat 3: d084f402 (big blind) folded before Flop
Seat 4: ef87a029 folded before Flop (didn't bet)
Seat 5: ed0d5fe7 folded before Flop
Seat 6: Hero folded before Flop (didn't bet)


Poker Hand #HD1819203897: Hold'em No Limit ($0.05/$0.1) - 2024/06/17 12:45:48
Table 'NLHRed1' 6-max Seat #6 is the button
Seat 1: fd2e3f8c ($22.04 in chips)
Seat 2: 9b20a489 ($15.24 in chips)
Seat 3: d084f402 ($13.99 in chips)
Seat 4: ef87a029 ($13.7 in chips)
Seat 5: ed0d5fe7 ($10 in chips)
Seat 6: Hero ($13.56 in chips)
fd2e3f8c: posts small blind $0.05
9b20a489: posts big blind $0.1
*** HOLE CARDS ***
Dealt to fd2e3f8c 
Dealt to 9b20a489 
Dealt to d084f402 
Dealt to ef87a029 
Dealt to ed0d5fe7 
Dealt to Hero [7c 3h]
d084f402: calls $0.1
ef87a029: calls $0.1
ed0d5fe7: folds
Hero: folds
fd2e3f8c: calls $0.05
9b20a489: checks
*** FLOP *** [Jh Ad Qs]
fd2e3f8c: checks
9b20a489: checks
d084f402: checks
ef87a029: bets $0.4
fd2e3f8c: folds
9b20a489: folds
d084f402: folds
Uncalled bet ($0.4) returned to ef87a029
*** SHOWDOWN ***
ef87a029 collected $0.38 from pot
*** SUMMARY ***
Total pot $0.4 | Rake $0.02 | Jackpot $0 | Bingo $0 | Fortune $0 | Tax $0
Board [Jh Ad Qs]
Seat 1: fd2e3f8c (small blind) folded on the Flop
Seat 2: 9b20a489 (big blind) folded on the Flop
Seat 3: d084f402 folded on the Flop
Seat 4: ef87a029 won ($0.38)
Seat 5: ed0d5fe7 folded before Flop (didn't bet)
Seat 6: Hero (button) folded before Flop (didn't bet)


Poker Hand #HD1819203801: Hold'em No Limit ($0.05/$0.1) - 2024/06/17 12:45:02
Table 'NLHRed1' 6-max Seat #5 is the button
Seat 1: fd2e3f8c ($20.79 in chips)
Seat 2: 9b20a489 ($15.89 in chips)
Seat 3: d084f402 ($13.99 in chips)
Seat 4: ef87a029 ($14.35 in chips)
Seat 5: ed0d5fe7 ($10 in chips)
Seat 6: Hero ($13.61 in chips)
Hero: posts small blind $0.05
fd2e3f8c: posts big blind $0.1
*** HOLE CARDS ***
Dealt to fd2e3f8c 
Dealt to 9b20a489 
Dealt to d084f402 
Dealt to ef87a029 
Dealt to ed0d5fe7 
Dealt to Hero [4d 9c]
9b20a489: raises $0.15 to $0.25
d084f402: folds
ef87a029: calls $0.25
ed0d5fe7: folds
Hero: folds
fd2e3f8c: raises $0.4 to $0.65
9b20a489: calls $0.4
ef87a029: calls $0.4
*** FLOP *** [Th Kc Ks]
fd2e3f8c: checks
9b20a489: checks
ef87a029: checks
*** TURN *** [Th Kc Ks] [9h]
fd2e3f8c: bets $1
9b20a489: folds
ef87a029: folds
Uncalled bet ($1) returned to fd2e3f8c
*** SHOWDOWN ***
fd2e3f8c collected $1.9 from pot
*** SUMMARY ***
Total pot $2 | Rake $0.1 | Jackpot $0 | Bingo $0 | Fortune $0 | Tax $0
Board [Th Kc Ks 9h]
Seat 1: fd2e3f8c (big blind) won ($1.9)
Seat 2: 9b20a489 folded on the Turn
Seat 3: d084f402 folded before Flop (didn't bet)
Seat 4: ef87a029 folded on the Turn
Seat 5: ed0d5fe7 (button) folded before Flop (didn't bet)
Seat 6: Hero (small blind) folded before Flop


Poker Hand #HD1819203640: Hold'em No Limit ($0.05/$0.1) - 2024/06/17 12:43:23
Table 'NLHRed1' 6-max Seat #4 is the button
Seat 1: fd2e3f8c ($18.55 in chips)
Seat 2: 9b20a489 ($16.09 in chips)
Seat 3: d084f402 ($14.19 in chips)
Seat 4: ef87a029 ($14.55 in chips)
Seat 5: ed0d5fe7 ($10.86 in chips)
Seat 6: Hero ($13.71 in chips)
ed0d5fe7: posts small blind $0.05
Hero: posts big blind $0.1
*** HOLE CARDS ***
Dealt to fd2e3f8c 
Dealt to 9b20a489 
Dealt to d084f402 
Dealt to ef87a029 
Dealt to ed0d5fe7 
Dealt to Hero [9d 5c]
fd2e3f8c: calls $0.1
9b20a489: calls $0.1
d084f402: calls $0.1
ef87a029: calls $0.1
ed0d5fe7: raises $0.1 to $0.2
Hero: folds
fd2e3f8c: calls $0.1
9b20a489: calls $0.1
d084f402: calls $0.1
ef87a029: calls $0.1
*** FLOP *** [6h 2c 7d]
ed0d5fe7: checks
fd2e3f8c: bets $0.55
9b20a489: folds
d084f402: folds
ef87a029: folds
ed0d5fe7: calls $0.55
*** TURN *** [6h 2c 7d] [4d]
ed0d5fe7: checks
fd2e3f8c: bets $1.1
ed0d5fe7: calls $1.1
*** RIVER *** [6h 2c 7d 4d] [3s]
ed0d5fe7: checks
fd2e3f8c: bets $4.4
ed0d5fe7: folds
Uncalled bet ($4.4) returned to fd2e3f8c
*** SHOWDOWN ***
fd2e3f8c collected $4.09 from pot
*** SUMMARY ***
Total pot $4.4 | Rake $0.21 | Jackpot $0.1 | Bingo $0 | Fortune $0 | Tax $0
Board [6h 2c 7d 4d 3s]
Seat 1: fd2e3f8c won ($4.09)
Seat 2: 9b20a489 folded on the Flop
Seat 3: d084f402 folded on the Flop
Seat 4: ef87a029 (button) folded on the Flop
Seat 5: ed0d5fe7 (small blind) folded on the River
Seat 6: Hero (big blind) folded before Flop


Poker Hand #HD1819203573: Hold'em No Limit ($0.05/$0.1) - 2024/06/17 12:42:44
Table 'NLHRed1' 6-max Seat #3 is the button
Seat 1: fd2e3f8c ($18.55 in chips)
Seat 2: 9b20a489 ($16.09 in chips)
Seat 3: d084f402 ($14.19 in chips)
Seat 4: ef87a029 ($14.46 in chips)
Seat 5: ed0d5fe7 ($10.96 in chips)
Seat 6: Hero ($13.71 in chips)
ef87a029: posts small blind $0.05
ed0d5fe7: posts big blind $0.1
*** HOLE CARDS ***
Dealt to fd2e3f8c 
Dealt to 9b20a489 
Dealt to d084f402 
Dealt to ef87a029 
Dealt to ed0d5fe7 
Dealt to Hero [Js 6h]
Hero: folds
fd2e3f8c: folds
9b20a489: folds
d084f402: folds
ef87a029: calls $0.05
ed0d5fe7: checks
*** FLOP *** [Kh 8s 8d]
ef87a029: checks
ed0d5fe7: checks
*** TURN *** [Kh 8s 8d] [4d]
ef87a029: checks
ed0d5fe7: checks
*** RIVER *** [Kh 8s 8d 4d] [9h]
ef87a029: checks
ed0d5fe7: checks
ef87a029: shows [Ac Th] (Pair of Eights)
ed0d5fe7: shows [Qh 5d] (Pair of Eights)
*** SHOWDOWN ***
ef87a029 collected $0.19 from pot
*** SUMMARY ***
Total pot $0.2 | Rake $0.01 | Jackpot $0 | Bingo $0 | Fortune $0 | Tax $0
Board [Kh 8s 8d 4d 9h]
Seat 1: fd2e3f8c folded before Flop (didn't bet)
Seat 2: 9b20a489 folded before Flop (didn't bet)
Seat 3: d084f402 (button) folded before Flop (didn't bet)
Seat 4: ef87a029 (small blind) showed [Ac Th] and won ($0.19) with Pair of Eights
Seat 5: ed0d5fe7 (big blind) showed [Qh 5d] and lost with Pair of Eights
Seat 6: Hero folded before Flop (didn't bet)


Poker Hand #HD1819203496: Hold'em No Limit ($0.05/$0.1) - 2024/06/17 12:41:58
Table 'NLHRed1' 6-max Seat #2 is the button
Seat 1: fd2e3f8c ($18.75 in chips)
Seat 2: 9b20a489 ($16.09 in chips)
Seat 3: d084f402 ($14.24 in chips)
Seat 4: ef87a029 ($14.56 in chips)
Seat 5: ed0d5fe7 ($10.96 in chips)
Seat 6: Hero ($13.38 in chips)
d084f402: posts small blind $0.05
ef87a029: posts big blind $0.1
*** HOLE CARDS ***
Dealt to fd2e3f8c 
Dealt to 9b20a489 
Dealt to d084f402 
Dealt to ef87a029 
Dealt to ed0d5fe7 
Dealt to Hero [9h 8h]
ed0d5fe7: folds
Hero: raises $0.1 to $0.2
fd2e3f8c: calls $0.2
9b20a489: folds
d084f402: folds
ef87a029: folds
*** FLOP *** [2c Kh 6h]
Hero: bets $0.29
fd2e3f8c: folds
Uncalled bet ($0.29) returned to Hero
*** SHOWDOWN ***
Hero collected $0.53 from pot
*** SUMMARY ***
Total pot $0.55 | Rake $0.02 | Jackpot $0 | Bingo $0 | Fortune $0 | Tax $0
Board [2c Kh 6h]
Seat 1: fd2e3f8c folded on the Flop
Seat 2: 9b20a489 (button) folded before Flop (didn't bet)
Seat 3: d084f402 (small blind) folded before Flop
Seat 4: ef87a029 (big blind) folded before Flop
Seat 5: ed0d5fe7 folded before Flop (didn't bet)
Seat 6: Hero won ($0.53)


Poker Hand #HD1819203410: Hold'em No Limit ($0.05/$0.1) - 2024/06/17 12:41:13
Table 'NLHRed1' 6-max Seat #1 is the button
Seat 1: fd2e3f8c ($18.95 in chips)
Seat 2: 9b20a489 ($16.14 in chips)
Seat 3: d084f402 ($14.34 in chips)
Seat 4: ef87a029 ($14.56 in chips)
Seat 5: ed0d5fe7 ($10.63 in chips)
Seat 6: Hero ($13.38 in chips)
9b20a489: posts small blind $0.05
d084f402: posts big blind $0.1
*** HOLE CARDS ***
Dealt to fd2e3f8c 
Dealt to 9b20a489 
Dealt to d084f402 
Dealt to ef87a029 
Dealt to ed0d5fe7 
Dealt to Hero [6d 8c]
ef87a029: folds
ed0d5fe7: raises $0.1 to $0.2
Hero: folds
fd2e3f8c: calls $0.2
9b20a489: folds
d084f402: folds
*** FLOP *** [4h 3h Qh]
ed0d5fe7: checks
fd2e3f8c: checks
*** TURN *** [4h 3h Qh] [6h]
ed0d5fe7: bets $0.42
fd2e3f8c: folds
Uncalled bet ($0.42) returned to ed0d5fe7
*** SHOWDOWN ***
ed0d5fe7 collected $0.53 from pot
*** SUMMARY ***
Total pot $0.55 | Rake $0.02 | Jackpot $0 | Bingo $0 | Fortune $0 | Tax $0
Board [4h 3h Qh 6h]
Seat 1: fd2e3f8c (button) folded on the Turn
Seat 2: 9b20a489 (small blind) folded before Flop
Seat 3: d084f402 (big blind) folded before Flop
Seat 4: ef87a029 folded before Flop (didn't bet)
Seat 5: ed0d5fe7 won ($0.53)
Seat 6: Hero folded before Flop (didn't bet)


Poker Hand #HD1819203361: Hold'em No Limit ($0.05/$0.1) - 2024/06/17 12:40:44
Table 'NLHRed1' 6-max Seat #6 is the button
Seat 1: fd2e3f8c ($19.05 in chips)
Seat 2: 9b20a489 ($15.95 in chips)
Seat 3: d084f402 ($14.44 in chips)
Seat 4: ef87a029 ($14.56 in chips)
Seat 5: ed0d5fe7 ($10.63 in chips)
Seat 6: Hero ($13.38 in chips)
fd2e3f8c: posts small blind $0.05
9b20a489: posts big blind $0.1
*** HOLE CARDS ***
Dealt to fd2e3f8c 
Dealt to 9b20a489 
Dealt to d084f402 
Dealt to ef87a029 
Dealt to ed0d5fe7 
Dealt to Hero [Jh 8c]
d084f402: calls $0.1
ef87a029: folds
ed0d5fe7: folds
Hero: folds
fd2e3f8c: calls $0.05
9b20a489: checks
*** FLOP *** [4s Jc 3c]
fd2e3f8c: checks
9b20a489: bets $0.23
d084f402: folds
fd2e3f8c: folds
Uncalled bet ($0.23) returned to 9b20a489
*** SHOWDOWN ***
9b20a489 collected $0.29 from pot
*** SUMMARY ***
Total pot $0.3 | Rake $0.01 | Jackpot $0 | Bingo $0 | Fortune $0 | Tax $0
Board [4s Jc 3c]
Seat 1: fd2e3f8c (small blind) folded on the Flop
Seat 2: 9b20a489 (big blind) won ($0.29)
Seat 3: d084f402 folded on the Flop
Seat 4: ef87a029 folded before Flop (didn't bet)
Seat 5: ed0d5fe7 folded before Flop (didn't bet)
Seat 6: Hero (button) folded before Flop (didn't bet)


Poker Hand #HD1819203314: Hold'em No Limit ($0.05/$0.1) - 2024/06/17 12:40:18
Table 'NLHRed1' 6-max Seat #5 is the button
Seat 1: fd2e3f8c ($19.15 in chips)
Seat 2: 9b20a489 ($15.95 in chips)
Seat 3: d084f402 ($14.44 in chips)
Seat 4: ef87a029 ($14.56 in chips)
Seat 5: ed0d5fe7 ($10.48 in chips)
Seat 6: Hero ($13.43 in chips)
Hero: posts small blind $0.05
fd2e3f8c: posts big blind $0.1
*** HOLE CARDS ***
Dealt to fd2e3f8c 
Dealt to 9b20a489 
Dealt to d084f402 
Dealt to ef87a029 
Dealt to ed0d5fe7 
Dealt to Hero [8h 6d]
9b20a489: folds
d084f402: folds
ef87a029: folds
ed0d5fe7: raises $0.1 to $0.2
Hero: folds
fd2e3f8c: folds
Uncalled bet ($0.1) returned to ed0d5fe7
*** SHOWDOWN ***
ed0d5fe7 collected $0.25 from pot
*** SUMMARY ***
Total pot $0.25 | Rake $0 | Jackpot $0 | Bingo $0 | Fortune $0 | Tax $0
Seat 1: fd2e3f8c (big blind) folded before Flop
Seat 2: 9b20a489 folded before Flop (didn't bet)
Seat 3: d084f402 folded before Flop (didn't bet)
Seat 4: ef87a029 folded before Flop (didn't bet)
Seat 5: ed0d5fe7 (button) collected ($0.25)
Seat 6: Hero (small blind) folded before Flop


Poker Hand #HD1819203240: Hold'em No Limit ($0.05/$0.1) - 2024/06/17 12:39:36
Table 'NLHRed1' 6-max Seat #4 is the button
Seat 1: fd2e3f8c ($19.25 in chips)
Seat 2: 9b20a489 ($15.95 in chips)
Seat 3: d084f402 ($14.44 in chips)
Seat 4: ef87a029 ($14.56 in chips)
Seat 5: ed0d5fe7 ($10.53 in chips)
Seat 6: Hero ($13.29 in chips)
ed0d5fe7: posts small blind $0.05
Hero: posts big blind $0.1
*** HOLE CARDS ***
Dealt to fd2e3f8c 
Dealt to 9b20a489 
Dealt to d084f402 
Dealt to ef87a029 
Dealt to ed0d5fe7 
Dealt to Hero [Ks Jc]
fd2e3f8c: calls $0.1
9b20a489: folds
d084f402: folds
ef87a029: folds
ed0d5fe7: folds
Hero: checks
*** FLOP *** [Ad Ts 2h]
Hero: checks
fd2e3f8c: checks
*** TURN *** [Ad Ts 2h] [Qd]
Hero: bets $0.1
fd2e3f8c: folds
Uncalled bet ($0.1) returned to Hero
*** SHOWDOWN ***
Hero collected $0.24 from pot
*** SUMMARY ***
Total pot $0.25 | Rake $0.01 | Jackpot $0 | Bingo $0 | Fortune $0 | Tax $0
Board [Ad Ts 2h Qd]
Seat 1: fd2e3f8c folded on the Turn
Seat 2: 9b20a489 folded before Flop (didn't bet)
Seat 3: d084f402 folded before Flop (didn't bet)
Seat 4: ef87a029 (button) folded before Flop (didn't bet)
Seat 5: ed0d5fe7 (small blind) folded before Flop
Seat 6: Hero (big blind) won ($0.24)


Poker Hand #HD1819203139: Hold'em No Limit ($0.05/$0.1) - 2024/06/17 12:38:35
Table 'NLHRed1' 6-max Seat #3 is the button
Seat 1: fd2e3f8c ($10 in chips)
Seat 2: 9b20a489 ($16.2 in chips)
Seat 3: d084f402 ($14.44 in chips)
Seat 4: ef87a029 ($10.56 in chips)
Seat 5: ed0d5fe7 ($10.63 in chips)
Seat 6: Hero ($13.29 in chips)
ef87a029: posts small blind $0.05
ed0d5fe7: posts big blind $0.1
*** HOLE CARDS ***
Dealt to fd2e3f8c 
Dealt to 9b20a489 
Dealt to d084f402 
Dealt to ef87a029 
Dealt to ed0d5fe7 
Dealt to Hero [7s 8c]
Hero: folds
fd2e3f8c: calls $0.1
9b20a489: raises $0.15 to $0.25
d084f402: folds
ef87a029: calls $0.2
ed0d5fe7: folds
fd2e3f8c: calls $0.15
*** FLOP *** [2h Jc 5c]
ef87a029: bets $0.43
fd2e3f8c: raises $1.71 to $2.14
9b20a489: folds
ef87a029: raises $8.17 to $10.31 and is all-in
fd2e3f8c: calls $7.61 and is all-in
Uncalled bet ($0.56) returned to ef87a029
ef87a029: shows [5d 5s] (Three Fives)
fd2e3f8c: shows [7c 9c] (Jack-High)
*** TURN *** [2h Jc 5c] [Tc]
*** RIVER *** [2h Jc 5c Tc] [Ah]
ef87a029: Receives Cashout ($14)
*** SHOWDOWN ***
fd2e3f8c collected $19.25 from pot
*** SUMMARY ***
Total pot $20.35 | Rake $1 | Jackpot $0.1 | Bingo $0 | Fortune $0 | Tax $0
Board [2h Jc 5c Tc Ah]
Seat 1: fd2e3f8c showed [7c 9c] and won ($19.25) with Jack High Flush
Seat 2: 9b20a489 folded on the Flop
Seat 3: d084f402 (button) folded before Flop (didn't bet)
Seat 4: ef87a029 (small blind) showed [5d 5s] and lost with Three Fives, EV Cashout ($14)
Seat 5: ed0d5fe7 (big blind) folded before Flop
Seat 6: Hero folded before Flop (didn't bet)


Poker Hand #HD1819203055: Hold'em No Limit ($0.05/$0.1) - 2024/06/17 12:37:40
Table 'NLHRed1' 6-max Seat #2 is the button
Seat 1: fd2e3f8c ($6.9 in chips)
Seat 2: 9b20a489 ($15.65 in chips)
Seat 3: d084f402 ($14.84 in chips)
Seat 4: ef87a029 ($10.66 in chips)
Seat 5: ed0d5fe7 ($10.63 in chips)
Seat 6: Hero ($13.29 in chips)
d084f402: posts small blind $0.05
ef87a029: posts big blind $0.1
*** HOLE CARDS ***
Dealt to fd2e3f8c 
Dealt to 9b20a489 
Dealt to d084f402 
Dealt to ef87a029 
Dealt to ed0d5fe7 
Dealt to Hero [4d 7c]
ed0d5fe7: folds
Hero: folds
fd2e3f8c: calls $0.1
9b20a489: calls $0.1
d084f402: calls $0.05
ef87a029: checks
*** FLOP *** [7d Qs 9h]
d084f402: bets $0.3
ef87a029: folds
fd2e3f8c: folds
9b20a489: calls $0.3
*** TURN *** [7d Qs 9h] [9d]
d084f402: checks
9b20a489: bets $0.75
d084f402: folds
Uncalled bet ($0.75) returned to 9b20a489
*** SHOWDOWN ***
9b20a489 collected $0.95 from pot
*** SUMMARY ***
Total pot $1 | Rake $0.05 | Jackpot $0 | Bingo $0 | Fortune $0 | Tax $0
Board [7d Qs 9h 9d]
Seat 1: fd2e3f8c folded on the Flop
Seat 2: 9b20a489 (button) won ($0.95)
Seat 3: d084f402 (small blind) folded on the Turn
Seat 4: ef87a029 (big blind) folded on the Flop
Seat 5: ed0d5fe7 folded before Flop (didn't bet)
Seat 6: Hero folded before Flop (didn't bet)


Poker Hand #HD1819203014: Hold'em No Limit ($0.05/$0.1) - 2024/06/17 12:37:19
Table 'NLHRed1' 6-max Seat #1 is the button
Seat 1: fd2e3f8c ($7 in chips)
Seat 2: 9b20a489 ($15.7 in chips)
Seat 3: d084f402 ($14.69 in chips)
Seat 4: ef87a029 ($10.66 in chips)
Seat 5: ed0d5fe7 ($10.63 in chips)
Seat 6: Hero ($13.29 in chips)
9b20a489: posts small blind $0.05
d084f402: posts big blind $0.1
*** HOLE CARDS ***
Dealt to fd2e3f8c 
Dealt to 9b20a489 
Dealt to d084f402 
Dealt to ef87a029 
Dealt to ed0d5fe7 
Dealt to Hero [3h As]
ef87a029: folds
ed0d5fe7: folds
Hero: folds
fd2e3f8c: calls $0.1
9b20a489: folds
d084f402: raises $0.7 to $0.8
fd2e3f8c: folds
Uncalled bet ($0.7) returned to d084f402
*** SHOWDOWN ***
d084f402 collected $0.25 from pot
*** SUMMARY ***
Total pot $0.25 | Rake $0 | Jackpot $0 | Bingo $0 | Fortune $0 | Tax $0
Seat 1: fd2e3f8c (button) folded before Flop
Seat 2: 9b20a489 (small blind) folded before Flop
Seat 3: d084f402 (big blind) collected ($0.25)
Seat 4: ef87a029 folded before Flop (didn't bet)
Seat 5: ed0d5fe7 folded before Flop (didn't bet)
Seat 6: Hero folded before Flop (didn't bet)


Poker Hand #HD1819202916: Hold'em No Limit ($0.05/$0.1) - 2024/06/17 12:36:23
Table 'NLHRed1' 6-max Seat #6 is the button
Seat 1: fd2e3f8c ($7.24 in chips)
Seat 2: 9b20a489 ($16.18 in chips)
Seat 3: d084f402 ($14.69 in chips)
Seat 4: ef87a029 ($10.66 in chips)
Seat 6: Hero ($12.63 in chips)
fd2e3f8c: posts small blind $0.05
9b20a489: posts big blind $0.1
*** HOLE CARDS ***
Dealt to fd2e3f8c 
Dealt to 9b20a489 
Dealt to d084f402 
Dealt to ef87a029 
Dealt to Hero [Td Ts]
d084f402: folds
ef87a029: folds
Hero: raises $0.14 to $0.24
fd2e3f8c: calls $0.19
9b20a489: calls $0.14
*** FLOP *** [3s Jd Qh]
fd2e3f8c: checks
9b20a489: checks
Hero: checks
*** TURN *** [3s Jd Qh] [6h]
fd2e3f8c: checks
9b20a489: bets $0.24
Hero: calls $0.24
fd2e3f8c: folds
*** RIVER *** [3s Jd Qh 6h] [8h]
9b20a489: checks
Hero: checks
9b20a489: shows [6d Ks] (Pair of Sixes)
Hero: shows [Td Ts] (Pair of Tens)
*** SHOWDOWN ***
Hero collected $1.14 from pot
*** SUMMARY ***
Total pot $1.2 | Rake $0.06 | Jackpot $0 | Bingo $0 | Fortune $0 | Tax $0
Board [3s Jd Qh 6h 8h]
Seat 1: fd2e3f8c (small blind) folded on the Turn
Seat 2: 9b20a489 (big blind) showed [6d Ks] and lost with Pair of Sixes
Seat 3: d084f402 folded before Flop (didn't bet)
Seat 4: ef87a029 folded before Flop (didn't bet)
Seat 6: Hero (button) showed [Td Ts] and won ($1.14) with Pair of Tens


Poker Hand #HD1819202827: Hold'em No Limit ($0.05/$0.1) - 2024/06/17 12:35:27
Table 'NLHRed1' 6-max Seat #5 is the button
Seat 1: fd2e3f8c ($8.74 in chips)
Seat 2: 9b20a489 ($16.18 in chips)
Seat 3: d084f402 ($14.69 in chips)
Seat 4: ef87a029 ($10.66 in chips)
Seat 5: ed0d5fe7 ($10.63 in chips)
Seat 6: Hero ($11.37 in chips)
Hero: posts small blind $0.05
fd2e3f8c: posts big blind $0.1
*** HOLE CARDS ***
Dealt to fd2e3f8c 
Dealt to 9b20a489 
Dealt to d084f402 
Dealt to ef87a029 
Dealt to ed0d5fe7 
Dealt to Hero [Ks Jh]
9b20a489: folds
d084f402: folds
ef87a029: folds
ed0d5fe7: folds
Hero: raises $0.2 to $0.3
fd2e3f8c: calls $0.2
*** FLOP *** [2h Td Jd]
Hero: bets $0.2
fd2e3f8c: raises $1 to $1.2
Hero: calls $1
*** TURN *** [2h Td Jd] [9d]
Hero: checks
fd2e3f8c: checks
*** RIVER *** [2h Td Jd 9d] [8h]
Hero: checks
fd2e3f8c: checks
Hero: shows [Ks Jh] (Pair of Jacks)
fd2e3f8c: shows [Ac 5h] (Ace-High)
*** SHOWDOWN ***
Hero collected $2.76 from pot
*** SUMMARY ***
Total pot $3 | Rake $0.14 | Jackpot $0.1 | Bingo $0 | Fortune $0 | Tax $0
Board [2h Td Jd 9d 8h]
Seat 1: fd2e3f8c (big blind) showed [Ac 5h] and lost with Ace-High
Seat 2: 9b20a489 folded before Flop (didn't bet)
Seat 3: d084f402 folded before Flop (didn't bet)
Seat 4: ef87a029 folded before Flop (didn't bet)
Seat 5: ed0d5fe7 (button) folded before Flop (didn't bet)
Seat 6: Hero (small blind) showed [Ks Jh] and won ($2.76) with Pair of Jacks


Poker Hand #HD1819202769: Hold'em No Limit ($0.05/$0.1) - 2024/06/17 12:34:56
Table 'NLHRed1' 6-max Seat #4 is the button
Seat 1: fd2e3f8c ($7.92 in chips)
Seat 2: 9b20a489 ($16.18 in chips)
Seat 3: d084f402 ($15.44 in chips)
Seat 4: ef87a029 ($10.66 in chips)
Seat 5: ed0d5fe7 ($10.68 in chips)
Seat 6: Hero ($11.47 in chips)
ed0d5fe7: posts small blind $0.05
Hero: posts big blind $0.1
*** HOLE CARDS ***
Dealt to fd2e3f8c 
Dealt to 9b20a489 
Dealt to d084f402 
Dealt to ef87a029 
Dealt to ed0d5fe7 
Dealt to Hero [Jh 7c]
fd2e3f8c: calls $0.1
9b20a489: folds
d084f402: raises $0.1 to $0.2
ef87a029: folds
ed0d5fe7: folds
Hero: folds
fd2e3f8c: raises $0.55 to $0.75
d084f402: calls $0.55
*** FLOP *** [3s 6d Ac]
fd2e3f8c: bets $7.17 and is all-in
d084f402: folds
Uncalled bet ($7.17) returned to fd2e3f8c
*** SHOWDOWN ***
fd2e3f8c collected $1.57 from pot
*** SUMMARY ***
Total pot $1.65 | Rake $0.08 | Jackpot $0 | Bingo $0 | Fortune $0 | Tax $0
Board [3s 6d Ac]
Seat 1: fd2e3f8c won ($1.57)
Seat 2: 9b20a489 folded before Flop (didn't bet)
Seat 3: d084f402 folded on the Flop
Seat 4: ef87a029 (button) folded before Flop (didn't bet)
Seat 5: ed0d5fe7 (small blind) folded before Flop
Seat 6: Hero (big blind) folded before Flop


Poker Hand #HD1819202709: Hold'em No Limit ($0.05/$0.1) - 2024/06/17 12:34:19
Table 'NLHRed1' 6-max Seat #3 is the button
Seat 1: fd2e3f8c ($7.92 in chips)
Seat 2: 9b20a489 ($16.43 in chips)
Seat 3: d084f402 ($15.44 in chips)
Seat 4: ef87a029 ($10.34 in chips)
Seat 5: ed0d5fe7 ($10.78 in chips)
Seat 6: Hero ($11.47 in chips)
ef87a029: posts small blind $0.05
ed0d5fe7: posts big blind $0.1
*** HOLE CARDS ***
Dealt to fd2e3f8c 
Dealt to 9b20a489 
Dealt to d084f402 
Dealt to ef87a029 
Dealt to ed0d5fe7 
Dealt to Hero [Jd 5c]
Hero: folds
fd2e3f8c: folds
9b20a489: raises $0.15 to $0.25
d084f402: folds
ef87a029: calls $0.2
ed0d5fe7: folds
*** FLOP *** [Qh 7h Kd]
ef87a029: bets $0.3
9b20a489: folds
Uncalled bet ($0.3) returned to ef87a029
*** SHOWDOWN ***
ef87a029 collected $0.57 from pot
*** SUMMARY ***
Total pot $0.6 | Rake $0.03 | Jackpot $0 | Bingo $0 | Fortune $0 | Tax $0
Board [Qh 7h Kd]
Seat 1: fd2e3f8c folded before Flop (didn't bet)
Seat 2: 9b20a489 folded on the Flop
Seat 3: d084f402 (button) folded before Flop (didn't bet)
Seat 4: ef87a029 (small blind) won ($0.57)
Seat 5: ed0d5fe7 (big blind) folded before Flop
Seat 6: Hero folded before Flop (didn't bet)


Poker Hand #HD1819202647: Hold'em No Limit ($0.05/$0.1) - 2024/06/17 12:33:45
Table 'NLHRed1' 6-max Seat #2 is the button
Seat 1: fd2e3f8c ($7.92 in chips)
Seat 2: 9b20a489 ($16.43 in chips)
Seat 3: d084f402 ($15.49 in chips)
Seat 4: ef87a029 ($10.69 in chips)
Seat 5: ed0d5fe7 ($10.78 in chips)
Seat 6: Hero ($11.1 in chips)
d084f402: posts small blind $0.05
ef87a029: posts big blind $0.1
*** HOLE CARDS ***
Dealt to fd2e3f8c 
Dealt to 9b20a489 
Dealt to d084f402 
Dealt to ef87a029 
Dealt to ed0d5fe7 
Dealt to Hero [Ts Ac]
ed0d5fe7: folds
Hero: raises $0.1 to $0.2
fd2e3f8c: folds
9b20a489: folds
d084f402: folds
ef87a029: calls $0.1
*** FLOP *** [8s Td Ah]
ef87a029: checks
Hero: bets $0.15
ef87a029: calls $0.15
*** TURN *** [8s Td Ah] [Jh]
ef87a029: checks
Hero: bets $0.6
ef87a029: folds
Uncalled bet ($0.6) returned to Hero
*** SHOWDOWN ***
Hero collected $0.72 from pot
*** SUMMARY ***
Total pot $0.75 | Rake $0.03 | Jackpot $0 | Bingo $0 | Fortune $0 | Tax $0
Board [8s Td Ah Jh]
Seat 1: fd2e3f8c folded before Flop (didn't bet)
Seat 2: 9b20a489 (button) folded before Flop (didn't bet)
Seat 3: d084f402 (small blind) folded before Flop
Seat 4: ef87a029 (big blind) folded on the Turn
Seat 5: ed0d5fe7 folded before Flop (didn't bet)
Seat 6: Hero won ($0.72)


Poker Hand #HD1819202511: Hold'em No Limit ($0.05/$0.1) - 2024/06/17 12:32:25
Table 'NLHRed1' 6-max Seat #1 is the button
Seat 1: fd2e3f8c ($10.24 in chips)
Seat 2: 9b20a489 ($16.48 in chips)
Seat 3: d084f402 ($13.26 in chips)
Seat 4: ef87a029 ($10.89 in chips)
Seat 5: ed0d5fe7 ($10.78 in chips)
Seat 6: Hero ($11.1 in chips)
9b20a489: posts small blind $0.05
d084f402: posts big blind $0.1
*** HOLE CARDS ***
Dealt to fd2e3f8c 
Dealt to 9b20a489 
Dealt to d084f402 
Dealt to ef87a029 
Dealt to ed0d5fe7 
Dealt to Hero [5c 9h]
ef87a029: raises $0.1 to $0.2
ed0d5fe7: folds
Hero: folds
fd2e3f8c: calls $0.2
9b20a489: folds
d084f402: calls $0.1
*** FLOP *** [4d 5d 6c]
d084f402: checks
ef87a029: checks
fd2e3f8c: bets $0.49
d084f402: calls $0.49
ef87a029: folds
*** TURN *** [4d 5d 6c] [Ad]
d084f402: checks
fd2e3f8c: bets $1.63
d084f402: calls $1.63
*** RIVER *** [4d 5d 6c Ad] [Js]
d084f402: checks
fd2e3f8c: checks
d084f402: shows [7d Kd] (Ace High Flush)
fd2e3f8c: shows [7c Ts] (Ace-High)
*** SHOWDOWN ***
d084f402 collected $4.55 from pot
*** SUMMARY ***
Total pot $4.89 | Rake $0.24 | Jackpot $0.1 | Bingo $0 | Fortune $0 | Tax $0
Board [4d 5d 6c Ad Js]
Seat 1: fd2e3f8c (button) showed [7c Ts] and lost with Ace-High
Seat 2: 9b20a489 (small blind) folded before Flop
Seat 3: d084f402 (big blind) showed [7d Kd] and won ($4.55) with Ace High Flush
Seat 4: ef87a029 folded on the Flop
Seat 5: ed0d5fe7 folded before Flop (didn't bet)
Seat 6: Hero folded before Flop (didn't bet)


Poker Hand #HD1819202459: Hold'em No Limit ($0.05/$0.1) - 2024/06/17 12:31:54
Table 'NLHRed1' 6-max Seat #6 is the button
Seat 1: fd2e3f8c ($10.29 in chips)
Seat 2: 9b20a489 ($16.58 in chips)
Seat 3: d084f402 ($13.26 in chips)
Seat 4: ef87a029 ($10.89 in chips)
Seat 5: ed0d5fe7 ($10.78 in chips)
Seat 6: Hero ($10.95 in chips)
fd2e3f8c: posts small blind $0.05
9b20a489: posts big blind $0.1
*** HOLE CARDS ***
Dealt to fd2e3f8c 
Dealt to 9b20a489 
Dealt to d084f402 
Dealt to ef87a029 
Dealt to ed0d5fe7 
Dealt to Hero [2d Qd]
d084f402: folds
ef87a029: folds
ed0d5fe7: folds
Hero: raises $0.14 to $0.24
fd2e3f8c: folds
9b20a489: folds
Uncalled bet ($0.14) returned to Hero
*** SHOWDOWN ***
Hero collected $0.25 from pot
*** SUMMARY ***
Total pot $0.25 | Rake $0 | Jackpot $0 | Bingo $0 | Fortune $0 | Tax $0
Seat 1: fd2e3f8c (small blind) folded before Flop
Seat 2: 9b20a489 (big blind) folded before Flop
Seat 3: d084f402 folded before Flop (didn't bet)
Seat 4: ef87a029 folded before Flop (didn't bet)
Seat 5: ed0d5fe7 folded before Flop (didn't bet)
Seat 6: Hero (button) collected ($0.25)


Poker Hand #HD1819202398: Hold'em No Limit ($0.05/$0.1) - 2024/06/17 12:31:20
Table 'NLHRed1' 6-max Seat #5 is the button
Seat 1: fd2e3f8c ($10.24 in chips)
Seat 2: 9b20a489 ($16.58 in chips)
Seat 3: d084f402 ($13.26 in chips)
Seat 4: ef87a029 ($10.89 in chips)
Seat 5: ed0d5fe7 ($10.78 in chips)
Seat 6: Hero ($11 in chips)
Hero: posts small blind $0.05
fd2e3f8c: posts big blind $0.1
*** HOLE CARDS ***
Dealt to fd2e3f8c 
Dealt to 9b20a489 
Dealt to d084f402 
Dealt to ef87a029 
Dealt to ed0d5fe7 
Dealt to Hero [Ts 5c]
9b20a489: folds
d084f402: folds
ef87a029: folds
ed0d5fe7: folds
Hero: folds
Uncalled bet ($0.05) returned to fd2e3f8c
*** SHOWDOWN ***
fd2e3f8c collected $0.1 from pot
*** SUMMARY ***
Total pot $0.1 | Rake $0 | Jackpot $0 | Bingo $0 | Fortune $0 | Tax $0
Seat 1: fd2e3f8c (big blind) collected ($0.1)
Seat 2: 9b20a489 folded before Flop (didn't bet)
Seat 3: d084f402 folded before Flop (didn't bet)
Seat 4: ef87a029 folded before Flop (didn't bet)
Seat 5: ed0d5fe7 (button) folded before Flop (didn't bet)
Seat 6: Hero (small blind) folded before Flop


Poker Hand #HD1819202330: Hold'em No Limit ($0.05/$0.1) - 2024/06/17 12:30:39
Table 'NLHRed1' 6-max Seat #4 is the button
Seat 1: fd2e3f8c ($10 in chips)
Seat 2: 9b20a489 ($16.58 in chips)
Seat 3: d084f402 ($13.26 in chips)
Seat 4: ef87a029 ($10.99 in chips)
Seat 5: ed0d5fe7 ($10.83 in chips)
Seat 6: Hero ($11.1 in chips)
ed0d5fe7: posts small blind $0.05
Hero: posts big blind $0.1
fd2e3f8c: posts big blind $0.1
*** HOLE CARDS ***
Dealt to fd2e3f8c 
Dealt to 9b20a489 
Dealt to d084f402 
Dealt to ef87a029 
Dealt to ed0d5fe7 
Dealt to Hero [4s 4h]
fd2e3f8c: checks
9b20a489: folds
d084f402: folds
ef87a029: calls $0.1
ed0d5fe7: folds
Hero: checks
*** FLOP *** [2s 2c Qd]
Hero: checks
fd2e3f8c: bets $0.27
ef87a029: folds
Hero: folds
Uncalled bet ($0.27) returned to fd2e3f8c
*** SHOWDOWN ***
fd2e3f8c collected $0.34 from pot
*** SUMMARY ***
Total pot $0.35 | Rake $0.01 | Jackpot $0 | Bingo $0 | Fortune $0 | Tax $0
Board [2s 2c Qd]
Seat 1: fd2e3f8c won ($0.34)
Seat 2: 9b20a489 folded before Flop (didn't bet)
Seat 3: d084f402 folded before Flop (didn't bet)
Seat 4: ef87a029 (button) folded on the Flop
Seat 5: ed0d5fe7 (small blind) folded before Flop
Seat 6: Hero (big blind) folded on the Flop


Poker Hand #HD1819202319: Hold'em No Limit ($0.05/$0.1) - 2024/06/17 12:30:30
Table 'NLHRed1' 6-max Seat #3 is the button
Seat 2: 9b20a489 ($16.58 in chips)
Seat 3: d084f402 ($13.26 in chips)
Seat 4: ef87a029 ($11.04 in chips)
Seat 5: ed0d5fe7 ($10.78 in chips)
Seat 6: Hero ($11.1 in chips)
ef87a029: posts small blind $0.05
ed0d5fe7: posts big blind $0.1
*** HOLE CARDS ***
Dealt to 9b20a489 
Dealt to d084f402 
Dealt to ef87a029 
Dealt to ed0d5fe7 
Dealt to Hero [Ac 2h]
Hero: folds
9b20a489: folds
d084f402: folds
ef87a029: folds
Uncalled bet ($0.05) returned to ed0d5fe7
*** SHOWDOWN ***
ed0d5fe7 collected $0.1 from pot
*** SUMMARY ***
Total pot $0.1 | Rake $0 | Jackpot $0 | Bingo $0 | Fortune $0 | Tax $0
Seat 2: 9b20a489 folded before Flop (didn't bet)
Seat 3: d084f402 (button) folded before Flop (didn't bet)
Seat 4: ef87a029 (small blind) folded before Flop
Seat 5: ed0d5fe7 (big blind) collected ($0.1)
Seat 6: Hero folded before Flop (didn't bet)


Poker Hand #HD1819202194: Hold'em No Limit ($0.05/$0.1) - 2024/06/17 12:29:22
Table 'NLHRed1' 6-max Seat #2 is the button
Seat 1: 34f0cfd0 ($10.72 in chips)
Seat 2: 9b20a489 ($16.78 in chips)
Seat 3: d084f402 ($13.46 in chips)
Seat 4: ef87a029 ($10.48 in chips)
Seat 5: ed0d5fe7 ($10.98 in chips)
Seat 6: Hero ($11.1 in chips)
d084f402: posts small blind $0.05
ef87a029: posts big blind $0.1
*** HOLE CARDS ***
Dealt to 34f0cfd0 
Dealt to 9b20a489 
Dealt to d084f402 
Dealt to ef87a029 
Dealt to ed0d5fe7 
Dealt to Hero [Td 9h]
ed0d5fe7: raises $0.1 to $0.2
Hero: folds
34f0cfd0: folds
9b20a489: calls $0.2
d084f402: calls $0.15
ef87a029: calls $0.1
*** FLOP *** [Jd 6d Jc]
d084f402: checks
ef87a029: checks
ed0d5fe7: checks
9b20a489: checks
*** TURN *** [Jd 6d Jc] [2d]
d084f402: checks
ef87a029: checks
ed0d5fe7: checks
9b20a489: checks
*** RIVER *** [Jd 6d Jc 2d] [4h]
d084f402: checks
ef87a029: bets $0.8
ed0d5fe7: folds
9b20a489: folds
d084f402: folds
Uncalled bet ($0.8) returned to ef87a029
ef87a029: shows [Js] (Three Jacks)
*** SHOWDOWN ***
ef87a029 collected $0.76 from pot
*** SUMMARY ***
Total pot $0.8 | Rake $0.04 | Jackpot $0 | Bingo $0 | Fortune $0 | Tax $0
Board [Jd 6d Jc 2d 4h]
Seat 1: 34f0cfd0 folded before Flop (didn't bet)
Seat 2: 9b20a489 (button) folded on the River
Seat 3: d084f402 (small blind) folded on the River
Seat 4: ef87a029 (big blind) showed [Js] and won ($0.76)
Seat 5: ed0d5fe7 folded on the River
Seat 6: Hero folded before Flop (didn't bet)


Poker Hand #HD1819202142: Hold'em No Limit ($0.05/$0.1) - 2024/06/17 12:28:50
Table 'NLHRed1' 6-max Seat #1 is the button
Seat 1: 34f0cfd0 ($10.72 in chips)
Seat 2: 9b20a489 ($16.83 in chips)
Seat 3: d084f402 ($13.86 in chips)
Seat 4: ef87a029 ($10.07 in chips)
Seat 5: ed0d5fe7 ($10.98 in chips)
Seat 6: Hero ($11.1 in chips)
9b20a489: posts small blind $0.05
d084f402: posts big blind $0.1
*** HOLE CARDS ***
Dealt to 34f0cfd0 
Dealt to 9b20a489 
Dealt to d084f402 
Dealt to ef87a029 
Dealt to ed0d5fe7 
Dealt to Hero [Ks 4c]
ef87a029: calls $0.1
ed0d5fe7: folds
Hero: folds
34f0cfd0: folds
9b20a489: folds
d084f402: checks
*** FLOP *** [3h 8s 5h]
d084f402: bets $0.1
ef87a029: calls $0.1
*** TURN *** [3h 8s 5h] [Ts]
d084f402: bets $0.2
ef87a029: calls $0.2
*** RIVER *** [3h 8s 5h Ts] [Js]
d084f402: checks
ef87a029: bets $0.85
d084f402: folds
Uncalled bet ($0.85) returned to ef87a029
ef87a029: shows [Qs 3s] (Queen High Flush)
*** SHOWDOWN ***
ef87a029 collected $0.81 from pot
*** SUMMARY ***
Total pot $0.85 | Rake $0.04 | Jackpot $0 | Bingo $0 | Fortune $0 | Tax $0
Board [3h 8s 5h Ts Js]
Seat 1: 34f0cfd0 (button) folded before Flop (didn't bet)
Seat 2: 9b20a489 (small blind) folded before Flop
Seat 3: d084f402 (big blind) folded on the River
Seat 4: ef87a029 showed [Qs 3s] and won ($0.81)
Seat 5: ed0d5fe7 folded before Flop (didn't bet)
Seat 6: Hero folded before Flop (didn't bet)


Poker Hand #HD1819202089: Hold'em No Limit ($0.05/$0.1) - 2024/06/17 12:28:18
Table 'NLHRed1' 6-max Seat #6 is the button
Seat 1: 34f0cfd0 ($10.77 in chips)
Seat 2: 9b20a489 ($16.56 in chips)
Seat 3: d084f402 ($13.86 in chips)
Seat 4: ef87a029 ($10.07 in chips)
Seat 5: ed0d5fe7 ($10.98 in chips)
Seat 6: Hero ($11.34 in chips)
34f0cfd0: posts small blind $0.05
9b20a489: posts big blind $0.1
*** HOLE CARDS ***
Dealt to 34f0cfd0 
Dealt to 9b20a489 
Dealt to d084f402 
Dealt to ef87a029 
Dealt to ed0d5fe7 
Dealt to Hero [Ac Th]
d084f402: folds
ef87a029: folds
ed0d5fe7: folds
Hero: raises $0.14 to $0.24
34f0cfd0: folds
9b20a489: raises $0.56 to $0.8
Hero: folds
Uncalled bet ($0.56) returned to 9b20a489
*** SHOWDOWN ***
9b20a489 collected $0.51 from pot
*** SUMMARY ***
Total pot $0.53 | Rake $0.02 | Jackpot $0 | Bingo $0 | Fortune $0 | Tax $0
Seat 1: 34f0cfd0 (small blind) folded before Flop
Seat 2: 9b20a489 (big blind) collected ($0.51)
Seat 3: d084f402 folded before Flop (didn't bet)
Seat 4: ef87a029 folded before Flop (didn't bet)
Seat 5: ed0d5fe7 folded before Flop (didn't bet)
Seat 6: Hero (button) folded before Flop


Poker Hand #HD1819202071: Hold'em No Limit ($0.05/$0.1) - 2024/06/17 12:28:09
Table 'NLHRed1' 6-max Seat #5 is the button
Seat 1: 34f0cfd0 ($10.72 in chips)
Seat 2: 9b20a489 ($16.56 in chips)
Seat 3: d084f402 ($13.86 in chips)
Seat 4: ef87a029 ($10.07 in chips)
Seat 5: ed0d5fe7 ($10.98 in chips)
Seat 6: Hero ($11.39 in chips)
Hero: posts small blind $0.05
34f0cfd0: posts big blind $0.1
*** HOLE CARDS ***
Dealt to 34f0cfd0 
Dealt to 9b20a489 
Dealt to d084f402 
Dealt to ef87a029 
Dealt to ed0d5fe7 
Dealt to Hero [8d Qh]
9b20a489: folds
d084f402: folds
ef87a029: folds
ed0d5fe7: folds
Hero: folds
Uncalled bet ($0.05) returned to 34f0cfd0
*** SHOWDOWN ***
34f0cfd0 collected $0.1 from pot
*** SUMMARY ***
Total pot $0.1 | Rake $0 | Jackpot $0 | Bingo $0 | Fortune $0 | Tax $0
Seat 1: 34f0cfd0 (big blind) collected ($0.1)
Seat 2: 9b20a489 folded before Flop (didn't bet)
Seat 3: d084f402 folded before Flop (didn't bet)
Seat 4: ef87a029 folded before Flop (didn't bet)
Seat 5: ed0d5fe7 (button) folded before Flop (didn't bet)
Seat 6: Hero (small blind) folded before Flop


Poker Hand #HD1819201987: Hold'em No Limit ($0.05/$0.1) - 2024/06/17 12:27:20
Table 'NLHRed1' 6-max Seat #4 is the button
Seat 1: 34f0cfd0 ($10.72 in chips)
Seat 2: 9b20a489 ($15.65 in chips)
Seat 3: d084f402 ($14.71 in chips)
Seat 4: ef87a029 ($10.07 in chips)
Seat 5: ed0d5fe7 ($11.03 in chips)
Seat 6: Hero ($11.49 in chips)
ed0d5fe7: posts small blind $0.05
Hero: posts big blind $0.1
*** HOLE CARDS ***
Dealt to 34f0cfd0 
Dealt to 9b20a489 
Dealt to d084f402 
Dealt to ef87a029 
Dealt to ed0d5fe7 
Dealt to Hero [3c 8h]
34f0cfd0: folds
9b20a489: raises $0.15 to $0.25
d084f402: calls $0.25
ef87a029: folds
ed0d5fe7: folds
Hero: folds
*** FLOP *** [6d 2d 2h]
9b20a489: checks
d084f402: bets $0.6
9b20a489: calls $0.6
*** TURN *** [6d 2d 2h] [Tc]
9b20a489: checks
d084f402: checks
*** RIVER *** [6d 2d 2h Tc] [8c]
9b20a489: bets $1.5
d084f402: folds
Uncalled bet ($1.5) returned to 9b20a489
*** SHOWDOWN ***
9b20a489 collected $1.76 from pot
*** SUMMARY ***
Total pot $1.85 | Rake $0.09 | Jackpot $0 | Bingo $0 | Fortune $0 | Tax $0
Board [6d 2d 2h Tc 8c]
Seat 1: 34f0cfd0 folded before Flop (didn't bet)
Seat 2: 9b20a489 won ($1.76)
Seat 3: d084f402 folded on the River
Seat 4: ef87a029 (button) folded before Flop (didn't bet)
Seat 5: ed0d5fe7 (small blind) folded before Flop
Seat 6: Hero (big blind) folded before Flop


Poker Hand #HD1819201937: Hold'em No Limit ($0.05/$0.1) - 2024/06/17 12:26:49
Table 'NLHRed1' 6-max Seat #3 is the button
Seat 1: 34f0cfd0 ($10.72 in chips)
Seat 2: 9b20a489 ($15.65 in chips)
Seat 3: d084f402 ($14.43 in chips)
Seat 4: ef87a029 ($10.27 in chips)
Seat 5: ed0d5fe7 ($11.13 in chips)
Seat 6: Hero ($11.49 in chips)
ef87a029: posts small blind $0.05
ed0d5fe7: posts big blind $0.1
*** HOLE CARDS ***
Dealt to 34f0cfd0 
Dealt to 9b20a489 
Dealt to d084f402 
Dealt to ef87a029 
Dealt to ed0d5fe7 
Dealt to Hero [Th Kc]
Hero: folds
34f0cfd0: folds
9b20a489: folds
d084f402: raises $0.1 to $0.2
ef87a029: calls $0.15
ed0d5fe7: folds
*** FLOP *** [7s 5c Ac]
ef87a029: checks
d084f402: bets $0.3
ef87a029: folds
Uncalled bet ($0.3) returned to d084f402
*** SHOWDOWN ***
d084f402 collected $0.48 from pot
*** SUMMARY ***
Total pot $0.5 | Rake $0.02 | Jackpot $0 | Bingo $0 | Fortune $0 | Tax $0
Board [7s 5c Ac]
Seat 1: 34f0cfd0 folded before Flop (didn't bet)
Seat 2: 9b20a489 folded before Flop (didn't bet)
Seat 3: d084f402 (button) won ($0.48)
Seat 4: ef87a029 (small blind) folded on the Flop
Seat 5: ed0d5fe7 (big blind) folded before Flop
Seat 6: Hero folded before Flop (didn't bet)


Poker Hand #HD1819201865: Hold'em No Limit ($0.05/$0.1) - 2024/06/17 12:26:14
Table 'NLHRed1' 6-max Seat #2 is the button
Seat 1: 34f0cfd0 ($10.72 in chips)
Seat 2: 9b20a489 ($15.65 in chips)
Seat 3: d084f402 ($14.73 in chips)
Seat 4: ef87a029 ($10 in chips)
Seat 5: ed0d5fe7 ($11.13 in chips)
Seat 6: Hero ($11.49 in chips)
d084f402: posts small blind $0.05
ef87a029: posts big blind $0.1
*** HOLE CARDS ***
Dealt to 34f0cfd0 
Dealt to 9b20a489 
Dealt to d084f402 
Dealt to ef87a029 
Dealt to ed0d5fe7 
Dealt to Hero [Qc 3s]
ed0d5fe7: folds
Hero: folds
34f0cfd0: folds
9b20a489: folds
d084f402: raises $0.1 to $0.2
ef87a029: raises $0.1 to $0.3
d084f402: calls $0.1
*** FLOP *** [7s 5d 3h]
d084f402: checks
ef87a029: bets $0.3
d084f402: folds
Uncalled bet ($0.3) returned to ef87a029
*** SHOWDOWN ***
ef87a029 collected $0.57 from pot
*** SUMMARY ***
Total pot $0.6 | Rake $0.03 | Jackpot $0 | Bingo $0 | Fortune $0 | Tax $0
Board [7s 5d 3h]
Seat 1: 34f0cfd0 folded before Flop (didn't bet)
Seat 2: 9b20a489 (button) folded before Flop (didn't bet)
Seat 3: d084f402 (small blind) folded on the Flop
Seat 4: ef87a029 (big blind) won ($0.57)
Seat 5: ed0d5fe7 folded before Flop (didn't bet)
Seat 6: Hero folded before Flop (didn't bet)


Poker Hand #HD1819201846: Hold'em No Limit ($0.05/$0.1) - 2024/06/17 12:26:03
Table 'NLHRed1' 6-max Seat #1 is the button
Seat 1: 34f0cfd0 ($10.57 in chips)
Seat 2: 9b20a489 ($15.7 in chips)
Seat 3: d084f402 ($14.83 in chips)
Seat 5: ed0d5fe7 ($11.13 in chips)
Seat 6: Hero ($11.49 in chips)
9b20a489: posts small blind $0.05
d084f402: posts big blind $0.1
*** HOLE CARDS ***
Dealt to 34f0cfd0 
Dealt to 9b20a489 
Dealt to d084f402 
Dealt to ed0d5fe7 
Dealt to Hero [Kh 7d]
ed0d5fe7: folds
Hero: folds
34f0cfd0: raises $0.2 to $0.3
9b20a489: folds
d084f402: folds
Uncalled bet ($0.2) returned to 34f0cfd0
*** SHOWDOWN ***
34f0cfd0 collected $0.25 from pot
*** SUMMARY ***
Total pot $0.25 | Rake $0 | Jackpot $0 | Bingo $0 | Fortune $0 | Tax $0
Seat 1: 34f0cfd0 (button) collected ($0.25)
Seat 2: 9b20a489 (small blind) folded before Flop
Seat 3: d084f402 (big blind) folded before Flop
Seat 5: ed0d5fe7 folded before Flop (didn't bet)
Seat 6: Hero folded before Flop (didn't bet)


Poker Hand #HD1819201752: Hold'em No Limit ($0.05/$0.1) - 2024/06/17 12:25:08
Table 'NLHRed1' 6-max Seat #6 is the button
Seat 1: 34f0cfd0 ($10.62 in chips)
Seat 2: 9b20a489 ($16.24 in chips)
Seat 3: d084f402 ($14.83 in chips)
Seat 5: ed0d5fe7 ($10.59 in chips)
Seat 6: Hero ($11.49 in chips)
34f0cfd0: posts small blind $0.05
9b20a489: posts big blind $0.1
*** HOLE CARDS ***
Dealt to 34f0cfd0 
Dealt to 9b20a489 
Dealt to d084f402 
Dealt to ed0d5fe7 
Dealt to Hero [4h 8d]
d084f402: folds
ed0d5fe7: raises $0.1 to $0.2
Hero: folds
34f0cfd0: folds
9b20a489: calls $0.1
*** FLOP *** [6d Jh 2d]
9b20a489: checks
ed0d5fe7: bets $0.34
9b20a489: calls $0.34
*** TURN *** [6d Jh 2d] [5c]
9b20a489: checks
ed0d5fe7: checks
*** RIVER *** [6d Jh 2d 5c] [As]
9b20a489: checks
ed0d5fe7: checks
9b20a489: shows [4d Kd] (Ace-High)
ed0d5fe7: shows [7h 6h] (Pair of Sixes)
*** SHOWDOWN ***
ed0d5fe7 collected $1.08 from pot
*** SUMMARY ***
Total pot $1.13 | Rake $0.05 | Jackpot $0 | Bingo $0 | Fortune $0 | Tax $0
Board [6d Jh 2d 5c As]
Seat 1: 34f0cfd0 (small blind) folded before Flop
Seat 2: 9b20a489 (big blind) showed [4d Kd] and lost with Ace-High
Seat 3: d084f402 folded before Flop (didn't bet)
Seat 5: ed0d5fe7 showed [7h 6h] and won ($1.08) with Pair of Sixes
Seat 6: Hero (button) folded before Flop (didn't bet)


Poker Hand #HD1819201734: Hold'em No Limit ($0.05/$0.1) - 2024/06/17 12:24:54
Table 'NLHRed1' 6-max Seat #5 is the button
Seat 1: 34f0cfd0 ($10.72 in chips)
Seat 2: 9b20a489 ($16.09 in chips)
Seat 3: d084f402 ($14.83 in chips)
Seat 5: ed0d5fe7 ($10.59 in chips)
Seat 6: Hero ($11.54 in chips)
Hero: posts small blind $0.05
34f0cfd0: posts big blind $0.1
*** HOLE CARDS ***
Dealt to 34f0cfd0 
Dealt to 9b20a489 
Dealt to d084f402 
Dealt to ed0d5fe7 
Dealt to Hero [8h 7c]
9b20a489: raises $0.15 to $0.25
d084f402: folds
ed0d5fe7: folds
Hero: folds
34f0cfd0: folds
Uncalled bet ($0.15) returned to 9b20a489
*** SHOWDOWN ***
9b20a489 collected $0.25 from pot
*** SUMMARY ***
Total pot $0.25 | Rake $0 | Jackpot $0 | Bingo $0 | Fortune $0 | Tax $0
Seat 1: 34f0cfd0 (big blind) folded before Flop
Seat 2: 9b20a489 collected ($0.25)
Seat 3: d084f402 folded before Flop (didn't bet)
Seat 5: ed0d5fe7 (button) folded before Flop (didn't bet)
Seat 6: Hero (small blind) folded before Flop


Poker Hand #HD1819201626: Hold'em No Limit ($0.05/$0.1) - 2024/06/17 12:23:57
Table 'NLHRed1' 6-max Seat #3 is the button
Seat 1: 34f0cfd0 ($10.72 in chips)
Seat 2: 9b20a489 ($16.64 in chips)
Seat 3: d084f402 ($14.83 in chips)
Seat 5: ed0d5fe7 ($10 in chips)
Seat 6: Hero ($11.64 in chips)
ed0d5fe7: posts small blind $0.05
Hero: posts big blind $0.1
*** HOLE CARDS ***
Dealt to 34f0cfd0 
Dealt to 9b20a489 
Dealt to d084f402 
Dealt to ed0d5fe7 
Dealt to Hero [Ad 8h]
34f0cfd0: folds
9b20a489: raises $0.15 to $0.25
d084f402: folds
ed0d5fe7: calls $0.2
Hero: folds
*** FLOP *** [7s 4s Jd]
ed0d5fe7: checks
9b20a489: bets $0.3
ed0d5fe7: calls $0.3
*** TURN *** [7s 4s Jd] [Jc]
ed0d5fe7: checks
9b20a489: checks
*** RIVER *** [7s 4s Jd Jc] [7d]
ed0d5fe7: bets $0.4
9b20a489: folds
Uncalled bet ($0.4) returned to ed0d5fe7
*** SHOWDOWN ***
ed0d5fe7 collected $1.14 from pot
*** SUMMARY ***
Total pot $1.2 | Rake $0.06 | Jackpot $0 | Bingo $0 | Fortune $0 | Tax $0
Board [7s 4s Jd Jc 7d]
Seat 1: 34f0cfd0 folded before Flop (didn't bet)
Seat 2: 9b20a489 folded on the River
Seat 3: d084f402 (button) folded before Flop (didn't bet)
Seat 5: ed0d5fe7 (small blind) won ($1.14)
Seat 6: Hero (big blind) folded before Flop


Poker Hand #HD1819201607: Hold'em No Limit ($0.05/$0.1) - 2024/06/17 12:23:46
Table 'NLHRed1' 6-max Seat #2 is the button
Seat 1: 34f0cfd0 ($10.72 in chips)
Seat 2: 9b20a489 ($16.64 in chips)
Seat 3: d084f402 ($14.88 in chips)
Seat 4: 636e4a77 ($11.31 in chips)
Seat 5: ed0d5fe7 ($10 in chips)
Seat 6: Hero ($11.49 in chips)
d084f402: posts small blind $0.05
636e4a77: posts big blind $0.1
*** HOLE CARDS ***
Dealt to 34f0cfd0 
Dealt to 9b20a489 
Dealt to d084f402 
Dealt to 636e4a77 
Dealt to ed0d5fe7 
Dealt to Hero [6c Ac]
ed0d5fe7: folds
Hero: raises $0.1 to $0.2
34f0cfd0: folds
9b20a489: folds
d084f402: folds
636e4a77: folds
Uncalled bet ($0.1) returned to Hero
*** SHOWDOWN ***
Hero collected $0.25 from pot
*** SUMMARY ***
Total pot $0.25 | Rake $0 | Jackpot $0 | Bingo $0 | Fortune $0 | Tax $0
Seat 1: 34f0cfd0 folded before Flop (didn't bet)
Seat 2: 9b20a489 (button) folded before Flop (didn't bet)
Seat 3: d084f402 (small blind) folded before Flop
Seat 4: 636e4a77 (big blind) folded before Flop
Seat 5: ed0d5fe7 folded before Flop (didn't bet)
Seat 6: Hero collected ($0.25)


Poker Hand #HD1819201517: Hold'em No Limit ($0.05/$0.1) - 2024/06/17 12:22:45
Table 'NLHRed1' 6-max Seat #1 is the button
Seat 1: 34f0cfd0 ($10.72 in chips)
Seat 2: 9b20a489 ($16.23 in chips)
Seat 3: d084f402 ($15.23 in chips)
Seat 4: 636e4a77 ($11.31 in chips)
Seat 5: ed0d5fe7 ($10 in chips)
Seat 6: Hero ($11.49 in chips)
9b20a489: posts small blind $0.05
d084f402: posts big blind $0.1
*** HOLE CARDS ***
Dealt to 34f0cfd0 
Dealt to 9b20a489 
Dealt to d084f402 
Dealt to 636e4a77 
Dealt to ed0d5fe7 
Dealt to Hero [Th 5s]
636e4a77: folds
ed0d5fe7: calls $0.1
Hero: folds
34f0cfd0: folds
9b20a489: calls $0.05
d084f402: checks
*** FLOP *** [2h Qs 3h]
9b20a489: checks
d084f402: checks
ed0d5fe7: checks
*** TURN *** [2h Qs 3h] [4h]
9b20a489: bets $0.25
d084f402: calls $0.25
ed0d5fe7: folds
*** RIVER *** [2h Qs 3h 4h] [8s]
9b20a489: checks
d084f402: checks
9b20a489: shows [Qh 9s] (Pair of Queens)
d084f402: shows [Ah 6c] (Ace-High)
*** SHOWDOWN ***
9b20a489 collected $0.76 from pot
*** SUMMARY ***
Total pot $0.8 | Rake $0.04 | Jackpot $0 | Bingo $0 | Fortune $0 | Tax $0
Board [2h Qs 3h 4h 8s]
Seat 1: 34f0cfd0 (button) folded before Flop (didn't bet)
Seat 2: 9b20a489 (small blind) showed [Qh 9s] and won ($0.76) with Pair of Queens
Seat 3: d084f402 (big blind) showed [Ah 6c] and lost with Ace-High
Seat 4: 636e4a77 folded before Flop (didn't bet)
Seat 5: ed0d5fe7 folded on the Turn
Seat 6: Hero folded before Flop (didn't bet)


Poker Hand #HD1819201413: Hold'em No Limit ($0.05/$0.1) - 2024/06/17 12:21:41
Table 'NLHRed1' 6-max Seat #6 is the button
Seat 1: 34f0cfd0 ($12.22 in chips)
Seat 2: 9b20a489 ($14.97 in chips)
Seat 3: d084f402 ($15.23 in chips)
Seat 4: 636e4a77 ($11.31 in chips)
Seat 5: ed0d5fe7 ($10 in chips)
Seat 6: Hero ($11.49 in chips)
34f0cfd0: posts small blind $0.05
9b20a489: posts big blind $0.1
*** HOLE CARDS ***
Dealt to 34f0cfd0 
Dealt to 9b20a489 
Dealt to d084f402 
Dealt to 636e4a77 
Dealt to ed0d5fe7 
Dealt to Hero [2h Ts]
d084f402: folds
636e4a77: folds
ed0d5fe7: folds
Hero: folds
34f0cfd0: raises $0.2 to $0.3
9b20a489: calls $0.2
*** FLOP *** [3s Qh Qs]
34f0cfd0: bets $0.3
9b20a489: calls $0.3
*** TURN *** [3s Qh Qs] [4d]
34f0cfd0: bets $0.9
9b20a489: calls $0.9
*** RIVER *** [3s Qh Qs 4d] [6d]
34f0cfd0: checks
9b20a489: checks
34f0cfd0: shows [5s Ks] (Pair of Queens)
9b20a489: shows [3h 8h] (Pair of Queens and Pair of Treys)
*** SHOWDOWN ***
9b20a489 collected $2.76 from pot
*** SUMMARY ***
Total pot $3 | Rake $0.14 | Jackpot $0.1 | Bingo $0 | Fortune $0 | Tax $0
Board [3s Qh Qs 4d 6d]
Seat 1: 34f0cfd0 (small blind) showed [5s Ks] and lost with Pair of Queens
Seat 2: 9b20a489 (big blind) showed [3h 8h] and won ($2.76) with Pair of Queens and Pair of Treys
Seat 3: d084f402 folded before Flop (didn't bet)
Seat 4: 636e4a77 folded before Flop (didn't bet)
Seat 5: ed0d5fe7 folded before Flop (didn't bet)
Seat 6: Hero (button) folded before Flop (didn't bet)


Poker Hand #HD1819201391: Hold'em No Limit ($0.05/$0.1) - 2024/06/17 12:21:30
Table 'NLHRed1' 6-max Seat #5 is the button
Seat 1: 34f0cfd0 ($12.32 in chips)
Seat 2: 9b20a489 ($14.97 in chips)
Seat 3: d084f402 ($15.08 in chips)
Seat 4: 636e4a77 ($11.31 in chips)
Seat 5: ed0d5fe7 ($10 in chips)
Seat 6: Hero ($11.54 in chips)
Hero: posts small blind $0.05
34f0cfd0: posts big blind $0.1
*** HOLE CARDS ***
Dealt to 34f0cfd0 
Dealt to 9b20a489 
Dealt to d084f402 
Dealt to 636e4a77 
Dealt to ed0d5fe7 
Dealt to Hero [Js 3d]
9b20a489: folds
d084f402: raises $0.1 to $0.2
636e4a77: folds
ed0d5fe7: folds
Hero: folds
34f0cfd0: folds
Uncalled bet ($0.1) returned to d084f402
*** SHOWDOWN ***
d084f402 collected $0.25 from pot
*** SUMMARY ***
Total pot $0.25 | Rake $0 | Jackpot $0 | Bingo $0 | Fortune $0 | Tax $0
Seat 1: 34f0cfd0 (big blind) folded before Flop
Seat 2: 9b20a489 folded before Flop (didn't bet)
Seat 3: d084f402 collected ($0.25)
Seat 4: 636e4a77 folded before Flop (didn't bet)
Seat 5: ed0d5fe7 (button) folded before Flop (didn't bet)
Seat 6: Hero (small blind) folded before Flop


Poker Hand #HD1819201370: Hold'em No Limit ($0.05/$0.1) - 2024/06/17 12:21:17
Table 'NLHRed1' 6-max Seat #4 is the button
Seat 2: 9b20a489 ($14.82 in chips)
Seat 3: d084f402 ($15.08 in chips)
Seat 4: 636e4a77 ($11.31 in chips)
Seat 5: ed0d5fe7 ($10 in chips)
Seat 6: Hero ($11.64 in chips)
ed0d5fe7: posts small blind $0.05
Hero: posts big blind $0.1
*** HOLE CARDS ***
Dealt to 9b20a489 
Dealt to d084f402 
Dealt to 636e4a77 
Dealt to ed0d5fe7 
Dealt to Hero [Jc 4s]
9b20a489: raises $0.15 to $0.25
d084f402: folds
636e4a77: folds
ed0d5fe7: folds
Hero: folds
Uncalled bet ($0.15) returned to 9b20a489
*** SHOWDOWN ***
9b20a489 collected $0.25 from pot
*** SUMMARY ***
Total pot $0.25 | Rake $0 | Jackpot $0 | Bingo $0 | Fortune $0 | Tax $0
Seat 2: 9b20a489 collected ($0.25)
Seat 3: d084f402 folded before Flop (didn't bet)
Seat 4: 636e4a77 (button) folded before Flop (didn't bet)
Seat 5: ed0d5fe7 (small blind) folded before Flop
Seat 6: Hero (big blind) folded before Flop


Poker Hand #HD1819201351: Hold'em No Limit ($0.05/$0.1) - 2024/06/17 12:21:04
Table 'NLHRed1' 6-max Seat #3 is the button
Seat 2: 9b20a489 ($14.82 in chips)
Seat 3: d084f402 ($15.08 in chips)
Seat 4: 636e4a77 ($11.36 in chips)
Seat 5: ed0d5fe7 ($10.1 in chips)
Seat 6: Hero ($11.49 in chips)
636e4a77: posts small blind $0.05
ed0d5fe7: posts big blind $0.1
*** HOLE CARDS ***
Dealt to 9b20a489 
Dealt to d084f402 
Dealt to 636e4a77 
Dealt to ed0d5fe7 
Dealt to Hero [Ac Ad]
Hero: raises $0.1 to $0.2
9b20a489: folds
d084f402: folds
636e4a77: folds
ed0d5fe7: folds
Uncalled bet ($0.1) returned to Hero
*** SHOWDOWN ***
Hero collected $0.25 from pot
*** SUMMARY ***
Total pot $0.25 | Rake $0 | Jackpot $0 | Bingo $0 | Fortune $0 | Tax $0
Seat 2: 9b20a489 folded before Flop (didn't bet)
Seat 3: d084f402 (button) folded before Flop (didn't bet)
Seat 4: 636e4a77 (small blind) folded before Flop
Seat 5: ed0d5fe7 (big blind) folded before Flop
Seat 6: Hero collected ($0.25)


Poker Hand #HD1819201145: Hold'em No Limit ($0.05/$0.1) - 2024/06/17 12:18:59
Table 'NLHRed1' 6-max Seat #2 is the button
Seat 1: bfb8a000 ($12.32 in chips)
Seat 2: 9b20a489 ($14.82 in chips)
Seat 3: d084f402 ($16.38 in chips)
Seat 4: 636e4a77 ($10 in chips)
Seat 5: ed0d5fe7 ($10.3 in chips)
Seat 6: Hero ($11.49 in chips)
d084f402: posts small blind $0.05
636e4a77: posts big blind $0.1
*** HOLE CARDS ***
Dealt to bfb8a000 
Dealt to 9b20a489 
Dealt to d084f402 
Dealt to 636e4a77 
Dealt to ed0d5fe7 
Dealt to Hero [6s 3s]
ed0d5fe7: raises $0.1 to $0.2
Hero: folds
bfb8a000: folds
9b20a489: folds
d084f402: calls $0.15
636e4a77: calls $0.1
*** FLOP *** [Qc Ac 7d]
d084f402: checks
636e4a77: checks
ed0d5fe7: checks
*** TURN *** [Qc Ac 7d] [2d]
d084f402: bets $0.4
636e4a77: calls $0.4
ed0d5fe7: folds
*** RIVER *** [Qc Ac 7d 2d] [As]
d084f402: bets $0.7
636e4a77: calls $0.7
d084f402: shows [8d Td] (Pair of Aces)
636e4a77: shows [Ad 3d] (Three Aces)
*** SHOWDOWN ***
636e4a77 collected $2.66 from pot
*** SUMMARY ***
Total pot $2.8 | Rake $0.14 | Jackpot $0 | Bingo $0 | Fortune $0 | Tax $0
Board [Qc Ac 7d 2d As]
Seat 1: bfb8a000 folded before Flop (didn't bet)
Seat 2: 9b20a489 (button) folded before Flop (didn't bet)
Seat 3: d084f402 (small blind) showed [8d Td] and lost with Pair of Aces
Seat 4: 636e4a77 (big blind) showed [Ad 3d] and won ($2.66) with Three Aces
Seat 5: ed0d5fe7 folded on the Turn
Seat 6: Hero folded before Flop (didn't bet)


Poker Hand #HD1819201128: Hold'em No Limit ($0.05/$0.1) - 2024/06/17 12:18:46
Table 'NLHRed1' 6-max Seat #1 is the button
Seat 1: bfb8a000 ($12.32 in chips)
Seat 2: 9b20a489 ($14.87 in chips)
Seat 3: d084f402 ($16.48 in chips)
Seat 4: 636e4a77 ($10 in chips)
Seat 5: ed0d5fe7 ($10.3 in chips)
Seat 6: Hero ($11.34 in chips)
9b20a489: posts small blind $0.05
d084f402: posts big blind $0.1
*** HOLE CARDS ***
Dealt to bfb8a000 
Dealt to 9b20a489 
Dealt to d084f402 
Dealt to 636e4a77 
Dealt to ed0d5fe7 
Dealt to Hero [7s 7c]
636e4a77: folds
ed0d5fe7: folds
Hero: raises $0.14 to $0.24
bfb8a000: folds
9b20a489: folds
d084f402: folds
Uncalled bet ($0.14) returned to Hero
*** SHOWDOWN ***
Hero collected $0.25 from pot
*** SUMMARY ***
Total pot $0.25 | Rake $0 | Jackpot $0 | Bingo $0 | Fortune $0 | Tax $0
Seat 1: bfb8a000 (button) folded before Flop (didn't bet)
Seat 2: 9b20a489 (small blind) folded before Flop
Seat 3: d084f402 (big blind) folded before Flop
Seat 4: 636e4a77 folded before Flop (didn't bet)
Seat 5: ed0d5fe7 folded before Flop (didn't bet)
Seat 6: Hero collected ($0.25)


Poker Hand #HD1819201069: Hold'em No Limit ($0.05/$0.1) - 2024/06/17 12:18:18
Table 'NLHRed1' 6-max Seat #6 is the button
Seat 1: bfb8a000 ($11.64 in chips)
Seat 2: 9b20a489 ($15.62 in chips)
Seat 3: d084f402 ($16.48 in chips)
Seat 4: 636e4a77 ($10 in chips)
Seat 5: ed0d5fe7 ($10.3 in chips)
Seat 6: Hero ($11.34 in chips)
bfb8a000: posts small blind $0.05
9b20a489: posts big blind $0.1
*** HOLE CARDS ***
Dealt to bfb8a000 
Dealt to 9b20a489 
Dealt to d084f402 
Dealt to 636e4a77 
Dealt to ed0d5fe7 
Dealt to Hero [2d Th]
d084f402: folds
636e4a77: folds
ed0d5fe7: folds
Hero: folds
bfb8a000: raises $0.2 to $0.3
9b20a489: calls $0.2
*** FLOP *** [5d 6s 7d]
bfb8a000: checks
9b20a489: bets $0.45
bfb8a000: calls $0.45
*** TURN *** [5d 6s 7d] [Qd]
bfb8a000: bets $1.13
9b20a489: folds
Uncalled bet ($1.13) returned to bfb8a000
*** SHOWDOWN ***
bfb8a000 collected $1.43 from pot
*** SUMMARY ***
Total pot $1.5 | Rake $0.07 | Jackpot $0 | Bingo $0 | Fortune $0 | Tax $0
Board [5d 6s 7d Qd]
Seat 1: bfb8a000 (small blind) won ($1.43)
Seat 2: 9b20a489 (big blind) folded on the Turn
Seat 3: d084f402 folded before Flop (didn't bet)
Seat 4: 636e4a77 folded before Flop (didn't bet)
Seat 5: ed0d5fe7 folded before Flop (didn't bet)
Seat 6: Hero (button) folded before Flop (didn't bet)


Poker Hand #HD1819201005: Hold'em No Limit ($0.05/$0.1) - 2024/06/17 12:17:38
Table 'NLHRed1' 6-max Seat #5 is the button
Seat 1: bfb8a000 ($10.78 in chips)
Seat 2: 9b20a489 ($15.62 in chips)
Seat 3: d084f402 ($16.68 in chips)
Seat 4: 636e4a77 ($10 in chips)
Seat 5: ed0d5fe7 ($10.99 in chips)
Seat 6: Hero ($11.39 in chips)
Hero: posts small blind $0.05
bfb8a000: posts big blind $0.1
*** HOLE CARDS ***
Dealt to bfb8a000 
Dealt to 9b20a489 
Dealt to d084f402 
Dealt to 636e4a77 
Dealt to ed0d5fe7 
Dealt to Hero [7h Ts]
9b20a489: folds
d084f402: raises $0.1 to $0.2
636e4a77: folds
ed0d5fe7: calls $0.2
Hero: folds
bfb8a000: calls $0.1
*** FLOP *** [Jh 3h 4d]
bfb8a000: checks
d084f402: checks
ed0d5fe7: bets $0.49
bfb8a000: calls $0.49
d084f402: folds
*** TURN *** [Jh 3h 4d] [2c]
bfb8a000: bets $1.23
ed0d5fe7: folds
Uncalled bet ($1.23) returned to bfb8a000
*** SHOWDOWN ***
bfb8a000 collected $1.55 from pot
*** SUMMARY ***
Total pot $1.63 | Rake $0.08 | Jackpot $0 | Bingo $0 | Fortune $0 | Tax $0
Board [Jh 3h 4d 2c]
Seat 1: bfb8a000 (big blind) won ($1.55)
Seat 2: 9b20a489 folded before Flop (didn't bet)
Seat 3: d084f402 folded on the Flop
Seat 4: 636e4a77 folded before Flop (didn't bet)
Seat 5: ed0d5fe7 (button) folded on the Turn
Seat 6: Hero (small blind) folded before Flop


Poker Hand #HD1819200953: Hold'em No Limit ($0.05/$0.1) - 2024/06/17 12:17:09
Table 'NLHRed1' 6-max Seat #4 is the button
Seat 1: bfb8a000 ($10.63 in chips)
Seat 2: 9b20a489 ($15.62 in chips)
Seat 3: d084f402 ($16.68 in chips)
Seat 4: 636e4a77 ($10 in chips)
Seat 5: ed0d5fe7 ($11.04 in chips)
Seat 6: Hero ($11.49 in chips)
ed0d5fe7: posts small blind $0.05
Hero: posts big blind $0.1
*** HOLE CARDS ***
Dealt to bfb8a000 
Dealt to 9b20a489 
Dealt to d084f402 
Dealt to 636e4a77 
Dealt to ed0d5fe7 
Dealt to Hero [8h 6c]
bfb8a000: raises $0.2 to $0.3
9b20a489: folds
d084f402: folds
636e4a77: folds
ed0d5fe7: folds
Hero: folds
Uncalled bet ($0.2) returned to bfb8a000
*** SHOWDOWN ***
bfb8a000 collected $0.25 from pot
*** SUMMARY ***
Total pot $0.25 | Rake $0 | Jackpot $0 | Bingo $0 | Fortune $0 | Tax $0
Seat 1: bfb8a000 collected ($0.25)
Seat 2: 9b20a489 folded before Flop (didn't bet)
Seat 3: d084f402 folded before Flop (didn't bet)
Seat 4: 636e4a77 (button) folded before Flop (didn't bet)
Seat 5: ed0d5fe7 (small blind) folded before Flop
Seat 6: Hero (big blind) folded before Flop


Poker Hand #HD1819200889: Hold'em No Limit ($0.05/$0.1) - 2024/06/17 12:16:30
Table 'NLHRed1' 6-max Seat #3 is the button
Seat 1: bfb8a000 ($10.63 in chips)
Seat 2: 9b20a489 ($16.02 in chips)
Seat 3: d084f402 ($16.68 in chips)
Seat 4: 636e4a77 ($10.05 in chips)
Seat 5: ed0d5fe7 ($10.63 in chips)
Seat 6: Hero ($11.49 in chips)
636e4a77: posts small blind $0.05
ed0d5fe7: posts big blind $0.1
*** HOLE CARDS ***
Dealt to bfb8a000 
Dealt to 9b20a489 
Dealt to d084f402 
Dealt to 636e4a77 
Dealt to ed0d5fe7 
Dealt to Hero [2c 6s]
Hero: folds
bfb8a000: folds
9b20a489: raises $0.15 to $0.25
d084f402: folds
636e4a77: folds
ed0d5fe7: raises $0.15 to $0.4
9b20a489: calls $0.15
*** FLOP *** [5h 9h 7h]
ed0d5fe7: bets $0.43
9b20a489: folds
Uncalled bet ($0.43) returned to ed0d5fe7
*** SHOWDOWN ***
ed0d5fe7 collected $0.81 from pot
*** SUMMARY ***
Total pot $0.85 | Rake $0.04 | Jackpot $0 | Bingo $0 | Fortune $0 | Tax $0
Board [5h 9h 7h]
Seat 1: bfb8a000 folded before Flop (didn't bet)
Seat 2: 9b20a489 folded on the Flop
Seat 3: d084f402 (button) folded before Flop (didn't bet)
Seat 4: 636e4a77 (small blind) folded before Flop
Seat 5: ed0d5fe7 (big blind) won ($0.81)
Seat 6: Hero folded before Flop (didn't bet)


Poker Hand #HD1819200840: Hold'em No Limit ($0.05/$0.1) - 2024/06/17 12:16:01
Table 'NLHRed1' 6-max Seat #2 is the button
Seat 1: bfb8a000 ($10.63 in chips)
Seat 2: 9b20a489 ($16.02 in chips)
Seat 3: d084f402 ($16.4 in chips)
Seat 4: 636e4a77 ($10.15 in chips)
Seat 5: ed0d5fe7 ($10.63 in chips)
Seat 6: Hero ($11.69 in chips)
d084f402: posts small blind $0.05
636e4a77: posts big blind $0.1
*** HOLE CARDS ***
Dealt to bfb8a000 
Dealt to 9b20a489 
Dealt to d084f402 
Dealt to 636e4a77 
Dealt to ed0d5fe7 
Dealt to Hero [Jc Kd]
ed0d5fe7: folds
Hero: raises $0.1 to $0.2
bfb8a000: folds
9b20a489: folds
d084f402: raises $1 to $1.2
636e4a77: folds
Hero: folds
Uncalled bet ($1) returned to d084f402
*** SHOWDOWN ***
d084f402 collected $0.48 from pot
*** SUMMARY ***
Total pot $0.5 | Rake $0.02 | Jackpot $0 | Bingo $0 | Fortune $0 | Tax $0
Seat 1: bfb8a000 folded before Flop (didn't bet)
Seat 2: 9b20a489 (button) folded before Flop (didn't bet)
Seat 3: d084f402 (small blind) collected ($0.48)
Seat 4: 636e4a77 (big blind) folded before Flop
Seat 5: ed0d5fe7 folded before Flop (didn't bet)
Seat 6: Hero folded before Flop


Poker Hand #HD1819200792: Hold'em No Limit ($0.05/$0.1) - 2024/06/17 12:15:34
Table 'NLHRed1' 6-max Seat #1 is the button
Seat 1: bfb8a000 ($10.63 in chips)
Seat 2: 9b20a489 ($16.27 in chips)
Seat 3: d084f402 ($16.17 in chips)
Seat 4: 636e4a77 ($10.15 in chips)
Seat 5: ed0d5fe7 ($10.63 in chips)
Seat 6: Hero ($11.69 in chips)
9b20a489: posts small blind $0.05
d084f402: posts big blind $0.1
*** HOLE CARDS ***
Dealt to bfb8a000 
Dealt to 9b20a489 
Dealt to d084f402 
Dealt to 636e4a77 
Dealt to ed0d5fe7 
Dealt to Hero [5d 5c]
636e4a77: folds
ed0d5fe7: folds
Hero: folds
bfb8a000: folds
9b20a489: raises $0.15 to $0.25
d084f402: raises $0.85 to $1.1
9b20a489: folds
Uncalled bet ($0.85) returned to d084f402
*** SHOWDOWN ***
d084f402 collected $0.48 from pot
*** SUMMARY ***
Total pot $0.5 | Rake $0.02 | Jackpot $0 | Bingo $0 | Fortune $0 | Tax $0
Seat 1: bfb8a000 (button) folded before Flop (didn't bet)
Seat 2: 9b20a489 (small blind) folded before Flop
Seat 3: d084f402 (big blind) collected ($0.48)
Seat 4: 636e4a77 folded before Flop (didn't bet)
Seat 5: ed0d5fe7 folded before Flop (didn't bet)
Seat 6: Hero folded before Flop (didn't bet)


Poker Hand #HD1819200708: Hold'em No Limit ($0.05/$0.1) - 2024/06/17 12:14:47
Table 'NLHRed1' 6-max Seat #6 is the button
Seat 1: bfb8a000 ($10.68 in chips)
Seat 2: 9b20a489 ($16 in chips)
Seat 3: d084f402 ($16.17 in chips)
Seat 4: 636e4a77 ($10.15 in chips)
Seat 5: ed0d5fe7 ($10.63 in chips)
Seat 6: Hero ($11.93 in chips)
bfb8a000: posts small blind $0.05
9b20a489: posts big blind $0.1
*** HOLE CARDS ***
Dealt to bfb8a000 
Dealt to 9b20a489 
Dealt to d084f402 
Dealt to 636e4a77 
Dealt to ed0d5fe7 
Dealt to Hero [Kc 6c]
d084f402: folds
636e4a77: folds
ed0d5fe7: folds
Hero: raises $0.14 to $0.24
bfb8a000: folds
9b20a489: calls $0.14
*** FLOP *** [9s 5c 6h]
9b20a489: checks
Hero: checks
*** TURN *** [9s 5c 6h] [Qh]
9b20a489: checks
Hero: checks
*** RIVER *** [9s 5c 6h Qh] [Jh]
9b20a489: bets $0.4
Hero: folds
Uncalled bet ($0.4) returned to 9b20a489
*** SHOWDOWN ***
9b20a489 collected $0.51 from pot
*** SUMMARY ***
Total pot $0.53 | Rake $0.02 | Jackpot $0 | Bingo $0 | Fortune $0 | Tax $0
Board [9s 5c 6h Qh Jh]
Seat 1: bfb8a000 (small blind) folded before Flop
Seat 2: 9b20a489 (big blind) won ($0.51)
Seat 3: d084f402 folded before Flop (didn't bet)
Seat 4: 636e4a77 folded before Flop (didn't bet)
Seat 5: ed0d5fe7 folded before Flop (didn't bet)
Seat 6: Hero (button) folded on the River


Poker Hand #HD1819200662: Hold'em No Limit ($0.05/$0.1) - 2024/06/17 12:14:19
Table 'NLHRed1' 6-max Seat #5 is the button
Seat 1: bfb8a000 ($10.88 in chips)
Seat 2: 9b20a489 ($16 in chips)
Seat 3: d084f402 ($15.94 in chips)
Seat 4: 636e4a77 ($10.15 in chips)
Seat 5: ed0d5fe7 ($10.63 in chips)
Seat 6: Hero ($11.98 in chips)
Hero: posts small blind $0.05
bfb8a000: posts big blind $0.1
*** HOLE CARDS ***
Dealt to bfb8a000 
Dealt to 9b20a489 
Dealt to d084f402 
Dealt to 636e4a77 
Dealt to ed0d5fe7 
Dealt to Hero [6d 3h]
9b20a489: folds
d084f402: raises $0.1 to $0.2
636e4a77: folds
ed0d5fe7: folds
Hero: folds
bfb8a000: calls $0.1
*** FLOP *** [Jd 7h Qc]
bfb8a000: checks
d084f402: bets $0.3
bfb8a000: folds
Uncalled bet ($0.3) returned to d084f402
*** SHOWDOWN ***
d084f402 collected $0.43 from pot
*** SUMMARY ***
Total pot $0.45 | Rake $0.02 | Jackpot $0 | Bingo $0 | Fortune $0 | Tax $0
Board [Jd 7h Qc]
Seat 1: bfb8a000 (big blind) folded on the Flop
Seat 2: 9b20a489 folded before Flop (didn't bet)
Seat 3: d084f402 won ($0.43)
Seat 4: 636e4a77 folded before Flop (didn't bet)
Seat 5: ed0d5fe7 (button) folded before Flop (didn't bet)
Seat 6: Hero (small blind) folded before Flop


Poker Hand #HD1819200599: Hold'em No Limit ($0.05/$0.1) - 2024/06/17 12:13:42
Table 'NLHRed1' 6-max Seat #4 is the button
Seat 1: bfb8a000 ($10.88 in chips)
Seat 2: 9b20a489 ($16 in chips)
Seat 3: d084f402 ($15.94 in chips)
Seat 4: 636e4a77 ($10 in chips)
Seat 5: ed0d5fe7 ($10.68 in chips)
Seat 6: Hero ($12.08 in chips)
ed0d5fe7: posts small blind $0.05
Hero: posts big blind $0.1
*** HOLE CARDS ***
Dealt to bfb8a000 
Dealt to 9b20a489 
Dealt to d084f402 
Dealt to 636e4a77 
Dealt to ed0d5fe7 
Dealt to Hero [Jh 5h]
bfb8a000: folds
9b20a489: folds
d084f402: folds
636e4a77: raises $0.14 to $0.24
ed0d5fe7: folds
Hero: folds
Uncalled bet ($0.14) returned to 636e4a77
*** SHOWDOWN ***
636e4a77 collected $0.25 from pot
*** SUMMARY ***
Total pot $0.25 | Rake $0 | Jackpot $0 | Bingo $0 | Fortune $0 | Tax $0
Seat 1: bfb8a000 folded before Flop (didn't bet)
Seat 2: 9b20a489 folded before Flop (didn't bet)
Seat 3: d084f402 folded before Flop (didn't bet)
Seat 4: 636e4a77 (button) collected ($0.25)
Seat 5: ed0d5fe7 (small blind) folded before Flop
Seat 6: Hero (big blind) folded before Flop


Poker Hand #HD1819200566: Hold'em No Limit ($0.05/$0.1) - 2024/06/17 12:13:17
Table 'NLHRed1' 6-max Seat #3 is the button
Seat 1: bfb8a000 ($10.88 in chips)
Seat 2: 9b20a489 ($16 in chips)
Seat 3: d084f402 ($15.94 in chips)
Seat 4: 636e4a77 ($10 in chips)
Seat 5: ed0d5fe7 ($10.78 in chips)
Seat 6: Hero ($11.93 in chips)
636e4a77: posts small blind $0.05
ed0d5fe7: posts big blind $0.1
*** HOLE CARDS ***
Dealt to bfb8a000 
Dealt to 9b20a489 
Dealt to d084f402 
Dealt to 636e4a77 
Dealt to ed0d5fe7 
Dealt to Hero [Kd Qc]
Hero: raises $0.1 to $0.2
bfb8a000: folds
9b20a489: folds
d084f402: folds
636e4a77: folds
ed0d5fe7: folds
Uncalled bet ($0.1) returned to Hero
*** SHOWDOWN ***
Hero collected $0.25 from pot
*** SUMMARY ***
Total pot $0.25 | Rake $0 | Jackpot $0 | Bingo $0 | Fortune $0 | Tax $0
Seat 1: bfb8a000 folded before Flop (didn't bet)
Seat 2: 9b20a489 folded before Flop (didn't bet)
Seat 3: d084f402 (button) folded before Flop (didn't bet)
Seat 4: 636e4a77 (small blind) folded before Flop
Seat 5: ed0d5fe7 (big blind) folded before Flop
Seat 6: Hero collected ($0.25)


Poker Hand #HD1819200479: Hold'em No Limit ($0.05/$0.1) - 2024/06/17 12:12:34
Table 'NLHRed1' 6-max Seat #2 is the button
Seat 1: bfb8a000 ($10.88 in chips)
Seat 2: 9b20a489 ($16 in chips)
Seat 3: d084f402 ($15.99 in chips)
Seat 4: 636e4a77 ($10.1 in chips)
Seat 5: ed0d5fe7 ($10.78 in chips)
Seat 6: Hero ($11.78 in chips)
d084f402: posts small blind $0.05
636e4a77: posts big blind $0.1
*** HOLE CARDS ***
Dealt to bfb8a000 
Dealt to 9b20a489 
Dealt to d084f402 
Dealt to 636e4a77 
Dealt to ed0d5fe7 
Dealt to Hero [Ad Ks]
ed0d5fe7: folds
Hero: raises $0.1 to $0.2
bfb8a000: folds
9b20a489: folds
d084f402: folds
636e4a77: folds
Uncalled bet ($0.1) returned to Hero
*** SHOWDOWN ***
Hero collected $0.25 from pot
*** SUMMARY ***
Total pot $0.25 | Rake $0 | Jackpot $0 | Bingo $0 | Fortune $0 | Tax $0
Seat 1: bfb8a000 folded before Flop (didn't bet)
Seat 2: 9b20a489 (button) folded before Flop (didn't bet)
Seat 3: d084f402 (small blind) folded before Flop
Seat 4: 636e4a77 (big blind) folded before Flop
Seat 5: ed0d5fe7 folded before Flop (didn't bet)
Seat 6: Hero collected ($0.25)


Poker Hand #HD1819200440: Hold'em No Limit ($0.05/$0.1) - 2024/06/17 12:12:12
Table 'NLHRed1' 6-max Seat #1 is the button
Seat 1: bfb8a000 ($11.18 in chips)
Seat 2: 9b20a489 ($16.05 in chips)
Seat 3: d084f402 ($15.67 in chips)
Seat 4: 636e4a77 ($10.1 in chips)
Seat 5: ed0d5fe7 ($10.78 in chips)
Seat 6: Hero ($11.78 in chips)
9b20a489: posts small blind $0.05
d084f402: posts big blind $0.1
*** HOLE CARDS ***
Dealt to bfb8a000 
Dealt to 9b20a489 
Dealt to d084f402 
Dealt to 636e4a77 
Dealt to ed0d5fe7 
Dealt to Hero [As 8d]
636e4a77: folds
ed0d5fe7: folds
Hero: folds
bfb8a000: raises $0.2 to $0.3
9b20a489: folds
d084f402: raises $0.9 to $1.2
bfb8a000: folds
Uncalled bet ($0.9) returned to d084f402
*** SHOWDOWN ***
d084f402 collected $0.62 from pot
*** SUMMARY ***
Total pot $0.65 | Rake $0.03 | Jackpot $0 | Bingo $0 | Fortune $0 | Tax $0
Seat 1: bfb8a000 (button) folded before Flop
Seat 2: 9b20a489 (small blind) folded before Flop
Seat 3: d084f402 (big blind) collected ($0.62)
Seat 4: 636e4a77 folded before Flop (didn't bet)
Seat 5: ed0d5fe7 folded before Flop (didn't bet)
Seat 6: Hero folded before Flop (didn't bet)


Poker Hand #HD1819200366: Hold'em No Limit ($0.05/$0.1) - 2024/06/17 12:11:25
Table 'NLHRed1' 6-max Seat #6 is the button
Seat 1: bfb8a000 ($11.93 in chips)
Seat 2: 9b20a489 ($15.37 in chips)
Seat 3: d084f402 ($15.67 in chips)
Seat 4: 636e4a77 ($10.1 in chips)
Seat 5: ed0d5fe7 ($10.78 in chips)
Seat 6: Hero ($11.78 in chips)
bfb8a000: posts small blind $0.05
9b20a489: posts big blind $0.1
*** HOLE CARDS ***
Dealt to bfb8a000 
Dealt to 9b20a489 
Dealt to d084f402 
Dealt to 636e4a77 
Dealt to ed0d5fe7 
Dealt to Hero [3d 4c]
d084f402: folds
636e4a77: folds
ed0d5fe7: folds
Hero: folds
bfb8a000: raises $0.2 to $0.3
9b20a489: calls $0.2
*** FLOP *** [3c 7h 2d]
bfb8a000: checks
9b20a489: bets $0.45
bfb8a000: calls $0.45
*** TURN *** [3c 7h 2d] [Ks]
bfb8a000: checks
9b20a489: bets $1.5
bfb8a000: folds
Uncalled bet ($1.5) returned to 9b20a489
*** SHOWDOWN ***
9b20a489 collected $1.43 from pot
*** SUMMARY ***
Total pot $1.5 | Rake $0.07 | Jackpot $0 | Bingo $0 | Fortune $0 | Tax $0
Board [3c 7h 2d Ks]
Seat 1: bfb8a000 (small blind) folded on the Turn
Seat 2: 9b20a489 (big blind) won ($1.43)
Seat 3: d084f402 folded before Flop (didn't bet)
Seat 4: 636e4a77 folded before Flop (didn't bet)
Seat 5: ed0d5fe7 folded before Flop (didn't bet)
Seat 6: Hero (button) folded before Flop (didn't bet)


Poker Hand #HD1819200324: Hold'em No Limit ($0.05/$0.1) - 2024/06/17 12:11:00
Table 'NLHRed1' 6-max Seat #5 is the button
Seat 1: bfb8a000 ($12.03 in chips)
Seat 2: 9b20a489 ($15.37 in chips)
Seat 3: d084f402 ($15.67 in chips)
Seat 4: 636e4a77 ($10.1 in chips)
Seat 5: ed0d5fe7 ($10.98 in chips)
Seat 6: Hero ($11.5 in chips)
Hero: posts small blind $0.05
bfb8a000: posts big blind $0.1
*** HOLE CARDS ***
Dealt to bfb8a000 
Dealt to 9b20a489 
Dealt to d084f402 
Dealt to 636e4a77 
Dealt to ed0d5fe7 
Dealt to Hero [Th Jh]
9b20a489: folds
d084f402: folds
636e4a77: folds
ed0d5fe7: raises $0.1 to $0.2
Hero: raises $0.8 to $1
bfb8a000: folds
ed0d5fe7: folds
Uncalled bet ($0.8) returned to Hero
*** SHOWDOWN ***
Hero collected $0.48 from pot
*** SUMMARY ***
Total pot $0.5 | Rake $0.02 | Jackpot $0 | Bingo $0 | Fortune $0 | Tax $0
Seat 1: bfb8a000 (big blind) folded before Flop
Seat 2: 9b20a489 folded before Flop (didn't bet)
Seat 3: d084f402 folded before Flop (didn't bet)
Seat 4: 636e4a77 folded before Flop (didn't bet)
Seat 5: ed0d5fe7 (button) folded before Flop
Seat 6: Hero (small blind) collected ($0.48)


Poker Hand #HD1819200302: Hold'em No Limit ($0.05/$0.1) - 2024/06/17 12:10:44
Table 'NLHRed1' 6-max Seat #4 is the button
Seat 1: bfb8a000 ($11.88 in chips)
Seat 2: 9b20a489 ($15.37 in chips)
Seat 3: d084f402 ($15.67 in chips)
Seat 4: 636e4a77 ($10.1 in chips)
Seat 5: ed0d5fe7 ($11.03 in chips)
Seat 6: Hero ($11.6 in chips)
ed0d5fe7: posts small blind $0.05
Hero: posts big blind $0.1
*** HOLE CARDS ***
Dealt to bfb8a000 
Dealt to 9b20a489 
Dealt to d084f402 
Dealt to 636e4a77 
Dealt to ed0d5fe7 
Dealt to Hero [As 4d]
bfb8a000: raises $0.2 to $0.3
9b20a489: folds
d084f402: folds
636e4a77: folds
ed0d5fe7: folds
Hero: folds
Uncalled bet ($0.2) returned to bfb8a000
*** SHOWDOWN ***
bfb8a000 collected $0.25 from pot
*** SUMMARY ***
Total pot $0.25 | Rake $0 | Jackpot $0 | Bingo $0 | Fortune $0 | Tax $0
Seat 1: bfb8a000 collected ($0.25)
Seat 2: 9b20a489 folded before Flop (didn't bet)
Seat 3: d084f402 folded before Flop (didn't bet)
Seat 4: 636e4a77 (button) folded before Flop (didn't bet)
Seat 5: ed0d5fe7 (small blind) folded before Flop
Seat 6: Hero (big blind) folded before Flop


Poker Hand #HD1819200258: Hold'em No Limit ($0.05/$0.1) - 2024/06/17 12:10:23
Table 'NLHRed1' 6-max Seat #3 is the button
Seat 1: bfb8a000 ($11.88 in chips)
Seat 2: 9b20a489 ($15.37 in chips)
Seat 3: d084f402 ($15.67 in chips)
Seat 4: 636e4a77 ($10.15 in chips)
Seat 5: ed0d5fe7 ($11.13 in chips)
Seat 6: Hero ($11.45 in chips)
636e4a77: posts small blind $0.05
ed0d5fe7: posts big blind $0.1
*** HOLE CARDS ***
Dealt to bfb8a000 
Dealt to 9b20a489 
Dealt to d084f402 
Dealt to 636e4a77 
Dealt to ed0d5fe7 
Dealt to Hero [9c Jc]
Hero: raises $0.1 to $0.2
bfb8a000: folds
9b20a489: folds
d084f402: folds
636e4a77: folds
ed0d5fe7: folds
Uncalled bet ($0.1) returned to Hero
*** SHOWDOWN ***
Hero collected $0.25 from pot
*** SUMMARY ***
Total pot $0.25 | Rake $0 | Jackpot $0 | Bingo $0 | Fortune $0 | Tax $0
Seat 1: bfb8a000 folded before Flop (didn't bet)
Seat 2: 9b20a489 folded before Flop (didn't bet)
Seat 3: d084f402 (button) folded before Flop (didn't bet)
Seat 4: 636e4a77 (small blind) folded before Flop
Seat 5: ed0d5fe7 (big blind) folded before Flop
Seat 6: Hero collected ($0.25)


Poker Hand #HD1819200223: Hold'em No Limit ($0.05/$0.1) - 2024/06/17 12:10:05
Table 'NLHRed1' 6-max Seat #2 is the button
Seat 1: bfb8a000 ($11.88 in chips)
Seat 2: 9b20a489 ($15.37 in chips)
Seat 3: d084f402 ($15.72 in chips)
Seat 4: 636e4a77 ($10.25 in chips)
Seat 5: ed0d5fe7 ($10.98 in chips)
Seat 6: Hero ($11.45 in chips)
d084f402: posts small blind $0.05
636e4a77: posts big blind $0.1
*** HOLE CARDS ***
Dealt to bfb8a000 
Dealt to 9b20a489 
Dealt to d084f402 
Dealt to 636e4a77 
Dealt to ed0d5fe7 
Dealt to Hero [Ts 9h]
ed0d5fe7: raises $0.1 to $0.2
Hero: folds
bfb8a000: folds
9b20a489: folds
d084f402: folds
636e4a77: folds
Uncalled bet ($0.1) returned to ed0d5fe7
*** SHOWDOWN ***
ed0d5fe7 collected $0.25 from pot
*** SUMMARY ***
Total pot $0.25 | Rake $0 | Jackpot $0 | Bingo $0 | Fortune $0 | Tax $0
Seat 1: bfb8a000 folded before Flop (didn't bet)
Seat 2: 9b20a489 (button) folded before Flop (didn't bet)
Seat 3: d084f402 (small blind) folded before Flop
Seat 4: 636e4a77 (big blind) folded before Flop
Seat 5: ed0d5fe7 collected ($0.25)
Seat 6: Hero folded before Flop (didn't bet)


Poker Hand #HD1819200208: Hold'em No Limit ($0.05/$0.1) - 2024/06/17 12:09:57
Table 'NLHRed1' 6-max Seat #1 is the button
Seat 1: bfb8a000 ($11.88 in chips)
Seat 2: 9b20a489 ($15.42 in chips)
Seat 3: d084f402 ($15.67 in chips)
Seat 4: 636e4a77 ($10.25 in chips)
Seat 5: ed0d5fe7 ($10.98 in chips)
Seat 6: Hero ($11.45 in chips)
9b20a489: posts small blind $0.05
d084f402: posts big blind $0.1
*** HOLE CARDS ***
Dealt to bfb8a000 
Dealt to 9b20a489 
Dealt to d084f402 
Dealt to 636e4a77 
Dealt to ed0d5fe7 
Dealt to Hero [5c Ts]
636e4a77: folds
ed0d5fe7: folds
Hero: folds
bfb8a000: folds
9b20a489: folds
Uncalled bet ($0.05) returned to d084f402
*** SHOWDOWN ***
d084f402 collected $0.1 from pot
*** SUMMARY ***
Total pot $0.1 | Rake $0 | Jackpot $0 | Bingo $0 | Fortune $0 | Tax $0
Seat 1: bfb8a000 (button) folded before Flop (didn't bet)
Seat 2: 9b20a489 (small blind) folded before Flop
Seat 3: d084f402 (big blind) collected ($0.1)
Seat 4: 636e4a77 folded before Flop (didn't bet)
Seat 5: ed0d5fe7 folded before Flop (didn't bet)
Seat 6: Hero folded before Flop (didn't bet)


Poker Hand #HD1819200157: Hold'em No Limit ($0.05/$0.1) - 2024/06/17 12:09:27
Table 'NLHRed1' 6-max Seat #6 is the button
Seat 1: bfb8a000 ($11.61 in chips)
Seat 2: 9b20a489 ($15.72 in chips)
Seat 3: d084f402 ($15.67 in chips)
Seat 4: 636e4a77 ($10.25 in chips)
Seat 5: ed0d5fe7 ($10.98 in chips)
Seat 6: Hero ($11.45 in chips)
bfb8a000: posts small blind $0.05
9b20a489: posts big blind $0.1
*** HOLE CARDS ***
Dealt to bfb8a000 
Dealt to 9b20a489 
Dealt to d084f402 
Dealt to 636e4a77 
Dealt to ed0d5fe7 
Dealt to Hero [3h 6d]
d084f402: folds
636e4a77: folds
ed0d5fe7: folds
Hero: folds
bfb8a000: raises $0.2 to $0.3
9b20a489: calls $0.2
*** FLOP *** [Ts Qd As]
bfb8a000: bets $0.45
9b20a489: folds
Uncalled bet ($0.45) returned to bfb8a000
*** SHOWDOWN ***
bfb8a000 collected $0.57 from pot
*** SUMMARY ***
Total pot $0.6 | Rake $0.03 | Jackpot $0 | Bingo $0 | Fortune $0 | Tax $0
Board [Ts Qd As]
Seat 1: bfb8a000 (small blind) won ($0.57)
Seat 2: 9b20a489 (big blind) folded on the Flop
Seat 3: d084f402 folded before Flop (didn't bet)
Seat 4: 636e4a77 folded before Flop (didn't bet)
Seat 5: ed0d5fe7 folded before Flop (didn't bet)
Seat 6: Hero (button) folded before Flop (didn't bet)


Poker Hand #HD1819200118: Hold'em No Limit ($0.05/$0.1) - 2024/06/17 12:09:06
Table 'NLHRed1' 6-max Seat #5 is the button
Seat 1: bfb8a000 ($11.56 in chips)
Seat 2: 9b20a489 ($15.72 in chips)
Seat 3: d084f402 ($15.67 in chips)
Seat 4: 636e4a77 ($10.25 in chips)
Seat 5: ed0d5fe7 ($10.98 in chips)
Seat 6: Hero ($11.5 in chips)
Hero: posts small blind $0.05
bfb8a000: posts big blind $0.1
*** HOLE CARDS ***
Dealt to bfb8a000 
Dealt to 9b20a489 
Dealt to d084f402 
Dealt to 636e4a77 
Dealt to ed0d5fe7 
Dealt to Hero [2h Ks]
9b20a489: folds
d084f402: folds
636e4a77: folds
ed0d5fe7: folds
Hero: folds
Uncalled bet ($0.05) returned to bfb8a000
*** SHOWDOWN ***
bfb8a000 collected $0.1 from pot
*** SUMMARY ***
Total pot $0.1 | Rake $0 | Jackpot $0 | Bingo $0 | Fortune $0 | Tax $0
Seat 1: bfb8a000 (big blind) collected ($0.1)
Seat 2: 9b20a489 folded before Flop (didn't bet)
Seat 3: d084f402 folded before Flop (didn't bet)
Seat 4: 636e4a77 folded before Flop (didn't bet)
Seat 5: ed0d5fe7 (button) folded before Flop (didn't bet)
Seat 6: Hero (small blind) folded before Flop


Poker Hand #HD1819200087: Hold'em No Limit ($0.05/$0.1) - 2024/06/17 12:08:52
Table 'NLHRed1' 6-max Seat #4 is the button
Seat 1: bfb8a000 ($11.56 in chips)
Seat 2: 9b20a489 ($15.72 in chips)
Seat 3: d084f402 ($15.67 in chips)
Seat 4: 636e4a77 ($10.25 in chips)
Seat 5: ed0d5fe7 ($11.03 in chips)
Seat 6: Hero ($11.45 in chips)
ed0d5fe7: posts small blind $0.05
Hero: posts big blind $0.1
*** HOLE CARDS ***
Dealt to bfb8a000 
Dealt to 9b20a489 
Dealt to d084f402 
Dealt to 636e4a77 
Dealt to ed0d5fe7 
Dealt to Hero [Jc 6d]
bfb8a000: folds
9b20a489: folds
d084f402: folds
636e4a77: folds
ed0d5fe7: folds
Uncalled bet ($0.05) returned to Hero
*** SHOWDOWN ***
Hero collected $0.1 from pot
*** SUMMARY ***
Total pot $0.1 | Rake $0 | Jackpot $0 | Bingo $0 | Fortune $0 | Tax $0
Seat 1: bfb8a000 folded before Flop (didn't bet)
Seat 2: 9b20a489 folded before Flop (didn't bet)
Seat 3: d084f402 folded before Flop (didn't bet)
Seat 4: 636e4a77 (button) folded before Flop (didn't bet)
Seat 5: ed0d5fe7 (small blind) folded before Flop
Seat 6: Hero (big blind) collected ($0.1)


Poker Hand #HD1819199932: Hold'em No Limit ($0.05/$0.1) - 2024/06/17 12:07:24
Table 'NLHRed1' 6-max Seat #3 is the button
Seat 1: bfb8a000 ($11.56 in chips)
Seat 2: 9b20a489 ($15.44 in chips)
Seat 3: d084f402 ($15.67 in chips)
Seat 4: 636e4a77 ($10.3 in chips)
Seat 5: ed0d5fe7 ($11.28 in chips)
Seat 6: Hero ($11.45 in chips)
636e4a77: posts small blind $0.05
ed0d5fe7: posts big blind $0.1
*** HOLE CARDS ***
Dealt to bfb8a000 
Dealt to 9b20a489 
Dealt to d084f402 
Dealt to 636e4a77 
Dealt to ed0d5fe7 
Dealt to Hero [3h 6h]
Hero: folds
bfb8a000: folds
9b20a489: raises $0.15 to $0.25
d084f402: folds
636e4a77: folds
ed0d5fe7: calls $0.15
*** FLOP *** [9h Kh Jd]
ed0d5fe7: checks
9b20a489: checks
*** TURN *** [9h Kh Jd] [4s]
ed0d5fe7: checks
9b20a489: checks
*** RIVER *** [9h Kh Jd 4s] [6s]
ed0d5fe7: checks
9b20a489: checks
ed0d5fe7: shows [5s 7s] (King-High)
9b20a489: shows [3s 3c] (Pair of Treys)
*** SHOWDOWN ***
9b20a489 collected $0.53 from pot
*** SUMMARY ***
Total pot $0.55 | Rake $0.02 | Jackpot $0 | Bingo $0 | Fortune $0 | Tax $0
Board [9h Kh Jd 4s 6s]
Seat 1: bfb8a000 folded before Flop (didn't bet)
Seat 2: 9b20a489 showed [3s 3c] and won ($0.53) with Pair of Treys
Seat 3: d084f402 (button) folded before Flop (didn't bet)
Seat 4: 636e4a77 (small blind) folded before Flop
Seat 5: ed0d5fe7 (big blind) showed [5s 7s] and lost with King-High
Seat 6: Hero folded before Flop (didn't bet)


Poker Hand #HD1819199918: Hold'em No Limit ($0.05/$0.1) - 2024/06/17 12:07:15
Table 'NLHRed1' 6-max Seat #2 is the button
Seat 1: bfb8a000 ($11.56 in chips)
Seat 2: 9b20a489 ($15.44 in chips)
Seat 3: d084f402 ($15.72 in chips)
Seat 4: 636e4a77 ($10.25 in chips)
Seat 5: ed0d5fe7 ($11.28 in chips)
Seat 6: Hero ($11.45 in chips)
d084f402: posts small blind $0.05
636e4a77: posts big blind $0.1
*** HOLE CARDS ***
Dealt to bfb8a000 
Dealt to 9b20a489 
Dealt to d084f402 
Dealt to 636e4a77 
Dealt to ed0d5fe7 
Dealt to Hero [4c 6d]
ed0d5fe7: folds
Hero: folds
bfb8a000: folds
9b20a489: folds
d084f402: folds
Uncalled bet ($0.05) returned to 636e4a77
*** SHOWDOWN ***
636e4a77 collected $0.1 from pot
*** SUMMARY ***
Total pot $0.1 | Rake $0 | Jackpot $0 | Bingo $0 | Fortune $0 | Tax $0
Seat 1: bfb8a000 folded before Flop (didn't bet)
Seat 2: 9b20a489 (button) folded before Flop (didn't bet)
Seat 3: d084f402 (small blind) folded before Flop
Seat 4: 636e4a77 (big blind) collected ($0.1)
Seat 5: ed0d5fe7 folded before Flop (didn't bet)
Seat 6: Hero folded before Flop (didn't bet)


Poker Hand #HD1819199897: Hold'em No Limit ($0.05/$0.1) - 2024/06/17 12:07:03
Table 'NLHRed1' 6-max Seat #1 is the button
Seat 1: bfb8a000 ($11.56 in chips)
Seat 2: 9b20a489 ($15.49 in chips)
Seat 3: d084f402 ($15.67 in chips)
Seat 4: 636e4a77 ($10.25 in chips)
Seat 5: ed0d5fe7 ($11.28 in chips)
Seat 6: Hero ($11.45 in chips)
9b20a489: posts small blind $0.05
d084f402: posts big blind $0.1
*** HOLE CARDS ***
Dealt to bfb8a000 
Dealt to 9b20a489 
Dealt to d084f402 
Dealt to 636e4a77 
Dealt to ed0d5fe7 
Dealt to Hero [4d 8c]
636e4a77: folds
ed0d5fe7: folds
Hero: folds
bfb8a000: folds
9b20a489: folds
Uncalled bet ($0.05) returned to d084f402
*** SHOWDOWN ***
d084f402 collected $0.1 from pot
*** SUMMARY ***
Total pot $0.1 | Rake $0 | Jackpot $0 | Bingo $0 | Fortune $0 | Tax $0
Seat 1: bfb8a000 (button) folded before Flop (didn't bet)
Seat 2: 9b20a489 (small blind) folded before Flop
Seat 3: d084f402 (big blind) collected ($0.1)
Seat 4: 636e4a77 folded before Flop (didn't bet)
Seat 5: ed0d5fe7 folded before Flop (didn't bet)
Seat 6: Hero folded before Flop (didn't bet)


Poker Hand #HD1819199854: Hold'em No Limit ($0.05/$0.1) - 2024/06/17 12:06:39
Table 'NLHRed1' 6-max Seat #6 is the button
Seat 1: bfb8a000 ($11.29 in chips)
Seat 2: 9b20a489 ($15.79 in chips)
Seat 3: d084f402 ($15.67 in chips)
Seat 4: 636e4a77 ($10.25 in chips)
Seat 5: ed0d5fe7 ($11.28 in chips)
Seat 6: Hero ($11.45 in chips)
bfb8a000: posts small blind $0.05
9b20a489: posts big blind $0.1
*** HOLE CARDS ***
Dealt to bfb8a000 
Dealt to 9b20a489 
Dealt to d084f402 
Dealt to 636e4a77 
Dealt to ed0d5fe7 
Dealt to Hero [4s Td]
d084f402: folds
636e4a77: folds
ed0d5fe7: folds
Hero: folds
bfb8a000: raises $0.2 to $0.3
9b20a489: calls $0.2
*** FLOP *** [9c Kh Qd]
bfb8a000: bets $0.3
9b20a489: folds
Uncalled bet ($0.3) returned to bfb8a000
*** SHOWDOWN ***
bfb8a000 collected $0.57 from pot
*** SUMMARY ***
Total pot $0.6 | Rake $0.03 | Jackpot $0 | Bingo $0 | Fortune $0 | Tax $0
Board [9c Kh Qd]
Seat 1: bfb8a000 (small blind) won ($0.57)
Seat 2: 9b20a489 (big blind) folded on the Flop
Seat 3: d084f402 folded before Flop (didn't bet)
Seat 4: 636e4a77 folded before Flop (didn't bet)
Seat 5: ed0d5fe7 folded before Flop (didn't bet)
Seat 6: Hero (button) folded before Flop (didn't bet)


Poker Hand #HD1819199808: Hold'em No Limit ($0.05/$0.1) - 2024/06/17 12:06:15
Table 'NLHRed1' 6-max Seat #5 is the button
Seat 1: bfb8a000 ($11.24 in chips)
Seat 2: 9b20a489 ($15.79 in chips)
Seat 3: d084f402 ($15.67 in chips)
Seat 4: 636e4a77 ($10.25 in chips)
Seat 5: ed0d5fe7 ($11.28 in chips)
Seat 6: Hero ($11.5 in chips)
Hero: posts small blind $0.05
bfb8a000: posts big blind $0.1
*** HOLE CARDS ***
Dealt to bfb8a000 
Dealt to 9b20a489 
Dealt to d084f402 
Dealt to 636e4a77 
Dealt to ed0d5fe7 
Dealt to Hero [7c As]
9b20a489: folds
d084f402: folds
636e4a77: folds
ed0d5fe7: folds
Hero: folds
Uncalled bet ($0.05) returned to bfb8a000
*** SHOWDOWN ***
bfb8a000 collected $0.1 from pot
*** SUMMARY ***
Total pot $0.1 | Rake $0 | Jackpot $0 | Bingo $0 | Fortune $0 | Tax $0
Seat 1: bfb8a000 (big blind) collected ($0.1)
Seat 2: 9b20a489 folded before Flop (didn't bet)
Seat 3: d084f402 folded before Flop (didn't bet)
Seat 4: 636e4a77 folded before Flop (didn't bet)
Seat 5: ed0d5fe7 (button) folded before Flop (didn't bet)
Seat 6: Hero (small blind) folded before Flop


Poker Hand #HD1819199677: Hold'em No Limit ($0.05/$0.1) - 2024/06/17 12:04:57
Table 'NLHRed1' 6-max Seat #4 is the button
Seat 1: bfb8a000 ($10.62 in chips)
Seat 2: 9b20a489 ($15.79 in chips)
Seat 3: d084f402 ($15.67 in chips)
Seat 4: 636e4a77 ($10.25 in chips)
Seat 5: ed0d5fe7 ($11.33 in chips)
Seat 6: Hero ($12.13 in chips)
ed0d5fe7: posts small blind $0.05
Hero: posts big blind $0.1
*** HOLE CARDS ***
Dealt to bfb8a000 
Dealt to 9b20a489 
Dealt to d084f402 
Dealt to 636e4a77 
Dealt to ed0d5fe7 
Dealt to Hero [9d Qd]
bfb8a000: raises $0.2 to $0.3
9b20a489: folds
d084f402: folds
636e4a77: folds
ed0d5fe7: folds
Hero: calls $0.2
*** FLOP *** [Ad 9h 2c]
Hero: checks
bfb8a000: bets $0.33
Hero: calls $0.33
*** TURN *** [Ad 9h 2c] [7c]
Hero: checks
bfb8a000: bets $0.99
Hero: folds
Uncalled bet ($0.99) returned to bfb8a000
*** SHOWDOWN ***
bfb8a000 collected $1.25 from pot
*** SUMMARY ***
Total pot $1.31 | Rake $0.06 | Jackpot $0 | Bingo $0 | Fortune $0 | Tax $0
Board [Ad 9h 2c 7c]
Seat 1: bfb8a000 won ($1.25)
Seat 2: 9b20a489 folded before Flop (didn't bet)
Seat 3: d084f402 folded before Flop (didn't bet)
Seat 4: 636e4a77 (button) folded before Flop (didn't bet)
Seat 5: ed0d5fe7 (small blind) folded before Flop
Seat 6: Hero (big blind) folded on the Turn


Poker Hand #HD1819199649: Hold'em No Limit ($0.05/$0.1) - 2024/06/17 12:04:41
Table 'NLHRed1' 6-max Seat #3 is the button
Seat 1: bfb8a000 ($10.62 in chips)
Seat 2: 9b20a489 ($15.79 in chips)
Seat 3: d084f402 ($15.67 in chips)
Seat 4: 636e4a77 ($10.15 in chips)
Seat 5: ed0d5fe7 ($11.43 in chips)
Seat 6: Hero ($12.13 in chips)
636e4a77: posts small blind $0.05
ed0d5fe7: posts big blind $0.1
*** HOLE CARDS ***
Dealt to bfb8a000 
Dealt to 9b20a489 
Dealt to d084f402 
Dealt to 636e4a77 
Dealt to ed0d5fe7 
Dealt to Hero [Kc Th]
Hero: folds
bfb8a000: folds
9b20a489: folds
d084f402: folds
636e4a77: raises $0.16 to $0.26
ed0d5fe7: folds
Uncalled bet ($0.16) returned to 636e4a77
*** SHOWDOWN ***
636e4a77 collected $0.2 from pot
*** SUMMARY ***
Total pot $0.2 | Rake $0 | Jackpot $0 | Bingo $0 | Fortune $0 | Tax $0
Seat 1: bfb8a000 folded before Flop (didn't bet)
Seat 2: 9b20a489 folded before Flop (didn't bet)
Seat 3: d084f402 (button) folded before Flop (didn't bet)
Seat 4: 636e4a77 (small blind) collected ($0.2)
Seat 5: ed0d5fe7 (big blind) folded before Flop
Seat 6: Hero folded before Flop (didn't bet)


Poker Hand #HD1819199634: Hold'em No Limit ($0.05/$0.1) - 2024/06/17 12:04:29
Table 'NLHRed1' 6-max Seat #2 is the button
Seat 1: bfb8a000 ($10.62 in chips)
Seat 2: 9b20a489 ($15.79 in chips)
Seat 3: d084f402 ($15.72 in chips)
Seat 4: 636e4a77 ($10.1 in chips)
Seat 5: ed0d5fe7 ($11.43 in chips)
Seat 6: Hero ($12.13 in chips)
d084f402: posts small blind $0.05
636e4a77: posts big blind $0.1
*** HOLE CARDS ***
Dealt to bfb8a000 
Dealt to 9b20a489 
Dealt to d084f402 
Dealt to 636e4a77 
Dealt to ed0d5fe7 
Dealt to Hero [7h Td]
ed0d5fe7: folds
Hero: folds
bfb8a000: folds
9b20a489: folds
d084f402: folds
Uncalled bet ($0.05) returned to 636e4a77
*** SHOWDOWN ***
636e4a77 collected $0.1 from pot
*** SUMMARY ***
Total pot $0.1 | Rake $0 | Jackpot $0 | Bingo $0 | Fortune $0 | Tax $0
Seat 1: bfb8a000 folded before Flop (didn't bet)
Seat 2: 9b20a489 (button) folded before Flop (didn't bet)
Seat 3: d084f402 (small blind) folded before Flop
Seat 4: 636e4a77 (big blind) collected ($0.1)
Seat 5: ed0d5fe7 folded before Flop (didn't bet)
Seat 6: Hero folded before Flop (didn't bet)


Poker Hand #HD1819199560: Hold'em No Limit ($0.05/$0.1) - 2024/06/17 12:03:53
Table 'NLHRed1' 6-max Seat #1 is the button
Seat 1: bfb8a000 ($10.62 in chips)
Seat 2: 9b20a489 ($15.56 in chips)
Seat 3: d084f402 ($15.97 in chips)
Seat 4: 636e4a77 ($10.1 in chips)
Seat 5: ed0d5fe7 ($11.43 in chips)
Seat 6: Hero ($12.13 in chips)
9b20a489: posts small blind $0.05
d084f402: posts big blind $0.1
*** HOLE CARDS ***
Dealt to bfb8a000 
Dealt to 9b20a489 
Dealt to d084f402 
Dealt to 636e4a77 
Dealt to ed0d5fe7 
Dealt to Hero [Qd 4s]
636e4a77: folds
ed0d5fe7: folds
Hero: folds
bfb8a000: folds
9b20a489: raises $0.15 to $0.25
d084f402: calls $0.15
*** FLOP *** [Kd 4h Kc]
9b20a489: bets $0.25
d084f402: folds
Uncalled bet ($0.25) returned to 9b20a489
*** SHOWDOWN ***
9b20a489 collected $0.48 from pot
*** SUMMARY ***
Total pot $0.5 | Rake $0.02 | Jackpot $0 | Bingo $0 | Fortune $0 | Tax $0
Board [Kd 4h Kc]
Seat 1: bfb8a000 (button) folded before Flop (didn't bet)
Seat 2: 9b20a489 (small blind) won ($0.48)
Seat 3: d084f402 (big blind) folded on the Flop
Seat 4: 636e4a77 folded before Flop (didn't bet)
Seat 5: ed0d5fe7 folded before Flop (didn't bet)
Seat 6: Hero folded before Flop (didn't bet)


Poker Hand #HD1819199521: Hold'em No Limit ($0.05/$0.1) - 2024/06/17 12:03:36
Table 'NLHRed1' 6-max Seat #6 is the button
Seat 1: bfb8a000 ($10.67 in chips)
Seat 2: 9b20a489 ($15.51 in chips)
Seat 3: d084f402 ($15.97 in chips)
Seat 4: 636e4a77 ($10.1 in chips)
Seat 5: ed0d5fe7 ($11.43 in chips)
Seat 6: Hero ($12.13 in chips)
bfb8a000: posts small blind $0.05
9b20a489: posts big blind $0.1
*** HOLE CARDS ***
Dealt to bfb8a000 
Dealt to 9b20a489 
Dealt to d084f402 
Dealt to 636e4a77 
Dealt to ed0d5fe7 
Dealt to Hero [8h Jd]
d084f402: folds
636e4a77: folds
ed0d5fe7: folds
Hero: folds
bfb8a000: folds
Uncalled bet ($0.05) returned to 9b20a489
*** SHOWDOWN ***
9b20a489 collected $0.1 from pot
*** SUMMARY ***
Total pot $0.1 | Rake $0 | Jackpot $0 | Bingo $0 | Fortune $0 | Tax $0
Seat 1: bfb8a000 (small blind) folded before Flop
Seat 2: 9b20a489 (big blind) collected ($0.1)
Seat 3: d084f402 folded before Flop (didn't bet)
Seat 4: 636e4a77 folded before Flop (didn't bet)
Seat 5: ed0d5fe7 folded before Flop (didn't bet)
Seat 6: Hero (button) folded before Flop (didn't bet)


Poker Hand #HD1819199480: Hold'em No Limit ($0.05/$0.1) - 2024/06/17 12:03:13
Table 'NLHRed1' 6-max Seat #5 is the button
Seat 1: bfb8a000 ($10.62 in chips)
Seat 2: 9b20a489 ($15.51 in chips)
Seat 3: d084f402 ($15.97 in chips)
Seat 4: 636e4a77 ($10.1 in chips)
Seat 5: ed0d5fe7 ($11.43 in chips)
Seat 6: Hero ($12.18 in chips)
Hero: posts small blind $0.05
bfb8a000: posts big blind $0.1
*** HOLE CARDS ***
Dealt to bfb8a000 
Dealt to 9b20a489 
Dealt to d084f402 
Dealt to 636e4a77 
Dealt to ed0d5fe7 
Dealt to Hero [3c 6h]
9b20a489: folds
d084f402: folds
636e4a77: folds
ed0d5fe7: folds
Hero: folds
Uncalled bet ($0.05) returned to bfb8a000
*** SHOWDOWN ***
bfb8a000 collected $0.1 from pot
*** SUMMARY ***
Total pot $0.1 | Rake $0 | Jackpot $0 | Bingo $0 | Fortune $0 | Tax $0
Seat 1: bfb8a000 (big blind) collected ($0.1)
Seat 2: 9b20a489 folded before Flop (didn't bet)
Seat 3: d084f402 folded before Flop (didn't bet)
Seat 4: 636e4a77 folded before Flop (didn't bet)
Seat 5: ed0d5fe7 (button) folded before Flop (didn't bet)
Seat 6: Hero (small blind) folded before Flop


Poker Hand #HD1819199444: Hold'em No Limit ($0.05/$0.1) - 2024/06/17 12:02:52
Table 'NLHRed1' 6-max Seat #4 is the button
Seat 1: bfb8a000 ($10.62 in chips)
Seat 2: 9b20a489 ($15.51 in chips)
Seat 3: d084f402 ($15.97 in chips)
Seat 4: 636e4a77 ($10.1 in chips)
Seat 5: ed0d5fe7 ($11.48 in chips)
Seat 6: Hero ($12.13 in chips)
ed0d5fe7: posts small blind $0.05
Hero: posts big blind $0.1
*** HOLE CARDS ***
Dealt to bfb8a000 
Dealt to 9b20a489 
Dealt to d084f402 
Dealt to 636e4a77 
Dealt to ed0d5fe7 
Dealt to Hero [6s Kh]
bfb8a000: folds
9b20a489: folds
d084f402: folds
636e4a77: folds
ed0d5fe7: folds
Uncalled bet ($0.05) returned to Hero
*** SHOWDOWN ***
Hero collected $0.1 from pot
*** SUMMARY ***
Total pot $0.1 | Rake $0 | Jackpot $0 | Bingo $0 | Fortune $0 | Tax $0
Seat 1: bfb8a000 folded before Flop (didn't bet)
Seat 2: 9b20a489 folded before Flop (didn't bet)
Seat 3: d084f402 folded before Flop (didn't bet)
Seat 4: 636e4a77 (button) folded before Flop (didn't bet)
Seat 5: ed0d5fe7 (small blind) folded before Flop
Seat 6: Hero (big blind) collected ($0.1)


Poker Hand #HD1819199406: Hold'em No Limit ($0.05/$0.1) - 2024/06/17 12:02:31
Table 'NLHRed1' 6-max Seat #3 is the button
Seat 1: bfb8a000 ($10.62 in chips)
Seat 2: 9b20a489 ($15.51 in chips)
Seat 3: d084f402 ($15.97 in chips)
Seat 4: 636e4a77 ($10 in chips)
Seat 5: ed0d5fe7 ($11.58 in chips)
Seat 6: Hero ($12.13 in chips)
636e4a77: posts small blind $0.05
ed0d5fe7: posts big blind $0.1
*** HOLE CARDS ***
Dealt to bfb8a000 
Dealt to 9b20a489 
Dealt to d084f402 
Dealt to 636e4a77 
Dealt to ed0d5fe7 
Dealt to Hero [9s 3s]
Hero: folds
bfb8a000: folds
9b20a489: folds
d084f402: folds
636e4a77: raises $0.16 to $0.26
ed0d5fe7: folds
Uncalled bet ($0.16) returned to 636e4a77
*** SHOWDOWN ***
636e4a77 collected $0.2 from pot
*** SUMMARY ***
Total pot $0.2 | Rake $0 | Jackpot $0 | Bingo $0 | Fortune $0 | Tax $0
Seat 1: bfb8a000 folded before Flop (didn't bet)
Seat 2: 9b20a489 folded before Flop (didn't bet)
Seat 3: d084f402 (button) folded before Flop (didn't bet)
Seat 4: 636e4a77 (small blind) collected ($0.2)
Seat 5: ed0d5fe7 (big blind) folded before Flop
Seat 6: Hero folded before Flop (didn't bet)


Poker Hand #HD1819199338: Hold'em No Limit ($0.05/$0.1) - 2024/06/17 12:01:58
Table 'NLHRed1' 6-max Seat #2 is the button
Seat 1: bfb8a000 ($10.3 in chips)
Seat 2: 9b20a489 ($15.51 in chips)
Seat 3: d084f402 ($16.02 in chips)
Seat 4: 636e4a77 ($10.05 in chips)
Seat 6: Hero ($12.13 in chips)
d084f402: posts small blind $0.05
636e4a77: posts big blind $0.1
*** HOLE CARDS ***
Dealt to bfb8a000 
Dealt to 9b20a489 
Dealt to d084f402 
Dealt to 636e4a77 
Dealt to Hero [2c 4c]
Hero: folds
bfb8a000: raises $0.2 to $0.3
9b20a489: folds
d084f402: folds
636e4a77: calls $0.2
*** FLOP *** [Qc Js Tc]
636e4a77: checks
bfb8a000: bets $0.49
636e4a77: folds
Uncalled bet ($0.49) returned to bfb8a000
*** SHOWDOWN ***
bfb8a000 collected $0.62 from pot
*** SUMMARY ***
Total pot $0.65 | Rake $0.03 | Jackpot $0 | Bingo $0 | Fortune $0 | Tax $0
Board [Qc Js Tc]
Seat 1: bfb8a000 won ($0.62)
Seat 2: 9b20a489 (button) folded before Flop (didn't bet)
Seat 3: d084f402 (small blind) folded before Flop
Seat 4: 636e4a77 (big blind) folded on the Flop
Seat 6: Hero folded before Flop (didn't bet)


Poker Hand #HD1819199246: Hold'em No Limit ($0.05/$0.1) - 2024/06/17 12:01:04
Table 'NLHRed1' 6-max Seat #1 is the button
Seat 1: bfb8a000 ($10.3 in chips)
Seat 2: 9b20a489 ($14.38 in chips)
Seat 3: d084f402 ($17.27 in chips)
Seat 4: 636e4a77 ($10.05 in chips)
Seat 6: Hero ($12.13 in chips)
9b20a489: posts small blind $0.05
d084f402: posts big blind $0.1
*** HOLE CARDS ***
Dealt to bfb8a000 
Dealt to 9b20a489 
Dealt to d084f402 
Dealt to 636e4a77 
Dealt to Hero [Kd 4s]
636e4a77: folds
Hero: folds
bfb8a000: folds
9b20a489: raises $0.15 to $0.25
d084f402: calls $0.15
*** FLOP *** [3s Td 2s]
9b20a489: bets $0.25
d084f402: calls $0.25
*** TURN *** [3s Td 2s] [5s]
9b20a489: bets $0.75
d084f402: calls $0.75
*** RIVER *** [3s Td 2s 5s] [4d]
9b20a489: bets $2.5
d084f402: folds
Uncalled bet ($2.5) returned to 9b20a489
*** SHOWDOWN ***
9b20a489 collected $2.38 from pot
*** SUMMARY ***
Total pot $2.5 | Rake $0.12 | Jackpot $0 | Bingo $0 | Fortune $0 | Tax $0
Board [3s Td 2s 5s 4d]
Seat 1: bfb8a000 (button) folded before Flop (didn't bet)
Seat 2: 9b20a489 (small blind) won ($2.38)
Seat 3: d084f402 (big blind) folded on the River
Seat 4: 636e4a77 folded before Flop (didn't bet)
Seat 6: Hero folded before Flop (didn't bet)


Poker Hand #HD1819199117: Hold'em No Limit ($0.05/$0.1) - 2024/06/17 12:00:05
Table 'NLHRed1' 6-max Seat #6 is the button
Seat 1: bfb8a000 ($10.35 in chips)
Seat 2: 9b20a489 ($14.8 in chips)
Seat 3: d084f402 ($17.27 in chips)
Seat 4: 636e4a77 ($10.05 in chips)
Seat 5: 17aa75d6 ($11.58 in chips)
Seat 6: Hero ($11.7 in chips)
bfb8a000: posts small blind $0.05
9b20a489: posts big blind $0.1
*** HOLE CARDS ***
Dealt to bfb8a000 
Dealt to 9b20a489 
Dealt to d084f402 
Dealt to 636e4a77 
Dealt to 17aa75d6 
Dealt to Hero [As 2d]
d084f402: folds
636e4a77: folds
17aa75d6: folds
Hero: raises $0.14 to $0.24
bfb8a000: folds
9b20a489: calls $0.14
*** FLOP *** [5c 3d 4h]
9b20a489: checks
Hero: checks
*** TURN *** [5c 3d 4h] [9d]
9b20a489: bets $0.18
Hero: raises $0.42 to $0.6
9b20a489: folds
Uncalled bet ($0.42) returned to Hero
*** SHOWDOWN ***
Hero collected $0.85 from pot
*** SUMMARY ***
Total pot $0.89 | Rake $0.04 | Jackpot $0 | Bingo $0 | Fortune $0 | Tax $0
Board [5c 3d 4h 9d]
Seat 1: bfb8a000 (small blind) folded before Flop
Seat 2: 9b20a489 (big blind) folded on the Turn
Seat 3: d084f402 folded before Flop (didn't bet)
Seat 4: 636e4a77 folded before Flop (didn't bet)
Seat 5: 17aa75d6 folded before Flop (didn't bet)
Seat 6: Hero (button) won ($0.85)


Poker Hand #HD1819199051: Hold'em No Limit ($0.05/$0.1) - 2024/06/17 11:59:31
Table 'NLHRed1' 6-max Seat #5 is the button
Seat 1: bfb8a000 ($10.65 in chips)
Seat 2: 9b20a489 ($14.8 in chips)
Seat 3: d084f402 ($17.27 in chips)
Seat 4: 636e4a77 ($10.05 in chips)
Seat 5: 17aa75d6 ($11.58 in chips)
Seat 6: Hero ($11.43 in chips)
Hero: posts small blind $0.05
bfb8a000: posts big blind $0.1
*** HOLE CARDS ***
Dealt to bfb8a000 
Dealt to 9b20a489 
Dealt to d084f402 
Dealt to 636e4a77 
Dealt to 17aa75d6 
Dealt to Hero [Js Ks]
9b20a489: folds
d084f402: folds
636e4a77: folds
17aa75d6: folds
Hero: raises $0.2 to $0.3
bfb8a000: calls $0.2
*** FLOP *** [Jc Jh 7h]
Hero: checks
bfb8a000: checks
*** TURN *** [Jc Jh 7h] [3c]
Hero: bets $0.4
bfb8a000: folds
Uncalled bet ($0.4) returned to Hero
*** SHOWDOWN ***
Hero collected $0.57 from pot
*** SUMMARY ***
Total pot $0.6 | Rake $0.03 | Jackpot $0 | Bingo $0 | Fortune $0 | Tax $0
Board [Jc Jh 7h 3c]
Seat 1: bfb8a000 (big blind) folded on the Turn
Seat 2: 9b20a489 folded before Flop (didn't bet)
Seat 3: d084f402 folded before Flop (didn't bet)
Seat 4: 636e4a77 folded before Flop (didn't bet)
Seat 5: 17aa75d6 (button) folded before Flop (didn't bet)
Seat 6: Hero (small blind) won ($0.57)


Poker Hand #HD1819198949: Hold'em No Limit ($0.05/$0.1) - 2024/06/17 11:58:34
Table 'NLHRed1' 6-max Seat #4 is the button
Seat 1: bfb8a000 ($10.65 in chips)
Seat 2: 9b20a489 ($14.48 in chips)
Seat 3: d084f402 ($17.27 in chips)
Seat 4: 636e4a77 ($10.05 in chips)
Seat 5: 17aa75d6 ($11.83 in chips)
Seat 6: Hero ($11.53 in chips)
17aa75d6: posts small blind $0.05
Hero: posts big blind $0.1
*** HOLE CARDS ***
Dealt to bfb8a000 
Dealt to 9b20a489 
Dealt to d084f402 
Dealt to 636e4a77 
Dealt to 17aa75d6 
Dealt to Hero [5d 7c]
bfb8a000: folds
9b20a489: raises $0.15 to $0.25
d084f402: folds
636e4a77: folds
17aa75d6: calls $0.2
Hero: folds
*** FLOP *** [Qs Kd 9d]
17aa75d6: checks
9b20a489: bets $0.2
17aa75d6: folds
Uncalled bet ($0.2) returned to 9b20a489
*** SHOWDOWN ***
9b20a489 collected $0.57 from pot
*** SUMMARY ***
Total pot $0.6 | Rake $0.03 | Jackpot $0 | Bingo $0 | Fortune $0 | Tax $0
Board [Qs Kd 9d]
Seat 1: bfb8a000 folded before Flop (didn't bet)
Seat 2: 9b20a489 won ($0.57)
Seat 3: d084f402 folded before Flop (didn't bet)
Seat 4: 636e4a77 (button) folded before Flop (didn't bet)
Seat 5: 17aa75d6 (small blind) folded on the Flop
Seat 6: Hero (big blind) folded before Flop


Poker Hand #HD1819198829: Hold'em No Limit ($0.05/$0.1) - 2024/06/17 11:57:34
Table 'NLHRed1' 6-max Seat #3 is the button
Seat 1: bfb8a000 ($10.65 in chips)
Seat 2: 9b20a489 ($14.73 in chips)
Seat 3: d084f402 ($18.16 in chips)
Seat 4: 636e4a77 ($10.1 in chips)
Seat 5: 17aa75d6 ($10.74 in chips)
Seat 6: Hero ($11.53 in chips)
636e4a77: posts small blind $0.05
17aa75d6: posts big blind $0.1
*** HOLE CARDS ***
Dealt to bfb8a000 
Dealt to 9b20a489 
Dealt to d084f402 
Dealt to 636e4a77 
Dealt to 17aa75d6 
Dealt to Hero [8s Ts]
Hero: folds
bfb8a000: folds
9b20a489: raises $0.15 to $0.25
d084f402: calls $0.25
636e4a77: folds
17aa75d6: calls $0.15
*** FLOP *** [4d 6s 2c]
17aa75d6: bets $0.27
9b20a489: folds
d084f402: raises $0.37 to $0.64
17aa75d6: raises $9.85 to $10.49 and is all-in
d084f402: folds
Uncalled bet ($9.85) returned to 17aa75d6
*** SHOWDOWN ***
17aa75d6 collected $1.98 from pot
*** SUMMARY ***
Total pot $2.08 | Rake $0.1 | Jackpot $0 | Bingo $0 | Fortune $0 | Tax $0
Board [4d 6s 2c]
Seat 1: bfb8a000 folded before Flop (didn't bet)
Seat 2: 9b20a489 folded on the Flop
Seat 3: d084f402 (button) folded on the Flop
Seat 4: 636e4a77 (small blind) folded before Flop
Seat 5: 17aa75d6 (big blind) won ($1.98)
Seat 6: Hero folded before Flop (didn't bet)


Poker Hand #HD1819198804: Hold'em No Limit ($0.05/$0.1) - 2024/06/17 11:57:17
Table 'NLHRed1' 6-max Seat #2 is the button
Seat 1: bfb8a000 ($10.5 in chips)
Seat 2: 9b20a489 ($14.73 in chips)
Seat 3: d084f402 ($18.21 in chips)
Seat 4: 636e4a77 ($10 in chips)
Seat 5: 17aa75d6 ($10.74 in chips)
Seat 6: Hero ($11.53 in chips)
d084f402: posts small blind $0.05
636e4a77: posts big blind $0.1
*** HOLE CARDS ***
Dealt to bfb8a000 
Dealt to 9b20a489 
Dealt to d084f402 
Dealt to 636e4a77 
Dealt to 17aa75d6 
Dealt to Hero [5c 6h]
17aa75d6: folds
Hero: folds
bfb8a000: raises $0.2 to $0.3
9b20a489: folds
d084f402: folds
636e4a77: folds
Uncalled bet ($0.2) returned to bfb8a000
*** SHOWDOWN ***
bfb8a000 collected $0.25 from pot
*** SUMMARY ***
Total pot $0.25 | Rake $0 | Jackpot $0 | Bingo $0 | Fortune $0 | Tax $0
Seat 1: bfb8a000 collected ($0.25)
Seat 2: 9b20a489 (button) folded before Flop (didn't bet)
Seat 3: d084f402 (small blind) folded before Flop
Seat 4: 636e4a77 (big blind) folded before Flop
Seat 5: 17aa75d6 folded before Flop (didn't bet)
Seat 6: Hero folded before Flop (didn't bet)


Poker Hand #HD1819198643: Hold'em No Limit ($0.05/$0.1) - 2024/06/17 11:55:53
Table 'NLHRed1' 6-max Seat #1 is the button
Seat 1: bfb8a000 ($10.5 in chips)
Seat 2: 9b20a489 ($14.78 in chips)
Seat 3: d084f402 ($19.5 in chips)
Seat 4: 636e4a77 ($10 in chips)
Seat 5: 17aa75d6 ($10.74 in chips)
Seat 6: Hero ($10.32 in chips)
9b20a489: posts small blind $0.05
d084f402: posts big blind $0.1
*** HOLE CARDS ***
Dealt to bfb8a000 
Dealt to 9b20a489 
Dealt to d084f402 
Dealt to 636e4a77 
Dealt to 17aa75d6 
Dealt to Hero [Qc Jd]
636e4a77: folds
17aa75d6: folds
Hero: raises $0.14 to $0.24
bfb8a000: folds
9b20a489: folds
d084f402: calls $0.14
*** FLOP *** [Qh 7d 5d]
d084f402: checks
Hero: bets $0.3
d084f402: raises $0.75 to $1.05
Hero: calls $0.75
*** TURN *** [Qh 7d 5d] [Ad]
d084f402: checks
Hero: checks
*** RIVER *** [Qh 7d 5d Ad] [6d]
d084f402: checks
Hero: bets $0.53
d084f402: folds
Uncalled bet ($0.53) returned to Hero
*** SHOWDOWN ***
Hero collected $2.5 from pot
*** SUMMARY ***
Total pot $2.63 | Rake $0.13 | Jackpot $0 | Bingo $0 | Fortune $0 | Tax $0
Board [Qh 7d 5d Ad 6d]
Seat 1: bfb8a000 (button) folded before Flop (didn't bet)
Seat 2: 9b20a489 (small blind) folded before Flop
Seat 3: d084f402 (big blind) folded on the River
Seat 4: 636e4a77 folded before Flop (didn't bet)
Seat 5: 17aa75d6 folded before Flop (didn't bet)
Seat 6: Hero won ($2.5)


Poker Hand #HD1819198551: Hold'em No Limit ($0.05/$0.1) - 2024/06/17 11:55:00
Table 'NLHRed1' 6-max Seat #6 is the button
Seat 1: bfb8a000 ($10.74 in chips)
Seat 2: 9b20a489 ($14.88 in chips)
Seat 3: d084f402 ($19.5 in chips)
Seat 4: 636e4a77 ($10 in chips)
Seat 5: 17aa75d6 ($10.74 in chips)
Seat 6: Hero ($10 in chips)
bfb8a000: posts small blind $0.05
9b20a489: posts big blind $0.1
*** HOLE CARDS ***
Dealt to bfb8a000 
Dealt to 9b20a489 
Dealt to d084f402 
Dealt to 636e4a77 
Dealt to 17aa75d6 
Dealt to Hero [Qs Jd]
d084f402: folds
636e4a77: folds
17aa75d6: folds
Hero: raises $0.14 to $0.24
bfb8a000: calls $0.19
9b20a489: folds
*** FLOP *** [Qh 2d 5s]
bfb8a000: checks
Hero: bets $0.4
bfb8a000: folds
Uncalled bet ($0.4) returned to Hero
*** SHOWDOWN ***
Hero collected $0.56 from pot
*** SUMMARY ***
Total pot $0.58 | Rake $0.02 | Jackpot $0 | Bingo $0 | Fortune $0 | Tax $0
Board [Qh 2d 5s]
Seat 1: bfb8a000 (small blind) folded on the Flop
Seat 2: 9b20a489 (big blind) folded before Flop
Seat 3: d084f402 folded before Flop (didn't bet)
Seat 4: 636e4a77 folded before Flop (didn't bet)
Seat 5: 17aa75d6 folded before Flop (didn't bet)
Seat 6: Hero (button) won ($0.56)


Poker Hand #HD1819198534: Hold'em No Limit ($0.05/$0.1) - 2024/06/17 11:54:50
Table 'NLHRed1' 6-max Seat #5 is the button
Seat 1: bfb8a000 ($10.84 in chips)
Seat 2: 9b20a489 ($14.88 in chips)
Seat 3: d084f402 ($19.5 in chips)
Seat 4: 636e4a77 ($10 in chips)
Seat 5: 17aa75d6 ($10.59 in chips)
Seat 6: Hero ($10 in chips)
Hero: posts small blind $0.05
bfb8a000: posts big blind $0.1
*** HOLE CARDS ***
Dealt to bfb8a000 
Dealt to 9b20a489 
Dealt to d084f402 
Dealt to 636e4a77 
Dealt to 17aa75d6 
Dealt to Hero [5h Qs]
9b20a489: folds
d084f402: folds
636e4a77: folds
17aa75d6: raises $0.1 to $0.2
Hero: folds
bfb8a000: folds
Uncalled bet ($0.1) returned to 17aa75d6
*** SHOWDOWN ***
17aa75d6 collected $0.25 from pot
*** SUMMARY ***
Total pot $0.25 | Rake $0 | Jackpot $0 | Bingo $0 | Fortune $0 | Tax $0
Seat 1: bfb8a000 (big blind) folded before Flop
Seat 2: 9b20a489 folded before Flop (didn't bet)
Seat 3: d084f402 folded before Flop (didn't bet)
Seat 4: 636e4a77 folded before Flop (didn't bet)
Seat 5: 17aa75d6 (button) collected ($0.25)
Seat 6: Hero (small blind) folded before Flop


Poker Hand #HD1819198489: Hold'em No Limit ($0.05/$0.1) - 2024/06/17 11:54:29
Table 'NLHRed1' 6-max Seat #4 is the button
Seat 1: bfb8a000 ($10.84 in chips)
Seat 2: 9b20a489 ($14.73 in chips)
Seat 3: d084f402 ($19.5 in chips)
Seat 4: 636e4a77 ($10 in chips)
Seat 5: 17aa75d6 ($10.64 in chips)
Seat 6: Hero ($10 in chips)
17aa75d6: posts small blind $0.05
Hero: posts big blind $0.1
*** HOLE CARDS ***
Dealt to bfb8a000 
Dealt to 9b20a489 
Dealt to d084f402 
Dealt to 636e4a77 
Dealt to 17aa75d6 
Dealt to Hero [Kh 7c]
bfb8a000: folds
9b20a489: raises $0.15 to $0.25
d084f402: folds
636e4a77: folds
17aa75d6: folds
Hero: folds
Uncalled bet ($0.15) returned to 9b20a489
*** SHOWDOWN ***
9b20a489 collected $0.25 from pot
*** SUMMARY ***
Total pot $0.25 | Rake $0 | Jackpot $0 | Bingo $0 | Fortune $0 | Tax $0
Seat 1: bfb8a000 folded before Flop (didn't bet)
Seat 2: 9b20a489 collected ($0.25)
Seat 3: d084f402 folded before Flop (didn't bet)
Seat 4: 636e4a77 (button) folded before Flop (didn't bet)
Seat 5: 17aa75d6 (small blind) folded before Flop
Seat 6: Hero (big blind) folded before Flop


Poker Hand #HD1819198435: Hold'em No Limit ($0.05/$0.1) - 2024/06/17 11:53:58
Table 'NLHRed1' 6-max Seat #3 is the button
Seat 1: bfb8a000 ($9.73 in chips)
Seat 2: 9b20a489 ($14.73 in chips)
Seat 3: d084f402 ($19.5 in chips)
Seat 4: 636e4a77 ($10.59 in chips)
Seat 5: 17aa75d6 ($10.74 in chips)
Seat 6: Hero ($10 in chips)
636e4a77: posts small blind $0.05
17aa75d6: posts big blind $0.1
*** HOLE CARDS ***
Dealt to bfb8a000 
Dealt to 9b20a489 
Dealt to d084f402 
Dealt to 636e4a77 
Dealt to 17aa75d6 
Dealt to Hero [6h 2s]
Hero: folds
bfb8a000: raises $0.2 to $0.3
9b20a489: folds
d084f402: folds
636e4a77: raises $0.82 to $1.12
17aa75d6: folds
bfb8a000: raises $8.61 to $9.73 and is all-in
636e4a77: folds
Uncalled bet ($8.61) returned to bfb8a000
*** SHOWDOWN ***
bfb8a000 collected $2.23 from pot
*** SUMMARY ***
Total pot $2.34 | Rake $0.11 | Jackpot $0 | Bingo $0 | Fortune $0 | Tax $0
Seat 1: bfb8a000 collected ($2.23)
Seat 2: 9b20a489 folded before Flop (didn't bet)
Seat 3: d084f402 (button) folded before Flop (didn't bet)
Seat 4: 636e4a77 (small blind) folded before Flop
Seat 5: 17aa75d6 (big blind) folded before Flop
Seat 6: Hero folded before Flop (didn't bet)


Poker Hand #HD1819198302: Hold'em No Limit ($0.05/$0.1) - 2024/06/17 11:52:48
Table 'NLHRed1' 6-max Seat #2 is the button
Seat 1: bfb8a000 ($9.73 in chips)
Seat 2: 9b20a489 ($14.73 in chips)
Seat 3: d084f402 ($19.13 in chips)
Seat 4: 636e4a77 ($10.79 in chips)
Seat 5: 17aa75d6 ($10.74 in chips)
Seat 6: Hero ($10 in chips)
d084f402: posts small blind $0.05
636e4a77: posts big blind $0.1
*** HOLE CARDS ***
Dealt to bfb8a000 
Dealt to 9b20a489 
Dealt to d084f402 
Dealt to 636e4a77 
Dealt to 17aa75d6 
Dealt to Hero [Kh Js]
17aa75d6: folds
Hero: raises $0.1 to $0.2
bfb8a000: folds
9b20a489: folds
d084f402: calls $0.15
636e4a77: calls $0.1
*** FLOP *** [3s 8d Qh]
d084f402: checks
636e4a77: checks
Hero: checks
*** TURN *** [3s 8d Qh] [8s]
d084f402: bets $0.4
636e4a77: folds
Hero: folds
Uncalled bet ($0.4) returned to d084f402
*** SHOWDOWN ***
d084f402 collected $0.57 from pot
*** SUMMARY ***
Total pot $0.6 | Rake $0.03 | Jackpot $0 | Bingo $0 | Fortune $0 | Tax $0
Board [3s 8d Qh 8s]
Seat 1: bfb8a000 folded before Flop (didn't bet)
Seat 2: 9b20a489 (button) folded before Flop (didn't bet)
Seat 3: d084f402 (small blind) won ($0.57)
Seat 4: 636e4a77 (big blind) folded on the Turn
Seat 5: 17aa75d6 folded before Flop (didn't bet)
Seat 6: Hero folded on the Turn


Poker Hand #HD1819198144: Hold'em No Limit ($0.05/$0.1) - 2024/06/17 11:51:18
Table 'NLHRed1' 6-max Seat #1 is the button
Seat 1: bfb8a000 ($9.73 in chips)
Seat 2: 9b20a489 ($14.97 in chips)
Seat 3: d084f402 ($16.84 in chips)
Seat 5: 17aa75d6 ($10.74 in chips)
Seat 6: Hero ($11.81 in chips)
9b20a489: posts small blind $0.05
d084f402: posts big blind $0.1
*** HOLE CARDS ***
Dealt to bfb8a000 
Dealt to 9b20a489 
Dealt to d084f402 
Dealt to 17aa75d6 
Dealt to Hero [Jc Jh]
17aa75d6: folds
Hero: raises $0.14 to $0.24
bfb8a000: folds
9b20a489: calls $0.19
d084f402: raises $1.15 to $1.39
Hero: calls $1.15
9b20a489: folds
*** FLOP *** [9d 6s Tc]
d084f402: checks
Hero: bets $1
d084f402: calls $1
*** TURN *** [9d 6s Tc] [Ah]
d084f402: checks
Hero: checks
*** RIVER *** [9d 6s Tc Ah] [4d]
d084f402: bets $2.51
Hero: folds
Uncalled bet ($2.51) returned to d084f402
*** SHOWDOWN ***
d084f402 collected $4.68 from pot
*** SUMMARY ***
Total pot $5.02 | Rake $0.24 | Jackpot $0.1 | Bingo $0 | Fortune $0 | Tax $0
Board [9d 6s Tc Ah 4d]
Seat 1: bfb8a000 (button) folded before Flop (didn't bet)
Seat 2: 9b20a489 (small blind) folded before Flop
Seat 3: d084f402 (big blind) won ($4.68)
Seat 5: 17aa75d6 folded before Flop (didn't bet)
Seat 6: Hero folded on the River


Poker Hand #HD1819198045: Hold'em No Limit ($0.05/$0.1) - 2024/06/17 11:50:19
Table 'NLHRed1' 6-max Seat #6 is the button
Seat 1: bfb8a000 ($9.78 in chips)
Seat 2: 9b20a489 ($17.03 in chips)
Seat 3: d084f402 ($16.84 in chips)
Seat 6: Hero ($10 in chips)
bfb8a000: posts small blind $0.05
9b20a489: posts big blind $0.1
*** HOLE CARDS ***
Dealt to bfb8a000 
Dealt to 9b20a489 
Dealt to d084f402 
Dealt to Hero [Kd 9s]
d084f402: folds
Hero: raises $0.14 to $0.24
bfb8a000: folds
9b20a489: calls $0.14
*** FLOP *** [8c Jc Kc]
9b20a489: checks
Hero: bets $0.2
9b20a489: calls $0.2
*** TURN *** [8c Jc Kc] [Kh]
9b20a489: checks
Hero: bets $0.62
9b20a489: calls $0.62
*** RIVER *** [8c Jc Kc Kh] [7d]
9b20a489: checks
Hero: bets $1
9b20a489: calls $1
Hero: shows [Kd 9s] (Three Kings)
9b20a489: shows [Ks 2h] (Three Kings)
*** SHOWDOWN ***
Hero collected $3.87 from pot
*** SUMMARY ***
Total pot $4.17 | Rake $0.2 | Jackpot $0.1 | Bingo $0 | Fortune $0 | Tax $0
Board [8c Jc Kc Kh 7d]
Seat 1: bfb8a000 (small blind) folded before Flop
Seat 2: 9b20a489 (big blind) showed [Ks 2h] and lost with Three Kings
Seat 3: d084f402 folded before Flop (didn't bet)
Seat 6: Hero (button) showed [Kd 9s] and won ($3.87) with Three Kings


Poker Hand #HD1819198003: Hold'em No Limit ($0.05/$0.1) - 2024/06/17 11:49:56
Table 'NLHRed1' 6-max Seat #5 is the button
Seat 1: bfb8a000 ($9.73 in chips)
Seat 2: 9b20a489 ($17.03 in chips)
Seat 3: d084f402 ($16.84 in chips)
Seat 5: 17aa75d6 ($10.74 in chips)
Seat 6: Hero ($10 in chips)
Hero: posts small blind $0.05
bfb8a000: posts big blind $0.1
*** HOLE CARDS ***
Dealt to bfb8a000 
Dealt to 9b20a489 
Dealt to d084f402 
Dealt to 17aa75d6 
Dealt to Hero [Td 3d]
9b20a489: folds
d084f402: folds
17aa75d6: folds
Hero: folds
Uncalled bet ($0.05) returned to bfb8a000
*** SHOWDOWN ***
bfb8a000 collected $0.1 from pot
*** SUMMARY ***
Total pot $0.1 | Rake $0 | Jackpot $0 | Bingo $0 | Fortune $0 | Tax $0
Seat 1: bfb8a000 (big blind) collected ($0.1)
Seat 2: 9b20a489 folded before Flop (didn't bet)
Seat 3: d084f402 folded before Flop (didn't bet)
Seat 5: 17aa75d6 (button) folded before Flop (didn't bet)
Seat 6: Hero (small blind) folded before Flop


Poker Hand #HD1819197910: Hold'em No Limit ($0.05/$0.1) - 2024/06/17 11:48:59
Table 'NLHRed1' 6-max Seat #3 is the button
Seat 1: bfb8a000 ($9.73 in chips)
Seat 2: 9b20a489 ($17.03 in chips)
Seat 3: d084f402 ($16.04 in chips)
Seat 5: 17aa75d6 ($10.79 in chips)
Seat 6: Hero ($10.32 in chips)
17aa75d6: posts small blind $0.05
Hero: posts big blind $0.1
*** HOLE CARDS ***
Dealt to bfb8a000 
Dealt to 9b20a489 
Dealt to d084f402 
Dealt to 17aa75d6 
Dealt to Hero [4c 6c]
bfb8a000: folds
9b20a489: folds
d084f402: raises $0.1 to $0.2
17aa75d6: folds
Hero: calls $0.1
*** FLOP *** [5d Jc 3h]
Hero: checks
d084f402: checks
*** TURN *** [5d Jc 3h] [4d]
Hero: bets $0.2
d084f402: raises $0.43 to $0.63
Hero: calls $0.43
*** RIVER *** [5d Jc 3h 4d] [Ah]
Hero: checks
d084f402: bets $1.13
Hero: folds
Uncalled bet ($1.13) returned to d084f402
*** SHOWDOWN ***
d084f402 collected $1.63 from pot
*** SUMMARY ***
Total pot $1.71 | Rake $0.08 | Jackpot $0 | Bingo $0 | Fortune $0 | Tax $0
Board [5d Jc 3h 4d Ah]
Seat 1: bfb8a000 folded before Flop (didn't bet)
Seat 2: 9b20a489 folded before Flop (didn't bet)
Seat 3: d084f402 (button) won ($1.63)
Seat 5: 17aa75d6 (small blind) folded before Flop
Seat 6: Hero (big blind) folded on the River


Poker Hand #HD1819197892: Hold'em No Limit ($0.05/$0.1) - 2024/06/17 11:48:50
Table 'NLHRed1' 6-max Seat #2 is the button
Seat 1: bfb8a000 ($9.73 in chips)
Seat 2: 9b20a489 ($17.03 in chips)
Seat 3: d084f402 ($16.09 in chips)
Seat 5: 17aa75d6 ($10.74 in chips)
Seat 6: Hero ($10.32 in chips)
d084f402: posts small blind $0.05
17aa75d6: posts big blind $0.1
*** HOLE CARDS ***
Dealt to bfb8a000 
Dealt to 9b20a489 
Dealt to d084f402 
Dealt to 17aa75d6 
Dealt to Hero [Th 5c]
Hero: folds
bfb8a000: folds
9b20a489: folds
d084f402: folds
Uncalled bet ($0.05) returned to 17aa75d6
*** SHOWDOWN ***
17aa75d6 collected $0.1 from pot
*** SUMMARY ***
Total pot $0.1 | Rake $0 | Jackpot $0 | Bingo $0 | Fortune $0 | Tax $0
Seat 1: bfb8a000 folded before Flop (didn't bet)
Seat 2: 9b20a489 (button) folded before Flop (didn't bet)
Seat 3: d084f402 (small blind) folded before Flop
Seat 5: 17aa75d6 (big blind) collected ($0.1)
Seat 6: Hero folded before Flop (didn't bet)


Poker Hand #HD1819197839: Hold'em No Limit ($0.05/$0.1) - 2024/06/17 11:48:14
Table 'NLHRed1' 6-max Seat #1 is the button
Seat 1: bfb8a000 ($9.14 in chips)
Seat 2: 9b20a489 ($17.57 in chips)
Seat 3: d084f402 ($16.19 in chips)
Seat 5: 17aa75d6 ($10.74 in chips)
Seat 6: Hero ($10.32 in chips)
9b20a489: posts small blind $0.05
d084f402: posts big blind $0.1
*** HOLE CARDS ***
Dealt to bfb8a000 
Dealt to 9b20a489 
Dealt to d084f402 
Dealt to 17aa75d6 
Dealt to Hero [Kc 3d]
17aa75d6: folds
Hero: folds
bfb8a000: raises $0.2 to $0.3
9b20a489: calls $0.25
d084f402: folds
*** FLOP *** [3c Js 2h]
9b20a489: checks
bfb8a000: bets $0.24
9b20a489: calls $0.24
*** TURN *** [3c Js 2h] [9h]
9b20a489: checks
bfb8a000: bets $0.89
9b20a489: folds
Uncalled bet ($0.89) returned to bfb8a000
*** SHOWDOWN ***
bfb8a000 collected $1.13 from pot
*** SUMMARY ***
Total pot $1.18 | Rake $0.05 | Jackpot $0 | Bingo $0 | Fortune $0 | Tax $0
Board [3c Js 2h 9h]
Seat 1: bfb8a000 (button) won ($1.13)
Seat 2: 9b20a489 (small blind) folded on the Turn
Seat 3: d084f402 (big blind) folded before Flop
Seat 5: 17aa75d6 folded before Flop (didn't bet)
Seat 6: Hero folded before Flop (didn't bet)


Poker Hand #HD1819197776: Hold'em No Limit ($0.05/$0.1) - 2024/06/17 11:47:32
Table 'NLHRed1' 6-max Seat #6 is the button
Seat 1: bfb8a000 ($9.19 in chips)
Seat 2: 9b20a489 ($17.77 in chips)
Seat 3: d084f402 ($16.19 in chips)
Seat 5: 17aa75d6 ($10.51 in chips)
Seat 6: Hero ($10.32 in chips)
bfb8a000: posts small blind $0.05
9b20a489: posts big blind $0.1
*** HOLE CARDS ***
Dealt to bfb8a000 
Dealt to 9b20a489 
Dealt to d084f402 
Dealt to 17aa75d6 
Dealt to Hero [Ks 3c]
d084f402: folds
17aa75d6: raises $0.1 to $0.2
Hero: folds
bfb8a000: folds
9b20a489: calls $0.1
*** FLOP *** [9s 4s Kc]
9b20a489: checks
17aa75d6: bets $0.45
9b20a489: folds
Uncalled bet ($0.45) returned to 17aa75d6
*** SHOWDOWN ***
17aa75d6 collected $0.43 from pot
*** SUMMARY ***
Total pot $0.45 | Rake $0.02 | Jackpot $0 | Bingo $0 | Fortune $0 | Tax $0
Board [9s 4s Kc]
Seat 1: bfb8a000 (small blind) folded before Flop
Seat 2: 9b20a489 (big blind) folded on the Flop
Seat 3: d084f402 folded before Flop (didn't bet)
Seat 5: 17aa75d6 won ($0.43)
Seat 6: Hero (button) folded before Flop (didn't bet)


Poker Hand #HD1819197744: Hold'em No Limit ($0.05/$0.1) - 2024/06/17 11:47:14
Table 'NLHRed1' 6-max Seat #5 is the button
Seat 1: bfb8a000 ($9.29 in chips)
Seat 2: 9b20a489 ($17.77 in chips)
Seat 3: d084f402 ($16.04 in chips)
Seat 5: 17aa75d6 ($10.51 in chips)
Seat 6: Hero ($10.37 in chips)
Hero: posts small blind $0.05
bfb8a000: posts big blind $0.1
*** HOLE CARDS ***
Dealt to bfb8a000 
Dealt to 9b20a489 
Dealt to d084f402 
Dealt to 17aa75d6 
Dealt to Hero [Qh 8h]
9b20a489: folds
d084f402: raises $0.1 to $0.2
17aa75d6: folds
Hero: folds
bfb8a000: folds
Uncalled bet ($0.1) returned to d084f402
*** SHOWDOWN ***
d084f402 collected $0.25 from pot
*** SUMMARY ***
Total pot $0.25 | Rake $0 | Jackpot $0 | Bingo $0 | Fortune $0 | Tax $0
Seat 1: bfb8a000 (big blind) folded before Flop
Seat 2: 9b20a489 folded before Flop (didn't bet)
Seat 3: d084f402 collected ($0.25)
Seat 5: 17aa75d6 (button) folded before Flop (didn't bet)
Seat 6: Hero (small blind) folded before Flop


Poker Hand #HD1819197656: Hold'em No Limit ($0.05/$0.1) - 2024/06/17 11:46:18
Table 'NLHRed1' 6-max Seat #3 is the button
Seat 1: bfb8a000 ($9.29 in chips)
Seat 2: 9b20a489 ($17.77 in chips)
Seat 3: d084f402 ($16.24 in chips)
Seat 5: 17aa75d6 ($10.71 in chips)
Seat 6: Hero ($10 in chips)
17aa75d6: posts small blind $0.05
Hero: posts big blind $0.1
*** HOLE CARDS ***
Dealt to bfb8a000 
Dealt to 9b20a489 
Dealt to d084f402 
Dealt to 17aa75d6 
Dealt to Hero [Ah Kh]
bfb8a000: folds
9b20a489: folds
d084f402: raises $0.1 to $0.2
17aa75d6: calls $0.15
Hero: raises $0.9 to $1.1
d084f402: folds
17aa75d6: folds
Uncalled bet ($0.9) returned to Hero
*** SHOWDOWN ***
Hero collected $0.57 from pot
*** SUMMARY ***
Total pot $0.6 | Rake $0.03 | Jackpot $0 | Bingo $0 | Fortune $0 | Tax $0
Seat 1: bfb8a000 folded before Flop (didn't bet)
Seat 2: 9b20a489 folded before Flop (didn't bet)
Seat 3: d084f402 (button) folded before Flop
Seat 5: 17aa75d6 (small blind) folded before Flop
Seat 6: Hero (big blind) collected ($0.57)


