Poker Hand #HD1773533633: Hold'em No Limit ($0.05/$0.1) - 2024/05/15 12:32:33
Table 'NLHRed40' 6-max Seat #1 is the button
Seat 1: 31686250 ($11.95 in chips)
Seat 2: c67d323d ($10.05 in chips)
Seat 3: Hero ($18.28 in chips)
Seat 4: abe5e784 ($1.35 in chips)
Seat 6: 5e118d85 ($10.98 in chips)
c67d323d: posts small blind $0.05
Hero: posts big blind $0.1
*** HOLE CARDS ***
Dealt to 31686250 
Dealt to c67d323d 
Dealt to Hero [5d 4d]
Dealt to abe5e784 
Dealt to 5e118d85 
abe5e784: folds
5e118d85: folds
31686250: folds
c67d323d: folds
Uncalled bet ($0.05) returned to Hero
*** SHOWDOWN ***
Hero collected $0.1 from pot
*** SUMMARY ***
Total pot $0.1 | Rake $0 | Jackpot $0 | Bingo $0 | Fortune $0 | Tax $0
Seat 1: 31686250 (button) folded before Flop (didn't bet)
Seat 2: c67d323d (small blind) folded before Flop
Seat 3: Hero (big blind) collected ($0.1)
Seat 4: abe5e784 folded before Flop (didn't bet)
Seat 6: 5e118d85 folded before Flop (didn't bet)


Poker Hand #HD1773533609: Hold'em No Limit ($0.05/$0.1) - 2024/05/15 12:32:24
Table 'NLHRed40' 6-max Seat #6 is the button
Seat 1: 31686250 ($12 in chips)
Seat 2: c67d323d ($10 in chips)
Seat 3: Hero ($18.28 in chips)
Seat 4: abe5e784 ($1.35 in chips)
Seat 6: 5e118d85 ($10.98 in chips)
31686250: posts small blind $0.05
c67d323d: posts big blind $0.1
*** HOLE CARDS ***
Dealt to 31686250 
Dealt to c67d323d 
Dealt to Hero [Tc 5h]
Dealt to abe5e784 
Dealt to 5e118d85 
Hero: folds
abe5e784: folds
5e118d85: folds
31686250: folds
Uncalled bet ($0.05) returned to c67d323d
*** SHOWDOWN ***
c67d323d collected $0.1 from pot
*** SUMMARY ***
Total pot $0.1 | Rake $0 | Jackpot $0 | Bingo $0 | Fortune $0 | Tax $0
Seat 1: 31686250 (small blind) folded before Flop
Seat 2: c67d323d (big blind) collected ($0.1)
Seat 3: Hero folded before Flop (didn't bet)
Seat 4: abe5e784 folded before Flop (didn't bet)
Seat 6: 5e118d85 (button) folded before Flop (didn't bet)


Poker Hand #HD1773533543: Hold'em No Limit ($0.05/$0.1) - 2024/05/15 12:31:49
Table 'NLHRed40' 6-max Seat #4 is the button
Seat 1: 31686250 ($12.79 in chips)
Seat 2: c67d323d ($10 in chips)
Seat 3: Hero ($18.28 in chips)
Seat 4: abe5e784 ($1.35 in chips)
Seat 6: 5e118d85 ($10.26 in chips)
5e118d85: posts small blind $0.05
31686250: posts big blind $0.1
*** HOLE CARDS ***
Dealt to 31686250 
Dealt to c67d323d 
Dealt to Hero [6s 4d]
Dealt to abe5e784 
Dealt to 5e118d85 
c67d323d: folds
Hero: folds
abe5e784: folds
5e118d85: raises $0.18 to $0.28
31686250: calls $0.18
*** FLOP *** [6h 4c Js]
5e118d85: checks
31686250: bets $0.19
5e118d85: calls $0.19
*** TURN *** [6h 4c Js] [Ah]
5e118d85: checks
31686250: bets $0.32
5e118d85: calls $0.32
*** RIVER *** [6h 4c Js Ah] [Td]
5e118d85: checks
31686250: checks
5e118d85: shows [Ad 9d] (Pair of Aces)
31686250: shows [Jh 7c] (Pair of Jacks)
*** SHOWDOWN ***
5e118d85 collected $1.51 from pot
*** SUMMARY ***
Total pot $1.58 | Rake $0.07 | Jackpot $0 | Bingo $0 | Fortune $0 | Tax $0
Board [6h 4c Js Ah Td]
Seat 1: 31686250 (big blind) showed [Jh 7c] and lost with Pair of Jacks
Seat 2: c67d323d folded before Flop (didn't bet)
Seat 3: Hero folded before Flop (didn't bet)
Seat 4: abe5e784 (button) folded before Flop (didn't bet)
Seat 6: 5e118d85 (small blind) showed [Ad 9d] and won ($1.51) with Pair of Aces


Poker Hand #HD1773533414: Hold'em No Limit ($0.05/$0.1) - 2024/05/15 12:30:46
Table 'NLHRed40' 6-max Seat #3 is the button
Seat 1: 31686250 ($11.11 in chips)
Seat 2: c67d323d ($10.04 in chips)
Seat 3: Hero ($18.28 in chips)
Seat 4: abe5e784 ($1.4 in chips)
Seat 5: c1f857eb ($1.6 in chips)
Seat 6: 5e118d85 ($10.26 in chips)
abe5e784: posts small blind $0.05
c1f857eb: posts big blind $0.1
*** HOLE CARDS ***
Dealt to 31686250 
Dealt to c67d323d 
Dealt to Hero [Kd 4s]
Dealt to abe5e784 
Dealt to c1f857eb 
Dealt to 5e118d85 
5e118d85: folds
31686250: calls $0.1
c67d323d: raises $0.2 to $0.3
Hero: folds
abe5e784: folds
c1f857eb: raises $0.57 to $0.87
31686250: calls $0.77
c67d323d: folds
*** FLOP *** [8s 3h Ts]
c1f857eb: checks
31686250: bets $0.69
c1f857eb: raises $0.04 to $0.73 and is all-in
31686250: calls $0.04
c1f857eb: shows [Kh Qd] (King-High)
31686250: shows [8d 8h] (Three Eights)
*** TURN *** [8s 3h Ts] [Ah]
*** RIVER *** [8s 3h Ts Ah] [9h]
*** SHOWDOWN ***
31686250 collected $3.28 from pot
*** SUMMARY ***
Total pot $3.55 | Rake $0.17 | Jackpot $0.1 | Bingo $0 | Fortune $0 | Tax $0
Board [8s 3h Ts Ah 9h]
Seat 1: 31686250 showed [8d 8h] and won ($3.28) with Three Eights
Seat 2: c67d323d folded before Flop
Seat 3: Hero (button) folded before Flop (didn't bet)
Seat 4: abe5e784 (small blind) folded before Flop
Seat 5: c1f857eb (big blind) showed [Kh Qd] and lost with Ace-High
Seat 6: 5e118d85 folded before Flop (didn't bet)


Poker Hand #HD1773533335: Hold'em No Limit ($0.05/$0.1) - 2024/05/15 12:30:07
Table 'NLHRed40' 6-max Seat #2 is the button
Seat 1: 31686250 ($11.11 in chips)
Seat 2: c67d323d ($10.29 in chips)
Seat 3: Hero ($17.96 in chips)
Seat 4: abe5e784 ($1.5 in chips)
Seat 6: 5e118d85 ($10.26 in chips)
Hero: posts small blind $0.05
abe5e784: posts big blind $0.1
*** HOLE CARDS ***
Dealt to 31686250 
Dealt to c67d323d 
Dealt to Hero [7s 7h]
Dealt to abe5e784 
Dealt to 5e118d85 
5e118d85: folds
31686250: folds
c67d323d: raises $0.15 to $0.25
Hero: raises $0.75 to $1
abe5e784: folds
c67d323d: folds
Uncalled bet ($0.75) returned to Hero
*** SHOWDOWN ***
Hero collected $0.57 from pot
*** SUMMARY ***
Total pot $0.6 | Rake $0.03 | Jackpot $0 | Bingo $0 | Fortune $0 | Tax $0
Seat 1: 31686250 folded before Flop (didn't bet)
Seat 2: c67d323d (button) folded before Flop
Seat 3: Hero (small blind) collected ($0.57)
Seat 4: abe5e784 (big blind) folded before Flop
Seat 6: 5e118d85 folded before Flop (didn't bet)


Poker Hand #HD1773533318: Hold'em No Limit ($0.05/$0.1) - 2024/05/15 12:29:57
Table 'NLHRed40' 6-max Seat #1 is the button
Seat 1: 31686250 ($11.11 in chips)
Seat 2: c67d323d ($10.19 in chips)
Seat 3: Hero ($18.06 in chips)
Seat 4: abe5e784 ($1.5 in chips)
Seat 6: 5e118d85 ($10.26 in chips)
c67d323d: posts small blind $0.05
Hero: posts big blind $0.1
*** HOLE CARDS ***
Dealt to 31686250 
Dealt to c67d323d 
Dealt to Hero [Ac 3h]
Dealt to abe5e784 
Dealt to 5e118d85 
abe5e784: folds
5e118d85: folds
31686250: folds
c67d323d: raises $0.2 to $0.3
Hero: folds
Uncalled bet ($0.2) returned to c67d323d
*** SHOWDOWN ***
c67d323d collected $0.2 from pot
*** SUMMARY ***
Total pot $0.2 | Rake $0 | Jackpot $0 | Bingo $0 | Fortune $0 | Tax $0
Seat 1: 31686250 (button) folded before Flop (didn't bet)
Seat 2: c67d323d (small blind) collected ($0.2)
Seat 3: Hero (big blind) folded before Flop
Seat 4: abe5e784 folded before Flop (didn't bet)
Seat 6: 5e118d85 folded before Flop (didn't bet)


Poker Hand #HD1773533302: Hold'em No Limit ($0.05/$0.1) - 2024/05/15 12:29:47
Table 'NLHRed40' 6-max Seat #6 is the button
Seat 1: 31686250 ($11.16 in chips)
Seat 2: c67d323d ($10.29 in chips)
Seat 3: Hero ($17.91 in chips)
Seat 4: abe5e784 ($1.5 in chips)
Seat 6: 5e118d85 ($10.26 in chips)
31686250: posts small blind $0.05
c67d323d: posts big blind $0.1
*** HOLE CARDS ***
Dealt to 31686250 
Dealt to c67d323d 
Dealt to Hero [Ad 9d]
Dealt to abe5e784 
Dealt to 5e118d85 
Hero: raises $0.1 to $0.2
abe5e784: folds
5e118d85: folds
31686250: folds
c67d323d: folds
Uncalled bet ($0.1) returned to Hero
*** SHOWDOWN ***
Hero collected $0.25 from pot
*** SUMMARY ***
Total pot $0.25 | Rake $0 | Jackpot $0 | Bingo $0 | Fortune $0 | Tax $0
Seat 1: 31686250 (small blind) folded before Flop
Seat 2: c67d323d (big blind) folded before Flop
Seat 3: Hero collected ($0.25)
Seat 4: abe5e784 folded before Flop (didn't bet)
Seat 6: 5e118d85 (button) folded before Flop (didn't bet)


Poker Hand #HD1773533220: Hold'em No Limit ($0.05/$0.1) - 2024/05/15 12:29:13
Table 'NLHRed40' 6-max Seat #4 is the button
Seat 1: 31686250 ($11.44 in chips)
Seat 2: c67d323d ($10.29 in chips)
Seat 3: Hero ($17.91 in chips)
Seat 4: abe5e784 ($1.5 in chips)
Seat 6: 5e118d85 ($10 in chips)
5e118d85: posts small blind $0.05
31686250: posts big blind $0.1
*** HOLE CARDS ***
Dealt to 31686250 
Dealt to c67d323d 
Dealt to Hero [Tc 4c]
Dealt to abe5e784 
Dealt to 5e118d85 
c67d323d: folds
Hero: folds
abe5e784: folds
5e118d85: raises $0.18 to $0.28
31686250: calls $0.18
*** FLOP *** [7c Qh 3s]
5e118d85: checks
31686250: checks
*** TURN *** [7c Qh 3s] [3c]
5e118d85: checks
31686250: checks
*** RIVER *** [7c Qh 3s 3c] [6s]
5e118d85: checks
31686250: checks
5e118d85: shows [5h As] (Pair of Treys)
31686250: shows [5d Jh] (Pair of Treys)
*** SHOWDOWN ***
5e118d85 collected $0.54 from pot
*** SUMMARY ***
Total pot $0.56 | Rake $0.02 | Jackpot $0 | Bingo $0 | Fortune $0 | Tax $0
Board [7c Qh 3s 3c 6s]
Seat 1: 31686250 (big blind) showed [5d Jh] and lost with Pair of Treys
Seat 2: c67d323d folded before Flop (didn't bet)
Seat 3: Hero folded before Flop (didn't bet)
Seat 4: abe5e784 (button) folded before Flop (didn't bet)
Seat 6: 5e118d85 (small blind) showed [5h As] and won ($0.54) with Pair of Treys


Poker Hand #HD1773533139: Hold'em No Limit ($0.05/$0.1) - 2024/05/15 12:28:36
Table 'NLHRed40' 6-max Seat #3 is the button
Seat 1: 31686250 ($11.44 in chips)
Seat 2: c67d323d ($10.14 in chips)
Seat 3: Hero ($17.91 in chips)
Seat 4: abe5e784 ($1.55 in chips)
Seat 5: c1f857eb ($1.7 in chips)
Seat 6: 5e118d85 ($10 in chips)
abe5e784: posts small blind $0.05
c1f857eb: posts big blind $0.1
*** HOLE CARDS ***
Dealt to 31686250 
Dealt to c67d323d 
Dealt to Hero [3c 8h]
Dealt to abe5e784 
Dealt to c1f857eb 
Dealt to 5e118d85 
5e118d85: folds
31686250: folds
c67d323d: raises $0.12 to $0.22
Hero: folds
abe5e784: folds
c1f857eb: folds
Uncalled bet ($0.12) returned to c67d323d
*** SHOWDOWN ***
c67d323d collected $0.25 from pot
*** SUMMARY ***
Total pot $0.25 | Rake $0 | Jackpot $0 | Bingo $0 | Fortune $0 | Tax $0
Seat 1: 31686250 folded before Flop (didn't bet)
Seat 2: c67d323d collected ($0.25)
Seat 3: Hero (button) folded before Flop (didn't bet)
Seat 4: abe5e784 (small blind) folded before Flop
Seat 5: c1f857eb (big blind) folded before Flop
Seat 6: 5e118d85 folded before Flop (didn't bet)


Poker Hand #HD1773533015: Hold'em No Limit ($0.05/$0.1) - 2024/05/15 12:27:38
Table 'NLHRed40' 6-max Seat #2 is the button
Seat 1: 31686250 ($8.37 in chips)
Seat 2: c67d323d ($10.14 in chips)
Seat 3: Hero ($17.96 in chips)
Seat 4: abe5e784 ($1.8 in chips)
Seat 5: c1f857eb ($4.9 in chips)
Seat 6: 5e118d85 ($10 in chips)
Hero: posts small blind $0.05
abe5e784: posts big blind $0.1
*** HOLE CARDS ***
Dealt to 31686250 
Dealt to c67d323d 
Dealt to Hero [9h 4d]
Dealt to abe5e784 
Dealt to c1f857eb 
Dealt to 5e118d85 
c1f857eb: raises $0.15 to $0.25
5e118d85: folds
31686250: calls $0.25
c67d323d: folds
Hero: folds
abe5e784: calls $0.15
*** FLOP *** [Th Jh 3s]
abe5e784: checks
c1f857eb: bets $0.27
31686250: calls $0.27
abe5e784: folds
*** TURN *** [Th Jh 3s] [Ac]
c1f857eb: bets $0.67
31686250: calls $0.67
*** RIVER *** [Th Jh 3s Ac] [8c]
c1f857eb: checks
31686250: bets $2.01
c1f857eb: calls $2.01
31686250: shows [Qd Ks] (Aces-High Straight)
c1f857eb: shows [Ts Td] (Three Tens)
*** SHOWDOWN ***
31686250 collected $6.27 from pot
*** SUMMARY ***
Total pot $6.7 | Rake $0.33 | Jackpot $0.1 | Bingo $0 | Fortune $0 | Tax $0
Board [Th Jh 3s Ac 8c]
Seat 1: 31686250 showed [Qd Ks] and won ($6.27) with Aces-High Straight
Seat 2: c67d323d (button) folded before Flop (didn't bet)
Seat 3: Hero (small blind) folded before Flop
Seat 4: abe5e784 (big blind) folded on the Flop
Seat 5: c1f857eb showed [Ts Td] and lost with Three Tens
Seat 6: 5e118d85 folded before Flop (didn't bet)


Poker Hand #HD1773532894: Hold'em No Limit ($0.05/$0.1) - 2024/05/15 12:26:38
Table 'NLHRed40' 6-max Seat #1 is the button
Seat 1: 31686250 ($8.37 in chips)
Seat 2: c67d323d ($10.19 in chips)
Seat 3: Hero ($16.64 in chips)
Seat 4: abe5e784 ($1.8 in chips)
Seat 5: c1f857eb ($4.9 in chips)
Seat 6: 5e118d85 ($11.3 in chips)
c67d323d: posts small blind $0.05
Hero: posts big blind $0.1
*** HOLE CARDS ***
Dealt to 31686250 
Dealt to c67d323d 
Dealt to Hero [9c 9d]
Dealt to abe5e784 
Dealt to c1f857eb 
Dealt to 5e118d85 
abe5e784: folds
c1f857eb: folds
5e118d85: raises $0.12 to $0.22
31686250: folds
c67d323d: folds
Hero: raises $0.68 to $0.9
5e118d85: calls $0.68
*** FLOP *** [8s Jd 3d]
Hero: checks
5e118d85: checks
*** TURN *** [8s Jd 3d] [8h]
Hero: bets $0.62
5e118d85: calls $0.62
*** RIVER *** [8s Jd 3d 8h] [2s]
Hero: checks
5e118d85: checks
Hero: shows [9c 9d] (Pair of Nines and Pair of Eights)
5e118d85: shows [7c 7s] (Pair of Eights and Pair of Sevens)
*** SHOWDOWN ***
Hero collected $2.84 from pot
*** SUMMARY ***
Total pot $3.09 | Rake $0.15 | Jackpot $0.1 | Bingo $0 | Fortune $0 | Tax $0
Board [8s Jd 3d 8h 2s]
Seat 1: 31686250 (button) folded before Flop (didn't bet)
Seat 2: c67d323d (small blind) folded before Flop
Seat 3: Hero (big blind) showed [9c 9d] and won ($2.84) with Pair of Nines and Pair of Eights
Seat 4: abe5e784 folded before Flop (didn't bet)
Seat 5: c1f857eb folded before Flop (didn't bet)
Seat 6: 5e118d85 showed [7c 7s] and lost with Pair of Eights and Pair of Sevens


Poker Hand #HD1773532802: Hold'em No Limit ($0.05/$0.1) - 2024/05/15 12:25:54
Table 'NLHRed40' 6-max Seat #6 is the button
Seat 1: 31686250 ($8.47 in chips)
Seat 2: c67d323d ($10 in chips)
Seat 3: Hero ($16.64 in chips)
Seat 4: abe5e784 ($1.8 in chips)
Seat 5: c1f857eb ($5 in chips)
Seat 6: 5e118d85 ($11.3 in chips)
31686250: posts small blind $0.05
c67d323d: posts big blind $0.1
c1f857eb: posts big blind $0.1
*** HOLE CARDS ***
Dealt to 31686250 
Dealt to c67d323d 
Dealt to Hero [3d 3h]
Dealt to abe5e784 
Dealt to c1f857eb 
Dealt to 5e118d85 
Hero: folds
abe5e784: folds
c1f857eb: checks
5e118d85: folds
31686250: calls $0.05
c67d323d: checks
*** FLOP *** [8s 8h Qd]
31686250: checks
c67d323d: checks
c1f857eb: checks
*** TURN *** [8s 8h Qd] [5c]
31686250: checks
c67d323d: bets $0.25
c1f857eb: folds
31686250: folds
Uncalled bet ($0.25) returned to c67d323d
*** SHOWDOWN ***
c67d323d collected $0.29 from pot
*** SUMMARY ***
Total pot $0.3 | Rake $0.01 | Jackpot $0 | Bingo $0 | Fortune $0 | Tax $0
Board [8s 8h Qd 5c]
Seat 1: 31686250 (small blind) folded on the Turn
Seat 2: c67d323d (big blind) won ($0.29)
Seat 3: Hero folded before Flop (didn't bet)
Seat 4: abe5e784 folded before Flop (didn't bet)
Seat 5: c1f857eb folded on the Turn
Seat 6: 5e118d85 (button) folded before Flop (didn't bet)


Poker Hand #HD1773532704: Hold'em No Limit ($0.05/$0.1) - 2024/05/15 12:25:11
Table 'NLHRed40' 6-max Seat #4 is the button
Seat 1: 31686250 ($9.33 in chips)
Seat 2: c67d323d ($10 in chips)
Seat 3: Hero ($16.64 in chips)
Seat 4: abe5e784 ($1.8 in chips)
Seat 6: 5e118d85 ($10.52 in chips)
5e118d85: posts small blind $0.05
31686250: posts big blind $0.1
*** HOLE CARDS ***
Dealt to 31686250 
Dealt to c67d323d 
Dealt to Hero [6d Kc]
Dealt to abe5e784 
Dealt to 5e118d85 
c67d323d: folds
Hero: folds
abe5e784: folds
5e118d85: raises $0.18 to $0.28
31686250: calls $0.18
*** FLOP *** [Tc 5s 2s]
5e118d85: checks
31686250: checks
*** TURN *** [Tc 5s 2s] [4h]
5e118d85: bets $0.29
31686250: calls $0.29
*** RIVER *** [Tc 5s 2s 4h] [7d]
5e118d85: bets $0.29
31686250: calls $0.29
5e118d85: shows [Ks 7s] (Pair of Sevens)
31686250: shows [3c Kd] (King-High)
*** SHOWDOWN ***
5e118d85 collected $1.64 from pot
*** SUMMARY ***
Total pot $1.72 | Rake $0.08 | Jackpot $0 | Bingo $0 | Fortune $0 | Tax $0
Board [Tc 5s 2s 4h 7d]
Seat 1: 31686250 (big blind) showed [3c Kd] and lost with King-High
Seat 2: c67d323d folded before Flop (didn't bet)
Seat 3: Hero folded before Flop (didn't bet)
Seat 4: abe5e784 (button) folded before Flop (didn't bet)
Seat 6: 5e118d85 (small blind) showed [Ks 7s] and won ($1.64) with Pair of Sevens


Poker Hand #HD1773532662: Hold'em No Limit ($0.05/$0.1) - 2024/05/15 12:24:56
Table 'NLHRed40' 6-max Seat #3 is the button
Seat 1: 31686250 ($9.33 in chips)
Seat 2: c67d323d ($10 in chips)
Seat 3: Hero ($16.49 in chips)
Seat 4: abe5e784 ($1.85 in chips)
Seat 6: 5e118d85 ($10.62 in chips)
abe5e784: posts small blind $0.05
5e118d85: posts big blind $0.1
*** HOLE CARDS ***
Dealt to 31686250 
Dealt to c67d323d 
Dealt to Hero [Jd Ad]
Dealt to abe5e784 
Dealt to 5e118d85 
31686250: folds
c67d323d: folds
Hero: raises $0.14 to $0.24
abe5e784: folds
5e118d85: folds
Uncalled bet ($0.14) returned to Hero
*** SHOWDOWN ***
Hero collected $0.25 from pot
*** SUMMARY ***
Total pot $0.25 | Rake $0 | Jackpot $0 | Bingo $0 | Fortune $0 | Tax $0
Seat 1: 31686250 folded before Flop (didn't bet)
Seat 2: c67d323d folded before Flop (didn't bet)
Seat 3: Hero (button) collected ($0.25)
Seat 4: abe5e784 (small blind) folded before Flop
Seat 6: 5e118d85 (big blind) folded before Flop


Poker Hand #HD1773532629: Hold'em No Limit ($0.05/$0.1) - 2024/05/15 12:24:40
Table 'NLHRed40' 6-max Seat #2 is the button
Seat 1: 31686250 ($9.33 in chips)
Seat 2: c67d323d ($10 in chips)
Seat 3: Hero ($16.39 in chips)
Seat 4: abe5e784 ($1.95 in chips)
Seat 6: 5e118d85 ($10.62 in chips)
Hero: posts small blind $0.05
abe5e784: posts big blind $0.1
*** HOLE CARDS ***
Dealt to 31686250 
Dealt to c67d323d 
Dealt to Hero [9d Ac]
Dealt to abe5e784 
Dealt to 5e118d85 
5e118d85: folds
31686250: folds
c67d323d: folds
Hero: raises $0.2 to $0.3
abe5e784: folds
Uncalled bet ($0.2) returned to Hero
*** SHOWDOWN ***
Hero collected $0.2 from pot
*** SUMMARY ***
Total pot $0.2 | Rake $0 | Jackpot $0 | Bingo $0 | Fortune $0 | Tax $0
Seat 1: 31686250 folded before Flop (didn't bet)
Seat 2: c67d323d (button) folded before Flop (didn't bet)
Seat 3: Hero (small blind) collected ($0.2)
Seat 4: abe5e784 (big blind) folded before Flop
Seat 6: 5e118d85 folded before Flop (didn't bet)


Poker Hand #HD1773532602: Hold'em No Limit ($0.05/$0.1) - 2024/05/15 12:24:26
Table 'NLHRed40' 6-max Seat #1 is the button
Seat 1: 31686250 ($9.33 in chips)
Seat 2: c67d323d ($10 in chips)
Seat 3: Hero ($16.49 in chips)
Seat 4: abe5e784 ($1.95 in chips)
Seat 5: 4a5719c ($10 in chips)
Seat 6: 5e118d85 ($10.47 in chips)
c67d323d: posts small blind $0.05
Hero: posts big blind $0.1
*** HOLE CARDS ***
Dealt to 31686250 
Dealt to c67d323d 
Dealt to Hero [8d Jc]
Dealt to abe5e784 
Dealt to 4a5719c 
Dealt to 5e118d85 
abe5e784: folds
4a5719c: folds
5e118d85: raises $0.12 to $0.22
31686250: folds
c67d323d: folds
Hero: folds
Uncalled bet ($0.12) returned to 5e118d85
*** SHOWDOWN ***
5e118d85 collected $0.25 from pot
*** SUMMARY ***
Total pot $0.25 | Rake $0 | Jackpot $0 | Bingo $0 | Fortune $0 | Tax $0
Seat 1: 31686250 (button) folded before Flop (didn't bet)
Seat 2: c67d323d (small blind) folded before Flop
Seat 3: Hero (big blind) folded before Flop
Seat 4: abe5e784 folded before Flop (didn't bet)
Seat 5: 4a5719c folded before Flop (didn't bet)
Seat 6: 5e118d85 collected ($0.25)


Poker Hand #HD1773532552: Hold'em No Limit ($0.05/$0.1) - 2024/05/15 12:24:06
Table 'NLHRed40' 6-max Seat #6 is the button
Seat 1: 31686250 ($9.38 in chips)
Seat 2: c67d323d ($10 in chips)
Seat 3: Hero ($16.49 in chips)
Seat 4: abe5e784 ($1.95 in chips)
Seat 5: 4a5719c ($10 in chips)
Seat 6: 5e118d85 ($10.1 in chips)
31686250: posts small blind $0.05
c67d323d: posts big blind $0.1
*** HOLE CARDS ***
Dealt to 31686250 
Dealt to c67d323d 
Dealt to Hero [Jd 3c]
Dealt to abe5e784 
Dealt to 4a5719c 
Dealt to 5e118d85 
Hero: folds
abe5e784: folds
4a5719c: raises $0.15 to $0.25
5e118d85: raises $0.49 to $0.74
31686250: folds
c67d323d: folds
4a5719c: folds
Uncalled bet ($0.49) returned to 5e118d85
*** SHOWDOWN ***
5e118d85 collected $0.62 from pot
*** SUMMARY ***
Total pot $0.65 | Rake $0.03 | Jackpot $0 | Bingo $0 | Fortune $0 | Tax $0
Seat 1: 31686250 (small blind) folded before Flop
Seat 2: c67d323d (big blind) folded before Flop
Seat 3: Hero folded before Flop (didn't bet)
Seat 4: abe5e784 folded before Flop (didn't bet)
Seat 5: 4a5719c folded before Flop
Seat 6: 5e118d85 (button) collected ($0.62)


Poker Hand #HD1773532521: Hold'em No Limit ($0.05/$0.1) - 2024/05/15 12:23:55
Table 'NLHRed40' 6-max Seat #5 is the button
Seat 1: 31686250 ($9.48 in chips)
Seat 2: c67d323d ($10 in chips)
Seat 3: Hero ($16.49 in chips)
Seat 4: abe5e784 ($1.95 in chips)
Seat 5: 4a5719c ($10 in chips)
Seat 6: 5e118d85 ($10 in chips)
5e118d85: posts small blind $0.05
31686250: posts big blind $0.1
*** HOLE CARDS ***
Dealt to 31686250 
Dealt to c67d323d 
Dealt to Hero [Td 5h]
Dealt to abe5e784 
Dealt to 4a5719c 
Dealt to 5e118d85 
c67d323d: folds
Hero: folds
abe5e784: folds
4a5719c: folds
5e118d85: raises $0.18 to $0.28
31686250: folds
Uncalled bet ($0.18) returned to 5e118d85
*** SHOWDOWN ***
5e118d85 collected $0.2 from pot
*** SUMMARY ***
Total pot $0.2 | Rake $0 | Jackpot $0 | Bingo $0 | Fortune $0 | Tax $0
Seat 1: 31686250 (big blind) folded before Flop
Seat 2: c67d323d folded before Flop (didn't bet)
Seat 3: Hero folded before Flop (didn't bet)
Seat 4: abe5e784 folded before Flop (didn't bet)
Seat 5: 4a5719c (button) folded before Flop (didn't bet)
Seat 6: 5e118d85 (small blind) collected ($0.2)


Poker Hand #HD1773532406: Hold'em No Limit ($0.05/$0.1) - 2024/05/15 12:23:04
Table 'NLHRed40' 6-max Seat #4 is the button
Seat 1: 31686250 ($9.22 in chips)
Seat 2: c67d323d ($10 in chips)
Seat 3: Hero ($16.49 in chips)
Seat 4: abe5e784 ($1.95 in chips)
Seat 5: 4a5719c ($10 in chips)
Seat 6: 5e118d85 ($10 in chips)
4a5719c: posts small blind $0.05
5e118d85: posts big blind $0.1
*** HOLE CARDS ***
Dealt to 31686250 
Dealt to c67d323d 
Dealt to Hero [6h 6s]
Dealt to abe5e784 
Dealt to 4a5719c 
Dealt to 5e118d85 
31686250: calls $0.1
c67d323d: folds
Hero: folds
abe5e784: folds
4a5719c: folds
5e118d85: checks
*** FLOP *** [5c Jh Kd]
5e118d85: checks
31686250: checks
*** TURN *** [5c Jh Kd] [As]
5e118d85: checks
31686250: bets $0.13
5e118d85: calls $0.13
*** RIVER *** [5c Jh Kd As] [Kc]
5e118d85: checks
31686250: bets $0.39
5e118d85: folds
Uncalled bet ($0.39) returned to 31686250
*** SHOWDOWN ***
31686250 collected $0.49 from pot
*** SUMMARY ***
Total pot $0.51 | Rake $0.02 | Jackpot $0 | Bingo $0 | Fortune $0 | Tax $0
Board [5c Jh Kd As Kc]
Seat 1: 31686250 won ($0.49)
Seat 2: c67d323d folded before Flop (didn't bet)
Seat 3: Hero folded before Flop (didn't bet)
Seat 4: abe5e784 (button) folded before Flop (didn't bet)
Seat 5: 4a5719c (small blind) folded before Flop
Seat 6: 5e118d85 (big blind) folded on the River


Poker Hand #HD1773532270: Hold'em No Limit ($0.05/$0.1) - 2024/05/15 12:22:01
Table 'NLHRed40' 6-max Seat #3 is the button
Seat 1: 31686250 ($8.76 in chips)
Seat 2: c67d323d ($10 in chips)
Seat 3: Hero ($16.49 in chips)
Seat 4: abe5e784 ($2 in chips)
Seat 5: 4a5719c ($10 in chips)
Seat 6: 5e118d85 ($10.21 in chips)
abe5e784: posts small blind $0.05
4a5719c: posts big blind $0.1
*** HOLE CARDS ***
Dealt to 31686250 
Dealt to c67d323d 
Dealt to Hero [Ks 2h]
Dealt to abe5e784 
Dealt to 4a5719c 
Dealt to 5e118d85 
5e118d85: raises $0.12 to $0.22
31686250: calls $0.22
c67d323d: folds
Hero: folds
abe5e784: folds
4a5719c: calls $0.12
*** FLOP *** [2c 8s Qd]
4a5719c: checks
5e118d85: checks
31686250: checks
*** TURN *** [2c 8s Qd] [Kh]
4a5719c: checks
5e118d85: checks
31686250: checks
*** RIVER *** [2c 8s Qd Kh] [2d]
4a5719c: checks
5e118d85: checks
31686250: bets $0.54
4a5719c: folds
5e118d85: folds
Uncalled bet ($0.54) returned to 31686250
*** SHOWDOWN ***
31686250 collected $0.68 from pot
*** SUMMARY ***
Total pot $0.71 | Rake $0.03 | Jackpot $0 | Bingo $0 | Fortune $0 | Tax $0
Board [2c 8s Qd Kh 2d]
Seat 1: 31686250 won ($0.68)
Seat 2: c67d323d folded before Flop (didn't bet)
Seat 3: Hero (button) folded before Flop (didn't bet)
Seat 4: abe5e784 (small blind) folded before Flop
Seat 5: 4a5719c (big blind) folded on the River
Seat 6: 5e118d85 folded on the River


Poker Hand #HD1773532134: Hold'em No Limit ($0.05/$0.1) - 2024/05/15 12:21:05
Table 'NLHRed40' 6-max Seat #2 is the button
Seat 1: 31686250 ($7.01 in chips)
Seat 2: c67d323d ($10 in chips)
Seat 3: Hero ($16.54 in chips)
Seat 4: abe5e784 ($1.77 in chips)
Seat 5: 4a5719c ($10.07 in chips)
Seat 6: 5e118d85 ($10.21 in chips)
Hero: posts small blind $0.05
abe5e784: posts big blind $0.1
*** HOLE CARDS ***
Dealt to 31686250 
Dealt to c67d323d 
Dealt to Hero [5c 2c]
Dealt to abe5e784 
Dealt to 4a5719c 
Dealt to 5e118d85 
4a5719c: raises $0.12 to $0.22
5e118d85: folds
31686250: calls $0.22
c67d323d: folds
Hero: folds
abe5e784: calls $0.12
*** FLOP *** [9h 4h 2s]
abe5e784: checks
4a5719c: checks
31686250: checks
*** TURN *** [9h 4h 2s] [Kd]
abe5e784: checks
4a5719c: bets $0.4
31686250: calls $0.4
abe5e784: folds
*** RIVER *** [9h 4h 2s Kd] [9d]
4a5719c: checks
31686250: bets $1.14
4a5719c: calls $1.14
31686250: shows [Kc Ah] (Pair of Kings and Pair of Nines)
4a5719c: shows [Jh Kh] (Pair of Kings and Pair of Nines)
*** SHOWDOWN ***
31686250 collected $3.51 from pot
*** SUMMARY ***
Total pot $3.79 | Rake $0.18 | Jackpot $0.1 | Bingo $0 | Fortune $0 | Tax $0
Board [9h 4h 2s Kd 9d]
Seat 1: 31686250 showed [Kc Ah] and won ($3.51) with Pair of Kings and Pair of Nines
Seat 2: c67d323d (button) folded before Flop (didn't bet)
Seat 3: Hero (small blind) folded before Flop
Seat 4: abe5e784 (big blind) folded on the Turn
Seat 5: 4a5719c showed [Jh Kh] and lost with Pair of Kings and Pair of Nines
Seat 6: 5e118d85 folded before Flop (didn't bet)


Poker Hand #HD1773532098: Hold'em No Limit ($0.05/$0.1) - 2024/05/15 12:20:52
Table 'NLHRed40' 6-max Seat #1 is the button
Seat 1: 31686250 ($7.01 in chips)
Seat 2: c67d323d ($10 in chips)
Seat 3: Hero ($16.49 in chips)
Seat 4: abe5e784 ($1.77 in chips)
Seat 5: 4a5719c ($10.07 in chips)
Seat 6: 5e118d85 ($10.21 in chips)
c67d323d: posts small blind $0.05
Hero: posts big blind $0.1
*** HOLE CARDS ***
Dealt to 31686250 
Dealt to c67d323d 
Dealt to Hero [Jd 4h]
Dealt to abe5e784 
Dealt to 4a5719c 
Dealt to 5e118d85 
abe5e784: folds
4a5719c: folds
5e118d85: folds
31686250: folds
c67d323d: folds
Uncalled bet ($0.05) returned to Hero
*** SHOWDOWN ***
Hero collected $0.1 from pot
*** SUMMARY ***
Total pot $0.1 | Rake $0 | Jackpot $0 | Bingo $0 | Fortune $0 | Tax $0
Seat 1: 31686250 (button) folded before Flop (didn't bet)
Seat 2: c67d323d (small blind) folded before Flop
Seat 3: Hero (big blind) collected ($0.1)
Seat 4: abe5e784 folded before Flop (didn't bet)
Seat 5: 4a5719c folded before Flop (didn't bet)
Seat 6: 5e118d85 folded before Flop (didn't bet)


Poker Hand #HD1773531986: Hold'em No Limit ($0.05/$0.1) - 2024/05/15 12:20:03
Table 'NLHRed40' 6-max Seat #6 is the button
Seat 1: 31686250 ($6.78 in chips)
Seat 2: c67d323d ($10 in chips)
Seat 3: Hero ($16.49 in chips)
Seat 4: abe5e784 ($1.77 in chips)
Seat 5: 4a5719c ($10.07 in chips)
Seat 6: 5e118d85 ($10.21 in chips)
31686250: posts small blind $0.05
c67d323d: posts big blind $0.1
*** HOLE CARDS ***
Dealt to 31686250 
Dealt to c67d323d 
Dealt to Hero [9h 6d]
Dealt to abe5e784 
Dealt to 4a5719c 
Dealt to 5e118d85 
Hero: folds
abe5e784: folds
4a5719c: folds
5e118d85: folds
31686250: calls $0.05
c67d323d: checks
*** FLOP *** [Qd 4h Tc]
31686250: checks
c67d323d: checks
*** TURN *** [Qd 4h Tc] [9s]
31686250: checks
c67d323d: bets $0.15
31686250: calls $0.15
*** RIVER *** [Qd 4h Tc 9s] [Jd]
31686250: bets $0.5
c67d323d: folds
Uncalled bet ($0.5) returned to 31686250
*** SHOWDOWN ***
31686250 collected $0.48 from pot
*** SUMMARY ***
Total pot $0.5 | Rake $0.02 | Jackpot $0 | Bingo $0 | Fortune $0 | Tax $0
Board [Qd 4h Tc 9s Jd]
Seat 1: 31686250 (small blind) won ($0.48)
Seat 2: c67d323d (big blind) folded on the River
Seat 3: Hero folded before Flop (didn't bet)
Seat 4: abe5e784 folded before Flop (didn't bet)
Seat 5: 4a5719c folded before Flop (didn't bet)
Seat 6: 5e118d85 (button) folded before Flop (didn't bet)


Poker Hand #HD1773531836: Hold'em No Limit ($0.05/$0.1) - 2024/05/15 12:18:53
Table 'NLHRed40' 6-max Seat #5 is the button
Seat 1: 31686250 ($6.16 in chips)
Seat 2: c67d323d ($10 in chips)
Seat 3: Hero ($16.69 in chips)
Seat 4: abe5e784 ($2.19 in chips)
Seat 5: 4a5719c ($10.07 in chips)
Seat 6: 5e118d85 ($10.26 in chips)
5e118d85: posts small blind $0.05
31686250: posts big blind $0.1
*** HOLE CARDS ***
Dealt to 31686250 
Dealt to c67d323d 
Dealt to Hero [Ks Ad]
Dealt to abe5e784 
Dealt to 4a5719c 
Dealt to 5e118d85 
c67d323d: folds
Hero: raises $0.1 to $0.2
abe5e784: calls $0.2
4a5719c: folds
5e118d85: folds
31686250: calls $0.1
*** FLOP *** [9s 2s 7d]
31686250: checks
Hero: checks
abe5e784: bets $0.22
31686250: calls $0.22
Hero: folds
*** TURN *** [9s 2s 7d] [Td]
31686250: checks
abe5e784: checks
*** RIVER *** [9s 2s 7d Td] [2d]
31686250: checks
abe5e784: checks
31686250: shows [5c 7c] (Pair of Sevens and Pair of Twos)
abe5e784: shows [Qd As] (Pair of Twos)
*** SHOWDOWN ***
31686250 collected $1.04 from pot
*** SUMMARY ***
Total pot $1.09 | Rake $0.05 | Jackpot $0 | Bingo $0 | Fortune $0 | Tax $0
Board [9s 2s 7d Td 2d]
Seat 1: 31686250 (big blind) showed [5c 7c] and won ($1.04) with Pair of Sevens and Pair of Twos
Seat 2: c67d323d folded before Flop (didn't bet)
Seat 3: Hero folded on the Flop
Seat 4: abe5e784 showed [Qd As] and lost with Pair of Twos
Seat 5: 4a5719c (button) folded before Flop (didn't bet)
Seat 6: 5e118d85 (small blind) folded before Flop


Poker Hand #HD1773531739: Hold'em No Limit ($0.05/$0.1) - 2024/05/15 12:18:05
Table 'NLHRed40' 6-max Seat #4 is the button
Seat 1: 31686250 ($6.53 in chips)
Seat 2: c67d323d ($10 in chips)
Seat 3: Hero ($16.69 in chips)
Seat 4: abe5e784 ($1.71 in chips)
Seat 5: 4a5719c ($10.12 in chips)
Seat 6: 5e118d85 ($10.36 in chips)
4a5719c: posts small blind $0.05
5e118d85: posts big blind $0.1
*** HOLE CARDS ***
Dealt to 31686250 
Dealt to c67d323d 
Dealt to Hero [Jh 3h]
Dealt to abe5e784 
Dealt to 4a5719c 
Dealt to 5e118d85 
31686250: calls $0.1
c67d323d: folds
Hero: folds
abe5e784: calls $0.1
4a5719c: folds
5e118d85: checks
*** FLOP *** [3d Kc Js]
5e118d85: checks
31686250: checks
abe5e784: checks
*** TURN *** [3d Kc Js] [4h]
5e118d85: checks
31686250: checks
abe5e784: bets $0.27
5e118d85: folds
31686250: calls $0.27
*** RIVER *** [3d Kc Js 4h] [9s]
31686250: checks
abe5e784: checks
31686250: shows [Ad Tc] (Ace-High)
abe5e784: shows [8s Ks] (Pair of Kings)
*** SHOWDOWN ***
abe5e784 collected $0.85 from pot
*** SUMMARY ***
Total pot $0.89 | Rake $0.04 | Jackpot $0 | Bingo $0 | Fortune $0 | Tax $0
Board [3d Kc Js 4h 9s]
Seat 1: 31686250 showed [Ad Tc] and lost with Ace-High
Seat 2: c67d323d folded before Flop (didn't bet)
Seat 3: Hero folded before Flop (didn't bet)
Seat 4: abe5e784 (button) showed [8s Ks] and won ($0.85) with Pair of Kings
Seat 5: 4a5719c (small blind) folded before Flop
Seat 6: 5e118d85 (big blind) folded on the Turn


Poker Hand #HD1773531663: Hold'em No Limit ($0.05/$0.1) - 2024/05/15 12:17:31
Table 'NLHRed40' 6-max Seat #3 is the button
Seat 1: 31686250 ($6.53 in chips)
Seat 2: c67d323d ($10 in chips)
Seat 3: Hero ($16.54 in chips)
Seat 4: abe5e784 ($1.76 in chips)
Seat 5: 4a5719c ($10.22 in chips)
Seat 6: 5e118d85 ($10.36 in chips)
abe5e784: posts small blind $0.05
4a5719c: posts big blind $0.1
*** HOLE CARDS ***
Dealt to 31686250 
Dealt to c67d323d 
Dealt to Hero [4h Ad]
Dealt to abe5e784 
Dealt to 4a5719c 
Dealt to 5e118d85 
5e118d85: folds
31686250: folds
c67d323d: folds
Hero: raises $0.14 to $0.24
abe5e784: folds
4a5719c: folds
Uncalled bet ($0.14) returned to Hero
*** SHOWDOWN ***
Hero collected $0.25 from pot
*** SUMMARY ***
Total pot $0.25 | Rake $0 | Jackpot $0 | Bingo $0 | Fortune $0 | Tax $0
Seat 1: 31686250 folded before Flop (didn't bet)
Seat 2: c67d323d folded before Flop (didn't bet)
Seat 3: Hero (button) collected ($0.25)
Seat 4: abe5e784 (small blind) folded before Flop
Seat 5: 4a5719c (big blind) folded before Flop
Seat 6: 5e118d85 folded before Flop (didn't bet)


Poker Hand #HD1773531592: Hold'em No Limit ($0.05/$0.1) - 2024/05/15 12:16:53
Table 'NLHRed40' 6-max Seat #2 is the button
Seat 1: 31686250 ($6.75 in chips)
Seat 2: c67d323d ($10 in chips)
Seat 3: Hero ($16.59 in chips)
Seat 4: abe5e784 ($1.86 in chips)
Seat 5: 4a5719c ($10.22 in chips)
Seat 6: 5e118d85 ($10.02 in chips)
Hero: posts small blind $0.05
abe5e784: posts big blind $0.1
*** HOLE CARDS ***
Dealt to 31686250 
Dealt to c67d323d 
Dealt to Hero [Kc 6d]
Dealt to abe5e784 
Dealt to 4a5719c 
Dealt to 5e118d85 
4a5719c: folds
5e118d85: raises $0.12 to $0.22
31686250: calls $0.22
c67d323d: folds
Hero: folds
abe5e784: folds
*** FLOP *** [7s 8d 4s]
5e118d85: bets $0.15
31686250: folds
Uncalled bet ($0.15) returned to 5e118d85
*** SHOWDOWN ***
5e118d85 collected $0.56 from pot
*** SUMMARY ***
Total pot $0.59 | Rake $0.03 | Jackpot $0 | Bingo $0 | Fortune $0 | Tax $0
Board [7s 8d 4s]
Seat 1: 31686250 folded on the Flop
Seat 2: c67d323d (button) folded before Flop (didn't bet)
Seat 3: Hero (small blind) folded before Flop
Seat 4: abe5e784 (big blind) folded before Flop
Seat 5: 4a5719c folded before Flop (didn't bet)
Seat 6: 5e118d85 won ($0.56)


Poker Hand #HD1773531507: Hold'em No Limit ($0.05/$0.1) - 2024/05/15 12:16:11
Table 'NLHRed40' 6-max Seat #1 is the button
Seat 1: 31686250 ($6.75 in chips)
Seat 2: c67d323d ($10 in chips)
Seat 3: Hero ($16.22 in chips)
Seat 4: abe5e784 ($1.86 in chips)
Seat 5: 4a5719c ($10.22 in chips)
Seat 6: 5e118d85 ($10.37 in chips)
c67d323d: posts small blind $0.05
Hero: posts big blind $0.1
*** HOLE CARDS ***
Dealt to 31686250 
Dealt to c67d323d 
Dealt to Hero [Js Ad]
Dealt to abe5e784 
Dealt to 4a5719c 
Dealt to 5e118d85 
abe5e784: folds
4a5719c: folds
5e118d85: raises $0.12 to $0.22
31686250: folds
c67d323d: folds
Hero: calls $0.12
*** FLOP *** [Ah As 8c]
Hero: checks
5e118d85: bets $0.13
Hero: raises $0.37 to $0.5
5e118d85: folds
Uncalled bet ($0.37) returned to Hero
*** SHOWDOWN ***
Hero collected $0.72 from pot
*** SUMMARY ***
Total pot $0.75 | Rake $0.03 | Jackpot $0 | Bingo $0 | Fortune $0 | Tax $0
Board [Ah As 8c]
Seat 1: 31686250 (button) folded before Flop (didn't bet)
Seat 2: c67d323d (small blind) folded before Flop
Seat 3: Hero (big blind) won ($0.72)
Seat 4: abe5e784 folded before Flop (didn't bet)
Seat 5: 4a5719c folded before Flop (didn't bet)
Seat 6: 5e118d85 folded on the Flop


Poker Hand #HD1773531408: Hold'em No Limit ($0.05/$0.1) - 2024/05/15 12:15:19
Table 'NLHRed40' 6-max Seat #6 is the button
Seat 1: 31686250 ($6.52 in chips)
Seat 2: c67d323d ($10 in chips)
Seat 3: Hero ($16.22 in chips)
Seat 4: abe5e784 ($1.86 in chips)
Seat 5: 4a5719c ($10.22 in chips)
Seat 6: 5e118d85 ($10.37 in chips)
31686250: posts small blind $0.05
c67d323d: posts big blind $0.1
*** HOLE CARDS ***
Dealt to 31686250 
Dealt to c67d323d 
Dealt to Hero [7h 3h]
Dealt to abe5e784 
Dealt to 4a5719c 
Dealt to 5e118d85 
Hero: folds
abe5e784: folds
4a5719c: folds
5e118d85: folds
31686250: calls $0.05
c67d323d: raises $0.15 to $0.25
31686250: calls $0.15
*** FLOP *** [3c Jc 7d]
31686250: checks
c67d323d: checks
*** TURN *** [3c Jc 7d] [Qs]
31686250: checks
c67d323d: checks
*** RIVER *** [3c Jc 7d Qs] [4h]
31686250: checks
c67d323d: checks
31686250: shows [6h Ad] (Ace-High)
c67d323d: shows [Kh 2h] (King-High)
*** SHOWDOWN ***
31686250 collected $0.48 from pot
*** SUMMARY ***
Total pot $0.5 | Rake $0.02 | Jackpot $0 | Bingo $0 | Fortune $0 | Tax $0
Board [3c Jc 7d Qs 4h]
Seat 1: 31686250 (small blind) showed [6h Ad] and won ($0.48) with Ace-High
Seat 2: c67d323d (big blind) showed [Kh 2h] and lost with King-High
Seat 3: Hero folded before Flop (didn't bet)
Seat 4: abe5e784 folded before Flop (didn't bet)
Seat 5: 4a5719c folded before Flop (didn't bet)
Seat 6: 5e118d85 (button) folded before Flop (didn't bet)


Poker Hand #HD1773531321: Hold'em No Limit ($0.05/$0.1) - 2024/05/15 12:14:39
Table 'NLHRed40' 6-max Seat #5 is the button
Seat 1: 31686250 ($6.27 in chips)
Seat 2: c67d323d ($10 in chips)
Seat 3: Hero ($16.22 in chips)
Seat 4: abe5e784 ($1.86 in chips)
Seat 5: 4a5719c ($10.44 in chips)
Seat 6: 5e118d85 ($10.42 in chips)
5e118d85: posts small blind $0.05
31686250: posts big blind $0.1
*** HOLE CARDS ***
Dealt to 31686250 
Dealt to c67d323d 
Dealt to Hero [8s 6s]
Dealt to abe5e784 
Dealt to 4a5719c 
Dealt to 5e118d85 
c67d323d: folds
Hero: folds
abe5e784: folds
4a5719c: raises $0.12 to $0.22
5e118d85: folds
31686250: calls $0.12
*** FLOP *** [9s 8c 4d]
31686250: bets $0.17
4a5719c: folds
Uncalled bet ($0.17) returned to 31686250
*** SHOWDOWN ***
31686250 collected $0.47 from pot
*** SUMMARY ***
Total pot $0.49 | Rake $0.02 | Jackpot $0 | Bingo $0 | Fortune $0 | Tax $0
Board [9s 8c 4d]
Seat 1: 31686250 (big blind) won ($0.47)
Seat 2: c67d323d folded before Flop (didn't bet)
Seat 3: Hero folded before Flop (didn't bet)
Seat 4: abe5e784 folded before Flop (didn't bet)
Seat 5: 4a5719c (button) folded on the Flop
Seat 6: 5e118d85 (small blind) folded before Flop


Poker Hand #HD1773531216: Hold'em No Limit ($0.05/$0.1) - 2024/05/15 12:13:44
Table 'NLHRed40' 6-max Seat #4 is the button
Seat 1: 31686250 ($6.47 in chips)
Seat 2: c67d323d ($10.07 in chips)
Seat 3: Hero ($16.22 in chips)
Seat 4: abe5e784 ($1.86 in chips)
Seat 5: 4a5719c ($10.49 in chips)
Seat 6: 5e118d85 ($10 in chips)
4a5719c: posts small blind $0.05
5e118d85: posts big blind $0.1
*** HOLE CARDS ***
Dealt to 31686250 
Dealt to c67d323d 
Dealt to Hero [Ts 9h]
Dealt to abe5e784 
Dealt to 4a5719c 
Dealt to 5e118d85 
31686250: calls $0.1
c67d323d: raises $0.1 to $0.2
Hero: folds
abe5e784: folds
4a5719c: folds
5e118d85: calls $0.1
31686250: calls $0.1
*** FLOP *** [2h 2d 8h]
5e118d85: checks
31686250: checks
c67d323d: checks
*** TURN *** [2h 2d 8h] [Js]
5e118d85: bets $0.49
31686250: folds
c67d323d: folds
Uncalled bet ($0.49) returned to 5e118d85
*** SHOWDOWN ***
5e118d85 collected $0.62 from pot
*** SUMMARY ***
Total pot $0.65 | Rake $0.03 | Jackpot $0 | Bingo $0 | Fortune $0 | Tax $0
Board [2h 2d 8h Js]
Seat 1: 31686250 folded on the Turn
Seat 2: c67d323d folded on the Turn
Seat 3: Hero folded before Flop (didn't bet)
Seat 4: abe5e784 (button) folded before Flop (didn't bet)
Seat 5: 4a5719c (small blind) folded before Flop
Seat 6: 5e118d85 (big blind) won ($0.62)


Poker Hand #HD1773531104: Hold'em No Limit ($0.05/$0.1) - 2024/05/15 12:12:50
Table 'NLHRed40' 6-max Seat #3 is the button
Seat 1: 31686250 ($5.74 in chips)
Seat 2: c67d323d ($10.72 in chips)
Seat 3: Hero ($16.22 in chips)
Seat 4: abe5e784 ($1.91 in chips)
Seat 5: 4a5719c ($10.59 in chips)
Seat 6: 5e118d85 ($10 in chips)
abe5e784: posts small blind $0.05
4a5719c: posts big blind $0.1
*** HOLE CARDS ***
Dealt to 31686250 
Dealt to c67d323d 
Dealt to Hero [3c 5c]
Dealt to abe5e784 
Dealt to 4a5719c 
Dealt to 5e118d85 
5e118d85: folds
31686250: calls $0.1
c67d323d: raises $0.3 to $0.4
Hero: folds
abe5e784: folds
4a5719c: folds
31686250: calls $0.3
*** FLOP *** [Jd Tc 4s]
31686250: checks
c67d323d: bets $0.25
31686250: calls $0.25
*** TURN *** [Jd Tc 4s] [3d]
31686250: checks
c67d323d: checks
*** RIVER *** [Jd Tc 4s 3d] [7d]
31686250: bets $0.73
c67d323d: folds
Uncalled bet ($0.73) returned to 31686250
*** SHOWDOWN ***
31686250 collected $1.38 from pot
*** SUMMARY ***
Total pot $1.45 | Rake $0.07 | Jackpot $0 | Bingo $0 | Fortune $0 | Tax $0
Board [Jd Tc 4s 3d 7d]
Seat 1: 31686250 won ($1.38)
Seat 2: c67d323d folded on the River
Seat 3: Hero (button) folded before Flop (didn't bet)
Seat 4: abe5e784 (small blind) folded before Flop
Seat 5: 4a5719c (big blind) folded before Flop
Seat 6: 5e118d85 folded before Flop (didn't bet)


Poker Hand #HD1773531069: Hold'em No Limit ($0.05/$0.1) - 2024/05/15 12:12:32
Table 'NLHRed40' 6-max Seat #2 is the button
Seat 1: 31686250 ($5.74 in chips)
Seat 2: c67d323d ($10.72 in chips)
Seat 3: Hero ($16.12 in chips)
Seat 4: abe5e784 ($2.01 in chips)
Seat 5: 4a5719c ($10.59 in chips)
Seat 6: 5e118d85 ($10 in chips)
Hero: posts small blind $0.05
abe5e784: posts big blind $0.1
*** HOLE CARDS ***
Dealt to 31686250 
Dealt to c67d323d 
Dealt to Hero [Kd Jc]
Dealt to abe5e784 
Dealt to 4a5719c 
Dealt to 5e118d85 
4a5719c: folds
5e118d85: folds
31686250: folds
c67d323d: folds
Hero: raises $0.2 to $0.3
abe5e784: folds
Uncalled bet ($0.2) returned to Hero
*** SHOWDOWN ***
Hero collected $0.2 from pot
*** SUMMARY ***
Total pot $0.2 | Rake $0 | Jackpot $0 | Bingo $0 | Fortune $0 | Tax $0
Seat 1: 31686250 folded before Flop (didn't bet)
Seat 2: c67d323d (button) folded before Flop (didn't bet)
Seat 3: Hero (small blind) collected ($0.2)
Seat 4: abe5e784 (big blind) folded before Flop
Seat 5: 4a5719c folded before Flop (didn't bet)
Seat 6: 5e118d85 folded before Flop (didn't bet)


Poker Hand #HD1773531010: Hold'em No Limit ($0.05/$0.1) - 2024/05/15 12:12:07
Table 'NLHRed40' 6-max Seat #1 is the button
Seat 1: 31686250 ($5.74 in chips)
Seat 2: c67d323d ($10.62 in chips)
Seat 3: Hero ($16.22 in chips)
Seat 4: abe5e784 ($2.01 in chips)
Seat 5: 4a5719c ($10.59 in chips)
Seat 6: 5e118d85 ($10 in chips)
c67d323d: posts small blind $0.05
Hero: posts big blind $0.1
*** HOLE CARDS ***
Dealt to 31686250 
Dealt to c67d323d 
Dealt to Hero [3s 2s]
Dealt to abe5e784 
Dealt to 4a5719c 
Dealt to 5e118d85 
abe5e784: folds
4a5719c: folds
5e118d85: folds
31686250: folds
c67d323d: raises $0.2 to $0.3
Hero: folds
Uncalled bet ($0.2) returned to c67d323d
*** SHOWDOWN ***
c67d323d collected $0.2 from pot
*** SUMMARY ***
Total pot $0.2 | Rake $0 | Jackpot $0 | Bingo $0 | Fortune $0 | Tax $0
Seat 1: 31686250 (button) folded before Flop (didn't bet)
Seat 2: c67d323d (small blind) collected ($0.2)
Seat 3: Hero (big blind) folded before Flop
Seat 4: abe5e784 folded before Flop (didn't bet)
Seat 5: 4a5719c folded before Flop (didn't bet)
Seat 6: 5e118d85 folded before Flop (didn't bet)


Poker Hand #HD1773530888: Hold'em No Limit ($0.05/$0.1) - 2024/05/15 12:11:07
Table 'NLHRed40' 6-max Seat #6 is the button
Seat 1: 31686250 ($7.11 in chips)
Seat 2: c67d323d ($10.72 in chips)
Seat 3: Hero ($14.89 in chips)
Seat 4: abe5e784 ($2.01 in chips)
Seat 5: 4a5719c ($10.59 in chips)
Seat 6: 5e118d85 ($10 in chips)
31686250: posts small blind $0.05
c67d323d: posts big blind $0.1
*** HOLE CARDS ***
Dealt to 31686250 
Dealt to c67d323d 
Dealt to Hero [Qc 9c]
Dealt to abe5e784 
Dealt to 4a5719c 
Dealt to 5e118d85 
Hero: raises $0.1 to $0.2
abe5e784: folds
4a5719c: folds
5e118d85: folds
31686250: calls $0.15
c67d323d: folds
*** FLOP *** [Jd 2c 5h]
31686250: bets $0.17
Hero: calls $0.17
*** TURN *** [Jd 2c 5h] [Qh]
31686250: checks
Hero: checks
*** RIVER *** [Jd 2c 5h Qh] [9s]
31686250: bets $0.28
Hero: raises $0.72 to $1
31686250: calls $0.72
Hero: shows [Qc 9c] (Pair of Queens and Pair of Nines)
31686250: shows [Kc Jh] (Pair of Jacks)
*** SHOWDOWN ***
Hero collected $2.7 from pot
*** SUMMARY ***
Total pot $2.84 | Rake $0.14 | Jackpot $0 | Bingo $0 | Fortune $0 | Tax $0
Board [Jd 2c 5h Qh 9s]
Seat 1: 31686250 (small blind) showed [Kc Jh] and lost with Pair of Jacks
Seat 2: c67d323d (big blind) folded before Flop
Seat 3: Hero showed [Qc 9c] and won ($2.7) with Pair of Queens and Pair of Nines
Seat 4: abe5e784 folded before Flop (didn't bet)
Seat 5: 4a5719c folded before Flop (didn't bet)
Seat 6: 5e118d85 (button) folded before Flop (didn't bet)


Poker Hand #HD1773530813: Hold'em No Limit ($0.05/$0.1) - 2024/05/15 12:10:32
Table 'NLHRed40' 6-max Seat #5 is the button
Seat 1: 31686250 ($7.31 in chips)
Seat 2: c67d323d ($10.72 in chips)
Seat 3: Hero ($14.89 in chips)
Seat 4: abe5e784 ($1.78 in chips)
Seat 5: 4a5719c ($10.59 in chips)
Seat 6: 5e118d85 ($10 in chips)
5e118d85: posts small blind $0.05
31686250: posts big blind $0.1
*** HOLE CARDS ***
Dealt to 31686250 
Dealt to c67d323d 
Dealt to Hero [6h 3c]
Dealt to abe5e784 
Dealt to 4a5719c 
Dealt to 5e118d85 
c67d323d: folds
Hero: folds
abe5e784: raises $0.1 to $0.2
4a5719c: folds
5e118d85: folds
31686250: calls $0.1
*** FLOP *** [Js Qh Qs]
31686250: checks
abe5e784: bets $0.23
31686250: folds
Uncalled bet ($0.23) returned to abe5e784
*** SHOWDOWN ***
abe5e784 collected $0.43 from pot
*** SUMMARY ***
Total pot $0.45 | Rake $0.02 | Jackpot $0 | Bingo $0 | Fortune $0 | Tax $0
Board [Js Qh Qs]
Seat 1: 31686250 (big blind) folded on the Flop
Seat 2: c67d323d folded before Flop (didn't bet)
Seat 3: Hero folded before Flop (didn't bet)
Seat 4: abe5e784 won ($0.43)
Seat 5: 4a5719c (button) folded before Flop (didn't bet)
Seat 6: 5e118d85 (small blind) folded before Flop


Poker Hand #HD1773530722: Hold'em No Limit ($0.05/$0.1) - 2024/05/15 12:09:45
Table 'NLHRed40' 6-max Seat #4 is the button
Seat 1: 31686250 ($6.27 in chips)
Seat 2: c67d323d ($10.72 in chips)
Seat 3: Hero ($14.89 in chips)
Seat 4: abe5e784 ($1.78 in chips)
Seat 5: 4a5719c ($10.64 in chips)
Seat 6: 5e118d85 ($10 in chips)
4a5719c: posts small blind $0.05
5e118d85: posts big blind $0.1
*** HOLE CARDS ***
Dealt to 31686250 
Dealt to c67d323d 
Dealt to Hero [9c Ad]
Dealt to abe5e784 
Dealt to 4a5719c 
Dealt to 5e118d85 
31686250: calls $0.1
c67d323d: folds
Hero: folds
abe5e784: folds
4a5719c: folds
5e118d85: checks
*** FLOP *** [5s 6s Ks]
5e118d85: checks
31686250: checks
*** TURN *** [5s 6s Ks] [2c]
5e118d85: checks
31686250: bets $0.25
5e118d85: calls $0.25
*** RIVER *** [5s 6s Ks 2c] [5c]
5e118d85: checks
31686250: bets $0.75
5e118d85: calls $0.75
31686250: shows [Qh Kd] (Pair of Kings and Pair of Fives)
5e118d85: shows [3h 6d] (Pair of Sixes and Pair of Fives)
*** SHOWDOWN ***
31686250 collected $2.14 from pot
*** SUMMARY ***
Total pot $2.25 | Rake $0.11 | Jackpot $0 | Bingo $0 | Fortune $0 | Tax $0
Board [5s 6s Ks 2c 5c]
Seat 1: 31686250 showed [Qh Kd] and won ($2.14) with Pair of Kings and Pair of Fives
Seat 2: c67d323d folded before Flop (didn't bet)
Seat 3: Hero folded before Flop (didn't bet)
Seat 4: abe5e784 (button) folded before Flop (didn't bet)
Seat 5: 4a5719c (small blind) folded before Flop
Seat 6: 5e118d85 (big blind) showed [3h 6d] and lost with Pair of Sixes and Pair of Fives


Poker Hand #HD1773530691: Hold'em No Limit ($0.05/$0.1) - 2024/05/15 12:09:30
Table 'NLHRed40' 6-max Seat #3 is the button
Seat 1: 31686250 ($6.27 in chips)
Seat 2: c67d323d ($10.57 in chips)
Seat 3: Hero ($14.89 in chips)
Seat 4: abe5e784 ($1.83 in chips)
Seat 5: 4a5719c ($10.74 in chips)
Seat 6: 5e118d85 ($10 in chips)
abe5e784: posts small blind $0.05
4a5719c: posts big blind $0.1
*** HOLE CARDS ***
Dealt to 31686250 
Dealt to c67d323d 
Dealt to Hero [Jh 8s]
Dealt to abe5e784 
Dealt to 4a5719c 
Dealt to 5e118d85 
5e118d85: folds
31686250: folds
c67d323d: raises $0.12 to $0.22
Hero: folds
abe5e784: folds
4a5719c: folds
Uncalled bet ($0.12) returned to c67d323d
*** SHOWDOWN ***
c67d323d collected $0.25 from pot
*** SUMMARY ***
Total pot $0.25 | Rake $0 | Jackpot $0 | Bingo $0 | Fortune $0 | Tax $0
Seat 1: 31686250 folded before Flop (didn't bet)
Seat 2: c67d323d collected ($0.25)
Seat 3: Hero (button) folded before Flop (didn't bet)
Seat 4: abe5e784 (small blind) folded before Flop
Seat 5: 4a5719c (big blind) folded before Flop
Seat 6: 5e118d85 folded before Flop (didn't bet)


Poker Hand #HD1773530605: Hold'em No Limit ($0.05/$0.1) - 2024/05/15 12:08:49
Table 'NLHRed40' 6-max Seat #2 is the button
Seat 1: 31686250 ($6.27 in chips)
Seat 2: c67d323d ($10.29 in chips)
Seat 3: Hero ($14.94 in chips)
Seat 4: abe5e784 ($2.08 in chips)
Seat 5: 4a5719c ($10.74 in chips)
Seat 6: 5e118d85 ($10 in chips)
Hero: posts small blind $0.05
abe5e784: posts big blind $0.1
*** HOLE CARDS ***
Dealt to 31686250 
Dealt to c67d323d 
Dealt to Hero [Ad 5h]
Dealt to abe5e784 
Dealt to 4a5719c 
Dealt to 5e118d85 
4a5719c: folds
5e118d85: folds
31686250: folds
c67d323d: raises $0.15 to $0.25
Hero: folds
abe5e784: calls $0.15
*** FLOP *** [6s Ac 7h]
abe5e784: checks
c67d323d: bets $0.15
abe5e784: folds
Uncalled bet ($0.15) returned to c67d323d
*** SHOWDOWN ***
c67d323d collected $0.53 from pot
*** SUMMARY ***
Total pot $0.55 | Rake $0.02 | Jackpot $0 | Bingo $0 | Fortune $0 | Tax $0
Board [6s Ac 7h]
Seat 1: 31686250 folded before Flop (didn't bet)
Seat 2: c67d323d (button) won ($0.53)
Seat 3: Hero (small blind) folded before Flop
Seat 4: abe5e784 (big blind) folded on the Flop
Seat 5: 4a5719c folded before Flop (didn't bet)
Seat 6: 5e118d85 folded before Flop (didn't bet)


Poker Hand #HD1773530541: Hold'em No Limit ($0.05/$0.1) - 2024/05/15 12:08:21
Table 'NLHRed40' 6-max Seat #1 is the button
Seat 1: 31686250 ($6.27 in chips)
Seat 2: c67d323d ($10.34 in chips)
Seat 3: Hero ($15.04 in chips)
Seat 4: abe5e784 ($2.18 in chips)
Seat 5: 4a5719c ($10.5 in chips)
Seat 6: 5e118d85 ($10 in chips)
c67d323d: posts small blind $0.05
Hero: posts big blind $0.1
*** HOLE CARDS ***
Dealt to 31686250 
Dealt to c67d323d 
Dealt to Hero [Ad 6h]
Dealt to abe5e784 
Dealt to 4a5719c 
Dealt to 5e118d85 
abe5e784: calls $0.1
4a5719c: raises $0.27 to $0.37
5e118d85: folds
31686250: folds
c67d323d: folds
Hero: folds
abe5e784: folds
Uncalled bet ($0.27) returned to 4a5719c
*** SHOWDOWN ***
4a5719c collected $0.34 from pot
*** SUMMARY ***
Total pot $0.35 | Rake $0.01 | Jackpot $0 | Bingo $0 | Fortune $0 | Tax $0
Seat 1: 31686250 (button) folded before Flop (didn't bet)
Seat 2: c67d323d (small blind) folded before Flop
Seat 3: Hero (big blind) folded before Flop
Seat 4: abe5e784 folded before Flop
Seat 5: 4a5719c collected ($0.34)
Seat 6: 5e118d85 folded before Flop (didn't bet)


Poker Hand #HD1773530441: Hold'em No Limit ($0.05/$0.1) - 2024/05/15 12:07:34
Table 'NLHRed40' 6-max Seat #6 is the button
Seat 1: 31686250 ($6.47 in chips)
Seat 2: c67d323d ($10.16 in chips)
Seat 3: Hero ($15.04 in chips)
Seat 4: abe5e784 ($2.18 in chips)
Seat 5: 4a5719c ($10.5 in chips)
Seat 6: 5e118d85 ($10 in chips)
31686250: posts small blind $0.05
c67d323d: posts big blind $0.1
*** HOLE CARDS ***
Dealt to 31686250 
Dealt to c67d323d 
Dealt to Hero [8d Td]
Dealt to abe5e784 
Dealt to 4a5719c 
Dealt to 5e118d85 
Hero: folds
abe5e784: folds
4a5719c: folds
5e118d85: folds
31686250: calls $0.05
c67d323d: checks
*** FLOP *** [Qd Jh 9c]
31686250: checks
c67d323d: checks
*** TURN *** [Qd Jh 9c] [9h]
31686250: checks
c67d323d: bets $0.1
31686250: calls $0.1
*** RIVER *** [Qd Jh 9c 9h] [4s]
31686250: checks
c67d323d: bets $0.3
31686250: folds
Uncalled bet ($0.3) returned to c67d323d
*** SHOWDOWN ***
c67d323d collected $0.38 from pot
*** SUMMARY ***
Total pot $0.4 | Rake $0.02 | Jackpot $0 | Bingo $0 | Fortune $0 | Tax $0
Board [Qd Jh 9c 9h 4s]
Seat 1: 31686250 (small blind) folded on the River
Seat 2: c67d323d (big blind) won ($0.38)
Seat 3: Hero folded before Flop (didn't bet)
Seat 4: abe5e784 folded before Flop (didn't bet)
Seat 5: 4a5719c folded before Flop (didn't bet)
Seat 6: 5e118d85 (button) folded before Flop (didn't bet)


Poker Hand #HD1773530389: Hold'em No Limit ($0.05/$0.1) - 2024/05/15 12:07:16
Table 'NLHRed40' 6-max Seat #5 is the button
Seat 1: 31686250 ($6.57 in chips)
Seat 2: c67d323d ($10.36 in chips)
Seat 3: Hero ($15.04 in chips)
Seat 4: abe5e784 ($1.85 in chips)
Seat 5: 4a5719c ($10.5 in chips)
Seat 6: 5e118d85 ($10 in chips)
5e118d85: posts small blind $0.05
31686250: posts big blind $0.1
*** HOLE CARDS ***
Dealt to 31686250 
Dealt to c67d323d 
Dealt to Hero [5s Jd]
Dealt to abe5e784 
Dealt to 4a5719c 
Dealt to 5e118d85 
c67d323d: raises $0.1 to $0.2
Hero: folds
abe5e784: raises $0.4 to $0.6
4a5719c: folds
5e118d85: folds
31686250: folds
c67d323d: folds
Uncalled bet ($0.4) returned to abe5e784
*** SHOWDOWN ***
abe5e784 collected $0.53 from pot
*** SUMMARY ***
Total pot $0.55 | Rake $0.02 | Jackpot $0 | Bingo $0 | Fortune $0 | Tax $0
Seat 1: 31686250 (big blind) folded before Flop
Seat 2: c67d323d folded before Flop
Seat 3: Hero folded before Flop (didn't bet)
Seat 4: abe5e784 collected ($0.53)
Seat 5: 4a5719c (button) folded before Flop (didn't bet)
Seat 6: 5e118d85 (small blind) folded before Flop


Poker Hand #HD1773530195: Hold'em No Limit ($0.05/$0.1) - 2024/05/15 12:05:53
Table 'NLHRed40' 6-max Seat #4 is the button
Seat 1: 31686250 ($6.57 in chips)
Seat 2: c67d323d ($10.36 in chips)
Seat 3: Hero ($15.48 in chips)
Seat 4: abe5e784 ($1.85 in chips)
Seat 5: 4a5719c ($10 in chips)
Seat 6: 5e118d85 ($10 in chips)
4a5719c: posts small blind $0.05
5e118d85: posts big blind $0.1
*** HOLE CARDS ***
Dealt to 31686250 
Dealt to c67d323d 
Dealt to Hero [Ah As]
Dealt to abe5e784 
Dealt to 4a5719c 
Dealt to 5e118d85 
31686250: folds
c67d323d: folds
Hero: raises $0.14 to $0.24
abe5e784: folds
4a5719c: calls $0.19
5e118d85: folds
*** FLOP *** [Jh 6d 9h]
4a5719c: checks
Hero: bets $0.2
4a5719c: calls $0.2
*** TURN *** [Jh 6d 9h] [Jd]
4a5719c: checks
Hero: checks
*** RIVER *** [Jh 6d 9h Jd] [8s]
4a5719c: checks
Hero: checks
4a5719c: shows [Js Kc] (Three Jacks)
Hero: shows [Ah As] (Pair of Aces and Pair of Jacks)
*** SHOWDOWN ***
4a5719c collected $0.94 from pot
*** SUMMARY ***
Total pot $0.98 | Rake $0.04 | Jackpot $0 | Bingo $0 | Fortune $0 | Tax $0
Board [Jh 6d 9h Jd 8s]
Seat 1: 31686250 folded before Flop (didn't bet)
Seat 2: c67d323d folded before Flop (didn't bet)
Seat 3: Hero showed [Ah As] and lost with Pair of Aces and Pair of Jacks
Seat 4: abe5e784 (button) folded before Flop (didn't bet)
Seat 5: 4a5719c (small blind) showed [Js Kc] and won ($0.94) with Three Jacks
Seat 6: 5e118d85 (big blind) folded before Flop


Poker Hand #HD1773530118: Hold'em No Limit ($0.05/$0.1) - 2024/05/15 12:05:15
Table 'NLHRed40' 6-max Seat #3 is the button
Seat 1: 31686250 ($6.57 in chips)
Seat 2: c67d323d ($10.11 in chips)
Seat 3: Hero ($15.48 in chips)
Seat 4: abe5e784 ($1.9 in chips)
Seat 5: 4a5719c ($10 in chips)
Seat 6: 5e118d85 ($10 in chips)
abe5e784: posts small blind $0.05
4a5719c: posts big blind $0.1
*** HOLE CARDS ***
Dealt to 31686250 
Dealt to c67d323d 
Dealt to Hero [7d 6c]
Dealt to abe5e784 
Dealt to 4a5719c 
Dealt to 5e118d85 
5e118d85: folds
31686250: folds
c67d323d: raises $0.12 to $0.22
Hero: folds
abe5e784: folds
4a5719c: calls $0.12
*** FLOP *** [9c As 8h]
4a5719c: checks
c67d323d: bets $0.15
4a5719c: folds
Uncalled bet ($0.15) returned to c67d323d
*** SHOWDOWN ***
c67d323d collected $0.47 from pot
*** SUMMARY ***
Total pot $0.49 | Rake $0.02 | Jackpot $0 | Bingo $0 | Fortune $0 | Tax $0
Board [9c As 8h]
Seat 1: 31686250 folded before Flop (didn't bet)
Seat 2: c67d323d won ($0.47)
Seat 3: Hero (button) folded before Flop (didn't bet)
Seat 4: abe5e784 (small blind) folded before Flop
Seat 5: 4a5719c (big blind) folded on the Flop
Seat 6: 5e118d85 folded before Flop (didn't bet)


Poker Hand #HD1773529988: Hold'em No Limit ($0.05/$0.1) - 2024/05/15 12:04:16
Table 'NLHRed40' 6-max Seat #2 is the button
Seat 1: 31686250 ($5.87 in chips)
Seat 2: c67d323d ($10.11 in chips)
Seat 3: Hero ($15.53 in chips)
Seat 4: abe5e784 ($2 in chips)
Seat 5: 4a5719c ($10.43 in chips)
Seat 6: 5e118d85 ($10 in chips)
Hero: posts small blind $0.05
abe5e784: posts big blind $0.1
*** HOLE CARDS ***
Dealt to 31686250 
Dealt to c67d323d 
Dealt to Hero [7h 5d]
Dealt to abe5e784 
Dealt to 4a5719c 
Dealt to 5e118d85 
4a5719c: raises $0.12 to $0.22
5e118d85: folds
31686250: calls $0.22
c67d323d: folds
Hero: folds
abe5e784: folds
*** FLOP *** [6d Kd 9h]
4a5719c: bets $0.39
31686250: calls $0.39
*** TURN *** [6d Kd 9h] [9d]
4a5719c: checks
31686250: checks
*** RIVER *** [6d Kd 9h 9d] [Qh]
4a5719c: checks
31686250: bets $1.37
4a5719c: folds
Uncalled bet ($1.37) returned to 31686250
*** SHOWDOWN ***
31686250 collected $1.31 from pot
*** SUMMARY ***
Total pot $1.37 | Rake $0.06 | Jackpot $0 | Bingo $0 | Fortune $0 | Tax $0
Board [6d Kd 9h 9d Qh]
Seat 1: 31686250 won ($1.31)
Seat 2: c67d323d (button) folded before Flop (didn't bet)
Seat 3: Hero (small blind) folded before Flop
Seat 4: abe5e784 (big blind) folded before Flop
Seat 5: 4a5719c folded on the River
Seat 6: 5e118d85 folded before Flop (didn't bet)


Poker Hand #HD1773529966: Hold'em No Limit ($0.05/$0.1) - 2024/05/15 12:04:04
Table 'NLHRed40' 6-max Seat #1 is the button
Seat 1: 31686250 ($5.87 in chips)
Seat 2: c67d323d ($10.16 in chips)
Seat 3: Hero ($15.48 in chips)
Seat 4: abe5e784 ($2 in chips)
Seat 5: 4a5719c ($10.43 in chips)
Seat 6: 5e118d85 ($10 in chips)
c67d323d: posts small blind $0.05
Hero: posts big blind $0.1
*** HOLE CARDS ***
Dealt to 31686250 
Dealt to c67d323d 
Dealt to Hero [9c 8d]
Dealt to abe5e784 
Dealt to 4a5719c 
Dealt to 5e118d85 
abe5e784: folds
4a5719c: folds
5e118d85: folds
31686250: folds
c67d323d: folds
Uncalled bet ($0.05) returned to Hero
*** SHOWDOWN ***
Hero collected $0.1 from pot
*** SUMMARY ***
Total pot $0.1 | Rake $0 | Jackpot $0 | Bingo $0 | Fortune $0 | Tax $0
Seat 1: 31686250 (button) folded before Flop (didn't bet)
Seat 2: c67d323d (small blind) folded before Flop
Seat 3: Hero (big blind) collected ($0.1)
Seat 4: abe5e784 folded before Flop (didn't bet)
Seat 5: 4a5719c folded before Flop (didn't bet)
Seat 6: 5e118d85 folded before Flop (didn't bet)


Poker Hand #HD1773529934: Hold'em No Limit ($0.05/$0.1) - 2024/05/15 12:03:46
Table 'NLHRed40' 6-max Seat #6 is the button
Seat 1: 31686250 ($5.92 in chips)
Seat 2: c67d323d ($10.26 in chips)
Seat 3: Hero ($15.48 in chips)
Seat 4: abe5e784 ($2 in chips)
Seat 5: 4a5719c ($10.28 in chips)
Seat 6: 5e118d85 ($10 in chips)
31686250: posts small blind $0.05
c67d323d: posts big blind $0.1
*** HOLE CARDS ***
Dealt to 31686250 
Dealt to c67d323d 
Dealt to Hero [4d Qs]
Dealt to abe5e784 
Dealt to 4a5719c 
Dealt to 5e118d85 
Hero: folds
abe5e784: folds
4a5719c: raises $0.15 to $0.25
5e118d85: folds
31686250: folds
c67d323d: folds
Uncalled bet ($0.15) returned to 4a5719c
*** SHOWDOWN ***
4a5719c collected $0.25 from pot
*** SUMMARY ***
Total pot $0.25 | Rake $0 | Jackpot $0 | Bingo $0 | Fortune $0 | Tax $0
Seat 1: 31686250 (small blind) folded before Flop
Seat 2: c67d323d (big blind) folded before Flop
Seat 3: Hero folded before Flop (didn't bet)
Seat 4: abe5e784 folded before Flop (didn't bet)
Seat 5: 4a5719c collected ($0.25)
Seat 6: 5e118d85 (button) folded before Flop (didn't bet)


Poker Hand #HD1773529871: Hold'em No Limit ($0.05/$0.1) - 2024/05/15 12:03:18
Table 'NLHRed40' 6-max Seat #5 is the button
Seat 1: 31686250 ($6.17 in chips)
Seat 2: c67d323d ($10.26 in chips)
Seat 3: Hero ($15.48 in chips)
Seat 4: abe5e784 ($2 in chips)
Seat 5: 4a5719c ($10 in chips)
Seat 6: 5e118d85 ($10.05 in chips)
5e118d85: posts small blind $0.05
31686250: posts big blind $0.1
*** HOLE CARDS ***
Dealt to 31686250 
Dealt to c67d323d 
Dealt to Hero [5s 7s]
Dealt to abe5e784 
Dealt to 4a5719c 
Dealt to 5e118d85 
c67d323d: folds
Hero: folds
abe5e784: folds
4a5719c: raises $0.15 to $0.25
5e118d85: folds
31686250: calls $0.15
*** FLOP *** [4c Qh 6h]
31686250: checks
4a5719c: bets $0.2
31686250: folds
Uncalled bet ($0.2) returned to 4a5719c
*** SHOWDOWN ***
4a5719c collected $0.53 from pot
*** SUMMARY ***
Total pot $0.55 | Rake $0.02 | Jackpot $0 | Bingo $0 | Fortune $0 | Tax $0
Board [4c Qh 6h]
Seat 1: 31686250 (big blind) folded on the Flop
Seat 2: c67d323d folded before Flop (didn't bet)
Seat 3: Hero folded before Flop (didn't bet)
Seat 4: abe5e784 folded before Flop (didn't bet)
Seat 5: 4a5719c (button) won ($0.53)
Seat 6: 5e118d85 (small blind) folded before Flop


Poker Hand #HD1773529834: Hold'em No Limit ($0.05/$0.1) - 2024/05/15 12:02:59
Table 'NLHRed40' 6-max Seat #4 is the button
Seat 1: 31686250 ($6.17 in chips)
Seat 2: c67d323d ($10.26 in chips)
Seat 3: Hero ($15.48 in chips)
Seat 4: abe5e784 ($1.85 in chips)
Seat 5: 4a5719c ($10.05 in chips)
Seat 6: 5e118d85 ($10.15 in chips)
4a5719c: posts small blind $0.05
5e118d85: posts big blind $0.1
*** HOLE CARDS ***
Dealt to 31686250 
Dealt to c67d323d 
Dealt to Hero [Ad Jh]
Dealt to abe5e784 
Dealt to 4a5719c 
Dealt to 5e118d85 
31686250: folds
c67d323d: folds
Hero: folds
abe5e784: raises $0.1 to $0.2
4a5719c: folds
5e118d85: folds
Uncalled bet ($0.1) returned to abe5e784
*** SHOWDOWN ***
abe5e784 collected $0.25 from pot
*** SUMMARY ***
Total pot $0.25 | Rake $0 | Jackpot $0 | Bingo $0 | Fortune $0 | Tax $0
Seat 1: 31686250 folded before Flop (didn't bet)
Seat 2: c67d323d folded before Flop (didn't bet)
Seat 3: Hero folded before Flop (didn't bet)
Seat 4: abe5e784 (button) collected ($0.25)
Seat 5: 4a5719c (small blind) folded before Flop
Seat 6: 5e118d85 (big blind) folded before Flop


Poker Hand #HD1773529803: Hold'em No Limit ($0.05/$0.1) - 2024/05/15 12:02:47
Table 'NLHRed40' 6-max Seat #3 is the button
Seat 1: 31686250 ($6.17 in chips)
Seat 2: c67d323d ($10.26 in chips)
Seat 3: Hero ($15.48 in chips)
Seat 4: abe5e784 ($1.9 in chips)
Seat 5: 4a5719c ($10 in chips)
Seat 6: 5e118d85 ($10.15 in chips)
abe5e784: posts small blind $0.05
4a5719c: posts big blind $0.1
*** HOLE CARDS ***
Dealt to 31686250 
Dealt to c67d323d 
Dealt to Hero [5s 9c]
Dealt to abe5e784 
Dealt to 4a5719c 
Dealt to 5e118d85 
5e118d85: folds
31686250: folds
c67d323d: folds
Hero: folds
abe5e784: folds
Uncalled bet ($0.05) returned to 4a5719c
*** SHOWDOWN ***
4a5719c collected $0.1 from pot
*** SUMMARY ***
Total pot $0.1 | Rake $0 | Jackpot $0 | Bingo $0 | Fortune $0 | Tax $0
Seat 1: 31686250 folded before Flop (didn't bet)
Seat 2: c67d323d folded before Flop (didn't bet)
Seat 3: Hero (button) folded before Flop (didn't bet)
Seat 4: abe5e784 (small blind) folded before Flop
Seat 5: 4a5719c (big blind) collected ($0.1)
Seat 6: 5e118d85 folded before Flop (didn't bet)


Poker Hand #HD1773529769: Hold'em No Limit ($0.05/$0.1) - 2024/05/15 12:02:26
Table 'NLHRed40' 6-max Seat #2 is the button
Seat 1: 31686250 ($6.17 in chips)
Seat 2: c67d323d ($10.26 in chips)
Seat 3: Hero ($15.53 in chips)
Seat 4: abe5e784 ($2 in chips)
Seat 5: 4a5719c ($10 in chips)
Seat 6: 5e118d85 ($10 in chips)
Hero: posts small blind $0.05
abe5e784: posts big blind $0.1
*** HOLE CARDS ***
Dealt to 31686250 
Dealt to c67d323d 
Dealt to Hero [2h Ad]
Dealt to abe5e784 
Dealt to 4a5719c 
Dealt to 5e118d85 
4a5719c: folds
5e118d85: raises $0.12 to $0.22
31686250: folds
c67d323d: folds
Hero: folds
abe5e784: folds
Uncalled bet ($0.12) returned to 5e118d85
*** SHOWDOWN ***
5e118d85 collected $0.25 from pot
*** SUMMARY ***
Total pot $0.25 | Rake $0 | Jackpot $0 | Bingo $0 | Fortune $0 | Tax $0
Seat 1: 31686250 folded before Flop (didn't bet)
Seat 2: c67d323d (button) folded before Flop (didn't bet)
Seat 3: Hero (small blind) folded before Flop
Seat 4: abe5e784 (big blind) folded before Flop
Seat 5: 4a5719c folded before Flop (didn't bet)
Seat 6: 5e118d85 collected ($0.25)


Poker Hand #HD1773529658: Hold'em No Limit ($0.05/$0.1) - 2024/05/15 12:01:35
Table 'NLHRed40' 6-max Seat #1 is the button
Seat 1: 31686250 ($6.17 in chips)
Seat 2: c67d323d ($10.31 in chips)
Seat 3: Hero ($13.02 in chips)
Seat 4: abe5e784 ($2 in chips)
Seat 5: 4a5719c ($10 in chips)
Seat 6: 5e118d85 ($12.47 in chips)
c67d323d: posts small blind $0.05
Hero: posts big blind $0.1
*** HOLE CARDS ***
Dealt to 31686250 
Dealt to c67d323d 
Dealt to Hero [Kh Qc]
Dealt to abe5e784 
Dealt to 4a5719c 
Dealt to 5e118d85 
abe5e784: folds
4a5719c: folds
5e118d85: raises $0.12 to $0.22
31686250: folds
c67d323d: folds
Hero: raises $0.78 to $1
5e118d85: calls $0.78
*** FLOP *** [Jd Th Ah]
Hero: checks
5e118d85: checks
*** TURN *** [Jd Th Ah] [9h]
Hero: bets $0.7
5e118d85: calls $0.7
*** RIVER *** [Jd Th Ah 9h] [Qd]
Hero: bets $1.14
5e118d85: calls $1.14
Hero: shows [Kh Qc] (Aces-High Straight)
5e118d85: shows [7c 8c] (Queens-High Straight)
*** SHOWDOWN ***
Hero collected $5.35 from pot
*** SUMMARY ***
Total pot $5.73 | Rake $0.28 | Jackpot $0.1 | Bingo $0 | Fortune $0 | Tax $0
Board [Jd Th Ah 9h Qd]
Seat 1: 31686250 (button) folded before Flop (didn't bet)
Seat 2: c67d323d (small blind) folded before Flop
Seat 3: Hero (big blind) showed [Kh Qc] and won ($5.35) with Aces-High Straight
Seat 4: abe5e784 folded before Flop (didn't bet)
Seat 5: 4a5719c folded before Flop (didn't bet)
Seat 6: 5e118d85 showed [7c 8c] and lost with Queens-High Straight


Poker Hand #HD1773529637: Hold'em No Limit ($0.05/$0.1) - 2024/05/15 12:01:25
Table 'NLHRed40' 6-max Seat #6 is the button
Seat 1: 31686250 ($6.22 in chips)
Seat 2: c67d323d ($10.26 in chips)
Seat 3: Hero ($13.02 in chips)
Seat 4: abe5e784 ($2 in chips)
Seat 5: 4a5719c ($10 in chips)
Seat 6: 5e118d85 ($12.47 in chips)
31686250: posts small blind $0.05
c67d323d: posts big blind $0.1
*** HOLE CARDS ***
Dealt to 31686250 
Dealt to c67d323d 
Dealt to Hero [7h 8c]
Dealt to abe5e784 
Dealt to 4a5719c 
Dealt to 5e118d85 
Hero: folds
abe5e784: folds
4a5719c: folds
5e118d85: folds
31686250: folds
Uncalled bet ($0.05) returned to c67d323d
*** SHOWDOWN ***
c67d323d collected $0.1 from pot
*** SUMMARY ***
Total pot $0.1 | Rake $0 | Jackpot $0 | Bingo $0 | Fortune $0 | Tax $0
Seat 1: 31686250 (small blind) folded before Flop
Seat 2: c67d323d (big blind) collected ($0.1)
Seat 3: Hero folded before Flop (didn't bet)
Seat 4: abe5e784 folded before Flop (didn't bet)
Seat 5: 4a5719c folded before Flop (didn't bet)
Seat 6: 5e118d85 (button) folded before Flop (didn't bet)


Poker Hand #HD1773529499: Hold'em No Limit ($0.05/$0.1) - 2024/05/15 12:00:13
Table 'NLHRed40' 6-max Seat #5 is the button
Seat 1: 31686250 ($6.42 in chips)
Seat 2: c67d323d ($10.26 in chips)
Seat 3: Hero ($12.79 in chips)
Seat 4: abe5e784 ($2 in chips)
Seat 5: 4a5719c ($10 in chips)
Seat 6: 5e118d85 ($12.52 in chips)
5e118d85: posts small blind $0.05
31686250: posts big blind $0.1
*** HOLE CARDS ***
Dealt to 31686250 
Dealt to c67d323d 
Dealt to Hero [Ah Jc]
Dealt to abe5e784 
Dealt to 4a5719c 
Dealt to 5e118d85 
c67d323d: folds
Hero: raises $0.1 to $0.2
abe5e784: folds
4a5719c: folds
5e118d85: folds
31686250: calls $0.1
*** FLOP *** [5s 8c 7s]
31686250: checks
Hero: checks
*** TURN *** [5s 8c 7s] [Td]
31686250: checks
Hero: checks
*** RIVER *** [5s 8c 7s Td] [6h]
31686250: checks
Hero: checks
31686250: shows [As 2s] (Ace-High)
Hero: shows [Ah Jc] (Ace-High)
*** SHOWDOWN ***
Hero collected $0.43 from pot
*** SUMMARY ***
Total pot $0.45 | Rake $0.02 | Jackpot $0 | Bingo $0 | Fortune $0 | Tax $0
Board [5s 8c 7s Td 6h]
Seat 1: 31686250 (big blind) showed [As 2s] and lost with Ace-High
Seat 2: c67d323d folded before Flop (didn't bet)
Seat 3: Hero showed [Ah Jc] and won ($0.43) with Ace-High
Seat 4: abe5e784 folded before Flop (didn't bet)
Seat 5: 4a5719c (button) folded before Flop (didn't bet)
Seat 6: 5e118d85 (small blind) folded before Flop


Poker Hand #HD1773529391: Hold'em No Limit ($0.05/$0.1) - 2024/05/15 11:59:17
Table 'NLHRed40' 6-max Seat #4 is the button
Seat 1: 31686250 ($6.42 in chips)
Seat 2: c67d323d ($10.26 in chips)
Seat 3: Hero ($12.34 in chips)
Seat 4: abe5e784 ($2 in chips)
Seat 5: 4a5719c ($10 in chips)
Seat 6: 5e118d85 ($12.76 in chips)
4a5719c: posts small blind $0.05
5e118d85: posts big blind $0.1
*** HOLE CARDS ***
Dealt to 31686250 
Dealt to c67d323d 
Dealt to Hero [Qd As]
Dealt to abe5e784 
Dealt to 4a5719c 
Dealt to 5e118d85 
31686250: folds
c67d323d: folds
Hero: raises $0.14 to $0.24
abe5e784: folds
4a5719c: calls $0.19
5e118d85: calls $0.14
*** FLOP *** [Qc 7c Tc]
4a5719c: checks
5e118d85: checks
Hero: checks
*** TURN *** [Qc 7c Tc] [5c]
4a5719c: checks
5e118d85: checks
Hero: checks
*** RIVER *** [Qc 7c Tc 5c] [3h]
4a5719c: checks
5e118d85: checks
Hero: checks
4a5719c: shows [9h Th] (Pair of Tens)
5e118d85: shows [7s Kd] (Pair of Sevens)
Hero: shows [Qd As] (Pair of Queens)
*** SHOWDOWN ***
Hero collected $0.69 from pot
*** SUMMARY ***
Total pot $0.72 | Rake $0.03 | Jackpot $0 | Bingo $0 | Fortune $0 | Tax $0
Board [Qc 7c Tc 5c 3h]
Seat 1: 31686250 folded before Flop (didn't bet)
Seat 2: c67d323d folded before Flop (didn't bet)
Seat 3: Hero showed [Qd As] and won ($0.69) with Pair of Queens
Seat 4: abe5e784 (button) folded before Flop (didn't bet)
Seat 5: 4a5719c (small blind) showed [9h Th] and lost with Pair of Tens
Seat 6: 5e118d85 (big blind) showed [7s Kd] and lost with Pair of Sevens


Poker Hand #HD1773529282: Hold'em No Limit ($0.05/$0.1) - 2024/05/15 11:58:19
Table 'NLHRed40' 6-max Seat #3 is the button
Seat 1: 31686250 ($6.01 in chips)
Seat 2: c67d323d ($10.26 in chips)
Seat 3: Hero ($12.34 in chips)
Seat 4: abe5e784 ($2.05 in chips)
Seat 5: 4a5719c ($10 in chips)
Seat 6: 5e118d85 ($12.76 in chips)
abe5e784: posts small blind $0.05
4a5719c: posts big blind $0.1
*** HOLE CARDS ***
Dealt to 31686250 
Dealt to c67d323d 
Dealt to Hero [Qh Td]
Dealt to abe5e784 
Dealt to 4a5719c 
Dealt to 5e118d85 
5e118d85: folds
31686250: calls $0.1
c67d323d: folds
Hero: folds
abe5e784: folds
4a5719c: checks
*** FLOP *** [9h 4s Ac]
4a5719c: checks
31686250: bets $0.13
4a5719c: calls $0.13
*** TURN *** [9h 4s Ac] [3c]
4a5719c: checks
31686250: bets $0.17
4a5719c: calls $0.17
*** RIVER *** [9h 4s Ac 3c] [Ks]
4a5719c: checks
31686250: checks
4a5719c: shows [6s 9c] (Pair of Nines)
31686250: shows [Ah 8d] (Pair of Aces)
*** SHOWDOWN ***
31686250 collected $0.81 from pot
*** SUMMARY ***
Total pot $0.85 | Rake $0.04 | Jackpot $0 | Bingo $0 | Fortune $0 | Tax $0
Board [9h 4s Ac 3c Ks]
Seat 1: 31686250 showed [Ah 8d] and won ($0.81) with Pair of Aces
Seat 2: c67d323d folded before Flop (didn't bet)
Seat 3: Hero (button) folded before Flop (didn't bet)
Seat 4: abe5e784 (small blind) folded before Flop
Seat 5: 4a5719c (big blind) showed [6s 9c] and lost with Pair of Nines
Seat 6: 5e118d85 folded before Flop (didn't bet)


Poker Hand #HD1773529238: Hold'em No Limit ($0.05/$0.1) - 2024/05/15 11:58:01
Table 'NLHRed40' 6-max Seat #2 is the button
Seat 1: 31686250 ($6.01 in chips)
Seat 2: c67d323d ($10.26 in chips)
Seat 3: Hero ($12.39 in chips)
Seat 4: abe5e784 ($2 in chips)
Seat 5: 4a5719c ($10 in chips)
Seat 6: 5e118d85 ($12.76 in chips)
Hero: posts small blind $0.05
abe5e784: posts big blind $0.1
*** HOLE CARDS ***
Dealt to 31686250 
Dealt to c67d323d 
Dealt to Hero [5s 5h]
Dealt to abe5e784 
Dealt to 4a5719c 
Dealt to 5e118d85 
4a5719c: folds
5e118d85: folds
31686250: folds
c67d323d: folds
Hero: folds
Uncalled bet ($0.05) returned to abe5e784
*** SHOWDOWN ***
abe5e784 collected $0.1 from pot
*** SUMMARY ***
Total pot $0.1 | Rake $0 | Jackpot $0 | Bingo $0 | Fortune $0 | Tax $0
Seat 1: 31686250 folded before Flop (didn't bet)
Seat 2: c67d323d (button) folded before Flop (didn't bet)
Seat 3: Hero (small blind) folded before Flop
Seat 4: abe5e784 (big blind) collected ($0.1)
Seat 5: 4a5719c folded before Flop (didn't bet)
Seat 6: 5e118d85 folded before Flop (didn't bet)


Poker Hand #HD1773529216: Hold'em No Limit ($0.05/$0.1) - 2024/05/15 11:57:47
Table 'NLHRed40' 6-max Seat #1 is the button
Seat 1: 31686250 ($5.86 in chips)
Seat 2: c67d323d ($10.31 in chips)
Seat 3: Hero ($12.49 in chips)
Seat 4: abe5e784 ($2 in chips)
Seat 5: 4a5719c ($10 in chips)
Seat 6: 5e118d85 ($12.76 in chips)
c67d323d: posts small blind $0.05
Hero: posts big blind $0.1
*** HOLE CARDS ***
Dealt to 31686250 
Dealt to c67d323d 
Dealt to Hero [6h 5h]
Dealt to abe5e784 
Dealt to 4a5719c 
Dealt to 5e118d85 
abe5e784: folds
4a5719c: folds
5e118d85: folds
31686250: raises $0.1 to $0.2
c67d323d: folds
Hero: folds
Uncalled bet ($0.1) returned to 31686250
*** SHOWDOWN ***
31686250 collected $0.25 from pot
*** SUMMARY ***
Total pot $0.25 | Rake $0 | Jackpot $0 | Bingo $0 | Fortune $0 | Tax $0
Seat 1: 31686250 (button) collected ($0.25)
Seat 2: c67d323d (small blind) folded before Flop
Seat 3: Hero (big blind) folded before Flop
Seat 4: abe5e784 folded before Flop (didn't bet)
Seat 5: 4a5719c folded before Flop (didn't bet)
Seat 6: 5e118d85 folded before Flop (didn't bet)


Poker Hand #HD1773529149: Hold'em No Limit ($0.05/$0.1) - 2024/05/15 11:57:15
Table 'NLHRed40' 6-max Seat #6 is the button
Seat 1: 31686250 ($5.68 in chips)
Seat 2: c67d323d ($10.51 in chips)
Seat 3: Hero ($12.49 in chips)
Seat 4: abe5e784 ($2 in chips)
Seat 5: 4a5719c ($10 in chips)
Seat 6: 5e118d85 ($12.76 in chips)
31686250: posts small blind $0.05
c67d323d: posts big blind $0.1
*** HOLE CARDS ***
Dealt to 31686250 
Dealt to c67d323d 
Dealt to Hero [6h 4c]
Dealt to abe5e784 
Dealt to 4a5719c 
Dealt to 5e118d85 
Hero: folds
abe5e784: folds
4a5719c: folds
5e118d85: folds
31686250: calls $0.05
c67d323d: checks
*** FLOP *** [3d 5s Jc]
31686250: checks
c67d323d: checks
*** TURN *** [3d 5s Jc] [2h]
31686250: bets $0.1
c67d323d: calls $0.1
*** RIVER *** [3d 5s Jc 2h] [Qs]
31686250: bets $0.3
c67d323d: folds
Uncalled bet ($0.3) returned to 31686250
*** SHOWDOWN ***
31686250 collected $0.38 from pot
*** SUMMARY ***
Total pot $0.4 | Rake $0.02 | Jackpot $0 | Bingo $0 | Fortune $0 | Tax $0
Board [3d 5s Jc 2h Qs]
Seat 1: 31686250 (small blind) won ($0.38)
Seat 2: c67d323d (big blind) folded on the River
Seat 3: Hero folded before Flop (didn't bet)
Seat 4: abe5e784 folded before Flop (didn't bet)
Seat 5: 4a5719c folded before Flop (didn't bet)
Seat 6: 5e118d85 (button) folded before Flop (didn't bet)


Poker Hand #HD1773529046: Hold'em No Limit ($0.05/$0.1) - 2024/05/15 11:56:28
Table 'NLHRed40' 6-max Seat #5 is the button
Seat 1: 31686250 ($7 in chips)
Seat 2: c67d323d ($10.51 in chips)
Seat 3: Hero ($12.49 in chips)
Seat 4: abe5e784 ($2 in chips)
Seat 5: 4a5719c ($10 in chips)
Seat 6: 5e118d85 ($11.57 in chips)
5e118d85: posts small blind $0.05
31686250: posts big blind $0.1
*** HOLE CARDS ***
Dealt to 31686250 
Dealt to c67d323d 
Dealt to Hero [Th 4d]
Dealt to abe5e784 
Dealt to 4a5719c 
Dealt to 5e118d85 
c67d323d: folds
Hero: folds
abe5e784: folds
4a5719c: folds
5e118d85: raises $0.18 to $0.28
31686250: calls $0.18
*** FLOP *** [Jd Qc Ts]
5e118d85: checks
31686250: bets $0.19
5e118d85: calls $0.19
*** TURN *** [Jd Qc Ts] [9h]
5e118d85: checks
31686250: bets $0.32
5e118d85: calls $0.32
*** RIVER *** [Jd Qc Ts 9h] [2s]
5e118d85: checks
31686250: bets $0.53
5e118d85: calls $0.53
31686250: shows [7d Qd] (Pair of Queens)
5e118d85: shows [Qh 8d] (Queens-High Straight)
*** SHOWDOWN ***
5e118d85 collected $2.51 from pot
*** SUMMARY ***
Total pot $2.64 | Rake $0.13 | Jackpot $0 | Bingo $0 | Fortune $0 | Tax $0
Board [Jd Qc Ts 9h 2s]
Seat 1: 31686250 (big blind) showed [7d Qd] and lost with Pair of Queens
Seat 2: c67d323d folded before Flop (didn't bet)
Seat 3: Hero folded before Flop (didn't bet)
Seat 4: abe5e784 folded before Flop (didn't bet)
Seat 5: 4a5719c (button) folded before Flop (didn't bet)
Seat 6: 5e118d85 (small blind) showed [Qh 8d] and won ($2.51) with Queens-High Straight


Poker Hand #HD1773528918: Hold'em No Limit ($0.05/$0.1) - 2024/05/15 11:55:19
Table 'NLHRed40' 6-max Seat #4 is the button
Seat 1: 31686250 ($7.1 in chips)
Seat 2: c67d323d ($10.51 in chips)
Seat 3: Hero ($12.49 in chips)
Seat 4: abe5e784 ($1.45 in chips)
Seat 5: 4a5719c ($10.23 in chips)
Seat 6: 5e118d85 ($10.3 in chips)
4a5719c: posts small blind $0.05
5e118d85: posts big blind $0.1
*** HOLE CARDS ***
Dealt to 31686250 
Dealt to c67d323d 
Dealt to Hero [2h 8h]
Dealt to abe5e784 
Dealt to 4a5719c 
Dealt to 5e118d85 
31686250: calls $0.1
c67d323d: folds
Hero: folds
abe5e784: folds
4a5719c: raises $0.4 to $0.5
5e118d85: raises $0.8 to $1.3
31686250: folds
4a5719c: calls $0.8
*** FLOP *** [4c 5s 8s]
4a5719c: checks
5e118d85: bets $2.03
4a5719c: folds
Uncalled bet ($2.03) returned to 5e118d85
*** SHOWDOWN ***
5e118d85 collected $2.57 from pot
*** SUMMARY ***
Total pot $2.7 | Rake $0.13 | Jackpot $0 | Bingo $0 | Fortune $0 | Tax $0
Board [4c 5s 8s]
Seat 1: 31686250 folded before Flop
Seat 2: c67d323d folded before Flop (didn't bet)
Seat 3: Hero folded before Flop (didn't bet)
Seat 4: abe5e784 (button) folded before Flop (didn't bet)
Seat 5: 4a5719c (small blind) folded on the Flop
Seat 6: 5e118d85 (big blind) won ($2.57)


Poker Hand #HD1773528888: Hold'em No Limit ($0.05/$0.1) - 2024/05/15 11:55:07
Table 'NLHRed40' 6-max Seat #3 is the button
Seat 1: 31686250 ($7.1 in chips)
Seat 2: c67d323d ($10.51 in chips)
Seat 3: Hero ($12.49 in chips)
Seat 4: abe5e784 ($1.5 in chips)
Seat 5: 4a5719c ($10.33 in chips)
Seat 6: 5e118d85 ($10.15 in chips)
abe5e784: posts small blind $0.05
4a5719c: posts big blind $0.1
*** HOLE CARDS ***
Dealt to 31686250 
Dealt to c67d323d 
Dealt to Hero [Qc 6s]
Dealt to abe5e784 
Dealt to 4a5719c 
Dealt to 5e118d85 
5e118d85: raises $0.12 to $0.22
31686250: folds
c67d323d: folds
Hero: folds
abe5e784: folds
4a5719c: folds
Uncalled bet ($0.12) returned to 5e118d85
*** SHOWDOWN ***
5e118d85 collected $0.25 from pot
*** SUMMARY ***
Total pot $0.25 | Rake $0 | Jackpot $0 | Bingo $0 | Fortune $0 | Tax $0
Seat 1: 31686250 folded before Flop (didn't bet)
Seat 2: c67d323d folded before Flop (didn't bet)
Seat 3: Hero (button) folded before Flop (didn't bet)
Seat 4: abe5e784 (small blind) folded before Flop
Seat 5: 4a5719c (big blind) folded before Flop
Seat 6: 5e118d85 collected ($0.25)


Poker Hand #HD1773528813: Hold'em No Limit ($0.05/$0.1) - 2024/05/15 11:54:23
Table 'NLHRed40' 6-max Seat #2 is the button
Seat 1: 31686250 ($7.1 in chips)
Seat 2: c67d323d ($10.1 in chips)
Seat 3: Hero ($12.54 in chips)
Seat 4: abe5e784 ($1.9 in chips)
Seat 5: 4a5719c ($10.33 in chips)
Seat 6: 5e118d85 ($10.15 in chips)
Hero: posts small blind $0.05
abe5e784: posts big blind $0.1
*** HOLE CARDS ***
Dealt to 31686250 
Dealt to c67d323d 
Dealt to Hero [9d 3h]
Dealt to abe5e784 
Dealt to 4a5719c 
Dealt to 5e118d85 
4a5719c: folds
5e118d85: folds
31686250: folds
c67d323d: raises $0.15 to $0.25
Hero: folds
abe5e784: calls $0.15
*** FLOP *** [4d Jd 2c]
abe5e784: checks
c67d323d: bets $0.15
abe5e784: calls $0.15
*** TURN *** [4d Jd 2c] [7h]
abe5e784: checks
c67d323d: bets $0.65
abe5e784: folds
Uncalled bet ($0.65) returned to c67d323d
*** SHOWDOWN ***
c67d323d collected $0.81 from pot
*** SUMMARY ***
Total pot $0.85 | Rake $0.04 | Jackpot $0 | Bingo $0 | Fortune $0 | Tax $0
Board [4d Jd 2c 7h]
Seat 1: 31686250 folded before Flop (didn't bet)
Seat 2: c67d323d (button) won ($0.81)
Seat 3: Hero (small blind) folded before Flop
Seat 4: abe5e784 (big blind) folded on the Turn
Seat 5: 4a5719c folded before Flop (didn't bet)
Seat 6: 5e118d85 folded before Flop (didn't bet)


Poker Hand #HD1773528793: Hold'em No Limit ($0.05/$0.1) - 2024/05/15 11:54:11
Table 'NLHRed40' 6-max Seat #1 is the button
Seat 1: 31686250 ($7.1 in chips)
Seat 2: c67d323d ($10 in chips)
Seat 3: Hero ($12.64 in chips)
Seat 4: abe5e784 ($1.9 in chips)
Seat 5: 4a5719c ($10.33 in chips)
Seat 6: 5e118d85 ($10.15 in chips)
c67d323d: posts small blind $0.05
Hero: posts big blind $0.1
*** HOLE CARDS ***
Dealt to 31686250 
Dealt to c67d323d 
Dealt to Hero [9s 4c]
Dealt to abe5e784 
Dealt to 4a5719c 
Dealt to 5e118d85 
abe5e784: folds
4a5719c: folds
5e118d85: folds
31686250: folds
c67d323d: raises $0.2 to $0.3
Hero: folds
Uncalled bet ($0.2) returned to c67d323d
*** SHOWDOWN ***
c67d323d collected $0.2 from pot
*** SUMMARY ***
Total pot $0.2 | Rake $0 | Jackpot $0 | Bingo $0 | Fortune $0 | Tax $0
Seat 1: 31686250 (button) folded before Flop (didn't bet)
Seat 2: c67d323d (small blind) collected ($0.2)
Seat 3: Hero (big blind) folded before Flop
Seat 4: abe5e784 folded before Flop (didn't bet)
Seat 5: 4a5719c folded before Flop (didn't bet)
Seat 6: 5e118d85 folded before Flop (didn't bet)


Poker Hand #HD1773528770: Hold'em No Limit ($0.05/$0.1) - 2024/05/15 11:54:02
Table 'NLHRed40' 6-max Seat #6 is the button
Seat 1: 31686250 ($7.15 in chips)
Seat 2: c67d323d ($10 in chips)
Seat 3: Hero ($12.64 in chips)
Seat 4: abe5e784 ($1.9 in chips)
Seat 5: 4a5719c ($10.33 in chips)
Seat 6: 5e118d85 ($10 in chips)
31686250: posts small blind $0.05
c67d323d: posts big blind $0.1
*** HOLE CARDS ***
Dealt to 31686250 
Dealt to c67d323d 
Dealt to Hero [Jd 2c]
Dealt to abe5e784 
Dealt to 4a5719c 
Dealt to 5e118d85 
Hero: folds
abe5e784: folds
4a5719c: folds
5e118d85: raises $0.12 to $0.22
31686250: folds
c67d323d: folds
Uncalled bet ($0.12) returned to 5e118d85
*** SHOWDOWN ***
5e118d85 collected $0.25 from pot
*** SUMMARY ***
Total pot $0.25 | Rake $0 | Jackpot $0 | Bingo $0 | Fortune $0 | Tax $0
Seat 1: 31686250 (small blind) folded before Flop
Seat 2: c67d323d (big blind) folded before Flop
Seat 3: Hero folded before Flop (didn't bet)
Seat 4: abe5e784 folded before Flop (didn't bet)
Seat 5: 4a5719c folded before Flop (didn't bet)
Seat 6: 5e118d85 (button) collected ($0.25)


Poker Hand #HD1773528722: Hold'em No Limit ($0.05/$0.1) - 2024/05/15 11:53:37
Table 'NLHRed40' 6-max Seat #5 is the button
Seat 1: 31686250 ($6.92 in chips)
Seat 2: c67d323d ($10 in chips)
Seat 3: Hero ($12.64 in chips)
Seat 4: abe5e784 ($1.9 in chips)
Seat 5: 4a5719c ($10.33 in chips)
Seat 6: 5e118d85 ($10.05 in chips)
5e118d85: posts small blind $0.05
31686250: posts big blind $0.1
*** HOLE CARDS ***
Dealt to 31686250 
Dealt to c67d323d 
Dealt to Hero [Tc 2d]
Dealt to abe5e784 
Dealt to 4a5719c 
Dealt to 5e118d85 
c67d323d: raises $0.1 to $0.2
Hero: folds
abe5e784: folds
4a5719c: folds
5e118d85: folds
31686250: calls $0.1
*** FLOP *** [8s 6h 2h]
31686250: bets $0.15
c67d323d: folds
Uncalled bet ($0.15) returned to 31686250
*** SHOWDOWN ***
31686250 collected $0.43 from pot
*** SUMMARY ***
Total pot $0.45 | Rake $0.02 | Jackpot $0 | Bingo $0 | Fortune $0 | Tax $0
Board [8s 6h 2h]
Seat 1: 31686250 (big blind) won ($0.43)
Seat 2: c67d323d folded on the Flop
Seat 3: Hero folded before Flop (didn't bet)
Seat 4: abe5e784 folded before Flop (didn't bet)
Seat 5: 4a5719c (button) folded before Flop (didn't bet)
Seat 6: 5e118d85 (small blind) folded before Flop


Poker Hand #HD1773528692: Hold'em No Limit ($0.05/$0.1) - 2024/05/15 11:53:24
Table 'NLHRed40' 6-max Seat #4 is the button
Seat 1: 31686250 ($6.92 in chips)
Seat 2: c67d323d ($10 in chips)
Seat 3: Hero ($12.64 in chips)
Seat 4: abe5e784 ($1.9 in chips)
Seat 5: 4a5719c ($10.38 in chips)
Seat 6: 5e118d85 ($10 in chips)
4a5719c: posts small blind $0.05
5e118d85: posts big blind $0.1
*** HOLE CARDS ***
Dealt to 31686250 
Dealt to c67d323d 
Dealt to Hero [3s 7c]
Dealt to abe5e784 
Dealt to 4a5719c 
Dealt to 5e118d85 
31686250: folds
c67d323d: folds
Hero: folds
abe5e784: folds
4a5719c: folds
Uncalled bet ($0.05) returned to 5e118d85
*** SHOWDOWN ***
5e118d85 collected $0.1 from pot
*** SUMMARY ***
Total pot $0.1 | Rake $0 | Jackpot $0 | Bingo $0 | Fortune $0 | Tax $0
Seat 1: 31686250 folded before Flop (didn't bet)
Seat 2: c67d323d folded before Flop (didn't bet)
Seat 3: Hero folded before Flop (didn't bet)
Seat 4: abe5e784 (button) folded before Flop (didn't bet)
Seat 5: 4a5719c (small blind) folded before Flop
Seat 6: 5e118d85 (big blind) collected ($0.1)


Poker Hand #HD1773528620: Hold'em No Limit ($0.05/$0.1) - 2024/05/15 11:52:48
Table 'NLHRed40' 6-max Seat #3 is the button
Seat 1: 31686250 ($7.26 in chips)
Seat 2: c67d323d ($10 in chips)
Seat 3: Hero ($12.19 in chips)
Seat 4: abe5e784 ($1.95 in chips)
Seat 5: 4a5719c ($10.48 in chips)
Seat 6: 5e118d85 ($10 in chips)
abe5e784: posts small blind $0.05
4a5719c: posts big blind $0.1
*** HOLE CARDS ***
Dealt to 31686250 
Dealt to c67d323d 
Dealt to Hero [8h 9h]
Dealt to abe5e784 
Dealt to 4a5719c 
Dealt to 5e118d85 
5e118d85: folds
31686250: calls $0.1
c67d323d: folds
Hero: raises $0.24 to $0.34
abe5e784: folds
4a5719c: folds
31686250: calls $0.24
*** FLOP *** [Jh Ts 9d]
31686250: checks
Hero: bets $0.28
31686250: folds
Uncalled bet ($0.28) returned to Hero
*** SHOWDOWN ***
Hero collected $0.79 from pot
*** SUMMARY ***
Total pot $0.83 | Rake $0.04 | Jackpot $0 | Bingo $0 | Fortune $0 | Tax $0
Board [Jh Ts 9d]
Seat 1: 31686250 folded on the Flop
Seat 2: c67d323d folded before Flop (didn't bet)
Seat 3: Hero (button) won ($0.79)
Seat 4: abe5e784 (small blind) folded before Flop
Seat 5: 4a5719c (big blind) folded before Flop
Seat 6: 5e118d85 folded before Flop (didn't bet)


Poker Hand #HD1773528551: Hold'em No Limit ($0.05/$0.1) - 2024/05/15 11:52:13
Table 'NLHRed40' 6-max Seat #2 is the button
Seat 1: 31686250 ($7.26 in chips)
Seat 2: c67d323d ($10 in chips)
Seat 3: Hero ($12.24 in chips)
Seat 4: abe5e784 ($1.7 in chips)
Seat 5: 4a5719c ($10.48 in chips)
Seat 6: 5e118d85 ($10 in chips)
Hero: posts small blind $0.05
abe5e784: posts big blind $0.1
*** HOLE CARDS ***
Dealt to 31686250 
Dealt to c67d323d 
Dealt to Hero [6h Kd]
Dealt to abe5e784 
Dealt to 4a5719c 
Dealt to 5e118d85 
4a5719c: folds
5e118d85: raises $0.12 to $0.22
31686250: folds
c67d323d: folds
Hero: folds
abe5e784: calls $0.12
*** FLOP *** [6s Kh 3h]
abe5e784: checks
5e118d85: checks
*** TURN *** [6s Kh 3h] [Jh]
abe5e784: checks
5e118d85: checks
*** RIVER *** [6s Kh 3h Jh] [8s]
abe5e784: checks
5e118d85: checks
abe5e784: shows [Qc Jd] (Pair of Jacks)
5e118d85: shows [7h 7c] (Pair of Sevens)
*** SHOWDOWN ***
abe5e784 collected $0.47 from pot
*** SUMMARY ***
Total pot $0.49 | Rake $0.02 | Jackpot $0 | Bingo $0 | Fortune $0 | Tax $0
Board [6s Kh 3h Jh 8s]
Seat 1: 31686250 folded before Flop (didn't bet)
Seat 2: c67d323d (button) folded before Flop (didn't bet)
Seat 3: Hero (small blind) folded before Flop
Seat 4: abe5e784 (big blind) showed [Qc Jd] and won ($0.47) with Pair of Jacks
Seat 5: 4a5719c folded before Flop (didn't bet)
Seat 6: 5e118d85 showed [7h 7c] and lost with Pair of Sevens


Poker Hand #HD1773528459: Hold'em No Limit ($0.05/$0.1) - 2024/05/15 11:51:26
Table 'NLHRed40' 6-max Seat #1 is the button
Seat 1: 31686250 ($7.55 in chips)
Seat 2: c67d323d ($10 in chips)
Seat 3: Hero ($11.93 in chips)
Seat 4: abe5e784 ($1.7 in chips)
Seat 5: 4a5719c ($10.48 in chips)
Seat 6: 5e118d85 ($10 in chips)
c67d323d: posts small blind $0.05
Hero: posts big blind $0.1
*** HOLE CARDS ***
Dealt to 31686250 
Dealt to c67d323d 
Dealt to Hero [9c 7c]
Dealt to abe5e784 
Dealt to 4a5719c 
Dealt to 5e118d85 
abe5e784: folds
4a5719c: folds
5e118d85: folds
31686250: calls $0.1
c67d323d: folds
Hero: checks
*** FLOP *** [As Kd 5c]
Hero: checks
31686250: checks
*** TURN *** [As Kd 5c] [9h]
Hero: checks
31686250: checks
*** RIVER *** [As Kd 5c 9h] [Ac]
Hero: checks
31686250: bets $0.19
Hero: calls $0.19
31686250: shows [8h 8d] (Pair of Aces and Pair of Eights)
Hero: shows [9c 7c] (Pair of Aces and Pair of Nines)
*** SHOWDOWN ***
Hero collected $0.6 from pot
*** SUMMARY ***
Total pot $0.63 | Rake $0.03 | Jackpot $0 | Bingo $0 | Fortune $0 | Tax $0
Board [As Kd 5c 9h Ac]
Seat 1: 31686250 (button) showed [8h 8d] and lost with Pair of Aces and Pair of Eights
Seat 2: c67d323d (small blind) folded before Flop
Seat 3: Hero (big blind) showed [9c 7c] and won ($0.6) with Pair of Aces and Pair of Nines
Seat 4: abe5e784 folded before Flop (didn't bet)
Seat 5: 4a5719c folded before Flop (didn't bet)
Seat 6: 5e118d85 folded before Flop (didn't bet)


Poker Hand #HD1773528364: Hold'em No Limit ($0.05/$0.1) - 2024/05/15 11:50:36
Table 'NLHRed40' 6-max Seat #6 is the button
Seat 1: 31686250 ($7.97 in chips)
Seat 2: c67d323d ($10 in chips)
Seat 3: Hero ($11.93 in chips)
Seat 4: abe5e784 ($1.7 in chips)
Seat 5: 4a5719c ($10 in chips)
Seat 6: 5e118d85 ($10 in chips)
31686250: posts small blind $0.05
c67d323d: posts big blind $0.1
*** HOLE CARDS ***
Dealt to 31686250 
Dealt to c67d323d 
Dealt to Hero [5s Qs]
Dealt to abe5e784 
Dealt to 4a5719c 
Dealt to 5e118d85 
Hero: folds
abe5e784: folds
4a5719c: raises $0.12 to $0.22
5e118d85: folds
31686250: calls $0.17
c67d323d: folds
*** FLOP *** [Js 8d Th]
31686250: checks
4a5719c: checks
*** TURN *** [Js 8d Th] [Ts]
31686250: checks
4a5719c: bets $0.2
31686250: calls $0.2
*** RIVER *** [Js 8d Th Ts] [3c]
31686250: checks
4a5719c: checks
31686250: shows [Qc Ks] (Pair of Tens)
4a5719c: shows [2d 2h] (Pair of Tens and Pair of Twos)
*** SHOWDOWN ***
4a5719c collected $0.9 from pot
*** SUMMARY ***
Total pot $0.94 | Rake $0.04 | Jackpot $0 | Bingo $0 | Fortune $0 | Tax $0
Board [Js 8d Th Ts 3c]
Seat 1: 31686250 (small blind) showed [Qc Ks] and lost with Pair of Tens
Seat 2: c67d323d (big blind) folded before Flop
Seat 3: Hero folded before Flop (didn't bet)
Seat 4: abe5e784 folded before Flop (didn't bet)
Seat 5: 4a5719c showed [2d 2h] and won ($0.9) with Pair of Tens and Pair of Twos
Seat 6: 5e118d85 (button) folded before Flop (didn't bet)


Poker Hand #HD1773528246: Hold'em No Limit ($0.05/$0.1) - 2024/05/15 11:49:39
Table 'NLHRed40' 6-max Seat #5 is the button
Seat 1: 31686250 ($6.6 in chips)
Seat 3: Hero ($11.93 in chips)
Seat 4: abe5e784 ($1.7 in chips)
Seat 5: 4a5719c ($10.28 in chips)
Seat 6: 5e118d85 ($10 in chips)
5e118d85: posts small blind $0.05
31686250: posts big blind $0.1
*** HOLE CARDS ***
Dealt to 31686250 
Dealt to Hero [2h Td]
Dealt to abe5e784 
Dealt to 4a5719c 
Dealt to 5e118d85 
Hero: folds
abe5e784: folds
4a5719c: raises $0.15 to $0.25
5e118d85: folds
31686250: calls $0.15
*** FLOP *** [Jh Ts 4c]
31686250: checks
4a5719c: bets $0.2
31686250: calls $0.2
*** TURN *** [Jh Ts 4c] [3c]
31686250: bets $0.32
4a5719c: calls $0.32
*** RIVER *** [Jh Ts 4c 3c] [Ad]
31686250: bets $0.8
4a5719c: calls $0.8
31686250: shows [Kh Jc] (Pair of Jacks)
4a5719c: shows [9d Tc] (Pair of Tens)
*** SHOWDOWN ***
31686250 collected $2.94 from pot
*** SUMMARY ***
Total pot $3.19 | Rake $0.15 | Jackpot $0.1 | Bingo $0 | Fortune $0 | Tax $0
Board [Jh Ts 4c 3c Ad]
Seat 1: 31686250 (big blind) showed [Kh Jc] and won ($2.94) with Pair of Jacks
Seat 3: Hero folded before Flop (didn't bet)
Seat 4: abe5e784 folded before Flop (didn't bet)
Seat 5: 4a5719c (button) showed [9d Tc] and lost with Pair of Tens
Seat 6: 5e118d85 (small blind) folded before Flop


Poker Hand #HD1773528178: Hold'em No Limit ($0.05/$0.1) - 2024/05/15 11:48:59
Table 'NLHRed40' 6-max Seat #4 is the button
Seat 1: fc611a7e ($19.44 in chips)
Seat 3: Hero ($11.93 in chips)
Seat 4: abe5e784 ($1.7 in chips)
Seat 5: 4a5719c ($10.05 in chips)
Seat 6: 5e118d85 ($10 in chips)
4a5719c: posts small blind $0.05
5e118d85: posts big blind $0.1
*** HOLE CARDS ***
Dealt to fc611a7e 
Dealt to Hero [8c 6s]
Dealt to abe5e784 
Dealt to 4a5719c 
Dealt to 5e118d85 
fc611a7e: folds
Hero: folds
abe5e784: folds
4a5719c: raises $0.15 to $0.25
5e118d85: calls $0.15
*** FLOP *** [Js 3c Ts]
4a5719c: checks
5e118d85: checks
*** TURN *** [Js 3c Ts] [Td]
4a5719c: checks
5e118d85: checks
*** RIVER *** [Js 3c Ts Td] [7h]
4a5719c: bets $0.4
5e118d85: folds
Uncalled bet ($0.4) returned to 4a5719c
*** SHOWDOWN ***
4a5719c collected $0.48 from pot
*** SUMMARY ***
Total pot $0.5 | Rake $0.02 | Jackpot $0 | Bingo $0 | Fortune $0 | Tax $0
Board [Js 3c Ts Td 7h]
Seat 1: fc611a7e folded before Flop (didn't bet)
Seat 3: Hero folded before Flop (didn't bet)
Seat 4: abe5e784 (button) folded before Flop (didn't bet)
Seat 5: 4a5719c (small blind) won ($0.48)
Seat 6: 5e118d85 (big blind) folded on the River


Poker Hand #HD1773528146: Hold'em No Limit ($0.05/$0.1) - 2024/05/15 11:48:44
Table 'NLHRed40' 6-max Seat #3 is the button
Seat 1: fc611a7e ($19.44 in chips)
Seat 2: 5a5f19c7 ($9.48 in chips)
Seat 3: Hero ($11.93 in chips)
Seat 4: abe5e784 ($1.75 in chips)
Seat 5: 4a5719c ($10 in chips)
Seat 6: 5e118d85 ($10 in chips)
abe5e784: posts small blind $0.05
4a5719c: posts big blind $0.1
*** HOLE CARDS ***
Dealt to fc611a7e 
Dealt to 5a5f19c7 
Dealt to Hero [7d Ac]
Dealt to abe5e784 
Dealt to 4a5719c 
Dealt to 5e118d85 
5e118d85: folds
fc611a7e: folds
5a5f19c7: folds
Hero: folds
abe5e784: folds
Uncalled bet ($0.05) returned to 4a5719c
*** SHOWDOWN ***
4a5719c collected $0.1 from pot
*** SUMMARY ***
Total pot $0.1 | Rake $0 | Jackpot $0 | Bingo $0 | Fortune $0 | Tax $0
Seat 1: fc611a7e folded before Flop (didn't bet)
Seat 2: 5a5f19c7 folded before Flop (didn't bet)
Seat 3: Hero (button) folded before Flop (didn't bet)
Seat 4: abe5e784 (small blind) folded before Flop
Seat 5: 4a5719c (big blind) collected ($0.1)
Seat 6: 5e118d85 folded before Flop (didn't bet)


Poker Hand #HD1773527953: Hold'em No Limit ($0.05/$0.1) - 2024/05/15 11:47:07
Table 'NLHRed40' 6-max Seat #2 is the button
Seat 1: fc611a7e ($16.52 in chips)
Seat 2: 5a5f19c7 ($11.03 in chips)
Seat 3: Hero ($11.98 in chips)
Seat 4: abe5e784 ($1.85 in chips)
Seat 5: 4a5719c ($10.85 in chips)
Seat 6: 5e118d85 ($10 in chips)
Hero: posts small blind $0.05
abe5e784: posts big blind $0.1
*** HOLE CARDS ***
Dealt to fc611a7e 
Dealt to 5a5f19c7 
Dealt to Hero [5d 9h]
Dealt to abe5e784 
Dealt to 4a5719c 
Dealt to 5e118d85 
4a5719c: raises $0.12 to $0.22
5e118d85: folds
fc611a7e: raises $0.53 to $0.75
5a5f19c7: calls $0.75
Hero: folds
abe5e784: folds
4a5719c: calls $0.53
*** FLOP *** [2s 5c 4d]
4a5719c: checks
fc611a7e: checks
5a5f19c7: checks
*** TURN *** [2s 5c 4d] [3d]
4a5719c: checks
fc611a7e: checks
5a5f19c7: bets $0.8
4a5719c: calls $0.8
fc611a7e: calls $0.8
*** RIVER *** [2s 5c 4d 3d] [Qh]
4a5719c: checks
fc611a7e: checks
5a5f19c7: checks
4a5719c: shows [5h 5s] (Three Fives)
fc611a7e: shows [Ad Kh] (Fives-High Straight)
5a5f19c7: shows [9s Kd] (King-High)
*** SHOWDOWN ***
fc611a7e collected $4.47 from pot
*** SUMMARY ***
Total pot $4.8 | Rake $0.23 | Jackpot $0.1 | Bingo $0 | Fortune $0 | Tax $0
Board [2s 5c 4d 3d Qh]
Seat 1: fc611a7e showed [Ad Kh] and won ($4.47) with Fives-High Straight
Seat 2: 5a5f19c7 (button) showed [9s Kd] and lost with King-High
Seat 3: Hero (small blind) folded before Flop
Seat 4: abe5e784 (big blind) folded before Flop
Seat 5: 4a5719c showed [5h 5s] and lost with Three Fives
Seat 6: 5e118d85 folded before Flop (didn't bet)


Poker Hand #HD1773527917: Hold'em No Limit ($0.05/$0.1) - 2024/05/15 11:46:47
Table 'NLHRed40' 6-max Seat #1 is the button
Seat 1: fc611a7e ($16.52 in chips)
Seat 2: 5a5f19c7 ($11.08 in chips)
Seat 3: Hero ($12.08 in chips)
Seat 4: abe5e784 ($1.85 in chips)
Seat 5: 4a5719c ($10.7 in chips)
Seat 6: 5e118d85 ($10 in chips)
5a5f19c7: posts small blind $0.05
Hero: posts big blind $0.1
*** HOLE CARDS ***
Dealt to fc611a7e 
Dealt to 5a5f19c7 
Dealt to Hero [9c Kh]
Dealt to abe5e784 
Dealt to 4a5719c 
Dealt to 5e118d85 
abe5e784: folds
4a5719c: raises $0.12 to $0.22
5e118d85: folds
fc611a7e: folds
5a5f19c7: folds
Hero: folds
Uncalled bet ($0.12) returned to 4a5719c
*** SHOWDOWN ***
4a5719c collected $0.25 from pot
*** SUMMARY ***
Total pot $0.25 | Rake $0 | Jackpot $0 | Bingo $0 | Fortune $0 | Tax $0
Seat 1: fc611a7e (button) folded before Flop (didn't bet)
Seat 2: 5a5f19c7 (small blind) folded before Flop
Seat 3: Hero (big blind) folded before Flop
Seat 4: abe5e784 folded before Flop (didn't bet)
Seat 5: 4a5719c collected ($0.25)
Seat 6: 5e118d85 folded before Flop (didn't bet)


Poker Hand #HD1773527845: Hold'em No Limit ($0.05/$0.1) - 2024/05/15 11:46:10
Table 'NLHRed40' 6-max Seat #6 is the button
Seat 1: fc611a7e ($16.77 in chips)
Seat 2: 5a5f19c7 ($11.33 in chips)
Seat 3: Hero ($12.08 in chips)
Seat 4: abe5e784 ($1.85 in chips)
Seat 5: 4a5719c ($10.23 in chips)
Seat 6: 5e118d85 ($10 in chips)
fc611a7e: posts small blind $0.05
5a5f19c7: posts big blind $0.1
*** HOLE CARDS ***
Dealt to fc611a7e 
Dealt to 5a5f19c7 
Dealt to Hero [9s Kh]
Dealt to abe5e784 
Dealt to 4a5719c 
Dealt to 5e118d85 
Hero: folds
abe5e784: folds
4a5719c: raises $0.15 to $0.25
5e118d85: folds
fc611a7e: calls $0.2
5a5f19c7: calls $0.15
*** FLOP *** [2h Ah 3s]
fc611a7e: checks
5a5f19c7: checks
4a5719c: bets $0.3
fc611a7e: folds
5a5f19c7: folds
Uncalled bet ($0.3) returned to 4a5719c
*** SHOWDOWN ***
4a5719c collected $0.72 from pot
*** SUMMARY ***
Total pot $0.75 | Rake $0.03 | Jackpot $0 | Bingo $0 | Fortune $0 | Tax $0
Board [2h Ah 3s]
Seat 1: fc611a7e (small blind) folded on the Flop
Seat 2: 5a5f19c7 (big blind) folded on the Flop
Seat 3: Hero folded before Flop (didn't bet)
Seat 4: abe5e784 folded before Flop (didn't bet)
Seat 5: 4a5719c won ($0.72)
Seat 6: 5e118d85 (button) folded before Flop (didn't bet)


Poker Hand #HD1773527814: Hold'em No Limit ($0.05/$0.1) - 2024/05/15 11:45:51
Table 'NLHRed40' 6-max Seat #5 is the button
Seat 1: fc611a7e ($16.87 in chips)
Seat 2: 5a5f19c7 ($11.18 in chips)
Seat 3: Hero ($12.08 in chips)
Seat 4: abe5e784 ($1.85 in chips)
Seat 5: 4a5719c ($10.23 in chips)
Seat 6: 5e118d85 ($10 in chips)
5e118d85: posts small blind $0.05
fc611a7e: posts big blind $0.1
*** HOLE CARDS ***
Dealt to fc611a7e 
Dealt to 5a5f19c7 
Dealt to Hero [Kd 8s]
Dealt to abe5e784 
Dealt to 4a5719c 
Dealt to 5e118d85 
5a5f19c7: raises $0.2 to $0.3
Hero: folds
abe5e784: folds
4a5719c: folds
5e118d85: folds
fc611a7e: folds
Uncalled bet ($0.2) returned to 5a5f19c7
*** SHOWDOWN ***
5a5f19c7 collected $0.25 from pot
*** SUMMARY ***
Total pot $0.25 | Rake $0 | Jackpot $0 | Bingo $0 | Fortune $0 | Tax $0
Seat 1: fc611a7e (big blind) folded before Flop
Seat 2: 5a5f19c7 collected ($0.25)
Seat 3: Hero folded before Flop (didn't bet)
Seat 4: abe5e784 folded before Flop (didn't bet)
Seat 5: 4a5719c (button) folded before Flop (didn't bet)
Seat 6: 5e118d85 (small blind) folded before Flop


Poker Hand #HD1773527765: Hold'em No Limit ($0.05/$0.1) - 2024/05/15 11:45:26
Table 'NLHRed40' 6-max Seat #4 is the button
Seat 1: fc611a7e ($16.87 in chips)
Seat 2: 5a5f19c7 ($11.18 in chips)
Seat 3: Hero ($12.08 in chips)
Seat 4: abe5e784 ($1.85 in chips)
Seat 5: 4a5719c ($10 in chips)
Seat 6: 5e118d85 ($10 in chips)
4a5719c: posts small blind $0.05
5e118d85: posts big blind $0.1
*** HOLE CARDS ***
Dealt to fc611a7e 
Dealt to 5a5f19c7 
Dealt to Hero [4h Td]
Dealt to abe5e784 
Dealt to 4a5719c 
Dealt to 5e118d85 
fc611a7e: folds
5a5f19c7: folds
Hero: folds
abe5e784: folds
4a5719c: raises $0.15 to $0.25
5e118d85: calls $0.15
*** FLOP *** [Jc 5c 3d]
4a5719c: bets $0.2
5e118d85: folds
Uncalled bet ($0.2) returned to 4a5719c
*** SHOWDOWN ***
4a5719c collected $0.48 from pot
*** SUMMARY ***
Total pot $0.5 | Rake $0.02 | Jackpot $0 | Bingo $0 | Fortune $0 | Tax $0
Board [Jc 5c 3d]
Seat 1: fc611a7e folded before Flop (didn't bet)
Seat 2: 5a5f19c7 folded before Flop (didn't bet)
Seat 3: Hero folded before Flop (didn't bet)
Seat 4: abe5e784 (button) folded before Flop (didn't bet)
Seat 5: 4a5719c (small blind) won ($0.48)
Seat 6: 5e118d85 (big blind) folded on the Flop


Poker Hand #HD1773527638: Hold'em No Limit ($0.05/$0.1) - 2024/05/15 11:44:26
Table 'NLHRed40' 6-max Seat #3 is the button
Seat 1: fc611a7e ($16.34 in chips)
Seat 2: 5a5f19c7 ($11.18 in chips)
Seat 3: Hero ($12.08 in chips)
Seat 4: abe5e784 ($1.9 in chips)
Seat 5: 4a5719c ($10.19 in chips)
Seat 6: 5e118d85 ($10 in chips)
abe5e784: posts small blind $0.05
4a5719c: posts big blind $0.1
*** HOLE CARDS ***
Dealt to fc611a7e 
Dealt to 5a5f19c7 
Dealt to Hero [4d 2h]
Dealt to abe5e784 
Dealt to 4a5719c 
Dealt to 5e118d85 
5e118d85: folds
fc611a7e: raises $0.2 to $0.3
5a5f19c7: folds
Hero: folds
abe5e784: folds
4a5719c: calls $0.2
*** FLOP *** [5d Kh 3d]
4a5719c: checks
fc611a7e: bets $0.23
4a5719c: calls $0.23
*** TURN *** [5d Kh 3d] [Ah]
4a5719c: checks
fc611a7e: bets $0.92
4a5719c: folds
Uncalled bet ($0.92) returned to fc611a7e
*** SHOWDOWN ***
fc611a7e collected $1.06 from pot
*** SUMMARY ***
Total pot $1.11 | Rake $0.05 | Jackpot $0 | Bingo $0 | Fortune $0 | Tax $0
Board [5d Kh 3d Ah]
Seat 1: fc611a7e won ($1.06)
Seat 2: 5a5f19c7 folded before Flop (didn't bet)
Seat 3: Hero (button) folded before Flop (didn't bet)
Seat 4: abe5e784 (small blind) folded before Flop
Seat 5: 4a5719c (big blind) folded on the Turn
Seat 6: 5e118d85 folded before Flop (didn't bet)


Poker Hand #HD1773527611: Hold'em No Limit ($0.05/$0.1) - 2024/05/15 11:44:10
Table 'NLHRed40' 6-max Seat #2 is the button
Seat 1: fc611a7e ($16.34 in chips)
Seat 2: 5a5f19c7 ($11.18 in chips)
Seat 3: Hero ($12.13 in chips)
Seat 4: abe5e784 ($2 in chips)
Seat 5: 4a5719c ($10.04 in chips)
Seat 6: 5e118d85 ($10 in chips)
Hero: posts small blind $0.05
abe5e784: posts big blind $0.1
*** HOLE CARDS ***
Dealt to fc611a7e 
Dealt to 5a5f19c7 
Dealt to Hero [9d Ts]
Dealt to abe5e784 
Dealt to 4a5719c 
Dealt to 5e118d85 
4a5719c: raises $0.12 to $0.22
5e118d85: folds
fc611a7e: folds
5a5f19c7: folds
Hero: folds
abe5e784: folds
Uncalled bet ($0.12) returned to 4a5719c
*** SHOWDOWN ***
4a5719c collected $0.25 from pot
*** SUMMARY ***
Total pot $0.25 | Rake $0 | Jackpot $0 | Bingo $0 | Fortune $0 | Tax $0
Seat 1: fc611a7e folded before Flop (didn't bet)
Seat 2: 5a5f19c7 (button) folded before Flop (didn't bet)
Seat 3: Hero (small blind) folded before Flop
Seat 4: abe5e784 (big blind) folded before Flop
Seat 5: 4a5719c collected ($0.25)
Seat 6: 5e118d85 folded before Flop (didn't bet)


Poker Hand #HD1773527549: Hold'em No Limit ($0.05/$0.1) - 2024/05/15 11:43:43
Table 'NLHRed40' 6-max Seat #1 is the button
Seat 1: fc611a7e ($15.91 in chips)
Seat 2: 5a5f19c7 ($11.55 in chips)
Seat 3: Hero ($12.23 in chips)
Seat 5: 4a5719c ($10.04 in chips)
Seat 6: 5e118d85 ($10 in chips)
5a5f19c7: posts small blind $0.05
Hero: posts big blind $0.1
*** HOLE CARDS ***
Dealt to fc611a7e 
Dealt to 5a5f19c7 
Dealt to Hero [Kc 5d]
Dealt to 4a5719c 
Dealt to 5e118d85 
4a5719c: folds
5e118d85: folds
fc611a7e: raises $0.1 to $0.2
5a5f19c7: calls $0.15
Hero: folds
*** FLOP *** [9h Js Qh]
5a5f19c7: bets $0.17
fc611a7e: calls $0.17
*** TURN *** [9h Js Qh] [8c]
5a5f19c7: checks
fc611a7e: bets $1.05
5a5f19c7: folds
Uncalled bet ($1.05) returned to fc611a7e
*** SHOWDOWN ***
fc611a7e collected $0.8 from pot
*** SUMMARY ***
Total pot $0.84 | Rake $0.04 | Jackpot $0 | Bingo $0 | Fortune $0 | Tax $0
Board [9h Js Qh 8c]
Seat 1: fc611a7e (button) won ($0.8)
Seat 2: 5a5f19c7 (small blind) folded on the Turn
Seat 3: Hero (big blind) folded before Flop
Seat 5: 4a5719c folded before Flop (didn't bet)
Seat 6: 5e118d85 folded before Flop (didn't bet)


Poker Hand #HD1773527423: Hold'em No Limit ($0.05/$0.1) - 2024/05/15 11:42:38
Table 'NLHRed40' 6-max Seat #6 is the button
Seat 1: fc611a7e ($15.96 in chips)
Seat 2: 5a5f19c7 ($11.01 in chips)
Seat 3: Hero ($12.23 in chips)
Seat 5: 4a5719c ($10.58 in chips)
Seat 6: 5e118d85 ($10 in chips)
fc611a7e: posts small blind $0.05
5a5f19c7: posts big blind $0.1
*** HOLE CARDS ***
Dealt to fc611a7e 
Dealt to 5a5f19c7 
Dealt to Hero [Tc 4h]
Dealt to 4a5719c 
Dealt to 5e118d85 
Hero: folds
4a5719c: raises $0.15 to $0.25
5e118d85: folds
fc611a7e: folds
5a5f19c7: calls $0.15
*** FLOP *** [3d 8c 7h]
5a5f19c7: bets $0.19
4a5719c: calls $0.19
*** TURN *** [3d 8c 7h] [5s]
5a5f19c7: checks
4a5719c: checks
*** RIVER *** [3d 8c 7h 5s] [3h]
5a5f19c7: checks
4a5719c: bets $0.1
5a5f19c7: calls $0.1
4a5719c: shows [Js 7s] (Pair of Sevens and Pair of Treys)
5a5f19c7: shows [Ah 8s] (Pair of Eights and Pair of Treys)
*** SHOWDOWN ***
5a5f19c7 collected $1.08 from pot
*** SUMMARY ***
Total pot $1.13 | Rake $0.05 | Jackpot $0 | Bingo $0 | Fortune $0 | Tax $0
Board [3d 8c 7h 5s 3h]
Seat 1: fc611a7e (small blind) folded before Flop
Seat 2: 5a5f19c7 (big blind) showed [Ah 8s] and won ($1.08) with Pair of Eights and Pair of Treys
Seat 3: Hero folded before Flop (didn't bet)
Seat 5: 4a5719c showed [Js 7s] and lost with Pair of Sevens and Pair of Treys
Seat 6: 5e118d85 (button) folded before Flop (didn't bet)


Poker Hand #HD1773527390: Hold'em No Limit ($0.05/$0.1) - 2024/05/15 11:42:22
Table 'NLHRed40' 6-max Seat #5 is the button
Seat 1: fc611a7e ($16.06 in chips)
Seat 2: 5a5f19c7 ($11.01 in chips)
Seat 3: Hero ($12.23 in chips)
Seat 5: 4a5719c ($10.43 in chips)
Seat 6: 5e118d85 ($10 in chips)
5e118d85: posts small blind $0.05
fc611a7e: posts big blind $0.1
*** HOLE CARDS ***
Dealt to fc611a7e 
Dealt to 5a5f19c7 
Dealt to Hero [Kh 3c]
Dealt to 4a5719c 
Dealt to 5e118d85 
5a5f19c7: folds
Hero: folds
4a5719c: raises $0.15 to $0.25
5e118d85: folds
fc611a7e: folds
Uncalled bet ($0.15) returned to 4a5719c
*** SHOWDOWN ***
4a5719c collected $0.25 from pot
*** SUMMARY ***
Total pot $0.25 | Rake $0 | Jackpot $0 | Bingo $0 | Fortune $0 | Tax $0
Seat 1: fc611a7e (big blind) folded before Flop
Seat 2: 5a5f19c7 folded before Flop (didn't bet)
Seat 3: Hero folded before Flop (didn't bet)
Seat 5: 4a5719c (button) collected ($0.25)
Seat 6: 5e118d85 (small blind) folded before Flop


Poker Hand #HD1773527269: Hold'em No Limit ($0.05/$0.1) - 2024/05/15 11:41:21
Table 'NLHRed40' 6-max Seat #4 is the button
Seat 1: fc611a7e ($16.06 in chips)
Seat 2: 5a5f19c7 ($10.73 in chips)
Seat 3: Hero ($12.23 in chips)
Seat 4: 33d5546f ($12.88 in chips)
Seat 5: 4a5719c ($10.63 in chips)
Seat 6: 5e118d85 ($10 in chips)
4a5719c: posts small blind $0.05
5e118d85: posts big blind $0.1
*** HOLE CARDS ***
Dealt to fc611a7e 
Dealt to 5a5f19c7 
Dealt to Hero [3c 2c]
Dealt to 33d5546f 
Dealt to 4a5719c 
Dealt to 5e118d85 
fc611a7e: folds
5a5f19c7: calls $0.1
Hero: folds
33d5546f: folds
4a5719c: calls $0.05
5e118d85: checks
*** FLOP *** [8s Ts 3d]
4a5719c: checks
5e118d85: checks
5a5f19c7: checks
*** TURN *** [8s Ts 3d] [Ah]
4a5719c: checks
5e118d85: checks
5a5f19c7: checks
*** RIVER *** [8s Ts 3d Ah] [Tc]
4a5719c: checks
5e118d85: checks
5a5f19c7: bets $0.1
4a5719c: calls $0.1
5e118d85: folds
5a5f19c7: shows [5s Ad] (Pair of Aces and Pair of Tens)
4a5719c: shows [6d 6h] (Pair of Tens and Pair of Sixes)
*** SHOWDOWN ***
5a5f19c7 collected $0.48 from pot
*** SUMMARY ***
Total pot $0.5 | Rake $0.02 | Jackpot $0 | Bingo $0 | Fortune $0 | Tax $0
Board [8s Ts 3d Ah Tc]
Seat 1: fc611a7e folded before Flop (didn't bet)
Seat 2: 5a5f19c7 showed [5s Ad] and won ($0.48) with Pair of Aces and Pair of Tens
Seat 3: Hero folded before Flop (didn't bet)
Seat 4: 33d5546f (button) folded before Flop (didn't bet)
Seat 5: 4a5719c (small blind) showed [6d 6h] and lost with Pair of Tens and Pair of Sixes
Seat 6: 5e118d85 (big blind) folded on the River


Poker Hand #HD1773527206: Hold'em No Limit ($0.05/$0.1) - 2024/05/15 11:40:46
Table 'NLHRed40' 6-max Seat #3 is the button
Seat 1: fc611a7e ($16.31 in chips)
Seat 2: 5a5f19c7 ($10.73 in chips)
Seat 3: Hero ($11.86 in chips)
Seat 4: 33d5546f ($12.93 in chips)
Seat 5: 4a5719c ($10.73 in chips)
Seat 6: 5e118d85 ($10 in chips)
33d5546f: posts small blind $0.05
4a5719c: posts big blind $0.1
*** HOLE CARDS ***
Dealt to fc611a7e 
Dealt to 5a5f19c7 
Dealt to Hero [Jd Ac]
Dealt to 33d5546f 
Dealt to 4a5719c 
Dealt to 5e118d85 
5e118d85: folds
fc611a7e: raises $0.15 to $0.25
5a5f19c7: folds
Hero: raises $0.55 to $0.8
33d5546f: folds
4a5719c: folds
fc611a7e: folds
Uncalled bet ($0.55) returned to Hero
*** SHOWDOWN ***
Hero collected $0.62 from pot
*** SUMMARY ***
Total pot $0.65 | Rake $0.03 | Jackpot $0 | Bingo $0 | Fortune $0 | Tax $0
Seat 1: fc611a7e folded before Flop
Seat 2: 5a5f19c7 folded before Flop (didn't bet)
Seat 3: Hero (button) collected ($0.62)
Seat 4: 33d5546f (small blind) folded before Flop
Seat 5: 4a5719c (big blind) folded before Flop
Seat 6: 5e118d85 folded before Flop (didn't bet)


Poker Hand #HD1773527095: Hold'em No Limit ($0.05/$0.1) - 2024/05/15 11:39:51
Table 'NLHRed40' 6-max Seat #2 is the button
Seat 1: fc611a7e ($16.31 in chips)
Seat 2: 5a5f19c7 ($10.83 in chips)
Seat 3: Hero ($11.96 in chips)
Seat 4: 33d5546f ($13.03 in chips)
Seat 5: 4a5719c ($10.73 in chips)
Seat 6: 5e118d85 ($10 in chips)
Hero: posts small blind $0.05
33d5546f: posts big blind $0.1
*** HOLE CARDS ***
Dealt to fc611a7e 
Dealt to 5a5f19c7 
Dealt to Hero [Qc Qd]
Dealt to 33d5546f 
Dealt to 4a5719c 
Dealt to 5e118d85 
4a5719c: folds
5e118d85: folds
fc611a7e: folds
5a5f19c7: raises $0.2 to $0.3
Hero: raises $0.9 to $1.2
33d5546f: folds
5a5f19c7: calls $0.9
*** FLOP *** [9s 7d 8c]
Hero: bets $0.83
5a5f19c7: calls $0.83
*** TURN *** [9s 7d 8c] [6d]
Hero: checks
5a5f19c7: checks
*** RIVER *** [9s 7d 8c 6d] [5h]
Hero: checks
5a5f19c7: checks
Hero: shows [Qc Qd] (Nines-High Straight)
5a5f19c7: shows [Kh Jh] (Nines-High Straight)
*** SHOWDOWN ***
Hero collected $1.93 from pot
5a5f19c7 collected $1.93 from pot
*** SUMMARY ***
Total pot $4.16 | Rake $0.2 | Jackpot $0.1 | Bingo $0 | Fortune $0 | Tax $0
Board [9s 7d 8c 6d 5h]
Seat 1: fc611a7e folded before Flop (didn't bet)
Seat 2: 5a5f19c7 (button) showed [Kh Jh] and won ($1.93) with Nines-High Straight
Seat 3: Hero (small blind) showed [Qc Qd] and won ($1.93) with Nines-High Straight
Seat 4: 33d5546f (big blind) folded before Flop
Seat 5: 4a5719c folded before Flop (didn't bet)
Seat 6: 5e118d85 folded before Flop (didn't bet)


Poker Hand #HD1773526953: Hold'em No Limit ($0.05/$0.1) - 2024/05/15 11:38:40
Table 'NLHRed40' 6-max Seat #1 is the button
Seat 1: fc611a7e ($16.31 in chips)
Seat 2: 5a5f19c7 ($11.05 in chips)
Seat 3: Hero ($12.4 in chips)
Seat 4: 33d5546f ($13.03 in chips)
Seat 5: 4a5719c ($10.12 in chips)
Seat 6: 5e118d85 ($10 in chips)
5a5f19c7: posts small blind $0.05
Hero: posts big blind $0.1
*** HOLE CARDS ***
Dealt to fc611a7e 
Dealt to 5a5f19c7 
Dealt to Hero [7c Tc]
Dealt to 33d5546f 
Dealt to 4a5719c 
Dealt to 5e118d85 
33d5546f: folds
4a5719c: raises $0.12 to $0.22
5e118d85: folds
fc611a7e: folds
5a5f19c7: calls $0.17
Hero: calls $0.12
*** FLOP *** [4h 6d Jc]
5a5f19c7: checks
Hero: checks
4a5719c: bets $0.22
5a5f19c7: folds
Hero: calls $0.22
*** TURN *** [4h 6d Jc] [Kh]
Hero: checks
4a5719c: checks
*** RIVER *** [4h 6d Jc Kh] [4c]
Hero: checks
4a5719c: bets $0.5
Hero: folds
Uncalled bet ($0.5) returned to 4a5719c
*** SHOWDOWN ***
4a5719c collected $1.05 from pot
*** SUMMARY ***
Total pot $1.1 | Rake $0.05 | Jackpot $0 | Bingo $0 | Fortune $0 | Tax $0
Board [4h 6d Jc Kh 4c]
Seat 1: fc611a7e (button) folded before Flop (didn't bet)
Seat 2: 5a5f19c7 (small blind) folded on the Flop
Seat 3: Hero (big blind) folded on the River
Seat 4: 33d5546f folded before Flop (didn't bet)
Seat 5: 4a5719c won ($1.05)
Seat 6: 5e118d85 folded before Flop (didn't bet)


Poker Hand #HD1773526877: Hold'em No Limit ($0.05/$0.1) - 2024/05/15 11:37:59
Table 'NLHRed40' 6-max Seat #6 is the button
Seat 1: fc611a7e ($16.36 in chips)
Seat 2: 5a5f19c7 ($10.34 in chips)
Seat 3: Hero ($13.13 in chips)
Seat 4: 33d5546f ($13.03 in chips)
Seat 5: 4a5719c ($10.12 in chips)
Seat 6: 5e118d85 ($10 in chips)
fc611a7e: posts small blind $0.05
5a5f19c7: posts big blind $0.1
*** HOLE CARDS ***
Dealt to fc611a7e 
Dealt to 5a5f19c7 
Dealt to Hero [Jc Js]
Dealt to 33d5546f 
Dealt to 4a5719c 
Dealt to 5e118d85 
Hero: raises $0.1 to $0.2
33d5546f: folds
4a5719c: folds
5e118d85: folds
fc611a7e: folds
5a5f19c7: calls $0.1
*** FLOP *** [6h 7d 8h]
5a5f19c7: bets $0.15
Hero: calls $0.15
*** TURN *** [6h 7d 8h] [3d]
5a5f19c7: bets $0.38
Hero: calls $0.38
*** RIVER *** [6h 7d 8h 3d] [5h]
5a5f19c7: checks
Hero: checks
5a5f19c7: shows [3c 6s] (Pair of Sixes and Pair of Treys)
Hero: shows [Jc Js] (Pair of Jacks)
*** SHOWDOWN ***
5a5f19c7 collected $1.44 from pot
*** SUMMARY ***
Total pot $1.51 | Rake $0.07 | Jackpot $0 | Bingo $0 | Fortune $0 | Tax $0
Board [6h 7d 8h 3d 5h]
Seat 1: fc611a7e (small blind) folded before Flop
Seat 2: 5a5f19c7 (big blind) showed [3c 6s] and won ($1.44) with Pair of Sixes and Pair of Treys
Seat 3: Hero showed [Jc Js] and lost with Pair of Jacks
Seat 4: 33d5546f folded before Flop (didn't bet)
Seat 5: 4a5719c folded before Flop (didn't bet)
Seat 6: 5e118d85 (button) folded before Flop (didn't bet)


Poker Hand #HD1773526845: Hold'em No Limit ($0.05/$0.1) - 2024/05/15 11:37:45
Table 'NLHRed40' 6-max Seat #5 is the button
Seat 1: fc611a7e ($16.46 in chips)
Seat 2: 5a5f19c7 ($10.19 in chips)
Seat 3: Hero ($13.13 in chips)
Seat 4: 33d5546f ($13.03 in chips)
Seat 5: 4a5719c ($10.12 in chips)
Seat 6: 5e118d85 ($10.05 in chips)
5e118d85: posts small blind $0.05
fc611a7e: posts big blind $0.1
*** HOLE CARDS ***
Dealt to fc611a7e 
Dealt to 5a5f19c7 
Dealt to Hero [2h 8d]
Dealt to 33d5546f 
Dealt to 4a5719c 
Dealt to 5e118d85 
5a5f19c7: raises $0.2 to $0.3
Hero: folds
33d5546f: folds
4a5719c: folds
5e118d85: folds
fc611a7e: folds
Uncalled bet ($0.2) returned to 5a5f19c7
*** SHOWDOWN ***
5a5f19c7 collected $0.25 from pot
*** SUMMARY ***
Total pot $0.25 | Rake $0 | Jackpot $0 | Bingo $0 | Fortune $0 | Tax $0
Seat 1: fc611a7e (big blind) folded before Flop
Seat 2: 5a5f19c7 collected ($0.25)
Seat 3: Hero folded before Flop (didn't bet)
Seat 4: 33d5546f folded before Flop (didn't bet)
Seat 5: 4a5719c (button) folded before Flop (didn't bet)
Seat 6: 5e118d85 (small blind) folded before Flop


Poker Hand #HD1773526786: Hold'em No Limit ($0.05/$0.1) - 2024/05/15 11:37:10
Table 'NLHRed40' 6-max Seat #4 is the button
Seat 1: fc611a7e ($16.46 in chips)
Seat 2: 5a5f19c7 ($10 in chips)
Seat 3: Hero ($13.13 in chips)
Seat 4: 33d5546f ($13.03 in chips)
Seat 5: 4a5719c ($10.22 in chips)
Seat 6: 5e118d85 ($10.15 in chips)
4a5719c: posts small blind $0.05
5e118d85: posts big blind $0.1
5a5f19c7: posts big blind $0.1
*** HOLE CARDS ***
Dealt to fc611a7e 
Dealt to 5a5f19c7 
Dealt to Hero [6s Qd]
Dealt to 33d5546f 
Dealt to 4a5719c 
Dealt to 5e118d85 
fc611a7e: folds
5a5f19c7: checks
Hero: folds
33d5546f: folds
4a5719c: calls $0.05
5e118d85: checks
*** FLOP *** [4c 6c 8d]
4a5719c: checks
5e118d85: checks
5a5f19c7: bets $0.1
4a5719c: folds
5e118d85: folds
Uncalled bet ($0.1) returned to 5a5f19c7
5a5f19c7: shows [4d 8s] (Pair of Eights and Pair of Fours)
*** SHOWDOWN ***
5a5f19c7 collected $0.29 from pot
*** SUMMARY ***
Total pot $0.3 | Rake $0.01 | Jackpot $0 | Bingo $0 | Fortune $0 | Tax $0
Board [4c 6c 8d]
Seat 1: fc611a7e folded before Flop (didn't bet)
Seat 2: 5a5f19c7 showed [4d 8s] and won ($0.29)
Seat 3: Hero folded before Flop (didn't bet)
Seat 4: 33d5546f (button) folded before Flop (didn't bet)
Seat 5: 4a5719c (small blind) folded on the Flop
Seat 6: 5e118d85 (big blind) folded on the Flop


Poker Hand #HD1773526655: Hold'em No Limit ($0.05/$0.1) - 2024/05/15 11:36:01
Table 'NLHRed40' 6-max Seat #3 is the button
Seat 1: fc611a7e ($15.93 in chips)
Seat 3: Hero ($13.13 in chips)
Seat 4: 33d5546f ($13.08 in chips)
Seat 5: 4a5719c ($10.75 in chips)
Seat 6: 5e118d85 ($10.15 in chips)
33d5546f: posts small blind $0.05
4a5719c: posts big blind $0.1
*** HOLE CARDS ***
Dealt to fc611a7e 
Dealt to Hero [9h Ad]
Dealt to 33d5546f 
Dealt to 4a5719c 
Dealt to 5e118d85 
5e118d85: folds
fc611a7e: raises $0.2 to $0.3
Hero: folds
33d5546f: folds
4a5719c: calls $0.2
*** FLOP *** [2s 3d 8h]
4a5719c: checks
fc611a7e: bets $0.23
4a5719c: calls $0.23
*** TURN *** [2s 3d 8h] [7h]
4a5719c: checks
fc611a7e: bets $0.92
4a5719c: folds
Uncalled bet ($0.92) returned to fc611a7e
*** SHOWDOWN ***
fc611a7e collected $1.06 from pot
*** SUMMARY ***
Total pot $1.11 | Rake $0.05 | Jackpot $0 | Bingo $0 | Fortune $0 | Tax $0
Board [2s 3d 8h 7h]
Seat 1: fc611a7e won ($1.06)
Seat 3: Hero (button) folded before Flop (didn't bet)
Seat 4: 33d5546f (small blind) folded before Flop
Seat 5: 4a5719c (big blind) folded on the Turn
Seat 6: 5e118d85 folded before Flop (didn't bet)


Poker Hand #HD1773526584: Hold'em No Limit ($0.05/$0.1) - 2024/05/15 11:35:19
Table 'NLHRed40' 6-max Seat #1 is the button
Seat 1: fc611a7e ($15.93 in chips)
Seat 3: Hero ($13.18 in chips)
Seat 4: 33d5546f ($13.18 in chips)
Seat 5: 4a5719c ($10 in chips)
Seat 6: 5e118d85 ($10.82 in chips)
Hero: posts small blind $0.05
33d5546f: posts big blind $0.1
*** HOLE CARDS ***
Dealt to fc611a7e 
Dealt to Hero [8s Qh]
Dealt to 33d5546f 
Dealt to 4a5719c 
Dealt to 5e118d85 
4a5719c: raises $0.12 to $0.22
5e118d85: raises $0.45 to $0.67
fc611a7e: folds
Hero: folds
33d5546f: folds
4a5719c: calls $0.45
*** FLOP *** [Ts 8c Qc]
4a5719c: checks
5e118d85: checks
*** TURN *** [Ts 8c Qc] [7h]
4a5719c: bets $0.5
5e118d85: folds
Uncalled bet ($0.5) returned to 4a5719c
*** SHOWDOWN ***
4a5719c collected $1.42 from pot
*** SUMMARY ***
Total pot $1.49 | Rake $0.07 | Jackpot $0 | Bingo $0 | Fortune $0 | Tax $0
Board [Ts 8c Qc 7h]
Seat 1: fc611a7e (button) folded before Flop (didn't bet)
Seat 3: Hero (small blind) folded before Flop
Seat 4: 33d5546f (big blind) folded before Flop
Seat 5: 4a5719c won ($1.42)
Seat 6: 5e118d85 folded on the Turn


Poker Hand #HD1773526557: Hold'em No Limit ($0.05/$0.1) - 2024/05/15 11:35:05
Table 'NLHRed40' 6-max Seat #6 is the button
Seat 1: fc611a7e ($15.98 in chips)
Seat 3: Hero ($13.13 in chips)
Seat 4: 33d5546f ($13.18 in chips)
Seat 5: 4a5719c ($10 in chips)
Seat 6: 5e118d85 ($10.82 in chips)
fc611a7e: posts small blind $0.05
Hero: posts big blind $0.1
*** HOLE CARDS ***
Dealt to fc611a7e 
Dealt to Hero [Kh Jh]
Dealt to 33d5546f 
Dealt to 4a5719c 
Dealt to 5e118d85 
33d5546f: folds
4a5719c: folds
5e118d85: folds
fc611a7e: folds
Uncalled bet ($0.05) returned to Hero
*** SHOWDOWN ***
Hero collected $0.1 from pot
*** SUMMARY ***
Total pot $0.1 | Rake $0 | Jackpot $0 | Bingo $0 | Fortune $0 | Tax $0
Seat 1: fc611a7e (small blind) folded before Flop
Seat 3: Hero (big blind) collected ($0.1)
Seat 4: 33d5546f folded before Flop (didn't bet)
Seat 5: 4a5719c folded before Flop (didn't bet)
Seat 6: 5e118d85 (button) folded before Flop (didn't bet)


Poker Hand #HD1773526537: Hold'em No Limit ($0.05/$0.1) - 2024/05/15 11:34:52
Table 'NLHRed40' 6-max Seat #5 is the button
Seat 1: fc611a7e ($15.93 in chips)
Seat 2: 557cfbda ($10 in chips)
Seat 3: Hero ($13.13 in chips)
Seat 4: 33d5546f ($13.18 in chips)
Seat 5: 4a5719c ($10 in chips)
Seat 6: 5e118d85 ($10.87 in chips)
5e118d85: posts small blind $0.05
fc611a7e: posts big blind $0.1
*** HOLE CARDS ***
Dealt to fc611a7e 
Dealt to 557cfbda 
Dealt to Hero [2s 3c]
Dealt to 33d5546f 
Dealt to 4a5719c 
Dealt to 5e118d85 
557cfbda: folds
Hero: folds
33d5546f: folds
4a5719c: folds
5e118d85: folds
Uncalled bet ($0.05) returned to fc611a7e
*** SHOWDOWN ***
fc611a7e collected $0.1 from pot
*** SUMMARY ***
Total pot $0.1 | Rake $0 | Jackpot $0 | Bingo $0 | Fortune $0 | Tax $0
Seat 1: fc611a7e (big blind) collected ($0.1)
Seat 2: 557cfbda folded before Flop (didn't bet)
Seat 3: Hero folded before Flop (didn't bet)
Seat 4: 33d5546f folded before Flop (didn't bet)
Seat 5: 4a5719c (button) folded before Flop (didn't bet)
Seat 6: 5e118d85 (small blind) folded before Flop


Poker Hand #HD1773526445: Hold'em No Limit ($0.05/$0.1) - 2024/05/15 11:34:06
Table 'NLHRed40' 6-max Seat #4 is the button
Seat 1: fc611a7e ($14.97 in chips)
Seat 2: 557cfbda ($10 in chips)
Seat 3: Hero ($13.13 in chips)
Seat 4: 33d5546f ($14.08 in chips)
Seat 5: 4a5719c ($10 in chips)
Seat 6: 5e118d85 ($10.97 in chips)
4a5719c: posts small blind $0.05
5e118d85: posts big blind $0.1
*** HOLE CARDS ***
Dealt to fc611a7e 
Dealt to 557cfbda 
Dealt to Hero [6h 7c]
Dealt to 33d5546f 
Dealt to 4a5719c 
Dealt to 5e118d85 
fc611a7e: raises $0.2 to $0.3
557cfbda: folds
Hero: folds
33d5546f: raises $0.6 to $0.9
4a5719c: folds
5e118d85: folds
fc611a7e: calls $0.6
*** FLOP *** [8s 6d 9h]
fc611a7e: checks
33d5546f: checks
*** TURN *** [8s 6d 9h] [2s]
fc611a7e: bets $1.08
33d5546f: folds
Uncalled bet ($1.08) returned to fc611a7e
*** SHOWDOWN ***
fc611a7e collected $1.86 from pot
*** SUMMARY ***
Total pot $1.95 | Rake $0.09 | Jackpot $0 | Bingo $0 | Fortune $0 | Tax $0
Board [8s 6d 9h 2s]
Seat 1: fc611a7e won ($1.86)
Seat 2: 557cfbda folded before Flop (didn't bet)
Seat 3: Hero folded before Flop (didn't bet)
Seat 4: 33d5546f (button) folded on the Turn
Seat 5: 4a5719c (small blind) folded before Flop
Seat 6: 5e118d85 (big blind) folded before Flop


Poker Hand #HD1773526255: Hold'em No Limit ($0.05/$0.1) - 2024/05/15 11:32:33
Table 'NLHRed40' 6-max Seat #3 is the button
Seat 1: fc611a7e ($14.97 in chips)
Seat 2: 557cfbda ($10 in chips)
Seat 3: Hero ($13.13 in chips)
Seat 4: 33d5546f ($10.57 in chips)
Seat 5: 4a5719c ($10 in chips)
Seat 6: 5e118d85 ($10.97 in chips)
33d5546f: posts small blind $0.05
4a5719c: posts big blind $0.1
*** HOLE CARDS ***
Dealt to fc611a7e 
Dealt to 557cfbda 
Dealt to Hero [8h Ac]
Dealt to 33d5546f 
Dealt to 4a5719c 
Dealt to 5e118d85 
5e118d85: folds
fc611a7e: folds
557cfbda: raises $0.2 to $0.3
Hero: folds
33d5546f: raises $0.8 to $1.1
4a5719c: folds
557cfbda: raises $0.8 to $1.9
33d5546f: calls $0.8
*** FLOP *** [8d Js Th]
33d5546f: checks
557cfbda: checks
*** TURN *** [8d Js Th] [Kd]
33d5546f: checks
557cfbda: bets $1.99
33d5546f: calls $1.99
*** RIVER *** [8d Js Th Kd] [2h]
33d5546f: checks
557cfbda: checks
33d5546f: shows [Jc Jh] (Three Jacks)
557cfbda: shows [Kc Ad] (Pair of Kings)
*** SHOWDOWN ***
33d5546f collected $7.4 from pot
*** SUMMARY ***
Total pot $7.88 | Rake $0.38 | Jackpot $0.1 | Bingo $0 | Fortune $0 | Tax $0
Board [8d Js Th Kd 2h]
Seat 1: fc611a7e folded before Flop (didn't bet)
Seat 2: 557cfbda showed [Kc Ad] and lost with Pair of Kings
Seat 3: Hero (button) folded before Flop (didn't bet)
Seat 4: 33d5546f (small blind) showed [Jc Jh] and won ($7.4) with Three Jacks
Seat 5: 4a5719c (big blind) folded before Flop
Seat 6: 5e118d85 folded before Flop (didn't bet)


Poker Hand #HD1773526195: Hold'em No Limit ($0.05/$0.1) - 2024/05/15 11:32:02
Table 'NLHRed40' 6-max Seat #2 is the button
Seat 1: fc611a7e ($14.97 in chips)
Seat 2: 557cfbda ($10 in chips)
Seat 3: Hero ($12.31 in chips)
Seat 4: 33d5546f ($10.67 in chips)
Seat 5: 4a5719c ($10 in chips)
Seat 6: 5e118d85 ($11.77 in chips)
Hero: posts small blind $0.05
33d5546f: posts big blind $0.1
*** HOLE CARDS ***
Dealt to fc611a7e 
Dealt to 557cfbda 
Dealt to Hero [Kh Jc]
Dealt to 33d5546f 
Dealt to 4a5719c 
Dealt to 5e118d85 
4a5719c: folds
5e118d85: raises $0.12 to $0.22
fc611a7e: folds
557cfbda: folds
Hero: raises $0.58 to $0.8
33d5546f: folds
5e118d85: calls $0.58
*** FLOP *** [9d 5h 4c]
Hero: bets $0.6
5e118d85: folds
Uncalled bet ($0.6) returned to Hero
*** SHOWDOWN ***
Hero collected $1.62 from pot
*** SUMMARY ***
Total pot $1.7 | Rake $0.08 | Jackpot $0 | Bingo $0 | Fortune $0 | Tax $0
Board [9d 5h 4c]
Seat 1: fc611a7e folded before Flop (didn't bet)
Seat 2: 557cfbda (button) folded before Flop (didn't bet)
Seat 3: Hero (small blind) won ($1.62)
Seat 4: 33d5546f (big blind) folded before Flop
Seat 5: 4a5719c folded before Flop (didn't bet)
Seat 6: 5e118d85 folded on the Flop


Poker Hand #HD1773526157: Hold'em No Limit ($0.05/$0.1) - 2024/05/15 11:31:46
Table 'NLHRed40' 6-max Seat #1 is the button
Seat 1: fc611a7e ($14.82 in chips)
Seat 2: 557cfbda ($10 in chips)
Seat 3: Hero ($12.41 in chips)
Seat 4: 33d5546f ($10.67 in chips)
Seat 5: 4a5719c ($10 in chips)
Seat 6: 5e118d85 ($11.77 in chips)
557cfbda: posts small blind $0.05
Hero: posts big blind $0.1
*** HOLE CARDS ***
Dealt to fc611a7e 
Dealt to 557cfbda 
Dealt to Hero [8s Qd]
Dealt to 33d5546f 
Dealt to 4a5719c 
Dealt to 5e118d85 
33d5546f: folds
4a5719c: folds
5e118d85: folds
fc611a7e: raises $0.15 to $0.25
557cfbda: folds
Hero: folds
Uncalled bet ($0.15) returned to fc611a7e
*** SHOWDOWN ***
fc611a7e collected $0.25 from pot
*** SUMMARY ***
Total pot $0.25 | Rake $0 | Jackpot $0 | Bingo $0 | Fortune $0 | Tax $0
Seat 1: fc611a7e (button) collected ($0.25)
Seat 2: 557cfbda (small blind) folded before Flop
Seat 3: Hero (big blind) folded before Flop
Seat 4: 33d5546f folded before Flop (didn't bet)
Seat 5: 4a5719c folded before Flop (didn't bet)
Seat 6: 5e118d85 folded before Flop (didn't bet)


Poker Hand #HD1773526093: Hold'em No Limit ($0.05/$0.1) - 2024/05/15 11:31:14
Table 'NLHRed40' 6-max Seat #6 is the button
Seat 1: fc611a7e ($14.87 in chips)
Seat 2: 557cfbda ($10 in chips)
Seat 3: Hero ($12.26 in chips)
Seat 4: 33d5546f ($10.67 in chips)
Seat 5: 4a5719c ($10 in chips)
Seat 6: 5e118d85 ($11.77 in chips)
fc611a7e: posts small blind $0.05
557cfbda: posts big blind $0.1
*** HOLE CARDS ***
Dealt to fc611a7e 
Dealt to 557cfbda 
Dealt to Hero [6d 6s]
Dealt to 33d5546f 
Dealt to 4a5719c 
Dealt to 5e118d85 
Hero: raises $0.1 to $0.2
33d5546f: folds
4a5719c: folds
5e118d85: folds
fc611a7e: folds
557cfbda: folds
Uncalled bet ($0.1) returned to Hero
*** SHOWDOWN ***
Hero collected $0.25 from pot
*** SUMMARY ***
Total pot $0.25 | Rake $0 | Jackpot $0 | Bingo $0 | Fortune $0 | Tax $0
Seat 1: fc611a7e (small blind) folded before Flop
Seat 2: 557cfbda (big blind) folded before Flop
Seat 3: Hero collected ($0.25)
Seat 4: 33d5546f folded before Flop (didn't bet)
Seat 5: 4a5719c folded before Flop (didn't bet)
Seat 6: 5e118d85 (button) folded before Flop (didn't bet)


Poker Hand #HD1773526035: Hold'em No Limit ($0.05/$0.1) - 2024/05/15 11:30:45
Table 'NLHRed40' 6-max Seat #5 is the button
Seat 1: fc611a7e ($14.97 in chips)
Seat 2: 557cfbda ($10 in chips)
Seat 3: Hero ($12.46 in chips)
Seat 4: 33d5546f ($10.67 in chips)
Seat 5: 4a5719c ($10 in chips)
Seat 6: 5e118d85 ($11.49 in chips)
5e118d85: posts small blind $0.05
fc611a7e: posts big blind $0.1
*** HOLE CARDS ***
Dealt to fc611a7e 
Dealt to 557cfbda 
Dealt to Hero [Tc 8c]
Dealt to 33d5546f 
Dealt to 4a5719c 
Dealt to 5e118d85 
557cfbda: folds
Hero: raises $0.1 to $0.2
33d5546f: folds
4a5719c: folds
5e118d85: raises $0.8 to $1
fc611a7e: folds
Hero: folds
Uncalled bet ($0.8) returned to 5e118d85
*** SHOWDOWN ***
5e118d85 collected $0.48 from pot
*** SUMMARY ***
Total pot $0.5 | Rake $0.02 | Jackpot $0 | Bingo $0 | Fortune $0 | Tax $0
Seat 1: fc611a7e (big blind) folded before Flop
Seat 2: 557cfbda folded before Flop (didn't bet)
Seat 3: Hero folded before Flop
Seat 4: 33d5546f folded before Flop (didn't bet)
Seat 5: 4a5719c (button) folded before Flop (didn't bet)
Seat 6: 5e118d85 (small blind) collected ($0.48)


Poker Hand #HD1773525865: Hold'em No Limit ($0.05/$0.1) - 2024/05/15 11:29:14
Table 'NLHRed40' 6-max Seat #4 is the button
Seat 1: fc611a7e ($14.97 in chips)
Seat 2: 557cfbda ($10 in chips)
Seat 3: Hero ($12.46 in chips)
Seat 4: 33d5546f ($10.17 in chips)
Seat 5: 4a5719c ($10 in chips)
Seat 6: 5e118d85 ($11.59 in chips)
4a5719c: posts small blind $0.05
5e118d85: posts big blind $0.1
*** HOLE CARDS ***
Dealt to fc611a7e 
Dealt to 557cfbda 
Dealt to Hero [5c Jd]
Dealt to 33d5546f 
Dealt to 4a5719c 
Dealt to 5e118d85 
fc611a7e: folds
557cfbda: folds
Hero: folds
33d5546f: raises $0.15 to $0.25
4a5719c: calls $0.2
5e118d85: folds
*** FLOP *** [Ah Ts 8h]
4a5719c: checks
33d5546f: bets $0.2
4a5719c: calls $0.2
*** TURN *** [Ah Ts 8h] [5s]
4a5719c: checks
33d5546f: checks
*** RIVER *** [Ah Ts 8h 5s] [Qd]
4a5719c: checks
33d5546f: bets $0.5
4a5719c: folds
Uncalled bet ($0.5) returned to 33d5546f
*** SHOWDOWN ***
33d5546f collected $0.95 from pot
*** SUMMARY ***
Total pot $1 | Rake $0.05 | Jackpot $0 | Bingo $0 | Fortune $0 | Tax $0
Board [Ah Ts 8h 5s Qd]
Seat 1: fc611a7e folded before Flop (didn't bet)
Seat 2: 557cfbda folded before Flop (didn't bet)
Seat 3: Hero folded before Flop (didn't bet)
Seat 4: 33d5546f (button) won ($0.95)
Seat 5: 4a5719c (small blind) folded on the River
Seat 6: 5e118d85 (big blind) folded before Flop


Poker Hand #HD1773525804: Hold'em No Limit ($0.05/$0.1) - 2024/05/15 11:28:47
Table 'NLHRed40' 6-max Seat #3 is the button
Seat 1: fc611a7e ($14.97 in chips)
Seat 2: 557cfbda ($10 in chips)
Seat 3: Hero ($12.31 in chips)
Seat 4: 33d5546f ($10.22 in chips)
Seat 5: 4a5719c ($10 in chips)
Seat 6: 5e118d85 ($11.59 in chips)
33d5546f: posts small blind $0.05
4a5719c: posts big blind $0.1
*** HOLE CARDS ***
Dealt to fc611a7e 
Dealt to 557cfbda 
Dealt to Hero [Jc 7c]
Dealt to 33d5546f 
Dealt to 4a5719c 
Dealt to 5e118d85 
5e118d85: folds
fc611a7e: folds
557cfbda: folds
Hero: raises $0.14 to $0.24
33d5546f: folds
4a5719c: folds
Uncalled bet ($0.14) returned to Hero
*** SHOWDOWN ***
Hero collected $0.25 from pot
*** SUMMARY ***
Total pot $0.25 | Rake $0 | Jackpot $0 | Bingo $0 | Fortune $0 | Tax $0
Seat 1: fc611a7e folded before Flop (didn't bet)
Seat 2: 557cfbda folded before Flop (didn't bet)
Seat 3: Hero (button) collected ($0.25)
Seat 4: 33d5546f (small blind) folded before Flop
Seat 5: 4a5719c (big blind) folded before Flop
Seat 6: 5e118d85 folded before Flop (didn't bet)


Poker Hand #HD1773525776: Hold'em No Limit ($0.05/$0.1) - 2024/05/15 11:28:34
Table 'NLHRed40' 6-max Seat #2 is the button
Seat 1: fc611a7e ($14.97 in chips)
Seat 2: 557cfbda ($10 in chips)
Seat 3: Hero ($12.36 in chips)
Seat 4: 33d5546f ($10.32 in chips)
Seat 6: 5e118d85 ($11.44 in chips)
Hero: posts small blind $0.05
33d5546f: posts big blind $0.1
*** HOLE CARDS ***
Dealt to fc611a7e 
Dealt to 557cfbda 
Dealt to Hero [9d 3h]
Dealt to 33d5546f 
Dealt to 5e118d85 
5e118d85: raises $0.12 to $0.22
fc611a7e: folds
557cfbda: folds
Hero: folds
33d5546f: folds
Uncalled bet ($0.12) returned to 5e118d85
*** SHOWDOWN ***
5e118d85 collected $0.25 from pot
*** SUMMARY ***
Total pot $0.25 | Rake $0 | Jackpot $0 | Bingo $0 | Fortune $0 | Tax $0
Seat 1: fc611a7e folded before Flop (didn't bet)
Seat 2: 557cfbda (button) folded before Flop (didn't bet)
Seat 3: Hero (small blind) folded before Flop
Seat 4: 33d5546f (big blind) folded before Flop
Seat 6: 5e118d85 collected ($0.25)


Poker Hand #HD1773525721: Hold'em No Limit ($0.05/$0.1) - 2024/05/15 11:28:04
Table 'NLHRed40' 6-max Seat #1 is the button
Seat 1: fc611a7e ($14.97 in chips)
Seat 2: 557cfbda ($10.23 in chips)
Seat 3: Hero ($12.46 in chips)
Seat 4: 33d5546f ($10 in chips)
Seat 6: 5e118d85 ($11.44 in chips)
557cfbda: posts small blind $0.05
Hero: posts big blind $0.1
*** HOLE CARDS ***
Dealt to fc611a7e 
Dealt to 557cfbda 
Dealt to Hero [5h Qs]
Dealt to 33d5546f 
Dealt to 5e118d85 
33d5546f: raises $0.15 to $0.25
5e118d85: folds
fc611a7e: folds
557cfbda: calls $0.2
Hero: folds
*** FLOP *** [Qd Tc 3s]
557cfbda: checks
33d5546f: bets $0.3
557cfbda: folds
Uncalled bet ($0.3) returned to 33d5546f
*** SHOWDOWN ***
33d5546f collected $0.57 from pot
*** SUMMARY ***
Total pot $0.6 | Rake $0.03 | Jackpot $0 | Bingo $0 | Fortune $0 | Tax $0
Board [Qd Tc 3s]
Seat 1: fc611a7e (button) folded before Flop (didn't bet)
Seat 2: 557cfbda (small blind) folded on the Flop
Seat 3: Hero (big blind) folded before Flop
Seat 4: 33d5546f won ($0.57)
Seat 6: 5e118d85 folded before Flop (didn't bet)


Poker Hand #HD1773445625: Hold'em No Limit ($0.05/$0.1) - 2024/05/15 11:27:11
Table 'NLHRed40' 6-max Seat #6 is the button
Seat 1: fc611a7e ($15.02 in chips)
Seat 2: 557cfbda ($10 in chips)
Seat 3: Hero ($12.66 in chips)
Seat 4: 33d5546f ($10 in chips)
Seat 6: 5e118d85 ($11.44 in chips)
fc611a7e: posts small blind $0.05
557cfbda: posts big blind $0.1
*** HOLE CARDS ***
Dealt to fc611a7e 
Dealt to 557cfbda 
Dealt to Hero [Tc Jc]
Dealt to 33d5546f 
Dealt to 5e118d85 
Hero: raises $0.1 to $0.2
33d5546f: folds
5e118d85: folds
fc611a7e: folds
557cfbda: calls $0.1
*** FLOP *** [6d 4d 2s]
557cfbda: checks
Hero: checks
*** TURN *** [6d 4d 2s] [9s]
557cfbda: checks
Hero: checks
*** RIVER *** [6d 4d 2s 9s] [9c]
557cfbda: checks
Hero: checks
557cfbda: shows [Jd Ah] (Pair of Nines)
Hero: shows [Tc Jc] (Pair of Nines)
*** SHOWDOWN ***
557cfbda collected $0.43 from pot
*** SUMMARY ***
Total pot $0.45 | Rake $0.02 | Jackpot $0 | Bingo $0 | Fortune $0 | Tax $0
Board [6d 4d 2s 9s 9c]
Seat 1: fc611a7e (small blind) folded before Flop
Seat 2: 557cfbda (big blind) showed [Jd Ah] and won ($0.43) with Pair of Nines
Seat 3: Hero showed [Tc Jc] and lost with Pair of Nines
Seat 4: 33d5546f folded before Flop (didn't bet)
Seat 6: 5e118d85 (button) folded before Flop (didn't bet)


Poker Hand #HD1773445586: Hold'em No Limit ($0.05/$0.1) - 2024/05/15 11:26:50
Table 'NLHRed40' 6-max Seat #4 is the button
Seat 1: fc611a7e ($15.12 in chips)
Seat 2: 557cfbda ($10 in chips)
Seat 3: Hero ($12.66 in chips)
Seat 4: 33d5546f ($10 in chips)
Seat 6: 5e118d85 ($11.34 in chips)
5e118d85: posts small blind $0.05
fc611a7e: posts big blind $0.1
*** HOLE CARDS ***
Dealt to fc611a7e 
Dealt to 557cfbda 
Dealt to Hero [9h 4s]
Dealt to 33d5546f 
Dealt to 5e118d85 
557cfbda: folds
Hero: folds
33d5546f: folds
5e118d85: raises $0.18 to $0.28
fc611a7e: folds
Uncalled bet ($0.18) returned to 5e118d85
*** SHOWDOWN ***
5e118d85 collected $0.2 from pot
*** SUMMARY ***
Total pot $0.2 | Rake $0 | Jackpot $0 | Bingo $0 | Fortune $0 | Tax $0
Seat 1: fc611a7e (big blind) folded before Flop
Seat 2: 557cfbda folded before Flop (didn't bet)
Seat 3: Hero folded before Flop (didn't bet)
Seat 4: 33d5546f (button) folded before Flop (didn't bet)
Seat 6: 5e118d85 (small blind) collected ($0.2)


Poker Hand #HD1773445537: Hold'em No Limit ($0.05/$0.1) - 2024/05/15 11:26:27
Table 'NLHRed40' 6-max Seat #3 is the button
Seat 1: fc611a7e ($15.12 in chips)
Seat 2: 557cfbda ($10 in chips)
Seat 3: Hero ($12.66 in chips)
Seat 4: 33d5546f ($10.05 in chips)
Seat 6: 5e118d85 ($11.29 in chips)
33d5546f: posts small blind $0.05
5e118d85: posts big blind $0.1
*** HOLE CARDS ***
Dealt to fc611a7e 
Dealt to 557cfbda 
Dealt to Hero [9c 3h]
Dealt to 33d5546f 
Dealt to 5e118d85 
fc611a7e: folds
557cfbda: folds
Hero: folds
33d5546f: folds
Uncalled bet ($0.05) returned to 5e118d85
*** SHOWDOWN ***
5e118d85 collected $0.1 from pot
*** SUMMARY ***
Total pot $0.1 | Rake $0 | Jackpot $0 | Bingo $0 | Fortune $0 | Tax $0
Seat 1: fc611a7e folded before Flop (didn't bet)
Seat 2: 557cfbda folded before Flop (didn't bet)
Seat 3: Hero (button) folded before Flop (didn't bet)
Seat 4: 33d5546f (small blind) folded before Flop
Seat 6: 5e118d85 (big blind) collected ($0.1)


Poker Hand #HD1773445512: Hold'em No Limit ($0.05/$0.1) - 2024/05/15 11:26:15
Table 'NLHRed40' 6-max Seat #2 is the button
Seat 1: fc611a7e ($15.12 in chips)
Seat 2: 557cfbda ($10 in chips)
Seat 3: Hero ($12.71 in chips)
Seat 4: 33d5546f ($10 in chips)
Seat 5: ce15246a ($11.1 in chips)
Seat 6: 5e118d85 ($11.29 in chips)
Hero: posts small blind $0.05
33d5546f: posts big blind $0.1
*** HOLE CARDS ***
Dealt to fc611a7e 
Dealt to 557cfbda 
Dealt to Hero [2h 3d]
Dealt to 33d5546f 
Dealt to ce15246a 
Dealt to 5e118d85 
ce15246a: folds
5e118d85: folds
fc611a7e: folds
557cfbda: folds
Hero: folds
Uncalled bet ($0.05) returned to 33d5546f
*** SHOWDOWN ***
33d5546f collected $0.1 from pot
*** SUMMARY ***
Total pot $0.1 | Rake $0 | Jackpot $0 | Bingo $0 | Fortune $0 | Tax $0
Seat 1: fc611a7e folded before Flop (didn't bet)
Seat 2: 557cfbda (button) folded before Flop (didn't bet)
Seat 3: Hero (small blind) folded before Flop
Seat 4: 33d5546f (big blind) collected ($0.1)
Seat 5: ce15246a folded before Flop (didn't bet)
Seat 6: 5e118d85 folded before Flop (didn't bet)


Poker Hand #HD1773445411: Hold'em No Limit ($0.05/$0.1) - 2024/05/15 11:25:23
Table 'NLHRed40' 6-max Seat #1 is the button
Seat 1: fc611a7e ($15.32 in chips)
Seat 2: 557cfbda ($10.05 in chips)
Seat 3: Hero ($12.34 in chips)
Seat 4: 33d5546f ($10 in chips)
Seat 5: ce15246a ($11.1 in chips)
Seat 6: 5e118d85 ($11.29 in chips)
557cfbda: posts small blind $0.05
Hero: posts big blind $0.1
*** HOLE CARDS ***
Dealt to fc611a7e 
Dealt to 557cfbda 
Dealt to Hero [Qh Ts]
Dealt to 33d5546f 
Dealt to ce15246a 
Dealt to 5e118d85 
33d5546f: folds
ce15246a: folds
5e118d85: folds
fc611a7e: raises $0.1 to $0.2
557cfbda: calls $0.15
Hero: calls $0.1
*** FLOP *** [Th Kc 4c]
557cfbda: checks
Hero: checks
fc611a7e: checks
*** TURN *** [Th Kc 4c] [8c]
557cfbda: checks
Hero: checks
fc611a7e: checks
*** RIVER *** [Th Kc 4c 8c] [3s]
557cfbda: checks
Hero: checks
fc611a7e: checks
557cfbda: shows [Ah 4h] (Pair of Fours)
Hero: shows [Qh Ts] (Pair of Tens)
fc611a7e: shows [6s As] (Ace-High)
*** SHOWDOWN ***
Hero collected $0.57 from pot
*** SUMMARY ***
Total pot $0.6 | Rake $0.03 | Jackpot $0 | Bingo $0 | Fortune $0 | Tax $0
Board [Th Kc 4c 8c 3s]
Seat 1: fc611a7e (button) showed [6s As] and lost with Ace-High
Seat 2: 557cfbda (small blind) showed [Ah 4h] and lost with Pair of Fours
Seat 3: Hero (big blind) showed [Qh Ts] and won ($0.57) with Pair of Tens
Seat 4: 33d5546f folded before Flop (didn't bet)
Seat 5: ce15246a folded before Flop (didn't bet)
Seat 6: 5e118d85 folded before Flop (didn't bet)


Poker Hand #HD1773445376: Hold'em No Limit ($0.05/$0.1) - 2024/05/15 11:25:08
Table 'NLHRed40' 6-max Seat #6 is the button
Seat 1: fc611a7e ($15.37 in chips)
Seat 2: 557cfbda ($10 in chips)
Seat 3: Hero ($12.34 in chips)
Seat 4: 33d5546f ($10 in chips)
Seat 5: ce15246a ($11.1 in chips)
Seat 6: 5e118d85 ($11.29 in chips)
fc611a7e: posts small blind $0.05
557cfbda: posts big blind $0.1
*** HOLE CARDS ***
Dealt to fc611a7e 
Dealt to 557cfbda 
Dealt to Hero [7s 3s]
Dealt to 33d5546f 
Dealt to ce15246a 
Dealt to 5e118d85 
Hero: folds
33d5546f: folds
ce15246a: folds
5e118d85: folds
fc611a7e: folds
Uncalled bet ($0.05) returned to 557cfbda
*** SHOWDOWN ***
557cfbda collected $0.1 from pot
*** SUMMARY ***
Total pot $0.1 | Rake $0 | Jackpot $0 | Bingo $0 | Fortune $0 | Tax $0
Seat 1: fc611a7e (small blind) folded before Flop
Seat 2: 557cfbda (big blind) collected ($0.1)
Seat 3: Hero folded before Flop (didn't bet)
Seat 4: 33d5546f folded before Flop (didn't bet)
Seat 5: ce15246a folded before Flop (didn't bet)
Seat 6: 5e118d85 (button) folded before Flop (didn't bet)


Poker Hand #HD1773445310: Hold'em No Limit ($0.05/$0.1) - 2024/05/15 11:24:33
Table 'NLHRed40' 6-max Seat #5 is the button
Seat 1: fc611a7e ($15.47 in chips)
Seat 2: 557cfbda ($10 in chips)
Seat 3: Hero ($12.34 in chips)
Seat 4: 33d5546f ($10 in chips)
Seat 5: ce15246a ($10.68 in chips)
Seat 6: 5e118d85 ($11.34 in chips)
5e118d85: posts small blind $0.05
fc611a7e: posts big blind $0.1
*** HOLE CARDS ***
Dealt to fc611a7e 
Dealt to 557cfbda 
Dealt to Hero [4c Qc]
Dealt to 33d5546f 
Dealt to ce15246a 
Dealt to 5e118d85 
557cfbda: raises $0.2 to $0.3
Hero: folds
33d5546f: folds
ce15246a: calls $0.3
5e118d85: folds
fc611a7e: folds
*** FLOP *** [5d 6s 3s]
557cfbda: checks
ce15246a: bets $0.27
557cfbda: folds
Uncalled bet ($0.27) returned to ce15246a
*** SHOWDOWN ***
ce15246a collected $0.72 from pot
*** SUMMARY ***
Total pot $0.75 | Rake $0.03 | Jackpot $0 | Bingo $0 | Fortune $0 | Tax $0
Board [5d 6s 3s]
Seat 1: fc611a7e (big blind) folded before Flop
Seat 2: 557cfbda folded on the Flop
Seat 3: Hero folded before Flop (didn't bet)
Seat 4: 33d5546f folded before Flop (didn't bet)
Seat 5: ce15246a (button) won ($0.72)
Seat 6: 5e118d85 (small blind) folded before Flop


Poker Hand #HD1773445237: Hold'em No Limit ($0.05/$0.1) - 2024/05/15 11:23:56
Table 'NLHRed40' 6-max Seat #4 is the button
Seat 1: fc611a7e ($15.47 in chips)
Seat 2: 557cfbda ($10 in chips)
Seat 3: Hero ($12.34 in chips)
Seat 4: 33d5546f ($10 in chips)
Seat 5: ce15246a ($10.41 in chips)
Seat 6: 5e118d85 ($11.64 in chips)
ce15246a: posts small blind $0.05
5e118d85: posts big blind $0.1
*** HOLE CARDS ***
Dealt to fc611a7e 
Dealt to 557cfbda 
Dealt to Hero [8d 3c]
Dealt to 33d5546f 
Dealt to ce15246a 
Dealt to 5e118d85 
fc611a7e: folds
557cfbda: folds
Hero: folds
33d5546f: folds
ce15246a: raises $0.2 to $0.3
5e118d85: calls $0.2
*** FLOP *** [5c 6h Qd]
ce15246a: checks
5e118d85: checks
*** TURN *** [5c 6h Qd] [As]
ce15246a: checks
5e118d85: checks
*** RIVER *** [5c 6h Qd As] [6d]
ce15246a: bets $0.6
5e118d85: folds
Uncalled bet ($0.6) returned to ce15246a
*** SHOWDOWN ***
ce15246a collected $0.57 from pot
*** SUMMARY ***
Total pot $0.6 | Rake $0.03 | Jackpot $0 | Bingo $0 | Fortune $0 | Tax $0
Board [5c 6h Qd As 6d]
Seat 1: fc611a7e folded before Flop (didn't bet)
Seat 2: 557cfbda folded before Flop (didn't bet)
Seat 3: Hero folded before Flop (didn't bet)
Seat 4: 33d5546f (button) folded before Flop (didn't bet)
Seat 5: ce15246a (small blind) won ($0.57)
Seat 6: 5e118d85 (big blind) folded on the River


Poker Hand #HD1773445141: Hold'em No Limit ($0.05/$0.1) - 2024/05/15 11:23:06
Table 'NLHRed40' 6-max Seat #3 is the button
Seat 1: fc611a7e ($15.47 in chips)
Seat 2: 557cfbda ($10 in chips)
Seat 3: Hero ($10.35 in chips)
Seat 4: 33d5546f ($10.05 in chips)
Seat 5: ce15246a ($12.67 in chips)
Seat 6: 5e118d85 ($11.64 in chips)
33d5546f: posts small blind $0.05
ce15246a: posts big blind $0.1
*** HOLE CARDS ***
Dealt to fc611a7e 
Dealt to 557cfbda 
Dealt to Hero [Ah Td]
Dealt to 33d5546f 
Dealt to ce15246a 
Dealt to 5e118d85 
5e118d85: folds
fc611a7e: folds
557cfbda: folds
Hero: raises $0.14 to $0.24
33d5546f: folds
ce15246a: calls $0.14
*** FLOP *** [9d Ts Ac]
ce15246a: checks
Hero: checks
*** TURN *** [9d Ts Ac] [8s]
ce15246a: bets $0.43
Hero: calls $0.43
*** RIVER *** [9d Ts Ac 8s] [9s]
ce15246a: bets $1.59
Hero: calls $1.59
ce15246a: shows [3h 3c] (Pair of Nines and Pair of Treys)
Hero: shows [Ah Td] (Pair of Aces and Pair of Tens)
*** SHOWDOWN ***
Hero collected $4.25 from pot
*** SUMMARY ***
Total pot $4.57 | Rake $0.22 | Jackpot $0.1 | Bingo $0 | Fortune $0 | Tax $0
Board [9d Ts Ac 8s 9s]
Seat 1: fc611a7e folded before Flop (didn't bet)
Seat 2: 557cfbda folded before Flop (didn't bet)
Seat 3: Hero (button) showed [Ah Td] and won ($4.25) with Pair of Aces and Pair of Tens
Seat 4: 33d5546f (small blind) folded before Flop
Seat 5: ce15246a (big blind) showed [3h 3c] and lost with Pair of Nines and Pair of Treys
Seat 6: 5e118d85 folded before Flop (didn't bet)


Poker Hand #HD1773445112: Hold'em No Limit ($0.05/$0.1) - 2024/05/15 11:22:53
Table 'NLHRed40' 6-max Seat #2 is the button
Seat 1: fc611a7e ($15.47 in chips)
Seat 2: 557cfbda ($10 in chips)
Seat 3: Hero ($10.4 in chips)
Seat 4: 33d5546f ($10.15 in chips)
Seat 5: ce15246a ($12.67 in chips)
Seat 6: 5e118d85 ($11.49 in chips)
Hero: posts small blind $0.05
33d5546f: posts big blind $0.1
*** HOLE CARDS ***
Dealt to fc611a7e 
Dealt to 557cfbda 
Dealt to Hero [Jc Ts]
Dealt to 33d5546f 
Dealt to ce15246a 
Dealt to 5e118d85 
ce15246a: folds
5e118d85: raises $0.12 to $0.22
fc611a7e: folds
557cfbda: folds
Hero: folds
33d5546f: folds
Uncalled bet ($0.12) returned to 5e118d85
*** SHOWDOWN ***
5e118d85 collected $0.25 from pot
*** SUMMARY ***
Total pot $0.25 | Rake $0 | Jackpot $0 | Bingo $0 | Fortune $0 | Tax $0
Seat 1: fc611a7e folded before Flop (didn't bet)
Seat 2: 557cfbda (button) folded before Flop (didn't bet)
Seat 3: Hero (small blind) folded before Flop
Seat 4: 33d5546f (big blind) folded before Flop
Seat 5: ce15246a folded before Flop (didn't bet)
Seat 6: 5e118d85 collected ($0.25)


Poker Hand #HD1773445057: Hold'em No Limit ($0.05/$0.1) - 2024/05/15 11:22:24
Table 'NLHRed40' 6-max Seat #1 is the button
Seat 1: fc611a7e ($15.47 in chips)
Seat 2: 557cfbda ($10 in chips)
Seat 3: Hero ($10.15 in chips)
Seat 4: 33d5546f ($10.15 in chips)
Seat 5: ce15246a ($12.67 in chips)
Seat 6: 5e118d85 ($11.71 in chips)
557cfbda: posts small blind $0.05
Hero: posts big blind $0.1
*** HOLE CARDS ***
Dealt to fc611a7e 
Dealt to 557cfbda 
Dealt to Hero [Ac 4h]
Dealt to 33d5546f 
Dealt to ce15246a 
Dealt to 5e118d85 
33d5546f: folds
ce15246a: folds
5e118d85: raises $0.12 to $0.22
fc611a7e: folds
557cfbda: folds
Hero: calls $0.12
*** FLOP *** [3d 3c 4c]
Hero: checks
5e118d85: checks
*** TURN *** [3d 3c 4c] [8d]
Hero: bets $0.17
5e118d85: folds
Uncalled bet ($0.17) returned to Hero
*** SHOWDOWN ***
Hero collected $0.47 from pot
*** SUMMARY ***
Total pot $0.49 | Rake $0.02 | Jackpot $0 | Bingo $0 | Fortune $0 | Tax $0
Board [3d 3c 4c 8d]
Seat 1: fc611a7e (button) folded before Flop (didn't bet)
Seat 2: 557cfbda (small blind) folded before Flop
Seat 3: Hero (big blind) won ($0.47)
Seat 4: 33d5546f folded before Flop (didn't bet)
Seat 5: ce15246a folded before Flop (didn't bet)
Seat 6: 5e118d85 folded on the Turn


Poker Hand #HD1773445037: Hold'em No Limit ($0.05/$0.1) - 2024/05/15 11:22:13
Table 'NLHRed40' 6-max Seat #6 is the button
Seat 1: fc611a7e ($15.52 in chips)
Seat 2: 557cfbda ($10 in chips)
Seat 3: Hero ($10.15 in chips)
Seat 4: 33d5546f ($10 in chips)
Seat 5: ce15246a ($12.67 in chips)
Seat 6: 5e118d85 ($11.71 in chips)
fc611a7e: posts small blind $0.05
557cfbda: posts big blind $0.1
*** HOLE CARDS ***
Dealt to fc611a7e 
Dealt to 557cfbda 
Dealt to Hero [Kc 5c]
Dealt to 33d5546f 
Dealt to ce15246a 
Dealt to 5e118d85 
Hero: folds
33d5546f: raises $0.15 to $0.25
ce15246a: folds
5e118d85: folds
fc611a7e: folds
557cfbda: folds
Uncalled bet ($0.15) returned to 33d5546f
*** SHOWDOWN ***
33d5546f collected $0.25 from pot
*** SUMMARY ***
Total pot $0.25 | Rake $0 | Jackpot $0 | Bingo $0 | Fortune $0 | Tax $0
Seat 1: fc611a7e (small blind) folded before Flop
Seat 2: 557cfbda (big blind) folded before Flop
Seat 3: Hero folded before Flop (didn't bet)
Seat 4: 33d5546f collected ($0.25)
Seat 5: ce15246a folded before Flop (didn't bet)
Seat 6: 5e118d85 (button) folded before Flop (didn't bet)


Poker Hand #HD1773444967: Hold'em No Limit ($0.05/$0.1) - 2024/05/15 11:21:40
Table 'NLHRed40' 6-max Seat #5 is the button
Seat 1: fc611a7e ($16.32 in chips)
Seat 3: Hero ($10.15 in chips)
Seat 4: 33d5546f ($10 in chips)
Seat 5: ce15246a ($11.9 in chips)
Seat 6: 5e118d85 ($11.76 in chips)
5e118d85: posts small blind $0.05
fc611a7e: posts big blind $0.1
*** HOLE CARDS ***
Dealt to fc611a7e 
Dealt to Hero [2c Ks]
Dealt to 33d5546f 
Dealt to ce15246a 
Dealt to 5e118d85 
Hero: folds
33d5546f: folds
ce15246a: raises $0.13 to $0.23
5e118d85: folds
fc611a7e: raises $0.57 to $0.8
ce15246a: raises $1.65 to $2.45
fc611a7e: folds
Uncalled bet ($1.65) returned to ce15246a
*** SHOWDOWN ***
ce15246a collected $1.57 from pot
*** SUMMARY ***
Total pot $1.65 | Rake $0.08 | Jackpot $0 | Bingo $0 | Fortune $0 | Tax $0
Seat 1: fc611a7e (big blind) folded before Flop
Seat 3: Hero folded before Flop (didn't bet)
Seat 4: 33d5546f folded before Flop (didn't bet)
Seat 5: ce15246a (button) collected ($1.57)
Seat 6: 5e118d85 (small blind) folded before Flop


Poker Hand #HD1773444923: Hold'em No Limit ($0.05/$0.1) - 2024/05/15 11:21:19
Table 'NLHRed40' 6-max Seat #4 is the button
Seat 1: fc611a7e ($16.32 in chips)
Seat 3: Hero ($10.15 in chips)
Seat 4: 33d5546f ($10 in chips)
Seat 5: ce15246a ($11.95 in chips)
Seat 6: 5e118d85 ($11.71 in chips)
ce15246a: posts small blind $0.05
5e118d85: posts big blind $0.1
*** HOLE CARDS ***
Dealt to fc611a7e 
Dealt to Hero [5d Ah]
Dealt to 33d5546f 
Dealt to ce15246a 
Dealt to 5e118d85 
fc611a7e: folds
Hero: folds
33d5546f: folds
ce15246a: folds
Uncalled bet ($0.05) returned to 5e118d85
*** SHOWDOWN ***
5e118d85 collected $0.1 from pot
*** SUMMARY ***
Total pot $0.1 | Rake $0 | Jackpot $0 | Bingo $0 | Fortune $0 | Tax $0
Seat 1: fc611a7e folded before Flop (didn't bet)
Seat 3: Hero folded before Flop (didn't bet)
Seat 4: 33d5546f (button) folded before Flop (didn't bet)
Seat 5: ce15246a (small blind) folded before Flop
Seat 6: 5e118d85 (big blind) collected ($0.1)


Poker Hand #HD1773444898: Hold'em No Limit ($0.05/$0.1) - 2024/05/15 11:21:05
Table 'NLHRed40' 6-max Seat #3 is the button
Seat 1: fc611a7e ($16.32 in chips)
Seat 3: Hero ($10.15 in chips)
Seat 4: 33d5546f ($10 in chips)
Seat 5: ce15246a ($11.9 in chips)
Seat 6: 5e118d85 ($11.71 in chips)
33d5546f: posts small blind $0.05
ce15246a: posts big blind $0.1
*** HOLE CARDS ***
Dealt to fc611a7e 
Dealt to Hero [Jh 2h]
Dealt to 33d5546f 
Dealt to ce15246a 
Dealt to 5e118d85 
5e118d85: folds
fc611a7e: folds
Hero: folds
33d5546f: folds
Uncalled bet ($0.05) returned to ce15246a
*** SHOWDOWN ***
ce15246a collected $0.1 from pot
*** SUMMARY ***
Total pot $0.1 | Rake $0 | Jackpot $0 | Bingo $0 | Fortune $0 | Tax $0
Seat 1: fc611a7e folded before Flop (didn't bet)
Seat 3: Hero (button) folded before Flop (didn't bet)
Seat 4: 33d5546f (small blind) folded before Flop
Seat 5: ce15246a (big blind) collected ($0.1)
Seat 6: 5e118d85 folded before Flop (didn't bet)


Poker Hand #HD1773444808: Hold'em No Limit ($0.05/$0.1) - 2024/05/15 11:20:15
Table 'NLHRed40' 6-max Seat #1 is the button
Seat 1: fc611a7e ($16.32 in chips)
Seat 3: Hero ($10.2 in chips)
Seat 4: 33d5546f ($10 in chips)
Seat 5: ce15246a ($13.74 in chips)
Seat 6: 5e118d85 ($10 in chips)
Hero: posts small blind $0.05
33d5546f: posts big blind $0.1
*** HOLE CARDS ***
Dealt to fc611a7e 
Dealt to Hero [Kh Td]
Dealt to 33d5546f 
Dealt to ce15246a 
Dealt to 5e118d85 
ce15246a: raises $0.13 to $0.23
5e118d85: raises $0.46 to $0.69
fc611a7e: folds
Hero: folds
33d5546f: folds
ce15246a: calls $0.46
*** FLOP *** [7s 9h 3h]
ce15246a: checks
5e118d85: bets $1.15
ce15246a: calls $1.15
*** TURN *** [7s 9h 3h] [9s]
ce15246a: checks
5e118d85: bets $2.88
ce15246a: folds
Uncalled bet ($2.88) returned to 5e118d85
*** SHOWDOWN ***
5e118d85 collected $3.55 from pot
*** SUMMARY ***
Total pot $3.83 | Rake $0.18 | Jackpot $0.1 | Bingo $0 | Fortune $0 | Tax $0
Board [7s 9h 3h 9s]
Seat 1: fc611a7e (button) folded before Flop (didn't bet)
Seat 3: Hero (small blind) folded before Flop
Seat 4: 33d5546f (big blind) folded before Flop
Seat 5: ce15246a folded on the Turn
Seat 6: 5e118d85 won ($3.55)


Poker Hand #HD1773444740: Hold'em No Limit ($0.05/$0.1) - 2024/05/15 11:19:39
Table 'NLHRed40' 6-max Seat #6 is the button
Seat 1: fc611a7e ($16.37 in chips)
Seat 3: Hero ($10.3 in chips)
Seat 4: 33d5546f ($10.1 in chips)
Seat 5: ce15246a ($12.52 in chips)
Seat 6: 5e118d85 ($10.16 in chips)
fc611a7e: posts small blind $0.05
Hero: posts big blind $0.1
*** HOLE CARDS ***
Dealt to fc611a7e 
Dealt to Hero [Jd 5h]
Dealt to 33d5546f 
Dealt to ce15246a 
Dealt to 5e118d85 
33d5546f: raises $0.15 to $0.25
ce15246a: calls $0.25
5e118d85: raises $0.68 to $0.93
fc611a7e: folds
Hero: folds
33d5546f: folds
ce15246a: calls $0.68
*** FLOP *** [6d Jc 7c]
ce15246a: checks
5e118d85: checks
*** TURN *** [6d Jc 7c] [8d]
ce15246a: bets $1.81
5e118d85: folds
Uncalled bet ($1.81) returned to ce15246a
*** SHOWDOWN ***
ce15246a collected $2.15 from pot
*** SUMMARY ***
Total pot $2.26 | Rake $0.11 | Jackpot $0 | Bingo $0 | Fortune $0 | Tax $0
Board [6d Jc 7c 8d]
Seat 1: fc611a7e (small blind) folded before Flop
Seat 3: Hero (big blind) folded before Flop
Seat 4: 33d5546f folded before Flop
Seat 5: ce15246a won ($2.15)
Seat 6: 5e118d85 (button) folded on the Turn


Poker Hand #HD1773444723: Hold'em No Limit ($0.05/$0.1) - 2024/05/15 11:19:25
Table 'NLHRed40' 6-max Seat #5 is the button
Seat 1: fc611a7e ($16.47 in chips)
Seat 3: Hero ($10.15 in chips)
Seat 4: 33d5546f ($10.1 in chips)
Seat 5: ce15246a ($12.52 in chips)
Seat 6: 5e118d85 ($10.21 in chips)
5e118d85: posts small blind $0.05
fc611a7e: posts big blind $0.1
*** HOLE CARDS ***
Dealt to fc611a7e 
Dealt to Hero [Qd As]
Dealt to 33d5546f 
Dealt to ce15246a 
Dealt to 5e118d85 
Hero: raises $0.1 to $0.2
33d5546f: folds
ce15246a: folds
5e118d85: folds
fc611a7e: folds
Uncalled bet ($0.1) returned to Hero
*** SHOWDOWN ***
Hero collected $0.25 from pot
*** SUMMARY ***
Total pot $0.25 | Rake $0 | Jackpot $0 | Bingo $0 | Fortune $0 | Tax $0
Seat 1: fc611a7e (big blind) folded before Flop
Seat 3: Hero collected ($0.25)
Seat 4: 33d5546f folded before Flop (didn't bet)
Seat 5: ce15246a (button) folded before Flop (didn't bet)
Seat 6: 5e118d85 (small blind) folded before Flop


Poker Hand #HD1773444709: Hold'em No Limit ($0.05/$0.1) - 2024/05/15 11:19:15
Table 'NLHRed40' 6-max Seat #4 is the button
Seat 1: fc611a7e ($16.47 in chips)
Seat 3: Hero ($10 in chips)
Seat 4: 33d5546f ($10.1 in chips)
Seat 5: ce15246a ($12.57 in chips)
Seat 6: 5e118d85 ($10.31 in chips)
ce15246a: posts small blind $0.05
5e118d85: posts big blind $0.1
*** HOLE CARDS ***
Dealt to fc611a7e 
Dealt to Hero [Th Jh]
Dealt to 33d5546f 
Dealt to ce15246a 
Dealt to 5e118d85 
fc611a7e: folds
Hero: raises $0.14 to $0.24
33d5546f: folds
ce15246a: folds
5e118d85: folds
Uncalled bet ($0.14) returned to Hero
*** SHOWDOWN ***
Hero collected $0.25 from pot
*** SUMMARY ***
Total pot $0.25 | Rake $0 | Jackpot $0 | Bingo $0 | Fortune $0 | Tax $0
Seat 1: fc611a7e folded before Flop (didn't bet)
Seat 3: Hero collected ($0.25)
Seat 4: 33d5546f (button) folded before Flop (didn't bet)
Seat 5: ce15246a (small blind) folded before Flop
Seat 6: 5e118d85 (big blind) folded before Flop


Poker Hand #HD1773444683: Hold'em No Limit ($0.05/$0.1) - 2024/05/15 11:19:03
Table 'NLHRed40' 6-max Seat #3 is the button
Seat 1: fc611a7e ($16.47 in chips)
Seat 3: Hero ($10 in chips)
Seat 4: 33d5546f ($10 in chips)
Seat 5: ce15246a ($12.67 in chips)
Seat 6: 5e118d85 ($10.31 in chips)
33d5546f: posts small blind $0.05
ce15246a: posts big blind $0.1
*** HOLE CARDS ***
Dealt to fc611a7e 
Dealt to Hero [Js 4c]
Dealt to 33d5546f 
Dealt to ce15246a 
Dealt to 5e118d85 
5e118d85: folds
fc611a7e: folds
Hero: folds
33d5546f: raises $0.15 to $0.25
ce15246a: folds
Uncalled bet ($0.15) returned to 33d5546f
*** SHOWDOWN ***
33d5546f collected $0.2 from pot
*** SUMMARY ***
Total pot $0.2 | Rake $0 | Jackpot $0 | Bingo $0 | Fortune $0 | Tax $0
Seat 1: fc611a7e folded before Flop (didn't bet)
Seat 3: Hero (button) folded before Flop (didn't bet)
Seat 4: 33d5546f (small blind) collected ($0.2)
Seat 5: ce15246a (big blind) folded before Flop
Seat 6: 5e118d85 folded before Flop (didn't bet)


Poker Hand #HD1773444615: Hold'em No Limit ($0.05/$0.1) - 2024/05/15 11:18:31
Table 'NLHRed40' 6-max Seat #1 is the button
Seat 1: fc611a7e ($16.24 in chips)
Seat 3: Hero ($10.05 in chips)
Seat 4: 33d5546f ($10 in chips)
Seat 5: ce15246a ($12.67 in chips)
Seat 6: 5e118d85 ($10.31 in chips)
Hero: posts small blind $0.05
33d5546f: posts big blind $0.1
*** HOLE CARDS ***
Dealt to fc611a7e 
Dealt to Hero [2c Qd]
Dealt to 33d5546f 
Dealt to ce15246a 
Dealt to 5e118d85 
ce15246a: folds
5e118d85: folds
fc611a7e: raises $0.1 to $0.2
Hero: folds
33d5546f: calls $0.1
*** FLOP *** [Th 5c Ah]
33d5546f: checks
fc611a7e: bets $0.35
33d5546f: folds
Uncalled bet ($0.35) returned to fc611a7e
*** SHOWDOWN ***
fc611a7e collected $0.43 from pot
*** SUMMARY ***
Total pot $0.45 | Rake $0.02 | Jackpot $0 | Bingo $0 | Fortune $0 | Tax $0
Board [Th 5c Ah]
Seat 1: fc611a7e (button) won ($0.43)
Seat 3: Hero (small blind) folded before Flop
Seat 4: 33d5546f (big blind) folded on the Flop
Seat 5: ce15246a folded before Flop (didn't bet)
Seat 6: 5e118d85 folded before Flop (didn't bet)


Poker Hand #HD1773444590: Hold'em No Limit ($0.05/$0.1) - 2024/05/15 11:18:18
Table 'NLHRed40' 6-max Seat #6 is the button
Seat 1: fc611a7e ($16.29 in chips)
Seat 3: Hero ($10 in chips)
Seat 4: 33d5546f ($10 in chips)
Seat 5: ce15246a ($12.67 in chips)
Seat 6: 5e118d85 ($10.31 in chips)
fc611a7e: posts small blind $0.05
Hero: posts big blind $0.1
*** HOLE CARDS ***
Dealt to fc611a7e 
Dealt to Hero [8c 5s]
Dealt to 33d5546f 
Dealt to ce15246a 
Dealt to 5e118d85 
33d5546f: folds
ce15246a: folds
5e118d85: folds
fc611a7e: folds
Uncalled bet ($0.05) returned to Hero
*** SHOWDOWN ***
Hero collected $0.1 from pot
*** SUMMARY ***
Total pot $0.1 | Rake $0 | Jackpot $0 | Bingo $0 | Fortune $0 | Tax $0
Seat 1: fc611a7e (small blind) folded before Flop
Seat 3: Hero (big blind) collected ($0.1)
Seat 4: 33d5546f folded before Flop (didn't bet)
Seat 5: ce15246a folded before Flop (didn't bet)
Seat 6: 5e118d85 (button) folded before Flop (didn't bet)


Poker Hand #HD1773444523: Hold'em No Limit ($0.05/$0.1) - 2024/05/15 11:17:43
Table 'NLHRed40' 6-max Seat #5 is the button
Seat 1: fc611a7e ($16.57 in chips)
Seat 3: Hero ($10 in chips)
Seat 4: 33d5546f ($10 in chips)
Seat 5: ce15246a ($12.67 in chips)
Seat 6: 5e118d85 ($10.05 in chips)
5e118d85: posts small blind $0.05
fc611a7e: posts big blind $0.1
*** HOLE CARDS ***
Dealt to fc611a7e 
Dealt to Hero [Ts 3c]
Dealt to 33d5546f 
Dealt to ce15246a 
Dealt to 5e118d85 
Hero: folds
33d5546f: folds
ce15246a: folds
5e118d85: raises $0.18 to $0.28
fc611a7e: calls $0.18
*** FLOP *** [Ac 5h 7h]
5e118d85: checks
fc611a7e: checks
*** TURN *** [Ac 5h 7h] [7s]
5e118d85: checks
fc611a7e: checks
*** RIVER *** [Ac 5h 7h 7s] [2h]
5e118d85: checks
fc611a7e: checks
5e118d85: shows [6s 5s] (Pair of Sevens and Pair of Fives)
fc611a7e: shows [Ks Jd] (Pair of Sevens)
*** SHOWDOWN ***
5e118d85 collected $0.54 from pot
*** SUMMARY ***
Total pot $0.56 | Rake $0.02 | Jackpot $0 | Bingo $0 | Fortune $0 | Tax $0
Board [Ac 5h 7h 7s 2h]
Seat 1: fc611a7e (big blind) showed [Ks Jd] and lost with Pair of Sevens
Seat 3: Hero folded before Flop (didn't bet)
Seat 4: 33d5546f folded before Flop (didn't bet)
Seat 5: ce15246a (button) folded before Flop (didn't bet)
Seat 6: 5e118d85 (small blind) showed [6s 5s] and won ($0.54) with Pair of Sevens and Pair of Fives


Poker Hand #HD1773444449: Hold'em No Limit ($0.05/$0.1) - 2024/05/15 11:16:59
Table 'NLHRed40' 6-max Seat #4 is the button
Seat 1: fc611a7e ($16.57 in chips)
Seat 3: Hero ($10 in chips)
Seat 4: 33d5546f ($10 in chips)
Seat 5: ce15246a ($12.17 in chips)
Seat 6: 5e118d85 ($10.15 in chips)
ce15246a: posts small blind $0.05
5e118d85: posts big blind $0.1
*** HOLE CARDS ***
Dealt to fc611a7e 
Dealt to Hero [4c Jd]
Dealt to 33d5546f 
Dealt to ce15246a 
Dealt to 5e118d85 
fc611a7e: folds
Hero: folds
33d5546f: raises $0.15 to $0.25
ce15246a: calls $0.2
5e118d85: folds
*** FLOP *** [7h 2h 2s]
ce15246a: checks
33d5546f: bets $0.2
ce15246a: raises $1 to $1.2
33d5546f: folds
Uncalled bet ($1) returned to ce15246a
*** SHOWDOWN ***
ce15246a collected $0.95 from pot
*** SUMMARY ***
Total pot $1 | Rake $0.05 | Jackpot $0 | Bingo $0 | Fortune $0 | Tax $0
Board [7h 2h 2s]
Seat 1: fc611a7e folded before Flop (didn't bet)
Seat 3: Hero folded before Flop (didn't bet)
Seat 4: 33d5546f (button) folded on the Flop
Seat 5: ce15246a (small blind) won ($0.95)
Seat 6: 5e118d85 (big blind) folded before Flop


Poker Hand #HD1773444400: Hold'em No Limit ($0.05/$0.1) - 2024/05/15 11:16:30
Table 'NLHRed40' 6-max Seat #3 is the button
Seat 1: fc611a7e ($16.82 in chips)
Seat 3: Hero ($10 in chips)
Seat 4: 33d5546f ($10 in chips)
Seat 5: ce15246a ($11.89 in chips)
Seat 6: 5e118d85 ($10.15 in chips)
33d5546f: posts small blind $0.05
ce15246a: posts big blind $0.1
*** HOLE CARDS ***
Dealt to fc611a7e 
Dealt to Hero [3c Ah]
Dealt to 33d5546f 
Dealt to ce15246a 
Dealt to 5e118d85 
5e118d85: folds
fc611a7e: raises $0.15 to $0.25
Hero: folds
33d5546f: folds
ce15246a: raises $0.55 to $0.8
fc611a7e: folds
Uncalled bet ($0.55) returned to ce15246a
*** SHOWDOWN ***
ce15246a collected $0.53 from pot
*** SUMMARY ***
Total pot $0.55 | Rake $0.02 | Jackpot $0 | Bingo $0 | Fortune $0 | Tax $0
Seat 1: fc611a7e folded before Flop
Seat 3: Hero (button) folded before Flop (didn't bet)
Seat 4: 33d5546f (small blind) folded before Flop
Seat 5: ce15246a (big blind) collected ($0.53)
Seat 6: 5e118d85 folded before Flop (didn't bet)


Poker Hand #HD1773444367: Hold'em No Limit ($0.05/$0.1) - 2024/05/15 11:16:18
Table 'NLHRed40' 6-max Seat #1 is the button
Seat 1: fc611a7e ($16.82 in chips)
Seat 3: Hero ($10.05 in chips)
Seat 4: 33d5546f ($10 in chips)
Seat 5: ce15246a ($11.89 in chips)
Seat 6: 5e118d85 ($10 in chips)
Hero: posts small blind $0.05
33d5546f: posts big blind $0.1
*** HOLE CARDS ***
Dealt to fc611a7e 
Dealt to Hero [5s 6d]
Dealt to 33d5546f 
Dealt to ce15246a 
Dealt to 5e118d85 
ce15246a: folds
5e118d85: raises $0.12 to $0.22
fc611a7e: folds
Hero: folds
33d5546f: folds
Uncalled bet ($0.12) returned to 5e118d85
*** SHOWDOWN ***
5e118d85 collected $0.25 from pot
*** SUMMARY ***
Total pot $0.25 | Rake $0 | Jackpot $0 | Bingo $0 | Fortune $0 | Tax $0
Seat 1: fc611a7e (button) folded before Flop (didn't bet)
Seat 3: Hero (small blind) folded before Flop
Seat 4: 33d5546f (big blind) folded before Flop
Seat 5: ce15246a folded before Flop (didn't bet)
Seat 6: 5e118d85 collected ($0.25)


Poker Hand #HD1773444331: Hold'em No Limit ($0.05/$0.1) - 2024/05/15 11:15:59
Table 'NLHRed40' 6-max Seat #6 is the button
Seat 1: fc611a7e ($16.73 in chips)
Seat 3: Hero ($10.15 in chips)
Seat 4: 33d5546f ($10 in chips)
Seat 5: ce15246a ($11.89 in chips)
Seat 6: 5e118d85 ($10 in chips)
fc611a7e: posts small blind $0.05
Hero: posts big blind $0.1
*** HOLE CARDS ***
Dealt to fc611a7e 
Dealt to Hero [4s Ad]
Dealt to 33d5546f 
Dealt to ce15246a 
Dealt to 5e118d85 
33d5546f: folds
ce15246a: folds
5e118d85: folds
fc611a7e: calls $0.05
Hero: checks
*** FLOP *** [8c 6h Tc]
fc611a7e: bets $0.17
Hero: folds
Uncalled bet ($0.17) returned to fc611a7e
*** SHOWDOWN ***
fc611a7e collected $0.19 from pot
*** SUMMARY ***
Total pot $0.2 | Rake $0.01 | Jackpot $0 | Bingo $0 | Fortune $0 | Tax $0
Board [8c 6h Tc]
Seat 1: fc611a7e (small blind) won ($0.19)
Seat 3: Hero (big blind) folded on the Flop
Seat 4: 33d5546f folded before Flop (didn't bet)
Seat 5: ce15246a folded before Flop (didn't bet)
Seat 6: 5e118d85 (button) folded before Flop (didn't bet)


Poker Hand #HD1773444298: Hold'em No Limit ($0.05/$0.1) - 2024/05/15 11:15:46
Table 'NLHRed40' 6-max Seat #5 is the button
Seat 1: fc611a7e ($16.83 in chips)
Seat 3: Hero ($10.15 in chips)
Seat 4: 33d5546f ($10 in chips)
Seat 5: ce15246a ($11.74 in chips)
Seat 6: 5e118d85 ($10 in chips)
5e118d85: posts small blind $0.05
fc611a7e: posts big blind $0.1
*** HOLE CARDS ***
Dealt to fc611a7e 
Dealt to Hero [7c Kh]
Dealt to 33d5546f 
Dealt to ce15246a 
Dealt to 5e118d85 
Hero: folds
33d5546f: folds
ce15246a: raises $0.13 to $0.23
5e118d85: folds
fc611a7e: folds
Uncalled bet ($0.13) returned to ce15246a
*** SHOWDOWN ***
ce15246a collected $0.25 from pot
*** SUMMARY ***
Total pot $0.25 | Rake $0 | Jackpot $0 | Bingo $0 | Fortune $0 | Tax $0
Seat 1: fc611a7e (big blind) folded before Flop
Seat 3: Hero folded before Flop (didn't bet)
Seat 4: 33d5546f folded before Flop (didn't bet)
Seat 5: ce15246a (button) collected ($0.25)
Seat 6: 5e118d85 (small blind) folded before Flop


Poker Hand #HD1773444232: Hold'em No Limit ($0.05/$0.1) - 2024/05/15 11:15:04
Table 'NLHRed40' 6-max Seat #4 is the button
Seat 1: fc611a7e ($16.83 in chips)
Seat 3: Hero ($10.39 in chips)
Seat 4: 33d5546f ($10 in chips)
Seat 5: ce15246a ($10.27 in chips)
Seat 6: 5e118d85 ($11.12 in chips)
ce15246a: posts small blind $0.05
5e118d85: posts big blind $0.1
*** HOLE CARDS ***
Dealt to fc611a7e 
Dealt to Hero [Qs 9s]
Dealt to 33d5546f 
Dealt to ce15246a 
Dealt to 5e118d85 
fc611a7e: folds
Hero: raises $0.14 to $0.24
33d5546f: folds
ce15246a: raises $0.58 to $0.82
5e118d85: calls $0.72
Hero: folds
*** FLOP *** [2c 9h 4s]
ce15246a: bets $0.66
5e118d85: calls $0.66
*** TURN *** [2c 9h 4s] [9d]
ce15246a: bets $2.56
5e118d85: folds
Uncalled bet ($2.56) returned to ce15246a
*** SHOWDOWN ***
ce15246a collected $2.95 from pot
*** SUMMARY ***
Total pot $3.2 | Rake $0.15 | Jackpot $0.1 | Bingo $0 | Fortune $0 | Tax $0
Board [2c 9h 4s 9d]
Seat 1: fc611a7e folded before Flop (didn't bet)
Seat 3: Hero folded before Flop
Seat 4: 33d5546f (button) folded before Flop (didn't bet)
Seat 5: ce15246a (small blind) won ($2.95)
Seat 6: 5e118d85 (big blind) folded on the Turn


Poker Hand #HD1773444195: Hold'em No Limit ($0.05/$0.1) - 2024/05/15 11:14:48
Table 'NLHRed40' 6-max Seat #3 is the button
Seat 1: fc611a7e ($16.83 in chips)
Seat 3: Hero ($10.39 in chips)
Seat 4: 33d5546f ($10.05 in chips)
Seat 5: ce15246a ($10.37 in chips)
Seat 6: 5e118d85 ($10.97 in chips)
33d5546f: posts small blind $0.05
ce15246a: posts big blind $0.1
*** HOLE CARDS ***
Dealt to fc611a7e 
Dealt to Hero [9c Ad]
Dealt to 33d5546f 
Dealt to ce15246a 
Dealt to 5e118d85 
5e118d85: raises $0.12 to $0.22
fc611a7e: folds
Hero: folds
33d5546f: folds
ce15246a: folds
Uncalled bet ($0.12) returned to 5e118d85
*** SHOWDOWN ***
5e118d85 collected $0.25 from pot
*** SUMMARY ***
Total pot $0.25 | Rake $0 | Jackpot $0 | Bingo $0 | Fortune $0 | Tax $0
Seat 1: fc611a7e folded before Flop (didn't bet)
Seat 3: Hero (button) folded before Flop (didn't bet)
Seat 4: 33d5546f (small blind) folded before Flop
Seat 5: ce15246a (big blind) folded before Flop
Seat 6: 5e118d85 collected ($0.25)


Poker Hand #HD1773444155: Hold'em No Limit ($0.05/$0.1) - 2024/05/15 11:14:32
Table 'NLHRed40' 6-max Seat #1 is the button
Seat 1: fc611a7e ($16.68 in chips)
Seat 3: Hero ($10.44 in chips)
Seat 4: 33d5546f ($10.15 in chips)
Seat 5: ce15246a ($10.37 in chips)
Seat 6: 5e118d85 ($10.97 in chips)
Hero: posts small blind $0.05
33d5546f: posts big blind $0.1
*** HOLE CARDS ***
Dealt to fc611a7e 
Dealt to Hero [Th 8s]
Dealt to 33d5546f 
Dealt to ce15246a 
Dealt to 5e118d85 
ce15246a: folds
5e118d85: folds
fc611a7e: raises $0.1 to $0.2
Hero: folds
33d5546f: folds
Uncalled bet ($0.1) returned to fc611a7e
*** SHOWDOWN ***
fc611a7e collected $0.25 from pot
*** SUMMARY ***
Total pot $0.25 | Rake $0 | Jackpot $0 | Bingo $0 | Fortune $0 | Tax $0
Seat 1: fc611a7e (button) collected ($0.25)
Seat 3: Hero (small blind) folded before Flop
Seat 4: 33d5546f (big blind) folded before Flop
Seat 5: ce15246a folded before Flop (didn't bet)
Seat 6: 5e118d85 folded before Flop (didn't bet)


Poker Hand #HD1773444129: Hold'em No Limit ($0.05/$0.1) - 2024/05/15 11:14:18
Table 'NLHRed40' 6-max Seat #6 is the button
Seat 1: fc611a7e ($16.73 in chips)
Seat 3: Hero ($10.54 in chips)
Seat 4: 33d5546f ($10 in chips)
Seat 5: ce15246a ($10.37 in chips)
Seat 6: 5e118d85 ($10.97 in chips)
fc611a7e: posts small blind $0.05
Hero: posts big blind $0.1
*** HOLE CARDS ***
Dealt to fc611a7e 
Dealt to Hero [6s Kd]
Dealt to 33d5546f 
Dealt to ce15246a 
Dealt to 5e118d85 
33d5546f: raises $0.15 to $0.25
ce15246a: folds
5e118d85: folds
fc611a7e: folds
Hero: folds
Uncalled bet ($0.15) returned to 33d5546f
*** SHOWDOWN ***
33d5546f collected $0.25 from pot
*** SUMMARY ***
Total pot $0.25 | Rake $0 | Jackpot $0 | Bingo $0 | Fortune $0 | Tax $0
Seat 1: fc611a7e (small blind) folded before Flop
Seat 3: Hero (big blind) folded before Flop
Seat 4: 33d5546f collected ($0.25)
Seat 5: ce15246a folded before Flop (didn't bet)
Seat 6: 5e118d85 (button) folded before Flop (didn't bet)


Poker Hand #HD1773444079: Hold'em No Limit ($0.05/$0.1) - 2024/05/15 11:13:51
Table 'NLHRed40' 6-max Seat #5 is the button
Seat 1: fc611a7e ($16.83 in chips)
Seat 3: Hero ($10.54 in chips)
Seat 4: 33d5546f ($10 in chips)
Seat 5: ce15246a ($10 in chips)
Seat 6: 5e118d85 ($11.02 in chips)
5e118d85: posts small blind $0.05
fc611a7e: posts big blind $0.1
*** HOLE CARDS ***
Dealt to fc611a7e 
Dealt to Hero [4d 6h]
Dealt to 33d5546f 
Dealt to ce15246a 
Dealt to 5e118d85 
Hero: folds
33d5546f: raises $0.15 to $0.25
ce15246a: raises $0.65 to $0.9
5e118d85: folds
fc611a7e: folds
33d5546f: folds
Uncalled bet ($0.65) returned to ce15246a
*** SHOWDOWN ***
ce15246a collected $0.62 from pot
*** SUMMARY ***
Total pot $0.65 | Rake $0.03 | Jackpot $0 | Bingo $0 | Fortune $0 | Tax $0
Seat 1: fc611a7e (big blind) folded before Flop
Seat 3: Hero folded before Flop (didn't bet)
Seat 4: 33d5546f folded before Flop
Seat 5: ce15246a (button) collected ($0.62)
Seat 6: 5e118d85 (small blind) folded before Flop


Poker Hand #HD1773444051: Hold'em No Limit ($0.05/$0.1) - 2024/05/15 11:13:36
Table 'NLHRed40' 6-max Seat #4 is the button
Seat 1: fc611a7e ($16.83 in chips)
Seat 3: Hero ($10.54 in chips)
Seat 4: 33d5546f ($10 in chips)
Seat 5: ce15246a ($10 in chips)
Seat 6: 5e118d85 ($10.97 in chips)
ce15246a: posts small blind $0.05
5e118d85: posts big blind $0.1
*** HOLE CARDS ***
Dealt to fc611a7e 
Dealt to Hero [Ad 5s]
Dealt to 33d5546f 
Dealt to ce15246a 
Dealt to 5e118d85 
fc611a7e: folds
Hero: folds
33d5546f: folds
ce15246a: folds
Uncalled bet ($0.05) returned to 5e118d85
*** SHOWDOWN ***
5e118d85 collected $0.1 from pot
*** SUMMARY ***
Total pot $0.1 | Rake $0 | Jackpot $0 | Bingo $0 | Fortune $0 | Tax $0
Seat 1: fc611a7e folded before Flop (didn't bet)
Seat 3: Hero folded before Flop (didn't bet)
Seat 4: 33d5546f (button) folded before Flop (didn't bet)
Seat 5: ce15246a (small blind) folded before Flop
Seat 6: 5e118d85 (big blind) collected ($0.1)


Poker Hand #HD1773444028: Hold'em No Limit ($0.05/$0.1) - 2024/05/15 11:13:22
Table 'NLHRed40' 6-max Seat #3 is the button
Seat 1: fc611a7e ($16.83 in chips)
Seat 3: Hero ($10.54 in chips)
Seat 4: 33d5546f ($10 in chips)
Seat 5: ce15246a ($10 in chips)
Seat 6: 5e118d85 ($10.82 in chips)
33d5546f: posts small blind $0.05
ce15246a: posts big blind $0.1
*** HOLE CARDS ***
Dealt to fc611a7e 
Dealt to Hero [Th 6d]
Dealt to 33d5546f 
Dealt to ce15246a 
Dealt to 5e118d85 
5e118d85: raises $0.12 to $0.22
fc611a7e: folds
Hero: folds
33d5546f: folds
ce15246a: folds
Uncalled bet ($0.12) returned to 5e118d85
*** SHOWDOWN ***
5e118d85 collected $0.25 from pot
*** SUMMARY ***
Total pot $0.25 | Rake $0 | Jackpot $0 | Bingo $0 | Fortune $0 | Tax $0
Seat 1: fc611a7e folded before Flop (didn't bet)
Seat 3: Hero (button) folded before Flop (didn't bet)
Seat 4: 33d5546f (small blind) folded before Flop
Seat 5: ce15246a (big blind) folded before Flop
Seat 6: 5e118d85 collected ($0.25)


Poker Hand #HD1773443959: Hold'em No Limit ($0.05/$0.1) - 2024/05/15 11:12:52
Table 'NLHRed40' 6-max Seat #1 is the button
Seat 1: fc611a7e ($16.83 in chips)
Seat 3: Hero ($10.24 in chips)
Seat 4: 33d5546f ($10.06 in chips)
Seat 5: ce15246a ($10 in chips)
Seat 6: 5e118d85 ($11.04 in chips)
Hero: posts small blind $0.05
33d5546f: posts big blind $0.1
*** HOLE CARDS ***
Dealt to fc611a7e 
Dealt to Hero [Ah Jd]
Dealt to 33d5546f 
Dealt to ce15246a 
Dealt to 5e118d85 
ce15246a: folds
5e118d85: raises $0.12 to $0.22
fc611a7e: folds
Hero: raises $0.68 to $0.9
33d5546f: folds
5e118d85: folds
Uncalled bet ($0.68) returned to Hero
*** SHOWDOWN ***
Hero collected $0.52 from pot
*** SUMMARY ***
Total pot $0.54 | Rake $0.02 | Jackpot $0 | Bingo $0 | Fortune $0 | Tax $0
Seat 1: fc611a7e (button) folded before Flop (didn't bet)
Seat 3: Hero (small blind) collected ($0.52)
Seat 4: 33d5546f (big blind) folded before Flop
Seat 5: ce15246a folded before Flop (didn't bet)
Seat 6: 5e118d85 folded before Flop


Poker Hand #HD1773443883: Hold'em No Limit ($0.05/$0.1) - 2024/05/15 11:12:12
Table 'NLHRed40' 6-max Seat #6 is the button
Seat 1: fc611a7e ($16.88 in chips)
Seat 3: Hero ($10.34 in chips)
Seat 4: 33d5546f ($10.31 in chips)
Seat 5: ce15246a ($10 in chips)
Seat 6: 5e118d85 ($10.67 in chips)
fc611a7e: posts small blind $0.05
Hero: posts big blind $0.1
*** HOLE CARDS ***
Dealt to fc611a7e 
Dealt to Hero [Kh 2h]
Dealt to 33d5546f 
Dealt to ce15246a 
Dealt to 5e118d85 
33d5546f: raises $0.15 to $0.25
ce15246a: folds
5e118d85: calls $0.25
fc611a7e: folds
Hero: folds
*** FLOP *** [7s 8h 6h]
33d5546f: checks
5e118d85: bets $0.49
33d5546f: folds
Uncalled bet ($0.49) returned to 5e118d85
*** SHOWDOWN ***
5e118d85 collected $0.62 from pot
*** SUMMARY ***
Total pot $0.65 | Rake $0.03 | Jackpot $0 | Bingo $0 | Fortune $0 | Tax $0
Board [7s 8h 6h]
Seat 1: fc611a7e (small blind) folded before Flop
Seat 3: Hero (big blind) folded before Flop
Seat 4: 33d5546f folded on the Flop
Seat 5: ce15246a folded before Flop (didn't bet)
Seat 6: 5e118d85 (button) won ($0.62)


Poker Hand #HD1773443799: Hold'em No Limit ($0.05/$0.1) - 2024/05/15 11:11:28
Table 'NLHRed40' 6-max Seat #5 is the button
Seat 1: fc611a7e ($16.86 in chips)
Seat 3: Hero ($10.33 in chips)
Seat 4: 33d5546f ($10.31 in chips)
Seat 5: ce15246a ($10 in chips)
Seat 6: 5e118d85 ($10.72 in chips)
5e118d85: posts small blind $0.05
fc611a7e: posts big blind $0.1
*** HOLE CARDS ***
Dealt to fc611a7e 
Dealt to Hero [Ts Kd]
Dealt to 33d5546f 
Dealt to ce15246a 
Dealt to 5e118d85 
Hero: raises $0.1 to $0.2
33d5546f: folds
ce15246a: folds
5e118d85: folds
fc611a7e: calls $0.1
*** FLOP *** [Qh 8s As]
fc611a7e: checks
Hero: bets $0.15
fc611a7e: calls $0.15
*** TURN *** [Qh 8s As] [Tc]
fc611a7e: checks
Hero: checks
*** RIVER *** [Qh 8s As Tc] [5d]
fc611a7e: checks
Hero: checks
fc611a7e: shows [Ks Th] (Pair of Tens)
Hero: shows [Ts Kd] (Pair of Tens)
*** SHOWDOWN ***
fc611a7e collected $0.37 from pot
Hero collected $0.36 from pot
*** SUMMARY ***
Total pot $0.75 | Rake $0.02 | Jackpot $0 | Bingo $0 | Fortune $0 | Tax $0
Board [Qh 8s As Tc 5d]
Seat 1: fc611a7e (big blind) showed [Ks Th] and won ($0.37) with Pair of Tens
Seat 3: Hero showed [Ts Kd] and won ($0.36) with Pair of Tens
Seat 4: 33d5546f folded before Flop (didn't bet)
Seat 5: ce15246a (button) folded before Flop (didn't bet)
Seat 6: 5e118d85 (small blind) folded before Flop


Poker Hand #HD1773443778: Hold'em No Limit ($0.05/$0.1) - 2024/05/15 11:11:18
Table 'NLHRed40' 6-max Seat #4 is the button
Seat 3: Hero ($10.18 in chips)
Seat 4: 33d5546f ($10.31 in chips)
Seat 5: ce15246a ($10.05 in chips)
Seat 6: 5e118d85 ($10.82 in chips)
ce15246a: posts small blind $0.05
5e118d85: posts big blind $0.1
*** HOLE CARDS ***
Dealt to Hero [Ks Kd]
Dealt to 33d5546f 
Dealt to ce15246a 
Dealt to 5e118d85 
Hero: raises $0.14 to $0.24
33d5546f: folds
ce15246a: folds
5e118d85: folds
Uncalled bet ($0.14) returned to Hero
*** SHOWDOWN ***
Hero collected $0.25 from pot
*** SUMMARY ***
Total pot $0.25 | Rake $0 | Jackpot $0 | Bingo $0 | Fortune $0 | Tax $0
Seat 3: Hero collected ($0.25)
Seat 4: 33d5546f (button) folded before Flop (didn't bet)
Seat 5: ce15246a (small blind) folded before Flop
Seat 6: 5e118d85 (big blind) folded before Flop


Poker Hand #HD1773443763: Hold'em No Limit ($0.05/$0.1) - 2024/05/15 11:11:09
Table 'NLHRed40' 6-max Seat #3 is the button
Seat 3: Hero ($10.18 in chips)
Seat 4: 33d5546f ($10.36 in chips)
Seat 5: ce15246a ($10 in chips)
Seat 6: 5e118d85 ($10.82 in chips)
33d5546f: posts small blind $0.05
ce15246a: posts big blind $0.1
*** HOLE CARDS ***
Dealt to Hero [6s 5c]
Dealt to 33d5546f 
Dealt to ce15246a 
Dealt to 5e118d85 
5e118d85: folds
Hero: folds
33d5546f: folds
Uncalled bet ($0.05) returned to ce15246a
*** SHOWDOWN ***
ce15246a collected $0.1 from pot
*** SUMMARY ***
Total pot $0.1 | Rake $0 | Jackpot $0 | Bingo $0 | Fortune $0 | Tax $0
Seat 3: Hero (button) folded before Flop (didn't bet)
Seat 4: 33d5546f (small blind) folded before Flop
Seat 5: ce15246a (big blind) collected ($0.1)
Seat 6: 5e118d85 folded before Flop (didn't bet)


Poker Hand #HD1773443744: Hold'em No Limit ($0.05/$0.1) - 2024/05/15 11:11:02
Table 'NLHRed40' 6-max Seat #6 is the button
Seat 3: Hero ($10.23 in chips)
Seat 4: 33d5546f ($10.46 in chips)
Seat 6: 5e118d85 ($10.67 in chips)
Hero: posts small blind $0.05
33d5546f: posts big blind $0.1
*** HOLE CARDS ***
Dealt to Hero [Qh 7s]
Dealt to 33d5546f 
Dealt to 5e118d85 
5e118d85: raises $0.12 to $0.22
Hero: folds
33d5546f: folds
Uncalled bet ($0.12) returned to 5e118d85
*** SHOWDOWN ***
5e118d85 collected $0.25 from pot
*** SUMMARY ***
Total pot $0.25 | Rake $0 | Jackpot $0 | Bingo $0 | Fortune $0 | Tax $0
Seat 3: Hero (small blind) folded before Flop
Seat 4: 33d5546f (big blind) folded before Flop
Seat 6: 5e118d85 (button) collected ($0.25)


Poker Hand #HD1773443701: Hold'em No Limit ($0.05/$0.1) - 2024/05/15 11:10:40
Table 'NLHRed40' 6-max Seat #4 is the button
Seat 1: fc611a7e ($16.96 in chips)
Seat 3: Hero ($10.23 in chips)
Seat 4: 33d5546f ($10.46 in chips)
Seat 6: 5e118d85 ($10.57 in chips)
5e118d85: posts small blind $0.05
fc611a7e: posts big blind $0.1
*** HOLE CARDS ***
Dealt to fc611a7e 
Dealt to Hero [Jd 2d]
Dealt to 33d5546f 
Dealt to 5e118d85 
Hero: folds
33d5546f: folds
5e118d85: raises $0.18 to $0.28
fc611a7e: folds
Uncalled bet ($0.18) returned to 5e118d85
*** SHOWDOWN ***
5e118d85 collected $0.2 from pot
*** SUMMARY ***
Total pot $0.2 | Rake $0 | Jackpot $0 | Bingo $0 | Fortune $0 | Tax $0
Seat 1: fc611a7e (big blind) folded before Flop
Seat 3: Hero folded before Flop (didn't bet)
Seat 4: 33d5546f (button) folded before Flop (didn't bet)
Seat 6: 5e118d85 (small blind) collected ($0.2)


Poker Hand #HD1773443668: Hold'em No Limit ($0.05/$0.1) - 2024/05/15 11:10:25
Table 'NLHRed40' 6-max Seat #3 is the button
Seat 1: fc611a7e ($16.96 in chips)
Seat 3: Hero ($10.08 in chips)
Seat 4: 33d5546f ($10.51 in chips)
Seat 6: 5e118d85 ($10.67 in chips)
33d5546f: posts small blind $0.05
5e118d85: posts big blind $0.1
*** HOLE CARDS ***
Dealt to fc611a7e 
Dealt to Hero [Jc Js]
Dealt to 33d5546f 
Dealt to 5e118d85 
fc611a7e: folds
Hero: raises $0.14 to $0.24
33d5546f: folds
5e118d85: folds
Uncalled bet ($0.14) returned to Hero
*** SHOWDOWN ***
Hero collected $0.25 from pot
*** SUMMARY ***
Total pot $0.25 | Rake $0 | Jackpot $0 | Bingo $0 | Fortune $0 | Tax $0
Seat 1: fc611a7e folded before Flop (didn't bet)
Seat 3: Hero (button) collected ($0.25)
Seat 4: 33d5546f (small blind) folded before Flop
Seat 6: 5e118d85 (big blind) folded before Flop


Poker Hand #HD1773443655: Hold'em No Limit ($0.05/$0.1) - 2024/05/15 11:10:16
Table 'NLHRed40' 6-max Seat #1 is the button
Seat 1: fc611a7e ($16.96 in chips)
Seat 3: Hero ($10.13 in chips)
Seat 4: 33d5546f ($10.46 in chips)
Seat 5: a128df3f ($10 in chips)
Seat 6: 5e118d85 ($10.67 in chips)
Hero: posts small blind $0.05
33d5546f: posts big blind $0.1
*** HOLE CARDS ***
Dealt to fc611a7e 
Dealt to Hero [Qh 4s]
Dealt to 33d5546f 
Dealt to a128df3f 
Dealt to 5e118d85 
a128df3f: folds
5e118d85: folds
fc611a7e: folds
Hero: folds
Uncalled bet ($0.05) returned to 33d5546f
*** SHOWDOWN ***
33d5546f collected $0.1 from pot
*** SUMMARY ***
Total pot $0.1 | Rake $0 | Jackpot $0 | Bingo $0 | Fortune $0 | Tax $0
Seat 1: fc611a7e (button) folded before Flop (didn't bet)
Seat 3: Hero (small blind) folded before Flop
Seat 4: 33d5546f (big blind) collected ($0.1)
Seat 5: a128df3f folded before Flop (didn't bet)
Seat 6: 5e118d85 folded before Flop (didn't bet)


Poker Hand #HD1773443592: Hold'em No Limit ($0.05/$0.1) - 2024/05/15 11:09:45
Table 'NLHRed40' 6-max Seat #6 is the button
Seat 1: fc611a7e ($16.69 in chips)
Seat 3: Hero ($10.43 in chips)
Seat 4: 33d5546f ($10.46 in chips)
Seat 5: a128df3f ($10 in chips)
Seat 6: 5e118d85 ($10.67 in chips)
fc611a7e: posts small blind $0.05
Hero: posts big blind $0.1
*** HOLE CARDS ***
Dealt to fc611a7e 
Dealt to Hero [Qh Tc]
Dealt to 33d5546f 
Dealt to a128df3f 
Dealt to 5e118d85 
33d5546f: folds
a128df3f: folds
5e118d85: folds
fc611a7e: raises $0.2 to $0.3
Hero: calls $0.2
*** FLOP *** [5s Ad As]
fc611a7e: bets $0.2
Hero: folds
Uncalled bet ($0.2) returned to fc611a7e
*** SHOWDOWN ***
fc611a7e collected $0.57 from pot
*** SUMMARY ***
Total pot $0.6 | Rake $0.03 | Jackpot $0 | Bingo $0 | Fortune $0 | Tax $0
Board [5s Ad As]
Seat 1: fc611a7e (small blind) won ($0.57)
Seat 3: Hero (big blind) folded on the Flop
Seat 4: 33d5546f folded before Flop (didn't bet)
Seat 5: a128df3f folded before Flop (didn't bet)
Seat 6: 5e118d85 (button) folded before Flop (didn't bet)


Poker Hand #HD1773443572: Hold'em No Limit ($0.05/$0.1) - 2024/05/15 11:09:34
Table 'NLHRed40' 6-max Seat #5 is the button
Seat 1: fc611a7e ($16.79 in chips)
Seat 3: Hero ($10.43 in chips)
Seat 4: 33d5546f ($10.31 in chips)
Seat 5: a128df3f ($10 in chips)
Seat 6: 5e118d85 ($10.72 in chips)
5e118d85: posts small blind $0.05
fc611a7e: posts big blind $0.1
*** HOLE CARDS ***
Dealt to fc611a7e 
Dealt to Hero [5d 6h]
Dealt to 33d5546f 
Dealt to a128df3f 
Dealt to 5e118d85 
Hero: folds
33d5546f: raises $0.15 to $0.25
a128df3f: folds
5e118d85: folds
fc611a7e: folds
Uncalled bet ($0.15) returned to 33d5546f
*** SHOWDOWN ***
33d5546f collected $0.25 from pot
*** SUMMARY ***
Total pot $0.25 | Rake $0 | Jackpot $0 | Bingo $0 | Fortune $0 | Tax $0
Seat 1: fc611a7e (big blind) folded before Flop
Seat 3: Hero folded before Flop (didn't bet)
Seat 4: 33d5546f collected ($0.25)
Seat 5: a128df3f (button) folded before Flop (didn't bet)
Seat 6: 5e118d85 (small blind) folded before Flop


Poker Hand #HD1773443498: Hold'em No Limit ($0.05/$0.1) - 2024/05/15 11:08:57
Table 'NLHRed40' 6-max Seat #4 is the button
Seat 1: fc611a7e ($16.79 in chips)
Seat 3: Hero ($10.43 in chips)
Seat 4: 33d5546f ($10.03 in chips)
Seat 5: a128df3f ($10 in chips)
Seat 6: 5e118d85 ($10.97 in chips)
a128df3f: posts small blind $0.05
5e118d85: posts big blind $0.1
*** HOLE CARDS ***
Dealt to fc611a7e 
Dealt to Hero [4d Ac]
Dealt to 33d5546f 
Dealt to a128df3f 
Dealt to 5e118d85 
fc611a7e: folds
Hero: folds
33d5546f: raises $0.15 to $0.25
a128df3f: folds
5e118d85: calls $0.15
*** FLOP *** [8s 7d Jd]
5e118d85: checks
33d5546f: checks
*** TURN *** [8s 7d Jd] [8d]
5e118d85: checks
33d5546f: checks
*** RIVER *** [8s 7d Jd 8d] [4s]
5e118d85: checks
33d5546f: checks
5e118d85: shows [5h As] (Pair of Eights)
33d5546f: shows [9s Ah] (Pair of Eights)
*** SHOWDOWN ***
33d5546f collected $0.53 from pot
*** SUMMARY ***
Total pot $0.55 | Rake $0.02 | Jackpot $0 | Bingo $0 | Fortune $0 | Tax $0
Board [8s 7d Jd 8d 4s]
Seat 1: fc611a7e folded before Flop (didn't bet)
Seat 3: Hero folded before Flop (didn't bet)
Seat 4: 33d5546f (button) showed [9s Ah] and won ($0.53) with Pair of Eights
Seat 5: a128df3f (small blind) folded before Flop
Seat 6: 5e118d85 (big blind) showed [5h As] and lost with Pair of Eights


Poker Hand #HD1773443389: Hold'em No Limit ($0.05/$0.1) - 2024/05/15 11:07:59
Table 'NLHRed40' 6-max Seat #3 is the button
Seat 1: fc611a7e ($12.32 in chips)
Seat 3: Hero ($10.43 in chips)
Seat 4: 33d5546f ($10.08 in chips)
Seat 5: a128df3f ($10 in chips)
Seat 6: 5e118d85 ($10.97 in chips)
33d5546f: posts small blind $0.05
a128df3f: posts big blind $0.1
*** HOLE CARDS ***
Dealt to fc611a7e 
Dealt to Hero [6c As]
Dealt to 33d5546f 
Dealt to a128df3f 
Dealt to 5e118d85 
5e118d85: folds
fc611a7e: raises $0.2 to $0.3
Hero: folds
33d5546f: folds
a128df3f: raises $0.9 to $1.2
fc611a7e: calls $0.9
*** FLOP *** [7h Qh 2c]
a128df3f: bets $0.81
fc611a7e: calls $0.81
*** TURN *** [7h Qh 2c] [Jd]
a128df3f: bets $3
fc611a7e: raises $7.31 to $10.31 and is all-in
a128df3f: folds
Uncalled bet ($7.31) returned to fc611a7e
*** SHOWDOWN ***
fc611a7e collected $9.48 from pot
*** SUMMARY ***
Total pot $10.07 | Rake $0.49 | Jackpot $0.1 | Bingo $0 | Fortune $0 | Tax $0
Board [7h Qh 2c Jd]
Seat 1: fc611a7e won ($9.48)
Seat 3: Hero (button) folded before Flop (didn't bet)
Seat 4: 33d5546f (small blind) folded before Flop
Seat 5: a128df3f (big blind) folded on the Turn
Seat 6: 5e118d85 folded before Flop (didn't bet)


Poker Hand #HD1773443332: Hold'em No Limit ($0.05/$0.1) - 2024/05/15 11:07:26
Table 'NLHRed40' 6-max Seat #1 is the button
Seat 1: fc611a7e ($13.07 in chips)
Seat 3: Hero ($10.48 in chips)
Seat 4: 33d5546f ($10.18 in chips)
Seat 5: a128df3f ($10 in chips)
Seat 6: 5e118d85 ($10.15 in chips)
Hero: posts small blind $0.05
33d5546f: posts big blind $0.1
*** HOLE CARDS ***
Dealt to fc611a7e 
Dealt to Hero [9s Kc]
Dealt to 33d5546f 
Dealt to a128df3f 
Dealt to 5e118d85 
a128df3f: folds
5e118d85: raises $0.12 to $0.22
fc611a7e: raises $0.53 to $0.75
Hero: folds
33d5546f: folds
5e118d85: raises $1.25 to $2
fc611a7e: folds
Uncalled bet ($1.25) returned to 5e118d85
*** SHOWDOWN ***
5e118d85 collected $1.57 from pot
*** SUMMARY ***
Total pot $1.65 | Rake $0.08 | Jackpot $0 | Bingo $0 | Fortune $0 | Tax $0
Seat 1: fc611a7e (button) folded before Flop
Seat 3: Hero (small blind) folded before Flop
Seat 4: 33d5546f (big blind) folded before Flop
Seat 5: a128df3f folded before Flop (didn't bet)
Seat 6: 5e118d85 collected ($1.57)


Poker Hand #HD1773443300: Hold'em No Limit ($0.05/$0.1) - 2024/05/15 11:07:12
Table 'NLHRed40' 6-max Seat #6 is the button
Seat 1: fc611a7e ($13.12 in chips)
Seat 3: Hero ($10.58 in chips)
Seat 4: 33d5546f ($10.18 in chips)
Seat 5: a128df3f ($10 in chips)
Seat 6: 5e118d85 ($10 in chips)
fc611a7e: posts small blind $0.05
Hero: posts big blind $0.1
*** HOLE CARDS ***
Dealt to fc611a7e 
Dealt to Hero [7d 3s]
Dealt to 33d5546f 
Dealt to a128df3f 
Dealt to 5e118d85 
33d5546f: folds
a128df3f: folds
5e118d85: raises $0.12 to $0.22
fc611a7e: folds
Hero: folds
Uncalled bet ($0.12) returned to 5e118d85
*** SHOWDOWN ***
5e118d85 collected $0.25 from pot
*** SUMMARY ***
Total pot $0.25 | Rake $0 | Jackpot $0 | Bingo $0 | Fortune $0 | Tax $0
Seat 1: fc611a7e (small blind) folded before Flop
Seat 3: Hero (big blind) folded before Flop
Seat 4: 33d5546f folded before Flop (didn't bet)
Seat 5: a128df3f folded before Flop (didn't bet)
Seat 6: 5e118d85 (button) collected ($0.25)


Poker Hand #HD1773443284: Hold'em No Limit ($0.05/$0.1) - 2024/05/15 11:07:03
Table 'NLHRed40' 6-max Seat #5 is the button
Seat 1: fc611a7e ($13.07 in chips)
Seat 3: Hero ($10.58 in chips)
Seat 4: 33d5546f ($10.18 in chips)
Seat 5: a128df3f ($10 in chips)
Seat 6: 5e118d85 ($10.05 in chips)
5e118d85: posts small blind $0.05
fc611a7e: posts big blind $0.1
*** HOLE CARDS ***
Dealt to fc611a7e 
Dealt to Hero [Ks 3d]
Dealt to 33d5546f 
Dealt to a128df3f 
Dealt to 5e118d85 
Hero: folds
33d5546f: folds
a128df3f: folds
5e118d85: folds
Uncalled bet ($0.05) returned to fc611a7e
*** SHOWDOWN ***
fc611a7e collected $0.1 from pot
*** SUMMARY ***
Total pot $0.1 | Rake $0 | Jackpot $0 | Bingo $0 | Fortune $0 | Tax $0
Seat 1: fc611a7e (big blind) collected ($0.1)
Seat 3: Hero folded before Flop (didn't bet)
Seat 4: 33d5546f folded before Flop (didn't bet)
Seat 5: a128df3f (button) folded before Flop (didn't bet)
Seat 6: 5e118d85 (small blind) folded before Flop


Poker Hand #HD1773443254: Hold'em No Limit ($0.05/$0.1) - 2024/05/15 11:06:49
Table 'NLHRed40' 6-max Seat #4 is the button
Seat 1: fc611a7e ($13.07 in chips)
Seat 3: Hero ($10.58 in chips)
Seat 4: 33d5546f ($10.18 in chips)
Seat 5: a128df3f ($10.05 in chips)
Seat 6: 5e118d85 ($10 in chips)
a128df3f: posts small blind $0.05
5e118d85: posts big blind $0.1
*** HOLE CARDS ***
Dealt to fc611a7e 
Dealt to Hero [4c Jh]
Dealt to 33d5546f 
Dealt to a128df3f 
Dealt to 5e118d85 
fc611a7e: folds
Hero: folds
33d5546f: folds
a128df3f: folds
Uncalled bet ($0.05) returned to 5e118d85
*** SHOWDOWN ***
5e118d85 collected $0.1 from pot
*** SUMMARY ***
Total pot $0.1 | Rake $0 | Jackpot $0 | Bingo $0 | Fortune $0 | Tax $0
Seat 1: fc611a7e folded before Flop (didn't bet)
Seat 3: Hero folded before Flop (didn't bet)
Seat 4: 33d5546f (button) folded before Flop (didn't bet)
Seat 5: a128df3f (small blind) folded before Flop
Seat 6: 5e118d85 (big blind) collected ($0.1)


Poker Hand #HD1773443212: Hold'em No Limit ($0.05/$0.1) - 2024/05/15 11:06:30
Table 'NLHRed40' 6-max Seat #3 is the button
Seat 1: fc611a7e ($13.07 in chips)
Seat 3: Hero ($10.58 in chips)
Seat 4: 33d5546f ($10.23 in chips)
Seat 5: a128df3f ($10 in chips)
Seat 6: 5e118d85 ($10 in chips)
33d5546f: posts small blind $0.05
a128df3f: posts big blind $0.1
*** HOLE CARDS ***
Dealt to fc611a7e 
Dealt to Hero [Jd 4d]
Dealt to 33d5546f 
Dealt to a128df3f 
Dealt to 5e118d85 
5e118d85: folds
fc611a7e: folds
Hero: folds
33d5546f: folds
Uncalled bet ($0.05) returned to a128df3f
*** SHOWDOWN ***
a128df3f collected $0.1 from pot
*** SUMMARY ***
Total pot $0.1 | Rake $0 | Jackpot $0 | Bingo $0 | Fortune $0 | Tax $0
Seat 1: fc611a7e folded before Flop (didn't bet)
Seat 3: Hero (button) folded before Flop (didn't bet)
Seat 4: 33d5546f (small blind) folded before Flop
Seat 5: a128df3f (big blind) collected ($0.1)
Seat 6: 5e118d85 folded before Flop (didn't bet)


Poker Hand #HD1773443141: Hold'em No Limit ($0.05/$0.1) - 2024/05/15 11:05:51
Table 'NLHRed40' 6-max Seat #1 is the button
Seat 1: fc611a7e ($13.27 in chips)
Seat 3: Hero ($10.63 in chips)
Seat 4: 33d5546f ($10 in chips)
Seat 5: a128df3f ($10 in chips)
Seat 6: 5e118d85 ($10 in chips)
Hero: posts small blind $0.05
33d5546f: posts big blind $0.1
*** HOLE CARDS ***
Dealt to fc611a7e 
Dealt to Hero [3h 8d]
Dealt to 33d5546f 
Dealt to a128df3f 
Dealt to 5e118d85 
a128df3f: folds
5e118d85: folds
fc611a7e: raises $0.1 to $0.2
Hero: folds
33d5546f: raises $0.6 to $0.8
fc611a7e: folds
Uncalled bet ($0.6) returned to 33d5546f
*** SHOWDOWN ***
33d5546f collected $0.43 from pot
*** SUMMARY ***
Total pot $0.45 | Rake $0.02 | Jackpot $0 | Bingo $0 | Fortune $0 | Tax $0
Seat 1: fc611a7e (button) folded before Flop
Seat 3: Hero (small blind) folded before Flop
Seat 4: 33d5546f (big blind) collected ($0.43)
Seat 5: a128df3f folded before Flop (didn't bet)
Seat 6: 5e118d85 folded before Flop (didn't bet)


Poker Hand #HD1773443024: Hold'em No Limit ($0.05/$0.1) - 2024/05/15 11:04:55
Table 'NLHRed40' 6-max Seat #6 is the button
Seat 1: fc611a7e ($10 in chips)
Seat 2: e46799b3 ($3.47 in chips)
Seat 3: Hero ($10.63 in chips)
Seat 5: a128df3f ($10 in chips)
Seat 6: 5e118d85 ($10 in chips)
fc611a7e: posts small blind $0.05
e46799b3: posts big blind $0.1
*** HOLE CARDS ***
Dealt to fc611a7e 
Dealt to e46799b3 
Dealt to Hero [9c Qh]
Dealt to a128df3f 
Dealt to 5e118d85 
Hero: folds
a128df3f: raises $0.15 to $0.25
5e118d85: folds
fc611a7e: raises $0.55 to $0.8
e46799b3: calls $0.7
a128df3f: folds
*** FLOP *** [4d 8h 2d]
fc611a7e: bets $1
e46799b3: calls $1
*** TURN *** [4d 8h 2d] [2c]
fc611a7e: bets $2
e46799b3: calls $1.67 and is all-in
Uncalled bet ($0.33) returned to fc611a7e
fc611a7e: shows [Js Jd] (Pair of Jacks and Pair of Twos)
e46799b3: shows [As Td] (Pair of Twos)
*** RIVER *** [4d 8h 2d 2c] [Jc]
*** SHOWDOWN ***
fc611a7e collected $6.74 from pot
*** SUMMARY ***
Total pot $7.19 | Rake $0.35 | Jackpot $0.1 | Bingo $0 | Fortune $0 | Tax $0
Board [4d 8h 2d 2c Jc]
Seat 1: fc611a7e (small blind) showed [Js Jd] and won ($6.74) with Jacks Full over Twos
Seat 2: e46799b3 (big blind) showed [As Td] and lost with Pair of Twos
Seat 3: Hero folded before Flop (didn't bet)
Seat 5: a128df3f folded before Flop
Seat 6: 5e118d85 (button) folded before Flop (didn't bet)


Poker Hand #HD1773442937: Hold'em No Limit ($0.05/$0.1) - 2024/05/15 11:04:07
Table 'NLHRed40' 6-max Seat #5 is the button
Seat 1: fc611a7e ($10 in chips)
Seat 2: e46799b3 ($2.96 in chips)
Seat 3: Hero ($10.63 in chips)
Seat 5: a128df3f ($10 in chips)
Seat 6: 5e118d85 ($10 in chips)
5e118d85: posts small blind $0.05
fc611a7e: posts big blind $0.1
*** HOLE CARDS ***
Dealt to fc611a7e 
Dealt to e46799b3 
Dealt to Hero [Kd 6c]
Dealt to a128df3f 
Dealt to 5e118d85 
e46799b3: calls $0.1
Hero: folds
a128df3f: raises $0.3 to $0.4
5e118d85: folds
fc611a7e: folds
e46799b3: calls $0.3
*** FLOP *** [4c 7c 8h]
e46799b3: checks
a128df3f: checks
*** TURN *** [4c 7c 8h] [Ad]
e46799b3: bets $0.48
a128df3f: folds
Uncalled bet ($0.48) returned to e46799b3
*** SHOWDOWN ***
e46799b3 collected $0.91 from pot
*** SUMMARY ***
Total pot $0.95 | Rake $0.04 | Jackpot $0 | Bingo $0 | Fortune $0 | Tax $0
Board [4c 7c 8h Ad]
Seat 1: fc611a7e (big blind) folded before Flop
Seat 2: e46799b3 won ($0.91)
Seat 3: Hero folded before Flop (didn't bet)
Seat 5: a128df3f (button) folded on the Turn
Seat 6: 5e118d85 (small blind) folded before Flop


Poker Hand #HD1773442832: Hold'em No Limit ($0.05/$0.1) - 2024/05/15 11:03:25
Table 'NLHRed40' 6-max Seat #3 is the button
Seat 2: e46799b3 ($1.58 in chips)
Seat 3: Hero ($10.63 in chips)
Seat 5: a128df3f ($10 in chips)
Seat 6: 5e118d85 ($10.47 in chips)
a128df3f: posts small blind $0.05
5e118d85: posts big blind $0.1
*** HOLE CARDS ***
Dealt to e46799b3 
Dealt to Hero [Tc 3s]
Dealt to a128df3f 
Dealt to 5e118d85 
e46799b3: raises $0.2 to $0.3
Hero: folds
a128df3f: folds
5e118d85: raises $1.2 to $1.5
e46799b3: calls $1.2
*** FLOP *** [Qc 2c 9d]
5e118d85: bets $0.1
e46799b3: calls $0.08 and is all-in
Uncalled bet ($0.02) returned to 5e118d85
5e118d85: shows [Qd Qh] (Three Queens)
e46799b3: shows [Ac 6c] (Ace-High)
*** TURN *** [Qc 2c 9d] [Jc]
*** RIVER *** [Qc 2c 9d Jc] [Kc]
*** SHOWDOWN ***
e46799b3 collected $2.96 from pot
*** SUMMARY ***
Total pot $3.21 | Rake $0.15 | Jackpot $0.1 | Bingo $0 | Fortune $0 | Tax $0
Board [Qc 2c 9d Jc Kc]
Seat 2: e46799b3 showed [Ac 6c] and won ($2.96) with Ace High Flush
Seat 3: Hero (button) folded before Flop (didn't bet)
Seat 5: a128df3f (small blind) folded before Flop
Seat 6: 5e118d85 (big blind) showed [Qd Qh] and lost with Three Queens


Poker Hand #HD1773442794: Hold'em No Limit ($0.05/$0.1) - 2024/05/15 11:03:10
Table 'NLHRed40' 6-max Seat #2 is the button
Seat 1: 5870b237 ($28.46 in chips)
Seat 2: e46799b3 ($1.43 in chips)
Seat 3: Hero ($10.68 in chips)
Seat 5: a128df3f ($10 in chips)
Seat 6: 5e118d85 ($10.47 in chips)
Hero: posts small blind $0.05
a128df3f: posts big blind $0.1
*** HOLE CARDS ***
Dealt to 5870b237 
Dealt to e46799b3 
Dealt to Hero [Qs Jc]
Dealt to a128df3f 
Dealt to 5e118d85 
5e118d85: folds
5870b237: folds
e46799b3: raises $0.2 to $0.3
Hero: folds
a128df3f: folds
Uncalled bet ($0.2) returned to e46799b3
*** SHOWDOWN ***
e46799b3 collected $0.25 from pot
*** SUMMARY ***
Total pot $0.25 | Rake $0 | Jackpot $0 | Bingo $0 | Fortune $0 | Tax $0
Seat 1: 5870b237 folded before Flop (didn't bet)
Seat 2: e46799b3 (button) collected ($0.25)
Seat 3: Hero (small blind) folded before Flop
Seat 5: a128df3f (big blind) folded before Flop
Seat 6: 5e118d85 folded before Flop (didn't bet)


Poker Hand #HD1773442684: Hold'em No Limit ($0.05/$0.1) - 2024/05/15 11:02:15
Table 'NLHRed40' 6-max Seat #1 is the button
Seat 1: 5870b237 ($28.46 in chips)
Seat 2: e46799b3 ($2.18 in chips)
Seat 3: Hero ($10 in chips)
Seat 5: a128df3f ($10 in chips)
Seat 6: 5e118d85 ($10.47 in chips)
e46799b3: posts small blind $0.05
Hero: posts big blind $0.1
*** HOLE CARDS ***
Dealt to 5870b237 
Dealt to e46799b3 
Dealt to Hero [As Kd]
Dealt to a128df3f 
Dealt to 5e118d85 
a128df3f: folds
5e118d85: folds
5870b237: folds
e46799b3: calls $0.05
Hero: raises $0.2 to $0.3
e46799b3: calls $0.2
*** FLOP *** [Kh Ah 4c]
e46799b3: checks
Hero: checks
*** TURN *** [Kh Ah 4c] [Js]
e46799b3: bets $0.45
Hero: raises $1.49 to $1.94
e46799b3: folds
Uncalled bet ($1.49) returned to Hero
*** SHOWDOWN ***
Hero collected $1.43 from pot
*** SUMMARY ***
Total pot $1.5 | Rake $0.07 | Jackpot $0 | Bingo $0 | Fortune $0 | Tax $0
Board [Kh Ah 4c Js]
Seat 1: 5870b237 (button) folded before Flop (didn't bet)
Seat 2: e46799b3 (small blind) folded on the Turn
Seat 3: Hero (big blind) won ($1.43)
Seat 5: a128df3f folded before Flop (didn't bet)
Seat 6: 5e118d85 folded before Flop (didn't bet)


