Poker Hand #HD1782026521: Hold'em No Limit ($0.05/$0.1) - 2024/05/21 15:36:27
Table 'NLHRed37' 6-max Seat #1 is the button
Seat 1: 188d4463 ($10 in chips)
Seat 3: Hero ($23.59 in chips)
Seat 6: 9ede636f ($10 in chips)
Hero: posts small blind $0.05
9ede636f: posts big blind $0.1
*** HOLE CARDS ***
Dealt to 188d4463 
Dealt to Hero [9h 4c]
Dealt to 9ede636f 
188d4463: folds
Hero: folds
Uncalled bet ($0.05) returned to 9ede636f
*** SHOWDOWN ***
9ede636f collected $0.1 from pot
*** SUMMARY ***
Total pot $0.1 | Rake $0 | Jackpot $0 | Bingo $0 | Fortune $0 | Tax $0
Seat 1: 188d4463 (button) folded before Flop (didn't bet)
Seat 3: Hero (small blind) folded before Flop
Seat 6: 9ede636f (big blind) collected ($0.1)


Poker Hand #HD1782026489: Hold'em No Limit ($0.05/$0.1) - 2024/05/21 15:36:14
Table 'NLHRed37' 6-max Seat #6 is the button
Seat 1: 188d4463 ($10.05 in chips)
Seat 3: Hero ($23.69 in chips)
Seat 4: 3d0cb7b ($12.17 in chips)
Seat 5: b8399ab3 ($11.48 in chips)
Seat 6: 9ede636f ($10 in chips)
188d4463: posts small blind $0.05
Hero: posts big blind $0.1
*** HOLE CARDS ***
Dealt to 188d4463 
Dealt to Hero [6s Jh]
Dealt to 3d0cb7b 
Dealt to b8399ab3 
Dealt to 9ede636f 
3d0cb7b: folds
b8399ab3: raises $0.15 to $0.25
9ede636f: folds
188d4463: folds
Hero: folds
Uncalled bet ($0.15) returned to b8399ab3
*** SHOWDOWN ***
b8399ab3 collected $0.25 from pot
*** SUMMARY ***
Total pot $0.25 | Rake $0 | Jackpot $0 | Bingo $0 | Fortune $0 | Tax $0
Seat 1: 188d4463 (small blind) folded before Flop
Seat 3: Hero (big blind) folded before Flop
Seat 4: 3d0cb7b folded before Flop (didn't bet)
Seat 5: b8399ab3 collected ($0.25)
Seat 6: 9ede636f (button) folded before Flop (didn't bet)


Poker Hand #HD1782026464: Hold'em No Limit ($0.05/$0.1) - 2024/05/21 15:36:04
Table 'NLHRed37' 6-max Seat #5 is the button
Seat 1: 188d4463 ($10 in chips)
Seat 3: Hero ($23.69 in chips)
Seat 4: 3d0cb7b ($12.17 in chips)
Seat 5: b8399ab3 ($11.48 in chips)
Seat 6: 9ede636f ($10 in chips)
9ede636f: posts small blind $0.05
188d4463: posts big blind $0.1
*** HOLE CARDS ***
Dealt to 188d4463 
Dealt to Hero [2s 4d]
Dealt to 3d0cb7b 
Dealt to b8399ab3 
Dealt to 9ede636f 
Hero: folds
3d0cb7b: folds
b8399ab3: folds
9ede636f: folds
Uncalled bet ($0.05) returned to 188d4463
*** SHOWDOWN ***
188d4463 collected $0.1 from pot
*** SUMMARY ***
Total pot $0.1 | Rake $0 | Jackpot $0 | Bingo $0 | Fortune $0 | Tax $0
Seat 1: 188d4463 (big blind) collected ($0.1)
Seat 3: Hero folded before Flop (didn't bet)
Seat 4: 3d0cb7b folded before Flop (didn't bet)
Seat 5: b8399ab3 (button) folded before Flop (didn't bet)
Seat 6: 9ede636f (small blind) folded before Flop


Poker Hand #HD1782026426: Hold'em No Limit ($0.05/$0.1) - 2024/05/21 15:35:45
Table 'NLHRed37' 6-max Seat #4 is the button
Seat 1: 188d4463 ($10 in chips)
Seat 3: Hero ($23.54 in chips)
Seat 4: 3d0cb7b ($12.17 in chips)
Seat 5: b8399ab3 ($11.53 in chips)
Seat 6: 9ede636f ($10 in chips)
b8399ab3: posts small blind $0.05
9ede636f: posts big blind $0.1
*** HOLE CARDS ***
Dealt to 188d4463 
Dealt to Hero [Kd Ad]
Dealt to 3d0cb7b 
Dealt to b8399ab3 
Dealt to 9ede636f 
188d4463: folds
Hero: raises $0.14 to $0.24
3d0cb7b: folds
b8399ab3: folds
9ede636f: folds
Uncalled bet ($0.14) returned to Hero
*** SHOWDOWN ***
Hero collected $0.25 from pot
*** SUMMARY ***
Total pot $0.25 | Rake $0 | Jackpot $0 | Bingo $0 | Fortune $0 | Tax $0
Seat 1: 188d4463 folded before Flop (didn't bet)
Seat 3: Hero collected ($0.25)
Seat 4: 3d0cb7b (button) folded before Flop (didn't bet)
Seat 5: b8399ab3 (small blind) folded before Flop
Seat 6: 9ede636f (big blind) folded before Flop


Poker Hand #HD1782026413: Hold'em No Limit ($0.05/$0.1) - 2024/05/21 15:35:39
Table 'NLHRed37' 6-max Seat #3 is the button
Seat 1: 188d4463 ($10 in chips)
Seat 3: Hero ($23.54 in chips)
Seat 4: 3d0cb7b ($12.22 in chips)
Seat 5: b8399ab3 ($11.48 in chips)
3d0cb7b: posts small blind $0.05
b8399ab3: posts big blind $0.1
*** HOLE CARDS ***
Dealt to 188d4463 
Dealt to Hero [3h 8s]
Dealt to 3d0cb7b 
Dealt to b8399ab3 
188d4463: folds
Hero: folds
3d0cb7b: folds
Uncalled bet ($0.05) returned to b8399ab3
*** SHOWDOWN ***
b8399ab3 collected $0.1 from pot
*** SUMMARY ***
Total pot $0.1 | Rake $0 | Jackpot $0 | Bingo $0 | Fortune $0 | Tax $0
Seat 1: 188d4463 folded before Flop (didn't bet)
Seat 3: Hero (button) folded before Flop (didn't bet)
Seat 4: 3d0cb7b (small blind) folded before Flop
Seat 5: b8399ab3 (big blind) collected ($0.1)


Poker Hand #HD1782026257: Hold'em No Limit ($0.05/$0.1) - 2024/05/21 15:34:30
Table 'NLHRed37' 6-max Seat #1 is the button
Seat 1: 188d4463 ($10 in chips)
Seat 2: 6b1762fa ($10.58 in chips)
Seat 3: Hero ($14.06 in chips)
Seat 4: 3d0cb7b ($12.22 in chips)
Seat 5: b8399ab3 ($11.48 in chips)
6b1762fa: posts small blind $0.05
Hero: posts big blind $0.1
*** HOLE CARDS ***
Dealt to 188d4463 
Dealt to 6b1762fa 
Dealt to Hero [Jh Jc]
Dealt to 3d0cb7b 
Dealt to b8399ab3 
3d0cb7b: folds
b8399ab3: folds
188d4463: folds
6b1762fa: calls $0.05
Hero: raises $0.3 to $0.4
6b1762fa: calls $0.3
*** FLOP *** [Js 5h 7c]
6b1762fa: checks
Hero: checks
*** TURN *** [Js 5h 7c] [8d]
6b1762fa: bets $0.8
Hero: raises $1.7 to $2.5
6b1762fa: calls $1.7
*** RIVER *** [Js 5h 7c 8d] [2c]
6b1762fa: bets $5.8
Hero: raises $5.36 to $11.16 and is all-in
6b1762fa: calls $1.88 and is all-in
Uncalled bet ($3.48) returned to Hero
Hero: shows [Jh Jc] (Three Jacks)
6b1762fa: shows [7d Qd] (Pair of Sevens)
*** SHOWDOWN ***
Hero collected $20.06 from pot
*** SUMMARY ***
Total pot $21.16 | Rake $1 | Jackpot $0.1 | Bingo $0 | Fortune $0 | Tax $0
Board [Js 5h 7c 8d 2c]
Seat 1: 188d4463 (button) folded before Flop (didn't bet)
Seat 2: 6b1762fa (small blind) showed [7d Qd] and lost with Pair of Sevens
Seat 3: Hero (big blind) showed [Jh Jc] and won ($20.06) with Three Jacks
Seat 4: 3d0cb7b folded before Flop (didn't bet)
Seat 5: b8399ab3 folded before Flop (didn't bet)


Poker Hand #HD1782026090: Hold'em No Limit ($0.05/$0.1) - 2024/05/21 15:33:16
Table 'NLHRed37' 6-max Seat #5 is the button
Seat 1: 188d4463 ($10 in chips)
Seat 2: 6b1762fa ($10.83 in chips)
Seat 3: Hero ($14.06 in chips)
Seat 4: 3d0cb7b ($10 in chips)
Seat 5: b8399ab3 ($13.73 in chips)
188d4463: posts small blind $0.05
6b1762fa: posts big blind $0.1
*** HOLE CARDS ***
Dealt to 188d4463 
Dealt to 6b1762fa 
Dealt to Hero [5d Jc]
Dealt to 3d0cb7b 
Dealt to b8399ab3 
Hero: folds
3d0cb7b: raises $0.15 to $0.25
b8399ab3: calls $0.25
188d4463: folds
6b1762fa: calls $0.15
*** FLOP *** [6s As Kh]
6b1762fa: checks
3d0cb7b: checks
b8399ab3: bets $0.56
6b1762fa: folds
3d0cb7b: raises $1.44 to $2
b8399ab3: calls $1.44
*** TURN *** [6s As Kh] [Qd]
3d0cb7b: bets $6
b8399ab3: folds
Uncalled bet ($6) returned to 3d0cb7b
*** SHOWDOWN ***
3d0cb7b collected $4.47 from pot
*** SUMMARY ***
Total pot $4.8 | Rake $0.23 | Jackpot $0.1 | Bingo $0 | Fortune $0 | Tax $0
Board [6s As Kh Qd]
Seat 1: 188d4463 (small blind) folded before Flop
Seat 2: 6b1762fa (big blind) folded on the Flop
Seat 3: Hero folded before Flop (didn't bet)
Seat 4: 3d0cb7b won ($4.47)
Seat 5: b8399ab3 (button) folded on the Turn


Poker Hand #HD1782025955: Hold'em No Limit ($0.05/$0.1) - 2024/05/21 15:32:13
Table 'NLHRed37' 6-max Seat #4 is the button
Seat 1: 188d4463 ($10 in chips)
Seat 3: Hero ($13.79 in chips)
Seat 4: 3d0cb7b ($10 in chips)
Seat 5: b8399ab3 ($13.78 in chips)
b8399ab3: posts small blind $0.05
188d4463: posts big blind $0.1
*** HOLE CARDS ***
Dealt to 188d4463 
Dealt to Hero [9h 7h]
Dealt to 3d0cb7b 
Dealt to b8399ab3 
Hero: raises $0.14 to $0.24
3d0cb7b: folds
b8399ab3: folds
188d4463: calls $0.14
*** FLOP *** [Jh 2c 6c]
188d4463: checks
Hero: bets $0.2
188d4463: folds
Uncalled bet ($0.2) returned to Hero
*** SHOWDOWN ***
Hero collected $0.51 from pot
*** SUMMARY ***
Total pot $0.53 | Rake $0.02 | Jackpot $0 | Bingo $0 | Fortune $0 | Tax $0
Board [Jh 2c 6c]
Seat 1: 188d4463 (big blind) folded on the Flop
Seat 3: Hero won ($0.51)
Seat 4: 3d0cb7b (button) folded before Flop (didn't bet)
Seat 5: b8399ab3 (small blind) folded before Flop


Poker Hand #HD1782025931: Hold'em No Limit ($0.05/$0.1) - 2024/05/21 15:32:04
Table 'NLHRed37' 6-max Seat #3 is the button
Seat 1: 188d4463 ($10 in chips)
Seat 3: Hero ($13.79 in chips)
Seat 4: 3d0cb7b ($10.05 in chips)
Seat 5: b8399ab3 ($13.73 in chips)
3d0cb7b: posts small blind $0.05
b8399ab3: posts big blind $0.1
*** HOLE CARDS ***
Dealt to 188d4463 
Dealt to Hero [6h 8c]
Dealt to 3d0cb7b 
Dealt to b8399ab3 
188d4463: folds
Hero: folds
3d0cb7b: folds
Uncalled bet ($0.05) returned to b8399ab3
*** SHOWDOWN ***
b8399ab3 collected $0.1 from pot
*** SUMMARY ***
Total pot $0.1 | Rake $0 | Jackpot $0 | Bingo $0 | Fortune $0 | Tax $0
Seat 1: 188d4463 folded before Flop (didn't bet)
Seat 3: Hero (button) folded before Flop (didn't bet)
Seat 4: 3d0cb7b (small blind) folded before Flop
Seat 5: b8399ab3 (big blind) collected ($0.1)


Poker Hand #HD1782025899: Hold'em No Limit ($0.05/$0.1) - 2024/05/21 15:31:50
Table 'NLHRed37' 6-max Seat #1 is the button
Seat 1: 188d4463 ($10 in chips)
Seat 3: Hero ($13.84 in chips)
Seat 4: 3d0cb7b ($10 in chips)
Seat 5: b8399ab3 ($13.73 in chips)
Hero: posts small blind $0.05
3d0cb7b: posts big blind $0.1
*** HOLE CARDS ***
Dealt to 188d4463 
Dealt to Hero [3c Ts]
Dealt to 3d0cb7b 
Dealt to b8399ab3 
b8399ab3: folds
188d4463: folds
Hero: folds
Uncalled bet ($0.05) returned to 3d0cb7b
*** SHOWDOWN ***
3d0cb7b collected $0.1 from pot
*** SUMMARY ***
Total pot $0.1 | Rake $0 | Jackpot $0 | Bingo $0 | Fortune $0 | Tax $0
Seat 1: 188d4463 (button) folded before Flop (didn't bet)
Seat 3: Hero (small blind) folded before Flop
Seat 4: 3d0cb7b (big blind) collected ($0.1)
Seat 5: b8399ab3 folded before Flop (didn't bet)


Poker Hand #HD1782025869: Hold'em No Limit ($0.05/$0.1) - 2024/05/21 15:31:35
Table 'NLHRed37' 6-max Seat #5 is the button
Seat 1: 188d4463 ($10.05 in chips)
Seat 3: Hero ($13.94 in chips)
Seat 4: 3d0cb7b ($10 in chips)
Seat 5: b8399ab3 ($13.58 in chips)
188d4463: posts small blind $0.05
Hero: posts big blind $0.1
*** HOLE CARDS ***
Dealt to 188d4463 
Dealt to Hero [6h Kc]
Dealt to 3d0cb7b 
Dealt to b8399ab3 
3d0cb7b: folds
b8399ab3: raises $0.15 to $0.25
188d4463: folds
Hero: folds
Uncalled bet ($0.15) returned to b8399ab3
*** SHOWDOWN ***
b8399ab3 collected $0.25 from pot
*** SUMMARY ***
Total pot $0.25 | Rake $0 | Jackpot $0 | Bingo $0 | Fortune $0 | Tax $0
Seat 1: 188d4463 (small blind) folded before Flop
Seat 3: Hero (big blind) folded before Flop
Seat 4: 3d0cb7b folded before Flop (didn't bet)
Seat 5: b8399ab3 (button) collected ($0.25)


Poker Hand #HD1782025843: Hold'em No Limit ($0.05/$0.1) - 2024/05/21 15:31:24
Table 'NLHRed37' 6-max Seat #4 is the button
Seat 1: 188d4463 ($10 in chips)
Seat 3: Hero ($13.94 in chips)
Seat 4: 3d0cb7b ($10 in chips)
Seat 5: b8399ab3 ($13.63 in chips)
b8399ab3: posts small blind $0.05
188d4463: posts big blind $0.1
*** HOLE CARDS ***
Dealt to 188d4463 
Dealt to Hero [Kd 5s]
Dealt to 3d0cb7b 
Dealt to b8399ab3 
Hero: folds
3d0cb7b: folds
b8399ab3: folds
Uncalled bet ($0.05) returned to 188d4463
*** SHOWDOWN ***
188d4463 collected $0.1 from pot
*** SUMMARY ***
Total pot $0.1 | Rake $0 | Jackpot $0 | Bingo $0 | Fortune $0 | Tax $0
Seat 1: 188d4463 (big blind) collected ($0.1)
Seat 3: Hero folded before Flop (didn't bet)
Seat 4: 3d0cb7b (button) folded before Flop (didn't bet)
Seat 5: b8399ab3 (small blind) folded before Flop


Poker Hand #HD1782025810: Hold'em No Limit ($0.05/$0.1) - 2024/05/21 15:31:09
Table 'NLHRed37' 6-max Seat #3 is the button
Seat 1: 188d4463 ($10 in chips)
Seat 3: Hero ($13.94 in chips)
Seat 4: 3d0cb7b ($10 in chips)
Seat 5: b8399ab3 ($13.73 in chips)
Seat 6: 81f65bb7 ($12.16 in chips)
3d0cb7b: posts small blind $0.05
b8399ab3: posts big blind $0.1
*** HOLE CARDS ***
Dealt to 188d4463 
Dealt to Hero [5s 3c]
Dealt to 3d0cb7b 
Dealt to b8399ab3 
Dealt to 81f65bb7 
81f65bb7: raises $0.1 to $0.2
188d4463: folds
Hero: folds
3d0cb7b: folds
b8399ab3: folds
Uncalled bet ($0.1) returned to 81f65bb7
*** SHOWDOWN ***
81f65bb7 collected $0.25 from pot
*** SUMMARY ***
Total pot $0.25 | Rake $0 | Jackpot $0 | Bingo $0 | Fortune $0 | Tax $0
Seat 1: 188d4463 folded before Flop (didn't bet)
Seat 3: Hero (button) folded before Flop (didn't bet)
Seat 4: 3d0cb7b (small blind) folded before Flop
Seat 5: b8399ab3 (big blind) folded before Flop
Seat 6: 81f65bb7 collected ($0.25)


Poker Hand #HD1782025774: Hold'em No Limit ($0.05/$0.1) - 2024/05/21 15:30:51
Table 'NLHRed37' 6-max Seat #1 is the button
Seat 1: 188d4463 ($10 in chips)
Seat 3: Hero ($13.84 in chips)
Seat 4: 3d0cb7b ($10 in chips)
Seat 5: b8399ab3 ($13.73 in chips)
Seat 6: 81f65bb7 ($12.16 in chips)
Hero: posts small blind $0.05
3d0cb7b: posts big blind $0.1
*** HOLE CARDS ***
Dealt to 188d4463 
Dealt to Hero [Jd Qc]
Dealt to 3d0cb7b 
Dealt to b8399ab3 
Dealt to 81f65bb7 
b8399ab3: folds
81f65bb7: folds
188d4463: folds
Hero: raises $0.2 to $0.3
3d0cb7b: folds
Uncalled bet ($0.2) returned to Hero
*** SHOWDOWN ***
Hero collected $0.2 from pot
*** SUMMARY ***
Total pot $0.2 | Rake $0 | Jackpot $0 | Bingo $0 | Fortune $0 | Tax $0
Seat 1: 188d4463 (button) folded before Flop (didn't bet)
Seat 3: Hero (small blind) collected ($0.2)
Seat 4: 3d0cb7b (big blind) folded before Flop
Seat 5: b8399ab3 folded before Flop (didn't bet)
Seat 6: 81f65bb7 folded before Flop (didn't bet)


Poker Hand #HD1782025670: Hold'em No Limit ($0.05/$0.1) - 2024/05/21 15:30:08
Table 'NLHRed37' 6-max Seat #6 is the button
Seat 1: 188d4463 ($10 in chips)
Seat 2: 6b1762fa ($13.28 in chips)
Seat 3: Hero ($13.84 in chips)
Seat 4: 3d0cb7b ($10 in chips)
Seat 5: b8399ab3 ($13.73 in chips)
Seat 6: 81f65bb7 ($10 in chips)
188d4463: posts small blind $0.05
6b1762fa: posts big blind $0.1
*** HOLE CARDS ***
Dealt to 188d4463 
Dealt to 6b1762fa 
Dealt to Hero [Td Ac]
Dealt to 3d0cb7b 
Dealt to b8399ab3 
Dealt to 81f65bb7 
Hero: folds
3d0cb7b: folds
b8399ab3: folds
81f65bb7: raises $0.15 to $0.25
188d4463: folds
6b1762fa: calls $0.15
*** FLOP *** [6h 3d 5h]
6b1762fa: bets $0.55
81f65bb7: calls $0.55
*** TURN *** [6h 3d 5h] [3c]
6b1762fa: bets $1.65
81f65bb7: calls $1.65
*** RIVER *** [6h 3d 5h 3c] [7s]
6b1762fa: checks
81f65bb7: checks
6b1762fa: shows [Qh 6c] (Pair of Sixes and Pair of Treys)
81f65bb7: shows [6s Ah] (Pair of Sixes and Pair of Treys)
*** SHOWDOWN ***
81f65bb7 collected $4.61 from pot
*** SUMMARY ***
Total pot $4.95 | Rake $0.24 | Jackpot $0.1 | Bingo $0 | Fortune $0 | Tax $0
Board [6h 3d 5h 3c 7s]
Seat 1: 188d4463 (small blind) folded before Flop
Seat 2: 6b1762fa (big blind) showed [Qh 6c] and lost with Pair of Sixes and Pair of Treys
Seat 3: Hero folded before Flop (didn't bet)
Seat 4: 3d0cb7b folded before Flop (didn't bet)
Seat 5: b8399ab3 folded before Flop (didn't bet)
Seat 6: 81f65bb7 (button) showed [6s Ah] and won ($4.61) with Pair of Sixes and Pair of Treys


Poker Hand #HD1781935524: Hold'em No Limit ($0.05/$0.1) - 2024/05/21 15:29:03
Table 'NLHRed37' 6-max Seat #5 is the button
Seat 1: 188d4463 ($11.03 in chips)
Seat 2: 6b1762fa ($7.01 in chips)
Seat 3: Hero ($13.84 in chips)
Seat 4: 3d0cb7b ($10 in chips)
Seat 5: b8399ab3 ($13.73 in chips)
Seat 6: 81f65bb7 ($10 in chips)
81f65bb7: posts small blind $0.05
188d4463: posts big blind $0.1
*** HOLE CARDS ***
Dealt to 188d4463 
Dealt to 6b1762fa 
Dealt to Hero [2c 2h]
Dealt to 3d0cb7b 
Dealt to b8399ab3 
Dealt to 81f65bb7 
6b1762fa: raises $0.3 to $0.4
Hero: folds
3d0cb7b: folds
b8399ab3: folds
81f65bb7: folds
188d4463: raises $1.02 to $1.42
6b1762fa: calls $1.02
*** FLOP *** [3s 2d 9h]
188d4463: bets $1.45
6b1762fa: calls $1.45
*** TURN *** [3s 2d 9h] [Js]
188d4463: bets $6.95
6b1762fa: calls $4.14 and is all-in
Uncalled bet ($2.81) returned to 188d4463
188d4463: shows [As Kd] (Ace-High)
6b1762fa: shows [Qh Th] (Queen-High)
*** RIVER *** [3s 2d 9h Js] [Kc]
*** SHOWDOWN ***
6b1762fa collected $13.28 from pot
*** SUMMARY ***
Total pot $14.07 | Rake $0.69 | Jackpot $0.1 | Bingo $0 | Fortune $0 | Tax $0
Board [3s 2d 9h Js Kc]
Seat 1: 188d4463 (big blind) showed [As Kd] and lost with Pair of Kings
Seat 2: 6b1762fa showed [Qh Th] and won ($13.28) with Kings-High Straight
Seat 3: Hero folded before Flop (didn't bet)
Seat 4: 3d0cb7b folded before Flop (didn't bet)
Seat 5: b8399ab3 (button) folded before Flop (didn't bet)
Seat 6: 81f65bb7 (small blind) folded before Flop


Poker Hand #HD1781935405: Hold'em No Limit ($0.05/$0.1) - 2024/05/21 15:28:13
Table 'NLHRed37' 6-max Seat #4 is the button
Seat 1: 188d4463 ($11.03 in chips)
Seat 2: 6b1762fa ($8.77 in chips)
Seat 3: Hero ($13.84 in chips)
Seat 4: 3d0cb7b ($10 in chips)
Seat 5: b8399ab3 ($12.14 in chips)
Seat 6: 81f65bb7 ($10 in chips)
b8399ab3: posts small blind $0.05
81f65bb7: posts big blind $0.1
*** HOLE CARDS ***
Dealt to 188d4463 
Dealt to 6b1762fa 
Dealt to Hero [Kh 5d]
Dealt to 3d0cb7b 
Dealt to b8399ab3 
Dealt to 81f65bb7 
188d4463: folds
6b1762fa: calls $0.1
Hero: folds
3d0cb7b: folds
b8399ab3: calls $0.05
81f65bb7: checks
*** FLOP *** [Jd Ad 3s]
b8399ab3: bets $0.21
81f65bb7: folds
6b1762fa: calls $0.21
*** TURN *** [Jd Ad 3s] [8h]
b8399ab3: bets $0.5
6b1762fa: calls $0.5
*** RIVER *** [Jd Ad 3s 8h] [Kd]
b8399ab3: bets $0.95
6b1762fa: calls $0.95
b8399ab3: shows [6d 4d] (Ace High Flush)
6b1762fa: shows [Jc Qd] (Pair of Jacks)
*** SHOWDOWN ***
b8399ab3 collected $3.35 from pot
*** SUMMARY ***
Total pot $3.62 | Rake $0.17 | Jackpot $0.1 | Bingo $0 | Fortune $0 | Tax $0
Board [Jd Ad 3s 8h Kd]
Seat 1: 188d4463 folded before Flop (didn't bet)
Seat 2: 6b1762fa showed [Jc Qd] and lost with Pair of Jacks
Seat 3: Hero folded before Flop (didn't bet)
Seat 4: 3d0cb7b (button) folded before Flop (didn't bet)
Seat 5: b8399ab3 (small blind) showed [6d 4d] and won ($3.35) with Ace High Flush
Seat 6: 81f65bb7 (big blind) folded on the Flop


Poker Hand #HD1781935259: Hold'em No Limit ($0.05/$0.1) - 2024/05/21 15:27:08
Table 'NLHRed37' 6-max Seat #3 is the button
Seat 1: 188d4463 ($11.28 in chips)
Seat 2: 6b1762fa ($9.02 in chips)
Seat 3: Hero ($13.84 in chips)
Seat 4: 3d0cb7b ($10 in chips)
Seat 5: b8399ab3 ($11.63 in chips)
Seat 6: 81f65bb7 ($10 in chips)
3d0cb7b: posts small blind $0.05
b8399ab3: posts big blind $0.1
*** HOLE CARDS ***
Dealt to 188d4463 
Dealt to 6b1762fa 
Dealt to Hero [9c Ts]
Dealt to 3d0cb7b 
Dealt to b8399ab3 
Dealt to 81f65bb7 
81f65bb7: folds
188d4463: raises $0.15 to $0.25
6b1762fa: calls $0.25
Hero: folds
3d0cb7b: folds
b8399ab3: calls $0.15
*** FLOP *** [Ah Qh 9s]
b8399ab3: checks
188d4463: checks
6b1762fa: checks
*** TURN *** [Ah Qh 9s] [6h]
b8399ab3: checks
188d4463: checks
6b1762fa: checks
*** RIVER *** [Ah Qh 9s 6h] [5h]
b8399ab3: checks
188d4463: checks
6b1762fa: checks
b8399ab3: shows [Th Tc] (Ace High Flush)
188d4463: shows [8s 8h] (Ace High Flush)
6b1762fa: shows [8c 6c] (Pair of Sixes)
*** SHOWDOWN ***
b8399ab3 collected $0.76 from pot
*** SUMMARY ***
Total pot $0.8 | Rake $0.04 | Jackpot $0 | Bingo $0 | Fortune $0 | Tax $0
Board [Ah Qh 9s 6h 5h]
Seat 1: 188d4463 showed [8s 8h] and lost with Ace High Flush
Seat 2: 6b1762fa showed [8c 6c] and lost with Pair of Sixes
Seat 3: Hero (button) folded before Flop (didn't bet)
Seat 4: 3d0cb7b (small blind) folded before Flop
Seat 5: b8399ab3 (big blind) showed [Th Tc] and won ($0.76) with Ace High Flush
Seat 6: 81f65bb7 folded before Flop (didn't bet)


Poker Hand #HD1781935081: Hold'em No Limit ($0.05/$0.1) - 2024/05/21 15:25:49
Table 'NLHRed37' 6-max Seat #2 is the button
Seat 1: 188d4463 ($11.28 in chips)
Seat 2: 6b1762fa ($9.22 in chips)
Seat 3: Hero ($10 in chips)
Seat 4: 3d0cb7b ($13.03 in chips)
Seat 5: b8399ab3 ($11.63 in chips)
Seat 6: 81f65bb7 ($10 in chips)
Hero: posts small blind $0.05
3d0cb7b: posts big blind $0.1
*** HOLE CARDS ***
Dealt to 188d4463 
Dealt to 6b1762fa 
Dealt to Hero [3h Ah]
Dealt to 3d0cb7b 
Dealt to b8399ab3 
Dealt to 81f65bb7 
b8399ab3: folds
81f65bb7: raises $0.1 to $0.2
188d4463: folds
6b1762fa: calls $0.2
Hero: raises $0.9 to $1.1
3d0cb7b: calls $1
81f65bb7: folds
6b1762fa: folds
*** FLOP *** [2h Qd 6h]
Hero: bets $1.2
3d0cb7b: calls $1.2
*** TURN *** [2h Qd 6h] [Kc]
Hero: checks
3d0cb7b: bets $1.65
Hero: raises $6.05 to $7.7 and is all-in
3d0cb7b: folds
Uncalled bet ($6.05) returned to Hero
Hero: shows [3h Ah] (Ace-High)
*** SHOWDOWN ***
Hero collected $7.79 from pot
*** SUMMARY ***
Total pot $8.3 | Rake $0.41 | Jackpot $0.1 | Bingo $0 | Fortune $0 | Tax $0
Board [2h Qd 6h Kc]
Seat 1: 188d4463 folded before Flop (didn't bet)
Seat 2: 6b1762fa (button) folded before Flop
Seat 3: Hero (small blind) showed [3h Ah] and won ($7.79)
Seat 4: 3d0cb7b (big blind) folded on the Turn
Seat 5: b8399ab3 folded before Flop (didn't bet)
Seat 6: 81f65bb7 folded before Flop


Poker Hand #HD1781934980: Hold'em No Limit ($0.05/$0.1) - 2024/05/21 15:25:03
Table 'NLHRed37' 6-max Seat #1 is the button
Seat 1: 188d4463 ($11.28 in chips)
Seat 2: 6b1762fa ($9.91 in chips)
Seat 3: Hero ($10 in chips)
Seat 4: 3d0cb7b ($13.03 in chips)
Seat 5: b8399ab3 ($10.91 in chips)
Seat 6: 81f65bb7 ($10 in chips)
6b1762fa: posts small blind $0.05
Hero: posts big blind $0.1
*** HOLE CARDS ***
Dealt to 188d4463 
Dealt to 6b1762fa 
Dealt to Hero [3c Ah]
Dealt to 3d0cb7b 
Dealt to b8399ab3 
Dealt to 81f65bb7 
3d0cb7b: folds
b8399ab3: raises $0.2 to $0.3
81f65bb7: folds
188d4463: folds
6b1762fa: calls $0.25
Hero: folds
*** FLOP *** [9s 5s 9c]
6b1762fa: checks
b8399ab3: bets $0.39
6b1762fa: calls $0.39
*** TURN *** [9s 5s 9c] [5d]
6b1762fa: checks
b8399ab3: bets $0.82
6b1762fa: folds
Uncalled bet ($0.82) returned to b8399ab3
*** SHOWDOWN ***
b8399ab3 collected $1.41 from pot
*** SUMMARY ***
Total pot $1.48 | Rake $0.07 | Jackpot $0 | Bingo $0 | Fortune $0 | Tax $0
Board [9s 5s 9c 5d]
Seat 1: 188d4463 (button) folded before Flop (didn't bet)
Seat 2: 6b1762fa (small blind) folded on the Turn
Seat 3: Hero (big blind) folded before Flop
Seat 4: 3d0cb7b folded before Flop (didn't bet)
Seat 5: b8399ab3 won ($1.41)
Seat 6: 81f65bb7 folded before Flop (didn't bet)


Poker Hand #HD1781934839: Hold'em No Limit ($0.05/$0.1) - 2024/05/21 15:23:54
Table 'NLHRed37' 6-max Seat #6 is the button
Seat 1: 188d4463 ($11.33 in chips)
Seat 2: 6b1762fa ($10.86 in chips)
Seat 3: Hero ($10 in chips)
Seat 4: 3d0cb7b ($13.03 in chips)
Seat 5: b8399ab3 ($10 in chips)
Seat 6: 81f65bb7 ($10 in chips)
188d4463: posts small blind $0.05
6b1762fa: posts big blind $0.1
*** HOLE CARDS ***
Dealt to 188d4463 
Dealt to 6b1762fa 
Dealt to Hero [5d 9h]
Dealt to 3d0cb7b 
Dealt to b8399ab3 
Dealt to 81f65bb7 
Hero: folds
3d0cb7b: folds
b8399ab3: raises $0.2 to $0.3
81f65bb7: folds
188d4463: folds
6b1762fa: calls $0.2
*** FLOP *** [Js Qc As]
6b1762fa: bets $0.65
b8399ab3: calls $0.65
*** TURN *** [Js Qc As] [2s]
6b1762fa: checks
b8399ab3: checks
*** RIVER *** [Js Qc As 2s] [9d]
6b1762fa: checks
b8399ab3: bets $1.37
6b1762fa: folds
Uncalled bet ($1.37) returned to b8399ab3
*** SHOWDOWN ***
b8399ab3 collected $1.86 from pot
*** SUMMARY ***
Total pot $1.95 | Rake $0.09 | Jackpot $0 | Bingo $0 | Fortune $0 | Tax $0
Board [Js Qc As 2s 9d]
Seat 1: 188d4463 (small blind) folded before Flop
Seat 2: 6b1762fa (big blind) folded on the River
Seat 3: Hero folded before Flop (didn't bet)
Seat 4: 3d0cb7b folded before Flop (didn't bet)
Seat 5: b8399ab3 won ($1.86)
Seat 6: 81f65bb7 (button) folded before Flop (didn't bet)


Poker Hand #HD1781934737: Hold'em No Limit ($0.05/$0.1) - 2024/05/21 15:23:05
Table 'NLHRed37' 6-max Seat #5 is the button
Seat 1: 188d4463 ($10 in chips)
Seat 2: 6b1762fa ($12.28 in chips)
Seat 3: Hero ($10 in chips)
Seat 4: 3d0cb7b ($13.03 in chips)
Seat 5: b8399ab3 ($10 in chips)
Seat 6: 81f65bb7 ($10 in chips)
81f65bb7: posts small blind $0.05
188d4463: posts big blind $0.1
*** HOLE CARDS ***
Dealt to 188d4463 
Dealt to 6b1762fa 
Dealt to Hero [Tc 9d]
Dealt to 3d0cb7b 
Dealt to b8399ab3 
Dealt to 81f65bb7 
6b1762fa: raises $0.3 to $0.4
Hero: folds
3d0cb7b: folds
b8399ab3: folds
81f65bb7: folds
188d4463: calls $0.3
*** FLOP *** [3d 8c As]
188d4463: checks
6b1762fa: checks
*** TURN *** [3d 8c As] [Ah]
188d4463: checks
6b1762fa: checks
*** RIVER *** [3d 8c As Ah] [Kh]
188d4463: bets $1.02
6b1762fa: calls $1.02
188d4463: shows [Td Ad] (Three Aces)
6b1762fa: shows [5d 5h] (Pair of Aces and Pair of Fives)
*** SHOWDOWN ***
188d4463 collected $2.75 from pot
*** SUMMARY ***
Total pot $2.89 | Rake $0.14 | Jackpot $0 | Bingo $0 | Fortune $0 | Tax $0
Board [3d 8c As Ah Kh]
Seat 1: 188d4463 (big blind) showed [Td Ad] and won ($2.75) with Three Aces
Seat 2: 6b1762fa showed [5d 5h] and lost with Pair of Aces and Pair of Fives
Seat 3: Hero folded before Flop (didn't bet)
Seat 4: 3d0cb7b folded before Flop (didn't bet)
Seat 5: b8399ab3 (button) folded before Flop (didn't bet)
Seat 6: 81f65bb7 (small blind) folded before Flop


Poker Hand #HD1781934707: Hold'em No Limit ($0.05/$0.1) - 2024/05/21 15:22:42
Table 'NLHRed37' 6-max Seat #4 is the button
Seat 2: 6b1762fa ($12.13 in chips)
Seat 3: Hero ($10 in chips)
Seat 4: 3d0cb7b ($13.03 in chips)
Seat 5: b8399ab3 ($10 in chips)
Seat 6: 81f65bb7 ($10 in chips)
b8399ab3: posts small blind $0.05
81f65bb7: posts big blind $0.1
*** HOLE CARDS ***
Dealt to 6b1762fa 
Dealt to Hero [8h Th]
Dealt to 3d0cb7b 
Dealt to b8399ab3 
Dealt to 81f65bb7 
6b1762fa: raises $0.3 to $0.4
Hero: folds
3d0cb7b: folds
b8399ab3: folds
81f65bb7: folds
Uncalled bet ($0.3) returned to 6b1762fa
*** SHOWDOWN ***
6b1762fa collected $0.25 from pot
*** SUMMARY ***
Total pot $0.25 | Rake $0 | Jackpot $0 | Bingo $0 | Fortune $0 | Tax $0
Seat 2: 6b1762fa collected ($0.25)
Seat 3: Hero folded before Flop (didn't bet)
Seat 4: 3d0cb7b (button) folded before Flop (didn't bet)
Seat 5: b8399ab3 (small blind) folded before Flop
Seat 6: 81f65bb7 (big blind) folded before Flop


Poker Hand #HD1781934621: Hold'em No Limit ($0.05/$0.1) - 2024/05/21 15:22:05
Table 'NLHRed37' 6-max Seat #3 is the button
Seat 2: 6b1762fa ($10.58 in chips)
Seat 3: Hero ($10 in chips)
Seat 4: 3d0cb7b ($13.08 in chips)
Seat 5: b8399ab3 ($10 in chips)
Seat 6: 81f65bb7 ($10 in chips)
3d0cb7b: posts small blind $0.05
b8399ab3: posts big blind $0.1
*** HOLE CARDS ***
Dealt to 6b1762fa 
Dealt to Hero [7s 4c]
Dealt to 3d0cb7b 
Dealt to b8399ab3 
Dealt to 81f65bb7 
81f65bb7: folds
6b1762fa: raises $0.3 to $0.4
Hero: folds
3d0cb7b: folds
b8399ab3: calls $0.3
*** FLOP *** [Th Qc 4s]
b8399ab3: bets $0.47
6b1762fa: calls $0.47
*** TURN *** [Th Qc 4s] [6h]
b8399ab3: bets $0.9
6b1762fa: calls $0.9
*** RIVER *** [Th Qc 4s 6h] [3h]
b8399ab3: checks
6b1762fa: checks
b8399ab3: shows [Kc Jc] (King-High)
6b1762fa: shows [8h 8d] (Pair of Eights)
*** SHOWDOWN ***
6b1762fa collected $3.32 from pot
*** SUMMARY ***
Total pot $3.59 | Rake $0.17 | Jackpot $0.1 | Bingo $0 | Fortune $0 | Tax $0
Board [Th Qc 4s 6h 3h]
Seat 2: 6b1762fa showed [8h 8d] and won ($3.32) with Pair of Eights
Seat 3: Hero (button) folded before Flop (didn't bet)
Seat 4: 3d0cb7b (small blind) folded before Flop
Seat 5: b8399ab3 (big blind) showed [Kc Jc] and lost with King-High
Seat 6: 81f65bb7 folded before Flop (didn't bet)


Poker Hand #HD1781934538: Hold'em No Limit ($0.05/$0.1) - 2024/05/21 15:21:29
Table 'NLHRed37' 6-max Seat #2 is the button
Seat 2: 6b1762fa ($10.68 in chips)
Seat 3: Hero ($10 in chips)
Seat 4: 3d0cb7b ($12.94 in chips)
Seat 5: b8399ab3 ($10 in chips)
Seat 6: 81f65bb7 ($10 in chips)
Hero: posts small blind $0.05
3d0cb7b: posts big blind $0.1
*** HOLE CARDS ***
Dealt to 6b1762fa 
Dealt to Hero [Qh 9d]
Dealt to 3d0cb7b 
Dealt to b8399ab3 
Dealt to 81f65bb7 
b8399ab3: folds
81f65bb7: folds
6b1762fa: calls $0.1
Hero: folds
3d0cb7b: checks
*** FLOP *** [Jc Js 3h]
3d0cb7b: bets $0.32
6b1762fa: folds
Uncalled bet ($0.32) returned to 3d0cb7b
*** SHOWDOWN ***
3d0cb7b collected $0.24 from pot
*** SUMMARY ***
Total pot $0.25 | Rake $0.01 | Jackpot $0 | Bingo $0 | Fortune $0 | Tax $0
Board [Jc Js 3h]
Seat 2: 6b1762fa (button) folded on the Flop
Seat 3: Hero (small blind) folded before Flop
Seat 4: 3d0cb7b (big blind) won ($0.24)
Seat 5: b8399ab3 folded before Flop (didn't bet)
Seat 6: 81f65bb7 folded before Flop (didn't bet)


Poker Hand #HD1781934443: Hold'em No Limit ($0.05/$0.1) - 2024/05/21 15:20:39
Table 'NLHRed37' 6-max Seat #6 is the button
Seat 2: 6b1762fa ($10.93 in chips)
Seat 3: Hero ($10 in chips)
Seat 4: 3d0cb7b ($10.77 in chips)
Seat 5: b8399ab3 ($10 in chips)
Seat 6: 81f65bb7 ($10 in chips)
6b1762fa: posts small blind $0.05
Hero: posts big blind $0.1
*** HOLE CARDS ***
Dealt to 6b1762fa 
Dealt to Hero [7s 5c]
Dealt to 3d0cb7b 
Dealt to b8399ab3 
Dealt to 81f65bb7 
3d0cb7b: raises $0.15 to $0.25
b8399ab3: calls $0.25
81f65bb7: folds
6b1762fa: calls $0.2
Hero: folds
*** FLOP *** [Ah 2h Qh]
6b1762fa: checks
3d0cb7b: bets $0.57
b8399ab3: calls $0.57
6b1762fa: folds
*** TURN *** [Ah 2h Qh] [4d]
3d0cb7b: bets $1.32
b8399ab3: calls $1.32
*** RIVER *** [Ah 2h Qh 4d] [3h]
3d0cb7b: checks
b8399ab3: checks
3d0cb7b: shows [Ad Th] (Ace High Flush)
b8399ab3: shows [Qd Qs] (Three Queens)
*** SHOWDOWN ***
3d0cb7b collected $4.31 from pot
*** SUMMARY ***
Total pot $4.63 | Rake $0.22 | Jackpot $0.1 | Bingo $0 | Fortune $0 | Tax $0
Board [Ah 2h Qh 4d 3h]
Seat 2: 6b1762fa (small blind) folded on the Flop
Seat 3: Hero (big blind) folded before Flop
Seat 4: 3d0cb7b showed [Ad Th] and won ($4.31) with Ace High Flush
Seat 5: b8399ab3 showed [Qd Qs] and lost with Three Queens
Seat 6: 81f65bb7 (button) folded before Flop (didn't bet)


