Poker Hand #HD1772213488: Hold'em No Limit ($0.05/$0.1) - 2024/05/14 15:47:31
Table 'NLHRed9' 6-max Seat #1 is the button
Seat 1: 9fccf6d5 ($14.76 in chips)
Seat 2: c266a321 ($10.05 in chips)
Seat 3: 349d3705 ($28.31 in chips)
Seat 4: 8f618bbf ($10.27 in chips)
Seat 5: e864bcd5 ($11.39 in chips)
Seat 6: Hero ($10.64 in chips)
c266a321: posts small blind $0.05
349d3705: posts big blind $0.1
*** HOLE CARDS ***
Dealt to 9fccf6d5 
Dealt to c266a321 
Dealt to 349d3705 
Dealt to 8f618bbf 
Dealt to e864bcd5 
Dealt to Hero [Td 4d]
8f618bbf: raises $0.1 to $0.2
e864bcd5: folds
Hero: folds
9fccf6d5: folds
c266a321: calls $0.15
349d3705: calls $0.1
*** FLOP *** [6h 6s 7s]
c266a321: checks
349d3705: bets $0.2
8f618bbf: calls $0.2
c266a321: calls $0.2
*** TURN *** [6h 6s 7s] [Qc]
c266a321: checks
349d3705: bets $0.9
8f618bbf: folds
c266a321: folds
Uncalled bet ($0.9) returned to 349d3705
349d3705: shows [Ts 3h] (Pair of Sixes)
*** SHOWDOWN ***
349d3705 collected $1.14 from pot
*** SUMMARY ***
Total pot $1.2 | Rake $0.06 | Jackpot $0 | Bingo $0 | Fortune $0 | Tax $0
Board [6h 6s 7s Qc]
Seat 1: 9fccf6d5 (button) folded before Flop (didn't bet)
Seat 2: c266a321 (small blind) folded on the Turn
Seat 3: 349d3705 (big blind) showed [Ts 3h] and won ($1.14)
Seat 4: 8f618bbf folded on the Turn
Seat 5: e864bcd5 folded before Flop (didn't bet)
Seat 6: Hero folded before Flop (didn't bet)


Poker Hand #HD1772213465: Hold'em No Limit ($0.05/$0.1) - 2024/05/14 15:47:13
Table 'NLHRed9' 6-max Seat #6 is the button
Seat 1: 9fccf6d5 ($14.81 in chips)
Seat 2: c266a321 ($10 in chips)
Seat 3: 349d3705 ($28.31 in chips)
Seat 4: 8f618bbf ($10.27 in chips)
Seat 5: e864bcd5 ($11.39 in chips)
Seat 6: Hero ($10.64 in chips)
9fccf6d5: posts small blind $0.05
c266a321: posts big blind $0.1
*** HOLE CARDS ***
Dealt to 9fccf6d5 
Dealt to c266a321 
Dealt to 349d3705 
Dealt to 8f618bbf 
Dealt to e864bcd5 
Dealt to Hero [9d 3s]
349d3705: folds
8f618bbf: folds
e864bcd5: folds
Hero: folds
9fccf6d5: folds
Uncalled bet ($0.05) returned to c266a321
*** SHOWDOWN ***
c266a321 collected $0.1 from pot
*** SUMMARY ***
Total pot $0.1 | Rake $0 | Jackpot $0 | Bingo $0 | Fortune $0 | Tax $0
Seat 1: 9fccf6d5 (small blind) folded before Flop
Seat 2: c266a321 (big blind) collected ($0.1)
Seat 3: 349d3705 folded before Flop (didn't bet)
Seat 4: 8f618bbf folded before Flop (didn't bet)
Seat 5: e864bcd5 folded before Flop (didn't bet)
Seat 6: Hero (button) folded before Flop (didn't bet)


Poker Hand #HD1772213433: Hold'em No Limit ($0.05/$0.1) - 2024/05/14 15:46:54
Table 'NLHRed9' 6-max Seat #5 is the button
Seat 1: 9fccf6d5 ($14.76 in chips)
Seat 2: c266a321 ($10 in chips)
Seat 3: 349d3705 ($28.31 in chips)
Seat 4: 8f618bbf ($10.27 in chips)
Seat 5: e864bcd5 ($11.39 in chips)
Seat 6: Hero ($10.69 in chips)
Hero: posts small blind $0.05
9fccf6d5: posts big blind $0.1
*** HOLE CARDS ***
Dealt to 9fccf6d5 
Dealt to c266a321 
Dealt to 349d3705 
Dealt to 8f618bbf 
Dealt to e864bcd5 
Dealt to Hero [Jh 3s]
c266a321: folds
349d3705: folds
8f618bbf: folds
e864bcd5: folds
Hero: folds
Uncalled bet ($0.05) returned to 9fccf6d5
*** SHOWDOWN ***
9fccf6d5 collected $0.1 from pot
*** SUMMARY ***
Total pot $0.1 | Rake $0 | Jackpot $0 | Bingo $0 | Fortune $0 | Tax $0
Seat 1: 9fccf6d5 (big blind) collected ($0.1)
Seat 2: c266a321 folded before Flop (didn't bet)
Seat 3: 349d3705 folded before Flop (didn't bet)
Seat 4: 8f618bbf folded before Flop (didn't bet)
Seat 5: e864bcd5 (button) folded before Flop (didn't bet)
Seat 6: Hero (small blind) folded before Flop


Poker Hand #HD1772213374: Hold'em No Limit ($0.05/$0.1) - 2024/05/14 15:46:23
Table 'NLHRed9' 6-max Seat #4 is the button
Seat 1: 9fccf6d5 ($14.76 in chips)
Seat 2: c266a321 ($10 in chips)
Seat 3: 349d3705 ($28.17 in chips)
Seat 4: 8f618bbf ($10.27 in chips)
Seat 5: e864bcd5 ($11.44 in chips)
Seat 6: Hero ($10.79 in chips)
e864bcd5: posts small blind $0.05
Hero: posts big blind $0.1
*** HOLE CARDS ***
Dealt to 9fccf6d5 
Dealt to c266a321 
Dealt to 349d3705 
Dealt to 8f618bbf 
Dealt to e864bcd5 
Dealt to Hero [3s Kc]
9fccf6d5: folds
c266a321: folds
349d3705: calls $0.1
8f618bbf: folds
e864bcd5: folds
Hero: checks
*** FLOP *** [Ad 5c Jd]
Hero: checks
349d3705: bets $0.13
Hero: folds
Uncalled bet ($0.13) returned to 349d3705
*** SHOWDOWN ***
349d3705 collected $0.24 from pot
*** SUMMARY ***
Total pot $0.25 | Rake $0.01 | Jackpot $0 | Bingo $0 | Fortune $0 | Tax $0
Board [Ad 5c Jd]
Seat 1: 9fccf6d5 folded before Flop (didn't bet)
Seat 2: c266a321 folded before Flop (didn't bet)
Seat 3: 349d3705 won ($0.24)
Seat 4: 8f618bbf (button) folded before Flop (didn't bet)
Seat 5: e864bcd5 (small blind) folded before Flop
Seat 6: Hero (big blind) folded on the Flop


Poker Hand #HD1772213294: Hold'em No Limit ($0.05/$0.1) - 2024/05/14 15:45:38
Table 'NLHRed9' 6-max Seat #3 is the button
Seat 1: 9fccf6d5 ($14.12 in chips)
Seat 2: c266a321 ($10 in chips)
Seat 3: 349d3705 ($28.72 in chips)
Seat 4: 8f618bbf ($10.32 in chips)
Seat 5: e864bcd5 ($11.54 in chips)
Seat 6: Hero ($10.79 in chips)
8f618bbf: posts small blind $0.05
e864bcd5: posts big blind $0.1
*** HOLE CARDS ***
Dealt to 9fccf6d5 
Dealt to c266a321 
Dealt to 349d3705 
Dealt to 8f618bbf 
Dealt to e864bcd5 
Dealt to Hero [Qs 5s]
Hero: folds
9fccf6d5: raises $0.2 to $0.3
c266a321: folds
349d3705: raises $0.25 to $0.55
8f618bbf: folds
e864bcd5: folds
9fccf6d5: calls $0.25
*** FLOP *** [6c Th Qc]
9fccf6d5: checks
349d3705: checks
*** TURN *** [6c Th Qc] [5c]
9fccf6d5: checks
349d3705: checks
*** RIVER *** [6c Th Qc 5c] [Ts]
9fccf6d5: checks
349d3705: checks
9fccf6d5: shows [8c Tc] (Queen High Flush)
349d3705: shows [Ad 9d] (Pair of Tens)
*** SHOWDOWN ***
9fccf6d5 collected $1.19 from pot
*** SUMMARY ***
Total pot $1.25 | Rake $0.06 | Jackpot $0 | Bingo $0 | Fortune $0 | Tax $0
Board [6c Th Qc 5c Ts]
Seat 1: 9fccf6d5 showed [8c Tc] and won ($1.19) with Queen High Flush
Seat 2: c266a321 folded before Flop (didn't bet)
Seat 3: 349d3705 (button) showed [Ad 9d] and lost with Pair of Tens
Seat 4: 8f618bbf (small blind) folded before Flop
Seat 5: e864bcd5 (big blind) folded before Flop
Seat 6: Hero folded before Flop (didn't bet)


Poker Hand #HD1772213174: Hold'em No Limit ($0.05/$0.1) - 2024/05/14 15:44:27
Table 'NLHRed9' 6-max Seat #2 is the button
Seat 1: 9fccf6d5 ($14.12 in chips)
Seat 2: c266a321 ($10 in chips)
Seat 3: 349d3705 ($24.92 in chips)
Seat 4: 8f618bbf ($10.42 in chips)
Seat 5: e864bcd5 ($13.59 in chips)
Seat 6: Hero ($10.79 in chips)
349d3705: posts small blind $0.05
8f618bbf: posts big blind $0.1
*** HOLE CARDS ***
Dealt to 9fccf6d5 
Dealt to c266a321 
Dealt to 349d3705 
Dealt to 8f618bbf 
Dealt to e864bcd5 
Dealt to Hero [2d 2c]
e864bcd5: raises $0.15 to $0.25
Hero: folds
9fccf6d5: folds
c266a321: raises $0.55 to $0.8
349d3705: calls $0.75
8f618bbf: folds
e864bcd5: calls $0.55
*** FLOP *** [4s 7h Ts]
349d3705: checks
e864bcd5: checks
c266a321: bets $1.25
349d3705: calls $1.25
e864bcd5: calls $1.25
*** TURN *** [4s 7h Ts] [9h]
349d3705: bets $22.87 and is all-in
e864bcd5: folds
c266a321: folds
Uncalled bet ($22.87) returned to 349d3705
*** SHOWDOWN ***
349d3705 collected $5.85 from pot
*** SUMMARY ***
Total pot $6.25 | Rake $0.3 | Jackpot $0.1 | Bingo $0 | Fortune $0 | Tax $0
Board [4s 7h Ts 9h]
Seat 1: 9fccf6d5 folded before Flop (didn't bet)
Seat 2: c266a321 (button) folded on the Turn
Seat 3: 349d3705 (small blind) won ($5.85)
Seat 4: 8f618bbf (big blind) folded before Flop
Seat 5: e864bcd5 folded on the Turn
Seat 6: Hero folded before Flop (didn't bet)


Poker Hand #HD1772212963: Hold'em No Limit ($0.05/$0.1) - 2024/05/14 15:42:25
Table 'NLHRed9' 6-max Seat #1 is the button
Seat 1: 9fccf6d5 ($10.23 in chips)
Seat 2: c266a321 ($10 in chips)
Seat 3: 349d3705 ($29.29 in chips)
Seat 4: 8f618bbf ($10.42 in chips)
Seat 5: e864bcd5 ($13.59 in chips)
Seat 6: Hero ($10.79 in chips)
c266a321: posts small blind $0.05
349d3705: posts big blind $0.1
*** HOLE CARDS ***
Dealt to 9fccf6d5 
Dealt to c266a321 
Dealt to 349d3705 
Dealt to 8f618bbf 
Dealt to e864bcd5 
Dealt to Hero [5c Qd]
8f618bbf: folds
e864bcd5: folds
Hero: folds
9fccf6d5: raises $0.2 to $0.3
c266a321: folds
349d3705: calls $0.2
*** FLOP *** [Kd 8d 7s]
349d3705: bets $0.22
9fccf6d5: raises $0.55 to $0.77
349d3705: calls $0.55
*** TURN *** [Kd 8d 7s] [Kc]
349d3705: checks
9fccf6d5: bets $1.1
349d3705: calls $1.1
*** RIVER *** [Kd 8d 7s Kc] [2c]
349d3705: checks
9fccf6d5: bets $2.2
349d3705: calls $2.2
9fccf6d5: shows [Ah As] (Pair of Aces and Pair of Kings)
349d3705: shows [Qh 8s] (Pair of Kings and Pair of Eights)
*** SHOWDOWN ***
9fccf6d5 collected $8.26 from pot
*** SUMMARY ***
Total pot $8.79 | Rake $0.43 | Jackpot $0.1 | Bingo $0 | Fortune $0 | Tax $0
Board [Kd 8d 7s Kc 2c]
Seat 1: 9fccf6d5 (button) showed [Ah As] and won ($8.26) with Pair of Aces and Pair of Kings
Seat 2: c266a321 (small blind) folded before Flop
Seat 3: 349d3705 (big blind) showed [Qh 8s] and lost with Pair of Kings and Pair of Eights
Seat 4: 8f618bbf folded before Flop (didn't bet)
Seat 5: e864bcd5 folded before Flop (didn't bet)
Seat 6: Hero folded before Flop (didn't bet)


Poker Hand #HD1772212872: Hold'em No Limit ($0.05/$0.1) - 2024/05/14 15:41:27
Table 'NLHRed9' 6-max Seat #6 is the button
Seat 1: 9fccf6d5 ($10.28 in chips)
Seat 2: c266a321 ($10 in chips)
Seat 3: 349d3705 ($29.49 in chips)
Seat 4: 8f618bbf ($10.42 in chips)
Seat 5: e864bcd5 ($13.59 in chips)
Seat 6: Hero ($10.07 in chips)
9fccf6d5: posts small blind $0.05
c266a321: posts big blind $0.1
*** HOLE CARDS ***
Dealt to 9fccf6d5 
Dealt to c266a321 
Dealt to 349d3705 
Dealt to 8f618bbf 
Dealt to e864bcd5 
Dealt to Hero [Ah 8h]
349d3705: raises $0.1 to $0.2
8f618bbf: folds
e864bcd5: folds
Hero: calls $0.2
9fccf6d5: folds
c266a321: calls $0.1
*** FLOP *** [8s Jd Jc]
c266a321: checks
349d3705: checks
Hero: checks
*** TURN *** [8s Jd Jc] [2h]
c266a321: bets $0.33
349d3705: folds
Hero: calls $0.33
*** RIVER *** [8s Jd Jc 2h] [5d]
c266a321: checks
Hero: checks
c266a321: shows [8c Kd] (Pair of Jacks and Pair of Eights)
Hero: shows [Ah 8h] (Pair of Jacks and Pair of Eights)
*** SHOWDOWN ***
Hero collected $1.25 from pot
*** SUMMARY ***
Total pot $1.31 | Rake $0.06 | Jackpot $0 | Bingo $0 | Fortune $0 | Tax $0
Board [8s Jd Jc 2h 5d]
Seat 1: 9fccf6d5 (small blind) folded before Flop
Seat 2: c266a321 (big blind) showed [8c Kd] and lost with Pair of Jacks and Pair of Eights
Seat 3: 349d3705 folded on the Turn
Seat 4: 8f618bbf folded before Flop (didn't bet)
Seat 5: e864bcd5 folded before Flop (didn't bet)
Seat 6: Hero (button) showed [Ah 8h] and won ($1.25) with Pair of Jacks and Pair of Eights


Poker Hand #HD1772212804: Hold'em No Limit ($0.05/$0.1) - 2024/05/14 15:40:56
Table 'NLHRed9' 6-max Seat #5 is the button
Seat 1: 9fccf6d5 ($10.38 in chips)
Seat 3: 349d3705 ($29.35 in chips)
Seat 4: 8f618bbf ($10.42 in chips)
Seat 5: e864bcd5 ($13.59 in chips)
Seat 6: Hero ($10.12 in chips)
Hero: posts small blind $0.05
9fccf6d5: posts big blind $0.1
*** HOLE CARDS ***
Dealt to 9fccf6d5 
Dealt to 349d3705 
Dealt to 8f618bbf 
Dealt to e864bcd5 
Dealt to Hero [Qd 3d]
349d3705: calls $0.1
8f618bbf: folds
e864bcd5: folds
Hero: folds
9fccf6d5: checks
*** FLOP *** [4h Kh Tc]
9fccf6d5: checks
349d3705: checks
*** TURN *** [4h Kh Tc] [3h]
9fccf6d5: checks
349d3705: checks
*** RIVER *** [4h Kh Tc 3h] [5d]
9fccf6d5: checks
349d3705: bets $0.19
9fccf6d5: folds
Uncalled bet ($0.19) returned to 349d3705
*** SHOWDOWN ***
349d3705 collected $0.24 from pot
*** SUMMARY ***
Total pot $0.25 | Rake $0.01 | Jackpot $0 | Bingo $0 | Fortune $0 | Tax $0
Board [4h Kh Tc 3h 5d]
Seat 1: 9fccf6d5 (big blind) folded on the River
Seat 3: 349d3705 won ($0.24)
Seat 4: 8f618bbf folded before Flop (didn't bet)
Seat 5: e864bcd5 (button) folded before Flop (didn't bet)
Seat 6: Hero (small blind) folded before Flop


Poker Hand #HD1772212729: Hold'em No Limit ($0.05/$0.1) - 2024/05/14 15:40:09
Table 'NLHRed9' 6-max Seat #4 is the button
Seat 1: 9fccf6d5 ($10.68 in chips)
Seat 2: 4e942ef0 ($13.59 in chips)
Seat 3: 349d3705 ($29.35 in chips)
Seat 4: 8f618bbf ($10 in chips)
Seat 5: e864bcd5 ($13.64 in chips)
Seat 6: Hero ($10.22 in chips)
e864bcd5: posts small blind $0.05
Hero: posts big blind $0.1
*** HOLE CARDS ***
Dealt to 9fccf6d5 
Dealt to 4e942ef0 
Dealt to 349d3705 
Dealt to 8f618bbf 
Dealt to e864bcd5 
Dealt to Hero [8h Jc]
9fccf6d5: raises $0.2 to $0.3
4e942ef0: folds
349d3705: folds
8f618bbf: raises $0.6 to $0.9
e864bcd5: folds
Hero: folds
9fccf6d5: folds
Uncalled bet ($0.6) returned to 8f618bbf
*** SHOWDOWN ***
8f618bbf collected $0.72 from pot
*** SUMMARY ***
Total pot $0.75 | Rake $0.03 | Jackpot $0 | Bingo $0 | Fortune $0 | Tax $0
Seat 1: 9fccf6d5 folded before Flop
Seat 2: 4e942ef0 folded before Flop (didn't bet)
Seat 3: 349d3705 folded before Flop (didn't bet)
Seat 4: 8f618bbf (button) collected ($0.72)
Seat 5: e864bcd5 (small blind) folded before Flop
Seat 6: Hero (big blind) folded before Flop


Poker Hand #HD1772212706: Hold'em No Limit ($0.05/$0.1) - 2024/05/14 15:39:54
Table 'NLHRed9' 6-max Seat #3 is the button
Seat 1: 9fccf6d5 ($10.53 in chips)
Seat 2: 4e942ef0 ($13.59 in chips)
Seat 3: 349d3705 ($29.35 in chips)
Seat 4: 8f618bbf ($10 in chips)
Seat 5: e864bcd5 ($13.74 in chips)
Seat 6: Hero ($10.22 in chips)
8f618bbf: posts small blind $0.05
e864bcd5: posts big blind $0.1
*** HOLE CARDS ***
Dealt to 9fccf6d5 
Dealt to 4e942ef0 
Dealt to 349d3705 
Dealt to 8f618bbf 
Dealt to e864bcd5 
Dealt to Hero [4h 6c]
Hero: folds
9fccf6d5: raises $0.2 to $0.3
4e942ef0: folds
349d3705: folds
8f618bbf: folds
e864bcd5: folds
Uncalled bet ($0.2) returned to 9fccf6d5
*** SHOWDOWN ***
9fccf6d5 collected $0.25 from pot
*** SUMMARY ***
Total pot $0.25 | Rake $0 | Jackpot $0 | Bingo $0 | Fortune $0 | Tax $0
Seat 1: 9fccf6d5 collected ($0.25)
Seat 2: 4e942ef0 folded before Flop (didn't bet)
Seat 3: 349d3705 (button) folded before Flop (didn't bet)
Seat 4: 8f618bbf (small blind) folded before Flop
Seat 5: e864bcd5 (big blind) folded before Flop
Seat 6: Hero folded before Flop (didn't bet)


Poker Hand #HD1772212616: Hold'em No Limit ($0.05/$0.1) - 2024/05/14 15:38:56
Table 'NLHRed9' 6-max Seat #2 is the button
Seat 1: 9fccf6d5 ($10.83 in chips)
Seat 2: 4e942ef0 ($13.17 in chips)
Seat 3: 349d3705 ($29.4 in chips)
Seat 4: 8f618bbf ($10 in chips)
Seat 5: e864bcd5 ($13.74 in chips)
Seat 6: Hero ($10.22 in chips)
349d3705: posts small blind $0.05
8f618bbf: posts big blind $0.1
*** HOLE CARDS ***
Dealt to 9fccf6d5 
Dealt to 4e942ef0 
Dealt to 349d3705 
Dealt to 8f618bbf 
Dealt to e864bcd5 
Dealt to Hero [2c 6s]
e864bcd5: folds
Hero: folds
9fccf6d5: raises $0.2 to $0.3
4e942ef0: calls $0.3
349d3705: folds
8f618bbf: folds
*** FLOP *** [4s 3s 7c]
9fccf6d5: checks
4e942ef0: checks
*** TURN *** [4s 3s 7c] [4c]
9fccf6d5: checks
4e942ef0: bets $0.29
9fccf6d5: folds
Uncalled bet ($0.29) returned to 4e942ef0
*** SHOWDOWN ***
4e942ef0 collected $0.72 from pot
*** SUMMARY ***
Total pot $0.75 | Rake $0.03 | Jackpot $0 | Bingo $0 | Fortune $0 | Tax $0
Board [4s 3s 7c 4c]
Seat 1: 9fccf6d5 folded on the Turn
Seat 2: 4e942ef0 (button) won ($0.72)
Seat 3: 349d3705 (small blind) folded before Flop
Seat 4: 8f618bbf (big blind) folded before Flop
Seat 5: e864bcd5 folded before Flop (didn't bet)
Seat 6: Hero folded before Flop (didn't bet)


Poker Hand #HD1772212595: Hold'em No Limit ($0.05/$0.1) - 2024/05/14 15:38:45
Table 'NLHRed9' 6-max Seat #1 is the button
Seat 1: 9fccf6d5 ($10.83 in chips)
Seat 2: 4e942ef0 ($13.22 in chips)
Seat 3: 349d3705 ($29.35 in chips)
Seat 4: 8f618bbf ($10 in chips)
Seat 5: e864bcd5 ($13.74 in chips)
Seat 6: Hero ($10.22 in chips)
4e942ef0: posts small blind $0.05
349d3705: posts big blind $0.1
*** HOLE CARDS ***
Dealt to 9fccf6d5 
Dealt to 4e942ef0 
Dealt to 349d3705 
Dealt to 8f618bbf 
Dealt to e864bcd5 
Dealt to Hero [3d Th]
8f618bbf: folds
e864bcd5: folds
Hero: folds
9fccf6d5: folds
4e942ef0: folds
Uncalled bet ($0.05) returned to 349d3705
*** SHOWDOWN ***
349d3705 collected $0.1 from pot
*** SUMMARY ***
Total pot $0.1 | Rake $0 | Jackpot $0 | Bingo $0 | Fortune $0 | Tax $0
Seat 1: 9fccf6d5 (button) folded before Flop (didn't bet)
Seat 2: 4e942ef0 (small blind) folded before Flop
Seat 3: 349d3705 (big blind) collected ($0.1)
Seat 4: 8f618bbf folded before Flop (didn't bet)
Seat 5: e864bcd5 folded before Flop (didn't bet)
Seat 6: Hero folded before Flop (didn't bet)


Poker Hand #HD1772212526: Hold'em No Limit ($0.05/$0.1) - 2024/05/14 15:38:05
Table 'NLHRed9' 6-max Seat #6 is the button
Seat 1: 9fccf6d5 ($10.88 in chips)
Seat 2: 4e942ef0 ($12.96 in chips)
Seat 3: 349d3705 ($29.58 in chips)
Seat 4: 8f618bbf ($10 in chips)
Seat 5: e864bcd5 ($13.74 in chips)
Seat 6: Hero ($10.22 in chips)
9fccf6d5: posts small blind $0.05
4e942ef0: posts big blind $0.1
*** HOLE CARDS ***
Dealt to 9fccf6d5 
Dealt to 4e942ef0 
Dealt to 349d3705 
Dealt to 8f618bbf 
Dealt to e864bcd5 
Dealt to Hero [8d 9s]
349d3705: calls $0.1
8f618bbf: folds
e864bcd5: folds
Hero: folds
9fccf6d5: folds
4e942ef0: checks
*** FLOP *** [3s 5h 8c]
4e942ef0: checks
349d3705: checks
*** TURN *** [3s 5h 8c] [6c]
4e942ef0: checks
349d3705: bets $0.13
4e942ef0: calls $0.13
*** RIVER *** [3s 5h 8c 6c] [Ac]
4e942ef0: checks
349d3705: checks
4e942ef0: shows [4h Ah] (Pair of Aces)
349d3705: shows [6s Kd] (Pair of Sixes)
*** SHOWDOWN ***
4e942ef0 collected $0.49 from pot
*** SUMMARY ***
Total pot $0.51 | Rake $0.02 | Jackpot $0 | Bingo $0 | Fortune $0 | Tax $0
Board [3s 5h 8c 6c Ac]
Seat 1: 9fccf6d5 (small blind) folded before Flop
Seat 2: 4e942ef0 (big blind) showed [4h Ah] and won ($0.49) with Pair of Aces
Seat 3: 349d3705 showed [6s Kd] and lost with Pair of Sixes
Seat 4: 8f618bbf folded before Flop (didn't bet)
Seat 5: e864bcd5 folded before Flop (didn't bet)
Seat 6: Hero (button) folded before Flop (didn't bet)


Poker Hand #HD1772212496: Hold'em No Limit ($0.05/$0.1) - 2024/05/14 15:37:48
Table 'NLHRed9' 6-max Seat #5 is the button
Seat 1: 9fccf6d5 ($10.98 in chips)
Seat 2: 4e942ef0 ($12.96 in chips)
Seat 3: 349d3705 ($29.43 in chips)
Seat 4: 8f618bbf ($10 in chips)
Seat 5: e864bcd5 ($13.74 in chips)
Seat 6: Hero ($10.27 in chips)
Hero: posts small blind $0.05
9fccf6d5: posts big blind $0.1
*** HOLE CARDS ***
Dealt to 9fccf6d5 
Dealt to 4e942ef0 
Dealt to 349d3705 
Dealt to 8f618bbf 
Dealt to e864bcd5 
Dealt to Hero [7h 5c]
4e942ef0: folds
349d3705: raises $0.1 to $0.2
8f618bbf: folds
e864bcd5: folds
Hero: folds
9fccf6d5: folds
Uncalled bet ($0.1) returned to 349d3705
*** SHOWDOWN ***
349d3705 collected $0.25 from pot
*** SUMMARY ***
Total pot $0.25 | Rake $0 | Jackpot $0 | Bingo $0 | Fortune $0 | Tax $0
Seat 1: 9fccf6d5 (big blind) folded before Flop
Seat 2: 4e942ef0 folded before Flop (didn't bet)
Seat 3: 349d3705 collected ($0.25)
Seat 4: 8f618bbf folded before Flop (didn't bet)
Seat 5: e864bcd5 (button) folded before Flop (didn't bet)
Seat 6: Hero (small blind) folded before Flop


Poker Hand #HD1772212471: Hold'em No Limit ($0.05/$0.1) - 2024/05/14 15:37:32
Table 'NLHRed9' 6-max Seat #4 is the button
Seat 1: 9fccf6d5 ($10.98 in chips)
Seat 2: 4e942ef0 ($12.96 in chips)
Seat 3: 349d3705 ($29.43 in chips)
Seat 4: 8f618bbf ($10 in chips)
Seat 5: e864bcd5 ($13.79 in chips)
Seat 6: Hero ($10.22 in chips)
e864bcd5: posts small blind $0.05
Hero: posts big blind $0.1
*** HOLE CARDS ***
Dealt to 9fccf6d5 
Dealt to 4e942ef0 
Dealt to 349d3705 
Dealt to 8f618bbf 
Dealt to e864bcd5 
Dealt to Hero [Jc Jd]
9fccf6d5: folds
4e942ef0: folds
349d3705: folds
8f618bbf: folds
e864bcd5: folds
Uncalled bet ($0.05) returned to Hero
*** SHOWDOWN ***
Hero collected $0.1 from pot
*** SUMMARY ***
Total pot $0.1 | Rake $0 | Jackpot $0 | Bingo $0 | Fortune $0 | Tax $0
Seat 1: 9fccf6d5 folded before Flop (didn't bet)
Seat 2: 4e942ef0 folded before Flop (didn't bet)
Seat 3: 349d3705 folded before Flop (didn't bet)
Seat 4: 8f618bbf (button) folded before Flop (didn't bet)
Seat 5: e864bcd5 (small blind) folded before Flop
Seat 6: Hero (big blind) collected ($0.1)


Poker Hand #HD1772212396: Hold'em No Limit ($0.05/$0.1) - 2024/05/14 15:36:49
Table 'NLHRed9' 6-max Seat #3 is the button
Seat 1: 9fccf6d5 ($10.98 in chips)
Seat 2: 4e942ef0 ($10.94 in chips)
Seat 3: 349d3705 ($31.62 in chips)
Seat 4: 8f618bbf ($10 in chips)
Seat 5: e864bcd5 ($13.89 in chips)
Seat 6: Hero ($10.22 in chips)
8f618bbf: posts small blind $0.05
e864bcd5: posts big blind $0.1
*** HOLE CARDS ***
Dealt to 9fccf6d5 
Dealt to 4e942ef0 
Dealt to 349d3705 
Dealt to 8f618bbf 
Dealt to e864bcd5 
Dealt to Hero [Td 6s]
Hero: folds
9fccf6d5: folds
4e942ef0: raises $0.2 to $0.3
349d3705: raises $0.38 to $0.68
8f618bbf: folds
e864bcd5: folds
4e942ef0: raises $1.51 to $2.19
349d3705: calls $1.51
*** FLOP *** [9s 9c 4h]
4e942ef0: bets $3.13
349d3705: folds
Uncalled bet ($3.13) returned to 4e942ef0
*** SHOWDOWN ***
4e942ef0 collected $4.21 from pot
*** SUMMARY ***
Total pot $4.53 | Rake $0.22 | Jackpot $0.1 | Bingo $0 | Fortune $0 | Tax $0
Board [9s 9c 4h]
Seat 1: 9fccf6d5 folded before Flop (didn't bet)
Seat 2: 4e942ef0 won ($4.21)
Seat 3: 349d3705 (button) folded on the Flop
Seat 4: 8f618bbf (small blind) folded before Flop
Seat 5: e864bcd5 (big blind) folded before Flop
Seat 6: Hero folded before Flop (didn't bet)


Poker Hand #HD1772212334: Hold'em No Limit ($0.05/$0.1) - 2024/05/14 15:36:13
Table 'NLHRed9' 6-max Seat #2 is the button
Seat 1: 9fccf6d5 ($10.98 in chips)
Seat 2: 4e942ef0 ($10.94 in chips)
Seat 3: 349d3705 ($31.34 in chips)
Seat 4: 8f618bbf ($10.1 in chips)
Seat 5: e864bcd5 ($13.89 in chips)
Seat 6: Hero ($10.42 in chips)
349d3705: posts small blind $0.05
8f618bbf: posts big blind $0.1
*** HOLE CARDS ***
Dealt to 9fccf6d5 
Dealt to 4e942ef0 
Dealt to 349d3705 
Dealt to 8f618bbf 
Dealt to e864bcd5 
Dealt to Hero [Jd 9d]
e864bcd5: folds
Hero: raises $0.1 to $0.2
9fccf6d5: folds
4e942ef0: folds
349d3705: calls $0.15
8f618bbf: folds
*** FLOP *** [8s 6s 3s]
349d3705: bets $0.17
Hero: folds
Uncalled bet ($0.17) returned to 349d3705
*** SHOWDOWN ***
349d3705 collected $0.48 from pot
*** SUMMARY ***
Total pot $0.5 | Rake $0.02 | Jackpot $0 | Bingo $0 | Fortune $0 | Tax $0
Board [8s 6s 3s]
Seat 1: 9fccf6d5 folded before Flop (didn't bet)
Seat 2: 4e942ef0 (button) folded before Flop (didn't bet)
Seat 3: 349d3705 (small blind) won ($0.48)
Seat 4: 8f618bbf (big blind) folded before Flop
Seat 5: e864bcd5 folded before Flop (didn't bet)
Seat 6: Hero folded on the Flop


Poker Hand #HD1772212283: Hold'em No Limit ($0.05/$0.1) - 2024/05/14 15:35:45
Table 'NLHRed9' 6-max Seat #1 is the button
Seat 1: 9fccf6d5 ($10.83 in chips)
Seat 2: 4e942ef0 ($10.99 in chips)
Seat 3: 349d3705 ($31.44 in chips)
Seat 4: 8f618bbf ($10.1 in chips)
Seat 5: e864bcd5 ($13.89 in chips)
Seat 6: Hero ($10.42 in chips)
4e942ef0: posts small blind $0.05
349d3705: posts big blind $0.1
*** HOLE CARDS ***
Dealt to 9fccf6d5 
Dealt to 4e942ef0 
Dealt to 349d3705 
Dealt to 8f618bbf 
Dealt to e864bcd5 
Dealt to Hero [Qh 4c]
8f618bbf: folds
e864bcd5: folds
Hero: folds
9fccf6d5: raises $0.2 to $0.3
4e942ef0: folds
349d3705: folds
Uncalled bet ($0.2) returned to 9fccf6d5
*** SHOWDOWN ***
9fccf6d5 collected $0.25 from pot
*** SUMMARY ***
Total pot $0.25 | Rake $0 | Jackpot $0 | Bingo $0 | Fortune $0 | Tax $0
Seat 1: 9fccf6d5 (button) collected ($0.25)
Seat 2: 4e942ef0 (small blind) folded before Flop
Seat 3: 349d3705 (big blind) folded before Flop
Seat 4: 8f618bbf folded before Flop (didn't bet)
Seat 5: e864bcd5 folded before Flop (didn't bet)
Seat 6: Hero folded before Flop (didn't bet)


Poker Hand #HD1772212249: Hold'em No Limit ($0.05/$0.1) - 2024/05/14 15:35:28
Table 'NLHRed9' 6-max Seat #6 is the button
Seat 1: 9fccf6d5 ($10.88 in chips)
Seat 2: 4e942ef0 ($10.94 in chips)
Seat 3: 349d3705 ($31.44 in chips)
Seat 4: 8f618bbf ($10.1 in chips)
Seat 5: e864bcd5 ($13.89 in chips)
Seat 6: Hero ($10.42 in chips)
9fccf6d5: posts small blind $0.05
4e942ef0: posts big blind $0.1
*** HOLE CARDS ***
Dealt to 9fccf6d5 
Dealt to 4e942ef0 
Dealt to 349d3705 
Dealt to 8f618bbf 
Dealt to e864bcd5 
Dealt to Hero [7s Qh]
349d3705: folds
8f618bbf: folds
e864bcd5: folds
Hero: folds
9fccf6d5: folds
Uncalled bet ($0.05) returned to 4e942ef0
*** SHOWDOWN ***
4e942ef0 collected $0.1 from pot
*** SUMMARY ***
Total pot $0.1 | Rake $0 | Jackpot $0 | Bingo $0 | Fortune $0 | Tax $0
Seat 1: 9fccf6d5 (small blind) folded before Flop
Seat 2: 4e942ef0 (big blind) collected ($0.1)
Seat 3: 349d3705 folded before Flop (didn't bet)
Seat 4: 8f618bbf folded before Flop (didn't bet)
Seat 5: e864bcd5 folded before Flop (didn't bet)
Seat 6: Hero (button) folded before Flop (didn't bet)


Poker Hand #HD1772212082: Hold'em No Limit ($0.05/$0.1) - 2024/05/14 15:33:46
Table 'NLHRed9' 6-max Seat #5 is the button
Seat 1: 9fccf6d5 ($11.58 in chips)
Seat 2: 4e942ef0 ($10.94 in chips)
Seat 3: 349d3705 ($34.24 in chips)
Seat 4: 8f618bbf ($10.1 in chips)
Seat 5: e864bcd5 ($10.75 in chips)
Seat 6: Hero ($10.47 in chips)
Hero: posts small blind $0.05
9fccf6d5: posts big blind $0.1
*** HOLE CARDS ***
Dealt to 9fccf6d5 
Dealt to 4e942ef0 
Dealt to 349d3705 
Dealt to 8f618bbf 
Dealt to e864bcd5 
Dealt to Hero [8d Kc]
4e942ef0: folds
349d3705: raises $0.1 to $0.2
8f618bbf: folds
e864bcd5: raises $0.5 to $0.7
Hero: folds
9fccf6d5: calls $0.6
349d3705: calls $0.5
*** FLOP *** [Jh 9d Qc]
9fccf6d5: checks
349d3705: bets $0.71
e864bcd5: raises $1.39 to $2.1
9fccf6d5: folds
349d3705: calls $1.39
*** TURN *** [Jh 9d Qc] [4s]
349d3705: checks
e864bcd5: bets $2.4
349d3705: folds
Uncalled bet ($2.4) returned to e864bcd5
*** SHOWDOWN ***
e864bcd5 collected $5.94 from pot
*** SUMMARY ***
Total pot $6.35 | Rake $0.31 | Jackpot $0.1 | Bingo $0 | Fortune $0 | Tax $0
Board [Jh 9d Qc 4s]
Seat 1: 9fccf6d5 (big blind) folded on the Flop
Seat 2: 4e942ef0 folded before Flop (didn't bet)
Seat 3: 349d3705 folded on the Turn
Seat 4: 8f618bbf folded before Flop (didn't bet)
Seat 5: e864bcd5 (button) won ($5.94)
Seat 6: Hero (small blind) folded before Flop


Poker Hand #HD1772212052: Hold'em No Limit ($0.05/$0.1) - 2024/05/14 15:33:26
Table 'NLHRed9' 6-max Seat #4 is the button
Seat 1: 9fccf6d5 ($11.58 in chips)
Seat 2: 4e942ef0 ($10.94 in chips)
Seat 3: 349d3705 ($34.29 in chips)
Seat 4: 8f618bbf ($10.1 in chips)
Seat 5: e864bcd5 ($10.8 in chips)
Seat 6: Hero ($10.37 in chips)
e864bcd5: posts small blind $0.05
Hero: posts big blind $0.1
349d3705: posts missed blind $0.05
*** HOLE CARDS ***
Dealt to 9fccf6d5 
Dealt to 4e942ef0 
Dealt to 349d3705 
Dealt to 8f618bbf 
Dealt to e864bcd5 
Dealt to Hero [Qh 9h]
9fccf6d5: folds
4e942ef0: folds
349d3705: folds
8f618bbf: folds
e864bcd5: folds
Uncalled bet ($0.05) returned to Hero
*** SHOWDOWN ***
Hero collected $0.15 from pot
*** SUMMARY ***
Total pot $0.15 | Rake $0 | Jackpot $0 | Bingo $0 | Fortune $0 | Tax $0
Seat 1: 9fccf6d5 folded before Flop (didn't bet)
Seat 2: 4e942ef0 folded before Flop (didn't bet)
Seat 3: 349d3705 folded before Flop
Seat 4: 8f618bbf (button) folded before Flop (didn't bet)
Seat 5: e864bcd5 (small blind) folded before Flop
Seat 6: Hero (big blind) collected ($0.15)


Poker Hand #HD1772212017: Hold'em No Limit ($0.05/$0.1) - 2024/05/14 15:33:08
Table 'NLHRed9' 6-max Seat #2 is the button
Seat 1: 9fccf6d5 ($11.58 in chips)
Seat 2: 4e942ef0 ($10.94 in chips)
Seat 4: 8f618bbf ($10 in chips)
Seat 5: e864bcd5 ($10.9 in chips)
Seat 6: Hero ($10.37 in chips)
8f618bbf: posts small blind $0.05
e864bcd5: posts big blind $0.1
*** HOLE CARDS ***
Dealt to 9fccf6d5 
Dealt to 4e942ef0 
Dealt to 8f618bbf 
Dealt to e864bcd5 
Dealt to Hero [Tc 5s]
Hero: folds
9fccf6d5: folds
4e942ef0: folds
8f618bbf: raises $0.2 to $0.3
e864bcd5: folds
Uncalled bet ($0.2) returned to 8f618bbf
*** SHOWDOWN ***
8f618bbf collected $0.2 from pot
*** SUMMARY ***
Total pot $0.2 | Rake $0 | Jackpot $0 | Bingo $0 | Fortune $0 | Tax $0
Seat 1: 9fccf6d5 folded before Flop (didn't bet)
Seat 2: 4e942ef0 (button) folded before Flop (didn't bet)
Seat 4: 8f618bbf (small blind) collected ($0.2)
Seat 5: e864bcd5 (big blind) folded before Flop
Seat 6: Hero folded before Flop (didn't bet)


Poker Hand #HD1772211943: Hold'em No Limit ($0.05/$0.1) - 2024/05/14 15:32:21
Table 'NLHRed9' 6-max Seat #1 is the button
Seat 1: 9fccf6d5 ($11.58 in chips)
Seat 2: 4e942ef0 ($10.99 in chips)
Seat 3: 349d3705 ($34.39 in chips)
Seat 4: 8f618bbf ($10 in chips)
Seat 5: e864bcd5 ($11.15 in chips)
Seat 6: Hero ($10 in chips)
4e942ef0: posts small blind $0.05
349d3705: posts big blind $0.1
*** HOLE CARDS ***
Dealt to 9fccf6d5 
Dealt to 4e942ef0 
Dealt to 349d3705 
Dealt to 8f618bbf 
Dealt to e864bcd5 
Dealt to Hero [Ks Ad]
8f618bbf: folds
e864bcd5: raises $0.15 to $0.25
Hero: raises $0.65 to $0.9
9fccf6d5: folds
4e942ef0: folds
349d3705: folds
e864bcd5: folds
Uncalled bet ($0.65) returned to Hero
*** SHOWDOWN ***
Hero collected $0.62 from pot
*** SUMMARY ***
Total pot $0.65 | Rake $0.03 | Jackpot $0 | Bingo $0 | Fortune $0 | Tax $0
Seat 1: 9fccf6d5 (button) folded before Flop (didn't bet)
Seat 2: 4e942ef0 (small blind) folded before Flop
Seat 3: 349d3705 (big blind) folded before Flop
Seat 4: 8f618bbf folded before Flop (didn't bet)
Seat 5: e864bcd5 folded before Flop
Seat 6: Hero collected ($0.62)


Poker Hand #HD1772211914: Hold'em No Limit ($0.05/$0.1) - 2024/05/14 15:32:04
Table 'NLHRed9' 6-max Seat #6 is the button
Seat 1: 9fccf6d5 ($11.63 in chips)
Seat 2: 4e942ef0 ($10.94 in chips)
Seat 3: 349d3705 ($34.39 in chips)
Seat 4: 8f618bbf ($10 in chips)
Seat 5: e864bcd5 ($11.15 in chips)
Seat 6: Hero ($10 in chips)
9fccf6d5: posts small blind $0.05
4e942ef0: posts big blind $0.1
*** HOLE CARDS ***
Dealt to 9fccf6d5 
Dealt to 4e942ef0 
Dealt to 349d3705 
Dealt to 8f618bbf 
Dealt to e864bcd5 
Dealt to Hero [Jc 3h]
349d3705: folds
8f618bbf: folds
e864bcd5: folds
Hero: folds
9fccf6d5: folds
Uncalled bet ($0.05) returned to 4e942ef0
*** SHOWDOWN ***
4e942ef0 collected $0.1 from pot
*** SUMMARY ***
Total pot $0.1 | Rake $0 | Jackpot $0 | Bingo $0 | Fortune $0 | Tax $0
Seat 1: 9fccf6d5 (small blind) folded before Flop
Seat 2: 4e942ef0 (big blind) collected ($0.1)
Seat 3: 349d3705 folded before Flop (didn't bet)
Seat 4: 8f618bbf folded before Flop (didn't bet)
Seat 5: e864bcd5 folded before Flop (didn't bet)
Seat 6: Hero (button) folded before Flop (didn't bet)


Poker Hand #HD1772211853: Hold'em No Limit ($0.05/$0.1) - 2024/05/14 15:31:31
Table 'NLHRed9' 6-max Seat #5 is the button
Seat 1: 9fccf6d5 ($11.73 in chips)
Seat 2: 4e942ef0 ($10.94 in chips)
Seat 3: 349d3705 ($34.25 in chips)
Seat 4: 8f618bbf ($10 in chips)
Seat 5: e864bcd5 ($11.15 in chips)
Seat 6: Hero ($10 in chips)
Hero: posts small blind $0.05
9fccf6d5: posts big blind $0.1
*** HOLE CARDS ***
Dealt to 9fccf6d5 
Dealt to 4e942ef0 
Dealt to 349d3705 
Dealt to 8f618bbf 
Dealt to e864bcd5 
Dealt to Hero [8h Js]
4e942ef0: folds
349d3705: calls $0.1
8f618bbf: folds
e864bcd5: folds
Hero: folds
9fccf6d5: checks
*** FLOP *** [7h 4c 2d]
9fccf6d5: checks
349d3705: bets $0.13
9fccf6d5: folds
Uncalled bet ($0.13) returned to 349d3705
*** SHOWDOWN ***
349d3705 collected $0.24 from pot
*** SUMMARY ***
Total pot $0.25 | Rake $0.01 | Jackpot $0 | Bingo $0 | Fortune $0 | Tax $0
Board [7h 4c 2d]
Seat 1: 9fccf6d5 (big blind) folded on the Flop
Seat 2: 4e942ef0 folded before Flop (didn't bet)
Seat 3: 349d3705 won ($0.24)
Seat 4: 8f618bbf folded before Flop (didn't bet)
Seat 5: e864bcd5 (button) folded before Flop (didn't bet)
Seat 6: Hero (small blind) folded before Flop


Poker Hand #HD1772211799: Hold'em No Limit ($0.05/$0.1) - 2024/05/14 15:31:03
Table 'NLHRed9' 6-max Seat #4 is the button
Seat 1: 9fccf6d5 ($11.31 in chips)
Seat 2: 4e942ef0 ($10.94 in chips)
Seat 3: 349d3705 ($34.25 in chips)
Seat 4: 8f618bbf ($10 in chips)
Seat 5: e864bcd5 ($11.2 in chips)
Seat 6: Hero ($10 in chips)
e864bcd5: posts small blind $0.05
Hero: posts big blind $0.1
*** HOLE CARDS ***
Dealt to 9fccf6d5 
Dealt to 4e942ef0 
Dealt to 349d3705 
Dealt to 8f618bbf 
Dealt to e864bcd5 
Dealt to Hero [Jd 2s]
9fccf6d5: raises $0.2 to $0.3
4e942ef0: folds
349d3705: folds
8f618bbf: calls $0.3
e864bcd5: folds
Hero: folds
*** FLOP *** [4c Kd 7c]
9fccf6d5: bets $0.53
8f618bbf: folds
Uncalled bet ($0.53) returned to 9fccf6d5
*** SHOWDOWN ***
9fccf6d5 collected $0.72 from pot
*** SUMMARY ***
Total pot $0.75 | Rake $0.03 | Jackpot $0 | Bingo $0 | Fortune $0 | Tax $0
Board [4c Kd 7c]
Seat 1: 9fccf6d5 won ($0.72)
Seat 2: 4e942ef0 folded before Flop (didn't bet)
Seat 3: 349d3705 folded before Flop (didn't bet)
Seat 4: 8f618bbf (button) folded on the Flop
Seat 5: e864bcd5 (small blind) folded before Flop
Seat 6: Hero (big blind) folded before Flop


Poker Hand #HD1772211714: Hold'em No Limit ($0.05/$0.1) - 2024/05/14 15:30:14
Table 'NLHRed9' 6-max Seat #3 is the button
Seat 1: 9fccf6d5 ($10.1 in chips)
Seat 2: 4e942ef0 ($10.94 in chips)
Seat 3: 349d3705 ($35.43 in chips)
Seat 4: 8f618bbf ($10 in chips)
Seat 5: e864bcd5 ($11.3 in chips)
Seat 6: Hero ($10 in chips)
8f618bbf: posts small blind $0.05
e864bcd5: posts big blind $0.1
*** HOLE CARDS ***
Dealt to 9fccf6d5 
Dealt to 4e942ef0 
Dealt to 349d3705 
Dealt to 8f618bbf 
Dealt to e864bcd5 
Dealt to Hero [8c Ad]
Hero: folds
9fccf6d5: raises $0.2 to $0.3
4e942ef0: folds
349d3705: raises $0.38 to $0.68
8f618bbf: folds
e864bcd5: folds
9fccf6d5: calls $0.38
*** FLOP *** [3s 7h Kh]
9fccf6d5: checks
349d3705: checks
*** TURN *** [3s 7h Kh] [3d]
9fccf6d5: checks
349d3705: bets $0.5
9fccf6d5: calls $0.5
*** RIVER *** [3s 7h Kh 3d] [Kc]
9fccf6d5: checks
349d3705: checks
9fccf6d5: shows [Ks Qs] (Kings Full over Treys)
349d3705: shows [6c 6d] (Pair of Kings and Pair of Sixes)
*** SHOWDOWN ***
9fccf6d5 collected $2.39 from pot
*** SUMMARY ***
Total pot $2.51 | Rake $0.12 | Jackpot $0 | Bingo $0 | Fortune $0 | Tax $0
Board [3s 7h Kh 3d Kc]
Seat 1: 9fccf6d5 showed [Ks Qs] and won ($2.39) with Kings Full over Treys
Seat 2: 4e942ef0 folded before Flop (didn't bet)
Seat 3: 349d3705 (button) showed [6c 6d] and lost with Pair of Kings and Pair of Sixes
Seat 4: 8f618bbf (small blind) folded before Flop
Seat 5: e864bcd5 (big blind) folded before Flop
Seat 6: Hero folded before Flop (didn't bet)


Poker Hand #HD1772211634: Hold'em No Limit ($0.05/$0.1) - 2024/05/14 15:29:19
Table 'NLHRed9' 6-max Seat #2 is the button
Seat 1: 9fccf6d5 ($10.1 in chips)
Seat 2: 4e942ef0 ($10.94 in chips)
Seat 3: 349d3705 ($35.88 in chips)
Seat 4: 8f618bbf ($10 in chips)
Seat 5: e864bcd5 ($10.8 in chips)
Seat 6: Hero ($10 in chips)
349d3705: posts small blind $0.05
8f618bbf: posts big blind $0.1
*** HOLE CARDS ***
Dealt to 9fccf6d5 
Dealt to 4e942ef0 
Dealt to 349d3705 
Dealt to 8f618bbf 
Dealt to e864bcd5 
Dealt to Hero [Ks Qc]
e864bcd5: raises $0.15 to $0.25
Hero: folds
9fccf6d5: folds
4e942ef0: folds
349d3705: calls $0.2
8f618bbf: folds
*** FLOP *** [Ts 4c Qd]
349d3705: bets $0.2
e864bcd5: raises $0.6 to $0.8
349d3705: folds
Uncalled bet ($0.6) returned to e864bcd5
*** SHOWDOWN ***
e864bcd5 collected $0.95 from pot
*** SUMMARY ***
Total pot $1 | Rake $0.05 | Jackpot $0 | Bingo $0 | Fortune $0 | Tax $0
Board [Ts 4c Qd]
Seat 1: 9fccf6d5 folded before Flop (didn't bet)
Seat 2: 4e942ef0 (button) folded before Flop (didn't bet)
Seat 3: 349d3705 (small blind) folded on the Flop
Seat 4: 8f618bbf (big blind) folded before Flop
Seat 5: e864bcd5 won ($0.95)
Seat 6: Hero folded before Flop (didn't bet)


Poker Hand #HD1772211574: Hold'em No Limit ($0.05/$0.1) - 2024/05/14 15:28:42
Table 'NLHRed9' 6-max Seat #1 is the button
Seat 1: 9fccf6d5 ($10.1 in chips)
Seat 2: 4e942ef0 ($10.99 in chips)
Seat 3: 349d3705 ($35.61 in chips)
Seat 5: e864bcd5 ($10.8 in chips)
Seat 6: Hero ($10 in chips)
4e942ef0: posts small blind $0.05
349d3705: posts big blind $0.1
*** HOLE CARDS ***
Dealt to 9fccf6d5 
Dealt to 4e942ef0 
Dealt to 349d3705 
Dealt to e864bcd5 
Dealt to Hero [Ad Jh]
e864bcd5: folds
Hero: raises $0.14 to $0.24
9fccf6d5: folds
4e942ef0: folds
349d3705: calls $0.14
*** FLOP *** [8c 7c 2s]
349d3705: checks
Hero: checks
*** TURN *** [8c 7c 2s] [Ts]
349d3705: bets $0.18
Hero: folds
Uncalled bet ($0.18) returned to 349d3705
*** SHOWDOWN ***
349d3705 collected $0.51 from pot
*** SUMMARY ***
Total pot $0.53 | Rake $0.02 | Jackpot $0 | Bingo $0 | Fortune $0 | Tax $0
Board [8c 7c 2s Ts]
Seat 1: 9fccf6d5 (button) folded before Flop (didn't bet)
Seat 2: 4e942ef0 (small blind) folded before Flop
Seat 3: 349d3705 (big blind) won ($0.51)
Seat 5: e864bcd5 folded before Flop (didn't bet)
Seat 6: Hero folded on the Turn


Poker Hand #HD1772211526: Hold'em No Limit ($0.05/$0.1) - 2024/05/14 15:28:14
Table 'NLHRed9' 6-max Seat #6 is the button
Seat 1: 9fccf6d5 ($10 in chips)
Seat 2: 4e942ef0 ($11.09 in chips)
Seat 3: 349d3705 ($35.61 in chips)
Seat 5: e864bcd5 ($10.8 in chips)
Seat 6: Hero ($10 in chips)
9fccf6d5: posts small blind $0.05
4e942ef0: posts big blind $0.1
*** HOLE CARDS ***
Dealt to 9fccf6d5 
Dealt to 4e942ef0 
Dealt to 349d3705 
Dealt to e864bcd5 
Dealt to Hero [9c Qs]
349d3705: folds
e864bcd5: folds
Hero: folds
9fccf6d5: raises $0.2 to $0.3
4e942ef0: folds
Uncalled bet ($0.2) returned to 9fccf6d5
*** SHOWDOWN ***
9fccf6d5 collected $0.2 from pot
*** SUMMARY ***
Total pot $0.2 | Rake $0 | Jackpot $0 | Bingo $0 | Fortune $0 | Tax $0
Seat 1: 9fccf6d5 (small blind) collected ($0.2)
Seat 2: 4e942ef0 (big blind) folded before Flop
Seat 3: 349d3705 folded before Flop (didn't bet)
Seat 5: e864bcd5 folded before Flop (didn't bet)
Seat 6: Hero (button) folded before Flop (didn't bet)


Poker Hand #HD1772211499: Hold'em No Limit ($0.05/$0.1) - 2024/05/14 15:27:59
Table 'NLHRed9' 6-max Seat #5 is the button
Seat 1: 9fccf6d5 ($10 in chips)
Seat 2: 4e942ef0 ($11.09 in chips)
Seat 3: 349d3705 ($35.46 in chips)
Seat 5: e864bcd5 ($10.8 in chips)
Seat 6: Hero ($10.05 in chips)
Hero: posts small blind $0.05
9fccf6d5: posts big blind $0.1
*** HOLE CARDS ***
Dealt to 9fccf6d5 
Dealt to 4e942ef0 
Dealt to 349d3705 
Dealt to e864bcd5 
Dealt to Hero [7d 9d]
4e942ef0: folds
349d3705: raises $0.1 to $0.2
e864bcd5: folds
Hero: folds
9fccf6d5: folds
Uncalled bet ($0.1) returned to 349d3705
*** SHOWDOWN ***
349d3705 collected $0.25 from pot
*** SUMMARY ***
Total pot $0.25 | Rake $0 | Jackpot $0 | Bingo $0 | Fortune $0 | Tax $0
Seat 1: 9fccf6d5 (big blind) folded before Flop
Seat 2: 4e942ef0 folded before Flop (didn't bet)
Seat 3: 349d3705 collected ($0.25)
Seat 5: e864bcd5 (button) folded before Flop (didn't bet)
Seat 6: Hero (small blind) folded before Flop


Poker Hand #HD1772211482: Hold'em No Limit ($0.05/$0.1) - 2024/05/14 15:27:47
Table 'NLHRed9' 6-max Seat #3 is the button
Seat 2: 4e942ef0 ($11.09 in chips)
Seat 3: 349d3705 ($35.46 in chips)
Seat 5: e864bcd5 ($10.85 in chips)
Seat 6: Hero ($10 in chips)
e864bcd5: posts small blind $0.05
Hero: posts big blind $0.1
*** HOLE CARDS ***
Dealt to 4e942ef0 
Dealt to 349d3705 
Dealt to e864bcd5 
Dealt to Hero [6s Qh]
4e942ef0: folds
349d3705: folds
e864bcd5: folds
Uncalled bet ($0.05) returned to Hero
*** SHOWDOWN ***
Hero collected $0.1 from pot
*** SUMMARY ***
Total pot $0.1 | Rake $0 | Jackpot $0 | Bingo $0 | Fortune $0 | Tax $0
Seat 2: 4e942ef0 folded before Flop (didn't bet)
Seat 3: 349d3705 (button) folded before Flop (didn't bet)
Seat 5: e864bcd5 (small blind) folded before Flop
Seat 6: Hero (big blind) collected ($0.1)


Poker Hand #HD1772211445: Hold'em No Limit ($0.05/$0.1) - 2024/05/14 15:27:28
Table 'NLHRed9' 6-max Seat #2 is the button
Seat 1: 7dd9f2b5 ($10.15 in chips)
Seat 2: 4e942ef0 ($11.09 in chips)
Seat 3: 349d3705 ($35.36 in chips)
Seat 5: e864bcd5 ($10.95 in chips)
Seat 6: Hero ($10 in chips)
349d3705: posts small blind $0.05
e864bcd5: posts big blind $0.1
*** HOLE CARDS ***
Dealt to 7dd9f2b5 
Dealt to 4e942ef0 
Dealt to 349d3705 
Dealt to e864bcd5 
Dealt to Hero [6h 5s]
Hero: folds
7dd9f2b5: folds
4e942ef0: folds
349d3705: raises $0.1 to $0.2
e864bcd5: folds
Uncalled bet ($0.1) returned to 349d3705
*** SHOWDOWN ***
349d3705 collected $0.2 from pot
*** SUMMARY ***
Total pot $0.2 | Rake $0 | Jackpot $0 | Bingo $0 | Fortune $0 | Tax $0
Seat 1: 7dd9f2b5 folded before Flop (didn't bet)
Seat 2: 4e942ef0 (button) folded before Flop (didn't bet)
Seat 3: 349d3705 (small blind) collected ($0.2)
Seat 5: e864bcd5 (big blind) folded before Flop
Seat 6: Hero folded before Flop (didn't bet)


Poker Hand #HD1772211406: Hold'em No Limit ($0.05/$0.1) - 2024/05/14 15:27:04
Table 'NLHRed9' 6-max Seat #1 is the button
Seat 1: 7dd9f2b5 ($10 in chips)
Seat 2: 4e942ef0 ($11.14 in chips)
Seat 3: 349d3705 ($35.46 in chips)
Seat 4: 4030207 ($10.27 in chips)
Seat 5: e864bcd5 ($10.95 in chips)
Seat 6: Hero ($10 in chips)
4e942ef0: posts small blind $0.05
349d3705: posts big blind $0.1
*** HOLE CARDS ***
Dealt to 7dd9f2b5 
Dealt to 4e942ef0 
Dealt to 349d3705 
Dealt to 4030207 
Dealt to e864bcd5 
Dealt to Hero [8d 5d]
4030207: folds
e864bcd5: folds
Hero: folds
7dd9f2b5: raises $0.1 to $0.2
4e942ef0: folds
349d3705: folds
Uncalled bet ($0.1) returned to 7dd9f2b5
*** SHOWDOWN ***
7dd9f2b5 collected $0.25 from pot
*** SUMMARY ***
Total pot $0.25 | Rake $0 | Jackpot $0 | Bingo $0 | Fortune $0 | Tax $0
Seat 1: 7dd9f2b5 (button) collected ($0.25)
Seat 2: 4e942ef0 (small blind) folded before Flop
Seat 3: 349d3705 (big blind) folded before Flop
Seat 4: 4030207 folded before Flop (didn't bet)
Seat 5: e864bcd5 folded before Flop (didn't bet)
Seat 6: Hero folded before Flop (didn't bet)


Poker Hand #HD1772211286: Hold'em No Limit ($0.05/$0.1) - 2024/05/14 15:25:53
Table 'NLHRed9' 6-max Seat #6 is the button
Seat 1: 7dd9f2b5 ($10 in chips)
Seat 2: 4e942ef0 ($11.24 in chips)
Seat 3: 349d3705 ($32.96 in chips)
Seat 4: 4030207 ($10.27 in chips)
Seat 5: e864bcd5 ($10.95 in chips)
Seat 6: Hero ($10.2 in chips)
7dd9f2b5: posts small blind $0.05
4e942ef0: posts big blind $0.1
*** HOLE CARDS ***
Dealt to 7dd9f2b5 
Dealt to 4e942ef0 
Dealt to 349d3705 
Dealt to 4030207 
Dealt to e864bcd5 
Dealt to Hero [5h 5d]
349d3705: calls $0.1
4030207: folds
e864bcd5: folds
Hero: raises $0.24 to $0.34
7dd9f2b5: folds
4e942ef0: folds
349d3705: raises $0.28 to $0.62
Hero: calls $0.28
*** FLOP *** [7s 2c 4h]
349d3705: checks
Hero: checks
*** TURN *** [7s 2c 4h] [8d]
349d3705: bets $0.7
Hero: calls $0.7
*** RIVER *** [7s 2c 4h 8d] [7h]
349d3705: bets $1.4
Hero: calls $1.4
349d3705: shows [As Ah] (Pair of Aces and Pair of Sevens)
Hero: shows [5h 5d] (Pair of Sevens and Pair of Fives)
*** SHOWDOWN ***
349d3705 collected $5.22 from pot
*** SUMMARY ***
Total pot $5.59 | Rake $0.27 | Jackpot $0.1 | Bingo $0 | Fortune $0 | Tax $0
Board [7s 2c 4h 8d 7h]
Seat 1: 7dd9f2b5 (small blind) folded before Flop
Seat 2: 4e942ef0 (big blind) folded before Flop
Seat 3: 349d3705 showed [As Ah] and won ($5.22) with Pair of Aces and Pair of Sevens
Seat 4: 4030207 folded before Flop (didn't bet)
Seat 5: e864bcd5 folded before Flop (didn't bet)
Seat 6: Hero (button) showed [5h 5d] and lost with Pair of Sevens and Pair of Fives


Poker Hand #HD1772211246: Hold'em No Limit ($0.05/$0.1) - 2024/05/14 15:25:29
Table 'NLHRed9' 6-max Seat #5 is the button
Seat 1: 7dd9f2b5 ($10 in chips)
Seat 2: 4e942ef0 ($11.24 in chips)
Seat 3: 349d3705 ($32.81 in chips)
Seat 4: 4030207 ($10.27 in chips)
Seat 5: e864bcd5 ($10.95 in chips)
Seat 6: Hero ($10.25 in chips)
Hero: posts small blind $0.05
7dd9f2b5: posts big blind $0.1
*** HOLE CARDS ***
Dealt to 7dd9f2b5 
Dealt to 4e942ef0 
Dealt to 349d3705 
Dealt to 4030207 
Dealt to e864bcd5 
Dealt to Hero [6h Jc]
4e942ef0: folds
349d3705: raises $0.1 to $0.2
4030207: folds
e864bcd5: folds
Hero: folds
7dd9f2b5: folds
Uncalled bet ($0.1) returned to 349d3705
*** SHOWDOWN ***
349d3705 collected $0.25 from pot
*** SUMMARY ***
Total pot $0.25 | Rake $0 | Jackpot $0 | Bingo $0 | Fortune $0 | Tax $0
Seat 1: 7dd9f2b5 (big blind) folded before Flop
Seat 2: 4e942ef0 folded before Flop (didn't bet)
Seat 3: 349d3705 collected ($0.25)
Seat 4: 4030207 folded before Flop (didn't bet)
Seat 5: e864bcd5 (button) folded before Flop (didn't bet)
Seat 6: Hero (small blind) folded before Flop


Poker Hand #HD1772211218: Hold'em No Limit ($0.05/$0.1) - 2024/05/14 15:25:09
Table 'NLHRed9' 6-max Seat #4 is the button
Seat 1: 7dd9f2b5 ($10 in chips)
Seat 2: 4e942ef0 ($11.24 in chips)
Seat 3: 349d3705 ($32.81 in chips)
Seat 4: 4030207 ($10.27 in chips)
Seat 5: e864bcd5 ($10.85 in chips)
Seat 6: Hero ($10.35 in chips)
e864bcd5: posts small blind $0.05
Hero: posts big blind $0.1
*** HOLE CARDS ***
Dealt to 7dd9f2b5 
Dealt to 4e942ef0 
Dealt to 349d3705 
Dealt to 4030207 
Dealt to e864bcd5 
Dealt to Hero [Td 3h]
7dd9f2b5: folds
4e942ef0: folds
349d3705: folds
4030207: folds
e864bcd5: raises $0.2 to $0.3
Hero: folds
Uncalled bet ($0.2) returned to e864bcd5
*** SHOWDOWN ***
e864bcd5 collected $0.2 from pot
*** SUMMARY ***
Total pot $0.2 | Rake $0 | Jackpot $0 | Bingo $0 | Fortune $0 | Tax $0
Seat 1: 7dd9f2b5 folded before Flop (didn't bet)
Seat 2: 4e942ef0 folded before Flop (didn't bet)
Seat 3: 349d3705 folded before Flop (didn't bet)
Seat 4: 4030207 (button) folded before Flop (didn't bet)
Seat 5: e864bcd5 (small blind) collected ($0.2)
Seat 6: Hero (big blind) folded before Flop


Poker Hand #HD1772211098: Hold'em No Limit ($0.05/$0.1) - 2024/05/14 15:23:53
Table 'NLHRed9' 6-max Seat #3 is the button
Seat 1: 7dd9f2b5 ($10 in chips)
Seat 2: 4e942ef0 ($15.83 in chips)
Seat 3: 349d3705 ($28.63 in chips)
Seat 4: 4030207 ($10.32 in chips)
Seat 5: e864bcd5 ($10.95 in chips)
Seat 6: Hero ($10.35 in chips)
4030207: posts small blind $0.05
e864bcd5: posts big blind $0.1
*** HOLE CARDS ***
Dealt to 7dd9f2b5 
Dealt to 4e942ef0 
Dealt to 349d3705 
Dealt to 4030207 
Dealt to e864bcd5 
Dealt to Hero [Jd 2s]
Hero: folds
7dd9f2b5: folds
4e942ef0: raises $0.1 to $0.2
349d3705: raises $0.19 to $0.39
4030207: folds
e864bcd5: folds
4e942ef0: calls $0.19
*** FLOP *** [2h Tc Qs]
4e942ef0: checks
349d3705: checks
*** TURN *** [2h Tc Qs] [Js]
4e942ef0: bets $0.47
349d3705: raises $0.62 to $1.09
4e942ef0: calls $0.62
*** RIVER *** [2h Tc Qs Js] [3s]
4e942ef0: checks
349d3705: bets $3.11
4e942ef0: calls $3.11
349d3705: shows [Kh Ac] (Aces-High Straight)
4e942ef0: shows [Ts Qc] (Pair of Queens and Pair of Tens)
*** SHOWDOWN ***
349d3705 collected $8.77 from pot
*** SUMMARY ***
Total pot $9.33 | Rake $0.46 | Jackpot $0.1 | Bingo $0 | Fortune $0 | Tax $0
Board [2h Tc Qs Js 3s]
Seat 1: 7dd9f2b5 folded before Flop (didn't bet)
Seat 2: 4e942ef0 showed [Ts Qc] and lost with Pair of Queens and Pair of Tens
Seat 3: 349d3705 (button) showed [Kh Ac] and won ($8.77) with Aces-High Straight
Seat 4: 4030207 (small blind) folded before Flop
Seat 5: e864bcd5 (big blind) folded before Flop
Seat 6: Hero folded before Flop (didn't bet)


Poker Hand #HD1772211004: Hold'em No Limit ($0.05/$0.1) - 2024/05/14 15:23:00
Table 'NLHRed9' 6-max Seat #2 is the button
Seat 1: 7dd9f2b5 ($10 in chips)
Seat 2: 4e942ef0 ($16.08 in chips)
Seat 3: 349d3705 ($28.31 in chips)
Seat 4: 4030207 ($10.42 in chips)
Seat 5: e864bcd5 ($10.95 in chips)
Seat 6: Hero ($10.35 in chips)
349d3705: posts small blind $0.05
4030207: posts big blind $0.1
*** HOLE CARDS ***
Dealt to 7dd9f2b5 
Dealt to 4e942ef0 
Dealt to 349d3705 
Dealt to 4030207 
Dealt to e864bcd5 
Dealt to Hero [4d Ks]
e864bcd5: folds
Hero: folds
7dd9f2b5: folds
4e942ef0: raises $0.15 to $0.25
349d3705: calls $0.2
4030207: folds
*** FLOP *** [6s 9d 7h]
349d3705: checks
4e942ef0: checks
*** TURN *** [6s 9d 7h] [2h]
349d3705: bets $0.45
4e942ef0: folds
Uncalled bet ($0.45) returned to 349d3705
*** SHOWDOWN ***
349d3705 collected $0.57 from pot
*** SUMMARY ***
Total pot $0.6 | Rake $0.03 | Jackpot $0 | Bingo $0 | Fortune $0 | Tax $0
Board [6s 9d 7h 2h]
Seat 1: 7dd9f2b5 folded before Flop (didn't bet)
Seat 2: 4e942ef0 (button) folded on the Turn
Seat 3: 349d3705 (small blind) won ($0.57)
Seat 4: 4030207 (big blind) folded before Flop
Seat 5: e864bcd5 folded before Flop (didn't bet)
Seat 6: Hero folded before Flop (didn't bet)


Poker Hand #HD1772210977: Hold'em No Limit ($0.05/$0.1) - 2024/05/14 15:22:39
Table 'NLHRed9' 6-max Seat #1 is the button
Seat 1: 7dd9f2b5 ($10 in chips)
Seat 2: 4e942ef0 ($16.13 in chips)
Seat 3: 349d3705 ($28.41 in chips)
Seat 4: 4030207 ($10.65 in chips)
Seat 5: e864bcd5 ($10.95 in chips)
Seat 6: Hero ($10 in chips)
4e942ef0: posts small blind $0.05
349d3705: posts big blind $0.1
*** HOLE CARDS ***
Dealt to 7dd9f2b5 
Dealt to 4e942ef0 
Dealt to 349d3705 
Dealt to 4030207 
Dealt to e864bcd5 
Dealt to Hero [Ad Ah]
4030207: raises $0.13 to $0.23
e864bcd5: folds
Hero: raises $0.57 to $0.8
7dd9f2b5: folds
4e942ef0: folds
349d3705: folds
4030207: folds
Uncalled bet ($0.57) returned to Hero
*** SHOWDOWN ***
Hero collected $0.58 from pot
*** SUMMARY ***
Total pot $0.61 | Rake $0.03 | Jackpot $0 | Bingo $0 | Fortune $0 | Tax $0
Seat 1: 7dd9f2b5 (button) folded before Flop (didn't bet)
Seat 2: 4e942ef0 (small blind) folded before Flop
Seat 3: 349d3705 (big blind) folded before Flop
Seat 4: 4030207 folded before Flop
Seat 5: e864bcd5 folded before Flop (didn't bet)
Seat 6: Hero collected ($0.58)


Poker Hand #HD1772210909: Hold'em No Limit ($0.05/$0.1) - 2024/05/14 15:21:52
Table 'NLHRed9' 6-max Seat #6 is the button
Seat 1: 7dd9f2b5 ($10 in chips)
Seat 2: 4e942ef0 ($16.53 in chips)
Seat 3: 349d3705 ($28 in chips)
Seat 4: 4030207 ($10.65 in chips)
Seat 5: e864bcd5 ($10.95 in chips)
Seat 6: Hero ($10 in chips)
7dd9f2b5: posts small blind $0.05
4e942ef0: posts big blind $0.1
*** HOLE CARDS ***
Dealt to 7dd9f2b5 
Dealt to 4e942ef0 
Dealt to 349d3705 
Dealt to 4030207 
Dealt to e864bcd5 
Dealt to Hero [Jc 2s]
349d3705: calls $0.1
4030207: folds
e864bcd5: folds
Hero: folds
7dd9f2b5: folds
4e942ef0: checks
*** FLOP *** [9s 8c 2h]
4e942ef0: checks
349d3705: bets $0.13
4e942ef0: calls $0.13
*** TURN *** [9s 8c 2h] [6c]
4e942ef0: checks
349d3705: bets $0.17
4e942ef0: calls $0.17
*** RIVER *** [9s 8c 2h 6c] [3s]
4e942ef0: checks
349d3705: bets $0.43
4e942ef0: folds
Uncalled bet ($0.43) returned to 349d3705
*** SHOWDOWN ***
349d3705 collected $0.81 from pot
*** SUMMARY ***
Total pot $0.85 | Rake $0.04 | Jackpot $0 | Bingo $0 | Fortune $0 | Tax $0
Board [9s 8c 2h 6c 3s]
Seat 1: 7dd9f2b5 (small blind) folded before Flop
Seat 2: 4e942ef0 (big blind) folded on the River
Seat 3: 349d3705 won ($0.81)
Seat 4: 4030207 folded before Flop (didn't bet)
Seat 5: e864bcd5 folded before Flop (didn't bet)
Seat 6: Hero (button) folded before Flop (didn't bet)


Poker Hand #HD1772210867: Hold'em No Limit ($0.05/$0.1) - 2024/05/14 15:21:27
Table 'NLHRed9' 6-max Seat #5 is the button
Seat 1: 7dd9f2b5 ($10 in chips)
Seat 2: 4e942ef0 ($16.53 in chips)
Seat 3: 349d3705 ($28 in chips)
Seat 4: 4030207 ($10.5 in chips)
Seat 5: e864bcd5 ($10.95 in chips)
Seat 6: Hero ($10 in chips)
Hero: posts small blind $0.05
7dd9f2b5: posts big blind $0.1
*** HOLE CARDS ***
Dealt to 7dd9f2b5 
Dealt to 4e942ef0 
Dealt to 349d3705 
Dealt to 4030207 
Dealt to e864bcd5 
Dealt to Hero [5s 2h]
4e942ef0: folds
349d3705: folds
4030207: raises $0.13 to $0.23
e864bcd5: folds
Hero: folds
7dd9f2b5: folds
Uncalled bet ($0.13) returned to 4030207
*** SHOWDOWN ***
4030207 collected $0.25 from pot
*** SUMMARY ***
Total pot $0.25 | Rake $0 | Jackpot $0 | Bingo $0 | Fortune $0 | Tax $0
Seat 1: 7dd9f2b5 (big blind) folded before Flop
Seat 2: 4e942ef0 folded before Flop (didn't bet)
Seat 3: 349d3705 folded before Flop (didn't bet)
Seat 4: 4030207 collected ($0.25)
Seat 5: e864bcd5 (button) folded before Flop (didn't bet)
Seat 6: Hero (small blind) folded before Flop


Poker Hand #HD1772210840: Hold'em No Limit ($0.05/$0.1) - 2024/05/14 15:21:10
Table 'NLHRed9' 6-max Seat #4 is the button
Seat 1: 7dd9f2b5 ($10 in chips)
Seat 2: 4e942ef0 ($16.38 in chips)
Seat 3: 349d3705 ($28 in chips)
Seat 4: 4030207 ($10.5 in chips)
Seat 5: e864bcd5 ($11 in chips)
Seat 6: Hero ($10 in chips)
e864bcd5: posts small blind $0.05
Hero: posts big blind $0.1
*** HOLE CARDS ***
Dealt to 7dd9f2b5 
Dealt to 4e942ef0 
Dealt to 349d3705 
Dealt to 4030207 
Dealt to e864bcd5 
Dealt to Hero [5h 8d]
7dd9f2b5: folds
4e942ef0: raises $0.1 to $0.2
349d3705: folds
4030207: folds
e864bcd5: folds
Hero: folds
Uncalled bet ($0.1) returned to 4e942ef0
*** SHOWDOWN ***
4e942ef0 collected $0.25 from pot
*** SUMMARY ***
Total pot $0.25 | Rake $0 | Jackpot $0 | Bingo $0 | Fortune $0 | Tax $0
Seat 1: 7dd9f2b5 folded before Flop (didn't bet)
Seat 2: 4e942ef0 collected ($0.25)
Seat 3: 349d3705 folded before Flop (didn't bet)
Seat 4: 4030207 (button) folded before Flop (didn't bet)
Seat 5: e864bcd5 (small blind) folded before Flop
Seat 6: Hero (big blind) folded before Flop


Poker Hand #HD1772210804: Hold'em No Limit ($0.05/$0.1) - 2024/05/14 15:20:51
Table 'NLHRed9' 6-max Seat #3 is the button
Seat 1: 7dd9f2b5 ($10 in chips)
Seat 2: 4e942ef0 ($16.38 in chips)
Seat 3: 349d3705 ($28 in chips)
Seat 4: 4030207 ($10.55 in chips)
Seat 5: e864bcd5 ($10.95 in chips)
Seat 6: Hero ($10 in chips)
4030207: posts small blind $0.05
e864bcd5: posts big blind $0.1
*** HOLE CARDS ***
Dealt to 7dd9f2b5 
Dealt to 4e942ef0 
Dealt to 349d3705 
Dealt to 4030207 
Dealt to e864bcd5 
Dealt to Hero [5s Qs]
Hero: folds
7dd9f2b5: folds
4e942ef0: folds
349d3705: folds
4030207: folds
Uncalled bet ($0.05) returned to e864bcd5
*** SHOWDOWN ***
e864bcd5 collected $0.1 from pot
*** SUMMARY ***
Total pot $0.1 | Rake $0 | Jackpot $0 | Bingo $0 | Fortune $0 | Tax $0
Seat 1: 7dd9f2b5 folded before Flop (didn't bet)
Seat 2: 4e942ef0 folded before Flop (didn't bet)
Seat 3: 349d3705 (button) folded before Flop (didn't bet)
Seat 4: 4030207 (small blind) folded before Flop
Seat 5: e864bcd5 (big blind) collected ($0.1)
Seat 6: Hero folded before Flop (didn't bet)


Poker Hand #HD1772210700: Hold'em No Limit ($0.05/$0.1) - 2024/05/14 15:19:44
Table 'NLHRed9' 6-max Seat #2 is the button
Seat 1: 7dd9f2b5 ($10 in chips)
Seat 2: 4e942ef0 ($16.38 in chips)
Seat 3: 349d3705 ($28.05 in chips)
Seat 4: 4030207 ($10 in chips)
Seat 5: e864bcd5 ($11.5 in chips)
Seat 6: Hero ($10 in chips)
349d3705: posts small blind $0.05
4030207: posts big blind $0.1
*** HOLE CARDS ***
Dealt to 7dd9f2b5 
Dealt to 4e942ef0 
Dealt to 349d3705 
Dealt to 4030207 
Dealt to e864bcd5 
Dealt to Hero [8s 4c]
e864bcd5: raises $0.15 to $0.25
Hero: folds
7dd9f2b5: folds
4e942ef0: folds
349d3705: folds
4030207: calls $0.15
*** FLOP *** [6s Jh 7s]
4030207: checks
e864bcd5: bets $0.3
4030207: calls $0.3
*** TURN *** [6s Jh 7s] [Tc]
4030207: checks
e864bcd5: checks
*** RIVER *** [6s Jh 7s Tc] [Td]
4030207: bets $0.53
e864bcd5: folds
Uncalled bet ($0.53) returned to 4030207
*** SHOWDOWN ***
4030207 collected $1.1 from pot
*** SUMMARY ***
Total pot $1.15 | Rake $0.05 | Jackpot $0 | Bingo $0 | Fortune $0 | Tax $0
Board [6s Jh 7s Tc Td]
Seat 1: 7dd9f2b5 folded before Flop (didn't bet)
Seat 2: 4e942ef0 (button) folded before Flop (didn't bet)
Seat 3: 349d3705 (small blind) folded before Flop
Seat 4: 4030207 (big blind) won ($1.1)
Seat 5: e864bcd5 folded on the River
Seat 6: Hero folded before Flop (didn't bet)


Poker Hand #HD1772210593: Hold'em No Limit ($0.05/$0.1) - 2024/05/14 15:18:42
Table 'NLHRed9' 6-max Seat #1 is the button
Seat 1: 7dd9f2b5 ($10.1 in chips)
Seat 2: 4e942ef0 ($14.59 in chips)
Seat 3: 349d3705 ($29.88 in chips)
Seat 4: 4030207 ($10 in chips)
Seat 5: e864bcd5 ($11.5 in chips)
Seat 6: Hero ($10 in chips)
4e942ef0: posts small blind $0.05
349d3705: posts big blind $0.1
*** HOLE CARDS ***
Dealt to 7dd9f2b5 
Dealt to 4e942ef0 
Dealt to 349d3705 
Dealt to 4030207 
Dealt to e864bcd5 
Dealt to Hero [7h Jc]
4030207: folds
e864bcd5: folds
Hero: folds
7dd9f2b5: raises $0.15 to $0.25
4e942ef0: raises $0.6 to $0.85
349d3705: calls $0.75
7dd9f2b5: folds
*** FLOP *** [Jd 5c 6c]
4e942ef0: bets $0.98
349d3705: calls $0.98
*** TURN *** [Jd 5c 6c] [3h]
4e942ef0: bets $2.7
349d3705: folds
Uncalled bet ($2.7) returned to 4e942ef0
*** SHOWDOWN ***
4e942ef0 collected $3.62 from pot
*** SUMMARY ***
Total pot $3.91 | Rake $0.19 | Jackpot $0.1 | Bingo $0 | Fortune $0 | Tax $0
Board [Jd 5c 6c 3h]
Seat 1: 7dd9f2b5 (button) folded before Flop
Seat 2: 4e942ef0 (small blind) won ($3.62)
Seat 3: 349d3705 (big blind) folded on the Turn
Seat 4: 4030207 folded before Flop (didn't bet)
Seat 5: e864bcd5 folded before Flop (didn't bet)
Seat 6: Hero folded before Flop (didn't bet)


Poker Hand #HD1772210554: Hold'em No Limit ($0.05/$0.1) - 2024/05/14 15:18:23
Table 'NLHRed9' 6-max Seat #6 is the button
Seat 1: 7dd9f2b5 ($10 in chips)
Seat 2: 4e942ef0 ($14.69 in chips)
Seat 3: 349d3705 ($29.88 in chips)
Seat 4: 4030207 ($10 in chips)
Seat 5: e864bcd5 ($11.5 in chips)
Seat 6: Hero ($10 in chips)
7dd9f2b5: posts small blind $0.05
4e942ef0: posts big blind $0.1
*** HOLE CARDS ***
Dealt to 7dd9f2b5 
Dealt to 4e942ef0 
Dealt to 349d3705 
Dealt to 4030207 
Dealt to e864bcd5 
Dealt to Hero [Th 5c]
349d3705: folds
4030207: folds
e864bcd5: folds
Hero: folds
7dd9f2b5: raises $0.2 to $0.3
4e942ef0: folds
Uncalled bet ($0.2) returned to 7dd9f2b5
*** SHOWDOWN ***
7dd9f2b5 collected $0.2 from pot
*** SUMMARY ***
Total pot $0.2 | Rake $0 | Jackpot $0 | Bingo $0 | Fortune $0 | Tax $0
Seat 1: 7dd9f2b5 (small blind) collected ($0.2)
Seat 2: 4e942ef0 (big blind) folded before Flop
Seat 3: 349d3705 folded before Flop (didn't bet)
Seat 4: 4030207 folded before Flop (didn't bet)
Seat 5: e864bcd5 folded before Flop (didn't bet)
Seat 6: Hero (button) folded before Flop (didn't bet)


Poker Hand #HD1772210448: Hold'em No Limit ($0.05/$0.1) - 2024/05/14 15:17:19
Table 'NLHRed9' 6-max Seat #5 is the button
Seat 1: 7dd9f2b5 ($10 in chips)
Seat 2: 4e942ef0 ($14.69 in chips)
Seat 3: 349d3705 ($29.98 in chips)
Seat 4: 4030207 ($10 in chips)
Seat 5: e864bcd5 ($10.45 in chips)
Seat 6: Hero ($10.05 in chips)
Hero: posts small blind $0.05
7dd9f2b5: posts big blind $0.1
*** HOLE CARDS ***
Dealt to 7dd9f2b5 
Dealt to 4e942ef0 
Dealt to 349d3705 
Dealt to 4030207 
Dealt to e864bcd5 
Dealt to Hero [7s 3d]
4e942ef0: folds
349d3705: calls $0.1
4030207: raises $0.3 to $0.4
e864bcd5: raises $0.5 to $0.9
Hero: folds
7dd9f2b5: folds
349d3705: folds
4030207: calls $0.5
*** FLOP *** [Jh Kd 2h]
4030207: checks
e864bcd5: bets $0.66
4030207: folds
Uncalled bet ($0.66) returned to e864bcd5
*** SHOWDOWN ***
e864bcd5 collected $1.95 from pot
*** SUMMARY ***
Total pot $2.05 | Rake $0.1 | Jackpot $0 | Bingo $0 | Fortune $0 | Tax $0
Board [Jh Kd 2h]
Seat 1: 7dd9f2b5 (big blind) folded before Flop
Seat 2: 4e942ef0 folded before Flop (didn't bet)
Seat 3: 349d3705 folded before Flop
Seat 4: 4030207 folded on the Flop
Seat 5: e864bcd5 (button) won ($1.95)
Seat 6: Hero (small blind) folded before Flop


Poker Hand #HD1772210431: Hold'em No Limit ($0.05/$0.1) - 2024/05/14 15:17:08
Table 'NLHRed9' 6-max Seat #4 is the button
Seat 2: 4e942ef0 ($14.69 in chips)
Seat 3: 349d3705 ($29.98 in chips)
Seat 4: 4030207 ($10 in chips)
Seat 5: e864bcd5 ($10.5 in chips)
Seat 6: Hero ($10 in chips)
e864bcd5: posts small blind $0.05
Hero: posts big blind $0.1
*** HOLE CARDS ***
Dealt to 4e942ef0 
Dealt to 349d3705 
Dealt to 4030207 
Dealt to e864bcd5 
Dealt to Hero [Ac 7d]
4e942ef0: folds
349d3705: folds
4030207: folds
e864bcd5: folds
Uncalled bet ($0.05) returned to Hero
*** SHOWDOWN ***
Hero collected $0.1 from pot
*** SUMMARY ***
Total pot $0.1 | Rake $0 | Jackpot $0 | Bingo $0 | Fortune $0 | Tax $0
Seat 2: 4e942ef0 folded before Flop (didn't bet)
Seat 3: 349d3705 folded before Flop (didn't bet)
Seat 4: 4030207 (button) folded before Flop (didn't bet)
Seat 5: e864bcd5 (small blind) folded before Flop
Seat 6: Hero (big blind) collected ($0.1)


