Poker Hand #HD1753979294: Hold'em No Limit ($0.05/$0.1) - 2024/05/01 11:56:15
Table 'NLHRed8' 6-max Seat #1 is the button
Seat 1: 629cbe74 ($10 in chips)
Seat 2: 842868d8 ($7.84 in chips)
Seat 3: Hero ($11.38 in chips)
Seat 4: af6e4e3c ($17.56 in chips)
Seat 5: 3e5834f8 ($13.17 in chips)
Seat 6: c674fed5 ($11.8 in chips)
842868d8: posts small blind $0.05
Hero: posts big blind $0.1
*** HOLE CARDS ***
Dealt to 629cbe74 
Dealt to 842868d8 
Dealt to Hero [Qc 6s]
Dealt to af6e4e3c 
Dealt to 3e5834f8 
Dealt to c674fed5 
af6e4e3c: raises $0.2 to $0.3
3e5834f8: folds
c674fed5: folds
629cbe74: folds
842868d8: raises $0.53 to $0.83
Hero: folds
af6e4e3c: calls $0.53
*** FLOP *** [3h Ts Qh]
842868d8: bets $1.32
af6e4e3c: calls $1.32
*** TURN *** [3h Ts Qh] [Ks]
842868d8: bets $2.2
af6e4e3c: folds
Uncalled bet ($2.2) returned to 842868d8
*** SHOWDOWN ***
842868d8 collected $4.09 from pot
*** SUMMARY ***
Total pot $4.4 | Rake $0.21 | Jackpot $0.1 | Bingo $0 | Fortune $0 | Tax $0
Board [3h Ts Qh Ks]
Seat 1: 629cbe74 (button) folded before Flop (didn't bet)
Seat 2: 842868d8 (small blind) won ($4.09)
Seat 3: Hero (big blind) folded before Flop
Seat 4: af6e4e3c folded on the Turn
Seat 5: 3e5834f8 folded before Flop (didn't bet)
Seat 6: c674fed5 folded before Flop (didn't bet)


Poker Hand #HD1753979177: Hold'em No Limit ($0.05/$0.1) - 2024/05/01 11:55:18
Table 'NLHRed8' 6-max Seat #6 is the button
Seat 1: 629cbe74 ($10 in chips)
Seat 2: 842868d8 ($10.05 in chips)
Seat 3: Hero ($11.38 in chips)
Seat 4: af6e4e3c ($17.56 in chips)
Seat 5: 3e5834f8 ($13.17 in chips)
Seat 6: c674fed5 ($9.85 in chips)
629cbe74: posts small blind $0.05
842868d8: posts big blind $0.1
*** HOLE CARDS ***
Dealt to 629cbe74 
Dealt to 842868d8 
Dealt to Hero [9h Td]
Dealt to af6e4e3c 
Dealt to 3e5834f8 
Dealt to c674fed5 
Hero: folds
af6e4e3c: folds
3e5834f8: folds
c674fed5: raises $0.15 to $0.25
629cbe74: folds
842868d8: calls $0.15
*** FLOP *** [Kh 5d 7c]
842868d8: bets $0.28
c674fed5: calls $0.28
*** TURN *** [Kh 5d 7c] [4s]
842868d8: bets $0.56
c674fed5: calls $0.56
*** RIVER *** [Kh 5d 7c 4s] [Qd]
842868d8: bets $1.12
c674fed5: calls $1.12
842868d8: shows [Kd Jc] (Pair of Kings)
c674fed5: shows [Kc Qc] (Pair of Kings and Pair of Queens)
*** SHOWDOWN ***
c674fed5 collected $4.16 from pot
*** SUMMARY ***
Total pot $4.47 | Rake $0.21 | Jackpot $0.1 | Bingo $0 | Fortune $0 | Tax $0
Board [Kh 5d 7c 4s Qd]
Seat 1: 629cbe74 (small blind) folded before Flop
Seat 2: 842868d8 (big blind) showed [Kd Jc] and lost with Pair of Kings
Seat 3: Hero folded before Flop (didn't bet)
Seat 4: af6e4e3c folded before Flop (didn't bet)
Seat 5: 3e5834f8 folded before Flop (didn't bet)
Seat 6: c674fed5 (button) showed [Kc Qc] and won ($4.16) with Pair of Kings and Pair of Queens


Poker Hand #HD1753979110: Hold'em No Limit ($0.05/$0.1) - 2024/05/01 11:54:48
Table 'NLHRed8' 6-max Seat #5 is the button
Seat 1: 629cbe74 ($10 in chips)
Seat 2: 842868d8 ($10.05 in chips)
Seat 3: Hero ($11.58 in chips)
Seat 4: af6e4e3c ($17.56 in chips)
Seat 5: 3e5834f8 ($12.84 in chips)
Seat 6: c674fed5 ($9.9 in chips)
c674fed5: posts small blind $0.05
629cbe74: posts big blind $0.1
*** HOLE CARDS ***
Dealt to 629cbe74 
Dealt to 842868d8 
Dealt to Hero [Ks Th]
Dealt to af6e4e3c 
Dealt to 3e5834f8 
Dealt to c674fed5 
842868d8: folds
Hero: raises $0.1 to $0.2
af6e4e3c: folds
3e5834f8: raises $0.8 to $1
c674fed5: folds
629cbe74: folds
Hero: folds
Uncalled bet ($0.8) returned to 3e5834f8
*** SHOWDOWN ***
3e5834f8 collected $0.53 from pot
*** SUMMARY ***
Total pot $0.55 | Rake $0.02 | Jackpot $0 | Bingo $0 | Fortune $0 | Tax $0
Seat 1: 629cbe74 (big blind) folded before Flop
Seat 2: 842868d8 folded before Flop (didn't bet)
Seat 3: Hero folded before Flop
Seat 4: af6e4e3c folded before Flop (didn't bet)
Seat 5: 3e5834f8 (button) collected ($0.53)
Seat 6: c674fed5 (small blind) folded before Flop


Poker Hand #HD1753979056: Hold'em No Limit ($0.05/$0.1) - 2024/05/01 11:54:22
Table 'NLHRed8' 6-max Seat #4 is the button
Seat 1: 629cbe74 ($10 in chips)
Seat 2: 842868d8 ($9.9 in chips)
Seat 3: Hero ($11.58 in chips)
Seat 4: af6e4e3c ($17.56 in chips)
Seat 5: 3e5834f8 ($12.89 in chips)
Seat 6: c674fed5 ($10 in chips)
3e5834f8: posts small blind $0.05
c674fed5: posts big blind $0.1
*** HOLE CARDS ***
Dealt to 629cbe74 
Dealt to 842868d8 
Dealt to Hero [4h 6h]
Dealt to af6e4e3c 
Dealt to 3e5834f8 
Dealt to c674fed5 
629cbe74: folds
842868d8: raises $0.15 to $0.25
Hero: folds
af6e4e3c: folds
3e5834f8: folds
c674fed5: folds
Uncalled bet ($0.15) returned to 842868d8
*** SHOWDOWN ***
842868d8 collected $0.25 from pot
*** SUMMARY ***
Total pot $0.25 | Rake $0 | Jackpot $0 | Bingo $0 | Fortune $0 | Tax $0
Seat 1: 629cbe74 folded before Flop (didn't bet)
Seat 2: 842868d8 collected ($0.25)
Seat 3: Hero folded before Flop (didn't bet)
Seat 4: af6e4e3c (button) folded before Flop (didn't bet)
Seat 5: 3e5834f8 (small blind) folded before Flop
Seat 6: c674fed5 (big blind) folded before Flop


Poker Hand #HD1753978919: Hold'em No Limit ($0.05/$0.1) - 2024/05/01 11:53:16
Table 'NLHRed8' 6-max Seat #3 is the button
Seat 1: 629cbe74 ($11.48 in chips)
Seat 2: 842868d8 ($10 in chips)
Seat 3: Hero ($12.36 in chips)
Seat 4: af6e4e3c ($17.61 in chips)
Seat 5: 3e5834f8 ($10 in chips)
af6e4e3c: posts small blind $0.05
3e5834f8: posts big blind $0.1
842868d8: posts big blind $0.1
*** HOLE CARDS ***
Dealt to 629cbe74 
Dealt to 842868d8 
Dealt to Hero [9c Tc]
Dealt to af6e4e3c 
Dealt to 3e5834f8 
629cbe74: raises $0.18 to $0.28
842868d8: folds
Hero: calls $0.28
af6e4e3c: folds
3e5834f8: calls $0.18
*** FLOP *** [9s Jh 5s]
3e5834f8: checks
629cbe74: bets $0.5
Hero: calls $0.5
3e5834f8: calls $0.5
*** TURN *** [9s Jh 5s] [4d]
3e5834f8: checks
629cbe74: bets $1.55
Hero: folds
3e5834f8: calls $1.55
*** RIVER *** [9s Jh 5s 4d] [3c]
3e5834f8: checks
629cbe74: checks
3e5834f8: shows [Jd Ah] (Pair of Jacks)
629cbe74: shows [Qs Ts] (Queen-High)
*** SHOWDOWN ***
3e5834f8 collected $5.22 from pot
*** SUMMARY ***
Total pot $5.59 | Rake $0.27 | Jackpot $0.1 | Bingo $0 | Fortune $0 | Tax $0
Board [9s Jh 5s 4d 3c]
Seat 1: 629cbe74 showed [Qs Ts] and lost with Queen-High
Seat 2: 842868d8 folded before Flop
Seat 3: Hero (button) folded on the Turn
Seat 4: af6e4e3c (small blind) folded before Flop
Seat 5: 3e5834f8 (big blind) showed [Jd Ah] and won ($5.22) with Pair of Jacks


Poker Hand #HD1753978818: Hold'em No Limit ($0.05/$0.1) - 2024/05/01 11:52:32
Table 'NLHRed8' 6-max Seat #1 is the button
Seat 1: 629cbe74 ($11.48 in chips)
Seat 3: Hero ($12.66 in chips)
Seat 4: af6e4e3c ($17.34 in chips)
Seat 5: 3e5834f8 ($10 in chips)
Hero: posts small blind $0.05
af6e4e3c: posts big blind $0.1
*** HOLE CARDS ***
Dealt to 629cbe74 
Dealt to Hero [Jd Qs]
Dealt to af6e4e3c 
Dealt to 3e5834f8 
3e5834f8: folds
629cbe74: folds
Hero: raises $0.2 to $0.3
af6e4e3c: calls $0.2
*** FLOP *** [9h 5s 2c]
Hero: checks
af6e4e3c: checks
*** TURN *** [9h 5s 2c] [Ac]
Hero: checks
af6e4e3c: checks
*** RIVER *** [9h 5s 2c Ac] [5c]
Hero: checks
af6e4e3c: checks
Hero: shows [Jd Qs] (Pair of Fives)
af6e4e3c: shows [Kh 2h] (Pair of Fives and Pair of Twos)
*** SHOWDOWN ***
af6e4e3c collected $0.57 from pot
*** SUMMARY ***
Total pot $0.6 | Rake $0.03 | Jackpot $0 | Bingo $0 | Fortune $0 | Tax $0
Board [9h 5s 2c Ac 5c]
Seat 1: 629cbe74 (button) folded before Flop (didn't bet)
Seat 3: Hero (small blind) showed [Jd Qs] and lost with Pair of Fives
Seat 4: af6e4e3c (big blind) showed [Kh 2h] and won ($0.57) with Pair of Fives and Pair of Twos
Seat 5: 3e5834f8 folded before Flop (didn't bet)


Poker Hand #HD1753978790: Hold'em No Limit ($0.05/$0.1) - 2024/05/01 11:52:20
Table 'NLHRed8' 6-max Seat #5 is the button
Seat 1: 629cbe74 ($11.53 in chips)
Seat 3: Hero ($12.76 in chips)
Seat 4: af6e4e3c ($17.19 in chips)
Seat 5: 3e5834f8 ($10 in chips)
629cbe74: posts small blind $0.05
Hero: posts big blind $0.1
*** HOLE CARDS ***
Dealt to 629cbe74 
Dealt to Hero [8s Jh]
Dealt to af6e4e3c 
Dealt to 3e5834f8 
af6e4e3c: raises $0.2 to $0.3
3e5834f8: folds
629cbe74: folds
Hero: folds
Uncalled bet ($0.2) returned to af6e4e3c
*** SHOWDOWN ***
af6e4e3c collected $0.25 from pot
*** SUMMARY ***
Total pot $0.25 | Rake $0 | Jackpot $0 | Bingo $0 | Fortune $0 | Tax $0
Seat 1: 629cbe74 (small blind) folded before Flop
Seat 3: Hero (big blind) folded before Flop
Seat 4: af6e4e3c collected ($0.25)
Seat 5: 3e5834f8 (button) folded before Flop (didn't bet)


Poker Hand #HD1753978710: Hold'em No Limit ($0.05/$0.1) - 2024/05/01 11:51:44
Table 'NLHRed8' 6-max Seat #4 is the button
Seat 1: 629cbe74 ($10.92 in chips)
Seat 2: 884afe4d ($16.44 in chips)
Seat 3: Hero ($12.76 in chips)
Seat 4: af6e4e3c ($17.49 in chips)
Seat 5: 3e5834f8 ($10 in chips)
3e5834f8: posts small blind $0.05
629cbe74: posts big blind $0.1
*** HOLE CARDS ***
Dealt to 629cbe74 
Dealt to 884afe4d 
Dealt to Hero [Tc 3d]
Dealt to af6e4e3c 
Dealt to 3e5834f8 
884afe4d: raises $0.2 to $0.3
Hero: folds
af6e4e3c: calls $0.3
3e5834f8: folds
629cbe74: raises $0.82 to $1.12
884afe4d: folds
af6e4e3c: folds
Uncalled bet ($0.82) returned to 629cbe74
*** SHOWDOWN ***
629cbe74 collected $0.91 from pot
*** SUMMARY ***
Total pot $0.95 | Rake $0.04 | Jackpot $0 | Bingo $0 | Fortune $0 | Tax $0
Seat 1: 629cbe74 (big blind) collected ($0.91)
Seat 2: 884afe4d folded before Flop
Seat 3: Hero folded before Flop (didn't bet)
Seat 4: af6e4e3c (button) folded before Flop
Seat 5: 3e5834f8 (small blind) folded before Flop


Poker Hand #HD1753978628: Hold'em No Limit ($0.05/$0.1) - 2024/05/01 11:51:00
Table 'NLHRed8' 6-max Seat #3 is the button
Seat 1: 629cbe74 ($10.6 in chips)
Seat 2: 884afe4d ($16.44 in chips)
Seat 3: Hero ($12.76 in chips)
Seat 4: af6e4e3c ($17.54 in chips)
Seat 5: 3e5834f8 ($10 in chips)
Seat 6: e845d6c ($10 in chips)
af6e4e3c: posts small blind $0.05
3e5834f8: posts big blind $0.1
*** HOLE CARDS ***
Dealt to 629cbe74 
Dealt to 884afe4d 
Dealt to Hero [3s Ks]
Dealt to af6e4e3c 
Dealt to 3e5834f8 
Dealt to e845d6c 
e845d6c: folds
629cbe74: calls $0.1
884afe4d: folds
Hero: folds
af6e4e3c: folds
3e5834f8: checks
*** FLOP *** [4h 5d Ah]
3e5834f8: checks
629cbe74: bets $0.2
3e5834f8: calls $0.2
*** TURN *** [4h 5d Ah] [Qs]
3e5834f8: checks
629cbe74: checks
*** RIVER *** [4h 5d Ah Qs] [Qh]
3e5834f8: checks
629cbe74: bets $0.59
3e5834f8: folds
Uncalled bet ($0.59) returned to 629cbe74
*** SHOWDOWN ***
629cbe74 collected $0.62 from pot
*** SUMMARY ***
Total pot $0.65 | Rake $0.03 | Jackpot $0 | Bingo $0 | Fortune $0 | Tax $0
Board [4h 5d Ah Qs Qh]
Seat 1: 629cbe74 won ($0.62)
Seat 2: 884afe4d folded before Flop (didn't bet)
Seat 3: Hero (button) folded before Flop (didn't bet)
Seat 4: af6e4e3c (small blind) folded before Flop
Seat 5: 3e5834f8 (big blind) folded on the River
Seat 6: e845d6c folded before Flop (didn't bet)


Poker Hand #HD1753978543: Hold'em No Limit ($0.05/$0.1) - 2024/05/01 11:50:15
Table 'NLHRed8' 6-max Seat #2 is the button
Seat 1: 629cbe74 ($10.6 in chips)
Seat 2: 884afe4d ($16.44 in chips)
Seat 3: Hero ($13.76 in chips)
Seat 4: af6e4e3c ($15.78 in chips)
Seat 5: 3e5834f8 ($10 in chips)
Seat 6: e845d6c ($10 in chips)
Hero: posts small blind $0.05
af6e4e3c: posts big blind $0.1
*** HOLE CARDS ***
Dealt to 629cbe74 
Dealt to 884afe4d 
Dealt to Hero [Qc Kd]
Dealt to af6e4e3c 
Dealt to 3e5834f8 
Dealt to e845d6c 
3e5834f8: folds
e845d6c: raises $0.15 to $0.25
629cbe74: folds
884afe4d: folds
Hero: raises $0.75 to $1
af6e4e3c: calls $0.9
e845d6c: calls $0.75
*** FLOP *** [7d Ah 7h]
Hero: checks
af6e4e3c: bets $1.5
e845d6c: folds
Hero: folds
Uncalled bet ($1.5) returned to af6e4e3c
*** SHOWDOWN ***
af6e4e3c collected $2.76 from pot
*** SUMMARY ***
Total pot $3 | Rake $0.14 | Jackpot $0.1 | Bingo $0 | Fortune $0 | Tax $0
Board [7d Ah 7h]
Seat 1: 629cbe74 folded before Flop (didn't bet)
Seat 2: 884afe4d (button) folded before Flop (didn't bet)
Seat 3: Hero (small blind) folded on the Flop
Seat 4: af6e4e3c (big blind) won ($2.76)
Seat 5: 3e5834f8 folded before Flop (didn't bet)
Seat 6: e845d6c folded on the Flop


Poker Hand #HD1753978437: Hold'em No Limit ($0.05/$0.1) - 2024/05/01 11:49:21
Table 'NLHRed8' 6-max Seat #1 is the button
Seat 1: 629cbe74 ($10.14 in chips)
Seat 2: 884afe4d ($16.49 in chips)
Seat 3: Hero ($13.98 in chips)
Seat 4: af6e4e3c ($15.78 in chips)
Seat 5: 3e5834f8 ($10 in chips)
Seat 6: e845d6c ($10.1 in chips)
884afe4d: posts small blind $0.05
Hero: posts big blind $0.1
*** HOLE CARDS ***
Dealt to 629cbe74 
Dealt to 884afe4d 
Dealt to Hero [2c 2h]
Dealt to af6e4e3c 
Dealt to 3e5834f8 
Dealt to e845d6c 
af6e4e3c: folds
3e5834f8: folds
e845d6c: raises $0.12 to $0.22
629cbe74: calls $0.22
884afe4d: folds
Hero: calls $0.12
*** FLOP *** [8c 4s 7c]
Hero: checks
e845d6c: checks
629cbe74: checks
*** TURN *** [8c 4s 7c] [7d]
Hero: checks
e845d6c: checks
629cbe74: bets $0.36
Hero: folds
e845d6c: folds
Uncalled bet ($0.36) returned to 629cbe74
*** SHOWDOWN ***
629cbe74 collected $0.68 from pot
*** SUMMARY ***
Total pot $0.71 | Rake $0.03 | Jackpot $0 | Bingo $0 | Fortune $0 | Tax $0
Board [8c 4s 7c 7d]
Seat 1: 629cbe74 (button) won ($0.68)
Seat 2: 884afe4d (small blind) folded before Flop
Seat 3: Hero (big blind) folded on the Turn
Seat 4: af6e4e3c folded before Flop (didn't bet)
Seat 5: 3e5834f8 folded before Flop (didn't bet)
Seat 6: e845d6c folded on the Turn


Poker Hand #HD1753978408: Hold'em No Limit ($0.05/$0.1) - 2024/05/01 11:49:08
Table 'NLHRed8' 6-max Seat #6 is the button
Seat 1: 629cbe74 ($10.19 in chips)
Seat 2: 884afe4d ($16.59 in chips)
Seat 3: Hero ($13.98 in chips)
Seat 4: af6e4e3c ($15.63 in chips)
Seat 5: 3e5834f8 ($10 in chips)
Seat 6: e845d6c ($10.1 in chips)
629cbe74: posts small blind $0.05
884afe4d: posts big blind $0.1
*** HOLE CARDS ***
Dealt to 629cbe74 
Dealt to 884afe4d 
Dealt to Hero [Ah 3h]
Dealt to af6e4e3c 
Dealt to 3e5834f8 
Dealt to e845d6c 
Hero: folds
af6e4e3c: raises $0.2 to $0.3
3e5834f8: folds
e845d6c: folds
629cbe74: folds
884afe4d: folds
Uncalled bet ($0.2) returned to af6e4e3c
*** SHOWDOWN ***
af6e4e3c collected $0.25 from pot
*** SUMMARY ***
Total pot $0.25 | Rake $0 | Jackpot $0 | Bingo $0 | Fortune $0 | Tax $0
Seat 1: 629cbe74 (small blind) folded before Flop
Seat 2: 884afe4d (big blind) folded before Flop
Seat 3: Hero folded before Flop (didn't bet)
Seat 4: af6e4e3c collected ($0.25)
Seat 5: 3e5834f8 folded before Flop (didn't bet)
Seat 6: e845d6c (button) folded before Flop (didn't bet)


Poker Hand #HD1753978386: Hold'em No Limit ($0.05/$0.1) - 2024/05/01 11:48:58
Table 'NLHRed8' 6-max Seat #5 is the button
Seat 1: 629cbe74 ($10.14 in chips)
Seat 2: 884afe4d ($16.59 in chips)
Seat 3: Hero ($13.98 in chips)
Seat 4: af6e4e3c ($15.63 in chips)
Seat 5: 3e5834f8 ($10 in chips)
Seat 6: e845d6c ($10.15 in chips)
e845d6c: posts small blind $0.05
629cbe74: posts big blind $0.1
*** HOLE CARDS ***
Dealt to 629cbe74 
Dealt to 884afe4d 
Dealt to Hero [Js 8c]
Dealt to af6e4e3c 
Dealt to 3e5834f8 
Dealt to e845d6c 
884afe4d: folds
Hero: folds
af6e4e3c: folds
3e5834f8: folds
e845d6c: folds
Uncalled bet ($0.05) returned to 629cbe74
*** SHOWDOWN ***
629cbe74 collected $0.1 from pot
*** SUMMARY ***
Total pot $0.1 | Rake $0 | Jackpot $0 | Bingo $0 | Fortune $0 | Tax $0
Seat 1: 629cbe74 (big blind) collected ($0.1)
Seat 2: 884afe4d folded before Flop (didn't bet)
Seat 3: Hero folded before Flop (didn't bet)
Seat 4: af6e4e3c folded before Flop (didn't bet)
Seat 5: 3e5834f8 (button) folded before Flop (didn't bet)
Seat 6: e845d6c (small blind) folded before Flop


Poker Hand #HD1753978365: Hold'em No Limit ($0.05/$0.1) - 2024/05/01 11:48:48
Table 'NLHRed8' 6-max Seat #4 is the button
Seat 1: 629cbe74 ($10.14 in chips)
Seat 2: 884afe4d ($16.59 in chips)
Seat 3: Hero ($13.83 in chips)
Seat 4: af6e4e3c ($15.63 in chips)
Seat 5: 3e5834f8 ($10 in chips)
Seat 6: e845d6c ($10.25 in chips)
3e5834f8: posts small blind $0.05
e845d6c: posts big blind $0.1
*** HOLE CARDS ***
Dealt to 629cbe74 
Dealt to 884afe4d 
Dealt to Hero [7h 7c]
Dealt to af6e4e3c 
Dealt to 3e5834f8 
Dealt to e845d6c 
629cbe74: folds
884afe4d: folds
Hero: raises $0.14 to $0.24
af6e4e3c: folds
3e5834f8: folds
e845d6c: folds
Uncalled bet ($0.14) returned to Hero
*** SHOWDOWN ***
Hero collected $0.25 from pot
*** SUMMARY ***
Total pot $0.25 | Rake $0 | Jackpot $0 | Bingo $0 | Fortune $0 | Tax $0
Seat 1: 629cbe74 folded before Flop (didn't bet)
Seat 2: 884afe4d folded before Flop (didn't bet)
Seat 3: Hero collected ($0.25)
Seat 4: af6e4e3c (button) folded before Flop (didn't bet)
Seat 5: 3e5834f8 (small blind) folded before Flop
Seat 6: e845d6c (big blind) folded before Flop


Poker Hand #HD1753978317: Hold'em No Limit ($0.05/$0.1) - 2024/05/01 11:48:23
Table 'NLHRed8' 6-max Seat #3 is the button
Seat 1: 629cbe74 ($10 in chips)
Seat 2: 884afe4d ($16.59 in chips)
Seat 3: Hero ($13.83 in chips)
Seat 4: af6e4e3c ($15.68 in chips)
Seat 5: 3e5834f8 ($10 in chips)
Seat 6: e845d6c ($10.25 in chips)
af6e4e3c: posts small blind $0.05
3e5834f8: posts big blind $0.1
*** HOLE CARDS ***
Dealt to 629cbe74 
Dealt to 884afe4d 
Dealt to Hero [2s As]
Dealt to af6e4e3c 
Dealt to 3e5834f8 
Dealt to e845d6c 
e845d6c: folds
629cbe74: calls $0.1
884afe4d: folds
Hero: folds
af6e4e3c: folds
3e5834f8: checks
*** FLOP *** [3d 4h 4s]
3e5834f8: checks
629cbe74: checks
*** TURN *** [3d 4h 4s] [7c]
3e5834f8: checks
629cbe74: bets $0.23
3e5834f8: folds
Uncalled bet ($0.23) returned to 629cbe74
*** SHOWDOWN ***
629cbe74 collected $0.24 from pot
*** SUMMARY ***
Total pot $0.25 | Rake $0.01 | Jackpot $0 | Bingo $0 | Fortune $0 | Tax $0
Board [3d 4h 4s 7c]
Seat 1: 629cbe74 won ($0.24)
Seat 2: 884afe4d folded before Flop (didn't bet)
Seat 3: Hero (button) folded before Flop (didn't bet)
Seat 4: af6e4e3c (small blind) folded before Flop
Seat 5: 3e5834f8 (big blind) folded on the Turn
Seat 6: e845d6c folded before Flop (didn't bet)


Poker Hand #HD1753978295: Hold'em No Limit ($0.05/$0.1) - 2024/05/01 11:48:10
Table 'NLHRed8' 6-max Seat #2 is the button
Seat 1: 629cbe74 ($10 in chips)
Seat 2: 884afe4d ($16.59 in chips)
Seat 3: Hero ($13.88 in chips)
Seat 4: af6e4e3c ($15.63 in chips)
Seat 5: 3e5834f8 ($10 in chips)
Seat 6: e845d6c ($10.25 in chips)
Hero: posts small blind $0.05
af6e4e3c: posts big blind $0.1
*** HOLE CARDS ***
Dealt to 629cbe74 
Dealt to 884afe4d 
Dealt to Hero [3h 4h]
Dealt to af6e4e3c 
Dealt to 3e5834f8 
Dealt to e845d6c 
3e5834f8: folds
e845d6c: folds
629cbe74: folds
884afe4d: folds
Hero: folds
Uncalled bet ($0.05) returned to af6e4e3c
*** SHOWDOWN ***
af6e4e3c collected $0.1 from pot
*** SUMMARY ***
Total pot $0.1 | Rake $0 | Jackpot $0 | Bingo $0 | Fortune $0 | Tax $0
Seat 1: 629cbe74 folded before Flop (didn't bet)
Seat 2: 884afe4d (button) folded before Flop (didn't bet)
Seat 3: Hero (small blind) folded before Flop
Seat 4: af6e4e3c (big blind) collected ($0.1)
Seat 5: 3e5834f8 folded before Flop (didn't bet)
Seat 6: e845d6c folded before Flop (didn't bet)


Poker Hand #HD1753978259: Hold'em No Limit ($0.05/$0.1) - 2024/05/01 11:47:52
Table 'NLHRed8' 6-max Seat #1 is the button
Seat 1: 629cbe74 ($10 in chips)
Seat 2: 884afe4d ($16.64 in chips)
Seat 3: Hero ($13.98 in chips)
Seat 4: af6e4e3c ($15.63 in chips)
Seat 5: 3e5834f8 ($10 in chips)
Seat 6: e845d6c ($10.1 in chips)
884afe4d: posts small blind $0.05
Hero: posts big blind $0.1
*** HOLE CARDS ***
Dealt to 629cbe74 
Dealt to 884afe4d 
Dealt to Hero [9s 3s]
Dealt to af6e4e3c 
Dealt to 3e5834f8 
Dealt to e845d6c 
af6e4e3c: folds
3e5834f8: folds
e845d6c: raises $0.15 to $0.25
629cbe74: folds
884afe4d: folds
Hero: folds
Uncalled bet ($0.15) returned to e845d6c
*** SHOWDOWN ***
e845d6c collected $0.25 from pot
*** SUMMARY ***
Total pot $0.25 | Rake $0 | Jackpot $0 | Bingo $0 | Fortune $0 | Tax $0
Seat 1: 629cbe74 (button) folded before Flop (didn't bet)
Seat 2: 884afe4d (small blind) folded before Flop
Seat 3: Hero (big blind) folded before Flop
Seat 4: af6e4e3c folded before Flop (didn't bet)
Seat 5: 3e5834f8 folded before Flop (didn't bet)
Seat 6: e845d6c collected ($0.25)


Poker Hand #HD1753978185: Hold'em No Limit ($0.05/$0.1) - 2024/05/01 11:47:14
Table 'NLHRed8' 6-max Seat #6 is the button
Seat 1: 629cbe74 ($10.46 in chips)
Seat 2: 884afe4d ($15.92 in chips)
Seat 3: Hero ($13.98 in chips)
Seat 4: af6e4e3c ($15.63 in chips)
Seat 5: 3e5834f8 ($10 in chips)
Seat 6: e845d6c ($10.1 in chips)
629cbe74: posts small blind $0.05
884afe4d: posts big blind $0.1
*** HOLE CARDS ***
Dealt to 629cbe74 
Dealt to 884afe4d 
Dealt to Hero [4c 2h]
Dealt to af6e4e3c 
Dealt to 3e5834f8 
Dealt to e845d6c 
Hero: folds
af6e4e3c: folds
3e5834f8: folds
e845d6c: folds
629cbe74: calls $0.05
884afe4d: raises $0.2 to $0.3
629cbe74: calls $0.2
*** FLOP *** [Qd 3s 9s]
629cbe74: checks
884afe4d: bets $0.5
629cbe74: calls $0.5
*** TURN *** [Qd 3s 9s] [7h]
629cbe74: checks
884afe4d: bets $1.1
629cbe74: folds
Uncalled bet ($1.1) returned to 884afe4d
*** SHOWDOWN ***
884afe4d collected $1.52 from pot
*** SUMMARY ***
Total pot $1.6 | Rake $0.08 | Jackpot $0 | Bingo $0 | Fortune $0 | Tax $0
Board [Qd 3s 9s 7h]
Seat 1: 629cbe74 (small blind) folded on the Turn
Seat 2: 884afe4d (big blind) won ($1.52)
Seat 3: Hero folded before Flop (didn't bet)
Seat 4: af6e4e3c folded before Flop (didn't bet)
Seat 5: 3e5834f8 folded before Flop (didn't bet)
Seat 6: e845d6c (button) folded before Flop (didn't bet)


Poker Hand #HD1753978161: Hold'em No Limit ($0.05/$0.1) - 2024/05/01 11:47:03
Table 'NLHRed8' 6-max Seat #5 is the button
Seat 1: 629cbe74 ($10.56 in chips)
Seat 2: 884afe4d ($15.77 in chips)
Seat 3: Hero ($13.98 in chips)
Seat 4: af6e4e3c ($15.63 in chips)
Seat 5: 3e5834f8 ($10 in chips)
Seat 6: e845d6c ($10.15 in chips)
e845d6c: posts small blind $0.05
629cbe74: posts big blind $0.1
*** HOLE CARDS ***
Dealt to 629cbe74 
Dealt to 884afe4d 
Dealt to Hero [6c 6h]
Dealt to af6e4e3c 
Dealt to 3e5834f8 
Dealt to e845d6c 
884afe4d: raises $0.2 to $0.3
Hero: folds
af6e4e3c: folds
3e5834f8: folds
e845d6c: folds
629cbe74: folds
Uncalled bet ($0.2) returned to 884afe4d
*** SHOWDOWN ***
884afe4d collected $0.25 from pot
*** SUMMARY ***
Total pot $0.25 | Rake $0 | Jackpot $0 | Bingo $0 | Fortune $0 | Tax $0
Seat 1: 629cbe74 (big blind) folded before Flop
Seat 2: 884afe4d collected ($0.25)
Seat 3: Hero folded before Flop (didn't bet)
Seat 4: af6e4e3c folded before Flop (didn't bet)
Seat 5: 3e5834f8 (button) folded before Flop (didn't bet)
Seat 6: e845d6c (small blind) folded before Flop


Poker Hand #HD1753978064: Hold'em No Limit ($0.05/$0.1) - 2024/05/01 11:46:10
Table 'NLHRed8' 6-max Seat #4 is the button
Seat 1: 629cbe74 ($10.56 in chips)
Seat 2: 884afe4d ($15.78 in chips)
Seat 3: Hero ($13.98 in chips)
Seat 4: af6e4e3c ($15.63 in chips)
Seat 5: 3e5834f8 ($10 in chips)
Seat 6: e845d6c ($10.15 in chips)
3e5834f8: posts small blind $0.05
e845d6c: posts big blind $0.1
*** HOLE CARDS ***
Dealt to 629cbe74 
Dealt to 884afe4d 
Dealt to Hero [Ah 7c]
Dealt to af6e4e3c 
Dealt to 3e5834f8 
Dealt to e845d6c 
629cbe74: folds
884afe4d: raises $0.2 to $0.3
Hero: folds
af6e4e3c: folds
3e5834f8: folds
e845d6c: calls $0.2
*** FLOP *** [2s 3s 3d]
e845d6c: checks
884afe4d: checks
*** TURN *** [2s 3s 3d] [Jh]
e845d6c: checks
884afe4d: bets $0.4
e845d6c: calls $0.4
*** RIVER *** [2s 3s 3d Jh] [Ad]
e845d6c: checks
884afe4d: checks
e845d6c: shows [Td Jd] (Pair of Jacks and Pair of Treys)
884afe4d: shows [Ks Js] (Pair of Jacks and Pair of Treys)
*** SHOWDOWN ***
e845d6c collected $0.7 from pot
884afe4d collected $0.69 from pot
*** SUMMARY ***
Total pot $1.45 | Rake $0.06 | Jackpot $0 | Bingo $0 | Fortune $0 | Tax $0
Board [2s 3s 3d Jh Ad]
Seat 1: 629cbe74 folded before Flop (didn't bet)
Seat 2: 884afe4d showed [Ks Js] and won ($0.69) with Pair of Jacks and Pair of Treys
Seat 3: Hero folded before Flop (didn't bet)
Seat 4: af6e4e3c (button) folded before Flop (didn't bet)
Seat 5: 3e5834f8 (small blind) folded before Flop
Seat 6: e845d6c (big blind) showed [Td Jd] and won ($0.7) with Pair of Jacks and Pair of Treys


Poker Hand #HD1753978026: Hold'em No Limit ($0.05/$0.1) - 2024/05/01 11:45:55
Table 'NLHRed8' 6-max Seat #3 is the button
Seat 1: 629cbe74 ($10.56 in chips)
Seat 2: 884afe4d ($15.78 in chips)
Seat 3: Hero ($13.98 in chips)
Seat 4: af6e4e3c ($15.68 in chips)
Seat 5: 3e5834f8 ($10 in chips)
Seat 6: e845d6c ($10 in chips)
af6e4e3c: posts small blind $0.05
3e5834f8: posts big blind $0.1
*** HOLE CARDS ***
Dealt to 629cbe74 
Dealt to 884afe4d 
Dealt to Hero [7s Kh]
Dealt to af6e4e3c 
Dealt to 3e5834f8 
Dealt to e845d6c 
e845d6c: raises $0.12 to $0.22
629cbe74: folds
884afe4d: folds
Hero: folds
af6e4e3c: folds
3e5834f8: folds
Uncalled bet ($0.12) returned to e845d6c
*** SHOWDOWN ***
e845d6c collected $0.25 from pot
*** SUMMARY ***
Total pot $0.25 | Rake $0 | Jackpot $0 | Bingo $0 | Fortune $0 | Tax $0
Seat 1: 629cbe74 folded before Flop (didn't bet)
Seat 2: 884afe4d folded before Flop (didn't bet)
Seat 3: Hero (button) folded before Flop (didn't bet)
Seat 4: af6e4e3c (small blind) folded before Flop
Seat 5: 3e5834f8 (big blind) folded before Flop
Seat 6: e845d6c collected ($0.25)


Poker Hand #HD1753978004: Hold'em No Limit ($0.05/$0.1) - 2024/05/01 11:45:43
Table 'NLHRed8' 6-max Seat #2 is the button
Seat 1: 629cbe74 ($10.56 in chips)
Seat 2: 884afe4d ($15.63 in chips)
Seat 3: Hero ($14.03 in chips)
Seat 4: af6e4e3c ($15.78 in chips)
Seat 6: e845d6c ($10 in chips)
Hero: posts small blind $0.05
af6e4e3c: posts big blind $0.1
*** HOLE CARDS ***
Dealt to 629cbe74 
Dealt to 884afe4d 
Dealt to Hero [Tc 7d]
Dealt to af6e4e3c 
Dealt to e845d6c 
e845d6c: folds
629cbe74: folds
884afe4d: raises $0.15 to $0.25
Hero: folds
af6e4e3c: folds
Uncalled bet ($0.15) returned to 884afe4d
*** SHOWDOWN ***
884afe4d collected $0.25 from pot
*** SUMMARY ***
Total pot $0.25 | Rake $0 | Jackpot $0 | Bingo $0 | Fortune $0 | Tax $0
Seat 1: 629cbe74 folded before Flop (didn't bet)
Seat 2: 884afe4d (button) collected ($0.25)
Seat 3: Hero (small blind) folded before Flop
Seat 4: af6e4e3c (big blind) folded before Flop
Seat 6: e845d6c folded before Flop (didn't bet)


Poker Hand #HD1753977978: Hold'em No Limit ($0.05/$0.1) - 2024/05/01 11:45:29
Table 'NLHRed8' 6-max Seat #1 is the button
Seat 1: 629cbe74 ($10.41 in chips)
Seat 2: 884afe4d ($15.68 in chips)
Seat 3: Hero ($14.13 in chips)
Seat 4: af6e4e3c ($15.78 in chips)
Seat 6: e845d6c ($10 in chips)
884afe4d: posts small blind $0.05
Hero: posts big blind $0.1
*** HOLE CARDS ***
Dealt to 629cbe74 
Dealt to 884afe4d 
Dealt to Hero [4s 8s]
Dealt to af6e4e3c 
Dealt to e845d6c 
af6e4e3c: folds
e845d6c: folds
629cbe74: raises $0.2 to $0.3
884afe4d: folds
Hero: folds
Uncalled bet ($0.2) returned to 629cbe74
*** SHOWDOWN ***
629cbe74 collected $0.25 from pot
*** SUMMARY ***
Total pot $0.25 | Rake $0 | Jackpot $0 | Bingo $0 | Fortune $0 | Tax $0
Seat 1: 629cbe74 (button) collected ($0.25)
Seat 2: 884afe4d (small blind) folded before Flop
Seat 3: Hero (big blind) folded before Flop
Seat 4: af6e4e3c folded before Flop (didn't bet)
Seat 6: e845d6c folded before Flop (didn't bet)


Poker Hand #HD1753977877: Hold'em No Limit ($0.05/$0.1) - 2024/05/01 11:44:31
Table 'NLHRed8' 6-max Seat #6 is the button
Seat 1: 629cbe74 ($10.13 in chips)
Seat 2: 884afe4d ($15.78 in chips)
Seat 3: Hero ($14.13 in chips)
Seat 4: af6e4e3c ($15.78 in chips)
Seat 6: e845d6c ($10 in chips)
629cbe74: posts small blind $0.05
884afe4d: posts big blind $0.1
*** HOLE CARDS ***
Dealt to 629cbe74 
Dealt to 884afe4d 
Dealt to Hero [5s Ah]
Dealt to af6e4e3c 
Dealt to e845d6c 
Hero: folds
af6e4e3c: folds
e845d6c: raises $0.1 to $0.2
629cbe74: calls $0.15
884afe4d: folds
*** FLOP *** [5c 2s Js]
629cbe74: checks
e845d6c: checks
*** TURN *** [5c 2s Js] [9h]
629cbe74: checks
e845d6c: checks
*** RIVER *** [5c 2s Js 9h] [7s]
629cbe74: bets $0.38
e845d6c: folds
Uncalled bet ($0.38) returned to 629cbe74
*** SHOWDOWN ***
629cbe74 collected $0.48 from pot
*** SUMMARY ***
Total pot $0.5 | Rake $0.02 | Jackpot $0 | Bingo $0 | Fortune $0 | Tax $0
Board [5c 2s Js 9h 7s]
Seat 1: 629cbe74 (small blind) won ($0.48)
Seat 2: 884afe4d (big blind) folded before Flop
Seat 3: Hero folded before Flop (didn't bet)
Seat 4: af6e4e3c folded before Flop (didn't bet)
Seat 6: e845d6c (button) folded on the River


Poker Hand #HD1753977791: Hold'em No Limit ($0.05/$0.1) - 2024/05/01 11:43:47
Table 'NLHRed8' 6-max Seat #4 is the button
Seat 1: 629cbe74 ($12.45 in chips)
Seat 2: 884afe4d ($13.74 in chips)
Seat 3: Hero ($14.13 in chips)
Seat 4: af6e4e3c ($15.78 in chips)
Seat 6: e845d6c ($10 in chips)
e845d6c: posts small blind $0.05
629cbe74: posts big blind $0.1
*** HOLE CARDS ***
Dealt to 629cbe74 
Dealt to 884afe4d 
Dealt to Hero [Kc 5h]
Dealt to af6e4e3c 
Dealt to e845d6c 
884afe4d: raises $0.2 to $0.3
Hero: folds
af6e4e3c: folds
e845d6c: folds
629cbe74: calls $0.2
*** FLOP *** [7d 6c 6h]
629cbe74: checks
884afe4d: bets $0.49
629cbe74: calls $0.49
*** TURN *** [7d 6c 6h] [Jc]
629cbe74: checks
884afe4d: checks
*** RIVER *** [7d 6c 6h Jc] [4d]
629cbe74: bets $1.53
884afe4d: calls $1.53
629cbe74: shows [3h 4h] (Pair of Sixes and Pair of Fours)
884afe4d: shows [Qh Qs] (Pair of Queens and Pair of Sixes)
*** SHOWDOWN ***
884afe4d collected $4.36 from pot
*** SUMMARY ***
Total pot $4.69 | Rake $0.23 | Jackpot $0.1 | Bingo $0 | Fortune $0 | Tax $0
Board [7d 6c 6h Jc 4d]
Seat 1: 629cbe74 (big blind) showed [3h 4h] and lost with Pair of Sixes and Pair of Fours
Seat 2: 884afe4d showed [Qh Qs] and won ($4.36) with Pair of Queens and Pair of Sixes
Seat 3: Hero folded before Flop (didn't bet)
Seat 4: af6e4e3c (button) folded before Flop (didn't bet)
Seat 6: e845d6c (small blind) folded before Flop


Poker Hand #HD1753977703: Hold'em No Limit ($0.05/$0.1) - 2024/05/01 11:43:04
Table 'NLHRed8' 6-max Seat #3 is the button
Seat 1: 629cbe74 ($12.03 in chips)
Seat 2: 884afe4d ($14.04 in chips)
Seat 3: Hero ($14.13 in chips)
Seat 4: af6e4e3c ($15.83 in chips)
Seat 5: 9ae361e8 ($28.09 in chips)
Seat 6: e845d6c ($10 in chips)
af6e4e3c: posts small blind $0.05
9ae361e8: posts big blind $0.1
*** HOLE CARDS ***
Dealt to 629cbe74 
Dealt to 884afe4d 
Dealt to Hero [9c 5d]
Dealt to af6e4e3c 
Dealt to 9ae361e8 
Dealt to e845d6c 
e845d6c: folds
629cbe74: raises $0.2 to $0.3
884afe4d: calls $0.3
Hero: folds
af6e4e3c: folds
9ae361e8: folds
*** FLOP *** [8d 2d 3d]
629cbe74: checks
884afe4d: checks
*** TURN *** [8d 2d 3d] [5s]
629cbe74: bets $0.57
884afe4d: folds
Uncalled bet ($0.57) returned to 629cbe74
*** SHOWDOWN ***
629cbe74 collected $0.72 from pot
*** SUMMARY ***
Total pot $0.75 | Rake $0.03 | Jackpot $0 | Bingo $0 | Fortune $0 | Tax $0
Board [8d 2d 3d 5s]
Seat 1: 629cbe74 won ($0.72)
Seat 2: 884afe4d folded on the Turn
Seat 3: Hero (button) folded before Flop (didn't bet)
Seat 4: af6e4e3c (small blind) folded before Flop
Seat 5: 9ae361e8 (big blind) folded before Flop
Seat 6: e845d6c folded before Flop (didn't bet)


Poker Hand #HD1753977663: Hold'em No Limit ($0.05/$0.1) - 2024/05/01 11:42:48
Table 'NLHRed8' 6-max Seat #2 is the button
Seat 1: 629cbe74 ($12.03 in chips)
Seat 2: 884afe4d ($14.04 in chips)
Seat 3: Hero ($14.18 in chips)
Seat 4: af6e4e3c ($15.78 in chips)
Seat 5: 9ae361e8 ($28.09 in chips)
Seat 6: e845d6c ($10 in chips)
Hero: posts small blind $0.05
af6e4e3c: posts big blind $0.1
*** HOLE CARDS ***
Dealt to 629cbe74 
Dealt to 884afe4d 
Dealt to Hero [5h Kc]
Dealt to af6e4e3c 
Dealt to 9ae361e8 
Dealt to e845d6c 
9ae361e8: folds
e845d6c: folds
629cbe74: folds
884afe4d: folds
Hero: folds
Uncalled bet ($0.05) returned to af6e4e3c
*** SHOWDOWN ***
af6e4e3c collected $0.1 from pot
*** SUMMARY ***
Total pot $0.1 | Rake $0 | Jackpot $0 | Bingo $0 | Fortune $0 | Tax $0
Seat 1: 629cbe74 folded before Flop (didn't bet)
Seat 2: 884afe4d (button) folded before Flop (didn't bet)
Seat 3: Hero (small blind) folded before Flop
Seat 4: af6e4e3c (big blind) collected ($0.1)
Seat 5: 9ae361e8 folded before Flop (didn't bet)
Seat 6: e845d6c folded before Flop (didn't bet)


Poker Hand #HD1753977561: Hold'em No Limit ($0.05/$0.1) - 2024/05/01 11:42:01
Table 'NLHRed8' 6-max Seat #1 is the button
Seat 1: 629cbe74 ($12.03 in chips)
Seat 2: 884afe4d ($14.09 in chips)
Seat 3: Hero ($13.26 in chips)
Seat 4: af6e4e3c ($15.78 in chips)
Seat 5: 9ae361e8 ($29.06 in chips)
Seat 6: e845d6c ($10 in chips)
884afe4d: posts small blind $0.05
Hero: posts big blind $0.1
*** HOLE CARDS ***
Dealt to 629cbe74 
Dealt to 884afe4d 
Dealt to Hero [As Jd]
Dealt to af6e4e3c 
Dealt to 9ae361e8 
Dealt to e845d6c 
af6e4e3c: folds
9ae361e8: raises $0.11 to $0.21
e845d6c: folds
629cbe74: folds
884afe4d: folds
Hero: calls $0.11
*** FLOP *** [Qd 7h 7c]
Hero: checks
9ae361e8: bets $0.16
Hero: calls $0.16
*** TURN *** [Qd 7h 7c] [Ac]
Hero: checks
9ae361e8: bets $0.6
Hero: calls $0.6
*** RIVER *** [Qd 7h 7c Ac] [6s]
Hero: checks
9ae361e8: checks
Hero: shows [As Jd] (Pair of Aces and Pair of Sevens)
9ae361e8: shows [Qh Jh] (Pair of Queens and Pair of Sevens)
*** SHOWDOWN ***
Hero collected $1.89 from pot
*** SUMMARY ***
Total pot $1.99 | Rake $0.1 | Jackpot $0 | Bingo $0 | Fortune $0 | Tax $0
Board [Qd 7h 7c Ac 6s]
Seat 1: 629cbe74 (button) folded before Flop (didn't bet)
Seat 2: 884afe4d (small blind) folded before Flop
Seat 3: Hero (big blind) showed [As Jd] and won ($1.89) with Pair of Aces and Pair of Sevens
Seat 4: af6e4e3c folded before Flop (didn't bet)
Seat 5: 9ae361e8 showed [Qh Jh] and lost with Pair of Queens and Pair of Sevens
Seat 6: e845d6c folded before Flop (didn't bet)


Poker Hand #HD1753977524: Hold'em No Limit ($0.05/$0.1) - 2024/05/01 11:41:45
Table 'NLHRed8' 6-max Seat #6 is the button
Seat 1: 629cbe74 ($12.08 in chips)
Seat 2: 884afe4d ($14.19 in chips)
Seat 3: Hero ($13.46 in chips)
Seat 4: af6e4e3c ($15.45 in chips)
Seat 5: 9ae361e8 ($29.06 in chips)
Seat 6: e845d6c ($10 in chips)
629cbe74: posts small blind $0.05
884afe4d: posts big blind $0.1
*** HOLE CARDS ***
Dealt to 629cbe74 
Dealt to 884afe4d 
Dealt to Hero [Kh Js]
Dealt to af6e4e3c 
Dealt to 9ae361e8 
Dealt to e845d6c 
Hero: raises $0.1 to $0.2
af6e4e3c: raises $0.55 to $0.75
9ae361e8: folds
e845d6c: folds
629cbe74: folds
884afe4d: folds
Hero: folds
Uncalled bet ($0.55) returned to af6e4e3c
*** SHOWDOWN ***
af6e4e3c collected $0.53 from pot
*** SUMMARY ***
Total pot $0.55 | Rake $0.02 | Jackpot $0 | Bingo $0 | Fortune $0 | Tax $0
Seat 1: 629cbe74 (small blind) folded before Flop
Seat 2: 884afe4d (big blind) folded before Flop
Seat 3: Hero folded before Flop
Seat 4: af6e4e3c collected ($0.53)
Seat 5: 9ae361e8 folded before Flop (didn't bet)
Seat 6: e845d6c (button) folded before Flop (didn't bet)


Poker Hand #HD1753977511: Hold'em No Limit ($0.05/$0.1) - 2024/05/01 11:41:38
Table 'NLHRed8' 6-max Seat #5 is the button
Seat 1: 629cbe74 ($12.03 in chips)
Seat 2: 884afe4d ($14.19 in chips)
Seat 3: Hero ($13.46 in chips)
Seat 4: af6e4e3c ($15.45 in chips)
Seat 5: 9ae361e8 ($29.06 in chips)
Seat 6: e845d6c ($10 in chips)
e845d6c: posts small blind $0.05
629cbe74: posts big blind $0.1
*** HOLE CARDS ***
Dealt to 629cbe74 
Dealt to 884afe4d 
Dealt to Hero [6c 2d]
Dealt to af6e4e3c 
Dealt to 9ae361e8 
Dealt to e845d6c 
884afe4d: folds
Hero: folds
af6e4e3c: folds
9ae361e8: folds
e845d6c: folds
Uncalled bet ($0.05) returned to 629cbe74
*** SHOWDOWN ***
629cbe74 collected $0.1 from pot
*** SUMMARY ***
Total pot $0.1 | Rake $0 | Jackpot $0 | Bingo $0 | Fortune $0 | Tax $0
Seat 1: 629cbe74 (big blind) collected ($0.1)
Seat 2: 884afe4d folded before Flop (didn't bet)
Seat 3: Hero folded before Flop (didn't bet)
Seat 4: af6e4e3c folded before Flop (didn't bet)
Seat 5: 9ae361e8 (button) folded before Flop (didn't bet)
Seat 6: e845d6c (small blind) folded before Flop


Poker Hand #HD1753977461: Hold'em No Limit ($0.05/$0.1) - 2024/05/01 11:41:16
Table 'NLHRed8' 6-max Seat #4 is the button
Seat 1: 629cbe74 ($12.03 in chips)
Seat 2: 884afe4d ($14.19 in chips)
Seat 3: Hero ($13.46 in chips)
Seat 4: af6e4e3c ($15.3 in chips)
Seat 5: 9ae361e8 ($29.11 in chips)
Seat 6: e845d6c ($10 in chips)
9ae361e8: posts small blind $0.05
e845d6c: posts big blind $0.1
*** HOLE CARDS ***
Dealt to 629cbe74 
Dealt to 884afe4d 
Dealt to Hero [6h 5c]
Dealt to af6e4e3c 
Dealt to 9ae361e8 
Dealt to e845d6c 
629cbe74: folds
884afe4d: folds
Hero: folds
af6e4e3c: raises $0.1 to $0.2
9ae361e8: folds
e845d6c: folds
Uncalled bet ($0.1) returned to af6e4e3c
*** SHOWDOWN ***
af6e4e3c collected $0.25 from pot
*** SUMMARY ***
Total pot $0.25 | Rake $0 | Jackpot $0 | Bingo $0 | Fortune $0 | Tax $0
Seat 1: 629cbe74 folded before Flop (didn't bet)
Seat 2: 884afe4d folded before Flop (didn't bet)
Seat 3: Hero folded before Flop (didn't bet)
Seat 4: af6e4e3c (button) collected ($0.25)
Seat 5: 9ae361e8 (small blind) folded before Flop
Seat 6: e845d6c (big blind) folded before Flop


Poker Hand #HD1753977364: Hold'em No Limit ($0.05/$0.1) - 2024/05/01 11:40:28
Table 'NLHRed8' 6-max Seat #3 is the button
Seat 1: 629cbe74 ($11.33 in chips)
Seat 2: 884afe4d ($14.19 in chips)
Seat 3: Hero ($14.08 in chips)
Seat 4: af6e4e3c ($15.35 in chips)
Seat 5: 9ae361e8 ($29.21 in chips)
af6e4e3c: posts small blind $0.05
9ae361e8: posts big blind $0.1
*** HOLE CARDS ***
Dealt to 629cbe74 
Dealt to 884afe4d 
Dealt to Hero [Ks Td]
Dealt to af6e4e3c 
Dealt to 9ae361e8 
629cbe74: calls $0.1
884afe4d: folds
Hero: raises $0.24 to $0.34
af6e4e3c: folds
9ae361e8: folds
629cbe74: calls $0.24
*** FLOP *** [9s 8c Th]
629cbe74: checks
Hero: bets $0.28
629cbe74: calls $0.28
*** TURN *** [9s 8c Th] [6h]
629cbe74: checks
Hero: checks
*** RIVER *** [9s 8c Th 6h] [9d]
629cbe74: bets $1.45
Hero: folds
Uncalled bet ($1.45) returned to 629cbe74
*** SHOWDOWN ***
629cbe74 collected $1.32 from pot
*** SUMMARY ***
Total pot $1.39 | Rake $0.07 | Jackpot $0 | Bingo $0 | Fortune $0 | Tax $0
Board [9s 8c Th 6h 9d]
Seat 1: 629cbe74 won ($1.32)
Seat 2: 884afe4d folded before Flop (didn't bet)
Seat 3: Hero (button) folded on the River
Seat 4: af6e4e3c (small blind) folded before Flop
Seat 5: 9ae361e8 (big blind) folded before Flop


Poker Hand #HD1753977335: Hold'em No Limit ($0.05/$0.1) - 2024/05/01 11:40:17
Table 'NLHRed8' 6-max Seat #2 is the button
Seat 1: 629cbe74 ($11.33 in chips)
Seat 2: 884afe4d ($14.19 in chips)
Seat 3: Hero ($14.13 in chips)
Seat 4: af6e4e3c ($15.3 in chips)
Seat 5: 9ae361e8 ($29.21 in chips)
Hero: posts small blind $0.05
af6e4e3c: posts big blind $0.1
*** HOLE CARDS ***
Dealt to 629cbe74 
Dealt to 884afe4d 
Dealt to Hero [3h Ks]
Dealt to af6e4e3c 
Dealt to 9ae361e8 
9ae361e8: folds
629cbe74: folds
884afe4d: folds
Hero: folds
Uncalled bet ($0.05) returned to af6e4e3c
*** SHOWDOWN ***
af6e4e3c collected $0.1 from pot
*** SUMMARY ***
Total pot $0.1 | Rake $0 | Jackpot $0 | Bingo $0 | Fortune $0 | Tax $0
Seat 1: 629cbe74 folded before Flop (didn't bet)
Seat 2: 884afe4d (button) folded before Flop (didn't bet)
Seat 3: Hero (small blind) folded before Flop
Seat 4: af6e4e3c (big blind) collected ($0.1)
Seat 5: 9ae361e8 folded before Flop (didn't bet)


Poker Hand #HD1753977307: Hold'em No Limit ($0.05/$0.1) - 2024/05/01 11:40:00
Table 'NLHRed8' 6-max Seat #1 is the button
Seat 1: 629cbe74 ($11.33 in chips)
Seat 2: 884afe4d ($14.1 in chips)
Seat 3: Hero ($14.23 in chips)
Seat 4: af6e4e3c ($15.3 in chips)
Seat 5: 9ae361e8 ($29.21 in chips)
884afe4d: posts small blind $0.05
Hero: posts big blind $0.1
*** HOLE CARDS ***
Dealt to 629cbe74 
Dealt to 884afe4d 
Dealt to Hero [3s 2s]
Dealt to af6e4e3c 
Dealt to 9ae361e8 
af6e4e3c: folds
9ae361e8: folds
629cbe74: folds
884afe4d: calls $0.05
Hero: checks
*** FLOP *** [Qc 7h 9h]
884afe4d: bets $0.2
Hero: folds
Uncalled bet ($0.2) returned to 884afe4d
*** SHOWDOWN ***
884afe4d collected $0.19 from pot
*** SUMMARY ***
Total pot $0.2 | Rake $0.01 | Jackpot $0 | Bingo $0 | Fortune $0 | Tax $0
Board [Qc 7h 9h]
Seat 1: 629cbe74 (button) folded before Flop (didn't bet)
Seat 2: 884afe4d (small blind) won ($0.19)
Seat 3: Hero (big blind) folded on the Flop
Seat 4: af6e4e3c folded before Flop (didn't bet)
Seat 5: 9ae361e8 folded before Flop (didn't bet)


Poker Hand #HD1753977201: Hold'em No Limit ($0.05/$0.1) - 2024/05/01 11:39:11
Table 'NLHRed8' 6-max Seat #5 is the button
Seat 1: 629cbe74 ($11.38 in chips)
Seat 2: 884afe4d ($14.2 in chips)
Seat 3: Hero ($13.65 in chips)
Seat 4: af6e4e3c ($15.78 in chips)
Seat 5: 9ae361e8 ($29.21 in chips)
629cbe74: posts small blind $0.05
884afe4d: posts big blind $0.1
*** HOLE CARDS ***
Dealt to 629cbe74 
Dealt to 884afe4d 
Dealt to Hero [Qc Qd]
Dealt to af6e4e3c 
Dealt to 9ae361e8 
Hero: raises $0.1 to $0.2
af6e4e3c: calls $0.2
9ae361e8: folds
629cbe74: folds
884afe4d: folds
*** FLOP *** [6d 8s Qs]
Hero: checks
af6e4e3c: bets $0.28
Hero: raises $1.02 to $1.3
af6e4e3c: folds
Uncalled bet ($1.02) returned to Hero
*** SHOWDOWN ***
Hero collected $1.06 from pot
*** SUMMARY ***
Total pot $1.11 | Rake $0.05 | Jackpot $0 | Bingo $0 | Fortune $0 | Tax $0
Board [6d 8s Qs]
Seat 1: 629cbe74 (small blind) folded before Flop
Seat 2: 884afe4d (big blind) folded before Flop
Seat 3: Hero won ($1.06)
Seat 4: af6e4e3c folded on the Flop
Seat 5: 9ae361e8 (button) folded before Flop (didn't bet)


Poker Hand #HD1753977055: Hold'em No Limit ($0.05/$0.1) - 2024/05/01 11:37:57
Table 'NLHRed8' 6-max Seat #4 is the button
Seat 1: 629cbe74 ($11.38 in chips)
Seat 2: 884afe4d ($14.2 in chips)
Seat 3: Hero ($13.65 in chips)
Seat 4: af6e4e3c ($10 in chips)
Seat 5: 9ae361e8 ($30.01 in chips)
Seat 6: b2f803cf ($5.68 in chips)
9ae361e8: posts small blind $0.05
b2f803cf: posts big blind $0.1
*** HOLE CARDS ***
Dealt to 629cbe74 
Dealt to 884afe4d 
Dealt to Hero [5d Qs]
Dealt to af6e4e3c 
Dealt to 9ae361e8 
Dealt to b2f803cf 
629cbe74: folds
884afe4d: folds
Hero: folds
af6e4e3c: raises $0.1 to $0.2
9ae361e8: calls $0.15
b2f803cf: calls $0.1
*** FLOP *** [Qh Tc 2c]
9ae361e8: checks
b2f803cf: bets $0.3
af6e4e3c: raises $0.3 to $0.6
9ae361e8: calls $0.6
b2f803cf: calls $0.3
*** TURN *** [Qh Tc 2c] [Ts]
9ae361e8: checks
b2f803cf: bets $1.2
af6e4e3c: calls $1.2
9ae361e8: folds
*** RIVER *** [Qh Tc 2c Ts] [9c]
b2f803cf: bets $1.59
af6e4e3c: raises $2.64 to $4.23
b2f803cf: calls $2.09 and is all-in
Uncalled bet ($0.55) returned to af6e4e3c
af6e4e3c: shows [7c 5c] (Ten High Flush)
b2f803cf: shows [Qc 8d] (Pair of Queens and Pair of Tens)
*** SHOWDOWN ***
af6e4e3c collected $11.46 from pot
*** SUMMARY ***
Total pot $12.16 | Rake $0.6 | Jackpot $0.1 | Bingo $0 | Fortune $0 | Tax $0
Board [Qh Tc 2c Ts 9c]
Seat 1: 629cbe74 folded before Flop (didn't bet)
Seat 2: 884afe4d folded before Flop (didn't bet)
Seat 3: Hero folded before Flop (didn't bet)
Seat 4: af6e4e3c (button) showed [7c 5c] and won ($11.46) with Ten High Flush
Seat 5: 9ae361e8 (small blind) folded on the Turn
Seat 6: b2f803cf (big blind) showed [Qc 8d] and lost with Pair of Queens and Pair of Tens


Poker Hand #HD1753976969: Hold'em No Limit ($0.05/$0.1) - 2024/05/01 11:37:10
Table 'NLHRed8' 6-max Seat #3 is the button
Seat 1: 629cbe74 ($13.67 in chips)
Seat 2: 884afe4d ($14.2 in chips)
Seat 3: Hero ($13.65 in chips)
Seat 4: af6e4e3c ($10 in chips)
Seat 5: 9ae361e8 ($27.99 in chips)
Seat 6: b2f803cf ($5.68 in chips)
af6e4e3c: posts small blind $0.05
9ae361e8: posts big blind $0.1
*** HOLE CARDS ***
Dealt to 629cbe74 
Dealt to 884afe4d 
Dealt to Hero [Kd 7c]
Dealt to af6e4e3c 
Dealt to 9ae361e8 
Dealt to b2f803cf 
b2f803cf: folds
629cbe74: calls $0.1
884afe4d: folds
Hero: folds
af6e4e3c: folds
9ae361e8: raises $0.4 to $0.5
629cbe74: calls $0.4
*** FLOP *** [9c 5c Jd]
9ae361e8: bets $0.53
629cbe74: calls $0.53
*** TURN *** [9c 5c Jd] [8c]
9ae361e8: checks
629cbe74: bets $1.26
9ae361e8: calls $1.26
*** RIVER *** [9c 5c Jd 8c] [4h]
9ae361e8: checks
629cbe74: checks
9ae361e8: shows [Ah Ad] (Pair of Aces)
629cbe74: shows [8h Th] (Pair of Eights)
*** SHOWDOWN ***
9ae361e8 collected $4.31 from pot
*** SUMMARY ***
Total pot $4.63 | Rake $0.22 | Jackpot $0.1 | Bingo $0 | Fortune $0 | Tax $0
Board [9c 5c Jd 8c 4h]
Seat 1: 629cbe74 showed [8h Th] and lost with Pair of Eights
Seat 2: 884afe4d folded before Flop (didn't bet)
Seat 3: Hero (button) folded before Flop (didn't bet)
Seat 4: af6e4e3c (small blind) folded before Flop
Seat 5: 9ae361e8 (big blind) showed [Ah Ad] and won ($4.31) with Pair of Aces
Seat 6: b2f803cf folded before Flop (didn't bet)


Poker Hand #HD1753976884: Hold'em No Limit ($0.05/$0.1) - 2024/05/01 11:36:28
Table 'NLHRed8' 6-max Seat #2 is the button
Seat 1: 629cbe74 ($13.67 in chips)
Seat 2: 884afe4d ($14.2 in chips)
Seat 3: Hero ($13.11 in chips)
Seat 4: af6e4e3c ($10 in chips)
Seat 5: 9ae361e8 ($27.99 in chips)
Seat 6: b2f803cf ($5.68 in chips)
Hero: posts small blind $0.05
af6e4e3c: posts big blind $0.1
*** HOLE CARDS ***
Dealt to 629cbe74 
Dealt to 884afe4d 
Dealt to Hero [Kc Jc]
Dealt to af6e4e3c 
Dealt to 9ae361e8 
Dealt to b2f803cf 
9ae361e8: folds
b2f803cf: folds
629cbe74: folds
884afe4d: folds
Hero: raises $0.2 to $0.3
af6e4e3c: calls $0.2
*** FLOP *** [Ah 5h 5d]
Hero: bets $0.3
af6e4e3c: calls $0.3
*** TURN *** [Ah 5h 5d] [5c]
Hero: checks
af6e4e3c: checks
*** RIVER *** [Ah 5h 5d 5c] [2c]
Hero: checks
af6e4e3c: checks
Hero: shows [Kc Jc] (Three Fives)
af6e4e3c: shows [8c Qc] (Three Fives)
*** SHOWDOWN ***
Hero collected $1.14 from pot
*** SUMMARY ***
Total pot $1.2 | Rake $0.06 | Jackpot $0 | Bingo $0 | Fortune $0 | Tax $0
Board [Ah 5h 5d 5c 2c]
Seat 1: 629cbe74 folded before Flop (didn't bet)
Seat 2: 884afe4d (button) folded before Flop (didn't bet)
Seat 3: Hero (small blind) showed [Kc Jc] and won ($1.14) with Three Fives
Seat 4: af6e4e3c (big blind) showed [8c Qc] and lost with Three Fives
Seat 5: 9ae361e8 folded before Flop (didn't bet)
Seat 6: b2f803cf folded before Flop (didn't bet)


Poker Hand #HD1753976790: Hold'em No Limit ($0.05/$0.1) - 2024/05/01 11:35:43
Table 'NLHRed8' 6-max Seat #1 is the button
Seat 1: 629cbe74 ($10.95 in chips)
Seat 2: 884afe4d ($14.25 in chips)
Seat 3: Hero ($13.21 in chips)
Seat 4: af6e4e3c ($10 in chips)
Seat 5: 9ae361e8 ($28.39 in chips)
Seat 6: b2f803cf ($8.22 in chips)
884afe4d: posts small blind $0.05
Hero: posts big blind $0.1
*** HOLE CARDS ***
Dealt to 629cbe74 
Dealt to 884afe4d 
Dealt to Hero [8d Tc]
Dealt to af6e4e3c 
Dealt to 9ae361e8 
Dealt to b2f803cf 
af6e4e3c: folds
9ae361e8: raises $0.11 to $0.21
b2f803cf: raises $0.19 to $0.4
629cbe74: calls $0.4
884afe4d: folds
Hero: folds
9ae361e8: calls $0.19
*** FLOP *** [9d 6h 7s]
9ae361e8: checks
b2f803cf: bets $1.02
629cbe74: calls $1.02
9ae361e8: folds
*** TURN *** [9d 6h 7s] [5c]
b2f803cf: bets $1.12
629cbe74: raises $8.41 to $9.53 and is all-in
b2f803cf: folds
Uncalled bet ($8.41) returned to 629cbe74
*** SHOWDOWN ***
629cbe74 collected $5.26 from pot
*** SUMMARY ***
Total pot $5.63 | Rake $0.27 | Jackpot $0.1 | Bingo $0 | Fortune $0 | Tax $0
Board [9d 6h 7s 5c]
Seat 1: 629cbe74 (button) won ($5.26)
Seat 2: 884afe4d (small blind) folded before Flop
Seat 3: Hero (big blind) folded before Flop
Seat 4: af6e4e3c folded before Flop (didn't bet)
Seat 5: 9ae361e8 folded on the Flop
Seat 6: b2f803cf folded on the Turn


Poker Hand #HD1753976733: Hold'em No Limit ($0.05/$0.1) - 2024/05/01 11:35:11
Table 'NLHRed8' 6-max Seat #6 is the button
Seat 1: 629cbe74 ($10 in chips)
Seat 2: 884afe4d ($14.35 in chips)
Seat 3: Hero ($13.21 in chips)
Seat 4: af6e4e3c ($10 in chips)
Seat 5: 9ae361e8 ($28.39 in chips)
Seat 6: b2f803cf ($9.17 in chips)
629cbe74: posts small blind $0.05
884afe4d: posts big blind $0.1
*** HOLE CARDS ***
Dealt to 629cbe74 
Dealt to 884afe4d 
Dealt to Hero [9s Td]
Dealt to af6e4e3c 
Dealt to 9ae361e8 
Dealt to b2f803cf 
Hero: folds
af6e4e3c: folds
9ae361e8: folds
b2f803cf: calls $0.1
629cbe74: raises $0.25 to $0.35
884afe4d: folds
b2f803cf: calls $0.25
*** FLOP *** [5s 7h 8c]
629cbe74: bets $0.6
b2f803cf: calls $0.6
*** TURN *** [5s 7h 8c] [Th]
629cbe74: bets $1.5
b2f803cf: folds
Uncalled bet ($1.5) returned to 629cbe74
*** SHOWDOWN ***
629cbe74 collected $1.9 from pot
*** SUMMARY ***
Total pot $2 | Rake $0.1 | Jackpot $0 | Bingo $0 | Fortune $0 | Tax $0
Board [5s 7h 8c Th]
Seat 1: 629cbe74 (small blind) won ($1.9)
Seat 2: 884afe4d (big blind) folded before Flop
Seat 3: Hero folded before Flop (didn't bet)
Seat 4: af6e4e3c folded before Flop (didn't bet)
Seat 5: 9ae361e8 folded before Flop (didn't bet)
Seat 6: b2f803cf (button) folded on the Turn


Poker Hand #HD1753976609: Hold'em No Limit ($0.05/$0.1) - 2024/05/01 11:34:10
Table 'NLHRed8' 6-max Seat #5 is the button
Seat 1: 629cbe74 ($10 in chips)
Seat 2: 884afe4d ($14.35 in chips)
Seat 3: Hero ($12.76 in chips)
Seat 4: af6e4e3c ($10 in chips)
Seat 5: 9ae361e8 ($28.39 in chips)
Seat 6: b2f803cf ($9.41 in chips)
b2f803cf: posts small blind $0.05
629cbe74: posts big blind $0.1
*** HOLE CARDS ***
Dealt to 629cbe74 
Dealt to 884afe4d 
Dealt to Hero [Qc Js]
Dealt to af6e4e3c 
Dealt to 9ae361e8 
Dealt to b2f803cf 
884afe4d: folds
Hero: raises $0.14 to $0.24
af6e4e3c: folds
9ae361e8: folds
b2f803cf: calls $0.19
629cbe74: calls $0.14
*** FLOP *** [4c 9h 8s]
b2f803cf: checks
629cbe74: checks
Hero: checks
*** TURN *** [4c 9h 8s] [Ks]
b2f803cf: checks
629cbe74: checks
Hero: bets $0.4
b2f803cf: folds
629cbe74: folds
Uncalled bet ($0.4) returned to Hero
*** SHOWDOWN ***
Hero collected $0.69 from pot
*** SUMMARY ***
Total pot $0.72 | Rake $0.03 | Jackpot $0 | Bingo $0 | Fortune $0 | Tax $0
Board [4c 9h 8s Ks]
Seat 1: 629cbe74 (big blind) folded on the Turn
Seat 2: 884afe4d folded before Flop (didn't bet)
Seat 3: Hero won ($0.69)
Seat 4: af6e4e3c folded before Flop (didn't bet)
Seat 5: 9ae361e8 (button) folded before Flop (didn't bet)
Seat 6: b2f803cf (small blind) folded on the Turn


Poker Hand #HD1753976523: Hold'em No Limit ($0.05/$0.1) - 2024/05/01 11:33:32
Table 'NLHRed8' 6-max Seat #4 is the button
Seat 2: 884afe4d ($14.35 in chips)
Seat 3: Hero ($14.26 in chips)
Seat 4: af6e4e3c ($10 in chips)
Seat 5: 9ae361e8 ($28.99 in chips)
Seat 6: b2f803cf ($7.62 in chips)
9ae361e8: posts small blind $0.05
b2f803cf: posts big blind $0.1
*** HOLE CARDS ***
Dealt to 884afe4d 
Dealt to Hero [Qc Tc]
Dealt to af6e4e3c 
Dealt to 9ae361e8 
Dealt to b2f803cf 
884afe4d: folds
Hero: raises $0.14 to $0.24
af6e4e3c: folds
9ae361e8: calls $0.19
b2f803cf: calls $0.14
*** FLOP *** [5c 9d 7h]
9ae361e8: checks
b2f803cf: bets $0.36
Hero: calls $0.36
9ae361e8: calls $0.36
*** TURN *** [5c 9d 7h] [2c]
9ae361e8: checks
b2f803cf: bets $0.9
Hero: calls $0.9
9ae361e8: folds
*** RIVER *** [5c 9d 7h 2c] [3h]
b2f803cf: bets $1.19
Hero: folds
Uncalled bet ($1.19) returned to b2f803cf
*** SHOWDOWN ***
b2f803cf collected $3.29 from pot
*** SUMMARY ***
Total pot $3.6 | Rake $0.21 | Jackpot $0.1 | Bingo $0 | Fortune $0 | Tax $0
Board [5c 9d 7h 2c 3h]
Seat 2: 884afe4d folded before Flop (didn't bet)
Seat 3: Hero folded on the River
Seat 4: af6e4e3c (button) folded before Flop (didn't bet)
Seat 5: 9ae361e8 (small blind) folded on the Turn
Seat 6: b2f803cf (big blind) won ($3.29)


Poker Hand #HD1753976510: Hold'em No Limit ($0.05/$0.1) - 2024/05/01 11:33:25
Table 'NLHRed8' 6-max Seat #3 is the button
Seat 2: 884afe4d ($14.2 in chips)
Seat 3: Hero ($14.26 in chips)
Seat 4: af6e4e3c ($10 in chips)
Seat 5: 9ae361e8 ($29.09 in chips)
Seat 6: b2f803cf ($7.62 in chips)
af6e4e3c: posts small blind $0.05
9ae361e8: posts big blind $0.1
*** HOLE CARDS ***
Dealt to 884afe4d 
Dealt to Hero [2d 6s]
Dealt to af6e4e3c 
Dealt to 9ae361e8 
Dealt to b2f803cf 
b2f803cf: folds
884afe4d: raises $0.2 to $0.3
Hero: folds
af6e4e3c: folds
9ae361e8: folds
Uncalled bet ($0.2) returned to 884afe4d
*** SHOWDOWN ***
884afe4d collected $0.25 from pot
*** SUMMARY ***
Total pot $0.25 | Rake $0 | Jackpot $0 | Bingo $0 | Fortune $0 | Tax $0
Seat 2: 884afe4d collected ($0.25)
Seat 3: Hero (button) folded before Flop (didn't bet)
Seat 4: af6e4e3c (small blind) folded before Flop
Seat 5: 9ae361e8 (big blind) folded before Flop
Seat 6: b2f803cf folded before Flop (didn't bet)


Poker Hand #HD1753976421: Hold'em No Limit ($0.05/$0.1) - 2024/05/01 11:32:38
Table 'NLHRed8' 6-max Seat #2 is the button
Seat 2: 884afe4d ($14.2 in chips)
Seat 3: Hero ($14.31 in chips)
Seat 4: af6e4e3c ($10 in chips)
Seat 5: 9ae361e8 ($28.02 in chips)
Seat 6: b2f803cf ($8.17 in chips)
Hero: posts small blind $0.05
af6e4e3c: posts big blind $0.1
*** HOLE CARDS ***
Dealt to 884afe4d 
Dealt to Hero [Jh Td]
Dealt to af6e4e3c 
Dealt to 9ae361e8 
Dealt to b2f803cf 
9ae361e8: raises $0.11 to $0.21
b2f803cf: calls $0.21
884afe4d: folds
Hero: folds
af6e4e3c: calls $0.11
*** FLOP *** [8d 2d 4c]
af6e4e3c: bets $0.34
9ae361e8: calls $0.34
b2f803cf: calls $0.34
*** TURN *** [8d 2d 4c] [2h]
af6e4e3c: checks
9ae361e8: checks
b2f803cf: checks
*** RIVER *** [8d 2d 4c 2h] [Qd]
af6e4e3c: checks
9ae361e8: checks
b2f803cf: checks
af6e4e3c: shows [Ts 9c] (Pair of Twos)
9ae361e8: shows [As Kc] (Pair of Twos)
b2f803cf: shows [Ah 9h] (Pair of Twos)
*** SHOWDOWN ***
9ae361e8 collected $1.62 from pot
*** SUMMARY ***
Total pot $1.7 | Rake $0.08 | Jackpot $0 | Bingo $0 | Fortune $0 | Tax $0
Board [8d 2d 4c 2h Qd]
Seat 2: 884afe4d (button) folded before Flop (didn't bet)
Seat 3: Hero (small blind) folded before Flop
Seat 4: af6e4e3c (big blind) showed [Ts 9c] and lost with Pair of Twos
Seat 5: 9ae361e8 showed [As Kc] and won ($1.62) with Pair of Twos
Seat 6: b2f803cf showed [Ah 9h] and lost with Pair of Twos


Poker Hand #HD1753976345: Hold'em No Limit ($0.05/$0.1) - 2024/05/01 11:32:04
Table 'NLHRed8' 6-max Seat #6 is the button
Seat 2: 884afe4d ($14.25 in chips)
Seat 3: Hero ($13.93 in chips)
Seat 5: 9ae361e8 ($28.39 in chips)
Seat 6: b2f803cf ($8.17 in chips)
884afe4d: posts small blind $0.05
Hero: posts big blind $0.1
*** HOLE CARDS ***
Dealt to 884afe4d 
Dealt to Hero [Ks Qh]
Dealt to 9ae361e8 
Dealt to b2f803cf 
9ae361e8: raises $0.11 to $0.21
b2f803cf: folds
884afe4d: folds
Hero: calls $0.11
*** FLOP *** [3d Jh Qc]
Hero: checks
9ae361e8: bets $0.16
Hero: calls $0.16
*** TURN *** [3d Jh Qc] [7c]
Hero: checks
9ae361e8: checks
*** RIVER *** [3d Jh Qc 7c] [Kc]
Hero: checks
9ae361e8: checks
Hero: shows [Ks Qh] (Pair of Kings and Pair of Queens)
9ae361e8: shows [Td Jd] (Pair of Jacks)
*** SHOWDOWN ***
Hero collected $0.75 from pot
*** SUMMARY ***
Total pot $0.79 | Rake $0.04 | Jackpot $0 | Bingo $0 | Fortune $0 | Tax $0
Board [3d Jh Qc 7c Kc]
Seat 2: 884afe4d (small blind) folded before Flop
Seat 3: Hero (big blind) showed [Ks Qh] and won ($0.75) with Pair of Kings and Pair of Queens
Seat 5: 9ae361e8 showed [Td Jd] and lost with Pair of Jacks
Seat 6: b2f803cf (button) folded before Flop (didn't bet)


Poker Hand #HD1753976326: Hold'em No Limit ($0.05/$0.1) - 2024/05/01 11:31:55
Table 'NLHRed8' 6-max Seat #5 is the button
Seat 2: 884afe4d ($14.35 in chips)
Seat 3: Hero ($13.93 in chips)
Seat 5: 9ae361e8 ($28.24 in chips)
Seat 6: b2f803cf ($8.22 in chips)
b2f803cf: posts small blind $0.05
884afe4d: posts big blind $0.1
*** HOLE CARDS ***
Dealt to 884afe4d 
Dealt to Hero [Jd 2d]
Dealt to 9ae361e8 
Dealt to b2f803cf 
Hero: folds
9ae361e8: raises $0.11 to $0.21
b2f803cf: folds
884afe4d: folds
Uncalled bet ($0.11) returned to 9ae361e8
*** SHOWDOWN ***
9ae361e8 collected $0.25 from pot
*** SUMMARY ***
Total pot $0.25 | Rake $0 | Jackpot $0 | Bingo $0 | Fortune $0 | Tax $0
Seat 2: 884afe4d (big blind) folded before Flop
Seat 3: Hero folded before Flop (didn't bet)
Seat 5: 9ae361e8 (button) collected ($0.25)
Seat 6: b2f803cf (small blind) folded before Flop


Poker Hand #HD1753976180: Hold'em No Limit ($0.05/$0.1) - 2024/05/01 11:30:49
Table 'NLHRed8' 6-max Seat #3 is the button
Seat 2: 884afe4d ($14.35 in chips)
Seat 3: Hero ($13.93 in chips)
Seat 4: 3742cd9c ($9.72 in chips)
Seat 5: 9ae361e8 ($19.58 in chips)
Seat 6: b2f803cf ($8.22 in chips)
3742cd9c: posts small blind $0.05
9ae361e8: posts big blind $0.1
*** HOLE CARDS ***
Dealt to 884afe4d 
Dealt to Hero [2s Th]
Dealt to 3742cd9c 
Dealt to 9ae361e8 
Dealt to b2f803cf 
b2f803cf: folds
884afe4d: folds
Hero: folds
3742cd9c: raises $0.2 to $0.3
9ae361e8: calls $0.2
*** FLOP *** [6c 3s 8d]
3742cd9c: bets $0.2
9ae361e8: calls $0.2
*** TURN *** [6c 3s 8d] [Jh]
3742cd9c: bets $0.5
9ae361e8: calls $0.5
*** RIVER *** [6c 3s 8d Jh] [9d]
3742cd9c: checks
9ae361e8: bets $6
3742cd9c: raises $2.72 to $8.72 and is all-in
9ae361e8: calls $2.72
3742cd9c: shows [6h 6s] (Three Sixes)
9ae361e8: shows [Td Qs] (Queens-High Straight)
*** SHOWDOWN ***
9ae361e8 collected $18.38 from pot
*** SUMMARY ***
Total pot $19.44 | Rake $0.96 | Jackpot $0.1 | Bingo $0 | Fortune $0 | Tax $0
Board [6c 3s 8d Jh 9d]
Seat 2: 884afe4d folded before Flop (didn't bet)
Seat 3: Hero (button) folded before Flop (didn't bet)
Seat 4: 3742cd9c (small blind) showed [6h 6s] and lost with Three Sixes
Seat 5: 9ae361e8 (big blind) showed [Td Qs] and won ($18.38) with Queens-High Straight
Seat 6: b2f803cf folded before Flop (didn't bet)


Poker Hand #HD1753976079: Hold'em No Limit ($0.05/$0.1) - 2024/05/01 11:30:01
Table 'NLHRed8' 6-max Seat #2 is the button
Seat 2: 884afe4d ($13.38 in chips)
Seat 3: Hero ($13.98 in chips)
Seat 4: 3742cd9c ($10 in chips)
Seat 5: 9ae361e8 ($19.58 in chips)
Seat 6: b2f803cf ($8.95 in chips)
Hero: posts small blind $0.05
3742cd9c: posts big blind $0.1
*** HOLE CARDS ***
Dealt to 884afe4d 
Dealt to Hero [Qh 8h]
Dealt to 3742cd9c 
Dealt to 9ae361e8 
Dealt to b2f803cf 
9ae361e8: folds
b2f803cf: calls $0.1
884afe4d: calls $0.1
Hero: folds
3742cd9c: checks
*** FLOP *** [6c 2h Kd]
3742cd9c: checks
b2f803cf: bets $0.18
884afe4d: calls $0.18
3742cd9c: calls $0.18
*** TURN *** [6c 2h Kd] [2d]
3742cd9c: checks
b2f803cf: bets $0.45
884afe4d: raises $1.65 to $2.1
3742cd9c: folds
b2f803cf: folds
Uncalled bet ($1.65) returned to 884afe4d
*** SHOWDOWN ***
884afe4d collected $1.7 from pot
*** SUMMARY ***
Total pot $1.79 | Rake $0.09 | Jackpot $0 | Bingo $0 | Fortune $0 | Tax $0
Board [6c 2h Kd 2d]
Seat 2: 884afe4d (button) won ($1.7)
Seat 3: Hero (small blind) folded before Flop
Seat 4: 3742cd9c (big blind) folded on the Turn
Seat 5: 9ae361e8 folded before Flop (didn't bet)
Seat 6: b2f803cf folded on the Turn


Poker Hand #HD1753976049: Hold'em No Limit ($0.05/$0.1) - 2024/05/01 11:29:41
Table 'NLHRed8' 6-max Seat #6 is the button
Seat 2: 884afe4d ($13.43 in chips)
Seat 3: Hero ($14.08 in chips)
Seat 5: 9ae361e8 ($19.98 in chips)
Seat 6: b2f803cf ($8.45 in chips)
884afe4d: posts small blind $0.05
Hero: posts big blind $0.1
*** HOLE CARDS ***
Dealt to 884afe4d 
Dealt to Hero [2s 8c]
Dealt to 9ae361e8 
Dealt to b2f803cf 
9ae361e8: raises $0.11 to $0.21
b2f803cf: raises $0.19 to $0.4
884afe4d: folds
Hero: folds
9ae361e8: calls $0.19
*** FLOP *** [Kc Qc 3s]
9ae361e8: checks
b2f803cf: bets $0.48
9ae361e8: folds
Uncalled bet ($0.48) returned to b2f803cf
*** SHOWDOWN ***
b2f803cf collected $0.9 from pot
*** SUMMARY ***
Total pot $0.95 | Rake $0.05 | Jackpot $0 | Bingo $0 | Fortune $0 | Tax $0
Board [Kc Qc 3s]
Seat 2: 884afe4d (small blind) folded before Flop
Seat 3: Hero (big blind) folded before Flop
Seat 5: 9ae361e8 folded on the Flop
Seat 6: b2f803cf (button) won ($0.9)


Poker Hand #HD1753975956: Hold'em No Limit ($0.05/$0.1) - 2024/05/01 11:29:01
Table 'NLHRed8' 6-max Seat #5 is the button
Seat 2: 884afe4d ($13.64 in chips)
Seat 3: Hero ($14.08 in chips)
Seat 5: 9ae361e8 ($18.72 in chips)
Seat 6: b2f803cf ($9.62 in chips)
b2f803cf: posts small blind $0.05
884afe4d: posts big blind $0.1
*** HOLE CARDS ***
Dealt to 884afe4d 
Dealt to Hero [As 4d]
Dealt to 9ae361e8 
Dealt to b2f803cf 
Hero: folds
9ae361e8: raises $0.11 to $0.21
b2f803cf: calls $0.16
884afe4d: calls $0.11
*** FLOP *** [7s Jc 3d]
b2f803cf: checks
884afe4d: checks
9ae361e8: bets $0.32
b2f803cf: calls $0.32
884afe4d: folds
*** TURN *** [7s Jc 3d] [6c]
b2f803cf: checks
9ae361e8: checks
*** RIVER *** [7s Jc 3d 6c] [Qd]
b2f803cf: bets $0.64
9ae361e8: calls $0.64
b2f803cf: shows [Tc 8c] (Queen-High)
9ae361e8: shows [Kc Qc] (Pair of Queens)
*** SHOWDOWN ***
9ae361e8 collected $2.43 from pot
*** SUMMARY ***
Total pot $2.55 | Rake $0.12 | Jackpot $0 | Bingo $0 | Fortune $0 | Tax $0
Board [7s Jc 3d 6c Qd]
Seat 2: 884afe4d (big blind) folded on the Flop
Seat 3: Hero folded before Flop (didn't bet)
Seat 5: 9ae361e8 (button) showed [Kc Qc] and won ($2.43) with Pair of Queens
Seat 6: b2f803cf (small blind) showed [Tc 8c] and lost with Queen-High


Poker Hand #HD1753975892: Hold'em No Limit ($0.05/$0.1) - 2024/05/01 11:28:28
Table 'NLHRed8' 6-max Seat #3 is the button
Seat 2: 884afe4d ($14.99 in chips)
Seat 3: Hero ($14.08 in chips)
Seat 5: 9ae361e8 ($19.02 in chips)
Seat 6: b2f803cf ($8.24 in chips)
9ae361e8: posts small blind $0.05
b2f803cf: posts big blind $0.1
*** HOLE CARDS ***
Dealt to 884afe4d 
Dealt to Hero [9d 2d]
Dealt to 9ae361e8 
Dealt to b2f803cf 
884afe4d: raises $0.2 to $0.3
Hero: folds
9ae361e8: calls $0.25
b2f803cf: calls $0.2
*** FLOP *** [Ac Jd 2h]
9ae361e8: checks
b2f803cf: bets $0.45
884afe4d: calls $0.45
9ae361e8: folds
*** TURN *** [Ac Jd 2h] [3c]
b2f803cf: bets $0.6
884afe4d: calls $0.6
*** RIVER *** [Ac Jd 2h 3c] [Kc]
b2f803cf: bets $0.99
884afe4d: folds
Uncalled bet ($0.99) returned to b2f803cf
*** SHOWDOWN ***
b2f803cf collected $2.73 from pot
*** SUMMARY ***
Total pot $3 | Rake $0.17 | Jackpot $0.1 | Bingo $0 | Fortune $0 | Tax $0
Board [Ac Jd 2h 3c Kc]
Seat 2: 884afe4d folded on the River
Seat 3: Hero (button) folded before Flop (didn't bet)
Seat 5: 9ae361e8 (small blind) folded on the Flop
Seat 6: b2f803cf (big blind) won ($2.73)


Poker Hand #HD1753975860: Hold'em No Limit ($0.05/$0.1) - 2024/05/01 11:28:15
Table 'NLHRed8' 6-max Seat #2 is the button
Seat 2: 884afe4d ($14.99 in chips)
Seat 3: Hero ($14.13 in chips)
Seat 5: 9ae361e8 ($18.97 in chips)
Seat 6: b2f803cf ($8.24 in chips)
Hero: posts small blind $0.05
9ae361e8: posts big blind $0.1
*** HOLE CARDS ***
Dealt to 884afe4d 
Dealt to Hero [Jh 4d]
Dealt to 9ae361e8 
Dealt to b2f803cf 
b2f803cf: folds
884afe4d: folds
Hero: folds
Uncalled bet ($0.05) returned to 9ae361e8
*** SHOWDOWN ***
9ae361e8 collected $0.1 from pot
*** SUMMARY ***
Total pot $0.1 | Rake $0 | Jackpot $0 | Bingo $0 | Fortune $0 | Tax $0
Seat 2: 884afe4d (button) folded before Flop (didn't bet)
Seat 3: Hero (small blind) folded before Flop
Seat 5: 9ae361e8 (big blind) collected ($0.1)
Seat 6: b2f803cf folded before Flop (didn't bet)


Poker Hand #HD1753975830: Hold'em No Limit ($0.05/$0.1) - 2024/05/01 11:28:00
Table 'NLHRed8' 6-max Seat #6 is the button
Seat 1: fd5e2d25 ($10 in chips)
Seat 2: 884afe4d ($15.09 in chips)
Seat 3: Hero ($13.98 in chips)
Seat 5: 9ae361e8 ($18.97 in chips)
Seat 6: b2f803cf ($8.24 in chips)
fd5e2d25: posts small blind $0.05
884afe4d: posts big blind $0.1
*** HOLE CARDS ***
Dealt to fd5e2d25 
Dealt to 884afe4d 
Dealt to Hero [Ks Qs]
Dealt to 9ae361e8 
Dealt to b2f803cf 
Hero: raises $0.1 to $0.2
9ae361e8: folds
b2f803cf: folds
fd5e2d25: folds
884afe4d: folds
Uncalled bet ($0.1) returned to Hero
*** SHOWDOWN ***
Hero collected $0.25 from pot
*** SUMMARY ***
Total pot $0.25 | Rake $0 | Jackpot $0 | Bingo $0 | Fortune $0 | Tax $0
Seat 1: fd5e2d25 (small blind) folded before Flop
Seat 2: 884afe4d (big blind) folded before Flop
Seat 3: Hero collected ($0.25)
Seat 5: 9ae361e8 folded before Flop (didn't bet)
Seat 6: b2f803cf (button) folded before Flop (didn't bet)


Poker Hand #HD1753975785: Hold'em No Limit ($0.05/$0.1) - 2024/05/01 11:27:38
Table 'NLHRed8' 6-max Seat #5 is the button
Seat 1: fd5e2d25 ($10 in chips)
Seat 2: 884afe4d ($15.09 in chips)
Seat 3: Hero ($13.98 in chips)
Seat 5: 9ae361e8 ($18.97 in chips)
Seat 6: b2f803cf ($8.15 in chips)
b2f803cf: posts small blind $0.05
fd5e2d25: posts big blind $0.1
*** HOLE CARDS ***
Dealt to fd5e2d25 
Dealt to 884afe4d 
Dealt to Hero [4h 8h]
Dealt to 9ae361e8 
Dealt to b2f803cf 
884afe4d: folds
Hero: folds
9ae361e8: folds
b2f803cf: calls $0.05
fd5e2d25: checks
*** FLOP *** [Qh Th 3c]
b2f803cf: checks
fd5e2d25: checks
*** TURN *** [Qh Th 3c] [3s]
b2f803cf: bets $0.1
fd5e2d25: folds
Uncalled bet ($0.1) returned to b2f803cf
*** SHOWDOWN ***
b2f803cf collected $0.19 from pot
*** SUMMARY ***
Total pot $0.2 | Rake $0.01 | Jackpot $0 | Bingo $0 | Fortune $0 | Tax $0
Board [Qh Th 3c 3s]
Seat 1: fd5e2d25 (big blind) folded on the Turn
Seat 2: 884afe4d folded before Flop (didn't bet)
Seat 3: Hero folded before Flop (didn't bet)
Seat 5: 9ae361e8 (button) folded before Flop (didn't bet)
Seat 6: b2f803cf (small blind) won ($0.19)


Poker Hand #HD1753975707: Hold'em No Limit ($0.05/$0.1) - 2024/05/01 11:26:58
Table 'NLHRed8' 6-max Seat #3 is the button
Seat 1: fd5e2d25 ($10 in chips)
Seat 2: 884afe4d ($15.09 in chips)
Seat 3: Hero ($14.7 in chips)
Seat 5: 9ae361e8 ($19.02 in chips)
Seat 6: b2f803cf ($7.47 in chips)
9ae361e8: posts small blind $0.05
b2f803cf: posts big blind $0.1
*** HOLE CARDS ***
Dealt to fd5e2d25 
Dealt to 884afe4d 
Dealt to Hero [9d Tc]
Dealt to 9ae361e8 
Dealt to b2f803cf 
fd5e2d25: folds
884afe4d: folds
Hero: raises $0.14 to $0.24
9ae361e8: folds
b2f803cf: calls $0.14
*** FLOP *** [2h Th 5h]
b2f803cf: bets $0.18
Hero: calls $0.18
*** TURN *** [2h Th 5h] [Ad]
b2f803cf: bets $0.3
Hero: calls $0.3
*** RIVER *** [2h Th 5h Ad] [2c]
b2f803cf: bets $0.5
Hero: folds
Uncalled bet ($0.5) returned to b2f803cf
*** SHOWDOWN ***
b2f803cf collected $1.4 from pot
*** SUMMARY ***
Total pot $1.49 | Rake $0.09 | Jackpot $0 | Bingo $0 | Fortune $0 | Tax $0
Board [2h Th 5h Ad 2c]
Seat 1: fd5e2d25 folded before Flop (didn't bet)
Seat 2: 884afe4d folded before Flop (didn't bet)
Seat 3: Hero (button) folded on the River
Seat 5: 9ae361e8 (small blind) folded before Flop
Seat 6: b2f803cf (big blind) won ($1.4)


Poker Hand #HD1753905579: Hold'em No Limit ($0.05/$0.1) - 2024/05/01 11:25:55
Table 'NLHRed8' 6-max Seat #2 is the button
Seat 1: fd5e2d25 ($10 in chips)
Seat 2: 884afe4d ($15.49 in chips)
Seat 3: Hero ($14.75 in chips)
Seat 4: 70514d14 ($1.36 in chips)
Seat 5: 9ae361e8 ($19.02 in chips)
Seat 6: b2f803cf ($5.94 in chips)
Hero: posts small blind $0.05
70514d14: posts big blind $0.1
*** HOLE CARDS ***
Dealt to fd5e2d25 
Dealt to 884afe4d 
Dealt to Hero [9c 6d]
Dealt to 70514d14 
Dealt to 9ae361e8 
Dealt to b2f803cf 
9ae361e8: folds
b2f803cf: calls $0.1
fd5e2d25: folds
884afe4d: raises $0.3 to $0.4
Hero: folds
70514d14: calls $0.3
b2f803cf: calls $0.3
*** FLOP *** [Ac Td 2h]
70514d14: checks
b2f803cf: checks
884afe4d: checks
*** TURN *** [Ac Td 2h] [Ad]
70514d14: bets $0.96 and is all-in
b2f803cf: calls $0.96
884afe4d: folds
70514d14: shows [Jh 5d] (Pair of Aces)
b2f803cf: shows [Qd 8d] (Pair of Aces)
*** RIVER *** [Ac Td 2h Ad] [Tc]
*** SHOWDOWN ***
b2f803cf collected $2.89 from pot
*** SUMMARY ***
Total pot $3.17 | Rake $0.18 | Jackpot $0.1 | Bingo $0 | Fortune $0 | Tax $0
Board [Ac Td 2h Ad Tc]
Seat 1: fd5e2d25 folded before Flop (didn't bet)
Seat 2: 884afe4d (button) folded on the Turn
Seat 3: Hero (small blind) folded before Flop
Seat 4: 70514d14 (big blind) showed [Jh 5d] and lost with Pair of Aces and Pair of Tens
Seat 5: 9ae361e8 folded before Flop (didn't bet)
Seat 6: b2f803cf showed [Qd 8d] and won ($2.89) with Pair of Aces and Pair of Tens


Poker Hand #HD1753905449: Hold'em No Limit ($0.05/$0.1) - 2024/05/01 11:24:50
Table 'NLHRed8' 6-max Seat #1 is the button
Seat 1: fd5e2d25 ($10 in chips)
Seat 2: 884afe4d ($15.99 in chips)
Seat 3: Hero ($10.24 in chips)
Seat 4: 70514d14 ($1.86 in chips)
Seat 5: 9ae361e8 ($19.02 in chips)
Seat 6: b2f803cf ($10 in chips)
884afe4d: posts small blind $0.05
Hero: posts big blind $0.1
b2f803cf: posts big blind $0.1
*** HOLE CARDS ***
Dealt to fd5e2d25 
Dealt to 884afe4d 
Dealt to Hero [Js Ts]
Dealt to 70514d14 
Dealt to 9ae361e8 
Dealt to b2f803cf 
70514d14: calls $0.1
9ae361e8: folds
b2f803cf: checks
fd5e2d25: folds
884afe4d: calls $0.05
Hero: raises $0.4 to $0.5
70514d14: calls $0.4
b2f803cf: calls $0.4
884afe4d: calls $0.4
*** FLOP *** [Tc 8s Jh]
884afe4d: checks
Hero: bets $1.32
70514d14: folds
b2f803cf: calls $1.32
884afe4d: folds
*** TURN *** [Tc 8s Jh] [3c]
Hero: bets $2.24
b2f803cf: calls $2.24
*** RIVER *** [Tc 8s Jh 3c] [5d]
Hero: checks
b2f803cf: checks
Hero: shows [Js Ts] (Pair of Jacks and Pair of Tens)
b2f803cf: shows [9h Ad] (Ace-High)
*** SHOWDOWN ***
Hero collected $8.57 from pot
*** SUMMARY ***
Total pot $9.12 | Rake $0.45 | Jackpot $0.1 | Bingo $0 | Fortune $0 | Tax $0
Board [Tc 8s Jh 3c 5d]
Seat 1: fd5e2d25 (button) folded before Flop (didn't bet)
Seat 2: 884afe4d (small blind) folded on the Flop
Seat 3: Hero (big blind) showed [Js Ts] and won ($8.57) with Pair of Jacks and Pair of Tens
Seat 4: 70514d14 folded on the Flop
Seat 5: 9ae361e8 folded before Flop (didn't bet)
Seat 6: b2f803cf showed [9h Ad] and lost with Ace-High


Poker Hand #HD1753905380: Hold'em No Limit ($0.05/$0.1) - 2024/05/01 11:24:14
Table 'NLHRed8' 6-max Seat #5 is the button
Seat 1: fd5e2d25 ($10 in chips)
Seat 2: 884afe4d ($16.09 in chips)
Seat 3: Hero ($10.24 in chips)
Seat 4: 70514d14 ($1.86 in chips)
Seat 5: 9ae361e8 ($18.11 in chips)
fd5e2d25: posts small blind $0.05
884afe4d: posts big blind $0.1
*** HOLE CARDS ***
Dealt to fd5e2d25 
Dealt to 884afe4d 
Dealt to Hero [3s Kh]
Dealt to 70514d14 
Dealt to 9ae361e8 
Hero: folds
70514d14: folds
9ae361e8: raises $0.11 to $0.21
fd5e2d25: raises $0.69 to $0.9
884afe4d: folds
9ae361e8: raises $1.9 to $2.8
fd5e2d25: folds
Uncalled bet ($1.9) returned to 9ae361e8
*** SHOWDOWN ***
9ae361e8 collected $1.81 from pot
*** SUMMARY ***
Total pot $1.9 | Rake $0.09 | Jackpot $0 | Bingo $0 | Fortune $0 | Tax $0
Seat 1: fd5e2d25 (small blind) folded before Flop
Seat 2: 884afe4d (big blind) folded before Flop
Seat 3: Hero folded before Flop (didn't bet)
Seat 4: 70514d14 folded before Flop (didn't bet)
Seat 5: 9ae361e8 (button) collected ($1.81)


Poker Hand #HD1753905355: Hold'em No Limit ($0.05/$0.1) - 2024/05/01 11:24:01
Table 'NLHRed8' 6-max Seat #4 is the button
Seat 1: fd5e2d25 ($10 in chips)
Seat 2: 884afe4d ($16.09 in chips)
Seat 3: Hero ($10.09 in chips)
Seat 4: 70514d14 ($1.86 in chips)
Seat 5: 9ae361e8 ($18.16 in chips)
9ae361e8: posts small blind $0.05
fd5e2d25: posts big blind $0.1
*** HOLE CARDS ***
Dealt to fd5e2d25 
Dealt to 884afe4d 
Dealt to Hero [4h 4s]
Dealt to 70514d14 
Dealt to 9ae361e8 
884afe4d: folds
Hero: raises $0.14 to $0.24
70514d14: folds
9ae361e8: folds
fd5e2d25: folds
Uncalled bet ($0.14) returned to Hero
*** SHOWDOWN ***
Hero collected $0.25 from pot
*** SUMMARY ***
Total pot $0.25 | Rake $0 | Jackpot $0 | Bingo $0 | Fortune $0 | Tax $0
Seat 1: fd5e2d25 (big blind) folded before Flop
Seat 2: 884afe4d folded before Flop (didn't bet)
Seat 3: Hero collected ($0.25)
Seat 4: 70514d14 (button) folded before Flop (didn't bet)
Seat 5: 9ae361e8 (small blind) folded before Flop


Poker Hand #HD1753905332: Hold'em No Limit ($0.05/$0.1) - 2024/05/01 11:23:51
Table 'NLHRed8' 6-max Seat #3 is the button
Seat 1: fd5e2d25 ($10 in chips)
Seat 2: 884afe4d ($15.94 in chips)
Seat 3: Hero ($10.09 in chips)
Seat 4: 70514d14 ($1.91 in chips)
Seat 5: 9ae361e8 ($18.26 in chips)
Seat 6: b18a26ab ($12.68 in chips)
70514d14: posts small blind $0.05
9ae361e8: posts big blind $0.1
*** HOLE CARDS ***
Dealt to fd5e2d25 
Dealt to 884afe4d 
Dealt to Hero [Tc 5h]
Dealt to 70514d14 
Dealt to 9ae361e8 
Dealt to b18a26ab 
b18a26ab: folds
fd5e2d25: folds
884afe4d: raises $0.2 to $0.3
Hero: folds
70514d14: folds
9ae361e8: folds
Uncalled bet ($0.2) returned to 884afe4d
*** SHOWDOWN ***
884afe4d collected $0.25 from pot
*** SUMMARY ***
Total pot $0.25 | Rake $0 | Jackpot $0 | Bingo $0 | Fortune $0 | Tax $0
Seat 1: fd5e2d25 folded before Flop (didn't bet)
Seat 2: 884afe4d collected ($0.25)
Seat 3: Hero (button) folded before Flop (didn't bet)
Seat 4: 70514d14 (small blind) folded before Flop
Seat 5: 9ae361e8 (big blind) folded before Flop
Seat 6: b18a26ab folded before Flop (didn't bet)


Poker Hand #HD1753905273: Hold'em No Limit ($0.05/$0.1) - 2024/05/01 11:23:20
Table 'NLHRed8' 6-max Seat #2 is the button
Seat 1: fd5e2d25 ($10 in chips)
Seat 2: 884afe4d ($15.94 in chips)
Seat 3: Hero ($10.14 in chips)
Seat 4: 70514d14 ($2.01 in chips)
Seat 5: 9ae361e8 ($18.47 in chips)
Seat 6: b18a26ab ($12.34 in chips)
Hero: posts small blind $0.05
70514d14: posts big blind $0.1
*** HOLE CARDS ***
Dealt to fd5e2d25 
Dealt to 884afe4d 
Dealt to Hero [6d 8s]
Dealt to 70514d14 
Dealt to 9ae361e8 
Dealt to b18a26ab 
9ae361e8: raises $0.11 to $0.21
b18a26ab: raises $0.43 to $0.64
fd5e2d25: folds
884afe4d: folds
Hero: folds
70514d14: folds
9ae361e8: folds
Uncalled bet ($0.43) returned to b18a26ab
*** SHOWDOWN ***
b18a26ab collected $0.55 from pot
*** SUMMARY ***
Total pot $0.57 | Rake $0.02 | Jackpot $0 | Bingo $0 | Fortune $0 | Tax $0
Seat 1: fd5e2d25 folded before Flop (didn't bet)
Seat 2: 884afe4d (button) folded before Flop (didn't bet)
Seat 3: Hero (small blind) folded before Flop
Seat 4: 70514d14 (big blind) folded before Flop
Seat 5: 9ae361e8 folded before Flop
Seat 6: b18a26ab collected ($0.55)


Poker Hand #HD1753905221: Hold'em No Limit ($0.05/$0.1) - 2024/05/01 11:22:52
Table 'NLHRed8' 6-max Seat #1 is the button
Seat 1: fd5e2d25 ($10 in chips)
Seat 2: 884afe4d ($15.99 in chips)
Seat 3: Hero ($10 in chips)
Seat 4: 70514d14 ($2.11 in chips)
Seat 5: 9ae361e8 ($18.47 in chips)
Seat 6: b18a26ab ($12.34 in chips)
884afe4d: posts small blind $0.05
Hero: posts big blind $0.1
70514d14: posts big blind $0.1
*** HOLE CARDS ***
Dealt to fd5e2d25 
Dealt to 884afe4d 
Dealt to Hero [4c 9c]
Dealt to 70514d14 
Dealt to 9ae361e8 
Dealt to b18a26ab 
70514d14: checks
9ae361e8: folds
b18a26ab: folds
fd5e2d25: folds
884afe4d: folds
Hero: checks
*** FLOP *** [5h Ac 8c]
Hero: checks
70514d14: checks
*** TURN *** [5h Ac 8c] [5s]
Hero: bets $0.17
70514d14: folds
Uncalled bet ($0.17) returned to Hero
*** SHOWDOWN ***
Hero collected $0.24 from pot
*** SUMMARY ***
Total pot $0.25 | Rake $0.01 | Jackpot $0 | Bingo $0 | Fortune $0 | Tax $0
Board [5h Ac 8c 5s]
Seat 1: fd5e2d25 (button) folded before Flop (didn't bet)
Seat 2: 884afe4d (small blind) folded before Flop
Seat 3: Hero (big blind) won ($0.24)
Seat 4: 70514d14 folded on the Turn
Seat 5: 9ae361e8 folded before Flop (didn't bet)
Seat 6: b18a26ab folded before Flop (didn't bet)


