Poker Hand #HD1735916559: Hold'em No Limit ($0.02/$0.05) - 2024/04/18 15:42:22
Table 'NLHBlue4' 6-max Seat #4 is the button
Seat 4: 1e3dc51e ($5.2 in chips)
Seat 5: Hero ($10.99 in chips)
1e3dc51e: posts small blind $0.02
Hero: posts big blind $0.05
*** HOLE CARDS ***
Dealt to 1e3dc51e 
Dealt to Hero [As 3h]
1e3dc51e: raises $0.05 to $0.1
Hero: folds
Uncalled bet ($0.05) returned to 1e3dc51e
*** SHOWDOWN ***
1e3dc51e collected $0.1 from pot
*** SUMMARY ***
Total pot $0.1 | Rake $0 | Jackpot $0 | Bingo $0 | Fortune $0 | Tax $0
Seat 4: 1e3dc51e (small blind) collected ($0.1)
Seat 5: Hero (big blind) folded before Flop


Poker Hand #HD1735916478: Hold'em No Limit ($0.02/$0.05) - 2024/04/18 15:41:47
Table 'NLHBlue4' 6-max Seat #5 is the button
Seat 4: 1e3dc51e ($4.98 in chips)
Seat 5: Hero ($11.23 in chips)
Hero: posts small blind $0.02
1e3dc51e: posts big blind $0.05
*** HOLE CARDS ***
Dealt to 1e3dc51e 
Dealt to Hero [Jh 9s]
Hero: raises $0.07 to $0.12
1e3dc51e: calls $0.07
*** FLOP *** [Ad Ks Ac]
1e3dc51e: checks
Hero: checks
*** TURN *** [Ad Ks Ac] [9d]
1e3dc51e: bets $0.12
Hero: calls $0.12
*** RIVER *** [Ad Ks Ac 9d] [Jd]
1e3dc51e: bets $0.36
Hero: folds
Uncalled bet ($0.36) returned to 1e3dc51e
*** SHOWDOWN ***
1e3dc51e collected $0.46 from pot
*** SUMMARY ***
Total pot $0.48 | Rake $0.02 | Jackpot $0 | Bingo $0 | Fortune $0 | Tax $0
Board [Ad Ks Ac 9d Jd]
Seat 4: 1e3dc51e (big blind) won ($0.46)
Seat 5: Hero (small blind) folded on the River


Poker Hand #HD1735916460: Hold'em No Limit ($0.02/$0.05) - 2024/04/18 15:41:40
Table 'NLHBlue4' 6-max Seat #4 is the button
Seat 4: 1e3dc51e ($5 in chips)
Seat 5: Hero ($11.21 in chips)
1e3dc51e: posts small blind $0.02
Hero: posts big blind $0.05
*** HOLE CARDS ***
Dealt to 1e3dc51e 
Dealt to Hero [Kc Qd]
1e3dc51e: folds
Uncalled bet ($0.03) returned to Hero
*** SHOWDOWN ***
Hero collected $0.04 from pot
*** SUMMARY ***
Total pot $0.04 | Rake $0 | Jackpot $0 | Bingo $0 | Fortune $0 | Tax $0
Seat 4: 1e3dc51e (small blind) folded before Flop
Seat 5: Hero (big blind) collected ($0.04)


Poker Hand #HD1735916401: Hold'em No Limit ($0.02/$0.05) - 2024/04/18 15:41:14
Table 'NLHBlue4' 6-max Seat #5 is the button
Seat 4: 1e3dc51e ($5.05 in chips)
Seat 5: Hero ($11.16 in chips)
Hero: posts small blind $0.02
1e3dc51e: posts big blind $0.05
*** HOLE CARDS ***
Dealt to 1e3dc51e 
Dealt to Hero [9h 4h]
Hero: calls $0.03
1e3dc51e: checks
*** FLOP *** [4d 7s 3d]
1e3dc51e: checks
Hero: bets $0.05
1e3dc51e: folds
Uncalled bet ($0.05) returned to Hero
*** SHOWDOWN ***
Hero collected $0.1 from pot
*** SUMMARY ***
Total pot $0.1 | Rake $0 | Jackpot $0 | Bingo $0 | Fortune $0 | Tax $0
Board [4d 7s 3d]
Seat 4: 1e3dc51e (big blind) folded on the Flop
Seat 5: Hero (small blind) won ($0.1)


Poker Hand #HD1735916364: Hold'em No Limit ($0.02/$0.05) - 2024/04/18 15:40:57
Table 'NLHBlue4' 6-max Seat #4 is the button
Seat 4: 1e3dc51e ($5.07 in chips)
Seat 5: Hero ($11.14 in chips)
1e3dc51e: posts small blind $0.02
Hero: posts big blind $0.05
*** HOLE CARDS ***
Dealt to 1e3dc51e 
Dealt to Hero [Kd 5h]
1e3dc51e: folds
Uncalled bet ($0.03) returned to Hero
*** SHOWDOWN ***
Hero collected $0.04 from pot
*** SUMMARY ***
Total pot $0.04 | Rake $0 | Jackpot $0 | Bingo $0 | Fortune $0 | Tax $0
Seat 4: 1e3dc51e (small blind) folded before Flop
Seat 5: Hero (big blind) collected ($0.04)


Poker Hand #HD1735916347: Hold'em No Limit ($0.02/$0.05) - 2024/04/18 15:40:52
Table 'NLHBlue4' 6-max Seat #6 is the button
Seat 4: 1e3dc51e ($5.09 in chips)
Seat 5: Hero ($11.12 in chips)
Seat 6: 60d2d57e ($11.08 in chips)
1e3dc51e: posts small blind $0.02
Hero: posts big blind $0.05
*** HOLE CARDS ***
Dealt to 1e3dc51e 
Dealt to Hero [8c Jh]
Dealt to 60d2d57e 
60d2d57e: folds
1e3dc51e: folds
Uncalled bet ($0.03) returned to Hero
*** SHOWDOWN ***
Hero collected $0.04 from pot
*** SUMMARY ***
Total pot $0.04 | Rake $0 | Jackpot $0 | Bingo $0 | Fortune $0 | Tax $0
Seat 4: 1e3dc51e (small blind) folded before Flop
Seat 5: Hero (big blind) collected ($0.04)
Seat 6: 60d2d57e (button) folded before Flop (didn't bet)


Poker Hand #HD1735916319: Hold'em No Limit ($0.02/$0.05) - 2024/04/18 15:40:40
Table 'NLHBlue4' 6-max Seat #5 is the button
Seat 4: 1e3dc51e ($5.14 in chips)
Seat 5: Hero ($11.05 in chips)
Seat 6: 60d2d57e ($11.1 in chips)
60d2d57e: posts small blind $0.02
1e3dc51e: posts big blind $0.05
*** HOLE CARDS ***
Dealt to 1e3dc51e 
Dealt to Hero [Jc Ac]
Dealt to 60d2d57e 
Hero: raises $0.07 to $0.12
60d2d57e: folds
1e3dc51e: folds
Uncalled bet ($0.07) returned to Hero
*** SHOWDOWN ***
Hero collected $0.12 from pot
*** SUMMARY ***
Total pot $0.12 | Rake $0 | Jackpot $0 | Bingo $0 | Fortune $0 | Tax $0
Seat 4: 1e3dc51e (big blind) folded before Flop
Seat 5: Hero (button) collected ($0.12)
Seat 6: 60d2d57e (small blind) folded before Flop


Poker Hand #HD1735916280: Hold'em No Limit ($0.02/$0.05) - 2024/04/18 15:40:21
Table 'NLHBlue4' 6-max Seat #4 is the button
Seat 1: 2693c280 ($5.7 in chips)
Seat 3: 403574d7 ($6.44 in chips)
Seat 4: 1e3dc51e ($5.14 in chips)
Seat 5: Hero ($11.07 in chips)
Seat 6: 60d2d57e ($11.08 in chips)
Hero: posts small blind $0.02
60d2d57e: posts big blind $0.05
*** HOLE CARDS ***
Dealt to 2693c280 
Dealt to 403574d7 
Dealt to 1e3dc51e 
Dealt to Hero [Kd 7c]
Dealt to 60d2d57e 
2693c280: folds
403574d7: folds
1e3dc51e: folds
Hero: folds
Uncalled bet ($0.03) returned to 60d2d57e
*** SHOWDOWN ***
60d2d57e collected $0.04 from pot
*** SUMMARY ***
Total pot $0.04 | Rake $0 | Jackpot $0 | Bingo $0 | Fortune $0 | Tax $0
Seat 1: 2693c280 folded before Flop (didn't bet)
Seat 3: 403574d7 folded before Flop (didn't bet)
Seat 4: 1e3dc51e (button) folded before Flop (didn't bet)
Seat 5: Hero (small blind) folded before Flop
Seat 6: 60d2d57e (big blind) collected ($0.04)


Poker Hand #HD1735916126: Hold'em No Limit ($0.02/$0.05) - 2024/04/18 15:39:19
Table 'NLHBlue4' 6-max Seat #3 is the button
Seat 1: 2693c280 ($5.7 in chips)
Seat 2: e5e29e8 ($4.09 in chips)
Seat 3: 403574d7 ($6.44 in chips)
Seat 4: 1e3dc51e ($5.16 in chips)
Seat 5: Hero ($11.12 in chips)
Seat 6: 60d2d57e ($7.38 in chips)
1e3dc51e: posts small blind $0.02
Hero: posts big blind $0.05
*** HOLE CARDS ***
Dealt to 2693c280 
Dealt to e5e29e8 
Dealt to 403574d7 
Dealt to 1e3dc51e 
Dealt to Hero [5h 6s]
Dealt to 60d2d57e 
60d2d57e: raises $0.08 to $0.13
2693c280: folds
e5e29e8: raises $0.25 to $0.38
403574d7: folds
1e3dc51e: folds
Hero: folds
60d2d57e: raises $0.7 to $1.08
e5e29e8: calls $0.7
*** FLOP *** [Qc 7s 3h]
60d2d57e: bets $1.12
e5e29e8: raises $1.89 to $3.01 and is all-in
60d2d57e: calls $1.89
e5e29e8: shows [Qd Td] (Pair of Queens)
60d2d57e: shows [Ks Kc] (Pair of Kings)
*** TURN *** [Qc 7s 3h] [3c]
*** RIVER *** [Qc 7s 3h 3c] [Jh]
*** SHOWDOWN ***
60d2d57e collected $7.79 from pot
*** SUMMARY ***
Total pot $8.25 | Rake $0.41 | Jackpot $0.05 | Bingo $0 | Fortune $0 | Tax $0
Board [Qc 7s 3h 3c Jh]
Seat 1: 2693c280 folded before Flop (didn't bet)
Seat 2: e5e29e8 showed [Qd Td] and lost with Pair of Queens and Pair of Treys
Seat 3: 403574d7 (button) folded before Flop (didn't bet)
Seat 4: 1e3dc51e (small blind) folded before Flop
Seat 5: Hero (big blind) folded before Flop
Seat 6: 60d2d57e showed [Ks Kc] and won ($7.79) with Pair of Kings and Pair of Treys


Poker Hand #HD1735916047: Hold'em No Limit ($0.02/$0.05) - 2024/04/18 15:38:45
Table 'NLHBlue4' 6-max Seat #2 is the button
Seat 1: 2693c280 ($5.7 in chips)
Seat 2: e5e29e8 ($4.19 in chips)
Seat 3: 403574d7 ($6.46 in chips)
Seat 4: 1e3dc51e ($4.95 in chips)
Seat 5: Hero ($11.22 in chips)
Seat 6: 60d2d57e ($7.38 in chips)
403574d7: posts small blind $0.02
1e3dc51e: posts big blind $0.05
*** HOLE CARDS ***
Dealt to 2693c280 
Dealt to e5e29e8 
Dealt to 403574d7 
Dealt to 1e3dc51e 
Dealt to Hero [Kc Qc]
Dealt to 60d2d57e 
Hero: raises $0.05 to $0.1
60d2d57e: folds
2693c280: folds
e5e29e8: calls $0.1
403574d7: folds
1e3dc51e: raises $0.24 to $0.34
Hero: folds
e5e29e8: folds
Uncalled bet ($0.24) returned to 1e3dc51e
*** SHOWDOWN ***
1e3dc51e collected $0.31 from pot
*** SUMMARY ***
Total pot $0.32 | Rake $0.01 | Jackpot $0 | Bingo $0 | Fortune $0 | Tax $0
Seat 1: 2693c280 folded before Flop (didn't bet)
Seat 2: e5e29e8 (button) folded before Flop
Seat 3: 403574d7 (small blind) folded before Flop
Seat 4: 1e3dc51e (big blind) collected ($0.31)
Seat 5: Hero folded before Flop
Seat 6: 60d2d57e folded before Flop (didn't bet)


Poker Hand #HD1735915916: Hold'em No Limit ($0.02/$0.05) - 2024/04/18 15:37:52
Table 'NLHBlue4' 6-max Seat #1 is the button
Seat 1: 2693c280 ($5.7 in chips)
Seat 2: e5e29e8 ($4.21 in chips)
Seat 3: 403574d7 ($6.51 in chips)
Seat 4: 1e3dc51e ($4.88 in chips)
Seat 5: Hero ($11.22 in chips)
Seat 6: 60d2d57e ($7.38 in chips)
e5e29e8: posts small blind $0.02
403574d7: posts big blind $0.05
*** HOLE CARDS ***
Dealt to 2693c280 
Dealt to e5e29e8 
Dealt to 403574d7 
Dealt to 1e3dc51e 
Dealt to Hero [8h 4h]
Dealt to 60d2d57e 
1e3dc51e: raises $0.06 to $0.11
Hero: folds
60d2d57e: folds
2693c280: folds
e5e29e8: folds
403574d7: folds
Uncalled bet ($0.06) returned to 1e3dc51e
*** SHOWDOWN ***
1e3dc51e collected $0.12 from pot
*** SUMMARY ***
Total pot $0.12 | Rake $0 | Jackpot $0 | Bingo $0 | Fortune $0 | Tax $0
Seat 1: 2693c280 (button) folded before Flop (didn't bet)
Seat 2: e5e29e8 (small blind) folded before Flop
Seat 3: 403574d7 (big blind) folded before Flop
Seat 4: 1e3dc51e collected ($0.12)
Seat 5: Hero folded before Flop (didn't bet)
Seat 6: 60d2d57e folded before Flop (didn't bet)


Poker Hand #HD1735915879: Hold'em No Limit ($0.02/$0.05) - 2024/04/18 15:37:35
Table 'NLHBlue4' 6-max Seat #6 is the button
Seat 1: 2693c280 ($5.72 in chips)
Seat 2: e5e29e8 ($4.19 in chips)
Seat 3: 403574d7 ($6.51 in chips)
Seat 4: 1e3dc51e ($4.88 in chips)
Seat 5: Hero ($11.22 in chips)
Seat 6: 60d2d57e ($7.38 in chips)
2693c280: posts small blind $0.02
e5e29e8: posts big blind $0.05
*** HOLE CARDS ***
Dealt to 2693c280 
Dealt to e5e29e8 
Dealt to 403574d7 
Dealt to 1e3dc51e 
Dealt to Hero [Jc 6s]
Dealt to 60d2d57e 
403574d7: folds
1e3dc51e: folds
Hero: folds
60d2d57e: folds
2693c280: folds
Uncalled bet ($0.03) returned to e5e29e8
*** SHOWDOWN ***
e5e29e8 collected $0.04 from pot
*** SUMMARY ***
Total pot $0.04 | Rake $0 | Jackpot $0 | Bingo $0 | Fortune $0 | Tax $0
Seat 1: 2693c280 (small blind) folded before Flop
Seat 2: e5e29e8 (big blind) collected ($0.04)
Seat 3: 403574d7 folded before Flop (didn't bet)
Seat 4: 1e3dc51e folded before Flop (didn't bet)
Seat 5: Hero folded before Flop (didn't bet)
Seat 6: 60d2d57e (button) folded before Flop (didn't bet)


Poker Hand #HD1735915770: Hold'em No Limit ($0.02/$0.05) - 2024/04/18 15:36:42
Table 'NLHBlue4' 6-max Seat #5 is the button
Seat 1: 2693c280 ($5.84 in chips)
Seat 2: e5e29e8 ($4.19 in chips)
Seat 3: 403574d7 ($6.51 in chips)
Seat 4: 1e3dc51e ($4.88 in chips)
Seat 5: Hero ($11.09 in chips)
Seat 6: 60d2d57e ($7.4 in chips)
60d2d57e: posts small blind $0.02
2693c280: posts big blind $0.05
*** HOLE CARDS ***
Dealt to 2693c280 
Dealt to e5e29e8 
Dealt to 403574d7 
Dealt to 1e3dc51e 
Dealt to Hero [Jh Ts]
Dealt to 60d2d57e 
e5e29e8: folds
403574d7: folds
1e3dc51e: folds
Hero: raises $0.07 to $0.12
60d2d57e: folds
2693c280: calls $0.07
*** FLOP *** [7h 4s Qs]
2693c280: checks
Hero: checks
*** TURN *** [7h 4s Qs] [8c]
2693c280: checks
Hero: bets $0.15
2693c280: folds
Uncalled bet ($0.15) returned to Hero
*** SHOWDOWN ***
Hero collected $0.25 from pot
*** SUMMARY ***
Total pot $0.26 | Rake $0.01 | Jackpot $0 | Bingo $0 | Fortune $0 | Tax $0
Board [7h 4s Qs 8c]
Seat 1: 2693c280 (big blind) folded on the Turn
Seat 2: e5e29e8 folded before Flop (didn't bet)
Seat 3: 403574d7 folded before Flop (didn't bet)
Seat 4: 1e3dc51e folded before Flop (didn't bet)
Seat 5: Hero (button) won ($0.25)
Seat 6: 60d2d57e (small blind) folded before Flop


Poker Hand #HD1735915682: Hold'em No Limit ($0.02/$0.05) - 2024/04/18 15:36:08
Table 'NLHBlue4' 6-max Seat #4 is the button
Seat 1: 2693c280 ($5.84 in chips)
Seat 2: e5e29e8 ($4.19 in chips)
Seat 3: 403574d7 ($6.35 in chips)
Seat 4: 1e3dc51e ($4.98 in chips)
Seat 5: Hero ($11.11 in chips)
Seat 6: 60d2d57e ($7.45 in chips)
Hero: posts small blind $0.02
60d2d57e: posts big blind $0.05
*** HOLE CARDS ***
Dealt to 2693c280 
Dealt to e5e29e8 
Dealt to 403574d7 
Dealt to 1e3dc51e 
Dealt to Hero [8s Js]
Dealt to 60d2d57e 
2693c280: folds
e5e29e8: folds
403574d7: raises $0.05 to $0.1
1e3dc51e: calls $0.1
Hero: folds
60d2d57e: folds
*** FLOP *** [8d 3h 7d]
403574d7: bets $0.14
1e3dc51e: folds
Uncalled bet ($0.14) returned to 403574d7
*** SHOWDOWN ***
403574d7 collected $0.26 from pot
*** SUMMARY ***
Total pot $0.27 | Rake $0.01 | Jackpot $0 | Bingo $0 | Fortune $0 | Tax $0
Board [8d 3h 7d]
Seat 1: 2693c280 folded before Flop (didn't bet)
Seat 2: e5e29e8 folded before Flop (didn't bet)
Seat 3: 403574d7 won ($0.26)
Seat 4: 1e3dc51e (button) folded on the Flop
Seat 5: Hero (small blind) folded before Flop
Seat 6: 60d2d57e (big blind) folded before Flop


Poker Hand #HD1735825556: Hold'em No Limit ($0.02/$0.05) - 2024/04/18 15:35:16
Table 'NLHBlue4' 6-max Seat #3 is the button
Seat 1: 2693c280 ($5.84 in chips)
Seat 2: e5e29e8 ($4.39 in chips)
Seat 3: 403574d7 ($6.35 in chips)
Seat 4: 1e3dc51e ($5 in chips)
Seat 5: Hero ($10.91 in chips)
Seat 6: 60d2d57e ($7.45 in chips)
1e3dc51e: posts small blind $0.02
Hero: posts big blind $0.05
*** HOLE CARDS ***
Dealt to 2693c280 
Dealt to e5e29e8 
Dealt to 403574d7 
Dealt to 1e3dc51e 
Dealt to Hero [Ac Qd]
Dealt to 60d2d57e 
60d2d57e: folds
2693c280: folds
e5e29e8: calls $0.05
403574d7: folds
1e3dc51e: folds
Hero: raises $0.15 to $0.2
e5e29e8: calls $0.15
*** FLOP *** [Kc Qs Jd]
Hero: bets $0.2
e5e29e8: folds
Uncalled bet ($0.2) returned to Hero
*** SHOWDOWN ***
Hero collected $0.4 from pot
*** SUMMARY ***
Total pot $0.42 | Rake $0.02 | Jackpot $0 | Bingo $0 | Fortune $0 | Tax $0
Board [Kc Qs Jd]
Seat 1: 2693c280 folded before Flop (didn't bet)
Seat 2: e5e29e8 folded on the Flop
Seat 3: 403574d7 (button) folded before Flop (didn't bet)
Seat 4: 1e3dc51e (small blind) folded before Flop
Seat 5: Hero (big blind) won ($0.4)
Seat 6: 60d2d57e folded before Flop (didn't bet)


Poker Hand #HD1735825464: Hold'em No Limit ($0.02/$0.05) - 2024/04/18 15:34:33
Table 'NLHBlue4' 6-max Seat #2 is the button
Seat 1: 2693c280 ($5.84 in chips)
Seat 2: e5e29e8 ($4.39 in chips)
Seat 3: 403574d7 ($6.45 in chips)
Seat 4: 1e3dc51e ($3.82 in chips)
Seat 5: Hero ($10.72 in chips)
Seat 6: 60d2d57e ($7.45 in chips)
403574d7: posts small blind $0.02
1e3dc51e: posts big blind $0.05
*** HOLE CARDS ***
Dealt to 2693c280 
Dealt to e5e29e8 
Dealt to 403574d7 
Dealt to 1e3dc51e 
Dealt to Hero [As Ac]
Dealt to 60d2d57e 
Hero: raises $0.05 to $0.1
60d2d57e: folds
2693c280: folds
e5e29e8: folds
403574d7: calls $0.08
1e3dc51e: calls $0.05
*** FLOP *** [2d 8c 3c]
403574d7: checks
1e3dc51e: checks
Hero: bets $0.15
403574d7: folds
1e3dc51e: folds
Uncalled bet ($0.15) returned to Hero
*** SHOWDOWN ***
Hero collected $0.29 from pot
*** SUMMARY ***
Total pot $0.3 | Rake $0.01 | Jackpot $0 | Bingo $0 | Fortune $0 | Tax $0
Board [2d 8c 3c]
Seat 1: 2693c280 folded before Flop (didn't bet)
Seat 2: e5e29e8 (button) folded before Flop (didn't bet)
Seat 3: 403574d7 (small blind) folded on the Flop
Seat 4: 1e3dc51e (big blind) folded on the Flop
Seat 5: Hero won ($0.29)
Seat 6: 60d2d57e folded before Flop (didn't bet)


Poker Hand #HD1735825416: Hold'em No Limit ($0.02/$0.05) - 2024/04/18 15:34:15
Table 'NLHBlue4' 6-max Seat #1 is the button
Seat 1: 2693c280 ($5.77 in chips)
Seat 2: e5e29e8 ($4.41 in chips)
Seat 3: 403574d7 ($6.5 in chips)
Seat 4: 1e3dc51e ($3.82 in chips)
Seat 5: Hero ($10.72 in chips)
Seat 6: 60d2d57e ($7.45 in chips)
e5e29e8: posts small blind $0.02
403574d7: posts big blind $0.05
*** HOLE CARDS ***
Dealt to 2693c280 
Dealt to e5e29e8 
Dealt to 403574d7 
Dealt to 1e3dc51e 
Dealt to Hero [3s Td]
Dealt to 60d2d57e 
1e3dc51e: folds
Hero: folds
60d2d57e: folds
2693c280: raises $0.1 to $0.15
e5e29e8: folds
403574d7: folds
Uncalled bet ($0.1) returned to 2693c280
*** SHOWDOWN ***
2693c280 collected $0.12 from pot
*** SUMMARY ***
Total pot $0.12 | Rake $0 | Jackpot $0 | Bingo $0 | Fortune $0 | Tax $0
Seat 1: 2693c280 (button) collected ($0.12)
Seat 2: e5e29e8 (small blind) folded before Flop
Seat 3: 403574d7 (big blind) folded before Flop
Seat 4: 1e3dc51e folded before Flop (didn't bet)
Seat 5: Hero folded before Flop (didn't bet)
Seat 6: 60d2d57e folded before Flop (didn't bet)


Poker Hand #HD1735825253: Hold'em No Limit ($0.02/$0.05) - 2024/04/18 15:32:58
Table 'NLHBlue4' 6-max Seat #6 is the button
Seat 1: 2693c280 ($5 in chips)
Seat 2: e5e29e8 ($4.52 in chips)
Seat 3: 403574d7 ($6.5 in chips)
Seat 4: 1e3dc51e ($4.61 in chips)
Seat 5: Hero ($10.72 in chips)
Seat 6: 60d2d57e ($7.45 in chips)
2693c280: posts small blind $0.02
e5e29e8: posts big blind $0.05
*** HOLE CARDS ***
Dealt to 2693c280 
Dealt to e5e29e8 
Dealt to 403574d7 
Dealt to 1e3dc51e 
Dealt to Hero [Jd Th]
Dealt to 60d2d57e 
403574d7: folds
1e3dc51e: raises $0.06 to $0.11
Hero: folds
60d2d57e: folds
2693c280: calls $0.09
e5e29e8: calls $0.06
*** FLOP *** [6c Ac 6h]
2693c280: checks
e5e29e8: checks
1e3dc51e: bets $0.17
2693c280: calls $0.17
e5e29e8: folds
*** TURN *** [6c Ac 6h] [Tc]
2693c280: checks
1e3dc51e: checks
*** RIVER *** [6c Ac 6h Tc] [As]
2693c280: checks
1e3dc51e: bets $0.51
2693c280: calls $0.51
1e3dc51e: shows [4h 5h] (Pair of Aces and Pair of Sixes)
2693c280: shows [8s 8d] (Pair of Aces and Pair of Eights)
*** SHOWDOWN ***
2693c280 collected $1.56 from pot
*** SUMMARY ***
Total pot $1.69 | Rake $0.08 | Jackpot $0.05 | Bingo $0 | Fortune $0 | Tax $0
Board [6c Ac 6h Tc As]
Seat 1: 2693c280 (small blind) showed [8s 8d] and won ($1.56) with Pair of Aces and Pair of Eights
Seat 2: e5e29e8 (big blind) folded on the Flop
Seat 3: 403574d7 folded before Flop (didn't bet)
Seat 4: 1e3dc51e showed [4h 5h] and lost with Pair of Aces and Pair of Sixes
Seat 5: Hero folded before Flop (didn't bet)
Seat 6: 60d2d57e (button) folded before Flop (didn't bet)


Poker Hand #HD1735825122: Hold'em No Limit ($0.02/$0.05) - 2024/04/18 15:31:57
Table 'NLHBlue4' 6-max Seat #5 is the button
Seat 1: 2693c280 ($5 in chips)
Seat 2: e5e29e8 ($4.27 in chips)
Seat 3: 403574d7 ($6.5 in chips)
Seat 4: 1e3dc51e ($4.61 in chips)
Seat 5: Hero ($10.92 in chips)
Seat 6: 60d2d57e ($7.47 in chips)
60d2d57e: posts small blind $0.02
2693c280: posts big blind $0.05
*** HOLE CARDS ***
Dealt to 2693c280 
Dealt to e5e29e8 
Dealt to 403574d7 
Dealt to 1e3dc51e 
Dealt to Hero [Kc Jd]
Dealt to 60d2d57e 
e5e29e8: calls $0.05
403574d7: folds
1e3dc51e: folds
Hero: raises $0.15 to $0.2
60d2d57e: folds
2693c280: folds
e5e29e8: calls $0.15
*** FLOP *** [Td 9s 5c]
e5e29e8: checks
Hero: checks
*** TURN *** [Td 9s 5c] [Th]
e5e29e8: bets $0.47
Hero: folds
Uncalled bet ($0.47) returned to e5e29e8
*** SHOWDOWN ***
e5e29e8 collected $0.45 from pot
*** SUMMARY ***
Total pot $0.47 | Rake $0.02 | Jackpot $0 | Bingo $0 | Fortune $0 | Tax $0
Board [Td 9s 5c Th]
Seat 1: 2693c280 (big blind) folded before Flop
Seat 2: e5e29e8 won ($0.45)
Seat 3: 403574d7 folded before Flop (didn't bet)
Seat 4: 1e3dc51e folded before Flop (didn't bet)
Seat 5: Hero (button) folded on the Turn
Seat 6: 60d2d57e (small blind) folded before Flop


Poker Hand #HD1735825072: Hold'em No Limit ($0.02/$0.05) - 2024/04/18 15:31:33
Table 'NLHBlue4' 6-max Seat #4 is the button
Seat 2: e5e29e8 ($4.2 in chips)
Seat 3: 403574d7 ($6.5 in chips)
Seat 4: 1e3dc51e ($4.61 in chips)
Seat 5: Hero ($10.94 in chips)
Seat 6: 60d2d57e ($7.52 in chips)
Hero: posts small blind $0.02
60d2d57e: posts big blind $0.05
*** HOLE CARDS ***
Dealt to e5e29e8 
Dealt to 403574d7 
Dealt to 1e3dc51e 
Dealt to Hero [9c 4c]
Dealt to 60d2d57e 
e5e29e8: calls $0.05
403574d7: folds
1e3dc51e: folds
Hero: folds
60d2d57e: checks
*** FLOP *** [4s Kh Jd]
60d2d57e: checks
e5e29e8: bets $0.12
60d2d57e: folds
Uncalled bet ($0.12) returned to e5e29e8
*** SHOWDOWN ***
e5e29e8 collected $0.12 from pot
*** SUMMARY ***
Total pot $0.12 | Rake $0 | Jackpot $0 | Bingo $0 | Fortune $0 | Tax $0
Board [4s Kh Jd]
Seat 2: e5e29e8 won ($0.12)
Seat 3: 403574d7 folded before Flop (didn't bet)
Seat 4: 1e3dc51e (button) folded before Flop (didn't bet)
Seat 5: Hero (small blind) folded before Flop
Seat 6: 60d2d57e (big blind) folded on the Flop


Poker Hand #HD1735825009: Hold'em No Limit ($0.02/$0.05) - 2024/04/18 15:31:05
Table 'NLHBlue4' 6-max Seat #3 is the button
Seat 2: e5e29e8 ($3.97 in chips)
Seat 3: 403574d7 ($6.68 in chips)
Seat 4: 1e3dc51e ($4.63 in chips)
Seat 5: Hero ($10.99 in chips)
Seat 6: 60d2d57e ($7.52 in chips)
1e3dc51e: posts small blind $0.02
Hero: posts big blind $0.05
*** HOLE CARDS ***
Dealt to e5e29e8 
Dealt to 403574d7 
Dealt to 1e3dc51e 
Dealt to Hero [2c Ks]
Dealt to 60d2d57e 
60d2d57e: folds
e5e29e8: calls $0.05
403574d7: raises $0.13 to $0.18
1e3dc51e: folds
Hero: folds
e5e29e8: calls $0.13
*** FLOP *** [6s 3d 8s]
e5e29e8: bets $0.43
403574d7: folds
Uncalled bet ($0.43) returned to e5e29e8
*** SHOWDOWN ***
e5e29e8 collected $0.41 from pot
*** SUMMARY ***
Total pot $0.43 | Rake $0.02 | Jackpot $0 | Bingo $0 | Fortune $0 | Tax $0
Board [6s 3d 8s]
Seat 2: e5e29e8 won ($0.41)
Seat 3: 403574d7 (button) folded on the Flop
Seat 4: 1e3dc51e (small blind) folded before Flop
Seat 5: Hero (big blind) folded before Flop
Seat 6: 60d2d57e folded before Flop (didn't bet)


Poker Hand #HD1735824839: Hold'em No Limit ($0.02/$0.05) - 2024/04/18 15:29:50
Table 'NLHBlue4' 6-max Seat #2 is the button
Seat 1: 36d61e25 ($7.5 in chips)
Seat 2: e5e29e8 ($3.97 in chips)
Seat 3: 403574d7 ($6.7 in chips)
Seat 4: 1e3dc51e ($4.88 in chips)
Seat 5: Hero ($10.99 in chips)
Seat 6: 60d2d57e ($7.78 in chips)
403574d7: posts small blind $0.02
1e3dc51e: posts big blind $0.05
*** HOLE CARDS ***
Dealt to 36d61e25 
Dealt to e5e29e8 
Dealt to 403574d7 
Dealt to 1e3dc51e 
Dealt to Hero [Qd 8d]
Dealt to 60d2d57e 
Hero: folds
60d2d57e: raises $0.08 to $0.13
36d61e25: folds
e5e29e8: folds
403574d7: folds
1e3dc51e: calls $0.08
*** FLOP *** [9h 7h Ts]
1e3dc51e: checks
60d2d57e: bets $0.14
1e3dc51e: raises $0.42 to $0.56
60d2d57e: calls $0.42
*** TURN *** [9h 7h Ts] [4d]
1e3dc51e: bets $1.4
60d2d57e: raises $5.69 to $7.09 and is all-in
1e3dc51e: calls $2.79 and is all-in
Uncalled bet ($2.9) returned to 60d2d57e
60d2d57e: shows [Ad As] (Pair of Aces)
1e3dc51e: shows [9c Td] (Pair of Tens and Pair of Nines)
*** FIRST RIVER *** [9h 7h Ts 4d] [2d]
*** SECOND RIVER *** [9h 7h Ts 4d] [Ah]
*** FIRST SHOWDOWN ***
1e3dc51e collected $4.63 from pot
*** SECOND SHOWDOWN ***
60d2d57e collected $4.62 from pot
*** SUMMARY ***
Total pot $9.78 | Rake $0.48 | Jackpot $0.05 | Bingo $0 | Fortune $0 | Tax $0
Hand was run two times
FIRST Board [9h 7h Ts 4d 2d]
SECOND Board [Ah]
Seat 1: 36d61e25 folded before Flop (didn't bet)
Seat 2: e5e29e8 (button) folded before Flop (didn't bet)
Seat 3: 403574d7 (small blind) folded before Flop
Seat 4: 1e3dc51e (big blind) showed [9c Td] and won ($4.63) with Pair of Tens and Pair of Nines, and lost
Seat 5: Hero folded before Flop (didn't bet)
Seat 6: 60d2d57e showed [Ad As] and lost with Pair of Aces, and won ($4.62)


Poker Hand #HD1735824720: Hold'em No Limit ($0.02/$0.05) - 2024/04/18 15:28:55
Table 'NLHBlue4' 6-max Seat #1 is the button
Seat 1: 36d61e25 ($7.5 in chips)
Seat 2: e5e29e8 ($4.08 in chips)
Seat 3: 403574d7 ($6.75 in chips)
Seat 4: 1e3dc51e ($4.73 in chips)
Seat 5: Hero ($10.99 in chips)
Seat 6: 60d2d57e ($7.78 in chips)
e5e29e8: posts small blind $0.02
403574d7: posts big blind $0.05
*** HOLE CARDS ***
Dealt to 36d61e25 
Dealt to e5e29e8 
Dealt to 403574d7 
Dealt to 1e3dc51e 
Dealt to Hero [Ks 3h]
Dealt to 60d2d57e 
1e3dc51e: raises $0.06 to $0.11
Hero: folds
60d2d57e: folds
36d61e25: folds
e5e29e8: calls $0.09
403574d7: folds
*** FLOP *** [Jc Qs 3c]
e5e29e8: checks
1e3dc51e: checks
*** TURN *** [Jc Qs 3c] [3s]
e5e29e8: checks
1e3dc51e: bets $0.14
e5e29e8: folds
Uncalled bet ($0.14) returned to 1e3dc51e
*** SHOWDOWN ***
1e3dc51e collected $0.26 from pot
*** SUMMARY ***
Total pot $0.27 | Rake $0.01 | Jackpot $0 | Bingo $0 | Fortune $0 | Tax $0
Board [Jc Qs 3c 3s]
Seat 1: 36d61e25 (button) folded before Flop (didn't bet)
Seat 2: e5e29e8 (small blind) folded on the Turn
Seat 3: 403574d7 (big blind) folded before Flop
Seat 4: 1e3dc51e won ($0.26)
Seat 5: Hero folded before Flop (didn't bet)
Seat 6: 60d2d57e folded before Flop (didn't bet)


Poker Hand #HD1735824684: Hold'em No Limit ($0.02/$0.05) - 2024/04/18 15:28:37
Table 'NLHBlue4' 6-max Seat #6 is the button
Seat 1: 36d61e25 ($7.52 in chips)
Seat 2: e5e29e8 ($4.06 in chips)
Seat 3: 403574d7 ($6.75 in chips)
Seat 4: 1e3dc51e ($4.73 in chips)
Seat 5: Hero ($10.99 in chips)
Seat 6: 60d2d57e ($7.78 in chips)
36d61e25: posts small blind $0.02
e5e29e8: posts big blind $0.05
*** HOLE CARDS ***
Dealt to 36d61e25 
Dealt to e5e29e8 
Dealt to 403574d7 
Dealt to 1e3dc51e 
Dealt to Hero [7s 5c]
Dealt to 60d2d57e 
403574d7: folds
1e3dc51e: folds
Hero: folds
60d2d57e: folds
36d61e25: folds
Uncalled bet ($0.03) returned to e5e29e8
*** SHOWDOWN ***
e5e29e8 collected $0.04 from pot
*** SUMMARY ***
Total pot $0.04 | Rake $0 | Jackpot $0 | Bingo $0 | Fortune $0 | Tax $0
Seat 1: 36d61e25 (small blind) folded before Flop
Seat 2: e5e29e8 (big blind) collected ($0.04)
Seat 3: 403574d7 folded before Flop (didn't bet)
Seat 4: 1e3dc51e folded before Flop (didn't bet)
Seat 5: Hero folded before Flop (didn't bet)
Seat 6: 60d2d57e (button) folded before Flop (didn't bet)


Poker Hand #HD1735824623: Hold'em No Limit ($0.02/$0.05) - 2024/04/18 15:28:11
Table 'NLHBlue4' 6-max Seat #5 is the button
Seat 1: 36d61e25 ($7.57 in chips)
Seat 2: e5e29e8 ($3.99 in chips)
Seat 3: 403574d7 ($6.75 in chips)
Seat 4: 1e3dc51e ($4.73 in chips)
Seat 5: Hero ($10.99 in chips)
Seat 6: 60d2d57e ($7.8 in chips)
60d2d57e: posts small blind $0.02
36d61e25: posts big blind $0.05
*** HOLE CARDS ***
Dealt to 36d61e25 
Dealt to e5e29e8 
Dealt to 403574d7 
Dealt to 1e3dc51e 
Dealt to Hero [9d 6d]
Dealt to 60d2d57e 
e5e29e8: raises $0.1 to $0.15
403574d7: folds
1e3dc51e: folds
Hero: folds
60d2d57e: folds
36d61e25: folds
Uncalled bet ($0.1) returned to e5e29e8
*** SHOWDOWN ***
e5e29e8 collected $0.12 from pot
*** SUMMARY ***
Total pot $0.12 | Rake $0 | Jackpot $0 | Bingo $0 | Fortune $0 | Tax $0
Seat 1: 36d61e25 (big blind) folded before Flop
Seat 2: e5e29e8 collected ($0.12)
Seat 3: 403574d7 folded before Flop (didn't bet)
Seat 4: 1e3dc51e folded before Flop (didn't bet)
Seat 5: Hero (button) folded before Flop (didn't bet)
Seat 6: 60d2d57e (small blind) folded before Flop


Poker Hand #HD1735824530: Hold'em No Limit ($0.02/$0.05) - 2024/04/18 15:27:30
Table 'NLHBlue4' 6-max Seat #4 is the button
Seat 1: 36d61e25 ($7.57 in chips)
Seat 2: e5e29e8 ($3.99 in chips)
Seat 3: 403574d7 ($6.75 in chips)
Seat 4: 1e3dc51e ($4.73 in chips)
Seat 5: Hero ($10.67 in chips)
Seat 6: 60d2d57e ($8.15 in chips)
Hero: posts small blind $0.02
60d2d57e: posts big blind $0.05
*** HOLE CARDS ***
Dealt to 36d61e25 
Dealt to e5e29e8 
Dealt to 403574d7 
Dealt to 1e3dc51e 
Dealt to Hero [Qc Kh]
Dealt to 60d2d57e 
36d61e25: folds
e5e29e8: folds
403574d7: folds
1e3dc51e: folds
Hero: raises $0.1 to $0.15
60d2d57e: calls $0.1
*** FLOP *** [Kc 6s Ks]
Hero: checks
60d2d57e: checks
*** TURN *** [Kc 6s Ks] [9s]
Hero: bets $0.2
60d2d57e: calls $0.2
*** RIVER *** [Kc 6s Ks 9s] [3d]
Hero: checks
60d2d57e: checks
Hero: shows [Qc Kh] (Three Kings)
60d2d57e: shows [Js Qd] (Pair of Kings)
*** SHOWDOWN ***
Hero collected $0.67 from pot
*** SUMMARY ***
Total pot $0.7 | Rake $0.03 | Jackpot $0 | Bingo $0 | Fortune $0 | Tax $0
Board [Kc 6s Ks 9s 3d]
Seat 1: 36d61e25 folded before Flop (didn't bet)
Seat 2: e5e29e8 folded before Flop (didn't bet)
Seat 3: 403574d7 folded before Flop (didn't bet)
Seat 4: 1e3dc51e (button) folded before Flop (didn't bet)
Seat 5: Hero (small blind) showed [Qc Kh] and won ($0.67) with Three Kings
Seat 6: 60d2d57e (big blind) showed [Js Qd] and lost with Pair of Kings


Poker Hand #HD1735824361: Hold'em No Limit ($0.02/$0.05) - 2024/04/18 15:26:20
Table 'NLHBlue4' 6-max Seat #3 is the button
Seat 1: 36d61e25 ($7.88 in chips)
Seat 2: e5e29e8 ($3.99 in chips)
Seat 3: 403574d7 ($6.4 in chips)
Seat 4: 1e3dc51e ($4.75 in chips)
Seat 5: Hero ($10.72 in chips)
Seat 6: 60d2d57e ($8.15 in chips)
1e3dc51e: posts small blind $0.02
Hero: posts big blind $0.05
*** HOLE CARDS ***
Dealt to 36d61e25 
Dealt to e5e29e8 
Dealt to 403574d7 
Dealt to 1e3dc51e 
Dealt to Hero [7d 9h]
Dealt to 60d2d57e 
60d2d57e: folds
36d61e25: raises $0.05 to $0.1
e5e29e8: folds
403574d7: raises $0.21 to $0.31
1e3dc51e: folds
Hero: folds
36d61e25: calls $0.21
*** FLOP *** [9c 3c 6d]
36d61e25: checks
403574d7: checks
*** TURN *** [9c 3c 6d] [Kc]
36d61e25: checks
403574d7: bets $0.52
36d61e25: folds
Uncalled bet ($0.52) returned to 403574d7
*** SHOWDOWN ***
403574d7 collected $0.66 from pot
*** SUMMARY ***
Total pot $0.69 | Rake $0.03 | Jackpot $0 | Bingo $0 | Fortune $0 | Tax $0
Board [9c 3c 6d Kc]
Seat 1: 36d61e25 folded on the Turn
Seat 2: e5e29e8 folded before Flop (didn't bet)
Seat 3: 403574d7 (button) won ($0.66)
Seat 4: 1e3dc51e (small blind) folded before Flop
Seat 5: Hero (big blind) folded before Flop
Seat 6: 60d2d57e folded before Flop (didn't bet)


Poker Hand #HD1735823304: Hold'em No Limit ($0.02/$0.05) - 2024/04/18 15:17:51
Table 'NLHBlue4' 6-max Seat #5 is the button
Seat 1: 36d61e25 ($5.96 in chips)
Seat 3: 403574d7 ($6.88 in chips)
Seat 4: 1e3dc51e ($3.92 in chips)
Seat 5: Hero ($10.72 in chips)
Seat 6: 60d2d57e ($8.22 in chips)
60d2d57e: posts small blind $0.02
36d61e25: posts big blind $0.05
*** HOLE CARDS ***
Dealt to 36d61e25 
Dealt to 403574d7 
Dealt to 1e3dc51e 
Dealt to Hero [Ts 4s]
Dealt to 60d2d57e 
403574d7: raises $0.05 to $0.1
1e3dc51e: folds
Hero: folds
60d2d57e: folds
36d61e25: folds
Uncalled bet ($0.05) returned to 403574d7
*** SHOWDOWN ***
403574d7 collected $0.12 from pot
*** SUMMARY ***
Total pot $0.12 | Rake $0 | Jackpot $0 | Bingo $0 | Fortune $0 | Tax $0
Seat 1: 36d61e25 (big blind) folded before Flop
Seat 3: 403574d7 collected ($0.12)
Seat 4: 1e3dc51e folded before Flop (didn't bet)
Seat 5: Hero (button) folded before Flop (didn't bet)
Seat 6: 60d2d57e (small blind) folded before Flop


Poker Hand #HD1735823196: Hold'em No Limit ($0.02/$0.05) - 2024/04/18 15:16:55
Table 'NLHBlue4' 6-max Seat #4 is the button
Seat 1: 36d61e25 ($5.96 in chips)
Seat 3: 403574d7 ($6.88 in chips)
Seat 4: 1e3dc51e ($3.92 in chips)
Seat 5: Hero ($10.04 in chips)
Seat 6: 60d2d57e ($9.02 in chips)
Hero: posts small blind $0.02
60d2d57e: posts big blind $0.05
*** HOLE CARDS ***
Dealt to 36d61e25 
Dealt to 403574d7 
Dealt to 1e3dc51e 
Dealt to Hero [6c 5c]
Dealt to 60d2d57e 
36d61e25: folds
403574d7: folds
1e3dc51e: folds
Hero: raises $0.1 to $0.15
60d2d57e: calls $0.1
*** FLOP *** [2c 8s Qc]
Hero: bets $0.15
60d2d57e: calls $0.15
*** TURN *** [2c 8s Qc] [9s]
Hero: bets $0.5
60d2d57e: calls $0.5
*** RIVER *** [2c 8s Qc 9s] [Tc]
Hero: bets $0.78
60d2d57e: folds
Uncalled bet ($0.78) returned to Hero
*** SHOWDOWN ***
Hero collected $1.48 from pot
*** SUMMARY ***
Total pot $1.6 | Rake $0.07 | Jackpot $0.05 | Bingo $0 | Fortune $0 | Tax $0
Board [2c 8s Qc 9s Tc]
Seat 1: 36d61e25 folded before Flop (didn't bet)
Seat 3: 403574d7 folded before Flop (didn't bet)
Seat 4: 1e3dc51e (button) folded before Flop (didn't bet)
Seat 5: Hero (small blind) won ($1.48)
Seat 6: 60d2d57e (big blind) folded on the River


Poker Hand #HD1735823170: Hold'em No Limit ($0.02/$0.05) - 2024/04/18 15:16:38
Table 'NLHBlue4' 6-max Seat #3 is the button
Seat 1: 36d61e25 ($5.96 in chips)
Seat 3: 403574d7 ($6.88 in chips)
Seat 4: 1e3dc51e ($3.94 in chips)
Seat 5: Hero ($10.02 in chips)
Seat 6: 60d2d57e ($9.02 in chips)
1e3dc51e: posts small blind $0.02
Hero: posts big blind $0.05
*** HOLE CARDS ***
Dealt to 36d61e25 
Dealt to 403574d7 
Dealt to 1e3dc51e 
Dealt to Hero [Ad Ac]
Dealt to 60d2d57e 
60d2d57e: folds
36d61e25: folds
403574d7: folds
1e3dc51e: folds
Uncalled bet ($0.03) returned to Hero
*** SHOWDOWN ***
Hero collected $0.04 from pot
*** SUMMARY ***
Total pot $0.04 | Rake $0 | Jackpot $0 | Bingo $0 | Fortune $0 | Tax $0
Seat 1: 36d61e25 folded before Flop (didn't bet)
Seat 3: 403574d7 (button) folded before Flop (didn't bet)
Seat 4: 1e3dc51e (small blind) folded before Flop
Seat 5: Hero (big blind) collected ($0.04)
Seat 6: 60d2d57e folded before Flop (didn't bet)


Poker Hand #HD1735823068: Hold'em No Limit ($0.02/$0.05) - 2024/04/18 15:15:48
Table 'NLHBlue4' 6-max Seat #1 is the button
Seat 1: 36d61e25 ($6.36 in chips)
Seat 2: 2e4d19c5 ($5.02 in chips)
Seat 3: 403574d7 ($6.93 in chips)
Seat 4: 1e3dc51e ($3.94 in chips)
Seat 5: Hero ($9.59 in chips)
Seat 6: 60d2d57e ($9.02 in chips)
2e4d19c5: posts small blind $0.02
403574d7: posts big blind $0.05
*** HOLE CARDS ***
Dealt to 36d61e25 
Dealt to 2e4d19c5 
Dealt to 403574d7 
Dealt to 1e3dc51e 
Dealt to Hero [7s 7c]
Dealt to 60d2d57e 
1e3dc51e: folds
Hero: raises $0.05 to $0.1
60d2d57e: folds
36d61e25: calls $0.1
2e4d19c5: folds
403574d7: folds
*** FLOP *** [3d 7d 6c]
Hero: bets $0.15
36d61e25: raises $0.15 to $0.3
Hero: raises $0.55 to $0.85
36d61e25: folds
Uncalled bet ($0.55) returned to Hero
*** SHOWDOWN ***
Hero collected $0.83 from pot
*** SUMMARY ***
Total pot $0.87 | Rake $0.04 | Jackpot $0 | Bingo $0 | Fortune $0 | Tax $0
Board [3d 7d 6c]
Seat 1: 36d61e25 (button) folded on the Flop
Seat 2: 2e4d19c5 (small blind) folded before Flop
Seat 3: 403574d7 (big blind) folded before Flop
Seat 4: 1e3dc51e folded before Flop (didn't bet)
Seat 5: Hero won ($0.83)
Seat 6: 60d2d57e folded before Flop (didn't bet)


Poker Hand #HD1735822915: Hold'em No Limit ($0.02/$0.05) - 2024/04/18 15:14:31
Table 'NLHBlue4' 6-max Seat #6 is the button
Seat 1: 36d61e25 ($5.68 in chips)
Seat 2: 2e4d19c5 ($5.07 in chips)
Seat 3: 403574d7 ($6.93 in chips)
Seat 4: 1e3dc51e ($4.69 in chips)
Seat 5: Hero ($9.59 in chips)
Seat 6: 60d2d57e ($9.02 in chips)
36d61e25: posts small blind $0.02
2e4d19c5: posts big blind $0.05
*** HOLE CARDS ***
Dealt to 36d61e25 
Dealt to 2e4d19c5 
Dealt to 403574d7 
Dealt to 1e3dc51e 
Dealt to Hero [7s 2c]
Dealt to 60d2d57e 
403574d7: folds
1e3dc51e: raises $0.06 to $0.11
Hero: folds
60d2d57e: folds
36d61e25: raises $0.25 to $0.36
2e4d19c5: folds
1e3dc51e: calls $0.25
*** FLOP *** [5h Ks Td]
36d61e25: checks
1e3dc51e: checks
*** TURN *** [5h Ks Td] [Js]
36d61e25: bets $0.39
1e3dc51e: calls $0.39
*** RIVER *** [5h Ks Td Js] [5s]
36d61e25: checks
1e3dc51e: checks
36d61e25: shows [Jd Jh] (Jacks Full over Fives)
1e3dc51e: shows [Kd Qd] (Pair of Kings and Pair of Fives)
*** SHOWDOWN ***
36d61e25 collected $1.43 from pot
*** SUMMARY ***
Total pot $1.55 | Rake $0.07 | Jackpot $0.05 | Bingo $0 | Fortune $0 | Tax $0
Board [5h Ks Td Js 5s]
Seat 1: 36d61e25 (small blind) showed [Jd Jh] and won ($1.43) with Jacks Full over Fives
Seat 2: 2e4d19c5 (big blind) folded before Flop
Seat 3: 403574d7 folded before Flop (didn't bet)
Seat 4: 1e3dc51e showed [Kd Qd] and lost with Pair of Kings and Pair of Fives
Seat 5: Hero folded before Flop (didn't bet)
Seat 6: 60d2d57e (button) folded before Flop (didn't bet)


Poker Hand #HD1735822836: Hold'em No Limit ($0.02/$0.05) - 2024/04/18 15:13:48
Table 'NLHBlue4' 6-max Seat #5 is the button
Seat 1: 36d61e25 ($5.55 in chips)
Seat 2: 2e4d19c5 ($5.07 in chips)
Seat 3: 403574d7 ($6.93 in chips)
Seat 4: 1e3dc51e ($4.69 in chips)
Seat 5: Hero ($9.71 in chips)
Seat 6: 60d2d57e ($9.04 in chips)
60d2d57e: posts small blind $0.02
36d61e25: posts big blind $0.05
*** HOLE CARDS ***
Dealt to 36d61e25 
Dealt to 2e4d19c5 
Dealt to 403574d7 
Dealt to 1e3dc51e 
Dealt to Hero [Th 7h]
Dealt to 60d2d57e 
2e4d19c5: folds
403574d7: folds
1e3dc51e: folds
Hero: raises $0.07 to $0.12
60d2d57e: folds
36d61e25: calls $0.07
*** FLOP *** [8h 4s 2c]
36d61e25: checks
Hero: checks
*** TURN *** [8h 4s 2c] [3s]
36d61e25: bets $0.13
Hero: folds
Uncalled bet ($0.13) returned to 36d61e25
*** SHOWDOWN ***
36d61e25 collected $0.25 from pot
*** SUMMARY ***
Total pot $0.26 | Rake $0.01 | Jackpot $0 | Bingo $0 | Fortune $0 | Tax $0
Board [8h 4s 2c 3s]
Seat 1: 36d61e25 (big blind) won ($0.25)
Seat 2: 2e4d19c5 folded before Flop (didn't bet)
Seat 3: 403574d7 folded before Flop (didn't bet)
Seat 4: 1e3dc51e folded before Flop (didn't bet)
Seat 5: Hero (button) folded on the Turn
Seat 6: 60d2d57e (small blind) folded before Flop


Poker Hand #HD1735822692: Hold'em No Limit ($0.02/$0.05) - 2024/04/18 15:12:32
Table 'NLHBlue4' 6-max Seat #4 is the button
Seat 1: 36d61e25 ($5.13 in chips)
Seat 2: 2e4d19c5 ($5.07 in chips)
Seat 3: 403574d7 ($6.93 in chips)
Seat 4: 1e3dc51e ($5 in chips)
Seat 5: Hero ($9.73 in chips)
Seat 6: 60d2d57e ($9.16 in chips)
Hero: posts small blind $0.02
60d2d57e: posts big blind $0.05
*** HOLE CARDS ***
Dealt to 36d61e25 
Dealt to 2e4d19c5 
Dealt to 403574d7 
Dealt to 1e3dc51e 
Dealt to Hero [2s As]
Dealt to 60d2d57e 
36d61e25: raises $0.07 to $0.12
2e4d19c5: folds
403574d7: folds
1e3dc51e: calls $0.12
Hero: folds
60d2d57e: calls $0.07
*** FLOP *** [7s 6h 7h]
60d2d57e: checks
36d61e25: checks
1e3dc51e: checks
*** TURN *** [7s 6h 7h] [Qh]
60d2d57e: checks
36d61e25: bets $0.19
1e3dc51e: calls $0.19
60d2d57e: folds
*** RIVER *** [7s 6h 7h Qh] [Qd]
36d61e25: checks
1e3dc51e: checks
36d61e25: shows [4h Ah] (Ace High Flush)
1e3dc51e: shows [Jh Ad] (Pair of Queens and Pair of Sevens)
*** SHOWDOWN ***
36d61e25 collected $0.73 from pot
*** SUMMARY ***
Total pot $0.76 | Rake $0.03 | Jackpot $0 | Bingo $0 | Fortune $0 | Tax $0
Board [7s 6h 7h Qh Qd]
Seat 1: 36d61e25 showed [4h Ah] and won ($0.73) with Ace High Flush
Seat 2: 2e4d19c5 folded before Flop (didn't bet)
Seat 3: 403574d7 folded before Flop (didn't bet)
Seat 4: 1e3dc51e (button) showed [Jh Ad] and lost with Pair of Queens and Pair of Sevens
Seat 5: Hero (small blind) folded before Flop
Seat 6: 60d2d57e (big blind) folded on the Turn


Poker Hand #HD1735822602: Hold'em No Limit ($0.02/$0.05) - 2024/04/18 15:11:41
Table 'NLHBlue4' 6-max Seat #3 is the button
Seat 1: 36d61e25 ($5.13 in chips)
Seat 2: 2e4d19c5 ($5.07 in chips)
Seat 3: 403574d7 ($6.93 in chips)
Seat 4: 1e3dc51e ($3.87 in chips)
Seat 5: Hero ($9.78 in chips)
Seat 6: 60d2d57e ($8.99 in chips)
1e3dc51e: posts small blind $0.02
Hero: posts big blind $0.05
*** HOLE CARDS ***
Dealt to 36d61e25 
Dealt to 2e4d19c5 
Dealt to 403574d7 
Dealt to 1e3dc51e 
Dealt to Hero [7s Qc]
Dealt to 60d2d57e 
60d2d57e: raises $0.08 to $0.13
36d61e25: folds
2e4d19c5: folds
403574d7: folds
1e3dc51e: calls $0.11
Hero: folds
*** FLOP *** [8d 4d 7c]
1e3dc51e: checks
60d2d57e: checks
*** TURN *** [8d 4d 7c] [4c]
1e3dc51e: checks
60d2d57e: checks
*** RIVER *** [8d 4d 7c 4c] [2h]
1e3dc51e: checks
60d2d57e: checks
1e3dc51e: shows [Qd Kc] (Pair of Fours)
60d2d57e: shows [Qs Ad] (Pair of Fours)
*** SHOWDOWN ***
60d2d57e collected $0.3 from pot
*** SUMMARY ***
Total pot $0.31 | Rake $0.01 | Jackpot $0 | Bingo $0 | Fortune $0 | Tax $0
Board [8d 4d 7c 4c 2h]
Seat 1: 36d61e25 folded before Flop (didn't bet)
Seat 2: 2e4d19c5 folded before Flop (didn't bet)
Seat 3: 403574d7 (button) folded before Flop (didn't bet)
Seat 4: 1e3dc51e (small blind) showed [Qd Kc] and lost with Pair of Fours
Seat 5: Hero (big blind) folded before Flop
Seat 6: 60d2d57e showed [Qs Ad] and won ($0.3) with Pair of Fours


Poker Hand #HD1735822483: Hold'em No Limit ($0.02/$0.05) - 2024/04/18 15:10:42
Table 'NLHBlue4' 6-max Seat #2 is the button
Seat 1: 36d61e25 ($5 in chips)
Seat 2: 2e4d19c5 ($5.07 in chips)
Seat 3: 403574d7 ($6.95 in chips)
Seat 4: 1e3dc51e ($3.99 in chips)
Seat 5: Hero ($9.78 in chips)
Seat 6: 60d2d57e ($8.99 in chips)
403574d7: posts small blind $0.02
1e3dc51e: posts big blind $0.05
*** HOLE CARDS ***
Dealt to 36d61e25 
Dealt to 2e4d19c5 
Dealt to 403574d7 
Dealt to 1e3dc51e 
Dealt to Hero [6s 8s]
Dealt to 60d2d57e 
Hero: folds
60d2d57e: folds
36d61e25: raises $0.07 to $0.12
2e4d19c5: folds
403574d7: folds
1e3dc51e: calls $0.07
*** FLOP *** [Ac Qd 9d]
1e3dc51e: checks
36d61e25: bets $0.13
1e3dc51e: folds
Uncalled bet ($0.13) returned to 36d61e25
*** SHOWDOWN ***
36d61e25 collected $0.25 from pot
*** SUMMARY ***
Total pot $0.26 | Rake $0.01 | Jackpot $0 | Bingo $0 | Fortune $0 | Tax $0
Board [Ac Qd 9d]
Seat 1: 36d61e25 won ($0.25)
Seat 2: 2e4d19c5 (button) folded before Flop (didn't bet)
Seat 3: 403574d7 (small blind) folded before Flop
Seat 4: 1e3dc51e (big blind) folded on the Flop
Seat 5: Hero folded before Flop (didn't bet)
Seat 6: 60d2d57e folded before Flop (didn't bet)


Poker Hand #HD1735822418: Hold'em No Limit ($0.02/$0.05) - 2024/04/18 15:10:15
Table 'NLHBlue4' 6-max Seat #1 is the button
Seat 1: 36d61e25 ($5 in chips)
Seat 2: 2e4d19c5 ($5.09 in chips)
Seat 3: 403574d7 ($7 in chips)
Seat 4: 1e3dc51e ($3.92 in chips)
Seat 5: Hero ($9.78 in chips)
Seat 6: 60d2d57e ($8.99 in chips)
2e4d19c5: posts small blind $0.02
403574d7: posts big blind $0.05
*** HOLE CARDS ***
Dealt to 36d61e25 
Dealt to 2e4d19c5 
Dealt to 403574d7 
Dealt to 1e3dc51e 
Dealt to Hero [5c 2c]
Dealt to 60d2d57e 
1e3dc51e: raises $0.06 to $0.11
Hero: folds
60d2d57e: folds
36d61e25: folds
2e4d19c5: folds
403574d7: folds
Uncalled bet ($0.06) returned to 1e3dc51e
*** SHOWDOWN ***
1e3dc51e collected $0.12 from pot
*** SUMMARY ***
Total pot $0.12 | Rake $0 | Jackpot $0 | Bingo $0 | Fortune $0 | Tax $0
Seat 1: 36d61e25 (button) folded before Flop (didn't bet)
Seat 2: 2e4d19c5 (small blind) folded before Flop
Seat 3: 403574d7 (big blind) folded before Flop
Seat 4: 1e3dc51e collected ($0.12)
Seat 5: Hero folded before Flop (didn't bet)
Seat 6: 60d2d57e folded before Flop (didn't bet)


Poker Hand #HD1735822237: Hold'em No Limit ($0.02/$0.05) - 2024/04/18 15:08:46
Table 'NLHBlue4' 6-max Seat #6 is the button
Seat 1: 36d61e25 ($5.02 in chips)
Seat 2: 2e4d19c5 ($5.14 in chips)
Seat 3: 403574d7 ($6 in chips)
Seat 4: 1e3dc51e ($5.01 in chips)
Seat 5: Hero ($9.78 in chips)
Seat 6: 60d2d57e ($8.99 in chips)
36d61e25: posts small blind $0.02
2e4d19c5: posts big blind $0.05
*** HOLE CARDS ***
Dealt to 36d61e25 
Dealt to 2e4d19c5 
Dealt to 403574d7 
Dealt to 1e3dc51e 
Dealt to Hero [3c Kd]
Dealt to 60d2d57e 
403574d7: raises $0.05 to $0.1
1e3dc51e: raises $0.27 to $0.37
Hero: folds
60d2d57e: folds
36d61e25: folds
2e4d19c5: folds
403574d7: calls $0.27
*** FLOP *** [9s 2s 9h]
403574d7: bets $0.27
1e3dc51e: calls $0.27
*** TURN *** [9s 2s 9h] [8c]
403574d7: checks
1e3dc51e: bets $0.45
403574d7: calls $0.45
*** RIVER *** [9s 2s 9h 8c] [Jd]
403574d7: checks
1e3dc51e: checks
403574d7: shows [7c 7s] (Pair of Nines and Pair of Sevens)
1e3dc51e: shows [As Qs] (Pair of Nines)
*** SHOWDOWN ***
403574d7 collected $2.09 from pot
*** SUMMARY ***
Total pot $2.25 | Rake $0.11 | Jackpot $0.05 | Bingo $0 | Fortune $0 | Tax $0
Board [9s 2s 9h 8c Jd]
Seat 1: 36d61e25 (small blind) folded before Flop
Seat 2: 2e4d19c5 (big blind) folded before Flop
Seat 3: 403574d7 showed [7c 7s] and won ($2.09) with Pair of Nines and Pair of Sevens
Seat 4: 1e3dc51e showed [As Qs] and lost with Pair of Nines
Seat 5: Hero folded before Flop (didn't bet)
Seat 6: 60d2d57e (button) folded before Flop (didn't bet)


Poker Hand #HD1735822207: Hold'em No Limit ($0.02/$0.05) - 2024/04/18 15:08:32
Table 'NLHBlue4' 6-max Seat #5 is the button
Seat 1: 36d61e25 ($5 in chips)
Seat 2: 2e4d19c5 ($5.14 in chips)
Seat 3: 403574d7 ($6 in chips)
Seat 4: 1e3dc51e ($5.01 in chips)
Seat 5: Hero ($9.78 in chips)
Seat 6: 60d2d57e ($9.01 in chips)
60d2d57e: posts small blind $0.02
36d61e25: posts big blind $0.05
*** HOLE CARDS ***
Dealt to 36d61e25 
Dealt to 2e4d19c5 
Dealt to 403574d7 
Dealt to 1e3dc51e 
Dealt to Hero [Ac 4d]
Dealt to 60d2d57e 
2e4d19c5: folds
403574d7: folds
1e3dc51e: folds
Hero: folds
60d2d57e: folds
Uncalled bet ($0.03) returned to 36d61e25
*** SHOWDOWN ***
36d61e25 collected $0.04 from pot
*** SUMMARY ***
Total pot $0.04 | Rake $0 | Jackpot $0 | Bingo $0 | Fortune $0 | Tax $0
Seat 1: 36d61e25 (big blind) collected ($0.04)
Seat 2: 2e4d19c5 folded before Flop (didn't bet)
Seat 3: 403574d7 folded before Flop (didn't bet)
Seat 4: 1e3dc51e folded before Flop (didn't bet)
Seat 5: Hero (button) folded before Flop (didn't bet)
Seat 6: 60d2d57e (small blind) folded before Flop


Poker Hand #HD1735822058: Hold'em No Limit ($0.02/$0.05) - 2024/04/18 15:07:21
Table 'NLHBlue4' 6-max Seat #4 is the button
Seat 1: 36d61e25 ($5 in chips)
Seat 2: 2e4d19c5 ($5.14 in chips)
Seat 3: 403574d7 ($6.12 in chips)
Seat 4: 1e3dc51e ($4.72 in chips)
Seat 5: Hero ($9.8 in chips)
Seat 6: 60d2d57e ($9.06 in chips)
Hero: posts small blind $0.02
60d2d57e: posts big blind $0.05
*** HOLE CARDS ***
Dealt to 36d61e25 
Dealt to 2e4d19c5 
Dealt to 403574d7 
Dealt to 1e3dc51e 
Dealt to Hero [9c Kd]
Dealt to 60d2d57e 
36d61e25: raises $0.07 to $0.12
2e4d19c5: folds
403574d7: calls $0.12
1e3dc51e: calls $0.12
Hero: folds
60d2d57e: folds
*** FLOP *** [Th As 4c]
36d61e25: checks
403574d7: checks
1e3dc51e: checks
*** TURN *** [Th As 4c] [2s]
36d61e25: checks
403574d7: checks
1e3dc51e: bets $0.22
36d61e25: folds
403574d7: folds
Uncalled bet ($0.22) returned to 1e3dc51e
*** SHOWDOWN ***
1e3dc51e collected $0.41 from pot
*** SUMMARY ***
Total pot $0.43 | Rake $0.02 | Jackpot $0 | Bingo $0 | Fortune $0 | Tax $0
Board [Th As 4c 2s]
Seat 1: 36d61e25 folded on the Turn
Seat 2: 2e4d19c5 folded before Flop (didn't bet)
Seat 3: 403574d7 folded on the Turn
Seat 4: 1e3dc51e (button) won ($0.41)
Seat 5: Hero (small blind) folded before Flop
Seat 6: 60d2d57e (big blind) folded before Flop


Poker Hand #HD1735821994: Hold'em No Limit ($0.02/$0.05) - 2024/04/18 15:06:53
Table 'NLHBlue4' 6-max Seat #3 is the button
Seat 1: 36d61e25 ($5.04 in chips)
Seat 2: 2e4d19c5 ($5.14 in chips)
Seat 3: 403574d7 ($5.94 in chips)
Seat 4: 1e3dc51e ($4.74 in chips)
Seat 5: Hero ($9.85 in chips)
Seat 6: 60d2d57e ($9.06 in chips)
1e3dc51e: posts small blind $0.02
Hero: posts big blind $0.05
*** HOLE CARDS ***
Dealt to 36d61e25 
Dealt to 2e4d19c5 
Dealt to 403574d7 
Dealt to 1e3dc51e 
Dealt to Hero [7d Qd]
Dealt to 60d2d57e 
60d2d57e: folds
36d61e25: raises $0.07 to $0.12
2e4d19c5: folds
403574d7: raises $0.24 to $0.36
1e3dc51e: folds
Hero: folds
36d61e25: folds
Uncalled bet ($0.24) returned to 403574d7
*** SHOWDOWN ***
403574d7 collected $0.3 from pot
*** SUMMARY ***
Total pot $0.31 | Rake $0.01 | Jackpot $0 | Bingo $0 | Fortune $0 | Tax $0
Seat 1: 36d61e25 folded before Flop
Seat 2: 2e4d19c5 folded before Flop (didn't bet)
Seat 3: 403574d7 (button) collected ($0.3)
Seat 4: 1e3dc51e (small blind) folded before Flop
Seat 5: Hero (big blind) folded before Flop
Seat 6: 60d2d57e folded before Flop (didn't bet)


Poker Hand #HD1735821904: Hold'em No Limit ($0.02/$0.05) - 2024/04/18 15:06:04
Table 'NLHBlue4' 6-max Seat #2 is the button
Seat 1: 36d61e25 ($5.04 in chips)
Seat 2: 2e4d19c5 ($5.14 in chips)
Seat 3: 403574d7 ($5.83 in chips)
Seat 4: 1e3dc51e ($4.86 in chips)
Seat 5: Hero ($9.85 in chips)
Seat 6: 60d2d57e ($9.06 in chips)
403574d7: posts small blind $0.02
1e3dc51e: posts big blind $0.05
*** HOLE CARDS ***
Dealt to 36d61e25 
Dealt to 2e4d19c5 
Dealt to 403574d7 
Dealt to 1e3dc51e 
Dealt to Hero [6d Jh]
Dealt to 60d2d57e 
Hero: folds
60d2d57e: folds
36d61e25: folds
2e4d19c5: folds
403574d7: raises $0.07 to $0.12
1e3dc51e: calls $0.07
*** FLOP *** [6h Qc Th]
403574d7: checks
1e3dc51e: checks
*** TURN *** [6h Qc Th] [7d]
403574d7: checks
1e3dc51e: checks
*** RIVER *** [6h Qc Th 7d] [5d]
403574d7: checks
1e3dc51e: checks
403574d7: shows [Ac 7h] (Pair of Sevens)
1e3dc51e: shows [As 3h] (Ace-High)
*** SHOWDOWN ***
403574d7 collected $0.23 from pot
*** SUMMARY ***
Total pot $0.24 | Rake $0.01 | Jackpot $0 | Bingo $0 | Fortune $0 | Tax $0
Board [6h Qc Th 7d 5d]
Seat 1: 36d61e25 folded before Flop (didn't bet)
Seat 2: 2e4d19c5 (button) folded before Flop (didn't bet)
Seat 3: 403574d7 (small blind) showed [Ac 7h] and won ($0.23) with Pair of Sevens
Seat 4: 1e3dc51e (big blind) showed [As 3h] and lost with Ace-High
Seat 5: Hero folded before Flop (didn't bet)
Seat 6: 60d2d57e folded before Flop (didn't bet)


Poker Hand #HD1735821803: Hold'em No Limit ($0.02/$0.05) - 2024/04/18 15:05:16
Table 'NLHBlue4' 6-max Seat #1 is the button
Seat 1: 36d61e25 ($5.14 in chips)
Seat 2: 2e4d19c5 ($5.16 in chips)
Seat 3: 403574d7 ($5.88 in chips)
Seat 4: 1e3dc51e ($4.86 in chips)
Seat 5: Hero ($9.69 in chips)
Seat 6: 60d2d57e ($9.06 in chips)
2e4d19c5: posts small blind $0.02
403574d7: posts big blind $0.05
*** HOLE CARDS ***
Dealt to 36d61e25 
Dealt to 2e4d19c5 
Dealt to 403574d7 
Dealt to 1e3dc51e 
Dealt to Hero [Js Ac]
Dealt to 60d2d57e 
1e3dc51e: folds
Hero: raises $0.05 to $0.1
60d2d57e: folds
36d61e25: calls $0.1
2e4d19c5: folds
403574d7: folds
*** FLOP *** [4d 5d 3h]
Hero: bets $0.15
36d61e25: folds
Uncalled bet ($0.15) returned to Hero
*** SHOWDOWN ***
Hero collected $0.26 from pot
*** SUMMARY ***
Total pot $0.27 | Rake $0.01 | Jackpot $0 | Bingo $0 | Fortune $0 | Tax $0
Board [4d 5d 3h]
Seat 1: 36d61e25 (button) folded on the Flop
Seat 2: 2e4d19c5 (small blind) folded before Flop
Seat 3: 403574d7 (big blind) folded before Flop
Seat 4: 1e3dc51e folded before Flop (didn't bet)
Seat 5: Hero won ($0.26)
Seat 6: 60d2d57e folded before Flop (didn't bet)


Poker Hand #HD1735821675: Hold'em No Limit ($0.02/$0.05) - 2024/04/18 15:04:12
Table 'NLHBlue4' 6-max Seat #6 is the button
Seat 1: 36d61e25 ($5.41 in chips)
Seat 2: 2e4d19c5 ($5.21 in chips)
Seat 3: 403574d7 ($5.59 in chips)
Seat 4: 1e3dc51e ($4.86 in chips)
Seat 5: Hero ($9.69 in chips)
Seat 6: 60d2d57e ($9.06 in chips)
36d61e25: posts small blind $0.02
2e4d19c5: posts big blind $0.05
*** HOLE CARDS ***
Dealt to 36d61e25 
Dealt to 2e4d19c5 
Dealt to 403574d7 
Dealt to 1e3dc51e 
Dealt to Hero [2h Kd]
Dealt to 60d2d57e 
403574d7: raises $0.07 to $0.12
1e3dc51e: folds
Hero: folds
60d2d57e: folds
36d61e25: calls $0.1
2e4d19c5: folds
*** FLOP *** [7s Qs 7h]
36d61e25: checks
403574d7: bets $0.15
36d61e25: calls $0.15
*** TURN *** [7s Qs 7h] [Kc]
36d61e25: checks
403574d7: bets $0.45
36d61e25: folds
Uncalled bet ($0.45) returned to 403574d7
*** SHOWDOWN ***
403574d7 collected $0.56 from pot
*** SUMMARY ***
Total pot $0.59 | Rake $0.03 | Jackpot $0 | Bingo $0 | Fortune $0 | Tax $0
Board [7s Qs 7h Kc]
Seat 1: 36d61e25 (small blind) folded on the Turn
Seat 2: 2e4d19c5 (big blind) folded before Flop
Seat 3: 403574d7 won ($0.56)
Seat 4: 1e3dc51e folded before Flop (didn't bet)
Seat 5: Hero folded before Flop (didn't bet)
Seat 6: 60d2d57e (button) folded before Flop (didn't bet)


Poker Hand #HD1735821626: Hold'em No Limit ($0.02/$0.05) - 2024/04/18 15:03:48
Table 'NLHBlue4' 6-max Seat #5 is the button
Seat 1: 36d61e25 ($5.46 in chips)
Seat 2: 2e4d19c5 ($5.14 in chips)
Seat 3: 403574d7 ($5.59 in chips)
Seat 4: 1e3dc51e ($4.86 in chips)
Seat 5: Hero ($9.69 in chips)
Seat 6: 60d2d57e ($9.08 in chips)
60d2d57e: posts small blind $0.02
36d61e25: posts big blind $0.05
*** HOLE CARDS ***
Dealt to 36d61e25 
Dealt to 2e4d19c5 
Dealt to 403574d7 
Dealt to 1e3dc51e 
Dealt to Hero [6c Tc]
Dealt to 60d2d57e 
2e4d19c5: raises $0.08 to $0.13
403574d7: folds
1e3dc51e: folds
Hero: folds
60d2d57e: folds
36d61e25: folds
Uncalled bet ($0.08) returned to 2e4d19c5
*** SHOWDOWN ***
2e4d19c5 collected $0.12 from pot
*** SUMMARY ***
Total pot $0.12 | Rake $0 | Jackpot $0 | Bingo $0 | Fortune $0 | Tax $0
Seat 1: 36d61e25 (big blind) folded before Flop
Seat 2: 2e4d19c5 collected ($0.12)
Seat 3: 403574d7 folded before Flop (didn't bet)
Seat 4: 1e3dc51e folded before Flop (didn't bet)
Seat 5: Hero (button) folded before Flop (didn't bet)
Seat 6: 60d2d57e (small blind) folded before Flop


Poker Hand #HD1735821591: Hold'em No Limit ($0.02/$0.05) - 2024/04/18 15:03:31
Table 'NLHBlue4' 6-max Seat #4 is the button
Seat 1: 36d61e25 ($5.39 in chips)
Seat 2: 2e4d19c5 ($5.14 in chips)
Seat 3: 403574d7 ($5.59 in chips)
Seat 4: 1e3dc51e ($4.86 in chips)
Seat 5: Hero ($9.71 in chips)
Seat 6: 60d2d57e ($9.13 in chips)
Hero: posts small blind $0.02
60d2d57e: posts big blind $0.05
*** HOLE CARDS ***
Dealt to 36d61e25 
Dealt to 2e4d19c5 
Dealt to 403574d7 
Dealt to 1e3dc51e 
Dealt to Hero [5s 4h]
Dealt to 60d2d57e 
36d61e25: raises $0.07 to $0.12
2e4d19c5: folds
403574d7: folds
1e3dc51e: folds
Hero: folds
60d2d57e: folds
Uncalled bet ($0.07) returned to 36d61e25
*** SHOWDOWN ***
36d61e25 collected $0.12 from pot
*** SUMMARY ***
Total pot $0.12 | Rake $0 | Jackpot $0 | Bingo $0 | Fortune $0 | Tax $0
Seat 1: 36d61e25 collected ($0.12)
Seat 2: 2e4d19c5 folded before Flop (didn't bet)
Seat 3: 403574d7 folded before Flop (didn't bet)
Seat 4: 1e3dc51e (button) folded before Flop (didn't bet)
Seat 5: Hero (small blind) folded before Flop
Seat 6: 60d2d57e (big blind) folded before Flop


Poker Hand #HD1735821554: Hold'em No Limit ($0.02/$0.05) - 2024/04/18 15:03:13
Table 'NLHBlue4' 6-max Seat #3 is the button
Seat 1: 36d61e25 ($5.39 in chips)
Seat 2: 2e4d19c5 ($5.14 in chips)
Seat 3: 403574d7 ($5.59 in chips)
Seat 4: 1e3dc51e ($4.88 in chips)
Seat 5: Hero ($9.69 in chips)
Seat 6: 60d2d57e ($9.13 in chips)
1e3dc51e: posts small blind $0.02
Hero: posts big blind $0.05
*** HOLE CARDS ***
Dealt to 36d61e25 
Dealt to 2e4d19c5 
Dealt to 403574d7 
Dealt to 1e3dc51e 
Dealt to Hero [As 4s]
Dealt to 60d2d57e 
60d2d57e: folds
36d61e25: folds
2e4d19c5: folds
403574d7: folds
1e3dc51e: folds
Uncalled bet ($0.03) returned to Hero
*** SHOWDOWN ***
Hero collected $0.04 from pot
*** SUMMARY ***
Total pot $0.04 | Rake $0 | Jackpot $0 | Bingo $0 | Fortune $0 | Tax $0
Seat 1: 36d61e25 folded before Flop (didn't bet)
Seat 2: 2e4d19c5 folded before Flop (didn't bet)
Seat 3: 403574d7 (button) folded before Flop (didn't bet)
Seat 4: 1e3dc51e (small blind) folded before Flop
Seat 5: Hero (big blind) collected ($0.04)
Seat 6: 60d2d57e folded before Flop (didn't bet)


Poker Hand #HD1735821433: Hold'em No Limit ($0.02/$0.05) - 2024/04/18 15:02:09
Table 'NLHBlue4' 6-max Seat #2 is the button
Seat 1: 36d61e25 ($5 in chips)
Seat 2: 2e4d19c5 ($5.14 in chips)
Seat 3: 403574d7 ($5.61 in chips)
Seat 4: 1e3dc51e ($4.93 in chips)
Seat 5: Hero ($9.69 in chips)
Seat 6: 60d2d57e ($9.49 in chips)
403574d7: posts small blind $0.02
1e3dc51e: posts big blind $0.05
*** HOLE CARDS ***
Dealt to 36d61e25 
Dealt to 2e4d19c5 
Dealt to 403574d7 
Dealt to 1e3dc51e 
Dealt to Hero [3h Td]
Dealt to 60d2d57e 
Hero: folds
60d2d57e: raises $0.08 to $0.13
36d61e25: raises $0.23 to $0.36
2e4d19c5: folds
403574d7: folds
1e3dc51e: folds
60d2d57e: calls $0.23
*** FLOP *** [Ac As 5h]
60d2d57e: checks
36d61e25: checks
*** TURN *** [Ac As 5h] [4c]
60d2d57e: checks
36d61e25: bets $0.4
60d2d57e: folds
Uncalled bet ($0.4) returned to 36d61e25
*** SHOWDOWN ***
36d61e25 collected $0.75 from pot
*** SUMMARY ***
Total pot $0.79 | Rake $0.04 | Jackpot $0 | Bingo $0 | Fortune $0 | Tax $0
Board [Ac As 5h 4c]
Seat 1: 36d61e25 won ($0.75)
Seat 2: 2e4d19c5 (button) folded before Flop (didn't bet)
Seat 3: 403574d7 (small blind) folded before Flop
Seat 4: 1e3dc51e (big blind) folded before Flop
Seat 5: Hero folded before Flop (didn't bet)
Seat 6: 60d2d57e folded on the Turn


Poker Hand #HD1735821335: Hold'em No Limit ($0.02/$0.05) - 2024/04/18 15:01:17
Table 'NLHBlue4' 6-max Seat #1 is the button
Seat 1: 36d61e25 ($5 in chips)
Seat 2: 2e4d19c5 ($5.16 in chips)
Seat 3: 403574d7 ($5.16 in chips)
Seat 4: 1e3dc51e ($5.4 in chips)
Seat 5: Hero ($9.69 in chips)
Seat 6: 60d2d57e ($9.49 in chips)
2e4d19c5: posts small blind $0.02
403574d7: posts big blind $0.05
*** HOLE CARDS ***
Dealt to 36d61e25 
Dealt to 2e4d19c5 
Dealt to 403574d7 
Dealt to 1e3dc51e 
Dealt to Hero [4c Qs]
Dealt to 60d2d57e 
1e3dc51e: raises $0.06 to $0.11
Hero: folds
60d2d57e: folds
36d61e25: folds
2e4d19c5: folds
403574d7: raises $0.36 to $0.47
1e3dc51e: calls $0.36
*** FLOP *** [4h Jc 6d]
403574d7: checks
1e3dc51e: checks
*** TURN *** [4h Jc 6d] [Kd]
403574d7: bets $0.42
1e3dc51e: folds
Uncalled bet ($0.42) returned to 403574d7
*** SHOWDOWN ***
403574d7 collected $0.92 from pot
*** SUMMARY ***
Total pot $0.96 | Rake $0.04 | Jackpot $0 | Bingo $0 | Fortune $0 | Tax $0
Board [4h Jc 6d Kd]
Seat 1: 36d61e25 (button) folded before Flop (didn't bet)
Seat 2: 2e4d19c5 (small blind) folded before Flop
Seat 3: 403574d7 (big blind) won ($0.92)
Seat 4: 1e3dc51e folded on the Turn
Seat 5: Hero folded before Flop (didn't bet)
Seat 6: 60d2d57e folded before Flop (didn't bet)


Poker Hand #HD1735821213: Hold'em No Limit ($0.02/$0.05) - 2024/04/18 15:00:16
Table 'NLHBlue4' 6-max Seat #6 is the button
Seat 1: 36d61e25 ($5.02 in chips)
Seat 2: 2e4d19c5 ($5.07 in chips)
Seat 3: 403574d7 ($5.16 in chips)
Seat 4: 1e3dc51e ($5.4 in chips)
Seat 5: Hero ($9.69 in chips)
Seat 6: 60d2d57e ($9.49 in chips)
36d61e25: posts small blind $0.02
2e4d19c5: posts big blind $0.05
*** HOLE CARDS ***
Dealt to 36d61e25 
Dealt to 2e4d19c5 
Dealt to 403574d7 
Dealt to 1e3dc51e 
Dealt to Hero [7h 2d]
Dealt to 60d2d57e 
403574d7: folds
1e3dc51e: folds
Hero: folds
60d2d57e: folds
36d61e25: calls $0.03
2e4d19c5: checks
*** FLOP *** [As 6c 8s]
36d61e25: bets $0.05
2e4d19c5: raises $0.15 to $0.2
36d61e25: folds
Uncalled bet ($0.15) returned to 2e4d19c5
*** SHOWDOWN ***
2e4d19c5 collected $0.19 from pot
*** SUMMARY ***
Total pot $0.2 | Rake $0.01 | Jackpot $0 | Bingo $0 | Fortune $0 | Tax $0
Board [As 6c 8s]
Seat 1: 36d61e25 (small blind) folded on the Flop
Seat 2: 2e4d19c5 (big blind) won ($0.19)
Seat 3: 403574d7 folded before Flop (didn't bet)
Seat 4: 1e3dc51e folded before Flop (didn't bet)
Seat 5: Hero folded before Flop (didn't bet)
Seat 6: 60d2d57e (button) folded before Flop (didn't bet)


Poker Hand #HD1735821184: Hold'em No Limit ($0.02/$0.05) - 2024/04/18 15:00:03
Table 'NLHBlue4' 6-max Seat #5 is the button
Seat 1: 36d61e25 ($5 in chips)
Seat 2: 2e4d19c5 ($5.07 in chips)
Seat 3: 403574d7 ($5.16 in chips)
Seat 4: 1e3dc51e ($5.4 in chips)
Seat 5: Hero ($9.69 in chips)
Seat 6: 60d2d57e ($9.51 in chips)
60d2d57e: posts small blind $0.02
36d61e25: posts big blind $0.05
*** HOLE CARDS ***
Dealt to 36d61e25 
Dealt to 2e4d19c5 
Dealt to 403574d7 
Dealt to 1e3dc51e 
Dealt to Hero [6c 2c]
Dealt to 60d2d57e 
2e4d19c5: folds
403574d7: folds
1e3dc51e: folds
Hero: folds
60d2d57e: folds
Uncalled bet ($0.03) returned to 36d61e25
*** SHOWDOWN ***
36d61e25 collected $0.04 from pot
*** SUMMARY ***
Total pot $0.04 | Rake $0 | Jackpot $0 | Bingo $0 | Fortune $0 | Tax $0
Seat 1: 36d61e25 (big blind) collected ($0.04)
Seat 2: 2e4d19c5 folded before Flop (didn't bet)
Seat 3: 403574d7 folded before Flop (didn't bet)
Seat 4: 1e3dc51e folded before Flop (didn't bet)
Seat 5: Hero (button) folded before Flop (didn't bet)
Seat 6: 60d2d57e (small blind) folded before Flop


Poker Hand #HD1735821106: Hold'em No Limit ($0.02/$0.05) - 2024/04/18 14:59:24
Table 'NLHBlue4' 6-max Seat #4 is the button
Seat 1: 36d61e25 ($5 in chips)
Seat 2: 2e4d19c5 ($5 in chips)
Seat 3: 403574d7 ($5.16 in chips)
Seat 4: 1e3dc51e ($5.4 in chips)
Seat 5: Hero ($9.71 in chips)
Seat 6: 60d2d57e ($9.56 in chips)
Hero: posts small blind $0.02
60d2d57e: posts big blind $0.05
*** HOLE CARDS ***
Dealt to 36d61e25 
Dealt to 2e4d19c5 
Dealt to 403574d7 
Dealt to 1e3dc51e 
Dealt to Hero [5s 3d]
Dealt to 60d2d57e 
36d61e25: folds
2e4d19c5: raises $0.08 to $0.13
403574d7: folds
1e3dc51e: folds
Hero: folds
60d2d57e: folds
Uncalled bet ($0.08) returned to 2e4d19c5
*** SHOWDOWN ***
2e4d19c5 collected $0.12 from pot
*** SUMMARY ***
Total pot $0.12 | Rake $0 | Jackpot $0 | Bingo $0 | Fortune $0 | Tax $0
Seat 1: 36d61e25 folded before Flop (didn't bet)
Seat 2: 2e4d19c5 collected ($0.12)
Seat 3: 403574d7 folded before Flop (didn't bet)
Seat 4: 1e3dc51e (button) folded before Flop (didn't bet)
Seat 5: Hero (small blind) folded before Flop
Seat 6: 60d2d57e (big blind) folded before Flop


Poker Hand #HD1735821011: Hold'em No Limit ($0.02/$0.05) - 2024/04/18 14:58:41
Table 'NLHBlue4' 6-max Seat #3 is the button
Seat 1: 36d61e25 ($5.07 in chips)
Seat 2: 2e4d19c5 ($5 in chips)
Seat 3: 403574d7 ($5 in chips)
Seat 4: 1e3dc51e ($5.42 in chips)
Seat 5: Hero ($9.76 in chips)
Seat 6: 60d2d57e ($9.56 in chips)
1e3dc51e: posts small blind $0.02
Hero: posts big blind $0.05
*** HOLE CARDS ***
Dealt to 36d61e25 
Dealt to 2e4d19c5 
Dealt to 403574d7 
Dealt to 1e3dc51e 
Dealt to Hero [2s Qh]
Dealt to 60d2d57e 
60d2d57e: folds
36d61e25: raises $0.05 to $0.1
2e4d19c5: folds
403574d7: raises $0.21 to $0.31
1e3dc51e: folds
Hero: folds
36d61e25: folds
Uncalled bet ($0.21) returned to 403574d7
*** SHOWDOWN ***
403574d7 collected $0.26 from pot
*** SUMMARY ***
Total pot $0.27 | Rake $0.01 | Jackpot $0 | Bingo $0 | Fortune $0 | Tax $0
Seat 1: 36d61e25 folded before Flop
Seat 2: 2e4d19c5 folded before Flop (didn't bet)
Seat 3: 403574d7 (button) collected ($0.26)
Seat 4: 1e3dc51e (small blind) folded before Flop
Seat 5: Hero (big blind) folded before Flop
Seat 6: 60d2d57e folded before Flop (didn't bet)


Poker Hand #HD1735820968: Hold'em No Limit ($0.02/$0.05) - 2024/04/18 14:58:19
Table 'NLHBlue4' 6-max Seat #2 is the button
Seat 1: 36d61e25 ($5.07 in chips)
Seat 2: 2e4d19c5 ($5 in chips)
Seat 3: 403574d7 ($5 in chips)
Seat 4: 1e3dc51e ($5.47 in chips)
Seat 5: Hero ($9.69 in chips)
Seat 6: 60d2d57e ($9.56 in chips)
403574d7: posts small blind $0.02
1e3dc51e: posts big blind $0.05
*** HOLE CARDS ***
Dealt to 36d61e25 
Dealt to 2e4d19c5 
Dealt to 403574d7 
Dealt to 1e3dc51e 
Dealt to Hero [Qc Qd]
Dealt to 60d2d57e 
Hero: raises $0.05 to $0.1
60d2d57e: folds
36d61e25: folds
2e4d19c5: folds
403574d7: folds
1e3dc51e: folds
Uncalled bet ($0.05) returned to Hero
*** SHOWDOWN ***
Hero collected $0.12 from pot
*** SUMMARY ***
Total pot $0.12 | Rake $0 | Jackpot $0 | Bingo $0 | Fortune $0 | Tax $0
Seat 1: 36d61e25 folded before Flop (didn't bet)
Seat 2: 2e4d19c5 (button) folded before Flop (didn't bet)
Seat 3: 403574d7 (small blind) folded before Flop
Seat 4: 1e3dc51e (big blind) folded before Flop
Seat 5: Hero collected ($0.12)
Seat 6: 60d2d57e folded before Flop (didn't bet)


Poker Hand #HD1735820917: Hold'em No Limit ($0.02/$0.05) - 2024/04/18 14:57:54
Table 'NLHBlue4' 6-max Seat #1 is the button
Seat 1: 36d61e25 ($5 in chips)
Seat 2: 2e4d19c5 ($5 in chips)
Seat 3: 403574d7 ($5 in chips)
Seat 4: 1e3dc51e ($5.47 in chips)
Seat 5: Hero ($9.69 in chips)
Seat 6: 60d2d57e ($9.56 in chips)
2e4d19c5: posts small blind $0.02
403574d7: posts big blind $0.05
*** HOLE CARDS ***
Dealt to 36d61e25 
Dealt to 2e4d19c5 
Dealt to 403574d7 
Dealt to 1e3dc51e 
Dealt to Hero [5h 7d]
Dealt to 60d2d57e 
1e3dc51e: folds
Hero: folds
60d2d57e: folds
36d61e25: raises $0.07 to $0.12
2e4d19c5: folds
403574d7: folds
Uncalled bet ($0.07) returned to 36d61e25
*** SHOWDOWN ***
36d61e25 collected $0.12 from pot
*** SUMMARY ***
Total pot $0.12 | Rake $0 | Jackpot $0 | Bingo $0 | Fortune $0 | Tax $0
Seat 1: 36d61e25 (button) collected ($0.12)
Seat 2: 2e4d19c5 (small blind) folded before Flop
Seat 3: 403574d7 (big blind) folded before Flop
Seat 4: 1e3dc51e folded before Flop (didn't bet)
Seat 5: Hero folded before Flop (didn't bet)
Seat 6: 60d2d57e folded before Flop (didn't bet)


Poker Hand #HD1735820700: Hold'em No Limit ($0.02/$0.05) - 2024/04/18 14:56:01
Table 'NLHBlue4' 6-max Seat #6 is the button
Seat 1: 36d61e25 ($5 in chips)
Seat 2: 2e4d19c5 ($5 in chips)
Seat 3: 403574d7 ($5.01 in chips)
Seat 4: 1e3dc51e ($5.12 in chips)
Seat 5: Hero ($9.69 in chips)
Seat 6: 60d2d57e ($9.56 in chips)
36d61e25: posts small blind $0.02
2e4d19c5: posts big blind $0.05
*** HOLE CARDS ***
Dealt to 36d61e25 
Dealt to 2e4d19c5 
Dealt to 403574d7 
Dealt to 1e3dc51e 
Dealt to Hero [3h As]
Dealt to 60d2d57e 
403574d7: raises $0.05 to $0.1
1e3dc51e: calls $0.1
Hero: folds
60d2d57e: folds
36d61e25: calls $0.08
2e4d19c5: folds
*** FLOP *** [4c Th Js]
36d61e25: checks
403574d7: checks
1e3dc51e: checks
*** TURN *** [4c Th Js] [8h]
36d61e25: bets $0.06
403574d7: calls $0.06
1e3dc51e: calls $0.06
*** RIVER *** [4c Th Js 8h] [Kc]
36d61e25: checks
403574d7: checks
1e3dc51e: bets $0.4
36d61e25: folds
403574d7: folds
Uncalled bet ($0.4) returned to 1e3dc51e
*** SHOWDOWN ***
1e3dc51e collected $0.51 from pot
*** SUMMARY ***
Total pot $0.53 | Rake $0.02 | Jackpot $0 | Bingo $0 | Fortune $0 | Tax $0
Board [4c Th Js 8h Kc]
Seat 1: 36d61e25 (small blind) folded on the River
Seat 2: 2e4d19c5 (big blind) folded before Flop
Seat 3: 403574d7 folded on the River
Seat 4: 1e3dc51e won ($0.51)
Seat 5: Hero folded before Flop (didn't bet)
Seat 6: 60d2d57e (button) folded before Flop (didn't bet)


Poker Hand #HD1735820642: Hold'em No Limit ($0.02/$0.05) - 2024/04/18 14:55:24
Table 'NLHBlue4' 6-max Seat #5 is the button
Seat 1: 36d61e25 ($5 in chips)
Seat 3: 403574d7 ($5.01 in chips)
Seat 4: 1e3dc51e ($5.12 in chips)
Seat 5: Hero ($9.56 in chips)
Seat 6: 60d2d57e ($9.58 in chips)
60d2d57e: posts small blind $0.02
36d61e25: posts big blind $0.05
*** HOLE CARDS ***
Dealt to 36d61e25 
Dealt to 403574d7 
Dealt to 1e3dc51e 
Dealt to Hero [8d 9d]
Dealt to 60d2d57e 
403574d7: folds
1e3dc51e: folds
Hero: raises $0.07 to $0.12
60d2d57e: folds
36d61e25: calls $0.07
*** FLOP *** [7h 9c 7d]
36d61e25: checks
Hero: bets $0.15
36d61e25: folds
Uncalled bet ($0.15) returned to Hero
*** SHOWDOWN ***
Hero collected $0.25 from pot
*** SUMMARY ***
Total pot $0.26 | Rake $0.01 | Jackpot $0 | Bingo $0 | Fortune $0 | Tax $0
Board [7h 9c 7d]
Seat 1: 36d61e25 (big blind) folded on the Flop
Seat 3: 403574d7 folded before Flop (didn't bet)
Seat 4: 1e3dc51e folded before Flop (didn't bet)
Seat 5: Hero (button) won ($0.25)
Seat 6: 60d2d57e (small blind) folded before Flop


Poker Hand #HD1735820618: Hold'em No Limit ($0.02/$0.05) - 2024/04/18 14:55:10
Table 'NLHBlue4' 6-max Seat #4 is the button
Seat 1: 36d61e25 ($5 in chips)
Seat 3: 403574d7 ($5.01 in chips)
Seat 4: 1e3dc51e ($5.12 in chips)
Seat 5: Hero ($9.58 in chips)
Seat 6: 60d2d57e ($9.56 in chips)
Hero: posts small blind $0.02
60d2d57e: posts big blind $0.05
*** HOLE CARDS ***
Dealt to 36d61e25 
Dealt to 403574d7 
Dealt to 1e3dc51e 
Dealt to Hero [5d Kc]
Dealt to 60d2d57e 
36d61e25: folds
403574d7: folds
1e3dc51e: folds
Hero: folds
Uncalled bet ($0.03) returned to 60d2d57e
*** SHOWDOWN ***
60d2d57e collected $0.04 from pot
*** SUMMARY ***
Total pot $0.04 | Rake $0 | Jackpot $0 | Bingo $0 | Fortune $0 | Tax $0
Seat 1: 36d61e25 folded before Flop (didn't bet)
Seat 3: 403574d7 folded before Flop (didn't bet)
Seat 4: 1e3dc51e (button) folded before Flop (didn't bet)
Seat 5: Hero (small blind) folded before Flop
Seat 6: 60d2d57e (big blind) collected ($0.04)


Poker Hand #HD1735820551: Hold'em No Limit ($0.02/$0.05) - 2024/04/18 14:54:34
Table 'NLHBlue4' 6-max Seat #3 is the button
Seat 1: 36d61e25 ($5 in chips)
Seat 3: 403574d7 ($5.01 in chips)
Seat 4: 1e3dc51e ($5.14 in chips)
Seat 5: Hero ($9.63 in chips)
Seat 6: 60d2d57e ($9.37 in chips)
1e3dc51e: posts small blind $0.02
Hero: posts big blind $0.05
*** HOLE CARDS ***
Dealt to 36d61e25 
Dealt to 403574d7 
Dealt to 1e3dc51e 
Dealt to Hero [2s Tc]
Dealt to 60d2d57e 
60d2d57e: raises $0.08 to $0.13
36d61e25: calls $0.13
403574d7: folds
1e3dc51e: folds
Hero: folds
*** FLOP *** [2d 4d Ah]
60d2d57e: bets $0.17
36d61e25: folds
Uncalled bet ($0.17) returned to 60d2d57e
*** SHOWDOWN ***
60d2d57e collected $0.32 from pot
*** SUMMARY ***
Total pot $0.33 | Rake $0.01 | Jackpot $0 | Bingo $0 | Fortune $0 | Tax $0
Board [2d 4d Ah]
Seat 1: 36d61e25 folded on the Flop
Seat 3: 403574d7 (button) folded before Flop (didn't bet)
Seat 4: 1e3dc51e (small blind) folded before Flop
Seat 5: Hero (big blind) folded before Flop
Seat 6: 60d2d57e won ($0.32)


Poker Hand #HD1735820472: Hold'em No Limit ($0.02/$0.05) - 2024/04/18 14:53:45
Table 'NLHBlue4' 6-max Seat #1 is the button
Seat 1: 36d61e25 ($5 in chips)
Seat 3: 403574d7 ($5.03 in chips)
Seat 4: 1e3dc51e ($5.19 in chips)
Seat 5: Hero ($9.47 in chips)
Seat 6: 60d2d57e ($9.47 in chips)
403574d7: posts small blind $0.02
1e3dc51e: posts big blind $0.05
*** HOLE CARDS ***
Dealt to 36d61e25 
Dealt to 403574d7 
Dealt to 1e3dc51e 
Dealt to Hero [Js Ts]
Dealt to 60d2d57e 
Hero: raises $0.05 to $0.1
60d2d57e: calls $0.1
36d61e25: folds
403574d7: folds
1e3dc51e: folds
*** FLOP *** [Qd 6s Ks]
Hero: checks
60d2d57e: checks
*** TURN *** [Qd 6s Ks] [Qc]
Hero: bets $0.15
60d2d57e: folds
Uncalled bet ($0.15) returned to Hero
*** SHOWDOWN ***
Hero collected $0.26 from pot
*** SUMMARY ***
Total pot $0.27 | Rake $0.01 | Jackpot $0 | Bingo $0 | Fortune $0 | Tax $0
Board [Qd 6s Ks Qc]
Seat 1: 36d61e25 (button) folded before Flop (didn't bet)
Seat 3: 403574d7 (small blind) folded before Flop
Seat 4: 1e3dc51e (big blind) folded before Flop
Seat 5: Hero won ($0.26)
Seat 6: 60d2d57e folded on the Turn


Poker Hand #HD1735820356: Hold'em No Limit ($0.02/$0.05) - 2024/04/18 14:52:45
Table 'NLHBlue4' 6-max Seat #6 is the button
Seat 1: 36d61e25 ($5.02 in chips)
Seat 3: 403574d7 ($5.08 in chips)
Seat 4: 1e3dc51e ($4.82 in chips)
Seat 5: Hero ($9.47 in chips)
Seat 6: 60d2d57e ($9.47 in chips)
36d61e25: posts small blind $0.02
403574d7: posts big blind $0.05
*** HOLE CARDS ***
Dealt to 36d61e25 
Dealt to 403574d7 
Dealt to 1e3dc51e 
Dealt to Hero [Ks 7h]
Dealt to 60d2d57e 
1e3dc51e: raises $0.06 to $0.11
Hero: folds
60d2d57e: folds
36d61e25: calls $0.09
403574d7: folds
*** FLOP *** [8c As 5d]
36d61e25: bets $0.08
1e3dc51e: calls $0.08
*** TURN *** [8c As 5d] [Jd]
36d61e25: bets $0.16
1e3dc51e: raises $0.38 to $0.54
36d61e25: folds
Uncalled bet ($0.38) returned to 1e3dc51e
*** SHOWDOWN ***
1e3dc51e collected $0.72 from pot
*** SUMMARY ***
Total pot $0.75 | Rake $0.03 | Jackpot $0 | Bingo $0 | Fortune $0 | Tax $0
Board [8c As 5d Jd]
Seat 1: 36d61e25 (small blind) folded on the Turn
Seat 3: 403574d7 (big blind) folded before Flop
Seat 4: 1e3dc51e won ($0.72)
Seat 5: Hero folded before Flop (didn't bet)
Seat 6: 60d2d57e (button) folded before Flop (didn't bet)


Poker Hand #HD1735820312: Hold'em No Limit ($0.02/$0.05) - 2024/04/18 14:52:25
Table 'NLHBlue4' 6-max Seat #5 is the button
Seat 1: 36d61e25 ($5 in chips)
Seat 2: 2aa409b2 ($6.04 in chips)
Seat 3: 403574d7 ($5.08 in chips)
Seat 4: 1e3dc51e ($4.82 in chips)
Seat 5: Hero ($9.47 in chips)
Seat 6: 60d2d57e ($9.49 in chips)
60d2d57e: posts small blind $0.02
36d61e25: posts big blind $0.05
*** HOLE CARDS ***
Dealt to 36d61e25 
Dealt to 2aa409b2 
Dealt to 403574d7 
Dealt to 1e3dc51e 
Dealt to Hero [8c 7s]
Dealt to 60d2d57e 
2aa409b2: folds
403574d7: folds
1e3dc51e: folds
Hero: folds
60d2d57e: folds
Uncalled bet ($0.03) returned to 36d61e25
*** SHOWDOWN ***
36d61e25 collected $0.04 from pot
*** SUMMARY ***
Total pot $0.04 | Rake $0 | Jackpot $0 | Bingo $0 | Fortune $0 | Tax $0
Seat 1: 36d61e25 (big blind) collected ($0.04)
Seat 2: 2aa409b2 folded before Flop (didn't bet)
Seat 3: 403574d7 folded before Flop (didn't bet)
Seat 4: 1e3dc51e folded before Flop (didn't bet)
Seat 5: Hero (button) folded before Flop (didn't bet)
Seat 6: 60d2d57e (small blind) folded before Flop


Poker Hand #HD1735820284: Hold'em No Limit ($0.02/$0.05) - 2024/04/18 14:52:08
Table 'NLHBlue4' 6-max Seat #4 is the button
Seat 2: 2aa409b2 ($6.04 in chips)
Seat 3: 403574d7 ($5.08 in chips)
Seat 4: 1e3dc51e ($4.82 in chips)
Seat 5: Hero ($9.42 in chips)
Seat 6: 60d2d57e ($9.54 in chips)
Hero: posts small blind $0.02
60d2d57e: posts big blind $0.05
*** HOLE CARDS ***
Dealt to 2aa409b2 
Dealt to 403574d7 
Dealt to 1e3dc51e 
Dealt to Hero [Td Kh]
Dealt to 60d2d57e 
2aa409b2: folds
403574d7: folds
1e3dc51e: folds
Hero: raises $0.1 to $0.15
60d2d57e: folds
Uncalled bet ($0.1) returned to Hero
*** SHOWDOWN ***
Hero collected $0.1 from pot
*** SUMMARY ***
Total pot $0.1 | Rake $0 | Jackpot $0 | Bingo $0 | Fortune $0 | Tax $0
Seat 2: 2aa409b2 folded before Flop (didn't bet)
Seat 3: 403574d7 folded before Flop (didn't bet)
Seat 4: 1e3dc51e (button) folded before Flop (didn't bet)
Seat 5: Hero (small blind) collected ($0.1)
Seat 6: 60d2d57e (big blind) folded before Flop


Poker Hand #HD1735820184: Hold'em No Limit ($0.02/$0.05) - 2024/04/18 14:51:22
Table 'NLHBlue4' 6-max Seat #3 is the button
Seat 2: 2aa409b2 ($5.87 in chips)
Seat 3: 403574d7 ($5.08 in chips)
Seat 4: 1e3dc51e ($4.95 in chips)
Seat 5: Hero ($9.47 in chips)
Seat 6: 60d2d57e ($9.54 in chips)
1e3dc51e: posts small blind $0.02
Hero: posts big blind $0.05
*** HOLE CARDS ***
Dealt to 2aa409b2 
Dealt to 403574d7 
Dealt to 1e3dc51e 
Dealt to Hero [9d Qh]
Dealt to 60d2d57e 
60d2d57e: folds
2aa409b2: raises $0.08 to $0.13
403574d7: folds
1e3dc51e: calls $0.11
Hero: folds
*** FLOP *** [3d Kc 4s]
1e3dc51e: checks
2aa409b2: bets $0.19
1e3dc51e: folds
Uncalled bet ($0.19) returned to 2aa409b2
*** SHOWDOWN ***
2aa409b2 collected $0.3 from pot
*** SUMMARY ***
Total pot $0.31 | Rake $0.01 | Jackpot $0 | Bingo $0 | Fortune $0 | Tax $0
Board [3d Kc 4s]
Seat 2: 2aa409b2 won ($0.3)
Seat 3: 403574d7 (button) folded before Flop (didn't bet)
Seat 4: 1e3dc51e (small blind) folded on the Flop
Seat 5: Hero (big blind) folded before Flop
Seat 6: 60d2d57e folded before Flop (didn't bet)


Poker Hand #HD1735820153: Hold'em No Limit ($0.02/$0.05) - 2024/04/18 14:51:04
Table 'NLHBlue4' 6-max Seat #2 is the button
Seat 2: 2aa409b2 ($5.87 in chips)
Seat 3: 403574d7 ($5.1 in chips)
Seat 4: 1e3dc51e ($5 in chips)
Seat 5: Hero ($9.47 in chips)
Seat 6: 60d2d57e ($9.47 in chips)
403574d7: posts small blind $0.02
1e3dc51e: posts big blind $0.05
*** HOLE CARDS ***
Dealt to 2aa409b2 
Dealt to 403574d7 
Dealt to 1e3dc51e 
Dealt to Hero [9s 8h]
Dealt to 60d2d57e 
Hero: folds
60d2d57e: raises $0.08 to $0.13
2aa409b2: folds
403574d7: folds
1e3dc51e: folds
Uncalled bet ($0.08) returned to 60d2d57e
*** SHOWDOWN ***
60d2d57e collected $0.12 from pot
*** SUMMARY ***
Total pot $0.12 | Rake $0 | Jackpot $0 | Bingo $0 | Fortune $0 | Tax $0
Seat 2: 2aa409b2 (button) folded before Flop (didn't bet)
Seat 3: 403574d7 (small blind) folded before Flop
Seat 4: 1e3dc51e (big blind) folded before Flop
Seat 5: Hero folded before Flop (didn't bet)
Seat 6: 60d2d57e collected ($0.12)


Poker Hand #HD1735820015: Hold'em No Limit ($0.02/$0.05) - 2024/04/18 14:49:56
Table 'NLHBlue4' 6-max Seat #6 is the button
Seat 1: 6a4cf874 ($12.89 in chips)
Seat 2: 2aa409b2 ($7.93 in chips)
Seat 3: 403574d7 ($5.1 in chips)
Seat 4: 6c69d346 ($5 in chips)
Seat 5: Hero ($7.64 in chips)
Seat 6: 60d2d57e ($9.47 in chips)
6a4cf874: posts small blind $0.02
2aa409b2: posts big blind $0.05
*** HOLE CARDS ***
Dealt to 6a4cf874 
Dealt to 2aa409b2 
Dealt to 403574d7 
Dealt to 6c69d346 
Dealt to Hero [Qc As]
Dealt to 60d2d57e 
403574d7: folds
6c69d346: folds
Hero: raises $0.07 to $0.12
60d2d57e: folds
6a4cf874: folds
2aa409b2: raises $0.38 to $0.5
Hero: calls $0.38
*** FLOP *** [Tc 5h Qs]
2aa409b2: bets $0.52
Hero: calls $0.52
*** TURN *** [Tc 5h Qs] [7c]
2aa409b2: bets $1.04
Hero: calls $1.04
*** RIVER *** [Tc 5h Qs 7c] [8s]
2aa409b2: checks
Hero: checks
2aa409b2: shows [Js Kc] (King-High)
Hero: shows [Qc As] (Pair of Queens)
*** SHOWDOWN ***
Hero collected $3.89 from pot
*** SUMMARY ***
Total pot $4.14 | Rake $0.2 | Jackpot $0.05 | Bingo $0 | Fortune $0 | Tax $0
Board [Tc 5h Qs 7c 8s]
Seat 1: 6a4cf874 (small blind) folded before Flop
Seat 2: 2aa409b2 (big blind) showed [Js Kc] and lost with King-High
Seat 3: 403574d7 folded before Flop (didn't bet)
Seat 4: 6c69d346 folded before Flop (didn't bet)
Seat 5: Hero showed [Qc As] and won ($3.89) with Pair of Queens
Seat 6: 60d2d57e (button) folded before Flop (didn't bet)


Poker Hand #HD1735819992: Hold'em No Limit ($0.02/$0.05) - 2024/04/18 14:49:39
Table 'NLHBlue4' 6-max Seat #5 is the button
Seat 1: 6a4cf874 ($12.94 in chips)
Seat 2: 2aa409b2 ($7.93 in chips)
Seat 3: 403574d7 ($5.03 in chips)
Seat 5: Hero ($7.64 in chips)
Seat 6: 60d2d57e ($9.49 in chips)
60d2d57e: posts small blind $0.02
6a4cf874: posts big blind $0.05
*** HOLE CARDS ***
Dealt to 6a4cf874 
Dealt to 2aa409b2 
Dealt to 403574d7 
Dealt to Hero [9s 2h]
Dealt to 60d2d57e 
2aa409b2: folds
403574d7: raises $0.05 to $0.1
Hero: folds
60d2d57e: folds
6a4cf874: folds
Uncalled bet ($0.05) returned to 403574d7
*** SHOWDOWN ***
403574d7 collected $0.12 from pot
*** SUMMARY ***
Total pot $0.12 | Rake $0 | Jackpot $0 | Bingo $0 | Fortune $0 | Tax $0
Seat 1: 6a4cf874 (big blind) folded before Flop
Seat 2: 2aa409b2 folded before Flop (didn't bet)
Seat 3: 403574d7 collected ($0.12)
Seat 5: Hero (button) folded before Flop (didn't bet)
Seat 6: 60d2d57e (small blind) folded before Flop


Poker Hand #HD1735819799: Hold'em No Limit ($0.02/$0.05) - 2024/04/18 14:47:53
Table 'NLHBlue4' 6-max Seat #3 is the button
Seat 1: 6a4cf874 ($9.01 in chips)
Seat 2: 2aa409b2 ($7.93 in chips)
Seat 3: 403574d7 ($5.03 in chips)
Seat 4: 6c69d346 ($4.36 in chips)
Seat 5: Hero ($7.69 in chips)
Seat 6: 60d2d57e ($9.49 in chips)
6c69d346: posts small blind $0.02
Hero: posts big blind $0.05
*** HOLE CARDS ***
Dealt to 6a4cf874 
Dealt to 2aa409b2 
Dealt to 403574d7 
Dealt to 6c69d346 
Dealt to Hero [9h Jh]
Dealt to 60d2d57e 
60d2d57e: folds
6a4cf874: raises $0.08 to $0.13
2aa409b2: folds
403574d7: folds
6c69d346: raises $0.08 to $0.21
Hero: folds
6a4cf874: calls $0.08
*** FLOP *** [7d Tc Qc]
6c69d346: bets $0.16
6a4cf874: calls $0.16
*** TURN *** [7d Tc Qc] [8c]
6c69d346: bets $0.4
6a4cf874: calls $0.4
*** RIVER *** [7d Tc Qc 8c] [9d]
6c69d346: bets $0.8
6a4cf874: raises $7.44 to $8.24 and is all-in
6c69d346: calls $2.79 and is all-in
Uncalled bet ($4.65) returned to 6a4cf874
6a4cf874: shows [Ac 9c] (Ace High Flush)
6c69d346: shows [Jd Js] (Queens-High Straight)
*** SHOWDOWN ***
6a4cf874 collected $8.29 from pot
*** SUMMARY ***
Total pot $8.77 | Rake $0.43 | Jackpot $0.05 | Bingo $0 | Fortune $0 | Tax $0
Board [7d Tc Qc 8c 9d]
Seat 1: 6a4cf874 showed [Ac 9c] and won ($8.29) with Ace High Flush
Seat 2: 2aa409b2 folded before Flop (didn't bet)
Seat 3: 403574d7 (button) folded before Flop (didn't bet)
Seat 4: 6c69d346 (small blind) showed [Jd Js] and lost with Queens-High Straight
Seat 5: Hero (big blind) folded before Flop
Seat 6: 60d2d57e folded before Flop (didn't bet)


Poker Hand #HD1735819733: Hold'em No Limit ($0.02/$0.05) - 2024/04/18 14:47:10
Table 'NLHBlue4' 6-max Seat #2 is the button
Seat 1: 6a4cf874 ($9.01 in chips)
Seat 2: 2aa409b2 ($7.93 in chips)
Seat 3: 403574d7 ($5.05 in chips)
Seat 4: 6c69d346 ($4.75 in chips)
Seat 5: Hero ($7.69 in chips)
Seat 6: 60d2d57e ($9.12 in chips)
403574d7: posts small blind $0.02
6c69d346: posts big blind $0.05
*** HOLE CARDS ***
Dealt to 6a4cf874 
Dealt to 2aa409b2 
Dealt to 403574d7 
Dealt to 6c69d346 
Dealt to Hero [2d 2h]
Dealt to 60d2d57e 
Hero: folds
60d2d57e: raises $0.08 to $0.13
6a4cf874: folds
2aa409b2: folds
403574d7: folds
6c69d346: calls $0.08
*** FLOP *** [Tc 2c 4c]
6c69d346: checks
60d2d57e: checks
*** TURN *** [Tc 2c 4c] [3h]
6c69d346: bets $0.1
60d2d57e: calls $0.1
*** RIVER *** [Tc 2c 4c 3h] [4d]
6c69d346: bets $0.16
60d2d57e: calls $0.16
6c69d346: shows [8h 7d] (Pair of Fours)
60d2d57e: shows [Ah Td] (Pair of Tens and Pair of Fours)
*** SHOWDOWN ***
60d2d57e collected $0.76 from pot
*** SUMMARY ***
Total pot $0.8 | Rake $0.04 | Jackpot $0 | Bingo $0 | Fortune $0 | Tax $0
Board [Tc 2c 4c 3h 4d]
Seat 1: 6a4cf874 folded before Flop (didn't bet)
Seat 2: 2aa409b2 (button) folded before Flop (didn't bet)
Seat 3: 403574d7 (small blind) folded before Flop
Seat 4: 6c69d346 (big blind) showed [8h 7d] and lost with Pair of Fours
Seat 5: Hero folded before Flop (didn't bet)
Seat 6: 60d2d57e showed [Ah Td] and won ($0.76) with Pair of Tens and Pair of Fours


Poker Hand #HD1735819711: Hold'em No Limit ($0.02/$0.05) - 2024/04/18 14:46:58
Table 'NLHBlue4' 6-max Seat #1 is the button
Seat 1: 6a4cf874 ($9.01 in chips)
Seat 2: 2aa409b2 ($7.95 in chips)
Seat 3: 403574d7 ($5 in chips)
Seat 4: 6c69d346 ($4.75 in chips)
Seat 5: Hero ($7.69 in chips)
Seat 6: 60d2d57e ($9.05 in chips)
2aa409b2: posts small blind $0.02
403574d7: posts big blind $0.05
*** HOLE CARDS ***
Dealt to 6a4cf874 
Dealt to 2aa409b2 
Dealt to 403574d7 
Dealt to 6c69d346 
Dealt to Hero [Ah 3d]
Dealt to 60d2d57e 
6c69d346: folds
Hero: folds
60d2d57e: raises $0.08 to $0.13
6a4cf874: folds
2aa409b2: folds
403574d7: folds
Uncalled bet ($0.08) returned to 60d2d57e
*** SHOWDOWN ***
60d2d57e collected $0.12 from pot
*** SUMMARY ***
Total pot $0.12 | Rake $0 | Jackpot $0 | Bingo $0 | Fortune $0 | Tax $0
Seat 1: 6a4cf874 (button) folded before Flop (didn't bet)
Seat 2: 2aa409b2 (small blind) folded before Flop
Seat 3: 403574d7 (big blind) folded before Flop
Seat 4: 6c69d346 folded before Flop (didn't bet)
Seat 5: Hero folded before Flop (didn't bet)
Seat 6: 60d2d57e collected ($0.12)


Poker Hand #HD1735819675: Hold'em No Limit ($0.02/$0.05) - 2024/04/18 14:46:39
Table 'NLHBlue4' 6-max Seat #6 is the button
Seat 1: 6a4cf874 ($9.03 in chips)
Seat 2: 2aa409b2 ($8 in chips)
Seat 3: 403574d7 ($5 in chips)
Seat 4: 6c69d346 ($4.68 in chips)
Seat 5: Hero ($7.69 in chips)
Seat 6: 60d2d57e ($9.05 in chips)
6a4cf874: posts small blind $0.02
2aa409b2: posts big blind $0.05
*** HOLE CARDS ***
Dealt to 6a4cf874 
Dealt to 2aa409b2 
Dealt to 403574d7 
Dealt to 6c69d346 
Dealt to Hero [6c 2s]
Dealt to 60d2d57e 
403574d7: folds
6c69d346: raises $0.05 to $0.1
Hero: folds
60d2d57e: folds
6a4cf874: folds
2aa409b2: folds
Uncalled bet ($0.05) returned to 6c69d346
*** SHOWDOWN ***
6c69d346 collected $0.12 from pot
*** SUMMARY ***
Total pot $0.12 | Rake $0 | Jackpot $0 | Bingo $0 | Fortune $0 | Tax $0
Seat 1: 6a4cf874 (small blind) folded before Flop
Seat 2: 2aa409b2 (big blind) folded before Flop
Seat 3: 403574d7 folded before Flop (didn't bet)
Seat 4: 6c69d346 collected ($0.12)
Seat 5: Hero folded before Flop (didn't bet)
Seat 6: 60d2d57e (button) folded before Flop (didn't bet)


Poker Hand #HD1735819626: Hold'em No Limit ($0.02/$0.05) - 2024/04/18 14:46:14
Table 'NLHBlue4' 6-max Seat #5 is the button
Seat 1: 6a4cf874 ($9.08 in chips)
Seat 3: 403574d7 ($5 in chips)
Seat 4: 6c69d346 ($4.68 in chips)
Seat 5: Hero ($7.62 in chips)
Seat 6: 60d2d57e ($9.07 in chips)
60d2d57e: posts small blind $0.02
6a4cf874: posts big blind $0.05
*** HOLE CARDS ***
Dealt to 6a4cf874 
Dealt to 403574d7 
Dealt to 6c69d346 
Dealt to Hero [As 4h]
Dealt to 60d2d57e 
403574d7: folds
6c69d346: folds
Hero: raises $0.07 to $0.12
60d2d57e: folds
6a4cf874: folds
Uncalled bet ($0.07) returned to Hero
*** SHOWDOWN ***
Hero collected $0.12 from pot
*** SUMMARY ***
Total pot $0.12 | Rake $0 | Jackpot $0 | Bingo $0 | Fortune $0 | Tax $0
Seat 1: 6a4cf874 (big blind) folded before Flop
Seat 3: 403574d7 folded before Flop (didn't bet)
Seat 4: 6c69d346 folded before Flop (didn't bet)
Seat 5: Hero (button) collected ($0.12)
Seat 6: 60d2d57e (small blind) folded before Flop


Poker Hand #HD1735819544: Hold'em No Limit ($0.02/$0.05) - 2024/04/18 14:45:30
Table 'NLHBlue4' 6-max Seat #4 is the button
Seat 1: 6a4cf874 ($9.21 in chips)
Seat 3: 403574d7 ($5.03 in chips)
Seat 4: 6c69d346 ($5.22 in chips)
Seat 5: Hero ($7.64 in chips)
Seat 6: 60d2d57e ($8.31 in chips)
Hero: posts small blind $0.02
60d2d57e: posts big blind $0.05
*** HOLE CARDS ***
Dealt to 6a4cf874 
Dealt to 403574d7 
Dealt to 6c69d346 
Dealt to Hero [3c 6s]
Dealt to 60d2d57e 
6a4cf874: raises $0.08 to $0.13
403574d7: calls $0.13
6c69d346: calls $0.13
Hero: folds
60d2d57e: calls $0.08
*** FLOP *** [5h Jh 6d]
60d2d57e: checks
6a4cf874: checks
403574d7: checks
6c69d346: checks
*** TURN *** [5h Jh 6d] [7s]
60d2d57e: bets $0.41
6a4cf874: folds
403574d7: folds
6c69d346: calls $0.41
*** RIVER *** [5h Jh 6d 7s] [Ah]
60d2d57e: checks
6c69d346: checks
60d2d57e: shows [6c 7c] (Pair of Sevens and Pair of Sixes)
6c69d346: shows [9d 7d] (Pair of Sevens)
*** SHOWDOWN ***
60d2d57e collected $1.3 from pot
*** SUMMARY ***
Total pot $1.36 | Rake $0.06 | Jackpot $0 | Bingo $0 | Fortune $0 | Tax $0
Board [5h Jh 6d 7s Ah]
Seat 1: 6a4cf874 folded on the Turn
Seat 3: 403574d7 folded on the Turn
Seat 4: 6c69d346 (button) showed [9d 7d] and lost with Pair of Sevens
Seat 5: Hero (small blind) folded before Flop
Seat 6: 60d2d57e (big blind) showed [6c 7c] and won ($1.3) with Pair of Sevens and Pair of Sixes


Poker Hand #HD1735819489: Hold'em No Limit ($0.02/$0.05) - 2024/04/18 14:44:56
Table 'NLHBlue4' 6-max Seat #3 is the button
Seat 1: 6a4cf874 ($9.45 in chips)
Seat 3: 403574d7 ($5.03 in chips)
Seat 4: 6c69d346 ($4.95 in chips)
Seat 5: Hero ($7.69 in chips)
Seat 6: 60d2d57e ($8.31 in chips)
6c69d346: posts small blind $0.02
Hero: posts big blind $0.05
*** HOLE CARDS ***
Dealt to 6a4cf874 
Dealt to 403574d7 
Dealt to 6c69d346 
Dealt to Hero [8c 2s]
Dealt to 60d2d57e 
60d2d57e: folds
6a4cf874: raises $0.08 to $0.13
403574d7: folds
6c69d346: calls $0.11
Hero: folds
*** FLOP *** [9s Js 5c]
6c69d346: checks
6a4cf874: bets $0.11
6c69d346: calls $0.11
*** TURN *** [9s Js 5c] [5d]
6c69d346: bets $0.18
6a4cf874: folds
Uncalled bet ($0.18) returned to 6c69d346
*** SHOWDOWN ***
6c69d346 collected $0.51 from pot
*** SUMMARY ***
Total pot $0.53 | Rake $0.02 | Jackpot $0 | Bingo $0 | Fortune $0 | Tax $0
Board [9s Js 5c 5d]
Seat 1: 6a4cf874 folded on the Turn
Seat 3: 403574d7 (button) folded before Flop (didn't bet)
Seat 4: 6c69d346 (small blind) won ($0.51)
Seat 5: Hero (big blind) folded before Flop
Seat 6: 60d2d57e folded before Flop (didn't bet)


Poker Hand #HD1735819451: Hold'em No Limit ($0.02/$0.05) - 2024/04/18 14:44:42
Table 'NLHBlue4' 6-max Seat #2 is the button
Seat 1: 6a4cf874 ($9.45 in chips)
Seat 2: 3346c4e ($5.05 in chips)
Seat 3: 403574d7 ($5.05 in chips)
Seat 4: 6c69d346 ($5 in chips)
Seat 5: Hero ($7.62 in chips)
Seat 6: 60d2d57e ($8.31 in chips)
403574d7: posts small blind $0.02
6c69d346: posts big blind $0.05
*** HOLE CARDS ***
Dealt to 6a4cf874 
Dealt to 3346c4e 
Dealt to 403574d7 
Dealt to 6c69d346 
Dealt to Hero [Jd Js]
Dealt to 60d2d57e 
Hero: raises $0.05 to $0.1
60d2d57e: folds
6a4cf874: folds
3346c4e: folds
403574d7: folds
6c69d346: folds
Uncalled bet ($0.05) returned to Hero
*** SHOWDOWN ***
Hero collected $0.12 from pot
*** SUMMARY ***
Total pot $0.12 | Rake $0 | Jackpot $0 | Bingo $0 | Fortune $0 | Tax $0
Seat 1: 6a4cf874 folded before Flop (didn't bet)
Seat 2: 3346c4e (button) folded before Flop (didn't bet)
Seat 3: 403574d7 (small blind) folded before Flop
Seat 4: 6c69d346 (big blind) folded before Flop
Seat 5: Hero collected ($0.12)
Seat 6: 60d2d57e folded before Flop (didn't bet)


Poker Hand #HD1735819424: Hold'em No Limit ($0.02/$0.05) - 2024/04/18 14:44:30
Table 'NLHBlue4' 6-max Seat #1 is the button
Seat 1: 6a4cf874 ($9.45 in chips)
Seat 2: 3346c4e ($5.07 in chips)
Seat 3: 403574d7 ($5.03 in chips)
Seat 4: 6c69d346 ($5 in chips)
Seat 5: Hero ($7.62 in chips)
Seat 6: 60d2d57e ($8.31 in chips)
3346c4e: posts small blind $0.02
403574d7: posts big blind $0.05
*** HOLE CARDS ***
Dealt to 6a4cf874 
Dealt to 3346c4e 
Dealt to 403574d7 
Dealt to 6c69d346 
Dealt to Hero [Ac 5h]
Dealt to 60d2d57e 
6c69d346: folds
Hero: folds
60d2d57e: folds
6a4cf874: folds
3346c4e: folds
Uncalled bet ($0.03) returned to 403574d7
*** SHOWDOWN ***
403574d7 collected $0.04 from pot
*** SUMMARY ***
Total pot $0.04 | Rake $0 | Jackpot $0 | Bingo $0 | Fortune $0 | Tax $0
Seat 1: 6a4cf874 (button) folded before Flop (didn't bet)
Seat 2: 3346c4e (small blind) folded before Flop
Seat 3: 403574d7 (big blind) collected ($0.04)
Seat 4: 6c69d346 folded before Flop (didn't bet)
Seat 5: Hero folded before Flop (didn't bet)
Seat 6: 60d2d57e folded before Flop (didn't bet)


Poker Hand #HD1735819405: Hold'em No Limit ($0.02/$0.05) - 2024/04/18 14:44:15
Table 'NLHBlue4' 6-max Seat #6 is the button
Seat 1: 6a4cf874 ($9.47 in chips)
Seat 2: 3346c4e ($5.05 in chips)
Seat 3: 403574d7 ($5.03 in chips)
Seat 4: 6c69d346 ($5 in chips)
Seat 5: Hero ($7.62 in chips)
Seat 6: 60d2d57e ($8.31 in chips)
6a4cf874: posts small blind $0.02
3346c4e: posts big blind $0.05
*** HOLE CARDS ***
Dealt to 6a4cf874 
Dealt to 3346c4e 
Dealt to 403574d7 
Dealt to 6c69d346 
Dealt to Hero [Qc 9h]
Dealt to 60d2d57e 
403574d7: folds
6c69d346: folds
Hero: folds
60d2d57e: folds
6a4cf874: folds
Uncalled bet ($0.03) returned to 3346c4e
*** SHOWDOWN ***
3346c4e collected $0.04 from pot
*** SUMMARY ***
Total pot $0.04 | Rake $0 | Jackpot $0 | Bingo $0 | Fortune $0 | Tax $0
Seat 1: 6a4cf874 (small blind) folded before Flop
Seat 2: 3346c4e (big blind) collected ($0.04)
Seat 3: 403574d7 folded before Flop (didn't bet)
Seat 4: 6c69d346 folded before Flop (didn't bet)
Seat 5: Hero folded before Flop (didn't bet)
Seat 6: 60d2d57e (button) folded before Flop (didn't bet)


Poker Hand #HD1735819301: Hold'em No Limit ($0.02/$0.05) - 2024/04/18 14:43:18
Table 'NLHBlue4' 6-max Seat #5 is the button
Seat 1: 6a4cf874 ($8.61 in chips)
Seat 2: 3346c4e ($5.05 in chips)
Seat 3: 403574d7 ($5.03 in chips)
Seat 5: Hero ($7.62 in chips)
Seat 6: 60d2d57e ($9.31 in chips)
60d2d57e: posts small blind $0.02
6a4cf874: posts big blind $0.05
*** HOLE CARDS ***
Dealt to 6a4cf874 
Dealt to 3346c4e 
Dealt to 403574d7 
Dealt to Hero [5d Ks]
Dealt to 60d2d57e 
3346c4e: folds
403574d7: folds
Hero: folds
60d2d57e: raises $0.1 to $0.15
6a4cf874: calls $0.1
*** FLOP *** [Jc 2d Qc]
60d2d57e: checks
6a4cf874: bets $0.1
60d2d57e: calls $0.1
*** TURN *** [Jc 2d Qc] [6c]
60d2d57e: checks
6a4cf874: bets $0.25
60d2d57e: calls $0.25
*** RIVER *** [Jc 2d Qc 6c] [7c]
60d2d57e: checks
6a4cf874: bets $0.5
60d2d57e: calls $0.5
6a4cf874: shows [Td Kc] (King High Flush)
60d2d57e: shows [Jh Tc] (Queen High Flush)
*** SHOWDOWN ***
6a4cf874 collected $1.86 from pot
*** SUMMARY ***
Total pot $2 | Rake $0.09 | Jackpot $0.05 | Bingo $0 | Fortune $0 | Tax $0
Board [Jc 2d Qc 6c 7c]
Seat 1: 6a4cf874 (big blind) showed [Td Kc] and won ($1.86) with King High Flush
Seat 2: 3346c4e folded before Flop (didn't bet)
Seat 3: 403574d7 folded before Flop (didn't bet)
Seat 5: Hero (button) folded before Flop (didn't bet)
Seat 6: 60d2d57e (small blind) showed [Jh Tc] and lost with Queen High Flush


Poker Hand #HD1735819174: Hold'em No Limit ($0.02/$0.05) - 2024/04/18 14:42:14
Table 'NLHBlue4' 6-max Seat #3 is the button
Seat 1: 6a4cf874 ($8.61 in chips)
Seat 2: 3346c4e ($5.05 in chips)
Seat 3: 403574d7 ($5.03 in chips)
Seat 4: 6c69d346 ($4.77 in chips)
Seat 5: Hero ($7.67 in chips)
Seat 6: 60d2d57e ($5 in chips)
6c69d346: posts small blind $0.02
Hero: posts big blind $0.05
*** HOLE CARDS ***
Dealt to 6a4cf874 
Dealt to 3346c4e 
Dealt to 403574d7 
Dealt to 6c69d346 
Dealt to Hero [6h Jd]
Dealt to 60d2d57e 
60d2d57e: raises $0.08 to $0.13
6a4cf874: folds
3346c4e: folds
403574d7: folds
6c69d346: calls $0.11
Hero: folds
*** FLOP *** [3s 9s 6d]
6c69d346: checks
60d2d57e: bets $0.24
6c69d346: calls $0.24
*** TURN *** [3s 9s 6d] [Kh]
6c69d346: bets $0.27
60d2d57e: raises $0.57 to $0.84
6c69d346: raises $3.56 to $4.4 and is all-in
60d2d57e: calls $3.56
6c69d346: shows [As 8s] (Ace-High)
60d2d57e: shows [Ac Ah] (Pair of Aces)
*** FIRST RIVER *** [3s 9s 6d Kh] [9h]
*** SECOND RIVER *** [3s 9s 6d Kh] [8c]
*** FIRST SHOWDOWN ***
60d2d57e collected $4.54 from pot
*** SECOND SHOWDOWN ***
60d2d57e collected $4.54 from pot
*** SUMMARY ***
Total pot $9.59 | Rake $0.46 | Jackpot $0.05 | Bingo $0 | Fortune $0 | Tax $0
Hand was run two times
FIRST Board [3s 9s 6d Kh 9h]
SECOND Board [8c]
Seat 1: 6a4cf874 folded before Flop (didn't bet)
Seat 2: 3346c4e folded before Flop (didn't bet)
Seat 3: 403574d7 (button) folded before Flop (didn't bet)
Seat 4: 6c69d346 (small blind) showed [As 8s] and lost with Pair of Nines, and lost
Seat 5: Hero (big blind) folded before Flop
Seat 6: 60d2d57e showed [Ac Ah] and won ($4.54) with Pair of Aces and Pair of Nines, and won ($4.54)


Poker Hand #HD1735819133: Hold'em No Limit ($0.02/$0.05) - 2024/04/18 14:41:54
Table 'NLHBlue4' 6-max Seat #2 is the button
Seat 1: 6a4cf874 ($8.61 in chips)
Seat 2: 3346c4e ($5.05 in chips)
Seat 3: 403574d7 ($5.05 in chips)
Seat 4: 6c69d346 ($4.75 in chips)
Seat 5: Hero ($7.67 in chips)
Seat 6: 60d2d57e ($5 in chips)
403574d7: posts small blind $0.02
6c69d346: posts big blind $0.05
*** HOLE CARDS ***
Dealt to 6a4cf874 
Dealt to 3346c4e 
Dealt to 403574d7 
Dealt to 6c69d346 
Dealt to Hero [Tc 9h]
Dealt to 60d2d57e 
Hero: folds
60d2d57e: folds
6a4cf874: folds
3346c4e: folds
403574d7: folds
Uncalled bet ($0.03) returned to 6c69d346
*** SHOWDOWN ***
6c69d346 collected $0.04 from pot
*** SUMMARY ***
Total pot $0.04 | Rake $0 | Jackpot $0 | Bingo $0 | Fortune $0 | Tax $0
Seat 1: 6a4cf874 folded before Flop (didn't bet)
Seat 2: 3346c4e (button) folded before Flop (didn't bet)
Seat 3: 403574d7 (small blind) folded before Flop
Seat 4: 6c69d346 (big blind) collected ($0.04)
Seat 5: Hero folded before Flop (didn't bet)
Seat 6: 60d2d57e folded before Flop (didn't bet)


Poker Hand #HD1735819082: Hold'em No Limit ($0.02/$0.05) - 2024/04/18 14:41:29
Table 'NLHBlue4' 6-max Seat #1 is the button
Seat 1: 6a4cf874 ($8.61 in chips)
Seat 2: 3346c4e ($5.07 in chips)
Seat 3: 403574d7 ($5 in chips)
Seat 4: 6c69d346 ($4.68 in chips)
Seat 5: Hero ($7.67 in chips)
Seat 6: 60d2d57e ($5 in chips)
3346c4e: posts small blind $0.02
403574d7: posts big blind $0.05
*** HOLE CARDS ***
Dealt to 6a4cf874 
Dealt to 3346c4e 
Dealt to 403574d7 
Dealt to 6c69d346 
Dealt to Hero [Ah 2d]
Dealt to 60d2d57e 
6c69d346: raises $0.05 to $0.1
Hero: folds
60d2d57e: folds
6a4cf874: folds
3346c4e: folds
403574d7: folds
Uncalled bet ($0.05) returned to 6c69d346
*** SHOWDOWN ***
6c69d346 collected $0.12 from pot
*** SUMMARY ***
Total pot $0.12 | Rake $0 | Jackpot $0 | Bingo $0 | Fortune $0 | Tax $0
Seat 1: 6a4cf874 (button) folded before Flop (didn't bet)
Seat 2: 3346c4e (small blind) folded before Flop
Seat 3: 403574d7 (big blind) folded before Flop
Seat 4: 6c69d346 collected ($0.12)
Seat 5: Hero folded before Flop (didn't bet)
Seat 6: 60d2d57e folded before Flop (didn't bet)


Poker Hand #HD1735818928: Hold'em No Limit ($0.02/$0.05) - 2024/04/18 14:39:56
Table 'NLHBlue4' 6-max Seat #6 is the button
Seat 1: 6a4cf874 ($8.63 in chips)
Seat 2: 3346c4e ($5.12 in chips)
Seat 4: 6c69d346 ($5.96 in chips)
Seat 5: Hero ($5.9 in chips)
Seat 6: 60d2d57e ($5.16 in chips)
6a4cf874: posts small blind $0.02
3346c4e: posts big blind $0.05
*** HOLE CARDS ***
Dealt to 6a4cf874 
Dealt to 3346c4e 
Dealt to 6c69d346 
Dealt to Hero [Js Ts]
Dealt to 60d2d57e 
6c69d346: raises $0.05 to $0.1
Hero: raises $0.2 to $0.3
60d2d57e: calls $0.3
6a4cf874: folds
3346c4e: folds
6c69d346: calls $0.2
*** FLOP *** [Td 9h 4s]
6c69d346: bets $0.33
Hero: calls $0.33
60d2d57e: calls $0.33
*** TURN *** [Td 9h 4s] [9d]
6c69d346: checks
Hero: checks
60d2d57e: checks
*** RIVER *** [Td 9h 4s 9d] [6h]
6c69d346: bets $0.65
Hero: calls $0.65
60d2d57e: folds
6c69d346: shows [3d 4d] (Pair of Nines and Pair of Fours)
Hero: shows [Js Ts] (Pair of Tens and Pair of Nines)
*** SHOWDOWN ***
Hero collected $3.05 from pot
*** SUMMARY ***
Total pot $3.26 | Rake $0.16 | Jackpot $0.05 | Bingo $0 | Fortune $0 | Tax $0
Board [Td 9h 4s 9d 6h]
Seat 1: 6a4cf874 (small blind) folded before Flop
Seat 2: 3346c4e (big blind) folded before Flop
Seat 4: 6c69d346 showed [3d 4d] and lost with Pair of Nines and Pair of Fours
Seat 5: Hero showed [Js Ts] and won ($3.05) with Pair of Tens and Pair of Nines
Seat 6: 60d2d57e (button) folded on the River


Poker Hand #HD1735818823: Hold'em No Limit ($0.02/$0.05) - 2024/04/18 14:39:01
Table 'NLHBlue4' 6-max Seat #5 is the button
Seat 1: 6a4cf874 ($8.68 in chips)
Seat 2: 3346c4e ($5.12 in chips)
Seat 4: 6c69d346 ($5.96 in chips)
Seat 5: Hero ($6.02 in chips)
Seat 6: 60d2d57e ($5 in chips)
60d2d57e: posts small blind $0.02
6a4cf874: posts big blind $0.05
*** HOLE CARDS ***
Dealt to 6a4cf874 
Dealt to 3346c4e 
Dealt to 6c69d346 
Dealt to Hero [As 8h]
Dealt to 60d2d57e 
3346c4e: folds
6c69d346: folds
Hero: raises $0.07 to $0.12
60d2d57e: raises $0.42 to $0.54
6a4cf874: folds
Hero: folds
Uncalled bet ($0.42) returned to 60d2d57e
*** SHOWDOWN ***
60d2d57e collected $0.28 from pot
*** SUMMARY ***
Total pot $0.29 | Rake $0.01 | Jackpot $0 | Bingo $0 | Fortune $0 | Tax $0
Seat 1: 6a4cf874 (big blind) folded before Flop
Seat 2: 3346c4e folded before Flop (didn't bet)
Seat 4: 6c69d346 folded before Flop (didn't bet)
Seat 5: Hero (button) folded before Flop
Seat 6: 60d2d57e (small blind) collected ($0.28)


Poker Hand #HD1735818796: Hold'em No Limit ($0.02/$0.05) - 2024/04/18 14:38:49
Table 'NLHBlue4' 6-max Seat #4 is the button
Seat 1: 6a4cf874 ($8.68 in chips)
Seat 2: 3346c4e ($5.05 in chips)
Seat 4: 6c69d346 ($5.96 in chips)
Seat 5: Hero ($6.04 in chips)
Seat 6: 60d2d57e ($5 in chips)
Hero: posts small blind $0.02
60d2d57e: posts big blind $0.05
*** HOLE CARDS ***
Dealt to 6a4cf874 
Dealt to 3346c4e 
Dealt to 6c69d346 
Dealt to Hero [2h Tc]
Dealt to 60d2d57e 
6a4cf874: folds
3346c4e: raises $0.1 to $0.15
6c69d346: folds
Hero: folds
60d2d57e: folds
Uncalled bet ($0.1) returned to 3346c4e
*** SHOWDOWN ***
3346c4e collected $0.12 from pot
*** SUMMARY ***
Total pot $0.12 | Rake $0 | Jackpot $0 | Bingo $0 | Fortune $0 | Tax $0
Seat 1: 6a4cf874 folded before Flop (didn't bet)
Seat 2: 3346c4e collected ($0.12)
Seat 4: 6c69d346 (button) folded before Flop (didn't bet)
Seat 5: Hero (small blind) folded before Flop
Seat 6: 60d2d57e (big blind) folded before Flop


Poker Hand #HD1735818770: Hold'em No Limit ($0.02/$0.05) - 2024/04/18 14:38:37
Table 'NLHBlue4' 6-max Seat #2 is the button
Seat 1: 6a4cf874 ($8.68 in chips)
Seat 2: 3346c4e ($4.98 in chips)
Seat 4: 6c69d346 ($5.98 in chips)
Seat 5: Hero ($6.09 in chips)
Seat 6: 60d2d57e ($5 in chips)
6c69d346: posts small blind $0.02
Hero: posts big blind $0.05
*** HOLE CARDS ***
Dealt to 6a4cf874 
Dealt to 3346c4e 
Dealt to 6c69d346 
Dealt to Hero [4d 9c]
Dealt to 60d2d57e 
60d2d57e: folds
6a4cf874: folds
3346c4e: raises $0.05 to $0.1
6c69d346: folds
Hero: folds
Uncalled bet ($0.05) returned to 3346c4e
*** SHOWDOWN ***
3346c4e collected $0.12 from pot
*** SUMMARY ***
Total pot $0.12 | Rake $0 | Jackpot $0 | Bingo $0 | Fortune $0 | Tax $0
Seat 1: 6a4cf874 folded before Flop (didn't bet)
Seat 2: 3346c4e (button) collected ($0.12)
Seat 4: 6c69d346 (small blind) folded before Flop
Seat 5: Hero (big blind) folded before Flop
Seat 6: 60d2d57e folded before Flop (didn't bet)


Poker Hand #HD1735818648: Hold'em No Limit ($0.02/$0.05) - 2024/04/18 14:37:39
Table 'NLHBlue4' 6-max Seat #1 is the button
Seat 1: 6a4cf874 ($8.68 in chips)
Seat 2: 3346c4e ($5 in chips)
Seat 4: 6c69d346 ($6.08 in chips)
Seat 5: Hero ($5.98 in chips)
Seat 6: 60d2d57e ($5 in chips)
3346c4e: posts small blind $0.02
6c69d346: posts big blind $0.05
*** HOLE CARDS ***
Dealt to 6a4cf874 
Dealt to 3346c4e 
Dealt to 6c69d346 
Dealt to Hero [Ad Th]
Dealt to 60d2d57e 
Hero: raises $0.05 to $0.1
60d2d57e: folds
6a4cf874: folds
3346c4e: folds
6c69d346: calls $0.05
*** FLOP *** [9c 6s 7s]
6c69d346: checks
Hero: checks
*** TURN *** [9c 6s 7s] [8h]
6c69d346: checks
Hero: checks
*** RIVER *** [9c 6s 7s 8h] [Jd]
6c69d346: checks
Hero: bets $0.15
6c69d346: folds
Uncalled bet ($0.15) returned to Hero
*** SHOWDOWN ***
Hero collected $0.21 from pot
*** SUMMARY ***
Total pot $0.22 | Rake $0.01 | Jackpot $0 | Bingo $0 | Fortune $0 | Tax $0
Board [9c 6s 7s 8h Jd]
Seat 1: 6a4cf874 (button) folded before Flop (didn't bet)
Seat 2: 3346c4e (small blind) folded before Flop
Seat 4: 6c69d346 (big blind) folded on the River
Seat 5: Hero won ($0.21)
Seat 6: 60d2d57e folded before Flop (didn't bet)


Poker Hand #HD1735818623: Hold'em No Limit ($0.02/$0.05) - 2024/04/18 14:37:24
Table 'NLHBlue4' 6-max Seat #6 is the button
Seat 1: 6a4cf874 ($8.7 in chips)
Seat 2: 3346c4e ($4.48 in chips)
Seat 3: 576c6111 ($6.7 in chips)
Seat 4: 6c69d346 ($6.01 in chips)
Seat 5: Hero ($5.98 in chips)
Seat 6: 60d2d57e ($5 in chips)
6a4cf874: posts small blind $0.02
3346c4e: posts big blind $0.05
*** HOLE CARDS ***
Dealt to 6a4cf874 
Dealt to 3346c4e 
Dealt to 576c6111 
Dealt to 6c69d346 
Dealt to Hero [3d 3s]
Dealt to 60d2d57e 
576c6111: folds
6c69d346: raises $0.05 to $0.1
Hero: folds
60d2d57e: folds
6a4cf874: folds
3346c4e: folds
Uncalled bet ($0.05) returned to 6c69d346
*** SHOWDOWN ***
6c69d346 collected $0.12 from pot
*** SUMMARY ***
Total pot $0.12 | Rake $0 | Jackpot $0 | Bingo $0 | Fortune $0 | Tax $0
Seat 1: 6a4cf874 (small blind) folded before Flop
Seat 2: 3346c4e (big blind) folded before Flop
Seat 3: 576c6111 folded before Flop (didn't bet)
Seat 4: 6c69d346 collected ($0.12)
Seat 5: Hero folded before Flop (didn't bet)
Seat 6: 60d2d57e (button) folded before Flop (didn't bet)


Poker Hand #HD1735818494: Hold'em No Limit ($0.02/$0.05) - 2024/04/18 14:36:20
Table 'NLHBlue4' 6-max Seat #5 is the button
Seat 1: 6a4cf874 ($8.75 in chips)
Seat 2: 3346c4e ($5.42 in chips)
Seat 3: 576c6111 ($6.7 in chips)
Seat 4: 6c69d346 ($6.01 in chips)
Seat 5: Hero ($5.11 in chips)
Seat 6: 60d2d57e ($5.02 in chips)
60d2d57e: posts small blind $0.02
6a4cf874: posts big blind $0.05
*** HOLE CARDS ***
Dealt to 6a4cf874 
Dealt to 3346c4e 
Dealt to 576c6111 
Dealt to 6c69d346 
Dealt to Hero [Tc Ts]
Dealt to 60d2d57e 
3346c4e: raises $0.1 to $0.15
576c6111: folds
6c69d346: folds
Hero: raises $0.3 to $0.45
60d2d57e: folds
6a4cf874: folds
3346c4e: calls $0.3
*** FLOP *** [9h Td 6c]
3346c4e: checks
Hero: checks
*** TURN *** [9h Td 6c] [4h]
3346c4e: bets $0.49
Hero: raises $0.81 to $1.3
3346c4e: folds
Uncalled bet ($0.81) returned to Hero
*** SHOWDOWN ***
Hero collected $1.81 from pot
*** SUMMARY ***
Total pot $1.95 | Rake $0.09 | Jackpot $0.05 | Bingo $0 | Fortune $0 | Tax $0
Board [9h Td 6c 4h]
Seat 1: 6a4cf874 (big blind) folded before Flop
Seat 2: 3346c4e folded on the Turn
Seat 3: 576c6111 folded before Flop (didn't bet)
Seat 4: 6c69d346 folded before Flop (didn't bet)
Seat 5: Hero (button) won ($1.81)
Seat 6: 60d2d57e (small blind) folded before Flop


Poker Hand #HD1735818455: Hold'em No Limit ($0.02/$0.05) - 2024/04/18 14:36:01
Table 'NLHBlue4' 6-max Seat #4 is the button
Seat 1: 6a4cf874 ($8.75 in chips)
Seat 2: 3346c4e ($5.42 in chips)
Seat 3: 576c6111 ($6.7 in chips)
Seat 4: 6c69d346 ($6.01 in chips)
Seat 5: Hero ($5.13 in chips)
Seat 6: 60d2d57e ($5 in chips)
Hero: posts small blind $0.02
60d2d57e: posts big blind $0.05
*** HOLE CARDS ***
Dealt to 6a4cf874 
Dealt to 3346c4e 
Dealt to 576c6111 
Dealt to 6c69d346 
Dealt to Hero [5s 7h]
Dealt to 60d2d57e 
6a4cf874: folds
3346c4e: folds
576c6111: folds
6c69d346: folds
Hero: folds
Uncalled bet ($0.03) returned to 60d2d57e
*** SHOWDOWN ***
60d2d57e collected $0.04 from pot
*** SUMMARY ***
Total pot $0.04 | Rake $0 | Jackpot $0 | Bingo $0 | Fortune $0 | Tax $0
Seat 1: 6a4cf874 folded before Flop (didn't bet)
Seat 2: 3346c4e folded before Flop (didn't bet)
Seat 3: 576c6111 folded before Flop (didn't bet)
Seat 4: 6c69d346 (button) folded before Flop (didn't bet)
Seat 5: Hero (small blind) folded before Flop
Seat 6: 60d2d57e (big blind) collected ($0.04)


Poker Hand #HD1735818417: Hold'em No Limit ($0.02/$0.05) - 2024/04/18 14:35:39
Table 'NLHBlue4' 6-max Seat #3 is the button
Seat 1: 6a4cf874 ($8.75 in chips)
Seat 2: 3346c4e ($5.42 in chips)
Seat 3: 576c6111 ($6.7 in chips)
Seat 4: 6c69d346 ($5.96 in chips)
Seat 5: Hero ($5.18 in chips)
Seat 6: 60d2d57e ($5 in chips)
6c69d346: posts small blind $0.02
Hero: posts big blind $0.05
*** HOLE CARDS ***
Dealt to 6a4cf874 
Dealt to 3346c4e 
Dealt to 576c6111 
Dealt to 6c69d346 
Dealt to Hero [6c 2d]
Dealt to 60d2d57e 
60d2d57e: folds
6a4cf874: folds
3346c4e: folds
576c6111: folds
6c69d346: raises $0.05 to $0.1
Hero: folds
Uncalled bet ($0.05) returned to 6c69d346
*** SHOWDOWN ***
6c69d346 collected $0.1 from pot
*** SUMMARY ***
Total pot $0.1 | Rake $0 | Jackpot $0 | Bingo $0 | Fortune $0 | Tax $0
Seat 1: 6a4cf874 folded before Flop (didn't bet)
Seat 2: 3346c4e folded before Flop (didn't bet)
Seat 3: 576c6111 (button) folded before Flop (didn't bet)
Seat 4: 6c69d346 (small blind) collected ($0.1)
Seat 5: Hero (big blind) folded before Flop
Seat 6: 60d2d57e folded before Flop (didn't bet)


Poker Hand #HD1735818329: Hold'em No Limit ($0.02/$0.05) - 2024/04/18 14:34:53
Table 'NLHBlue4' 6-max Seat #2 is the button
Seat 1: 6a4cf874 ($8.61 in chips)
Seat 2: 3346c4e ($5.42 in chips)
Seat 3: 576c6111 ($6.72 in chips)
Seat 4: 6c69d346 ($6.09 in chips)
Seat 5: Hero ($5.18 in chips)
Seat 6: 60d2d57e ($5 in chips)
576c6111: posts small blind $0.02
6c69d346: posts big blind $0.05
*** HOLE CARDS ***
Dealt to 6a4cf874 
Dealt to 3346c4e 
Dealt to 576c6111 
Dealt to 6c69d346 
Dealt to Hero [6c 2d]
Dealt to 60d2d57e 
Hero: folds
60d2d57e: folds
6a4cf874: raises $0.08 to $0.13
3346c4e: folds
576c6111: folds
6c69d346: calls $0.08
*** FLOP *** [Jd Kd Qc]
6c69d346: checks
6a4cf874: bets $0.1
6c69d346: folds
Uncalled bet ($0.1) returned to 6a4cf874
*** SHOWDOWN ***
6a4cf874 collected $0.27 from pot
*** SUMMARY ***
Total pot $0.28 | Rake $0.01 | Jackpot $0 | Bingo $0 | Fortune $0 | Tax $0
Board [Jd Kd Qc]
Seat 1: 6a4cf874 won ($0.27)
Seat 2: 3346c4e (button) folded before Flop (didn't bet)
Seat 3: 576c6111 (small blind) folded before Flop
Seat 4: 6c69d346 (big blind) folded on the Flop
Seat 5: Hero folded before Flop (didn't bet)
Seat 6: 60d2d57e folded before Flop (didn't bet)


Poker Hand #HD1735818300: Hold'em No Limit ($0.02/$0.05) - 2024/04/18 14:34:37
Table 'NLHBlue4' 6-max Seat #1 is the button
Seat 1: 6a4cf874 ($8.61 in chips)
Seat 2: 3346c4e ($5.37 in chips)
Seat 3: 576c6111 ($6.77 in chips)
Seat 4: 6c69d346 ($6.09 in chips)
Seat 5: Hero ($5.18 in chips)
Seat 6: 60d2d57e ($5 in chips)
3346c4e: posts small blind $0.02
576c6111: posts big blind $0.05
*** HOLE CARDS ***
Dealt to 6a4cf874 
Dealt to 3346c4e 
Dealt to 576c6111 
Dealt to 6c69d346 
Dealt to Hero [5c 2h]
Dealt to 60d2d57e 
6c69d346: folds
Hero: folds
60d2d57e: folds
6a4cf874: folds
3346c4e: raises $0.1 to $0.15
576c6111: folds
Uncalled bet ($0.1) returned to 3346c4e
*** SHOWDOWN ***
3346c4e collected $0.1 from pot
*** SUMMARY ***
Total pot $0.1 | Rake $0 | Jackpot $0 | Bingo $0 | Fortune $0 | Tax $0
Seat 1: 6a4cf874 (button) folded before Flop (didn't bet)
Seat 2: 3346c4e (small blind) collected ($0.1)
Seat 3: 576c6111 (big blind) folded before Flop
Seat 4: 6c69d346 folded before Flop (didn't bet)
Seat 5: Hero folded before Flop (didn't bet)
Seat 6: 60d2d57e folded before Flop (didn't bet)


Poker Hand #HD1735818286: Hold'em No Limit ($0.02/$0.05) - 2024/04/18 14:34:26
Table 'NLHBlue4' 6-max Seat #6 is the button
Seat 1: 6a4cf874 ($8.63 in chips)
Seat 2: 3346c4e ($5.35 in chips)
Seat 3: 576c6111 ($6.77 in chips)
Seat 4: 6c69d346 ($6.09 in chips)
Seat 5: Hero ($5.18 in chips)
Seat 6: 60d2d57e ($5 in chips)
6a4cf874: posts small blind $0.02
3346c4e: posts big blind $0.05
*** HOLE CARDS ***
Dealt to 6a4cf874 
Dealt to 3346c4e 
Dealt to 576c6111 
Dealt to 6c69d346 
Dealt to Hero [6c Kd]
Dealt to 60d2d57e 
576c6111: folds
6c69d346: folds
Hero: folds
60d2d57e: folds
6a4cf874: folds
Uncalled bet ($0.03) returned to 3346c4e
*** SHOWDOWN ***
3346c4e collected $0.04 from pot
*** SUMMARY ***
Total pot $0.04 | Rake $0 | Jackpot $0 | Bingo $0 | Fortune $0 | Tax $0
Seat 1: 6a4cf874 (small blind) folded before Flop
Seat 2: 3346c4e (big blind) collected ($0.04)
Seat 3: 576c6111 folded before Flop (didn't bet)
Seat 4: 6c69d346 folded before Flop (didn't bet)
Seat 5: Hero folded before Flop (didn't bet)
Seat 6: 60d2d57e (button) folded before Flop (didn't bet)


Poker Hand #HD1735818195: Hold'em No Limit ($0.02/$0.05) - 2024/04/18 14:33:40
Table 'NLHBlue4' 6-max Seat #5 is the button
Seat 1: 6a4cf874 ($8.5 in chips)
Seat 2: 3346c4e ($5.35 in chips)
Seat 3: 576c6111 ($6.77 in chips)
Seat 4: 6c69d346 ($6.09 in chips)
Seat 5: Hero ($5.3 in chips)
Seat 6: 60d2d57e ($5 in chips)
60d2d57e: posts small blind $0.02
6a4cf874: posts big blind $0.05
*** HOLE CARDS ***
Dealt to 6a4cf874 
Dealt to 3346c4e 
Dealt to 576c6111 
Dealt to 6c69d346 
Dealt to Hero [8d Ac]
Dealt to 60d2d57e 
3346c4e: folds
576c6111: folds
6c69d346: folds
Hero: raises $0.07 to $0.12
60d2d57e: folds
6a4cf874: calls $0.07
*** FLOP *** [2s 6c 9s]
6a4cf874: checks
Hero: checks
*** TURN *** [2s 6c 9s] [4h]
6a4cf874: checks
Hero: checks
*** RIVER *** [2s 6c 9s 4h] [6s]
6a4cf874: bets $0.13
Hero: folds
Uncalled bet ($0.13) returned to 6a4cf874
*** SHOWDOWN ***
6a4cf874 collected $0.25 from pot
*** SUMMARY ***
Total pot $0.26 | Rake $0.01 | Jackpot $0 | Bingo $0 | Fortune $0 | Tax $0
Board [2s 6c 9s 4h 6s]
Seat 1: 6a4cf874 (big blind) won ($0.25)
Seat 2: 3346c4e folded before Flop (didn't bet)
Seat 3: 576c6111 folded before Flop (didn't bet)
Seat 4: 6c69d346 folded before Flop (didn't bet)
Seat 5: Hero (button) folded on the River
Seat 6: 60d2d57e (small blind) folded before Flop


Poker Hand #HD1735818169: Hold'em No Limit ($0.02/$0.05) - 2024/04/18 14:33:25
Table 'NLHBlue4' 6-max Seat #4 is the button
Seat 1: 6a4cf874 ($8.5 in chips)
Seat 2: 3346c4e ($5.35 in chips)
Seat 3: 576c6111 ($6.77 in chips)
Seat 4: 6c69d346 ($6.09 in chips)
Seat 5: Hero ($5.25 in chips)
Seat 6: 60d2d57e ($5 in chips)
Hero: posts small blind $0.02
60d2d57e: posts big blind $0.05
*** HOLE CARDS ***
Dealt to 6a4cf874 
Dealt to 3346c4e 
Dealt to 576c6111 
Dealt to 6c69d346 
Dealt to Hero [5h 6h]
Dealt to 60d2d57e 
6a4cf874: folds
3346c4e: folds
576c6111: folds
6c69d346: folds
Hero: raises $0.1 to $0.15
60d2d57e: folds
Uncalled bet ($0.1) returned to Hero
*** SHOWDOWN ***
Hero collected $0.1 from pot
*** SUMMARY ***
Total pot $0.1 | Rake $0 | Jackpot $0 | Bingo $0 | Fortune $0 | Tax $0
Seat 1: 6a4cf874 folded before Flop (didn't bet)
Seat 2: 3346c4e folded before Flop (didn't bet)
Seat 3: 576c6111 folded before Flop (didn't bet)
Seat 4: 6c69d346 (button) folded before Flop (didn't bet)
Seat 5: Hero (small blind) collected ($0.1)
Seat 6: 60d2d57e (big blind) folded before Flop


Poker Hand #HD1735818107: Hold'em No Limit ($0.02/$0.05) - 2024/04/18 14:32:56
Table 'NLHBlue4' 6-max Seat #3 is the button
Seat 1: 6a4cf874 ($8.5 in chips)
Seat 2: 3346c4e ($5.45 in chips)
Seat 3: 576c6111 ($6.77 in chips)
Seat 4: 6c69d346 ($6.11 in chips)
Seat 5: Hero ($5.14 in chips)
Seat 6: 60d2d57e ($5 in chips)
6c69d346: posts small blind $0.02
Hero: posts big blind $0.05
*** HOLE CARDS ***
Dealt to 6a4cf874 
Dealt to 3346c4e 
Dealt to 576c6111 
Dealt to 6c69d346 
Dealt to Hero [8d 9c]
Dealt to 60d2d57e 
60d2d57e: folds
6a4cf874: folds
3346c4e: raises $0.05 to $0.1
576c6111: folds
6c69d346: folds
Hero: calls $0.05
*** FLOP *** [Ts 6s Kh]
Hero: checks
3346c4e: checks
*** TURN *** [Ts 6s Kh] [5d]
Hero: bets $0.1
3346c4e: folds
Uncalled bet ($0.1) returned to Hero
*** SHOWDOWN ***
Hero collected $0.21 from pot
*** SUMMARY ***
Total pot $0.22 | Rake $0.01 | Jackpot $0 | Bingo $0 | Fortune $0 | Tax $0
Board [Ts 6s Kh 5d]
Seat 1: 6a4cf874 folded before Flop (didn't bet)
Seat 2: 3346c4e folded on the Turn
Seat 3: 576c6111 (button) folded before Flop (didn't bet)
Seat 4: 6c69d346 (small blind) folded before Flop
Seat 5: Hero (big blind) won ($0.21)
Seat 6: 60d2d57e folded before Flop (didn't bet)


Poker Hand #HD1735818038: Hold'em No Limit ($0.02/$0.05) - 2024/04/18 14:32:19
Table 'NLHBlue4' 6-max Seat #2 is the button
Seat 1: 6a4cf874 ($8.43 in chips)
Seat 2: 3346c4e ($5.45 in chips)
Seat 3: 576c6111 ($6.79 in chips)
Seat 4: 6c69d346 ($6.16 in chips)
Seat 5: Hero ($5.14 in chips)
Seat 6: 60d2d57e ($5 in chips)
576c6111: posts small blind $0.02
6c69d346: posts big blind $0.05
*** HOLE CARDS ***
Dealt to 6a4cf874 
Dealt to 3346c4e 
Dealt to 576c6111 
Dealt to 6c69d346 
Dealt to Hero [4d 3h]
Dealt to 60d2d57e 
Hero: folds
60d2d57e: folds
6a4cf874: raises $0.08 to $0.13
3346c4e: folds
576c6111: folds
6c69d346: folds
Uncalled bet ($0.08) returned to 6a4cf874
*** SHOWDOWN ***
6a4cf874 collected $0.12 from pot
*** SUMMARY ***
Total pot $0.12 | Rake $0 | Jackpot $0 | Bingo $0 | Fortune $0 | Tax $0
Seat 1: 6a4cf874 collected ($0.12)
Seat 2: 3346c4e (button) folded before Flop (didn't bet)
Seat 3: 576c6111 (small blind) folded before Flop
Seat 4: 6c69d346 (big blind) folded before Flop
Seat 5: Hero folded before Flop (didn't bet)
Seat 6: 60d2d57e folded before Flop (didn't bet)


Poker Hand #HD1735818007: Hold'em No Limit ($0.02/$0.05) - 2024/04/18 14:32:02
Table 'NLHBlue4' 6-max Seat #1 is the button
Seat 1: 6a4cf874 ($8.43 in chips)
Seat 2: 3346c4e ($5.47 in chips)
Seat 3: 576c6111 ($6.84 in chips)
Seat 4: 6c69d346 ($6.16 in chips)
Seat 5: Hero ($5.07 in chips)
Seat 6: 60d2d57e ($5 in chips)
3346c4e: posts small blind $0.02
576c6111: posts big blind $0.05
*** HOLE CARDS ***
Dealt to 6a4cf874 
Dealt to 3346c4e 
Dealt to 576c6111 
Dealt to 6c69d346 
Dealt to Hero [8s 8c]
Dealt to 60d2d57e 
6c69d346: folds
Hero: raises $0.05 to $0.1
60d2d57e: folds
6a4cf874: folds
3346c4e: folds
576c6111: folds
Uncalled bet ($0.05) returned to Hero
*** SHOWDOWN ***
Hero collected $0.12 from pot
*** SUMMARY ***
Total pot $0.12 | Rake $0 | Jackpot $0 | Bingo $0 | Fortune $0 | Tax $0
Seat 1: 6a4cf874 (button) folded before Flop (didn't bet)
Seat 2: 3346c4e (small blind) folded before Flop
Seat 3: 576c6111 (big blind) folded before Flop
Seat 4: 6c69d346 folded before Flop (didn't bet)
Seat 5: Hero collected ($0.12)
Seat 6: 60d2d57e folded before Flop (didn't bet)


Poker Hand #HD1735817972: Hold'em No Limit ($0.02/$0.05) - 2024/04/18 14:31:44
Table 'NLHBlue4' 6-max Seat #6 is the button
Seat 1: 6a4cf874 ($8.45 in chips)
Seat 2: 3346c4e ($5.45 in chips)
Seat 3: 576c6111 ($6.84 in chips)
Seat 4: 6c69d346 ($6.16 in chips)
Seat 5: Hero ($5.07 in chips)
Seat 6: 60d2d57e ($5 in chips)
6a4cf874: posts small blind $0.02
3346c4e: posts big blind $0.05
*** HOLE CARDS ***
Dealt to 6a4cf874 
Dealt to 3346c4e 
Dealt to 576c6111 
Dealt to 6c69d346 
Dealt to Hero [Ts 2s]
Dealt to 60d2d57e 
576c6111: folds
6c69d346: folds
Hero: folds
60d2d57e: folds
6a4cf874: folds
Uncalled bet ($0.03) returned to 3346c4e
*** SHOWDOWN ***
3346c4e collected $0.04 from pot
*** SUMMARY ***
Total pot $0.04 | Rake $0 | Jackpot $0 | Bingo $0 | Fortune $0 | Tax $0
Seat 1: 6a4cf874 (small blind) folded before Flop
Seat 2: 3346c4e (big blind) collected ($0.04)
Seat 3: 576c6111 folded before Flop (didn't bet)
Seat 4: 6c69d346 folded before Flop (didn't bet)
Seat 5: Hero folded before Flop (didn't bet)
Seat 6: 60d2d57e (button) folded before Flop (didn't bet)


Poker Hand #HD1735817928: Hold'em No Limit ($0.02/$0.05) - 2024/04/18 14:31:22
Table 'NLHBlue4' 6-max Seat #5 is the button
Seat 1: 6a4cf874 ($8.5 in chips)
Seat 2: 3346c4e ($5.45 in chips)
Seat 3: 576c6111 ($6.84 in chips)
Seat 4: 6c69d346 ($6.16 in chips)
Seat 5: Hero ($5 in chips)
Seat 6: 60d2d57e ($5 in chips)
60d2d57e: posts small blind $0.02
6a4cf874: posts big blind $0.05
*** HOLE CARDS ***
Dealt to 6a4cf874 
Dealt to 3346c4e 
Dealt to 576c6111 
Dealt to 6c69d346 
Dealt to Hero [9c 9h]
Dealt to 60d2d57e 
3346c4e: folds
576c6111: folds
6c69d346: folds
Hero: raises $0.07 to $0.12
60d2d57e: folds
6a4cf874: folds
Uncalled bet ($0.07) returned to Hero
*** SHOWDOWN ***
Hero collected $0.12 from pot
*** SUMMARY ***
Total pot $0.12 | Rake $0 | Jackpot $0 | Bingo $0 | Fortune $0 | Tax $0
Seat 1: 6a4cf874 (big blind) folded before Flop
Seat 2: 3346c4e folded before Flop (didn't bet)
Seat 3: 576c6111 folded before Flop (didn't bet)
Seat 4: 6c69d346 folded before Flop (didn't bet)
Seat 5: Hero (button) collected ($0.12)
Seat 6: 60d2d57e (small blind) folded before Flop


Poker Hand #HD1735817887: Hold'em No Limit ($0.02/$0.05) - 2024/04/18 14:31:00
Table 'NLHBlue4' 6-max Seat #4 is the button
Seat 1: 6a4cf874 ($8.5 in chips)
Seat 2: 3346c4e ($5.45 in chips)
Seat 3: 576c6111 ($6.84 in chips)
Seat 4: 6c69d346 ($6.09 in chips)
Seat 5: Hero ($5 in chips)
Seat 6: 60d2d57e ($5 in chips)
Hero: posts small blind $0.02
60d2d57e: posts big blind $0.05
*** HOLE CARDS ***
Dealt to 6a4cf874 
Dealt to 3346c4e 
Dealt to 576c6111 
Dealt to 6c69d346 
Dealt to Hero [7h Qc]
Dealt to 60d2d57e 
6a4cf874: folds
3346c4e: folds
576c6111: folds
6c69d346: raises $0.05 to $0.1
Hero: folds
60d2d57e: folds
Uncalled bet ($0.05) returned to 6c69d346
*** SHOWDOWN ***
6c69d346 collected $0.12 from pot
*** SUMMARY ***
Total pot $0.12 | Rake $0 | Jackpot $0 | Bingo $0 | Fortune $0 | Tax $0
Seat 1: 6a4cf874 folded before Flop (didn't bet)
Seat 2: 3346c4e folded before Flop (didn't bet)
Seat 3: 576c6111 folded before Flop (didn't bet)
Seat 4: 6c69d346 (button) collected ($0.12)
Seat 5: Hero (small blind) folded before Flop
Seat 6: 60d2d57e (big blind) folded before Flop


Poker Hand #HD1735817739: Hold'em No Limit ($0.02/$0.05) - 2024/04/18 14:29:39
Table 'NLHBlue4' 6-max Seat #3 is the button
Seat 1: 6a4cf874 ($7.68 in chips)
Seat 2: 3346c4e ($5.45 in chips)
Seat 3: 576c6111 ($6.84 in chips)
Seat 4: 6c69d346 ($6.11 in chips)
Seat 5: Hero ($5 in chips)
Seat 6: 60d2d57e ($5.24 in chips)
6c69d346: posts small blind $0.02
Hero: posts big blind $0.05
*** HOLE CARDS ***
Dealt to 6a4cf874 
Dealt to 3346c4e 
Dealt to 576c6111 
Dealt to 6c69d346 
Dealt to Hero [Ts As]
Dealt to 60d2d57e 
60d2d57e: raises $0.08 to $0.13
6a4cf874: raises $0.27 to $0.4
3346c4e: folds
576c6111: folds
6c69d346: folds
Hero: folds
60d2d57e: calls $0.27
*** FLOP *** [Qc 2d 5c]
60d2d57e: checks
6a4cf874: checks
*** TURN *** [Qc 2d 5c] [5s]
60d2d57e: bets $0.49
6a4cf874: calls $0.49
*** RIVER *** [Qc 2d 5c 5s] [Kh]
60d2d57e: checks
6a4cf874: checks
60d2d57e: shows [Ad Js] (Pair of Fives)
6a4cf874: shows [Jc Jh] (Pair of Jacks and Pair of Fives)
*** SHOWDOWN ***
6a4cf874 collected $1.71 from pot
*** SUMMARY ***
Total pot $1.85 | Rake $0.09 | Jackpot $0.05 | Bingo $0 | Fortune $0 | Tax $0
Board [Qc 2d 5c 5s Kh]
Seat 1: 6a4cf874 showed [Jc Jh] and won ($1.71) with Pair of Jacks and Pair of Fives
Seat 2: 3346c4e folded before Flop (didn't bet)
Seat 3: 576c6111 (button) folded before Flop (didn't bet)
Seat 4: 6c69d346 (small blind) folded before Flop
Seat 5: Hero (big blind) folded before Flop
Seat 6: 60d2d57e showed [Ad Js] and lost with Pair of Fives


Poker Hand #HD1735817700: Hold'em No Limit ($0.02/$0.05) - 2024/04/18 14:29:18
Table 'NLHBlue4' 6-max Seat #2 is the button
Seat 1: 6a4cf874 ($7.68 in chips)
Seat 2: 3346c4e ($5.45 in chips)
Seat 3: 576c6111 ($6.86 in chips)
Seat 4: 6c69d346 ($6.09 in chips)
Seat 5: Hero ($5 in chips)
Seat 6: 60d2d57e ($5.24 in chips)
576c6111: posts small blind $0.02
6c69d346: posts big blind $0.05
*** HOLE CARDS ***
Dealt to 6a4cf874 
Dealt to 3346c4e 
Dealt to 576c6111 
Dealt to 6c69d346 
Dealt to Hero [7c Jd]
Dealt to 60d2d57e 
Hero: folds
60d2d57e: folds
6a4cf874: folds
3346c4e: folds
576c6111: folds
Uncalled bet ($0.03) returned to 6c69d346
*** SHOWDOWN ***
6c69d346 collected $0.04 from pot
*** SUMMARY ***
Total pot $0.04 | Rake $0 | Jackpot $0 | Bingo $0 | Fortune $0 | Tax $0
Seat 1: 6a4cf874 folded before Flop (didn't bet)
Seat 2: 3346c4e (button) folded before Flop (didn't bet)
Seat 3: 576c6111 (small blind) folded before Flop
Seat 4: 6c69d346 (big blind) collected ($0.04)
Seat 5: Hero folded before Flop (didn't bet)
Seat 6: 60d2d57e folded before Flop (didn't bet)


Poker Hand #HD1735817649: Hold'em No Limit ($0.02/$0.05) - 2024/04/18 14:28:55
Table 'NLHBlue4' 6-max Seat #1 is the button
Seat 1: 6a4cf874 ($7.61 in chips)
Seat 2: 3346c4e ($5.47 in chips)
Seat 3: 576c6111 ($6.91 in chips)
Seat 4: 6c69d346 ($6.09 in chips)
Seat 5: Hero ($5 in chips)
Seat 6: 60d2d57e ($5.24 in chips)
3346c4e: posts small blind $0.02
576c6111: posts big blind $0.05
*** HOLE CARDS ***
Dealt to 6a4cf874 
Dealt to 3346c4e 
Dealt to 576c6111 
Dealt to 6c69d346 
Dealt to Hero [Js 4s]
Dealt to 60d2d57e 
6c69d346: folds
Hero: folds
60d2d57e: folds
6a4cf874: raises $0.08 to $0.13
3346c4e: folds
576c6111: folds
Uncalled bet ($0.08) returned to 6a4cf874
*** SHOWDOWN ***
6a4cf874 collected $0.12 from pot
*** SUMMARY ***
Total pot $0.12 | Rake $0 | Jackpot $0 | Bingo $0 | Fortune $0 | Tax $0
Seat 1: 6a4cf874 (button) collected ($0.12)
Seat 2: 3346c4e (small blind) folded before Flop
Seat 3: 576c6111 (big blind) folded before Flop
Seat 4: 6c69d346 folded before Flop (didn't bet)
Seat 5: Hero folded before Flop (didn't bet)
Seat 6: 60d2d57e folded before Flop (didn't bet)


Poker Hand #HD1735817620: Hold'em No Limit ($0.02/$0.05) - 2024/04/18 14:28:40
Table 'NLHBlue4' 6-max Seat #6 is the button
Seat 1: 6a4cf874 ($7.63 in chips)
Seat 2: 3346c4e ($5.52 in chips)
Seat 3: 576c6111 ($6.91 in chips)
Seat 4: 6c69d346 ($6.09 in chips)
Seat 5: Hero ($5 in chips)
Seat 6: 60d2d57e ($5.17 in chips)
6a4cf874: posts small blind $0.02
3346c4e: posts big blind $0.05
*** HOLE CARDS ***
Dealt to 6a4cf874 
Dealt to 3346c4e 
Dealt to 576c6111 
Dealt to 6c69d346 
Dealt to Hero [2h 3c]
Dealt to 60d2d57e 
576c6111: folds
6c69d346: folds
Hero: folds
60d2d57e: raises $0.08 to $0.13
6a4cf874: folds
3346c4e: folds
Uncalled bet ($0.08) returned to 60d2d57e
*** SHOWDOWN ***
60d2d57e collected $0.12 from pot
*** SUMMARY ***
Total pot $0.12 | Rake $0 | Jackpot $0 | Bingo $0 | Fortune $0 | Tax $0
Seat 1: 6a4cf874 (small blind) folded before Flop
Seat 2: 3346c4e (big blind) folded before Flop
Seat 3: 576c6111 folded before Flop (didn't bet)
Seat 4: 6c69d346 folded before Flop (didn't bet)
Seat 5: Hero folded before Flop (didn't bet)
Seat 6: 60d2d57e (button) collected ($0.12)


Poker Hand #HD1735817529: Hold'em No Limit ($0.02/$0.05) - 2024/04/18 14:27:47
Table 'NLHBlue4' 6-max Seat #5 is the button
Seat 1: 6a4cf874 ($7.68 in chips)
Seat 2: 3346c4e ($4.7 in chips)
Seat 3: 576c6111 ($6.91 in chips)
Seat 4: 6c69d346 ($6.97 in chips)
Seat 5: Hero ($5 in chips)
Seat 6: 60d2d57e ($5.19 in chips)
60d2d57e: posts small blind $0.02
6a4cf874: posts big blind $0.05
*** HOLE CARDS ***
Dealt to 6a4cf874 
Dealt to 3346c4e 
Dealt to 576c6111 
Dealt to 6c69d346 
Dealt to Hero [2h 4h]
Dealt to 60d2d57e 
3346c4e: raises $0.05 to $0.1
576c6111: folds
6c69d346: calls $0.1
Hero: folds
60d2d57e: folds
6a4cf874: folds
*** FLOP *** [5s 5d Tc]
3346c4e: bets $0.09
6c69d346: calls $0.09
*** TURN *** [5s 5d Tc] [Jh]
3346c4e: bets $0.23
6c69d346: calls $0.23
*** RIVER *** [5s 5d Tc Jh] [2c]
3346c4e: bets $0.46
6c69d346: calls $0.46
3346c4e: shows [Js Ks] (Pair of Jacks and Pair of Fives)
6c69d346: shows [Th Ad] (Pair of Tens and Pair of Fives)
*** SHOWDOWN ***
3346c4e collected $1.7 from pot
*** SUMMARY ***
Total pot $1.83 | Rake $0.08 | Jackpot $0.05 | Bingo $0 | Fortune $0 | Tax $0
Board [5s 5d Tc Jh 2c]
Seat 1: 6a4cf874 (big blind) folded before Flop
Seat 2: 3346c4e showed [Js Ks] and won ($1.7) with Pair of Jacks and Pair of Fives
Seat 3: 576c6111 folded before Flop (didn't bet)
Seat 4: 6c69d346 showed [Th Ad] and lost with Pair of Tens and Pair of Fives
Seat 5: Hero (button) folded before Flop (didn't bet)
Seat 6: 60d2d57e (small blind) folded before Flop


Poker Hand #HD1735817458: Hold'em No Limit ($0.02/$0.05) - 2024/04/18 14:27:10
Table 'NLHBlue4' 6-max Seat #4 is the button
Seat 1: 6a4cf874 ($7.68 in chips)
Seat 2: 3346c4e ($4.7 in chips)
Seat 3: 576c6111 ($6.91 in chips)
Seat 4: 6c69d346 ($6.86 in chips)
Seat 5: Hero ($5 in chips)
Seat 6: 60d2d57e ($5.29 in chips)
Hero: posts small blind $0.02
60d2d57e: posts big blind $0.05
*** HOLE CARDS ***
Dealt to 6a4cf874 
Dealt to 3346c4e 
Dealt to 576c6111 
Dealt to 6c69d346 
Dealt to Hero [Qd 3s]
Dealt to 60d2d57e 
6a4cf874: folds
3346c4e: folds
576c6111: folds
6c69d346: raises $0.05 to $0.1
Hero: folds
60d2d57e: calls $0.05
*** FLOP *** [8c 4d 2c]
60d2d57e: checks
6c69d346: bets $0.08
60d2d57e: folds
Uncalled bet ($0.08) returned to 6c69d346
*** SHOWDOWN ***
6c69d346 collected $0.21 from pot
*** SUMMARY ***
Total pot $0.22 | Rake $0.01 | Jackpot $0 | Bingo $0 | Fortune $0 | Tax $0
Board [8c 4d 2c]
Seat 1: 6a4cf874 folded before Flop (didn't bet)
Seat 2: 3346c4e folded before Flop (didn't bet)
Seat 3: 576c6111 folded before Flop (didn't bet)
Seat 4: 6c69d346 (button) won ($0.21)
Seat 5: Hero (small blind) folded before Flop
Seat 6: 60d2d57e (big blind) folded on the Flop


Poker Hand #HD1735817388: Hold'em No Limit ($0.02/$0.05) - 2024/04/18 14:26:37
Table 'NLHBlue4' 6-max Seat #3 is the button
Seat 1: 6a4cf874 ($7.68 in chips)
Seat 2: 3346c4e ($4.7 in chips)
Seat 3: 576c6111 ($6.91 in chips)
Seat 4: 6c69d346 ($6.88 in chips)
Seat 5: Hero ($5 in chips)
Seat 6: 60d2d57e ($5.15 in chips)
6c69d346: posts small blind $0.02
Hero: posts big blind $0.05
*** HOLE CARDS ***
Dealt to 6a4cf874 
Dealt to 3346c4e 
Dealt to 576c6111 
Dealt to 6c69d346 
Dealt to Hero [Ac Tc]
Dealt to 60d2d57e 
60d2d57e: raises $0.08 to $0.13
6a4cf874: folds
3346c4e: folds
576c6111: folds
6c69d346: folds
Hero: calls $0.08
*** FLOP *** [3s 6s 9s]
Hero: checks
60d2d57e: bets $0.21
Hero: folds
Uncalled bet ($0.21) returned to 60d2d57e
*** SHOWDOWN ***
60d2d57e collected $0.27 from pot
*** SUMMARY ***
Total pot $0.28 | Rake $0.01 | Jackpot $0 | Bingo $0 | Fortune $0 | Tax $0
Board [3s 6s 9s]
Seat 1: 6a4cf874 folded before Flop (didn't bet)
Seat 2: 3346c4e folded before Flop (didn't bet)
Seat 3: 576c6111 (button) folded before Flop (didn't bet)
Seat 4: 6c69d346 (small blind) folded before Flop
Seat 5: Hero (big blind) folded on the Flop
Seat 6: 60d2d57e won ($0.27)


Poker Hand #HD1735817224: Hold'em No Limit ($0.02/$0.05) - 2024/04/18 14:25:10
Table 'NLHBlue4' 6-max Seat #2 is the button
Seat 1: 6a4cf874 ($8.41 in chips)
Seat 2: 3346c4e ($4.83 in chips)
Seat 3: 576c6111 ($6.93 in chips)
Seat 4: 6c69d346 ($6.12 in chips)
Seat 5: Hero ($5 in chips)
Seat 6: 60d2d57e ($5.15 in chips)
576c6111: posts small blind $0.02
6c69d346: posts big blind $0.05
*** HOLE CARDS ***
Dealt to 6a4cf874 
Dealt to 3346c4e 
Dealt to 576c6111 
Dealt to 6c69d346 
Dealt to Hero [2d Ad]
Dealt to 60d2d57e 
Hero: folds
60d2d57e: folds
6a4cf874: raises $0.08 to $0.13
3346c4e: calls $0.13
576c6111: folds
6c69d346: calls $0.08
*** FLOP *** [9d 7s 4d]
6c69d346: bets $0.14
6a4cf874: calls $0.14
3346c4e: folds
*** TURN *** [9d 7s 4d] [6h]
6c69d346: bets $0.23
6a4cf874: raises $0.23 to $0.46
6c69d346: raises $5.39 to $5.85 and is all-in
6a4cf874: folds
Uncalled bet ($5.39) returned to 6c69d346
*** SHOWDOWN ***
6c69d346 collected $1.49 from pot
*** SUMMARY ***
Total pot $1.61 | Rake $0.07 | Jackpot $0.05 | Bingo $0 | Fortune $0 | Tax $0
Board [9d 7s 4d 6h]
Seat 1: 6a4cf874 folded on the Turn
Seat 2: 3346c4e (button) folded on the Flop
Seat 3: 576c6111 (small blind) folded before Flop
Seat 4: 6c69d346 (big blind) won ($1.49)
Seat 5: Hero folded before Flop (didn't bet)
Seat 6: 60d2d57e folded before Flop (didn't bet)


Poker Hand #HD1735817163: Hold'em No Limit ($0.02/$0.05) - 2024/04/18 14:24:36
Table 'NLHBlue4' 6-max Seat #1 is the button
Seat 1: 6a4cf874 ($8.41 in chips)
Seat 2: 3346c4e ($4.78 in chips)
Seat 3: 576c6111 ($6.98 in chips)
Seat 4: 6c69d346 ($6.12 in chips)
Seat 5: Hero ($5 in chips)
Seat 6: 60d2d57e ($5.15 in chips)
3346c4e: posts small blind $0.02
576c6111: posts big blind $0.05
*** HOLE CARDS ***
Dealt to 6a4cf874 
Dealt to 3346c4e 
Dealt to 576c6111 
Dealt to 6c69d346 
Dealt to Hero [6c Qc]
Dealt to 60d2d57e 
6c69d346: folds
Hero: folds
60d2d57e: folds
6a4cf874: folds
3346c4e: raises $0.1 to $0.15
576c6111: folds
Uncalled bet ($0.1) returned to 3346c4e
*** SHOWDOWN ***
3346c4e collected $0.1 from pot
*** SUMMARY ***
Total pot $0.1 | Rake $0 | Jackpot $0 | Bingo $0 | Fortune $0 | Tax $0
Seat 1: 6a4cf874 (button) folded before Flop (didn't bet)
Seat 2: 3346c4e (small blind) collected ($0.1)
Seat 3: 576c6111 (big blind) folded before Flop
Seat 4: 6c69d346 folded before Flop (didn't bet)
Seat 5: Hero folded before Flop (didn't bet)
Seat 6: 60d2d57e folded before Flop (didn't bet)


Poker Hand #HD1735817075: Hold'em No Limit ($0.02/$0.05) - 2024/04/18 14:23:51
Table 'NLHBlue4' 6-max Seat #6 is the button
Seat 1: 6a4cf874 ($8.43 in chips)
Seat 2: 3346c4e ($4.83 in chips)
Seat 3: 576c6111 ($6.98 in chips)
Seat 4: 6c69d346 ($5.64 in chips)
Seat 5: Hero ($5.06 in chips)
Seat 6: 60d2d57e ($5.15 in chips)
6a4cf874: posts small blind $0.02
3346c4e: posts big blind $0.05
*** HOLE CARDS ***
Dealt to 6a4cf874 
Dealt to 3346c4e 
Dealt to 576c6111 
Dealt to 6c69d346 
Dealt to Hero [Ac Jd]
Dealt to 60d2d57e 
576c6111: folds
6c69d346: raises $0.1 to $0.15
Hero: raises $0.3 to $0.45
60d2d57e: folds
6a4cf874: folds
3346c4e: folds
6c69d346: raises $0.49 to $0.94
Hero: folds
Uncalled bet ($0.49) returned to 6c69d346
*** SHOWDOWN ***
6c69d346 collected $0.93 from pot
*** SUMMARY ***
Total pot $0.97 | Rake $0.04 | Jackpot $0 | Bingo $0 | Fortune $0 | Tax $0
Seat 1: 6a4cf874 (small blind) folded before Flop
Seat 2: 3346c4e (big blind) folded before Flop
Seat 3: 576c6111 folded before Flop (didn't bet)
Seat 4: 6c69d346 collected ($0.93)
Seat 5: Hero folded before Flop
Seat 6: 60d2d57e (button) folded before Flop (didn't bet)


Poker Hand #HD1735817036: Hold'em No Limit ($0.02/$0.05) - 2024/04/18 14:23:27
Table 'NLHBlue4' 6-max Seat #5 is the button
Seat 1: 6a4cf874 ($8.41 in chips)
Seat 2: 3346c4e ($4.83 in chips)
Seat 3: 576c6111 ($6.98 in chips)
Seat 4: 6c69d346 ($5.64 in chips)
Seat 5: Hero ($5.06 in chips)
Seat 6: 60d2d57e ($5.17 in chips)
60d2d57e: posts small blind $0.02
6a4cf874: posts big blind $0.05
*** HOLE CARDS ***
Dealt to 6a4cf874 
Dealt to 3346c4e 
Dealt to 576c6111 
Dealt to 6c69d346 
Dealt to Hero [Qc 3c]
Dealt to 60d2d57e 
3346c4e: folds
576c6111: folds
6c69d346: folds
Hero: folds
60d2d57e: folds
Uncalled bet ($0.03) returned to 6a4cf874
*** SHOWDOWN ***
6a4cf874 collected $0.04 from pot
*** SUMMARY ***
Total pot $0.04 | Rake $0 | Jackpot $0 | Bingo $0 | Fortune $0 | Tax $0
Seat 1: 6a4cf874 (big blind) collected ($0.04)
Seat 2: 3346c4e folded before Flop (didn't bet)
Seat 3: 576c6111 folded before Flop (didn't bet)
Seat 4: 6c69d346 folded before Flop (didn't bet)
Seat 5: Hero (button) folded before Flop (didn't bet)
Seat 6: 60d2d57e (small blind) folded before Flop


Poker Hand #HD1735817009: Hold'em No Limit ($0.02/$0.05) - 2024/04/18 14:23:11
Table 'NLHBlue4' 6-max Seat #4 is the button
Seat 1: 228e4373 ($5.71 in chips)
Seat 2: 3346c4e ($4.83 in chips)
Seat 3: 576c6111 ($6.98 in chips)
Seat 4: 6c69d346 ($5.64 in chips)
Seat 5: Hero ($5.08 in chips)
Seat 6: 60d2d57e ($5.15 in chips)
Hero: posts small blind $0.02
60d2d57e: posts big blind $0.05
*** HOLE CARDS ***
Dealt to 228e4373 
Dealt to 3346c4e 
Dealt to 576c6111 
Dealt to 6c69d346 
Dealt to Hero [5d Qs]
Dealt to 60d2d57e 
228e4373: folds
3346c4e: folds
576c6111: folds
6c69d346: folds
Hero: folds
Uncalled bet ($0.03) returned to 60d2d57e
*** SHOWDOWN ***
60d2d57e collected $0.04 from pot
*** SUMMARY ***
Total pot $0.04 | Rake $0 | Jackpot $0 | Bingo $0 | Fortune $0 | Tax $0
Seat 1: 228e4373 folded before Flop (didn't bet)
Seat 2: 3346c4e folded before Flop (didn't bet)
Seat 3: 576c6111 folded before Flop (didn't bet)
Seat 4: 6c69d346 (button) folded before Flop (didn't bet)
Seat 5: Hero (small blind) folded before Flop
Seat 6: 60d2d57e (big blind) collected ($0.04)


Poker Hand #HD1735816917: Hold'em No Limit ($0.02/$0.05) - 2024/04/18 14:22:24
Table 'NLHBlue4' 6-max Seat #3 is the button
Seat 1: 228e4373 ($5.23 in chips)
Seat 2: 3346c4e ($4.83 in chips)
Seat 3: 576c6111 ($6.98 in chips)
Seat 4: 6c69d346 ($5.66 in chips)
Seat 5: Hero ($5.13 in chips)
Seat 6: 60d2d57e ($5.6 in chips)
6c69d346: posts small blind $0.02
Hero: posts big blind $0.05
*** HOLE CARDS ***
Dealt to 228e4373 
Dealt to 3346c4e 
Dealt to 576c6111 
Dealt to 6c69d346 
Dealt to Hero [5d 6s]
Dealt to 60d2d57e 
60d2d57e: raises $0.08 to $0.13
228e4373: raises $0.32 to $0.45
3346c4e: folds
576c6111: folds
6c69d346: folds
Hero: folds
60d2d57e: calls $0.32
*** FLOP *** [2s 9d Th]
60d2d57e: checks
228e4373: bets $0.33
60d2d57e: folds
Uncalled bet ($0.33) returned to 228e4373
*** SHOWDOWN ***
228e4373 collected $0.93 from pot
*** SUMMARY ***
Total pot $0.97 | Rake $0.04 | Jackpot $0 | Bingo $0 | Fortune $0 | Tax $0
Board [2s 9d Th]
Seat 1: 228e4373 won ($0.93)
Seat 2: 3346c4e folded before Flop (didn't bet)
Seat 3: 576c6111 (button) folded before Flop (didn't bet)
Seat 4: 6c69d346 (small blind) folded before Flop
Seat 5: Hero (big blind) folded before Flop
Seat 6: 60d2d57e folded on the Flop


Poker Hand #HD1735816818: Hold'em No Limit ($0.02/$0.05) - 2024/04/18 14:21:32
Table 'NLHBlue4' 6-max Seat #2 is the button
Seat 1: 228e4373 ($5.23 in chips)
Seat 2: 3346c4e ($4.83 in chips)
Seat 3: 576c6111 ($7 in chips)
Seat 4: 6c69d346 ($5.76 in chips)
Seat 5: Hero ($5.23 in chips)
Seat 6: 60d2d57e ($5.39 in chips)
576c6111: posts small blind $0.02
6c69d346: posts big blind $0.05
*** HOLE CARDS ***
Dealt to 228e4373 
Dealt to 3346c4e 
Dealt to 576c6111 
Dealt to 6c69d346 
Dealt to Hero [Qd Ad]
Dealt to 60d2d57e 
Hero: raises $0.05 to $0.1
60d2d57e: calls $0.1
228e4373: folds
3346c4e: folds
576c6111: folds
6c69d346: calls $0.05
*** FLOP *** [6s 9s 7s]
6c69d346: checks
Hero: checks
60d2d57e: checks
*** TURN *** [6s 9s 7s] [4s]
6c69d346: checks
Hero: checks
60d2d57e: checks
*** RIVER *** [6s 9s 7s 4s] [6h]
6c69d346: checks
Hero: checks
60d2d57e: checks
6c69d346: shows [6c Jh] (Three Sixes)
Hero: shows [Qd Ad] (Pair of Sixes)
60d2d57e: shows [Kh Js] (Jack High Flush)
*** SHOWDOWN ***
60d2d57e collected $0.31 from pot
*** SUMMARY ***
Total pot $0.32 | Rake $0.01 | Jackpot $0 | Bingo $0 | Fortune $0 | Tax $0
Board [6s 9s 7s 4s 6h]
Seat 1: 228e4373 folded before Flop (didn't bet)
Seat 2: 3346c4e (button) folded before Flop (didn't bet)
Seat 3: 576c6111 (small blind) folded before Flop
Seat 4: 6c69d346 (big blind) showed [6c Jh] and lost with Three Sixes
Seat 5: Hero showed [Qd Ad] and lost with Pair of Sixes
Seat 6: 60d2d57e showed [Kh Js] and won ($0.31) with Jack High Flush


Poker Hand #HD1735816766: Hold'em No Limit ($0.02/$0.05) - 2024/04/18 14:20:58
Table 'NLHBlue4' 6-max Seat #1 is the button
Seat 1: 228e4373 ($5 in chips)
Seat 2: 3346c4e ($4.85 in chips)
Seat 3: 576c6111 ($7.23 in chips)
Seat 4: 6c69d346 ($5.76 in chips)
Seat 5: Hero ($5.23 in chips)
Seat 6: 60d2d57e ($5.39 in chips)
3346c4e: posts small blind $0.02
576c6111: posts big blind $0.05
*** HOLE CARDS ***
Dealt to 228e4373 
Dealt to 3346c4e 
Dealt to 576c6111 
Dealt to 6c69d346 
Dealt to Hero [Jc 6h]
Dealt to 60d2d57e 
6c69d346: folds
Hero: folds
60d2d57e: folds
228e4373: raises $0.08 to $0.13
3346c4e: folds
576c6111: calls $0.08
*** FLOP *** [Qh Td 6d]
576c6111: bets $0.1
228e4373: raises $0.36 to $0.46
576c6111: folds
Uncalled bet ($0.36) returned to 228e4373
*** SHOWDOWN ***
228e4373 collected $0.46 from pot
*** SUMMARY ***
Total pot $0.48 | Rake $0.02 | Jackpot $0 | Bingo $0 | Fortune $0 | Tax $0
Board [Qh Td 6d]
Seat 1: 228e4373 (button) won ($0.46)
Seat 2: 3346c4e (small blind) folded before Flop
Seat 3: 576c6111 (big blind) folded on the Flop
Seat 4: 6c69d346 folded before Flop (didn't bet)
Seat 5: Hero folded before Flop (didn't bet)
Seat 6: 60d2d57e folded before Flop (didn't bet)


Poker Hand #HD1735816709: Hold'em No Limit ($0.02/$0.05) - 2024/04/18 14:20:30
Table 'NLHBlue4' 6-max Seat #6 is the button
Seat 1: 228e4373 ($5 in chips)
Seat 2: 3346c4e ($5 in chips)
Seat 3: 576c6111 ($7.23 in chips)
Seat 4: 6c69d346 ($5.6 in chips)
Seat 5: Hero ($5.23 in chips)
Seat 6: 60d2d57e ($5.39 in chips)
228e4373: posts small blind $0.02
3346c4e: posts big blind $0.05
*** HOLE CARDS ***
Dealt to 228e4373 
Dealt to 3346c4e 
Dealt to 576c6111 
Dealt to 6c69d346 
Dealt to Hero [8d 8s]
Dealt to 60d2d57e 
576c6111: folds
6c69d346: raises $0.1 to $0.15
Hero: folds
60d2d57e: folds
228e4373: folds
3346c4e: calls $0.1
*** FLOP *** [8h Ts 4c]
3346c4e: checks
6c69d346: bets $0.16
3346c4e: folds
Uncalled bet ($0.16) returned to 6c69d346
*** SHOWDOWN ***
6c69d346 collected $0.31 from pot
*** SUMMARY ***
Total pot $0.32 | Rake $0.01 | Jackpot $0 | Bingo $0 | Fortune $0 | Tax $0
Board [8h Ts 4c]
Seat 1: 228e4373 (small blind) folded before Flop
Seat 2: 3346c4e (big blind) folded on the Flop
Seat 3: 576c6111 folded before Flop (didn't bet)
Seat 4: 6c69d346 won ($0.31)
Seat 5: Hero folded before Flop (didn't bet)
Seat 6: 60d2d57e (button) folded before Flop (didn't bet)


Poker Hand #HD1735816679: Hold'em No Limit ($0.02/$0.05) - 2024/04/18 14:20:13
Table 'NLHBlue4' 6-max Seat #5 is the button
Seat 1: 228e4373 ($5 in chips)
Seat 3: 576c6111 ($7.23 in chips)
Seat 4: 6c69d346 ($5.53 in chips)
Seat 5: Hero ($5.23 in chips)
Seat 6: 60d2d57e ($5.41 in chips)
60d2d57e: posts small blind $0.02
228e4373: posts big blind $0.05
*** HOLE CARDS ***
Dealt to 228e4373 
Dealt to 576c6111 
Dealt to 6c69d346 
Dealt to Hero [As 5d]
Dealt to 60d2d57e 
576c6111: folds
6c69d346: raises $0.1 to $0.15
Hero: folds
60d2d57e: folds
228e4373: folds
Uncalled bet ($0.1) returned to 6c69d346
*** SHOWDOWN ***
6c69d346 collected $0.12 from pot
*** SUMMARY ***
Total pot $0.12 | Rake $0 | Jackpot $0 | Bingo $0 | Fortune $0 | Tax $0
Seat 1: 228e4373 (big blind) folded before Flop
Seat 3: 576c6111 folded before Flop (didn't bet)
Seat 4: 6c69d346 collected ($0.12)
Seat 5: Hero (button) folded before Flop (didn't bet)
Seat 6: 60d2d57e (small blind) folded before Flop


Poker Hand #HD1735816624: Hold'em No Limit ($0.02/$0.05) - 2024/04/18 14:19:42
Table 'NLHBlue4' 6-max Seat #4 is the button
Seat 1: 228e4373 ($5 in chips)
Seat 3: 576c6111 ($7.23 in chips)
Seat 4: 6c69d346 ($5.46 in chips)
Seat 5: Hero ($5.25 in chips)
Seat 6: 60d2d57e ($5.46 in chips)
Hero: posts small blind $0.02
60d2d57e: posts big blind $0.05
*** HOLE CARDS ***
Dealt to 228e4373 
Dealt to 576c6111 
Dealt to 6c69d346 
Dealt to Hero [6c 5s]
Dealt to 60d2d57e 
228e4373: folds
576c6111: folds
6c69d346: raises $0.1 to $0.15
Hero: folds
60d2d57e: folds
Uncalled bet ($0.1) returned to 6c69d346
*** SHOWDOWN ***
6c69d346 collected $0.12 from pot
*** SUMMARY ***
Total pot $0.12 | Rake $0 | Jackpot $0 | Bingo $0 | Fortune $0 | Tax $0
Seat 1: 228e4373 folded before Flop (didn't bet)
Seat 3: 576c6111 folded before Flop (didn't bet)
Seat 4: 6c69d346 (button) collected ($0.12)
Seat 5: Hero (small blind) folded before Flop
Seat 6: 60d2d57e (big blind) folded before Flop


Poker Hand #HD1735816579: Hold'em No Limit ($0.02/$0.05) - 2024/04/18 14:19:19
Table 'NLHBlue4' 6-max Seat #3 is the button
Seat 1: 228e4373 ($5 in chips)
Seat 3: 576c6111 ($7.23 in chips)
Seat 4: 6c69d346 ($5.41 in chips)
Seat 5: Hero ($5.3 in chips)
Seat 6: 60d2d57e ($5.46 in chips)
6c69d346: posts small blind $0.02
Hero: posts big blind $0.05
*** HOLE CARDS ***
Dealt to 228e4373 
Dealt to 576c6111 
Dealt to 6c69d346 
Dealt to Hero [6s Ad]
Dealt to 60d2d57e 
60d2d57e: folds
228e4373: folds
576c6111: folds
6c69d346: raises $0.1 to $0.15
Hero: folds
Uncalled bet ($0.1) returned to 6c69d346
*** SHOWDOWN ***
6c69d346 collected $0.1 from pot
*** SUMMARY ***
Total pot $0.1 | Rake $0 | Jackpot $0 | Bingo $0 | Fortune $0 | Tax $0
Seat 1: 228e4373 folded before Flop (didn't bet)
Seat 3: 576c6111 (button) folded before Flop (didn't bet)
Seat 4: 6c69d346 (small blind) collected ($0.1)
Seat 5: Hero (big blind) folded before Flop
Seat 6: 60d2d57e folded before Flop (didn't bet)


Poker Hand #HD1735816516: Hold'em No Limit ($0.02/$0.05) - 2024/04/18 14:18:41
Table 'NLHBlue4' 6-max Seat #1 is the button
Seat 1: 228e4373 ($5 in chips)
Seat 3: 576c6111 ($7.25 in chips)
Seat 4: 6c69d346 ($5.22 in chips)
Seat 5: Hero ($5.48 in chips)
Seat 6: 60d2d57e ($5.46 in chips)
576c6111: posts small blind $0.02
6c69d346: posts big blind $0.05
*** HOLE CARDS ***
Dealt to 228e4373 
Dealt to 576c6111 
Dealt to 6c69d346 
Dealt to Hero [Kd Jc]
Dealt to 60d2d57e 
Hero: raises $0.05 to $0.1
60d2d57e: folds
228e4373: folds
576c6111: folds
6c69d346: calls $0.05
*** FLOP *** [3s Ad Qh]
6c69d346: bets $0.08
Hero: calls $0.08
*** TURN *** [3s Ad Qh] [6s]
6c69d346: checks
Hero: checks
*** RIVER *** [3s Ad Qh 6s] [9d]
6c69d346: bets $0.13
Hero: folds
Uncalled bet ($0.13) returned to 6c69d346
*** SHOWDOWN ***
6c69d346 collected $0.37 from pot
*** SUMMARY ***
Total pot $0.38 | Rake $0.01 | Jackpot $0 | Bingo $0 | Fortune $0 | Tax $0
Board [3s Ad Qh 6s 9d]
Seat 1: 228e4373 (button) folded before Flop (didn't bet)
Seat 3: 576c6111 (small blind) folded before Flop
Seat 4: 6c69d346 (big blind) won ($0.37)
Seat 5: Hero folded on the River
Seat 6: 60d2d57e folded before Flop (didn't bet)


Poker Hand #HD1735816469: Hold'em No Limit ($0.02/$0.05) - 2024/04/18 14:18:10
Table 'NLHBlue4' 6-max Seat #6 is the button
Seat 1: 228e4373 ($5.02 in chips)
Seat 3: 576c6111 ($7.3 in chips)
Seat 4: 6c69d346 ($5.15 in chips)
Seat 5: Hero ($5.48 in chips)
Seat 6: 60d2d57e ($5.46 in chips)
228e4373: posts small blind $0.02
576c6111: posts big blind $0.05
*** HOLE CARDS ***
Dealt to 228e4373 
Dealt to 576c6111 
Dealt to 6c69d346 
Dealt to Hero [9h As]
Dealt to 60d2d57e 
6c69d346: raises $0.1 to $0.15
Hero: folds
60d2d57e: folds
228e4373: folds
576c6111: folds
Uncalled bet ($0.1) returned to 6c69d346
*** SHOWDOWN ***
6c69d346 collected $0.12 from pot
*** SUMMARY ***
Total pot $0.12 | Rake $0 | Jackpot $0 | Bingo $0 | Fortune $0 | Tax $0
Seat 1: 228e4373 (small blind) folded before Flop
Seat 3: 576c6111 (big blind) folded before Flop
Seat 4: 6c69d346 collected ($0.12)
Seat 5: Hero folded before Flop (didn't bet)
Seat 6: 60d2d57e (button) folded before Flop (didn't bet)


Poker Hand #HD1735816432: Hold'em No Limit ($0.02/$0.05) - 2024/04/18 14:17:48
Table 'NLHBlue4' 6-max Seat #5 is the button
Seat 1: 228e4373 ($5 in chips)
Seat 2: c82d26a8 ($5.37 in chips)
Seat 3: 576c6111 ($7.3 in chips)
Seat 4: 6c69d346 ($5.15 in chips)
Seat 5: Hero ($5.48 in chips)
Seat 6: 60d2d57e ($5.48 in chips)
60d2d57e: posts small blind $0.02
228e4373: posts big blind $0.05
*** HOLE CARDS ***
Dealt to 228e4373 
Dealt to c82d26a8 
Dealt to 576c6111 
Dealt to 6c69d346 
Dealt to Hero [6c 8h]
Dealt to 60d2d57e 
c82d26a8: folds
576c6111: folds
6c69d346: folds
Hero: folds
60d2d57e: folds
Uncalled bet ($0.03) returned to 228e4373
*** SHOWDOWN ***
228e4373 collected $0.04 from pot
*** SUMMARY ***
Total pot $0.04 | Rake $0 | Jackpot $0 | Bingo $0 | Fortune $0 | Tax $0
Seat 1: 228e4373 (big blind) collected ($0.04)
Seat 2: c82d26a8 folded before Flop (didn't bet)
Seat 3: 576c6111 folded before Flop (didn't bet)
Seat 4: 6c69d346 folded before Flop (didn't bet)
Seat 5: Hero (button) folded before Flop (didn't bet)
Seat 6: 60d2d57e (small blind) folded before Flop


Poker Hand #HD1735816351: Hold'em No Limit ($0.02/$0.05) - 2024/04/18 14:17:04
Table 'NLHBlue4' 6-max Seat #4 is the button
Seat 2: c82d26a8 ($5.37 in chips)
Seat 3: 576c6111 ($7.3 in chips)
Seat 4: 6c69d346 ($4.99 in chips)
Seat 5: Hero ($5.5 in chips)
Seat 6: 60d2d57e ($5.63 in chips)
Hero: posts small blind $0.02
60d2d57e: posts big blind $0.05
*** HOLE CARDS ***
Dealt to c82d26a8 
Dealt to 576c6111 
Dealt to 6c69d346 
Dealt to Hero [Ac 2d]
Dealt to 60d2d57e 
c82d26a8: folds
576c6111: folds
6c69d346: raises $0.1 to $0.15
Hero: folds
60d2d57e: calls $0.1
*** FLOP *** [5s 3c Qd]
60d2d57e: checks
6c69d346: bets $0.16
60d2d57e: folds
Uncalled bet ($0.16) returned to 6c69d346
*** SHOWDOWN ***
6c69d346 collected $0.31 from pot
*** SUMMARY ***
Total pot $0.32 | Rake $0.01 | Jackpot $0 | Bingo $0 | Fortune $0 | Tax $0
Board [5s 3c Qd]
Seat 2: c82d26a8 folded before Flop (didn't bet)
Seat 3: 576c6111 folded before Flop (didn't bet)
Seat 4: 6c69d346 (button) won ($0.31)
Seat 5: Hero (small blind) folded before Flop
Seat 6: 60d2d57e (big blind) folded on the Flop


Poker Hand #HD1735816276: Hold'em No Limit ($0.02/$0.05) - 2024/04/18 14:16:22
Table 'NLHBlue4' 6-max Seat #3 is the button
Seat 2: c82d26a8 ($5.21 in chips)
Seat 3: 576c6111 ($7.3 in chips)
Seat 4: 6c69d346 ($5.11 in chips)
Seat 5: Hero ($5.55 in chips)
6c69d346: posts small blind $0.02
Hero: posts big blind $0.05
*** HOLE CARDS ***
Dealt to c82d26a8 
Dealt to 576c6111 
Dealt to 6c69d346 
Dealt to Hero [4d 6c]
c82d26a8: raises $0.07 to $0.12
576c6111: folds
6c69d346: calls $0.1
Hero: folds
*** FLOP *** [6s Qc 3d]
6c69d346: checks
c82d26a8: bets $0.2
6c69d346: folds
Uncalled bet ($0.2) returned to c82d26a8
*** SHOWDOWN ***
c82d26a8 collected $0.28 from pot
*** SUMMARY ***
Total pot $0.29 | Rake $0.01 | Jackpot $0 | Bingo $0 | Fortune $0 | Tax $0
Board [6s Qc 3d]
Seat 2: c82d26a8 won ($0.28)
Seat 3: 576c6111 (button) folded before Flop (didn't bet)
Seat 4: 6c69d346 (small blind) folded on the Flop
Seat 5: Hero (big blind) folded before Flop


Poker Hand #HD1735816208: Hold'em No Limit ($0.02/$0.05) - 2024/04/18 14:15:43
Table 'NLHBlue4' 6-max Seat #2 is the button
Seat 2: c82d26a8 ($5.21 in chips)
Seat 3: 576c6111 ($7.42 in chips)
Seat 4: 6c69d346 ($5 in chips)
Seat 5: Hero ($5.55 in chips)
576c6111: posts small blind $0.02
6c69d346: posts big blind $0.05
*** HOLE CARDS ***
Dealt to c82d26a8 
Dealt to 576c6111 
Dealt to 6c69d346 
Dealt to Hero [4s 4d]
Hero: folds
c82d26a8: folds
576c6111: raises $0.07 to $0.12
6c69d346: calls $0.07
*** FLOP *** [Qs Kh Js]
576c6111: checks
6c69d346: bets $0.08
576c6111: folds
Uncalled bet ($0.08) returned to 6c69d346
*** SHOWDOWN ***
6c69d346 collected $0.23 from pot
*** SUMMARY ***
Total pot $0.24 | Rake $0.01 | Jackpot $0 | Bingo $0 | Fortune $0 | Tax $0
Board [Qs Kh Js]
Seat 2: c82d26a8 (button) folded before Flop (didn't bet)
Seat 3: 576c6111 (small blind) folded on the Flop
Seat 4: 6c69d346 (big blind) won ($0.23)
Seat 5: Hero folded before Flop (didn't bet)


Poker Hand #HD1735816108: Hold'em No Limit ($0.02/$0.05) - 2024/04/18 14:14:45
Table 'NLHBlue4' 6-max Seat #5 is the button
Seat 2: c82d26a8 ($5.26 in chips)
Seat 3: 576c6111 ($7.42 in chips)
Seat 5: Hero ($5.19 in chips)
Seat 6: 6174d38c ($9.52 in chips)
6174d38c: posts small blind $0.02
c82d26a8: posts big blind $0.05
*** HOLE CARDS ***
Dealt to c82d26a8 
Dealt to 576c6111 
Dealt to Hero [6s 6h]
Dealt to 6174d38c 
576c6111: folds
Hero: raises $0.07 to $0.12
6174d38c: calls $0.1
c82d26a8: folds
*** FLOP *** [3h 9h 9c]
6174d38c: checks
Hero: checks
*** TURN *** [3h 9h 9c] [6c]
6174d38c: bets $0.22
Hero: raises $0.53 to $0.75
6174d38c: folds
Uncalled bet ($0.53) returned to Hero
*** SHOWDOWN ***
Hero collected $0.7 from pot
*** SUMMARY ***
Total pot $0.73 | Rake $0.03 | Jackpot $0 | Bingo $0 | Fortune $0 | Tax $0
Board [3h 9h 9c 6c]
Seat 2: c82d26a8 (big blind) folded before Flop
Seat 3: 576c6111 folded before Flop (didn't bet)
Seat 5: Hero (button) won ($0.7)
Seat 6: 6174d38c (small blind) folded on the Turn


Poker Hand #HD1735816025: Hold'em No Limit ($0.02/$0.05) - 2024/04/18 14:13:50
Table 'NLHBlue4' 6-max Seat #4 is the button
Seat 1: 786fe2cd ($5 in chips)
Seat 2: c82d26a8 ($5.26 in chips)
Seat 3: 576c6111 ($7.42 in chips)
Seat 4: 6c69d346 ($4.4 in chips)
Seat 5: Hero ($5.21 in chips)
Seat 6: 6174d38c ($5.58 in chips)
Hero: posts small blind $0.02
6174d38c: posts big blind $0.05
*** HOLE CARDS ***
Dealt to 786fe2cd 
Dealt to c82d26a8 
Dealt to 576c6111 
Dealt to 6c69d346 
Dealt to Hero [2s Ah]
Dealt to 6174d38c 
786fe2cd: folds
c82d26a8: folds
576c6111: folds
6c69d346: raises $0.1 to $0.15
Hero: folds
6174d38c: calls $0.1
*** FLOP *** [Th 5h 6d]
6174d38c: bets $0.32
6c69d346: calls $0.32
*** TURN *** [Th 5h 6d] [4d]
6174d38c: bets $0.96
6c69d346: raises $2.97 to $3.93 and is all-in
6174d38c: calls $2.97
6c69d346: shows [4s 3s] (Pair of Fours)
6174d38c: shows [Jc Js] (Pair of Jacks)
*** RIVER *** [Th 5h 6d 4d] [6h]
*** SHOWDOWN ***
6174d38c collected $8.34 from pot
*** SUMMARY ***
Total pot $8.82 | Rake $0.43 | Jackpot $0.05 | Bingo $0 | Fortune $0 | Tax $0
Board [Th 5h 6d 4d 6h]
Seat 1: 786fe2cd folded before Flop (didn't bet)
Seat 2: c82d26a8 folded before Flop (didn't bet)
Seat 3: 576c6111 folded before Flop (didn't bet)
Seat 4: 6c69d346 (button) showed [4s 3s] and lost with Pair of Sixes and Pair of Fours
Seat 5: Hero (small blind) folded before Flop
Seat 6: 6174d38c (big blind) showed [Jc Js] and won ($8.34) with Pair of Jacks and Pair of Sixes


Poker Hand #HD1735815917: Hold'em No Limit ($0.02/$0.05) - 2024/04/18 14:12:49
Table 'NLHBlue4' 6-max Seat #3 is the button
Seat 1: 786fe2cd ($5 in chips)
Seat 2: c82d26a8 ($5.26 in chips)
Seat 3: 576c6111 ($7.47 in chips)
Seat 4: 6c69d346 ($4.42 in chips)
Seat 5: Hero ($5.26 in chips)
Seat 6: 6174d38c ($5.46 in chips)
6c69d346: posts small blind $0.02
Hero: posts big blind $0.05
*** HOLE CARDS ***
Dealt to 786fe2cd 
Dealt to c82d26a8 
Dealt to 576c6111 
Dealt to 6c69d346 
Dealt to Hero [5d 2c]
Dealt to 6174d38c 
6174d38c: calls $0.05
786fe2cd: folds
c82d26a8: folds
576c6111: calls $0.05
6c69d346: folds
Hero: checks
*** FLOP *** [9c 3h 9d]
Hero: checks
6174d38c: bets $0.35
576c6111: folds
Hero: folds
Uncalled bet ($0.35) returned to 6174d38c
*** SHOWDOWN ***
6174d38c collected $0.17 from pot
*** SUMMARY ***
Total pot $0.17 | Rake $0 | Jackpot $0 | Bingo $0 | Fortune $0 | Tax $0
Board [9c 3h 9d]
Seat 1: 786fe2cd folded before Flop (didn't bet)
Seat 2: c82d26a8 folded before Flop (didn't bet)
Seat 3: 576c6111 (button) folded on the Flop
Seat 4: 6c69d346 (small blind) folded before Flop
Seat 5: Hero (big blind) folded on the Flop
Seat 6: 6174d38c won ($0.17)


Poker Hand #HD1735815862: Hold'em No Limit ($0.02/$0.05) - 2024/04/18 14:12:11
Table 'NLHBlue4' 6-max Seat #2 is the button
Seat 1: 786fe2cd ($5 in chips)
Seat 2: c82d26a8 ($5.26 in chips)
Seat 3: 576c6111 ($7.49 in chips)
Seat 4: 6c69d346 ($4.62 in chips)
Seat 5: Hero ($5.26 in chips)
Seat 6: 6174d38c ($5.26 in chips)
576c6111: posts small blind $0.02
6c69d346: posts big blind $0.05
*** HOLE CARDS ***
Dealt to 786fe2cd 
Dealt to c82d26a8 
Dealt to 576c6111 
Dealt to 6c69d346 
Dealt to Hero [6c 5s]
Dealt to 6174d38c 
Hero: folds
6174d38c: raises $0.15 to $0.2
786fe2cd: folds
c82d26a8: folds
576c6111: folds
6c69d346: calls $0.15
*** FLOP *** [Kh 8c 9h]
6c69d346: checks
6174d38c: bets $0.42
6c69d346: folds
Uncalled bet ($0.42) returned to 6174d38c
*** SHOWDOWN ***
6174d38c collected $0.4 from pot
*** SUMMARY ***
Total pot $0.42 | Rake $0.02 | Jackpot $0 | Bingo $0 | Fortune $0 | Tax $0
Board [Kh 8c 9h]
Seat 1: 786fe2cd folded before Flop (didn't bet)
Seat 2: c82d26a8 (button) folded before Flop (didn't bet)
Seat 3: 576c6111 (small blind) folded before Flop
Seat 4: 6c69d346 (big blind) folded on the Flop
Seat 5: Hero folded before Flop (didn't bet)
Seat 6: 6174d38c won ($0.4)


Poker Hand #HD1735815798: Hold'em No Limit ($0.02/$0.05) - 2024/04/18 14:11:36
Table 'NLHBlue4' 6-max Seat #1 is the button
Seat 1: 786fe2cd ($5 in chips)
Seat 2: c82d26a8 ($5.28 in chips)
Seat 3: 576c6111 ($7.54 in chips)
Seat 4: 6c69d346 ($4.62 in chips)
Seat 5: Hero ($5.19 in chips)
Seat 6: 6174d38c ($5.26 in chips)
c82d26a8: posts small blind $0.02
576c6111: posts big blind $0.05
*** HOLE CARDS ***
Dealt to 786fe2cd 
Dealt to c82d26a8 
Dealt to 576c6111 
Dealt to 6c69d346 
Dealt to Hero [Jh Kh]
Dealt to 6174d38c 
6c69d346: folds
Hero: raises $0.05 to $0.1
6174d38c: folds
786fe2cd: folds
c82d26a8: folds
576c6111: folds
Uncalled bet ($0.05) returned to Hero
*** SHOWDOWN ***
Hero collected $0.12 from pot
*** SUMMARY ***
Total pot $0.12 | Rake $0 | Jackpot $0 | Bingo $0 | Fortune $0 | Tax $0
Seat 1: 786fe2cd (button) folded before Flop (didn't bet)
Seat 2: c82d26a8 (small blind) folded before Flop
Seat 3: 576c6111 (big blind) folded before Flop
Seat 4: 6c69d346 folded before Flop (didn't bet)
Seat 5: Hero collected ($0.12)
Seat 6: 6174d38c folded before Flop (didn't bet)


Poker Hand #HD1735815734: Hold'em No Limit ($0.02/$0.05) - 2024/04/18 14:10:56
Table 'NLHBlue4' 6-max Seat #6 is the button
Seat 1: 786fe2cd ($5 in chips)
Seat 2: c82d26a8 ($5.33 in chips)
Seat 3: 576c6111 ($7.54 in chips)
Seat 4: 6c69d346 ($4.08 in chips)
Seat 5: Hero ($5.19 in chips)
Seat 6: 6174d38c ($5.78 in chips)
786fe2cd: posts small blind $0.02
c82d26a8: posts big blind $0.05
*** HOLE CARDS ***
Dealt to 786fe2cd 
Dealt to c82d26a8 
Dealt to 576c6111 
Dealt to 6c69d346 
Dealt to Hero [4c 9d]
Dealt to 6174d38c 
576c6111: folds
6c69d346: raises $0.1 to $0.15
Hero: folds
6174d38c: raises $0.37 to $0.52
786fe2cd: folds
c82d26a8: folds
6c69d346: calls $0.37
*** FLOP *** [5s 8c Kh]
6c69d346: bets $0.37
6174d38c: folds
Uncalled bet ($0.37) returned to 6c69d346
*** SHOWDOWN ***
6c69d346 collected $1.06 from pot
*** SUMMARY ***
Total pot $1.11 | Rake $0.05 | Jackpot $0 | Bingo $0 | Fortune $0 | Tax $0
Board [5s 8c Kh]
Seat 1: 786fe2cd (small blind) folded before Flop
Seat 2: c82d26a8 (big blind) folded before Flop
Seat 3: 576c6111 folded before Flop (didn't bet)
Seat 4: 6c69d346 won ($1.06)
Seat 5: Hero folded before Flop (didn't bet)
Seat 6: 6174d38c (button) folded on the Flop


Poker Hand #HD1735815700: Hold'em No Limit ($0.02/$0.05) - 2024/04/18 14:10:35
Table 'NLHBlue4' 6-max Seat #5 is the button
Seat 1: 786fe2cd ($5 in chips)
Seat 2: c82d26a8 ($5.33 in chips)
Seat 3: 576c6111 ($7.47 in chips)
Seat 4: 6c69d346 ($4.08 in chips)
Seat 5: Hero ($5.19 in chips)
Seat 6: 6174d38c ($5.8 in chips)
6174d38c: posts small blind $0.02
786fe2cd: posts big blind $0.05
*** HOLE CARDS ***
Dealt to 786fe2cd 
Dealt to c82d26a8 
Dealt to 576c6111 
Dealt to 6c69d346 
Dealt to Hero [8s 2s]
Dealt to 6174d38c 
c82d26a8: folds
576c6111: raises $0.09 to $0.14
6c69d346: folds
Hero: folds
6174d38c: folds
786fe2cd: folds
Uncalled bet ($0.09) returned to 576c6111
*** SHOWDOWN ***
576c6111 collected $0.12 from pot
*** SUMMARY ***
Total pot $0.12 | Rake $0 | Jackpot $0 | Bingo $0 | Fortune $0 | Tax $0
Seat 1: 786fe2cd (big blind) folded before Flop
Seat 2: c82d26a8 folded before Flop (didn't bet)
Seat 3: 576c6111 collected ($0.12)
Seat 4: 6c69d346 folded before Flop (didn't bet)
Seat 5: Hero (button) folded before Flop (didn't bet)
Seat 6: 6174d38c (small blind) folded before Flop


Poker Hand #HD1735815682: Hold'em No Limit ($0.02/$0.05) - 2024/04/18 14:10:22
Table 'NLHBlue4' 6-max Seat #4 is the button
Seat 1: 786fe2cd ($5 in chips)
Seat 2: c82d26a8 ($5.33 in chips)
Seat 3: 576c6111 ($7.47 in chips)
Seat 4: 6c69d346 ($4.08 in chips)
Seat 5: Hero ($5.21 in chips)
Seat 6: 6174d38c ($5.78 in chips)
Hero: posts small blind $0.02
6174d38c: posts big blind $0.05
*** HOLE CARDS ***
Dealt to 786fe2cd 
Dealt to c82d26a8 
Dealt to 576c6111 
Dealt to 6c69d346 
Dealt to Hero [Qc 5d]
Dealt to 6174d38c 
786fe2cd: folds
c82d26a8: folds
576c6111: folds
6c69d346: folds
Hero: folds
Uncalled bet ($0.03) returned to 6174d38c
*** SHOWDOWN ***
6174d38c collected $0.04 from pot
*** SUMMARY ***
Total pot $0.04 | Rake $0 | Jackpot $0 | Bingo $0 | Fortune $0 | Tax $0
Seat 1: 786fe2cd folded before Flop (didn't bet)
Seat 2: c82d26a8 folded before Flop (didn't bet)
Seat 3: 576c6111 folded before Flop (didn't bet)
Seat 4: 6c69d346 (button) folded before Flop (didn't bet)
Seat 5: Hero (small blind) folded before Flop
Seat 6: 6174d38c (big blind) collected ($0.04)


Poker Hand #HD1735725528: Hold'em No Limit ($0.02/$0.05) - 2024/04/18 14:08:53
Table 'NLHBlue4' 6-max Seat #3 is the button
Seat 1: 786fe2cd ($5 in chips)
Seat 2: c82d26a8 ($5.33 in chips)
Seat 3: 576c6111 ($7.47 in chips)
Seat 4: 6c69d346 ($3.38 in chips)
Seat 5: Hero ($5.26 in chips)
Seat 6: 6174d38c ($6.5 in chips)
6c69d346: posts small blind $0.02
Hero: posts big blind $0.05
*** HOLE CARDS ***
Dealt to 786fe2cd 
Dealt to c82d26a8 
Dealt to 576c6111 
Dealt to 6c69d346 
Dealt to Hero [4c 9s]
Dealt to 6174d38c 
6174d38c: raises $0.1 to $0.15
786fe2cd: folds
c82d26a8: folds
576c6111: folds
6c69d346: calls $0.13
Hero: folds
*** FLOP *** [Js 2s Ts]
6c69d346: checks
6174d38c: checks
*** TURN *** [Js 2s Ts] [3d]
6c69d346: bets $0.12
6174d38c: raises $0.45 to $0.57
6c69d346: calls $0.45
*** RIVER *** [Js 2s Ts 3d] [3c]
6c69d346: checks
6174d38c: checks
6c69d346: shows [2c Jc] (Pair of Jacks and Pair of Treys)
6174d38c: shows [Qs 4d] (Pair of Treys)
*** SHOWDOWN ***
6c69d346 collected $1.42 from pot
*** SUMMARY ***
Total pot $1.49 | Rake $0.07 | Jackpot $0 | Bingo $0 | Fortune $0 | Tax $0
Board [Js 2s Ts 3d 3c]
Seat 1: 786fe2cd folded before Flop (didn't bet)
Seat 2: c82d26a8 folded before Flop (didn't bet)
Seat 3: 576c6111 (button) folded before Flop (didn't bet)
Seat 4: 6c69d346 (small blind) showed [2c Jc] and won ($1.42) with Pair of Jacks and Pair of Treys
Seat 5: Hero (big blind) folded before Flop
Seat 6: 6174d38c showed [Qs 4d] and lost with Pair of Treys


Poker Hand #HD1735725427: Hold'em No Limit ($0.02/$0.05) - 2024/04/18 14:07:49
Table 'NLHBlue4' 6-max Seat #2 is the button
Seat 1: 786fe2cd ($5 in chips)
Seat 2: c82d26a8 ($5.33 in chips)
Seat 3: 576c6111 ($7.57 in chips)
Seat 4: 6c69d346 ($3.48 in chips)
Seat 5: Hero ($5.07 in chips)
Seat 6: 6174d38c ($6.5 in chips)
576c6111: posts small blind $0.02
6c69d346: posts big blind $0.05
*** HOLE CARDS ***
Dealt to 786fe2cd 
Dealt to c82d26a8 
Dealt to 576c6111 
Dealt to 6c69d346 
Dealt to Hero [Ks Kh]
Dealt to 6174d38c 
Hero: raises $0.05 to $0.1
6174d38c: folds
786fe2cd: folds
c82d26a8: folds
576c6111: calls $0.08
6c69d346: calls $0.05
*** FLOP *** [6s Ad 4s]
576c6111: checks
6c69d346: checks
Hero: checks
*** TURN *** [6s Ad 4s] [Qs]
576c6111: checks
6c69d346: checks
Hero: bets $0.15
576c6111: folds
6c69d346: folds
Uncalled bet ($0.15) returned to Hero
*** SHOWDOWN ***
Hero collected $0.29 from pot
*** SUMMARY ***
Total pot $0.3 | Rake $0.01 | Jackpot $0 | Bingo $0 | Fortune $0 | Tax $0
Board [6s Ad 4s Qs]
Seat 1: 786fe2cd folded before Flop (didn't bet)
Seat 2: c82d26a8 (button) folded before Flop (didn't bet)
Seat 3: 576c6111 (small blind) folded on the Turn
Seat 4: 6c69d346 (big blind) folded on the Turn
Seat 5: Hero won ($0.29)
Seat 6: 6174d38c folded before Flop (didn't bet)


Poker Hand #HD1735725405: Hold'em No Limit ($0.02/$0.05) - 2024/04/18 14:07:30
Table 'NLHBlue4' 6-max Seat #1 is the button
Seat 1: 786fe2cd ($5 in chips)
Seat 2: c82d26a8 ($5.35 in chips)
Seat 3: 576c6111 ($7.55 in chips)
Seat 4: 6c69d346 ($3.48 in chips)
Seat 5: Hero ($5.07 in chips)
Seat 6: 6174d38c ($6.5 in chips)
c82d26a8: posts small blind $0.02
576c6111: posts big blind $0.05
*** HOLE CARDS ***
Dealt to 786fe2cd 
Dealt to c82d26a8 
Dealt to 576c6111 
Dealt to 6c69d346 
Dealt to Hero [2c Kh]
Dealt to 6174d38c 
6c69d346: folds
Hero: folds
6174d38c: folds
786fe2cd: folds
c82d26a8: folds
Uncalled bet ($0.03) returned to 576c6111
*** SHOWDOWN ***
576c6111 collected $0.04 from pot
*** SUMMARY ***
Total pot $0.04 | Rake $0 | Jackpot $0 | Bingo $0 | Fortune $0 | Tax $0
Seat 1: 786fe2cd (button) folded before Flop (didn't bet)
Seat 2: c82d26a8 (small blind) folded before Flop
Seat 3: 576c6111 (big blind) collected ($0.04)
Seat 4: 6c69d346 folded before Flop (didn't bet)
Seat 5: Hero folded before Flop (didn't bet)
Seat 6: 6174d38c folded before Flop (didn't bet)


Poker Hand #HD1735725381: Hold'em No Limit ($0.02/$0.05) - 2024/04/18 14:07:12
Table 'NLHBlue4' 6-max Seat #6 is the button
Seat 1: 786fe2cd ($5 in chips)
Seat 2: c82d26a8 ($5.4 in chips)
Seat 3: 576c6111 ($7.55 in chips)
Seat 4: 6c69d346 ($3.48 in chips)
Seat 5: Hero ($5 in chips)
Seat 6: 6174d38c ($6.5 in chips)
786fe2cd: posts small blind $0.02
c82d26a8: posts big blind $0.05
*** HOLE CARDS ***
Dealt to 786fe2cd 
Dealt to c82d26a8 
Dealt to 576c6111 
Dealt to 6c69d346 
Dealt to Hero [Ac Kc]
Dealt to 6174d38c 
576c6111: folds
6c69d346: folds
Hero: raises $0.07 to $0.12
6174d38c: folds
786fe2cd: folds
c82d26a8: folds
Uncalled bet ($0.07) returned to Hero
*** SHOWDOWN ***
Hero collected $0.12 from pot
*** SUMMARY ***
Total pot $0.12 | Rake $0 | Jackpot $0 | Bingo $0 | Fortune $0 | Tax $0
Seat 1: 786fe2cd (small blind) folded before Flop
Seat 2: c82d26a8 (big blind) folded before Flop
Seat 3: 576c6111 folded before Flop (didn't bet)
Seat 4: 6c69d346 folded before Flop (didn't bet)
Seat 5: Hero collected ($0.12)
Seat 6: 6174d38c (button) folded before Flop (didn't bet)


Poker Hand #HD1735725320: Hold'em No Limit ($0.02/$0.05) - 2024/04/18 14:06:38
Table 'NLHBlue4' 6-max Seat #5 is the button
Seat 1: 786fe2cd ($5 in chips)
Seat 2: c82d26a8 ($5.4 in chips)
Seat 3: 576c6111 ($7.55 in chips)
Seat 4: 6c69d346 ($3.48 in chips)
Seat 5: Hero ($5 in chips)
Seat 6: 6174d38c ($6.41 in chips)
6174d38c: posts small blind $0.02
786fe2cd: posts big blind $0.05
*** HOLE CARDS ***
Dealt to 786fe2cd 
Dealt to c82d26a8 
Dealt to 576c6111 
Dealt to 6c69d346 
Dealt to Hero [5s 3h]
Dealt to 6174d38c 
c82d26a8: folds
576c6111: folds
6c69d346: folds
Hero: folds
6174d38c: raises $0.05 to $0.1
786fe2cd: calls $0.05
*** FLOP *** [Qs 4d As]
6174d38c: bets $0.2
786fe2cd: folds
Uncalled bet ($0.2) returned to 6174d38c
*** SHOWDOWN ***
6174d38c collected $0.19 from pot
*** SUMMARY ***
Total pot $0.2 | Rake $0.01 | Jackpot $0 | Bingo $0 | Fortune $0 | Tax $0
Board [Qs 4d As]
Seat 1: 786fe2cd (big blind) folded on the Flop
Seat 2: c82d26a8 folded before Flop (didn't bet)
Seat 3: 576c6111 folded before Flop (didn't bet)
Seat 4: 6c69d346 folded before Flop (didn't bet)
Seat 5: Hero (button) folded before Flop (didn't bet)
Seat 6: 6174d38c (small blind) won ($0.19)


Poker Hand #HD1735725208: Hold'em No Limit ($0.02/$0.05) - 2024/04/18 14:05:33
Table 'NLHBlue4' 6-max Seat #4 is the button
Seat 2: c82d26a8 ($5.4 in chips)
Seat 3: 576c6111 ($7.55 in chips)
Seat 4: 6c69d346 ($5.07 in chips)
Seat 5: Hero ($5 in chips)
Seat 6: 6174d38c ($5 in chips)
Hero: posts small blind $0.02
6174d38c: posts big blind $0.05
*** HOLE CARDS ***
Dealt to c82d26a8 
Dealt to 576c6111 
Dealt to 6c69d346 
Dealt to Hero [2s 6c]
Dealt to 6174d38c 
c82d26a8: folds
576c6111: folds
6c69d346: raises $0.1 to $0.15
Hero: folds
6174d38c: calls $0.1
*** FLOP *** [Qd Qh 5h]
6174d38c: bets $0.24
6c69d346: calls $0.24
*** TURN *** [Qd Qh 5h] [Ac]
6174d38c: bets $0.6
6c69d346: raises $0.6 to $1.2
6174d38c: raises $1.6 to $2.8
6c69d346: folds
Uncalled bet ($1.6) returned to 6174d38c
*** SHOWDOWN ***
6174d38c collected $3 from pot
*** SUMMARY ***
Total pot $3.2 | Rake $0.15 | Jackpot $0.05 | Bingo $0 | Fortune $0 | Tax $0
Board [Qd Qh 5h Ac]
Seat 2: c82d26a8 folded before Flop (didn't bet)
Seat 3: 576c6111 folded before Flop (didn't bet)
Seat 4: 6c69d346 (button) folded on the Turn
Seat 5: Hero (small blind) folded before Flop
Seat 6: 6174d38c (big blind) won ($3)


Poker Hand #HD1735725149: Hold'em No Limit ($0.02/$0.05) - 2024/04/18 14:04:56
Table 'NLHBlue4' 6-max Seat #3 is the button
Seat 2: c82d26a8 ($5.4 in chips)
Seat 3: 576c6111 ($7.55 in chips)
Seat 4: 6c69d346 ($5.02 in chips)
Seat 5: Hero ($5 in chips)
6c69d346: posts small blind $0.02
Hero: posts big blind $0.05
*** HOLE CARDS ***
Dealt to c82d26a8 
Dealt to 576c6111 
Dealt to 6c69d346 
Dealt to Hero [7s 9h]
c82d26a8: folds
576c6111: folds
6c69d346: raises $0.1 to $0.15
Hero: folds
Uncalled bet ($0.1) returned to 6c69d346
*** SHOWDOWN ***
6c69d346 collected $0.1 from pot
*** SUMMARY ***
Total pot $0.1 | Rake $0 | Jackpot $0 | Bingo $0 | Fortune $0 | Tax $0
Seat 2: c82d26a8 folded before Flop (didn't bet)
Seat 3: 576c6111 (button) folded before Flop (didn't bet)
Seat 4: 6c69d346 (small blind) collected ($0.1)
Seat 5: Hero (big blind) folded before Flop


Poker Hand #HD1735725123: Hold'em No Limit ($0.02/$0.05) - 2024/04/18 14:04:39
Table 'NLHBlue4' 6-max Seat #2 is the button
Seat 2: c82d26a8 ($5.4 in chips)
Seat 3: 576c6111 ($7.57 in chips)
Seat 4: 6c69d346 ($5 in chips)
Seat 5: Hero ($5 in chips)
576c6111: posts small blind $0.02
6c69d346: posts big blind $0.05
*** HOLE CARDS ***
Dealt to c82d26a8 
Dealt to 576c6111 
Dealt to 6c69d346 
Dealt to Hero [Js 3c]
Hero: folds
c82d26a8: folds
576c6111: folds
Uncalled bet ($0.03) returned to 6c69d346
*** SHOWDOWN ***
6c69d346 collected $0.04 from pot
*** SUMMARY ***
Total pot $0.04 | Rake $0 | Jackpot $0 | Bingo $0 | Fortune $0 | Tax $0
Seat 2: c82d26a8 (button) folded before Flop (didn't bet)
Seat 3: 576c6111 (small blind) folded before Flop
Seat 4: 6c69d346 (big blind) collected ($0.04)
Seat 5: Hero folded before Flop (didn't bet)


Poker Hand #HD1735725102: Hold'em No Limit ($0.02/$0.05) - 2024/04/18 14:04:23
Table 'NLHBlue4' 6-max Seat #5 is the button
Seat 2: c82d26a8 ($5.35 in chips)
Seat 3: 576c6111 ($7.62 in chips)
Seat 5: Hero ($5 in chips)
c82d26a8: posts small blind $0.02
576c6111: posts big blind $0.05
*** HOLE CARDS ***
Dealt to c82d26a8 
Dealt to 576c6111 
Dealt to Hero [Jh 8c]
Hero: folds
c82d26a8: raises $0.1 to $0.15
576c6111: folds
Uncalled bet ($0.1) returned to c82d26a8
*** SHOWDOWN ***
c82d26a8 collected $0.1 from pot
*** SUMMARY ***
Total pot $0.1 | Rake $0 | Jackpot $0 | Bingo $0 | Fortune $0 | Tax $0
Seat 2: c82d26a8 (small blind) collected ($0.1)
Seat 3: 576c6111 (big blind) folded before Flop
Seat 5: Hero (button) folded before Flop (didn't bet)


Poker Hand #HD1735724988: Hold'em No Limit ($0.02/$0.05) - 2024/04/18 14:03:17
Table 'NLHBlue4' 6-max Seat #3 is the button
Seat 2: c82d26a8 ($5.35 in chips)
Seat 3: 576c6111 ($5.35 in chips)
Seat 4: 476da934 ($8.43 in chips)
Seat 5: Hero ($5.36 in chips)
476da934: posts small blind $0.02
Hero: posts big blind $0.05
*** HOLE CARDS ***
Dealt to c82d26a8 
Dealt to 576c6111 
Dealt to 476da934 
Dealt to Hero [Ad 9h]
c82d26a8: folds
576c6111: raises $0.07 to $0.12
476da934: folds
Hero: calls $0.07
*** FLOP *** [8d 5s Th]
Hero: checks
576c6111: bets $0.09
Hero: raises $0.26 to $0.35
576c6111: calls $0.26
*** TURN *** [8d 5s Th] [Js]
Hero: bets $0.8
576c6111: raises $1.28 to $2.08
Hero: calls $1.28
*** RIVER *** [8d 5s Th Js] [Ks]
Hero: checks
576c6111: bets $2.8 and is all-in
Hero: folds
Uncalled bet ($2.8) returned to 576c6111
*** SHOWDOWN ***
576c6111 collected $4.82 from pot
*** SUMMARY ***
Total pot $5.12 | Rake $0.25 | Jackpot $0.05 | Bingo $0 | Fortune $0 | Tax $0
Board [8d 5s Th Js Ks]
Seat 2: c82d26a8 folded before Flop (didn't bet)
Seat 3: 576c6111 (button) won ($4.82)
Seat 4: 476da934 (small blind) folded before Flop
Seat 5: Hero (big blind) folded on the River


Poker Hand #HD1735724956: Hold'em No Limit ($0.02/$0.05) - 2024/04/18 14:03:02
Table 'NLHBlue4' 6-max Seat #2 is the button
Seat 2: c82d26a8 ($5.35 in chips)
Seat 3: 576c6111 ($5.37 in chips)
Seat 4: 476da934 ($8.48 in chips)
Seat 5: Hero ($5.29 in chips)
576c6111: posts small blind $0.02
476da934: posts big blind $0.05
*** HOLE CARDS ***
Dealt to c82d26a8 
Dealt to 576c6111 
Dealt to 476da934 
Dealt to Hero [Ad Ts]
Hero: raises $0.05 to $0.1
c82d26a8: folds
576c6111: folds
476da934: folds
Uncalled bet ($0.05) returned to Hero
*** SHOWDOWN ***
Hero collected $0.12 from pot
*** SUMMARY ***
Total pot $0.12 | Rake $0 | Jackpot $0 | Bingo $0 | Fortune $0 | Tax $0
Seat 2: c82d26a8 (button) folded before Flop (didn't bet)
Seat 3: 576c6111 (small blind) folded before Flop
Seat 4: 476da934 (big blind) folded before Flop
Seat 5: Hero collected ($0.12)


Poker Hand #HD1735724830: Hold'em No Limit ($0.02/$0.05) - 2024/04/18 14:01:43
Table 'NLHBlue4' 6-max Seat #1 is the button
Seat 1: 7bbe6b04 ($3.49 in chips)
Seat 2: c82d26a8 ($5.48 in chips)
Seat 3: 576c6111 ($5 in chips)
Seat 4: 476da934 ($8.61 in chips)
Seat 5: Hero ($5.29 in chips)
c82d26a8: posts small blind $0.02
576c6111: posts big blind $0.05
*** HOLE CARDS ***
Dealt to 7bbe6b04 
Dealt to c82d26a8 
Dealt to 576c6111 
Dealt to 476da934 
Dealt to Hero [Jh Td]
476da934: raises $0.08 to $0.13
Hero: folds
7bbe6b04: calls $0.13
c82d26a8: calls $0.11
576c6111: calls $0.08
*** FLOP *** [8h 5h 4c]
c82d26a8: checks
576c6111: checks
476da934: checks
7bbe6b04: checks
*** TURN *** [8h 5h 4c] [Ts]
c82d26a8: checks
576c6111: bets $0.12
476da934: folds
7bbe6b04: folds
c82d26a8: folds
Uncalled bet ($0.12) returned to 576c6111
*** SHOWDOWN ***
576c6111 collected $0.5 from pot
*** SUMMARY ***
Total pot $0.52 | Rake $0.02 | Jackpot $0 | Bingo $0 | Fortune $0 | Tax $0
Board [8h 5h 4c Ts]
Seat 1: 7bbe6b04 (button) folded on the Turn
Seat 2: c82d26a8 (small blind) folded on the Turn
Seat 3: 576c6111 (big blind) won ($0.5)
Seat 4: 476da934 folded on the Turn
Seat 5: Hero folded before Flop (didn't bet)


Poker Hand #HD1735724777: Hold'em No Limit ($0.02/$0.05) - 2024/04/18 14:01:16
Table 'NLHBlue4' 6-max Seat #5 is the button
Seat 1: 7bbe6b04 ($3.51 in chips)
Seat 2: c82d26a8 ($5.53 in chips)
Seat 3: 576c6111 ($5 in chips)
Seat 4: 476da934 ($8.61 in chips)
Seat 5: Hero ($5.11 in chips)
7bbe6b04: posts small blind $0.02
c82d26a8: posts big blind $0.05
*** HOLE CARDS ***
Dealt to 7bbe6b04 
Dealt to c82d26a8 
Dealt to 576c6111 
Dealt to 476da934 
Dealt to Hero [Ad Qh]
576c6111: raises $0.07 to $0.12
476da934: folds
Hero: raises $0.28 to $0.4
7bbe6b04: folds
c82d26a8: folds
576c6111: folds
Uncalled bet ($0.28) returned to Hero
*** SHOWDOWN ***
Hero collected $0.3 from pot
*** SUMMARY ***
Total pot $0.31 | Rake $0.01 | Jackpot $0 | Bingo $0 | Fortune $0 | Tax $0
Seat 1: 7bbe6b04 (small blind) folded before Flop
Seat 2: c82d26a8 (big blind) folded before Flop
Seat 3: 576c6111 folded before Flop
Seat 4: 476da934 folded before Flop (didn't bet)
Seat 5: Hero (button) collected ($0.3)


Poker Hand #HD1735724722: Hold'em No Limit ($0.02/$0.05) - 2024/04/18 14:00:40
Table 'NLHBlue4' 6-max Seat #4 is the button
Seat 1: 7bbe6b04 ($3.37 in chips)
Seat 2: c82d26a8 ($5.53 in chips)
Seat 3: 576c6111 ($5 in chips)
Seat 4: 476da934 ($8.74 in chips)
Seat 5: Hero ($5.13 in chips)
Hero: posts small blind $0.02
7bbe6b04: posts big blind $0.05
*** HOLE CARDS ***
Dealt to 7bbe6b04 
Dealt to c82d26a8 
Dealt to 576c6111 
Dealt to 476da934 
Dealt to Hero [7s 3c]
c82d26a8: folds
576c6111: folds
476da934: raises $0.08 to $0.13
Hero: folds
7bbe6b04: calls $0.08
*** FLOP *** [4c Jh Kc]
7bbe6b04: checks
476da934: checks
*** TURN *** [4c Jh Kc] [9s]
7bbe6b04: bets $0.1
476da934: folds
Uncalled bet ($0.1) returned to 7bbe6b04
*** SHOWDOWN ***
7bbe6b04 collected $0.27 from pot
*** SUMMARY ***
Total pot $0.28 | Rake $0.01 | Jackpot $0 | Bingo $0 | Fortune $0 | Tax $0
Board [4c Jh Kc 9s]
Seat 1: 7bbe6b04 (big blind) won ($0.27)
Seat 2: c82d26a8 folded before Flop (didn't bet)
Seat 3: 576c6111 folded before Flop (didn't bet)
Seat 4: 476da934 (button) folded on the Turn
Seat 5: Hero (small blind) folded before Flop


Poker Hand #HD1735724647: Hold'em No Limit ($0.02/$0.05) - 2024/04/18 13:59:53
Table 'NLHBlue4' 6-max Seat #3 is the button
Seat 1: 7bbe6b04 ($3.37 in chips)
Seat 2: c82d26a8 ($5.53 in chips)
Seat 3: 576c6111 ($5 in chips)
Seat 4: 476da934 ($8.76 in chips)
Seat 5: Hero ($5 in chips)
Seat 6: 84aa3897 ($8 in chips)
476da934: posts small blind $0.02
Hero: posts big blind $0.05
*** HOLE CARDS ***
Dealt to 7bbe6b04 
Dealt to c82d26a8 
Dealt to 576c6111 
Dealt to 476da934 
Dealt to Hero [Qc 9c]
Dealt to 84aa3897 
84aa3897: folds
7bbe6b04: folds
c82d26a8: folds
576c6111: raises $0.07 to $0.12
476da934: folds
Hero: calls $0.07
*** FLOP *** [4s 4h 2s]
Hero: checks
576c6111: checks
*** TURN *** [4s 4h 2s] [2c]
Hero: bets $0.15
576c6111: folds
Uncalled bet ($0.15) returned to Hero
*** SHOWDOWN ***
Hero collected $0.25 from pot
*** SUMMARY ***
Total pot $0.26 | Rake $0.01 | Jackpot $0 | Bingo $0 | Fortune $0 | Tax $0
Board [4s 4h 2s 2c]
Seat 1: 7bbe6b04 folded before Flop (didn't bet)
Seat 2: c82d26a8 folded before Flop (didn't bet)
Seat 3: 576c6111 (button) folded on the Turn
Seat 4: 476da934 (small blind) folded before Flop
Seat 5: Hero (big blind) won ($0.25)
Seat 6: 84aa3897 folded before Flop (didn't bet)


