Poker Hand #HD1726039291: Hold'em No Limit ($0.02/$0.05) - 2024/04/11 19:30:38
Table 'NLHBlue70' 6-max Seat #6 is the button
Seat 1: 60241c66 ($10.21 in chips)
Seat 2: 8aa56176 ($6.48 in chips)
Seat 3: a9f30d4b ($5.42 in chips)
Seat 4: Hero ($5.64 in chips)
Seat 6: 83f49570 ($4.2 in chips)
60241c66: posts small blind $0.02
8aa56176: posts big blind $0.05
*** HOLE CARDS ***
Dealt to 60241c66 
Dealt to 8aa56176 
Dealt to a9f30d4b 
Dealt to Hero [3h 5h]
Dealt to 83f49570 
a9f30d4b: folds
Hero: folds
83f49570: raises $0.1 to $0.15
60241c66: folds
8aa56176: folds
Uncalled bet ($0.1) returned to 83f49570
*** SHOWDOWN ***
83f49570 collected $0.12 from pot
*** SUMMARY ***
Total pot $0.12 | Rake $0 | Jackpot $0 | Bingo $0 | Fortune $0 | Tax $0
Seat 1: 60241c66 (small blind) folded before Flop
Seat 2: 8aa56176 (big blind) folded before Flop
Seat 3: a9f30d4b folded before Flop (didn't bet)
Seat 4: Hero folded before Flop (didn't bet)
Seat 6: 83f49570 (button) collected ($0.12)


Poker Hand #HD1726039234: Hold'em No Limit ($0.02/$0.05) - 2024/04/11 19:30:18
Table 'NLHBlue70' 6-max Seat #4 is the button
Seat 1: 60241c66 ($10.26 in chips)
Seat 2: 8aa56176 ($6.48 in chips)
Seat 3: a9f30d4b ($5.35 in chips)
Seat 4: Hero ($5.64 in chips)
Seat 6: 83f49570 ($4.22 in chips)
83f49570: posts small blind $0.02
60241c66: posts big blind $0.05
*** HOLE CARDS ***
Dealt to 60241c66 
Dealt to 8aa56176 
Dealt to a9f30d4b 
Dealt to Hero [5h As]
Dealt to 83f49570 
8aa56176: folds
a9f30d4b: calls $0.05
Hero: folds
83f49570: folds
60241c66: checks
*** FLOP *** [6d Ts Ah]
60241c66: checks
a9f30d4b: bets $0.05
60241c66: folds
Uncalled bet ($0.05) returned to a9f30d4b
*** SHOWDOWN ***
a9f30d4b collected $0.12 from pot
*** SUMMARY ***
Total pot $0.12 | Rake $0 | Jackpot $0 | Bingo $0 | Fortune $0 | Tax $0
Board [6d Ts Ah]
Seat 1: 60241c66 (big blind) folded on the Flop
Seat 2: 8aa56176 folded before Flop (didn't bet)
Seat 3: a9f30d4b won ($0.12)
Seat 4: Hero (button) folded before Flop (didn't bet)
Seat 6: 83f49570 (small blind) folded before Flop


Poker Hand #HD1726039197: Hold'em No Limit ($0.02/$0.05) - 2024/04/11 19:30:02
Table 'NLHBlue70' 6-max Seat #3 is the button
Seat 1: 60241c66 ($10.26 in chips)
Seat 2: 8aa56176 ($6.48 in chips)
Seat 3: a9f30d4b ($5.35 in chips)
Seat 4: Hero ($5.59 in chips)
Seat 6: 83f49570 ($4.27 in chips)
Hero: posts small blind $0.02
83f49570: posts big blind $0.05
*** HOLE CARDS ***
Dealt to 60241c66 
Dealt to 8aa56176 
Dealt to a9f30d4b 
Dealt to Hero [Js 8s]
Dealt to 83f49570 
60241c66: folds
8aa56176: folds
a9f30d4b: folds
Hero: raises $0.1 to $0.15
83f49570: folds
Uncalled bet ($0.1) returned to Hero
*** SHOWDOWN ***
Hero collected $0.1 from pot
*** SUMMARY ***
Total pot $0.1 | Rake $0 | Jackpot $0 | Bingo $0 | Fortune $0 | Tax $0
Seat 1: 60241c66 folded before Flop (didn't bet)
Seat 2: 8aa56176 folded before Flop (didn't bet)
Seat 3: a9f30d4b (button) folded before Flop (didn't bet)
Seat 4: Hero (small blind) collected ($0.1)
Seat 6: 83f49570 (big blind) folded before Flop


Poker Hand #HD1726039099: Hold'em No Limit ($0.02/$0.05) - 2024/04/11 19:29:24
Table 'NLHBlue70' 6-max Seat #2 is the button
Seat 1: 60241c66 ($10.12 in chips)
Seat 2: 8aa56176 ($6.48 in chips)
Seat 3: a9f30d4b ($5.37 in chips)
Seat 4: Hero ($5.72 in chips)
Seat 5: 7a90b076 ($4.18 in chips)
a9f30d4b: posts small blind $0.02
Hero: posts big blind $0.05
*** HOLE CARDS ***
Dealt to 60241c66 
Dealt to 8aa56176 
Dealt to a9f30d4b 
Dealt to Hero [7c 8c]
Dealt to 7a90b076 
7a90b076: folds
60241c66: raises $0.08 to $0.13
8aa56176: folds
a9f30d4b: folds
Hero: calls $0.08
*** FLOP *** [As 4s 7s]
Hero: checks
60241c66: bets $0.14
Hero: folds
Uncalled bet ($0.14) returned to 60241c66
*** SHOWDOWN ***
60241c66 collected $0.27 from pot
*** SUMMARY ***
Total pot $0.28 | Rake $0.01 | Jackpot $0 | Bingo $0 | Fortune $0 | Tax $0
Board [As 4s 7s]
Seat 1: 60241c66 won ($0.27)
Seat 2: 8aa56176 (button) folded before Flop (didn't bet)
Seat 3: a9f30d4b (small blind) folded before Flop
Seat 4: Hero (big blind) folded on the Flop
Seat 5: 7a90b076 folded before Flop (didn't bet)


Poker Hand #HD1726038943: Hold'em No Limit ($0.02/$0.05) - 2024/04/11 19:28:25
Table 'NLHBlue70' 6-max Seat #1 is the button
Seat 1: 60241c66 ($9.36 in chips)
Seat 2: 8aa56176 ($6.5 in chips)
Seat 3: a9f30d4b ($5.42 in chips)
Seat 4: Hero ($5.72 in chips)
Seat 5: 7a90b076 ($5 in chips)
8aa56176: posts small blind $0.02
a9f30d4b: posts big blind $0.05
7a90b076: posts big blind $0.05
*** HOLE CARDS ***
Dealt to 60241c66 
Dealt to 8aa56176 
Dealt to a9f30d4b 
Dealt to Hero [8h Td]
Dealt to 7a90b076 
Hero: folds
7a90b076: checks
60241c66: raises $0.17 to $0.22
8aa56176: folds
a9f30d4b: folds
7a90b076: calls $0.17
*** FLOP *** [4h 9c 5d]
7a90b076: bets $0.26
60241c66: calls $0.26
*** TURN *** [4h 9c 5d] [7d]
7a90b076: bets $0.34
60241c66: calls $0.34
*** RIVER *** [4h 9c 5d 7d] [Jd]
7a90b076: checks
60241c66: checks
7a90b076: shows [7h 6d] (Pair of Sevens)
60241c66: shows [As Ac] (Pair of Aces)
*** SHOWDOWN ***
60241c66 collected $1.58 from pot
*** SUMMARY ***
Total pot $1.71 | Rake $0.08 | Jackpot $0.05 | Bingo $0 | Fortune $0 | Tax $0
Board [4h 9c 5d 7d Jd]
Seat 1: 60241c66 (button) showed [As Ac] and won ($1.58) with Pair of Aces
Seat 2: 8aa56176 (small blind) folded before Flop
Seat 3: a9f30d4b (big blind) folded before Flop
Seat 4: Hero folded before Flop (didn't bet)
Seat 5: 7a90b076 showed [7h 6d] and lost with Pair of Sevens


Poker Hand #HD1726038832: Hold'em No Limit ($0.02/$0.05) - 2024/04/11 19:27:43
Table 'NLHBlue70' 6-max Seat #4 is the button
Seat 1: 60241c66 ($9.38 in chips)
Seat 2: 8aa56176 ($6.55 in chips)
Seat 3: a9f30d4b ($5.35 in chips)
Seat 4: Hero ($5.72 in chips)
60241c66: posts small blind $0.02
8aa56176: posts big blind $0.05
*** HOLE CARDS ***
Dealt to 60241c66 
Dealt to 8aa56176 
Dealt to a9f30d4b 
Dealt to Hero [Td 5s]
a9f30d4b: raises $0.1 to $0.15
Hero: folds
60241c66: folds
8aa56176: folds
Uncalled bet ($0.1) returned to a9f30d4b
*** SHOWDOWN ***
a9f30d4b collected $0.12 from pot
*** SUMMARY ***
Total pot $0.12 | Rake $0 | Jackpot $0 | Bingo $0 | Fortune $0 | Tax $0
Seat 1: 60241c66 (small blind) folded before Flop
Seat 2: 8aa56176 (big blind) folded before Flop
Seat 3: a9f30d4b collected ($0.12)
Seat 4: Hero (button) folded before Flop (didn't bet)


Poker Hand #HD1726038768: Hold'em No Limit ($0.02/$0.05) - 2024/04/11 19:27:21
Table 'NLHBlue70' 6-max Seat #3 is the button
Seat 1: 60241c66 ($9.43 in chips)
Seat 2: 8aa56176 ($6.48 in chips)
Seat 3: a9f30d4b ($5.35 in chips)
Seat 4: Hero ($5.74 in chips)
Hero: posts small blind $0.02
60241c66: posts big blind $0.05
*** HOLE CARDS ***
Dealt to 60241c66 
Dealt to 8aa56176 
Dealt to a9f30d4b 
Dealt to Hero [5c 3c]
8aa56176: raises $0.08 to $0.13
a9f30d4b: folds
Hero: folds
60241c66: folds
Uncalled bet ($0.08) returned to 8aa56176
*** SHOWDOWN ***
8aa56176 collected $0.12 from pot
*** SUMMARY ***
Total pot $0.12 | Rake $0 | Jackpot $0 | Bingo $0 | Fortune $0 | Tax $0
Seat 1: 60241c66 (big blind) folded before Flop
Seat 2: 8aa56176 collected ($0.12)
Seat 3: a9f30d4b (button) folded before Flop (didn't bet)
Seat 4: Hero (small blind) folded before Flop


Poker Hand #HD1726038656: Hold'em No Limit ($0.02/$0.05) - 2024/04/11 19:26:35
Table 'NLHBlue70' 6-max Seat #2 is the button
Seat 1: 60241c66 ($9.43 in chips)
Seat 2: 8aa56176 ($6.48 in chips)
Seat 3: a9f30d4b ($5.21 in chips)
Seat 4: Hero ($5.79 in chips)
Seat 5: f25c0bc8 ($5.5 in chips)
a9f30d4b: posts small blind $0.02
Hero: posts big blind $0.05
*** HOLE CARDS ***
Dealt to 60241c66 
Dealt to 8aa56176 
Dealt to a9f30d4b 
Dealt to Hero [2d Qs]
Dealt to f25c0bc8 
f25c0bc8: raises $0.05 to $0.1
60241c66: folds
8aa56176: folds
a9f30d4b: calls $0.08
Hero: folds
*** FLOP *** [As Kd Td]
a9f30d4b: checks
f25c0bc8: checks
*** TURN *** [As Kd Td] [Qc]
a9f30d4b: bets $0.13
f25c0bc8: folds
Uncalled bet ($0.13) returned to a9f30d4b
*** SHOWDOWN ***
a9f30d4b collected $0.24 from pot
*** SUMMARY ***
Total pot $0.25 | Rake $0.01 | Jackpot $0 | Bingo $0 | Fortune $0 | Tax $0
Board [As Kd Td Qc]
Seat 1: 60241c66 folded before Flop (didn't bet)
Seat 2: 8aa56176 (button) folded before Flop (didn't bet)
Seat 3: a9f30d4b (small blind) won ($0.24)
Seat 4: Hero (big blind) folded before Flop
Seat 5: f25c0bc8 folded on the Turn


Poker Hand #HD1726038622: Hold'em No Limit ($0.02/$0.05) - 2024/04/11 19:26:26
Table 'NLHBlue70' 6-max Seat #1 is the button
Seat 1: 60241c66 ($9.43 in chips)
Seat 2: 8aa56176 ($6.5 in chips)
Seat 3: a9f30d4b ($5.19 in chips)
Seat 4: Hero ($5.79 in chips)
Seat 5: f25c0bc8 ($5.5 in chips)
8aa56176: posts small blind $0.02
a9f30d4b: posts big blind $0.05
*** HOLE CARDS ***
Dealt to 60241c66 
Dealt to 8aa56176 
Dealt to a9f30d4b 
Dealt to Hero [3h Jc]
Dealt to f25c0bc8 
Hero: folds
f25c0bc8: folds
60241c66: folds
8aa56176: folds
Uncalled bet ($0.03) returned to a9f30d4b
*** SHOWDOWN ***
a9f30d4b collected $0.04 from pot
*** SUMMARY ***
Total pot $0.04 | Rake $0 | Jackpot $0 | Bingo $0 | Fortune $0 | Tax $0
Seat 1: 60241c66 (button) folded before Flop (didn't bet)
Seat 2: 8aa56176 (small blind) folded before Flop
Seat 3: a9f30d4b (big blind) collected ($0.04)
Seat 4: Hero folded before Flop (didn't bet)
Seat 5: f25c0bc8 folded before Flop (didn't bet)


Poker Hand #HD1726038569: Hold'em No Limit ($0.02/$0.05) - 2024/04/11 19:26:01
Table 'NLHBlue70' 6-max Seat #5 is the button
Seat 1: 60241c66 ($9.26 in chips)
Seat 2: 8aa56176 ($6.55 in chips)
Seat 3: a9f30d4b ($5.19 in chips)
Seat 4: Hero ($5.92 in chips)
Seat 5: f25c0bc8 ($5.5 in chips)
60241c66: posts small blind $0.02
8aa56176: posts big blind $0.05
*** HOLE CARDS ***
Dealt to 60241c66 
Dealt to 8aa56176 
Dealt to a9f30d4b 
Dealt to Hero [Ts Ad]
Dealt to f25c0bc8 
a9f30d4b: folds
Hero: raises $0.08 to $0.13
f25c0bc8: folds
60241c66: raises $0.31 to $0.44
8aa56176: folds
Hero: folds
Uncalled bet ($0.31) returned to 60241c66
*** SHOWDOWN ***
60241c66 collected $0.3 from pot
*** SUMMARY ***
Total pot $0.31 | Rake $0.01 | Jackpot $0 | Bingo $0 | Fortune $0 | Tax $0
Seat 1: 60241c66 (small blind) collected ($0.3)
Seat 2: 8aa56176 (big blind) folded before Flop
Seat 3: a9f30d4b folded before Flop (didn't bet)
Seat 4: Hero folded before Flop
Seat 5: f25c0bc8 (button) folded before Flop (didn't bet)


Poker Hand #HD1726038489: Hold'em No Limit ($0.02/$0.05) - 2024/04/11 19:25:31
Table 'NLHBlue70' 6-max Seat #4 is the button
Seat 1: 60241c66 ($9.31 in chips)
Seat 2: 8aa56176 ($6.48 in chips)
Seat 3: a9f30d4b ($5.19 in chips)
Seat 4: Hero ($5.92 in chips)
Seat 5: f25c0bc8 ($5.52 in chips)
f25c0bc8: posts small blind $0.02
60241c66: posts big blind $0.05
*** HOLE CARDS ***
Dealt to 60241c66 
Dealt to 8aa56176 
Dealt to a9f30d4b 
Dealt to Hero [4d 2h]
Dealt to f25c0bc8 
8aa56176: raises $0.08 to $0.13
a9f30d4b: folds
Hero: folds
f25c0bc8: folds
60241c66: folds
Uncalled bet ($0.08) returned to 8aa56176
*** SHOWDOWN ***
8aa56176 collected $0.12 from pot
*** SUMMARY ***
Total pot $0.12 | Rake $0 | Jackpot $0 | Bingo $0 | Fortune $0 | Tax $0
Seat 1: 60241c66 (big blind) folded before Flop
Seat 2: 8aa56176 collected ($0.12)
Seat 3: a9f30d4b folded before Flop (didn't bet)
Seat 4: Hero (button) folded before Flop (didn't bet)
Seat 5: f25c0bc8 (small blind) folded before Flop


Poker Hand #HD1726038400: Hold'em No Limit ($0.02/$0.05) - 2024/04/11 19:24:57
Table 'NLHBlue70' 6-max Seat #3 is the button
Seat 1: 60241c66 ($9.31 in chips)
Seat 2: 8aa56176 ($6.61 in chips)
Seat 3: a9f30d4b ($5.19 in chips)
Seat 4: Hero ($5.94 in chips)
Seat 5: f25c0bc8 ($5.38 in chips)
Hero: posts small blind $0.02
f25c0bc8: posts big blind $0.05
*** HOLE CARDS ***
Dealt to 60241c66 
Dealt to 8aa56176 
Dealt to a9f30d4b 
Dealt to Hero [6d Kh]
Dealt to f25c0bc8 
60241c66: folds
8aa56176: raises $0.08 to $0.13
a9f30d4b: folds
Hero: folds
f25c0bc8: raises $0.37 to $0.5
8aa56176: folds
Uncalled bet ($0.37) returned to f25c0bc8
*** SHOWDOWN ***
f25c0bc8 collected $0.27 from pot
*** SUMMARY ***
Total pot $0.28 | Rake $0.01 | Jackpot $0 | Bingo $0 | Fortune $0 | Tax $0
Seat 1: 60241c66 folded before Flop (didn't bet)
Seat 2: 8aa56176 folded before Flop
Seat 3: a9f30d4b (button) folded before Flop (didn't bet)
Seat 4: Hero (small blind) folded before Flop
Seat 5: f25c0bc8 (big blind) collected ($0.27)


Poker Hand #HD1726038329: Hold'em No Limit ($0.02/$0.05) - 2024/04/11 19:24:29
Table 'NLHBlue70' 6-max Seat #2 is the button
Seat 1: 60241c66 ($9.44 in chips)
Seat 2: 8aa56176 ($6.61 in chips)
Seat 3: a9f30d4b ($5.02 in chips)
Seat 4: Hero ($5.99 in chips)
Seat 5: f25c0bc8 ($5.38 in chips)
a9f30d4b: posts small blind $0.02
Hero: posts big blind $0.05
*** HOLE CARDS ***
Dealt to 60241c66 
Dealt to 8aa56176 
Dealt to a9f30d4b 
Dealt to Hero [2h Ks]
Dealt to f25c0bc8 
f25c0bc8: folds
60241c66: raises $0.08 to $0.13
8aa56176: folds
a9f30d4b: calls $0.11
Hero: folds
*** FLOP *** [9s 8d Ac]
a9f30d4b: checks
60241c66: checks
*** TURN *** [9s 8d Ac] [7s]
a9f30d4b: bets $0.11
60241c66: folds
Uncalled bet ($0.11) returned to a9f30d4b
*** SHOWDOWN ***
a9f30d4b collected $0.3 from pot
*** SUMMARY ***
Total pot $0.31 | Rake $0.01 | Jackpot $0 | Bingo $0 | Fortune $0 | Tax $0
Board [9s 8d Ac 7s]
Seat 1: 60241c66 folded on the Turn
Seat 2: 8aa56176 (button) folded before Flop (didn't bet)
Seat 3: a9f30d4b (small blind) won ($0.3)
Seat 4: Hero (big blind) folded before Flop
Seat 5: f25c0bc8 folded before Flop (didn't bet)


Poker Hand #HD1726038307: Hold'em No Limit ($0.02/$0.05) - 2024/04/11 19:24:20
Table 'NLHBlue70' 6-max Seat #1 is the button
Seat 1: 60241c66 ($9.44 in chips)
Seat 2: 8aa56176 ($6.63 in chips)
Seat 3: a9f30d4b ($5 in chips)
Seat 4: Hero ($5.99 in chips)
Seat 5: f25c0bc8 ($5.38 in chips)
8aa56176: posts small blind $0.02
a9f30d4b: posts big blind $0.05
*** HOLE CARDS ***
Dealt to 60241c66 
Dealt to 8aa56176 
Dealt to a9f30d4b 
Dealt to Hero [Kh 2s]
Dealt to f25c0bc8 
Hero: folds
f25c0bc8: folds
60241c66: folds
8aa56176: folds
Uncalled bet ($0.03) returned to a9f30d4b
*** SHOWDOWN ***
a9f30d4b collected $0.04 from pot
*** SUMMARY ***
Total pot $0.04 | Rake $0 | Jackpot $0 | Bingo $0 | Fortune $0 | Tax $0
Seat 1: 60241c66 (button) folded before Flop (didn't bet)
Seat 2: 8aa56176 (small blind) folded before Flop
Seat 3: a9f30d4b (big blind) collected ($0.04)
Seat 4: Hero folded before Flop (didn't bet)
Seat 5: f25c0bc8 folded before Flop (didn't bet)


Poker Hand #HD1726038264: Hold'em No Limit ($0.02/$0.05) - 2024/04/11 19:24:06
Table 'NLHBlue70' 6-max Seat #5 is the button
Seat 1: 60241c66 ($9.46 in chips)
Seat 2: 8aa56176 ($6.68 in chips)
Seat 4: Hero ($5.99 in chips)
Seat 5: f25c0bc8 ($5.31 in chips)
60241c66: posts small blind $0.02
8aa56176: posts big blind $0.05
*** HOLE CARDS ***
Dealt to 60241c66 
Dealt to 8aa56176 
Dealt to Hero [3s Tc]
Dealt to f25c0bc8 
Hero: folds
f25c0bc8: raises $0.08 to $0.13
60241c66: folds
8aa56176: folds
Uncalled bet ($0.08) returned to f25c0bc8
*** SHOWDOWN ***
f25c0bc8 collected $0.12 from pot
*** SUMMARY ***
Total pot $0.12 | Rake $0 | Jackpot $0 | Bingo $0 | Fortune $0 | Tax $0
Seat 1: 60241c66 (small blind) folded before Flop
Seat 2: 8aa56176 (big blind) folded before Flop
Seat 4: Hero folded before Flop (didn't bet)
Seat 5: f25c0bc8 (button) collected ($0.12)


Poker Hand #HD1726038224: Hold'em No Limit ($0.02/$0.05) - 2024/04/11 19:23:53
Table 'NLHBlue70' 6-max Seat #4 is the button
Seat 1: 60241c66 ($9.51 in chips)
Seat 2: 8aa56176 ($6.68 in chips)
Seat 4: Hero ($5.99 in chips)
Seat 5: f25c0bc8 ($5.26 in chips)
f25c0bc8: posts small blind $0.02
60241c66: posts big blind $0.05
*** HOLE CARDS ***
Dealt to 60241c66 
Dealt to 8aa56176 
Dealt to Hero [9c 4d]
Dealt to f25c0bc8 
8aa56176: folds
Hero: folds
f25c0bc8: raises $0.1 to $0.15
60241c66: folds
Uncalled bet ($0.1) returned to f25c0bc8
*** SHOWDOWN ***
f25c0bc8 collected $0.1 from pot
*** SUMMARY ***
Total pot $0.1 | Rake $0 | Jackpot $0 | Bingo $0 | Fortune $0 | Tax $0
Seat 1: 60241c66 (big blind) folded before Flop
Seat 2: 8aa56176 folded before Flop (didn't bet)
Seat 4: Hero (button) folded before Flop (didn't bet)
Seat 5: f25c0bc8 (small blind) collected ($0.1)


Poker Hand #HD1726038171: Hold'em No Limit ($0.02/$0.05) - 2024/04/11 19:23:31
Table 'NLHBlue70' 6-max Seat #3 is the button
Seat 2: 8aa56176 ($6.61 in chips)
Seat 3: e63e5686 ($5.55 in chips)
Seat 4: Hero ($6.01 in chips)
Seat 5: f25c0bc8 ($5.31 in chips)
Hero: posts small blind $0.02
f25c0bc8: posts big blind $0.05
*** HOLE CARDS ***
Dealt to 8aa56176 
Dealt to e63e5686 
Dealt to Hero [6d 9h]
Dealt to f25c0bc8 
8aa56176: raises $0.08 to $0.13
e63e5686: folds
Hero: folds
f25c0bc8: folds
Uncalled bet ($0.08) returned to 8aa56176
*** SHOWDOWN ***
8aa56176 collected $0.12 from pot
*** SUMMARY ***
Total pot $0.12 | Rake $0 | Jackpot $0 | Bingo $0 | Fortune $0 | Tax $0
Seat 2: 8aa56176 collected ($0.12)
Seat 3: e63e5686 (button) folded before Flop (didn't bet)
Seat 4: Hero (small blind) folded before Flop
Seat 5: f25c0bc8 (big blind) folded before Flop


Poker Hand #HD1726038129: Hold'em No Limit ($0.02/$0.05) - 2024/04/11 19:23:17
Table 'NLHBlue70' 6-max Seat #2 is the button
Seat 2: 8aa56176 ($6.54 in chips)
Seat 3: e63e5686 ($5.57 in chips)
Seat 4: Hero ($6.06 in chips)
Seat 5: f25c0bc8 ($5.31 in chips)
e63e5686: posts small blind $0.02
Hero: posts big blind $0.05
*** HOLE CARDS ***
Dealt to 8aa56176 
Dealt to e63e5686 
Dealt to Hero [2s 6h]
Dealt to f25c0bc8 
f25c0bc8: folds
8aa56176: raises $0.1 to $0.15
e63e5686: folds
Hero: folds
Uncalled bet ($0.1) returned to 8aa56176
*** SHOWDOWN ***
8aa56176 collected $0.12 from pot
*** SUMMARY ***
Total pot $0.12 | Rake $0 | Jackpot $0 | Bingo $0 | Fortune $0 | Tax $0
Seat 2: 8aa56176 (button) collected ($0.12)
Seat 3: e63e5686 (small blind) folded before Flop
Seat 4: Hero (big blind) folded before Flop
Seat 5: f25c0bc8 folded before Flop (didn't bet)


Poker Hand #HD1726038064: Hold'em No Limit ($0.02/$0.05) - 2024/04/11 19:22:51
Table 'NLHBlue70' 6-max Seat #5 is the button
Seat 2: 8aa56176 ($6.69 in chips)
Seat 3: e63e5686 ($5.43 in chips)
Seat 4: Hero ($6.06 in chips)
Seat 5: f25c0bc8 ($5.31 in chips)
8aa56176: posts small blind $0.02
e63e5686: posts big blind $0.05
*** HOLE CARDS ***
Dealt to 8aa56176 
Dealt to e63e5686 
Dealt to Hero [2d 6c]
Dealt to f25c0bc8 
Hero: folds
f25c0bc8: folds
8aa56176: raises $0.1 to $0.15
e63e5686: calls $0.1
*** FLOP *** [Qs 9h 2s]
8aa56176: checks
e63e5686: bets $0.23
8aa56176: folds
Uncalled bet ($0.23) returned to e63e5686
*** SHOWDOWN ***
e63e5686 collected $0.29 from pot
*** SUMMARY ***
Total pot $0.3 | Rake $0.01 | Jackpot $0 | Bingo $0 | Fortune $0 | Tax $0
Board [Qs 9h 2s]
Seat 2: 8aa56176 (small blind) folded on the Flop
Seat 3: e63e5686 (big blind) won ($0.29)
Seat 4: Hero folded before Flop (didn't bet)
Seat 5: f25c0bc8 (button) folded before Flop (didn't bet)


Poker Hand #HD1726038015: Hold'em No Limit ($0.02/$0.05) - 2024/04/11 19:22:36
Table 'NLHBlue70' 6-max Seat #4 is the button
Seat 2: 8aa56176 ($6.74 in chips)
Seat 3: e63e5686 ($5.43 in chips)
Seat 4: Hero ($5.99 in chips)
Seat 5: f25c0bc8 ($5.33 in chips)
f25c0bc8: posts small blind $0.02
8aa56176: posts big blind $0.05
*** HOLE CARDS ***
Dealt to 8aa56176 
Dealt to e63e5686 
Dealt to Hero [Qc 9c]
Dealt to f25c0bc8 
e63e5686: folds
Hero: raises $0.08 to $0.13
f25c0bc8: folds
8aa56176: folds
Uncalled bet ($0.08) returned to Hero
*** SHOWDOWN ***
Hero collected $0.12 from pot
*** SUMMARY ***
Total pot $0.12 | Rake $0 | Jackpot $0 | Bingo $0 | Fortune $0 | Tax $0
Seat 2: 8aa56176 (big blind) folded before Flop
Seat 3: e63e5686 folded before Flop (didn't bet)
Seat 4: Hero (button) collected ($0.12)
Seat 5: f25c0bc8 (small blind) folded before Flop


Poker Hand #HD1726037994: Hold'em No Limit ($0.02/$0.05) - 2024/04/11 19:22:27
Table 'NLHBlue70' 6-max Seat #3 is the button
Seat 2: 8aa56176 ($6.74 in chips)
Seat 3: e63e5686 ($5.43 in chips)
Seat 4: Hero ($6.01 in chips)
Seat 5: f25c0bc8 ($5.31 in chips)
Seat 6: 83f49570 ($4.27 in chips)
Hero: posts small blind $0.02
f25c0bc8: posts big blind $0.05
*** HOLE CARDS ***
Dealt to 8aa56176 
Dealt to e63e5686 
Dealt to Hero [7s 6h]
Dealt to f25c0bc8 
Dealt to 83f49570 
83f49570: folds
8aa56176: folds
e63e5686: folds
Hero: folds
Uncalled bet ($0.03) returned to f25c0bc8
*** SHOWDOWN ***
f25c0bc8 collected $0.04 from pot
*** SUMMARY ***
Total pot $0.04 | Rake $0 | Jackpot $0 | Bingo $0 | Fortune $0 | Tax $0
Seat 2: 8aa56176 folded before Flop (didn't bet)
Seat 3: e63e5686 (button) folded before Flop (didn't bet)
Seat 4: Hero (small blind) folded before Flop
Seat 5: f25c0bc8 (big blind) collected ($0.04)
Seat 6: 83f49570 folded before Flop (didn't bet)


Poker Hand #HD1726037972: Hold'em No Limit ($0.02/$0.05) - 2024/04/11 19:22:18
Table 'NLHBlue70' 6-max Seat #2 is the button
Seat 2: 8aa56176 ($6.74 in chips)
Seat 3: e63e5686 ($5.45 in chips)
Seat 4: Hero ($5.99 in chips)
Seat 5: f25c0bc8 ($5.31 in chips)
Seat 6: 83f49570 ($4.27 in chips)
e63e5686: posts small blind $0.02
Hero: posts big blind $0.05
*** HOLE CARDS ***
Dealt to 8aa56176 
Dealt to e63e5686 
Dealt to Hero [Qc 7c]
Dealt to f25c0bc8 
Dealt to 83f49570 
f25c0bc8: folds
83f49570: folds
8aa56176: folds
e63e5686: folds
Uncalled bet ($0.03) returned to Hero
*** SHOWDOWN ***
Hero collected $0.04 from pot
*** SUMMARY ***
Total pot $0.04 | Rake $0 | Jackpot $0 | Bingo $0 | Fortune $0 | Tax $0
Seat 2: 8aa56176 (button) folded before Flop (didn't bet)
Seat 3: e63e5686 (small blind) folded before Flop
Seat 4: Hero (big blind) collected ($0.04)
Seat 5: f25c0bc8 folded before Flop (didn't bet)
Seat 6: 83f49570 folded before Flop (didn't bet)


Poker Hand #HD1726037941: Hold'em No Limit ($0.02/$0.05) - 2024/04/11 19:22:06
Table 'NLHBlue70' 6-max Seat #6 is the button
Seat 2: 8aa56176 ($6.76 in chips)
Seat 3: e63e5686 ($5.43 in chips)
Seat 4: Hero ($5.99 in chips)
Seat 5: f25c0bc8 ($5.31 in chips)
Seat 6: 83f49570 ($4.27 in chips)
8aa56176: posts small blind $0.02
e63e5686: posts big blind $0.05
*** HOLE CARDS ***
Dealt to 8aa56176 
Dealt to e63e5686 
Dealt to Hero [Jd 7d]
Dealt to f25c0bc8 
Dealt to 83f49570 
Hero: folds
f25c0bc8: folds
83f49570: folds
8aa56176: folds
Uncalled bet ($0.03) returned to e63e5686
*** SHOWDOWN ***
e63e5686 collected $0.04 from pot
*** SUMMARY ***
Total pot $0.04 | Rake $0 | Jackpot $0 | Bingo $0 | Fortune $0 | Tax $0
Seat 2: 8aa56176 (small blind) folded before Flop
Seat 3: e63e5686 (big blind) collected ($0.04)
Seat 4: Hero folded before Flop (didn't bet)
Seat 5: f25c0bc8 folded before Flop (didn't bet)
Seat 6: 83f49570 (button) folded before Flop (didn't bet)


Poker Hand #HD1726037851: Hold'em No Limit ($0.02/$0.05) - 2024/04/11 19:21:34
Table 'NLHBlue70' 6-max Seat #5 is the button
Seat 2: 8aa56176 ($6.62 in chips)
Seat 3: e63e5686 ($5.43 in chips)
Seat 4: Hero ($5.99 in chips)
Seat 5: f25c0bc8 ($5.44 in chips)
Seat 6: 83f49570 ($4.29 in chips)
83f49570: posts small blind $0.02
8aa56176: posts big blind $0.05
*** HOLE CARDS ***
Dealt to 8aa56176 
Dealt to e63e5686 
Dealt to Hero [5s Qd]
Dealt to f25c0bc8 
Dealt to 83f49570 
e63e5686: folds
Hero: folds
f25c0bc8: raises $0.08 to $0.13
83f49570: folds
8aa56176: raises $0.42 to $0.55
f25c0bc8: folds
Uncalled bet ($0.42) returned to 8aa56176
*** SHOWDOWN ***
8aa56176 collected $0.27 from pot
*** SUMMARY ***
Total pot $0.28 | Rake $0.01 | Jackpot $0 | Bingo $0 | Fortune $0 | Tax $0
Seat 2: 8aa56176 (big blind) collected ($0.27)
Seat 3: e63e5686 folded before Flop (didn't bet)
Seat 4: Hero folded before Flop (didn't bet)
Seat 5: f25c0bc8 (button) folded before Flop
Seat 6: 83f49570 (small blind) folded before Flop


Poker Hand #HD1726037801: Hold'em No Limit ($0.02/$0.05) - 2024/04/11 19:21:14
Table 'NLHBlue70' 6-max Seat #4 is the button
Seat 2: 8aa56176 ($6.62 in chips)
Seat 3: e63e5686 ($5.36 in chips)
Seat 4: Hero ($5.99 in chips)
Seat 5: f25c0bc8 ($5.46 in chips)
Seat 6: 83f49570 ($4.34 in chips)
f25c0bc8: posts small blind $0.02
83f49570: posts big blind $0.05
*** HOLE CARDS ***
Dealt to 8aa56176 
Dealt to e63e5686 
Dealt to Hero [6c 5s]
Dealt to f25c0bc8 
Dealt to 83f49570 
8aa56176: folds
e63e5686: raises $0.05 to $0.1
Hero: folds
f25c0bc8: folds
83f49570: folds
Uncalled bet ($0.05) returned to e63e5686
*** SHOWDOWN ***
e63e5686 collected $0.12 from pot
*** SUMMARY ***
Total pot $0.12 | Rake $0 | Jackpot $0 | Bingo $0 | Fortune $0 | Tax $0
Seat 2: 8aa56176 folded before Flop (didn't bet)
Seat 3: e63e5686 collected ($0.12)
Seat 4: Hero (button) folded before Flop (didn't bet)
Seat 5: f25c0bc8 (small blind) folded before Flop
Seat 6: 83f49570 (big blind) folded before Flop


Poker Hand #HD1726037757: Hold'em No Limit ($0.02/$0.05) - 2024/04/11 19:21:00
Table 'NLHBlue70' 6-max Seat #3 is the button
Seat 2: 8aa56176 ($6.62 in chips)
Seat 3: e63e5686 ($5.29 in chips)
Seat 4: Hero ($6.01 in chips)
Seat 5: f25c0bc8 ($5.51 in chips)
Seat 6: 83f49570 ($4.34 in chips)
Hero: posts small blind $0.02
f25c0bc8: posts big blind $0.05
*** HOLE CARDS ***
Dealt to 8aa56176 
Dealt to e63e5686 
Dealt to Hero [7d 2s]
Dealt to f25c0bc8 
Dealt to 83f49570 
83f49570: folds
8aa56176: folds
e63e5686: raises $0.05 to $0.1
Hero: folds
f25c0bc8: folds
Uncalled bet ($0.05) returned to e63e5686
*** SHOWDOWN ***
e63e5686 collected $0.12 from pot
*** SUMMARY ***
Total pot $0.12 | Rake $0 | Jackpot $0 | Bingo $0 | Fortune $0 | Tax $0
Seat 2: 8aa56176 folded before Flop (didn't bet)
Seat 3: e63e5686 (button) collected ($0.12)
Seat 4: Hero (small blind) folded before Flop
Seat 5: f25c0bc8 (big blind) folded before Flop
Seat 6: 83f49570 folded before Flop (didn't bet)


Poker Hand #HD1726037703: Hold'em No Limit ($0.02/$0.05) - 2024/04/11 19:20:38
Table 'NLHBlue70' 6-max Seat #2 is the button
Seat 1: 60241c66 ($9.51 in chips)
Seat 2: 8aa56176 ($6.62 in chips)
Seat 3: e63e5686 ($5.31 in chips)
Seat 4: Hero ($5.99 in chips)
Seat 5: f25c0bc8 ($5.51 in chips)
Seat 6: 83f49570 ($4.34 in chips)
e63e5686: posts small blind $0.02
Hero: posts big blind $0.05
*** HOLE CARDS ***
Dealt to 60241c66 
Dealt to 8aa56176 
Dealt to e63e5686 
Dealt to Hero [7s Ks]
Dealt to f25c0bc8 
Dealt to 83f49570 
f25c0bc8: folds
83f49570: folds
60241c66: folds
8aa56176: folds
e63e5686: folds
Uncalled bet ($0.03) returned to Hero
*** SHOWDOWN ***
Hero collected $0.04 from pot
*** SUMMARY ***
Total pot $0.04 | Rake $0 | Jackpot $0 | Bingo $0 | Fortune $0 | Tax $0
Seat 1: 60241c66 folded before Flop (didn't bet)
Seat 2: 8aa56176 (button) folded before Flop (didn't bet)
Seat 3: e63e5686 (small blind) folded before Flop
Seat 4: Hero (big blind) collected ($0.04)
Seat 5: f25c0bc8 folded before Flop (didn't bet)
Seat 6: 83f49570 folded before Flop (didn't bet)


Poker Hand #HD1726037590: Hold'em No Limit ($0.02/$0.05) - 2024/04/11 19:19:53
Table 'NLHBlue70' 6-max Seat #1 is the button
Seat 1: 60241c66 ($9.51 in chips)
Seat 2: 8aa56176 ($6.48 in chips)
Seat 3: e63e5686 ($5.36 in chips)
Seat 4: Hero ($6.09 in chips)
Seat 5: f25c0bc8 ($5.51 in chips)
Seat 6: 83f49570 ($4.34 in chips)
8aa56176: posts small blind $0.02
e63e5686: posts big blind $0.05
*** HOLE CARDS ***
Dealt to 60241c66 
Dealt to 8aa56176 
Dealt to e63e5686 
Dealt to Hero [Qs Jd]
Dealt to f25c0bc8 
Dealt to 83f49570 
Hero: raises $0.05 to $0.1
f25c0bc8: folds
83f49570: folds
60241c66: folds
8aa56176: raises $0.4 to $0.5
e63e5686: folds
Hero: folds
Uncalled bet ($0.4) returned to 8aa56176
*** SHOWDOWN ***
8aa56176 collected $0.24 from pot
*** SUMMARY ***
Total pot $0.25 | Rake $0.01 | Jackpot $0 | Bingo $0 | Fortune $0 | Tax $0
Seat 1: 60241c66 (button) folded before Flop (didn't bet)
Seat 2: 8aa56176 (small blind) collected ($0.24)
Seat 3: e63e5686 (big blind) folded before Flop
Seat 4: Hero folded before Flop
Seat 5: f25c0bc8 folded before Flop (didn't bet)
Seat 6: 83f49570 folded before Flop (didn't bet)


Poker Hand #HD1726037492: Hold'em No Limit ($0.02/$0.05) - 2024/04/11 19:19:17
Table 'NLHBlue70' 6-max Seat #6 is the button
Seat 1: 60241c66 ($9.53 in chips)
Seat 2: 8aa56176 ($6.63 in chips)
Seat 3: e63e5686 ($5.36 in chips)
Seat 4: Hero ($6.09 in chips)
Seat 5: f25c0bc8 ($5.51 in chips)
Seat 6: 83f49570 ($4.18 in chips)
60241c66: posts small blind $0.02
8aa56176: posts big blind $0.05
*** HOLE CARDS ***
Dealt to 60241c66 
Dealt to 8aa56176 
Dealt to e63e5686 
Dealt to Hero [Ts 4h]
Dealt to f25c0bc8 
Dealt to 83f49570 
e63e5686: folds
Hero: folds
f25c0bc8: folds
83f49570: raises $0.1 to $0.15
60241c66: folds
8aa56176: calls $0.1
*** FLOP *** [9c 4s Jh]
8aa56176: checks
83f49570: bets $0.16
8aa56176: folds
Uncalled bet ($0.16) returned to 83f49570
*** SHOWDOWN ***
83f49570 collected $0.31 from pot
*** SUMMARY ***
Total pot $0.32 | Rake $0.01 | Jackpot $0 | Bingo $0 | Fortune $0 | Tax $0
Board [9c 4s Jh]
Seat 1: 60241c66 (small blind) folded before Flop
Seat 2: 8aa56176 (big blind) folded on the Flop
Seat 3: e63e5686 folded before Flop (didn't bet)
Seat 4: Hero folded before Flop (didn't bet)
Seat 5: f25c0bc8 folded before Flop (didn't bet)
Seat 6: 83f49570 (button) won ($0.31)


Poker Hand #HD1726037462: Hold'em No Limit ($0.02/$0.05) - 2024/04/11 19:19:05
Table 'NLHBlue70' 6-max Seat #5 is the button
Seat 1: 60241c66 ($9.51 in chips)
Seat 2: 8aa56176 ($6.63 in chips)
Seat 3: e63e5686 ($5.36 in chips)
Seat 4: Hero ($6.09 in chips)
Seat 5: f25c0bc8 ($5.51 in chips)
Seat 6: 83f49570 ($4.2 in chips)
83f49570: posts small blind $0.02
60241c66: posts big blind $0.05
*** HOLE CARDS ***
Dealt to 60241c66 
Dealt to 8aa56176 
Dealt to e63e5686 
Dealt to Hero [4d Th]
Dealt to f25c0bc8 
Dealt to 83f49570 
8aa56176: folds
e63e5686: folds
Hero: folds
f25c0bc8: folds
83f49570: folds
Uncalled bet ($0.03) returned to 60241c66
*** SHOWDOWN ***
60241c66 collected $0.04 from pot
*** SUMMARY ***
Total pot $0.04 | Rake $0 | Jackpot $0 | Bingo $0 | Fortune $0 | Tax $0
Seat 1: 60241c66 (big blind) collected ($0.04)
Seat 2: 8aa56176 folded before Flop (didn't bet)
Seat 3: e63e5686 folded before Flop (didn't bet)
Seat 4: Hero folded before Flop (didn't bet)
Seat 5: f25c0bc8 (button) folded before Flop (didn't bet)
Seat 6: 83f49570 (small blind) folded before Flop


Poker Hand #HD1726037398: Hold'em No Limit ($0.02/$0.05) - 2024/04/11 19:18:42
Table 'NLHBlue70' 6-max Seat #4 is the button
Seat 2: 8aa56176 ($6.63 in chips)
Seat 3: e63e5686 ($5.36 in chips)
Seat 4: Hero ($6.02 in chips)
Seat 5: f25c0bc8 ($5.53 in chips)
Seat 6: 83f49570 ($4.25 in chips)
f25c0bc8: posts small blind $0.02
83f49570: posts big blind $0.05
*** HOLE CARDS ***
Dealt to 8aa56176 
Dealt to e63e5686 
Dealt to Hero [Ks Js]
Dealt to f25c0bc8 
Dealt to 83f49570 
8aa56176: folds
e63e5686: folds
Hero: raises $0.08 to $0.13
f25c0bc8: folds
83f49570: folds
Uncalled bet ($0.08) returned to Hero
*** SHOWDOWN ***
Hero collected $0.12 from pot
*** SUMMARY ***
Total pot $0.12 | Rake $0 | Jackpot $0 | Bingo $0 | Fortune $0 | Tax $0
Seat 2: 8aa56176 folded before Flop (didn't bet)
Seat 3: e63e5686 folded before Flop (didn't bet)
Seat 4: Hero (button) collected ($0.12)
Seat 5: f25c0bc8 (small blind) folded before Flop
Seat 6: 83f49570 (big blind) folded before Flop


Poker Hand #HD1726037224: Hold'em No Limit ($0.02/$0.05) - 2024/04/11 19:17:31
Table 'NLHBlue70' 6-max Seat #3 is the button
Seat 2: 8aa56176 ($6.63 in chips)
Seat 3: e63e5686 ($5.36 in chips)
Seat 4: Hero ($5.75 in chips)
Seat 5: f25c0bc8 ($5.83 in chips)
Seat 6: 83f49570 ($4.25 in chips)
Hero: posts small blind $0.02
f25c0bc8: posts big blind $0.05
*** HOLE CARDS ***
Dealt to 8aa56176 
Dealt to e63e5686 
Dealt to Hero [Th 5h]
Dealt to f25c0bc8 
Dealt to 83f49570 
83f49570: folds
8aa56176: folds
e63e5686: folds
Hero: raises $0.1 to $0.15
f25c0bc8: calls $0.1
*** FLOP *** [As 7c Ac]
Hero: checks
f25c0bc8: checks
*** TURN *** [As 7c Ac] [7s]
Hero: bets $0.15
f25c0bc8: calls $0.15
*** RIVER *** [As 7c Ac 7s] [3d]
Hero: bets $0.35
f25c0bc8: folds
Uncalled bet ($0.35) returned to Hero
*** SHOWDOWN ***
Hero collected $0.57 from pot
*** SUMMARY ***
Total pot $0.6 | Rake $0.03 | Jackpot $0 | Bingo $0 | Fortune $0 | Tax $0
Board [As 7c Ac 7s 3d]
Seat 2: 8aa56176 folded before Flop (didn't bet)
Seat 3: e63e5686 (button) folded before Flop (didn't bet)
Seat 4: Hero (small blind) won ($0.57)
Seat 5: f25c0bc8 (big blind) folded on the River
Seat 6: 83f49570 folded before Flop (didn't bet)


Poker Hand #HD1726037154: Hold'em No Limit ($0.02/$0.05) - 2024/04/11 19:17:07
Table 'NLHBlue70' 6-max Seat #2 is the button
Seat 2: 8aa56176 ($6.78 in chips)
Seat 3: e63e5686 ($5.38 in chips)
Seat 4: Hero ($5.59 in chips)
Seat 5: f25c0bc8 ($5.83 in chips)
Seat 6: 83f49570 ($4.25 in chips)
e63e5686: posts small blind $0.02
Hero: posts big blind $0.05
*** HOLE CARDS ***
Dealt to 8aa56176 
Dealt to e63e5686 
Dealt to Hero [Ts As]
Dealt to f25c0bc8 
Dealt to 83f49570 
f25c0bc8: folds
83f49570: folds
8aa56176: raises $0.1 to $0.15
e63e5686: folds
Hero: raises $0.35 to $0.5
8aa56176: folds
Uncalled bet ($0.35) returned to Hero
*** SHOWDOWN ***
Hero collected $0.31 from pot
*** SUMMARY ***
Total pot $0.32 | Rake $0.01 | Jackpot $0 | Bingo $0 | Fortune $0 | Tax $0
Seat 2: 8aa56176 (button) folded before Flop
Seat 3: e63e5686 (small blind) folded before Flop
Seat 4: Hero (big blind) collected ($0.31)
Seat 5: f25c0bc8 folded before Flop (didn't bet)
Seat 6: 83f49570 folded before Flop (didn't bet)


Poker Hand #HD1726037017: Hold'em No Limit ($0.02/$0.05) - 2024/04/11 19:16:07
Table 'NLHBlue70' 6-max Seat #6 is the button
Seat 2: 8aa56176 ($6.8 in chips)
Seat 3: e63e5686 ($5.61 in chips)
Seat 4: Hero ($5.59 in chips)
Seat 5: f25c0bc8 ($5.6 in chips)
Seat 6: 83f49570 ($4.25 in chips)
8aa56176: posts small blind $0.02
e63e5686: posts big blind $0.05
*** HOLE CARDS ***
Dealt to 8aa56176 
Dealt to e63e5686 
Dealt to Hero [Ks 7c]
Dealt to f25c0bc8 
Dealt to 83f49570 
Hero: folds
f25c0bc8: raises $0.08 to $0.13
83f49570: folds
8aa56176: folds
e63e5686: calls $0.08
*** FLOP *** [6c 3h As]
e63e5686: checks
f25c0bc8: bets $0.1
e63e5686: calls $0.1
*** TURN *** [6c 3h As] [Ts]
e63e5686: checks
f25c0bc8: bets $0.36
e63e5686: folds
Uncalled bet ($0.36) returned to f25c0bc8
*** SHOWDOWN ***
f25c0bc8 collected $0.46 from pot
*** SUMMARY ***
Total pot $0.48 | Rake $0.02 | Jackpot $0 | Bingo $0 | Fortune $0 | Tax $0
Board [6c 3h As Ts]
Seat 2: 8aa56176 (small blind) folded before Flop
Seat 3: e63e5686 (big blind) folded on the Turn
Seat 4: Hero folded before Flop (didn't bet)
Seat 5: f25c0bc8 won ($0.46)
Seat 6: 83f49570 (button) folded before Flop (didn't bet)


Poker Hand #HD1726036989: Hold'em No Limit ($0.02/$0.05) - 2024/04/11 19:15:56
Table 'NLHBlue70' 6-max Seat #5 is the button
Seat 2: 8aa56176 ($6.85 in chips)
Seat 3: e63e5686 ($5.61 in chips)
Seat 4: Hero ($5.59 in chips)
Seat 5: f25c0bc8 ($5.53 in chips)
Seat 6: 83f49570 ($4.27 in chips)
83f49570: posts small blind $0.02
8aa56176: posts big blind $0.05
*** HOLE CARDS ***
Dealt to 8aa56176 
Dealt to e63e5686 
Dealt to Hero [Js 6s]
Dealt to f25c0bc8 
Dealt to 83f49570 
e63e5686: folds
Hero: folds
f25c0bc8: raises $0.08 to $0.13
83f49570: folds
8aa56176: folds
Uncalled bet ($0.08) returned to f25c0bc8
*** SHOWDOWN ***
f25c0bc8 collected $0.12 from pot
*** SUMMARY ***
Total pot $0.12 | Rake $0 | Jackpot $0 | Bingo $0 | Fortune $0 | Tax $0
Seat 2: 8aa56176 (big blind) folded before Flop
Seat 3: e63e5686 folded before Flop (didn't bet)
Seat 4: Hero folded before Flop (didn't bet)
Seat 5: f25c0bc8 (button) collected ($0.12)
Seat 6: 83f49570 (small blind) folded before Flop


Poker Hand #HD1726036905: Hold'em No Limit ($0.02/$0.05) - 2024/04/11 19:15:23
Table 'NLHBlue70' 6-max Seat #4 is the button
Seat 2: 8aa56176 ($6.85 in chips)
Seat 3: e63e5686 ($5.54 in chips)
Seat 4: Hero ($5.59 in chips)
Seat 5: f25c0bc8 ($5.55 in chips)
Seat 6: 83f49570 ($4.32 in chips)
f25c0bc8: posts small blind $0.02
83f49570: posts big blind $0.05
*** HOLE CARDS ***
Dealt to 8aa56176 
Dealt to e63e5686 
Dealt to Hero [Tc Jh]
Dealt to f25c0bc8 
Dealt to 83f49570 
8aa56176: folds
e63e5686: raises $0.05 to $0.1
Hero: folds
f25c0bc8: folds
83f49570: folds
Uncalled bet ($0.05) returned to e63e5686
*** SHOWDOWN ***
e63e5686 collected $0.12 from pot
*** SUMMARY ***
Total pot $0.12 | Rake $0 | Jackpot $0 | Bingo $0 | Fortune $0 | Tax $0
Seat 2: 8aa56176 folded before Flop (didn't bet)
Seat 3: e63e5686 collected ($0.12)
Seat 4: Hero (button) folded before Flop (didn't bet)
Seat 5: f25c0bc8 (small blind) folded before Flop
Seat 6: 83f49570 (big blind) folded before Flop


Poker Hand #HD1726036857: Hold'em No Limit ($0.02/$0.05) - 2024/04/11 19:15:05
Table 'NLHBlue70' 6-max Seat #3 is the button
Seat 2: 8aa56176 ($6.85 in chips)
Seat 3: e63e5686 ($5.54 in chips)
Seat 4: Hero ($5.61 in chips)
Seat 5: f25c0bc8 ($5.53 in chips)
Seat 6: 83f49570 ($4.32 in chips)
Hero: posts small blind $0.02
f25c0bc8: posts big blind $0.05
*** HOLE CARDS ***
Dealt to 8aa56176 
Dealt to e63e5686 
Dealt to Hero [4h 5c]
Dealt to f25c0bc8 
Dealt to 83f49570 
83f49570: folds
8aa56176: folds
e63e5686: folds
Hero: folds
Uncalled bet ($0.03) returned to f25c0bc8
*** SHOWDOWN ***
f25c0bc8 collected $0.04 from pot
*** SUMMARY ***
Total pot $0.04 | Rake $0 | Jackpot $0 | Bingo $0 | Fortune $0 | Tax $0
Seat 2: 8aa56176 folded before Flop (didn't bet)
Seat 3: e63e5686 (button) folded before Flop (didn't bet)
Seat 4: Hero (small blind) folded before Flop
Seat 5: f25c0bc8 (big blind) collected ($0.04)
Seat 6: 83f49570 folded before Flop (didn't bet)


Poker Hand #HD1726036822: Hold'em No Limit ($0.02/$0.05) - 2024/04/11 19:14:52
Table 'NLHBlue70' 6-max Seat #2 is the button
Seat 2: 8aa56176 ($6.78 in chips)
Seat 3: e63e5686 ($5.56 in chips)
Seat 4: Hero ($5.66 in chips)
Seat 5: f25c0bc8 ($5.53 in chips)
Seat 6: 83f49570 ($4.32 in chips)
e63e5686: posts small blind $0.02
Hero: posts big blind $0.05
*** HOLE CARDS ***
Dealt to 8aa56176 
Dealt to e63e5686 
Dealt to Hero [4s 8h]
Dealt to f25c0bc8 
Dealt to 83f49570 
f25c0bc8: folds
83f49570: folds
8aa56176: raises $0.1 to $0.15
e63e5686: folds
Hero: folds
Uncalled bet ($0.1) returned to 8aa56176
*** SHOWDOWN ***
8aa56176 collected $0.12 from pot
*** SUMMARY ***
Total pot $0.12 | Rake $0 | Jackpot $0 | Bingo $0 | Fortune $0 | Tax $0
Seat 2: 8aa56176 (button) collected ($0.12)
Seat 3: e63e5686 (small blind) folded before Flop
Seat 4: Hero (big blind) folded before Flop
Seat 5: f25c0bc8 folded before Flop (didn't bet)
Seat 6: 83f49570 folded before Flop (didn't bet)


Poker Hand #HD1726036759: Hold'em No Limit ($0.02/$0.05) - 2024/04/11 19:14:30
Table 'NLHBlue70' 6-max Seat #1 is the button
Seat 1: 60241c66 ($9.51 in chips)
Seat 2: 8aa56176 ($6.8 in chips)
Seat 3: e63e5686 ($5.54 in chips)
Seat 4: Hero ($5.66 in chips)
Seat 5: f25c0bc8 ($5.53 in chips)
Seat 6: 83f49570 ($4.32 in chips)
8aa56176: posts small blind $0.02
e63e5686: posts big blind $0.05
*** HOLE CARDS ***
Dealt to 60241c66 
Dealt to 8aa56176 
Dealt to e63e5686 
Dealt to Hero [7s 5d]
Dealt to f25c0bc8 
Dealt to 83f49570 
Hero: folds
f25c0bc8: folds
83f49570: folds
60241c66: folds
8aa56176: folds
Uncalled bet ($0.03) returned to e63e5686
*** SHOWDOWN ***
e63e5686 collected $0.04 from pot
*** SUMMARY ***
Total pot $0.04 | Rake $0 | Jackpot $0 | Bingo $0 | Fortune $0 | Tax $0
Seat 1: 60241c66 (button) folded before Flop (didn't bet)
Seat 2: 8aa56176 (small blind) folded before Flop
Seat 3: e63e5686 (big blind) collected ($0.04)
Seat 4: Hero folded before Flop (didn't bet)
Seat 5: f25c0bc8 folded before Flop (didn't bet)
Seat 6: 83f49570 folded before Flop (didn't bet)


Poker Hand #HD1726036566: Hold'em No Limit ($0.02/$0.05) - 2024/04/11 19:13:09
Table 'NLHBlue70' 6-max Seat #6 is the button
Seat 1: 60241c66 ($9.53 in chips)
Seat 2: 8aa56176 ($6.9 in chips)
Seat 3: e63e5686 ($5.54 in chips)
Seat 4: Hero ($5 in chips)
Seat 5: f25c0bc8 ($5.53 in chips)
Seat 6: 83f49570 ($4.92 in chips)
60241c66: posts small blind $0.02
8aa56176: posts big blind $0.05
*** HOLE CARDS ***
Dealt to 60241c66 
Dealt to 8aa56176 
Dealt to e63e5686 
Dealt to Hero [Ad Kc]
Dealt to f25c0bc8 
Dealt to 83f49570 
e63e5686: folds
Hero: raises $0.05 to $0.1
f25c0bc8: folds
83f49570: calls $0.1
60241c66: folds
8aa56176: calls $0.05
*** FLOP *** [Qd Kh Ac]
8aa56176: checks
Hero: bets $0.15
83f49570: calls $0.15
8aa56176: folds
*** TURN *** [Qd Kh Ac] [6c]
Hero: bets $0.35
83f49570: calls $0.35
*** RIVER *** [Qd Kh Ac 6c] [Ks]
Hero: bets $0.75
83f49570: folds
Uncalled bet ($0.75) returned to Hero
*** SHOWDOWN ***
Hero collected $1.26 from pot
*** SUMMARY ***
Total pot $1.32 | Rake $0.06 | Jackpot $0 | Bingo $0 | Fortune $0 | Tax $0
Board [Qd Kh Ac 6c Ks]
Seat 1: 60241c66 (small blind) folded before Flop
Seat 2: 8aa56176 (big blind) folded on the Flop
Seat 3: e63e5686 folded before Flop (didn't bet)
Seat 4: Hero won ($1.26)
Seat 5: f25c0bc8 folded before Flop (didn't bet)
Seat 6: 83f49570 (button) folded on the River


Poker Hand #HD1726036432: Hold'em No Limit ($0.02/$0.05) - 2024/04/11 19:12:19
Table 'NLHBlue70' 6-max Seat #5 is the button
Seat 1: 60241c66 ($9.58 in chips)
Seat 2: 8aa56176 ($6.9 in chips)
Seat 3: e63e5686 ($5.19 in chips)
Seat 4: Hero ($5 in chips)
Seat 5: f25c0bc8 ($5.53 in chips)
Seat 6: 83f49570 ($5.25 in chips)
83f49570: posts small blind $0.02
60241c66: posts big blind $0.05
*** HOLE CARDS ***
Dealt to 60241c66 
Dealt to 8aa56176 
Dealt to e63e5686 
Dealt to Hero [7h 3d]
Dealt to f25c0bc8 
Dealt to 83f49570 
8aa56176: folds
e63e5686: raises $0.1 to $0.15
Hero: folds
f25c0bc8: folds
83f49570: calls $0.13
60241c66: folds
*** FLOP *** [Jd Ac 8s]
83f49570: checks
e63e5686: bets $0.18
83f49570: calls $0.18
*** TURN *** [Jd Ac 8s] [8c]
83f49570: checks
e63e5686: checks
*** RIVER *** [Jd Ac 8s 8c] [3s]
83f49570: checks
e63e5686: checks
83f49570: shows [Jh Qh] (Pair of Jacks and Pair of Eights)
e63e5686: shows [Kd Kh] (Pair of Kings and Pair of Eights)
*** SHOWDOWN ***
e63e5686 collected $0.68 from pot
*** SUMMARY ***
Total pot $0.71 | Rake $0.03 | Jackpot $0 | Bingo $0 | Fortune $0 | Tax $0
Board [Jd Ac 8s 8c 3s]
Seat 1: 60241c66 (big blind) folded before Flop
Seat 2: 8aa56176 folded before Flop (didn't bet)
Seat 3: e63e5686 showed [Kd Kh] and won ($0.68) with Pair of Kings and Pair of Eights
Seat 4: Hero folded before Flop (didn't bet)
Seat 5: f25c0bc8 (button) folded before Flop (didn't bet)
Seat 6: 83f49570 (small blind) showed [Jh Qh] and lost with Pair of Jacks and Pair of Eights


Poker Hand #HD1726036343: Hold'em No Limit ($0.02/$0.05) - 2024/04/11 19:11:44
Table 'NLHBlue70' 6-max Seat #4 is the button
Seat 1: 60241c66 ($9.58 in chips)
Seat 2: 8aa56176 ($7.03 in chips)
Seat 3: e63e5686 ($5.19 in chips)
Seat 4: Hero ($5 in chips)
Seat 5: f25c0bc8 ($5.36 in chips)
Seat 6: 83f49570 ($5.3 in chips)
f25c0bc8: posts small blind $0.02
83f49570: posts big blind $0.05
*** HOLE CARDS ***
Dealt to 60241c66 
Dealt to 8aa56176 
Dealt to e63e5686 
Dealt to Hero [Jd 3c]
Dealt to f25c0bc8 
Dealt to 83f49570 
60241c66: folds
8aa56176: raises $0.08 to $0.13
e63e5686: folds
Hero: folds
f25c0bc8: raises $0.25 to $0.38
83f49570: folds
8aa56176: folds
Uncalled bet ($0.25) returned to f25c0bc8
*** SHOWDOWN ***
f25c0bc8 collected $0.3 from pot
*** SUMMARY ***
Total pot $0.31 | Rake $0.01 | Jackpot $0 | Bingo $0 | Fortune $0 | Tax $0
Seat 1: 60241c66 folded before Flop (didn't bet)
Seat 2: 8aa56176 folded before Flop
Seat 3: e63e5686 folded before Flop (didn't bet)
Seat 4: Hero (button) folded before Flop (didn't bet)
Seat 5: f25c0bc8 (small blind) collected ($0.3)
Seat 6: 83f49570 (big blind) folded before Flop


Poker Hand #HD1726036290: Hold'em No Limit ($0.02/$0.05) - 2024/04/11 19:11:25
Table 'NLHBlue70' 6-max Seat #3 is the button
Seat 1: 60241c66 ($9.58 in chips)
Seat 2: 8aa56176 ($7.03 in chips)
Seat 3: e63e5686 ($5.12 in chips)
Seat 4: Hero ($5.02 in chips)
Seat 5: f25c0bc8 ($5.41 in chips)
Seat 6: 83f49570 ($5.3 in chips)
Hero: posts small blind $0.02
f25c0bc8: posts big blind $0.05
*** HOLE CARDS ***
Dealt to 60241c66 
Dealt to 8aa56176 
Dealt to e63e5686 
Dealt to Hero [8c 2h]
Dealt to f25c0bc8 
Dealt to 83f49570 
83f49570: folds
60241c66: folds
8aa56176: folds
e63e5686: raises $0.1 to $0.15
Hero: folds
f25c0bc8: folds
Uncalled bet ($0.1) returned to e63e5686
*** SHOWDOWN ***
e63e5686 collected $0.12 from pot
*** SUMMARY ***
Total pot $0.12 | Rake $0 | Jackpot $0 | Bingo $0 | Fortune $0 | Tax $0
Seat 1: 60241c66 folded before Flop (didn't bet)
Seat 2: 8aa56176 folded before Flop (didn't bet)
Seat 3: e63e5686 (button) collected ($0.12)
Seat 4: Hero (small blind) folded before Flop
Seat 5: f25c0bc8 (big blind) folded before Flop
Seat 6: 83f49570 folded before Flop (didn't bet)


Poker Hand #HD1726036249: Hold'em No Limit ($0.02/$0.05) - 2024/04/11 19:11:14
Table 'NLHBlue70' 6-max Seat #2 is the button
Seat 1: 60241c66 ($9.58 in chips)
Seat 2: 8aa56176 ($7.03 in chips)
Seat 3: e63e5686 ($5.14 in chips)
Seat 4: Hero ($5 in chips)
Seat 5: f25c0bc8 ($5.41 in chips)
Seat 6: 83f49570 ($5.3 in chips)
e63e5686: posts small blind $0.02
Hero: posts big blind $0.05
*** HOLE CARDS ***
Dealt to 60241c66 
Dealt to 8aa56176 
Dealt to e63e5686 
Dealt to Hero [5s Ad]
Dealt to f25c0bc8 
Dealt to 83f49570 
f25c0bc8: folds
83f49570: folds
60241c66: folds
8aa56176: folds
e63e5686: folds
Uncalled bet ($0.03) returned to Hero
*** SHOWDOWN ***
Hero collected $0.04 from pot
*** SUMMARY ***
Total pot $0.04 | Rake $0 | Jackpot $0 | Bingo $0 | Fortune $0 | Tax $0
Seat 1: 60241c66 folded before Flop (didn't bet)
Seat 2: 8aa56176 (button) folded before Flop (didn't bet)
Seat 3: e63e5686 (small blind) folded before Flop
Seat 4: Hero (big blind) collected ($0.04)
Seat 5: f25c0bc8 folded before Flop (didn't bet)
Seat 6: 83f49570 folded before Flop (didn't bet)


Poker Hand #HD1726036180: Hold'em No Limit ($0.02/$0.05) - 2024/04/11 19:10:44
Table 'NLHBlue70' 6-max Seat #1 is the button
Seat 1: 60241c66 ($9.71 in chips)
Seat 2: 8aa56176 ($7.05 in chips)
Seat 3: e63e5686 ($5 in chips)
Seat 4: Hero ($5 in chips)
Seat 5: f25c0bc8 ($5.41 in chips)
Seat 6: 83f49570 ($5.3 in chips)
8aa56176: posts small blind $0.02
e63e5686: posts big blind $0.05
*** HOLE CARDS ***
Dealt to 60241c66 
Dealt to 8aa56176 
Dealt to e63e5686 
Dealt to Hero [3s 4c]
Dealt to f25c0bc8 
Dealt to 83f49570 
Hero: folds
f25c0bc8: folds
83f49570: folds
60241c66: raises $0.08 to $0.13
8aa56176: folds
e63e5686: raises $0.28 to $0.41
60241c66: folds
Uncalled bet ($0.28) returned to e63e5686
*** SHOWDOWN ***
e63e5686 collected $0.27 from pot
*** SUMMARY ***
Total pot $0.28 | Rake $0.01 | Jackpot $0 | Bingo $0 | Fortune $0 | Tax $0
Seat 1: 60241c66 (button) folded before Flop
Seat 2: 8aa56176 (small blind) folded before Flop
Seat 3: e63e5686 (big blind) collected ($0.27)
Seat 4: Hero folded before Flop (didn't bet)
Seat 5: f25c0bc8 folded before Flop (didn't bet)
Seat 6: 83f49570 folded before Flop (didn't bet)


Poker Hand #HD1726036112: Hold'em No Limit ($0.02/$0.05) - 2024/04/11 19:10:16
Table 'NLHBlue70' 6-max Seat #6 is the button
Seat 1: 60241c66 ($9.73 in chips)
Seat 2: 8aa56176 ($7.1 in chips)
Seat 3: e63e5686 ($4.86 in chips)
Seat 4: Hero ($5 in chips)
Seat 5: f25c0bc8 ($5.41 in chips)
Seat 6: 83f49570 ($5.23 in chips)
60241c66: posts small blind $0.02
8aa56176: posts big blind $0.05
*** HOLE CARDS ***
Dealt to 60241c66 
Dealt to 8aa56176 
Dealt to e63e5686 
Dealt to Hero [4d Kd]
Dealt to f25c0bc8 
Dealt to 83f49570 
e63e5686: folds
Hero: folds
f25c0bc8: folds
83f49570: raises $0.1 to $0.15
60241c66: folds
8aa56176: folds
Uncalled bet ($0.1) returned to 83f49570
*** SHOWDOWN ***
83f49570 collected $0.12 from pot
*** SUMMARY ***
Total pot $0.12 | Rake $0 | Jackpot $0 | Bingo $0 | Fortune $0 | Tax $0
Seat 1: 60241c66 (small blind) folded before Flop
Seat 2: 8aa56176 (big blind) folded before Flop
Seat 3: e63e5686 folded before Flop (didn't bet)
Seat 4: Hero folded before Flop (didn't bet)
Seat 5: f25c0bc8 folded before Flop (didn't bet)
Seat 6: 83f49570 (button) collected ($0.12)


Poker Hand #HD1726035972: Hold'em No Limit ($0.02/$0.05) - 2024/04/11 19:09:21
Table 'NLHBlue70' 6-max Seat #5 is the button
Seat 1: 60241c66 ($9.78 in chips)
Seat 2: 8aa56176 ($7.1 in chips)
Seat 3: e63e5686 ($5.13 in chips)
Seat 4: Hero ($5 in chips)
Seat 5: f25c0bc8 ($5.41 in chips)
Seat 6: 83f49570 ($4.94 in chips)
83f49570: posts small blind $0.02
60241c66: posts big blind $0.05
*** HOLE CARDS ***
Dealt to 60241c66 
Dealt to 8aa56176 
Dealt to e63e5686 
Dealt to Hero [Kc 6h]
Dealt to f25c0bc8 
Dealt to 83f49570 
8aa56176: folds
e63e5686: raises $0.1 to $0.15
Hero: folds
f25c0bc8: folds
83f49570: calls $0.13
60241c66: folds
*** FLOP *** [Jh 3c Kd]
83f49570: checks
e63e5686: bets $0.12
83f49570: calls $0.12
*** TURN *** [Jh 3c Kd] [4d]
83f49570: checks
e63e5686: checks
*** RIVER *** [Jh 3c Kd 4d] [5c]
83f49570: checks
e63e5686: checks
83f49570: shows [Jc Ad] (Pair of Jacks)
e63e5686: shows [Tc Th] (Pair of Tens)
*** SHOWDOWN ***
83f49570 collected $0.56 from pot
*** SUMMARY ***
Total pot $0.59 | Rake $0.03 | Jackpot $0 | Bingo $0 | Fortune $0 | Tax $0
Board [Jh 3c Kd 4d 5c]
Seat 1: 60241c66 (big blind) folded before Flop
Seat 2: 8aa56176 folded before Flop (didn't bet)
Seat 3: e63e5686 showed [Tc Th] and lost with Pair of Tens
Seat 4: Hero folded before Flop (didn't bet)
Seat 5: f25c0bc8 (button) folded before Flop (didn't bet)
Seat 6: 83f49570 (small blind) showed [Jc Ad] and won ($0.56) with Pair of Jacks


Poker Hand #HD1726035938: Hold'em No Limit ($0.02/$0.05) - 2024/04/11 19:09:09
Table 'NLHBlue70' 6-max Seat #4 is the button
Seat 1: 60241c66 ($9.78 in chips)
Seat 2: 8aa56176 ($7.1 in chips)
Seat 3: e63e5686 ($5.06 in chips)
Seat 4: Hero ($5 in chips)
Seat 5: f25c0bc8 ($5.43 in chips)
Seat 6: 83f49570 ($4.99 in chips)
f25c0bc8: posts small blind $0.02
83f49570: posts big blind $0.05
*** HOLE CARDS ***
Dealt to 60241c66 
Dealt to 8aa56176 
Dealt to e63e5686 
Dealt to Hero [Ad 3h]
Dealt to f25c0bc8 
Dealt to 83f49570 
60241c66: folds
8aa56176: folds
e63e5686: raises $0.05 to $0.1
Hero: folds
f25c0bc8: folds
83f49570: folds
Uncalled bet ($0.05) returned to e63e5686
*** SHOWDOWN ***
e63e5686 collected $0.12 from pot
*** SUMMARY ***
Total pot $0.12 | Rake $0 | Jackpot $0 | Bingo $0 | Fortune $0 | Tax $0
Seat 1: 60241c66 folded before Flop (didn't bet)
Seat 2: 8aa56176 folded before Flop (didn't bet)
Seat 3: e63e5686 collected ($0.12)
Seat 4: Hero (button) folded before Flop (didn't bet)
Seat 5: f25c0bc8 (small blind) folded before Flop
Seat 6: 83f49570 (big blind) folded before Flop


Poker Hand #HD1726035904: Hold'em No Limit ($0.02/$0.05) - 2024/04/11 19:08:53
Table 'NLHBlue70' 6-max Seat #3 is the button
Seat 1: 60241c66 ($9.78 in chips)
Seat 2: 8aa56176 ($7.1 in chips)
Seat 3: e63e5686 ($5.06 in chips)
Seat 4: Hero ($5 in chips)
Seat 5: f25c0bc8 ($5.41 in chips)
Seat 6: 83f49570 ($4.99 in chips)
Hero: posts small blind $0.02
f25c0bc8: posts big blind $0.05
*** HOLE CARDS ***
Dealt to 60241c66 
Dealt to 8aa56176 
Dealt to e63e5686 
Dealt to Hero [9s 5d]
Dealt to f25c0bc8 
Dealt to 83f49570 
83f49570: folds
60241c66: folds
8aa56176: folds
e63e5686: folds
Hero: folds
Uncalled bet ($0.03) returned to f25c0bc8
*** SHOWDOWN ***
f25c0bc8 collected $0.04 from pot
*** SUMMARY ***
Total pot $0.04 | Rake $0 | Jackpot $0 | Bingo $0 | Fortune $0 | Tax $0
Seat 1: 60241c66 folded before Flop (didn't bet)
Seat 2: 8aa56176 folded before Flop (didn't bet)
Seat 3: e63e5686 (button) folded before Flop (didn't bet)
Seat 4: Hero (small blind) folded before Flop
Seat 5: f25c0bc8 (big blind) collected ($0.04)
Seat 6: 83f49570 folded before Flop (didn't bet)


Poker Hand #HD1726035692: Hold'em No Limit ($0.02/$0.05) - 2024/04/11 19:07:33
Table 'NLHBlue70' 6-max Seat #2 is the button
Seat 1: 60241c66 ($9.78 in chips)
Seat 2: 8aa56176 ($6.82 in chips)
Seat 3: e63e5686 ($5.11 in chips)
Seat 4: Hero ($5 in chips)
Seat 5: f25c0bc8 ($5.41 in chips)
Seat 6: 83f49570 ($5.19 in chips)
e63e5686: posts small blind $0.02
Hero: posts big blind $0.05
*** HOLE CARDS ***
Dealt to 60241c66 
Dealt to 8aa56176 
Dealt to e63e5686 
Dealt to Hero [9s 4c]
Dealt to f25c0bc8 
Dealt to 83f49570 
f25c0bc8: folds
83f49570: calls $0.05
60241c66: folds
8aa56176: calls $0.05
e63e5686: calls $0.03
Hero: checks
*** FLOP *** [Qc 5h Qd]
e63e5686: checks
Hero: checks
83f49570: checks
8aa56176: checks
*** TURN *** [Qc 5h Qd] [Jd]
e63e5686: checks
Hero: checks
83f49570: bets $0.15
8aa56176: calls $0.15
e63e5686: folds
Hero: folds
*** RIVER *** [Qc 5h Qd Jd] [3h]
83f49570: checks
8aa56176: bets $0.6
83f49570: folds
Uncalled bet ($0.6) returned to 8aa56176
*** SHOWDOWN ***
8aa56176 collected $0.48 from pot
*** SUMMARY ***
Total pot $0.5 | Rake $0.02 | Jackpot $0 | Bingo $0 | Fortune $0 | Tax $0
Board [Qc 5h Qd Jd 3h]
Seat 1: 60241c66 folded before Flop (didn't bet)
Seat 2: 8aa56176 (button) won ($0.48)
Seat 3: e63e5686 (small blind) folded on the Turn
Seat 4: Hero (big blind) folded on the Turn
Seat 5: f25c0bc8 folded before Flop (didn't bet)
Seat 6: 83f49570 folded on the River


Poker Hand #HD1725965632: Hold'em No Limit ($0.02/$0.05) - 2024/04/11 19:07:11
Table 'NLHBlue70' 6-max Seat #1 is the button
Seat 1: 60241c66 ($9.78 in chips)
Seat 2: 8aa56176 ($6.84 in chips)
Seat 3: e63e5686 ($5 in chips)
Seat 4: Hero ($5 in chips)
Seat 5: f25c0bc8 ($5.41 in chips)
Seat 6: 83f49570 ($5.19 in chips)
8aa56176: posts small blind $0.02
e63e5686: posts big blind $0.05
*** HOLE CARDS ***
Dealt to 60241c66 
Dealt to 8aa56176 
Dealt to e63e5686 
Dealt to Hero [Ac Td]
Dealt to f25c0bc8 
Dealt to 83f49570 
Hero: raises $0.05 to $0.1
f25c0bc8: folds
83f49570: folds
60241c66: folds
8aa56176: folds
e63e5686: raises $0.22 to $0.32
Hero: folds
Uncalled bet ($0.22) returned to e63e5686
*** SHOWDOWN ***
e63e5686 collected $0.21 from pot
*** SUMMARY ***
Total pot $0.22 | Rake $0.01 | Jackpot $0 | Bingo $0 | Fortune $0 | Tax $0
Seat 1: 60241c66 (button) folded before Flop (didn't bet)
Seat 2: 8aa56176 (small blind) folded before Flop
Seat 3: e63e5686 (big blind) collected ($0.21)
Seat 4: Hero folded before Flop
Seat 5: f25c0bc8 folded before Flop (didn't bet)
Seat 6: 83f49570 folded before Flop (didn't bet)


Poker Hand #HD1725965535: Hold'em No Limit ($0.02/$0.05) - 2024/04/11 19:06:33
Table 'NLHBlue70' 6-max Seat #6 is the button
Seat 1: 60241c66 ($9.66 in chips)
Seat 2: 8aa56176 ($6.97 in chips)
Seat 4: Hero ($5 in chips)
Seat 5: f25c0bc8 ($5.41 in chips)
Seat 6: 83f49570 ($5.19 in chips)
60241c66: posts small blind $0.02
8aa56176: posts big blind $0.05
*** HOLE CARDS ***
Dealt to 60241c66 
Dealt to 8aa56176 
Dealt to Hero [9h Qd]
Dealt to f25c0bc8 
Dealt to 83f49570 
Hero: folds
f25c0bc8: folds
83f49570: folds
60241c66: raises $0.08 to $0.13
8aa56176: calls $0.08
*** FLOP *** [6h Th 7d]
60241c66: bets $0.09
8aa56176: folds
Uncalled bet ($0.09) returned to 60241c66
*** SHOWDOWN ***
60241c66 collected $0.25 from pot
*** SUMMARY ***
Total pot $0.26 | Rake $0.01 | Jackpot $0 | Bingo $0 | Fortune $0 | Tax $0
Board [6h Th 7d]
Seat 1: 60241c66 (small blind) won ($0.25)
Seat 2: 8aa56176 (big blind) folded on the Flop
Seat 4: Hero folded before Flop (didn't bet)
Seat 5: f25c0bc8 folded before Flop (didn't bet)
Seat 6: 83f49570 (button) folded before Flop (didn't bet)


Poker Hand #HD1725965405: Hold'em No Limit ($0.02/$0.05) - 2024/04/11 19:05:42
Table 'NLHBlue70' 6-max Seat #5 is the button
Seat 1: 60241c66 ($9.71 in chips)
Seat 2: 8aa56176 ($6.97 in chips)
Seat 4: Hero ($5 in chips)
Seat 5: f25c0bc8 ($5.24 in chips)
Seat 6: 83f49570 ($5.32 in chips)
83f49570: posts small blind $0.02
60241c66: posts big blind $0.05
*** HOLE CARDS ***
Dealt to 60241c66 
Dealt to 8aa56176 
Dealt to Hero [Kh 9d]
Dealt to f25c0bc8 
Dealt to 83f49570 
8aa56176: folds
Hero: folds
f25c0bc8: raises $0.08 to $0.13
83f49570: calls $0.11
60241c66: folds
*** FLOP *** [Qd Js 7c]
83f49570: checks
f25c0bc8: checks
*** TURN *** [Qd Js 7c] [5h]
83f49570: checks
f25c0bc8: checks
*** RIVER *** [Qd Js 7c 5h] [Ks]
83f49570: checks
f25c0bc8: bets $0.24
83f49570: folds
Uncalled bet ($0.24) returned to f25c0bc8
*** SHOWDOWN ***
f25c0bc8 collected $0.3 from pot
*** SUMMARY ***
Total pot $0.31 | Rake $0.01 | Jackpot $0 | Bingo $0 | Fortune $0 | Tax $0
Board [Qd Js 7c 5h Ks]
Seat 1: 60241c66 (big blind) folded before Flop
Seat 2: 8aa56176 folded before Flop (didn't bet)
Seat 4: Hero folded before Flop (didn't bet)
Seat 5: f25c0bc8 (button) won ($0.3)
Seat 6: 83f49570 (small blind) folded on the River


Poker Hand #HD1725965344: Hold'em No Limit ($0.02/$0.05) - 2024/04/11 19:05:21
Table 'NLHBlue70' 6-max Seat #4 is the button
Seat 1: 60241c66 ($9.71 in chips)
Seat 2: 8aa56176 ($6.97 in chips)
Seat 4: Hero ($5 in chips)
Seat 5: f25c0bc8 ($5.19 in chips)
Seat 6: 83f49570 ($5.37 in chips)
f25c0bc8: posts small blind $0.02
83f49570: posts big blind $0.05
*** HOLE CARDS ***
Dealt to 60241c66 
Dealt to 8aa56176 
Dealt to Hero [8d 5c]
Dealt to f25c0bc8 
Dealt to 83f49570 
60241c66: folds
8aa56176: folds
Hero: folds
f25c0bc8: raises $0.1 to $0.15
83f49570: folds
Uncalled bet ($0.1) returned to f25c0bc8
*** SHOWDOWN ***
f25c0bc8 collected $0.1 from pot
*** SUMMARY ***
Total pot $0.1 | Rake $0 | Jackpot $0 | Bingo $0 | Fortune $0 | Tax $0
Seat 1: 60241c66 folded before Flop (didn't bet)
Seat 2: 8aa56176 folded before Flop (didn't bet)
Seat 4: Hero (button) folded before Flop (didn't bet)
Seat 5: f25c0bc8 (small blind) collected ($0.1)
Seat 6: 83f49570 (big blind) folded before Flop


Poker Hand #HD1725965187: Hold'em No Limit ($0.02/$0.05) - 2024/04/11 19:04:17
Table 'NLHBlue70' 6-max Seat #2 is the button
Seat 1: 60241c66 ($9.71 in chips)
Seat 2: 8aa56176 ($5.26 in chips)
Seat 3: e5deee2d ($1.93 in chips)
Seat 4: Hero ($5.05 in chips)
Seat 5: f25c0bc8 ($5.19 in chips)
Seat 6: 83f49570 ($5.37 in chips)
e5deee2d: posts small blind $0.02
Hero: posts big blind $0.05
*** HOLE CARDS ***
Dealt to 60241c66 
Dealt to 8aa56176 
Dealt to e5deee2d 
Dealt to Hero [5h 8d]
Dealt to f25c0bc8 
Dealt to 83f49570 
f25c0bc8: folds
83f49570: folds
60241c66: folds
8aa56176: raises $0.1 to $0.15
e5deee2d: calls $0.13
Hero: folds
*** FLOP *** [Qh Qs 9d]
e5deee2d: checks
8aa56176: checks
*** TURN *** [Qh Qs 9d] [7d]
e5deee2d: checks
8aa56176: bets $0.15
e5deee2d: calls $0.15
*** RIVER *** [Qh Qs 9d 7d] [Ts]
e5deee2d: checks
8aa56176: bets $1.6
e5deee2d: calls $1.6
8aa56176: shows [Qd 9s] (Queens Full over Nines)
e5deee2d: shows [3s 3h] (Pair of Queens and Pair of Treys)
*** SHOWDOWN ***
8aa56176 collected $3.61 from pot
*** SUMMARY ***
Total pot $3.85 | Rake $0.19 | Jackpot $0.05 | Bingo $0 | Fortune $0 | Tax $0
Board [Qh Qs 9d 7d Ts]
Seat 1: 60241c66 folded before Flop (didn't bet)
Seat 2: 8aa56176 (button) showed [Qd 9s] and won ($3.61) with Queens Full over Nines
Seat 3: e5deee2d (small blind) showed [3s 3h] and lost with Pair of Queens and Pair of Treys
Seat 4: Hero (big blind) folded before Flop
Seat 5: f25c0bc8 folded before Flop (didn't bet)
Seat 6: 83f49570 folded before Flop (didn't bet)


Poker Hand #HD1725964670: Hold'em No Limit ($0.02/$0.05) - 2024/04/11 19:01:07
Table 'NLHBlue70' 6-max Seat #1 is the button
Seat 1: 60241c66 ($10.05 in chips)
Seat 2: 8aa56176 ($5.35 in chips)
Seat 3: e5deee2d ($1.73 in chips)
Seat 4: Hero ($5.05 in chips)
Seat 5: f25c0bc8 ($5 in chips)
Seat 6: 83f49570 ($5.3 in chips)
8aa56176: posts small blind $0.02
e5deee2d: posts big blind $0.05
*** HOLE CARDS ***
Dealt to 60241c66 
Dealt to 8aa56176 
Dealt to e5deee2d 
Dealt to Hero [Qc 4s]
Dealt to f25c0bc8 
Dealt to 83f49570 
Hero: folds
f25c0bc8: folds
83f49570: folds
60241c66: raises $0.08 to $0.13
8aa56176: folds
e5deee2d: calls $0.08
*** FLOP *** [5s Jc 9d]
e5deee2d: checks
60241c66: bets $0.14
e5deee2d: raises $1.46 to $1.6 and is all-in
60241c66: folds
Uncalled bet ($1.46) returned to e5deee2d
*** SHOWDOWN ***
e5deee2d collected $0.54 from pot
*** SUMMARY ***
Total pot $0.56 | Rake $0.02 | Jackpot $0 | Bingo $0 | Fortune $0 | Tax $0
Board [5s Jc 9d]
Seat 1: 60241c66 (button) folded on the Flop
Seat 2: 8aa56176 (small blind) folded before Flop
Seat 3: e5deee2d (big blind) won ($0.54)
Seat 4: Hero folded before Flop (didn't bet)
Seat 5: f25c0bc8 folded before Flop (didn't bet)
Seat 6: 83f49570 folded before Flop (didn't bet)


Poker Hand #HD1725964600: Hold'em No Limit ($0.02/$0.05) - 2024/04/11 19:00:40
Table 'NLHBlue70' 6-max Seat #6 is the button
Seat 1: 60241c66 ($10.07 in chips)
Seat 2: 8aa56176 ($5.33 in chips)
Seat 4: Hero ($5.05 in chips)
Seat 5: f25c0bc8 ($5 in chips)
Seat 6: 83f49570 ($5.3 in chips)
60241c66: posts small blind $0.02
8aa56176: posts big blind $0.05
*** HOLE CARDS ***
Dealt to 60241c66 
Dealt to 8aa56176 
Dealt to Hero [Ts Qc]
Dealt to f25c0bc8 
Dealt to 83f49570 
Hero: folds
f25c0bc8: folds
83f49570: folds
60241c66: folds
Uncalled bet ($0.03) returned to 8aa56176
*** SHOWDOWN ***
8aa56176 collected $0.04 from pot
*** SUMMARY ***
Total pot $0.04 | Rake $0 | Jackpot $0 | Bingo $0 | Fortune $0 | Tax $0
Seat 1: 60241c66 (small blind) folded before Flop
Seat 2: 8aa56176 (big blind) collected ($0.04)
Seat 4: Hero folded before Flop (didn't bet)
Seat 5: f25c0bc8 folded before Flop (didn't bet)
Seat 6: 83f49570 (button) folded before Flop (didn't bet)


Poker Hand #HD1725964571: Hold'em No Limit ($0.02/$0.05) - 2024/04/11 19:00:28
Table 'NLHBlue70' 6-max Seat #5 is the button
Seat 1: 60241c66 ($10.05 in chips)
Seat 2: 8aa56176 ($5.33 in chips)
Seat 4: Hero ($5.05 in chips)
Seat 5: f25c0bc8 ($5 in chips)
Seat 6: 83f49570 ($5.32 in chips)
83f49570: posts small blind $0.02
60241c66: posts big blind $0.05
*** HOLE CARDS ***
Dealt to 60241c66 
Dealt to 8aa56176 
Dealt to Hero [Kc 5c]
Dealt to f25c0bc8 
Dealt to 83f49570 
8aa56176: folds
Hero: folds
f25c0bc8: folds
83f49570: folds
Uncalled bet ($0.03) returned to 60241c66
*** SHOWDOWN ***
60241c66 collected $0.04 from pot
*** SUMMARY ***
Total pot $0.04 | Rake $0 | Jackpot $0 | Bingo $0 | Fortune $0 | Tax $0
Seat 1: 60241c66 (big blind) collected ($0.04)
Seat 2: 8aa56176 folded before Flop (didn't bet)
Seat 4: Hero folded before Flop (didn't bet)
Seat 5: f25c0bc8 (button) folded before Flop (didn't bet)
Seat 6: 83f49570 (small blind) folded before Flop


Poker Hand #HD1725964532: Hold'em No Limit ($0.02/$0.05) - 2024/04/11 19:00:15
Table 'NLHBlue70' 6-max Seat #4 is the button
Seat 1: 60241c66 ($9.98 in chips)
Seat 2: 8aa56176 ($5.33 in chips)
Seat 4: Hero ($5.05 in chips)
Seat 5: f25c0bc8 ($5 in chips)
Seat 6: 83f49570 ($5.37 in chips)
f25c0bc8: posts small blind $0.02
83f49570: posts big blind $0.05
*** HOLE CARDS ***
Dealt to 60241c66 
Dealt to 8aa56176 
Dealt to Hero [9c 4d]
Dealt to f25c0bc8 
Dealt to 83f49570 
60241c66: raises $0.05 to $0.1
8aa56176: folds
Hero: folds
f25c0bc8: folds
83f49570: folds
Uncalled bet ($0.05) returned to 60241c66
*** SHOWDOWN ***
60241c66 collected $0.12 from pot
*** SUMMARY ***
Total pot $0.12 | Rake $0 | Jackpot $0 | Bingo $0 | Fortune $0 | Tax $0
Seat 1: 60241c66 collected ($0.12)
Seat 2: 8aa56176 folded before Flop (didn't bet)
Seat 4: Hero (button) folded before Flop (didn't bet)
Seat 5: f25c0bc8 (small blind) folded before Flop
Seat 6: 83f49570 (big blind) folded before Flop


Poker Hand #HD1725964378: Hold'em No Limit ($0.02/$0.05) - 2024/04/11 18:59:15
Table 'NLHBlue70' 6-max Seat #3 is the button
Seat 1: 60241c66 ($9.98 in chips)
Seat 2: 8aa56176 ($5.07 in chips)
Seat 3: e460929 ($4.82 in chips)
Seat 4: Hero ($5.07 in chips)
Seat 5: f25c0bc8 ($5.07 in chips)
Seat 6: 83f49570 ($5.37 in chips)
Hero: posts small blind $0.02
f25c0bc8: posts big blind $0.05
*** HOLE CARDS ***
Dealt to 60241c66 
Dealt to 8aa56176 
Dealt to e460929 
Dealt to Hero [Jh 4h]
Dealt to f25c0bc8 
Dealt to 83f49570 
83f49570: folds
60241c66: folds
8aa56176: raises $0.08 to $0.13
e460929: calls $0.13
Hero: folds
f25c0bc8: calls $0.08
*** FLOP *** [8s 3d Ad]
f25c0bc8: checks
8aa56176: checks
e460929: checks
*** TURN *** [8s 3d Ad] [Jd]
f25c0bc8: checks
8aa56176: bets $0.15
e460929: folds
f25c0bc8: folds
Uncalled bet ($0.15) returned to 8aa56176
*** SHOWDOWN ***
8aa56176 collected $0.39 from pot
*** SUMMARY ***
Total pot $0.41 | Rake $0.02 | Jackpot $0 | Bingo $0 | Fortune $0 | Tax $0
Board [8s 3d Ad Jd]
Seat 1: 60241c66 folded before Flop (didn't bet)
Seat 2: 8aa56176 won ($0.39)
Seat 3: e460929 (button) folded on the Turn
Seat 4: Hero (small blind) folded before Flop
Seat 5: f25c0bc8 (big blind) folded on the Turn
Seat 6: 83f49570 folded before Flop (didn't bet)


Poker Hand #HD1725964311: Hold'em No Limit ($0.02/$0.05) - 2024/04/11 18:58:55
Table 'NLHBlue70' 6-max Seat #2 is the button
Seat 1: 60241c66 ($9.98 in chips)
Seat 2: 8aa56176 ($5 in chips)
Seat 3: e460929 ($4.84 in chips)
Seat 4: Hero ($5.12 in chips)
Seat 5: f25c0bc8 ($5.07 in chips)
Seat 6: 83f49570 ($5.37 in chips)
e460929: posts small blind $0.02
Hero: posts big blind $0.05
*** HOLE CARDS ***
Dealt to 60241c66 
Dealt to 8aa56176 
Dealt to e460929 
Dealt to Hero [Ad 2h]
Dealt to f25c0bc8 
Dealt to 83f49570 
f25c0bc8: folds
83f49570: folds
60241c66: folds
8aa56176: raises $0.1 to $0.15
e460929: folds
Hero: folds
Uncalled bet ($0.1) returned to 8aa56176
*** SHOWDOWN ***
8aa56176 collected $0.12 from pot
*** SUMMARY ***
Total pot $0.12 | Rake $0 | Jackpot $0 | Bingo $0 | Fortune $0 | Tax $0
Seat 1: 60241c66 folded before Flop (didn't bet)
Seat 2: 8aa56176 (button) collected ($0.12)
Seat 3: e460929 (small blind) folded before Flop
Seat 4: Hero (big blind) folded before Flop
Seat 5: f25c0bc8 folded before Flop (didn't bet)
Seat 6: 83f49570 folded before Flop (didn't bet)


Poker Hand #HD1725964173: Hold'em No Limit ($0.02/$0.05) - 2024/04/11 18:58:05
Table 'NLHBlue70' 6-max Seat #1 is the button
Seat 1: 60241c66 ($10.26 in chips)
Seat 2: 8aa56176 ($5.02 in chips)
Seat 3: e460929 ($4.89 in chips)
Seat 4: Hero ($5.12 in chips)
Seat 5: f25c0bc8 ($5.07 in chips)
Seat 6: 83f49570 ($5.05 in chips)
8aa56176: posts small blind $0.02
e460929: posts big blind $0.05
*** HOLE CARDS ***
Dealt to 60241c66 
Dealt to 8aa56176 
Dealt to e460929 
Dealt to Hero [5s 7c]
Dealt to f25c0bc8 
Dealt to 83f49570 
Hero: folds
f25c0bc8: folds
83f49570: raises $0.1 to $0.15
60241c66: calls $0.15
8aa56176: folds
e460929: folds
*** FLOP *** [6d 6s Js]
83f49570: checks
60241c66: checks
*** TURN *** [6d 6s Js] [Tc]
83f49570: bets $0.13
60241c66: calls $0.13
*** RIVER *** [6d 6s Js Tc] [2c]
83f49570: checks
60241c66: checks
83f49570: shows [Th Td] (Tens Full over Sixes)
60241c66: shows [3c 3d] (Pair of Sixes and Pair of Treys)
*** SHOWDOWN ***
83f49570 collected $0.6 from pot
*** SUMMARY ***
Total pot $0.63 | Rake $0.03 | Jackpot $0 | Bingo $0 | Fortune $0 | Tax $0
Board [6d 6s Js Tc 2c]
Seat 1: 60241c66 (button) showed [3c 3d] and lost with Pair of Sixes and Pair of Treys
Seat 2: 8aa56176 (small blind) folded before Flop
Seat 3: e460929 (big blind) folded before Flop
Seat 4: Hero folded before Flop (didn't bet)
Seat 5: f25c0bc8 folded before Flop (didn't bet)
Seat 6: 83f49570 showed [Th Td] and won ($0.6) with Tens Full over Sixes


Poker Hand #HD1725964140: Hold'em No Limit ($0.02/$0.05) - 2024/04/11 18:57:50
Table 'NLHBlue70' 6-max Seat #6 is the button
Seat 1: 60241c66 ($10.28 in chips)
Seat 2: 8aa56176 ($5 in chips)
Seat 3: e460929 ($4.89 in chips)
Seat 4: Hero ($5.12 in chips)
Seat 5: f25c0bc8 ($5.07 in chips)
Seat 6: 83f49570 ($5.05 in chips)
60241c66: posts small blind $0.02
8aa56176: posts big blind $0.05
*** HOLE CARDS ***
Dealt to 60241c66 
Dealt to 8aa56176 
Dealt to e460929 
Dealt to Hero [2s 5h]
Dealt to f25c0bc8 
Dealt to 83f49570 
e460929: folds
Hero: folds
f25c0bc8: folds
83f49570: folds
60241c66: folds
Uncalled bet ($0.03) returned to 8aa56176
*** SHOWDOWN ***
8aa56176 collected $0.04 from pot
*** SUMMARY ***
Total pot $0.04 | Rake $0 | Jackpot $0 | Bingo $0 | Fortune $0 | Tax $0
Seat 1: 60241c66 (small blind) folded before Flop
Seat 2: 8aa56176 (big blind) collected ($0.04)
Seat 3: e460929 folded before Flop (didn't bet)
Seat 4: Hero folded before Flop (didn't bet)
Seat 5: f25c0bc8 folded before Flop (didn't bet)
Seat 6: 83f49570 (button) folded before Flop (didn't bet)


Poker Hand #HD1725964099: Hold'em No Limit ($0.02/$0.05) - 2024/04/11 18:57:33
Table 'NLHBlue70' 6-max Seat #5 is the button
Seat 1: 60241c66 ($10.33 in chips)
Seat 2: 8aa56176 ($5 in chips)
Seat 3: e460929 ($4.89 in chips)
Seat 4: Hero ($5.12 in chips)
Seat 5: f25c0bc8 ($5 in chips)
Seat 6: 83f49570 ($5.07 in chips)
83f49570: posts small blind $0.02
60241c66: posts big blind $0.05
*** HOLE CARDS ***
Dealt to 60241c66 
Dealt to 8aa56176 
Dealt to e460929 
Dealt to Hero [7d 6s]
Dealt to f25c0bc8 
Dealt to 83f49570 
8aa56176: folds
e460929: folds
Hero: folds
f25c0bc8: raises $0.08 to $0.13
83f49570: folds
60241c66: folds
Uncalled bet ($0.08) returned to f25c0bc8
*** SHOWDOWN ***
f25c0bc8 collected $0.12 from pot
*** SUMMARY ***
Total pot $0.12 | Rake $0 | Jackpot $0 | Bingo $0 | Fortune $0 | Tax $0
Seat 1: 60241c66 (big blind) folded before Flop
Seat 2: 8aa56176 folded before Flop (didn't bet)
Seat 3: e460929 folded before Flop (didn't bet)
Seat 4: Hero folded before Flop (didn't bet)
Seat 5: f25c0bc8 (button) collected ($0.12)
Seat 6: 83f49570 (small blind) folded before Flop


Poker Hand #HD1725963979: Hold'em No Limit ($0.02/$0.05) - 2024/04/11 18:56:48
Table 'NLHBlue70' 6-max Seat #4 is the button
Seat 1: 60241c66 ($10.33 in chips)
Seat 2: 8aa56176 ($5 in chips)
Seat 3: e460929 ($4.89 in chips)
Seat 4: Hero ($5.12 in chips)
Seat 5: f25c0bc8 ($5 in chips)
Seat 6: 83f49570 ($4.93 in chips)
f25c0bc8: posts small blind $0.02
83f49570: posts big blind $0.05
*** HOLE CARDS ***
Dealt to 60241c66 
Dealt to 8aa56176 
Dealt to e460929 
Dealt to Hero [Jh 6d]
Dealt to f25c0bc8 
Dealt to 83f49570 
60241c66: folds
8aa56176: folds
e460929: folds
Hero: folds
f25c0bc8: raises $0.1 to $0.15
83f49570: calls $0.1
*** FLOP *** [Jc As 7d]
f25c0bc8: checks
83f49570: checks
*** TURN *** [Jc As 7d] [3d]
f25c0bc8: checks
83f49570: bets $0.23
f25c0bc8: folds
Uncalled bet ($0.23) returned to 83f49570
*** SHOWDOWN ***
83f49570 collected $0.29 from pot
*** SUMMARY ***
Total pot $0.3 | Rake $0.01 | Jackpot $0 | Bingo $0 | Fortune $0 | Tax $0
Board [Jc As 7d 3d]
Seat 1: 60241c66 folded before Flop (didn't bet)
Seat 2: 8aa56176 folded before Flop (didn't bet)
Seat 3: e460929 folded before Flop (didn't bet)
Seat 4: Hero (button) folded before Flop (didn't bet)
Seat 5: f25c0bc8 (small blind) folded on the Turn
Seat 6: 83f49570 (big blind) won ($0.29)


Poker Hand #HD1725963910: Hold'em No Limit ($0.02/$0.05) - 2024/04/11 18:56:21
Table 'NLHBlue70' 6-max Seat #3 is the button
Seat 1: 60241c66 ($10.17 in chips)
Seat 2: 8aa56176 ($5 in chips)
Seat 3: e460929 ($4.99 in chips)
Seat 4: Hero ($5.14 in chips)
Seat 5: f25c0bc8 ($5 in chips)
Seat 6: 83f49570 ($4.93 in chips)
Hero: posts small blind $0.02
f25c0bc8: posts big blind $0.05
*** HOLE CARDS ***
Dealt to 60241c66 
Dealt to 8aa56176 
Dealt to e460929 
Dealt to Hero [9h 2s]
Dealt to f25c0bc8 
Dealt to 83f49570 
83f49570: folds
60241c66: raises $0.05 to $0.1
8aa56176: folds
e460929: calls $0.1
Hero: folds
f25c0bc8: folds
*** FLOP *** [8s 7c Jh]
60241c66: bets $0.09
e460929: folds
Uncalled bet ($0.09) returned to 60241c66
*** SHOWDOWN ***
60241c66 collected $0.26 from pot
*** SUMMARY ***
Total pot $0.27 | Rake $0.01 | Jackpot $0 | Bingo $0 | Fortune $0 | Tax $0
Board [8s 7c Jh]
Seat 1: 60241c66 won ($0.26)
Seat 2: 8aa56176 folded before Flop (didn't bet)
Seat 3: e460929 (button) folded on the Flop
Seat 4: Hero (small blind) folded before Flop
Seat 5: f25c0bc8 (big blind) folded before Flop
Seat 6: 83f49570 folded before Flop (didn't bet)


Poker Hand #HD1725963850: Hold'em No Limit ($0.02/$0.05) - 2024/04/11 18:55:56
Table 'NLHBlue70' 6-max Seat #2 is the button
Seat 1: 60241c66 ($10.17 in chips)
Seat 2: 8aa56176 ($5 in chips)
Seat 3: e460929 ($5.14 in chips)
Seat 4: Hero ($5 in chips)
Seat 5: f6a8ac7 ($1.3 in chips)
Seat 6: 83f49570 ($4.93 in chips)
e460929: posts small blind $0.02
Hero: posts big blind $0.05
*** HOLE CARDS ***
Dealt to 60241c66 
Dealt to 8aa56176 
Dealt to e460929 
Dealt to Hero [As Qh]
Dealt to f6a8ac7 
Dealt to 83f49570 
f6a8ac7: folds
83f49570: folds
60241c66: folds
8aa56176: folds
e460929: raises $0.1 to $0.15
Hero: raises $0.3 to $0.45
e460929: folds
Uncalled bet ($0.3) returned to Hero
*** SHOWDOWN ***
Hero collected $0.29 from pot
*** SUMMARY ***
Total pot $0.3 | Rake $0.01 | Jackpot $0 | Bingo $0 | Fortune $0 | Tax $0
Seat 1: 60241c66 folded before Flop (didn't bet)
Seat 2: 8aa56176 (button) folded before Flop (didn't bet)
Seat 3: e460929 (small blind) folded before Flop
Seat 4: Hero (big blind) collected ($0.29)
Seat 5: f6a8ac7 folded before Flop (didn't bet)
Seat 6: 83f49570 folded before Flop (didn't bet)


Poker Hand #HD1725963791: Hold'em No Limit ($0.02/$0.05) - 2024/04/11 18:55:32
Table 'NLHBlue70' 6-max Seat #1 is the button
Seat 1: 60241c66 ($10.22 in chips)
Seat 2: 8aa56176 ($5 in chips)
Seat 3: e460929 ($5 in chips)
Seat 4: Hero ($5 in chips)
Seat 5: f6a8ac7 ($1.35 in chips)
Seat 6: 83f49570 ($4.93 in chips)
8aa56176: posts small blind $0.02
e460929: posts big blind $0.05
*** HOLE CARDS ***
Dealt to 60241c66 
Dealt to 8aa56176 
Dealt to e460929 
Dealt to Hero [2h 6s]
Dealt to f6a8ac7 
Dealt to 83f49570 
Hero: folds
f6a8ac7: calls $0.05
83f49570: folds
60241c66: calls $0.05
8aa56176: calls $0.03
e460929: raises $0.2 to $0.25
f6a8ac7: folds
60241c66: folds
8aa56176: folds
Uncalled bet ($0.2) returned to e460929
*** SHOWDOWN ***
e460929 collected $0.19 from pot
*** SUMMARY ***
Total pot $0.2 | Rake $0.01 | Jackpot $0 | Bingo $0 | Fortune $0 | Tax $0
Seat 1: 60241c66 (button) folded before Flop
Seat 2: 8aa56176 (small blind) folded before Flop
Seat 3: e460929 (big blind) collected ($0.19)
Seat 4: Hero folded before Flop (didn't bet)
Seat 5: f6a8ac7 folded before Flop
Seat 6: 83f49570 folded before Flop (didn't bet)


Poker Hand #HD1725963681: Hold'em No Limit ($0.02/$0.05) - 2024/04/11 18:54:52
Table 'NLHBlue70' 6-max Seat #6 is the button
Seat 1: 60241c66 ($10.17 in chips)
Seat 2: 8aa56176 ($5 in chips)
Seat 3: e460929 ($5 in chips)
Seat 4: Hero ($5 in chips)
Seat 5: f6a8ac7 ($1.35 in chips)
Seat 6: 83f49570 ($4.93 in chips)
60241c66: posts small blind $0.02
8aa56176: posts big blind $0.05
*** HOLE CARDS ***
Dealt to 60241c66 
Dealt to 8aa56176 
Dealt to e460929 
Dealt to Hero [3c Qd]
Dealt to f6a8ac7 
Dealt to 83f49570 
e460929: folds
Hero: folds
f6a8ac7: folds
83f49570: folds
60241c66: calls $0.03
8aa56176: checks
*** FLOP *** [9s 5h 7h]
60241c66: checks
8aa56176: checks
*** TURN *** [9s 5h 7h] [7s]
60241c66: checks
8aa56176: checks
*** RIVER *** [9s 5h 7h 7s] [Qc]
60241c66: checks
8aa56176: checks
60241c66: shows [7d 5s] (Sevens Full over Fives)
8aa56176: shows [6s Jh] (Pair of Sevens)
*** SHOWDOWN ***
60241c66 collected $0.1 from pot
*** SUMMARY ***
Total pot $0.1 | Rake $0 | Jackpot $0 | Bingo $0 | Fortune $0 | Tax $0
Board [9s 5h 7h 7s Qc]
Seat 1: 60241c66 (small blind) showed [7d 5s] and won ($0.1) with Sevens Full over Fives
Seat 2: 8aa56176 (big blind) showed [6s Jh] and lost with Pair of Sevens
Seat 3: e460929 folded before Flop (didn't bet)
Seat 4: Hero folded before Flop (didn't bet)
Seat 5: f6a8ac7 folded before Flop (didn't bet)
Seat 6: 83f49570 (button) folded before Flop (didn't bet)


Poker Hand #HD1725963555: Hold'em No Limit ($0.02/$0.05) - 2024/04/11 18:54:03
Table 'NLHBlue70' 6-max Seat #5 is the button
Seat 1: 60241c66 ($10.3 in chips)
Seat 3: e460929 ($5 in chips)
Seat 4: Hero ($5.12 in chips)
Seat 5: f6a8ac7 ($1.09 in chips)
Seat 6: 83f49570 ($4.95 in chips)
83f49570: posts small blind $0.02
60241c66: posts big blind $0.05
*** HOLE CARDS ***
Dealt to 60241c66 
Dealt to e460929 
Dealt to Hero [Kh Ac]
Dealt to f6a8ac7 
Dealt to 83f49570 
e460929: folds
Hero: raises $0.08 to $0.13
f6a8ac7: calls $0.13
83f49570: folds
60241c66: calls $0.08
*** FLOP *** [Tc 6s Jd]
60241c66: checks
Hero: checks
f6a8ac7: bets $0.31
60241c66: folds
Hero: folds
Uncalled bet ($0.31) returned to f6a8ac7
*** SHOWDOWN ***
f6a8ac7 collected $0.39 from pot
*** SUMMARY ***
Total pot $0.41 | Rake $0.02 | Jackpot $0 | Bingo $0 | Fortune $0 | Tax $0
Board [Tc 6s Jd]
Seat 1: 60241c66 (big blind) folded on the Flop
Seat 3: e460929 folded before Flop (didn't bet)
Seat 4: Hero folded on the Flop
Seat 5: f6a8ac7 (button) won ($0.39)
Seat 6: 83f49570 (small blind) folded before Flop


Poker Hand #HD1725963512: Hold'em No Limit ($0.02/$0.05) - 2024/04/11 18:53:47
Table 'NLHBlue70' 6-max Seat #4 is the button
Seat 1: 60241c66 ($10.3 in chips)
Seat 3: e460929 ($5 in chips)
Seat 4: Hero ($5.05 in chips)
Seat 5: f6a8ac7 ($1.11 in chips)
Seat 6: 83f49570 ($5 in chips)
f6a8ac7: posts small blind $0.02
83f49570: posts big blind $0.05
*** HOLE CARDS ***
Dealt to 60241c66 
Dealt to e460929 
Dealt to Hero [Ts 8s]
Dealt to f6a8ac7 
Dealt to 83f49570 
60241c66: folds
e460929: folds
Hero: raises $0.08 to $0.13
f6a8ac7: folds
83f49570: folds
Uncalled bet ($0.08) returned to Hero
*** SHOWDOWN ***
Hero collected $0.12 from pot
*** SUMMARY ***
Total pot $0.12 | Rake $0 | Jackpot $0 | Bingo $0 | Fortune $0 | Tax $0
Seat 1: 60241c66 folded before Flop (didn't bet)
Seat 3: e460929 folded before Flop (didn't bet)
Seat 4: Hero (button) collected ($0.12)
Seat 5: f6a8ac7 (small blind) folded before Flop
Seat 6: 83f49570 (big blind) folded before Flop


Poker Hand #HD1725963474: Hold'em No Limit ($0.02/$0.05) - 2024/04/11 18:53:33
Table 'NLHBlue70' 6-max Seat #3 is the button
Seat 1: 60241c66 ($10.3 in chips)
Seat 3: e460929 ($5 in chips)
Seat 4: Hero ($5 in chips)
Seat 5: f6a8ac7 ($1.16 in chips)
Hero: posts small blind $0.02
f6a8ac7: posts big blind $0.05
*** HOLE CARDS ***
Dealt to 60241c66 
Dealt to e460929 
Dealt to Hero [Ac Ah]
Dealt to f6a8ac7 
60241c66: folds
e460929: folds
Hero: raises $0.1 to $0.15
f6a8ac7: folds
Uncalled bet ($0.1) returned to Hero
*** SHOWDOWN ***
Hero collected $0.1 from pot
*** SUMMARY ***
Total pot $0.1 | Rake $0 | Jackpot $0 | Bingo $0 | Fortune $0 | Tax $0
Seat 1: 60241c66 folded before Flop (didn't bet)
Seat 3: e460929 (button) folded before Flop (didn't bet)
Seat 4: Hero (small blind) collected ($0.1)
Seat 5: f6a8ac7 (big blind) folded before Flop


Poker Hand #HD1725963422: Hold'em No Limit ($0.02/$0.05) - 2024/04/11 18:53:13
Table 'NLHBlue70' 6-max Seat #1 is the button
Seat 1: 60241c66 ($10.3 in chips)
Seat 3: e460929 ($4.95 in chips)
Seat 4: Hero ($5 in chips)
Seat 5: f6a8ac7 ($1.16 in chips)
e460929: posts small blind $0.02
Hero: posts big blind $0.05
*** HOLE CARDS ***
Dealt to 60241c66 
Dealt to e460929 
Dealt to Hero [2d 4c]
Dealt to f6a8ac7 
f6a8ac7: folds
60241c66: folds
e460929: raises $0.1 to $0.15
Hero: folds
Uncalled bet ($0.1) returned to e460929
*** SHOWDOWN ***
e460929 collected $0.1 from pot
*** SUMMARY ***
Total pot $0.1 | Rake $0 | Jackpot $0 | Bingo $0 | Fortune $0 | Tax $0
Seat 1: 60241c66 (button) folded before Flop (didn't bet)
Seat 3: e460929 (small blind) collected ($0.1)
Seat 4: Hero (big blind) folded before Flop
Seat 5: f6a8ac7 folded before Flop (didn't bet)


Poker Hand #HD1725963356: Hold'em No Limit ($0.02/$0.05) - 2024/04/11 18:52:48
Table 'NLHBlue70' 6-max Seat #5 is the button
Seat 1: 60241c66 ($10.32 in chips)
Seat 3: e460929 ($4.93 in chips)
Seat 4: Hero ($5 in chips)
Seat 5: f6a8ac7 ($1.16 in chips)
60241c66: posts small blind $0.02
e460929: posts big blind $0.05
*** HOLE CARDS ***
Dealt to 60241c66 
Dealt to e460929 
Dealt to Hero [8h Kc]
Dealt to f6a8ac7 
Hero: folds
f6a8ac7: folds
60241c66: folds
Uncalled bet ($0.03) returned to e460929
*** SHOWDOWN ***
e460929 collected $0.04 from pot
*** SUMMARY ***
Total pot $0.04 | Rake $0 | Jackpot $0 | Bingo $0 | Fortune $0 | Tax $0
Seat 1: 60241c66 (small blind) folded before Flop
Seat 3: e460929 (big blind) collected ($0.04)
Seat 4: Hero folded before Flop (didn't bet)
Seat 5: f6a8ac7 (button) folded before Flop (didn't bet)


Poker Hand #HD1725963300: Hold'em No Limit ($0.02/$0.05) - 2024/04/11 18:52:23
Table 'NLHBlue70' 6-max Seat #4 is the button
Seat 1: 60241c66 ($10.32 in chips)
Seat 3: e460929 ($4.93 in chips)
Seat 4: Hero ($5 in chips)
Seat 5: f6a8ac7 ($1.11 in chips)
Seat 6: 2ed9f40e ($5.03 in chips)
f6a8ac7: posts small blind $0.02
2ed9f40e: posts big blind $0.05
*** HOLE CARDS ***
Dealt to 60241c66 
Dealt to e460929 
Dealt to Hero [6d 8c]
Dealt to f6a8ac7 
Dealt to 2ed9f40e 
60241c66: folds
e460929: folds
Hero: folds
f6a8ac7: calls $0.03
2ed9f40e: checks
*** FLOP *** [9c 4s Ad]
f6a8ac7: checks
2ed9f40e: checks
*** TURN *** [9c 4s Ad] [Ah]
f6a8ac7: checks
2ed9f40e: checks
*** RIVER *** [9c 4s Ad Ah] [2s]
f6a8ac7: bets $0.1
2ed9f40e: folds
Uncalled bet ($0.1) returned to f6a8ac7
*** SHOWDOWN ***
f6a8ac7 collected $0.1 from pot
*** SUMMARY ***
Total pot $0.1 | Rake $0 | Jackpot $0 | Bingo $0 | Fortune $0 | Tax $0
Board [9c 4s Ad Ah 2s]
Seat 1: 60241c66 folded before Flop (didn't bet)
Seat 3: e460929 folded before Flop (didn't bet)
Seat 4: Hero (button) folded before Flop (didn't bet)
Seat 5: f6a8ac7 (small blind) won ($0.1)
Seat 6: 2ed9f40e (big blind) folded on the River


Poker Hand #HD1725963245: Hold'em No Limit ($0.02/$0.05) - 2024/04/11 18:52:03
Table 'NLHBlue70' 6-max Seat #3 is the button
Seat 1: 60241c66 ($10.32 in chips)
Seat 3: e460929 ($4.93 in chips)
Seat 4: Hero ($5.02 in chips)
Seat 5: f6a8ac7 ($1.16 in chips)
Seat 6: 2ed9f40e ($4.96 in chips)
Hero: posts small blind $0.02
f6a8ac7: posts big blind $0.05
*** HOLE CARDS ***
Dealt to 60241c66 
Dealt to e460929 
Dealt to Hero [Th 5d]
Dealt to f6a8ac7 
Dealt to 2ed9f40e 
2ed9f40e: raises $0.1 to $0.15
60241c66: folds
e460929: folds
Hero: folds
f6a8ac7: folds
Uncalled bet ($0.1) returned to 2ed9f40e
*** SHOWDOWN ***
2ed9f40e collected $0.12 from pot
*** SUMMARY ***
Total pot $0.12 | Rake $0 | Jackpot $0 | Bingo $0 | Fortune $0 | Tax $0
Seat 1: 60241c66 folded before Flop (didn't bet)
Seat 3: e460929 (button) folded before Flop (didn't bet)
Seat 4: Hero (small blind) folded before Flop
Seat 5: f6a8ac7 (big blind) folded before Flop
Seat 6: 2ed9f40e collected ($0.12)


Poker Hand #HD1725963100: Hold'em No Limit ($0.02/$0.05) - 2024/04/11 18:51:09
Table 'NLHBlue70' 6-max Seat #2 is the button
Seat 1: 60241c66 ($10.32 in chips)
Seat 2: 6c6b8bda ($0.75 in chips)
Seat 3: e460929 ($4.95 in chips)
Seat 4: Hero ($5.07 in chips)
Seat 5: f6a8ac7 ($1.5 in chips)
Seat 6: 2ed9f40e ($3.94 in chips)
e460929: posts small blind $0.02
Hero: posts big blind $0.05
*** HOLE CARDS ***
Dealt to 60241c66 
Dealt to 6c6b8bda 
Dealt to e460929 
Dealt to Hero [Ah 2c]
Dealt to f6a8ac7 
Dealt to 2ed9f40e 
f6a8ac7: raises $0.1 to $0.15
2ed9f40e: raises $0.19 to $0.34
60241c66: folds
6c6b8bda: calls $0.34
e460929: folds
Hero: folds
f6a8ac7: calls $0.19
*** FLOP *** [6d 8c 6c]
f6a8ac7: checks
2ed9f40e: bets $0.36
6c6b8bda: raises $0.05 to $0.41 and is all-in
f6a8ac7: folds
2ed9f40e: calls $0.05
6c6b8bda: shows [2d 2h] (Pair of Sixes and Pair of Twos)
2ed9f40e: shows [9c 9d] (Pair of Nines and Pair of Sixes)
*** TURN *** [6d 8c 6c] [As]
*** RIVER *** [6d 8c 6c As] [5c]
*** SHOWDOWN ***
2ed9f40e collected $1.77 from pot
*** SUMMARY ***
Total pot $1.91 | Rake $0.09 | Jackpot $0.05 | Bingo $0 | Fortune $0 | Tax $0
Board [6d 8c 6c As 5c]
Seat 1: 60241c66 folded before Flop (didn't bet)
Seat 2: 6c6b8bda (button) showed [2d 2h] and lost with Pair of Sixes and Pair of Twos
Seat 3: e460929 (small blind) folded before Flop
Seat 4: Hero (big blind) folded before Flop
Seat 5: f6a8ac7 folded on the Flop
Seat 6: 2ed9f40e showed [9c 9d] and won ($1.77) with Pair of Nines and Pair of Sixes


Poker Hand #HD1725962815: Hold'em No Limit ($0.02/$0.05) - 2024/04/11 18:49:19
Table 'NLHBlue70' 6-max Seat #1 is the button
Seat 1: 60241c66 ($10.37 in chips)
Seat 2: 6c6b8bda ($0.8 in chips)
Seat 3: e460929 ($5 in chips)
Seat 4: Hero ($5.07 in chips)
Seat 5: f6a8ac7 ($1.5 in chips)
Seat 6: 2ed9f40e ($3.8 in chips)
6c6b8bda: posts small blind $0.02
e460929: posts big blind $0.05
2ed9f40e: posts big blind $0.05
*** HOLE CARDS ***
Dealt to 60241c66 
Dealt to 6c6b8bda 
Dealt to e460929 
Dealt to Hero [7d 2c]
Dealt to f6a8ac7 
Dealt to 2ed9f40e 
Hero: folds
f6a8ac7: folds
2ed9f40e: checks
60241c66: calls $0.05
6c6b8bda: calls $0.03
e460929: checks
*** FLOP *** [6c Jd 7c]
6c6b8bda: checks
e460929: checks
2ed9f40e: checks
60241c66: checks
*** TURN *** [6c Jd 7c] [5h]
6c6b8bda: checks
e460929: checks
2ed9f40e: checks
60241c66: checks
*** RIVER *** [6c Jd 7c 5h] [8d]
6c6b8bda: checks
e460929: checks
2ed9f40e: checks
60241c66: checks
6c6b8bda: shows [Ts Qd] (Queen-High)
e460929: shows [2s Kd] (King-High)
2ed9f40e: shows [Jh 3d] (Pair of Jacks)
60241c66: shows [Kh Tc] (King-High)
*** SHOWDOWN ***
2ed9f40e collected $0.19 from pot
*** SUMMARY ***
Total pot $0.2 | Rake $0.01 | Jackpot $0 | Bingo $0 | Fortune $0 | Tax $0
Board [6c Jd 7c 5h 8d]
Seat 1: 60241c66 (button) showed [Kh Tc] and lost with King-High
Seat 2: 6c6b8bda (small blind) showed [Ts Qd] and lost with Queen-High
Seat 3: e460929 (big blind) showed [2s Kd] and lost with King-High
Seat 4: Hero folded before Flop (didn't bet)
Seat 5: f6a8ac7 folded before Flop (didn't bet)
Seat 6: 2ed9f40e showed [Jh 3d] and won ($0.19) with Pair of Jacks


Poker Hand #HD1725962702: Hold'em No Limit ($0.02/$0.05) - 2024/04/11 18:48:34
Table 'NLHBlue70' 6-max Seat #5 is the button
Seat 1: 60241c66 ($10.39 in chips)
Seat 2: 6c6b8bda ($1.33 in chips)
Seat 4: Hero ($5.07 in chips)
Seat 5: f6a8ac7 ($1 in chips)
60241c66: posts small blind $0.02
6c6b8bda: posts big blind $0.05
*** HOLE CARDS ***
Dealt to 60241c66 
Dealt to 6c6b8bda 
Dealt to Hero [3c Qd]
Dealt to f6a8ac7 
Hero: folds
f6a8ac7: raises $0.12 to $0.17
60241c66: folds
6c6b8bda: calls $0.12
*** FLOP *** [2h As Th]
6c6b8bda: checks
f6a8ac7: bets $0.36
6c6b8bda: calls $0.36
*** TURN *** [2h As Th] [4s]
6c6b8bda: checks
f6a8ac7: checks
*** RIVER *** [2h As Th 4s] [9d]
6c6b8bda: checks
f6a8ac7: bets $0.47 and is all-in
6c6b8bda: folds
Uncalled bet ($0.47) returned to f6a8ac7
*** SHOWDOWN ***
f6a8ac7 collected $1.03 from pot
*** SUMMARY ***
Total pot $1.08 | Rake $0.05 | Jackpot $0 | Bingo $0 | Fortune $0 | Tax $0
Board [2h As Th 4s 9d]
Seat 1: 60241c66 (small blind) folded before Flop
Seat 2: 6c6b8bda (big blind) folded on the River
Seat 4: Hero folded before Flop (didn't bet)
Seat 5: f6a8ac7 (button) won ($1.03)


Poker Hand #HD1725962665: Hold'em No Limit ($0.02/$0.05) - 2024/04/11 18:48:21
Table 'NLHBlue70' 6-max Seat #4 is the button
Seat 1: 60241c66 ($10.44 in chips)
Seat 4: Hero ($5 in chips)
Seat 5: f6a8ac7 ($1.02 in chips)
f6a8ac7: posts small blind $0.02
60241c66: posts big blind $0.05
*** HOLE CARDS ***
Dealt to 60241c66 
Dealt to Hero [9s 8s]
Dealt to f6a8ac7 
Hero: raises $0.08 to $0.13
f6a8ac7: folds
60241c66: folds
Uncalled bet ($0.08) returned to Hero
*** SHOWDOWN ***
Hero collected $0.12 from pot
*** SUMMARY ***
Total pot $0.12 | Rake $0 | Jackpot $0 | Bingo $0 | Fortune $0 | Tax $0
Seat 1: 60241c66 (big blind) folded before Flop
Seat 4: Hero (button) collected ($0.12)
Seat 5: f6a8ac7 (small blind) folded before Flop


Poker Hand #HD1725962588: Hold'em No Limit ($0.02/$0.05) - 2024/04/11 18:47:52
Table 'NLHBlue70' 6-max Seat #2 is the button
Seat 1: 60241c66 ($10.44 in chips)
Seat 2: 6c6b8bda ($1.33 in chips)
Seat 4: Hero ($5 in chips)
Seat 5: f6a8ac7 ($1.33 in chips)
Seat 6: 36fd6f08 ($5.73 in chips)
Hero: posts small blind $0.02
f6a8ac7: posts big blind $0.05
*** HOLE CARDS ***
Dealt to 60241c66 
Dealt to 6c6b8bda 
Dealt to Hero [6c Th]
Dealt to f6a8ac7 
Dealt to 36fd6f08 
36fd6f08: raises $0.1 to $0.15
60241c66: folds
6c6b8bda: folds
Hero: folds
f6a8ac7: calls $0.1
*** FLOP *** [8c 4s 6h]
f6a8ac7: checks
36fd6f08: bets $0.16
f6a8ac7: calls $0.16
*** TURN *** [8c 4s 6h] [2c]
f6a8ac7: checks
36fd6f08: bets $0.22
f6a8ac7: folds
Uncalled bet ($0.22) returned to 36fd6f08
*** SHOWDOWN ***
36fd6f08 collected $0.61 from pot
*** SUMMARY ***
Total pot $0.64 | Rake $0.03 | Jackpot $0 | Bingo $0 | Fortune $0 | Tax $0
Board [8c 4s 6h 2c]
Seat 1: 60241c66 folded before Flop (didn't bet)
Seat 2: 6c6b8bda (button) folded before Flop (didn't bet)
Seat 4: Hero (small blind) folded before Flop
Seat 5: f6a8ac7 (big blind) folded on the Turn
Seat 6: 36fd6f08 won ($0.61)


Poker Hand #HD1725962492: Hold'em No Limit ($0.02/$0.05) - 2024/04/11 18:47:13
Table 'NLHBlue70' 6-max Seat #1 is the button
Seat 1: 60241c66 ($10.44 in chips)
Seat 2: 6c6b8bda ($1.35 in chips)
Seat 4: Hero ($5 in chips)
Seat 5: f6a8ac7 ($1.33 in chips)
Seat 6: 36fd6f08 ($5.12 in chips)
6c6b8bda: posts small blind $0.02
Hero: posts big blind $0.05
*** HOLE CARDS ***
Dealt to 60241c66 
Dealt to 6c6b8bda 
Dealt to Hero [Jh Kc]
Dealt to f6a8ac7 
Dealt to 36fd6f08 
f6a8ac7: folds
36fd6f08: raises $0.1 to $0.15
60241c66: folds
6c6b8bda: folds
Hero: calls $0.1
*** FLOP *** [4s 6c Qh]
Hero: checks
36fd6f08: checks
*** TURN *** [4s 6c Qh] [3d]
Hero: bets $0.15
36fd6f08: calls $0.15
*** RIVER *** [4s 6c Qh 3d] [6d]
Hero: bets $0.35
36fd6f08: calls $0.35
Hero: shows [Jh Kc] (Pair of Sixes)
36fd6f08: shows [Qd Td] (Pair of Queens and Pair of Sixes)
*** SHOWDOWN ***
36fd6f08 collected $1.26 from pot
*** SUMMARY ***
Total pot $1.32 | Rake $0.06 | Jackpot $0 | Bingo $0 | Fortune $0 | Tax $0
Board [4s 6c Qh 3d 6d]
Seat 1: 60241c66 (button) folded before Flop (didn't bet)
Seat 2: 6c6b8bda (small blind) folded before Flop
Seat 4: Hero (big blind) showed [Jh Kc] and lost with Pair of Sixes
Seat 5: f6a8ac7 folded before Flop (didn't bet)
Seat 6: 36fd6f08 showed [Qd Td] and won ($1.26) with Pair of Queens and Pair of Sixes


Poker Hand #HD1725962306: Hold'em No Limit ($0.02/$0.05) - 2024/04/11 18:46:06
Table 'NLHBlue70' 6-max Seat #6 is the button
Seat 1: 60241c66 ($10.46 in chips)
Seat 2: 6c6b8bda ($1.19 in chips)
Seat 3: 6d677071 ($5 in chips)
Seat 4: Hero ($5 in chips)
Seat 5: f6a8ac7 ($1.33 in chips)
Seat 6: 36fd6f08 ($5.12 in chips)
60241c66: posts small blind $0.02
6c6b8bda: posts big blind $0.05
*** HOLE CARDS ***
Dealt to 60241c66 
Dealt to 6c6b8bda 
Dealt to 6d677071 
Dealt to Hero [7c 7s]
Dealt to f6a8ac7 
Dealt to 36fd6f08 
6d677071: raises $0.1 to $0.15
Hero: folds
f6a8ac7: folds
36fd6f08: folds
60241c66: folds
6c6b8bda: calls $0.1
*** FLOP *** [5h 4s 3d]
6c6b8bda: bets $0.32
6d677071: folds
Uncalled bet ($0.32) returned to 6c6b8bda
*** SHOWDOWN ***
6c6b8bda collected $0.31 from pot
*** SUMMARY ***
Total pot $0.32 | Rake $0.01 | Jackpot $0 | Bingo $0 | Fortune $0 | Tax $0
Board [5h 4s 3d]
Seat 1: 60241c66 (small blind) folded before Flop
Seat 2: 6c6b8bda (big blind) won ($0.31)
Seat 3: 6d677071 folded on the Flop
Seat 4: Hero folded before Flop (didn't bet)
Seat 5: f6a8ac7 folded before Flop (didn't bet)
Seat 6: 36fd6f08 (button) folded before Flop (didn't bet)


Poker Hand #HD1725962203: Hold'em No Limit ($0.02/$0.05) - 2024/04/11 18:45:28
Table 'NLHBlue70' 6-max Seat #5 is the button
Seat 1: 60241c66 ($10.51 in chips)
Seat 2: 6c6b8bda ($1.32 in chips)
Seat 3: 6d677071 ($5 in chips)
Seat 4: Hero ($5 in chips)
Seat 5: f6a8ac7 ($1.33 in chips)
Seat 6: 36fd6f08 ($4.95 in chips)
36fd6f08: posts small blind $0.02
60241c66: posts big blind $0.05
6c6b8bda: posts big blind $0.05
*** HOLE CARDS ***
Dealt to 60241c66 
Dealt to 6c6b8bda 
Dealt to 6d677071 
Dealt to Hero [Kc 7d]
Dealt to f6a8ac7 
Dealt to 36fd6f08 
6c6b8bda: checks
6d677071: folds
Hero: folds
f6a8ac7: folds
36fd6f08: raises $0.08 to $0.13
60241c66: folds
6c6b8bda: calls $0.08
*** FLOP *** [Kh Td 9d]
36fd6f08: bets $0.16
6c6b8bda: folds
Uncalled bet ($0.16) returned to 36fd6f08
*** SHOWDOWN ***
36fd6f08 collected $0.3 from pot
*** SUMMARY ***
Total pot $0.31 | Rake $0.01 | Jackpot $0 | Bingo $0 | Fortune $0 | Tax $0
Board [Kh Td 9d]
Seat 1: 60241c66 (big blind) folded before Flop
Seat 2: 6c6b8bda folded on the Flop
Seat 3: 6d677071 folded before Flop (didn't bet)
Seat 4: Hero folded before Flop (didn't bet)
Seat 5: f6a8ac7 (button) folded before Flop (didn't bet)
Seat 6: 36fd6f08 (small blind) won ($0.3)


Poker Hand #HD1725962058: Hold'em No Limit ($0.02/$0.05) - 2024/04/11 18:44:29
Table 'NLHBlue70' 6-max Seat #4 is the button
Seat 1: 60241c66 ($10.51 in chips)
Seat 3: 6d677071 ($5 in chips)
Seat 4: Hero ($5.25 in chips)
Seat 5: f6a8ac7 ($1.02 in chips)
Seat 6: 36fd6f08 ($5 in chips)
f6a8ac7: posts small blind $0.02
36fd6f08: posts big blind $0.05
*** HOLE CARDS ***
Dealt to 60241c66 
Dealt to 6d677071 
Dealt to Hero [Jc Jd]
Dealt to f6a8ac7 
Dealt to 36fd6f08 
60241c66: folds
6d677071: folds
Hero: raises $0.08 to $0.13
f6a8ac7: calls $0.11
36fd6f08: folds
*** FLOP *** [9s 4s 8s]
f6a8ac7: checks
Hero: checks
*** TURN *** [9s 4s 8s] [6d]
f6a8ac7: bets $0.16
Hero: calls $0.16
*** RIVER *** [9s 4s 8s 6d] [7d]
f6a8ac7: bets $0.32
Hero: folds
Uncalled bet ($0.32) returned to f6a8ac7
*** SHOWDOWN ***
f6a8ac7 collected $0.6 from pot
*** SUMMARY ***
Total pot $0.63 | Rake $0.03 | Jackpot $0 | Bingo $0 | Fortune $0 | Tax $0
Board [9s 4s 8s 6d 7d]
Seat 1: 60241c66 folded before Flop (didn't bet)
Seat 3: 6d677071 folded before Flop (didn't bet)
Seat 4: Hero (button) folded on the River
Seat 5: f6a8ac7 (small blind) won ($0.6)
Seat 6: 36fd6f08 (big blind) folded before Flop


Poker Hand #HD1725962035: Hold'em No Limit ($0.02/$0.05) - 2024/04/11 18:44:20
Table 'NLHBlue70' 6-max Seat #3 is the button
Seat 1: 60241c66 ($10.51 in chips)
Seat 3: 6d677071 ($5 in chips)
Seat 4: Hero ($5.27 in chips)
Seat 5: f6a8ac7 ($1 in chips)
Seat 6: 36fd6f08 ($5 in chips)
Hero: posts small blind $0.02
f6a8ac7: posts big blind $0.05
*** HOLE CARDS ***
Dealt to 60241c66 
Dealt to 6d677071 
Dealt to Hero [9d 8c]
Dealt to f6a8ac7 
Dealt to 36fd6f08 
36fd6f08: folds
60241c66: folds
6d677071: folds
Hero: folds
Uncalled bet ($0.03) returned to f6a8ac7
*** SHOWDOWN ***
f6a8ac7 collected $0.04 from pot
*** SUMMARY ***
Total pot $0.04 | Rake $0 | Jackpot $0 | Bingo $0 | Fortune $0 | Tax $0
Seat 1: 60241c66 folded before Flop (didn't bet)
Seat 3: 6d677071 (button) folded before Flop (didn't bet)
Seat 4: Hero (small blind) folded before Flop
Seat 5: f6a8ac7 (big blind) collected ($0.04)
Seat 6: 36fd6f08 folded before Flop (didn't bet)


Poker Hand #HD1725961914: Hold'em No Limit ($0.02/$0.05) - 2024/04/11 18:43:35
Table 'NLHBlue70' 6-max Seat #1 is the button
Seat 1: 60241c66 ($10.51 in chips)
Seat 3: 6d677071 ($5.16 in chips)
Seat 4: Hero ($5 in chips)
Seat 6: 36fd6f08 ($5 in chips)
6d677071: posts small blind $0.02
Hero: posts big blind $0.05
*** HOLE CARDS ***
Dealt to 60241c66 
Dealt to 6d677071 
Dealt to Hero [Kd 9c]
Dealt to 36fd6f08 
36fd6f08: folds
60241c66: folds
6d677071: raises $0.1 to $0.15
Hero: calls $0.1
*** FLOP *** [5s 4d 4s]
6d677071: checks
Hero: bets $0.15
6d677071: calls $0.15
*** TURN *** [5s 4d 4s] [9h]
6d677071: checks
Hero: bets $0.3
6d677071: folds
Uncalled bet ($0.3) returned to Hero
*** SHOWDOWN ***
Hero collected $0.57 from pot
*** SUMMARY ***
Total pot $0.6 | Rake $0.03 | Jackpot $0 | Bingo $0 | Fortune $0 | Tax $0
Board [5s 4d 4s 9h]
Seat 1: 60241c66 (button) folded before Flop (didn't bet)
Seat 3: 6d677071 (small blind) folded on the Turn
Seat 4: Hero (big blind) won ($0.57)
Seat 6: 36fd6f08 folded before Flop (didn't bet)


Poker Hand #HD1725961878: Hold'em No Limit ($0.02/$0.05) - 2024/04/11 18:43:22
Table 'NLHBlue70' 6-max Seat #6 is the button
Seat 1: 60241c66 ($10.53 in chips)
Seat 3: 6d677071 ($5.14 in chips)
Seat 4: Hero ($5 in chips)
Seat 6: 36fd6f08 ($5 in chips)
60241c66: posts small blind $0.02
6d677071: posts big blind $0.05
*** HOLE CARDS ***
Dealt to 60241c66 
Dealt to 6d677071 
Dealt to Hero [7d Kc]
Dealt to 36fd6f08 
Hero: folds
36fd6f08: folds
60241c66: folds
Uncalled bet ($0.03) returned to 6d677071
*** SHOWDOWN ***
6d677071 collected $0.04 from pot
*** SUMMARY ***
Total pot $0.04 | Rake $0 | Jackpot $0 | Bingo $0 | Fortune $0 | Tax $0
Seat 1: 60241c66 (small blind) folded before Flop
Seat 3: 6d677071 (big blind) collected ($0.04)
Seat 4: Hero folded before Flop (didn't bet)
Seat 6: 36fd6f08 (button) folded before Flop (didn't bet)


Poker Hand #HD1725961835: Hold'em No Limit ($0.02/$0.05) - 2024/04/11 18:43:08
Table 'NLHBlue70' 6-max Seat #4 is the button
Seat 1: 60241c66 ($10.51 in chips)
Seat 3: 6d677071 ($5.14 in chips)
Seat 4: Hero ($5 in chips)
Seat 6: 36fd6f08 ($5.02 in chips)
36fd6f08: posts small blind $0.02
60241c66: posts big blind $0.05
*** HOLE CARDS ***
Dealt to 60241c66 
Dealt to 6d677071 
Dealt to Hero [5d 2c]
Dealt to 36fd6f08 
6d677071: folds
Hero: folds
36fd6f08: folds
Uncalled bet ($0.03) returned to 60241c66
*** SHOWDOWN ***
60241c66 collected $0.04 from pot
*** SUMMARY ***
Total pot $0.04 | Rake $0 | Jackpot $0 | Bingo $0 | Fortune $0 | Tax $0
Seat 1: 60241c66 (big blind) collected ($0.04)
Seat 3: 6d677071 folded before Flop (didn't bet)
Seat 4: Hero (button) folded before Flop (didn't bet)
Seat 6: 36fd6f08 (small blind) folded before Flop


Poker Hand #HD1725961814: Hold'em No Limit ($0.02/$0.05) - 2024/04/11 18:43:01
Table 'NLHBlue70' 6-max Seat #3 is the button
Seat 1: 60241c66 ($10.51 in chips)
Seat 3: 6d677071 ($5.14 in chips)
Seat 4: Hero ($5 in chips)
Seat 6: 36fd6f08 ($5 in chips)
Hero: posts small blind $0.02
36fd6f08: posts big blind $0.05
*** HOLE CARDS ***
Dealt to 60241c66 
Dealt to 6d677071 
Dealt to Hero [3h 7c]
Dealt to 36fd6f08 
60241c66: folds
6d677071: folds
Hero: folds
Uncalled bet ($0.03) returned to 36fd6f08
*** SHOWDOWN ***
36fd6f08 collected $0.04 from pot
*** SUMMARY ***
Total pot $0.04 | Rake $0 | Jackpot $0 | Bingo $0 | Fortune $0 | Tax $0
Seat 1: 60241c66 folded before Flop (didn't bet)
Seat 3: 6d677071 (button) folded before Flop (didn't bet)
Seat 4: Hero (small blind) folded before Flop
Seat 6: 36fd6f08 (big blind) collected ($0.04)


Poker Hand #HD1725961776: Hold'em No Limit ($0.02/$0.05) - 2024/04/11 18:42:47
Table 'NLHBlue70' 6-max Seat #1 is the button
Seat 1: 60241c66 ($10.44 in chips)
Seat 3: 6d677071 ($5.16 in chips)
Seat 4: Hero ($5 in chips)
Seat 6: 36fd6f08 ($5 in chips)
6d677071: posts small blind $0.02
Hero: posts big blind $0.05
*** HOLE CARDS ***
Dealt to 60241c66 
Dealt to 6d677071 
Dealt to Hero [8d 4c]
Dealt to 36fd6f08 
36fd6f08: folds
60241c66: raises $0.08 to $0.13
6d677071: folds
Hero: folds
Uncalled bet ($0.08) returned to 60241c66
*** SHOWDOWN ***
60241c66 collected $0.12 from pot
*** SUMMARY ***
Total pot $0.12 | Rake $0 | Jackpot $0 | Bingo $0 | Fortune $0 | Tax $0
Seat 1: 60241c66 (button) collected ($0.12)
Seat 3: 6d677071 (small blind) folded before Flop
Seat 4: Hero (big blind) folded before Flop
Seat 6: 36fd6f08 folded before Flop (didn't bet)


Poker Hand #HD1725961694: Hold'em No Limit ($0.02/$0.05) - 2024/04/11 18:42:18
Table 'NLHBlue70' 6-max Seat #6 is the button
Seat 1: 60241c66 ($10.46 in chips)
Seat 3: 6d677071 ($5 in chips)
Seat 4: Hero ($5 in chips)
Seat 6: 36fd6f08 ($4.58 in chips)
60241c66: posts small blind $0.02
6d677071: posts big blind $0.05
*** HOLE CARDS ***
Dealt to 60241c66 
Dealt to 6d677071 
Dealt to Hero [7c 4d]
Dealt to 36fd6f08 
Hero: folds
36fd6f08: raises $0.1 to $0.15
60241c66: folds
6d677071: raises $0.5 to $0.65
36fd6f08: folds
Uncalled bet ($0.5) returned to 6d677071
*** SHOWDOWN ***
6d677071 collected $0.31 from pot
*** SUMMARY ***
Total pot $0.32 | Rake $0.01 | Jackpot $0 | Bingo $0 | Fortune $0 | Tax $0
Seat 1: 60241c66 (small blind) folded before Flop
Seat 3: 6d677071 (big blind) collected ($0.31)
Seat 4: Hero folded before Flop (didn't bet)
Seat 6: 36fd6f08 (button) folded before Flop


Poker Hand #HD1725961635: Hold'em No Limit ($0.02/$0.05) - 2024/04/11 18:41:55
Table 'NLHBlue70' 6-max Seat #5 is the button
Seat 1: 60241c66 ($10.44 in chips)
Seat 2: bf84fbed ($6.7 in chips)
Seat 3: 6d677071 ($5 in chips)
Seat 4: Hero ($5 in chips)
Seat 5: 81e13e98 ($5.41 in chips)
Seat 6: 36fd6f08 ($4.6 in chips)
36fd6f08: posts small blind $0.02
60241c66: posts big blind $0.05
*** HOLE CARDS ***
Dealt to 60241c66 
Dealt to bf84fbed 
Dealt to 6d677071 
Dealt to Hero [2s Qd]
Dealt to 81e13e98 
Dealt to 36fd6f08 
bf84fbed: folds
6d677071: folds
Hero: folds
81e13e98: folds
36fd6f08: folds
Uncalled bet ($0.03) returned to 60241c66
*** SHOWDOWN ***
60241c66 collected $0.04 from pot
*** SUMMARY ***
Total pot $0.04 | Rake $0 | Jackpot $0 | Bingo $0 | Fortune $0 | Tax $0
Seat 1: 60241c66 (big blind) collected ($0.04)
Seat 2: bf84fbed folded before Flop (didn't bet)
Seat 3: 6d677071 folded before Flop (didn't bet)
Seat 4: Hero folded before Flop (didn't bet)
Seat 5: 81e13e98 (button) folded before Flop (didn't bet)
Seat 6: 36fd6f08 (small blind) folded before Flop


Poker Hand #HD1725961473: Hold'em No Limit ($0.02/$0.05) - 2024/04/11 18:41:00
Table 'NLHBlue70' 6-max Seat #4 is the button
Seat 1: 60241c66 ($10.54 in chips)
Seat 2: bf84fbed ($6.7 in chips)
Seat 3: 6d677071 ($5 in chips)
Seat 4: Hero ($5 in chips)
Seat 5: 81e13e98 ($4.95 in chips)
Seat 6: 36fd6f08 ($5 in chips)
81e13e98: posts small blind $0.02
36fd6f08: posts big blind $0.05
*** HOLE CARDS ***
Dealt to 60241c66 
Dealt to bf84fbed 
Dealt to 6d677071 
Dealt to Hero [4s 6c]
Dealt to 81e13e98 
Dealt to 36fd6f08 
60241c66: raises $0.05 to $0.1
bf84fbed: folds
6d677071: folds
Hero: folds
81e13e98: calls $0.08
36fd6f08: raises $0.3 to $0.4
60241c66: folds
81e13e98: raises $0.6 to $1
36fd6f08: folds
Uncalled bet ($0.6) returned to 81e13e98
*** SHOWDOWN ***
81e13e98 collected $0.86 from pot
*** SUMMARY ***
Total pot $0.9 | Rake $0.04 | Jackpot $0 | Bingo $0 | Fortune $0 | Tax $0
Seat 1: 60241c66 folded before Flop
Seat 2: bf84fbed folded before Flop (didn't bet)
Seat 3: 6d677071 folded before Flop (didn't bet)
Seat 4: Hero (button) folded before Flop (didn't bet)
Seat 5: 81e13e98 (small blind) collected ($0.86)
Seat 6: 36fd6f08 (big blind) folded before Flop


Poker Hand #HD1725961417: Hold'em No Limit ($0.02/$0.05) - 2024/04/11 18:40:40
Table 'NLHBlue70' 6-max Seat #3 is the button
Seat 1: 60241c66 ($10.54 in chips)
Seat 2: bf84fbed ($6.7 in chips)
Seat 3: 6d677071 ($5 in chips)
Seat 4: Hero ($5 in chips)
Seat 5: 81e13e98 ($5 in chips)
Seat 6: 36fd6f08 ($4.93 in chips)
Hero: posts small blind $0.02
81e13e98: posts big blind $0.05
*** HOLE CARDS ***
Dealt to 60241c66 
Dealt to bf84fbed 
Dealt to 6d677071 
Dealt to Hero [Jd 2c]
Dealt to 81e13e98 
Dealt to 36fd6f08 
36fd6f08: raises $0.1 to $0.15
60241c66: folds
bf84fbed: folds
6d677071: folds
Hero: folds
81e13e98: folds
Uncalled bet ($0.1) returned to 36fd6f08
*** SHOWDOWN ***
36fd6f08 collected $0.12 from pot
*** SUMMARY ***
Total pot $0.12 | Rake $0 | Jackpot $0 | Bingo $0 | Fortune $0 | Tax $0
Seat 1: 60241c66 folded before Flop (didn't bet)
Seat 2: bf84fbed folded before Flop (didn't bet)
Seat 3: 6d677071 (button) folded before Flop (didn't bet)
Seat 4: Hero (small blind) folded before Flop
Seat 5: 81e13e98 (big blind) folded before Flop
Seat 6: 36fd6f08 collected ($0.12)


Poker Hand #HD1725961327: Hold'em No Limit ($0.02/$0.05) - 2024/04/11 18:40:08
Table 'NLHBlue70' 6-max Seat #2 is the button
Seat 1: 60241c66 ($10.54 in chips)
Seat 2: bf84fbed ($6.2 in chips)
Seat 3: 6d677071 ($5.21 in chips)
Seat 4: Hero ($5 in chips)
Seat 6: 36fd6f08 ($4.93 in chips)
6d677071: posts small blind $0.02
Hero: posts big blind $0.05
*** HOLE CARDS ***
Dealt to 60241c66 
Dealt to bf84fbed 
Dealt to 6d677071 
Dealt to Hero [Jh 9c]
Dealt to 36fd6f08 
36fd6f08: folds
60241c66: folds
bf84fbed: raises $0.08 to $0.13
6d677071: raises $0.37 to $0.5
Hero: folds
bf84fbed: raises $0.63 to $1.13
6d677071: folds
Uncalled bet ($0.63) returned to bf84fbed
*** SHOWDOWN ***
bf84fbed collected $1 from pot
*** SUMMARY ***
Total pot $1.05 | Rake $0.05 | Jackpot $0 | Bingo $0 | Fortune $0 | Tax $0
Seat 1: 60241c66 folded before Flop (didn't bet)
Seat 2: bf84fbed (button) collected ($1)
Seat 3: 6d677071 (small blind) folded before Flop
Seat 4: Hero (big blind) folded before Flop
Seat 6: 36fd6f08 folded before Flop (didn't bet)


