Poker Hand #HD1849598215: Hold'em No Limit ($0.05/$0.1) - 2024/07/09 13:04:09
Table 'NLHRed1' 6-max Seat #6 is the button
Seat 1: fe6a01d8 ($20.92 in chips)
Seat 2: 1caffd7 ($10 in chips)
Seat 3: 7cfc98dd ($16.08 in chips)
Seat 4: 5842ac07 ($10.32 in chips)
Seat 5: Hero ($10 in chips)
Seat 6: 2dc72d79 ($5.51 in chips)
fe6a01d8: posts small blind $0.05
1caffd7: posts big blind $0.1
*** HOLE CARDS ***
Dealt to fe6a01d8 
Dealt to 1caffd7 
Dealt to 7cfc98dd 
Dealt to 5842ac07 
Dealt to Hero [8d Qh]
Dealt to 2dc72d79 
7cfc98dd: folds
5842ac07: folds
Hero: folds
2dc72d79: raises $0.15 to $0.25
fe6a01d8: folds
1caffd7: calls $0.15
*** FLOP *** [Js Tc 7h]
1caffd7: bets $0.19
2dc72d79: raises $0.47 to $0.66
1caffd7: folds
Uncalled bet ($0.47) returned to 2dc72d79
*** SHOWDOWN ***
2dc72d79 collected $0.89 from pot
*** SUMMARY ***
Total pot $0.93 | Rake $0.04 | Jackpot $0 | Bingo $0 | Fortune $0 | Tax $0
Board [Js Tc 7h]
Seat 1: fe6a01d8 (small blind) folded before Flop
Seat 2: 1caffd7 (big blind) folded on the Flop
Seat 3: 7cfc98dd folded before Flop (didn't bet)
Seat 4: 5842ac07 folded before Flop (didn't bet)
Seat 5: Hero folded before Flop (didn't bet)
Seat 6: 2dc72d79 (button) won ($0.89)


Poker Hand #HD1849598147: Hold'em No Limit ($0.05/$0.1) - 2024/07/09 13:03:40
Table 'NLHRed1' 6-max Seat #5 is the button
Seat 1: fe6a01d8 ($19.97 in chips)
Seat 3: 7cfc98dd ($16.08 in chips)
Seat 4: 5842ac07 ($10.32 in chips)
Seat 5: Hero ($10 in chips)
Seat 6: 2dc72d79 ($5.56 in chips)
2dc72d79: posts small blind $0.05
fe6a01d8: posts big blind $0.1
*** HOLE CARDS ***
Dealt to fe6a01d8 
Dealt to 7cfc98dd 
Dealt to 5842ac07 
Dealt to Hero [Qc Kc]
Dealt to 2dc72d79 
7cfc98dd: folds
5842ac07: folds
Hero: raises $0.14 to $0.24
2dc72d79: folds
fe6a01d8: raises $0.76 to $1
Hero: calls $0.76
*** FLOP *** [4d Ts 2h]
fe6a01d8: bets $0.68
Hero: folds
Uncalled bet ($0.68) returned to fe6a01d8
*** SHOWDOWN ***
fe6a01d8 collected $1.95 from pot
*** SUMMARY ***
Total pot $2.05 | Rake $0.1 | Jackpot $0 | Bingo $0 | Fortune $0 | Tax $0
Board [4d Ts 2h]
Seat 1: fe6a01d8 (big blind) won ($1.95)
Seat 3: 7cfc98dd folded before Flop (didn't bet)
Seat 4: 5842ac07 folded before Flop (didn't bet)
Seat 5: Hero (button) folded on the Flop
Seat 6: 2dc72d79 (small blind) folded before Flop


Poker Hand #HD1849598123: Hold'em No Limit ($0.05/$0.1) - 2024/07/09 13:03:29
Table 'NLHRed1' 6-max Seat #4 is the button
Seat 1: fe6a01d8 ($19.97 in chips)
Seat 3: 7cfc98dd ($16.08 in chips)
Seat 4: 5842ac07 ($10.32 in chips)
Seat 5: Hero ($10 in chips)
Seat 6: 2dc72d79 ($5.51 in chips)
Hero: posts small blind $0.05
2dc72d79: posts big blind $0.1
*** HOLE CARDS ***
Dealt to fe6a01d8 
Dealt to 7cfc98dd 
Dealt to 5842ac07 
Dealt to Hero [6h Qs]
Dealt to 2dc72d79 
fe6a01d8: folds
7cfc98dd: folds
5842ac07: folds
Hero: folds
Uncalled bet ($0.05) returned to 2dc72d79
*** SHOWDOWN ***
2dc72d79 collected $0.1 from pot
*** SUMMARY ***
Total pot $0.1 | Rake $0 | Jackpot $0 | Bingo $0 | Fortune $0 | Tax $0
Seat 1: fe6a01d8 folded before Flop (didn't bet)
Seat 3: 7cfc98dd folded before Flop (didn't bet)
Seat 4: 5842ac07 (button) folded before Flop (didn't bet)
Seat 5: Hero (small blind) folded before Flop
Seat 6: 2dc72d79 (big blind) collected ($0.1)


Poker Hand #HD1849598084: Hold'em No Limit ($0.05/$0.1) - 2024/07/09 13:03:11
Table 'NLHRed1' 6-max Seat #3 is the button
Seat 1: fe6a01d8 ($19.97 in chips)
Seat 3: 7cfc98dd ($16.33 in chips)
Seat 4: 5842ac07 ($10 in chips)
Seat 5: Hero ($10 in chips)
Seat 6: 2dc72d79 ($5.51 in chips)
5842ac07: posts small blind $0.05
Hero: posts big blind $0.1
*** HOLE CARDS ***
Dealt to fe6a01d8 
Dealt to 7cfc98dd 
Dealt to 5842ac07 
Dealt to Hero [5s 4c]
Dealt to 2dc72d79 
2dc72d79: folds
fe6a01d8: folds
7cfc98dd: raises $0.15 to $0.25
5842ac07: raises $0.6 to $0.85
Hero: folds
7cfc98dd: folds
Uncalled bet ($0.6) returned to 5842ac07
*** SHOWDOWN ***
5842ac07 collected $0.57 from pot
*** SUMMARY ***
Total pot $0.6 | Rake $0.03 | Jackpot $0 | Bingo $0 | Fortune $0 | Tax $0
Seat 1: fe6a01d8 folded before Flop (didn't bet)
Seat 3: 7cfc98dd (button) folded before Flop
Seat 4: 5842ac07 (small blind) collected ($0.57)
Seat 5: Hero (big blind) folded before Flop
Seat 6: 2dc72d79 folded before Flop (didn't bet)


Poker Hand #HD1849597952: Hold'em No Limit ($0.05/$0.1) - 2024/07/09 13:02:11
Table 'NLHRed1' 6-max Seat #1 is the button
Seat 1: fe6a01d8 ($19.97 in chips)
Seat 3: 7cfc98dd ($13.01 in chips)
Seat 4: 5842ac07 ($10.38 in chips)
Seat 5: Hero ($10 in chips)
Seat 6: 2dc72d79 ($5.51 in chips)
7cfc98dd: posts small blind $0.05
5842ac07: posts big blind $0.1
*** HOLE CARDS ***
Dealt to fe6a01d8 
Dealt to 7cfc98dd 
Dealt to 5842ac07 
Dealt to Hero [2s Jd]
Dealt to 2dc72d79 
Hero: folds
2dc72d79: folds
fe6a01d8: folds
7cfc98dd: raises $0.2 to $0.3
5842ac07: calls $0.2
*** FLOP *** [Ks Kd Qh]
7cfc98dd: bets $0.4
5842ac07: calls $0.4
*** TURN *** [Ks Kd Qh] [7c]
7cfc98dd: bets $0.93
5842ac07: calls $0.93
*** RIVER *** [Ks Kd Qh 7c] [Qs]
7cfc98dd: bets $2.16
5842ac07: calls $2.16
7cfc98dd: shows [9c Kh] (Kings Full over Queens)
5842ac07: shows [Js Qc] (Queens Full over Kings)
*** SHOWDOWN ***
7cfc98dd collected $7.11 from pot
*** SUMMARY ***
Total pot $7.58 | Rake $0.37 | Jackpot $0.1 | Bingo $0 | Fortune $0 | Tax $0
Board [Ks Kd Qh 7c Qs]
Seat 1: fe6a01d8 (button) folded before Flop (didn't bet)
Seat 3: 7cfc98dd (small blind) showed [9c Kh] and won ($7.11) with Kings Full over Queens
Seat 4: 5842ac07 (big blind) showed [Js Qc] and lost with Queens Full over Kings
Seat 5: Hero folded before Flop (didn't bet)
Seat 6: 2dc72d79 folded before Flop (didn't bet)


Poker Hand #HD1849597926: Hold'em No Limit ($0.05/$0.1) - 2024/07/09 13:01:59
Table 'NLHRed1' 6-max Seat #6 is the button
Seat 1: fe6a01d8 ($20.02 in chips)
Seat 3: 7cfc98dd ($12.96 in chips)
Seat 4: 5842ac07 ($10.38 in chips)
Seat 5: Hero ($10 in chips)
Seat 6: 2dc72d79 ($5.51 in chips)
fe6a01d8: posts small blind $0.05
7cfc98dd: posts big blind $0.1
*** HOLE CARDS ***
Dealt to fe6a01d8 
Dealt to 7cfc98dd 
Dealt to 5842ac07 
Dealt to Hero [9s 8h]
Dealt to 2dc72d79 
5842ac07: folds
Hero: folds
2dc72d79: folds
fe6a01d8: folds
Uncalled bet ($0.05) returned to 7cfc98dd
*** SHOWDOWN ***
7cfc98dd collected $0.1 from pot
*** SUMMARY ***
Total pot $0.1 | Rake $0 | Jackpot $0 | Bingo $0 | Fortune $0 | Tax $0
Seat 1: fe6a01d8 (small blind) folded before Flop
Seat 3: 7cfc98dd (big blind) collected ($0.1)
Seat 4: 5842ac07 folded before Flop (didn't bet)
Seat 5: Hero folded before Flop (didn't bet)
Seat 6: 2dc72d79 (button) folded before Flop (didn't bet)


Poker Hand #HD1849597892: Hold'em No Limit ($0.05/$0.1) - 2024/07/09 13:01:47
Table 'NLHRed1' 6-max Seat #5 is the button
Seat 1: fe6a01d8 ($19.97 in chips)
Seat 3: 7cfc98dd ($12.96 in chips)
Seat 4: 5842ac07 ($10.38 in chips)
Seat 5: Hero ($10 in chips)
Seat 6: 2dc72d79 ($5.56 in chips)
2dc72d79: posts small blind $0.05
fe6a01d8: posts big blind $0.1
*** HOLE CARDS ***
Dealt to fe6a01d8 
Dealt to 7cfc98dd 
Dealt to 5842ac07 
Dealt to Hero [Qh 7d]
Dealt to 2dc72d79 
7cfc98dd: folds
5842ac07: folds
Hero: folds
2dc72d79: folds
Uncalled bet ($0.05) returned to fe6a01d8
*** SHOWDOWN ***
fe6a01d8 collected $0.1 from pot
*** SUMMARY ***
Total pot $0.1 | Rake $0 | Jackpot $0 | Bingo $0 | Fortune $0 | Tax $0
Seat 1: fe6a01d8 (big blind) collected ($0.1)
Seat 3: 7cfc98dd folded before Flop (didn't bet)
Seat 4: 5842ac07 folded before Flop (didn't bet)
Seat 5: Hero (button) folded before Flop (didn't bet)
Seat 6: 2dc72d79 (small blind) folded before Flop


Poker Hand #HD1849597864: Hold'em No Limit ($0.05/$0.1) - 2024/07/09 13:01:35
Table 'NLHRed1' 6-max Seat #4 is the button
Seat 1: fe6a01d8 ($19.97 in chips)
Seat 3: 7cfc98dd ($12.96 in chips)
Seat 4: 5842ac07 ($10.23 in chips)
Seat 5: Hero ($10 in chips)
Seat 6: 2dc72d79 ($5.66 in chips)
Hero: posts small blind $0.05
2dc72d79: posts big blind $0.1
*** HOLE CARDS ***
Dealt to fe6a01d8 
Dealt to 7cfc98dd 
Dealt to 5842ac07 
Dealt to Hero [Kc Ts]
Dealt to 2dc72d79 
fe6a01d8: folds
7cfc98dd: folds
5842ac07: raises $0.15 to $0.25
Hero: folds
2dc72d79: folds
Uncalled bet ($0.15) returned to 5842ac07
*** SHOWDOWN ***
5842ac07 collected $0.25 from pot
*** SUMMARY ***
Total pot $0.25 | Rake $0 | Jackpot $0 | Bingo $0 | Fortune $0 | Tax $0
Seat 1: fe6a01d8 folded before Flop (didn't bet)
Seat 3: 7cfc98dd folded before Flop (didn't bet)
Seat 4: 5842ac07 (button) collected ($0.25)
Seat 5: Hero (small blind) folded before Flop
Seat 6: 2dc72d79 (big blind) folded before Flop


Poker Hand #HD1849597816: Hold'em No Limit ($0.05/$0.1) - 2024/07/09 13:01:13
Table 'NLHRed1' 6-max Seat #3 is the button
Seat 1: fe6a01d8 ($19.97 in chips)
Seat 2: 549758d7 ($9.41 in chips)
Seat 3: 7cfc98dd ($12.96 in chips)
Seat 4: 5842ac07 ($10.13 in chips)
Seat 5: Hero ($10 in chips)
Seat 6: 2dc72d79 ($5.66 in chips)
5842ac07: posts small blind $0.05
Hero: posts big blind $0.1
*** HOLE CARDS ***
Dealt to fe6a01d8 
Dealt to 549758d7 
Dealt to 7cfc98dd 
Dealt to 5842ac07 
Dealt to Hero [3c 6d]
Dealt to 2dc72d79 
2dc72d79: folds
fe6a01d8: folds
549758d7: folds
7cfc98dd: folds
5842ac07: raises $0.2 to $0.3
Hero: folds
Uncalled bet ($0.2) returned to 5842ac07
*** SHOWDOWN ***
5842ac07 collected $0.2 from pot
*** SUMMARY ***
Total pot $0.2 | Rake $0 | Jackpot $0 | Bingo $0 | Fortune $0 | Tax $0
Seat 1: fe6a01d8 folded before Flop (didn't bet)
Seat 2: 549758d7 folded before Flop (didn't bet)
Seat 3: 7cfc98dd (button) folded before Flop (didn't bet)
Seat 4: 5842ac07 (small blind) collected ($0.2)
Seat 5: Hero (big blind) folded before Flop
Seat 6: 2dc72d79 folded before Flop (didn't bet)


