Poker Hand #HD1826854105: Hold'em No Limit ($0.05/$0.1) - 2024/06/22 19:43:31
Table 'NLHRed34' 6-max Seat #6 is the button
Seat 1: 3fcefd30 ($10 in chips)
Seat 2: ba33e83a ($10.39 in chips)
Seat 3: 84701d1c ($10.22 in chips)
Seat 4: Hero ($16.29 in chips)
Seat 5: 419dbe6f ($12.23 in chips)
Seat 6: 233ab980 ($10.32 in chips)
3fcefd30: posts small blind $0.05
ba33e83a: posts big blind $0.1
*** HOLE CARDS ***
Dealt to 3fcefd30 
Dealt to ba33e83a 
Dealt to 84701d1c 
Dealt to Hero [4d 6h]
Dealt to 419dbe6f 
Dealt to 233ab980 
84701d1c: folds
Hero: folds
419dbe6f: raises $0.15 to $0.25
233ab980: raises $0.65 to $0.9
3fcefd30: folds
ba33e83a: folds
419dbe6f: folds
Uncalled bet ($0.65) returned to 233ab980
*** SHOWDOWN ***
233ab980 collected $0.62 from pot
*** SUMMARY ***
Total pot $0.65 | Rake $0.03 | Jackpot $0 | Bingo $0 | Fortune $0 | Tax $0
Seat 1: 3fcefd30 (small blind) folded before Flop
Seat 2: ba33e83a (big blind) folded before Flop
Seat 3: 84701d1c folded before Flop (didn't bet)
Seat 4: Hero folded before Flop (didn't bet)
Seat 5: 419dbe6f folded before Flop
Seat 6: 233ab980 (button) collected ($0.62)


Poker Hand #HD1826854020: Hold'em No Limit ($0.05/$0.1) - 2024/06/22 19:42:46
Table 'NLHRed34' 6-max Seat #5 is the button
Seat 1: 3fcefd30 ($10 in chips)
Seat 2: ba33e83a ($10.39 in chips)
Seat 3: 84701d1c ($10.22 in chips)
Seat 4: Hero ($16.29 in chips)
Seat 5: 419dbe6f ($11.86 in chips)
Seat 6: 233ab980 ($10.37 in chips)
233ab980: posts small blind $0.05
3fcefd30: posts big blind $0.1
*** HOLE CARDS ***
Dealt to 3fcefd30 
Dealt to ba33e83a 
Dealt to 84701d1c 
Dealt to Hero [3c 9c]
Dealt to 419dbe6f 
Dealt to 233ab980 
ba33e83a: folds
84701d1c: folds
Hero: folds
419dbe6f: raises $0.1 to $0.2
233ab980: folds
3fcefd30: calls $0.1
*** FLOP *** [8c Qc As]
3fcefd30: checks
419dbe6f: checks
*** TURN *** [8c Qc As] [Qs]
3fcefd30: bets $0.15
419dbe6f: calls $0.15
*** RIVER *** [8c Qc As Qs] [5h]
3fcefd30: checks
419dbe6f: checks
3fcefd30: shows [4s 5s] (Pair of Queens and Pair of Fives)
419dbe6f: shows [6h 8d] (Pair of Queens and Pair of Eights)
*** SHOWDOWN ***
419dbe6f collected $0.72 from pot
*** SUMMARY ***
Total pot $0.75 | Rake $0.03 | Jackpot $0 | Bingo $0 | Fortune $0 | Tax $0
Board [8c Qc As Qs 5h]
Seat 1: 3fcefd30 (big blind) showed [4s 5s] and lost with Pair of Queens and Pair of Fives
Seat 2: ba33e83a folded before Flop (didn't bet)
Seat 3: 84701d1c folded before Flop (didn't bet)
Seat 4: Hero folded before Flop (didn't bet)
Seat 5: 419dbe6f (button) showed [6h 8d] and won ($0.72) with Pair of Queens and Pair of Eights
Seat 6: 233ab980 (small blind) folded before Flop


Poker Hand #HD1826853978: Hold'em No Limit ($0.05/$0.1) - 2024/06/22 19:42:27
Table 'NLHRed34' 6-max Seat #4 is the button
Seat 1: 3fcefd30 ($10 in chips)
Seat 2: ba33e83a ($10.02 in chips)
Seat 3: 84701d1c ($10.22 in chips)
Seat 4: Hero ($16.29 in chips)
Seat 5: 419dbe6f ($11.91 in chips)
Seat 6: 233ab980 ($10.47 in chips)
419dbe6f: posts small blind $0.05
233ab980: posts big blind $0.1
*** HOLE CARDS ***
Dealt to 3fcefd30 
Dealt to ba33e83a 
Dealt to 84701d1c 
Dealt to Hero [7d Ad]
Dealt to 419dbe6f 
Dealt to 233ab980 
3fcefd30: raises $0.15 to $0.25
ba33e83a: raises $0.55 to $0.8
84701d1c: folds
Hero: folds
419dbe6f: folds
233ab980: folds
3fcefd30: folds
Uncalled bet ($0.55) returned to ba33e83a
*** SHOWDOWN ***
ba33e83a collected $0.62 from pot
*** SUMMARY ***
Total pot $0.65 | Rake $0.03 | Jackpot $0 | Bingo $0 | Fortune $0 | Tax $0
Seat 1: 3fcefd30 folded before Flop
Seat 2: ba33e83a collected ($0.62)
Seat 3: 84701d1c folded before Flop (didn't bet)
Seat 4: Hero (button) folded before Flop (didn't bet)
Seat 5: 419dbe6f (small blind) folded before Flop
Seat 6: 233ab980 (big blind) folded before Flop


Poker Hand #HD1826853939: Hold'em No Limit ($0.05/$0.1) - 2024/06/22 19:42:05
Table 'NLHRed34' 6-max Seat #3 is the button
Seat 1: 3fcefd30 ($10 in chips)
Seat 2: ba33e83a ($10.02 in chips)
Seat 3: 84701d1c ($10.22 in chips)
Seat 4: Hero ($16.34 in chips)
Seat 5: 419dbe6f ($11.86 in chips)
Seat 6: 233ab980 ($10.47 in chips)
Hero: posts small blind $0.05
419dbe6f: posts big blind $0.1
*** HOLE CARDS ***
Dealt to 3fcefd30 
Dealt to ba33e83a 
Dealt to 84701d1c 
Dealt to Hero [8c 6h]
Dealt to 419dbe6f 
Dealt to 233ab980 
233ab980: folds
3fcefd30: folds
ba33e83a: folds
84701d1c: folds
Hero: folds
Uncalled bet ($0.05) returned to 419dbe6f
*** SHOWDOWN ***
419dbe6f collected $0.1 from pot
*** SUMMARY ***
Total pot $0.1 | Rake $0 | Jackpot $0 | Bingo $0 | Fortune $0 | Tax $0
Seat 1: 3fcefd30 folded before Flop (didn't bet)
Seat 2: ba33e83a folded before Flop (didn't bet)
Seat 3: 84701d1c (button) folded before Flop (didn't bet)
Seat 4: Hero (small blind) folded before Flop
Seat 5: 419dbe6f (big blind) collected ($0.1)
Seat 6: 233ab980 folded before Flop (didn't bet)


Poker Hand #HD1826853907: Hold'em No Limit ($0.05/$0.1) - 2024/06/22 19:41:51
Table 'NLHRed34' 6-max Seat #2 is the button
Seat 1: 3fcefd30 ($10 in chips)
Seat 2: ba33e83a ($10.02 in chips)
Seat 3: 84701d1c ($10.27 in chips)
Seat 4: Hero ($16.44 in chips)
Seat 5: 419dbe6f ($11.71 in chips)
Seat 6: 233ab980 ($10.47 in chips)
84701d1c: posts small blind $0.05
Hero: posts big blind $0.1
*** HOLE CARDS ***
Dealt to 3fcefd30 
Dealt to ba33e83a 
Dealt to 84701d1c 
Dealt to Hero [Th 8s]
Dealt to 419dbe6f 
Dealt to 233ab980 
419dbe6f: raises $0.15 to $0.25
233ab980: folds
3fcefd30: folds
ba33e83a: folds
84701d1c: folds
Hero: folds
Uncalled bet ($0.15) returned to 419dbe6f
*** SHOWDOWN ***
419dbe6f collected $0.25 from pot
*** SUMMARY ***
Total pot $0.25 | Rake $0 | Jackpot $0 | Bingo $0 | Fortune $0 | Tax $0
Seat 1: 3fcefd30 folded before Flop (didn't bet)
Seat 2: ba33e83a (button) folded before Flop (didn't bet)
Seat 3: 84701d1c (small blind) folded before Flop
Seat 4: Hero (big blind) folded before Flop
Seat 5: 419dbe6f collected ($0.25)
Seat 6: 233ab980 folded before Flop (didn't bet)


Poker Hand #HD1826853881: Hold'em No Limit ($0.05/$0.1) - 2024/06/22 19:41:35
Table 'NLHRed34' 6-max Seat #1 is the button
Seat 1: 3fcefd30 ($10 in chips)
Seat 2: ba33e83a ($10.07 in chips)
Seat 3: 84701d1c ($10.37 in chips)
Seat 4: Hero ($16.44 in chips)
Seat 5: 419dbe6f ($11.56 in chips)
Seat 6: 233ab980 ($10.47 in chips)
ba33e83a: posts small blind $0.05
84701d1c: posts big blind $0.1
*** HOLE CARDS ***
Dealt to 3fcefd30 
Dealt to ba33e83a 
Dealt to 84701d1c 
Dealt to Hero [Qc 5h]
Dealt to 419dbe6f 
Dealt to 233ab980 
Hero: folds
419dbe6f: raises $0.15 to $0.25
233ab980: folds
3fcefd30: folds
ba33e83a: folds
84701d1c: folds
Uncalled bet ($0.15) returned to 419dbe6f
*** SHOWDOWN ***
419dbe6f collected $0.25 from pot
*** SUMMARY ***
Total pot $0.25 | Rake $0 | Jackpot $0 | Bingo $0 | Fortune $0 | Tax $0
Seat 1: 3fcefd30 (button) folded before Flop (didn't bet)
Seat 2: ba33e83a (small blind) folded before Flop
Seat 3: 84701d1c (big blind) folded before Flop
Seat 4: Hero folded before Flop (didn't bet)
Seat 5: 419dbe6f collected ($0.25)
Seat 6: 233ab980 folded before Flop (didn't bet)


Poker Hand #HD1826853830: Hold'em No Limit ($0.05/$0.1) - 2024/06/22 19:41:09
Table 'NLHRed34' 6-max Seat #6 is the button
Seat 1: 3fcefd30 ($10 in chips)
Seat 2: ba33e83a ($10.17 in chips)
Seat 3: 84701d1c ($10.37 in chips)
Seat 4: Hero ($16.44 in chips)
Seat 5: 419dbe6f ($11.56 in chips)
Seat 6: 233ab980 ($10.32 in chips)
3fcefd30: posts small blind $0.05
ba33e83a: posts big blind $0.1
*** HOLE CARDS ***
Dealt to 3fcefd30 
Dealt to ba33e83a 
Dealt to 84701d1c 
Dealt to Hero [6h 7h]
Dealt to 419dbe6f 
Dealt to 233ab980 
84701d1c: folds
Hero: folds
419dbe6f: folds
233ab980: raises $0.15 to $0.25
3fcefd30: folds
ba33e83a: folds
Uncalled bet ($0.15) returned to 233ab980
*** SHOWDOWN ***
233ab980 collected $0.25 from pot
*** SUMMARY ***
Total pot $0.25 | Rake $0 | Jackpot $0 | Bingo $0 | Fortune $0 | Tax $0
Seat 1: 3fcefd30 (small blind) folded before Flop
Seat 2: ba33e83a (big blind) folded before Flop
Seat 3: 84701d1c folded before Flop (didn't bet)
Seat 4: Hero folded before Flop (didn't bet)
Seat 5: 419dbe6f folded before Flop (didn't bet)
Seat 6: 233ab980 (button) collected ($0.25)


Poker Hand #HD1826853763: Hold'em No Limit ($0.05/$0.1) - 2024/06/22 19:40:33
Table 'NLHRed34' 6-max Seat #5 is the button
Seat 1: 3fcefd30 ($10 in chips)
Seat 2: ba33e83a ($10.17 in chips)
Seat 3: 84701d1c ($10.37 in chips)
Seat 4: Hero ($16.68 in chips)
Seat 5: 419dbe6f ($11.56 in chips)
Seat 6: 233ab980 ($10 in chips)
233ab980: posts small blind $0.05
3fcefd30: posts big blind $0.1
*** HOLE CARDS ***
Dealt to 3fcefd30 
Dealt to ba33e83a 
Dealt to 84701d1c 
Dealt to Hero [Qh Th]
Dealt to 419dbe6f 
Dealt to 233ab980 
ba33e83a: folds
84701d1c: folds
Hero: raises $0.14 to $0.24
419dbe6f: folds
233ab980: raises $0.86 to $1.1
3fcefd30: folds
Hero: folds
Uncalled bet ($0.86) returned to 233ab980
*** SHOWDOWN ***
233ab980 collected $0.56 from pot
*** SUMMARY ***
Total pot $0.58 | Rake $0.02 | Jackpot $0 | Bingo $0 | Fortune $0 | Tax $0
Seat 1: 3fcefd30 (big blind) folded before Flop
Seat 2: ba33e83a folded before Flop (didn't bet)
Seat 3: 84701d1c folded before Flop (didn't bet)
Seat 4: Hero folded before Flop
Seat 5: 419dbe6f (button) folded before Flop (didn't bet)
Seat 6: 233ab980 (small blind) collected ($0.56)


Poker Hand #HD1826853695: Hold'em No Limit ($0.05/$0.1) - 2024/06/22 19:39:59
Table 'NLHRed34' 6-max Seat #4 is the button
Seat 1: 3fcefd30 ($10 in chips)
Seat 2: ba33e83a ($10.17 in chips)
Seat 3: 84701d1c ($10.37 in chips)
Seat 4: Hero ($16.92 in chips)
Seat 5: 419dbe6f ($11.24 in chips)
Seat 6: 233ab980 ($10 in chips)
419dbe6f: posts small blind $0.05
233ab980: posts big blind $0.1
*** HOLE CARDS ***
Dealt to 3fcefd30 
Dealt to ba33e83a 
Dealt to 84701d1c 
Dealt to Hero [3c 3h]
Dealt to 419dbe6f 
Dealt to 233ab980 
3fcefd30: folds
ba33e83a: folds
84701d1c: folds
Hero: raises $0.14 to $0.24
419dbe6f: raises $0.58 to $0.82
233ab980: folds
Hero: folds
Uncalled bet ($0.58) returned to 419dbe6f
*** SHOWDOWN ***
419dbe6f collected $0.56 from pot
*** SUMMARY ***
Total pot $0.58 | Rake $0.02 | Jackpot $0 | Bingo $0 | Fortune $0 | Tax $0
Seat 1: 3fcefd30 folded before Flop (didn't bet)
Seat 2: ba33e83a folded before Flop (didn't bet)
Seat 3: 84701d1c folded before Flop (didn't bet)
Seat 4: Hero (button) folded before Flop
Seat 5: 419dbe6f (small blind) collected ($0.56)
Seat 6: 233ab980 (big blind) folded before Flop


Poker Hand #HD1826853652: Hold'em No Limit ($0.05/$0.1) - 2024/06/22 19:39:37
Table 'NLHRed34' 6-max Seat #3 is the button
Seat 1: 3fcefd30 ($10 in chips)
Seat 2: ba33e83a ($10.17 in chips)
Seat 3: 84701d1c ($10.37 in chips)
Seat 4: Hero ($16.97 in chips)
Seat 5: 419dbe6f ($11.19 in chips)
Seat 6: 233ab980 ($10 in chips)
Hero: posts small blind $0.05
419dbe6f: posts big blind $0.1
*** HOLE CARDS ***
Dealt to 3fcefd30 
Dealt to ba33e83a 
Dealt to 84701d1c 
Dealt to Hero [Qh 7s]
Dealt to 419dbe6f 
Dealt to 233ab980 
233ab980: folds
3fcefd30: folds
ba33e83a: folds
84701d1c: folds
Hero: folds
Uncalled bet ($0.05) returned to 419dbe6f
*** SHOWDOWN ***
419dbe6f collected $0.1 from pot
*** SUMMARY ***
Total pot $0.1 | Rake $0 | Jackpot $0 | Bingo $0 | Fortune $0 | Tax $0
Seat 1: 3fcefd30 folded before Flop (didn't bet)
Seat 2: ba33e83a folded before Flop (didn't bet)
Seat 3: 84701d1c (button) folded before Flop (didn't bet)
Seat 4: Hero (small blind) folded before Flop
Seat 5: 419dbe6f (big blind) collected ($0.1)
Seat 6: 233ab980 folded before Flop (didn't bet)


Poker Hand #HD1826853608: Hold'em No Limit ($0.05/$0.1) - 2024/06/22 19:39:13
Table 'NLHRed34' 6-max Seat #2 is the button
Seat 1: 3fcefd30 ($10 in chips)
Seat 2: ba33e83a ($10.17 in chips)
Seat 3: 84701d1c ($10.42 in chips)
Seat 4: Hero ($17.07 in chips)
Seat 5: 419dbe6f ($11.04 in chips)
Seat 6: 233ab980 ($10 in chips)
84701d1c: posts small blind $0.05
Hero: posts big blind $0.1
*** HOLE CARDS ***
Dealt to 3fcefd30 
Dealt to ba33e83a 
Dealt to 84701d1c 
Dealt to Hero [8d 3h]
Dealt to 419dbe6f 
Dealt to 233ab980 
419dbe6f: raises $0.15 to $0.25
233ab980: folds
3fcefd30: folds
ba33e83a: folds
84701d1c: folds
Hero: folds
Uncalled bet ($0.15) returned to 419dbe6f
*** SHOWDOWN ***
419dbe6f collected $0.25 from pot
*** SUMMARY ***
Total pot $0.25 | Rake $0 | Jackpot $0 | Bingo $0 | Fortune $0 | Tax $0
Seat 1: 3fcefd30 folded before Flop (didn't bet)
Seat 2: ba33e83a (button) folded before Flop (didn't bet)
Seat 3: 84701d1c (small blind) folded before Flop
Seat 4: Hero (big blind) folded before Flop
Seat 5: 419dbe6f collected ($0.25)
Seat 6: 233ab980 folded before Flop (didn't bet)


Poker Hand #HD1826853552: Hold'em No Limit ($0.05/$0.1) - 2024/06/22 19:38:42
Table 'NLHRed34' 6-max Seat #1 is the button
Seat 1: 3fcefd30 ($10 in chips)
Seat 2: ba33e83a ($10.07 in chips)
Seat 3: 84701d1c ($10.52 in chips)
Seat 4: Hero ($17.07 in chips)
Seat 5: 419dbe6f ($11.04 in chips)
Seat 6: 233ab980 ($10 in chips)
ba33e83a: posts small blind $0.05
84701d1c: posts big blind $0.1
*** HOLE CARDS ***
Dealt to 3fcefd30 
Dealt to ba33e83a 
Dealt to 84701d1c 
Dealt to Hero [6c Qc]
Dealt to 419dbe6f 
Dealt to 233ab980 
Hero: folds
419dbe6f: folds
233ab980: folds
3fcefd30: folds
ba33e83a: raises $0.2 to $0.3
84701d1c: folds
Uncalled bet ($0.2) returned to ba33e83a
*** SHOWDOWN ***
ba33e83a collected $0.2 from pot
*** SUMMARY ***
Total pot $0.2 | Rake $0 | Jackpot $0 | Bingo $0 | Fortune $0 | Tax $0
Seat 1: 3fcefd30 (button) folded before Flop (didn't bet)
Seat 2: ba33e83a (small blind) collected ($0.2)
Seat 3: 84701d1c (big blind) folded before Flop
Seat 4: Hero folded before Flop (didn't bet)
Seat 5: 419dbe6f folded before Flop (didn't bet)
Seat 6: 233ab980 folded before Flop (didn't bet)


Poker Hand #HD1826853398: Hold'em No Limit ($0.05/$0.1) - 2024/06/22 19:37:24
Table 'NLHRed34' 6-max Seat #6 is the button
Seat 1: 3fcefd30 ($10 in chips)
Seat 2: ba33e83a ($10.17 in chips)
Seat 3: 84701d1c ($10.52 in chips)
Seat 4: Hero ($16.57 in chips)
Seat 5: 419dbe6f ($11.43 in chips)
Seat 6: 233ab980 ($10 in chips)
3fcefd30: posts small blind $0.05
ba33e83a: posts big blind $0.1
*** HOLE CARDS ***
Dealt to 3fcefd30 
Dealt to ba33e83a 
Dealt to 84701d1c 
Dealt to Hero [Kd Jc]
Dealt to 419dbe6f 
Dealt to 233ab980 
84701d1c: folds
Hero: raises $0.1 to $0.2
419dbe6f: calls $0.2
233ab980: folds
3fcefd30: folds
ba33e83a: folds
*** FLOP *** [Qd 6h Js]
Hero: checks
419dbe6f: checks
*** TURN *** [Qd 6h Js] [4h]
Hero: bets $0.19
419dbe6f: calls $0.19
*** RIVER *** [Qd 6h Js 4h] [6s]
Hero: bets $0.4
419dbe6f: folds
Uncalled bet ($0.4) returned to Hero
*** SHOWDOWN ***
Hero collected $0.89 from pot
*** SUMMARY ***
Total pot $0.93 | Rake $0.04 | Jackpot $0 | Bingo $0 | Fortune $0 | Tax $0
Board [Qd 6h Js 4h 6s]
Seat 1: 3fcefd30 (small blind) folded before Flop
Seat 2: ba33e83a (big blind) folded before Flop
Seat 3: 84701d1c folded before Flop (didn't bet)
Seat 4: Hero won ($0.89)
Seat 5: 419dbe6f folded on the River
Seat 6: 233ab980 (button) folded before Flop (didn't bet)


Poker Hand #HD1826853238: Hold'em No Limit ($0.05/$0.1) - 2024/06/22 19:35:57
Table 'NLHRed34' 6-max Seat #5 is the button
Seat 1: 3fcefd30 ($10 in chips)
Seat 2: ba33e83a ($10.17 in chips)
Seat 3: 84701d1c ($10.52 in chips)
Seat 4: Hero ($15.57 in chips)
Seat 5: 419dbe6f ($11.43 in chips)
Seat 6: 233ab980 ($10.43 in chips)
233ab980: posts small blind $0.05
3fcefd30: posts big blind $0.1
*** HOLE CARDS ***
Dealt to 3fcefd30 
Dealt to ba33e83a 
Dealt to 84701d1c 
Dealt to Hero [Ah Ad]
Dealt to 419dbe6f 
Dealt to 233ab980 
ba33e83a: folds
84701d1c: folds
Hero: raises $0.14 to $0.24
419dbe6f: folds
233ab980: raises $0.76 to $1
3fcefd30: folds
Hero: raises $1.4 to $2.4
233ab980: folds
Uncalled bet ($1.4) returned to Hero
*** SHOWDOWN ***
Hero collected $2 from pot
*** SUMMARY ***
Total pot $2.1 | Rake $0.1 | Jackpot $0 | Bingo $0 | Fortune $0 | Tax $0
Seat 1: 3fcefd30 (big blind) folded before Flop
Seat 2: ba33e83a folded before Flop (didn't bet)
Seat 3: 84701d1c folded before Flop (didn't bet)
Seat 4: Hero collected ($2)
Seat 5: 419dbe6f (button) folded before Flop (didn't bet)
Seat 6: 233ab980 (small blind) folded before Flop


Poker Hand #HD1826853190: Hold'em No Limit ($0.05/$0.1) - 2024/06/22 19:35:30
Table 'NLHRed34' 6-max Seat #4 is the button
Seat 2: ba33e83a ($10.17 in chips)
Seat 3: 84701d1c ($10.52 in chips)
Seat 4: Hero ($15.57 in chips)
Seat 5: 419dbe6f ($11.33 in chips)
Seat 6: 233ab980 ($10.53 in chips)
419dbe6f: posts small blind $0.05
233ab980: posts big blind $0.1
*** HOLE CARDS ***
Dealt to ba33e83a 
Dealt to 84701d1c 
Dealt to Hero [Ah 3c]
Dealt to 419dbe6f 
Dealt to 233ab980 
ba33e83a: folds
84701d1c: folds
Hero: folds
419dbe6f: raises $0.15 to $0.25
233ab980: folds
Uncalled bet ($0.15) returned to 419dbe6f
*** SHOWDOWN ***
419dbe6f collected $0.2 from pot
*** SUMMARY ***
Total pot $0.2 | Rake $0 | Jackpot $0 | Bingo $0 | Fortune $0 | Tax $0
Seat 2: ba33e83a folded before Flop (didn't bet)
Seat 3: 84701d1c folded before Flop (didn't bet)
Seat 4: Hero (button) folded before Flop (didn't bet)
Seat 5: 419dbe6f (small blind) collected ($0.2)
Seat 6: 233ab980 (big blind) folded before Flop


Poker Hand #HD1826853084: Hold'em No Limit ($0.05/$0.1) - 2024/06/22 19:34:34
Table 'NLHRed34' 6-max Seat #3 is the button
Seat 1: 65679e35 ($17.23 in chips)
Seat 2: ba33e83a ($10.17 in chips)
Seat 3: 84701d1c ($10.77 in chips)
Seat 4: Hero ($15.62 in chips)
Seat 5: 419dbe6f ($11.05 in chips)
Seat 6: 233ab980 ($10.53 in chips)
Hero: posts small blind $0.05
419dbe6f: posts big blind $0.1
*** HOLE CARDS ***
Dealt to 65679e35 
Dealt to ba33e83a 
Dealt to 84701d1c 
Dealt to Hero [8d 5d]
Dealt to 419dbe6f 
Dealt to 233ab980 
233ab980: folds
65679e35: folds
ba33e83a: folds
84701d1c: raises $0.15 to $0.25
Hero: folds
419dbe6f: calls $0.15
*** FLOP *** [4d 3h 8h]
419dbe6f: checks
84701d1c: checks
*** TURN *** [4d 3h 8h] [7h]
419dbe6f: bets $0.28
84701d1c: folds
Uncalled bet ($0.28) returned to 419dbe6f
*** SHOWDOWN ***
419dbe6f collected $0.53 from pot
*** SUMMARY ***
Total pot $0.55 | Rake $0.02 | Jackpot $0 | Bingo $0 | Fortune $0 | Tax $0
Board [4d 3h 8h 7h]
Seat 1: 65679e35 folded before Flop (didn't bet)
Seat 2: ba33e83a folded before Flop (didn't bet)
Seat 3: 84701d1c (button) folded on the Turn
Seat 4: Hero (small blind) folded before Flop
Seat 5: 419dbe6f (big blind) won ($0.53)
Seat 6: 233ab980 folded before Flop (didn't bet)


Poker Hand #HD1826853000: Hold'em No Limit ($0.05/$0.1) - 2024/06/22 19:33:55
Table 'NLHRed34' 6-max Seat #2 is the button
Seat 1: 65679e35 ($17.23 in chips)
Seat 2: ba33e83a ($10.17 in chips)
Seat 3: 84701d1c ($10 in chips)
Seat 4: Hero ($15.72 in chips)
Seat 5: 419dbe6f ($11.8 in chips)
Seat 6: 233ab980 ($10.53 in chips)
84701d1c: posts small blind $0.05
Hero: posts big blind $0.1
*** HOLE CARDS ***
Dealt to 65679e35 
Dealt to ba33e83a 
Dealt to 84701d1c 
Dealt to Hero [8h Qs]
Dealt to 419dbe6f 
Dealt to 233ab980 
419dbe6f: raises $0.15 to $0.25
233ab980: folds
65679e35: folds
ba33e83a: folds
84701d1c: raises $0.5 to $0.75
Hero: folds
419dbe6f: calls $0.5
*** FLOP *** [Kh 5h Kc]
84701d1c: bets $0.45
419dbe6f: folds
Uncalled bet ($0.45) returned to 84701d1c
*** SHOWDOWN ***
84701d1c collected $1.52 from pot
*** SUMMARY ***
Total pot $1.6 | Rake $0.08 | Jackpot $0 | Bingo $0 | Fortune $0 | Tax $0
Board [Kh 5h Kc]
Seat 1: 65679e35 folded before Flop (didn't bet)
Seat 2: ba33e83a (button) folded before Flop (didn't bet)
Seat 3: 84701d1c (small blind) won ($1.52)
Seat 4: Hero (big blind) folded before Flop
Seat 5: 419dbe6f folded on the Flop
Seat 6: 233ab980 folded before Flop (didn't bet)


Poker Hand #HD1826852859: Hold'em No Limit ($0.05/$0.1) - 2024/06/22 19:32:51
Table 'NLHRed34' 6-max Seat #1 is the button
Seat 1: 65679e35 ($19.83 in chips)
Seat 2: ba33e83a ($10.22 in chips)
Seat 3: 84701d1c ($10 in chips)
Seat 4: Hero ($12.85 in chips)
Seat 5: 419dbe6f ($11.8 in chips)
Seat 6: 233ab980 ($10.53 in chips)
ba33e83a: posts small blind $0.05
84701d1c: posts big blind $0.1
*** HOLE CARDS ***
Dealt to 65679e35 
Dealt to ba33e83a 
Dealt to 84701d1c 
Dealt to Hero [Ad Kc]
Dealt to 419dbe6f 
Dealt to 233ab980 
Hero: raises $0.1 to $0.2
419dbe6f: folds
233ab980: folds
65679e35: raises $0.4 to $0.6
ba33e83a: folds
84701d1c: calls $0.5
Hero: raises $2 to $2.6
65679e35: calls $2
84701d1c: folds
*** FLOP *** [6h 6c 2s]
Hero: bets $1.17
65679e35: folds
Uncalled bet ($1.17) returned to Hero
*** SHOWDOWN ***
Hero collected $5.47 from pot
*** SUMMARY ***
Total pot $5.85 | Rake $0.28 | Jackpot $0.1 | Bingo $0 | Fortune $0 | Tax $0
Board [6h 6c 2s]
Seat 1: 65679e35 (button) folded on the Flop
Seat 2: ba33e83a (small blind) folded before Flop
Seat 3: 84701d1c (big blind) folded before Flop
Seat 4: Hero won ($5.47)
Seat 5: 419dbe6f folded before Flop (didn't bet)
Seat 6: 233ab980 folded before Flop (didn't bet)


Poker Hand #HD1826852764: Hold'em No Limit ($0.05/$0.1) - 2024/06/22 19:32:00
Table 'NLHRed34' 6-max Seat #6 is the button
Seat 1: 65679e35 ($19.88 in chips)
Seat 2: ba33e83a ($10.32 in chips)
Seat 3: 84701d1c ($10.35 in chips)
Seat 4: Hero ($12.85 in chips)
Seat 5: 419dbe6f ($11.25 in chips)
Seat 6: 233ab980 ($10.53 in chips)
65679e35: posts small blind $0.05
ba33e83a: posts big blind $0.1
*** HOLE CARDS ***
Dealt to 65679e35 
Dealt to ba33e83a 
Dealt to 84701d1c 
Dealt to Hero [6s Qs]
Dealt to 419dbe6f 
Dealt to 233ab980 
84701d1c: raises $0.15 to $0.25
Hero: folds
419dbe6f: calls $0.25
233ab980: folds
65679e35: folds
ba33e83a: folds
*** FLOP *** [8h As 3c]
84701d1c: bets $0.2
419dbe6f: calls $0.2
*** TURN *** [8h As 3c] [Ad]
84701d1c: checks
419dbe6f: checks
*** RIVER *** [8h As 3c Ad] [6h]
84701d1c: checks
419dbe6f: bets $0.53
84701d1c: folds
Uncalled bet ($0.53) returned to 419dbe6f
*** SHOWDOWN ***
419dbe6f collected $1 from pot
*** SUMMARY ***
Total pot $1.05 | Rake $0.05 | Jackpot $0 | Bingo $0 | Fortune $0 | Tax $0
Board [8h As 3c Ad 6h]
Seat 1: 65679e35 (small blind) folded before Flop
Seat 2: ba33e83a (big blind) folded before Flop
Seat 3: 84701d1c folded on the River
Seat 4: Hero folded before Flop (didn't bet)
Seat 5: 419dbe6f won ($1)
Seat 6: 233ab980 (button) folded before Flop (didn't bet)


Poker Hand #HD1826852723: Hold'em No Limit ($0.05/$0.1) - 2024/06/22 19:31:39
Table 'NLHRed34' 6-max Seat #5 is the button
Seat 1: 65679e35 ($19.98 in chips)
Seat 2: ba33e83a ($10.32 in chips)
Seat 3: 84701d1c ($10.35 in chips)
Seat 4: Hero ($12.85 in chips)
Seat 5: 419dbe6f ($11.1 in chips)
Seat 6: 233ab980 ($10.58 in chips)
233ab980: posts small blind $0.05
65679e35: posts big blind $0.1
*** HOLE CARDS ***
Dealt to 65679e35 
Dealt to ba33e83a 
Dealt to 84701d1c 
Dealt to Hero [9d 8h]
Dealt to 419dbe6f 
Dealt to 233ab980 
ba33e83a: folds
84701d1c: folds
Hero: folds
419dbe6f: raises $0.1 to $0.2
233ab980: folds
65679e35: folds
Uncalled bet ($0.1) returned to 419dbe6f
*** SHOWDOWN ***
419dbe6f collected $0.25 from pot
*** SUMMARY ***
Total pot $0.25 | Rake $0 | Jackpot $0 | Bingo $0 | Fortune $0 | Tax $0
Seat 1: 65679e35 (big blind) folded before Flop
Seat 2: ba33e83a folded before Flop (didn't bet)
Seat 3: 84701d1c folded before Flop (didn't bet)
Seat 4: Hero folded before Flop (didn't bet)
Seat 5: 419dbe6f (button) collected ($0.25)
Seat 6: 233ab980 (small blind) folded before Flop


Poker Hand #HD1826852680: Hold'em No Limit ($0.05/$0.1) - 2024/06/22 19:31:11
Table 'NLHRed34' 6-max Seat #4 is the button
Seat 1: 65679e35 ($19.98 in chips)
Seat 2: ba33e83a ($10.32 in chips)
Seat 3: 84701d1c ($10.35 in chips)
Seat 4: Hero ($12.7 in chips)
Seat 5: 419dbe6f ($11.15 in chips)
Seat 6: 233ab980 ($10.68 in chips)
419dbe6f: posts small blind $0.05
233ab980: posts big blind $0.1
*** HOLE CARDS ***
Dealt to 65679e35 
Dealt to ba33e83a 
Dealt to 84701d1c 
Dealt to Hero [7c Ac]
Dealt to 419dbe6f 
Dealt to 233ab980 
65679e35: folds
ba33e83a: folds
84701d1c: folds
Hero: raises $0.14 to $0.24
419dbe6f: folds
233ab980: folds
Uncalled bet ($0.14) returned to Hero
*** SHOWDOWN ***
Hero collected $0.25 from pot
*** SUMMARY ***
Total pot $0.25 | Rake $0 | Jackpot $0 | Bingo $0 | Fortune $0 | Tax $0
Seat 1: 65679e35 folded before Flop (didn't bet)
Seat 2: ba33e83a folded before Flop (didn't bet)
Seat 3: 84701d1c folded before Flop (didn't bet)
Seat 4: Hero (button) collected ($0.25)
Seat 5: 419dbe6f (small blind) folded before Flop
Seat 6: 233ab980 (big blind) folded before Flop


Poker Hand #HD1826852638: Hold'em No Limit ($0.05/$0.1) - 2024/06/22 19:30:49
Table 'NLHRed34' 6-max Seat #3 is the button
Seat 1: 65679e35 ($19.98 in chips)
Seat 2: ba33e83a ($10.32 in chips)
Seat 3: 84701d1c ($10.35 in chips)
Seat 4: Hero ($12.75 in chips)
Seat 5: 419dbe6f ($11.1 in chips)
Seat 6: 233ab980 ($10.68 in chips)
Hero: posts small blind $0.05
419dbe6f: posts big blind $0.1
*** HOLE CARDS ***
Dealt to 65679e35 
Dealt to ba33e83a 
Dealt to 84701d1c 
Dealt to Hero [Qs 6h]
Dealt to 419dbe6f 
Dealt to 233ab980 
233ab980: folds
65679e35: folds
ba33e83a: folds
84701d1c: folds
Hero: folds
Uncalled bet ($0.05) returned to 419dbe6f
*** SHOWDOWN ***
419dbe6f collected $0.1 from pot
*** SUMMARY ***
Total pot $0.1 | Rake $0 | Jackpot $0 | Bingo $0 | Fortune $0 | Tax $0
Seat 1: 65679e35 folded before Flop (didn't bet)
Seat 2: ba33e83a folded before Flop (didn't bet)
Seat 3: 84701d1c (button) folded before Flop (didn't bet)
Seat 4: Hero (small blind) folded before Flop
Seat 5: 419dbe6f (big blind) collected ($0.1)
Seat 6: 233ab980 folded before Flop (didn't bet)


Poker Hand #HD1826852607: Hold'em No Limit ($0.05/$0.1) - 2024/06/22 19:30:34
Table 'NLHRed34' 6-max Seat #2 is the button
Seat 1: 65679e35 ($19.98 in chips)
Seat 2: ba33e83a ($10.32 in chips)
Seat 3: 84701d1c ($10.4 in chips)
Seat 4: Hero ($12.7 in chips)
Seat 5: 419dbe6f ($11.1 in chips)
Seat 6: 233ab980 ($10.68 in chips)
84701d1c: posts small blind $0.05
Hero: posts big blind $0.1
*** HOLE CARDS ***
Dealt to 65679e35 
Dealt to ba33e83a 
Dealt to 84701d1c 
Dealt to Hero [9c 2d]
Dealt to 419dbe6f 
Dealt to 233ab980 
419dbe6f: folds
233ab980: folds
65679e35: folds
ba33e83a: folds
84701d1c: folds
Uncalled bet ($0.05) returned to Hero
*** SHOWDOWN ***
Hero collected $0.1 from pot
*** SUMMARY ***
Total pot $0.1 | Rake $0 | Jackpot $0 | Bingo $0 | Fortune $0 | Tax $0
Seat 1: 65679e35 folded before Flop (didn't bet)
Seat 2: ba33e83a (button) folded before Flop (didn't bet)
Seat 3: 84701d1c (small blind) folded before Flop
Seat 4: Hero (big blind) collected ($0.1)
Seat 5: 419dbe6f folded before Flop (didn't bet)
Seat 6: 233ab980 folded before Flop (didn't bet)


Poker Hand #HD1826852497: Hold'em No Limit ($0.05/$0.1) - 2024/06/22 19:29:44
Table 'NLHRed34' 6-max Seat #1 is the button
Seat 1: 65679e35 ($19.98 in chips)
Seat 2: ba33e83a ($10 in chips)
Seat 3: 84701d1c ($10.5 in chips)
Seat 4: Hero ($12.7 in chips)
Seat 5: 419dbe6f ($11.35 in chips)
Seat 6: 233ab980 ($10.68 in chips)
ba33e83a: posts small blind $0.05
84701d1c: posts big blind $0.1
*** HOLE CARDS ***
Dealt to 65679e35 
Dealt to ba33e83a 
Dealt to 84701d1c 
Dealt to Hero [7d Qs]
Dealt to 419dbe6f 
Dealt to 233ab980 
Hero: folds
419dbe6f: raises $0.15 to $0.25
233ab980: folds
65679e35: folds
ba33e83a: raises $0.85 to $1.1
84701d1c: folds
419dbe6f: folds
Uncalled bet ($0.85) returned to ba33e83a
*** SHOWDOWN ***
ba33e83a collected $0.57 from pot
*** SUMMARY ***
Total pot $0.6 | Rake $0.03 | Jackpot $0 | Bingo $0 | Fortune $0 | Tax $0
Seat 1: 65679e35 (button) folded before Flop (didn't bet)
Seat 2: ba33e83a (small blind) collected ($0.57)
Seat 3: 84701d1c (big blind) folded before Flop
Seat 4: Hero folded before Flop (didn't bet)
Seat 5: 419dbe6f folded before Flop
Seat 6: 233ab980 folded before Flop (didn't bet)


Poker Hand #HD1826852349: Hold'em No Limit ($0.05/$0.1) - 2024/06/22 19:28:27
Table 'NLHRed34' 6-max Seat #6 is the button
Seat 1: 65679e35 ($20.43 in chips)
Seat 2: ba33e83a ($10 in chips)
Seat 3: 84701d1c ($10 in chips)
Seat 4: Hero ($12.7 in chips)
Seat 5: 419dbe6f ($11.35 in chips)
Seat 6: 233ab980 ($10.68 in chips)
65679e35: posts small blind $0.05
ba33e83a: posts big blind $0.1
*** HOLE CARDS ***
Dealt to 65679e35 
Dealt to ba33e83a 
Dealt to 84701d1c 
Dealt to Hero [5h Tc]
Dealt to 419dbe6f 
Dealt to 233ab980 
84701d1c: raises $0.15 to $0.25
Hero: folds
419dbe6f: folds
233ab980: folds
65679e35: calls $0.2
ba33e83a: folds
*** FLOP *** [2c 3c Qc]
65679e35: checks
84701d1c: bets $0.2
65679e35: calls $0.2
*** TURN *** [2c 3c Qc] [8d]
65679e35: checks
84701d1c: checks
*** RIVER *** [2c 3c Qc 8d] [Qh]
65679e35: checks
84701d1c: checks
65679e35: shows [Ks Jc] (Pair of Queens)
84701d1c: shows [As Jd] (Pair of Queens)
*** SHOWDOWN ***
84701d1c collected $0.95 from pot
*** SUMMARY ***
Total pot $1 | Rake $0.05 | Jackpot $0 | Bingo $0 | Fortune $0 | Tax $0
Board [2c 3c Qc 8d Qh]
Seat 1: 65679e35 (small blind) showed [Ks Jc] and lost with Pair of Queens
Seat 2: ba33e83a (big blind) folded before Flop
Seat 3: 84701d1c showed [As Jd] and won ($0.95) with Pair of Queens
Seat 4: Hero folded before Flop (didn't bet)
Seat 5: 419dbe6f folded before Flop (didn't bet)
Seat 6: 233ab980 (button) folded before Flop (didn't bet)


Poker Hand #HD1826852227: Hold'em No Limit ($0.05/$0.1) - 2024/06/22 19:27:29
Table 'NLHRed34' 6-max Seat #5 is the button
Seat 1: 65679e35 ($20.53 in chips)
Seat 2: ba33e83a ($10 in chips)
Seat 3: 84701d1c ($11.1 in chips)
Seat 4: Hero ($12.7 in chips)
Seat 5: 419dbe6f ($10.09 in chips)
Seat 6: 233ab980 ($10.73 in chips)
233ab980: posts small blind $0.05
65679e35: posts big blind $0.1
*** HOLE CARDS ***
Dealt to 65679e35 
Dealt to ba33e83a 
Dealt to 84701d1c 
Dealt to Hero [9d Jc]
Dealt to 419dbe6f 
Dealt to 233ab980 
ba33e83a: folds
84701d1c: raises $0.15 to $0.25
Hero: folds
419dbe6f: calls $0.25
233ab980: folds
65679e35: folds
*** FLOP *** [7h 3h 5h]
84701d1c: bets $0.2
419dbe6f: raises $0.79 to $0.99
84701d1c: calls $0.79
*** TURN *** [7h 3h 5h] [9h]
84701d1c: checks
419dbe6f: bets $0.87
84701d1c: folds
Uncalled bet ($0.87) returned to 419dbe6f
*** SHOWDOWN ***
419dbe6f collected $2.5 from pot
*** SUMMARY ***
Total pot $2.63 | Rake $0.13 | Jackpot $0 | Bingo $0 | Fortune $0 | Tax $0
Board [7h 3h 5h 9h]
Seat 1: 65679e35 (big blind) folded before Flop
Seat 2: ba33e83a folded before Flop (didn't bet)
Seat 3: 84701d1c folded on the Turn
Seat 4: Hero folded before Flop (didn't bet)
Seat 5: 419dbe6f (button) won ($2.5)
Seat 6: 233ab980 (small blind) folded before Flop


Poker Hand #HD1826852123: Hold'em No Limit ($0.05/$0.1) - 2024/06/22 19:26:42
Table 'NLHRed34' 6-max Seat #4 is the button
Seat 1: 65679e35 ($20.53 in chips)
Seat 2: ba33e83a ($10 in chips)
Seat 3: 84701d1c ($11.1 in chips)
Seat 4: Hero ($12.94 in chips)
Seat 5: 419dbe6f ($10.14 in chips)
Seat 6: 233ab980 ($10.46 in chips)
419dbe6f: posts small blind $0.05
233ab980: posts big blind $0.1
*** HOLE CARDS ***
Dealt to 65679e35 
Dealt to ba33e83a 
Dealt to 84701d1c 
Dealt to Hero [9d Jh]
Dealt to 419dbe6f 
Dealt to 233ab980 
65679e35: folds
ba33e83a: folds
84701d1c: folds
Hero: raises $0.14 to $0.24
419dbe6f: folds
233ab980: raises $0.76 to $1
Hero: folds
Uncalled bet ($0.76) returned to 233ab980
*** SHOWDOWN ***
233ab980 collected $0.51 from pot
*** SUMMARY ***
Total pot $0.53 | Rake $0.02 | Jackpot $0 | Bingo $0 | Fortune $0 | Tax $0
Seat 1: 65679e35 folded before Flop (didn't bet)
Seat 2: ba33e83a folded before Flop (didn't bet)
Seat 3: 84701d1c folded before Flop (didn't bet)
Seat 4: Hero (button) folded before Flop
Seat 5: 419dbe6f (small blind) folded before Flop
Seat 6: 233ab980 (big blind) collected ($0.51)


Poker Hand #HD1826852074: Hold'em No Limit ($0.05/$0.1) - 2024/06/22 19:26:20
Table 'NLHRed34' 6-max Seat #3 is the button
Seat 1: 65679e35 ($20.53 in chips)
Seat 2: ba33e83a ($10 in chips)
Seat 3: 84701d1c ($11.1 in chips)
Seat 4: Hero ($12.99 in chips)
Seat 5: 419dbe6f ($10.09 in chips)
Seat 6: 233ab980 ($10.46 in chips)
Hero: posts small blind $0.05
419dbe6f: posts big blind $0.1
*** HOLE CARDS ***
Dealt to 65679e35 
Dealt to ba33e83a 
Dealt to 84701d1c 
Dealt to Hero [2s Qh]
Dealt to 419dbe6f 
Dealt to 233ab980 
233ab980: folds
65679e35: folds
ba33e83a: folds
84701d1c: folds
Hero: folds
Uncalled bet ($0.05) returned to 419dbe6f
*** SHOWDOWN ***
419dbe6f collected $0.1 from pot
*** SUMMARY ***
Total pot $0.1 | Rake $0 | Jackpot $0 | Bingo $0 | Fortune $0 | Tax $0
Seat 1: 65679e35 folded before Flop (didn't bet)
Seat 2: ba33e83a folded before Flop (didn't bet)
Seat 3: 84701d1c (button) folded before Flop (didn't bet)
Seat 4: Hero (small blind) folded before Flop
Seat 5: 419dbe6f (big blind) collected ($0.1)
Seat 6: 233ab980 folded before Flop (didn't bet)


Poker Hand #HD1826851754: Hold'em No Limit ($0.05/$0.1) - 2024/06/22 19:23:38
Table 'NLHRed34' 6-max Seat #2 is the button
Seat 1: 65679e35 ($20.53 in chips)
Seat 2: ba33e83a ($10.45 in chips)
Seat 3: 84701d1c ($11.4 in chips)
Seat 4: Hero ($11.45 in chips)
Seat 5: 419dbe6f ($10.09 in chips)
Seat 6: 233ab980 ($10.46 in chips)
84701d1c: posts small blind $0.05
Hero: posts big blind $0.1
*** HOLE CARDS ***
Dealt to 65679e35 
Dealt to ba33e83a 
Dealt to 84701d1c 
Dealt to Hero [Js 8s]
Dealt to 419dbe6f 
Dealt to 233ab980 
419dbe6f: folds
233ab980: folds
65679e35: folds
ba33e83a: raises $0.2 to $0.3
84701d1c: calls $0.25
Hero: calls $0.2
*** FLOP *** [3d 9s Th]
84701d1c: checks
Hero: checks
ba33e83a: bets $0.3
84701d1c: folds
Hero: raises $0.9 to $1.2
ba33e83a: calls $0.9
*** TURN *** [3d 9s Th] [8c]
Hero: bets $1.9
ba33e83a: folds
Uncalled bet ($1.9) returned to Hero
*** SHOWDOWN ***
Hero collected $3.04 from pot
*** SUMMARY ***
Total pot $3.3 | Rake $0.16 | Jackpot $0.1 | Bingo $0 | Fortune $0 | Tax $0
Board [3d 9s Th 8c]
Seat 1: 65679e35 folded before Flop (didn't bet)
Seat 2: ba33e83a (button) folded on the Turn
Seat 3: 84701d1c (small blind) folded on the Flop
Seat 4: Hero (big blind) won ($3.04)
Seat 5: 419dbe6f folded before Flop (didn't bet)
Seat 6: 233ab980 folded before Flop (didn't bet)


Poker Hand #HD1826851599: Hold'em No Limit ($0.05/$0.1) - 2024/06/22 19:22:23
Table 'NLHRed34' 6-max Seat #1 is the button
Seat 1: 65679e35 ($20.53 in chips)
Seat 2: ba33e83a ($10 in chips)
Seat 3: 84701d1c ($11.9 in chips)
Seat 4: Hero ($11.45 in chips)
Seat 5: 419dbe6f ($10.09 in chips)
Seat 6: 233ab980 ($10.46 in chips)
ba33e83a: posts small blind $0.05
84701d1c: posts big blind $0.1
*** HOLE CARDS ***
Dealt to 65679e35 
Dealt to ba33e83a 
Dealt to 84701d1c 
Dealt to Hero [3s Jd]
Dealt to 419dbe6f 
Dealt to 233ab980 
Hero: folds
419dbe6f: folds
233ab980: folds
65679e35: folds
ba33e83a: raises $0.2 to $0.3
84701d1c: calls $0.2
*** FLOP *** [2c Td 7s]
ba33e83a: checks
84701d1c: bets $0.2
ba33e83a: calls $0.2
*** TURN *** [2c Td 7s] [7c]
ba33e83a: checks
84701d1c: checks
*** RIVER *** [2c Td 7s 7c] [5s]
ba33e83a: checks
84701d1c: checks
ba33e83a: shows [Qd Th] (Pair of Tens and Pair of Sevens)
84701d1c: shows [Qh Kd] (Pair of Sevens)
*** SHOWDOWN ***
ba33e83a collected $0.95 from pot
*** SUMMARY ***
Total pot $1 | Rake $0.05 | Jackpot $0 | Bingo $0 | Fortune $0 | Tax $0
Board [2c Td 7s 7c 5s]
Seat 1: 65679e35 (button) folded before Flop (didn't bet)
Seat 2: ba33e83a (small blind) showed [Qd Th] and won ($0.95) with Pair of Tens and Pair of Sevens
Seat 3: 84701d1c (big blind) showed [Qh Kd] and lost with Pair of Sevens
Seat 4: Hero folded before Flop (didn't bet)
Seat 5: 419dbe6f folded before Flop (didn't bet)
Seat 6: 233ab980 folded before Flop (didn't bet)


Poker Hand #HD1826851489: Hold'em No Limit ($0.05/$0.1) - 2024/06/22 19:21:21
Table 'NLHRed34' 6-max Seat #6 is the button
Seat 1: 65679e35 ($21.68 in chips)
Seat 2: ba33e83a ($10 in chips)
Seat 3: 84701d1c ($11.9 in chips)
Seat 4: Hero ($11.45 in chips)
Seat 5: 419dbe6f ($8.96 in chips)
Seat 6: 233ab980 ($10.46 in chips)
65679e35: posts small blind $0.05
ba33e83a: posts big blind $0.1
*** HOLE CARDS ***
Dealt to 65679e35 
Dealt to ba33e83a 
Dealt to 84701d1c 
Dealt to Hero [3d Ks]
Dealt to 419dbe6f 
Dealt to 233ab980 
84701d1c: folds
Hero: folds
419dbe6f: raises $0.15 to $0.25
233ab980: folds
65679e35: calls $0.2
ba33e83a: folds
*** FLOP *** [Qs 3c 2h]
65679e35: checks
419dbe6f: checks
*** TURN *** [Qs 3c 2h] [4s]
65679e35: bets $0.3
419dbe6f: calls $0.3
*** RIVER *** [Qs 3c 2h 4s] [4h]
65679e35: checks
419dbe6f: bets $0.6
65679e35: calls $0.6
419dbe6f: shows [Js Jh] (Pair of Jacks and Pair of Fours)
65679e35: shows [3s As] (Pair of Fours and Pair of Treys)
*** SHOWDOWN ***
419dbe6f collected $2.28 from pot
*** SUMMARY ***
Total pot $2.4 | Rake $0.12 | Jackpot $0 | Bingo $0 | Fortune $0 | Tax $0
Board [Qs 3c 2h 4s 4h]
Seat 1: 65679e35 (small blind) showed [3s As] and lost with Pair of Fours and Pair of Treys
Seat 2: ba33e83a (big blind) folded before Flop
Seat 3: 84701d1c folded before Flop (didn't bet)
Seat 4: Hero folded before Flop (didn't bet)
Seat 5: 419dbe6f showed [Js Jh] and won ($2.28) with Pair of Jacks and Pair of Fours
Seat 6: 233ab980 (button) folded before Flop (didn't bet)


Poker Hand #HD1826851449: Hold'em No Limit ($0.05/$0.1) - 2024/06/22 19:21:01
Table 'NLHRed34' 6-max Seat #5 is the button
Seat 1: 65679e35 ($21.78 in chips)
Seat 2: ba33e83a ($10 in chips)
Seat 3: 84701d1c ($11.9 in chips)
Seat 4: Hero ($11.3 in chips)
Seat 5: 419dbe6f ($8.96 in chips)
Seat 6: 233ab980 ($10.51 in chips)
233ab980: posts small blind $0.05
65679e35: posts big blind $0.1
*** HOLE CARDS ***
Dealt to 65679e35 
Dealt to ba33e83a 
Dealt to 84701d1c 
Dealt to Hero [Js Kc]
Dealt to 419dbe6f 
Dealt to 233ab980 
ba33e83a: folds
84701d1c: folds
Hero: raises $0.14 to $0.24
419dbe6f: folds
233ab980: folds
65679e35: folds
Uncalled bet ($0.14) returned to Hero
*** SHOWDOWN ***
Hero collected $0.25 from pot
*** SUMMARY ***
Total pot $0.25 | Rake $0 | Jackpot $0 | Bingo $0 | Fortune $0 | Tax $0
Seat 1: 65679e35 (big blind) folded before Flop
Seat 2: ba33e83a folded before Flop (didn't bet)
Seat 3: 84701d1c folded before Flop (didn't bet)
Seat 4: Hero collected ($0.25)
Seat 5: 419dbe6f (button) folded before Flop (didn't bet)
Seat 6: 233ab980 (small blind) folded before Flop


Poker Hand #HD1826851418: Hold'em No Limit ($0.05/$0.1) - 2024/06/22 19:20:45
Table 'NLHRed34' 6-max Seat #4 is the button
Seat 1: 65679e35 ($21.78 in chips)
Seat 2: ba33e83a ($10 in chips)
Seat 3: 84701d1c ($11.9 in chips)
Seat 4: Hero ($11.3 in chips)
Seat 5: 419dbe6f ($8.86 in chips)
Seat 6: 233ab980 ($10.61 in chips)
419dbe6f: posts small blind $0.05
233ab980: posts big blind $0.1
*** HOLE CARDS ***
Dealt to 65679e35 
Dealt to ba33e83a 
Dealt to 84701d1c 
Dealt to Hero [6d 3d]
Dealt to 419dbe6f 
Dealt to 233ab980 
65679e35: folds
ba33e83a: folds
84701d1c: folds
Hero: folds
419dbe6f: raises $0.2 to $0.3
233ab980: folds
Uncalled bet ($0.2) returned to 419dbe6f
*** SHOWDOWN ***
419dbe6f collected $0.2 from pot
*** SUMMARY ***
Total pot $0.2 | Rake $0 | Jackpot $0 | Bingo $0 | Fortune $0 | Tax $0
Seat 1: 65679e35 folded before Flop (didn't bet)
Seat 2: ba33e83a folded before Flop (didn't bet)
Seat 3: 84701d1c folded before Flop (didn't bet)
Seat 4: Hero (button) folded before Flop (didn't bet)
Seat 5: 419dbe6f (small blind) collected ($0.2)
Seat 6: 233ab980 (big blind) folded before Flop


Poker Hand #HD1826851328: Hold'em No Limit ($0.05/$0.1) - 2024/06/22 19:19:59
Table 'NLHRed34' 6-max Seat #3 is the button
Seat 1: 65679e35 ($21.78 in chips)
Seat 2: ba33e83a ($10 in chips)
Seat 3: 84701d1c ($11.9 in chips)
Seat 4: Hero ($12.9 in chips)
Seat 5: 419dbe6f ($7.51 in chips)
Seat 6: 233ab980 ($10.61 in chips)
Hero: posts small blind $0.05
419dbe6f: posts big blind $0.1
*** HOLE CARDS ***
Dealt to 65679e35 
Dealt to ba33e83a 
Dealt to 84701d1c 
Dealt to Hero [Qd 9h]
Dealt to 419dbe6f 
Dealt to 233ab980 
233ab980: folds
65679e35: folds
ba33e83a: folds
84701d1c: folds
Hero: raises $0.2 to $0.3
419dbe6f: calls $0.2
*** FLOP *** [6h 8d Kh]
Hero: bets $0.4
419dbe6f: calls $0.4
*** TURN *** [6h 8d Kh] [Th]
Hero: bets $0.9
419dbe6f: calls $0.9
*** RIVER *** [6h 8d Kh Th] [9s]
Hero: checks
419dbe6f: checks
Hero: shows [Qd 9h] (Pair of Nines)
419dbe6f: shows [Ks 5c] (Pair of Kings)
*** SHOWDOWN ***
419dbe6f collected $2.95 from pot
*** SUMMARY ***
Total pot $3.2 | Rake $0.15 | Jackpot $0.1 | Bingo $0 | Fortune $0 | Tax $0
Board [6h 8d Kh Th 9s]
Seat 1: 65679e35 folded before Flop (didn't bet)
Seat 2: ba33e83a folded before Flop (didn't bet)
Seat 3: 84701d1c (button) folded before Flop (didn't bet)
Seat 4: Hero (small blind) showed [Qd 9h] and lost with Pair of Nines
Seat 5: 419dbe6f (big blind) showed [Ks 5c] and won ($2.95) with Pair of Kings
Seat 6: 233ab980 folded before Flop (didn't bet)


Poker Hand #HD1826851225: Hold'em No Limit ($0.05/$0.1) - 2024/06/22 19:19:12
Table 'NLHRed34' 6-max Seat #2 is the button
Seat 1: 65679e35 ($21.78 in chips)
Seat 2: ba33e83a ($10 in chips)
Seat 3: 84701d1c ($12.35 in chips)
Seat 4: Hero ($12.49 in chips)
Seat 5: 419dbe6f ($7.51 in chips)
Seat 6: 233ab980 ($10.61 in chips)
84701d1c: posts small blind $0.05
Hero: posts big blind $0.1
*** HOLE CARDS ***
Dealt to 65679e35 
Dealt to ba33e83a 
Dealt to 84701d1c 
Dealt to Hero [Th 9c]
Dealt to 419dbe6f 
Dealt to 233ab980 
419dbe6f: folds
233ab980: folds
65679e35: folds
ba33e83a: folds
84701d1c: raises $0.15 to $0.25
Hero: calls $0.15
*** FLOP *** [Ad 4s 9h]
84701d1c: bets $0.2
Hero: calls $0.2
*** TURN *** [Ad 4s 9h] [Jd]
84701d1c: checks
Hero: checks
*** RIVER *** [Ad 4s 9h Jd] [Ac]
84701d1c: checks
Hero: checks
84701d1c: shows [Tc Qc] (Pair of Aces)
Hero: shows [Th 9c] (Pair of Aces and Pair of Nines)
*** SHOWDOWN ***
Hero collected $0.86 from pot
*** SUMMARY ***
Total pot $0.9 | Rake $0.04 | Jackpot $0 | Bingo $0 | Fortune $0 | Tax $0
Board [Ad 4s 9h Jd Ac]
Seat 1: 65679e35 folded before Flop (didn't bet)
Seat 2: ba33e83a (button) folded before Flop (didn't bet)
Seat 3: 84701d1c (small blind) showed [Tc Qc] and lost with Pair of Aces
Seat 4: Hero (big blind) showed [Th 9c] and won ($0.86) with Pair of Aces and Pair of Nines
Seat 5: 419dbe6f folded before Flop (didn't bet)
Seat 6: 233ab980 folded before Flop (didn't bet)


Poker Hand #HD1826851107: Hold'em No Limit ($0.05/$0.1) - 2024/06/22 19:18:07
Table 'NLHRed34' 6-max Seat #1 is the button
Seat 1: 65679e35 ($21.78 in chips)
Seat 2: ba33e83a ($10 in chips)
Seat 3: 84701d1c ($12.45 in chips)
Seat 4: Hero ($12.49 in chips)
Seat 5: 419dbe6f ($8.03 in chips)
Seat 6: 233ab980 ($10 in chips)
ba33e83a: posts small blind $0.05
84701d1c: posts big blind $0.1
233ab980: posts big blind $0.1
*** HOLE CARDS ***
Dealt to 65679e35 
Dealt to ba33e83a 
Dealt to 84701d1c 
Dealt to Hero [6c 5s]
Dealt to 419dbe6f 
Dealt to 233ab980 
Hero: folds
419dbe6f: raises $0.12 to $0.22
233ab980: calls $0.12
65679e35: folds
ba33e83a: folds
84701d1c: folds
*** FLOP *** [3c Jh 7c]
419dbe6f: checks
233ab980: bets $0.3
419dbe6f: calls $0.3
*** TURN *** [3c Jh 7c] [Ad]
419dbe6f: checks
233ab980: bets $1.19
419dbe6f: folds
Uncalled bet ($1.19) returned to 233ab980
*** SHOWDOWN ***
233ab980 collected $1.13 from pot
*** SUMMARY ***
Total pot $1.19 | Rake $0.06 | Jackpot $0 | Bingo $0 | Fortune $0 | Tax $0
Board [3c Jh 7c Ad]
Seat 1: 65679e35 (button) folded before Flop (didn't bet)
Seat 2: ba33e83a (small blind) folded before Flop
Seat 3: 84701d1c (big blind) folded before Flop
Seat 4: Hero folded before Flop (didn't bet)
Seat 5: 419dbe6f folded on the Turn
Seat 6: 233ab980 won ($1.13)


Poker Hand #HD1826850953: Hold'em No Limit ($0.05/$0.1) - 2024/06/22 19:16:48
Table 'NLHRed34' 6-max Seat #5 is the button
Seat 1: 65679e35 ($21.83 in chips)
Seat 2: ba33e83a ($10 in chips)
Seat 3: 84701d1c ($11.13 in chips)
Seat 4: Hero ($12.49 in chips)
Seat 5: 419dbe6f ($9.33 in chips)
65679e35: posts small blind $0.05
ba33e83a: posts big blind $0.1
*** HOLE CARDS ***
Dealt to 65679e35 
Dealt to ba33e83a 
Dealt to 84701d1c 
Dealt to Hero [Kh 5h]
Dealt to 419dbe6f 
84701d1c: raises $0.15 to $0.25
Hero: folds
419dbe6f: calls $0.25
65679e35: folds
ba33e83a: folds
*** FLOP *** [2h 9s 9c]
84701d1c: bets $0.35
419dbe6f: calls $0.35
*** TURN *** [2h 9s 9c] [Qd]
84701d1c: bets $0.7
419dbe6f: calls $0.7
*** RIVER *** [2h 9s 9c Qd] [9h]
84701d1c: bets $2.35
419dbe6f: folds
Uncalled bet ($2.35) returned to 84701d1c
*** SHOWDOWN ***
84701d1c collected $2.62 from pot
*** SUMMARY ***
Total pot $2.75 | Rake $0.13 | Jackpot $0 | Bingo $0 | Fortune $0 | Tax $0
Board [2h 9s 9c Qd 9h]
Seat 1: 65679e35 (small blind) folded before Flop
Seat 2: ba33e83a (big blind) folded before Flop
Seat 3: 84701d1c won ($2.62)
Seat 4: Hero folded before Flop (didn't bet)
Seat 5: 419dbe6f (button) folded on the River


Poker Hand #HD1826850841: Hold'em No Limit ($0.05/$0.1) - 2024/06/22 19:15:51
Table 'NLHRed34' 6-max Seat #4 is the button
Seat 1: 65679e35 ($21.93 in chips)
Seat 3: 84701d1c ($10 in chips)
Seat 4: Hero ($12.49 in chips)
Seat 5: 419dbe6f ($10.48 in chips)
419dbe6f: posts small blind $0.05
65679e35: posts big blind $0.1
*** HOLE CARDS ***
Dealt to 65679e35 
Dealt to 84701d1c 
Dealt to Hero [8d Tc]
Dealt to 419dbe6f 
84701d1c: raises $0.15 to $0.25
Hero: folds
419dbe6f: calls $0.2
65679e35: folds
*** FLOP *** [Td Qs 8c]
419dbe6f: checks
84701d1c: bets $0.3
419dbe6f: calls $0.3
*** TURN *** [Td Qs 8c] [2d]
419dbe6f: checks
84701d1c: bets $0.6
419dbe6f: calls $0.6
*** RIVER *** [Td Qs 8c 2d] [9c]
419dbe6f: checks
84701d1c: bets $1.2
419dbe6f: folds
Uncalled bet ($1.2) returned to 84701d1c
*** SHOWDOWN ***
84701d1c collected $2.28 from pot
*** SUMMARY ***
Total pot $2.4 | Rake $0.12 | Jackpot $0 | Bingo $0 | Fortune $0 | Tax $0
Board [Td Qs 8c 2d 9c]
Seat 1: 65679e35 (big blind) folded before Flop
Seat 3: 84701d1c won ($2.28)
Seat 4: Hero (button) folded before Flop (didn't bet)
Seat 5: 419dbe6f (small blind) folded on the River


Poker Hand #HD1826850815: Hold'em No Limit ($0.05/$0.1) - 2024/06/22 19:15:42
Table 'NLHRed34' 6-max Seat #3 is the button
Seat 1: 65679e35 ($21.93 in chips)
Seat 3: 84701d1c ($10 in chips)
Seat 4: Hero ($12.39 in chips)
Seat 5: 419dbe6f ($10.58 in chips)
Hero: posts small blind $0.05
419dbe6f: posts big blind $0.1
*** HOLE CARDS ***
Dealt to 65679e35 
Dealt to 84701d1c 
Dealt to Hero [8c Ad]
Dealt to 419dbe6f 
65679e35: folds
84701d1c: folds
Hero: raises $0.2 to $0.3
419dbe6f: folds
Uncalled bet ($0.2) returned to Hero
*** SHOWDOWN ***
Hero collected $0.2 from pot
*** SUMMARY ***
Total pot $0.2 | Rake $0 | Jackpot $0 | Bingo $0 | Fortune $0 | Tax $0
Seat 1: 65679e35 folded before Flop (didn't bet)
Seat 3: 84701d1c (button) folded before Flop (didn't bet)
Seat 4: Hero (small blind) collected ($0.2)
Seat 5: 419dbe6f (big blind) folded before Flop


Poker Hand #HD1826850558: Hold'em No Limit ($0.05/$0.1) - 2024/06/22 19:13:29
Table 'NLHRed34' 6-max Seat #1 is the button
Seat 1: 65679e35 ($21.93 in chips)
Seat 2: 2ae8996e ($1.75 in chips)
Seat 3: 84701d1c ($10 in chips)
Seat 4: Hero ($12.39 in chips)
Seat 5: 419dbe6f ($7.16 in chips)
Seat 6: 2c4823d ($3.74 in chips)
2ae8996e: posts small blind $0.05
84701d1c: posts big blind $0.1
*** HOLE CARDS ***
Dealt to 65679e35 
Dealt to 2ae8996e 
Dealt to 84701d1c 
Dealt to Hero [8s 6h]
Dealt to 419dbe6f 
Dealt to 2c4823d 
Hero: folds
419dbe6f: raises $0.15 to $0.25
2c4823d: raises $3.49 to $3.74 and is all-in
65679e35: folds
2ae8996e: folds
84701d1c: folds
419dbe6f: calls $3.49
2c4823d: shows [Ah Ks]
419dbe6f: shows [Jd Ac]
*** FLOP *** [6c 4d Jh]
*** TURN *** [6c 4d Jh] [6d]
*** RIVER *** [6c 4d Jh 6d] [5d]
*** SHOWDOWN ***
419dbe6f collected $7.16 from pot
*** SUMMARY ***
Total pot $7.63 | Rake $0.37 | Jackpot $0.1 | Bingo $0 | Fortune $0 | Tax $0
Board [6c 4d Jh 6d 5d]
Seat 1: 65679e35 (button) folded before Flop (didn't bet)
Seat 2: 2ae8996e (small blind) folded before Flop
Seat 3: 84701d1c (big blind) folded before Flop
Seat 4: Hero folded before Flop (didn't bet)
Seat 5: 419dbe6f showed [Jd Ac] and won ($7.16) with Pair of Jacks and Pair of Sixes
Seat 6: 2c4823d showed [Ah Ks] and lost with Pair of Sixes


Poker Hand #HD1826850399: Hold'em No Limit ($0.05/$0.1) - 2024/06/22 19:12:08
Table 'NLHRed34' 6-max Seat #6 is the button
Seat 1: 65679e35 ($20.94 in chips)
Seat 2: 2ae8996e ($2 in chips)
Seat 3: 84701d1c ($10 in chips)
Seat 4: Hero ($12.39 in chips)
Seat 5: 419dbe6f ($7.99 in chips)
Seat 6: 2c4823d ($3.74 in chips)
65679e35: posts small blind $0.05
2ae8996e: posts big blind $0.1
*** HOLE CARDS ***
Dealt to 65679e35 
Dealt to 2ae8996e 
Dealt to 84701d1c 
Dealt to Hero [7s 6s]
Dealt to 419dbe6f 
Dealt to 2c4823d 
84701d1c: folds
Hero: folds
419dbe6f: raises $0.15 to $0.25
2c4823d: folds
65679e35: calls $0.2
2ae8996e: calls $0.15
*** FLOP *** [6h 9d 4h]
65679e35: checks
2ae8996e: checks
419dbe6f: checks
*** TURN *** [6h 9d 4h] [Kh]
65679e35: bets $0.1
2ae8996e: folds
419dbe6f: raises $0.48 to $0.58
65679e35: calls $0.48
*** RIVER *** [6h 9d 4h Kh] [5d]
65679e35: checks
419dbe6f: checks
65679e35: shows [Ks 4s] (Pair of Kings and Pair of Fours)
419dbe6f: shows [Td Qh] (King-High)
*** SHOWDOWN ***
65679e35 collected $1.82 from pot
*** SUMMARY ***
Total pot $1.91 | Rake $0.09 | Jackpot $0 | Bingo $0 | Fortune $0 | Tax $0
Board [6h 9d 4h Kh 5d]
Seat 1: 65679e35 (small blind) showed [Ks 4s] and won ($1.82) with Pair of Kings and Pair of Fours
Seat 2: 2ae8996e (big blind) folded on the Turn
Seat 3: 84701d1c folded before Flop (didn't bet)
Seat 4: Hero folded before Flop (didn't bet)
Seat 5: 419dbe6f showed [Td Qh] and lost with King-High
Seat 6: 2c4823d (button) folded before Flop (didn't bet)


Poker Hand #HD1826850314: Hold'em No Limit ($0.05/$0.1) - 2024/06/22 19:11:20
Table 'NLHRed34' 6-max Seat #5 is the button
Seat 1: 65679e35 ($21.04 in chips)
Seat 3: 84701d1c ($10 in chips)
Seat 4: Hero ($12.39 in chips)
Seat 5: 419dbe6f ($8.24 in chips)
Seat 6: 2c4823d ($3.18 in chips)
2c4823d: posts small blind $0.05
65679e35: posts big blind $0.1
*** HOLE CARDS ***
Dealt to 65679e35 
Dealt to 84701d1c 
Dealt to Hero [7h 5d]
Dealt to 419dbe6f 
Dealt to 2c4823d 
84701d1c: raises $0.15 to $0.25
Hero: folds
419dbe6f: calls $0.25
2c4823d: raises $2.93 to $3.18 and is all-in
65679e35: folds
84701d1c: folds
419dbe6f: folds
Uncalled bet ($2.93) returned to 2c4823d
2c4823d: shows [Qh]
*** SHOWDOWN ***
2c4823d collected $0.81 from pot
*** SUMMARY ***
Total pot $0.85 | Rake $0.04 | Jackpot $0 | Bingo $0 | Fortune $0 | Tax $0
Seat 1: 65679e35 (big blind) folded before Flop
Seat 3: 84701d1c folded before Flop
Seat 4: Hero folded before Flop (didn't bet)
Seat 5: 419dbe6f (button) folded before Flop
Seat 6: 2c4823d (small blind) showed [Qh] and collected ($0.81)


Poker Hand #HD1826850159: Hold'em No Limit ($0.05/$0.1) - 2024/06/22 19:10:14
Table 'NLHRed34' 6-max Seat #4 is the button
Seat 1: 65679e35 ($21.04 in chips)
Seat 2: 2ae8996e ($2.07 in chips)
Seat 3: 84701d1c ($10 in chips)
Seat 4: Hero ($12.39 in chips)
Seat 5: 419dbe6f ($6.37 in chips)
Seat 6: 2c4823d ($3.28 in chips)
419dbe6f: posts small blind $0.05
2c4823d: posts big blind $0.1
*** HOLE CARDS ***
Dealt to 65679e35 
Dealt to 2ae8996e 
Dealt to 84701d1c 
Dealt to Hero [7s 4s]
Dealt to 419dbe6f 
Dealt to 2c4823d 
65679e35: folds
2ae8996e: calls $0.1
84701d1c: folds
Hero: folds
419dbe6f: raises $0.23 to $0.33
2c4823d: folds
2ae8996e: calls $0.23
*** FLOP *** [7c 2h 6s]
419dbe6f: bets $0.76
2ae8996e: raises $0.98 to $1.74 and is all-in
419dbe6f: calls $0.98
2ae8996e: shows [3h 3s] (Pair of Treys)
419dbe6f: shows [7d 8s] (Pair of Sevens)
*** TURN *** [7c 2h 6s] [Ts]
*** RIVER *** [7c 2h 6s Ts] [4h]
2c4823d: shows [3c] (Ten-High)
*** SHOWDOWN ***
419dbe6f collected $3.94 from pot
*** SUMMARY ***
Total pot $4.24 | Rake $0.2 | Jackpot $0.1 | Bingo $0 | Fortune $0 | Tax $0
Board [7c 2h 6s Ts 4h]
Seat 1: 65679e35 folded before Flop (didn't bet)
Seat 2: 2ae8996e showed [3h 3s] and lost with Pair of Treys
Seat 3: 84701d1c folded before Flop (didn't bet)
Seat 4: Hero (button) folded before Flop (didn't bet)
Seat 5: 419dbe6f (small blind) showed [7d 8s] and won ($3.94) with Pair of Sevens
Seat 6: 2c4823d (big blind) folded before Flop


Poker Hand #HD1826850051: Hold'em No Limit ($0.05/$0.1) - 2024/06/22 19:09:21
Table 'NLHRed34' 6-max Seat #3 is the button
Seat 1: 65679e35 ($21.04 in chips)
Seat 2: 2ae8996e ($2.22 in chips)
Seat 3: 84701d1c ($10 in chips)
Seat 4: Hero ($12.44 in chips)
Seat 5: 419dbe6f ($6.18 in chips)
Seat 6: 2c4823d ($3.28 in chips)
Hero: posts small blind $0.05
419dbe6f: posts big blind $0.1
2ae8996e: posts missed blind $0.05
2ae8996e: posts big blind $0.1
*** HOLE CARDS ***
Dealt to 65679e35 
Dealt to 2ae8996e 
Dealt to 84701d1c 
Dealt to Hero [Ts 2c]
Dealt to 419dbe6f 
Dealt to 2c4823d 
2c4823d: folds
65679e35: folds
2ae8996e: checks
84701d1c: folds
Hero: folds
419dbe6f: checks
*** FLOP *** [5s Jd Ad]
419dbe6f: checks
2ae8996e: checks
*** TURN *** [5s Jd Ad] [6s]
419dbe6f: checks
2ae8996e: checks
*** RIVER *** [5s Jd Ad 6s] [3s]
419dbe6f: checks
2ae8996e: checks
419dbe6f: shows [6h Qc] (Pair of Sixes)
2ae8996e: shows [7h 2d] (Ace-High)
*** SHOWDOWN ***
419dbe6f collected $0.29 from pot
*** SUMMARY ***
Total pot $0.3 | Rake $0.01 | Jackpot $0 | Bingo $0 | Fortune $0 | Tax $0
Board [5s Jd Ad 6s 3s]
Seat 1: 65679e35 folded before Flop (didn't bet)
Seat 2: 2ae8996e showed [7h 2d] and lost with Ace-High
Seat 3: 84701d1c (button) folded before Flop (didn't bet)
Seat 4: Hero (small blind) folded before Flop
Seat 5: 419dbe6f (big blind) showed [6h Qc] and won ($0.29) with Pair of Sixes
Seat 6: 2c4823d folded before Flop (didn't bet)


Poker Hand #HD1826849853: Hold'em No Limit ($0.05/$0.1) - 2024/06/22 19:07:51
Table 'NLHRed34' 6-max Seat #1 is the button
Seat 1: 65679e35 ($21.04 in chips)
Seat 3: 84701d1c ($10.05 in chips)
Seat 4: Hero ($10.08 in chips)
Seat 5: 419dbe6f ($8.64 in chips)
84701d1c: posts small blind $0.05
Hero: posts big blind $0.1
*** HOLE CARDS ***
Dealt to 65679e35 
Dealt to 84701d1c 
Dealt to Hero [6d 5d]
Dealt to 419dbe6f 
419dbe6f: raises $0.15 to $0.25
65679e35: folds
84701d1c: calls $0.2
Hero: calls $0.15
*** FLOP *** [7d 3h 7h]
84701d1c: checks
Hero: bets $0.4
419dbe6f: raises $0.78 to $1.18
84701d1c: folds
Hero: calls $0.78
*** TURN *** [7d 3h 7h] [Kd]
Hero: checks
419dbe6f: checks
*** RIVER *** [7d 3h 7h Kd] [Ad]
Hero: checks
419dbe6f: bets $1.03
Hero: raises $7.62 to $8.65 and is all-in
419dbe6f: folds
Uncalled bet ($7.62) returned to Hero
*** SHOWDOWN ***
Hero collected $4.82 from pot
*** SUMMARY ***
Total pot $5.17 | Rake $0.25 | Jackpot $0.1 | Bingo $0 | Fortune $0 | Tax $0
Board [7d 3h 7h Kd Ad]
Seat 1: 65679e35 (button) folded before Flop (didn't bet)
Seat 3: 84701d1c (small blind) folded on the Flop
Seat 4: Hero (big blind) won ($4.82)
Seat 5: 419dbe6f folded on the River


Poker Hand #HD1826849809: Hold'em No Limit ($0.05/$0.1) - 2024/06/22 19:07:26
Table 'NLHRed34' 6-max Seat #6 is the button
Seat 1: 65679e35 ($21.09 in chips)
Seat 3: 84701d1c ($10 in chips)
Seat 4: Hero ($10.08 in chips)
Seat 5: 419dbe6f ($8.64 in chips)
Seat 6: 2c4823d ($3.28 in chips)
65679e35: posts small blind $0.05
84701d1c: posts big blind $0.1
*** HOLE CARDS ***
Dealt to 65679e35 
Dealt to 84701d1c 
Dealt to Hero [5c 4c]
Dealt to 419dbe6f 
Dealt to 2c4823d 
Hero: folds
419dbe6f: folds
2c4823d: folds
65679e35: folds
Uncalled bet ($0.05) returned to 84701d1c
*** SHOWDOWN ***
84701d1c collected $0.1 from pot
*** SUMMARY ***
Total pot $0.1 | Rake $0 | Jackpot $0 | Bingo $0 | Fortune $0 | Tax $0
Seat 1: 65679e35 (small blind) folded before Flop
Seat 3: 84701d1c (big blind) collected ($0.1)
Seat 4: Hero folded before Flop (didn't bet)
Seat 5: 419dbe6f folded before Flop (didn't bet)
Seat 6: 2c4823d (button) folded before Flop (didn't bet)


Poker Hand #HD1826849729: Hold'em No Limit ($0.05/$0.1) - 2024/06/22 19:06:46
Table 'NLHRed34' 6-max Seat #5 is the button
Seat 1: 65679e35 ($21.19 in chips)
Seat 3: 84701d1c ($10 in chips)
Seat 4: Hero ($10.32 in chips)
Seat 5: 419dbe6f ($8.28 in chips)
Seat 6: 2c4823d ($3.33 in chips)
2c4823d: posts small blind $0.05
65679e35: posts big blind $0.1
*** HOLE CARDS ***
Dealt to 65679e35 
Dealt to 84701d1c 
Dealt to Hero [Kd Jh]
Dealt to 419dbe6f 
Dealt to 2c4823d 
84701d1c: folds
Hero: raises $0.14 to $0.24
419dbe6f: raises $0.63 to $0.87
2c4823d: folds
65679e35: folds
Hero: folds
Uncalled bet ($0.63) returned to 419dbe6f
*** SHOWDOWN ***
419dbe6f collected $0.6 from pot
*** SUMMARY ***
Total pot $0.63 | Rake $0.03 | Jackpot $0 | Bingo $0 | Fortune $0 | Tax $0
Seat 1: 65679e35 (big blind) folded before Flop
Seat 3: 84701d1c folded before Flop (didn't bet)
Seat 4: Hero folded before Flop
Seat 5: 419dbe6f (button) collected ($0.6)
Seat 6: 2c4823d (small blind) folded before Flop


Poker Hand #HD1826849641: Hold'em No Limit ($0.05/$0.1) - 2024/06/22 19:06:02
Table 'NLHRed34' 6-max Seat #4 is the button
Seat 1: 65679e35 ($21.19 in chips)
Seat 3: 84701d1c ($10 in chips)
Seat 4: Hero ($10.32 in chips)
Seat 5: 419dbe6f ($7.96 in chips)
Seat 6: 2c4823d ($3.43 in chips)
419dbe6f: posts small blind $0.05
2c4823d: posts big blind $0.1
*** HOLE CARDS ***
Dealt to 65679e35 
Dealt to 84701d1c 
Dealt to Hero [4s 7s]
Dealt to 419dbe6f 
Dealt to 2c4823d 
65679e35: folds
84701d1c: raises $0.15 to $0.25
Hero: folds
419dbe6f: raises $0.6 to $0.85
2c4823d: folds
84701d1c: folds
Uncalled bet ($0.6) returned to 419dbe6f
*** SHOWDOWN ***
419dbe6f collected $0.57 from pot
*** SUMMARY ***
Total pot $0.6 | Rake $0.03 | Jackpot $0 | Bingo $0 | Fortune $0 | Tax $0
Seat 1: 65679e35 folded before Flop (didn't bet)
Seat 3: 84701d1c folded before Flop
Seat 4: Hero (button) folded before Flop (didn't bet)
Seat 5: 419dbe6f (small blind) collected ($0.57)
Seat 6: 2c4823d (big blind) folded before Flop


Poker Hand #HD1826849574: Hold'em No Limit ($0.05/$0.1) - 2024/06/22 19:05:25
Table 'NLHRed34' 6-max Seat #3 is the button
Seat 1: 65679e35 ($21.19 in chips)
Seat 3: 84701d1c ($10 in chips)
Seat 4: Hero ($10 in chips)
Seat 5: 419dbe6f ($8.06 in chips)
Seat 6: 2c4823d ($3.43 in chips)
Hero: posts small blind $0.05
419dbe6f: posts big blind $0.1
*** HOLE CARDS ***
Dealt to 65679e35 
Dealt to 84701d1c 
Dealt to Hero [Qd Ah]
Dealt to 419dbe6f 
Dealt to 2c4823d 
2c4823d: folds
65679e35: folds
84701d1c: raises $0.15 to $0.25
Hero: raises $0.85 to $1.1
419dbe6f: folds
84701d1c: folds
Uncalled bet ($0.85) returned to Hero
*** SHOWDOWN ***
Hero collected $0.57 from pot
*** SUMMARY ***
Total pot $0.6 | Rake $0.03 | Jackpot $0 | Bingo $0 | Fortune $0 | Tax $0
Seat 1: 65679e35 folded before Flop (didn't bet)
Seat 3: 84701d1c (button) folded before Flop
Seat 4: Hero (small blind) collected ($0.57)
Seat 5: 419dbe6f (big blind) folded before Flop
Seat 6: 2c4823d folded before Flop (didn't bet)


Poker Hand #HD1826849535: Hold'em No Limit ($0.05/$0.1) - 2024/06/22 19:05:06
Table 'NLHRed34' 6-max Seat #1 is the button
Seat 1: 65679e35 ($21.19 in chips)
Seat 3: 84701d1c ($10.05 in chips)
Seat 4: Hero ($10 in chips)
Seat 5: 419dbe6f ($7.91 in chips)
84701d1c: posts small blind $0.05
Hero: posts big blind $0.1
*** HOLE CARDS ***
Dealt to 65679e35 
Dealt to 84701d1c 
Dealt to Hero [Qh 9d]
Dealt to 419dbe6f 
419dbe6f: raises $0.15 to $0.25
65679e35: folds
84701d1c: folds
Hero: folds
Uncalled bet ($0.15) returned to 419dbe6f
*** SHOWDOWN ***
419dbe6f collected $0.25 from pot
*** SUMMARY ***
Total pot $0.25 | Rake $0 | Jackpot $0 | Bingo $0 | Fortune $0 | Tax $0
Seat 1: 65679e35 (button) folded before Flop (didn't bet)
Seat 3: 84701d1c (small blind) folded before Flop
Seat 4: Hero (big blind) folded before Flop
Seat 5: 419dbe6f collected ($0.25)


Poker Hand #HD1826848766: Hold'em No Limit ($0.05/$0.1) - 2024/06/22 18:59:05
Table 'NLHRed34' 6-max Seat #2 is the button
Seat 1: 65679e35 ($21.29 in chips)
Seat 2: 332741ee ($17.71 in chips)
Seat 3: 84701d1c ($10.54 in chips)
Seat 4: Hero ($10.1 in chips)
Seat 5: 419dbe6f ($8.25 in chips)
Seat 6: 2c4823d ($3.11 in chips)
84701d1c: posts small blind $0.05
Hero: posts big blind $0.1
*** HOLE CARDS ***
Dealt to 65679e35 
Dealt to 332741ee 
Dealt to 84701d1c 
Dealt to Hero [6d 4d]
Dealt to 419dbe6f 
Dealt to 2c4823d 
419dbe6f: folds
2c4823d: folds
65679e35: folds
332741ee: raises $0.1 to $0.2
84701d1c: calls $0.15
Hero: calls $0.1
*** FLOP *** [3d 9h 2s]
84701d1c: bets $0.2
Hero: calls $0.2
332741ee: calls $0.2
*** TURN *** [3d 9h 2s] [3h]
84701d1c: bets $0.4
Hero: folds
332741ee: raises $2 to $2.4
84701d1c: folds
Uncalled bet ($2) returned to 332741ee
*** SHOWDOWN ***
332741ee collected $1.9 from pot
*** SUMMARY ***
Total pot $2 | Rake $0.1 | Jackpot $0 | Bingo $0 | Fortune $0 | Tax $0
Board [3d 9h 2s 3h]
Seat 1: 65679e35 folded before Flop (didn't bet)
Seat 2: 332741ee (button) won ($1.9)
Seat 3: 84701d1c (small blind) folded on the Turn
Seat 4: Hero (big blind) folded on the Turn
Seat 5: 419dbe6f folded before Flop (didn't bet)
Seat 6: 2c4823d folded before Flop (didn't bet)


Poker Hand #HD1826848638: Hold'em No Limit ($0.05/$0.1) - 2024/06/22 18:58:10
Table 'NLHRed34' 6-max Seat #1 is the button
Seat 1: 65679e35 ($21.29 in chips)
Seat 2: 332741ee ($16.13 in chips)
Seat 3: 84701d1c ($10.64 in chips)
Seat 4: Hero ($10.1 in chips)
Seat 5: 419dbe6f ($10 in chips)
Seat 6: 2c4823d ($3.11 in chips)
332741ee: posts small blind $0.05
84701d1c: posts big blind $0.1
*** HOLE CARDS ***
Dealt to 65679e35 
Dealt to 332741ee 
Dealt to 84701d1c 
Dealt to Hero [Td 4c]
Dealt to 419dbe6f 
Dealt to 2c4823d 
Hero: folds
419dbe6f: raises $0.15 to $0.25
2c4823d: folds
65679e35: folds
332741ee: calls $0.2
84701d1c: folds
*** FLOP *** [Js 3s Ts]
332741ee: bets $0.3
419dbe6f: calls $0.3
*** TURN *** [Js 3s Ts] [Ad]
332741ee: bets $1.2
419dbe6f: calls $1.2
*** RIVER *** [Js 3s Ts Ad] [Kd]
332741ee: checks
419dbe6f: checks
332741ee: shows [Qh Ks] (Aces-High Straight)
419dbe6f: shows [2s 2d] (Pair of Twos)
*** SHOWDOWN ***
332741ee collected $3.33 from pot
*** SUMMARY ***
Total pot $3.6 | Rake $0.17 | Jackpot $0.1 | Bingo $0 | Fortune $0 | Tax $0
Board [Js 3s Ts Ad Kd]
Seat 1: 65679e35 (button) folded before Flop (didn't bet)
Seat 2: 332741ee (small blind) showed [Qh Ks] and won ($3.33) with Aces-High Straight
Seat 3: 84701d1c (big blind) folded before Flop
Seat 4: Hero folded before Flop (didn't bet)
Seat 5: 419dbe6f showed [2s 2d] and lost with Pair of Twos
Seat 6: 2c4823d folded before Flop (didn't bet)


Poker Hand #HD1826848616: Hold'em No Limit ($0.05/$0.1) - 2024/06/22 18:57:59
Table 'NLHRed34' 6-max Seat #6 is the button
Seat 1: 65679e35 ($21.34 in chips)
Seat 2: 332741ee ($16.08 in chips)
Seat 3: 84701d1c ($10.64 in chips)
Seat 4: Hero ($10.1 in chips)
Seat 6: 2c4823d ($3.11 in chips)
65679e35: posts small blind $0.05
332741ee: posts big blind $0.1
*** HOLE CARDS ***
Dealt to 65679e35 
Dealt to 332741ee 
Dealt to 84701d1c 
Dealt to Hero [7s Qd]
Dealt to 2c4823d 
84701d1c: folds
Hero: folds
2c4823d: folds
65679e35: folds
Uncalled bet ($0.05) returned to 332741ee
*** SHOWDOWN ***
332741ee collected $0.1 from pot
*** SUMMARY ***
Total pot $0.1 | Rake $0 | Jackpot $0 | Bingo $0 | Fortune $0 | Tax $0
Seat 1: 65679e35 (small blind) folded before Flop
Seat 2: 332741ee (big blind) collected ($0.1)
Seat 3: 84701d1c folded before Flop (didn't bet)
Seat 4: Hero folded before Flop (didn't bet)
Seat 6: 2c4823d (button) folded before Flop (didn't bet)


Poker Hand #HD1826848458: Hold'em No Limit ($0.05/$0.1) - 2024/06/22 18:56:47
Table 'NLHRed34' 6-max Seat #4 is the button
Seat 1: 65679e35 ($11.14 in chips)
Seat 2: 332741ee ($17.78 in chips)
Seat 3: 84701d1c ($10.64 in chips)
Seat 4: Hero ($10.1 in chips)
Seat 5: 419dbe6f ($9.5 in chips)
Seat 6: 2c4823d ($3.21 in chips)
419dbe6f: posts small blind $0.05
2c4823d: posts big blind $0.1
*** HOLE CARDS ***
Dealt to 65679e35 
Dealt to 332741ee 
Dealt to 84701d1c 
Dealt to Hero [5d 7c]
Dealt to 419dbe6f 
Dealt to 2c4823d 
65679e35: calls $0.1
332741ee: raises $0.3 to $0.4
84701d1c: folds
Hero: folds
419dbe6f: calls $0.35
2c4823d: folds
65679e35: calls $0.3
*** FLOP *** [Jd 8h 6c]
419dbe6f: checks
65679e35: checks
332741ee: bets $1.3
419dbe6f: calls $1.3
65679e35: calls $1.3
*** TURN *** [Jd 8h 6c] [9h]
419dbe6f: checks
65679e35: checks
332741ee: checks
*** RIVER *** [Jd 8h 6c 9h] [7s]
419dbe6f: bets $7.8 and is all-in
65679e35: calls $7.8
332741ee: folds
419dbe6f: shows [6s 8d] (Pair of Eights and Pair of Sixes)
65679e35: shows [Td 9c] (Jacks-High Straight)
*** SHOWDOWN ***
65679e35 collected $19.7 from pot
*** SUMMARY ***
Total pot $20.8 | Rake $1 | Jackpot $0.1 | Bingo $0 | Fortune $0 | Tax $0
Board [Jd 8h 6c 9h 7s]
Seat 1: 65679e35 showed [Td 9c] and won ($19.7) with Jacks-High Straight
Seat 2: 332741ee folded on the River
Seat 3: 84701d1c folded before Flop (didn't bet)
Seat 4: Hero (button) folded before Flop (didn't bet)
Seat 5: 419dbe6f (small blind) showed [6s 8d] and lost with Pair of Eights and Pair of Sixes
Seat 6: 2c4823d (big blind) folded before Flop


Poker Hand #HD1826848367: Hold'em No Limit ($0.05/$0.1) - 2024/06/22 18:56:05
Table 'NLHRed34' 6-max Seat #3 is the button
Seat 1: 65679e35 ($11.14 in chips)
Seat 2: 332741ee ($17.78 in chips)
Seat 3: 84701d1c ($11.14 in chips)
Seat 4: Hero ($10.15 in chips)
Seat 5: 419dbe6f ($10 in chips)
Seat 6: 2c4823d ($2.23 in chips)
Hero: posts small blind $0.05
419dbe6f: posts big blind $0.1
*** HOLE CARDS ***
Dealt to 65679e35 
Dealt to 332741ee 
Dealt to 84701d1c 
Dealt to Hero [Td Kh]
Dealt to 419dbe6f 
Dealt to 2c4823d 
2c4823d: calls $0.1
65679e35: folds
332741ee: folds
84701d1c: raises $0.4 to $0.5
Hero: folds
419dbe6f: calls $0.4
2c4823d: raises $1.73 to $2.23 and is all-in
84701d1c: folds
419dbe6f: folds
Uncalled bet ($1.73) returned to 2c4823d
*** SHOWDOWN ***
2c4823d collected $1.48 from pot
*** SUMMARY ***
Total pot $1.55 | Rake $0.07 | Jackpot $0 | Bingo $0 | Fortune $0 | Tax $0
Seat 1: 65679e35 folded before Flop (didn't bet)
Seat 2: 332741ee folded before Flop (didn't bet)
Seat 3: 84701d1c (button) folded before Flop
Seat 4: Hero (small blind) folded before Flop
Seat 5: 419dbe6f (big blind) folded before Flop
Seat 6: 2c4823d collected ($1.48)


Poker Hand #HD1826848273: Hold'em No Limit ($0.05/$0.1) - 2024/06/22 18:55:22
Table 'NLHRed34' 6-max Seat #2 is the button
Seat 1: 65679e35 ($11.14 in chips)
Seat 2: 332741ee ($17.78 in chips)
Seat 3: 84701d1c ($11.19 in chips)
Seat 4: Hero ($10.35 in chips)
Seat 6: 2c4823d ($2 in chips)
84701d1c: posts small blind $0.05
Hero: posts big blind $0.1
2c4823d: posts big blind $0.1
*** HOLE CARDS ***
Dealt to 65679e35 
Dealt to 332741ee 
Dealt to 84701d1c 
Dealt to Hero [5h 2h]
Dealt to 2c4823d 
2c4823d: checks
65679e35: folds
332741ee: folds
84701d1c: folds
Hero: checks
*** FLOP *** [Ac 3d 3h]
Hero: checks
2c4823d: checks
*** TURN *** [Ac 3d 3h] [2c]
Hero: bets $0.1
2c4823d: calls $0.1
*** RIVER *** [Ac 3d 3h 2c] [Ks]
Hero: checks
2c4823d: bets $0.15
Hero: folds
Uncalled bet ($0.15) returned to 2c4823d
*** SHOWDOWN ***
2c4823d collected $0.43 from pot
*** SUMMARY ***
Total pot $0.45 | Rake $0.02 | Jackpot $0 | Bingo $0 | Fortune $0 | Tax $0
Board [Ac 3d 3h 2c Ks]
Seat 1: 65679e35 folded before Flop (didn't bet)
Seat 2: 332741ee (button) folded before Flop (didn't bet)
Seat 3: 84701d1c (small blind) folded before Flop
Seat 4: Hero (big blind) folded on the River
Seat 6: 2c4823d won ($0.43)


Poker Hand #HD1826848113: Hold'em No Limit ($0.05/$0.1) - 2024/06/22 18:54:07
Table 'NLHRed34' 6-max Seat #1 is the button
Seat 1: 65679e35 ($11.14 in chips)
Seat 2: 332741ee ($17.83 in chips)
Seat 3: 84701d1c ($10 in chips)
Seat 4: Hero ($10.55 in chips)
Seat 5: 9aa30cff ($10.1 in chips)
332741ee: posts small blind $0.05
84701d1c: posts big blind $0.1
*** HOLE CARDS ***
Dealt to 65679e35 
Dealt to 332741ee 
Dealt to 84701d1c 
Dealt to Hero [Kh Js]
Dealt to 9aa30cff 
Hero: raises $0.1 to $0.2
9aa30cff: calls $0.2
65679e35: folds
332741ee: folds
84701d1c: calls $0.1
*** FLOP *** [Ah 9d 6h]
84701d1c: bets $0.25
Hero: folds
9aa30cff: calls $0.25
*** TURN *** [Ah 9d 6h] [2d]
84701d1c: bets $0.6
9aa30cff: calls $0.6
*** RIVER *** [Ah 9d 6h 2d] [7d]
84701d1c: bets $1.2
9aa30cff: folds
Uncalled bet ($1.2) returned to 84701d1c
*** SHOWDOWN ***
84701d1c collected $2.24 from pot
*** SUMMARY ***
Total pot $2.35 | Rake $0.11 | Jackpot $0 | Bingo $0 | Fortune $0 | Tax $0
Board [Ah 9d 6h 2d 7d]
Seat 1: 65679e35 (button) folded before Flop (didn't bet)
Seat 2: 332741ee (small blind) folded before Flop
Seat 3: 84701d1c (big blind) won ($2.24)
Seat 4: Hero folded on the Flop
Seat 5: 9aa30cff folded on the River


Poker Hand #HD1826848036: Hold'em No Limit ($0.05/$0.1) - 2024/06/22 18:53:27
Table 'NLHRed34' 6-max Seat #5 is the button
Seat 1: 65679e35 ($11.34 in chips)
Seat 2: 332741ee ($17.46 in chips)
Seat 3: 84701d1c ($10 in chips)
Seat 4: Hero ($10.75 in chips)
Seat 5: 9aa30cff ($10.1 in chips)
65679e35: posts small blind $0.05
332741ee: posts big blind $0.1
*** HOLE CARDS ***
Dealt to 65679e35 
Dealt to 332741ee 
Dealt to 84701d1c 
Dealt to Hero [9h 8h]
Dealt to 9aa30cff 
84701d1c: folds
Hero: raises $0.1 to $0.2
9aa30cff: folds
65679e35: calls $0.15
332741ee: calls $0.1
*** FLOP *** [Js 2s Ad]
65679e35: checks
332741ee: checks
Hero: checks
*** TURN *** [Js 2s Ad] [8s]
65679e35: checks
332741ee: bets $0.3
Hero: folds
65679e35: folds
Uncalled bet ($0.3) returned to 332741ee
*** SHOWDOWN ***
332741ee collected $0.57 from pot
*** SUMMARY ***
Total pot $0.6 | Rake $0.03 | Jackpot $0 | Bingo $0 | Fortune $0 | Tax $0
Board [Js 2s Ad 8s]
Seat 1: 65679e35 (small blind) folded on the Turn
Seat 2: 332741ee (big blind) won ($0.57)
Seat 3: 84701d1c folded before Flop (didn't bet)
Seat 4: Hero folded on the Turn
Seat 5: 9aa30cff (button) folded before Flop (didn't bet)


Poker Hand #HD1826847965: Hold'em No Limit ($0.05/$0.1) - 2024/06/22 18:52:52
Table 'NLHRed34' 6-max Seat #4 is the button
Seat 1: 65679e35 ($11.44 in chips)
Seat 2: 332741ee ($17.31 in chips)
Seat 3: 84701d1c ($10 in chips)
Seat 4: Hero ($10.75 in chips)
Seat 5: 9aa30cff ($10.15 in chips)
9aa30cff: posts small blind $0.05
65679e35: posts big blind $0.1
*** HOLE CARDS ***
Dealt to 65679e35 
Dealt to 332741ee 
Dealt to 84701d1c 
Dealt to Hero [4h 3s]
Dealt to 9aa30cff 
332741ee: raises $0.1 to $0.2
84701d1c: folds
Hero: folds
9aa30cff: folds
65679e35: folds
Uncalled bet ($0.1) returned to 332741ee
*** SHOWDOWN ***
332741ee collected $0.25 from pot
*** SUMMARY ***
Total pot $0.25 | Rake $0 | Jackpot $0 | Bingo $0 | Fortune $0 | Tax $0
Seat 1: 65679e35 (big blind) folded before Flop
Seat 2: 332741ee collected ($0.25)
Seat 3: 84701d1c folded before Flop (didn't bet)
Seat 4: Hero (button) folded before Flop (didn't bet)
Seat 5: 9aa30cff (small blind) folded before Flop


Poker Hand #HD1826847877: Hold'em No Limit ($0.05/$0.1) - 2024/06/22 18:52:04
Table 'NLHRed34' 6-max Seat #3 is the button
Seat 1: 65679e35 ($11.44 in chips)
Seat 2: 332741ee ($18.2 in chips)
Seat 3: 84701d1c ($10 in chips)
Seat 4: Hero ($10.8 in chips)
Seat 5: 9aa30cff ($9.3 in chips)
Hero: posts small blind $0.05
9aa30cff: posts big blind $0.1
*** HOLE CARDS ***
Dealt to 65679e35 
Dealt to 332741ee 
Dealt to 84701d1c 
Dealt to Hero [Td 2d]
Dealt to 9aa30cff 
65679e35: folds
332741ee: raises $0.1 to $0.2
84701d1c: folds
Hero: folds
9aa30cff: calls $0.1
*** FLOP *** [7c Ah 8s]
9aa30cff: checks
332741ee: bets $0.23
9aa30cff: calls $0.23
*** TURN *** [7c Ah 8s] [Ad]
9aa30cff: checks
332741ee: checks
*** RIVER *** [7c Ah 8s Ad] [Jc]
9aa30cff: bets $0.46
332741ee: calls $0.46
9aa30cff: shows [9d As] (Three Aces)
332741ee: shows [Qh Jh] (Pair of Aces and Pair of Jacks)
*** SHOWDOWN ***
9aa30cff collected $1.74 from pot
*** SUMMARY ***
Total pot $1.83 | Rake $0.09 | Jackpot $0 | Bingo $0 | Fortune $0 | Tax $0
Board [7c Ah 8s Ad Jc]
Seat 1: 65679e35 folded before Flop (didn't bet)
Seat 2: 332741ee showed [Qh Jh] and lost with Pair of Aces and Pair of Jacks
Seat 3: 84701d1c (button) folded before Flop (didn't bet)
Seat 4: Hero (small blind) folded before Flop
Seat 5: 9aa30cff (big blind) showed [9d As] and won ($1.74) with Three Aces


Poker Hand #HD1826847765: Hold'em No Limit ($0.05/$0.1) - 2024/06/22 18:51:06
Table 'NLHRed34' 6-max Seat #2 is the button
Seat 1: 65679e35 ($11.44 in chips)
Seat 2: 332741ee ($18.2 in chips)
Seat 3: 84701d1c ($10.05 in chips)
Seat 4: Hero ($10.9 in chips)
Seat 5: 9aa30cff ($8.62 in chips)
84701d1c: posts small blind $0.05
Hero: posts big blind $0.1
*** HOLE CARDS ***
Dealt to 65679e35 
Dealt to 332741ee 
Dealt to 84701d1c 
Dealt to Hero [6c 4h]
Dealt to 9aa30cff 
9aa30cff: raises $0.2 to $0.3
65679e35: folds
332741ee: folds
84701d1c: calls $0.25
Hero: folds
*** FLOP *** [Jc 2s 9s]
84701d1c: checks
9aa30cff: bets $0.35
84701d1c: calls $0.35
*** TURN *** [Jc 2s 9s] [2d]
84701d1c: checks
9aa30cff: bets $1.05
84701d1c: folds
Uncalled bet ($1.05) returned to 9aa30cff
*** SHOWDOWN ***
9aa30cff collected $1.33 from pot
*** SUMMARY ***
Total pot $1.4 | Rake $0.07 | Jackpot $0 | Bingo $0 | Fortune $0 | Tax $0
Board [Jc 2s 9s 2d]
Seat 1: 65679e35 folded before Flop (didn't bet)
Seat 2: 332741ee (button) folded before Flop (didn't bet)
Seat 3: 84701d1c (small blind) folded on the Turn
Seat 4: Hero (big blind) folded before Flop
Seat 5: 9aa30cff won ($1.33)


Poker Hand #HD1826847736: Hold'em No Limit ($0.05/$0.1) - 2024/06/22 18:50:53
Table 'NLHRed34' 6-max Seat #1 is the button
Seat 1: 65679e35 ($11.44 in chips)
Seat 2: 332741ee ($18.25 in chips)
Seat 3: 84701d1c ($10 in chips)
Seat 4: Hero ($10.9 in chips)
Seat 5: 9aa30cff ($8.62 in chips)
332741ee: posts small blind $0.05
84701d1c: posts big blind $0.1
*** HOLE CARDS ***
Dealt to 65679e35 
Dealt to 332741ee 
Dealt to 84701d1c 
Dealt to Hero [9s 6d]
Dealt to 9aa30cff 
Hero: folds
9aa30cff: folds
65679e35: folds
332741ee: folds
Uncalled bet ($0.05) returned to 84701d1c
*** SHOWDOWN ***
84701d1c collected $0.1 from pot
*** SUMMARY ***
Total pot $0.1 | Rake $0 | Jackpot $0 | Bingo $0 | Fortune $0 | Tax $0
Seat 1: 65679e35 (button) folded before Flop (didn't bet)
Seat 2: 332741ee (small blind) folded before Flop
Seat 3: 84701d1c (big blind) collected ($0.1)
Seat 4: Hero folded before Flop (didn't bet)
Seat 5: 9aa30cff folded before Flop (didn't bet)


Poker Hand #HD1826847644: Hold'em No Limit ($0.05/$0.1) - 2024/06/22 18:50:03
Table 'NLHRed34' 6-max Seat #5 is the button
Seat 1: 65679e35 ($10 in chips)
Seat 2: 332741ee ($18.35 in chips)
Seat 3: 84701d1c ($10 in chips)
Seat 4: Hero ($10.9 in chips)
Seat 5: 9aa30cff ($10.21 in chips)
65679e35: posts small blind $0.05
332741ee: posts big blind $0.1
*** HOLE CARDS ***
Dealt to 65679e35 
Dealt to 332741ee 
Dealt to 84701d1c 
Dealt to Hero [3s 2h]
Dealt to 9aa30cff 
84701d1c: folds
Hero: folds
9aa30cff: raises $0.2 to $0.3
65679e35: calls $0.25
332741ee: folds
*** FLOP *** [Ah 4h 7s]
65679e35: checks
9aa30cff: bets $0.35
65679e35: calls $0.35
*** TURN *** [Ah 4h 7s] [Qd]
65679e35: checks
9aa30cff: bets $0.47
65679e35: raises $0.47 to $0.94
9aa30cff: calls $0.47
*** RIVER *** [Ah 4h 7s Qd] [Qs]
65679e35: bets $8.41 and is all-in
9aa30cff: folds
Uncalled bet ($8.41) returned to 65679e35
*** SHOWDOWN ***
65679e35 collected $3.03 from pot
*** SUMMARY ***
Total pot $3.28 | Rake $0.15 | Jackpot $0.1 | Bingo $0 | Fortune $0 | Tax $0
Board [Ah 4h 7s Qd Qs]
Seat 1: 65679e35 (small blind) won ($3.03)
Seat 2: 332741ee (big blind) folded before Flop
Seat 3: 84701d1c folded before Flop (didn't bet)
Seat 4: Hero folded before Flop (didn't bet)
Seat 5: 9aa30cff (button) folded on the River


Poker Hand #HD1826847557: Hold'em No Limit ($0.05/$0.1) - 2024/06/22 18:49:20
Table 'NLHRed34' 6-max Seat #4 is the button
Seat 1: 65679e35 ($10 in chips)
Seat 2: 332741ee ($18.35 in chips)
Seat 3: 84701d1c ($10 in chips)
Seat 4: Hero ($10.63 in chips)
Seat 5: 9aa30cff ($10.26 in chips)
9aa30cff: posts small blind $0.05
65679e35: posts big blind $0.1
*** HOLE CARDS ***
Dealt to 65679e35 
Dealt to 332741ee 
Dealt to 84701d1c 
Dealt to Hero [5s 5d]
Dealt to 9aa30cff 
332741ee: folds
84701d1c: folds
Hero: raises $0.14 to $0.24
9aa30cff: folds
65679e35: calls $0.14
*** FLOP *** [Kd 8h Ah]
65679e35: checks
Hero: checks
*** TURN *** [Kd 8h Ah] [9s]
65679e35: checks
Hero: bets $0.2
65679e35: folds
Uncalled bet ($0.2) returned to Hero
*** SHOWDOWN ***
Hero collected $0.51 from pot
*** SUMMARY ***
Total pot $0.53 | Rake $0.02 | Jackpot $0 | Bingo $0 | Fortune $0 | Tax $0
Board [Kd 8h Ah 9s]
Seat 1: 65679e35 (big blind) folded on the Turn
Seat 2: 332741ee folded before Flop (didn't bet)
Seat 3: 84701d1c folded before Flop (didn't bet)
Seat 4: Hero (button) won ($0.51)
Seat 5: 9aa30cff (small blind) folded before Flop


Poker Hand #HD1826847457: Hold'em No Limit ($0.05/$0.1) - 2024/06/22 18:48:28
Table 'NLHRed34' 6-max Seat #3 is the button
Seat 1: 65679e35 ($10 in chips)
Seat 2: 332741ee ($18.35 in chips)
Seat 3: 84701d1c ($10 in chips)
Seat 4: Hero ($10.68 in chips)
Seat 5: 9aa30cff ($9.82 in chips)
Hero: posts small blind $0.05
9aa30cff: posts big blind $0.1
*** HOLE CARDS ***
Dealt to 65679e35 
Dealt to 332741ee 
Dealt to 84701d1c 
Dealt to Hero [Ad 7s]
Dealt to 9aa30cff 
65679e35: raises $0.1 to $0.2
332741ee: folds
84701d1c: folds
Hero: folds
9aa30cff: calls $0.1
*** FLOP *** [Ks 3h 5h]
9aa30cff: checks
65679e35: bets $0.23
9aa30cff: calls $0.23
*** TURN *** [Ks 3h 5h] [Ts]
9aa30cff: checks
65679e35: checks
*** RIVER *** [Ks 3h 5h Ts] [Jh]
9aa30cff: bets $0.46
65679e35: folds
Uncalled bet ($0.46) returned to 9aa30cff
*** SHOWDOWN ***
9aa30cff collected $0.87 from pot
*** SUMMARY ***
Total pot $0.91 | Rake $0.04 | Jackpot $0 | Bingo $0 | Fortune $0 | Tax $0
Board [Ks 3h 5h Ts Jh]
Seat 1: 65679e35 folded on the River
Seat 2: 332741ee folded before Flop (didn't bet)
Seat 3: 84701d1c (button) folded before Flop (didn't bet)
Seat 4: Hero (small blind) folded before Flop
Seat 5: 9aa30cff (big blind) won ($0.87)


Poker Hand #HD1826847367: Hold'em No Limit ($0.05/$0.1) - 2024/06/22 18:47:43
Table 'NLHRed34' 6-max Seat #2 is the button
Seat 1: 65679e35 ($10 in chips)
Seat 2: 332741ee ($18.35 in chips)
Seat 3: 84701d1c ($10.14 in chips)
Seat 4: Hero ($10.18 in chips)
Seat 5: 9aa30cff ($9.82 in chips)
84701d1c: posts small blind $0.05
Hero: posts big blind $0.1
*** HOLE CARDS ***
Dealt to 65679e35 
Dealt to 332741ee 
Dealt to 84701d1c 
Dealt to Hero [6s 7s]
Dealt to 9aa30cff 
9aa30cff: folds
65679e35: folds
332741ee: folds
84701d1c: raises $0.2 to $0.3
Hero: calls $0.2
*** FLOP *** [9d 8h 9s]
84701d1c: bets $0.25
Hero: raises $0.65 to $0.9
84701d1c: folds
Uncalled bet ($0.65) returned to Hero
*** SHOWDOWN ***
Hero collected $1.05 from pot
*** SUMMARY ***
Total pot $1.1 | Rake $0.05 | Jackpot $0 | Bingo $0 | Fortune $0 | Tax $0
Board [9d 8h 9s]
Seat 1: 65679e35 folded before Flop (didn't bet)
Seat 2: 332741ee (button) folded before Flop (didn't bet)
Seat 3: 84701d1c (small blind) folded on the Flop
Seat 4: Hero (big blind) won ($1.05)
Seat 5: 9aa30cff folded before Flop (didn't bet)


Poker Hand #HD1826847317: Hold'em No Limit ($0.05/$0.1) - 2024/06/22 18:47:19
Table 'NLHRed34' 6-max Seat #1 is the button
Seat 1: 65679e35 ($10 in chips)
Seat 2: 332741ee ($18.4 in chips)
Seat 3: 84701d1c ($10 in chips)
Seat 4: Hero ($10.18 in chips)
Seat 5: 9aa30cff ($9.82 in chips)
332741ee: posts small blind $0.05
84701d1c: posts big blind $0.1
*** HOLE CARDS ***
Dealt to 65679e35 
Dealt to 332741ee 
Dealt to 84701d1c 
Dealt to Hero [8s Ah]
Dealt to 9aa30cff 
Hero: folds
9aa30cff: folds
65679e35: calls $0.1
332741ee: folds
84701d1c: checks
*** FLOP *** [3s 5c Qs]
84701d1c: bets $0.1
65679e35: folds
Uncalled bet ($0.1) returned to 84701d1c
*** SHOWDOWN ***
84701d1c collected $0.24 from pot
*** SUMMARY ***
Total pot $0.25 | Rake $0.01 | Jackpot $0 | Bingo $0 | Fortune $0 | Tax $0
Board [3s 5c Qs]
Seat 1: 65679e35 (button) folded on the Flop
Seat 2: 332741ee (small blind) folded before Flop
Seat 3: 84701d1c (big blind) won ($0.24)
Seat 4: Hero folded before Flop (didn't bet)
Seat 5: 9aa30cff folded before Flop (didn't bet)


Poker Hand #HD1826847298: Hold'em No Limit ($0.05/$0.1) - 2024/06/22 18:47:10
Table 'NLHRed34' 6-max Seat #5 is the button
Seat 1: 65679e35 ($10 in chips)
Seat 2: 332741ee ($18.35 in chips)
Seat 3: 84701d1c ($10 in chips)
Seat 4: Hero ($10.18 in chips)
Seat 5: 9aa30cff ($9.82 in chips)
65679e35: posts small blind $0.05
332741ee: posts big blind $0.1
*** HOLE CARDS ***
Dealt to 65679e35 
Dealt to 332741ee 
Dealt to 84701d1c 
Dealt to Hero [7s 3s]
Dealt to 9aa30cff 
84701d1c: folds
Hero: folds
9aa30cff: folds
65679e35: folds
Uncalled bet ($0.05) returned to 332741ee
*** SHOWDOWN ***
332741ee collected $0.1 from pot
*** SUMMARY ***
Total pot $0.1 | Rake $0 | Jackpot $0 | Bingo $0 | Fortune $0 | Tax $0
Seat 1: 65679e35 (small blind) folded before Flop
Seat 2: 332741ee (big blind) collected ($0.1)
Seat 3: 84701d1c folded before Flop (didn't bet)
Seat 4: Hero folded before Flop (didn't bet)
Seat 5: 9aa30cff (button) folded before Flop (didn't bet)


Poker Hand #HD1826847208: Hold'em No Limit ($0.05/$0.1) - 2024/06/22 18:46:29
Table 'NLHRed34' 6-max Seat #4 is the button
Seat 1: 65679e35 ($10 in chips)
Seat 2: 332741ee ($18.35 in chips)
Seat 3: 84701d1c ($10 in chips)
Seat 4: Hero ($10.18 in chips)
Seat 5: 9aa30cff ($8.69 in chips)
9aa30cff: posts small blind $0.05
65679e35: posts big blind $0.1
*** HOLE CARDS ***
Dealt to 65679e35 
Dealt to 332741ee 
Dealt to 84701d1c 
Dealt to Hero [5s 4h]
Dealt to 9aa30cff 
332741ee: folds
84701d1c: raises $0.15 to $0.25
Hero: folds
9aa30cff: raises $0.3 to $0.55
65679e35: folds
84701d1c: calls $0.3
*** FLOP *** [Tc Ks 4s]
9aa30cff: bets $0.6
84701d1c: calls $0.6
*** TURN *** [Tc Ks 4s] [3d]
9aa30cff: bets $1.2
84701d1c: folds
Uncalled bet ($1.2) returned to 9aa30cff
*** SHOWDOWN ***
9aa30cff collected $2.28 from pot
*** SUMMARY ***
Total pot $2.4 | Rake $0.12 | Jackpot $0 | Bingo $0 | Fortune $0 | Tax $0
Board [Tc Ks 4s 3d]
Seat 1: 65679e35 (big blind) folded before Flop
Seat 2: 332741ee folded before Flop (didn't bet)
Seat 3: 84701d1c folded on the Turn
Seat 4: Hero (button) folded before Flop (didn't bet)
Seat 5: 9aa30cff (small blind) won ($2.28)


Poker Hand #HD1826847157: Hold'em No Limit ($0.05/$0.1) - 2024/06/22 18:46:02
Table 'NLHRed34' 6-max Seat #3 is the button
Seat 1: 65679e35 ($10 in chips)
Seat 2: 332741ee ($18.35 in chips)
Seat 3: 84701d1c ($10.03 in chips)
Seat 4: Hero ($10.23 in chips)
Seat 5: 9aa30cff ($8.41 in chips)
Hero: posts small blind $0.05
9aa30cff: posts big blind $0.1
*** HOLE CARDS ***
Dealt to 65679e35 
Dealt to 332741ee 
Dealt to 84701d1c 
Dealt to Hero [6c Qh]
Dealt to 9aa30cff 
65679e35: folds
332741ee: folds
84701d1c: raises $0.15 to $0.25
Hero: folds
9aa30cff: raises $0.28 to $0.53
84701d1c: folds
Uncalled bet ($0.28) returned to 9aa30cff
*** SHOWDOWN ***
9aa30cff collected $0.53 from pot
*** SUMMARY ***
Total pot $0.55 | Rake $0.02 | Jackpot $0 | Bingo $0 | Fortune $0 | Tax $0
Seat 1: 65679e35 folded before Flop (didn't bet)
Seat 2: 332741ee folded before Flop (didn't bet)
Seat 3: 84701d1c (button) folded before Flop
Seat 4: Hero (small blind) folded before Flop
Seat 5: 9aa30cff (big blind) collected ($0.53)


Poker Hand #HD1826847072: Hold'em No Limit ($0.05/$0.1) - 2024/06/22 18:45:19
Table 'NLHRed34' 6-max Seat #2 is the button
Seat 1: 65679e35 ($10 in chips)
Seat 2: 332741ee ($18.35 in chips)
Seat 3: 84701d1c ($10.28 in chips)
Seat 4: Hero ($10 in chips)
Seat 5: 9aa30cff ($8.41 in chips)
84701d1c: posts small blind $0.05
Hero: posts big blind $0.1
*** HOLE CARDS ***
Dealt to 65679e35 
Dealt to 332741ee 
Dealt to 84701d1c 
Dealt to Hero [8h 8s]
Dealt to 9aa30cff 
9aa30cff: folds
65679e35: folds
332741ee: folds
84701d1c: raises $0.15 to $0.25
Hero: calls $0.15
*** FLOP *** [Qd 7s Jc]
84701d1c: checks
Hero: checks
*** TURN *** [Qd 7s Jc] [Ah]
84701d1c: checks
Hero: bets $0.2
84701d1c: folds
Uncalled bet ($0.2) returned to Hero
*** SHOWDOWN ***
Hero collected $0.48 from pot
*** SUMMARY ***
Total pot $0.5 | Rake $0.02 | Jackpot $0 | Bingo $0 | Fortune $0 | Tax $0
Board [Qd 7s Jc Ah]
Seat 1: 65679e35 folded before Flop (didn't bet)
Seat 2: 332741ee (button) folded before Flop (didn't bet)
Seat 3: 84701d1c (small blind) folded on the Turn
Seat 4: Hero (big blind) won ($0.48)
Seat 5: 9aa30cff folded before Flop (didn't bet)


Poker Hand #HD1826847041: Hold'em No Limit ($0.05/$0.1) - 2024/06/22 18:45:04
Table 'NLHRed34' 6-max Seat #1 is the button
Seat 1: 65679e35 ($10 in chips)
Seat 2: 332741ee ($18.4 in chips)
Seat 3: 84701d1c ($10.38 in chips)
Seat 4: Hero ($10 in chips)
Seat 5: 9aa30cff ($8.26 in chips)
332741ee: posts small blind $0.05
84701d1c: posts big blind $0.1
*** HOLE CARDS ***
Dealt to 65679e35 
Dealt to 332741ee 
Dealt to 84701d1c 
Dealt to Hero [5h Qc]
Dealt to 9aa30cff 
Hero: folds
9aa30cff: raises $0.2 to $0.3
65679e35: folds
332741ee: folds
84701d1c: folds
Uncalled bet ($0.2) returned to 9aa30cff
*** SHOWDOWN ***
9aa30cff collected $0.25 from pot
*** SUMMARY ***
Total pot $0.25 | Rake $0 | Jackpot $0 | Bingo $0 | Fortune $0 | Tax $0
Seat 1: 65679e35 (button) folded before Flop (didn't bet)
Seat 2: 332741ee (small blind) folded before Flop
Seat 3: 84701d1c (big blind) folded before Flop
Seat 4: Hero folded before Flop (didn't bet)
Seat 5: 9aa30cff collected ($0.25)


Poker Hand #HD1826846965: Hold'em No Limit ($0.05/$0.1) - 2024/06/22 18:44:22
Table 'NLHRed34' 6-max Seat #5 is the button
Seat 1: 65679e35 ($10 in chips)
Seat 2: 332741ee ($18.08 in chips)
Seat 3: 84701d1c ($10.38 in chips)
Seat 4: Hero ($10 in chips)
Seat 5: 9aa30cff ($8.56 in chips)
65679e35: posts small blind $0.05
332741ee: posts big blind $0.1
*** HOLE CARDS ***
Dealt to 65679e35 
Dealt to 332741ee 
Dealt to 84701d1c 
Dealt to Hero [3h Qd]
Dealt to 9aa30cff 
84701d1c: folds
Hero: folds
9aa30cff: raises $0.2 to $0.3
65679e35: folds
332741ee: calls $0.2
*** FLOP *** [5h 9c Jd]
332741ee: bets $0.33
9aa30cff: folds
Uncalled bet ($0.33) returned to 332741ee
*** SHOWDOWN ***
332741ee collected $0.62 from pot
*** SUMMARY ***
Total pot $0.65 | Rake $0.03 | Jackpot $0 | Bingo $0 | Fortune $0 | Tax $0
Board [5h 9c Jd]
Seat 1: 65679e35 (small blind) folded before Flop
Seat 2: 332741ee (big blind) won ($0.62)
Seat 3: 84701d1c folded before Flop (didn't bet)
Seat 4: Hero folded before Flop (didn't bet)
Seat 5: 9aa30cff (button) folded on the Flop


Poker Hand #HD1826846882: Hold'em No Limit ($0.05/$0.1) - 2024/06/22 18:43:42
Table 'NLHRed34' 6-max Seat #4 is the button
Seat 1: 65679e35 ($10 in chips)
Seat 2: 332741ee ($17.76 in chips)
Seat 3: 84701d1c ($10.38 in chips)
Seat 4: Hero ($10 in chips)
Seat 5: 9aa30cff ($8.61 in chips)
9aa30cff: posts small blind $0.05
65679e35: posts big blind $0.1
*** HOLE CARDS ***
Dealt to 65679e35 
Dealt to 332741ee 
Dealt to 84701d1c 
Dealt to Hero [3s Td]
Dealt to 9aa30cff 
332741ee: raises $0.2 to $0.3
84701d1c: folds
Hero: folds
9aa30cff: folds
65679e35: calls $0.2
*** FLOP *** [7h 3c 6c]
65679e35: checks
332741ee: bets $0.65
65679e35: folds
Uncalled bet ($0.65) returned to 332741ee
*** SHOWDOWN ***
332741ee collected $0.62 from pot
*** SUMMARY ***
Total pot $0.65 | Rake $0.03 | Jackpot $0 | Bingo $0 | Fortune $0 | Tax $0
Board [7h 3c 6c]
Seat 1: 65679e35 (big blind) folded on the Flop
Seat 2: 332741ee won ($0.62)
Seat 3: 84701d1c folded before Flop (didn't bet)
Seat 4: Hero (button) folded before Flop (didn't bet)
Seat 5: 9aa30cff (small blind) folded before Flop


Poker Hand #HD1826846814: Hold'em No Limit ($0.05/$0.1) - 2024/06/22 18:43:14
Table 'NLHRed34' 6-max Seat #3 is the button
Seat 2: 332741ee ($17.76 in chips)
Seat 3: 84701d1c ($10.23 in chips)
Seat 4: Hero ($10 in chips)
Seat 5: 9aa30cff ($8.71 in chips)
Hero: posts small blind $0.05
9aa30cff: posts big blind $0.1
*** HOLE CARDS ***
Dealt to 332741ee 
Dealt to 84701d1c 
Dealt to Hero [5s 7s]
Dealt to 9aa30cff 
332741ee: folds
84701d1c: raises $0.2 to $0.3
Hero: folds
9aa30cff: folds
Uncalled bet ($0.2) returned to 84701d1c
*** SHOWDOWN ***
84701d1c collected $0.25 from pot
*** SUMMARY ***
Total pot $0.25 | Rake $0 | Jackpot $0 | Bingo $0 | Fortune $0 | Tax $0
Seat 2: 332741ee folded before Flop (didn't bet)
Seat 3: 84701d1c (button) collected ($0.25)
Seat 4: Hero (small blind) folded before Flop
Seat 5: 9aa30cff (big blind) folded before Flop


Poker Hand #HD1826846740: Hold'em No Limit ($0.05/$0.1) - 2024/06/22 18:42:40
Table 'NLHRed34' 6-max Seat #2 is the button
Seat 1: bfb26f23 ($12.88 in chips)
Seat 2: 332741ee ($17.61 in chips)
Seat 3: 84701d1c ($10.28 in chips)
Seat 4: Hero ($10 in chips)
Seat 5: 9aa30cff ($8.71 in chips)
84701d1c: posts small blind $0.05
Hero: posts big blind $0.1
*** HOLE CARDS ***
Dealt to bfb26f23 
Dealt to 332741ee 
Dealt to 84701d1c 
Dealt to Hero [3s Jc]
Dealt to 9aa30cff 
9aa30cff: folds
bfb26f23: folds
332741ee: raises $0.2 to $0.3
84701d1c: folds
Hero: folds
Uncalled bet ($0.2) returned to 332741ee
*** SHOWDOWN ***
332741ee collected $0.25 from pot
*** SUMMARY ***
Total pot $0.25 | Rake $0 | Jackpot $0 | Bingo $0 | Fortune $0 | Tax $0
Seat 1: bfb26f23 folded before Flop (didn't bet)
Seat 2: 332741ee (button) collected ($0.25)
Seat 3: 84701d1c (small blind) folded before Flop
Seat 4: Hero (big blind) folded before Flop
Seat 5: 9aa30cff folded before Flop (didn't bet)


Poker Hand #HD1826846649: Hold'em No Limit ($0.05/$0.1) - 2024/06/22 18:42:00
Table 'NLHRed34' 6-max Seat #1 is the button
Seat 1: bfb26f23 ($13.13 in chips)
Seat 2: 332741ee ($17.66 in chips)
Seat 3: 84701d1c ($10 in chips)
Seat 4: Hero ($10 in chips)
Seat 5: 9aa30cff ($8.71 in chips)
332741ee: posts small blind $0.05
84701d1c: posts big blind $0.1
*** HOLE CARDS ***
Dealt to bfb26f23 
Dealt to 332741ee 
Dealt to 84701d1c 
Dealt to Hero [2h 6s]
Dealt to 9aa30cff 
Hero: folds
9aa30cff: folds
bfb26f23: raises $0.15 to $0.25
332741ee: folds
84701d1c: calls $0.15
*** FLOP *** [Ks 2d Jc]
84701d1c: checks
bfb26f23: checks
*** TURN *** [Ks 2d Jc] [Ad]
84701d1c: bets $0.25
bfb26f23: folds
Uncalled bet ($0.25) returned to 84701d1c
*** SHOWDOWN ***
84701d1c collected $0.53 from pot
*** SUMMARY ***
Total pot $0.55 | Rake $0.02 | Jackpot $0 | Bingo $0 | Fortune $0 | Tax $0
Board [Ks 2d Jc Ad]
Seat 1: bfb26f23 (button) folded on the Turn
Seat 2: 332741ee (small blind) folded before Flop
Seat 3: 84701d1c (big blind) won ($0.53)
Seat 4: Hero folded before Flop (didn't bet)
Seat 5: 9aa30cff folded before Flop (didn't bet)


Poker Hand #HD1826846612: Hold'em No Limit ($0.05/$0.1) - 2024/06/22 18:41:47
Table 'NLHRed34' 6-max Seat #5 is the button
Seat 1: bfb26f23 ($13.18 in chips)
Seat 2: 332741ee ($17.61 in chips)
Seat 4: Hero ($10 in chips)
Seat 5: 9aa30cff ($8.71 in chips)
bfb26f23: posts small blind $0.05
332741ee: posts big blind $0.1
*** HOLE CARDS ***
Dealt to bfb26f23 
Dealt to 332741ee 
Dealt to Hero [6d 7s]
Dealt to 9aa30cff 
Hero: folds
9aa30cff: folds
bfb26f23: folds
Uncalled bet ($0.05) returned to 332741ee
*** SHOWDOWN ***
332741ee collected $0.1 from pot
*** SUMMARY ***
Total pot $0.1 | Rake $0 | Jackpot $0 | Bingo $0 | Fortune $0 | Tax $0
Seat 1: bfb26f23 (small blind) folded before Flop
Seat 2: 332741ee (big blind) collected ($0.1)
Seat 4: Hero folded before Flop (didn't bet)
Seat 5: 9aa30cff (button) folded before Flop (didn't bet)


Poker Hand #HD1826846586: Hold'em No Limit ($0.05/$0.1) - 2024/06/22 18:41:37
Table 'NLHRed34' 6-max Seat #4 is the button
Seat 1: bfb26f23 ($13.28 in chips)
Seat 2: 332741ee ($17.61 in chips)
Seat 4: Hero ($10 in chips)
Seat 5: 9aa30cff ($8.61 in chips)
9aa30cff: posts small blind $0.05
bfb26f23: posts big blind $0.1
*** HOLE CARDS ***
Dealt to bfb26f23 
Dealt to 332741ee 
Dealt to Hero [Qc 5s]
Dealt to 9aa30cff 
332741ee: folds
Hero: folds
9aa30cff: raises $0.2 to $0.3
bfb26f23: folds
Uncalled bet ($0.2) returned to 9aa30cff
*** SHOWDOWN ***
9aa30cff collected $0.2 from pot
*** SUMMARY ***
Total pot $0.2 | Rake $0 | Jackpot $0 | Bingo $0 | Fortune $0 | Tax $0
Seat 1: bfb26f23 (big blind) folded before Flop
Seat 2: 332741ee folded before Flop (didn't bet)
Seat 4: Hero (button) folded before Flop (didn't bet)
Seat 5: 9aa30cff (small blind) collected ($0.2)


Poker Hand #HD1826846572: Hold'em No Limit ($0.05/$0.1) - 2024/06/22 18:41:30
Table 'NLHRed34' 6-max Seat #2 is the button
Seat 1: bfb26f23 ($13.28 in chips)
Seat 2: 332741ee ($17.61 in chips)
Seat 4: Hero ($10 in chips)
Seat 5: 9aa30cff ($8.56 in chips)
Hero: posts small blind $0.05
9aa30cff: posts big blind $0.1
*** HOLE CARDS ***
Dealt to bfb26f23 
Dealt to 332741ee 
Dealt to Hero [3h 9s]
Dealt to 9aa30cff 
bfb26f23: folds
332741ee: folds
Hero: folds
Uncalled bet ($0.05) returned to 9aa30cff
*** SHOWDOWN ***
9aa30cff collected $0.1 from pot
*** SUMMARY ***
Total pot $0.1 | Rake $0 | Jackpot $0 | Bingo $0 | Fortune $0 | Tax $0
Seat 1: bfb26f23 folded before Flop (didn't bet)
Seat 2: 332741ee (button) folded before Flop (didn't bet)
Seat 4: Hero (small blind) folded before Flop
Seat 5: 9aa30cff (big blind) collected ($0.1)


Poker Hand #HD1826846454: Hold'em No Limit ($0.05/$0.1) - 2024/06/22 18:40:39
Table 'NLHRed34' 6-max Seat #1 is the button
Seat 1: bfb26f23 ($14.43 in chips)
Seat 2: 332741ee ($16.48 in chips)
Seat 4: Hero ($10 in chips)
Seat 5: 9aa30cff ($8.56 in chips)
332741ee: posts small blind $0.05
Hero: posts big blind $0.1
*** HOLE CARDS ***
Dealt to bfb26f23 
Dealt to 332741ee 
Dealt to Hero [3c 2d]
Dealt to 9aa30cff 
9aa30cff: folds
bfb26f23: raises $0.15 to $0.25
332741ee: calls $0.2
Hero: folds
*** FLOP *** [2c 4d Jc]
332741ee: bets $0.3
bfb26f23: calls $0.3
*** TURN *** [2c 4d Jc] [2s]
332741ee: checks
bfb26f23: checks
*** RIVER *** [2c 4d Jc 2s] [Ts]
332741ee: bets $0.6
bfb26f23: calls $0.6
332741ee: shows [8c 8s] (Pair of Eights and Pair of Twos)
bfb26f23: shows [5s 5h] (Pair of Fives and Pair of Twos)
*** SHOWDOWN ***
332741ee collected $2.28 from pot
*** SUMMARY ***
Total pot $2.4 | Rake $0.12 | Jackpot $0 | Bingo $0 | Fortune $0 | Tax $0
Board [2c 4d Jc 2s Ts]
Seat 1: bfb26f23 (button) showed [5s 5h] and lost with Pair of Fives and Pair of Twos
Seat 2: 332741ee (small blind) showed [8c 8s] and won ($2.28) with Pair of Eights and Pair of Twos
Seat 4: Hero (big blind) folded before Flop
Seat 5: 9aa30cff folded before Flop (didn't bet)


Poker Hand #HD1826846393: Hold'em No Limit ($0.05/$0.1) - 2024/06/22 18:40:06
Table 'NLHRed34' 6-max Seat #5 is the button
Seat 1: bfb26f23 ($14.73 in chips)
Seat 2: 332741ee ($16.21 in chips)
Seat 3: ff6e350 ($10 in chips)
Seat 4: Hero ($10 in chips)
Seat 5: 9aa30cff ($8.56 in chips)
bfb26f23: posts small blind $0.05
332741ee: posts big blind $0.1
*** HOLE CARDS ***
Dealt to bfb26f23 
Dealt to 332741ee 
Dealt to ff6e350 
Dealt to Hero [5d 3h]
Dealt to 9aa30cff 
ff6e350: folds
Hero: folds
9aa30cff: folds
bfb26f23: raises $0.2 to $0.3
332741ee: calls $0.2
*** FLOP *** [Ad 7c Ah]
bfb26f23: checks
332741ee: bets $0.3
bfb26f23: folds
Uncalled bet ($0.3) returned to 332741ee
*** SHOWDOWN ***
332741ee collected $0.57 from pot
*** SUMMARY ***
Total pot $0.6 | Rake $0.03 | Jackpot $0 | Bingo $0 | Fortune $0 | Tax $0
Board [Ad 7c Ah]
Seat 1: bfb26f23 (small blind) folded on the Flop
Seat 2: 332741ee (big blind) won ($0.57)
Seat 3: ff6e350 folded before Flop (didn't bet)
Seat 4: Hero folded before Flop (didn't bet)
Seat 5: 9aa30cff (button) folded before Flop (didn't bet)


Poker Hand #HD1826846223: Hold'em No Limit ($0.05/$0.1) - 2024/06/22 18:38:52
Table 'NLHRed34' 6-max Seat #4 is the button
Seat 1: bfb26f23 ($10 in chips)
Seat 2: 332741ee ($16.21 in chips)
Seat 3: ff6e350 ($10 in chips)
Seat 4: Hero ($10 in chips)
Seat 5: 9aa30cff ($8.61 in chips)
Seat 6: 6b0adb15 ($6.68 in chips)
9aa30cff: posts small blind $0.05
6b0adb15: posts big blind $0.1
*** HOLE CARDS ***
Dealt to bfb26f23 
Dealt to 332741ee 
Dealt to ff6e350 
Dealt to Hero [3h Td]
Dealt to 9aa30cff 
Dealt to 6b0adb15 
bfb26f23: raises $0.15 to $0.25
332741ee: folds
ff6e350: folds
Hero: folds
9aa30cff: folds
6b0adb15: raises $0.75 to $1
bfb26f23: raises $1.2 to $2.2
6b0adb15: raises $4.45 to $6.65
bfb26f23: raises $3.35 to $10 and is all-in
6b0adb15: calls $0.03 and is all-in
Uncalled bet ($3.32) returned to bfb26f23
bfb26f23: shows [Kc Ks]
6b0adb15: shows [Js Jh]
*** FLOP *** [5s 7s 8s]
bfb26f23: Chooses to EV Cashout 
*** TURN *** [5s 7s 8s] [6d]
*** RIVER *** [5s 7s 8s 6d] [5d]
bfb26f23: Pays Cashout Risk ($1.24)
*** SHOWDOWN ***
bfb26f23 collected $12.65 from pot
*** SUMMARY ***
Total pot $13.41 | Rake $0.66 | Jackpot $0.1 | Bingo $0 | Fortune $0 | Tax $0
Board [5s 7s 8s 6d 5d]
Seat 1: bfb26f23 showed [Kc Ks] and won ($12.65) with Pair of Kings and Pair of Fives, Cashout Risk ($1.24)
Seat 2: 332741ee folded before Flop (didn't bet)
Seat 3: ff6e350 folded before Flop (didn't bet)
Seat 4: Hero (button) folded before Flop (didn't bet)
Seat 5: 9aa30cff (small blind) folded before Flop
Seat 6: 6b0adb15 (big blind) showed [Js Jh] and lost with Pair of Jacks and Pair of Fives


Poker Hand #HD1826846088: Hold'em No Limit ($0.05/$0.1) - 2024/06/22 18:37:54
Table 'NLHRed34' 6-max Seat #3 is the button
Seat 1: bfb26f23 ($10 in chips)
Seat 2: 332741ee ($16.21 in chips)
Seat 3: ff6e350 ($10 in chips)
Seat 4: Hero ($10 in chips)
Seat 5: 9aa30cff ($9.9 in chips)
Seat 6: 6b0adb15 ($5.47 in chips)
Hero: posts small blind $0.05
9aa30cff: posts big blind $0.1
*** HOLE CARDS ***
Dealt to bfb26f23 
Dealt to 332741ee 
Dealt to ff6e350 
Dealt to Hero [2h Jh]
Dealt to 9aa30cff 
Dealt to 6b0adb15 
6b0adb15: raises $0.2 to $0.3
bfb26f23: folds
332741ee: folds
ff6e350: folds
Hero: folds
9aa30cff: calls $0.2
*** FLOP *** [6h 8s 6s]
9aa30cff: checks
6b0adb15: bets $0.33
9aa30cff: calls $0.33
*** TURN *** [6h 8s 6s] [4h]
9aa30cff: bets $0.66
6b0adb15: raises $1.32 to $1.98
9aa30cff: folds
Uncalled bet ($1.32) returned to 6b0adb15
*** SHOWDOWN ***
6b0adb15 collected $2.5 from pot
*** SUMMARY ***
Total pot $2.63 | Rake $0.13 | Jackpot $0 | Bingo $0 | Fortune $0 | Tax $0
Board [6h 8s 6s 4h]
Seat 1: bfb26f23 folded before Flop (didn't bet)
Seat 2: 332741ee folded before Flop (didn't bet)
Seat 3: ff6e350 (button) folded before Flop (didn't bet)
Seat 4: Hero (small blind) folded before Flop
Seat 5: 9aa30cff (big blind) folded on the Turn
Seat 6: 6b0adb15 won ($2.5)


Poker Hand #HD1826845975: Hold'em No Limit ($0.05/$0.1) - 2024/06/22 18:37:04
Table 'NLHRed34' 6-max Seat #2 is the button
Seat 1: bfb26f23 ($10 in chips)
Seat 2: 332741ee ($15.12 in chips)
Seat 3: ff6e350 ($10 in chips)
Seat 4: Hero ($10 in chips)
Seat 5: 9aa30cff ($9.9 in chips)
Seat 6: 6b0adb15 ($6.52 in chips)
ff6e350: posts small blind $0.05
Hero: posts big blind $0.1
*** HOLE CARDS ***
Dealt to bfb26f23 
Dealt to 332741ee 
Dealt to ff6e350 
Dealt to Hero [Tc 7h]
Dealt to 9aa30cff 
Dealt to 6b0adb15 
9aa30cff: folds
6b0adb15: raises $0.1 to $0.2
bfb26f23: folds
332741ee: raises $0.1 to $0.3
ff6e350: folds
Hero: folds
6b0adb15: calls $0.1
*** FLOP *** [As 6c 8s]
6b0adb15: checks
332741ee: bets $0.75
6b0adb15: calls $0.75
*** TURN *** [As 6c 8s] [5s]
6b0adb15: checks
332741ee: bets $1.69
6b0adb15: folds
Uncalled bet ($1.69) returned to 332741ee
*** SHOWDOWN ***
332741ee collected $2.14 from pot
*** SUMMARY ***
Total pot $2.25 | Rake $0.11 | Jackpot $0 | Bingo $0 | Fortune $0 | Tax $0
Board [As 6c 8s 5s]
Seat 1: bfb26f23 folded before Flop (didn't bet)
Seat 2: 332741ee (button) won ($2.14)
Seat 3: ff6e350 (small blind) folded before Flop
Seat 4: Hero (big blind) folded before Flop
Seat 5: 9aa30cff folded before Flop (didn't bet)
Seat 6: 6b0adb15 folded on the Turn


Poker Hand #HD1826845934: Hold'em No Limit ($0.05/$0.1) - 2024/06/22 18:36:50
Table 'NLHRed34' 6-max Seat #1 is the button
Seat 1: bfb26f23 ($10 in chips)
Seat 2: 332741ee ($15.17 in chips)
Seat 3: ff6e350 ($10 in chips)
Seat 4: Hero ($10 in chips)
Seat 5: 9aa30cff ($9.9 in chips)
Seat 6: 6b0adb15 ($6.37 in chips)
332741ee: posts small blind $0.05
ff6e350: posts big blind $0.1
*** HOLE CARDS ***
Dealt to bfb26f23 
Dealt to 332741ee 
Dealt to ff6e350 
Dealt to Hero [4d Jd]
Dealt to 9aa30cff 
Dealt to 6b0adb15 
Hero: folds
9aa30cff: folds
6b0adb15: raises $0.1 to $0.2
bfb26f23: folds
332741ee: folds
ff6e350: folds
Uncalled bet ($0.1) returned to 6b0adb15
*** SHOWDOWN ***
6b0adb15 collected $0.25 from pot
*** SUMMARY ***
Total pot $0.25 | Rake $0 | Jackpot $0 | Bingo $0 | Fortune $0 | Tax $0
Seat 1: bfb26f23 (button) folded before Flop (didn't bet)
Seat 2: 332741ee (small blind) folded before Flop
Seat 3: ff6e350 (big blind) folded before Flop
Seat 4: Hero folded before Flop (didn't bet)
Seat 5: 9aa30cff folded before Flop (didn't bet)
Seat 6: 6b0adb15 collected ($0.25)


Poker Hand #HD1826845891: Hold'em No Limit ($0.05/$0.1) - 2024/06/22 18:36:30
Table 'NLHRed34' 6-max Seat #6 is the button
Seat 1: bfb26f23 ($10 in chips)
Seat 2: 332741ee ($15.27 in chips)
Seat 3: ff6e350 ($10 in chips)
Seat 4: Hero ($10 in chips)
Seat 5: 9aa30cff ($10 in chips)
Seat 6: 6b0adb15 ($5.86 in chips)
bfb26f23: posts small blind $0.05
332741ee: posts big blind $0.1
9aa30cff: posts big blind $0.1
*** HOLE CARDS ***
Dealt to bfb26f23 
Dealt to 332741ee 
Dealt to ff6e350 
Dealt to Hero [Ad Th]
Dealt to 9aa30cff 
Dealt to 6b0adb15 
ff6e350: folds
Hero: raises $0.2 to $0.3
9aa30cff: folds
6b0adb15: raises $0.85 to $1.15
bfb26f23: folds
332741ee: folds
Hero: folds
Uncalled bet ($0.85) returned to 6b0adb15
*** SHOWDOWN ***
6b0adb15 collected $0.81 from pot
*** SUMMARY ***
Total pot $0.85 | Rake $0.04 | Jackpot $0 | Bingo $0 | Fortune $0 | Tax $0
Seat 1: bfb26f23 (small blind) folded before Flop
Seat 2: 332741ee (big blind) folded before Flop
Seat 3: ff6e350 folded before Flop (didn't bet)
Seat 4: Hero folded before Flop
Seat 5: 9aa30cff folded before Flop
Seat 6: 6b0adb15 (button) collected ($0.81)


Poker Hand #HD1826845782: Hold'em No Limit ($0.05/$0.1) - 2024/06/22 18:35:40
Table 'NLHRed34' 6-max Seat #4 is the button
Seat 1: bfb26f23 ($10 in chips)
Seat 2: 332741ee ($14.85 in chips)
Seat 3: ff6e350 ($10 in chips)
Seat 4: Hero ($10.1 in chips)
Seat 6: 6b0adb15 ($5.91 in chips)
6b0adb15: posts small blind $0.05
bfb26f23: posts big blind $0.1
*** HOLE CARDS ***
Dealt to bfb26f23 
Dealt to 332741ee 
Dealt to ff6e350 
Dealt to Hero [Jc Tc]
Dealt to 6b0adb15 
332741ee: raises $0.1 to $0.2
ff6e350: folds
Hero: calls $0.2
6b0adb15: folds
bfb26f23: calls $0.1
*** FLOP *** [6d 8s As]
bfb26f23: checks
332741ee: bets $0.3
Hero: folds
bfb26f23: folds
Uncalled bet ($0.3) returned to 332741ee
6b0adb15: shows [Kd 6c] (Pair of Sixes)
*** SHOWDOWN ***
332741ee collected $0.62 from pot
*** SUMMARY ***
Total pot $0.65 | Rake $0.03 | Jackpot $0 | Bingo $0 | Fortune $0 | Tax $0
Board [6d 8s As]
Seat 1: bfb26f23 (big blind) folded on the Flop
Seat 2: 332741ee won ($0.62)
Seat 3: ff6e350 folded before Flop (didn't bet)
Seat 4: Hero (button) folded on the Flop
Seat 6: 6b0adb15 (small blind) folded before Flop


Poker Hand #HD1826845736: Hold'em No Limit ($0.05/$0.1) - 2024/06/22 18:35:18
Table 'NLHRed34' 6-max Seat #3 is the button
Seat 1: bfb26f23 ($10 in chips)
Seat 2: 332741ee ($14.85 in chips)
Seat 3: ff6e350 ($10 in chips)
Seat 4: Hero ($10 in chips)
Seat 6: 6b0adb15 ($6.01 in chips)
Hero: posts small blind $0.05
6b0adb15: posts big blind $0.1
*** HOLE CARDS ***
Dealt to bfb26f23 
Dealt to 332741ee 
Dealt to ff6e350 
Dealt to Hero [As 4d]
Dealt to 6b0adb15 
bfb26f23: folds
332741ee: folds
ff6e350: folds
Hero: raises $0.2 to $0.3
6b0adb15: folds
Uncalled bet ($0.2) returned to Hero
*** SHOWDOWN ***
Hero collected $0.2 from pot
*** SUMMARY ***
Total pot $0.2 | Rake $0 | Jackpot $0 | Bingo $0 | Fortune $0 | Tax $0
Seat 1: bfb26f23 folded before Flop (didn't bet)
Seat 2: 332741ee folded before Flop (didn't bet)
Seat 3: ff6e350 (button) folded before Flop (didn't bet)
Seat 4: Hero (small blind) collected ($0.2)
Seat 6: 6b0adb15 (big blind) folded before Flop


Poker Hand #HD1826845703: Hold'em No Limit ($0.05/$0.1) - 2024/06/22 18:35:05
Table 'NLHRed34' 6-max Seat #2 is the button
Seat 1: bfb26f23 ($10 in chips)
Seat 2: 332741ee ($14.85 in chips)
Seat 3: ff6e350 ($10 in chips)
Seat 4: Hero ($10 in chips)
Seat 6: 6b0adb15 ($5.86 in chips)
ff6e350: posts small blind $0.05
Hero: posts big blind $0.1
*** HOLE CARDS ***
Dealt to bfb26f23 
Dealt to 332741ee 
Dealt to ff6e350 
Dealt to Hero [9h Jd]
Dealt to 6b0adb15 
6b0adb15: raises $0.2 to $0.3
bfb26f23: folds
332741ee: folds
ff6e350: folds
Hero: folds
Uncalled bet ($0.2) returned to 6b0adb15
*** SHOWDOWN ***
6b0adb15 collected $0.25 from pot
*** SUMMARY ***
Total pot $0.25 | Rake $0 | Jackpot $0 | Bingo $0 | Fortune $0 | Tax $0
Seat 1: bfb26f23 folded before Flop (didn't bet)
Seat 2: 332741ee (button) folded before Flop (didn't bet)
Seat 3: ff6e350 (small blind) folded before Flop
Seat 4: Hero (big blind) folded before Flop
Seat 6: 6b0adb15 collected ($0.25)


Poker Hand #HD1826755624: Hold'em No Limit ($0.05/$0.1) - 2024/06/22 18:34:27
Table 'NLHRed34' 6-max Seat #1 is the button
Seat 1: bfb26f23 ($10 in chips)
Seat 2: 332741ee ($14.38 in chips)
Seat 3: ff6e350 ($10 in chips)
Seat 4: Hero ($10 in chips)
332741ee: posts small blind $0.05
ff6e350: posts big blind $0.1
*** HOLE CARDS ***
Dealt to bfb26f23 
Dealt to 332741ee 
Dealt to ff6e350 
Dealt to Hero [Th 4s]
Hero: folds
bfb26f23: raises $0.15 to $0.25
332741ee: calls $0.2
ff6e350: calls $0.15
*** FLOP *** [8h 7s Jd]
332741ee: checks
ff6e350: checks
bfb26f23: checks
*** TURN *** [8h 7s Jd] [Ts]
332741ee: bets $0.75
ff6e350: folds
bfb26f23: folds
Uncalled bet ($0.75) returned to 332741ee
*** SHOWDOWN ***
332741ee collected $0.72 from pot
*** SUMMARY ***
Total pot $0.75 | Rake $0.03 | Jackpot $0 | Bingo $0 | Fortune $0 | Tax $0
Board [8h 7s Jd Ts]
Seat 1: bfb26f23 (button) folded on the Turn
Seat 2: 332741ee (small blind) won ($0.72)
Seat 3: ff6e350 (big blind) folded on the Turn
Seat 4: Hero folded before Flop (didn't bet)


Poker Hand #HD1826755578: Hold'em No Limit ($0.05/$0.1) - 2024/06/22 18:34:09
Table 'NLHRed34' 6-max Seat #6 is the button
Seat 1: bfb26f23 ($10 in chips)
Seat 2: 332741ee ($14.33 in chips)
Seat 3: ff6e350 ($10 in chips)
Seat 4: Hero ($10 in chips)
Seat 6: 6b0adb15 ($5.86 in chips)
bfb26f23: posts small blind $0.05
332741ee: posts big blind $0.1
*** HOLE CARDS ***
Dealt to bfb26f23 
Dealt to 332741ee 
Dealt to ff6e350 
Dealt to Hero [Qs 4d]
Dealt to 6b0adb15 
ff6e350: folds
Hero: folds
6b0adb15: folds
bfb26f23: folds
Uncalled bet ($0.05) returned to 332741ee
*** SHOWDOWN ***
332741ee collected $0.1 from pot
*** SUMMARY ***
Total pot $0.1 | Rake $0 | Jackpot $0 | Bingo $0 | Fortune $0 | Tax $0
Seat 1: bfb26f23 (small blind) folded before Flop
Seat 2: 332741ee (big blind) collected ($0.1)
Seat 3: ff6e350 folded before Flop (didn't bet)
Seat 4: Hero folded before Flop (didn't bet)
Seat 6: 6b0adb15 (button) folded before Flop (didn't bet)


Poker Hand #HD1826755545: Hold'em No Limit ($0.05/$0.1) - 2024/06/22 18:33:52
Table 'NLHRed34' 6-max Seat #4 is the button
Seat 1: bfb26f23 ($10 in chips)
Seat 2: 332741ee ($14.18 in chips)
Seat 3: ff6e350 ($10 in chips)
Seat 4: Hero ($10 in chips)
Seat 6: 6b0adb15 ($5.91 in chips)
6b0adb15: posts small blind $0.05
bfb26f23: posts big blind $0.1
*** HOLE CARDS ***
Dealt to bfb26f23 
Dealt to 332741ee 
Dealt to ff6e350 
Dealt to Hero [3h Kd]
Dealt to 6b0adb15 
332741ee: raises $0.1 to $0.2
ff6e350: folds
Hero: folds
6b0adb15: folds
bfb26f23: folds
Uncalled bet ($0.1) returned to 332741ee
*** SHOWDOWN ***
332741ee collected $0.25 from pot
*** SUMMARY ***
Total pot $0.25 | Rake $0 | Jackpot $0 | Bingo $0 | Fortune $0 | Tax $0
Seat 1: bfb26f23 (big blind) folded before Flop
Seat 2: 332741ee collected ($0.25)
Seat 3: ff6e350 folded before Flop (didn't bet)
Seat 4: Hero (button) folded before Flop (didn't bet)
Seat 6: 6b0adb15 (small blind) folded before Flop


Poker Hand #HD1826755531: Hold'em No Limit ($0.05/$0.1) - 2024/06/22 18:33:44
Table 'NLHRed34' 6-max Seat #3 is the button
Seat 2: 332741ee ($14.18 in chips)
Seat 3: ff6e350 ($10 in chips)
Seat 4: Hero ($10 in chips)
Seat 6: 6b0adb15 ($5.86 in chips)
Hero: posts small blind $0.05
6b0adb15: posts big blind $0.1
*** HOLE CARDS ***
Dealt to 332741ee 
Dealt to ff6e350 
Dealt to Hero [7h Jc]
Dealt to 6b0adb15 
332741ee: folds
ff6e350: folds
Hero: folds
Uncalled bet ($0.05) returned to 6b0adb15
*** SHOWDOWN ***
6b0adb15 collected $0.1 from pot
*** SUMMARY ***
Total pot $0.1 | Rake $0 | Jackpot $0 | Bingo $0 | Fortune $0 | Tax $0
Seat 2: 332741ee folded before Flop (didn't bet)
Seat 3: ff6e350 (button) folded before Flop (didn't bet)
Seat 4: Hero (small blind) folded before Flop
Seat 6: 6b0adb15 (big blind) collected ($0.1)


Poker Hand #HD1826755506: Hold'em No Limit ($0.05/$0.1) - 2024/06/22 18:33:32
Table 'NLHRed34' 6-max Seat #2 is the button
Seat 2: 332741ee ($14.18 in chips)
Seat 3: ff6e350 ($10 in chips)
Seat 4: Hero ($10 in chips)
Seat 5: 39c0eca6 ($21.37 in chips)
Seat 6: 6b0adb15 ($5.71 in chips)
ff6e350: posts small blind $0.05
Hero: posts big blind $0.1
*** HOLE CARDS ***
Dealt to 332741ee 
Dealt to ff6e350 
Dealt to Hero [9h Tc]
Dealt to 39c0eca6 
Dealt to 6b0adb15 
39c0eca6: folds
6b0adb15: raises $0.2 to $0.3
332741ee: folds
ff6e350: folds
Hero: folds
Uncalled bet ($0.2) returned to 6b0adb15
*** SHOWDOWN ***
6b0adb15 collected $0.25 from pot
*** SUMMARY ***
Total pot $0.25 | Rake $0 | Jackpot $0 | Bingo $0 | Fortune $0 | Tax $0
Seat 2: 332741ee (button) folded before Flop (didn't bet)
Seat 3: ff6e350 (small blind) folded before Flop
Seat 4: Hero (big blind) folded before Flop
Seat 5: 39c0eca6 folded before Flop (didn't bet)
Seat 6: 6b0adb15 collected ($0.25)


Poker Hand #HD1826755459: Hold'em No Limit ($0.05/$0.1) - 2024/06/22 18:33:08
Table 'NLHRed34' 6-max Seat #6 is the button
Seat 2: 332741ee ($14.23 in chips)
Seat 3: ff6e350 ($10 in chips)
Seat 4: Hero ($10 in chips)
Seat 5: 39c0eca6 ($21.22 in chips)
Seat 6: 6b0adb15 ($5.71 in chips)
332741ee: posts small blind $0.05
ff6e350: posts big blind $0.1
*** HOLE CARDS ***
Dealt to 332741ee 
Dealt to ff6e350 
Dealt to Hero [3h As]
Dealt to 39c0eca6 
Dealt to 6b0adb15 
Hero: folds
39c0eca6: raises $0.15 to $0.25
6b0adb15: folds
332741ee: folds
ff6e350: folds
Uncalled bet ($0.15) returned to 39c0eca6
*** SHOWDOWN ***
39c0eca6 collected $0.25 from pot
*** SUMMARY ***
Total pot $0.25 | Rake $0 | Jackpot $0 | Bingo $0 | Fortune $0 | Tax $0
Seat 2: 332741ee (small blind) folded before Flop
Seat 3: ff6e350 (big blind) folded before Flop
Seat 4: Hero folded before Flop (didn't bet)
Seat 5: 39c0eca6 collected ($0.25)
Seat 6: 6b0adb15 (button) folded before Flop (didn't bet)


Poker Hand #HD1826755427: Hold'em No Limit ($0.05/$0.1) - 2024/06/22 18:32:57
Table 'NLHRed34' 6-max Seat #5 is the button
Seat 2: 332741ee ($14.33 in chips)
Seat 3: ff6e350 ($10 in chips)
Seat 4: Hero ($10 in chips)
Seat 5: 39c0eca6 ($21.07 in chips)
Seat 6: 6b0adb15 ($5.76 in chips)
6b0adb15: posts small blind $0.05
332741ee: posts big blind $0.1
*** HOLE CARDS ***
Dealt to 332741ee 
Dealt to ff6e350 
Dealt to Hero [4s Td]
Dealt to 39c0eca6 
Dealt to 6b0adb15 
ff6e350: folds
Hero: folds
39c0eca6: raises $0.15 to $0.25
6b0adb15: folds
332741ee: folds
Uncalled bet ($0.15) returned to 39c0eca6
*** SHOWDOWN ***
39c0eca6 collected $0.25 from pot
*** SUMMARY ***
Total pot $0.25 | Rake $0 | Jackpot $0 | Bingo $0 | Fortune $0 | Tax $0
Seat 2: 332741ee (big blind) folded before Flop
Seat 3: ff6e350 folded before Flop (didn't bet)
Seat 4: Hero folded before Flop (didn't bet)
Seat 5: 39c0eca6 (button) collected ($0.25)
Seat 6: 6b0adb15 (small blind) folded before Flop


Poker Hand #HD1826755391: Hold'em No Limit ($0.05/$0.1) - 2024/06/22 18:32:42
Table 'NLHRed34' 6-max Seat #4 is the button
Seat 1: fe502d58 ($16.92 in chips)
Seat 2: 332741ee ($14.33 in chips)
Seat 3: ff6e350 ($10 in chips)
Seat 4: Hero ($10 in chips)
Seat 5: 39c0eca6 ($21.12 in chips)
Seat 6: 6b0adb15 ($5.86 in chips)
39c0eca6: posts small blind $0.05
6b0adb15: posts big blind $0.1
*** HOLE CARDS ***
Dealt to fe502d58 
Dealt to 332741ee 
Dealt to ff6e350 
Dealt to Hero [5c 4s]
Dealt to 39c0eca6 
Dealt to 6b0adb15 
fe502d58: raises $0.15 to $0.25
332741ee: folds
ff6e350: folds
Hero: folds
39c0eca6: folds
6b0adb15: folds
Uncalled bet ($0.15) returned to fe502d58
*** SHOWDOWN ***
fe502d58 collected $0.25 from pot
*** SUMMARY ***
Total pot $0.25 | Rake $0 | Jackpot $0 | Bingo $0 | Fortune $0 | Tax $0
Seat 1: fe502d58 collected ($0.25)
Seat 2: 332741ee folded before Flop (didn't bet)
Seat 3: ff6e350 folded before Flop (didn't bet)
Seat 4: Hero (button) folded before Flop (didn't bet)
Seat 5: 39c0eca6 (small blind) folded before Flop
Seat 6: 6b0adb15 (big blind) folded before Flop


Poker Hand #HD1826755357: Hold'em No Limit ($0.05/$0.1) - 2024/06/22 18:32:26
Table 'NLHRed34' 6-max Seat #3 is the button
Seat 1: fe502d58 ($16.92 in chips)
Seat 2: 332741ee ($14.33 in chips)
Seat 3: ff6e350 ($10 in chips)
Seat 4: Hero ($10 in chips)
Seat 5: 39c0eca6 ($21.22 in chips)
Seat 6: 6b0adb15 ($5.71 in chips)
Hero: posts small blind $0.05
39c0eca6: posts big blind $0.1
*** HOLE CARDS ***
Dealt to fe502d58 
Dealt to 332741ee 
Dealt to ff6e350 
Dealt to Hero [4d Jh]
Dealt to 39c0eca6 
Dealt to 6b0adb15 
6b0adb15: raises $0.1 to $0.2
fe502d58: folds
332741ee: folds
ff6e350: folds
Hero: folds
39c0eca6: folds
Uncalled bet ($0.1) returned to 6b0adb15
*** SHOWDOWN ***
6b0adb15 collected $0.25 from pot
*** SUMMARY ***
Total pot $0.25 | Rake $0 | Jackpot $0 | Bingo $0 | Fortune $0 | Tax $0
Seat 1: fe502d58 folded before Flop (didn't bet)
Seat 2: 332741ee folded before Flop (didn't bet)
Seat 3: ff6e350 (button) folded before Flop (didn't bet)
Seat 4: Hero (small blind) folded before Flop
Seat 5: 39c0eca6 (big blind) folded before Flop
Seat 6: 6b0adb15 collected ($0.25)


Poker Hand #HD1826755296: Hold'em No Limit ($0.05/$0.1) - 2024/06/22 18:31:52
Table 'NLHRed34' 6-max Seat #2 is the button
Seat 1: fe502d58 ($16.92 in chips)
Seat 2: 332741ee ($14.01 in chips)
Seat 3: ff6e350 ($10 in chips)
Seat 4: Hero ($10 in chips)
Seat 5: 39c0eca6 ($21.22 in chips)
Seat 6: 6b0adb15 ($5.71 in chips)
ff6e350: posts small blind $0.05
Hero: posts big blind $0.1
*** HOLE CARDS ***
Dealt to fe502d58 
Dealt to 332741ee 
Dealt to ff6e350 
Dealt to Hero [Jh Ac]
Dealt to 39c0eca6 
Dealt to 6b0adb15 
39c0eca6: folds
6b0adb15: folds
fe502d58: folds
332741ee: raises $0.2 to $0.3
ff6e350: folds
Hero: calls $0.2
*** FLOP *** [6h 3s Qd]
Hero: checks
332741ee: bets $0.33
Hero: folds
Uncalled bet ($0.33) returned to 332741ee
*** SHOWDOWN ***
332741ee collected $0.62 from pot
*** SUMMARY ***
Total pot $0.65 | Rake $0.03 | Jackpot $0 | Bingo $0 | Fortune $0 | Tax $0
Board [6h 3s Qd]
Seat 1: fe502d58 folded before Flop (didn't bet)
Seat 2: 332741ee (button) won ($0.62)
Seat 3: ff6e350 (small blind) folded before Flop
Seat 4: Hero (big blind) folded on the Flop
Seat 5: 39c0eca6 folded before Flop (didn't bet)
Seat 6: 6b0adb15 folded before Flop (didn't bet)


Poker Hand #HD1826755262: Hold'em No Limit ($0.05/$0.1) - 2024/06/22 18:31:40
Table 'NLHRed34' 6-max Seat #1 is the button
Seat 1: fe502d58 ($16.92 in chips)
Seat 2: 332741ee ($14.06 in chips)
Seat 3: ff6e350 ($10 in chips)
Seat 4: Hero ($10 in chips)
Seat 5: 39c0eca6 ($21.22 in chips)
Seat 6: 6b0adb15 ($5.56 in chips)
332741ee: posts small blind $0.05
ff6e350: posts big blind $0.1
*** HOLE CARDS ***
Dealt to fe502d58 
Dealt to 332741ee 
Dealt to ff6e350 
Dealt to Hero [Kc 4d]
Dealt to 39c0eca6 
Dealt to 6b0adb15 
Hero: folds
39c0eca6: folds
6b0adb15: raises $0.1 to $0.2
fe502d58: folds
332741ee: folds
ff6e350: folds
Uncalled bet ($0.1) returned to 6b0adb15
*** SHOWDOWN ***
6b0adb15 collected $0.25 from pot
*** SUMMARY ***
Total pot $0.25 | Rake $0 | Jackpot $0 | Bingo $0 | Fortune $0 | Tax $0
Seat 1: fe502d58 (button) folded before Flop (didn't bet)
Seat 2: 332741ee (small blind) folded before Flop
Seat 3: ff6e350 (big blind) folded before Flop
Seat 4: Hero folded before Flop (didn't bet)
Seat 5: 39c0eca6 folded before Flop (didn't bet)
Seat 6: 6b0adb15 collected ($0.25)


Poker Hand #HD1826755222: Hold'em No Limit ($0.05/$0.1) - 2024/06/22 18:31:19
Table 'NLHRed34' 6-max Seat #6 is the button
Seat 1: fe502d58 ($16.97 in chips)
Seat 2: 332741ee ($14.16 in chips)
Seat 3: ff6e350 ($10 in chips)
Seat 4: Hero ($10 in chips)
Seat 5: 39c0eca6 ($21.22 in chips)
Seat 6: 6b0adb15 ($5.41 in chips)
fe502d58: posts small blind $0.05
332741ee: posts big blind $0.1
*** HOLE CARDS ***
Dealt to fe502d58 
Dealt to 332741ee 
Dealt to ff6e350 
Dealt to Hero [8d 4h]
Dealt to 39c0eca6 
Dealt to 6b0adb15 
ff6e350: folds
Hero: folds
39c0eca6: folds
6b0adb15: raises $0.2 to $0.3
fe502d58: folds
332741ee: folds
Uncalled bet ($0.2) returned to 6b0adb15
*** SHOWDOWN ***
6b0adb15 collected $0.25 from pot
*** SUMMARY ***
Total pot $0.25 | Rake $0 | Jackpot $0 | Bingo $0 | Fortune $0 | Tax $0
Seat 1: fe502d58 (small blind) folded before Flop
Seat 2: 332741ee (big blind) folded before Flop
Seat 3: ff6e350 folded before Flop (didn't bet)
Seat 4: Hero folded before Flop (didn't bet)
Seat 5: 39c0eca6 folded before Flop (didn't bet)
Seat 6: 6b0adb15 (button) collected ($0.25)


Poker Hand #HD1826755019: Hold'em No Limit ($0.05/$0.1) - 2024/06/22 18:29:46
Table 'NLHRed34' 6-max Seat #5 is the button
Seat 1: fe502d58 ($16.88 in chips)
Seat 2: 332741ee ($14.16 in chips)
Seat 3: ff6e350 ($10 in chips)
Seat 4: Hero ($10 in chips)
Seat 5: 39c0eca6 ($21.22 in chips)
Seat 6: 6b0adb15 ($5.51 in chips)
6b0adb15: posts small blind $0.05
fe502d58: posts big blind $0.1
*** HOLE CARDS ***
Dealt to fe502d58 
Dealt to 332741ee 
Dealt to ff6e350 
Dealt to Hero [Td 3d]
Dealt to 39c0eca6 
Dealt to 6b0adb15 
332741ee: folds
ff6e350: folds
Hero: folds
39c0eca6: folds
6b0adb15: calls $0.05
fe502d58: checks
*** FLOP *** [5h Qd Ac]
6b0adb15: checks
fe502d58: checks
*** TURN *** [5h Qd Ac] [Ts]
6b0adb15: checks
fe502d58: bets $0.1
6b0adb15: folds
Uncalled bet ($0.1) returned to fe502d58
*** SHOWDOWN ***
fe502d58 collected $0.19 from pot
*** SUMMARY ***
Total pot $0.2 | Rake $0.01 | Jackpot $0 | Bingo $0 | Fortune $0 | Tax $0
Board [5h Qd Ac Ts]
Seat 1: fe502d58 (big blind) won ($0.19)
Seat 2: 332741ee folded before Flop (didn't bet)
Seat 3: ff6e350 folded before Flop (didn't bet)
Seat 4: Hero folded before Flop (didn't bet)
Seat 5: 39c0eca6 (button) folded before Flop (didn't bet)
Seat 6: 6b0adb15 (small blind) folded on the Turn


Poker Hand #HD1826754887: Hold'em No Limit ($0.05/$0.1) - 2024/06/22 18:28:45
Table 'NLHRed34' 6-max Seat #4 is the button
Seat 1: fe502d58 ($16.88 in chips)
Seat 2: 332741ee ($14.16 in chips)
Seat 3: ff6e350 ($10 in chips)
Seat 4: Hero ($10 in chips)
Seat 5: 39c0eca6 ($20.74 in chips)
Seat 6: 6b0adb15 ($6.04 in chips)
39c0eca6: posts small blind $0.05
6b0adb15: posts big blind $0.1
*** HOLE CARDS ***
Dealt to fe502d58 
Dealt to 332741ee 
Dealt to ff6e350 
Dealt to Hero [7s Ad]
Dealt to 39c0eca6 
Dealt to 6b0adb15 
fe502d58: folds
332741ee: folds
ff6e350: folds
Hero: folds
39c0eca6: raises $0.15 to $0.25
6b0adb15: calls $0.15
*** FLOP *** [Ac 7c Jh]
39c0eca6: bets $0.28
6b0adb15: calls $0.28
*** TURN *** [Ac 7c Jh] [Ts]
39c0eca6: checks
6b0adb15: checks
*** RIVER *** [Ac 7c Jh Ts] [8s]
39c0eca6: checks
6b0adb15: checks
39c0eca6: shows [Kh Jc] (Pair of Jacks)
6b0adb15: shows [4c Kc] (Ace-High)
*** SHOWDOWN ***
39c0eca6 collected $1.01 from pot
*** SUMMARY ***
Total pot $1.06 | Rake $0.05 | Jackpot $0 | Bingo $0 | Fortune $0 | Tax $0
Board [Ac 7c Jh Ts 8s]
Seat 1: fe502d58 folded before Flop (didn't bet)
Seat 2: 332741ee folded before Flop (didn't bet)
Seat 3: ff6e350 folded before Flop (didn't bet)
Seat 4: Hero (button) folded before Flop (didn't bet)
Seat 5: 39c0eca6 (small blind) showed [Kh Jc] and won ($1.01) with Pair of Jacks
Seat 6: 6b0adb15 (big blind) showed [4c Kc] and lost with Ace-High


Poker Hand #HD1826754811: Hold'em No Limit ($0.05/$0.1) - 2024/06/22 18:28:12
Table 'NLHRed34' 6-max Seat #3 is the button
Seat 1: fe502d58 ($16.88 in chips)
Seat 2: 332741ee ($14.16 in chips)
Seat 3: ff6e350 ($10 in chips)
Seat 4: Hero ($10 in chips)
Seat 5: 39c0eca6 ($20.84 in chips)
Seat 6: 6b0adb15 ($4.86 in chips)
Hero: posts small blind $0.05
39c0eca6: posts big blind $0.1
*** HOLE CARDS ***
Dealt to fe502d58 
Dealt to 332741ee 
Dealt to ff6e350 
Dealt to Hero [Ad Qc]
Dealt to 39c0eca6 
Dealt to 6b0adb15 
6b0adb15: raises $0.3 to $0.4
fe502d58: folds
332741ee: folds
ff6e350: folds
Hero: raises $0.8 to $1.2
39c0eca6: folds
6b0adb15: raises $3.26 to $4.46
Hero: folds
Uncalled bet ($3.26) returned to 6b0adb15
*** SHOWDOWN ***
6b0adb15 collected $2.38 from pot
*** SUMMARY ***
Total pot $2.5 | Rake $0.12 | Jackpot $0 | Bingo $0 | Fortune $0 | Tax $0
Seat 1: fe502d58 folded before Flop (didn't bet)
Seat 2: 332741ee folded before Flop (didn't bet)
Seat 3: ff6e350 (button) folded before Flop (didn't bet)
Seat 4: Hero (small blind) folded before Flop
Seat 5: 39c0eca6 (big blind) folded before Flop
Seat 6: 6b0adb15 collected ($2.38)


Poker Hand #HD1826754755: Hold'em No Limit ($0.05/$0.1) - 2024/06/22 18:27:48
Table 'NLHRed34' 6-max Seat #2 is the button
Seat 1: fe502d58 ($16.88 in chips)
Seat 2: 332741ee ($14.16 in chips)
Seat 3: ff6e350 ($10 in chips)
Seat 4: Hero ($10 in chips)
Seat 5: 39c0eca6 ($20.84 in chips)
Seat 6: 6b0adb15 ($4.71 in chips)
ff6e350: posts small blind $0.05
Hero: posts big blind $0.1
*** HOLE CARDS ***
Dealt to fe502d58 
Dealt to 332741ee 
Dealt to ff6e350 
Dealt to Hero [Js 2s]
Dealt to 39c0eca6 
Dealt to 6b0adb15 
39c0eca6: folds
6b0adb15: raises $0.2 to $0.3
fe502d58: folds
332741ee: folds
ff6e350: folds
Hero: folds
Uncalled bet ($0.2) returned to 6b0adb15
*** SHOWDOWN ***
6b0adb15 collected $0.25 from pot
*** SUMMARY ***
Total pot $0.25 | Rake $0 | Jackpot $0 | Bingo $0 | Fortune $0 | Tax $0
Seat 1: fe502d58 folded before Flop (didn't bet)
Seat 2: 332741ee (button) folded before Flop (didn't bet)
Seat 3: ff6e350 (small blind) folded before Flop
Seat 4: Hero (big blind) folded before Flop
Seat 5: 39c0eca6 folded before Flop (didn't bet)
Seat 6: 6b0adb15 collected ($0.25)


