Poker Hand #HD1775003250: Hold'em No Limit ($0.05/$0.1) - 2024/05/16 13:44:22
Table 'NLHRed59' 6-max Seat #2 is the button
Seat 1: f71e3aa9 ($10.69 in chips)
Seat 2: Hero ($10.46 in chips)
Seat 3: 8b684c2b ($22.62 in chips)
Seat 4: 1eaf3e4b ($15.18 in chips)
Seat 5: 8dd0e334 ($10.84 in chips)
Seat 6: d2aabdce ($6.18 in chips)
8b684c2b: posts small blind $0.05
1eaf3e4b: posts big blind $0.1
*** HOLE CARDS ***
Dealt to f71e3aa9 
Dealt to Hero [Jh 9h]
Dealt to 8b684c2b 
Dealt to 1eaf3e4b 
Dealt to 8dd0e334 
Dealt to d2aabdce 
8dd0e334: raises $0.15 to $0.25
d2aabdce: calls $0.25
f71e3aa9: folds
Hero: folds
8b684c2b: folds
1eaf3e4b: calls $0.15
*** FLOP *** [As 8h Ah]
1eaf3e4b: checks
8dd0e334: checks
d2aabdce: checks
*** TURN *** [As 8h Ah] [2s]
1eaf3e4b: bets $0.4
8dd0e334: folds
d2aabdce: folds
Uncalled bet ($0.4) returned to 1eaf3e4b
*** SHOWDOWN ***
1eaf3e4b collected $0.76 from pot
*** SUMMARY ***
Total pot $0.8 | Rake $0.04 | Jackpot $0 | Bingo $0 | Fortune $0 | Tax $0
Board [As 8h Ah 2s]
Seat 1: f71e3aa9 folded before Flop (didn't bet)
Seat 2: Hero (button) folded before Flop (didn't bet)
Seat 3: 8b684c2b (small blind) folded before Flop
Seat 4: 1eaf3e4b (big blind) won ($0.76)
Seat 5: 8dd0e334 folded on the Turn
Seat 6: d2aabdce folded on the Turn


Poker Hand #HD1775003209: Hold'em No Limit ($0.05/$0.1) - 2024/05/16 13:43:55
Table 'NLHRed59' 6-max Seat #1 is the button
Seat 1: f71e3aa9 ($10.69 in chips)
Seat 2: Hero ($10.27 in chips)
Seat 3: 8b684c2b ($22.72 in chips)
Seat 4: 1eaf3e4b ($15.18 in chips)
Seat 5: 8dd0e334 ($10.84 in chips)
Seat 6: d2aabdce ($6.28 in chips)
Hero: posts small blind $0.05
8b684c2b: posts big blind $0.1
*** HOLE CARDS ***
Dealt to f71e3aa9 
Dealt to Hero [Ah 9d]
Dealt to 8b684c2b 
Dealt to 1eaf3e4b 
Dealt to 8dd0e334 
Dealt to d2aabdce 
1eaf3e4b: folds
8dd0e334: folds
d2aabdce: calls $0.1
f71e3aa9: folds
Hero: raises $0.3 to $0.4
8b684c2b: folds
d2aabdce: folds
Uncalled bet ($0.3) returned to Hero
*** SHOWDOWN ***
Hero collected $0.29 from pot
*** SUMMARY ***
Total pot $0.3 | Rake $0.01 | Jackpot $0 | Bingo $0 | Fortune $0 | Tax $0
Seat 1: f71e3aa9 (button) folded before Flop (didn't bet)
Seat 2: Hero (small blind) collected ($0.29)
Seat 3: 8b684c2b (big blind) folded before Flop
Seat 4: 1eaf3e4b folded before Flop (didn't bet)
Seat 5: 8dd0e334 folded before Flop (didn't bet)
Seat 6: d2aabdce folded before Flop


Poker Hand #HD1775003181: Hold'em No Limit ($0.05/$0.1) - 2024/05/16 13:43:34
Table 'NLHRed59' 6-max Seat #6 is the button
Seat 1: f71e3aa9 ($10.99 in chips)
Seat 2: Hero ($10 in chips)
Seat 3: 8b684c2b ($22.72 in chips)
Seat 4: 1eaf3e4b ($15.18 in chips)
Seat 5: 8dd0e334 ($10.84 in chips)
Seat 6: d2aabdce ($6.28 in chips)
f71e3aa9: posts small blind $0.05
Hero: posts big blind $0.1
*** HOLE CARDS ***
Dealt to f71e3aa9 
Dealt to Hero [Qc Jc]
Dealt to 8b684c2b 
Dealt to 1eaf3e4b 
Dealt to 8dd0e334 
Dealt to d2aabdce 
8b684c2b: folds
1eaf3e4b: folds
8dd0e334: folds
d2aabdce: folds
f71e3aa9: raises $0.2 to $0.3
Hero: raises $0.6 to $0.9
f71e3aa9: folds
Uncalled bet ($0.6) returned to Hero
*** SHOWDOWN ***
Hero collected $0.57 from pot
*** SUMMARY ***
Total pot $0.6 | Rake $0.03 | Jackpot $0 | Bingo $0 | Fortune $0 | Tax $0
Seat 1: f71e3aa9 (small blind) folded before Flop
Seat 2: Hero (big blind) collected ($0.57)
Seat 3: 8b684c2b folded before Flop (didn't bet)
Seat 4: 1eaf3e4b folded before Flop (didn't bet)
Seat 5: 8dd0e334 folded before Flop (didn't bet)
Seat 6: d2aabdce (button) folded before Flop (didn't bet)


Poker Hand #HD1775003080: Hold'em No Limit ($0.05/$0.1) - 2024/05/16 13:42:26
Table 'NLHRed59' 6-max Seat #5 is the button
Seat 1: f71e3aa9 ($11.19 in chips)
Seat 2: Hero ($10 in chips)
Seat 3: 8b684c2b ($23.17 in chips)
Seat 4: 1eaf3e4b ($15.38 in chips)
Seat 5: 8dd0e334 ($10 in chips)
Seat 6: d2aabdce ($6.33 in chips)
d2aabdce: posts small blind $0.05
f71e3aa9: posts big blind $0.1
*** HOLE CARDS ***
Dealt to f71e3aa9 
Dealt to Hero [4d 5c]
Dealt to 8b684c2b 
Dealt to 1eaf3e4b 
Dealt to 8dd0e334 
Dealt to d2aabdce 
Hero: folds
8b684c2b: raises $0.1 to $0.2
1eaf3e4b: calls $0.2
8dd0e334: calls $0.2
d2aabdce: folds
f71e3aa9: calls $0.1
*** FLOP *** [Qd 3h 9d]
f71e3aa9: checks
8b684c2b: bets $0.25
1eaf3e4b: folds
8dd0e334: raises $1.02 to $1.27
f71e3aa9: folds
8b684c2b: folds
Uncalled bet ($1.02) returned to 8dd0e334
*** SHOWDOWN ***
8dd0e334 collected $1.29 from pot
*** SUMMARY ***
Total pot $1.35 | Rake $0.06 | Jackpot $0 | Bingo $0 | Fortune $0 | Tax $0
Board [Qd 3h 9d]
Seat 1: f71e3aa9 (big blind) folded on the Flop
Seat 2: Hero folded before Flop (didn't bet)
Seat 3: 8b684c2b folded on the Flop
Seat 4: 1eaf3e4b folded on the Flop
Seat 5: 8dd0e334 (button) won ($1.29)
Seat 6: d2aabdce (small blind) folded before Flop


Poker Hand #HD1775003059: Hold'em No Limit ($0.05/$0.1) - 2024/05/16 13:42:15
Table 'NLHRed59' 6-max Seat #4 is the button
Seat 1: f71e3aa9 ($11.19 in chips)
Seat 2: Hero ($10 in chips)
Seat 3: 8b684c2b ($23.17 in chips)
Seat 4: 1eaf3e4b ($15.38 in chips)
Seat 5: 8dd0e334 ($10 in chips)
Seat 6: d2aabdce ($6.28 in chips)
8dd0e334: posts small blind $0.05
d2aabdce: posts big blind $0.1
*** HOLE CARDS ***
Dealt to f71e3aa9 
Dealt to Hero [2c Jh]
Dealt to 8b684c2b 
Dealt to 1eaf3e4b 
Dealt to 8dd0e334 
Dealt to d2aabdce 
f71e3aa9: folds
Hero: folds
8b684c2b: folds
1eaf3e4b: folds
8dd0e334: folds
Uncalled bet ($0.05) returned to d2aabdce
*** SHOWDOWN ***
d2aabdce collected $0.1 from pot
*** SUMMARY ***
Total pot $0.1 | Rake $0 | Jackpot $0 | Bingo $0 | Fortune $0 | Tax $0
Seat 1: f71e3aa9 folded before Flop (didn't bet)
Seat 2: Hero folded before Flop (didn't bet)
Seat 3: 8b684c2b folded before Flop (didn't bet)
Seat 4: 1eaf3e4b (button) folded before Flop (didn't bet)
Seat 5: 8dd0e334 (small blind) folded before Flop
Seat 6: d2aabdce (big blind) collected ($0.1)


Poker Hand #HD1775003021: Hold'em No Limit ($0.05/$0.1) - 2024/05/16 13:41:52
Table 'NLHRed59' 6-max Seat #3 is the button
Seat 1: f71e3aa9 ($11.19 in chips)
Seat 2: Hero ($10 in chips)
Seat 3: 8b684c2b ($23.02 in chips)
Seat 4: 1eaf3e4b ($15.43 in chips)
Seat 5: 8dd0e334 ($10 in chips)
1eaf3e4b: posts small blind $0.05
8dd0e334: posts big blind $0.1
*** HOLE CARDS ***
Dealt to f71e3aa9 
Dealt to Hero [3d Ks]
Dealt to 8b684c2b 
Dealt to 1eaf3e4b 
Dealt to 8dd0e334 
f71e3aa9: folds
Hero: folds
8b684c2b: raises $0.1 to $0.2
1eaf3e4b: folds
8dd0e334: folds
Uncalled bet ($0.1) returned to 8b684c2b
*** SHOWDOWN ***
8b684c2b collected $0.25 from pot
*** SUMMARY ***
Total pot $0.25 | Rake $0 | Jackpot $0 | Bingo $0 | Fortune $0 | Tax $0
Seat 1: f71e3aa9 folded before Flop (didn't bet)
Seat 2: Hero folded before Flop (didn't bet)
Seat 3: 8b684c2b (button) collected ($0.25)
Seat 4: 1eaf3e4b (small blind) folded before Flop
Seat 5: 8dd0e334 (big blind) folded before Flop


Poker Hand #HD1775002999: Hold'em No Limit ($0.05/$0.1) - 2024/05/16 13:41:37
Table 'NLHRed59' 6-max Seat #2 is the button
Seat 1: f71e3aa9 ($11.19 in chips)
Seat 2: Hero ($10 in chips)
Seat 3: 8b684c2b ($23.07 in chips)
Seat 4: 1eaf3e4b ($15.38 in chips)
Seat 5: 8dd0e334 ($10 in chips)
8b684c2b: posts small blind $0.05
1eaf3e4b: posts big blind $0.1
*** HOLE CARDS ***
Dealt to f71e3aa9 
Dealt to Hero [2d 8s]
Dealt to 8b684c2b 
Dealt to 1eaf3e4b 
Dealt to 8dd0e334 
8dd0e334: folds
f71e3aa9: folds
Hero: folds
8b684c2b: folds
Uncalled bet ($0.05) returned to 1eaf3e4b
*** SHOWDOWN ***
1eaf3e4b collected $0.1 from pot
*** SUMMARY ***
Total pot $0.1 | Rake $0 | Jackpot $0 | Bingo $0 | Fortune $0 | Tax $0
Seat 1: f71e3aa9 folded before Flop (didn't bet)
Seat 2: Hero (button) folded before Flop (didn't bet)
Seat 3: 8b684c2b (small blind) folded before Flop
Seat 4: 1eaf3e4b (big blind) collected ($0.1)
Seat 5: 8dd0e334 folded before Flop (didn't bet)


Poker Hand #HD1775002970: Hold'em No Limit ($0.05/$0.1) - 2024/05/16 13:41:21
Table 'NLHRed59' 6-max Seat #1 is the button
Seat 1: f71e3aa9 ($11.19 in chips)
Seat 2: Hero ($10 in chips)
Seat 3: 8b684c2b ($23.02 in chips)
Seat 4: 1eaf3e4b ($15.38 in chips)
Seat 5: 8dd0e334 ($10 in chips)
Hero: posts small blind $0.05
8b684c2b: posts big blind $0.1
*** HOLE CARDS ***
Dealt to f71e3aa9 
Dealt to Hero [7h 3d]
Dealt to 8b684c2b 
Dealt to 1eaf3e4b 
Dealt to 8dd0e334 
1eaf3e4b: folds
8dd0e334: folds
f71e3aa9: folds
Hero: folds
Uncalled bet ($0.05) returned to 8b684c2b
*** SHOWDOWN ***
8b684c2b collected $0.1 from pot
*** SUMMARY ***
Total pot $0.1 | Rake $0 | Jackpot $0 | Bingo $0 | Fortune $0 | Tax $0
Seat 1: f71e3aa9 (button) folded before Flop (didn't bet)
Seat 2: Hero (small blind) folded before Flop
Seat 3: 8b684c2b (big blind) collected ($0.1)
Seat 4: 1eaf3e4b folded before Flop (didn't bet)
Seat 5: 8dd0e334 folded before Flop (didn't bet)


Poker Hand #HD1775002897: Hold'em No Limit ($0.05/$0.1) - 2024/05/16 13:40:37
Table 'NLHRed59' 6-max Seat #5 is the button
Seat 1: f71e3aa9 ($11.24 in chips)
Seat 2: Hero ($10 in chips)
Seat 3: 8b684c2b ($23.02 in chips)
Seat 4: 1eaf3e4b ($15.1 in chips)
Seat 5: 8dd0e334 ($10 in chips)
f71e3aa9: posts small blind $0.05
Hero: posts big blind $0.1
*** HOLE CARDS ***
Dealt to f71e3aa9 
Dealt to Hero [Kd Td]
Dealt to 8b684c2b 
Dealt to 1eaf3e4b 
Dealt to 8dd0e334 
8b684c2b: folds
1eaf3e4b: raises $0.15 to $0.25
8dd0e334: folds
f71e3aa9: folds
Hero: calls $0.15
*** FLOP *** [Qs 2s 4c]
Hero: checks
1eaf3e4b: bets $0.28
Hero: folds
Uncalled bet ($0.28) returned to 1eaf3e4b
*** SHOWDOWN ***
1eaf3e4b collected $0.53 from pot
*** SUMMARY ***
Total pot $0.55 | Rake $0.02 | Jackpot $0 | Bingo $0 | Fortune $0 | Tax $0
Board [Qs 2s 4c]
Seat 1: f71e3aa9 (small blind) folded before Flop
Seat 2: Hero (big blind) folded on the Flop
Seat 3: 8b684c2b folded before Flop (didn't bet)
Seat 4: 1eaf3e4b won ($0.53)
Seat 5: 8dd0e334 (button) folded before Flop (didn't bet)


Poker Hand #HD1775002826: Hold'em No Limit ($0.05/$0.1) - 2024/05/16 13:39:48
Table 'NLHRed59' 6-max Seat #4 is the button
Seat 1: f71e3aa9 ($10.15 in chips)
Seat 2: Hero ($10 in chips)
Seat 3: 8b684c2b ($23.22 in chips)
Seat 4: 1eaf3e4b ($15.1 in chips)
Seat 5: 8dd0e334 ($10.05 in chips)
8dd0e334: posts small blind $0.05
f71e3aa9: posts big blind $0.1
*** HOLE CARDS ***
Dealt to f71e3aa9 
Dealt to Hero [3d Js]
Dealt to 8b684c2b 
Dealt to 1eaf3e4b 
Dealt to 8dd0e334 
Hero: folds
8b684c2b: raises $0.1 to $0.2
1eaf3e4b: folds
8dd0e334: raises $0.8 to $1
f71e3aa9: raises $1.32 to $2.32
8b684c2b: folds
8dd0e334: folds
Uncalled bet ($1.32) returned to f71e3aa9
*** SHOWDOWN ***
f71e3aa9 collected $2.09 from pot
*** SUMMARY ***
Total pot $2.2 | Rake $0.11 | Jackpot $0 | Bingo $0 | Fortune $0 | Tax $0
Seat 1: f71e3aa9 (big blind) collected ($2.09)
Seat 2: Hero folded before Flop (didn't bet)
Seat 3: 8b684c2b folded before Flop
Seat 4: 1eaf3e4b (button) folded before Flop (didn't bet)
Seat 5: 8dd0e334 (small blind) folded before Flop


Poker Hand #HD1775002797: Hold'em No Limit ($0.05/$0.1) - 2024/05/16 13:39:29
Table 'NLHRed59' 6-max Seat #3 is the button
Seat 1: f71e3aa9 ($10 in chips)
Seat 2: Hero ($10 in chips)
Seat 3: 8b684c2b ($23.22 in chips)
Seat 4: 1eaf3e4b ($15.15 in chips)
Seat 5: 8dd0e334 ($10.15 in chips)
Seat 6: a96ed7ee ($12.42 in chips)
1eaf3e4b: posts small blind $0.05
8dd0e334: posts big blind $0.1
*** HOLE CARDS ***
Dealt to f71e3aa9 
Dealt to Hero [2c 7d]
Dealt to 8b684c2b 
Dealt to 1eaf3e4b 
Dealt to 8dd0e334 
Dealt to a96ed7ee 
a96ed7ee: folds
f71e3aa9: raises $0.12 to $0.22
Hero: folds
8b684c2b: folds
1eaf3e4b: folds
8dd0e334: folds
Uncalled bet ($0.12) returned to f71e3aa9
*** SHOWDOWN ***
f71e3aa9 collected $0.25 from pot
*** SUMMARY ***
Total pot $0.25 | Rake $0 | Jackpot $0 | Bingo $0 | Fortune $0 | Tax $0
Seat 1: f71e3aa9 collected ($0.25)
Seat 2: Hero folded before Flop (didn't bet)
Seat 3: 8b684c2b (button) folded before Flop (didn't bet)
Seat 4: 1eaf3e4b (small blind) folded before Flop
Seat 5: 8dd0e334 (big blind) folded before Flop
Seat 6: a96ed7ee folded before Flop (didn't bet)


Poker Hand #HD1775002759: Hold'em No Limit ($0.05/$0.1) - 2024/05/16 13:39:09
Table 'NLHRed59' 6-max Seat #2 is the button
Seat 1: f71e3aa9 ($10 in chips)
Seat 2: Hero ($10 in chips)
Seat 3: 8b684c2b ($23.27 in chips)
Seat 4: 1eaf3e4b ($15.1 in chips)
Seat 5: 8dd0e334 ($10.15 in chips)
Seat 6: a96ed7ee ($12.42 in chips)
8b684c2b: posts small blind $0.05
1eaf3e4b: posts big blind $0.1
*** HOLE CARDS ***
Dealt to f71e3aa9 
Dealt to Hero [Jh 5d]
Dealt to 8b684c2b 
Dealt to 1eaf3e4b 
Dealt to 8dd0e334 
Dealt to a96ed7ee 
8dd0e334: folds
a96ed7ee: folds
f71e3aa9: folds
Hero: folds
8b684c2b: folds
Uncalled bet ($0.05) returned to 1eaf3e4b
*** SHOWDOWN ***
1eaf3e4b collected $0.1 from pot
*** SUMMARY ***
Total pot $0.1 | Rake $0 | Jackpot $0 | Bingo $0 | Fortune $0 | Tax $0
Seat 1: f71e3aa9 folded before Flop (didn't bet)
Seat 2: Hero (button) folded before Flop (didn't bet)
Seat 3: 8b684c2b (small blind) folded before Flop
Seat 4: 1eaf3e4b (big blind) collected ($0.1)
Seat 5: 8dd0e334 folded before Flop (didn't bet)
Seat 6: a96ed7ee folded before Flop (didn't bet)


Poker Hand #HD1775002654: Hold'em No Limit ($0.05/$0.1) - 2024/05/16 13:37:59
Table 'NLHRed59' 6-max Seat #1 is the button
Seat 1: f71e3aa9 ($10 in chips)
Seat 2: Hero ($10 in chips)
Seat 3: 8b684c2b ($23.52 in chips)
Seat 4: 1eaf3e4b ($14.82 in chips)
Seat 5: 8dd0e334 ($10.15 in chips)
Seat 6: a96ed7ee ($12.42 in chips)
Hero: posts small blind $0.05
8b684c2b: posts big blind $0.1
*** HOLE CARDS ***
Dealt to f71e3aa9 
Dealt to Hero [Tc Ks]
Dealt to 8b684c2b 
Dealt to 1eaf3e4b 
Dealt to 8dd0e334 
Dealt to a96ed7ee 
1eaf3e4b: raises $0.15 to $0.25
8dd0e334: folds
a96ed7ee: folds
f71e3aa9: folds
Hero: folds
8b684c2b: calls $0.15
*** FLOP *** [Kc 2d 4c]
8b684c2b: checks
1eaf3e4b: checks
*** TURN *** [Kc 2d 4c] [7s]
8b684c2b: checks
1eaf3e4b: bets $0.25
8b684c2b: folds
Uncalled bet ($0.25) returned to 1eaf3e4b
*** SHOWDOWN ***
1eaf3e4b collected $0.53 from pot
*** SUMMARY ***
Total pot $0.55 | Rake $0.02 | Jackpot $0 | Bingo $0 | Fortune $0 | Tax $0
Board [Kc 2d 4c 7s]
Seat 1: f71e3aa9 (button) folded before Flop (didn't bet)
Seat 2: Hero (small blind) folded before Flop
Seat 3: 8b684c2b (big blind) folded on the Turn
Seat 4: 1eaf3e4b won ($0.53)
Seat 5: 8dd0e334 folded before Flop (didn't bet)
Seat 6: a96ed7ee folded before Flop (didn't bet)


Poker Hand #HD1775002620: Hold'em No Limit ($0.05/$0.1) - 2024/05/16 13:37:40
Table 'NLHRed59' 6-max Seat #6 is the button
Seat 1: f71e3aa9 ($10 in chips)
Seat 2: Hero ($10 in chips)
Seat 3: 8b684c2b ($23.52 in chips)
Seat 4: 1eaf3e4b ($14.82 in chips)
Seat 5: 8dd0e334 ($10.15 in chips)
Seat 6: a96ed7ee ($12.27 in chips)
f71e3aa9: posts small blind $0.05
Hero: posts big blind $0.1
*** HOLE CARDS ***
Dealt to f71e3aa9 
Dealt to Hero [6h Th]
Dealt to 8b684c2b 
Dealt to 1eaf3e4b 
Dealt to 8dd0e334 
Dealt to a96ed7ee 
8b684c2b: folds
1eaf3e4b: folds
8dd0e334: folds
a96ed7ee: raises $0.15 to $0.25
f71e3aa9: folds
Hero: folds
Uncalled bet ($0.15) returned to a96ed7ee
*** SHOWDOWN ***
a96ed7ee collected $0.25 from pot
*** SUMMARY ***
Total pot $0.25 | Rake $0 | Jackpot $0 | Bingo $0 | Fortune $0 | Tax $0
Seat 1: f71e3aa9 (small blind) folded before Flop
Seat 2: Hero (big blind) folded before Flop
Seat 3: 8b684c2b folded before Flop (didn't bet)
Seat 4: 1eaf3e4b folded before Flop (didn't bet)
Seat 5: 8dd0e334 folded before Flop (didn't bet)
Seat 6: a96ed7ee (button) collected ($0.25)


Poker Hand #HD1775002601: Hold'em No Limit ($0.05/$0.1) - 2024/05/16 13:37:25
Table 'NLHRed59' 6-max Seat #5 is the button
Seat 1: f71e3aa9 ($10 in chips)
Seat 2: Hero ($10 in chips)
Seat 3: 8b684c2b ($23.52 in chips)
Seat 4: 1eaf3e4b ($14.82 in chips)
Seat 5: 8dd0e334 ($10 in chips)
Seat 6: a96ed7ee ($12.32 in chips)
a96ed7ee: posts small blind $0.05
f71e3aa9: posts big blind $0.1
*** HOLE CARDS ***
Dealt to f71e3aa9 
Dealt to Hero [Qc 2s]
Dealt to 8b684c2b 
Dealt to 1eaf3e4b 
Dealt to 8dd0e334 
Dealt to a96ed7ee 
Hero: folds
8b684c2b: folds
1eaf3e4b: folds
8dd0e334: raises $0.15 to $0.25
a96ed7ee: folds
f71e3aa9: folds
Uncalled bet ($0.15) returned to 8dd0e334
*** SHOWDOWN ***
8dd0e334 collected $0.25 from pot
*** SUMMARY ***
Total pot $0.25 | Rake $0 | Jackpot $0 | Bingo $0 | Fortune $0 | Tax $0
Seat 1: f71e3aa9 (big blind) folded before Flop
Seat 2: Hero folded before Flop (didn't bet)
Seat 3: 8b684c2b folded before Flop (didn't bet)
Seat 4: 1eaf3e4b folded before Flop (didn't bet)
Seat 5: 8dd0e334 (button) collected ($0.25)
Seat 6: a96ed7ee (small blind) folded before Flop


Poker Hand #HD1775002574: Hold'em No Limit ($0.05/$0.1) - 2024/05/16 13:37:10
Table 'NLHRed59' 6-max Seat #4 is the button
Seat 1: f71e3aa9 ($10 in chips)
Seat 2: Hero ($10 in chips)
Seat 3: 8b684c2b ($23.52 in chips)
Seat 4: 1eaf3e4b ($14.82 in chips)
Seat 5: 8dd0e334 ($10 in chips)
Seat 6: a96ed7ee ($12.27 in chips)
8dd0e334: posts small blind $0.05
a96ed7ee: posts big blind $0.1
*** HOLE CARDS ***
Dealt to f71e3aa9 
Dealt to Hero [Qs 6h]
Dealt to 8b684c2b 
Dealt to 1eaf3e4b 
Dealt to 8dd0e334 
Dealt to a96ed7ee 
f71e3aa9: folds
Hero: folds
8b684c2b: folds
1eaf3e4b: folds
8dd0e334: folds
Uncalled bet ($0.05) returned to a96ed7ee
*** SHOWDOWN ***
a96ed7ee collected $0.1 from pot
*** SUMMARY ***
Total pot $0.1 | Rake $0 | Jackpot $0 | Bingo $0 | Fortune $0 | Tax $0
Seat 1: f71e3aa9 folded before Flop (didn't bet)
Seat 2: Hero folded before Flop (didn't bet)
Seat 3: 8b684c2b folded before Flop (didn't bet)
Seat 4: 1eaf3e4b (button) folded before Flop (didn't bet)
Seat 5: 8dd0e334 (small blind) folded before Flop
Seat 6: a96ed7ee (big blind) collected ($0.1)


Poker Hand #HD1775002562: Hold'em No Limit ($0.05/$0.1) - 2024/05/16 13:36:58
Table 'NLHRed59' 6-max Seat #3 is the button
Seat 1: f71e3aa9 ($10 in chips)
Seat 2: Hero ($10 in chips)
Seat 3: 8b684c2b ($23.52 in chips)
Seat 4: 1eaf3e4b ($14.87 in chips)
Seat 5: 8dd0e334 ($10 in chips)
Seat 6: a96ed7ee ($12.12 in chips)
1eaf3e4b: posts small blind $0.05
8dd0e334: posts big blind $0.1
*** HOLE CARDS ***
Dealt to f71e3aa9 
Dealt to Hero [8h Jc]
Dealt to 8b684c2b 
Dealt to 1eaf3e4b 
Dealt to 8dd0e334 
Dealt to a96ed7ee 
a96ed7ee: raises $0.2 to $0.3
f71e3aa9: folds
Hero: folds
8b684c2b: folds
1eaf3e4b: folds
8dd0e334: folds
Uncalled bet ($0.2) returned to a96ed7ee
*** SHOWDOWN ***
a96ed7ee collected $0.25 from pot
*** SUMMARY ***
Total pot $0.25 | Rake $0 | Jackpot $0 | Bingo $0 | Fortune $0 | Tax $0
Seat 1: f71e3aa9 folded before Flop (didn't bet)
Seat 2: Hero folded before Flop (didn't bet)
Seat 3: 8b684c2b (button) folded before Flop (didn't bet)
Seat 4: 1eaf3e4b (small blind) folded before Flop
Seat 5: 8dd0e334 (big blind) folded before Flop
Seat 6: a96ed7ee collected ($0.25)


Poker Hand #HD1775002528: Hold'em No Limit ($0.05/$0.1) - 2024/05/16 13:36:32
Table 'NLHRed59' 6-max Seat #2 is the button
Seat 1: f71e3aa9 ($10 in chips)
Seat 2: Hero ($10 in chips)
Seat 3: 8b684c2b ($23.62 in chips)
Seat 4: 1eaf3e4b ($14.77 in chips)
Seat 5: 8dd0e334 ($10 in chips)
Seat 6: a96ed7ee ($12.12 in chips)
8b684c2b: posts small blind $0.05
1eaf3e4b: posts big blind $0.1
*** HOLE CARDS ***
Dealt to f71e3aa9 
Dealt to Hero [7h 9s]
Dealt to 8b684c2b 
Dealt to 1eaf3e4b 
Dealt to 8dd0e334 
Dealt to a96ed7ee 
8dd0e334: folds
a96ed7ee: folds
f71e3aa9: folds
Hero: folds
8b684c2b: calls $0.05
1eaf3e4b: raises $0.15 to $0.25
8b684c2b: folds
Uncalled bet ($0.15) returned to 1eaf3e4b
*** SHOWDOWN ***
1eaf3e4b collected $0.2 from pot
*** SUMMARY ***
Total pot $0.2 | Rake $0 | Jackpot $0 | Bingo $0 | Fortune $0 | Tax $0
Seat 1: f71e3aa9 folded before Flop (didn't bet)
Seat 2: Hero (button) folded before Flop (didn't bet)
Seat 3: 8b684c2b (small blind) folded before Flop
Seat 4: 1eaf3e4b (big blind) collected ($0.2)
Seat 5: 8dd0e334 folded before Flop (didn't bet)
Seat 6: a96ed7ee folded before Flop (didn't bet)


Poker Hand #HD1775002515: Hold'em No Limit ($0.05/$0.1) - 2024/05/16 13:36:20
Table 'NLHRed59' 6-max Seat #1 is the button
Seat 1: f71e3aa9 ($10 in chips)
Seat 2: Hero ($10.05 in chips)
Seat 3: 8b684c2b ($23.57 in chips)
Seat 4: 1eaf3e4b ($14.77 in chips)
Seat 5: 8dd0e334 ($10 in chips)
Seat 6: a96ed7ee ($12.12 in chips)
Hero: posts small blind $0.05
8b684c2b: posts big blind $0.1
*** HOLE CARDS ***
Dealt to f71e3aa9 
Dealt to Hero [7c Jh]
Dealt to 8b684c2b 
Dealt to 1eaf3e4b 
Dealt to 8dd0e334 
Dealt to a96ed7ee 
1eaf3e4b: folds
8dd0e334: folds
a96ed7ee: folds
f71e3aa9: folds
Hero: folds
Uncalled bet ($0.05) returned to 8b684c2b
*** SHOWDOWN ***
8b684c2b collected $0.1 from pot
*** SUMMARY ***
Total pot $0.1 | Rake $0 | Jackpot $0 | Bingo $0 | Fortune $0 | Tax $0
Seat 1: f71e3aa9 (button) folded before Flop (didn't bet)
Seat 2: Hero (small blind) folded before Flop
Seat 3: 8b684c2b (big blind) collected ($0.1)
Seat 4: 1eaf3e4b folded before Flop (didn't bet)
Seat 5: 8dd0e334 folded before Flop (didn't bet)
Seat 6: a96ed7ee folded before Flop (didn't bet)


Poker Hand #HD1775002481: Hold'em No Limit ($0.05/$0.1) - 2024/05/16 13:35:59
Table 'NLHRed59' 6-max Seat #6 is the button
Seat 1: f71e3aa9 ($10.05 in chips)
Seat 2: Hero ($10 in chips)
Seat 3: 8b684c2b ($23.57 in chips)
Seat 4: 1eaf3e4b ($14.77 in chips)
Seat 5: 8dd0e334 ($7.25 in chips)
Seat 6: a96ed7ee ($12.12 in chips)
f71e3aa9: posts small blind $0.05
Hero: posts big blind $0.1
*** HOLE CARDS ***
Dealt to f71e3aa9 
Dealt to Hero [8s Qc]
Dealt to 8b684c2b 
Dealt to 1eaf3e4b 
Dealt to 8dd0e334 
Dealt to a96ed7ee 
8b684c2b: folds
1eaf3e4b: folds
8dd0e334: folds
a96ed7ee: folds
f71e3aa9: folds
Uncalled bet ($0.05) returned to Hero
*** SHOWDOWN ***
Hero collected $0.1 from pot
*** SUMMARY ***
Total pot $0.1 | Rake $0 | Jackpot $0 | Bingo $0 | Fortune $0 | Tax $0
Seat 1: f71e3aa9 (small blind) folded before Flop
Seat 2: Hero (big blind) collected ($0.1)
Seat 3: 8b684c2b folded before Flop (didn't bet)
Seat 4: 1eaf3e4b folded before Flop (didn't bet)
Seat 5: 8dd0e334 folded before Flop (didn't bet)
Seat 6: a96ed7ee (button) folded before Flop (didn't bet)


