Poker Hand #HD1750356978: Hold'em No Limit ($0.02/$0.05) - 2024/04/28 18:26:28
Table 'NLHBlue30' 6-max Seat #1 is the button
Seat 1: ef4019a9 ($11.85 in chips)
Seat 2: 81d0d574 ($4.57 in chips)
Seat 3: Hero ($7.83 in chips)
Seat 4: 439e2382 ($6.4 in chips)
Seat 6: d14ea9fb ($9.44 in chips)
81d0d574: posts small blind $0.02
Hero: posts big blind $0.05
*** HOLE CARDS ***
Dealt to ef4019a9 
Dealt to 81d0d574 
Dealt to Hero [4d 2h]
Dealt to 439e2382 
Dealt to d14ea9fb 
439e2382: folds
d14ea9fb: folds
ef4019a9: raises $0.1 to $0.15
81d0d574: folds
Hero: folds
Uncalled bet ($0.1) returned to ef4019a9
*** SHOWDOWN ***
ef4019a9 collected $0.12 from pot
*** SUMMARY ***
Total pot $0.12 | Rake $0 | Jackpot $0 | Bingo $0 | Fortune $0 | Tax $0
Seat 1: ef4019a9 (button) collected ($0.12)
Seat 2: 81d0d574 (small blind) folded before Flop
Seat 3: Hero (big blind) folded before Flop
Seat 4: 439e2382 folded before Flop (didn't bet)
Seat 6: d14ea9fb folded before Flop (didn't bet)


Poker Hand #HD1750356955: Hold'em No Limit ($0.02/$0.05) - 2024/04/28 18:26:19
Table 'NLHBlue30' 6-max Seat #6 is the button
Seat 1: ef4019a9 ($11.87 in chips)
Seat 2: 81d0d574 ($4.62 in chips)
Seat 3: Hero ($7.83 in chips)
Seat 4: 439e2382 ($6.33 in chips)
Seat 6: d14ea9fb ($9.44 in chips)
ef4019a9: posts small blind $0.02
81d0d574: posts big blind $0.05
*** HOLE CARDS ***
Dealt to ef4019a9 
Dealt to 81d0d574 
Dealt to Hero [2s Ks]
Dealt to 439e2382 
Dealt to d14ea9fb 
Hero: folds
439e2382: raises $0.1 to $0.15
d14ea9fb: folds
ef4019a9: folds
81d0d574: folds
Uncalled bet ($0.1) returned to 439e2382
*** SHOWDOWN ***
439e2382 collected $0.12 from pot
*** SUMMARY ***
Total pot $0.12 | Rake $0 | Jackpot $0 | Bingo $0 | Fortune $0 | Tax $0
Seat 1: ef4019a9 (small blind) folded before Flop
Seat 2: 81d0d574 (big blind) folded before Flop
Seat 3: Hero folded before Flop (didn't bet)
Seat 4: 439e2382 collected ($0.12)
Seat 6: d14ea9fb (button) folded before Flop (didn't bet)


Poker Hand #HD1750356905: Hold'em No Limit ($0.02/$0.05) - 2024/04/28 18:25:54
Table 'NLHBlue30' 6-max Seat #4 is the button
Seat 1: ef4019a9 ($11.87 in chips)
Seat 2: 81d0d574 ($4.55 in chips)
Seat 3: Hero ($7.83 in chips)
Seat 4: 439e2382 ($6.33 in chips)
Seat 5: e25d1963 ($6.95 in chips)
Seat 6: d14ea9fb ($9.49 in chips)
e25d1963: posts small blind $0.02
d14ea9fb: posts big blind $0.05
*** HOLE CARDS ***
Dealt to ef4019a9 
Dealt to 81d0d574 
Dealt to Hero [4h 9d]
Dealt to 439e2382 
Dealt to e25d1963 
Dealt to d14ea9fb 
ef4019a9: folds
81d0d574: raises $0.12 to $0.17
Hero: folds
439e2382: folds
e25d1963: folds
d14ea9fb: folds
Uncalled bet ($0.12) returned to 81d0d574
*** SHOWDOWN ***
81d0d574 collected $0.12 from pot
*** SUMMARY ***
Total pot $0.12 | Rake $0 | Jackpot $0 | Bingo $0 | Fortune $0 | Tax $0
Seat 1: ef4019a9 folded before Flop (didn't bet)
Seat 2: 81d0d574 collected ($0.12)
Seat 3: Hero folded before Flop (didn't bet)
Seat 4: 439e2382 (button) folded before Flop (didn't bet)
Seat 5: e25d1963 (small blind) folded before Flop
Seat 6: d14ea9fb (big blind) folded before Flop


Poker Hand #HD1750356871: Hold'em No Limit ($0.02/$0.05) - 2024/04/28 18:25:39
Table 'NLHBlue30' 6-max Seat #3 is the button
Seat 1: ef4019a9 ($11.87 in chips)
Seat 2: 81d0d574 ($4.55 in chips)
Seat 3: Hero ($7.83 in chips)
Seat 4: 439e2382 ($6.28 in chips)
Seat 5: e25d1963 ($7 in chips)
Seat 6: d14ea9fb ($9.49 in chips)
439e2382: posts small blind $0.02
e25d1963: posts big blind $0.05
*** HOLE CARDS ***
Dealt to ef4019a9 
Dealt to 81d0d574 
Dealt to Hero [4c Th]
Dealt to 439e2382 
Dealt to e25d1963 
Dealt to d14ea9fb 
d14ea9fb: folds
ef4019a9: folds
81d0d574: folds
Hero: folds
439e2382: raises $0.1 to $0.15
e25d1963: folds
Uncalled bet ($0.1) returned to 439e2382
*** SHOWDOWN ***
439e2382 collected $0.1 from pot
*** SUMMARY ***
Total pot $0.1 | Rake $0 | Jackpot $0 | Bingo $0 | Fortune $0 | Tax $0
Seat 1: ef4019a9 folded before Flop (didn't bet)
Seat 2: 81d0d574 folded before Flop (didn't bet)
Seat 3: Hero (button) folded before Flop (didn't bet)
Seat 4: 439e2382 (small blind) collected ($0.1)
Seat 5: e25d1963 (big blind) folded before Flop
Seat 6: d14ea9fb folded before Flop (didn't bet)


Poker Hand #HD1750356663: Hold'em No Limit ($0.02/$0.05) - 2024/04/28 18:23:53
Table 'NLHBlue30' 6-max Seat #2 is the button
Seat 1: ef4019a9 ($9.62 in chips)
Seat 2: 81d0d574 ($4.55 in chips)
Seat 3: Hero ($10.32 in chips)
Seat 4: 439e2382 ($6.33 in chips)
Seat 5: e25d1963 ($7 in chips)
Seat 6: d14ea9fb ($9.49 in chips)
Hero: posts small blind $0.02
439e2382: posts big blind $0.05
*** HOLE CARDS ***
Dealt to ef4019a9 
Dealt to 81d0d574 
Dealt to Hero [Qh Kc]
Dealt to 439e2382 
Dealt to e25d1963 
Dealt to d14ea9fb 
e25d1963: folds
d14ea9fb: folds
ef4019a9: raises $0.1 to $0.15
81d0d574: folds
Hero: raises $0.4 to $0.55
439e2382: folds
ef4019a9: calls $0.4
*** FLOP *** [6h Kh 8s]
Hero: bets $0.43
ef4019a9: calls $0.43
*** TURN *** [6h Kh 8s] [3h]
Hero: checks
ef4019a9: checks
*** RIVER *** [6h Kh 8s 3h] [7d]
Hero: checks
ef4019a9: bets $1.51
Hero: calls $1.51
ef4019a9: shows [8c 8d] (Three Eights)
Hero: shows [Qh Kc] (Pair of Kings)
*** SHOWDOWN ***
ef4019a9 collected $4.74 from pot
*** SUMMARY ***
Total pot $5.03 | Rake $0.24 | Jackpot $0.05 | Bingo $0 | Fortune $0 | Tax $0
Board [6h Kh 8s 3h 7d]
Seat 1: ef4019a9 showed [8c 8d] and won ($4.74) with Three Eights
Seat 2: 81d0d574 (button) folded before Flop (didn't bet)
Seat 3: Hero (small blind) showed [Qh Kc] and lost with Pair of Kings
Seat 4: 439e2382 (big blind) folded before Flop
Seat 5: e25d1963 folded before Flop (didn't bet)
Seat 6: d14ea9fb folded before Flop (didn't bet)


Poker Hand #HD1750356510: Hold'em No Limit ($0.02/$0.05) - 2024/04/28 18:22:35
Table 'NLHBlue30' 6-max Seat #1 is the button
Seat 1: ef4019a9 ($8.84 in chips)
Seat 2: 81d0d574 ($5.27 in chips)
Seat 3: Hero ($10.37 in chips)
Seat 4: 439e2382 ($6.33 in chips)
Seat 5: e25d1963 ($7 in chips)
Seat 6: d14ea9fb ($9.62 in chips)
81d0d574: posts small blind $0.02
Hero: posts big blind $0.05
*** HOLE CARDS ***
Dealt to ef4019a9 
Dealt to 81d0d574 
Dealt to Hero [4h 5c]
Dealt to 439e2382 
Dealt to e25d1963 
Dealt to d14ea9fb 
439e2382: folds
e25d1963: folds
d14ea9fb: raises $0.08 to $0.13
ef4019a9: calls $0.13
81d0d574: calls $0.11
Hero: folds
*** FLOP *** [Js Kh 5d]
81d0d574: checks
d14ea9fb: checks
ef4019a9: checks
*** TURN *** [Js Kh 5d] [7h]
81d0d574: bets $0.25
d14ea9fb: folds
ef4019a9: calls $0.25
*** RIVER *** [Js Kh 5d 7h] [8s]
81d0d574: bets $0.34
ef4019a9: calls $0.34
81d0d574: shows [Jh Td] (Pair of Jacks)
ef4019a9: shows [Qd Qs] (Pair of Queens)
*** SHOWDOWN ***
ef4019a9 collected $1.5 from pot
*** SUMMARY ***
Total pot $1.62 | Rake $0.07 | Jackpot $0.05 | Bingo $0 | Fortune $0 | Tax $0
Board [Js Kh 5d 7h 8s]
Seat 1: ef4019a9 (button) showed [Qd Qs] and won ($1.5) with Pair of Queens
Seat 2: 81d0d574 (small blind) showed [Jh Td] and lost with Pair of Jacks
Seat 3: Hero (big blind) folded before Flop
Seat 4: 439e2382 folded before Flop (didn't bet)
Seat 5: e25d1963 folded before Flop (didn't bet)
Seat 6: d14ea9fb folded on the Turn


Poker Hand #HD1750356405: Hold'em No Limit ($0.02/$0.05) - 2024/04/28 18:21:51
Table 'NLHBlue30' 6-max Seat #6 is the button
Seat 1: ef4019a9 ($8.86 in chips)
Seat 2: 81d0d574 ($5.32 in chips)
Seat 3: Hero ($10.37 in chips)
Seat 4: 439e2382 ($6.33 in chips)
Seat 5: e25d1963 ($6.81 in chips)
Seat 6: d14ea9fb ($9.75 in chips)
ef4019a9: posts small blind $0.02
81d0d574: posts big blind $0.05
*** HOLE CARDS ***
Dealt to ef4019a9 
Dealt to 81d0d574 
Dealt to Hero [6s 9s]
Dealt to 439e2382 
Dealt to e25d1963 
Dealt to d14ea9fb 
Hero: folds
439e2382: folds
e25d1963: raises $0.08 to $0.13
d14ea9fb: calls $0.13
ef4019a9: folds
81d0d574: folds
*** FLOP *** [Ks 4d Kc]
e25d1963: bets $0.15
d14ea9fb: folds
Uncalled bet ($0.15) returned to e25d1963
*** SHOWDOWN ***
e25d1963 collected $0.32 from pot
*** SUMMARY ***
Total pot $0.33 | Rake $0.01 | Jackpot $0 | Bingo $0 | Fortune $0 | Tax $0
Board [Ks 4d Kc]
Seat 1: ef4019a9 (small blind) folded before Flop
Seat 2: 81d0d574 (big blind) folded before Flop
Seat 3: Hero folded before Flop (didn't bet)
Seat 4: 439e2382 folded before Flop (didn't bet)
Seat 5: e25d1963 won ($0.32)
Seat 6: d14ea9fb (button) folded on the Flop


Poker Hand #HD1750356322: Hold'em No Limit ($0.02/$0.05) - 2024/04/28 18:21:16
Table 'NLHBlue30' 6-max Seat #5 is the button
Seat 1: ef4019a9 ($8.74 in chips)
Seat 2: 81d0d574 ($5.43 in chips)
Seat 3: Hero ($10.37 in chips)
Seat 4: 439e2382 ($6.33 in chips)
Seat 5: e25d1963 ($6.81 in chips)
Seat 6: d14ea9fb ($9.77 in chips)
d14ea9fb: posts small blind $0.02
ef4019a9: posts big blind $0.05
*** HOLE CARDS ***
Dealt to ef4019a9 
Dealt to 81d0d574 
Dealt to Hero [Ad 8h]
Dealt to 439e2382 
Dealt to e25d1963 
Dealt to d14ea9fb 
81d0d574: calls $0.05
Hero: folds
439e2382: folds
e25d1963: folds
d14ea9fb: folds
ef4019a9: checks
*** FLOP *** [Ks 6c 9d]
ef4019a9: checks
81d0d574: checks
*** TURN *** [Ks 6c 9d] [7d]
ef4019a9: bets $0.06
81d0d574: calls $0.06
*** RIVER *** [Ks 6c 9d 7d] [5c]
ef4019a9: bets $0.24
81d0d574: folds
Uncalled bet ($0.24) returned to ef4019a9
*** SHOWDOWN ***
ef4019a9 collected $0.23 from pot
*** SUMMARY ***
Total pot $0.24 | Rake $0.01 | Jackpot $0 | Bingo $0 | Fortune $0 | Tax $0
Board [Ks 6c 9d 7d 5c]
Seat 1: ef4019a9 (big blind) won ($0.23)
Seat 2: 81d0d574 folded on the River
Seat 3: Hero folded before Flop (didn't bet)
Seat 4: 439e2382 folded before Flop (didn't bet)
Seat 5: e25d1963 (button) folded before Flop (didn't bet)
Seat 6: d14ea9fb (small blind) folded before Flop


Poker Hand #HD1750356293: Hold'em No Limit ($0.02/$0.05) - 2024/04/28 18:21:00
Table 'NLHBlue30' 6-max Seat #4 is the button
Seat 1: ef4019a9 ($8.67 in chips)
Seat 2: 81d0d574 ($5.43 in chips)
Seat 3: Hero ($10.37 in chips)
Seat 4: 439e2382 ($6.33 in chips)
Seat 5: e25d1963 ($6.83 in chips)
Seat 6: d14ea9fb ($9.82 in chips)
e25d1963: posts small blind $0.02
d14ea9fb: posts big blind $0.05
*** HOLE CARDS ***
Dealt to ef4019a9 
Dealt to 81d0d574 
Dealt to Hero [3d Kh]
Dealt to 439e2382 
Dealt to e25d1963 
Dealt to d14ea9fb 
ef4019a9: raises $0.1 to $0.15
81d0d574: folds
Hero: folds
439e2382: folds
e25d1963: folds
d14ea9fb: folds
Uncalled bet ($0.1) returned to ef4019a9
*** SHOWDOWN ***
ef4019a9 collected $0.12 from pot
*** SUMMARY ***
Total pot $0.12 | Rake $0 | Jackpot $0 | Bingo $0 | Fortune $0 | Tax $0
Seat 1: ef4019a9 collected ($0.12)
Seat 2: 81d0d574 folded before Flop (didn't bet)
Seat 3: Hero folded before Flop (didn't bet)
Seat 4: 439e2382 (button) folded before Flop (didn't bet)
Seat 5: e25d1963 (small blind) folded before Flop
Seat 6: d14ea9fb (big blind) folded before Flop


Poker Hand #HD1750356147: Hold'em No Limit ($0.02/$0.05) - 2024/04/28 18:19:47
Table 'NLHBlue30' 6-max Seat #3 is the button
Seat 1: ef4019a9 ($9.27 in chips)
Seat 2: 81d0d574 ($4.34 in chips)
Seat 3: Hero ($10.37 in chips)
Seat 4: 439e2382 ($6.35 in chips)
Seat 5: e25d1963 ($7.43 in chips)
Seat 6: d14ea9fb ($9.82 in chips)
439e2382: posts small blind $0.02
e25d1963: posts big blind $0.05
*** HOLE CARDS ***
Dealt to ef4019a9 
Dealt to 81d0d574 
Dealt to Hero [2c Kc]
Dealt to 439e2382 
Dealt to e25d1963 
Dealt to d14ea9fb 
d14ea9fb: folds
ef4019a9: calls $0.05
81d0d574: calls $0.05
Hero: folds
439e2382: folds
e25d1963: checks
*** FLOP *** [8s 7c 9d]
e25d1963: bets $0.13
ef4019a9: calls $0.13
81d0d574: calls $0.13
*** TURN *** [8s 7c 9d] [3c]
e25d1963: bets $0.42
ef4019a9: calls $0.42
81d0d574: calls $0.42
*** RIVER *** [8s 7c 9d 3c] [Ks]
e25d1963: checks
ef4019a9: checks
81d0d574: checks
e25d1963: shows [4c Td] (King-High)
ef4019a9: shows [6h 4d] (King-High)
81d0d574: shows [Qd Th] (King-High)
*** SHOWDOWN ***
81d0d574 collected $1.69 from pot
*** SUMMARY ***
Total pot $1.82 | Rake $0.08 | Jackpot $0.05 | Bingo $0 | Fortune $0 | Tax $0
Board [8s 7c 9d 3c Ks]
Seat 1: ef4019a9 showed [6h 4d] and lost with King-High
Seat 2: 81d0d574 showed [Qd Th] and won ($1.69) with King-High
Seat 3: Hero (button) folded before Flop (didn't bet)
Seat 4: 439e2382 (small blind) folded before Flop
Seat 5: e25d1963 (big blind) showed [4c Td] and lost with King-High
Seat 6: d14ea9fb folded before Flop (didn't bet)


Poker Hand #HD1750356114: Hold'em No Limit ($0.02/$0.05) - 2024/04/28 18:19:32
Table 'NLHBlue30' 6-max Seat #2 is the button
Seat 1: ef4019a9 ($9.2 in chips)
Seat 2: 81d0d574 ($4.34 in chips)
Seat 3: Hero ($10.39 in chips)
Seat 4: 439e2382 ($6.4 in chips)
Seat 5: e25d1963 ($7.43 in chips)
Seat 6: d14ea9fb ($9.82 in chips)
Hero: posts small blind $0.02
439e2382: posts big blind $0.05
*** HOLE CARDS ***
Dealt to ef4019a9 
Dealt to 81d0d574 
Dealt to Hero [3c 7c]
Dealt to 439e2382 
Dealt to e25d1963 
Dealt to d14ea9fb 
e25d1963: folds
d14ea9fb: folds
ef4019a9: raises $0.1 to $0.15
81d0d574: folds
Hero: folds
439e2382: folds
Uncalled bet ($0.1) returned to ef4019a9
*** SHOWDOWN ***
ef4019a9 collected $0.12 from pot
*** SUMMARY ***
Total pot $0.12 | Rake $0 | Jackpot $0 | Bingo $0 | Fortune $0 | Tax $0
Seat 1: ef4019a9 collected ($0.12)
Seat 2: 81d0d574 (button) folded before Flop (didn't bet)
Seat 3: Hero (small blind) folded before Flop
Seat 4: 439e2382 (big blind) folded before Flop
Seat 5: e25d1963 folded before Flop (didn't bet)
Seat 6: d14ea9fb folded before Flop (didn't bet)


Poker Hand #HD1750356063: Hold'em No Limit ($0.02/$0.05) - 2024/04/28 18:19:06
Table 'NLHBlue30' 6-max Seat #1 is the button
Seat 1: ef4019a9 ($9.58 in chips)
Seat 2: 81d0d574 ($4.36 in chips)
Seat 3: Hero ($10.44 in chips)
Seat 4: 439e2382 ($6.4 in chips)
Seat 5: e25d1963 ($7.43 in chips)
Seat 6: d14ea9fb ($9.41 in chips)
81d0d574: posts small blind $0.02
Hero: posts big blind $0.05
*** HOLE CARDS ***
Dealt to ef4019a9 
Dealt to 81d0d574 
Dealt to Hero [4s Js]
Dealt to 439e2382 
Dealt to e25d1963 
Dealt to d14ea9fb 
439e2382: folds
e25d1963: folds
d14ea9fb: raises $0.08 to $0.13
ef4019a9: calls $0.13
81d0d574: folds
Hero: folds
*** FLOP *** [Qc 8h Kd]
d14ea9fb: bets $0.25
ef4019a9: calls $0.25
*** TURN *** [Qc 8h Kd] [3s]
d14ea9fb: bets $0.63
ef4019a9: folds
Uncalled bet ($0.63) returned to d14ea9fb
*** SHOWDOWN ***
d14ea9fb collected $0.79 from pot
*** SUMMARY ***
Total pot $0.83 | Rake $0.04 | Jackpot $0 | Bingo $0 | Fortune $0 | Tax $0
Board [Qc 8h Kd 3s]
Seat 1: ef4019a9 (button) folded on the Turn
Seat 2: 81d0d574 (small blind) folded before Flop
Seat 3: Hero (big blind) folded before Flop
Seat 4: 439e2382 folded before Flop (didn't bet)
Seat 5: e25d1963 folded before Flop (didn't bet)
Seat 6: d14ea9fb won ($0.79)


Poker Hand #HD1750355999: Hold'em No Limit ($0.02/$0.05) - 2024/04/28 18:18:34
Table 'NLHBlue30' 6-max Seat #6 is the button
Seat 1: ef4019a9 ($9.84 in chips)
Seat 2: 81d0d574 ($4.49 in chips)
Seat 3: Hero ($10.44 in chips)
Seat 4: 439e2382 ($6.4 in chips)
Seat 5: e25d1963 ($7.43 in chips)
Seat 6: d14ea9fb ($9.05 in chips)
ef4019a9: posts small blind $0.02
81d0d574: posts big blind $0.05
*** HOLE CARDS ***
Dealt to ef4019a9 
Dealt to 81d0d574 
Dealt to Hero [5s Jd]
Dealt to 439e2382 
Dealt to e25d1963 
Dealt to d14ea9fb 
Hero: folds
439e2382: folds
e25d1963: folds
d14ea9fb: raises $0.08 to $0.13
ef4019a9: calls $0.11
81d0d574: calls $0.08
*** FLOP *** [Ac 9d 3d]
ef4019a9: checks
81d0d574: checks
d14ea9fb: bets $0.13
ef4019a9: calls $0.13
81d0d574: folds
*** TURN *** [Ac 9d 3d] [8d]
ef4019a9: checks
d14ea9fb: bets $0.33
ef4019a9: folds
Uncalled bet ($0.33) returned to d14ea9fb
*** SHOWDOWN ***
d14ea9fb collected $0.62 from pot
*** SUMMARY ***
Total pot $0.65 | Rake $0.03 | Jackpot $0 | Bingo $0 | Fortune $0 | Tax $0
Board [Ac 9d 3d 8d]
Seat 1: ef4019a9 (small blind) folded on the Turn
Seat 2: 81d0d574 (big blind) folded on the Flop
Seat 3: Hero folded before Flop (didn't bet)
Seat 4: 439e2382 folded before Flop (didn't bet)
Seat 5: e25d1963 folded before Flop (didn't bet)
Seat 6: d14ea9fb (button) won ($0.62)


Poker Hand #HD1750355832: Hold'em No Limit ($0.02/$0.05) - 2024/04/28 18:17:06
Table 'NLHBlue30' 6-max Seat #5 is the button
Seat 1: ef4019a9 ($10.35 in chips)
Seat 2: 81d0d574 ($5 in chips)
Seat 3: Hero ($10.44 in chips)
Seat 4: 439e2382 ($5 in chips)
Seat 5: e25d1963 ($7.94 in chips)
Seat 6: d14ea9fb ($9.07 in chips)
d14ea9fb: posts small blind $0.02
ef4019a9: posts big blind $0.05
*** HOLE CARDS ***
Dealt to ef4019a9 
Dealt to 81d0d574 
Dealt to Hero [8s Tc]
Dealt to 439e2382 
Dealt to e25d1963 
Dealt to d14ea9fb 
81d0d574: raises $0.12 to $0.17
Hero: folds
439e2382: calls $0.17
e25d1963: raises $0.34 to $0.51
d14ea9fb: folds
ef4019a9: calls $0.46
81d0d574: calls $0.34
439e2382: calls $0.34
*** FLOP *** [9c 8h 3c]
ef4019a9: checks
81d0d574: checks
439e2382: checks
e25d1963: checks
*** TURN *** [9c 8h 3c] [2h]
ef4019a9: checks
81d0d574: checks
439e2382: checks
e25d1963: checks
*** RIVER *** [9c 8h 3c 2h] [9s]
ef4019a9: checks
81d0d574: checks
439e2382: checks
e25d1963: checks
ef4019a9: shows [7s 2s] (Pair of Nines and Pair of Twos)
81d0d574: shows [Js Ac] (Pair of Nines)
439e2382: shows [4h 4d] (Pair of Nines and Pair of Fours)
e25d1963: shows [Ad Qd] (Pair of Nines)
*** SHOWDOWN ***
439e2382 collected $1.91 from pot
*** SUMMARY ***
Total pot $2.06 | Rake $0.1 | Jackpot $0.05 | Bingo $0 | Fortune $0 | Tax $0
Board [9c 8h 3c 2h 9s]
Seat 1: ef4019a9 (big blind) showed [7s 2s] and lost with Pair of Nines and Pair of Twos
Seat 2: 81d0d574 showed [Js Ac] and lost with Pair of Nines
Seat 3: Hero folded before Flop (didn't bet)
Seat 4: 439e2382 showed [4h 4d] and won ($1.91) with Pair of Nines and Pair of Fours
Seat 5: e25d1963 (button) showed [Ad Qd] and lost with Pair of Nines
Seat 6: d14ea9fb (small blind) folded before Flop


Poker Hand #HD1750355783: Hold'em No Limit ($0.02/$0.05) - 2024/04/28 18:16:42
Table 'NLHBlue30' 6-max Seat #4 is the button
Seat 1: ef4019a9 ($10.5 in chips)
Seat 2: 81d0d574 ($5 in chips)
Seat 3: Hero ($10.23 in chips)
Seat 4: 439e2382 ($5 in chips)
Seat 5: e25d1963 ($7.96 in chips)
Seat 6: d14ea9fb ($9.12 in chips)
e25d1963: posts small blind $0.02
d14ea9fb: posts big blind $0.05
*** HOLE CARDS ***
Dealt to ef4019a9 
Dealt to 81d0d574 
Dealt to Hero [8d 8h]
Dealt to 439e2382 
Dealt to e25d1963 
Dealt to d14ea9fb 
ef4019a9: raises $0.1 to $0.15
81d0d574: folds
Hero: calls $0.15
439e2382: folds
e25d1963: folds
d14ea9fb: folds
*** FLOP *** [7d Qc 2s]
ef4019a9: checks
Hero: bets $0.18
ef4019a9: folds
Uncalled bet ($0.18) returned to Hero
*** SHOWDOWN ***
Hero collected $0.36 from pot
*** SUMMARY ***
Total pot $0.37 | Rake $0.01 | Jackpot $0 | Bingo $0 | Fortune $0 | Tax $0
Board [7d Qc 2s]
Seat 1: ef4019a9 folded on the Flop
Seat 2: 81d0d574 folded before Flop (didn't bet)
Seat 3: Hero won ($0.36)
Seat 4: 439e2382 (button) folded before Flop (didn't bet)
Seat 5: e25d1963 (small blind) folded before Flop
Seat 6: d14ea9fb (big blind) folded before Flop


Poker Hand #HD1750355685: Hold'em No Limit ($0.02/$0.05) - 2024/04/28 18:15:46
Table 'NLHBlue30' 6-max Seat #3 is the button
Seat 1: ef4019a9 ($10.5 in chips)
Seat 2: 81d0d574 ($5 in chips)
Seat 3: Hero ($10.23 in chips)
Seat 4: 439e2382 ($5 in chips)
Seat 5: e25d1963 ($8.22 in chips)
Seat 6: d14ea9fb ($8.86 in chips)
439e2382: posts small blind $0.02
e25d1963: posts big blind $0.05
*** HOLE CARDS ***
Dealt to ef4019a9 
Dealt to 81d0d574 
Dealt to Hero [9s 2d]
Dealt to 439e2382 
Dealt to e25d1963 
Dealt to d14ea9fb 
d14ea9fb: raises $0.1 to $0.15
ef4019a9: folds
81d0d574: folds
Hero: folds
439e2382: folds
e25d1963: calls $0.1
*** FLOP *** [9d 5c Qc]
e25d1963: checks
d14ea9fb: bets $0.11
e25d1963: calls $0.11
*** TURN *** [9d 5c Qc] [Ts]
e25d1963: checks
d14ea9fb: bets $0.27
e25d1963: folds
Uncalled bet ($0.27) returned to d14ea9fb
*** SHOWDOWN ***
d14ea9fb collected $0.52 from pot
*** SUMMARY ***
Total pot $0.54 | Rake $0.02 | Jackpot $0 | Bingo $0 | Fortune $0 | Tax $0
Board [9d 5c Qc Ts]
Seat 1: ef4019a9 folded before Flop (didn't bet)
Seat 2: 81d0d574 folded before Flop (didn't bet)
Seat 3: Hero (button) folded before Flop (didn't bet)
Seat 4: 439e2382 (small blind) folded before Flop
Seat 5: e25d1963 (big blind) folded on the Turn
Seat 6: d14ea9fb won ($0.52)


Poker Hand #HD1750355643: Hold'em No Limit ($0.02/$0.05) - 2024/04/28 18:15:26
Table 'NLHBlue30' 6-max Seat #2 is the button
Seat 1: ef4019a9 ($10.5 in chips)
Seat 2: 81d0d574 ($4.93 in chips)
Seat 3: Hero ($10.25 in chips)
Seat 4: 439e2382 ($5 in chips)
Seat 5: e25d1963 ($8.22 in chips)
Seat 6: d14ea9fb ($8.86 in chips)
Hero: posts small blind $0.02
439e2382: posts big blind $0.05
*** HOLE CARDS ***
Dealt to ef4019a9 
Dealt to 81d0d574 
Dealt to Hero [9s Qh]
Dealt to 439e2382 
Dealt to e25d1963 
Dealt to d14ea9fb 
e25d1963: folds
d14ea9fb: folds
ef4019a9: folds
81d0d574: raises $0.12 to $0.17
Hero: folds
439e2382: folds
Uncalled bet ($0.12) returned to 81d0d574
*** SHOWDOWN ***
81d0d574 collected $0.12 from pot
*** SUMMARY ***
Total pot $0.12 | Rake $0 | Jackpot $0 | Bingo $0 | Fortune $0 | Tax $0
Seat 1: ef4019a9 folded before Flop (didn't bet)
Seat 2: 81d0d574 (button) collected ($0.12)
Seat 3: Hero (small blind) folded before Flop
Seat 4: 439e2382 (big blind) folded before Flop
Seat 5: e25d1963 folded before Flop (didn't bet)
Seat 6: d14ea9fb folded before Flop (didn't bet)


Poker Hand #HD1750265617: Hold'em No Limit ($0.02/$0.05) - 2024/04/28 18:15:14
Table 'NLHBlue30' 6-max Seat #1 is the button
Seat 1: ef4019a9 ($10.43 in chips)
Seat 2: 81d0d574 ($4.95 in chips)
Seat 3: Hero ($10.3 in chips)
Seat 4: 439e2382 ($5 in chips)
Seat 5: e25d1963 ($8.22 in chips)
Seat 6: d14ea9fb ($8.86 in chips)
81d0d574: posts small blind $0.02
Hero: posts big blind $0.05
*** HOLE CARDS ***
Dealt to ef4019a9 
Dealt to 81d0d574 
Dealt to Hero [4h 2c]
Dealt to 439e2382 
Dealt to e25d1963 
Dealt to d14ea9fb 
439e2382: folds
e25d1963: folds
d14ea9fb: folds
ef4019a9: raises $0.05 to $0.1
81d0d574: folds
Hero: folds
Uncalled bet ($0.05) returned to ef4019a9
*** SHOWDOWN ***
ef4019a9 collected $0.12 from pot
*** SUMMARY ***
Total pot $0.12 | Rake $0 | Jackpot $0 | Bingo $0 | Fortune $0 | Tax $0
Seat 1: ef4019a9 (button) collected ($0.12)
Seat 2: 81d0d574 (small blind) folded before Flop
Seat 3: Hero (big blind) folded before Flop
Seat 4: 439e2382 folded before Flop (didn't bet)
Seat 5: e25d1963 folded before Flop (didn't bet)
Seat 6: d14ea9fb folded before Flop (didn't bet)


Poker Hand #HD1750265515: Hold'em No Limit ($0.02/$0.05) - 2024/04/28 18:14:29
Table 'NLHBlue30' 6-max Seat #6 is the button
Seat 1: ef4019a9 ($10.45 in chips)
Seat 2: 81d0d574 ($1.97 in chips)
Seat 3: Hero ($10.19 in chips)
Seat 4: 439e2382 ($5 in chips)
Seat 5: e25d1963 ($8.22 in chips)
Seat 6: d14ea9fb ($8.86 in chips)
ef4019a9: posts small blind $0.02
81d0d574: posts big blind $0.05
*** HOLE CARDS ***
Dealt to ef4019a9 
Dealt to 81d0d574 
Dealt to Hero [Ac Td]
Dealt to 439e2382 
Dealt to e25d1963 
Dealt to d14ea9fb 
Hero: raises $0.05 to $0.1
439e2382: folds
e25d1963: folds
d14ea9fb: folds
ef4019a9: folds
81d0d574: calls $0.05
*** FLOP *** [Kh Jh 9c]
81d0d574: checks
Hero: bets $0.13
81d0d574: folds
Uncalled bet ($0.13) returned to Hero
*** SHOWDOWN ***
Hero collected $0.21 from pot
*** SUMMARY ***
Total pot $0.22 | Rake $0.01 | Jackpot $0 | Bingo $0 | Fortune $0 | Tax $0
Board [Kh Jh 9c]
Seat 1: ef4019a9 (small blind) folded before Flop
Seat 2: 81d0d574 (big blind) folded on the Flop
Seat 3: Hero won ($0.21)
Seat 4: 439e2382 folded before Flop (didn't bet)
Seat 5: e25d1963 folded before Flop (didn't bet)
Seat 6: d14ea9fb (button) folded before Flop (didn't bet)


Poker Hand #HD1750265468: Hold'em No Limit ($0.02/$0.05) - 2024/04/28 18:14:04
Table 'NLHBlue30' 6-max Seat #5 is the button
Seat 1: ef4019a9 ($10.25 in chips)
Seat 2: 81d0d574 ($2.17 in chips)
Seat 3: Hero ($10.19 in chips)
Seat 4: 439e2382 ($5 in chips)
Seat 5: e25d1963 ($8.22 in chips)
Seat 6: d14ea9fb ($8.88 in chips)
d14ea9fb: posts small blind $0.02
ef4019a9: posts big blind $0.05
*** HOLE CARDS ***
Dealt to ef4019a9 
Dealt to 81d0d574 
Dealt to Hero [7d Tc]
Dealt to 439e2382 
Dealt to e25d1963 
Dealt to d14ea9fb 
81d0d574: raises $0.15 to $0.2
Hero: folds
439e2382: folds
e25d1963: folds
d14ea9fb: folds
ef4019a9: calls $0.15
*** FLOP *** [Qh 9s 3h]
ef4019a9: checks
81d0d574: checks
*** TURN *** [Qh 9s 3h] [7c]
ef4019a9: bets $0.21
81d0d574: folds
Uncalled bet ($0.21) returned to ef4019a9
*** SHOWDOWN ***
ef4019a9 collected $0.4 from pot
*** SUMMARY ***
Total pot $0.42 | Rake $0.02 | Jackpot $0 | Bingo $0 | Fortune $0 | Tax $0
Board [Qh 9s 3h 7c]
Seat 1: ef4019a9 (big blind) won ($0.4)
Seat 2: 81d0d574 folded on the Turn
Seat 3: Hero folded before Flop (didn't bet)
Seat 4: 439e2382 folded before Flop (didn't bet)
Seat 5: e25d1963 (button) folded before Flop (didn't bet)
Seat 6: d14ea9fb (small blind) folded before Flop


Poker Hand #HD1750265377: Hold'em No Limit ($0.02/$0.05) - 2024/04/28 18:13:19
Table 'NLHBlue30' 6-max Seat #4 is the button
Seat 1: ef4019a9 ($5.65 in chips)
Seat 2: 81d0d574 ($2.17 in chips)
Seat 3: Hero ($10.19 in chips)
Seat 4: 439e2382 ($5.08 in chips)
Seat 5: e25d1963 ($8.24 in chips)
Seat 6: d14ea9fb ($8.93 in chips)
e25d1963: posts small blind $0.02
d14ea9fb: posts big blind $0.05
*** HOLE CARDS ***
Dealt to ef4019a9 
Dealt to 81d0d574 
Dealt to Hero [4s 7c]
Dealt to 439e2382 
Dealt to e25d1963 
Dealt to d14ea9fb 
ef4019a9: calls $0.05
81d0d574: folds
Hero: folds
439e2382: raises $0.15 to $0.2
e25d1963: folds
d14ea9fb: folds
ef4019a9: calls $0.15
*** FLOP *** [9h 6d Jh]
ef4019a9: checks
439e2382: bets $0.36
ef4019a9: calls $0.36
*** TURN *** [9h 6d Jh] [8h]
ef4019a9: checks
439e2382: checks
*** RIVER *** [9h 6d Jh 8h] [Qs]
ef4019a9: bets $1.19
439e2382: raises $3.33 to $4.52 and is all-in
ef4019a9: calls $3.33
439e2382: shows [Qd Js] (Pair of Queens and Pair of Jacks)
ef4019a9: shows [Td 7h] (Queens-High Straight)
*** SHOWDOWN ***
ef4019a9 collected $9.68 from pot
*** SUMMARY ***
Total pot $10.23 | Rake $0.5 | Jackpot $0.05 | Bingo $0 | Fortune $0 | Tax $0
Board [9h 6d Jh 8h Qs]
Seat 1: ef4019a9 showed [Td 7h] and won ($9.68) with Queens-High Straight
Seat 2: 81d0d574 folded before Flop (didn't bet)
Seat 3: Hero folded before Flop (didn't bet)
Seat 4: 439e2382 (button) showed [Qd Js] and lost with Pair of Queens and Pair of Jacks
Seat 5: e25d1963 (small blind) folded before Flop
Seat 6: d14ea9fb (big blind) folded before Flop


Poker Hand #HD1750265287: Hold'em No Limit ($0.02/$0.05) - 2024/04/28 18:12:28
Table 'NLHBlue30' 6-max Seat #3 is the button
Seat 1: ef4019a9 ($5.65 in chips)
Seat 2: 81d0d574 ($2.28 in chips)
Seat 3: Hero ($10.19 in chips)
Seat 4: 439e2382 ($5.1 in chips)
Seat 5: e25d1963 ($8.12 in chips)
Seat 6: d14ea9fb ($8.93 in chips)
439e2382: posts small blind $0.02
e25d1963: posts big blind $0.05
*** HOLE CARDS ***
Dealt to ef4019a9 
Dealt to 81d0d574 
Dealt to Hero [6h Qd]
Dealt to 439e2382 
Dealt to e25d1963 
Dealt to d14ea9fb 
d14ea9fb: folds
ef4019a9: folds
81d0d574: calls $0.05
Hero: folds
439e2382: folds
e25d1963: checks
*** FLOP *** [Qh Kd 6d]
e25d1963: checks
81d0d574: checks
*** TURN *** [Qh Kd 6d] [Tc]
e25d1963: bets $0.06
81d0d574: calls $0.06
*** RIVER *** [Qh Kd 6d Tc] [Ac]
e25d1963: bets $0.15
81d0d574: folds
Uncalled bet ($0.15) returned to e25d1963
*** SHOWDOWN ***
e25d1963 collected $0.23 from pot
*** SUMMARY ***
Total pot $0.24 | Rake $0.01 | Jackpot $0 | Bingo $0 | Fortune $0 | Tax $0
Board [Qh Kd 6d Tc Ac]
Seat 1: ef4019a9 folded before Flop (didn't bet)
Seat 2: 81d0d574 folded on the River
Seat 3: Hero (button) folded before Flop (didn't bet)
Seat 4: 439e2382 (small blind) folded before Flop
Seat 5: e25d1963 (big blind) won ($0.23)
Seat 6: d14ea9fb folded before Flop (didn't bet)


Poker Hand #HD1750265237: Hold'em No Limit ($0.02/$0.05) - 2024/04/28 18:12:02
Table 'NLHBlue30' 6-max Seat #2 is the button
Seat 1: ef4019a9 ($5.27 in chips)
Seat 2: 81d0d574 ($2.62 in chips)
Seat 3: Hero ($10.21 in chips)
Seat 4: 439e2382 ($5.15 in chips)
Seat 5: e25d1963 ($8.12 in chips)
Seat 6: d14ea9fb ($8.93 in chips)
Hero: posts small blind $0.02
439e2382: posts big blind $0.05
*** HOLE CARDS ***
Dealt to ef4019a9 
Dealt to 81d0d574 
Dealt to Hero [Tc 3h]
Dealt to 439e2382 
Dealt to e25d1963 
Dealt to d14ea9fb 
e25d1963: folds
d14ea9fb: folds
ef4019a9: raises $0.1 to $0.15
81d0d574: calls $0.15
Hero: folds
439e2382: folds
*** FLOP *** [Kd Ad As]
ef4019a9: bets $0.19
81d0d574: calls $0.19
*** TURN *** [Kd Ad As] [4d]
ef4019a9: checks
81d0d574: checks
*** RIVER *** [Kd Ad As 4d] [Js]
ef4019a9: bets $0.57
81d0d574: folds
Uncalled bet ($0.57) returned to ef4019a9
*** SHOWDOWN ***
ef4019a9 collected $0.72 from pot
*** SUMMARY ***
Total pot $0.75 | Rake $0.03 | Jackpot $0 | Bingo $0 | Fortune $0 | Tax $0
Board [Kd Ad As 4d Js]
Seat 1: ef4019a9 won ($0.72)
Seat 2: 81d0d574 (button) folded on the River
Seat 3: Hero (small blind) folded before Flop
Seat 4: 439e2382 (big blind) folded before Flop
Seat 5: e25d1963 folded before Flop (didn't bet)
Seat 6: d14ea9fb folded before Flop (didn't bet)


Poker Hand #HD1750265202: Hold'em No Limit ($0.02/$0.05) - 2024/04/28 18:11:45
Table 'NLHBlue30' 6-max Seat #1 is the button
Seat 1: ef4019a9 ($5.2 in chips)
Seat 2: 81d0d574 ($2.64 in chips)
Seat 3: Hero ($10.26 in chips)
Seat 4: 439e2382 ($5.15 in chips)
Seat 5: e25d1963 ($8.12 in chips)
Seat 6: d14ea9fb ($8.93 in chips)
81d0d574: posts small blind $0.02
Hero: posts big blind $0.05
*** HOLE CARDS ***
Dealt to ef4019a9 
Dealt to 81d0d574 
Dealt to Hero [6h Qc]
Dealt to 439e2382 
Dealt to e25d1963 
Dealt to d14ea9fb 
439e2382: folds
e25d1963: folds
d14ea9fb: folds
ef4019a9: raises $0.1 to $0.15
81d0d574: folds
Hero: folds
Uncalled bet ($0.1) returned to ef4019a9
*** SHOWDOWN ***
ef4019a9 collected $0.12 from pot
*** SUMMARY ***
Total pot $0.12 | Rake $0 | Jackpot $0 | Bingo $0 | Fortune $0 | Tax $0
Seat 1: ef4019a9 (button) collected ($0.12)
Seat 2: 81d0d574 (small blind) folded before Flop
Seat 3: Hero (big blind) folded before Flop
Seat 4: 439e2382 folded before Flop (didn't bet)
Seat 5: e25d1963 folded before Flop (didn't bet)
Seat 6: d14ea9fb folded before Flop (didn't bet)


Poker Hand #HD1750265082: Hold'em No Limit ($0.02/$0.05) - 2024/04/28 18:10:43
Table 'NLHBlue30' 6-max Seat #6 is the button
Seat 1: ef4019a9 ($5.33 in chips)
Seat 2: 81d0d574 ($2.97 in chips)
Seat 3: Hero ($10.26 in chips)
Seat 4: 439e2382 ($5.15 in chips)
Seat 5: e25d1963 ($7.7 in chips)
Seat 6: d14ea9fb ($8.93 in chips)
ef4019a9: posts small blind $0.02
81d0d574: posts big blind $0.05
*** HOLE CARDS ***
Dealt to ef4019a9 
Dealt to 81d0d574 
Dealt to Hero [Qd 5s]
Dealt to 439e2382 
Dealt to e25d1963 
Dealt to d14ea9fb 
Hero: folds
439e2382: folds
e25d1963: raises $0.08 to $0.13
d14ea9fb: folds
ef4019a9: calls $0.11
81d0d574: calls $0.08
*** FLOP *** [9c 3h 6s]
ef4019a9: checks
81d0d574: checks
e25d1963: bets $0.2
ef4019a9: folds
81d0d574: calls $0.2
*** TURN *** [9c 3h 6s] [Tc]
81d0d574: checks
e25d1963: checks
*** RIVER *** [9c 3h 6s Tc] [4s]
81d0d574: checks
e25d1963: bets $0.65
81d0d574: folds
Uncalled bet ($0.65) returned to e25d1963
*** SHOWDOWN ***
e25d1963 collected $0.75 from pot
*** SUMMARY ***
Total pot $0.79 | Rake $0.04 | Jackpot $0 | Bingo $0 | Fortune $0 | Tax $0
Board [9c 3h 6s Tc 4s]
Seat 1: ef4019a9 (small blind) folded on the Flop
Seat 2: 81d0d574 (big blind) folded on the River
Seat 3: Hero folded before Flop (didn't bet)
Seat 4: 439e2382 folded before Flop (didn't bet)
Seat 5: e25d1963 won ($0.75)
Seat 6: d14ea9fb (button) folded before Flop (didn't bet)


Poker Hand #HD1750265000: Hold'em No Limit ($0.02/$0.05) - 2024/04/28 18:09:57
Table 'NLHBlue30' 6-max Seat #5 is the button
Seat 1: ef4019a9 ($4.7 in chips)
Seat 2: 81d0d574 ($2.97 in chips)
Seat 3: Hero ($10.83 in chips)
Seat 4: 439e2382 ($5.25 in chips)
Seat 5: e25d1963 ($7.7 in chips)
Seat 6: d14ea9fb ($8.95 in chips)
d14ea9fb: posts small blind $0.02
ef4019a9: posts big blind $0.05
*** HOLE CARDS ***
Dealt to ef4019a9 
Dealt to 81d0d574 
Dealt to Hero [Ac Kh]
Dealt to 439e2382 
Dealt to e25d1963 
Dealt to d14ea9fb 
81d0d574: folds
Hero: raises $0.05 to $0.1
439e2382: calls $0.1
e25d1963: folds
d14ea9fb: folds
ef4019a9: calls $0.05
*** FLOP *** [8h Qc As]
ef4019a9: checks
Hero: bets $0.11
439e2382: folds
ef4019a9: calls $0.11
*** TURN *** [8h Qc As] [7s]
ef4019a9: checks
Hero: bets $0.36
ef4019a9: calls $0.36
*** RIVER *** [8h Qc As 7s] [Td]
ef4019a9: checks
Hero: checks
ef4019a9: shows [Qd 7h] (Pair of Queens and Pair of Sevens)
Hero: shows [Ac Kh] (Pair of Aces)
*** SHOWDOWN ***
ef4019a9 collected $1.2 from pot
*** SUMMARY ***
Total pot $1.26 | Rake $0.06 | Jackpot $0 | Bingo $0 | Fortune $0 | Tax $0
Board [8h Qc As 7s Td]
Seat 1: ef4019a9 (big blind) showed [Qd 7h] and won ($1.2) with Pair of Queens and Pair of Sevens
Seat 2: 81d0d574 folded before Flop (didn't bet)
Seat 3: Hero showed [Ac Kh] and lost with Pair of Aces
Seat 4: 439e2382 folded on the Flop
Seat 5: e25d1963 (button) folded before Flop (didn't bet)
Seat 6: d14ea9fb (small blind) folded before Flop


Poker Hand #HD1750264941: Hold'em No Limit ($0.02/$0.05) - 2024/04/28 18:09:27
Table 'NLHBlue30' 6-max Seat #4 is the button
Seat 1: ef4019a9 ($4.7 in chips)
Seat 2: 81d0d574 ($3.17 in chips)
Seat 3: Hero ($10.83 in chips)
Seat 4: 439e2382 ($5 in chips)
Seat 5: e25d1963 ($7.72 in chips)
Seat 6: d14ea9fb ($9 in chips)
e25d1963: posts small blind $0.02
d14ea9fb: posts big blind $0.05
*** HOLE CARDS ***
Dealt to ef4019a9 
Dealt to 81d0d574 
Dealt to Hero [As 8c]
Dealt to 439e2382 
Dealt to e25d1963 
Dealt to d14ea9fb 
ef4019a9: folds
81d0d574: calls $0.05
Hero: folds
439e2382: raises $0.15 to $0.2
e25d1963: folds
d14ea9fb: folds
81d0d574: calls $0.15
*** FLOP *** [Kc 4h 4s]
81d0d574: checks
439e2382: bets $0.36
81d0d574: folds
Uncalled bet ($0.36) returned to 439e2382
*** SHOWDOWN ***
439e2382 collected $0.45 from pot
*** SUMMARY ***
Total pot $0.47 | Rake $0.02 | Jackpot $0 | Bingo $0 | Fortune $0 | Tax $0
Board [Kc 4h 4s]
Seat 1: ef4019a9 folded before Flop (didn't bet)
Seat 2: 81d0d574 folded on the Flop
Seat 3: Hero folded before Flop (didn't bet)
Seat 4: 439e2382 (button) won ($0.45)
Seat 5: e25d1963 (small blind) folded before Flop
Seat 6: d14ea9fb (big blind) folded before Flop


Poker Hand #HD1750264783: Hold'em No Limit ($0.02/$0.05) - 2024/04/28 18:08:04
Table 'NLHBlue30' 6-max Seat #3 is the button
Seat 1: ef4019a9 ($4.95 in chips)
Seat 2: 81d0d574 ($3.72 in chips)
Seat 3: Hero ($10.83 in chips)
Seat 4: 439e2382 ($5.02 in chips)
Seat 5: e25d1963 ($6.96 in chips)
Seat 6: d14ea9fb ($9 in chips)
439e2382: posts small blind $0.02
e25d1963: posts big blind $0.05
*** HOLE CARDS ***
Dealt to ef4019a9 
Dealt to 81d0d574 
Dealt to Hero [Qd 2d]
Dealt to 439e2382 
Dealt to e25d1963 
Dealt to d14ea9fb 
d14ea9fb: folds
ef4019a9: calls $0.05
81d0d574: calls $0.05
Hero: folds
439e2382: folds
e25d1963: raises $0.2 to $0.25
ef4019a9: calls $0.2
81d0d574: calls $0.2
*** FLOP *** [As 3c 6c]
e25d1963: bets $0.3
ef4019a9: folds
81d0d574: calls $0.3
*** TURN *** [As 3c 6c] [4d]
e25d1963: checks
81d0d574: checks
*** RIVER *** [As 3c 6c 4d] [Qh]
e25d1963: checks
81d0d574: checks
e25d1963: shows [Kd Kh] (Pair of Kings)
81d0d574: shows [6d 5d] (Pair of Sixes)
*** SHOWDOWN ***
e25d1963 collected $1.31 from pot
*** SUMMARY ***
Total pot $1.37 | Rake $0.06 | Jackpot $0 | Bingo $0 | Fortune $0 | Tax $0
Board [As 3c 6c 4d Qh]
Seat 1: ef4019a9 folded on the Flop
Seat 2: 81d0d574 showed [6d 5d] and lost with Pair of Sixes
Seat 3: Hero (button) folded before Flop (didn't bet)
Seat 4: 439e2382 (small blind) folded before Flop
Seat 5: e25d1963 (big blind) showed [Kd Kh] and won ($1.31) with Pair of Kings
Seat 6: d14ea9fb folded before Flop (didn't bet)


Poker Hand #HD1750264747: Hold'em No Limit ($0.02/$0.05) - 2024/04/28 18:07:49
Table 'NLHBlue30' 6-max Seat #2 is the button
Seat 1: ef4019a9 ($4.88 in chips)
Seat 2: 81d0d574 ($3.72 in chips)
Seat 3: Hero ($10.85 in chips)
Seat 4: 439e2382 ($5.07 in chips)
Seat 5: e25d1963 ($6.96 in chips)
Seat 6: d14ea9fb ($9 in chips)
Hero: posts small blind $0.02
439e2382: posts big blind $0.05
*** HOLE CARDS ***
Dealt to ef4019a9 
Dealt to 81d0d574 
Dealt to Hero [3s 6c]
Dealt to 439e2382 
Dealt to e25d1963 
Dealt to d14ea9fb 
e25d1963: folds
d14ea9fb: folds
ef4019a9: raises $0.05 to $0.1
81d0d574: folds
Hero: folds
439e2382: folds
Uncalled bet ($0.05) returned to ef4019a9
*** SHOWDOWN ***
ef4019a9 collected $0.12 from pot
*** SUMMARY ***
Total pot $0.12 | Rake $0 | Jackpot $0 | Bingo $0 | Fortune $0 | Tax $0
Seat 1: ef4019a9 collected ($0.12)
Seat 2: 81d0d574 (button) folded before Flop (didn't bet)
Seat 3: Hero (small blind) folded before Flop
Seat 4: 439e2382 (big blind) folded before Flop
Seat 5: e25d1963 folded before Flop (didn't bet)
Seat 6: d14ea9fb folded before Flop (didn't bet)


Poker Hand #HD1750264707: Hold'em No Limit ($0.02/$0.05) - 2024/04/28 18:07:35
Table 'NLHBlue30' 6-max Seat #1 is the button
Seat 1: ef4019a9 ($4.88 in chips)
Seat 2: 81d0d574 ($3.74 in chips)
Seat 3: Hero ($10.9 in chips)
Seat 4: 439e2382 ($5 in chips)
Seat 5: e25d1963 ($6.96 in chips)
Seat 6: d14ea9fb ($9 in chips)
81d0d574: posts small blind $0.02
Hero: posts big blind $0.05
*** HOLE CARDS ***
Dealt to ef4019a9 
Dealt to 81d0d574 
Dealt to Hero [3h Js]
Dealt to 439e2382 
Dealt to e25d1963 
Dealt to d14ea9fb 
439e2382: raises $0.1 to $0.15
e25d1963: folds
d14ea9fb: folds
ef4019a9: folds
81d0d574: folds
Hero: folds
Uncalled bet ($0.1) returned to 439e2382
*** SHOWDOWN ***
439e2382 collected $0.12 from pot
*** SUMMARY ***
Total pot $0.12 | Rake $0 | Jackpot $0 | Bingo $0 | Fortune $0 | Tax $0
Seat 1: ef4019a9 (button) folded before Flop (didn't bet)
Seat 2: 81d0d574 (small blind) folded before Flop
Seat 3: Hero (big blind) folded before Flop
Seat 4: 439e2382 collected ($0.12)
Seat 5: e25d1963 folded before Flop (didn't bet)
Seat 6: d14ea9fb folded before Flop (didn't bet)


Poker Hand #HD1750264565: Hold'em No Limit ($0.02/$0.05) - 2024/04/28 18:06:27
Table 'NLHBlue30' 6-max Seat #6 is the button
Seat 1: ef4019a9 ($4.9 in chips)
Seat 2: 81d0d574 ($4.67 in chips)
Seat 3: Hero ($10.9 in chips)
Seat 4: 439e2382 ($5 in chips)
Seat 5: e25d1963 ($6.96 in chips)
Seat 6: d14ea9fb ($8.04 in chips)
ef4019a9: posts small blind $0.02
81d0d574: posts big blind $0.05
*** HOLE CARDS ***
Dealt to ef4019a9 
Dealt to 81d0d574 
Dealt to Hero [3h 6d]
Dealt to 439e2382 
Dealt to e25d1963 
Dealt to d14ea9fb 
Hero: folds
439e2382: raises $0.1 to $0.15
e25d1963: folds
d14ea9fb: raises $0.35 to $0.5
ef4019a9: folds
81d0d574: calls $0.45
439e2382: folds
*** FLOP *** [Jc Jd Ad]
81d0d574: checks
d14ea9fb: checks
*** TURN *** [Jc Jd Ad] [Kh]
81d0d574: checks
d14ea9fb: checks
*** RIVER *** [Jc Jd Ad Kh] [Js]
81d0d574: bets $0.43
d14ea9fb: calls $0.43
81d0d574: shows [9s 9d] (Jacks Full over Nines)
d14ea9fb: shows [Qc Qh] (Jacks Full over Queens)
*** SHOWDOWN ***
d14ea9fb collected $1.89 from pot
*** SUMMARY ***
Total pot $2.03 | Rake $0.09 | Jackpot $0.05 | Bingo $0 | Fortune $0 | Tax $0
Board [Jc Jd Ad Kh Js]
Seat 1: ef4019a9 (small blind) folded before Flop
Seat 2: 81d0d574 (big blind) showed [9s 9d] and lost with Jacks Full over Nines
Seat 3: Hero folded before Flop (didn't bet)
Seat 4: 439e2382 folded before Flop
Seat 5: e25d1963 folded before Flop (didn't bet)
Seat 6: d14ea9fb (button) showed [Qc Qh] and won ($1.89) with Jacks Full over Queens


Poker Hand #HD1750264536: Hold'em No Limit ($0.02/$0.05) - 2024/04/28 18:06:10
Table 'NLHBlue30' 6-max Seat #5 is the button
Seat 1: ef4019a9 ($4.95 in chips)
Seat 2: 81d0d574 ($4.6 in chips)
Seat 3: Hero ($10.9 in chips)
Seat 4: 439e2382 ($5 in chips)
Seat 5: e25d1963 ($6.96 in chips)
Seat 6: d14ea9fb ($8.06 in chips)
d14ea9fb: posts small blind $0.02
ef4019a9: posts big blind $0.05
*** HOLE CARDS ***
Dealt to ef4019a9 
Dealt to 81d0d574 
Dealt to Hero [Ah 8c]
Dealt to 439e2382 
Dealt to e25d1963 
Dealt to d14ea9fb 
81d0d574: raises $0.1 to $0.15
Hero: folds
439e2382: folds
e25d1963: folds
d14ea9fb: folds
ef4019a9: folds
Uncalled bet ($0.1) returned to 81d0d574
*** SHOWDOWN ***
81d0d574 collected $0.12 from pot
*** SUMMARY ***
Total pot $0.12 | Rake $0 | Jackpot $0 | Bingo $0 | Fortune $0 | Tax $0
Seat 1: ef4019a9 (big blind) folded before Flop
Seat 2: 81d0d574 collected ($0.12)
Seat 3: Hero folded before Flop (didn't bet)
Seat 4: 439e2382 folded before Flop (didn't bet)
Seat 5: e25d1963 (button) folded before Flop (didn't bet)
Seat 6: d14ea9fb (small blind) folded before Flop


Poker Hand #HD1750264329: Hold'em No Limit ($0.02/$0.05) - 2024/04/28 18:04:31
Table 'NLHBlue30' 6-max Seat #4 is the button
Seat 1: ef4019a9 ($4.95 in chips)
Seat 2: 81d0d574 ($4.8 in chips)
Seat 3: Hero ($10.9 in chips)
Seat 4: 439e2382 ($5 in chips)
Seat 5: e25d1963 ($7.16 in chips)
Seat 6: d14ea9fb ($7.69 in chips)
e25d1963: posts small blind $0.02
d14ea9fb: posts big blind $0.05
*** HOLE CARDS ***
Dealt to ef4019a9 
Dealt to 81d0d574 
Dealt to Hero [4s 5h]
Dealt to 439e2382 
Dealt to e25d1963 
Dealt to d14ea9fb 
ef4019a9: folds
81d0d574: calls $0.05
Hero: folds
439e2382: folds
e25d1963: raises $0.15 to $0.2
d14ea9fb: calls $0.15
81d0d574: calls $0.15
*** FLOP *** [2d 3c 3d]
e25d1963: checks
d14ea9fb: checks
81d0d574: checks
*** TURN *** [2d 3c 3d] [8c]
e25d1963: checks
d14ea9fb: checks
81d0d574: checks
*** RIVER *** [2d 3c 3d 8c] [6s]
e25d1963: checks
d14ea9fb: checks
81d0d574: checks
e25d1963: shows [Ts 9s] (Pair of Treys)
d14ea9fb: shows [7h Kh] (Pair of Treys)
81d0d574: shows [Jh 9c] (Pair of Treys)
*** SHOWDOWN ***
d14ea9fb collected $0.57 from pot
*** SUMMARY ***
Total pot $0.6 | Rake $0.03 | Jackpot $0 | Bingo $0 | Fortune $0 | Tax $0
Board [2d 3c 3d 8c 6s]
Seat 1: ef4019a9 folded before Flop (didn't bet)
Seat 2: 81d0d574 showed [Jh 9c] and lost with Pair of Treys
Seat 3: Hero folded before Flop (didn't bet)
Seat 4: 439e2382 (button) folded before Flop (didn't bet)
Seat 5: e25d1963 (small blind) showed [Ts 9s] and lost with Pair of Treys
Seat 6: d14ea9fb (big blind) showed [7h Kh] and won ($0.57) with Pair of Treys


Poker Hand #HD1750264247: Hold'em No Limit ($0.02/$0.05) - 2024/04/28 18:04:00
Table 'NLHBlue30' 6-max Seat #3 is the button
Seat 1: ef4019a9 ($5 in chips)
Seat 2: 81d0d574 ($4.8 in chips)
Seat 3: Hero ($10.9 in chips)
Seat 4: 439e2382 ($5 in chips)
Seat 5: e25d1963 ($7.09 in chips)
Seat 6: d14ea9fb ($7.69 in chips)
439e2382: posts small blind $0.02
e25d1963: posts big blind $0.05
*** HOLE CARDS ***
Dealt to ef4019a9 
Dealt to 81d0d574 
Dealt to Hero [7s 6c]
Dealt to 439e2382 
Dealt to e25d1963 
Dealt to d14ea9fb 
d14ea9fb: folds
ef4019a9: calls $0.05
81d0d574: folds
Hero: folds
439e2382: folds
e25d1963: checks
*** FLOP *** [Ks Jd 4d]
e25d1963: checks
ef4019a9: checks
*** TURN *** [Ks Jd 4d] [9c]
e25d1963: bets $0.05
ef4019a9: folds
Uncalled bet ($0.05) returned to e25d1963
*** SHOWDOWN ***
e25d1963 collected $0.12 from pot
*** SUMMARY ***
Total pot $0.12 | Rake $0 | Jackpot $0 | Bingo $0 | Fortune $0 | Tax $0
Board [Ks Jd 4d 9c]
Seat 1: ef4019a9 folded on the Turn
Seat 2: 81d0d574 folded before Flop (didn't bet)
Seat 3: Hero (button) folded before Flop (didn't bet)
Seat 4: 439e2382 (small blind) folded before Flop
Seat 5: e25d1963 (big blind) won ($0.12)
Seat 6: d14ea9fb folded before Flop (didn't bet)


Poker Hand #HD1750264156: Hold'em No Limit ($0.02/$0.05) - 2024/04/28 18:03:20
Table 'NLHBlue30' 6-max Seat #2 is the button
Seat 1: ef4019a9 ($4.15 in chips)
Seat 2: 81d0d574 ($4.73 in chips)
Seat 3: Hero ($10.92 in chips)
Seat 4: 439e2382 ($5 in chips)
Seat 5: e25d1963 ($7.09 in chips)
Seat 6: d14ea9fb ($7.69 in chips)
Hero: posts small blind $0.02
439e2382: posts big blind $0.05
*** HOLE CARDS ***
Dealt to ef4019a9 
Dealt to 81d0d574 
Dealt to Hero [6s 8s]
Dealt to 439e2382 
Dealt to e25d1963 
Dealt to d14ea9fb 
e25d1963: folds
d14ea9fb: folds
ef4019a9: folds
81d0d574: calls $0.05
Hero: folds
439e2382: checks
*** FLOP *** [3d Ks Kh]
439e2382: checks
81d0d574: checks
*** TURN *** [3d Ks Kh] [2s]
439e2382: checks
81d0d574: checks
*** RIVER *** [3d Ks Kh 2s] [9s]
439e2382: checks
81d0d574: checks
439e2382: shows [8d 2d] (Pair of Kings and Pair of Twos)
81d0d574: shows [9h Js] (Pair of Kings and Pair of Nines)
*** SHOWDOWN ***
81d0d574 collected $0.12 from pot
*** SUMMARY ***
Total pot $0.12 | Rake $0 | Jackpot $0 | Bingo $0 | Fortune $0 | Tax $0
Board [3d Ks Kh 2s 9s]
Seat 1: ef4019a9 folded before Flop (didn't bet)
Seat 2: 81d0d574 (button) showed [9h Js] and won ($0.12) with Pair of Kings and Pair of Nines
Seat 3: Hero (small blind) folded before Flop
Seat 4: 439e2382 (big blind) showed [8d 2d] and lost with Pair of Kings and Pair of Twos
Seat 5: e25d1963 folded before Flop (didn't bet)
Seat 6: d14ea9fb folded before Flop (didn't bet)


Poker Hand #HD1750264129: Hold'em No Limit ($0.02/$0.05) - 2024/04/28 18:03:02
Table 'NLHBlue30' 6-max Seat #1 is the button
Seat 1: ef4019a9 ($4.08 in chips)
Seat 2: 81d0d574 ($4.75 in chips)
Seat 3: Hero ($10.97 in chips)
Seat 4: 439e2382 ($5 in chips)
Seat 5: e25d1963 ($7.09 in chips)
Seat 6: d14ea9fb ($7.69 in chips)
81d0d574: posts small blind $0.02
Hero: posts big blind $0.05
*** HOLE CARDS ***
Dealt to ef4019a9 
Dealt to 81d0d574 
Dealt to Hero [3s Kd]
Dealt to 439e2382 
Dealt to e25d1963 
Dealt to d14ea9fb 
439e2382: folds
e25d1963: folds
d14ea9fb: folds
ef4019a9: raises $0.1 to $0.15
81d0d574: folds
Hero: folds
Uncalled bet ($0.1) returned to ef4019a9
*** SHOWDOWN ***
ef4019a9 collected $0.12 from pot
*** SUMMARY ***
Total pot $0.12 | Rake $0 | Jackpot $0 | Bingo $0 | Fortune $0 | Tax $0
Seat 1: ef4019a9 (button) collected ($0.12)
Seat 2: 81d0d574 (small blind) folded before Flop
Seat 3: Hero (big blind) folded before Flop
Seat 4: 439e2382 folded before Flop (didn't bet)
Seat 5: e25d1963 folded before Flop (didn't bet)
Seat 6: d14ea9fb folded before Flop (didn't bet)


Poker Hand #HD1750263992: Hold'em No Limit ($0.02/$0.05) - 2024/04/28 18:01:52
Table 'NLHBlue30' 6-max Seat #6 is the button
Seat 1: ef4019a9 ($5.28 in chips)
Seat 2: 81d0d574 ($5.15 in chips)
Seat 3: Hero ($11.37 in chips)
Seat 4: 439e2382 ($5 in chips)
Seat 5: e25d1963 ($5.29 in chips)
Seat 6: d14ea9fb ($7.69 in chips)
ef4019a9: posts small blind $0.02
81d0d574: posts big blind $0.05
*** HOLE CARDS ***
Dealt to ef4019a9 
Dealt to 81d0d574 
Dealt to Hero [6c 6s]
Dealt to 439e2382 
Dealt to e25d1963 
Dealt to d14ea9fb 
Hero: raises $0.05 to $0.1
439e2382: folds
e25d1963: raises $0.3 to $0.4
d14ea9fb: folds
ef4019a9: calls $0.38
81d0d574: calls $0.35
Hero: calls $0.3
*** FLOP *** [3h 9s 4c]
ef4019a9: checks
81d0d574: checks
Hero: checks
e25d1963: bets $0.8
ef4019a9: calls $0.8
81d0d574: folds
Hero: folds
*** TURN *** [3h 9s 4c] [Qd]
ef4019a9: checks
e25d1963: checks
*** RIVER *** [3h 9s 4c Qd] [Kd]
ef4019a9: checks
e25d1963: checks
ef4019a9: shows [7c 3c] (Pair of Treys)
e25d1963: shows [8c 9c] (Pair of Nines)
*** SHOWDOWN ***
e25d1963 collected $3 from pot
*** SUMMARY ***
Total pot $3.2 | Rake $0.15 | Jackpot $0.05 | Bingo $0 | Fortune $0 | Tax $0
Board [3h 9s 4c Qd Kd]
Seat 1: ef4019a9 (small blind) showed [7c 3c] and lost with Pair of Treys
Seat 2: 81d0d574 (big blind) folded on the Flop
Seat 3: Hero folded on the Flop
Seat 4: 439e2382 folded before Flop (didn't bet)
Seat 5: e25d1963 showed [8c 9c] and won ($3) with Pair of Nines
Seat 6: d14ea9fb (button) folded before Flop (didn't bet)


Poker Hand #HD1750263856: Hold'em No Limit ($0.02/$0.05) - 2024/04/28 18:00:49
Table 'NLHBlue30' 6-max Seat #5 is the button
Seat 1: ef4019a9 ($5.07 in chips)
Seat 2: 81d0d574 ($5.25 in chips)
Seat 3: Hero ($11.47 in chips)
Seat 4: 439e2382 ($5 in chips)
Seat 5: e25d1963 ($5.29 in chips)
Seat 6: d14ea9fb ($7.71 in chips)
d14ea9fb: posts small blind $0.02
ef4019a9: posts big blind $0.05
*** HOLE CARDS ***
Dealt to ef4019a9 
Dealt to 81d0d574 
Dealt to Hero [Ac 4c]
Dealt to 439e2382 
Dealt to e25d1963 
Dealt to d14ea9fb 
81d0d574: calls $0.05
Hero: raises $0.05 to $0.1
439e2382: folds
e25d1963: folds
d14ea9fb: folds
ef4019a9: calls $0.05
81d0d574: calls $0.05
*** FLOP *** [2s 5d Jd]
ef4019a9: checks
81d0d574: checks
Hero: checks
*** TURN *** [2s 5d Jd] [9h]
ef4019a9: checks
81d0d574: checks
Hero: checks
*** RIVER *** [2s 5d Jd 9h] [4d]
ef4019a9: checks
81d0d574: checks
Hero: checks
ef4019a9: shows [5c 3c] (Pair of Fives)
81d0d574: shows [8d 7h] (Jack-High)
Hero: shows [Ac 4c] (Pair of Fours)
*** SHOWDOWN ***
ef4019a9 collected $0.31 from pot
*** SUMMARY ***
Total pot $0.32 | Rake $0.01 | Jackpot $0 | Bingo $0 | Fortune $0 | Tax $0
Board [2s 5d Jd 9h 4d]
Seat 1: ef4019a9 (big blind) showed [5c 3c] and won ($0.31) with Pair of Fives
Seat 2: 81d0d574 showed [8d 7h] and lost with Jack-High
Seat 3: Hero showed [Ac 4c] and lost with Pair of Fours
Seat 4: 439e2382 folded before Flop (didn't bet)
Seat 5: e25d1963 (button) folded before Flop (didn't bet)
Seat 6: d14ea9fb (small blind) folded before Flop


Poker Hand #HD1750263825: Hold'em No Limit ($0.02/$0.05) - 2024/04/28 18:00:31
Table 'NLHBlue30' 6-max Seat #4 is the button
Seat 1: ef4019a9 ($5 in chips)
Seat 2: 81d0d574 ($5.25 in chips)
Seat 3: Hero ($11.47 in chips)
Seat 4: 439e2382 ($5 in chips)
Seat 5: e25d1963 ($5.31 in chips)
Seat 6: d14ea9fb ($7.76 in chips)
e25d1963: posts small blind $0.02
d14ea9fb: posts big blind $0.05
*** HOLE CARDS ***
Dealt to ef4019a9 
Dealt to 81d0d574 
Dealt to Hero [6d Qc]
Dealt to 439e2382 
Dealt to e25d1963 
Dealt to d14ea9fb 
ef4019a9: raises $0.1 to $0.15
81d0d574: folds
Hero: folds
439e2382: folds
e25d1963: folds
d14ea9fb: folds
Uncalled bet ($0.1) returned to ef4019a9
*** SHOWDOWN ***
ef4019a9 collected $0.12 from pot
*** SUMMARY ***
Total pot $0.12 | Rake $0 | Jackpot $0 | Bingo $0 | Fortune $0 | Tax $0
Seat 1: ef4019a9 collected ($0.12)
Seat 2: 81d0d574 folded before Flop (didn't bet)
Seat 3: Hero folded before Flop (didn't bet)
Seat 4: 439e2382 (button) folded before Flop (didn't bet)
Seat 5: e25d1963 (small blind) folded before Flop
Seat 6: d14ea9fb (big blind) folded before Flop


Poker Hand #HD1750263665: Hold'em No Limit ($0.02/$0.05) - 2024/04/28 17:59:21
Table 'NLHBlue30' 6-max Seat #3 is the button
Seat 2: 81d0d574 ($5.12 in chips)
Seat 3: Hero ($11.47 in chips)
Seat 4: 439e2382 ($5 in chips)
Seat 5: e25d1963 ($5.43 in chips)
Seat 6: d14ea9fb ($7.76 in chips)
439e2382: posts small blind $0.02
e25d1963: posts big blind $0.05
*** HOLE CARDS ***
Dealt to 81d0d574 
Dealt to Hero [6s 8d]
Dealt to 439e2382 
Dealt to e25d1963 
Dealt to d14ea9fb 
d14ea9fb: folds
81d0d574: calls $0.05
Hero: folds
439e2382: folds
e25d1963: checks
*** FLOP *** [3s 5d Td]
e25d1963: checks
81d0d574: checks
*** TURN *** [3s 5d Td] [5c]
e25d1963: checks
81d0d574: bets $0.07
e25d1963: calls $0.07
*** RIVER *** [3s 5d Td 5c] [6h]
e25d1963: checks
81d0d574: bets $0.21
e25d1963: folds
Uncalled bet ($0.21) returned to 81d0d574
*** SHOWDOWN ***
81d0d574 collected $0.25 from pot
*** SUMMARY ***
Total pot $0.26 | Rake $0.01 | Jackpot $0 | Bingo $0 | Fortune $0 | Tax $0
Board [3s 5d Td 5c 6h]
Seat 2: 81d0d574 won ($0.25)
Seat 3: Hero (button) folded before Flop (didn't bet)
Seat 4: 439e2382 (small blind) folded before Flop
Seat 5: e25d1963 (big blind) folded on the River
Seat 6: d14ea9fb folded before Flop (didn't bet)


Poker Hand #HD1750263377: Hold'em No Limit ($0.02/$0.05) - 2024/04/28 17:57:11
Table 'NLHBlue30' 6-max Seat #2 is the button
Seat 1: ef4019a9 ($5.16 in chips)
Seat 2: 81d0d574 ($5.32 in chips)
Seat 3: Hero ($6.46 in chips)
Seat 4: 439e2382 ($5 in chips)
Seat 5: e25d1963 ($5.43 in chips)
Seat 6: d14ea9fb ($7.76 in chips)
Hero: posts small blind $0.02
439e2382: posts big blind $0.05
*** HOLE CARDS ***
Dealt to ef4019a9 
Dealt to 81d0d574 
Dealt to Hero [7d 7c]
Dealt to 439e2382 
Dealt to e25d1963 
Dealt to d14ea9fb 
e25d1963: folds
d14ea9fb: folds
ef4019a9: calls $0.05
81d0d574: calls $0.05
Hero: calls $0.03
439e2382: raises $0.15 to $0.2
ef4019a9: calls $0.15
81d0d574: calls $0.15
Hero: calls $0.15
*** FLOP *** [7h 6d Jd]
Hero: checks
439e2382: checks
ef4019a9: checks
81d0d574: checks
*** TURN *** [7h 6d Jd] [As]
Hero: bets $0.53
439e2382: folds
ef4019a9: calls $0.53
81d0d574: folds
*** RIVER *** [7h 6d Jd As] [Th]
Hero: bets $1.42
ef4019a9: raises $3.01 to $4.43 and is all-in
Hero: calls $3.01
ef4019a9: shows [6s 6c] (Three Sixes)
Hero: shows [7d 7c] (Three Sevens)
*** SHOWDOWN ***
Hero collected $10.17 from pot
*** SUMMARY ***
Total pot $10.72 | Rake $0.5 | Jackpot $0.05 | Bingo $0 | Fortune $0 | Tax $0
Board [7h 6d Jd As Th]
Seat 1: ef4019a9 showed [6s 6c] and lost with Three Sixes
Seat 2: 81d0d574 (button) folded on the Turn
Seat 3: Hero (small blind) showed [7d 7c] and won ($10.17) with Three Sevens
Seat 4: 439e2382 (big blind) folded on the Turn
Seat 5: e25d1963 folded before Flop (didn't bet)
Seat 6: d14ea9fb folded before Flop (didn't bet)


Poker Hand #HD1750263308: Hold'em No Limit ($0.02/$0.05) - 2024/04/28 17:56:38
Table 'NLHBlue30' 6-max Seat #1 is the button
Seat 1: ef4019a9 ($5.29 in chips)
Seat 2: 81d0d574 ($5.03 in chips)
Seat 3: Hero ($6.51 in chips)
Seat 4: 439e2382 ($5 in chips)
Seat 5: e25d1963 ($5.56 in chips)
Seat 6: d14ea9fb ($7.76 in chips)
81d0d574: posts small blind $0.02
Hero: posts big blind $0.05
*** HOLE CARDS ***
Dealt to ef4019a9 
Dealt to 81d0d574 
Dealt to Hero [5h Qd]
Dealt to 439e2382 
Dealt to e25d1963 
Dealt to d14ea9fb 
439e2382: folds
e25d1963: raises $0.08 to $0.13
d14ea9fb: folds
ef4019a9: calls $0.13
81d0d574: raises $0.34 to $0.47
Hero: folds
e25d1963: folds
ef4019a9: folds
Uncalled bet ($0.34) returned to 81d0d574
*** SHOWDOWN ***
81d0d574 collected $0.42 from pot
*** SUMMARY ***
Total pot $0.44 | Rake $0.02 | Jackpot $0 | Bingo $0 | Fortune $0 | Tax $0
Seat 1: ef4019a9 (button) folded before Flop
Seat 2: 81d0d574 (small blind) collected ($0.42)
Seat 3: Hero (big blind) folded before Flop
Seat 4: 439e2382 folded before Flop (didn't bet)
Seat 5: e25d1963 folded before Flop
Seat 6: d14ea9fb folded before Flop (didn't bet)


Poker Hand #HD1750263100: Hold'em No Limit ($0.02/$0.05) - 2024/04/28 17:55:09
Table 'NLHBlue30' 6-max Seat #6 is the button
Seat 1: ef4019a9 ($5.42 in chips)
Seat 2: 81d0d574 ($5.08 in chips)
Seat 3: Hero ($6.51 in chips)
Seat 4: 439e2382 ($5 in chips)
Seat 5: e25d1963 ($8.07 in chips)
Seat 6: d14ea9fb ($5.37 in chips)
ef4019a9: posts small blind $0.02
81d0d574: posts big blind $0.05
*** HOLE CARDS ***
Dealt to ef4019a9 
Dealt to 81d0d574 
Dealt to Hero [5c 6h]
Dealt to 439e2382 
Dealt to e25d1963 
Dealt to d14ea9fb 
Hero: folds
439e2382: folds
e25d1963: raises $0.08 to $0.13
d14ea9fb: calls $0.13
ef4019a9: calls $0.11
81d0d574: folds
*** FLOP *** [Kh Jh 5d]
ef4019a9: checks
e25d1963: bets $0.33
d14ea9fb: calls $0.33
ef4019a9: folds
*** TURN *** [Kh Jh 5d] [6s]
e25d1963: bets $0.75
d14ea9fb: calls $0.75
*** RIVER *** [Kh Jh 5d 6s] [9c]
e25d1963: checks
d14ea9fb: bets $1.3
e25d1963: calls $1.3
d14ea9fb: shows [Qc Th] (Kings-High Straight)
e25d1963: shows [Ac Ks] (Pair of Kings)
*** SHOWDOWN ***
d14ea9fb collected $4.9 from pot
*** SUMMARY ***
Total pot $5.2 | Rake $0.25 | Jackpot $0.05 | Bingo $0 | Fortune $0 | Tax $0
Board [Kh Jh 5d 6s 9c]
Seat 1: ef4019a9 (small blind) folded on the Flop
Seat 2: 81d0d574 (big blind) folded before Flop
Seat 3: Hero folded before Flop (didn't bet)
Seat 4: 439e2382 folded before Flop (didn't bet)
Seat 5: e25d1963 showed [Ac Ks] and lost with Pair of Kings
Seat 6: d14ea9fb (button) showed [Qc Th] and won ($4.9) with Kings-High Straight


Poker Hand #HD1750263020: Hold'em No Limit ($0.02/$0.05) - 2024/04/28 17:54:25
Table 'NLHBlue30' 6-max Seat #5 is the button
Seat 1: ef4019a9 ($7.45 in chips)
Seat 2: 81d0d574 ($3.28 in chips)
Seat 3: Hero ($6.51 in chips)
Seat 4: 439e2382 ($5 in chips)
Seat 5: e25d1963 ($8.07 in chips)
Seat 6: d14ea9fb ($5.39 in chips)
d14ea9fb: posts small blind $0.02
ef4019a9: posts big blind $0.05
*** HOLE CARDS ***
Dealt to ef4019a9 
Dealt to 81d0d574 
Dealt to Hero [7s 6s]
Dealt to 439e2382 
Dealt to e25d1963 
Dealt to d14ea9fb 
81d0d574: calls $0.05
Hero: folds
439e2382: folds
e25d1963: folds
d14ea9fb: folds
ef4019a9: raises $0.1 to $0.15
81d0d574: calls $0.1
*** FLOP *** [As Jc 7h]
ef4019a9: bets $0.16
81d0d574: calls $0.16
*** TURN *** [As Jc 7h] [Kh]
ef4019a9: bets $0.48
81d0d574: calls $0.48
*** RIVER *** [As Jc 7h Kh] [9h]
ef4019a9: checks
81d0d574: bets $1.24
ef4019a9: calls $1.24
81d0d574: shows [Jh 4h] (King High Flush)
ef4019a9: shows [8c Ac] (Pair of Aces)
*** SHOWDOWN ***
81d0d574 collected $3.83 from pot
*** SUMMARY ***
Total pot $4.08 | Rake $0.2 | Jackpot $0.05 | Bingo $0 | Fortune $0 | Tax $0
Board [As Jc 7h Kh 9h]
Seat 1: ef4019a9 (big blind) showed [8c Ac] and lost with Pair of Aces
Seat 2: 81d0d574 showed [Jh 4h] and won ($3.83) with King High Flush
Seat 3: Hero folded before Flop (didn't bet)
Seat 4: 439e2382 folded before Flop (didn't bet)
Seat 5: e25d1963 (button) folded before Flop (didn't bet)
Seat 6: d14ea9fb (small blind) folded before Flop


Poker Hand #HD1750262995: Hold'em No Limit ($0.02/$0.05) - 2024/04/28 17:54:14
Table 'NLHBlue30' 6-max Seat #4 is the button
Seat 1: ef4019a9 ($7.38 in chips)
Seat 2: 81d0d574 ($3.28 in chips)
Seat 3: Hero ($6.51 in chips)
Seat 4: 439e2382 ($5 in chips)
Seat 5: e25d1963 ($8.09 in chips)
Seat 6: d14ea9fb ($5.44 in chips)
e25d1963: posts small blind $0.02
d14ea9fb: posts big blind $0.05
*** HOLE CARDS ***
Dealt to ef4019a9 
Dealt to 81d0d574 
Dealt to Hero [Th 7s]
Dealt to 439e2382 
Dealt to e25d1963 
Dealt to d14ea9fb 
ef4019a9: raises $0.05 to $0.1
81d0d574: folds
Hero: folds
439e2382: folds
e25d1963: folds
d14ea9fb: folds
Uncalled bet ($0.05) returned to ef4019a9
*** SHOWDOWN ***
ef4019a9 collected $0.12 from pot
*** SUMMARY ***
Total pot $0.12 | Rake $0 | Jackpot $0 | Bingo $0 | Fortune $0 | Tax $0
Seat 1: ef4019a9 collected ($0.12)
Seat 2: 81d0d574 folded before Flop (didn't bet)
Seat 3: Hero folded before Flop (didn't bet)
Seat 4: 439e2382 (button) folded before Flop (didn't bet)
Seat 5: e25d1963 (small blind) folded before Flop
Seat 6: d14ea9fb (big blind) folded before Flop


Poker Hand #HD1750262944: Hold'em No Limit ($0.02/$0.05) - 2024/04/28 17:53:53
Table 'NLHBlue30' 6-max Seat #3 is the button
Seat 1: ef4019a9 ($7.38 in chips)
Seat 2: 81d0d574 ($3.21 in chips)
Seat 3: Hero ($6.51 in chips)
Seat 4: 439e2382 ($5 in chips)
Seat 5: e25d1963 ($8.14 in chips)
Seat 6: d14ea9fb ($5.44 in chips)
439e2382: posts small blind $0.02
e25d1963: posts big blind $0.05
*** HOLE CARDS ***
Dealt to ef4019a9 
Dealt to 81d0d574 
Dealt to Hero [2h 6d]
Dealt to 439e2382 
Dealt to e25d1963 
Dealt to d14ea9fb 
d14ea9fb: folds
ef4019a9: folds
81d0d574: raises $0.25 to $0.3
Hero: folds
439e2382: folds
e25d1963: folds
Uncalled bet ($0.25) returned to 81d0d574
*** SHOWDOWN ***
81d0d574 collected $0.12 from pot
*** SUMMARY ***
Total pot $0.12 | Rake $0 | Jackpot $0 | Bingo $0 | Fortune $0 | Tax $0
Seat 1: ef4019a9 folded before Flop (didn't bet)
Seat 2: 81d0d574 collected ($0.12)
Seat 3: Hero (button) folded before Flop (didn't bet)
Seat 4: 439e2382 (small blind) folded before Flop
Seat 5: e25d1963 (big blind) folded before Flop
Seat 6: d14ea9fb folded before Flop (didn't bet)


Poker Hand #HD1750262909: Hold'em No Limit ($0.02/$0.05) - 2024/04/28 17:53:32
Table 'NLHBlue30' 6-max Seat #2 is the button
Seat 1: ef4019a9 ($7.31 in chips)
Seat 2: 81d0d574 ($3.21 in chips)
Seat 3: Hero ($6.53 in chips)
Seat 4: 439e2382 ($5 in chips)
Seat 5: e25d1963 ($8.14 in chips)
Seat 6: d14ea9fb ($5.44 in chips)
Hero: posts small blind $0.02
439e2382: posts big blind $0.05
*** HOLE CARDS ***
Dealt to ef4019a9 
Dealt to 81d0d574 
Dealt to Hero [9c Qc]
Dealt to 439e2382 
Dealt to e25d1963 
Dealt to d14ea9fb 
e25d1963: folds
d14ea9fb: folds
ef4019a9: raises $0.05 to $0.1
81d0d574: folds
Hero: folds
439e2382: folds
Uncalled bet ($0.05) returned to ef4019a9
*** SHOWDOWN ***
ef4019a9 collected $0.12 from pot
*** SUMMARY ***
Total pot $0.12 | Rake $0 | Jackpot $0 | Bingo $0 | Fortune $0 | Tax $0
Seat 1: ef4019a9 collected ($0.12)
Seat 2: 81d0d574 (button) folded before Flop (didn't bet)
Seat 3: Hero (small blind) folded before Flop
Seat 4: 439e2382 (big blind) folded before Flop
Seat 5: e25d1963 folded before Flop (didn't bet)
Seat 6: d14ea9fb folded before Flop (didn't bet)


Poker Hand #HD1750262803: Hold'em No Limit ($0.02/$0.05) - 2024/04/28 17:52:41
Table 'NLHBlue30' 6-max Seat #1 is the button
Seat 1: ef4019a9 ($7.76 in chips)
Seat 2: 81d0d574 ($3.26 in chips)
Seat 3: Hero ($6.07 in chips)
Seat 4: 439e2382 ($5 in chips)
Seat 5: e25d1963 ($8.14 in chips)
Seat 6: d14ea9fb ($5.44 in chips)
81d0d574: posts small blind $0.02
Hero: posts big blind $0.05
*** HOLE CARDS ***
Dealt to ef4019a9 
Dealt to 81d0d574 
Dealt to Hero [Jd Jh]
Dealt to 439e2382 
Dealt to e25d1963 
Dealt to d14ea9fb 
439e2382: folds
e25d1963: folds
d14ea9fb: folds
ef4019a9: calls $0.05
81d0d574: calls $0.03
Hero: raises $0.15 to $0.2
ef4019a9: calls $0.15
81d0d574: folds
*** FLOP *** [Th Ts 4s]
Hero: bets $0.25
ef4019a9: calls $0.25
*** TURN *** [Th Ts 4s] [7d]
Hero: checks
ef4019a9: checks
*** RIVER *** [Th Ts 4s 7d] [7c]
Hero: checks
ef4019a9: checks
Hero: shows [Jd Jh] (Pair of Jacks and Pair of Tens)
ef4019a9: shows [6s 6h] (Pair of Tens and Pair of Sevens)
*** SHOWDOWN ***
Hero collected $0.91 from pot
*** SUMMARY ***
Total pot $0.95 | Rake $0.04 | Jackpot $0 | Bingo $0 | Fortune $0 | Tax $0
Board [Th Ts 4s 7d 7c]
Seat 1: ef4019a9 (button) showed [6s 6h] and lost with Pair of Tens and Pair of Sevens
Seat 2: 81d0d574 (small blind) folded before Flop
Seat 3: Hero (big blind) showed [Jd Jh] and won ($0.91) with Pair of Jacks and Pair of Tens
Seat 4: 439e2382 folded before Flop (didn't bet)
Seat 5: e25d1963 folded before Flop (didn't bet)
Seat 6: d14ea9fb folded before Flop (didn't bet)


Poker Hand #HD1750262715: Hold'em No Limit ($0.02/$0.05) - 2024/04/28 17:51:59
Table 'NLHBlue30' 6-max Seat #6 is the button
Seat 1: ef4019a9 ($7.78 in chips)
Seat 2: 81d0d574 ($3.12 in chips)
Seat 3: Hero ($6.07 in chips)
Seat 4: 439e2382 ($5 in chips)
Seat 5: e25d1963 ($8.14 in chips)
Seat 6: d14ea9fb ($5.57 in chips)
ef4019a9: posts small blind $0.02
81d0d574: posts big blind $0.05
*** HOLE CARDS ***
Dealt to ef4019a9 
Dealt to 81d0d574 
Dealt to Hero [4h 9d]
Dealt to 439e2382 
Dealt to e25d1963 
Dealt to d14ea9fb 
Hero: folds
439e2382: folds
e25d1963: folds
d14ea9fb: raises $0.08 to $0.13
ef4019a9: folds
81d0d574: calls $0.08
*** FLOP *** [7d 2h 9c]
81d0d574: checks
d14ea9fb: checks
*** TURN *** [7d 2h 9c] [Ac]
81d0d574: checks
d14ea9fb: checks
*** RIVER *** [7d 2h 9c Ac] [4s]
81d0d574: checks
d14ea9fb: checks
81d0d574: shows [Kd 8s] (Ace-High)
d14ea9fb: shows [Jd Qd] (Ace-High)
*** SHOWDOWN ***
81d0d574 collected $0.27 from pot
*** SUMMARY ***
Total pot $0.28 | Rake $0.01 | Jackpot $0 | Bingo $0 | Fortune $0 | Tax $0
Board [7d 2h 9c Ac 4s]
Seat 1: ef4019a9 (small blind) folded before Flop
Seat 2: 81d0d574 (big blind) showed [Kd 8s] and won ($0.27) with Ace-High
Seat 3: Hero folded before Flop (didn't bet)
Seat 4: 439e2382 folded before Flop (didn't bet)
Seat 5: e25d1963 folded before Flop (didn't bet)
Seat 6: d14ea9fb (button) showed [Jd Qd] and lost with Ace-High


Poker Hand #HD1750262634: Hold'em No Limit ($0.02/$0.05) - 2024/04/28 17:51:19
Table 'NLHBlue30' 6-max Seat #5 is the button
Seat 1: ef4019a9 ($8.06 in chips)
Seat 2: 81d0d574 ($2.75 in chips)
Seat 3: Hero ($6.17 in chips)
Seat 4: 439e2382 ($5 in chips)
Seat 5: e25d1963 ($8.14 in chips)
Seat 6: d14ea9fb ($5.59 in chips)
d14ea9fb: posts small blind $0.02
ef4019a9: posts big blind $0.05
*** HOLE CARDS ***
Dealt to ef4019a9 
Dealt to 81d0d574 
Dealt to Hero [Js Qc]
Dealt to 439e2382 
Dealt to e25d1963 
Dealt to d14ea9fb 
81d0d574: calls $0.05
Hero: raises $0.05 to $0.1
439e2382: folds
e25d1963: folds
d14ea9fb: folds
ef4019a9: calls $0.05
81d0d574: calls $0.05
*** FLOP *** [9d Ah 8d]
ef4019a9: checks
81d0d574: checks
Hero: checks
*** TURN *** [9d Ah 8d] [2s]
ef4019a9: checks
81d0d574: bets $0.18
Hero: folds
ef4019a9: calls $0.18
*** RIVER *** [9d Ah 8d 2s] [Ac]
ef4019a9: checks
81d0d574: bets $0.38
ef4019a9: folds
Uncalled bet ($0.38) returned to 81d0d574
*** SHOWDOWN ***
81d0d574 collected $0.65 from pot
*** SUMMARY ***
Total pot $0.68 | Rake $0.03 | Jackpot $0 | Bingo $0 | Fortune $0 | Tax $0
Board [9d Ah 8d 2s Ac]
Seat 1: ef4019a9 (big blind) folded on the River
Seat 2: 81d0d574 won ($0.65)
Seat 3: Hero folded on the Turn
Seat 4: 439e2382 folded before Flop (didn't bet)
Seat 5: e25d1963 (button) folded before Flop (didn't bet)
Seat 6: d14ea9fb (small blind) folded before Flop


Poker Hand #HD1750262485: Hold'em No Limit ($0.02/$0.05) - 2024/04/28 17:50:10
Table 'NLHBlue30' 6-max Seat #4 is the button
Seat 1: ef4019a9 ($7.31 in chips)
Seat 2: 81d0d574 ($3 in chips)
Seat 3: Hero ($6.42 in chips)
Seat 4: 439e2382 ($5 in chips)
Seat 5: e25d1963 ($8.39 in chips)
Seat 6: d14ea9fb ($5.64 in chips)
e25d1963: posts small blind $0.02
d14ea9fb: posts big blind $0.05
*** HOLE CARDS ***
Dealt to ef4019a9 
Dealt to 81d0d574 
Dealt to Hero [Ah Jh]
Dealt to 439e2382 
Dealt to e25d1963 
Dealt to d14ea9fb 
ef4019a9: calls $0.05
81d0d574: calls $0.05
Hero: raises $0.2 to $0.25
439e2382: folds
e25d1963: calls $0.23
d14ea9fb: folds
ef4019a9: calls $0.2
81d0d574: calls $0.2
*** FLOP *** [6d 5s 2s]
e25d1963: checks
ef4019a9: checks
81d0d574: checks
Hero: checks
*** TURN *** [6d 5s 2s] [8h]
e25d1963: checks
ef4019a9: bets $0.79
81d0d574: folds
Hero: folds
e25d1963: folds
Uncalled bet ($0.79) returned to ef4019a9
*** SHOWDOWN ***
ef4019a9 collected $1 from pot
*** SUMMARY ***
Total pot $1.05 | Rake $0.05 | Jackpot $0 | Bingo $0 | Fortune $0 | Tax $0
Board [6d 5s 2s 8h]
Seat 1: ef4019a9 won ($1)
Seat 2: 81d0d574 folded on the Turn
Seat 3: Hero folded on the Turn
Seat 4: 439e2382 (button) folded before Flop (didn't bet)
Seat 5: e25d1963 (small blind) folded on the Turn
Seat 6: d14ea9fb (big blind) folded before Flop


Poker Hand #HD1750262346: Hold'em No Limit ($0.02/$0.05) - 2024/04/28 17:48:58
Table 'NLHBlue30' 6-max Seat #3 is the button
Seat 1: ef4019a9 ($7.91 in chips)
Seat 2: 81d0d574 ($3 in chips)
Seat 3: Hero ($6.42 in chips)
Seat 4: 439e2382 ($5 in chips)
Seat 5: e25d1963 ($7.83 in chips)
Seat 6: d14ea9fb ($5.64 in chips)
439e2382: posts small blind $0.02
e25d1963: posts big blind $0.05
*** HOLE CARDS ***
Dealt to ef4019a9 
Dealt to 81d0d574 
Dealt to Hero [Jc 3d]
Dealt to 439e2382 
Dealt to e25d1963 
Dealt to d14ea9fb 
d14ea9fb: folds
ef4019a9: calls $0.05
81d0d574: folds
Hero: folds
439e2382: folds
e25d1963: checks
*** FLOP *** [9d 6c 7c]
e25d1963: checks
ef4019a9: bets $0.06
e25d1963: calls $0.06
*** TURN *** [9d 6c 7c] [4h]
e25d1963: checks
ef4019a9: bets $0.12
e25d1963: raises $0.37 to $0.49
ef4019a9: calls $0.37
*** RIVER *** [9d 6c 7c 4h] [2s]
e25d1963: bets $0.76
ef4019a9: folds
Uncalled bet ($0.76) returned to e25d1963
*** SHOWDOWN ***
e25d1963 collected $1.16 from pot
*** SUMMARY ***
Total pot $1.22 | Rake $0.06 | Jackpot $0 | Bingo $0 | Fortune $0 | Tax $0
Board [9d 6c 7c 4h 2s]
Seat 1: ef4019a9 folded on the River
Seat 2: 81d0d574 folded before Flop (didn't bet)
Seat 3: Hero (button) folded before Flop (didn't bet)
Seat 4: 439e2382 (small blind) folded before Flop
Seat 5: e25d1963 (big blind) won ($1.16)
Seat 6: d14ea9fb folded before Flop (didn't bet)


Poker Hand #HD1750262169: Hold'em No Limit ($0.02/$0.05) - 2024/04/28 17:47:34
Table 'NLHBlue30' 6-max Seat #2 is the button
Seat 1: ef4019a9 ($6.22 in chips)
Seat 2: 81d0d574 ($4.34 in chips)
Seat 3: Hero ($6.44 in chips)
Seat 4: 439e2382 ($5 in chips)
Seat 5: e25d1963 ($8.32 in chips)
Seat 6: d14ea9fb ($5.64 in chips)
Hero: posts small blind $0.02
439e2382: posts big blind $0.05
*** HOLE CARDS ***
Dealt to ef4019a9 
Dealt to 81d0d574 
Dealt to Hero [5c Ts]
Dealt to 439e2382 
Dealt to e25d1963 
Dealt to d14ea9fb 
e25d1963: raises $0.08 to $0.13
d14ea9fb: folds
ef4019a9: calls $0.13
81d0d574: raises $0.36 to $0.49
Hero: folds
439e2382: folds
e25d1963: calls $0.36
ef4019a9: calls $0.36
*** FLOP *** [3h 7s 7d]
e25d1963: checks
ef4019a9: checks
81d0d574: bets $0.85
e25d1963: folds
ef4019a9: calls $0.85
*** TURN *** [3h 7s 7d] [3c]
ef4019a9: checks
81d0d574: checks
*** RIVER *** [3h 7s 7d 3c] [Kc]
ef4019a9: bets $3.24
81d0d574: folds
Uncalled bet ($3.24) returned to ef4019a9
*** SHOWDOWN ***
ef4019a9 collected $3.03 from pot
*** SUMMARY ***
Total pot $3.24 | Rake $0.16 | Jackpot $0.05 | Bingo $0 | Fortune $0 | Tax $0
Board [3h 7s 7d 3c Kc]
Seat 1: ef4019a9 won ($3.03)
Seat 2: 81d0d574 (button) folded on the River
Seat 3: Hero (small blind) folded before Flop
Seat 4: 439e2382 (big blind) folded before Flop
Seat 5: e25d1963 folded on the Flop
Seat 6: d14ea9fb folded before Flop (didn't bet)


Poker Hand #HD1750262116: Hold'em No Limit ($0.02/$0.05) - 2024/04/28 17:47:06
Table 'NLHBlue30' 6-max Seat #1 is the button
Seat 1: ef4019a9 ($6.22 in chips)
Seat 2: 81d0d574 ($4.29 in chips)
Seat 3: Hero ($6.49 in chips)
Seat 5: e25d1963 ($8.32 in chips)
Seat 6: d14ea9fb ($5.64 in chips)
81d0d574: posts small blind $0.02
Hero: posts big blind $0.05
*** HOLE CARDS ***
Dealt to ef4019a9 
Dealt to 81d0d574 
Dealt to Hero [6h 8c]
Dealt to e25d1963 
Dealt to d14ea9fb 
e25d1963: folds
d14ea9fb: folds
ef4019a9: folds
81d0d574: calls $0.03
Hero: checks
*** FLOP *** [5s Qh 9h]
81d0d574: checks
Hero: checks
*** TURN *** [5s Qh 9h] [Js]
81d0d574: bets $0.06
Hero: folds
Uncalled bet ($0.06) returned to 81d0d574
*** SHOWDOWN ***
81d0d574 collected $0.1 from pot
*** SUMMARY ***
Total pot $0.1 | Rake $0 | Jackpot $0 | Bingo $0 | Fortune $0 | Tax $0
Board [5s Qh 9h Js]
Seat 1: ef4019a9 (button) folded before Flop (didn't bet)
Seat 2: 81d0d574 (small blind) won ($0.1)
Seat 3: Hero (big blind) folded on the Turn
Seat 5: e25d1963 folded before Flop (didn't bet)
Seat 6: d14ea9fb folded before Flop (didn't bet)


Poker Hand #HD1750261940: Hold'em No Limit ($0.02/$0.05) - 2024/04/28 17:45:47
Table 'NLHBlue30' 6-max Seat #6 is the button
Seat 1: ef4019a9 ($6.24 in chips)
Seat 2: 81d0d574 ($5 in chips)
Seat 3: Hero ($5.78 in chips)
Seat 5: e25d1963 ($8.32 in chips)
Seat 6: d14ea9fb ($5.74 in chips)
ef4019a9: posts small blind $0.02
81d0d574: posts big blind $0.05
*** HOLE CARDS ***
Dealt to ef4019a9 
Dealt to 81d0d574 
Dealt to Hero [Qh Ac]
Dealt to e25d1963 
Dealt to d14ea9fb 
Hero: raises $0.05 to $0.1
e25d1963: folds
d14ea9fb: calls $0.1
ef4019a9: folds
81d0d574: calls $0.05
*** FLOP *** [7h 4d Ad]
81d0d574: checks
Hero: bets $0.15
d14ea9fb: folds
81d0d574: calls $0.15
*** TURN *** [7h 4d Ad] [8d]
81d0d574: checks
Hero: checks
*** RIVER *** [7h 4d Ad 8d] [4h]
81d0d574: checks
Hero: bets $0.46
81d0d574: calls $0.46
Hero: shows [Qh Ac] (Pair of Aces and Pair of Fours)
81d0d574: shows [7d Kc] (Pair of Sevens and Pair of Fours)
*** SHOWDOWN ***
Hero collected $1.42 from pot
*** SUMMARY ***
Total pot $1.54 | Rake $0.07 | Jackpot $0.05 | Bingo $0 | Fortune $0 | Tax $0
Board [7h 4d Ad 8d 4h]
Seat 1: ef4019a9 (small blind) folded before Flop
Seat 2: 81d0d574 (big blind) showed [7d Kc] and lost with Pair of Sevens and Pair of Fours
Seat 3: Hero showed [Qh Ac] and won ($1.42) with Pair of Aces and Pair of Fours
Seat 5: e25d1963 folded before Flop (didn't bet)
Seat 6: d14ea9fb (button) folded on the Flop


Poker Hand #HD1750261904: Hold'em No Limit ($0.02/$0.05) - 2024/04/28 17:45:33
Table 'NLHBlue30' 6-max Seat #5 is the button
Seat 1: ef4019a9 ($6.22 in chips)
Seat 3: Hero ($5.78 in chips)
Seat 5: e25d1963 ($8.32 in chips)
Seat 6: d14ea9fb ($5.76 in chips)
d14ea9fb: posts small blind $0.02
ef4019a9: posts big blind $0.05
*** HOLE CARDS ***
Dealt to ef4019a9 
Dealt to Hero [2s Ad]
Dealt to e25d1963 
Dealt to d14ea9fb 
Hero: folds
e25d1963: folds
d14ea9fb: folds
Uncalled bet ($0.03) returned to ef4019a9
*** SHOWDOWN ***
ef4019a9 collected $0.04 from pot
*** SUMMARY ***
Total pot $0.04 | Rake $0 | Jackpot $0 | Bingo $0 | Fortune $0 | Tax $0
Seat 1: ef4019a9 (big blind) collected ($0.04)
Seat 3: Hero folded before Flop (didn't bet)
Seat 5: e25d1963 (button) folded before Flop (didn't bet)
Seat 6: d14ea9fb (small blind) folded before Flop


Poker Hand #HD1750261869: Hold'em No Limit ($0.02/$0.05) - 2024/04/28 17:45:20
Table 'NLHBlue30' 6-max Seat #3 is the button
Seat 1: ef4019a9 ($6.22 in chips)
Seat 2: e4f2b74d ($5.16 in chips)
Seat 3: Hero ($5.78 in chips)
Seat 5: e25d1963 ($8.27 in chips)
Seat 6: d14ea9fb ($5.81 in chips)
e25d1963: posts small blind $0.02
d14ea9fb: posts big blind $0.05
*** HOLE CARDS ***
Dealt to ef4019a9 
Dealt to e4f2b74d 
Dealt to Hero [3s Jd]
Dealt to e25d1963 
Dealt to d14ea9fb 
ef4019a9: folds
e4f2b74d: folds
Hero: folds
e25d1963: raises $0.13 to $0.18
d14ea9fb: folds
Uncalled bet ($0.13) returned to e25d1963
*** SHOWDOWN ***
e25d1963 collected $0.1 from pot
*** SUMMARY ***
Total pot $0.1 | Rake $0 | Jackpot $0 | Bingo $0 | Fortune $0 | Tax $0
Seat 1: ef4019a9 folded before Flop (didn't bet)
Seat 2: e4f2b74d folded before Flop (didn't bet)
Seat 3: Hero (button) folded before Flop (didn't bet)
Seat 5: e25d1963 (small blind) collected ($0.1)
Seat 6: d14ea9fb (big blind) folded before Flop


Poker Hand #HD1750261851: Hold'em No Limit ($0.02/$0.05) - 2024/04/28 17:45:10
Table 'NLHBlue30' 6-max Seat #2 is the button
Seat 1: ef4019a9 ($6.22 in chips)
Seat 2: e4f2b74d ($5.16 in chips)
Seat 3: Hero ($5.8 in chips)
Seat 5: e25d1963 ($8.25 in chips)
Seat 6: d14ea9fb ($5.81 in chips)
Hero: posts small blind $0.02
e25d1963: posts big blind $0.05
*** HOLE CARDS ***
Dealt to ef4019a9 
Dealt to e4f2b74d 
Dealt to Hero [5d 3s]
Dealt to e25d1963 
Dealt to d14ea9fb 
d14ea9fb: folds
ef4019a9: folds
e4f2b74d: folds
Hero: folds
Uncalled bet ($0.03) returned to e25d1963
*** SHOWDOWN ***
e25d1963 collected $0.04 from pot
*** SUMMARY ***
Total pot $0.04 | Rake $0 | Jackpot $0 | Bingo $0 | Fortune $0 | Tax $0
Seat 1: ef4019a9 folded before Flop (didn't bet)
Seat 2: e4f2b74d (button) folded before Flop (didn't bet)
Seat 3: Hero (small blind) folded before Flop
Seat 5: e25d1963 (big blind) collected ($0.04)
Seat 6: d14ea9fb folded before Flop (didn't bet)


Poker Hand #HD1750261775: Hold'em No Limit ($0.02/$0.05) - 2024/04/28 17:44:33
Table 'NLHBlue30' 6-max Seat #1 is the button
Seat 1: ef4019a9 ($6.22 in chips)
Seat 2: e4f2b74d ($5.27 in chips)
Seat 3: Hero ($5.59 in chips)
Seat 4: 3f34b493 ($7.04 in chips)
Seat 5: e25d1963 ($8.25 in chips)
Seat 6: d14ea9fb ($5.81 in chips)
e4f2b74d: posts small blind $0.02
Hero: posts big blind $0.05
*** HOLE CARDS ***
Dealt to ef4019a9 
Dealt to e4f2b74d 
Dealt to Hero [Kh Jh]
Dealt to 3f34b493 
Dealt to e25d1963 
Dealt to d14ea9fb 
3f34b493: raises $0.06 to $0.11
e25d1963: folds
d14ea9fb: folds
ef4019a9: folds
e4f2b74d: calls $0.09
Hero: raises $0.53 to $0.64
3f34b493: folds
e4f2b74d: folds
Uncalled bet ($0.53) returned to Hero
*** SHOWDOWN ***
Hero collected $0.32 from pot
*** SUMMARY ***
Total pot $0.33 | Rake $0.01 | Jackpot $0 | Bingo $0 | Fortune $0 | Tax $0
Seat 1: ef4019a9 (button) folded before Flop (didn't bet)
Seat 2: e4f2b74d (small blind) folded before Flop
Seat 3: Hero (big blind) collected ($0.32)
Seat 4: 3f34b493 folded before Flop
Seat 5: e25d1963 folded before Flop (didn't bet)
Seat 6: d14ea9fb folded before Flop (didn't bet)


Poker Hand #HD1750261750: Hold'em No Limit ($0.02/$0.05) - 2024/04/28 17:44:19
Table 'NLHBlue30' 6-max Seat #6 is the button
Seat 1: ef4019a9 ($6.24 in chips)
Seat 2: e4f2b74d ($5.32 in chips)
Seat 3: Hero ($5.59 in chips)
Seat 4: 3f34b493 ($7.04 in chips)
Seat 5: e25d1963 ($8.18 in chips)
Seat 6: d14ea9fb ($5.81 in chips)
ef4019a9: posts small blind $0.02
e4f2b74d: posts big blind $0.05
*** HOLE CARDS ***
Dealt to ef4019a9 
Dealt to e4f2b74d 
Dealt to Hero [Qh Tc]
Dealt to 3f34b493 
Dealt to e25d1963 
Dealt to d14ea9fb 
Hero: folds
3f34b493: folds
e25d1963: raises $0.08 to $0.13
d14ea9fb: folds
ef4019a9: folds
e4f2b74d: folds
Uncalled bet ($0.08) returned to e25d1963
*** SHOWDOWN ***
e25d1963 collected $0.12 from pot
*** SUMMARY ***
Total pot $0.12 | Rake $0 | Jackpot $0 | Bingo $0 | Fortune $0 | Tax $0
Seat 1: ef4019a9 (small blind) folded before Flop
Seat 2: e4f2b74d (big blind) folded before Flop
Seat 3: Hero folded before Flop (didn't bet)
Seat 4: 3f34b493 folded before Flop (didn't bet)
Seat 5: e25d1963 collected ($0.12)
Seat 6: d14ea9fb (button) folded before Flop (didn't bet)


Poker Hand #HD1750261643: Hold'em No Limit ($0.02/$0.05) - 2024/04/28 17:43:27
Table 'NLHBlue30' 6-max Seat #5 is the button
Seat 1: ef4019a9 ($6.29 in chips)
Seat 2: e4f2b74d ($6.21 in chips)
Seat 3: Hero ($5.59 in chips)
Seat 4: 3f34b493 ($7.04 in chips)
Seat 5: e25d1963 ($8.18 in chips)
Seat 6: d14ea9fb ($5 in chips)
d14ea9fb: posts small blind $0.02
ef4019a9: posts big blind $0.05
*** HOLE CARDS ***
Dealt to ef4019a9 
Dealt to e4f2b74d 
Dealt to Hero [4h 3c]
Dealt to 3f34b493 
Dealt to e25d1963 
Dealt to d14ea9fb 
e4f2b74d: raises $0.15 to $0.2
Hero: folds
3f34b493: folds
e25d1963: folds
d14ea9fb: calls $0.18
ef4019a9: folds
*** FLOP *** [Kc 6c Ad]
d14ea9fb: checks
e4f2b74d: checks
*** TURN *** [Kc 6c Ad] [2s]
d14ea9fb: bets $0.23
e4f2b74d: calls $0.23
*** RIVER *** [Kc 6c Ad 2s] [7d]
d14ea9fb: bets $0.46
e4f2b74d: calls $0.46
d14ea9fb: shows [Ah 3h] (Pair of Aces)
e4f2b74d: shows [Kd Th] (Pair of Kings)
*** SHOWDOWN ***
d14ea9fb collected $1.7 from pot
*** SUMMARY ***
Total pot $1.83 | Rake $0.08 | Jackpot $0.05 | Bingo $0 | Fortune $0 | Tax $0
Board [Kc 6c Ad 2s 7d]
Seat 1: ef4019a9 (big blind) folded before Flop
Seat 2: e4f2b74d showed [Kd Th] and lost with Pair of Kings
Seat 3: Hero folded before Flop (didn't bet)
Seat 4: 3f34b493 folded before Flop (didn't bet)
Seat 5: e25d1963 (button) folded before Flop (didn't bet)
Seat 6: d14ea9fb (small blind) showed [Ah 3h] and won ($1.7) with Pair of Aces


Poker Hand #HD1750261566: Hold'em No Limit ($0.02/$0.05) - 2024/04/28 17:42:47
Table 'NLHBlue30' 6-max Seat #4 is the button
Seat 1: ef4019a9 ($6.67 in chips)
Seat 2: e4f2b74d ($5.81 in chips)
Seat 3: Hero ($5.59 in chips)
Seat 4: 3f34b493 ($7.04 in chips)
Seat 5: e25d1963 ($8.2 in chips)
Seat 6: d14ea9fb ($5 in chips)
e25d1963: posts small blind $0.02
d14ea9fb: posts big blind $0.05
*** HOLE CARDS ***
Dealt to ef4019a9 
Dealt to e4f2b74d 
Dealt to Hero [Ac Th]
Dealt to 3f34b493 
Dealt to e25d1963 
Dealt to d14ea9fb 
ef4019a9: raises $0.05 to $0.1
e4f2b74d: calls $0.1
Hero: folds
3f34b493: folds
e25d1963: folds
d14ea9fb: folds
*** FLOP *** [Jh 5c Ks]
ef4019a9: checks
e4f2b74d: checks
*** TURN *** [Jh 5c Ks] [Qc]
ef4019a9: bets $0.14
e4f2b74d: raises $0.14 to $0.28
ef4019a9: calls $0.14
*** RIVER *** [Jh 5c Ks Qc] [5d]
ef4019a9: checks
e4f2b74d: bets $0.83
ef4019a9: folds
Uncalled bet ($0.83) returned to e4f2b74d
e4f2b74d: shows [Js Kd] (Pair of Kings and Pair of Jacks)
*** SHOWDOWN ***
e4f2b74d collected $0.78 from pot
*** SUMMARY ***
Total pot $0.83 | Rake $0.05 | Jackpot $0 | Bingo $0 | Fortune $0 | Tax $0
Board [Jh 5c Ks Qc 5d]
Seat 1: ef4019a9 folded on the River
Seat 2: e4f2b74d showed [Js Kd] and won ($0.78)
Seat 3: Hero folded before Flop (didn't bet)
Seat 4: 3f34b493 (button) folded before Flop (didn't bet)
Seat 5: e25d1963 (small blind) folded before Flop
Seat 6: d14ea9fb (big blind) folded before Flop


Poker Hand #HD1750261471: Hold'em No Limit ($0.02/$0.05) - 2024/04/28 17:41:57
Table 'NLHBlue30' 6-max Seat #3 is the button
Seat 1: ef4019a9 ($6.67 in chips)
Seat 2: e4f2b74d ($5.74 in chips)
Seat 3: Hero ($5.59 in chips)
Seat 4: 3f34b493 ($7.06 in chips)
Seat 5: e25d1963 ($8.25 in chips)
Seat 6: d14ea9fb ($5 in chips)
3f34b493: posts small blind $0.02
e25d1963: posts big blind $0.05
*** HOLE CARDS ***
Dealt to ef4019a9 
Dealt to e4f2b74d 
Dealt to Hero [Qd 8d]
Dealt to 3f34b493 
Dealt to e25d1963 
Dealt to d14ea9fb 
d14ea9fb: folds
ef4019a9: folds
e4f2b74d: raises $0.15 to $0.2
Hero: folds
3f34b493: folds
e25d1963: folds
Uncalled bet ($0.15) returned to e4f2b74d
*** SHOWDOWN ***
e4f2b74d collected $0.12 from pot
*** SUMMARY ***
Total pot $0.12 | Rake $0 | Jackpot $0 | Bingo $0 | Fortune $0 | Tax $0
Seat 1: ef4019a9 folded before Flop (didn't bet)
Seat 2: e4f2b74d collected ($0.12)
Seat 3: Hero (button) folded before Flop (didn't bet)
Seat 4: 3f34b493 (small blind) folded before Flop
Seat 5: e25d1963 (big blind) folded before Flop
Seat 6: d14ea9fb folded before Flop (didn't bet)


Poker Hand #HD1750261352: Hold'em No Limit ($0.02/$0.05) - 2024/04/28 17:41:01
Table 'NLHBlue30' 6-max Seat #2 is the button
Seat 1: ef4019a9 ($7.18 in chips)
Seat 2: e4f2b74d ($4.79 in chips)
Seat 3: Hero ($5.61 in chips)
Seat 4: 3f34b493 ($7.11 in chips)
Seat 5: e25d1963 ($8.76 in chips)
Seat 6: d14ea9fb ($5 in chips)
Hero: posts small blind $0.02
3f34b493: posts big blind $0.05
*** HOLE CARDS ***
Dealt to ef4019a9 
Dealt to e4f2b74d 
Dealt to Hero [2d Ks]
Dealt to 3f34b493 
Dealt to e25d1963 
Dealt to d14ea9fb 
e25d1963: raises $0.05 to $0.1
d14ea9fb: folds
ef4019a9: raises $0.09 to $0.19
e4f2b74d: calls $0.19
Hero: folds
3f34b493: folds
e25d1963: calls $0.09
*** FLOP *** [8h 9d Tc]
e25d1963: bets $0.32
ef4019a9: calls $0.32
e4f2b74d: raises $0.32 to $0.64
e25d1963: folds
ef4019a9: folds
Uncalled bet ($0.32) returned to e4f2b74d
*** SHOWDOWN ***
e4f2b74d collected $1.46 from pot
*** SUMMARY ***
Total pot $1.6 | Rake $0.09 | Jackpot $0.05 | Bingo $0 | Fortune $0 | Tax $0
Board [8h 9d Tc]
Seat 1: ef4019a9 folded on the Flop
Seat 2: e4f2b74d (button) won ($1.46)
Seat 3: Hero (small blind) folded before Flop
Seat 4: 3f34b493 (big blind) folded before Flop
Seat 5: e25d1963 folded on the Flop
Seat 6: d14ea9fb folded before Flop (didn't bet)


Poker Hand #HD1750261245: Hold'em No Limit ($0.02/$0.05) - 2024/04/28 17:40:08
Table 'NLHBlue30' 6-max Seat #1 is the button
Seat 1: ef4019a9 ($6.99 in chips)
Seat 2: e4f2b74d ($4.89 in chips)
Seat 3: Hero ($5.71 in chips)
Seat 4: 3f34b493 ($7.11 in chips)
Seat 5: e25d1963 ($8.76 in chips)
Seat 6: d14ea9fb ($5 in chips)
e4f2b74d: posts small blind $0.02
Hero: posts big blind $0.05
*** HOLE CARDS ***
Dealt to ef4019a9 
Dealt to e4f2b74d 
Dealt to Hero [9h Kh]
Dealt to 3f34b493 
Dealt to e25d1963 
Dealt to d14ea9fb 
3f34b493: folds
e25d1963: folds
d14ea9fb: folds
ef4019a9: raises $0.05 to $0.1
e4f2b74d: calls $0.08
Hero: calls $0.05
*** FLOP *** [Ah 2d Js]
e4f2b74d: checks
Hero: checks
ef4019a9: bets $0.15
e4f2b74d: folds
Hero: folds
Uncalled bet ($0.15) returned to ef4019a9
*** SHOWDOWN ***
ef4019a9 collected $0.29 from pot
*** SUMMARY ***
Total pot $0.3 | Rake $0.01 | Jackpot $0 | Bingo $0 | Fortune $0 | Tax $0
Board [Ah 2d Js]
Seat 1: ef4019a9 (button) won ($0.29)
Seat 2: e4f2b74d (small blind) folded on the Flop
Seat 3: Hero (big blind) folded on the Flop
Seat 4: 3f34b493 folded before Flop (didn't bet)
Seat 5: e25d1963 folded before Flop (didn't bet)
Seat 6: d14ea9fb folded before Flop (didn't bet)


Poker Hand #HD1750261192: Hold'em No Limit ($0.02/$0.05) - 2024/04/28 17:39:47
Table 'NLHBlue30' 6-max Seat #6 is the button
Seat 1: ef4019a9 ($7.01 in chips)
Seat 2: e4f2b74d ($4.94 in chips)
Seat 3: Hero ($5.71 in chips)
Seat 4: 3f34b493 ($7.11 in chips)
Seat 5: e25d1963 ($8.69 in chips)
Seat 6: d14ea9fb ($5 in chips)
ef4019a9: posts small blind $0.02
e4f2b74d: posts big blind $0.05
*** HOLE CARDS ***
Dealt to ef4019a9 
Dealt to e4f2b74d 
Dealt to Hero [4h 9d]
Dealt to 3f34b493 
Dealt to e25d1963 
Dealt to d14ea9fb 
Hero: folds
3f34b493: folds
e25d1963: raises $0.08 to $0.13
d14ea9fb: folds
ef4019a9: folds
e4f2b74d: folds
Uncalled bet ($0.08) returned to e25d1963
*** SHOWDOWN ***
e25d1963 collected $0.12 from pot
*** SUMMARY ***
Total pot $0.12 | Rake $0 | Jackpot $0 | Bingo $0 | Fortune $0 | Tax $0
Seat 1: ef4019a9 (small blind) folded before Flop
Seat 2: e4f2b74d (big blind) folded before Flop
Seat 3: Hero folded before Flop (didn't bet)
Seat 4: 3f34b493 folded before Flop (didn't bet)
Seat 5: e25d1963 collected ($0.12)
Seat 6: d14ea9fb (button) folded before Flop (didn't bet)


Poker Hand #HD1750261175: Hold'em No Limit ($0.02/$0.05) - 2024/04/28 17:39:37
Table 'NLHBlue30' 6-max Seat #5 is the button
Seat 1: ef4019a9 ($6.99 in chips)
Seat 2: e4f2b74d ($4.94 in chips)
Seat 3: Hero ($5.71 in chips)
Seat 4: 3f34b493 ($7.11 in chips)
Seat 5: e25d1963 ($8.69 in chips)
Seat 6: d14ea9fb ($5 in chips)
d14ea9fb: posts small blind $0.02
ef4019a9: posts big blind $0.05
*** HOLE CARDS ***
Dealt to ef4019a9 
Dealt to e4f2b74d 
Dealt to Hero [7h As]
Dealt to 3f34b493 
Dealt to e25d1963 
Dealt to d14ea9fb 
e4f2b74d: folds
Hero: folds
3f34b493: folds
e25d1963: folds
d14ea9fb: folds
Uncalled bet ($0.03) returned to ef4019a9
*** SHOWDOWN ***
ef4019a9 collected $0.04 from pot
*** SUMMARY ***
Total pot $0.04 | Rake $0 | Jackpot $0 | Bingo $0 | Fortune $0 | Tax $0
Seat 1: ef4019a9 (big blind) collected ($0.04)
Seat 2: e4f2b74d folded before Flop (didn't bet)
Seat 3: Hero folded before Flop (didn't bet)
Seat 4: 3f34b493 folded before Flop (didn't bet)
Seat 5: e25d1963 (button) folded before Flop (didn't bet)
Seat 6: d14ea9fb (small blind) folded before Flop


Poker Hand #HD1750261050: Hold'em No Limit ($0.02/$0.05) - 2024/04/28 17:38:34
Table 'NLHBlue30' 6-max Seat #4 is the button
Seat 1: ef4019a9 ($4.94 in chips)
Seat 2: e4f2b74d ($4.94 in chips)
Seat 3: Hero ($5.71 in chips)
Seat 4: 3f34b493 ($7.11 in chips)
Seat 5: e25d1963 ($8.71 in chips)
Seat 6: d14ea9fb ($5 in chips)
e25d1963: posts small blind $0.02
d14ea9fb: posts big blind $0.05
*** HOLE CARDS ***
Dealt to ef4019a9 
Dealt to e4f2b74d 
Dealt to Hero [3s 7h]
Dealt to 3f34b493 
Dealt to e25d1963 
Dealt to d14ea9fb 
ef4019a9: raises $0.05 to $0.1
e4f2b74d: folds
Hero: folds
3f34b493: folds
e25d1963: folds
d14ea9fb: calls $0.05
*** FLOP *** [Qc Ts 6d]
d14ea9fb: checks
ef4019a9: bets $0.11
d14ea9fb: calls $0.11
*** TURN *** [Qc Ts 6d] [6s]
d14ea9fb: checks
ef4019a9: bets $0.22
d14ea9fb: raises $0.33 to $0.55
ef4019a9: calls $0.33
*** RIVER *** [Qc Ts 6d 6s] [4s]
d14ea9fb: checks
ef4019a9: bets $1.54
d14ea9fb: calls $1.54
ef4019a9: shows [8s 7s] (Ten High Flush)
d14ea9fb: shows [Ah 6h] (Three Sixes)
*** SHOWDOWN ***
ef4019a9 collected $4.35 from pot
*** SUMMARY ***
Total pot $4.62 | Rake $0.22 | Jackpot $0.05 | Bingo $0 | Fortune $0 | Tax $0
Board [Qc Ts 6d 6s 4s]
Seat 1: ef4019a9 showed [8s 7s] and won ($4.35) with Ten High Flush
Seat 2: e4f2b74d folded before Flop (didn't bet)
Seat 3: Hero folded before Flop (didn't bet)
Seat 4: 3f34b493 (button) folded before Flop (didn't bet)
Seat 5: e25d1963 (small blind) folded before Flop
Seat 6: d14ea9fb (big blind) showed [Ah 6h] and lost with Three Sixes


Poker Hand #HD1750260986: Hold'em No Limit ($0.02/$0.05) - 2024/04/28 17:38:04
Table 'NLHBlue30' 6-max Seat #3 is the button
Seat 1: ef4019a9 ($5.12 in chips)
Seat 2: e4f2b74d ($4.71 in chips)
Seat 3: Hero ($5.71 in chips)
Seat 4: 3f34b493 ($7.13 in chips)
Seat 5: e25d1963 ($8.76 in chips)
Seat 6: d14ea9fb ($5 in chips)
3f34b493: posts small blind $0.02
e25d1963: posts big blind $0.05
*** HOLE CARDS ***
Dealt to ef4019a9 
Dealt to e4f2b74d 
Dealt to Hero [5h Kd]
Dealt to 3f34b493 
Dealt to e25d1963 
Dealt to d14ea9fb 
d14ea9fb: folds
ef4019a9: calls $0.05
e4f2b74d: raises $0.13 to $0.18
Hero: folds
3f34b493: folds
e25d1963: folds
ef4019a9: calls $0.13
*** FLOP *** [6c 6d 3s]
ef4019a9: checks
e4f2b74d: bets $0.33
ef4019a9: folds
Uncalled bet ($0.33) returned to e4f2b74d
*** SHOWDOWN ***
e4f2b74d collected $0.41 from pot
*** SUMMARY ***
Total pot $0.43 | Rake $0.02 | Jackpot $0 | Bingo $0 | Fortune $0 | Tax $0
Board [6c 6d 3s]
Seat 1: ef4019a9 folded on the Flop
Seat 2: e4f2b74d won ($0.41)
Seat 3: Hero (button) folded before Flop (didn't bet)
Seat 4: 3f34b493 (small blind) folded before Flop
Seat 5: e25d1963 (big blind) folded before Flop
Seat 6: d14ea9fb folded before Flop (didn't bet)


Poker Hand #HD1750260904: Hold'em No Limit ($0.02/$0.05) - 2024/04/28 17:37:29
Table 'NLHBlue30' 6-max Seat #2 is the button
Seat 1: ef4019a9 ($5.17 in chips)
Seat 2: e4f2b74d ($4.76 in chips)
Seat 3: Hero ($5.73 in chips)
Seat 4: 3f34b493 ($7.01 in chips)
Seat 5: e25d1963 ($8.76 in chips)
Seat 6: d14ea9fb ($5 in chips)
Hero: posts small blind $0.02
3f34b493: posts big blind $0.05
*** HOLE CARDS ***
Dealt to ef4019a9 
Dealt to e4f2b74d 
Dealt to Hero [6c 9c]
Dealt to 3f34b493 
Dealt to e25d1963 
Dealt to d14ea9fb 
e25d1963: folds
d14ea9fb: folds
ef4019a9: calls $0.05
e4f2b74d: calls $0.05
Hero: folds
3f34b493: checks
*** FLOP *** [Ac 8h 5d]
3f34b493: checks
ef4019a9: checks
e4f2b74d: checks
*** TURN *** [Ac 8h 5d] [5c]
3f34b493: bets $0.05
ef4019a9: folds
e4f2b74d: folds
Uncalled bet ($0.05) returned to 3f34b493
*** SHOWDOWN ***
3f34b493 collected $0.17 from pot
*** SUMMARY ***
Total pot $0.17 | Rake $0 | Jackpot $0 | Bingo $0 | Fortune $0 | Tax $0
Board [Ac 8h 5d 5c]
Seat 1: ef4019a9 folded on the Turn
Seat 2: e4f2b74d (button) folded on the Turn
Seat 3: Hero (small blind) folded before Flop
Seat 4: 3f34b493 (big blind) won ($0.17)
Seat 5: e25d1963 folded before Flop (didn't bet)
Seat 6: d14ea9fb folded before Flop (didn't bet)


Poker Hand #HD1750260839: Hold'em No Limit ($0.02/$0.05) - 2024/04/28 17:36:54
Table 'NLHBlue30' 6-max Seat #1 is the button
Seat 1: ef4019a9 ($5 in chips)
Seat 2: e4f2b74d ($4.78 in chips)
Seat 3: Hero ($5.78 in chips)
Seat 4: 3f34b493 ($7.12 in chips)
Seat 5: e25d1963 ($8.76 in chips)
Seat 6: d14ea9fb ($5 in chips)
e4f2b74d: posts small blind $0.02
Hero: posts big blind $0.05
*** HOLE CARDS ***
Dealt to ef4019a9 
Dealt to e4f2b74d 
Dealt to Hero [3c 4h]
Dealt to 3f34b493 
Dealt to e25d1963 
Dealt to d14ea9fb 
3f34b493: raises $0.06 to $0.11
e25d1963: folds
d14ea9fb: folds
ef4019a9: calls $0.11
e4f2b74d: folds
Hero: folds
*** FLOP *** [4c 6s 3h]
3f34b493: checks
ef4019a9: checks
*** TURN *** [4c 6s 3h] [8d]
3f34b493: checks
ef4019a9: checks
*** RIVER *** [4c 6s 3h 8d] [3s]
3f34b493: checks
ef4019a9: checks
3f34b493: shows [Kd Qh] (Pair of Treys)
ef4019a9: shows [Js 8c] (Pair of Eights and Pair of Treys)
*** SHOWDOWN ***
ef4019a9 collected $0.28 from pot
*** SUMMARY ***
Total pot $0.29 | Rake $0.01 | Jackpot $0 | Bingo $0 | Fortune $0 | Tax $0
Board [4c 6s 3h 8d 3s]
Seat 1: ef4019a9 (button) showed [Js 8c] and won ($0.28) with Pair of Eights and Pair of Treys
Seat 2: e4f2b74d (small blind) folded before Flop
Seat 3: Hero (big blind) folded before Flop
Seat 4: 3f34b493 showed [Kd Qh] and lost with Pair of Treys
Seat 5: e25d1963 folded before Flop (didn't bet)
Seat 6: d14ea9fb folded before Flop (didn't bet)


Poker Hand #HD1750260639: Hold'em No Limit ($0.02/$0.05) - 2024/04/28 17:35:16
Table 'NLHBlue30' 6-max Seat #6 is the button
Seat 1: ef4019a9 ($2.72 in chips)
Seat 2: e4f2b74d ($4.83 in chips)
Seat 3: Hero ($5.78 in chips)
Seat 4: 3f34b493 ($7.12 in chips)
Seat 5: e25d1963 ($7.99 in chips)
Seat 6: d14ea9fb ($5.23 in chips)
ef4019a9: posts small blind $0.02
e4f2b74d: posts big blind $0.05
*** HOLE CARDS ***
Dealt to ef4019a9 
Dealt to e4f2b74d 
Dealt to Hero [7c 8s]
Dealt to 3f34b493 
Dealt to e25d1963 
Dealt to d14ea9fb 
Hero: folds
3f34b493: folds
e25d1963: raises $0.08 to $0.13
d14ea9fb: raises $0.32 to $0.45
ef4019a9: folds
e4f2b74d: folds
e25d1963: calls $0.32
*** FLOP *** [6h Jd Ah]
e25d1963: checks
d14ea9fb: checks
*** TURN *** [6h Jd Ah] [Jh]
e25d1963: bets $0.38
d14ea9fb: calls $0.38
*** RIVER *** [6h Jd Ah Jh] [Td]
e25d1963: bets $1.55
d14ea9fb: folds
Uncalled bet ($1.55) returned to e25d1963
*** SHOWDOWN ***
e25d1963 collected $1.6 from pot
*** SUMMARY ***
Total pot $1.73 | Rake $0.08 | Jackpot $0.05 | Bingo $0 | Fortune $0 | Tax $0
Board [6h Jd Ah Jh Td]
Seat 1: ef4019a9 (small blind) folded before Flop
Seat 2: e4f2b74d (big blind) folded before Flop
Seat 3: Hero folded before Flop (didn't bet)
Seat 4: 3f34b493 folded before Flop (didn't bet)
Seat 5: e25d1963 won ($1.6)
Seat 6: d14ea9fb (button) folded on the River


Poker Hand #HD1750260490: Hold'em No Limit ($0.02/$0.05) - 2024/04/28 17:34:04
Table 'NLHBlue30' 6-max Seat #5 is the button
Seat 1: ef4019a9 ($5.77 in chips)
Seat 2: e4f2b74d ($4.83 in chips)
Seat 3: Hero ($5.78 in chips)
Seat 4: 3f34b493 ($7.23 in chips)
Seat 5: e25d1963 ($5.16 in chips)
Seat 6: d14ea9fb ($5.25 in chips)
d14ea9fb: posts small blind $0.02
ef4019a9: posts big blind $0.05
*** HOLE CARDS ***
Dealt to ef4019a9 
Dealt to e4f2b74d 
Dealt to Hero [2c Kc]
Dealt to 3f34b493 
Dealt to e25d1963 
Dealt to d14ea9fb 
e4f2b74d: folds
Hero: folds
3f34b493: raises $0.06 to $0.11
e25d1963: raises $0.31 to $0.42
d14ea9fb: folds
ef4019a9: calls $0.37
3f34b493: folds
*** FLOP *** [Ts 9d 8c]
ef4019a9: checks
e25d1963: bets $0.43
ef4019a9: calls $0.43
*** TURN *** [Ts 9d 8c] [6h]
ef4019a9: checks
e25d1963: checks
*** RIVER *** [Ts 9d 8c 6h] [2h]
ef4019a9: bets $0.92
e25d1963: raises $1.28 to $2.2
ef4019a9: calls $1.28
e25d1963: shows [9h 9s] (Three Nines)
ef4019a9: shows [Tc Kd] (Pair of Tens)
*** SHOWDOWN ***
e25d1963 collected $5.88 from pot
*** SUMMARY ***
Total pot $6.23 | Rake $0.3 | Jackpot $0.05 | Bingo $0 | Fortune $0 | Tax $0
Board [Ts 9d 8c 6h 2h]
Seat 1: ef4019a9 (big blind) showed [Tc Kd] and lost with Pair of Tens
Seat 2: e4f2b74d folded before Flop (didn't bet)
Seat 3: Hero folded before Flop (didn't bet)
Seat 4: 3f34b493 folded before Flop
Seat 5: e25d1963 (button) showed [9h 9s] and won ($5.88) with Three Nines
Seat 6: d14ea9fb (small blind) folded before Flop


Poker Hand #HD1750260361: Hold'em No Limit ($0.02/$0.05) - 2024/04/28 17:33:00
Table 'NLHBlue30' 6-max Seat #4 is the button
Seat 1: ef4019a9 ($4.87 in chips)
Seat 2: e4f2b74d ($5.33 in chips)
Seat 3: Hero ($5.78 in chips)
Seat 4: 3f34b493 ($7.23 in chips)
Seat 5: e25d1963 ($5.18 in chips)
Seat 6: d14ea9fb ($5.75 in chips)
e25d1963: posts small blind $0.02
d14ea9fb: posts big blind $0.05
*** HOLE CARDS ***
Dealt to ef4019a9 
Dealt to e4f2b74d 
Dealt to Hero [7d 7s]
Dealt to 3f34b493 
Dealt to e25d1963 
Dealt to d14ea9fb 
ef4019a9: raises $0.05 to $0.1
e4f2b74d: calls $0.1
Hero: folds
3f34b493: folds
e25d1963: folds
d14ea9fb: raises $0.4 to $0.5
ef4019a9: calls $0.4
e4f2b74d: calls $0.4
*** FLOP *** [5h Js 6h]
d14ea9fb: checks
ef4019a9: checks
e4f2b74d: checks
*** TURN *** [5h Js 6h] [5c]
d14ea9fb: checks
ef4019a9: bets $0.76
e4f2b74d: folds
d14ea9fb: folds
Uncalled bet ($0.76) returned to ef4019a9
*** SHOWDOWN ***
ef4019a9 collected $1.4 from pot
*** SUMMARY ***
Total pot $1.52 | Rake $0.07 | Jackpot $0.05 | Bingo $0 | Fortune $0 | Tax $0
Board [5h Js 6h 5c]
Seat 1: ef4019a9 won ($1.4)
Seat 2: e4f2b74d folded on the Turn
Seat 3: Hero folded before Flop (didn't bet)
Seat 4: 3f34b493 (button) folded before Flop (didn't bet)
Seat 5: e25d1963 (small blind) folded before Flop
Seat 6: d14ea9fb (big blind) folded on the Turn


Poker Hand #HD1750260303: Hold'em No Limit ($0.02/$0.05) - 2024/04/28 17:32:34
Table 'NLHBlue30' 6-max Seat #3 is the button
Seat 1: ef4019a9 ($4.87 in chips)
Seat 2: e4f2b74d ($5.33 in chips)
Seat 3: Hero ($5.57 in chips)
Seat 4: 3f34b493 ($7.25 in chips)
Seat 5: e25d1963 ($5.23 in chips)
Seat 6: d14ea9fb ($5.9 in chips)
3f34b493: posts small blind $0.02
e25d1963: posts big blind $0.05
*** HOLE CARDS ***
Dealt to ef4019a9 
Dealt to e4f2b74d 
Dealt to Hero [Kh As]
Dealt to 3f34b493 
Dealt to e25d1963 
Dealt to d14ea9fb 
d14ea9fb: raises $0.1 to $0.15
ef4019a9: folds
e4f2b74d: folds
Hero: raises $0.3 to $0.45
3f34b493: folds
e25d1963: folds
d14ea9fb: folds
Uncalled bet ($0.3) returned to Hero
*** SHOWDOWN ***
Hero collected $0.36 from pot
*** SUMMARY ***
Total pot $0.37 | Rake $0.01 | Jackpot $0 | Bingo $0 | Fortune $0 | Tax $0
Seat 1: ef4019a9 folded before Flop (didn't bet)
Seat 2: e4f2b74d folded before Flop (didn't bet)
Seat 3: Hero (button) collected ($0.36)
Seat 4: 3f34b493 (small blind) folded before Flop
Seat 5: e25d1963 (big blind) folded before Flop
Seat 6: d14ea9fb folded before Flop


Poker Hand #HD1750260192: Hold'em No Limit ($0.02/$0.05) - 2024/04/28 17:31:39
Table 'NLHBlue30' 6-max Seat #2 is the button
Seat 1: ef4019a9 ($4.8 in chips)
Seat 2: e4f2b74d ($5.33 in chips)
Seat 3: Hero ($5.59 in chips)
Seat 4: 3f34b493 ($7.3 in chips)
Seat 5: e25d1963 ($5.23 in chips)
Seat 6: d14ea9fb ($5.9 in chips)
Hero: posts small blind $0.02
3f34b493: posts big blind $0.05
*** HOLE CARDS ***
Dealt to ef4019a9 
Dealt to e4f2b74d 
Dealt to Hero [5d 8c]
Dealt to 3f34b493 
Dealt to e25d1963 
Dealt to d14ea9fb 
e25d1963: folds
d14ea9fb: folds
ef4019a9: calls $0.05
e4f2b74d: folds
Hero: folds
3f34b493: checks
*** FLOP *** [6c Ac Ah]
3f34b493: checks
ef4019a9: checks
*** TURN *** [6c Ac Ah] [6s]
3f34b493: checks
ef4019a9: checks
*** RIVER *** [6c Ac Ah 6s] [Ks]
3f34b493: checks
ef4019a9: bets $0.06
3f34b493: folds
Uncalled bet ($0.06) returned to ef4019a9
*** SHOWDOWN ***
ef4019a9 collected $0.12 from pot
*** SUMMARY ***
Total pot $0.12 | Rake $0 | Jackpot $0 | Bingo $0 | Fortune $0 | Tax $0
Board [6c Ac Ah 6s Ks]
Seat 1: ef4019a9 won ($0.12)
Seat 2: e4f2b74d (button) folded before Flop (didn't bet)
Seat 3: Hero (small blind) folded before Flop
Seat 4: 3f34b493 (big blind) folded on the River
Seat 5: e25d1963 folded before Flop (didn't bet)
Seat 6: d14ea9fb folded before Flop (didn't bet)


Poker Hand #HD1750259941: Hold'em No Limit ($0.02/$0.05) - 2024/04/28 17:29:43
Table 'NLHBlue30' 6-max Seat #1 is the button
Seat 1: ef4019a9 ($5.25 in chips)
Seat 2: e4f2b74d ($5.35 in chips)
Seat 3: Hero ($5.64 in chips)
Seat 4: 3f34b493 ($7.75 in chips)
Seat 5: e25d1963 ($5.23 in chips)
Seat 6: d14ea9fb ($5 in chips)
e4f2b74d: posts small blind $0.02
Hero: posts big blind $0.05
*** HOLE CARDS ***
Dealt to ef4019a9 
Dealt to e4f2b74d 
Dealt to Hero [2c Qc]
Dealt to 3f34b493 
Dealt to e25d1963 
Dealt to d14ea9fb 
3f34b493: raises $0.06 to $0.11
e25d1963: folds
d14ea9fb: raises $0.34 to $0.45
ef4019a9: calls $0.45
e4f2b74d: folds
Hero: folds
3f34b493: calls $0.34
*** FLOP *** [Qs Ks 8c]
3f34b493: checks
d14ea9fb: checks
ef4019a9: checks
*** TURN *** [Qs Ks 8c] [Th]
3f34b493: checks
d14ea9fb: checks
ef4019a9: checks
*** RIVER *** [Qs Ks 8c Th] [8s]
3f34b493: checks
d14ea9fb: checks
ef4019a9: checks
3f34b493: shows [9h 7h] (Pair of Eights)
d14ea9fb: shows [9c 9d] (Pair of Nines and Pair of Eights)
ef4019a9: shows [6d 6h] (Pair of Eights and Pair of Sixes)
*** SHOWDOWN ***
d14ea9fb collected $1.35 from pot
*** SUMMARY ***
Total pot $1.42 | Rake $0.07 | Jackpot $0 | Bingo $0 | Fortune $0 | Tax $0
Board [Qs Ks 8c Th 8s]
Seat 1: ef4019a9 (button) showed [6d 6h] and lost with Pair of Eights and Pair of Sixes
Seat 2: e4f2b74d (small blind) folded before Flop
Seat 3: Hero (big blind) folded before Flop
Seat 4: 3f34b493 showed [9h 7h] and lost with Pair of Eights
Seat 5: e25d1963 folded before Flop (didn't bet)
Seat 6: d14ea9fb showed [9c 9d] and won ($1.35) with Pair of Nines and Pair of Eights


Poker Hand #HD1750259903: Hold'em No Limit ($0.02/$0.05) - 2024/04/28 17:29:26
Table 'NLHBlue30' 6-max Seat #6 is the button
Seat 1: ef4019a9 ($5.27 in chips)
Seat 2: e4f2b74d ($5.33 in chips)
Seat 3: Hero ($5.64 in chips)
Seat 4: 3f34b493 ($7.75 in chips)
Seat 5: e25d1963 ($5.23 in chips)
Seat 6: d14ea9fb ($5 in chips)
ef4019a9: posts small blind $0.02
e4f2b74d: posts big blind $0.05
*** HOLE CARDS ***
Dealt to ef4019a9 
Dealt to e4f2b74d 
Dealt to Hero [7s 8d]
Dealt to 3f34b493 
Dealt to e25d1963 
Dealt to d14ea9fb 
Hero: folds
3f34b493: folds
e25d1963: folds
d14ea9fb: folds
ef4019a9: folds
Uncalled bet ($0.03) returned to e4f2b74d
*** SHOWDOWN ***
e4f2b74d collected $0.04 from pot
*** SUMMARY ***
Total pot $0.04 | Rake $0 | Jackpot $0 | Bingo $0 | Fortune $0 | Tax $0
Seat 1: ef4019a9 (small blind) folded before Flop
Seat 2: e4f2b74d (big blind) collected ($0.04)
Seat 3: Hero folded before Flop (didn't bet)
Seat 4: 3f34b493 folded before Flop (didn't bet)
Seat 5: e25d1963 folded before Flop (didn't bet)
Seat 6: d14ea9fb (button) folded before Flop (didn't bet)


Poker Hand #HD1750259813: Hold'em No Limit ($0.02/$0.05) - 2024/04/28 17:28:38
Table 'NLHBlue30' 6-max Seat #5 is the button
Seat 1: ef4019a9 ($5.32 in chips)
Seat 2: e4f2b74d ($5.23 in chips)
Seat 3: Hero ($5.64 in chips)
Seat 4: 3f34b493 ($7.75 in chips)
Seat 5: e25d1963 ($5.23 in chips)
Seat 6: d14ea9fb ($5 in chips)
d14ea9fb: posts small blind $0.02
ef4019a9: posts big blind $0.05
*** HOLE CARDS ***
Dealt to ef4019a9 
Dealt to e4f2b74d 
Dealt to Hero [7c 8s]
Dealt to 3f34b493 
Dealt to e25d1963 
Dealt to d14ea9fb 
e4f2b74d: calls $0.05
Hero: folds
3f34b493: folds
e25d1963: folds
d14ea9fb: calls $0.03
ef4019a9: checks
*** FLOP *** [Kh 9h 9c]
d14ea9fb: checks
ef4019a9: checks
e4f2b74d: checks
*** TURN *** [Kh 9h 9c] [7h]
d14ea9fb: checks
ef4019a9: checks
e4f2b74d: checks
*** RIVER *** [Kh 9h 9c 7h] [5d]
d14ea9fb: checks
ef4019a9: checks
e4f2b74d: bets $0.15
d14ea9fb: folds
ef4019a9: folds
Uncalled bet ($0.15) returned to e4f2b74d
*** SHOWDOWN ***
e4f2b74d collected $0.15 from pot
*** SUMMARY ***
Total pot $0.15 | Rake $0 | Jackpot $0 | Bingo $0 | Fortune $0 | Tax $0
Board [Kh 9h 9c 7h 5d]
Seat 1: ef4019a9 (big blind) folded on the River
Seat 2: e4f2b74d won ($0.15)
Seat 3: Hero folded before Flop (didn't bet)
Seat 4: 3f34b493 folded before Flop (didn't bet)
Seat 5: e25d1963 (button) folded before Flop (didn't bet)
Seat 6: d14ea9fb (small blind) folded on the River


Poker Hand #HD1750259587: Hold'em No Limit ($0.02/$0.05) - 2024/04/28 17:26:59
Table 'NLHBlue30' 6-max Seat #4 is the button
Seat 1: ef4019a9 ($5.32 in chips)
Seat 2: e4f2b74d ($4.27 in chips)
Seat 3: Hero ($6.7 in chips)
Seat 4: 3f34b493 ($7.75 in chips)
Seat 5: e25d1963 ($5.25 in chips)
Seat 6: d14ea9fb ($5 in chips)
e25d1963: posts small blind $0.02
d14ea9fb: posts big blind $0.05
*** HOLE CARDS ***
Dealt to ef4019a9 
Dealt to e4f2b74d 
Dealt to Hero [Qs Ad]
Dealt to 3f34b493 
Dealt to e25d1963 
Dealt to d14ea9fb 
ef4019a9: folds
e4f2b74d: calls $0.05
Hero: raises $0.15 to $0.2
3f34b493: folds
e25d1963: folds
d14ea9fb: folds
e4f2b74d: calls $0.15
*** FLOP *** [3s 5h Td]
e4f2b74d: checks
Hero: checks
*** TURN *** [3s 5h Td] [As]
e4f2b74d: checks
Hero: bets $0.2
e4f2b74d: calls $0.2
*** RIVER *** [3s 5h Td As] [2c]
e4f2b74d: bets $0.66
Hero: calls $0.66
e4f2b74d: shows [9d 4d] (Fives-High Straight)
Hero: shows [Qs Ad] (Pair of Aces)
*** SHOWDOWN ***
e4f2b74d collected $2.02 from pot
*** SUMMARY ***
Total pot $2.19 | Rake $0.12 | Jackpot $0.05 | Bingo $0 | Fortune $0 | Tax $0
Board [3s 5h Td As 2c]
Seat 1: ef4019a9 folded before Flop (didn't bet)
Seat 2: e4f2b74d showed [9d 4d] and won ($2.02) with Fives-High Straight
Seat 3: Hero showed [Qs Ad] and lost with Pair of Aces
Seat 4: 3f34b493 (button) folded before Flop (didn't bet)
Seat 5: e25d1963 (small blind) folded before Flop
Seat 6: d14ea9fb (big blind) folded before Flop


Poker Hand #HD1750259558: Hold'em No Limit ($0.02/$0.05) - 2024/04/28 17:26:44
Table 'NLHBlue30' 6-max Seat #3 is the button
Seat 1: ef4019a9 ($5.25 in chips)
Seat 2: e4f2b74d ($4.27 in chips)
Seat 3: Hero ($6.7 in chips)
Seat 4: 3f34b493 ($7.77 in chips)
Seat 5: e25d1963 ($5.3 in chips)
3f34b493: posts small blind $0.02
e25d1963: posts big blind $0.05
*** HOLE CARDS ***
Dealt to ef4019a9 
Dealt to e4f2b74d 
Dealt to Hero [Ah 3s]
Dealt to 3f34b493 
Dealt to e25d1963 
ef4019a9: raises $0.05 to $0.1
e4f2b74d: folds
Hero: folds
3f34b493: folds
e25d1963: folds
Uncalled bet ($0.05) returned to ef4019a9
*** SHOWDOWN ***
ef4019a9 collected $0.12 from pot
*** SUMMARY ***
Total pot $0.12 | Rake $0 | Jackpot $0 | Bingo $0 | Fortune $0 | Tax $0
Seat 1: ef4019a9 collected ($0.12)
Seat 2: e4f2b74d folded before Flop (didn't bet)
Seat 3: Hero (button) folded before Flop (didn't bet)
Seat 4: 3f34b493 (small blind) folded before Flop
Seat 5: e25d1963 (big blind) folded before Flop


Poker Hand #HD1750259451: Hold'em No Limit ($0.02/$0.05) - 2024/04/28 17:26:03
Table 'NLHBlue30' 6-max Seat #2 is the button
Seat 1: ef4019a9 ($5.25 in chips)
Seat 2: e4f2b74d ($4.68 in chips)
Seat 3: Hero ($6.72 in chips)
Seat 4: 3f34b493 ($7.38 in chips)
Seat 5: e25d1963 ($5.3 in chips)
Hero: posts small blind $0.02
3f34b493: posts big blind $0.05
*** HOLE CARDS ***
Dealt to ef4019a9 
Dealt to e4f2b74d 
Dealt to Hero [9h 2h]
Dealt to 3f34b493 
Dealt to e25d1963 
e25d1963: folds
ef4019a9: folds
e4f2b74d: raises $0.05 to $0.1
Hero: folds
3f34b493: raises $0.31 to $0.41
e4f2b74d: calls $0.31
*** FLOP *** [Kd Qs Ad]
3f34b493: bets $0.44
e4f2b74d: folds
Uncalled bet ($0.44) returned to 3f34b493
*** SHOWDOWN ***
3f34b493 collected $0.8 from pot
*** SUMMARY ***
Total pot $0.84 | Rake $0.04 | Jackpot $0 | Bingo $0 | Fortune $0 | Tax $0
Board [Kd Qs Ad]
Seat 1: ef4019a9 folded before Flop (didn't bet)
Seat 2: e4f2b74d (button) folded on the Flop
Seat 3: Hero (small blind) folded before Flop
Seat 4: 3f34b493 (big blind) won ($0.8)
Seat 5: e25d1963 folded before Flop (didn't bet)


Poker Hand #HD1750259330: Hold'em No Limit ($0.02/$0.05) - 2024/04/28 17:25:11
Table 'NLHBlue30' 6-max Seat #1 is the button
Seat 1: ef4019a9 ($4.93 in chips)
Seat 2: e4f2b74d ($4.7 in chips)
Seat 3: Hero ($6.77 in chips)
Seat 4: 3f34b493 ($7.38 in chips)
Seat 5: e25d1963 ($5.58 in chips)
e4f2b74d: posts small blind $0.02
Hero: posts big blind $0.05
*** HOLE CARDS ***
Dealt to ef4019a9 
Dealt to e4f2b74d 
Dealt to Hero [3h 5h]
Dealt to 3f34b493 
Dealt to e25d1963 
3f34b493: folds
e25d1963: raises $0.08 to $0.13
ef4019a9: calls $0.13
e4f2b74d: folds
Hero: folds
*** FLOP *** [9d 5d 3c]
e25d1963: bets $0.15
ef4019a9: calls $0.15
*** TURN *** [9d 5d 3c] [8c]
e25d1963: checks
ef4019a9: bets $0.48
e25d1963: folds
Uncalled bet ($0.48) returned to ef4019a9
*** SHOWDOWN ***
ef4019a9 collected $0.6 from pot
*** SUMMARY ***
Total pot $0.63 | Rake $0.03 | Jackpot $0 | Bingo $0 | Fortune $0 | Tax $0
Board [9d 5d 3c 8c]
Seat 1: ef4019a9 (button) won ($0.6)
Seat 2: e4f2b74d (small blind) folded before Flop
Seat 3: Hero (big blind) folded before Flop
Seat 4: 3f34b493 folded before Flop (didn't bet)
Seat 5: e25d1963 folded on the Turn


Poker Hand #HD1750259158: Hold'em No Limit ($0.02/$0.05) - 2024/04/28 17:23:52
Table 'NLHBlue30' 6-max Seat #6 is the button
Seat 1: ef4019a9 ($4.95 in chips)
Seat 2: e4f2b74d ($5 in chips)
Seat 3: Hero ($6.77 in chips)
Seat 4: 3f34b493 ($7.68 in chips)
Seat 5: e25d1963 ($5 in chips)
Seat 6: dde5bf42 ($6.59 in chips)
ef4019a9: posts small blind $0.02
e4f2b74d: posts big blind $0.05
*** HOLE CARDS ***
Dealt to ef4019a9 
Dealt to e4f2b74d 
Dealt to Hero [6d Qs]
Dealt to 3f34b493 
Dealt to e25d1963 
Dealt to dde5bf42 
Hero: folds
3f34b493: raises $0.06 to $0.11
e25d1963: calls $0.11
dde5bf42: folds
ef4019a9: folds
e4f2b74d: calls $0.06
*** FLOP *** [Qd Ac As]
e4f2b74d: checks
3f34b493: checks
e25d1963: checks
*** TURN *** [Qd Ac As] [7h]
e4f2b74d: checks
3f34b493: bets $0.19
e25d1963: calls $0.19
e4f2b74d: calls $0.19
*** RIVER *** [Qd Ac As 7h] [Qc]
e4f2b74d: checks
3f34b493: checks
e25d1963: bets $0.41
e4f2b74d: folds
3f34b493: folds
Uncalled bet ($0.41) returned to e25d1963
*** SHOWDOWN ***
e25d1963 collected $0.88 from pot
*** SUMMARY ***
Total pot $0.92 | Rake $0.04 | Jackpot $0 | Bingo $0 | Fortune $0 | Tax $0
Board [Qd Ac As 7h Qc]
Seat 1: ef4019a9 (small blind) folded before Flop
Seat 2: e4f2b74d (big blind) folded on the River
Seat 3: Hero folded before Flop (didn't bet)
Seat 4: 3f34b493 folded on the River
Seat 5: e25d1963 won ($0.88)
Seat 6: dde5bf42 (button) folded before Flop (didn't bet)


Poker Hand #HD1750259087: Hold'em No Limit ($0.02/$0.05) - 2024/04/28 17:23:20
Table 'NLHBlue30' 6-max Seat #5 is the button
Seat 1: ef4019a9 ($5 in chips)
Seat 3: Hero ($6.77 in chips)
Seat 4: 3f34b493 ($8.09 in chips)
Seat 5: e25d1963 ($5 in chips)
Seat 6: dde5bf42 ($6.17 in chips)
dde5bf42: posts small blind $0.02
ef4019a9: posts big blind $0.05
*** HOLE CARDS ***
Dealt to ef4019a9 
Dealt to Hero [6c Jh]
Dealt to 3f34b493 
Dealt to e25d1963 
Dealt to dde5bf42 
Hero: folds
3f34b493: raises $0.06 to $0.11
e25d1963: folds
dde5bf42: raises $0.3 to $0.41
ef4019a9: folds
3f34b493: calls $0.3
*** FLOP *** [8d 8c Kc]
dde5bf42: bets $0.29
3f34b493: folds
Uncalled bet ($0.29) returned to dde5bf42
*** SHOWDOWN ***
dde5bf42 collected $0.83 from pot
*** SUMMARY ***
Total pot $0.87 | Rake $0.04 | Jackpot $0 | Bingo $0 | Fortune $0 | Tax $0
Board [8d 8c Kc]
Seat 1: ef4019a9 (big blind) folded before Flop
Seat 3: Hero folded before Flop (didn't bet)
Seat 4: 3f34b493 folded on the Flop
Seat 5: e25d1963 (button) folded before Flop (didn't bet)
Seat 6: dde5bf42 (small blind) won ($0.83)


Poker Hand #HD1750259066: Hold'em No Limit ($0.02/$0.05) - 2024/04/28 17:23:08
Table 'NLHBlue30' 6-max Seat #4 is the button
Seat 1: ef4019a9 ($4.49 in chips)
Seat 3: Hero ($6.77 in chips)
Seat 4: 3f34b493 ($8.02 in chips)
Seat 5: e25d1963 ($5.02 in chips)
Seat 6: dde5bf42 ($6.22 in chips)
e25d1963: posts small blind $0.02
dde5bf42: posts big blind $0.05
*** HOLE CARDS ***
Dealt to ef4019a9 
Dealt to Hero [Qc 4d]
Dealt to 3f34b493 
Dealt to e25d1963 
Dealt to dde5bf42 
ef4019a9: folds
Hero: folds
3f34b493: raises $0.06 to $0.11
e25d1963: folds
dde5bf42: folds
Uncalled bet ($0.06) returned to 3f34b493
*** SHOWDOWN ***
3f34b493 collected $0.12 from pot
*** SUMMARY ***
Total pot $0.12 | Rake $0 | Jackpot $0 | Bingo $0 | Fortune $0 | Tax $0
Seat 1: ef4019a9 folded before Flop (didn't bet)
Seat 3: Hero folded before Flop (didn't bet)
Seat 4: 3f34b493 (button) collected ($0.12)
Seat 5: e25d1963 (small blind) folded before Flop
Seat 6: dde5bf42 (big blind) folded before Flop


Poker Hand #HD1750259043: Hold'em No Limit ($0.02/$0.05) - 2024/04/28 17:22:58
Table 'NLHBlue30' 6-max Seat #3 is the button
Seat 1: ef4019a9 ($4.49 in chips)
Seat 3: Hero ($6.77 in chips)
Seat 4: 3f34b493 ($8.04 in chips)
Seat 5: e25d1963 ($5 in chips)
Seat 6: dde5bf42 ($6.22 in chips)
3f34b493: posts small blind $0.02
e25d1963: posts big blind $0.05
*** HOLE CARDS ***
Dealt to ef4019a9 
Dealt to Hero [9d Jh]
Dealt to 3f34b493 
Dealt to e25d1963 
Dealt to dde5bf42 
dde5bf42: folds
ef4019a9: folds
Hero: folds
3f34b493: folds
Uncalled bet ($0.03) returned to e25d1963
*** SHOWDOWN ***
e25d1963 collected $0.04 from pot
*** SUMMARY ***
Total pot $0.04 | Rake $0 | Jackpot $0 | Bingo $0 | Fortune $0 | Tax $0
Seat 1: ef4019a9 folded before Flop (didn't bet)
Seat 3: Hero (button) folded before Flop (didn't bet)
Seat 4: 3f34b493 (small blind) folded before Flop
Seat 5: e25d1963 (big blind) collected ($0.04)
Seat 6: dde5bf42 folded before Flop (didn't bet)


Poker Hand #HD1750258847: Hold'em No Limit ($0.02/$0.05) - 2024/04/28 17:21:38
Table 'NLHBlue30' 6-max Seat #1 is the button
Seat 1: ef4019a9 ($4.99 in chips)
Seat 2: a1e5d50a ($1.41 in chips)
Seat 3: Hero ($5.07 in chips)
Seat 4: 3f34b493 ($8.04 in chips)
Seat 6: dde5bf42 ($6.22 in chips)
a1e5d50a: posts small blind $0.02
Hero: posts big blind $0.05
*** HOLE CARDS ***
Dealt to ef4019a9 
Dealt to a1e5d50a 
Dealt to Hero [Qd Qc]
Dealt to 3f34b493 
Dealt to dde5bf42 
3f34b493: folds
dde5bf42: folds
ef4019a9: raises $0.1 to $0.15
a1e5d50a: calls $0.13
Hero: raises $0.35 to $0.5
ef4019a9: calls $0.35
a1e5d50a: raises $0.91 to $1.41 and is all-in
Hero: raises $3.66 to $5.07 and is all-in
ef4019a9: folds
Uncalled bet ($3.66) returned to Hero
Hero: shows [Qd Qc]
a1e5d50a: shows [7c 8c]
*** FLOP *** [Jc 4h Qs]
*** TURN *** [Jc 4h Qs] [9h]
*** RIVER *** [Jc 4h Qs 9h] [Kh]
*** SHOWDOWN ***
Hero collected $3.11 from pot
*** SUMMARY ***
Total pot $3.32 | Rake $0.16 | Jackpot $0.05 | Bingo $0 | Fortune $0 | Tax $0
Board [Jc 4h Qs 9h Kh]
Seat 1: ef4019a9 (button) folded before Flop
Seat 2: a1e5d50a (small blind) showed [7c 8c] and lost with King-High
Seat 3: Hero (big blind) showed [Qd Qc] and won ($3.11) with Three Queens
Seat 4: 3f34b493 folded before Flop (didn't bet)
Seat 6: dde5bf42 folded before Flop (didn't bet)


Poker Hand #HD1750258777: Hold'em No Limit ($0.02/$0.05) - 2024/04/28 17:21:09
Table 'NLHBlue30' 6-max Seat #6 is the button
Seat 1: ef4019a9 ($4.9 in chips)
Seat 2: a1e5d50a ($1.51 in chips)
Seat 3: Hero ($5.07 in chips)
Seat 4: 3f34b493 ($8.04 in chips)
Seat 6: dde5bf42 ($6.22 in chips)
ef4019a9: posts small blind $0.02
a1e5d50a: posts big blind $0.05
*** HOLE CARDS ***
Dealt to ef4019a9 
Dealt to a1e5d50a 
Dealt to Hero [6s 9s]
Dealt to 3f34b493 
Dealt to dde5bf42 
Hero: folds
3f34b493: folds
dde5bf42: folds
ef4019a9: calls $0.03
a1e5d50a: checks
*** FLOP *** [8s 3d Qd]
ef4019a9: checks
a1e5d50a: checks
*** TURN *** [8s 3d Qd] [Ts]
ef4019a9: bets $0.05
a1e5d50a: calls $0.05
*** RIVER *** [8s 3d Qd Ts] [2c]
ef4019a9: checks
a1e5d50a: checks
ef4019a9: shows [6c 8c] (Pair of Eights)
a1e5d50a: shows [Ks Jc] (King-High)
*** SHOWDOWN ***
ef4019a9 collected $0.19 from pot
*** SUMMARY ***
Total pot $0.2 | Rake $0.01 | Jackpot $0 | Bingo $0 | Fortune $0 | Tax $0
Board [8s 3d Qd Ts 2c]
Seat 1: ef4019a9 (small blind) showed [6c 8c] and won ($0.19) with Pair of Eights
Seat 2: a1e5d50a (big blind) showed [Ks Jc] and lost with King-High
Seat 3: Hero folded before Flop (didn't bet)
Seat 4: 3f34b493 folded before Flop (didn't bet)
Seat 6: dde5bf42 (button) folded before Flop (didn't bet)


Poker Hand #HD1750258709: Hold'em No Limit ($0.02/$0.05) - 2024/04/28 17:20:40
Table 'NLHBlue30' 6-max Seat #4 is the button
Seat 1: ef4019a9 ($5 in chips)
Seat 2: a1e5d50a ($1.4 in chips)
Seat 3: Hero ($5.07 in chips)
Seat 4: 3f34b493 ($8.04 in chips)
Seat 6: dde5bf42 ($6.24 in chips)
dde5bf42: posts small blind $0.02
ef4019a9: posts big blind $0.05
*** HOLE CARDS ***
Dealt to ef4019a9 
Dealt to a1e5d50a 
Dealt to Hero [3h 3s]
Dealt to 3f34b493 
Dealt to dde5bf42 
a1e5d50a: raises $0.05 to $0.1
Hero: folds
3f34b493: folds
dde5bf42: folds
ef4019a9: calls $0.05
*** FLOP *** [As Ts 6s]
ef4019a9: checks
a1e5d50a: checks
*** TURN *** [As Ts 6s] [Th]
ef4019a9: checks
a1e5d50a: bets $0.22
ef4019a9: folds
Uncalled bet ($0.22) returned to a1e5d50a
*** SHOWDOWN ***
a1e5d50a collected $0.21 from pot
*** SUMMARY ***
Total pot $0.22 | Rake $0.01 | Jackpot $0 | Bingo $0 | Fortune $0 | Tax $0
Board [As Ts 6s Th]
Seat 1: ef4019a9 (big blind) folded on the Turn
Seat 2: a1e5d50a won ($0.21)
Seat 3: Hero folded before Flop (didn't bet)
Seat 4: 3f34b493 (button) folded before Flop (didn't bet)
Seat 6: dde5bf42 (small blind) folded before Flop


Poker Hand #HD1750258671: Hold'em No Limit ($0.02/$0.05) - 2024/04/28 17:20:23
Table 'NLHBlue30' 6-max Seat #3 is the button
Seat 2: a1e5d50a ($1.4 in chips)
Seat 3: Hero ($5 in chips)
Seat 4: 3f34b493 ($8.06 in chips)
Seat 6: dde5bf42 ($6.29 in chips)
3f34b493: posts small blind $0.02
dde5bf42: posts big blind $0.05
*** HOLE CARDS ***
Dealt to a1e5d50a 
Dealt to Hero [Ah Ts]
Dealt to 3f34b493 
Dealt to dde5bf42 
a1e5d50a: folds
Hero: raises $0.07 to $0.12
3f34b493: folds
dde5bf42: folds
Uncalled bet ($0.07) returned to Hero
*** SHOWDOWN ***
Hero collected $0.12 from pot
*** SUMMARY ***
Total pot $0.12 | Rake $0 | Jackpot $0 | Bingo $0 | Fortune $0 | Tax $0
Seat 2: a1e5d50a folded before Flop (didn't bet)
Seat 3: Hero (button) collected ($0.12)
Seat 4: 3f34b493 (small blind) folded before Flop
Seat 6: dde5bf42 (big blind) folded before Flop


Poker Hand #HD1750258612: Hold'em No Limit ($0.02/$0.05) - 2024/04/28 17:19:55
Table 'NLHBlue30' 6-max Seat #2 is the button
Seat 2: a1e5d50a ($1.4 in chips)
Seat 3: Hero ($5.02 in chips)
Seat 4: 3f34b493 ($7.92 in chips)
Seat 5: 53c4f644 ($14.64 in chips)
Hero: posts small blind $0.02
3f34b493: posts big blind $0.05
*** HOLE CARDS ***
Dealt to a1e5d50a 
Dealt to Hero [4c 4h]
Dealt to 3f34b493 
Dealt to 53c4f644 
53c4f644: folds
a1e5d50a: folds
Hero: raises $0.1 to $0.15
3f34b493: raises $0.42 to $0.57
Hero: folds
Uncalled bet ($0.42) returned to 3f34b493
*** SHOWDOWN ***
3f34b493 collected $0.29 from pot
*** SUMMARY ***
Total pot $0.3 | Rake $0.01 | Jackpot $0 | Bingo $0 | Fortune $0 | Tax $0
Seat 2: a1e5d50a (button) folded before Flop (didn't bet)
Seat 3: Hero (small blind) folded before Flop
Seat 4: 3f34b493 (big blind) collected ($0.29)
Seat 5: 53c4f644 folded before Flop (didn't bet)


Poker Hand #HD1750258568: Hold'em No Limit ($0.02/$0.05) - 2024/04/28 17:19:38
Table 'NLHBlue30' 6-max Seat #5 is the button
Seat 2: a1e5d50a ($1.42 in chips)
Seat 3: Hero ($5.07 in chips)
Seat 4: 3f34b493 ($7.85 in chips)
Seat 5: 53c4f644 ($14.64 in chips)
a1e5d50a: posts small blind $0.02
Hero: posts big blind $0.05
*** HOLE CARDS ***
Dealt to a1e5d50a 
Dealt to Hero [8h 9s]
Dealt to 3f34b493 
Dealt to 53c4f644 
3f34b493: raises $0.06 to $0.11
53c4f644: folds
a1e5d50a: folds
Hero: folds
Uncalled bet ($0.06) returned to 3f34b493
*** SHOWDOWN ***
3f34b493 collected $0.12 from pot
*** SUMMARY ***
Total pot $0.12 | Rake $0 | Jackpot $0 | Bingo $0 | Fortune $0 | Tax $0
Seat 2: a1e5d50a (small blind) folded before Flop
Seat 3: Hero (big blind) folded before Flop
Seat 4: 3f34b493 collected ($0.12)
Seat 5: 53c4f644 (button) folded before Flop (didn't bet)


Poker Hand #HD1750258521: Hold'em No Limit ($0.02/$0.05) - 2024/04/28 17:19:14
Table 'NLHBlue30' 6-max Seat #4 is the button
Seat 2: a1e5d50a ($1.24 in chips)
Seat 3: Hero ($5.07 in chips)
Seat 4: 3f34b493 ($7.85 in chips)
Seat 5: 53c4f644 ($14.84 in chips)
53c4f644: posts small blind $0.02
a1e5d50a: posts big blind $0.05
*** HOLE CARDS ***
Dealt to a1e5d50a 
Dealt to Hero [Ks 8s]
Dealt to 3f34b493 
Dealt to 53c4f644 
Hero: folds
3f34b493: folds
53c4f644: raises $0.05 to $0.1
a1e5d50a: calls $0.05
*** FLOP *** [4d Ah 8h]
53c4f644: bets $0.1
a1e5d50a: raises $0.14 to $0.24
53c4f644: folds
Uncalled bet ($0.14) returned to a1e5d50a
*** SHOWDOWN ***
a1e5d50a collected $0.38 from pot
*** SUMMARY ***
Total pot $0.4 | Rake $0.02 | Jackpot $0 | Bingo $0 | Fortune $0 | Tax $0
Board [4d Ah 8h]
Seat 2: a1e5d50a (big blind) won ($0.38)
Seat 3: Hero folded before Flop (didn't bet)
Seat 4: 3f34b493 (button) folded before Flop (didn't bet)
Seat 5: 53c4f644 (small blind) folded on the Flop


Poker Hand #HD1750258483: Hold'em No Limit ($0.02/$0.05) - 2024/04/28 17:18:59
Table 'NLHBlue30' 6-max Seat #3 is the button
Seat 1: e16320d5 ($5.22 in chips)
Seat 2: a1e5d50a ($1.24 in chips)
Seat 3: Hero ($5 in chips)
Seat 4: 3f34b493 ($7.87 in chips)
Seat 5: 53c4f644 ($14.89 in chips)
3f34b493: posts small blind $0.02
53c4f644: posts big blind $0.05
*** HOLE CARDS ***
Dealt to e16320d5 
Dealt to a1e5d50a 
Dealt to Hero [Ah Th]
Dealt to 3f34b493 
Dealt to 53c4f644 
e16320d5: folds
a1e5d50a: folds
Hero: raises $0.07 to $0.12
3f34b493: folds
53c4f644: folds
Uncalled bet ($0.07) returned to Hero
*** SHOWDOWN ***
Hero collected $0.12 from pot
*** SUMMARY ***
Total pot $0.12 | Rake $0 | Jackpot $0 | Bingo $0 | Fortune $0 | Tax $0
Seat 1: e16320d5 folded before Flop (didn't bet)
Seat 2: a1e5d50a folded before Flop (didn't bet)
Seat 3: Hero (button) collected ($0.12)
Seat 4: 3f34b493 (small blind) folded before Flop
Seat 5: 53c4f644 (big blind) folded before Flop


Poker Hand #HD1750258398: Hold'em No Limit ($0.02/$0.05) - 2024/04/28 17:18:29
Table 'NLHBlue30' 6-max Seat #2 is the button
Seat 1: e16320d5 ($5.37 in chips)
Seat 2: a1e5d50a ($1.24 in chips)
Seat 3: Hero ($5 in chips)
Seat 4: 3f34b493 ($7.71 in chips)
Seat 5: 53c4f644 ($14.89 in chips)
Hero: posts small blind $0.02
3f34b493: posts big blind $0.05
*** HOLE CARDS ***
Dealt to e16320d5 
Dealt to a1e5d50a 
Dealt to Hero [Ad 2h]
Dealt to 3f34b493 
Dealt to 53c4f644 
53c4f644: folds
e16320d5: raises $0.1 to $0.15
a1e5d50a: folds
Hero: folds
3f34b493: calls $0.1
*** FLOP *** [7c 9s 3s]
3f34b493: checks
e16320d5: checks
*** TURN *** [7c 9s 3s] [As]
3f34b493: checks
e16320d5: checks
*** RIVER *** [7c 9s 3s As] [Ts]
3f34b493: bets $0.11
e16320d5: folds
Uncalled bet ($0.11) returned to 3f34b493
*** SHOWDOWN ***
3f34b493 collected $0.31 from pot
*** SUMMARY ***
Total pot $0.32 | Rake $0.01 | Jackpot $0 | Bingo $0 | Fortune $0 | Tax $0
Board [7c 9s 3s As Ts]
Seat 1: e16320d5 folded on the River
Seat 2: a1e5d50a (button) folded before Flop (didn't bet)
Seat 3: Hero (small blind) folded before Flop
Seat 4: 3f34b493 (big blind) won ($0.31)
Seat 5: 53c4f644 folded before Flop (didn't bet)


Poker Hand #HD1750258294: Hold'em No Limit ($0.02/$0.05) - 2024/04/28 17:17:47
Table 'NLHBlue30' 6-max Seat #1 is the button
Seat 1: e16320d5 ($5.16 in chips)
Seat 2: a1e5d50a ($1.26 in chips)
Seat 3: Hero ($5 in chips)
Seat 4: 3f34b493 ($7.71 in chips)
Seat 5: 53c4f644 ($14.99 in chips)
a1e5d50a: posts small blind $0.02
Hero: posts big blind $0.05
*** HOLE CARDS ***
Dealt to e16320d5 
Dealt to a1e5d50a 
Dealt to Hero [Kd Jc]
Dealt to 3f34b493 
Dealt to 53c4f644 
3f34b493: folds
53c4f644: raises $0.05 to $0.1
e16320d5: calls $0.1
a1e5d50a: folds
Hero: calls $0.05
*** FLOP *** [Ah 7c 8d]
Hero: checks
53c4f644: checks
e16320d5: bets $0.22
Hero: folds
53c4f644: folds
Uncalled bet ($0.22) returned to e16320d5
*** SHOWDOWN ***
e16320d5 collected $0.31 from pot
*** SUMMARY ***
Total pot $0.32 | Rake $0.01 | Jackpot $0 | Bingo $0 | Fortune $0 | Tax $0
Board [Ah 7c 8d]
Seat 1: e16320d5 (button) won ($0.31)
Seat 2: a1e5d50a (small blind) folded before Flop
Seat 3: Hero (big blind) folded on the Flop
Seat 4: 3f34b493 folded before Flop (didn't bet)
Seat 5: 53c4f644 folded on the Flop


Poker Hand #HD1750258227: Hold'em No Limit ($0.02/$0.05) - 2024/04/28 17:17:15
Table 'NLHBlue30' 6-max Seat #5 is the button
Seat 1: e16320d5 ($5.02 in chips)
Seat 2: a1e5d50a ($1.41 in chips)
Seat 3: Hero ($5 in chips)
Seat 4: 3f34b493 ($7.71 in chips)
Seat 5: 53c4f644 ($14.99 in chips)
e16320d5: posts small blind $0.02
a1e5d50a: posts big blind $0.05
*** HOLE CARDS ***
Dealt to e16320d5 
Dealt to a1e5d50a 
Dealt to Hero [Th 6c]
Dealt to 3f34b493 
Dealt to 53c4f644 
Hero: folds
3f34b493: folds
53c4f644: folds
e16320d5: raises $0.1 to $0.15
a1e5d50a: calls $0.1
*** FLOP *** [Js 9c 5s]
e16320d5: bets $0.2
a1e5d50a: folds
Uncalled bet ($0.2) returned to e16320d5
*** SHOWDOWN ***
e16320d5 collected $0.29 from pot
*** SUMMARY ***
Total pot $0.3 | Rake $0.01 | Jackpot $0 | Bingo $0 | Fortune $0 | Tax $0
Board [Js 9c 5s]
Seat 1: e16320d5 (small blind) won ($0.29)
Seat 2: a1e5d50a (big blind) folded on the Flop
Seat 3: Hero folded before Flop (didn't bet)
Seat 4: 3f34b493 folded before Flop (didn't bet)
Seat 5: 53c4f644 (button) folded before Flop (didn't bet)


Poker Hand #HD1750258206: Hold'em No Limit ($0.02/$0.05) - 2024/04/28 17:17:07
Table 'NLHBlue30' 6-max Seat #4 is the button
Seat 1: e16320d5 ($5 in chips)
Seat 3: Hero ($5 in chips)
Seat 4: 3f34b493 ($7.71 in chips)
Seat 5: 53c4f644 ($15.01 in chips)
53c4f644: posts small blind $0.02
e16320d5: posts big blind $0.05
*** HOLE CARDS ***
Dealt to e16320d5 
Dealt to Hero [2d Qh]
Dealt to 3f34b493 
Dealt to 53c4f644 
Hero: folds
3f34b493: folds
53c4f644: folds
Uncalled bet ($0.03) returned to e16320d5
*** SHOWDOWN ***
e16320d5 collected $0.04 from pot
*** SUMMARY ***
Total pot $0.04 | Rake $0 | Jackpot $0 | Bingo $0 | Fortune $0 | Tax $0
Seat 1: e16320d5 (big blind) collected ($0.04)
Seat 3: Hero folded before Flop (didn't bet)
Seat 4: 3f34b493 (button) folded before Flop (didn't bet)
Seat 5: 53c4f644 (small blind) folded before Flop


Poker Hand #HD1750258042: Hold'em No Limit ($0.02/$0.05) - 2024/04/28 17:15:53
Table 'NLHBlue30' 6-max Seat #3 is the button
Seat 1: e16320d5 ($5 in chips)
Seat 3: Hero ($5 in chips)
Seat 4: 3f34b493 ($7.73 in chips)
Seat 5: 53c4f644 ($10.42 in chips)
3f34b493: posts small blind $0.02
53c4f644: posts big blind $0.05
*** HOLE CARDS ***
Dealt to e16320d5 
Dealt to Hero [Ac 4d]
Dealt to 3f34b493 
Dealt to 53c4f644 
e16320d5: raises $0.1 to $0.15
Hero: folds
3f34b493: folds
53c4f644: raises $0.47 to $0.62
e16320d5: calls $0.47
*** FLOP *** [Ts 5s Qh]
53c4f644: bets $0.98
e16320d5: calls $0.98
*** TURN *** [Ts 5s Qh] [Th]
53c4f644: checks
e16320d5: bets $3.4 and is all-in
53c4f644: calls $3.4
e16320d5: shows [Kc Tc] (Three Tens)
53c4f644: shows [Qs Qd] (Queens Full over Tens)
*** RIVER *** [Ts 5s Qh Th] [2h]
*** SHOWDOWN ***
53c4f644 collected $9.59 from pot
*** SUMMARY ***
Total pot $10.02 | Rake $0.38 | Jackpot $0.05 | Bingo $0 | Fortune $0 | Tax $0
Board [Ts 5s Qh Th 2h]
Seat 1: e16320d5 showed [Kc Tc] and lost with Three Tens
Seat 3: Hero (button) folded before Flop (didn't bet)
Seat 4: 3f34b493 (small blind) folded before Flop
Seat 5: 53c4f644 (big blind) showed [Qs Qd] and won ($9.59) with Queens Full over Tens


Poker Hand #HD1750257865: Hold'em No Limit ($0.02/$0.05) - 2024/04/28 17:14:28
Table 'NLHBlue30' 6-max Seat #1 is the button
Seat 1: e16320d5 ($5.11 in chips)
Seat 2: db084dfa ($3.15 in chips)
Seat 3: Hero ($5 in chips)
Seat 4: 3f34b493 ($7.73 in chips)
Seat 5: 53c4f644 ($7.07 in chips)
Seat 6: dde5bf42 ($6.29 in chips)
db084dfa: posts small blind $0.02
Hero: posts big blind $0.05
*** HOLE CARDS ***
Dealt to e16320d5 
Dealt to db084dfa 
Dealt to Hero [5s 9h]
Dealt to 3f34b493 
Dealt to 53c4f644 
Dealt to dde5bf42 
3f34b493: folds
53c4f644: raises $0.05 to $0.1
dde5bf42: folds
e16320d5: calls $0.1
db084dfa: calls $0.08
Hero: folds
*** FLOP *** [Qd 8d 7d]
db084dfa: bets $0.12
53c4f644: raises $0.32 to $0.44
e16320d5: calls $0.44
db084dfa: calls $0.32
*** TURN *** [Qd 8d 7d] [Qh]
db084dfa: checks
53c4f644: bets $0.71
e16320d5: folds
db084dfa: calls $0.71
*** RIVER *** [Qd 8d 7d Qh] [Qs]
db084dfa: bets $1.9 and is all-in
53c4f644: calls $1.9
db084dfa: shows [7h 7s] (Queens Full over Sevens)
53c4f644: shows [Kd Kc] (Queens Full over Kings)
*** SHOWDOWN ***
53c4f644 collected $6.5 from pot
*** SUMMARY ***
Total pot $6.89 | Rake $0.34 | Jackpot $0.05 | Bingo $0 | Fortune $0 | Tax $0
Board [Qd 8d 7d Qh Qs]
Seat 1: e16320d5 (button) folded on the Turn
Seat 2: db084dfa (small blind) showed [7h 7s] and lost with Queens Full over Sevens
Seat 3: Hero (big blind) folded before Flop
Seat 4: 3f34b493 folded before Flop (didn't bet)
Seat 5: 53c4f644 showed [Kd Kc] and won ($6.5) with Queens Full over Kings
Seat 6: dde5bf42 folded before Flop (didn't bet)


Poker Hand #HD1750257772: Hold'em No Limit ($0.02/$0.05) - 2024/04/28 17:13:50
Table 'NLHBlue30' 6-max Seat #6 is the button
Seat 1: e16320d5 ($5.13 in chips)
Seat 2: db084dfa ($3.01 in chips)
Seat 3: Hero ($5 in chips)
Seat 4: 3f34b493 ($7.73 in chips)
Seat 5: 53c4f644 ($7.07 in chips)
Seat 6: dde5bf42 ($6.42 in chips)
e16320d5: posts small blind $0.02
db084dfa: posts big blind $0.05
*** HOLE CARDS ***
Dealt to e16320d5 
Dealt to db084dfa 
Dealt to Hero [Qc 8s]
Dealt to 3f34b493 
Dealt to 53c4f644 
Dealt to dde5bf42 
Hero: folds
3f34b493: folds
53c4f644: folds
dde5bf42: raises $0.08 to $0.13
e16320d5: folds
db084dfa: calls $0.08
*** FLOP *** [9h 9d 9s]
db084dfa: checks
dde5bf42: checks
*** TURN *** [9h 9d 9s] [3d]
db084dfa: bets $0.1
dde5bf42: folds
Uncalled bet ($0.1) returned to db084dfa
*** SHOWDOWN ***
db084dfa collected $0.27 from pot
*** SUMMARY ***
Total pot $0.28 | Rake $0.01 | Jackpot $0 | Bingo $0 | Fortune $0 | Tax $0
Board [9h 9d 9s 3d]
Seat 1: e16320d5 (small blind) folded before Flop
Seat 2: db084dfa (big blind) won ($0.27)
Seat 3: Hero folded before Flop (didn't bet)
Seat 4: 3f34b493 folded before Flop (didn't bet)
Seat 5: 53c4f644 folded before Flop (didn't bet)
Seat 6: dde5bf42 (button) folded on the Turn


Poker Hand #HD1750257733: Hold'em No Limit ($0.02/$0.05) - 2024/04/28 17:13:34
Table 'NLHBlue30' 6-max Seat #5 is the button
Seat 1: e16320d5 ($5.11 in chips)
Seat 2: db084dfa ($3.01 in chips)
Seat 3: Hero ($5 in chips)
Seat 4: 3f34b493 ($7.73 in chips)
Seat 5: 53c4f644 ($7.07 in chips)
Seat 6: dde5bf42 ($6.44 in chips)
dde5bf42: posts small blind $0.02
e16320d5: posts big blind $0.05
*** HOLE CARDS ***
Dealt to e16320d5 
Dealt to db084dfa 
Dealt to Hero [2d Ac]
Dealt to 3f34b493 
Dealt to 53c4f644 
Dealt to dde5bf42 
db084dfa: folds
Hero: folds
3f34b493: folds
53c4f644: folds
dde5bf42: folds
Uncalled bet ($0.03) returned to e16320d5
*** SHOWDOWN ***
e16320d5 collected $0.04 from pot
*** SUMMARY ***
Total pot $0.04 | Rake $0 | Jackpot $0 | Bingo $0 | Fortune $0 | Tax $0
Seat 1: e16320d5 (big blind) collected ($0.04)
Seat 2: db084dfa folded before Flop (didn't bet)
Seat 3: Hero folded before Flop (didn't bet)
Seat 4: 3f34b493 folded before Flop (didn't bet)
Seat 5: 53c4f644 (button) folded before Flop (didn't bet)
Seat 6: dde5bf42 (small blind) folded before Flop


Poker Hand #HD1750257620: Hold'em No Limit ($0.02/$0.05) - 2024/04/28 17:12:43
Table 'NLHBlue30' 6-max Seat #4 is the button
Seat 1: e16320d5 ($5.11 in chips)
Seat 2: db084dfa ($2.69 in chips)
Seat 3: Hero ($5 in chips)
Seat 4: 3f34b493 ($8.01 in chips)
Seat 5: 53c4f644 ($7.09 in chips)
Seat 6: dde5bf42 ($6.49 in chips)
53c4f644: posts small blind $0.02
dde5bf42: posts big blind $0.05
*** HOLE CARDS ***
Dealt to e16320d5 
Dealt to db084dfa 
Dealt to Hero [8d Ts]
Dealt to 3f34b493 
Dealt to 53c4f644 
Dealt to dde5bf42 
e16320d5: folds
db084dfa: raises $0.1 to $0.15
Hero: folds
3f34b493: calls $0.15
53c4f644: folds
dde5bf42: folds
*** FLOP *** [2d 9h 6d]
db084dfa: bets $0.13
3f34b493: calls $0.13
*** TURN *** [2d 9h 6d] [Qd]
db084dfa: bets $0.21
3f34b493: folds
Uncalled bet ($0.21) returned to db084dfa
*** SHOWDOWN ***
db084dfa collected $0.6 from pot
*** SUMMARY ***
Total pot $0.63 | Rake $0.03 | Jackpot $0 | Bingo $0 | Fortune $0 | Tax $0
Board [2d 9h 6d Qd]
Seat 1: e16320d5 folded before Flop (didn't bet)
Seat 2: db084dfa won ($0.6)
Seat 3: Hero folded before Flop (didn't bet)
Seat 4: 3f34b493 (button) folded on the Turn
Seat 5: 53c4f644 (small blind) folded before Flop
Seat 6: dde5bf42 (big blind) folded before Flop


Poker Hand #HD1750257577: Hold'em No Limit ($0.02/$0.05) - 2024/04/28 17:12:21
Table 'NLHBlue30' 6-max Seat #3 is the button
Seat 1: e16320d5 ($5.11 in chips)
Seat 2: db084dfa ($2.62 in chips)
Seat 3: Hero ($5 in chips)
Seat 4: 3f34b493 ($8.03 in chips)
Seat 5: 53c4f644 ($7.14 in chips)
Seat 6: dde5bf42 ($6.49 in chips)
3f34b493: posts small blind $0.02
53c4f644: posts big blind $0.05
*** HOLE CARDS ***
Dealt to e16320d5 
Dealt to db084dfa 
Dealt to Hero [3h Ac]
Dealt to 3f34b493 
Dealt to 53c4f644 
Dealt to dde5bf42 
dde5bf42: folds
e16320d5: folds
db084dfa: raises $0.1 to $0.15
Hero: folds
3f34b493: folds
53c4f644: folds
Uncalled bet ($0.1) returned to db084dfa
*** SHOWDOWN ***
db084dfa collected $0.12 from pot
*** SUMMARY ***
Total pot $0.12 | Rake $0 | Jackpot $0 | Bingo $0 | Fortune $0 | Tax $0
Seat 1: e16320d5 folded before Flop (didn't bet)
Seat 2: db084dfa collected ($0.12)
Seat 3: Hero (button) folded before Flop (didn't bet)
Seat 4: 3f34b493 (small blind) folded before Flop
Seat 5: 53c4f644 (big blind) folded before Flop
Seat 6: dde5bf42 folded before Flop (didn't bet)


Poker Hand #HD1750257528: Hold'em No Limit ($0.02/$0.05) - 2024/04/28 17:12:01
Table 'NLHBlue30' 6-max Seat #2 is the button
Seat 1: e16320d5 ($5.11 in chips)
Seat 2: db084dfa ($2.55 in chips)
Seat 3: Hero ($5 in chips)
Seat 4: 3f34b493 ($8.08 in chips)
Seat 5: 53c4f644 ($7.14 in chips)
Seat 6: dde5bf42 ($6.49 in chips)
Hero: posts small blind $0.02
3f34b493: posts big blind $0.05
*** HOLE CARDS ***
Dealt to e16320d5 
Dealt to db084dfa 
Dealt to Hero [9d 3h]
Dealt to 3f34b493 
Dealt to 53c4f644 
Dealt to dde5bf42 
53c4f644: folds
dde5bf42: folds
e16320d5: folds
db084dfa: raises $0.1 to $0.15
Hero: folds
3f34b493: folds
Uncalled bet ($0.1) returned to db084dfa
*** SHOWDOWN ***
db084dfa collected $0.12 from pot
*** SUMMARY ***
Total pot $0.12 | Rake $0 | Jackpot $0 | Bingo $0 | Fortune $0 | Tax $0
Seat 1: e16320d5 folded before Flop (didn't bet)
Seat 2: db084dfa (button) collected ($0.12)
Seat 3: Hero (small blind) folded before Flop
Seat 4: 3f34b493 (big blind) folded before Flop
Seat 5: 53c4f644 folded before Flop (didn't bet)
Seat 6: dde5bf42 folded before Flop (didn't bet)


Poker Hand #HD1750257371: Hold'em No Limit ($0.02/$0.05) - 2024/04/28 17:10:44
Table 'NLHBlue30' 6-max Seat #1 is the button
Seat 1: e16320d5 ($5.22 in chips)
Seat 2: db084dfa ($2.57 in chips)
Seat 3: Hero ($5 in chips)
Seat 4: 3f34b493 ($8.08 in chips)
Seat 5: 53c4f644 ($7.14 in chips)
Seat 6: dde5bf42 ($6.49 in chips)
db084dfa: posts small blind $0.02
Hero: posts big blind $0.05
*** HOLE CARDS ***
Dealt to e16320d5 
Dealt to db084dfa 
Dealt to Hero [Ac 9h]
Dealt to 3f34b493 
Dealt to 53c4f644 
Dealt to dde5bf42 
3f34b493: folds
53c4f644: folds
dde5bf42: folds
e16320d5: raises $0.06 to $0.11
db084dfa: calls $0.09
Hero: calls $0.06
*** FLOP *** [2c Ah 2d]
db084dfa: checks
Hero: checks
e16320d5: checks
*** TURN *** [2c Ah 2d] [7d]
db084dfa: bets $0.25
Hero: calls $0.25
e16320d5: folds
*** RIVER *** [2c Ah 2d 7d] [2h]
db084dfa: bets $0.63
Hero: calls $0.63
db084dfa: shows [7h As] (Twos Full over Aces)
Hero: shows [Ac 9h] (Twos Full over Aces)
*** SHOWDOWN ***
db084dfa collected $0.97 from pot
Hero collected $0.97 from pot
*** SUMMARY ***
Total pot $2.09 | Rake $0.1 | Jackpot $0.05 | Bingo $0 | Fortune $0 | Tax $0
Board [2c Ah 2d 7d 2h]
Seat 1: e16320d5 (button) folded on the Turn
Seat 2: db084dfa (small blind) showed [7h As] and won ($0.97) with Twos Full over Aces
Seat 3: Hero (big blind) showed [Ac 9h] and won ($0.97) with Twos Full over Aces
Seat 4: 3f34b493 folded before Flop (didn't bet)
Seat 5: 53c4f644 folded before Flop (didn't bet)
Seat 6: dde5bf42 folded before Flop (didn't bet)


