Poker Hand #HD1858030525: Hold'em No Limit ($0.05/$0.1) - 2024/07/15 16:23:15
Table 'NLHRed58' 6-max Seat #4 is the button
Seat 1: e5d9769d ($10.15 in chips)
Seat 2: 5ccc0ee8 ($10.12 in chips)
Seat 4: 1a3bd404 ($10.5 in chips)
Seat 5: 7240a277 ($10 in chips)
Seat 6: Hero ($10.65 in chips)
7240a277: posts small blind $0.05
Hero: posts big blind $0.1
*** HOLE CARDS ***
Dealt to e5d9769d 
Dealt to 5ccc0ee8 
Dealt to 1a3bd404 
Dealt to 7240a277 
Dealt to Hero [5s 7h]
e5d9769d: raises $0.15 to $0.25
5ccc0ee8: folds
1a3bd404: calls $0.25
7240a277: raises $0.85 to $1.1
Hero: folds
e5d9769d: raises $9.05 to $10.15 and is all-in
1a3bd404: folds
7240a277: folds
Uncalled bet ($9.05) returned to e5d9769d
*** SHOWDOWN ***
e5d9769d collected $2.43 from pot
*** SUMMARY ***
Total pot $2.55 | Rake $0.12 | Jackpot $0 | Bingo $0 | Fortune $0 | Tax $0
Seat 1: e5d9769d collected ($2.43)
Seat 2: 5ccc0ee8 folded before Flop (didn't bet)
Seat 4: 1a3bd404 (button) folded before Flop
Seat 5: 7240a277 (small blind) folded before Flop
Seat 6: Hero (big blind) folded before Flop


