Poker Hand #HD1860552863: Hold'em No Limit ($0.05/$0.1) - 2024/07/17 11:43:24
Table 'NLHRed14' 6-max Seat #5 is the button
Seat 1: 12df980b ($11.22 in chips)
Seat 2: Hero ($10.4 in chips)
Seat 4: ddf0cf40 ($14.45 in chips)
Seat 5: a645a81a ($9.85 in chips)
Seat 6: 7030e05 ($10.05 in chips)
7030e05: posts small blind $0.05
12df980b: posts big blind $0.1
*** HOLE CARDS ***
Dealt to 12df980b 
Dealt to Hero [Th 3s]
Dealt to ddf0cf40 
Dealt to a645a81a 
Dealt to 7030e05 
Hero: folds
ddf0cf40: folds
a645a81a: folds
7030e05: raises $0.2 to $0.3
12df980b: folds
Uncalled bet ($0.2) returned to 7030e05
*** SHOWDOWN ***
7030e05 collected $0.2 from pot
*** SUMMARY ***
Total pot $0.2 | Rake $0 | Jackpot $0 | Bingo $0 | Fortune $0 | Tax $0
Seat 1: 12df980b (big blind) folded before Flop
Seat 2: Hero folded before Flop (didn't bet)
Seat 4: ddf0cf40 folded before Flop (didn't bet)
Seat 5: a645a81a (button) folded before Flop (didn't bet)
Seat 6: 7030e05 (small blind) collected ($0.2)


Poker Hand #HD1860552842: Hold'em No Limit ($0.05/$0.1) - 2024/07/17 11:43:14
Table 'NLHRed14' 6-max Seat #4 is the button
Seat 1: 12df980b ($11.22 in chips)
Seat 2: Hero ($10.4 in chips)
Seat 4: ddf0cf40 ($14.45 in chips)
Seat 5: a645a81a ($9.9 in chips)
Seat 6: 7030e05 ($10 in chips)
a645a81a: posts small blind $0.05
7030e05: posts big blind $0.1
*** HOLE CARDS ***
Dealt to 12df980b 
Dealt to Hero [Kd 6h]
Dealt to ddf0cf40 
Dealt to a645a81a 
Dealt to 7030e05 
12df980b: folds
Hero: folds
ddf0cf40: folds
a645a81a: folds
Uncalled bet ($0.05) returned to 7030e05
*** SHOWDOWN ***
7030e05 collected $0.1 from pot
*** SUMMARY ***
Total pot $0.1 | Rake $0 | Jackpot $0 | Bingo $0 | Fortune $0 | Tax $0
Seat 1: 12df980b folded before Flop (didn't bet)
Seat 2: Hero folded before Flop (didn't bet)
Seat 4: ddf0cf40 (button) folded before Flop (didn't bet)
Seat 5: a645a81a (small blind) folded before Flop
Seat 6: 7030e05 (big blind) collected ($0.1)


Poker Hand #HD1860552781: Hold'em No Limit ($0.05/$0.1) - 2024/07/17 11:42:45
Table 'NLHRed14' 6-max Seat #2 is the button
Seat 1: 12df980b ($11.22 in chips)
Seat 2: Hero ($10.4 in chips)
Seat 4: ddf0cf40 ($14.35 in chips)
Seat 5: a645a81a ($10 in chips)
Seat 6: 7030e05 ($10 in chips)
ddf0cf40: posts small blind $0.05
a645a81a: posts big blind $0.1
*** HOLE CARDS ***
Dealt to 12df980b 
Dealt to Hero [8s 9d]
Dealt to ddf0cf40 
Dealt to a645a81a 
Dealt to 7030e05 
7030e05: folds
12df980b: folds
Hero: folds
ddf0cf40: raises $0.2 to $0.3
a645a81a: folds
Uncalled bet ($0.2) returned to ddf0cf40
*** SHOWDOWN ***
ddf0cf40 collected $0.2 from pot
*** SUMMARY ***
Total pot $0.2 | Rake $0 | Jackpot $0 | Bingo $0 | Fortune $0 | Tax $0
Seat 1: 12df980b folded before Flop (didn't bet)
Seat 2: Hero (button) folded before Flop (didn't bet)
Seat 4: ddf0cf40 (small blind) collected ($0.2)
Seat 5: a645a81a (big blind) folded before Flop
Seat 6: 7030e05 folded before Flop (didn't bet)


Poker Hand #HD1860552732: Hold'em No Limit ($0.05/$0.1) - 2024/07/17 11:42:16
Table 'NLHRed14' 6-max Seat #1 is the button
Seat 1: 12df980b ($11.22 in chips)
Seat 2: Hero ($10.7 in chips)
Seat 4: ddf0cf40 ($14.08 in chips)
Seat 6: 7030e05 ($10 in chips)
Hero: posts small blind $0.05
ddf0cf40: posts big blind $0.1
*** HOLE CARDS ***
Dealt to 12df980b 
Dealt to Hero [Qs 8s]
Dealt to ddf0cf40 
Dealt to 7030e05 
7030e05: folds
12df980b: folds
Hero: raises $0.2 to $0.3
ddf0cf40: raises $0.6 to $0.9
Hero: folds
Uncalled bet ($0.6) returned to ddf0cf40
*** SHOWDOWN ***
ddf0cf40 collected $0.57 from pot
*** SUMMARY ***
Total pot $0.6 | Rake $0.03 | Jackpot $0 | Bingo $0 | Fortune $0 | Tax $0
Seat 1: 12df980b (button) folded before Flop (didn't bet)
Seat 2: Hero (small blind) folded before Flop
Seat 4: ddf0cf40 (big blind) collected ($0.57)
Seat 6: 7030e05 folded before Flop (didn't bet)


Poker Hand #HD1860552669: Hold'em No Limit ($0.05/$0.1) - 2024/07/17 11:41:45
Table 'NLHRed14' 6-max Seat #6 is the button
Seat 1: 12df980b ($11.52 in chips)
Seat 2: Hero ($10.43 in chips)
Seat 4: ddf0cf40 ($14.08 in chips)
Seat 6: 7030e05 ($10 in chips)
12df980b: posts small blind $0.05
Hero: posts big blind $0.1
*** HOLE CARDS ***
Dealt to 12df980b 
Dealt to Hero [2c Qc]
Dealt to ddf0cf40 
Dealt to 7030e05 
ddf0cf40: folds
7030e05: folds
12df980b: raises $0.2 to $0.3
Hero: calls $0.2
*** FLOP *** [4c Jh 5c]
12df980b: checks
Hero: bets $0.4
12df980b: folds
Uncalled bet ($0.4) returned to Hero
*** SHOWDOWN ***
Hero collected $0.57 from pot
*** SUMMARY ***
Total pot $0.6 | Rake $0.03 | Jackpot $0 | Bingo $0 | Fortune $0 | Tax $0
Board [4c Jh 5c]
Seat 1: 12df980b (small blind) folded on the Flop
Seat 2: Hero (big blind) won ($0.57)
Seat 4: ddf0cf40 folded before Flop (didn't bet)
Seat 6: 7030e05 (button) folded before Flop (didn't bet)


Poker Hand #HD1860552627: Hold'em No Limit ($0.05/$0.1) - 2024/07/17 11:41:20
Table 'NLHRed14' 6-max Seat #4 is the button
Seat 1: 12df980b ($11.24 in chips)
Seat 2: Hero ($10.43 in chips)
Seat 4: ddf0cf40 ($14.33 in chips)
Seat 6: 7030e05 ($10 in chips)
7030e05: posts small blind $0.05
12df980b: posts big blind $0.1
*** HOLE CARDS ***
Dealt to 12df980b 
Dealt to Hero [Qd 5c]
Dealt to ddf0cf40 
Dealt to 7030e05 
Hero: folds
ddf0cf40: raises $0.15 to $0.25
7030e05: folds
12df980b: raises $0.72 to $0.97
ddf0cf40: folds
Uncalled bet ($0.72) returned to 12df980b
*** SHOWDOWN ***
12df980b collected $0.53 from pot
*** SUMMARY ***
Total pot $0.55 | Rake $0.02 | Jackpot $0 | Bingo $0 | Fortune $0 | Tax $0
Seat 1: 12df980b (big blind) collected ($0.53)
Seat 2: Hero folded before Flop (didn't bet)
Seat 4: ddf0cf40 (button) folded before Flop
Seat 6: 7030e05 (small blind) folded before Flop


Poker Hand #HD1860552587: Hold'em No Limit ($0.05/$0.1) - 2024/07/17 11:40:57
Table 'NLHRed14' 6-max Seat #3 is the button
Seat 1: 12df980b ($11.24 in chips)
Seat 2: Hero ($10.28 in chips)
Seat 3: 5afe66d8 ($15.65 in chips)
Seat 4: ddf0cf40 ($14.38 in chips)
Seat 6: 7030e05 ($10 in chips)
ddf0cf40: posts small blind $0.05
7030e05: posts big blind $0.1
*** HOLE CARDS ***
Dealt to 12df980b 
Dealt to Hero [7s 7h]
Dealt to 5afe66d8 
Dealt to ddf0cf40 
Dealt to 7030e05 
12df980b: folds
Hero: raises $0.14 to $0.24
5afe66d8: folds
ddf0cf40: folds
7030e05: folds
Uncalled bet ($0.14) returned to Hero
*** SHOWDOWN ***
Hero collected $0.25 from pot
*** SUMMARY ***
Total pot $0.25 | Rake $0 | Jackpot $0 | Bingo $0 | Fortune $0 | Tax $0
Seat 1: 12df980b folded before Flop (didn't bet)
Seat 2: Hero collected ($0.25)
Seat 3: 5afe66d8 (button) folded before Flop (didn't bet)
Seat 4: ddf0cf40 (small blind) folded before Flop
Seat 6: 7030e05 (big blind) folded before Flop


Poker Hand #HD1860552550: Hold'em No Limit ($0.05/$0.1) - 2024/07/17 11:40:38
Table 'NLHRed14' 6-max Seat #2 is the button
Seat 1: 12df980b ($11.24 in chips)
Seat 2: Hero ($10.13 in chips)
Seat 3: 5afe66d8 ($15.7 in chips)
Seat 4: ddf0cf40 ($14.48 in chips)
Seat 6: 7030e05 ($10 in chips)
5afe66d8: posts small blind $0.05
ddf0cf40: posts big blind $0.1
*** HOLE CARDS ***
Dealt to 12df980b 
Dealt to Hero [8s Ts]
Dealt to 5afe66d8 
Dealt to ddf0cf40 
Dealt to 7030e05 
7030e05: folds
12df980b: folds
Hero: raises $0.14 to $0.24
5afe66d8: folds
ddf0cf40: folds
Uncalled bet ($0.14) returned to Hero
*** SHOWDOWN ***
Hero collected $0.25 from pot
*** SUMMARY ***
Total pot $0.25 | Rake $0 | Jackpot $0 | Bingo $0 | Fortune $0 | Tax $0
Seat 1: 12df980b folded before Flop (didn't bet)
Seat 2: Hero (button) collected ($0.25)
Seat 3: 5afe66d8 (small blind) folded before Flop
Seat 4: ddf0cf40 (big blind) folded before Flop
Seat 6: 7030e05 folded before Flop (didn't bet)


Poker Hand #HD1860552443: Hold'em No Limit ($0.05/$0.1) - 2024/07/17 11:39:41
Table 'NLHRed14' 6-max Seat #1 is the button
Seat 1: 12df980b ($11.24 in chips)
Seat 2: Hero ($10.18 in chips)
Seat 3: 5afe66d8 ($14.85 in chips)
Seat 4: ddf0cf40 ($14.48 in chips)
Seat 6: 7030e05 ($10 in chips)
Hero: posts small blind $0.05
5afe66d8: posts big blind $0.1
*** HOLE CARDS ***
Dealt to 12df980b 
Dealt to Hero [Jd Qc]
Dealt to 5afe66d8 
Dealt to ddf0cf40 
Dealt to 7030e05 
ddf0cf40: folds
7030e05: raises $0.1 to $0.2
12df980b: folds
Hero: folds
5afe66d8: calls $0.1
*** FLOP *** [6h Kd 7h]
5afe66d8: checks
7030e05: checks
*** TURN *** [6h Kd 7h] [Kh]
5afe66d8: bets $0.23
7030e05: calls $0.23
*** RIVER *** [6h Kd 7h Kh] [Tc]
5afe66d8: bets $0.46
7030e05: calls $0.46
5afe66d8: shows [Ks 5s] (Three Kings)
7030e05: shows [9h 9c] (Pair of Kings and Pair of Nines)
*** SHOWDOWN ***
5afe66d8 collected $1.74 from pot
*** SUMMARY ***
Total pot $1.83 | Rake $0.09 | Jackpot $0 | Bingo $0 | Fortune $0 | Tax $0
Board [6h Kd 7h Kh Tc]
Seat 1: 12df980b (button) folded before Flop (didn't bet)
Seat 2: Hero (small blind) folded before Flop
Seat 3: 5afe66d8 (big blind) showed [Ks 5s] and won ($1.74) with Three Kings
Seat 4: ddf0cf40 folded before Flop (didn't bet)
Seat 6: 7030e05 showed [9h 9c] and lost with Pair of Kings and Pair of Nines


Poker Hand #HD1860552412: Hold'em No Limit ($0.05/$0.1) - 2024/07/17 11:39:26
Table 'NLHRed14' 6-max Seat #6 is the button
Seat 1: 12df980b ($11.14 in chips)
Seat 2: Hero ($10.28 in chips)
Seat 3: 5afe66d8 ($14.85 in chips)
Seat 4: ddf0cf40 ($14.48 in chips)
Seat 6: 7030e05 ($10 in chips)
12df980b: posts small blind $0.05
Hero: posts big blind $0.1
*** HOLE CARDS ***
Dealt to 12df980b 
Dealt to Hero [Qh 6h]
Dealt to 5afe66d8 
Dealt to ddf0cf40 
Dealt to 7030e05 
5afe66d8: folds
ddf0cf40: folds
7030e05: folds
12df980b: raises $0.2 to $0.3
Hero: folds
Uncalled bet ($0.2) returned to 12df980b
*** SHOWDOWN ***
12df980b collected $0.2 from pot
*** SUMMARY ***
Total pot $0.2 | Rake $0 | Jackpot $0 | Bingo $0 | Fortune $0 | Tax $0
Seat 1: 12df980b (small blind) collected ($0.2)
Seat 2: Hero (big blind) folded before Flop
Seat 3: 5afe66d8 folded before Flop (didn't bet)
Seat 4: ddf0cf40 folded before Flop (didn't bet)
Seat 6: 7030e05 (button) folded before Flop (didn't bet)


Poker Hand #HD1860552380: Hold'em No Limit ($0.05/$0.1) - 2024/07/17 11:39:09
Table 'NLHRed14' 6-max Seat #4 is the button
Seat 1: 12df980b ($11.24 in chips)
Seat 2: Hero ($10.28 in chips)
Seat 3: 5afe66d8 ($14.7 in chips)
Seat 4: ddf0cf40 ($14.48 in chips)
Seat 6: 7030e05 ($10 in chips)
7030e05: posts small blind $0.05
12df980b: posts big blind $0.1
*** HOLE CARDS ***
Dealt to 12df980b 
Dealt to Hero [5d Ts]
Dealt to 5afe66d8 
Dealt to ddf0cf40 
Dealt to 7030e05 
Hero: folds
5afe66d8: raises $0.15 to $0.25
ddf0cf40: folds
7030e05: folds
12df980b: folds
Uncalled bet ($0.15) returned to 5afe66d8
*** SHOWDOWN ***
5afe66d8 collected $0.25 from pot
*** SUMMARY ***
Total pot $0.25 | Rake $0 | Jackpot $0 | Bingo $0 | Fortune $0 | Tax $0
Seat 1: 12df980b (big blind) folded before Flop
Seat 2: Hero folded before Flop (didn't bet)
Seat 3: 5afe66d8 collected ($0.25)
Seat 4: ddf0cf40 (button) folded before Flop (didn't bet)
Seat 6: 7030e05 (small blind) folded before Flop


Poker Hand #HD1860552352: Hold'em No Limit ($0.05/$0.1) - 2024/07/17 11:38:54
Table 'NLHRed14' 6-max Seat #3 is the button
Seat 1: 12df980b ($11.24 in chips)
Seat 2: Hero ($10.28 in chips)
Seat 3: 5afe66d8 ($14.55 in chips)
Seat 4: ddf0cf40 ($14.53 in chips)
Seat 6: 7030e05 ($10 in chips)
ddf0cf40: posts small blind $0.05
7030e05: posts big blind $0.1
*** HOLE CARDS ***
Dealt to 12df980b 
Dealt to Hero [8d 6c]
Dealt to 5afe66d8 
Dealt to ddf0cf40 
Dealt to 7030e05 
12df980b: folds
Hero: folds
5afe66d8: raises $0.15 to $0.25
ddf0cf40: folds
7030e05: folds
Uncalled bet ($0.15) returned to 5afe66d8
*** SHOWDOWN ***
5afe66d8 collected $0.25 from pot
*** SUMMARY ***
Total pot $0.25 | Rake $0 | Jackpot $0 | Bingo $0 | Fortune $0 | Tax $0
Seat 1: 12df980b folded before Flop (didn't bet)
Seat 2: Hero folded before Flop (didn't bet)
Seat 3: 5afe66d8 (button) collected ($0.25)
Seat 4: ddf0cf40 (small blind) folded before Flop
Seat 6: 7030e05 (big blind) folded before Flop


Poker Hand #HD1860552336: Hold'em No Limit ($0.05/$0.1) - 2024/07/17 11:38:45
Table 'NLHRed14' 6-max Seat #2 is the button
Seat 1: 12df980b ($11.24 in chips)
Seat 2: Hero ($10.28 in chips)
Seat 3: 5afe66d8 ($14.6 in chips)
Seat 4: ddf0cf40 ($14.48 in chips)
Seat 6: 7030e05 ($10 in chips)
5afe66d8: posts small blind $0.05
ddf0cf40: posts big blind $0.1
*** HOLE CARDS ***
Dealt to 12df980b 
Dealt to Hero [Qh 8c]
Dealt to 5afe66d8 
Dealt to ddf0cf40 
Dealt to 7030e05 
7030e05: folds
12df980b: folds
Hero: folds
5afe66d8: folds
Uncalled bet ($0.05) returned to ddf0cf40
*** SHOWDOWN ***
ddf0cf40 collected $0.1 from pot
*** SUMMARY ***
Total pot $0.1 | Rake $0 | Jackpot $0 | Bingo $0 | Fortune $0 | Tax $0
Seat 1: 12df980b folded before Flop (didn't bet)
Seat 2: Hero (button) folded before Flop (didn't bet)
Seat 3: 5afe66d8 (small blind) folded before Flop
Seat 4: ddf0cf40 (big blind) collected ($0.1)
Seat 6: 7030e05 folded before Flop (didn't bet)


Poker Hand #HD1860552284: Hold'em No Limit ($0.05/$0.1) - 2024/07/17 11:38:19
Table 'NLHRed14' 6-max Seat #1 is the button
Seat 1: 12df980b ($10.91 in chips)
Seat 2: Hero ($10.33 in chips)
Seat 3: 5afe66d8 ($14.7 in chips)
Seat 4: ddf0cf40 ($14.48 in chips)
Seat 6: 7030e05 ($10.08 in chips)
Hero: posts small blind $0.05
5afe66d8: posts big blind $0.1
*** HOLE CARDS ***
Dealt to 12df980b 
Dealt to Hero [8c 8s]
Dealt to 5afe66d8 
Dealt to ddf0cf40 
Dealt to 7030e05 
ddf0cf40: folds
7030e05: raises $0.1 to $0.2
12df980b: raises $0.62 to $0.82
Hero: folds
5afe66d8: folds
7030e05: folds
Uncalled bet ($0.62) returned to 12df980b
*** SHOWDOWN ***
12df980b collected $0.53 from pot
*** SUMMARY ***
Total pot $0.55 | Rake $0.02 | Jackpot $0 | Bingo $0 | Fortune $0 | Tax $0
Seat 1: 12df980b (button) collected ($0.53)
Seat 2: Hero (small blind) folded before Flop
Seat 3: 5afe66d8 (big blind) folded before Flop
Seat 4: ddf0cf40 folded before Flop (didn't bet)
Seat 6: 7030e05 folded before Flop


Poker Hand #HD1860552242: Hold'em No Limit ($0.05/$0.1) - 2024/07/17 11:37:52
Table 'NLHRed14' 6-max Seat #6 is the button
Seat 1: 12df980b ($10.96 in chips)
Seat 2: Hero ($10.1 in chips)
Seat 3: 5afe66d8 ($14.7 in chips)
Seat 4: ddf0cf40 ($14.48 in chips)
Seat 6: 7030e05 ($10.28 in chips)
12df980b: posts small blind $0.05
Hero: posts big blind $0.1
*** HOLE CARDS ***
Dealt to 12df980b 
Dealt to Hero [Ah Ks]
Dealt to 5afe66d8 
Dealt to ddf0cf40 
Dealt to 7030e05 
5afe66d8: folds
ddf0cf40: folds
7030e05: raises $0.1 to $0.2
12df980b: folds
Hero: raises $0.8 to $1
7030e05: folds
Uncalled bet ($0.8) returned to Hero
*** SHOWDOWN ***
Hero collected $0.43 from pot
*** SUMMARY ***
Total pot $0.45 | Rake $0.02 | Jackpot $0 | Bingo $0 | Fortune $0 | Tax $0
Seat 1: 12df980b (small blind) folded before Flop
Seat 2: Hero (big blind) collected ($0.43)
Seat 3: 5afe66d8 folded before Flop (didn't bet)
Seat 4: ddf0cf40 folded before Flop (didn't bet)
Seat 6: 7030e05 (button) folded before Flop


Poker Hand #HD1860552174: Hold'em No Limit ($0.05/$0.1) - 2024/07/17 11:37:13
Table 'NLHRed14' 6-max Seat #4 is the button
Seat 1: 12df980b ($10.68 in chips)
Seat 2: Hero ($10.1 in chips)
Seat 3: 5afe66d8 ($14.7 in chips)
Seat 4: ddf0cf40 ($14.73 in chips)
Seat 6: 7030e05 ($10.33 in chips)
7030e05: posts small blind $0.05
12df980b: posts big blind $0.1
*** HOLE CARDS ***
Dealt to 12df980b 
Dealt to Hero [8c Qh]
Dealt to 5afe66d8 
Dealt to ddf0cf40 
Dealt to 7030e05 
Hero: folds
5afe66d8: folds
ddf0cf40: raises $0.15 to $0.25
7030e05: folds
12df980b: calls $0.15
*** FLOP *** [9d 2d Jc]
12df980b: checks
ddf0cf40: checks
*** TURN *** [9d 2d Jc] [As]
12df980b: checks
ddf0cf40: checks
*** RIVER *** [9d 2d Jc As] [5c]
12df980b: checks
ddf0cf40: checks
12df980b: shows [Ks 5s] (Pair of Fives)
ddf0cf40: shows [Kh 7h] (Ace-High)
*** SHOWDOWN ***
12df980b collected $0.53 from pot
*** SUMMARY ***
Total pot $0.55 | Rake $0.02 | Jackpot $0 | Bingo $0 | Fortune $0 | Tax $0
Board [9d 2d Jc As 5c]
Seat 1: 12df980b (big blind) showed [Ks 5s] and won ($0.53) with Pair of Fives
Seat 2: Hero folded before Flop (didn't bet)
Seat 3: 5afe66d8 folded before Flop (didn't bet)
Seat 4: ddf0cf40 (button) showed [Kh 7h] and lost with Ace-High
Seat 6: 7030e05 (small blind) folded before Flop


Poker Hand #HD1860552151: Hold'em No Limit ($0.05/$0.1) - 2024/07/17 11:37:04
Table 'NLHRed14' 6-max Seat #3 is the button
Seat 1: 12df980b ($10.68 in chips)
Seat 2: Hero ($10.1 in chips)
Seat 3: 5afe66d8 ($14.7 in chips)
Seat 4: ddf0cf40 ($14.78 in chips)
Seat 6: 7030e05 ($10.28 in chips)
ddf0cf40: posts small blind $0.05
7030e05: posts big blind $0.1
*** HOLE CARDS ***
Dealt to 12df980b 
Dealt to Hero [Qd 8s]
Dealt to 5afe66d8 
Dealt to ddf0cf40 
Dealt to 7030e05 
12df980b: folds
Hero: folds
5afe66d8: folds
ddf0cf40: folds
Uncalled bet ($0.05) returned to 7030e05
*** SHOWDOWN ***
7030e05 collected $0.1 from pot
*** SUMMARY ***
Total pot $0.1 | Rake $0 | Jackpot $0 | Bingo $0 | Fortune $0 | Tax $0
Seat 1: 12df980b folded before Flop (didn't bet)
Seat 2: Hero folded before Flop (didn't bet)
Seat 3: 5afe66d8 (button) folded before Flop (didn't bet)
Seat 4: ddf0cf40 (small blind) folded before Flop
Seat 6: 7030e05 (big blind) collected ($0.1)


Poker Hand #HD1860552078: Hold'em No Limit ($0.05/$0.1) - 2024/07/17 11:36:25
Table 'NLHRed14' 6-max Seat #2 is the button
Seat 1: 12df980b ($10.68 in chips)
Seat 2: Hero ($10.1 in chips)
Seat 3: 5afe66d8 ($14.43 in chips)
Seat 4: ddf0cf40 ($15.08 in chips)
Seat 6: 7030e05 ($10.28 in chips)
5afe66d8: posts small blind $0.05
ddf0cf40: posts big blind $0.1
*** HOLE CARDS ***
Dealt to 12df980b 
Dealt to Hero [4c Kd]
Dealt to 5afe66d8 
Dealt to ddf0cf40 
Dealt to 7030e05 
7030e05: folds
12df980b: folds
Hero: folds
5afe66d8: raises $0.2 to $0.3
ddf0cf40: calls $0.2
*** FLOP *** [Jh 9h 7h]
5afe66d8: checks
ddf0cf40: checks
*** TURN *** [Jh 9h 7h] [5c]
5afe66d8: bets $0.45
ddf0cf40: folds
Uncalled bet ($0.45) returned to 5afe66d8
*** SHOWDOWN ***
5afe66d8 collected $0.57 from pot
*** SUMMARY ***
Total pot $0.6 | Rake $0.03 | Jackpot $0 | Bingo $0 | Fortune $0 | Tax $0
Board [Jh 9h 7h 5c]
Seat 1: 12df980b folded before Flop (didn't bet)
Seat 2: Hero (button) folded before Flop (didn't bet)
Seat 3: 5afe66d8 (small blind) won ($0.57)
Seat 4: ddf0cf40 (big blind) folded on the Turn
Seat 6: 7030e05 folded before Flop (didn't bet)


Poker Hand #HD1860552036: Hold'em No Limit ($0.05/$0.1) - 2024/07/17 11:36:02
Table 'NLHRed14' 6-max Seat #1 is the button
Seat 1: 12df980b ($10.68 in chips)
Seat 2: Hero ($10 in chips)
Seat 3: 5afe66d8 ($14.53 in chips)
Seat 4: ddf0cf40 ($15.08 in chips)
Seat 6: 7030e05 ($10.28 in chips)
Hero: posts small blind $0.05
5afe66d8: posts big blind $0.1
*** HOLE CARDS ***
Dealt to 12df980b 
Dealt to Hero [9c Ad]
Dealt to 5afe66d8 
Dealt to ddf0cf40 
Dealt to 7030e05 
ddf0cf40: folds
7030e05: folds
12df980b: folds
Hero: raises $0.2 to $0.3
5afe66d8: folds
Uncalled bet ($0.2) returned to Hero
*** SHOWDOWN ***
Hero collected $0.2 from pot
*** SUMMARY ***
Total pot $0.2 | Rake $0 | Jackpot $0 | Bingo $0 | Fortune $0 | Tax $0
Seat 1: 12df980b (button) folded before Flop (didn't bet)
Seat 2: Hero (small blind) collected ($0.2)
Seat 3: 5afe66d8 (big blind) folded before Flop
Seat 4: ddf0cf40 folded before Flop (didn't bet)
Seat 6: 7030e05 folded before Flop (didn't bet)


Poker Hand #HD1860552016: Hold'em No Limit ($0.05/$0.1) - 2024/07/17 11:35:50
Table 'NLHRed14' 6-max Seat #6 is the button
Seat 1: 12df980b ($10.73 in chips)
Seat 2: Hero ($10 in chips)
Seat 3: 5afe66d8 ($14.38 in chips)
Seat 4: ddf0cf40 ($15.08 in chips)
Seat 6: 7030e05 ($10.28 in chips)
12df980b: posts small blind $0.05
Hero: posts big blind $0.1
*** HOLE CARDS ***
Dealt to 12df980b 
Dealt to Hero [2s Jc]
Dealt to 5afe66d8 
Dealt to ddf0cf40 
Dealt to 7030e05 
5afe66d8: raises $0.15 to $0.25
ddf0cf40: folds
7030e05: folds
12df980b: folds
Hero: folds
Uncalled bet ($0.15) returned to 5afe66d8
*** SHOWDOWN ***
5afe66d8 collected $0.25 from pot
*** SUMMARY ***
Total pot $0.25 | Rake $0 | Jackpot $0 | Bingo $0 | Fortune $0 | Tax $0
Seat 1: 12df980b (small blind) folded before Flop
Seat 2: Hero (big blind) folded before Flop
Seat 3: 5afe66d8 collected ($0.25)
Seat 4: ddf0cf40 folded before Flop (didn't bet)
Seat 6: 7030e05 (button) folded before Flop (didn't bet)


Poker Hand #HD1860551960: Hold'em No Limit ($0.05/$0.1) - 2024/07/17 11:35:18
Table 'NLHRed14' 6-max Seat #4 is the button
Seat 1: 12df980b ($10.83 in chips)
Seat 2: Hero ($10.15 in chips)
Seat 3: 5afe66d8 ($14.38 in chips)
Seat 4: ddf0cf40 ($15.08 in chips)
Seat 6: 7030e05 ($10 in chips)
7030e05: posts small blind $0.05
12df980b: posts big blind $0.1
*** HOLE CARDS ***
Dealt to 12df980b 
Dealt to Hero [As Jd]
Dealt to 5afe66d8 
Dealt to ddf0cf40 
Dealt to 7030e05 
Hero: raises $0.1 to $0.2
5afe66d8: folds
ddf0cf40: folds
7030e05: raises $0.9 to $1.1
12df980b: folds
Hero: folds
Uncalled bet ($0.9) returned to 7030e05
*** SHOWDOWN ***
7030e05 collected $0.48 from pot
*** SUMMARY ***
Total pot $0.5 | Rake $0.02 | Jackpot $0 | Bingo $0 | Fortune $0 | Tax $0
Seat 1: 12df980b (big blind) folded before Flop
Seat 2: Hero folded before Flop
Seat 3: 5afe66d8 folded before Flop (didn't bet)
Seat 4: ddf0cf40 (button) folded before Flop (didn't bet)
Seat 6: 7030e05 (small blind) collected ($0.48)


Poker Hand #HD1860551932: Hold'em No Limit ($0.05/$0.1) - 2024/07/17 11:35:03
Table 'NLHRed14' 6-max Seat #3 is the button
Seat 1: 12df980b ($10.83 in chips)
Seat 2: Hero ($10 in chips)
Seat 3: 5afe66d8 ($14.38 in chips)
Seat 4: ddf0cf40 ($15.13 in chips)
Seat 6: 7030e05 ($10 in chips)
ddf0cf40: posts small blind $0.05
7030e05: posts big blind $0.1
*** HOLE CARDS ***
Dealt to 12df980b 
Dealt to Hero [Jh As]
Dealt to 5afe66d8 
Dealt to ddf0cf40 
Dealt to 7030e05 
12df980b: folds
Hero: raises $0.14 to $0.24
5afe66d8: folds
ddf0cf40: folds
7030e05: folds
Uncalled bet ($0.14) returned to Hero
*** SHOWDOWN ***
Hero collected $0.25 from pot
*** SUMMARY ***
Total pot $0.25 | Rake $0 | Jackpot $0 | Bingo $0 | Fortune $0 | Tax $0
Seat 1: 12df980b folded before Flop (didn't bet)
Seat 2: Hero collected ($0.25)
Seat 3: 5afe66d8 (button) folded before Flop (didn't bet)
Seat 4: ddf0cf40 (small blind) folded before Flop
Seat 6: 7030e05 (big blind) folded before Flop


Poker Hand #HD1860551894: Hold'em No Limit ($0.05/$0.1) - 2024/07/17 11:34:41
Table 'NLHRed14' 6-max Seat #2 is the button
Seat 1: 12df980b ($10.68 in chips)
Seat 2: Hero ($10 in chips)
Seat 3: 5afe66d8 ($14.43 in chips)
Seat 4: ddf0cf40 ($15.23 in chips)
Seat 6: 7030e05 ($10 in chips)
5afe66d8: posts small blind $0.05
ddf0cf40: posts big blind $0.1
*** HOLE CARDS ***
Dealt to 12df980b 
Dealt to Hero [Kd 6d]
Dealt to 5afe66d8 
Dealt to ddf0cf40 
Dealt to 7030e05 
7030e05: folds
12df980b: raises $0.2 to $0.3
Hero: folds
5afe66d8: folds
ddf0cf40: folds
Uncalled bet ($0.2) returned to 12df980b
*** SHOWDOWN ***
12df980b collected $0.25 from pot
*** SUMMARY ***
Total pot $0.25 | Rake $0 | Jackpot $0 | Bingo $0 | Fortune $0 | Tax $0
Seat 1: 12df980b collected ($0.25)
Seat 2: Hero (button) folded before Flop (didn't bet)
Seat 3: 5afe66d8 (small blind) folded before Flop
Seat 4: ddf0cf40 (big blind) folded before Flop
Seat 6: 7030e05 folded before Flop (didn't bet)


Poker Hand #HD1860551847: Hold'em No Limit ($0.05/$0.1) - 2024/07/17 11:34:10
Table 'NLHRed14' 6-max Seat #1 is the button
Seat 1: 12df980b ($10.68 in chips)
Seat 2: Hero ($10 in chips)
Seat 3: 5afe66d8 ($14.53 in chips)
Seat 4: ddf0cf40 ($15.08 in chips)
Seat 5: f6e79c9b ($8.15 in chips)
Seat 6: 7030e05 ($10 in chips)
Hero: posts small blind $0.05
5afe66d8: posts big blind $0.1
*** HOLE CARDS ***
Dealt to 12df980b 
Dealt to Hero [6h 4s]
Dealt to 5afe66d8 
Dealt to ddf0cf40 
Dealt to f6e79c9b 
Dealt to 7030e05 
ddf0cf40: raises $0.2 to $0.3
f6e79c9b: folds
7030e05: folds
12df980b: folds
Hero: folds
5afe66d8: folds
Uncalled bet ($0.2) returned to ddf0cf40
*** SHOWDOWN ***
ddf0cf40 collected $0.25 from pot
*** SUMMARY ***
Total pot $0.25 | Rake $0 | Jackpot $0 | Bingo $0 | Fortune $0 | Tax $0
Seat 1: 12df980b (button) folded before Flop (didn't bet)
Seat 2: Hero (small blind) folded before Flop
Seat 3: 5afe66d8 (big blind) folded before Flop
Seat 4: ddf0cf40 collected ($0.25)
Seat 5: f6e79c9b folded before Flop (didn't bet)
Seat 6: 7030e05 folded before Flop (didn't bet)


Poker Hand #HD1860551800: Hold'em No Limit ($0.05/$0.1) - 2024/07/17 11:33:45
Table 'NLHRed14' 6-max Seat #6 is the button
Seat 1: 12df980b ($10.58 in chips)
Seat 2: Hero ($10 in chips)
Seat 3: 5afe66d8 ($14.53 in chips)
Seat 4: ddf0cf40 ($15.08 in chips)
Seat 5: f6e79c9b ($8.15 in chips)
Seat 6: 7030e05 ($10 in chips)
12df980b: posts small blind $0.05
Hero: posts big blind $0.1
*** HOLE CARDS ***
Dealt to 12df980b 
Dealt to Hero [4d 6s]
Dealt to 5afe66d8 
Dealt to ddf0cf40 
Dealt to f6e79c9b 
Dealt to 7030e05 
5afe66d8: folds
ddf0cf40: folds
f6e79c9b: folds
7030e05: folds
12df980b: raises $0.2 to $0.3
Hero: folds
Uncalled bet ($0.2) returned to 12df980b
*** SHOWDOWN ***
12df980b collected $0.2 from pot
*** SUMMARY ***
Total pot $0.2 | Rake $0 | Jackpot $0 | Bingo $0 | Fortune $0 | Tax $0
Seat 1: 12df980b (small blind) collected ($0.2)
Seat 2: Hero (big blind) folded before Flop
Seat 3: 5afe66d8 folded before Flop (didn't bet)
Seat 4: ddf0cf40 folded before Flop (didn't bet)
Seat 5: f6e79c9b folded before Flop (didn't bet)
Seat 6: 7030e05 (button) folded before Flop (didn't bet)


Poker Hand #HD1860551727: Hold'em No Limit ($0.05/$0.1) - 2024/07/17 11:33:03
Table 'NLHRed14' 6-max Seat #5 is the button
Seat 1: 12df980b ($10.68 in chips)
Seat 2: Hero ($10 in chips)
Seat 3: 5afe66d8 ($14.53 in chips)
Seat 4: ddf0cf40 ($15.8 in chips)
Seat 5: f6e79c9b ($7.17 in chips)
Seat 6: 7030e05 ($10 in chips)
7030e05: posts small blind $0.05
12df980b: posts big blind $0.1
*** HOLE CARDS ***
Dealt to 12df980b 
Dealt to Hero [Js Kd]
Dealt to 5afe66d8 
Dealt to ddf0cf40 
Dealt to f6e79c9b 
Dealt to 7030e05 
Hero: raises $0.1 to $0.2
5afe66d8: folds
ddf0cf40: raises $0.52 to $0.72
f6e79c9b: calls $0.72
7030e05: folds
12df980b: folds
Hero: folds
*** FLOP *** [2s Tc 5s]
ddf0cf40: checks
f6e79c9b: bets $0.9
ddf0cf40: folds
Uncalled bet ($0.9) returned to f6e79c9b
*** SHOWDOWN ***
f6e79c9b collected $1.7 from pot
*** SUMMARY ***
Total pot $1.79 | Rake $0.09 | Jackpot $0 | Bingo $0 | Fortune $0 | Tax $0
Board [2s Tc 5s]
Seat 1: 12df980b (big blind) folded before Flop
Seat 2: Hero folded before Flop
Seat 3: 5afe66d8 folded before Flop (didn't bet)
Seat 4: ddf0cf40 folded on the Flop
Seat 5: f6e79c9b (button) won ($1.7)
Seat 6: 7030e05 (small blind) folded before Flop


Poker Hand #HD1860551552: Hold'em No Limit ($0.05/$0.1) - 2024/07/17 11:31:39
Table 'NLHRed14' 6-max Seat #4 is the button
Seat 1: 12df980b ($10.68 in chips)
Seat 2: Hero ($10 in chips)
Seat 3: 5afe66d8 ($14.53 in chips)
Seat 4: ddf0cf40 ($14.67 in chips)
Seat 5: f6e79c9b ($8.32 in chips)
Seat 6: 7030e05 ($10 in chips)
f6e79c9b: posts small blind $0.05
7030e05: posts big blind $0.1
*** HOLE CARDS ***
Dealt to 12df980b 
Dealt to Hero [Qd 8d]
Dealt to 5afe66d8 
Dealt to ddf0cf40 
Dealt to f6e79c9b 
Dealt to 7030e05 
12df980b: folds
Hero: folds
5afe66d8: folds
ddf0cf40: raises $0.15 to $0.25
f6e79c9b: calls $0.2
7030e05: folds
*** FLOP *** [5h 7d 8c]
f6e79c9b: bets $0.3
ddf0cf40: calls $0.3
*** TURN *** [5h 7d 8c] [7s]
f6e79c9b: bets $0.6
ddf0cf40: calls $0.6
*** RIVER *** [5h 7d 8c 7s] [2s]
f6e79c9b: checks
ddf0cf40: checks
f6e79c9b: shows [Ac 4h] (Pair of Sevens)
ddf0cf40: shows [Td Ad] (Pair of Sevens)
*** SHOWDOWN ***
ddf0cf40 collected $2.28 from pot
*** SUMMARY ***
Total pot $2.4 | Rake $0.12 | Jackpot $0 | Bingo $0 | Fortune $0 | Tax $0
Board [5h 7d 8c 7s 2s]
Seat 1: 12df980b folded before Flop (didn't bet)
Seat 2: Hero folded before Flop (didn't bet)
Seat 3: 5afe66d8 folded before Flop (didn't bet)
Seat 4: ddf0cf40 (button) showed [Td Ad] and won ($2.28) with Pair of Sevens
Seat 5: f6e79c9b (small blind) showed [Ac 4h] and lost with Pair of Sevens
Seat 6: 7030e05 (big blind) folded before Flop


Poker Hand #HD1860551524: Hold'em No Limit ($0.05/$0.1) - 2024/07/17 11:31:23
Table 'NLHRed14' 6-max Seat #3 is the button
Seat 1: 12df980b ($10.68 in chips)
Seat 2: Hero ($10 in chips)
Seat 3: 5afe66d8 ($14.53 in chips)
Seat 4: ddf0cf40 ($14.72 in chips)
Seat 5: f6e79c9b ($8.27 in chips)
ddf0cf40: posts small blind $0.05
f6e79c9b: posts big blind $0.1
*** HOLE CARDS ***
Dealt to 12df980b 
Dealt to Hero [8c 9s]
Dealt to 5afe66d8 
Dealt to ddf0cf40 
Dealt to f6e79c9b 
12df980b: folds
Hero: folds
5afe66d8: folds
ddf0cf40: folds
Uncalled bet ($0.05) returned to f6e79c9b
*** SHOWDOWN ***
f6e79c9b collected $0.1 from pot
*** SUMMARY ***
Total pot $0.1 | Rake $0 | Jackpot $0 | Bingo $0 | Fortune $0 | Tax $0
Seat 1: 12df980b folded before Flop (didn't bet)
Seat 2: Hero folded before Flop (didn't bet)
Seat 3: 5afe66d8 (button) folded before Flop (didn't bet)
Seat 4: ddf0cf40 (small blind) folded before Flop
Seat 5: f6e79c9b (big blind) collected ($0.1)


Poker Hand #HD1860551461: Hold'em No Limit ($0.05/$0.1) - 2024/07/17 11:30:53
Table 'NLHRed14' 6-max Seat #2 is the button
Seat 1: 12df980b ($10.68 in chips)
Seat 2: Hero ($10 in chips)
Seat 3: 5afe66d8 ($14.34 in chips)
Seat 4: ddf0cf40 ($14.82 in chips)
Seat 5: f6e79c9b ($8.37 in chips)
5afe66d8: posts small blind $0.05
ddf0cf40: posts big blind $0.1
*** HOLE CARDS ***
Dealt to 12df980b 
Dealt to Hero [Ts 5h]
Dealt to 5afe66d8 
Dealt to ddf0cf40 
Dealt to f6e79c9b 
f6e79c9b: calls $0.1
12df980b: folds
Hero: folds
5afe66d8: raises $0.3 to $0.4
ddf0cf40: folds
f6e79c9b: folds
Uncalled bet ($0.3) returned to 5afe66d8
*** SHOWDOWN ***
5afe66d8 collected $0.29 from pot
*** SUMMARY ***
Total pot $0.3 | Rake $0.01 | Jackpot $0 | Bingo $0 | Fortune $0 | Tax $0
Seat 1: 12df980b folded before Flop (didn't bet)
Seat 2: Hero (button) folded before Flop (didn't bet)
Seat 3: 5afe66d8 (small blind) collected ($0.29)
Seat 4: ddf0cf40 (big blind) folded before Flop
Seat 5: f6e79c9b folded before Flop


Poker Hand #HD1860551412: Hold'em No Limit ($0.05/$0.1) - 2024/07/17 11:30:26
Table 'NLHRed14' 6-max Seat #1 is the button
Seat 1: 12df980b ($10.53 in chips)
Seat 2: Hero ($10 in chips)
Seat 3: 5afe66d8 ($14.44 in chips)
Seat 4: ddf0cf40 ($14.82 in chips)
Seat 5: f6e79c9b ($8.37 in chips)
Hero: posts small blind $0.05
5afe66d8: posts big blind $0.1
*** HOLE CARDS ***
Dealt to 12df980b 
Dealt to Hero [5h 4h]
Dealt to 5afe66d8 
Dealt to ddf0cf40 
Dealt to f6e79c9b 
ddf0cf40: folds
f6e79c9b: folds
12df980b: raises $0.2 to $0.3
Hero: folds
5afe66d8: folds
Uncalled bet ($0.2) returned to 12df980b
*** SHOWDOWN ***
12df980b collected $0.25 from pot
*** SUMMARY ***
Total pot $0.25 | Rake $0 | Jackpot $0 | Bingo $0 | Fortune $0 | Tax $0
Seat 1: 12df980b (button) collected ($0.25)
Seat 2: Hero (small blind) folded before Flop
Seat 3: 5afe66d8 (big blind) folded before Flop
Seat 4: ddf0cf40 folded before Flop (didn't bet)
Seat 5: f6e79c9b folded before Flop (didn't bet)


Poker Hand #HD1860551387: Hold'em No Limit ($0.05/$0.1) - 2024/07/17 11:30:14
Table 'NLHRed14' 6-max Seat #5 is the button
Seat 1: 12df980b ($10.43 in chips)
Seat 2: Hero ($10 in chips)
Seat 3: 5afe66d8 ($14.44 in chips)
Seat 4: ddf0cf40 ($14.82 in chips)
Seat 5: f6e79c9b ($8.37 in chips)
12df980b: posts small blind $0.05
Hero: posts big blind $0.1
*** HOLE CARDS ***
Dealt to 12df980b 
Dealt to Hero [8c 6s]
Dealt to 5afe66d8 
Dealt to ddf0cf40 
Dealt to f6e79c9b 
5afe66d8: folds
ddf0cf40: folds
f6e79c9b: folds
12df980b: raises $0.2 to $0.3
Hero: folds
Uncalled bet ($0.2) returned to 12df980b
*** SHOWDOWN ***
12df980b collected $0.2 from pot
*** SUMMARY ***
Total pot $0.2 | Rake $0 | Jackpot $0 | Bingo $0 | Fortune $0 | Tax $0
Seat 1: 12df980b (small blind) collected ($0.2)
Seat 2: Hero (big blind) folded before Flop
Seat 3: 5afe66d8 folded before Flop (didn't bet)
Seat 4: ddf0cf40 folded before Flop (didn't bet)
Seat 5: f6e79c9b (button) folded before Flop (didn't bet)


Poker Hand #HD1860551031: Hold'em No Limit ($0.05/$0.1) - 2024/07/17 11:26:54
Table 'NLHRed14' 6-max Seat #6 is the button
Seat 1: 12df980b ($10.88 in chips)
Seat 2: Hero ($10 in chips)
Seat 3: 5afe66d8 ($10 in chips)
Seat 4: ddf0cf40 ($14.55 in chips)
Seat 5: f6e79c9b ($9.61 in chips)
Seat 6: 909d6402 ($32.09 in chips)
12df980b: posts small blind $0.05
Hero: posts big blind $0.1
*** HOLE CARDS ***
Dealt to 12df980b 
Dealt to Hero [Kd 4d]
Dealt to 5afe66d8 
Dealt to ddf0cf40 
Dealt to f6e79c9b 
Dealt to 909d6402 
5afe66d8: folds
ddf0cf40: folds
f6e79c9b: calls $0.1
909d6402: folds
12df980b: folds
Hero: checks
*** FLOP *** [9h Qs Qd]
Hero: checks
f6e79c9b: checks
*** TURN *** [9h Qs Qd] [Jc]
Hero: checks
f6e79c9b: bets $0.19
Hero: folds
Uncalled bet ($0.19) returned to f6e79c9b
*** SHOWDOWN ***
f6e79c9b collected $0.24 from pot
*** SUMMARY ***
Total pot $0.25 | Rake $0.01 | Jackpot $0 | Bingo $0 | Fortune $0 | Tax $0
Board [9h Qs Qd Jc]
Seat 1: 12df980b (small blind) folded before Flop
Seat 2: Hero (big blind) folded on the Turn
Seat 3: 5afe66d8 folded before Flop (didn't bet)
Seat 4: ddf0cf40 folded before Flop (didn't bet)
Seat 5: f6e79c9b won ($0.24)
Seat 6: 909d6402 (button) folded before Flop (didn't bet)


Poker Hand #HD1860550910: Hold'em No Limit ($0.05/$0.1) - 2024/07/17 11:25:47
Table 'NLHRed14' 6-max Seat #5 is the button
Seat 1: 12df980b ($10.98 in chips)
Seat 2: Hero ($10 in chips)
Seat 3: 5afe66d8 ($10.34 in chips)
Seat 4: ddf0cf40 ($10 in chips)
Seat 5: f6e79c9b ($13.83 in chips)
Seat 6: 909d6402 ($32.14 in chips)
909d6402: posts small blind $0.05
12df980b: posts big blind $0.1
*** HOLE CARDS ***
Dealt to 12df980b 
Dealt to Hero [9d 3s]
Dealt to 5afe66d8 
Dealt to ddf0cf40 
Dealt to f6e79c9b 
Dealt to 909d6402 
Hero: folds
5afe66d8: raises $0.15 to $0.25
ddf0cf40: raises $0.49 to $0.74
f6e79c9b: calls $0.74
909d6402: folds
12df980b: folds
5afe66d8: calls $0.49
*** FLOP *** [5h Ah Js]
5afe66d8: checks
ddf0cf40: bets $1.14
f6e79c9b: calls $1.14
5afe66d8: folds
*** TURN *** [5h Ah Js] [2s]
ddf0cf40: bets $2.34
f6e79c9b: calls $2.34
*** RIVER *** [5h Ah Js 2s] [5c]
ddf0cf40: bets $5.78 and is all-in
f6e79c9b: folds
Uncalled bet ($5.78) returned to ddf0cf40
*** SHOWDOWN ***
ddf0cf40 collected $8.77 from pot
*** SUMMARY ***
Total pot $9.33 | Rake $0.46 | Jackpot $0.1 | Bingo $0 | Fortune $0 | Tax $0
Board [5h Ah Js 2s 5c]
Seat 1: 12df980b (big blind) folded before Flop
Seat 2: Hero folded before Flop (didn't bet)
Seat 3: 5afe66d8 folded on the Flop
Seat 4: ddf0cf40 won ($8.77)
Seat 5: f6e79c9b (button) folded on the River
Seat 6: 909d6402 (small blind) folded before Flop


Poker Hand #HD1860550826: Hold'em No Limit ($0.05/$0.1) - 2024/07/17 11:24:58
Table 'NLHRed14' 6-max Seat #4 is the button
Seat 1: 12df980b ($10.39 in chips)
Seat 2: Hero ($10 in chips)
Seat 3: 5afe66d8 ($10.83 in chips)
Seat 4: ddf0cf40 ($10 in chips)
Seat 5: f6e79c9b ($13.88 in chips)
Seat 6: 909d6402 ($32.24 in chips)
f6e79c9b: posts small blind $0.05
909d6402: posts big blind $0.1
*** HOLE CARDS ***
Dealt to 12df980b 
Dealt to Hero [Tc Kh]
Dealt to 5afe66d8 
Dealt to ddf0cf40 
Dealt to f6e79c9b 
Dealt to 909d6402 
12df980b: raises $0.2 to $0.3
Hero: folds
5afe66d8: calls $0.3
ddf0cf40: folds
f6e79c9b: folds
909d6402: folds
*** FLOP *** [2h 6d Js]
12df980b: checks
5afe66d8: bets $0.19
12df980b: raises $0.68 to $0.87
5afe66d8: folds
Uncalled bet ($0.68) returned to 12df980b
*** SHOWDOWN ***
12df980b collected $1.08 from pot
*** SUMMARY ***
Total pot $1.13 | Rake $0.05 | Jackpot $0 | Bingo $0 | Fortune $0 | Tax $0
Board [2h 6d Js]
Seat 1: 12df980b won ($1.08)
Seat 2: Hero folded before Flop (didn't bet)
Seat 3: 5afe66d8 folded on the Flop
Seat 4: ddf0cf40 (button) folded before Flop (didn't bet)
Seat 5: f6e79c9b (small blind) folded before Flop
Seat 6: 909d6402 (big blind) folded before Flop


Poker Hand #HD1860550727: Hold'em No Limit ($0.05/$0.1) - 2024/07/17 11:24:08
Table 'NLHRed14' 6-max Seat #3 is the button
Seat 1: 12df980b ($10.39 in chips)
Seat 2: Hero ($10 in chips)
Seat 3: 5afe66d8 ($10.83 in chips)
Seat 4: ddf0cf40 ($10 in chips)
Seat 5: f6e79c9b ($14.41 in chips)
Seat 6: 909d6402 ($31.71 in chips)
ddf0cf40: posts small blind $0.05
f6e79c9b: posts big blind $0.1
*** HOLE CARDS ***
Dealt to 12df980b 
Dealt to Hero [7h 2c]
Dealt to 5afe66d8 
Dealt to ddf0cf40 
Dealt to f6e79c9b 
Dealt to 909d6402 
909d6402: raises $0.15 to $0.25
12df980b: folds
Hero: folds
5afe66d8: folds
ddf0cf40: folds
f6e79c9b: calls $0.15
*** FLOP *** [9d 8c 5d]
f6e79c9b: checks
909d6402: checks
*** TURN *** [9d 8c 5d] [Js]
f6e79c9b: bets $0.28
909d6402: calls $0.28
*** RIVER *** [9d 8c 5d Js] [Jc]
f6e79c9b: checks
909d6402: bets $0.84
f6e79c9b: folds
Uncalled bet ($0.84) returned to 909d6402
f6e79c9b: shows [5s] (Pair of Jacks and Pair of Fives)
*** SHOWDOWN ***
909d6402 collected $1.06 from pot
*** SUMMARY ***
Total pot $1.11 | Rake $0.05 | Jackpot $0 | Bingo $0 | Fortune $0 | Tax $0
Board [9d 8c 5d Js Jc]
Seat 1: 12df980b folded before Flop (didn't bet)
Seat 2: Hero folded before Flop (didn't bet)
Seat 3: 5afe66d8 (button) folded before Flop (didn't bet)
Seat 4: ddf0cf40 (small blind) folded before Flop
Seat 5: f6e79c9b (big blind) folded on the River
Seat 6: 909d6402 won ($1.06)


Poker Hand #HD1860550664: Hold'em No Limit ($0.05/$0.1) - 2024/07/17 11:23:35
Table 'NLHRed14' 6-max Seat #2 is the button
Seat 1: 12df980b ($10.24 in chips)
Seat 2: Hero ($10 in chips)
Seat 3: 5afe66d8 ($10.88 in chips)
Seat 4: ddf0cf40 ($10 in chips)
Seat 5: f6e79c9b ($14.41 in chips)
Seat 6: 909d6402 ($31.71 in chips)
5afe66d8: posts small blind $0.05
ddf0cf40: posts big blind $0.1
*** HOLE CARDS ***
Dealt to 12df980b 
Dealt to Hero [6d Qd]
Dealt to 5afe66d8 
Dealt to ddf0cf40 
Dealt to f6e79c9b 
Dealt to 909d6402 
f6e79c9b: folds
909d6402: folds
12df980b: raises $0.2 to $0.3
Hero: folds
5afe66d8: folds
ddf0cf40: folds
Uncalled bet ($0.2) returned to 12df980b
*** SHOWDOWN ***
12df980b collected $0.25 from pot
*** SUMMARY ***
Total pot $0.25 | Rake $0 | Jackpot $0 | Bingo $0 | Fortune $0 | Tax $0
Seat 1: 12df980b collected ($0.25)
Seat 2: Hero (button) folded before Flop (didn't bet)
Seat 3: 5afe66d8 (small blind) folded before Flop
Seat 4: ddf0cf40 (big blind) folded before Flop
Seat 5: f6e79c9b folded before Flop (didn't bet)
Seat 6: 909d6402 folded before Flop (didn't bet)


Poker Hand #HD1860550640: Hold'em No Limit ($0.05/$0.1) - 2024/07/17 11:23:22
Table 'NLHRed14' 6-max Seat #1 is the button
Seat 1: 12df980b ($10.24 in chips)
Seat 2: Hero ($10 in chips)
Seat 3: 5afe66d8 ($10.83 in chips)
Seat 4: ddf0cf40 ($10 in chips)
Seat 5: f6e79c9b ($14.41 in chips)
Seat 6: 909d6402 ($31.71 in chips)
Hero: posts small blind $0.05
5afe66d8: posts big blind $0.1
*** HOLE CARDS ***
Dealt to 12df980b 
Dealt to Hero [6d 8s]
Dealt to 5afe66d8 
Dealt to ddf0cf40 
Dealt to f6e79c9b 
Dealt to 909d6402 
ddf0cf40: folds
f6e79c9b: folds
909d6402: folds
12df980b: folds
Hero: folds
Uncalled bet ($0.05) returned to 5afe66d8
*** SHOWDOWN ***
5afe66d8 collected $0.1 from pot
*** SUMMARY ***
Total pot $0.1 | Rake $0 | Jackpot $0 | Bingo $0 | Fortune $0 | Tax $0
Seat 1: 12df980b (button) folded before Flop (didn't bet)
Seat 2: Hero (small blind) folded before Flop
Seat 3: 5afe66d8 (big blind) collected ($0.1)
Seat 4: ddf0cf40 folded before Flop (didn't bet)
Seat 5: f6e79c9b folded before Flop (didn't bet)
Seat 6: 909d6402 folded before Flop (didn't bet)


Poker Hand #HD1860550567: Hold'em No Limit ($0.05/$0.1) - 2024/07/17 11:22:46
Table 'NLHRed14' 6-max Seat #6 is the button
Seat 1: 12df980b ($10.29 in chips)
Seat 2: Hero ($10 in chips)
Seat 3: 5afe66d8 ($10.68 in chips)
Seat 4: ddf0cf40 ($10 in chips)
Seat 5: f6e79c9b ($14.41 in chips)
Seat 6: 909d6402 ($31.71 in chips)
12df980b: posts small blind $0.05
Hero: posts big blind $0.1
*** HOLE CARDS ***
Dealt to 12df980b 
Dealt to Hero [5c Qc]
Dealt to 5afe66d8 
Dealt to ddf0cf40 
Dealt to f6e79c9b 
Dealt to 909d6402 
5afe66d8: raises $0.15 to $0.25
ddf0cf40: folds
f6e79c9b: folds
909d6402: folds
12df980b: folds
Hero: folds
Uncalled bet ($0.15) returned to 5afe66d8
*** SHOWDOWN ***
5afe66d8 collected $0.25 from pot
*** SUMMARY ***
Total pot $0.25 | Rake $0 | Jackpot $0 | Bingo $0 | Fortune $0 | Tax $0
Seat 1: 12df980b (small blind) folded before Flop
Seat 2: Hero (big blind) folded before Flop
Seat 3: 5afe66d8 collected ($0.25)
Seat 4: ddf0cf40 folded before Flop (didn't bet)
Seat 5: f6e79c9b folded before Flop (didn't bet)
Seat 6: 909d6402 (button) folded before Flop (didn't bet)


Poker Hand #HD1860550507: Hold'em No Limit ($0.05/$0.1) - 2024/07/17 11:22:13
Table 'NLHRed14' 6-max Seat #5 is the button
Seat 1: 12df980b ($10.39 in chips)
Seat 2: Hero ($10 in chips)
Seat 3: 5afe66d8 ($10.35 in chips)
Seat 4: ddf0cf40 ($10 in chips)
Seat 5: f6e79c9b ($14.41 in chips)
Seat 6: 909d6402 ($31.76 in chips)
909d6402: posts small blind $0.05
12df980b: posts big blind $0.1
*** HOLE CARDS ***
Dealt to 12df980b 
Dealt to Hero [Ts Js]
Dealt to 5afe66d8 
Dealt to ddf0cf40 
Dealt to f6e79c9b 
Dealt to 909d6402 
Hero: raises $0.1 to $0.2
5afe66d8: raises $0.42 to $0.62
ddf0cf40: folds
f6e79c9b: folds
909d6402: folds
12df980b: folds
Hero: folds
Uncalled bet ($0.42) returned to 5afe66d8
*** SHOWDOWN ***
5afe66d8 collected $0.53 from pot
*** SUMMARY ***
Total pot $0.55 | Rake $0.02 | Jackpot $0 | Bingo $0 | Fortune $0 | Tax $0
Seat 1: 12df980b (big blind) folded before Flop
Seat 2: Hero folded before Flop
Seat 3: 5afe66d8 collected ($0.53)
Seat 4: ddf0cf40 folded before Flop (didn't bet)
Seat 5: f6e79c9b (button) folded before Flop (didn't bet)
Seat 6: 909d6402 (small blind) folded before Flop


Poker Hand #HD1860550442: Hold'em No Limit ($0.05/$0.1) - 2024/07/17 11:21:43
Table 'NLHRed14' 6-max Seat #4 is the button
Seat 1: 12df980b ($10.39 in chips)
Seat 2: Hero ($10 in chips)
Seat 3: 5afe66d8 ($10.35 in chips)
Seat 4: ddf0cf40 ($10 in chips)
Seat 5: f6e79c9b ($14.51 in chips)
Seat 6: 909d6402 ($31.66 in chips)
f6e79c9b: posts small blind $0.05
909d6402: posts big blind $0.1
*** HOLE CARDS ***
Dealt to 12df980b 
Dealt to Hero [2d Td]
Dealt to 5afe66d8 
Dealt to ddf0cf40 
Dealt to f6e79c9b 
Dealt to 909d6402 
12df980b: folds
Hero: folds
5afe66d8: folds
ddf0cf40: folds
f6e79c9b: calls $0.05
909d6402: raises $0.34 to $0.44
f6e79c9b: folds
Uncalled bet ($0.34) returned to 909d6402
*** SHOWDOWN ***
909d6402 collected $0.2 from pot
*** SUMMARY ***
Total pot $0.2 | Rake $0 | Jackpot $0 | Bingo $0 | Fortune $0 | Tax $0
Seat 1: 12df980b folded before Flop (didn't bet)
Seat 2: Hero folded before Flop (didn't bet)
Seat 3: 5afe66d8 folded before Flop (didn't bet)
Seat 4: ddf0cf40 (button) folded before Flop (didn't bet)
Seat 5: f6e79c9b (small blind) folded before Flop
Seat 6: 909d6402 (big blind) collected ($0.2)


Poker Hand #HD1860550352: Hold'em No Limit ($0.05/$0.1) - 2024/07/17 11:20:50
Table 'NLHRed14' 6-max Seat #3 is the button
Seat 1: 12df980b ($10.39 in chips)
Seat 2: Hero ($10 in chips)
Seat 3: 5afe66d8 ($10.35 in chips)
Seat 4: ddf0cf40 ($10.15 in chips)
Seat 5: f6e79c9b ($12.44 in chips)
Seat 6: 909d6402 ($31.66 in chips)
ddf0cf40: posts small blind $0.05
f6e79c9b: posts big blind $0.1
*** HOLE CARDS ***
Dealt to 12df980b 
Dealt to Hero [8d Qs]
Dealt to 5afe66d8 
Dealt to ddf0cf40 
Dealt to f6e79c9b 
Dealt to 909d6402 
909d6402: folds
12df980b: folds
Hero: folds
5afe66d8: folds
ddf0cf40: raises $0.2 to $0.3
f6e79c9b: raises $0.3 to $0.6
ddf0cf40: calls $0.3
*** FLOP *** [Qh 6h 6c]
ddf0cf40: checks
f6e79c9b: bets $0.6
ddf0cf40: calls $0.6
*** TURN *** [Qh 6h 6c] [2h]
ddf0cf40: checks
f6e79c9b: bets $1.2
ddf0cf40: calls $1.2
*** RIVER *** [Qh 6h 6c 2h] [3h]
ddf0cf40: checks
f6e79c9b: bets $1.59
ddf0cf40: folds
Uncalled bet ($1.59) returned to f6e79c9b
*** SHOWDOWN ***
f6e79c9b collected $4.47 from pot
*** SUMMARY ***
Total pot $4.8 | Rake $0.23 | Jackpot $0.1 | Bingo $0 | Fortune $0 | Tax $0
Board [Qh 6h 6c 2h 3h]
Seat 1: 12df980b folded before Flop (didn't bet)
Seat 2: Hero folded before Flop (didn't bet)
Seat 3: 5afe66d8 (button) folded before Flop (didn't bet)
Seat 4: ddf0cf40 (small blind) folded on the River
Seat 5: f6e79c9b (big blind) won ($4.47)
Seat 6: 909d6402 folded before Flop (didn't bet)


Poker Hand #HD1860550309: Hold'em No Limit ($0.05/$0.1) - 2024/07/17 11:20:29
Table 'NLHRed14' 6-max Seat #2 is the button
Seat 1: 12df980b ($10.39 in chips)
Seat 2: Hero ($10 in chips)
Seat 3: 5afe66d8 ($10.4 in chips)
Seat 4: ddf0cf40 ($10 in chips)
Seat 5: f6e79c9b ($12.54 in chips)
Seat 6: 909d6402 ($31.66 in chips)
5afe66d8: posts small blind $0.05
ddf0cf40: posts big blind $0.1
*** HOLE CARDS ***
Dealt to 12df980b 
Dealt to Hero [5c 7d]
Dealt to 5afe66d8 
Dealt to ddf0cf40 
Dealt to f6e79c9b 
Dealt to 909d6402 
f6e79c9b: calls $0.1
909d6402: folds
12df980b: folds
Hero: folds
5afe66d8: folds
ddf0cf40: raises $0.38 to $0.48
f6e79c9b: folds
Uncalled bet ($0.38) returned to ddf0cf40
*** SHOWDOWN ***
ddf0cf40 collected $0.25 from pot
*** SUMMARY ***
Total pot $0.25 | Rake $0 | Jackpot $0 | Bingo $0 | Fortune $0 | Tax $0
Seat 1: 12df980b folded before Flop (didn't bet)
Seat 2: Hero (button) folded before Flop (didn't bet)
Seat 3: 5afe66d8 (small blind) folded before Flop
Seat 4: ddf0cf40 (big blind) collected ($0.25)
Seat 5: f6e79c9b folded before Flop
Seat 6: 909d6402 folded before Flop (didn't bet)


Poker Hand #HD1860550243: Hold'em No Limit ($0.05/$0.1) - 2024/07/17 11:19:52
Table 'NLHRed14' 6-max Seat #1 is the button
Seat 1: 12df980b ($10.39 in chips)
Seat 2: Hero ($10 in chips)
Seat 3: 5afe66d8 ($10.13 in chips)
Seat 4: ddf0cf40 ($10 in chips)
Seat 5: f6e79c9b ($12.54 in chips)
Seat 6: 909d6402 ($31.66 in chips)
Hero: posts small blind $0.05
5afe66d8: posts big blind $0.1
*** HOLE CARDS ***
Dealt to 12df980b 
Dealt to Hero [3s As]
Dealt to 5afe66d8 
Dealt to ddf0cf40 
Dealt to f6e79c9b 
Dealt to 909d6402 
ddf0cf40: folds
f6e79c9b: folds
909d6402: folds
12df980b: folds
Hero: raises $0.2 to $0.3
5afe66d8: raises $0.6 to $0.9
Hero: folds
Uncalled bet ($0.6) returned to 5afe66d8
*** SHOWDOWN ***
5afe66d8 collected $0.57 from pot
*** SUMMARY ***
Total pot $0.6 | Rake $0.03 | Jackpot $0 | Bingo $0 | Fortune $0 | Tax $0
Seat 1: 12df980b (button) folded before Flop (didn't bet)
Seat 2: Hero (small blind) folded before Flop
Seat 3: 5afe66d8 (big blind) collected ($0.57)
Seat 4: ddf0cf40 folded before Flop (didn't bet)
Seat 5: f6e79c9b folded before Flop (didn't bet)
Seat 6: 909d6402 folded before Flop (didn't bet)


Poker Hand #HD1860550155: Hold'em No Limit ($0.05/$0.1) - 2024/07/17 11:19:01
Table 'NLHRed14' 6-max Seat #6 is the button
Seat 1: 12df980b ($10.44 in chips)
Seat 2: Hero ($10 in chips)
Seat 3: 5afe66d8 ($10.13 in chips)
Seat 4: ddf0cf40 ($10 in chips)
Seat 5: f6e79c9b ($12.4 in chips)
Seat 6: 909d6402 ($31.66 in chips)
12df980b: posts small blind $0.05
Hero: posts big blind $0.1
*** HOLE CARDS ***
Dealt to 12df980b 
Dealt to Hero [2s 7s]
Dealt to 5afe66d8 
Dealt to ddf0cf40 
Dealt to f6e79c9b 
Dealt to 909d6402 
5afe66d8: folds
ddf0cf40: folds
f6e79c9b: calls $0.1
909d6402: folds
12df980b: folds
Hero: checks
*** FLOP *** [3d 5c Kh]
Hero: checks
f6e79c9b: checks
*** TURN *** [3d 5c Kh] [Js]
Hero: checks
f6e79c9b: checks
*** RIVER *** [3d 5c Kh Js] [5h]
Hero: checks
f6e79c9b: bets $0.13
Hero: folds
Uncalled bet ($0.13) returned to f6e79c9b
*** SHOWDOWN ***
f6e79c9b collected $0.24 from pot
*** SUMMARY ***
Total pot $0.25 | Rake $0.01 | Jackpot $0 | Bingo $0 | Fortune $0 | Tax $0
Board [3d 5c Kh Js 5h]
Seat 1: 12df980b (small blind) folded before Flop
Seat 2: Hero (big blind) folded on the River
Seat 3: 5afe66d8 folded before Flop (didn't bet)
Seat 4: ddf0cf40 folded before Flop (didn't bet)
Seat 5: f6e79c9b won ($0.24)
Seat 6: 909d6402 (button) folded before Flop (didn't bet)


Poker Hand #HD1860550054: Hold'em No Limit ($0.05/$0.1) - 2024/07/17 11:18:12
Table 'NLHRed14' 6-max Seat #5 is the button
Seat 1: 12df980b ($10 in chips)
Seat 2: Hero ($10 in chips)
Seat 3: 5afe66d8 ($10.13 in chips)
Seat 4: ddf0cf40 ($10 in chips)
Seat 5: f6e79c9b ($12.83 in chips)
Seat 6: 909d6402 ($31.71 in chips)
909d6402: posts small blind $0.05
12df980b: posts big blind $0.1
*** HOLE CARDS ***
Dealt to 12df980b 
Dealt to Hero [5c 3d]
Dealt to 5afe66d8 
Dealt to ddf0cf40 
Dealt to f6e79c9b 
Dealt to 909d6402 
Hero: folds
5afe66d8: folds
ddf0cf40: folds
f6e79c9b: raises $0.1 to $0.2
909d6402: folds
12df980b: calls $0.1
*** FLOP *** [8d Ks Kh]
12df980b: checks
f6e79c9b: checks
*** TURN *** [8d Ks Kh] [3c]
12df980b: checks
f6e79c9b: bets $0.23
12df980b: calls $0.23
*** RIVER *** [8d Ks Kh 3c] [2s]
12df980b: checks
f6e79c9b: checks
12df980b: shows [7s 8s] (Pair of Kings and Pair of Eights)
f6e79c9b: shows [Qs Td] (Pair of Kings)
*** SHOWDOWN ***
12df980b collected $0.87 from pot
*** SUMMARY ***
Total pot $0.91 | Rake $0.04 | Jackpot $0 | Bingo $0 | Fortune $0 | Tax $0
Board [8d Ks Kh 3c 2s]
Seat 1: 12df980b (big blind) showed [7s 8s] and won ($0.87) with Pair of Kings and Pair of Eights
Seat 2: Hero folded before Flop (didn't bet)
Seat 3: 5afe66d8 folded before Flop (didn't bet)
Seat 4: ddf0cf40 folded before Flop (didn't bet)
Seat 5: f6e79c9b (button) showed [Qs Td] and lost with Pair of Kings
Seat 6: 909d6402 (small blind) folded before Flop


Poker Hand #HD1860549871: Hold'em No Limit ($0.05/$0.1) - 2024/07/17 11:16:31
Table 'NLHRed14' 6-max Seat #4 is the button
Seat 1: 12df980b ($10 in chips)
Seat 2: Hero ($10 in chips)
Seat 3: 5afe66d8 ($10.13 in chips)
Seat 4: ddf0cf40 ($10 in chips)
Seat 5: f6e79c9b ($8.52 in chips)
Seat 6: 909d6402 ($31.81 in chips)
f6e79c9b: posts small blind $0.05
909d6402: posts big blind $0.1
*** HOLE CARDS ***
Dealt to 12df980b 
Dealt to Hero [Ks Qd]
Dealt to 5afe66d8 
Dealt to ddf0cf40 
Dealt to f6e79c9b 
Dealt to 909d6402 
12df980b: folds
Hero: raises $0.1 to $0.2
5afe66d8: folds
ddf0cf40: raises $0.52 to $0.72
f6e79c9b: calls $0.67
909d6402: folds
Hero: calls $0.52
*** FLOP *** [2c 6c Jd]
f6e79c9b: checks
Hero: checks
ddf0cf40: checks
*** TURN *** [2c 6c Jd] [2d]
f6e79c9b: checks
Hero: bets $0.9
ddf0cf40: folds
f6e79c9b: calls $0.9
*** RIVER *** [2c 6c Jd 2d] [Jc]
f6e79c9b: checks
Hero: bets $2.4
f6e79c9b: calls $2.4
Hero: shows [Ks Qd] (Pair of Jacks and Pair of Twos)
f6e79c9b: shows [Ac 5c] (Ace High Flush)
*** SHOWDOWN ***
f6e79c9b collected $8.33 from pot
*** SUMMARY ***
Total pot $8.86 | Rake $0.43 | Jackpot $0.1 | Bingo $0 | Fortune $0 | Tax $0
Board [2c 6c Jd 2d Jc]
Seat 1: 12df980b folded before Flop (didn't bet)
Seat 2: Hero showed [Ks Qd] and lost with Pair of Jacks and Pair of Twos
Seat 3: 5afe66d8 folded before Flop (didn't bet)
Seat 4: ddf0cf40 (button) folded on the Turn
Seat 5: f6e79c9b (small blind) showed [Ac 5c] and won ($8.33) with Ace High Flush
Seat 6: 909d6402 (big blind) folded before Flop


Poker Hand #HD1860549770: Hold'em No Limit ($0.05/$0.1) - 2024/07/17 11:15:36
Table 'NLHRed14' 6-max Seat #3 is the button
Seat 1: 12df980b ($10 in chips)
Seat 2: Hero ($11.11 in chips)
Seat 3: 5afe66d8 ($10.13 in chips)
Seat 4: ddf0cf40 ($10.05 in chips)
Seat 5: f6e79c9b ($7.28 in chips)
Seat 6: 909d6402 ($31.81 in chips)
ddf0cf40: posts small blind $0.05
f6e79c9b: posts big blind $0.1
*** HOLE CARDS ***
Dealt to 12df980b 
Dealt to Hero [Jh Ah]
Dealt to 5afe66d8 
Dealt to ddf0cf40 
Dealt to f6e79c9b 
Dealt to 909d6402 
909d6402: folds
12df980b: folds
Hero: raises $0.14 to $0.24
5afe66d8: folds
ddf0cf40: folds
f6e79c9b: calls $0.14
*** FLOP *** [Th Ts 9s]
f6e79c9b: bets $0.27
Hero: calls $0.27
*** TURN *** [Th Ts 9s] [2h]
f6e79c9b: bets $0.81
Hero: calls $0.81
*** RIVER *** [Th Ts 9s 2h] [6d]
f6e79c9b: bets $1.35
Hero: folds
Uncalled bet ($1.35) returned to f6e79c9b
*** SHOWDOWN ***
f6e79c9b collected $2.56 from pot
*** SUMMARY ***
Total pot $2.69 | Rake $0.13 | Jackpot $0 | Bingo $0 | Fortune $0 | Tax $0
Board [Th Ts 9s 2h 6d]
Seat 1: 12df980b folded before Flop (didn't bet)
Seat 2: Hero folded on the River
Seat 3: 5afe66d8 (button) folded before Flop (didn't bet)
Seat 4: ddf0cf40 (small blind) folded before Flop
Seat 5: f6e79c9b (big blind) won ($2.56)
Seat 6: 909d6402 folded before Flop (didn't bet)


Poker Hand #HD1860549736: Hold'em No Limit ($0.05/$0.1) - 2024/07/17 11:15:14
Table 'NLHRed14' 6-max Seat #2 is the button
Seat 1: 12df980b ($10 in chips)
Seat 2: Hero ($11.11 in chips)
Seat 3: 5afe66d8 ($10.18 in chips)
Seat 4: ddf0cf40 ($10.15 in chips)
Seat 5: f6e79c9b ($7.13 in chips)
Seat 6: 909d6402 ($31.81 in chips)
5afe66d8: posts small blind $0.05
ddf0cf40: posts big blind $0.1
*** HOLE CARDS ***
Dealt to 12df980b 
Dealt to Hero [Kh 2h]
Dealt to 5afe66d8 
Dealt to ddf0cf40 
Dealt to f6e79c9b 
Dealt to 909d6402 
f6e79c9b: raises $0.1 to $0.2
909d6402: folds
12df980b: folds
Hero: folds
5afe66d8: folds
ddf0cf40: folds
Uncalled bet ($0.1) returned to f6e79c9b
*** SHOWDOWN ***
f6e79c9b collected $0.25 from pot
*** SUMMARY ***
Total pot $0.25 | Rake $0 | Jackpot $0 | Bingo $0 | Fortune $0 | Tax $0
Seat 1: 12df980b folded before Flop (didn't bet)
Seat 2: Hero (button) folded before Flop (didn't bet)
Seat 3: 5afe66d8 (small blind) folded before Flop
Seat 4: ddf0cf40 (big blind) folded before Flop
Seat 5: f6e79c9b collected ($0.25)
Seat 6: 909d6402 folded before Flop (didn't bet)


Poker Hand #HD1860549711: Hold'em No Limit ($0.05/$0.1) - 2024/07/17 11:15:02
Table 'NLHRed14' 6-max Seat #1 is the button
Seat 1: 12df980b ($10 in chips)
Seat 2: Hero ($11.16 in chips)
Seat 3: 5afe66d8 ($10.28 in chips)
Seat 4: ddf0cf40 ($10 in chips)
Seat 5: f6e79c9b ($7.13 in chips)
Seat 6: 909d6402 ($31.81 in chips)
Hero: posts small blind $0.05
5afe66d8: posts big blind $0.1
*** HOLE CARDS ***
Dealt to 12df980b 
Dealt to Hero [5h Kh]
Dealt to 5afe66d8 
Dealt to ddf0cf40 
Dealt to f6e79c9b 
Dealt to 909d6402 
ddf0cf40: raises $0.2 to $0.3
f6e79c9b: folds
909d6402: folds
12df980b: folds
Hero: folds
5afe66d8: folds
Uncalled bet ($0.2) returned to ddf0cf40
*** SHOWDOWN ***
ddf0cf40 collected $0.25 from pot
*** SUMMARY ***
Total pot $0.25 | Rake $0 | Jackpot $0 | Bingo $0 | Fortune $0 | Tax $0
Seat 1: 12df980b (button) folded before Flop (didn't bet)
Seat 2: Hero (small blind) folded before Flop
Seat 3: 5afe66d8 (big blind) folded before Flop
Seat 4: ddf0cf40 collected ($0.25)
Seat 5: f6e79c9b folded before Flop (didn't bet)
Seat 6: 909d6402 folded before Flop (didn't bet)


Poker Hand #HD1860549614: Hold'em No Limit ($0.05/$0.1) - 2024/07/17 11:14:16
Table 'NLHRed14' 6-max Seat #6 is the button
Seat 1: 12df980b ($10 in chips)
Seat 2: Hero ($10.72 in chips)
Seat 3: 5afe66d8 ($10.28 in chips)
Seat 4: ddf0cf40 ($10 in chips)
Seat 5: f6e79c9b ($7.56 in chips)
Seat 6: 909d6402 ($31.81 in chips)
12df980b: posts small blind $0.05
Hero: posts big blind $0.1
*** HOLE CARDS ***
Dealt to 12df980b 
Dealt to Hero [Ah 7h]
Dealt to 5afe66d8 
Dealt to ddf0cf40 
Dealt to f6e79c9b 
Dealt to 909d6402 
5afe66d8: folds
ddf0cf40: folds
f6e79c9b: raises $0.1 to $0.2
909d6402: folds
12df980b: folds
Hero: calls $0.1
*** FLOP *** [4h 6c Ad]
Hero: checks
f6e79c9b: bets $0.23
Hero: calls $0.23
*** TURN *** [4h 6c Ad] [8c]
Hero: checks
f6e79c9b: checks
*** RIVER *** [4h 6c Ad 8c] [As]
Hero: checks
f6e79c9b: checks
Hero: shows [Ah 7h] (Three Aces)
f6e79c9b: shows [Qc Ts] (Pair of Aces)
*** SHOWDOWN ***
Hero collected $0.87 from pot
*** SUMMARY ***
Total pot $0.91 | Rake $0.04 | Jackpot $0 | Bingo $0 | Fortune $0 | Tax $0
Board [4h 6c Ad 8c As]
Seat 1: 12df980b (small blind) folded before Flop
Seat 2: Hero (big blind) showed [Ah 7h] and won ($0.87) with Three Aces
Seat 3: 5afe66d8 folded before Flop (didn't bet)
Seat 4: ddf0cf40 folded before Flop (didn't bet)
Seat 5: f6e79c9b showed [Qc Ts] and lost with Pair of Aces
Seat 6: 909d6402 (button) folded before Flop (didn't bet)


Poker Hand #HD1860549529: Hold'em No Limit ($0.05/$0.1) - 2024/07/17 11:13:29
Table 'NLHRed14' 6-max Seat #5 is the button
Seat 1: 12df980b ($10 in chips)
Seat 2: Hero ($10.72 in chips)
Seat 3: 5afe66d8 ($10.28 in chips)
Seat 4: ddf0cf40 ($10.56 in chips)
Seat 5: f6e79c9b ($6.89 in chips)
Seat 6: 909d6402 ($31.86 in chips)
909d6402: posts small blind $0.05
12df980b: posts big blind $0.1
*** HOLE CARDS ***
Dealt to 12df980b 
Dealt to Hero [Qs 9h]
Dealt to 5afe66d8 
Dealt to ddf0cf40 
Dealt to f6e79c9b 
Dealt to 909d6402 
Hero: folds
5afe66d8: folds
ddf0cf40: raises $0.15 to $0.25
f6e79c9b: raises $0.33 to $0.58
909d6402: folds
12df980b: folds
ddf0cf40: calls $0.33
*** FLOP *** [Ks Kd 3s]
ddf0cf40: checks
f6e79c9b: checks
*** TURN *** [Ks Kd 3s] [5c]
ddf0cf40: checks
f6e79c9b: bets $0.66
ddf0cf40: folds
Uncalled bet ($0.66) returned to f6e79c9b
*** SHOWDOWN ***
f6e79c9b collected $1.25 from pot
*** SUMMARY ***
Total pot $1.31 | Rake $0.06 | Jackpot $0 | Bingo $0 | Fortune $0 | Tax $0
Board [Ks Kd 3s 5c]
Seat 1: 12df980b (big blind) folded before Flop
Seat 2: Hero folded before Flop (didn't bet)
Seat 3: 5afe66d8 folded before Flop (didn't bet)
Seat 4: ddf0cf40 folded on the Turn
Seat 5: f6e79c9b (button) won ($1.25)
Seat 6: 909d6402 (small blind) folded before Flop


Poker Hand #HD1860549495: Hold'em No Limit ($0.05/$0.1) - 2024/07/17 11:13:11
Table 'NLHRed14' 6-max Seat #4 is the button
Seat 1: 12df980b ($10 in chips)
Seat 2: Hero ($10.72 in chips)
Seat 3: 5afe66d8 ($10.28 in chips)
Seat 4: ddf0cf40 ($10.56 in chips)
Seat 5: f6e79c9b ($6.94 in chips)
Seat 6: 909d6402 ($31.81 in chips)
f6e79c9b: posts small blind $0.05
909d6402: posts big blind $0.1
*** HOLE CARDS ***
Dealt to 12df980b 
Dealt to Hero [3c 9c]
Dealt to 5afe66d8 
Dealt to ddf0cf40 
Dealt to f6e79c9b 
Dealt to 909d6402 
12df980b: folds
Hero: folds
5afe66d8: folds
ddf0cf40: folds
f6e79c9b: folds
Uncalled bet ($0.05) returned to 909d6402
*** SHOWDOWN ***
909d6402 collected $0.1 from pot
*** SUMMARY ***
Total pot $0.1 | Rake $0 | Jackpot $0 | Bingo $0 | Fortune $0 | Tax $0
Seat 1: 12df980b folded before Flop (didn't bet)
Seat 2: Hero folded before Flop (didn't bet)
Seat 3: 5afe66d8 folded before Flop (didn't bet)
Seat 4: ddf0cf40 (button) folded before Flop (didn't bet)
Seat 5: f6e79c9b (small blind) folded before Flop
Seat 6: 909d6402 (big blind) collected ($0.1)


Poker Hand #HD1860549439: Hold'em No Limit ($0.05/$0.1) - 2024/07/17 11:12:40
Table 'NLHRed14' 6-max Seat #3 is the button
Seat 1: 12df980b ($10 in chips)
Seat 2: Hero ($10.72 in chips)
Seat 3: 5afe66d8 ($10.53 in chips)
Seat 4: ddf0cf40 ($10 in chips)
Seat 5: f6e79c9b ($7.04 in chips)
Seat 6: 909d6402 ($32.06 in chips)
ddf0cf40: posts small blind $0.05
f6e79c9b: posts big blind $0.1
*** HOLE CARDS ***
Dealt to 12df980b 
Dealt to Hero [Qd 5d]
Dealt to 5afe66d8 
Dealt to ddf0cf40 
Dealt to f6e79c9b 
Dealt to 909d6402 
909d6402: raises $0.15 to $0.25
12df980b: folds
Hero: folds
5afe66d8: calls $0.25
ddf0cf40: raises $1.28 to $1.53
f6e79c9b: folds
909d6402: folds
5afe66d8: folds
Uncalled bet ($1.28) returned to ddf0cf40
*** SHOWDOWN ***
ddf0cf40 collected $0.81 from pot
*** SUMMARY ***
Total pot $0.85 | Rake $0.04 | Jackpot $0 | Bingo $0 | Fortune $0 | Tax $0
Seat 1: 12df980b folded before Flop (didn't bet)
Seat 2: Hero folded before Flop (didn't bet)
Seat 3: 5afe66d8 (button) folded before Flop
Seat 4: ddf0cf40 (small blind) collected ($0.81)
Seat 5: f6e79c9b (big blind) folded before Flop
Seat 6: 909d6402 folded before Flop


Poker Hand #HD1860549381: Hold'em No Limit ($0.05/$0.1) - 2024/07/17 11:12:12
Table 'NLHRed14' 6-max Seat #2 is the button
Seat 1: 12df980b ($10 in chips)
Seat 2: Hero ($10.72 in chips)
Seat 3: 5afe66d8 ($10.58 in chips)
Seat 4: ddf0cf40 ($10 in chips)
Seat 5: f6e79c9b ($7.04 in chips)
Seat 6: 909d6402 ($31.91 in chips)
5afe66d8: posts small blind $0.05
ddf0cf40: posts big blind $0.1
*** HOLE CARDS ***
Dealt to 12df980b 
Dealt to Hero [4c Kd]
Dealt to 5afe66d8 
Dealt to ddf0cf40 
Dealt to f6e79c9b 
Dealt to 909d6402 
f6e79c9b: folds
909d6402: raises $0.1 to $0.2
12df980b: folds
Hero: folds
5afe66d8: folds
ddf0cf40: folds
Uncalled bet ($0.1) returned to 909d6402
*** SHOWDOWN ***
909d6402 collected $0.25 from pot
*** SUMMARY ***
Total pot $0.25 | Rake $0 | Jackpot $0 | Bingo $0 | Fortune $0 | Tax $0
Seat 1: 12df980b folded before Flop (didn't bet)
Seat 2: Hero (button) folded before Flop (didn't bet)
Seat 3: 5afe66d8 (small blind) folded before Flop
Seat 4: ddf0cf40 (big blind) folded before Flop
Seat 5: f6e79c9b folded before Flop (didn't bet)
Seat 6: 909d6402 collected ($0.25)


Poker Hand #HD1860549277: Hold'em No Limit ($0.05/$0.1) - 2024/07/17 11:11:15
Table 'NLHRed14' 6-max Seat #1 is the button
Seat 1: 12df980b ($10 in chips)
Seat 2: Hero ($11.17 in chips)
Seat 3: 5afe66d8 ($10.17 in chips)
Seat 5: f6e79c9b ($7.04 in chips)
Seat 6: 909d6402 ($31.91 in chips)
Hero: posts small blind $0.05
5afe66d8: posts big blind $0.1
*** HOLE CARDS ***
Dealt to 12df980b 
Dealt to Hero [Jh As]
Dealt to 5afe66d8 
Dealt to f6e79c9b 
Dealt to 909d6402 
f6e79c9b: folds
909d6402: folds
12df980b: folds
Hero: raises $0.2 to $0.3
5afe66d8: calls $0.2
*** FLOP *** [7d Kc 7s]
Hero: checks
5afe66d8: bets $0.15
Hero: calls $0.15
*** TURN *** [7d Kc 7s] [6d]
Hero: checks
5afe66d8: checks
*** RIVER *** [7d Kc 7s 6d] [2c]
Hero: checks
5afe66d8: checks
Hero: shows [Jh As] (Pair of Sevens)
5afe66d8: shows [Qs 6s] (Pair of Sevens and Pair of Sixes)
*** SHOWDOWN ***
5afe66d8 collected $0.86 from pot
*** SUMMARY ***
Total pot $0.9 | Rake $0.04 | Jackpot $0 | Bingo $0 | Fortune $0 | Tax $0
Board [7d Kc 7s 6d 2c]
Seat 1: 12df980b (button) folded before Flop (didn't bet)
Seat 2: Hero (small blind) showed [Jh As] and lost with Pair of Sevens
Seat 3: 5afe66d8 (big blind) showed [Qs 6s] and won ($0.86) with Pair of Sevens and Pair of Sixes
Seat 5: f6e79c9b folded before Flop (didn't bet)
Seat 6: 909d6402 folded before Flop (didn't bet)


Poker Hand #HD1860549218: Hold'em No Limit ($0.05/$0.1) - 2024/07/17 11:10:40
Table 'NLHRed14' 6-max Seat #6 is the button
Seat 1: 12df980b ($10.22 in chips)
Seat 2: Hero ($11.27 in chips)
Seat 3: 5afe66d8 ($10.17 in chips)
Seat 5: f6e79c9b ($6.26 in chips)
Seat 6: 909d6402 ($31.91 in chips)
12df980b: posts small blind $0.05
Hero: posts big blind $0.1
*** HOLE CARDS ***
Dealt to 12df980b 
Dealt to Hero [Ts Jh]
Dealt to 5afe66d8 
Dealt to f6e79c9b 
Dealt to 909d6402 
5afe66d8: folds
f6e79c9b: raises $0.1 to $0.2
909d6402: folds
12df980b: raises $0.56 to $0.76
Hero: folds
f6e79c9b: calls $0.56
*** FLOP *** [Kc 4s 7c]
12df980b: checks
f6e79c9b: bets $0.81
12df980b: folds
Uncalled bet ($0.81) returned to f6e79c9b
*** SHOWDOWN ***
f6e79c9b collected $1.54 from pot
*** SUMMARY ***
Total pot $1.62 | Rake $0.08 | Jackpot $0 | Bingo $0 | Fortune $0 | Tax $0
Board [Kc 4s 7c]
Seat 1: 12df980b (small blind) folded on the Flop
Seat 2: Hero (big blind) folded before Flop
Seat 3: 5afe66d8 folded before Flop (didn't bet)
Seat 5: f6e79c9b won ($1.54)
Seat 6: 909d6402 (button) folded before Flop (didn't bet)


Poker Hand #HD1860549189: Hold'em No Limit ($0.05/$0.1) - 2024/07/17 11:10:21
Table 'NLHRed14' 6-max Seat #5 is the button
Seat 1: 12df980b ($10.32 in chips)
Seat 2: Hero ($11.27 in chips)
Seat 3: 5afe66d8 ($10.17 in chips)
Seat 5: f6e79c9b ($6.36 in chips)
Seat 6: 909d6402 ($31.72 in chips)
909d6402: posts small blind $0.05
12df980b: posts big blind $0.1
*** HOLE CARDS ***
Dealt to 12df980b 
Dealt to Hero [9s Kh]
Dealt to 5afe66d8 
Dealt to f6e79c9b 
Dealt to 909d6402 
Hero: folds
5afe66d8: folds
f6e79c9b: calls $0.1
909d6402: raises $0.36 to $0.46
12df980b: folds
f6e79c9b: folds
Uncalled bet ($0.36) returned to 909d6402
*** SHOWDOWN ***
909d6402 collected $0.29 from pot
*** SUMMARY ***
Total pot $0.3 | Rake $0.01 | Jackpot $0 | Bingo $0 | Fortune $0 | Tax $0
Seat 1: 12df980b (big blind) folded before Flop
Seat 2: Hero folded before Flop (didn't bet)
Seat 3: 5afe66d8 folded before Flop (didn't bet)
Seat 5: f6e79c9b (button) folded before Flop
Seat 6: 909d6402 (small blind) collected ($0.29)


Poker Hand #HD1860549105: Hold'em No Limit ($0.05/$0.1) - 2024/07/17 11:09:34
Table 'NLHRed14' 6-max Seat #3 is the button
Seat 1: 12df980b ($10.32 in chips)
Seat 2: Hero ($11.27 in chips)
Seat 3: 5afe66d8 ($10.57 in chips)
Seat 5: f6e79c9b ($5.9 in chips)
Seat 6: 909d6402 ($31.82 in chips)
f6e79c9b: posts small blind $0.05
909d6402: posts big blind $0.1
*** HOLE CARDS ***
Dealt to 12df980b 
Dealt to Hero [Th 3c]
Dealt to 5afe66d8 
Dealt to f6e79c9b 
Dealt to 909d6402 
12df980b: folds
Hero: folds
5afe66d8: raises $0.15 to $0.25
f6e79c9b: calls $0.2
909d6402: folds
*** FLOP *** [Qh 3d 7h]
f6e79c9b: checks
5afe66d8: bets $0.15
f6e79c9b: calls $0.15
*** TURN *** [Qh 3d 7h] [5h]
f6e79c9b: bets $0.45
5afe66d8: folds
Uncalled bet ($0.45) returned to f6e79c9b
*** SHOWDOWN ***
f6e79c9b collected $0.86 from pot
*** SUMMARY ***
Total pot $0.9 | Rake $0.04 | Jackpot $0 | Bingo $0 | Fortune $0 | Tax $0
Board [Qh 3d 7h 5h]
Seat 1: 12df980b folded before Flop (didn't bet)
Seat 2: Hero folded before Flop (didn't bet)
Seat 3: 5afe66d8 (button) folded on the Turn
Seat 5: f6e79c9b (small blind) won ($0.86)
Seat 6: 909d6402 (big blind) folded before Flop


Poker Hand #HD1860549005: Hold'em No Limit ($0.05/$0.1) - 2024/07/17 11:08:39
Table 'NLHRed14' 6-max Seat #2 is the button
Seat 1: 12df980b ($10 in chips)
Seat 2: Hero ($11.27 in chips)
Seat 3: 5afe66d8 ($10.62 in chips)
Seat 4: cde09b23 ($16.35 in chips)
Seat 5: f6e79c9b ($5.9 in chips)
5afe66d8: posts small blind $0.05
cde09b23: posts big blind $0.1
*** HOLE CARDS ***
Dealt to 12df980b 
Dealt to Hero [2s Tc]
Dealt to 5afe66d8 
Dealt to cde09b23 
Dealt to f6e79c9b 
f6e79c9b: folds
12df980b: raises $0.2 to $0.3
Hero: folds
5afe66d8: folds
cde09b23: calls $0.2
*** FLOP *** [8s Td 7c]
cde09b23: checks
12df980b: checks
*** TURN *** [8s Td 7c] [Qd]
cde09b23: checks
12df980b: bets $0.49
cde09b23: folds
Uncalled bet ($0.49) returned to 12df980b
*** SHOWDOWN ***
12df980b collected $0.62 from pot
*** SUMMARY ***
Total pot $0.65 | Rake $0.03 | Jackpot $0 | Bingo $0 | Fortune $0 | Tax $0
Board [8s Td 7c Qd]
Seat 1: 12df980b won ($0.62)
Seat 2: Hero (button) folded before Flop (didn't bet)
Seat 3: 5afe66d8 (small blind) folded before Flop
Seat 4: cde09b23 (big blind) folded on the Turn
Seat 5: f6e79c9b folded before Flop (didn't bet)


Poker Hand #HD1860548887: Hold'em No Limit ($0.05/$0.1) - 2024/07/17 11:07:27
Table 'NLHRed14' 6-max Seat #1 is the button
Seat 1: 12df980b ($10 in chips)
Seat 2: Hero ($11.32 in chips)
Seat 3: 5afe66d8 ($10 in chips)
Seat 4: cde09b23 ($16.35 in chips)
Seat 5: f6e79c9b ($5.9 in chips)
Hero: posts small blind $0.05
5afe66d8: posts big blind $0.1
*** HOLE CARDS ***
Dealt to 12df980b 
Dealt to Hero [5d 8d]
Dealt to 5afe66d8 
Dealt to cde09b23 
Dealt to f6e79c9b 
cde09b23: folds
f6e79c9b: folds
12df980b: raises $0.2 to $0.3
Hero: folds
5afe66d8: calls $0.2
*** FLOP *** [6s 2s Td]
5afe66d8: checks
12df980b: checks
*** TURN *** [6s 2s Td] [4s]
5afe66d8: bets $0.33
12df980b: calls $0.33
*** RIVER *** [6s 2s Td 4s] [Ac]
5afe66d8: checks
12df980b: checks
5afe66d8: shows [9h 9c] (Pair of Nines)
12df980b: shows [7c 6c] (Pair of Sixes)
*** SHOWDOWN ***
5afe66d8 collected $1.25 from pot
*** SUMMARY ***
Total pot $1.31 | Rake $0.06 | Jackpot $0 | Bingo $0 | Fortune $0 | Tax $0
Board [6s 2s Td 4s Ac]
Seat 1: 12df980b (button) showed [7c 6c] and lost with Pair of Sixes
Seat 2: Hero (small blind) folded before Flop
Seat 3: 5afe66d8 (big blind) showed [9h 9c] and won ($1.25) with Pair of Nines
Seat 4: cde09b23 folded before Flop (didn't bet)
Seat 5: f6e79c9b folded before Flop (didn't bet)


Poker Hand #HD1860548797: Hold'em No Limit ($0.05/$0.1) - 2024/07/17 11:06:36
Table 'NLHRed14' 6-max Seat #5 is the button
Seat 1: 12df980b ($10 in chips)
Seat 2: Hero ($10.9 in chips)
Seat 3: 5afe66d8 ($10 in chips)
Seat 4: cde09b23 ($16.55 in chips)
Seat 5: f6e79c9b ($6.1 in chips)
12df980b: posts small blind $0.05
Hero: posts big blind $0.1
*** HOLE CARDS ***
Dealt to 12df980b 
Dealt to Hero [Kd Kc]
Dealt to 5afe66d8 
Dealt to cde09b23 
Dealt to f6e79c9b 
5afe66d8: folds
cde09b23: raises $0.1 to $0.2
f6e79c9b: calls $0.2
12df980b: folds
Hero: raises $0.9 to $1.1
cde09b23: folds
f6e79c9b: folds
Uncalled bet ($0.9) returned to Hero
*** SHOWDOWN ***
Hero collected $0.62 from pot
*** SUMMARY ***
Total pot $0.65 | Rake $0.03 | Jackpot $0 | Bingo $0 | Fortune $0 | Tax $0
Seat 1: 12df980b (small blind) folded before Flop
Seat 2: Hero (big blind) collected ($0.62)
Seat 3: 5afe66d8 folded before Flop (didn't bet)
Seat 4: cde09b23 folded before Flop
Seat 5: f6e79c9b (button) folded before Flop


Poker Hand #HD1860548647: Hold'em No Limit ($0.05/$0.1) - 2024/07/17 11:05:16
Table 'NLHRed14' 6-max Seat #4 is the button
Seat 1: 12df980b ($10 in chips)
Seat 2: Hero ($10.9 in chips)
Seat 3: 5afe66d8 ($10 in chips)
Seat 4: cde09b23 ($16.4 in chips)
Seat 5: f6e79c9b ($6.15 in chips)
Seat 6: 909d6402 ($31.92 in chips)
f6e79c9b: posts small blind $0.05
909d6402: posts big blind $0.1
*** HOLE CARDS ***
Dealt to 12df980b 
Dealt to Hero [3d 6h]
Dealt to 5afe66d8 
Dealt to cde09b23 
Dealt to f6e79c9b 
Dealt to 909d6402 
12df980b: folds
Hero: folds
5afe66d8: folds
cde09b23: raises $0.15 to $0.25
f6e79c9b: folds
909d6402: folds
Uncalled bet ($0.15) returned to cde09b23
*** SHOWDOWN ***
cde09b23 collected $0.25 from pot
*** SUMMARY ***
Total pot $0.25 | Rake $0 | Jackpot $0 | Bingo $0 | Fortune $0 | Tax $0
Seat 1: 12df980b folded before Flop (didn't bet)
Seat 2: Hero folded before Flop (didn't bet)
Seat 3: 5afe66d8 folded before Flop (didn't bet)
Seat 4: cde09b23 (button) collected ($0.25)
Seat 5: f6e79c9b (small blind) folded before Flop
Seat 6: 909d6402 (big blind) folded before Flop


Poker Hand #HD1860548454: Hold'em No Limit ($0.05/$0.1) - 2024/07/17 11:03:37
Table 'NLHRed14' 6-max Seat #3 is the button
Seat 1: 12df980b ($10 in chips)
Seat 2: Hero ($11.14 in chips)
Seat 3: 5afe66d8 ($10 in chips)
Seat 4: cde09b23 ($16.45 in chips)
Seat 5: f6e79c9b ($5.3 in chips)
Seat 6: 909d6402 ($31.92 in chips)
cde09b23: posts small blind $0.05
f6e79c9b: posts big blind $0.1
*** HOLE CARDS ***
Dealt to 12df980b 
Dealt to Hero [6s 6h]
Dealt to 5afe66d8 
Dealt to cde09b23 
Dealt to f6e79c9b 
Dealt to 909d6402 
909d6402: folds
12df980b: folds
Hero: raises $0.14 to $0.24
5afe66d8: calls $0.24
cde09b23: folds
f6e79c9b: calls $0.14
*** FLOP *** [5c As 5s]
f6e79c9b: checks
Hero: checks
5afe66d8: checks
*** TURN *** [5c As 5s] [7s]
f6e79c9b: checks
Hero: checks
5afe66d8: bets $0.39
f6e79c9b: calls $0.39
Hero: folds
*** RIVER *** [5c As 5s 7s] [8h]
f6e79c9b: checks
5afe66d8: checks
f6e79c9b: shows [9d 9h] (Pair of Nines and Pair of Fives)
5afe66d8: shows [Kc Ts] (Pair of Fives)
*** SHOWDOWN ***
f6e79c9b collected $1.48 from pot
*** SUMMARY ***
Total pot $1.55 | Rake $0.07 | Jackpot $0 | Bingo $0 | Fortune $0 | Tax $0
Board [5c As 5s 7s 8h]
Seat 1: 12df980b folded before Flop (didn't bet)
Seat 2: Hero folded on the Turn
Seat 3: 5afe66d8 (button) showed [Kc Ts] and lost with Pair of Fives
Seat 4: cde09b23 (small blind) folded before Flop
Seat 5: f6e79c9b (big blind) showed [9d 9h] and won ($1.48) with Pair of Nines and Pair of Fives
Seat 6: 909d6402 folded before Flop (didn't bet)


Poker Hand #HD1860548414: Hold'em No Limit ($0.05/$0.1) - 2024/07/17 11:03:12
Table 'NLHRed14' 6-max Seat #2 is the button
Seat 1: 12df980b ($10 in chips)
Seat 2: Hero ($11.14 in chips)
Seat 3: 5afe66d8 ($10 in chips)
Seat 4: cde09b23 ($16.4 in chips)
Seat 5: f6e79c9b ($5.3 in chips)
Seat 6: 909d6402 ($31.92 in chips)
5afe66d8: posts small blind $0.05
cde09b23: posts big blind $0.1
*** HOLE CARDS ***
Dealt to 12df980b 
Dealt to Hero [Ah 4s]
Dealt to 5afe66d8 
Dealt to cde09b23 
Dealt to f6e79c9b 
Dealt to 909d6402 
f6e79c9b: folds
909d6402: folds
12df980b: folds
Hero: folds
5afe66d8: folds
Uncalled bet ($0.05) returned to cde09b23
*** SHOWDOWN ***
cde09b23 collected $0.1 from pot
*** SUMMARY ***
Total pot $0.1 | Rake $0 | Jackpot $0 | Bingo $0 | Fortune $0 | Tax $0
Seat 1: 12df980b folded before Flop (didn't bet)
Seat 2: Hero (button) folded before Flop (didn't bet)
Seat 3: 5afe66d8 (small blind) folded before Flop
Seat 4: cde09b23 (big blind) collected ($0.1)
Seat 5: f6e79c9b folded before Flop (didn't bet)
Seat 6: 909d6402 folded before Flop (didn't bet)


Poker Hand #HD1860548276: Hold'em No Limit ($0.05/$0.1) - 2024/07/17 11:01:52
Table 'NLHRed14' 6-max Seat #1 is the button
Seat 1: 12df980b ($10 in chips)
Seat 2: Hero ($10.6 in chips)
Seat 3: 5afe66d8 ($10 in chips)
Seat 4: cde09b23 ($16.4 in chips)
Seat 5: f6e79c9b ($5.3 in chips)
Seat 6: 909d6402 ($31.92 in chips)
Hero: posts small blind $0.05
5afe66d8: posts big blind $0.1
*** HOLE CARDS ***
Dealt to 12df980b 
Dealt to Hero [Ah Ac]
Dealt to 5afe66d8 
Dealt to cde09b23 
Dealt to f6e79c9b 
Dealt to 909d6402 
cde09b23: folds
f6e79c9b: folds
909d6402: folds
12df980b: folds
Hero: raises $0.2 to $0.3
5afe66d8: calls $0.2
*** FLOP *** [4s Jh 2h]
Hero: bets $0.3
5afe66d8: calls $0.3
*** TURN *** [4s Jh 2h] [4h]
Hero: checks
5afe66d8: checks
*** RIVER *** [4s Jh 2h 4h] [9c]
Hero: bets $0.6
5afe66d8: folds
Uncalled bet ($0.6) returned to Hero
*** SHOWDOWN ***
Hero collected $1.14 from pot
*** SUMMARY ***
Total pot $1.2 | Rake $0.06 | Jackpot $0 | Bingo $0 | Fortune $0 | Tax $0
Board [4s Jh 2h 4h 9c]
Seat 1: 12df980b (button) folded before Flop (didn't bet)
Seat 2: Hero (small blind) won ($1.14)
Seat 3: 5afe66d8 (big blind) folded on the River
Seat 4: cde09b23 folded before Flop (didn't bet)
Seat 5: f6e79c9b folded before Flop (didn't bet)
Seat 6: 909d6402 folded before Flop (didn't bet)


Poker Hand #HD1860548224: Hold'em No Limit ($0.05/$0.1) - 2024/07/17 11:01:29
Table 'NLHRed14' 6-max Seat #6 is the button
Seat 1: 12df980b ($10 in chips)
Seat 2: Hero ($10.7 in chips)
Seat 3: 5afe66d8 ($10 in chips)
Seat 4: cde09b23 ($16.16 in chips)
Seat 5: f6e79c9b ($5.3 in chips)
Seat 6: 909d6402 ($31.92 in chips)
12df980b: posts small blind $0.05
Hero: posts big blind $0.1
5afe66d8: posts big blind $0.1
*** HOLE CARDS ***
Dealt to 12df980b 
Dealt to Hero [9h 2d]
Dealt to 5afe66d8 
Dealt to cde09b23 
Dealt to f6e79c9b 
Dealt to 909d6402 
5afe66d8: checks
cde09b23: raises $0.27 to $0.37
f6e79c9b: folds
909d6402: folds
12df980b: folds
Hero: folds
5afe66d8: folds
Uncalled bet ($0.27) returned to cde09b23
*** SHOWDOWN ***
cde09b23 collected $0.34 from pot
*** SUMMARY ***
Total pot $0.35 | Rake $0.01 | Jackpot $0 | Bingo $0 | Fortune $0 | Tax $0
Seat 1: 12df980b (small blind) folded before Flop
Seat 2: Hero (big blind) folded before Flop
Seat 3: 5afe66d8 folded before Flop
Seat 4: cde09b23 collected ($0.34)
Seat 5: f6e79c9b folded before Flop (didn't bet)
Seat 6: 909d6402 (button) folded before Flop (didn't bet)


Poker Hand #HD1860548172: Hold'em No Limit ($0.05/$0.1) - 2024/07/17 11:00:58
Table 'NLHRed14' 6-max Seat #5 is the button
Seat 1: 12df980b ($10 in chips)
Seat 2: Hero ($10.7 in chips)
Seat 4: cde09b23 ($16.16 in chips)
Seat 5: f6e79c9b ($5.02 in chips)
Seat 6: 909d6402 ($32.12 in chips)
909d6402: posts small blind $0.05
12df980b: posts big blind $0.1
*** HOLE CARDS ***
Dealt to 12df980b 
Dealt to Hero [Ad 3s]
Dealt to cde09b23 
Dealt to f6e79c9b 
Dealt to 909d6402 
Hero: folds
cde09b23: folds
f6e79c9b: raises $0.1 to $0.2
909d6402: calls $0.15
12df980b: folds
*** FLOP *** [Qs Jc Tc]
909d6402: checks
f6e79c9b: bets $0.25
909d6402: folds
Uncalled bet ($0.25) returned to f6e79c9b
*** SHOWDOWN ***
f6e79c9b collected $0.48 from pot
*** SUMMARY ***
Total pot $0.5 | Rake $0.02 | Jackpot $0 | Bingo $0 | Fortune $0 | Tax $0
Board [Qs Jc Tc]
Seat 1: 12df980b (big blind) folded before Flop
Seat 2: Hero folded before Flop (didn't bet)
Seat 4: cde09b23 folded before Flop (didn't bet)
Seat 5: f6e79c9b (button) won ($0.48)
Seat 6: 909d6402 (small blind) folded on the Flop


Poker Hand #HD1860548125: Hold'em No Limit ($0.05/$0.1) - 2024/07/17 11:00:36
Table 'NLHRed14' 6-max Seat #4 is the button
Seat 1: 12df980b ($10 in chips)
Seat 2: Hero ($10.7 in chips)
Seat 4: cde09b23 ($16.16 in chips)
Seat 5: f6e79c9b ($4.92 in chips)
Seat 6: 909d6402 ($32.22 in chips)
f6e79c9b: posts small blind $0.05
909d6402: posts big blind $0.1
*** HOLE CARDS ***
Dealt to 12df980b 
Dealt to Hero [Qc 4h]
Dealt to cde09b23 
Dealt to f6e79c9b 
Dealt to 909d6402 
12df980b: folds
Hero: folds
cde09b23: folds
f6e79c9b: raises $0.1 to $0.2
909d6402: folds
Uncalled bet ($0.1) returned to f6e79c9b
*** SHOWDOWN ***
f6e79c9b collected $0.2 from pot
*** SUMMARY ***
Total pot $0.2 | Rake $0 | Jackpot $0 | Bingo $0 | Fortune $0 | Tax $0
Seat 1: 12df980b folded before Flop (didn't bet)
Seat 2: Hero folded before Flop (didn't bet)
Seat 4: cde09b23 (button) folded before Flop (didn't bet)
Seat 5: f6e79c9b (small blind) collected ($0.2)
Seat 6: 909d6402 (big blind) folded before Flop


Poker Hand #HD1860547974: Hold'em No Limit ($0.05/$0.1) - 2024/07/17 10:59:19
Table 'NLHRed14' 6-max Seat #2 is the button
Seat 1: 12df980b ($10 in chips)
Seat 2: Hero ($10.82 in chips)
Seat 4: cde09b23 ($16.28 in chips)
Seat 5: f6e79c9b ($5.02 in chips)
Seat 6: 909d6402 ($32.22 in chips)
cde09b23: posts small blind $0.05
f6e79c9b: posts big blind $0.1
*** HOLE CARDS ***
Dealt to 12df980b 
Dealt to Hero [Ah Kh]
Dealt to cde09b23 
Dealt to f6e79c9b 
Dealt to 909d6402 
909d6402: folds
12df980b: folds
Hero: raises $0.14 to $0.24
cde09b23: raises $1.01 to $1.25
f6e79c9b: folds
Hero: calls $1.01
*** FLOP *** [Td 2c 5d]
cde09b23: checks
Hero: checks
*** TURN *** [Td 2c 5d] [Tc]
cde09b23: checks
Hero: bets $1.2
cde09b23: calls $1.2
*** RIVER *** [Td 2c 5d Tc] [9s]
cde09b23: checks
Hero: checks
cde09b23: shows [As Ks] (Pair of Tens)
Hero: shows [Ah Kh] (Pair of Tens)
*** SHOWDOWN ***
cde09b23 collected $2.33 from pot
Hero collected $2.33 from pot
*** SUMMARY ***
Total pot $5 | Rake $0.24 | Jackpot $0.1 | Bingo $0 | Fortune $0 | Tax $0
Board [Td 2c 5d Tc 9s]
Seat 1: 12df980b folded before Flop (didn't bet)
Seat 2: Hero (button) showed [Ah Kh] and won ($2.33) with Pair of Tens
Seat 4: cde09b23 (small blind) showed [As Ks] and won ($2.33) with Pair of Tens
Seat 5: f6e79c9b (big blind) folded before Flop
Seat 6: 909d6402 folded before Flop (didn't bet)


Poker Hand #HD1860547884: Hold'em No Limit ($0.05/$0.1) - 2024/07/17 10:58:33
Table 'NLHRed14' 6-max Seat #1 is the button
Seat 1: 12df980b ($10 in chips)
Seat 2: Hero ($10.87 in chips)
Seat 4: cde09b23 ($15.84 in chips)
Seat 5: f6e79c9b ($5.45 in chips)
Seat 6: 909d6402 ($32.22 in chips)
Hero: posts small blind $0.05
cde09b23: posts big blind $0.1
*** HOLE CARDS ***
Dealt to 12df980b 
Dealt to Hero [4h 2s]
Dealt to cde09b23 
Dealt to f6e79c9b 
Dealt to 909d6402 
f6e79c9b: raises $0.1 to $0.2
909d6402: folds
12df980b: folds
Hero: folds
cde09b23: calls $0.1
*** FLOP *** [Ac 7s Jd]
cde09b23: checks
f6e79c9b: bets $0.23
cde09b23: calls $0.23
*** TURN *** [Ac 7s Jd] [Jh]
cde09b23: checks
f6e79c9b: checks
*** RIVER *** [Ac 7s Jd Jh] [Kh]
cde09b23: bets $0.31
f6e79c9b: folds
Uncalled bet ($0.31) returned to cde09b23
*** SHOWDOWN ***
cde09b23 collected $0.87 from pot
*** SUMMARY ***
Total pot $0.91 | Rake $0.04 | Jackpot $0 | Bingo $0 | Fortune $0 | Tax $0
Board [Ac 7s Jd Jh Kh]
Seat 1: 12df980b (button) folded before Flop (didn't bet)
Seat 2: Hero (small blind) folded before Flop
Seat 4: cde09b23 (big blind) won ($0.87)
Seat 5: f6e79c9b folded on the River
Seat 6: 909d6402 folded before Flop (didn't bet)


Poker Hand #HD1860547853: Hold'em No Limit ($0.05/$0.1) - 2024/07/17 10:58:20
Table 'NLHRed14' 6-max Seat #6 is the button
Seat 1: 12df980b ($10 in chips)
Seat 2: Hero ($10.97 in chips)
Seat 4: cde09b23 ($15.84 in chips)
Seat 5: f6e79c9b ($5.45 in chips)
Seat 6: 909d6402 ($32.07 in chips)
12df980b: posts small blind $0.05
Hero: posts big blind $0.1
*** HOLE CARDS ***
Dealt to 12df980b 
Dealt to Hero [6s Kd]
Dealt to cde09b23 
Dealt to f6e79c9b 
Dealt to 909d6402 
cde09b23: folds
f6e79c9b: folds
909d6402: raises $0.1 to $0.2
12df980b: folds
Hero: folds
Uncalled bet ($0.1) returned to 909d6402
*** SHOWDOWN ***
909d6402 collected $0.25 from pot
*** SUMMARY ***
Total pot $0.25 | Rake $0 | Jackpot $0 | Bingo $0 | Fortune $0 | Tax $0
Seat 1: 12df980b (small blind) folded before Flop
Seat 2: Hero (big blind) folded before Flop
Seat 4: cde09b23 folded before Flop (didn't bet)
Seat 5: f6e79c9b folded before Flop (didn't bet)
Seat 6: 909d6402 (button) collected ($0.25)


Poker Hand #HD1860547659: Hold'em No Limit ($0.05/$0.1) - 2024/07/17 10:56:45
Table 'NLHRed14' 6-max Seat #5 is the button
Seat 1: 12df980b ($10 in chips)
Seat 2: Hero ($10.97 in chips)
Seat 3: ce95d5cb ($4.06 in chips)
Seat 4: cde09b23 ($12.13 in chips)
Seat 5: f6e79c9b ($5.45 in chips)
Seat 6: 909d6402 ($32.12 in chips)
909d6402: posts small blind $0.05
12df980b: posts big blind $0.1
*** HOLE CARDS ***
Dealt to 12df980b 
Dealt to Hero [8h 7d]
Dealt to ce95d5cb 
Dealt to cde09b23 
Dealt to f6e79c9b 
Dealt to 909d6402 
Hero: folds
ce95d5cb: raises $0.2 to $0.3
cde09b23: raises $0.57 to $0.87
f6e79c9b: folds
909d6402: folds
12df980b: folds
ce95d5cb: calls $0.57
*** FLOP *** [3h 9s 9c]
ce95d5cb: checks
cde09b23: bets $0.63
ce95d5cb: calls $0.63
*** TURN *** [3h 9s 9c] [Kd]
ce95d5cb: checks
cde09b23: checks
*** RIVER *** [3h 9s 9c Kd] [6h]
ce95d5cb: checks
cde09b23: bets $3.94
ce95d5cb: calls $2.56 and is all-in
Uncalled bet ($1.38) returned to cde09b23
cde09b23: shows [Qd Qs] (Pair of Queens and Pair of Nines)
ce95d5cb: shows [Ac 3c] (Pair of Nines and Pair of Treys)
*** SHOWDOWN ***
cde09b23 collected $7.77 from pot
*** SUMMARY ***
Total pot $8.27 | Rake $0.4 | Jackpot $0.1 | Bingo $0 | Fortune $0 | Tax $0
Board [3h 9s 9c Kd 6h]
Seat 1: 12df980b (big blind) folded before Flop
Seat 2: Hero folded before Flop (didn't bet)
Seat 3: ce95d5cb showed [Ac 3c] and lost with Pair of Nines and Pair of Treys
Seat 4: cde09b23 showed [Qd Qs] and won ($7.77) with Pair of Queens and Pair of Nines
Seat 5: f6e79c9b (button) folded before Flop (didn't bet)
Seat 6: 909d6402 (small blind) folded before Flop


Poker Hand #HD1860547534: Hold'em No Limit ($0.05/$0.1) - 2024/07/17 10:55:47
Table 'NLHRed14' 6-max Seat #4 is the button
Seat 1: 12df980b ($10 in chips)
Seat 2: Hero ($10.97 in chips)
Seat 3: ce95d5cb ($4.06 in chips)
Seat 4: cde09b23 ($12.38 in chips)
Seat 5: f6e79c9b ($5.5 in chips)
Seat 6: 909d6402 ($31.84 in chips)
f6e79c9b: posts small blind $0.05
909d6402: posts big blind $0.1
*** HOLE CARDS ***
Dealt to 12df980b 
Dealt to Hero [2s 3d]
Dealt to ce95d5cb 
Dealt to cde09b23 
Dealt to f6e79c9b 
Dealt to 909d6402 
12df980b: folds
Hero: folds
ce95d5cb: folds
cde09b23: raises $0.15 to $0.25
f6e79c9b: folds
909d6402: calls $0.15
*** FLOP *** [Td 9d Kd]
909d6402: checks
cde09b23: checks
*** TURN *** [Td 9d Kd] [As]
909d6402: checks
cde09b23: checks
*** RIVER *** [Td 9d Kd As] [6h]
909d6402: checks
cde09b23: checks
909d6402: shows [Ks Jc] (Pair of Kings)
cde09b23: shows [9s 8d] (Pair of Nines)
*** SHOWDOWN ***
909d6402 collected $0.53 from pot
*** SUMMARY ***
Total pot $0.55 | Rake $0.02 | Jackpot $0 | Bingo $0 | Fortune $0 | Tax $0
Board [Td 9d Kd As 6h]
Seat 1: 12df980b folded before Flop (didn't bet)
Seat 2: Hero folded before Flop (didn't bet)
Seat 3: ce95d5cb folded before Flop (didn't bet)
Seat 4: cde09b23 (button) showed [9s 8d] and lost with Pair of Nines
Seat 5: f6e79c9b (small blind) folded before Flop
Seat 6: 909d6402 (big blind) showed [Ks Jc] and won ($0.53) with Pair of Kings


Poker Hand #HD1860547377: Hold'em No Limit ($0.05/$0.1) - 2024/07/17 10:54:22
Table 'NLHRed14' 6-max Seat #3 is the button
Seat 1: 12df980b ($10 in chips)
Seat 2: Hero ($10.97 in chips)
Seat 3: ce95d5cb ($4.06 in chips)
Seat 4: cde09b23 ($12.86 in chips)
Seat 5: f6e79c9b ($5.98 in chips)
Seat 6: 909d6402 ($30.95 in chips)
cde09b23: posts small blind $0.05
f6e79c9b: posts big blind $0.1
*** HOLE CARDS ***
Dealt to 12df980b 
Dealt to Hero [5s Th]
Dealt to ce95d5cb 
Dealt to cde09b23 
Dealt to f6e79c9b 
Dealt to 909d6402 
909d6402: raises $0.15 to $0.25
12df980b: folds
Hero: folds
ce95d5cb: folds
cde09b23: calls $0.2
f6e79c9b: calls $0.15
*** FLOP *** [5d 3c 3s]
cde09b23: checks
f6e79c9b: checks
909d6402: bets $0.23
cde09b23: calls $0.23
f6e79c9b: calls $0.23
*** TURN *** [5d 3c 3s] [7d]
cde09b23: checks
f6e79c9b: checks
909d6402: bets $1.08
cde09b23: folds
f6e79c9b: folds
Uncalled bet ($1.08) returned to 909d6402
*** SHOWDOWN ***
909d6402 collected $1.37 from pot
*** SUMMARY ***
Total pot $1.44 | Rake $0.07 | Jackpot $0 | Bingo $0 | Fortune $0 | Tax $0
Board [5d 3c 3s 7d]
Seat 1: 12df980b folded before Flop (didn't bet)
Seat 2: Hero folded before Flop (didn't bet)
Seat 3: ce95d5cb (button) folded before Flop (didn't bet)
Seat 4: cde09b23 (small blind) folded on the Turn
Seat 5: f6e79c9b (big blind) folded on the Turn
Seat 6: 909d6402 won ($1.37)


Poker Hand #HD1860547322: Hold'em No Limit ($0.05/$0.1) - 2024/07/17 10:54:01
Table 'NLHRed14' 6-max Seat #2 is the button
Seat 1: 12df980b ($10 in chips)
Seat 2: Hero ($10.97 in chips)
Seat 3: ce95d5cb ($3.96 in chips)
Seat 4: cde09b23 ($12.96 in chips)
Seat 5: f6e79c9b ($5.98 in chips)
Seat 6: 909d6402 ($30.95 in chips)
ce95d5cb: posts small blind $0.05
cde09b23: posts big blind $0.1
*** HOLE CARDS ***
Dealt to 12df980b 
Dealt to Hero [4s 3c]
Dealt to ce95d5cb 
Dealt to cde09b23 
Dealt to f6e79c9b 
Dealt to 909d6402 
f6e79c9b: folds
909d6402: folds
12df980b: folds
Hero: folds
ce95d5cb: raises $0.2 to $0.3
cde09b23: folds
Uncalled bet ($0.2) returned to ce95d5cb
*** SHOWDOWN ***
ce95d5cb collected $0.2 from pot
*** SUMMARY ***
Total pot $0.2 | Rake $0 | Jackpot $0 | Bingo $0 | Fortune $0 | Tax $0
Seat 1: 12df980b folded before Flop (didn't bet)
Seat 2: Hero (button) folded before Flop (didn't bet)
Seat 3: ce95d5cb (small blind) collected ($0.2)
Seat 4: cde09b23 (big blind) folded before Flop
Seat 5: f6e79c9b folded before Flop (didn't bet)
Seat 6: 909d6402 folded before Flop (didn't bet)


Poker Hand #HD1860547200: Hold'em No Limit ($0.05/$0.1) - 2024/07/17 10:53:01
Table 'NLHRed14' 6-max Seat #1 is the button
Seat 1: 12df980b ($10 in chips)
Seat 2: Hero ($11.02 in chips)
Seat 3: ce95d5cb ($4.16 in chips)
Seat 4: cde09b23 ($12.96 in chips)
Seat 5: f6e79c9b ($5.98 in chips)
Seat 6: 909d6402 ($30.72 in chips)
Hero: posts small blind $0.05
ce95d5cb: posts big blind $0.1
*** HOLE CARDS ***
Dealt to 12df980b 
Dealt to Hero [7d 4c]
Dealt to ce95d5cb 
Dealt to cde09b23 
Dealt to f6e79c9b 
Dealt to 909d6402 
cde09b23: folds
f6e79c9b: folds
909d6402: raises $0.1 to $0.2
12df980b: folds
Hero: folds
ce95d5cb: calls $0.1
*** FLOP *** [9h 8h 5d]
ce95d5cb: checks
909d6402: checks
*** TURN *** [9h 8h 5d] [Qd]
ce95d5cb: checks
909d6402: checks
*** RIVER *** [9h 8h 5d Qd] [2h]
ce95d5cb: checks
909d6402: checks
ce95d5cb: shows [4s 3h] (Queen-High)
909d6402: shows [Kc Th] (King-High)
*** SHOWDOWN ***
909d6402 collected $0.43 from pot
*** SUMMARY ***
Total pot $0.45 | Rake $0.02 | Jackpot $0 | Bingo $0 | Fortune $0 | Tax $0
Board [9h 8h 5d Qd 2h]
Seat 1: 12df980b (button) folded before Flop (didn't bet)
Seat 2: Hero (small blind) folded before Flop
Seat 3: ce95d5cb (big blind) showed [4s 3h] and lost with Queen-High
Seat 4: cde09b23 folded before Flop (didn't bet)
Seat 5: f6e79c9b folded before Flop (didn't bet)
Seat 6: 909d6402 showed [Kc Th] and won ($0.43) with King-High


Poker Hand #HD1860547127: Hold'em No Limit ($0.05/$0.1) - 2024/07/17 10:52:24
Table 'NLHRed14' 6-max Seat #6 is the button
Seat 1: 12df980b ($10 in chips)
Seat 2: Hero ($10.75 in chips)
Seat 3: ce95d5cb ($4.16 in chips)
Seat 4: cde09b23 ($12.96 in chips)
Seat 5: f6e79c9b ($5.98 in chips)
Seat 6: 909d6402 ($30.72 in chips)
12df980b: posts small blind $0.05
Hero: posts big blind $0.1
*** HOLE CARDS ***
Dealt to 12df980b 
Dealt to Hero [2h Kh]
Dealt to ce95d5cb 
Dealt to cde09b23 
Dealt to f6e79c9b 
Dealt to 909d6402 
ce95d5cb: folds
cde09b23: folds
f6e79c9b: folds
909d6402: folds
12df980b: raises $0.2 to $0.3
Hero: calls $0.2
*** FLOP *** [3h 7d 5h]
12df980b: checks
Hero: bets $0.4
12df980b: folds
Uncalled bet ($0.4) returned to Hero
*** SHOWDOWN ***
Hero collected $0.57 from pot
*** SUMMARY ***
Total pot $0.6 | Rake $0.03 | Jackpot $0 | Bingo $0 | Fortune $0 | Tax $0
Board [3h 7d 5h]
Seat 1: 12df980b (small blind) folded on the Flop
Seat 2: Hero (big blind) won ($0.57)
Seat 3: ce95d5cb folded before Flop (didn't bet)
Seat 4: cde09b23 folded before Flop (didn't bet)
Seat 5: f6e79c9b folded before Flop (didn't bet)
Seat 6: 909d6402 (button) folded before Flop (didn't bet)


Poker Hand #HD1860547001: Hold'em No Limit ($0.05/$0.1) - 2024/07/17 10:51:19
Table 'NLHRed14' 6-max Seat #5 is the button
Seat 1: 12df980b ($10 in chips)
Seat 2: Hero ($10.25 in chips)
Seat 3: ce95d5cb ($4.55 in chips)
Seat 4: cde09b23 ($12.96 in chips)
Seat 5: f6e79c9b ($5.98 in chips)
Seat 6: 909d6402 ($30.77 in chips)
909d6402: posts small blind $0.05
12df980b: posts big blind $0.1
*** HOLE CARDS ***
Dealt to 12df980b 
Dealt to Hero [9c Ac]
Dealt to ce95d5cb 
Dealt to cde09b23 
Dealt to f6e79c9b 
Dealt to 909d6402 
Hero: raises $0.1 to $0.2
ce95d5cb: calls $0.2
cde09b23: folds
f6e79c9b: folds
909d6402: folds
12df980b: folds
*** FLOP *** [6s Kd 8c]
Hero: checks
ce95d5cb: bets $0.19
Hero: calls $0.19
*** TURN *** [6s Kd 8c] [Ah]
Hero: checks
ce95d5cb: checks
*** RIVER *** [6s Kd 8c Ah] [5c]
Hero: bets $0.31
ce95d5cb: folds
Uncalled bet ($0.31) returned to Hero
*** SHOWDOWN ***
Hero collected $0.89 from pot
*** SUMMARY ***
Total pot $0.93 | Rake $0.04 | Jackpot $0 | Bingo $0 | Fortune $0 | Tax $0
Board [6s Kd 8c Ah 5c]
Seat 1: 12df980b (big blind) folded before Flop
Seat 2: Hero won ($0.89)
Seat 3: ce95d5cb folded on the River
Seat 4: cde09b23 folded before Flop (didn't bet)
Seat 5: f6e79c9b (button) folded before Flop (didn't bet)
Seat 6: 909d6402 (small blind) folded before Flop


Poker Hand #HD1860546927: Hold'em No Limit ($0.05/$0.1) - 2024/07/17 10:50:42
Table 'NLHRed14' 6-max Seat #4 is the button
Seat 1: 12df980b ($10 in chips)
Seat 2: Hero ($10.45 in chips)
Seat 3: ce95d5cb ($4.75 in chips)
Seat 4: cde09b23 ($12.96 in chips)
Seat 5: f6e79c9b ($6.18 in chips)
Seat 6: 909d6402 ($30.21 in chips)
f6e79c9b: posts small blind $0.05
909d6402: posts big blind $0.1
*** HOLE CARDS ***
Dealt to 12df980b 
Dealt to Hero [As Tc]
Dealt to ce95d5cb 
Dealt to cde09b23 
Dealt to f6e79c9b 
Dealt to 909d6402 
12df980b: folds
Hero: raises $0.1 to $0.2
ce95d5cb: calls $0.2
cde09b23: folds
f6e79c9b: calls $0.15
909d6402: raises $0.96 to $1.16
Hero: folds
ce95d5cb: folds
f6e79c9b: folds
Uncalled bet ($0.96) returned to 909d6402
*** SHOWDOWN ***
909d6402 collected $0.76 from pot
*** SUMMARY ***
Total pot $0.8 | Rake $0.04 | Jackpot $0 | Bingo $0 | Fortune $0 | Tax $0
Seat 1: 12df980b folded before Flop (didn't bet)
Seat 2: Hero folded before Flop
Seat 3: ce95d5cb folded before Flop
Seat 4: cde09b23 (button) folded before Flop (didn't bet)
Seat 5: f6e79c9b (small blind) folded before Flop
Seat 6: 909d6402 (big blind) collected ($0.76)


Poker Hand #HD1860546786: Hold'em No Limit ($0.05/$0.1) - 2024/07/17 10:49:25
Table 'NLHRed14' 6-max Seat #3 is the button
Seat 1: 12df980b ($10 in chips)
Seat 2: Hero ($10.45 in chips)
Seat 3: ce95d5cb ($3.88 in chips)
Seat 4: cde09b23 ($13.01 in chips)
Seat 5: f6e79c9b ($6.43 in chips)
Seat 6: 909d6402 ($30.86 in chips)
cde09b23: posts small blind $0.05
f6e79c9b: posts big blind $0.1
*** HOLE CARDS ***
Dealt to 12df980b 
Dealt to Hero [Qs Th]
Dealt to ce95d5cb 
Dealt to cde09b23 
Dealt to f6e79c9b 
Dealt to 909d6402 
909d6402: raises $0.15 to $0.25
12df980b: folds
Hero: folds
ce95d5cb: calls $0.25
cde09b23: folds
f6e79c9b: calls $0.15
*** FLOP *** [6s 2s 7d]
f6e79c9b: checks
909d6402: checks
ce95d5cb: bets $0.4
f6e79c9b: folds
909d6402: calls $0.4
*** TURN *** [6s 2s 7d] [Td]
909d6402: checks
ce95d5cb: bets $1.2
909d6402: folds
Uncalled bet ($1.2) returned to ce95d5cb
*** SHOWDOWN ***
ce95d5cb collected $1.52 from pot
*** SUMMARY ***
Total pot $1.6 | Rake $0.08 | Jackpot $0 | Bingo $0 | Fortune $0 | Tax $0
Board [6s 2s 7d Td]
Seat 1: 12df980b folded before Flop (didn't bet)
Seat 2: Hero folded before Flop (didn't bet)
Seat 3: ce95d5cb (button) won ($1.52)
Seat 4: cde09b23 (small blind) folded before Flop
Seat 5: f6e79c9b (big blind) folded on the Flop
Seat 6: 909d6402 folded on the Turn


Poker Hand #HD1860546708: Hold'em No Limit ($0.05/$0.1) - 2024/07/17 10:48:46
Table 'NLHRed14' 6-max Seat #2 is the button
Seat 1: 12df980b ($10 in chips)
Seat 2: Hero ($10.45 in chips)
Seat 3: ce95d5cb ($3.78 in chips)
Seat 4: cde09b23 ($13.11 in chips)
Seat 5: f6e79c9b ($6.43 in chips)
Seat 6: 909d6402 ($30.86 in chips)
ce95d5cb: posts small blind $0.05
cde09b23: posts big blind $0.1
*** HOLE CARDS ***
Dealt to 12df980b 
Dealt to Hero [Ah 6c]
Dealt to ce95d5cb 
Dealt to cde09b23 
Dealt to f6e79c9b 
Dealt to 909d6402 
f6e79c9b: folds
909d6402: folds
12df980b: folds
Hero: folds
ce95d5cb: raises $0.2 to $0.3
cde09b23: folds
Uncalled bet ($0.2) returned to ce95d5cb
*** SHOWDOWN ***
ce95d5cb collected $0.2 from pot
*** SUMMARY ***
Total pot $0.2 | Rake $0 | Jackpot $0 | Bingo $0 | Fortune $0 | Tax $0
Seat 1: 12df980b folded before Flop (didn't bet)
Seat 2: Hero (button) folded before Flop (didn't bet)
Seat 3: ce95d5cb (small blind) collected ($0.2)
Seat 4: cde09b23 (big blind) folded before Flop
Seat 5: f6e79c9b folded before Flop (didn't bet)
Seat 6: 909d6402 folded before Flop (didn't bet)


Poker Hand #HD1860546570: Hold'em No Limit ($0.05/$0.1) - 2024/07/17 10:47:38
Table 'NLHRed14' 6-max Seat #1 is the button
Seat 1: 12df980b ($10 in chips)
Seat 2: Hero ($10.5 in chips)
Seat 3: ce95d5cb ($2.98 in chips)
Seat 4: cde09b23 ($13.11 in chips)
Seat 5: f6e79c9b ($7.26 in chips)
Seat 6: 909d6402 ($30.86 in chips)
Hero: posts small blind $0.05
ce95d5cb: posts big blind $0.1
*** HOLE CARDS ***
Dealt to 12df980b 
Dealt to Hero [4h 9h]
Dealt to ce95d5cb 
Dealt to cde09b23 
Dealt to f6e79c9b 
Dealt to 909d6402 
cde09b23: folds
f6e79c9b: calls $0.1
909d6402: folds
12df980b: folds
Hero: folds
ce95d5cb: raises $0.3 to $0.4
f6e79c9b: calls $0.3
*** FLOP *** [As 9d 6c]
ce95d5cb: checks
f6e79c9b: bets $0.43
ce95d5cb: calls $0.43
*** TURN *** [As 9d 6c] [5s]
ce95d5cb: checks
f6e79c9b: checks
*** RIVER *** [As 9d 6c 5s] [2d]
ce95d5cb: bets $1.29
f6e79c9b: folds
Uncalled bet ($1.29) returned to ce95d5cb
*** SHOWDOWN ***
ce95d5cb collected $1.63 from pot
*** SUMMARY ***
Total pot $1.71 | Rake $0.08 | Jackpot $0 | Bingo $0 | Fortune $0 | Tax $0
Board [As 9d 6c 5s 2d]
Seat 1: 12df980b (button) folded before Flop (didn't bet)
Seat 2: Hero (small blind) folded before Flop
Seat 3: ce95d5cb (big blind) won ($1.63)
Seat 4: cde09b23 folded before Flop (didn't bet)
Seat 5: f6e79c9b folded on the River
Seat 6: 909d6402 folded before Flop (didn't bet)


Poker Hand #HD1860546474: Hold'em No Limit ($0.05/$0.1) - 2024/07/17 10:46:50
Table 'NLHRed14' 6-max Seat #6 is the button
Seat 1: 12df980b ($10.05 in chips)
Seat 2: Hero ($10.6 in chips)
Seat 3: ce95d5cb ($2.98 in chips)
Seat 4: cde09b23 ($13.11 in chips)
Seat 5: f6e79c9b ($9.42 in chips)
Seat 6: 909d6402 ($28.86 in chips)
12df980b: posts small blind $0.05
Hero: posts big blind $0.1
*** HOLE CARDS ***
Dealt to 12df980b 
Dealt to Hero [Jh 8d]
Dealt to ce95d5cb 
Dealt to cde09b23 
Dealt to f6e79c9b 
Dealt to 909d6402 
ce95d5cb: folds
cde09b23: folds
f6e79c9b: raises $0.1 to $0.2
909d6402: raises $0.42 to $0.62
12df980b: folds
Hero: folds
f6e79c9b: calls $0.42
*** FLOP *** [Kd 2d 3h]
f6e79c9b: bets $0.7
909d6402: calls $0.7
*** TURN *** [Kd 2d 3h] [3d]
f6e79c9b: checks
909d6402: checks
*** RIVER *** [Kd 2d 3h 3d] [7h]
f6e79c9b: checks
909d6402: bets $0.84
f6e79c9b: calls $0.84
909d6402: shows [Qc Ks] (Pair of Kings and Pair of Treys)
f6e79c9b: shows [As 9s] (Pair of Treys)
*** SHOWDOWN ***
909d6402 collected $4.16 from pot
*** SUMMARY ***
Total pot $4.47 | Rake $0.21 | Jackpot $0.1 | Bingo $0 | Fortune $0 | Tax $0
Board [Kd 2d 3h 3d 7h]
Seat 1: 12df980b (small blind) folded before Flop
Seat 2: Hero (big blind) folded before Flop
Seat 3: ce95d5cb folded before Flop (didn't bet)
Seat 4: cde09b23 folded before Flop (didn't bet)
Seat 5: f6e79c9b showed [As 9s] and lost with Pair of Treys
Seat 6: 909d6402 (button) showed [Qc Ks] and won ($4.16) with Pair of Kings and Pair of Treys


Poker Hand #HD1860546344: Hold'em No Limit ($0.05/$0.1) - 2024/07/17 10:45:42
Table 'NLHRed14' 6-max Seat #5 is the button
Seat 1: 12df980b ($10.15 in chips)
Seat 2: Hero ($10.6 in chips)
Seat 3: ce95d5cb ($2.34 in chips)
Seat 4: cde09b23 ($13.11 in chips)
Seat 5: f6e79c9b ($9.97 in chips)
Seat 6: 909d6402 ($28.91 in chips)
909d6402: posts small blind $0.05
12df980b: posts big blind $0.1
*** HOLE CARDS ***
Dealt to 12df980b 
Dealt to Hero [5d 7d]
Dealt to ce95d5cb 
Dealt to cde09b23 
Dealt to f6e79c9b 
Dealt to 909d6402 
Hero: folds
ce95d5cb: raises $0.2 to $0.3
cde09b23: folds
f6e79c9b: calls $0.3
909d6402: folds
12df980b: folds
*** FLOP *** [3s 4d 3d]
ce95d5cb: bets $0.25
f6e79c9b: calls $0.25
*** TURN *** [3s 4d 3d] [Js]
ce95d5cb: bets $1.79 and is all-in
f6e79c9b: folds
Uncalled bet ($1.79) returned to ce95d5cb
*** SHOWDOWN ***
ce95d5cb collected $1.19 from pot
*** SUMMARY ***
Total pot $1.25 | Rake $0.06 | Jackpot $0 | Bingo $0 | Fortune $0 | Tax $0
Board [3s 4d 3d Js]
Seat 1: 12df980b (big blind) folded before Flop
Seat 2: Hero folded before Flop (didn't bet)
Seat 3: ce95d5cb won ($1.19)
Seat 4: cde09b23 folded before Flop (didn't bet)
Seat 5: f6e79c9b (button) folded on the Turn
Seat 6: 909d6402 (small blind) folded before Flop


Poker Hand #HD1860546155: Hold'em No Limit ($0.05/$0.1) - 2024/07/17 10:44:12
Table 'NLHRed14' 6-max Seat #4 is the button
Seat 1: 12df980b ($10.15 in chips)
Seat 2: Hero ($10.6 in chips)
Seat 3: ce95d5cb ($4.78 in chips)
Seat 4: cde09b23 ($10.86 in chips)
Seat 5: f6e79c9b ($10.02 in chips)
Seat 6: 909d6402 ($29.01 in chips)
f6e79c9b: posts small blind $0.05
909d6402: posts big blind $0.1
*** HOLE CARDS ***
Dealt to 12df980b 
Dealt to Hero [5h 9d]
Dealt to ce95d5cb 
Dealt to cde09b23 
Dealt to f6e79c9b 
Dealt to 909d6402 
12df980b: folds
Hero: folds
ce95d5cb: raises $0.2 to $0.3
cde09b23: calls $0.3
f6e79c9b: folds
909d6402: folds
*** FLOP *** [3h 6h 7c]
ce95d5cb: bets $0.25
cde09b23: raises $0.63 to $0.88
ce95d5cb: calls $0.63
*** TURN *** [3h 6h 7c] [Ts]
ce95d5cb: bets $1.26
cde09b23: raises $8.42 to $9.68 and is all-in
ce95d5cb: folds
Uncalled bet ($8.42) returned to cde09b23
*** SHOWDOWN ***
cde09b23 collected $4.69 from pot
*** SUMMARY ***
Total pot $5.03 | Rake $0.24 | Jackpot $0.1 | Bingo $0 | Fortune $0 | Tax $0
Board [3h 6h 7c Ts]
Seat 1: 12df980b folded before Flop (didn't bet)
Seat 2: Hero folded before Flop (didn't bet)
Seat 3: ce95d5cb folded on the Turn
Seat 4: cde09b23 (button) won ($4.69)
Seat 5: f6e79c9b (small blind) folded before Flop
Seat 6: 909d6402 (big blind) folded before Flop


Poker Hand #HD1860546071: Hold'em No Limit ($0.05/$0.1) - 2024/07/17 10:43:28
Table 'NLHRed14' 6-max Seat #3 is the button
Seat 1: 12df980b ($10.15 in chips)
Seat 2: Hero ($10.6 in chips)
Seat 3: ce95d5cb ($5.08 in chips)
Seat 4: cde09b23 ($10.91 in chips)
Seat 5: f6e79c9b ($9.7 in chips)
Seat 6: 909d6402 ($29.01 in chips)
cde09b23: posts small blind $0.05
f6e79c9b: posts big blind $0.1
*** HOLE CARDS ***
Dealt to 12df980b 
Dealt to Hero [7h 2c]
Dealt to ce95d5cb 
Dealt to cde09b23 
Dealt to f6e79c9b 
Dealt to 909d6402 
909d6402: folds
12df980b: folds
Hero: folds
ce95d5cb: raises $0.2 to $0.3
cde09b23: folds
f6e79c9b: calls $0.2
*** FLOP *** [4h 8s 2h]
f6e79c9b: bets $0.33
ce95d5cb: folds
Uncalled bet ($0.33) returned to f6e79c9b
*** SHOWDOWN ***
f6e79c9b collected $0.62 from pot
*** SUMMARY ***
Total pot $0.65 | Rake $0.03 | Jackpot $0 | Bingo $0 | Fortune $0 | Tax $0
Board [4h 8s 2h]
Seat 1: 12df980b folded before Flop (didn't bet)
Seat 2: Hero folded before Flop (didn't bet)
Seat 3: ce95d5cb (button) folded on the Flop
Seat 4: cde09b23 (small blind) folded before Flop
Seat 5: f6e79c9b (big blind) won ($0.62)
Seat 6: 909d6402 folded before Flop (didn't bet)


Poker Hand #HD1860546025: Hold'em No Limit ($0.05/$0.1) - 2024/07/17 10:43:10
Table 'NLHRed14' 6-max Seat #2 is the button
Seat 1: 12df980b ($10 in chips)
Seat 2: Hero ($10.6 in chips)
Seat 3: ce95d5cb ($5.13 in chips)
Seat 4: cde09b23 ($11.01 in chips)
Seat 5: f6e79c9b ($9.7 in chips)
Seat 6: 909d6402 ($29.01 in chips)
ce95d5cb: posts small blind $0.05
cde09b23: posts big blind $0.1
*** HOLE CARDS ***
Dealt to 12df980b 
Dealt to Hero [6s 8c]
Dealt to ce95d5cb 
Dealt to cde09b23 
Dealt to f6e79c9b 
Dealt to 909d6402 
f6e79c9b: folds
909d6402: folds
12df980b: raises $0.2 to $0.3
Hero: folds
ce95d5cb: folds
cde09b23: folds
Uncalled bet ($0.2) returned to 12df980b
*** SHOWDOWN ***
12df980b collected $0.25 from pot
*** SUMMARY ***
Total pot $0.25 | Rake $0 | Jackpot $0 | Bingo $0 | Fortune $0 | Tax $0
Seat 1: 12df980b collected ($0.25)
Seat 2: Hero (button) folded before Flop (didn't bet)
Seat 3: ce95d5cb (small blind) folded before Flop
Seat 4: cde09b23 (big blind) folded before Flop
Seat 5: f6e79c9b folded before Flop (didn't bet)
Seat 6: 909d6402 folded before Flop (didn't bet)


Poker Hand #HD1860545898: Hold'em No Limit ($0.05/$0.1) - 2024/07/17 10:42:04
Table 'NLHRed14' 6-max Seat #1 is the button
Seat 1: 12df980b ($10 in chips)
Seat 2: Hero ($10.65 in chips)
Seat 3: ce95d5cb ($5.98 in chips)
Seat 4: cde09b23 ($10 in chips)
Seat 5: f6e79c9b ($9.9 in chips)
Seat 6: 909d6402 ($29.01 in chips)
Hero: posts small blind $0.05
ce95d5cb: posts big blind $0.1
*** HOLE CARDS ***
Dealt to 12df980b 
Dealt to Hero [Kc Td]
Dealt to ce95d5cb 
Dealt to cde09b23 
Dealt to f6e79c9b 
Dealt to 909d6402 
cde09b23: raises $0.1 to $0.2
f6e79c9b: calls $0.2
909d6402: folds
12df980b: folds
Hero: folds
ce95d5cb: raises $0.65 to $0.85
cde09b23: raises $9.15 to $10 and is all-in
f6e79c9b: folds
ce95d5cb: folds
Uncalled bet ($9.15) returned to cde09b23
*** SHOWDOWN ***
cde09b23 collected $1.86 from pot
*** SUMMARY ***
Total pot $1.95 | Rake $0.09 | Jackpot $0 | Bingo $0 | Fortune $0 | Tax $0
Seat 1: 12df980b (button) folded before Flop (didn't bet)
Seat 2: Hero (small blind) folded before Flop
Seat 3: ce95d5cb (big blind) folded before Flop
Seat 4: cde09b23 collected ($1.86)
Seat 5: f6e79c9b folded before Flop
Seat 6: 909d6402 folded before Flop (didn't bet)


Poker Hand #HD1860545832: Hold'em No Limit ($0.05/$0.1) - 2024/07/17 10:41:32
Table 'NLHRed14' 6-max Seat #6 is the button
Seat 1: 12df980b ($10.05 in chips)
Seat 2: Hero ($10.75 in chips)
Seat 3: ce95d5cb ($5.98 in chips)
Seat 4: cde09b23 ($10 in chips)
Seat 5: f6e79c9b ($10 in chips)
Seat 6: 909d6402 ($28.77 in chips)
12df980b: posts small blind $0.05
Hero: posts big blind $0.1
f6e79c9b: posts big blind $0.1
*** HOLE CARDS ***
Dealt to 12df980b 
Dealt to Hero [9d Jd]
Dealt to ce95d5cb 
Dealt to cde09b23 
Dealt to f6e79c9b 
Dealt to 909d6402 
ce95d5cb: folds
cde09b23: folds
f6e79c9b: checks
909d6402: raises $0.42 to $0.52
12df980b: folds
Hero: folds
f6e79c9b: folds
Uncalled bet ($0.42) returned to 909d6402
*** SHOWDOWN ***
909d6402 collected $0.34 from pot
*** SUMMARY ***
Total pot $0.35 | Rake $0.01 | Jackpot $0 | Bingo $0 | Fortune $0 | Tax $0
Seat 1: 12df980b (small blind) folded before Flop
Seat 2: Hero (big blind) folded before Flop
Seat 3: ce95d5cb folded before Flop (didn't bet)
Seat 4: cde09b23 folded before Flop (didn't bet)
Seat 5: f6e79c9b folded before Flop
Seat 6: 909d6402 (button) collected ($0.34)


Poker Hand #HD1860545790: Hold'em No Limit ($0.05/$0.1) - 2024/07/17 10:41:14
Table 'NLHRed14' 6-max Seat #4 is the button
Seat 1: 12df980b ($10 in chips)
Seat 2: Hero ($10.75 in chips)
Seat 3: ce95d5cb ($5.98 in chips)
Seat 4: cde09b23 ($10 in chips)
Seat 6: 909d6402 ($28.82 in chips)
909d6402: posts small blind $0.05
12df980b: posts big blind $0.1
*** HOLE CARDS ***
Dealt to 12df980b 
Dealt to Hero [4h 2h]
Dealt to ce95d5cb 
Dealt to cde09b23 
Dealt to 909d6402 
Hero: folds
ce95d5cb: folds
cde09b23: folds
909d6402: folds
Uncalled bet ($0.05) returned to 12df980b
*** SHOWDOWN ***
12df980b collected $0.1 from pot
*** SUMMARY ***
Total pot $0.1 | Rake $0 | Jackpot $0 | Bingo $0 | Fortune $0 | Tax $0
Seat 1: 12df980b (big blind) collected ($0.1)
Seat 2: Hero folded before Flop (didn't bet)
Seat 3: ce95d5cb folded before Flop (didn't bet)
Seat 4: cde09b23 (button) folded before Flop (didn't bet)
Seat 6: 909d6402 (small blind) folded before Flop


Poker Hand #HD1860545713: Hold'em No Limit ($0.05/$0.1) - 2024/07/17 10:40:35
Table 'NLHRed14' 6-max Seat #3 is the button
Seat 1: 12df980b ($10 in chips)
Seat 2: Hero ($10.33 in chips)
Seat 3: ce95d5cb ($5.98 in chips)
Seat 4: cde09b23 ($10 in chips)
Seat 6: 909d6402 ($28.92 in chips)
cde09b23: posts small blind $0.05
909d6402: posts big blind $0.1
*** HOLE CARDS ***
Dealt to 12df980b 
Dealt to Hero [Ah Qc]
Dealt to ce95d5cb 
Dealt to cde09b23 
Dealt to 909d6402 
12df980b: raises $0.2 to $0.3
Hero: raises $0.6 to $0.9
ce95d5cb: folds
cde09b23: folds
909d6402: folds
12df980b: folds
Uncalled bet ($0.6) returned to Hero
*** SHOWDOWN ***
Hero collected $0.72 from pot
*** SUMMARY ***
Total pot $0.75 | Rake $0.03 | Jackpot $0 | Bingo $0 | Fortune $0 | Tax $0
Seat 1: 12df980b folded before Flop
Seat 2: Hero collected ($0.72)
Seat 3: ce95d5cb (button) folded before Flop (didn't bet)
Seat 4: cde09b23 (small blind) folded before Flop
Seat 6: 909d6402 (big blind) folded before Flop


Poker Hand #HD1860475632: Hold'em No Limit ($0.05/$0.1) - 2024/07/17 10:39:58
Table 'NLHRed14' 6-max Seat #2 is the button
Seat 1: 12df980b ($10 in chips)
Seat 2: Hero ($10 in chips)
Seat 3: ce95d5cb ($6.03 in chips)
Seat 4: cde09b23 ($10 in chips)
Seat 5: 3e1826c0 ($10 in chips)
Seat 6: 909d6402 ($28.92 in chips)
ce95d5cb: posts small blind $0.05
cde09b23: posts big blind $0.1
*** HOLE CARDS ***
Dealt to 12df980b 
Dealt to Hero [Qh As]
Dealt to ce95d5cb 
Dealt to cde09b23 
Dealt to 3e1826c0 
Dealt to 909d6402 
3e1826c0: raises $0.1 to $0.2
909d6402: folds
12df980b: folds
Hero: raises $0.6 to $0.8
ce95d5cb: folds
cde09b23: folds
3e1826c0: folds
Uncalled bet ($0.6) returned to Hero
*** SHOWDOWN ***
Hero collected $0.53 from pot
*** SUMMARY ***
Total pot $0.55 | Rake $0.02 | Jackpot $0 | Bingo $0 | Fortune $0 | Tax $0
Seat 1: 12df980b folded before Flop (didn't bet)
Seat 2: Hero (button) collected ($0.53)
Seat 3: ce95d5cb (small blind) folded before Flop
Seat 4: cde09b23 (big blind) folded before Flop
Seat 5: 3e1826c0 folded before Flop
Seat 6: 909d6402 folded before Flop (didn't bet)


Poker Hand #HD1860475587: Hold'em No Limit ($0.05/$0.1) - 2024/07/17 10:39:36
Table 'NLHRed14' 6-max Seat #1 is the button
Seat 1: 12df980b ($10 in chips)
Seat 2: Hero ($10 in chips)
Seat 3: ce95d5cb ($5.98 in chips)
Seat 4: cde09b23 ($10 in chips)
Seat 5: 3e1826c0 ($10 in chips)
Seat 6: 909d6402 ($28.92 in chips)
Hero: posts small blind $0.05
ce95d5cb: posts big blind $0.1
*** HOLE CARDS ***
Dealt to 12df980b 
Dealt to Hero [7s 2h]
Dealt to ce95d5cb 
Dealt to cde09b23 
Dealt to 3e1826c0 
Dealt to 909d6402 
cde09b23: folds
3e1826c0: folds
909d6402: folds
12df980b: folds
Hero: folds
Uncalled bet ($0.05) returned to ce95d5cb
*** SHOWDOWN ***
ce95d5cb collected $0.1 from pot
*** SUMMARY ***
Total pot $0.1 | Rake $0 | Jackpot $0 | Bingo $0 | Fortune $0 | Tax $0
Seat 1: 12df980b (button) folded before Flop (didn't bet)
Seat 2: Hero (small blind) folded before Flop
Seat 3: ce95d5cb (big blind) collected ($0.1)
Seat 4: cde09b23 folded before Flop (didn't bet)
Seat 5: 3e1826c0 folded before Flop (didn't bet)
Seat 6: 909d6402 folded before Flop (didn't bet)


Poker Hand #HD1860475512: Hold'em No Limit ($0.05/$0.1) - 2024/07/17 10:38:58
Table 'NLHRed14' 6-max Seat #6 is the button
Seat 1: 12df980b ($10 in chips)
Seat 2: Hero ($10 in chips)
Seat 3: ce95d5cb ($5.98 in chips)
Seat 4: cde09b23 ($10 in chips)
Seat 5: 3e1826c0 ($10 in chips)
Seat 6: 909d6402 ($28.77 in chips)
12df980b: posts small blind $0.05
Hero: posts big blind $0.1
*** HOLE CARDS ***
Dealt to 12df980b 
Dealt to Hero [6s 4h]
Dealt to ce95d5cb 
Dealt to cde09b23 
Dealt to 3e1826c0 
Dealt to 909d6402 
ce95d5cb: folds
cde09b23: folds
3e1826c0: folds
909d6402: raises $0.1 to $0.2
12df980b: folds
Hero: folds
Uncalled bet ($0.1) returned to 909d6402
*** SHOWDOWN ***
909d6402 collected $0.25 from pot
*** SUMMARY ***
Total pot $0.25 | Rake $0 | Jackpot $0 | Bingo $0 | Fortune $0 | Tax $0
Seat 1: 12df980b (small blind) folded before Flop
Seat 2: Hero (big blind) folded before Flop
Seat 3: ce95d5cb folded before Flop (didn't bet)
Seat 4: cde09b23 folded before Flop (didn't bet)
Seat 5: 3e1826c0 folded before Flop (didn't bet)
Seat 6: 909d6402 (button) collected ($0.25)


