Poker Hand #HD1811360936: Hold'em No Limit ($0.05/$0.1) - 2024/06/11 21:43:46
Table 'NLHRed45' 6-max Seat #3 is the button
Seat 1: ecf47e8c ($13.06 in chips)
Seat 3: Hero ($10 in chips)
Seat 6: 6a66555 ($10.42 in chips)
6a66555: posts small blind $0.05
ecf47e8c: posts big blind $0.1
*** HOLE CARDS ***
Dealt to ecf47e8c 
Dealt to Hero [Qh 2s]
Dealt to 6a66555 
Hero: folds
6a66555: folds
Uncalled bet ($0.05) returned to ecf47e8c
*** SHOWDOWN ***
ecf47e8c collected $0.1 from pot
*** SUMMARY ***
Total pot $0.1 | Rake $0 | Jackpot $0 | Bingo $0 | Fortune $0 | Tax $0
Seat 1: ecf47e8c (big blind) collected ($0.1)
Seat 3: Hero (button) folded before Flop (didn't bet)
Seat 6: 6a66555 (small blind) folded before Flop


Poker Hand #HD1811360899: Hold'em No Limit ($0.05/$0.1) - 2024/06/11 21:43:24
Table 'NLHRed45' 6-max Seat #1 is the button
Seat 1: ecf47e8c ($13.06 in chips)
Seat 3: Hero ($10 in chips)
Seat 6: 6a66555 ($10.15 in chips)
Hero: posts small blind $0.05
6a66555: posts big blind $0.1
*** HOLE CARDS ***
Dealt to ecf47e8c 
Dealt to Hero [Jh Qd]
Dealt to 6a66555 
ecf47e8c: folds
Hero: raises $0.2 to $0.3
6a66555: calls $0.2
*** FLOP *** [2c 4d 6c]
Hero: checks
6a66555: bets $0.3
Hero: folds
Uncalled bet ($0.3) returned to 6a66555
*** SHOWDOWN ***
6a66555 collected $0.57 from pot
*** SUMMARY ***
Total pot $0.6 | Rake $0.03 | Jackpot $0 | Bingo $0 | Fortune $0 | Tax $0
Board [2c 4d 6c]
Seat 1: ecf47e8c (button) folded before Flop (didn't bet)
Seat 3: Hero (small blind) folded on the Flop
Seat 6: 6a66555 (big blind) won ($0.57)


Poker Hand #HD1811360880: Hold'em No Limit ($0.05/$0.1) - 2024/06/11 21:43:12
Table 'NLHRed45' 6-max Seat #6 is the button
Seat 1: ecf47e8c ($13.11 in chips)
Seat 3: Hero ($10 in chips)
Seat 6: 6a66555 ($10 in chips)
ecf47e8c: posts small blind $0.05
Hero: posts big blind $0.1
*** HOLE CARDS ***
Dealt to ecf47e8c 
Dealt to Hero [8c 3h]
Dealt to 6a66555 
6a66555: raises $0.15 to $0.25
ecf47e8c: folds
Hero: folds
Uncalled bet ($0.15) returned to 6a66555
*** SHOWDOWN ***
6a66555 collected $0.25 from pot
*** SUMMARY ***
Total pot $0.25 | Rake $0 | Jackpot $0 | Bingo $0 | Fortune $0 | Tax $0
Seat 1: ecf47e8c (small blind) folded before Flop
Seat 3: Hero (big blind) folded before Flop
Seat 6: 6a66555 (button) collected ($0.25)


