Poker Hand #HD1818550565: Hold'em No Limit ($0.05/$0.1) - 2024/06/16 22:55:54
Table 'NLHRed17' 6-max Seat #2 is the button
Seat 1: db18ac54 ($6 in chips)
Seat 2: 2aa25217 ($12.98 in chips)
Seat 3: ca900324 ($10 in chips)
Seat 4: aa7d6ca9 ($12.2 in chips)
Seat 5: c7e5b910 ($12.33 in chips)
Seat 6: Hero ($10 in chips)
ca900324: posts small blind $0.05
aa7d6ca9: posts big blind $0.1
*** HOLE CARDS ***
Dealt to db18ac54 
Dealt to 2aa25217 
Dealt to ca900324 
Dealt to aa7d6ca9 
Dealt to c7e5b910 
Dealt to Hero [2c 4h]
c7e5b910: folds
Hero: folds
db18ac54: calls $0.1
2aa25217: folds
ca900324: folds
aa7d6ca9: checks
*** FLOP *** [9c 4s Qs]
aa7d6ca9: bets $0.1
db18ac54: folds
Uncalled bet ($0.1) returned to aa7d6ca9
*** SHOWDOWN ***
aa7d6ca9 collected $0.24 from pot
*** SUMMARY ***
Total pot $0.25 | Rake $0.01 | Jackpot $0 | Bingo $0 | Fortune $0 | Tax $0
Board [9c 4s Qs]
Seat 1: db18ac54 folded on the Flop
Seat 2: 2aa25217 (button) folded before Flop (didn't bet)
Seat 3: ca900324 (small blind) folded before Flop
Seat 4: aa7d6ca9 (big blind) won ($0.24)
Seat 5: c7e5b910 folded before Flop (didn't bet)
Seat 6: Hero folded before Flop (didn't bet)


Poker Hand #HD1818550510: Hold'em No Limit ($0.05/$0.1) - 2024/06/16 22:55:12
Table 'NLHRed17' 6-max Seat #1 is the button
Seat 1: db18ac54 ($5.77 in chips)
Seat 2: 2aa25217 ($13.03 in chips)
Seat 3: ca900324 ($10 in chips)
Seat 4: aa7d6ca9 ($12.2 in chips)
Seat 5: c7e5b910 ($12.33 in chips)
Seat 6: Hero ($10 in chips)
2aa25217: posts small blind $0.05
ca900324: posts big blind $0.1
*** HOLE CARDS ***
Dealt to db18ac54 
Dealt to 2aa25217 
Dealt to ca900324 
Dealt to aa7d6ca9 
Dealt to c7e5b910 
Dealt to Hero [3d 9s]
aa7d6ca9: folds
c7e5b910: folds
Hero: folds
db18ac54: raises $0.1 to $0.2
2aa25217: folds
ca900324: calls $0.1
*** FLOP *** [Jh 5c 7c]
ca900324: checks
db18ac54: bets $0.34
ca900324: folds
Uncalled bet ($0.34) returned to db18ac54
*** SHOWDOWN ***
db18ac54 collected $0.43 from pot
*** SUMMARY ***
Total pot $0.45 | Rake $0.02 | Jackpot $0 | Bingo $0 | Fortune $0 | Tax $0
Board [Jh 5c 7c]
Seat 1: db18ac54 (button) won ($0.43)
Seat 2: 2aa25217 (small blind) folded before Flop
Seat 3: ca900324 (big blind) folded on the Flop
Seat 4: aa7d6ca9 folded before Flop (didn't bet)
Seat 5: c7e5b910 folded before Flop (didn't bet)
Seat 6: Hero folded before Flop (didn't bet)


Poker Hand #HD1818550467: Hold'em No Limit ($0.05/$0.1) - 2024/06/16 22:54:38
Table 'NLHRed17' 6-max Seat #6 is the button
Seat 1: db18ac54 ($5.82 in chips)
Seat 2: 2aa25217 ($13.13 in chips)
Seat 3: ca900324 ($10.15 in chips)
Seat 4: aa7d6ca9 ($11.87 in chips)
Seat 5: c7e5b910 ($12.33 in chips)
Seat 6: Hero ($10 in chips)
db18ac54: posts small blind $0.05
2aa25217: posts big blind $0.1
*** HOLE CARDS ***
Dealt to db18ac54 
Dealt to 2aa25217 
Dealt to ca900324 
Dealt to aa7d6ca9 
Dealt to c7e5b910 
Dealt to Hero [2s 5c]
ca900324: raises $0.1 to $0.2
aa7d6ca9: raises $0.5 to $0.7
c7e5b910: folds
Hero: folds
db18ac54: folds
2aa25217: folds
ca900324: folds
Uncalled bet ($0.5) returned to aa7d6ca9
*** SHOWDOWN ***
aa7d6ca9 collected $0.53 from pot
*** SUMMARY ***
Total pot $0.55 | Rake $0.02 | Jackpot $0 | Bingo $0 | Fortune $0 | Tax $0
Seat 1: db18ac54 (small blind) folded before Flop
Seat 2: 2aa25217 (big blind) folded before Flop
Seat 3: ca900324 folded before Flop
Seat 4: aa7d6ca9 collected ($0.53)
Seat 5: c7e5b910 folded before Flop (didn't bet)
Seat 6: Hero (button) folded before Flop (didn't bet)


Poker Hand #HD1818550394: Hold'em No Limit ($0.05/$0.1) - 2024/06/16 22:53:49
Table 'NLHRed17' 6-max Seat #5 is the button
Seat 1: db18ac54 ($6.04 in chips)
Seat 2: 2aa25217 ($12.88 in chips)
Seat 3: ca900324 ($10.15 in chips)
Seat 4: aa7d6ca9 ($11.87 in chips)
Seat 5: c7e5b910 ($12.33 in chips)
Seat 6: Hero ($10 in chips)
Hero: posts small blind $0.05
db18ac54: posts big blind $0.1
*** HOLE CARDS ***
Dealt to db18ac54 
Dealt to 2aa25217 
Dealt to ca900324 
Dealt to aa7d6ca9 
Dealt to c7e5b910 
Dealt to Hero [9c 7d]
2aa25217: raises $0.12 to $0.22
ca900324: folds
aa7d6ca9: folds
c7e5b910: folds
Hero: folds
db18ac54: calls $0.12
*** FLOP *** [3s Kh Kd]
db18ac54: checks
2aa25217: bets $0.15
db18ac54: folds
Uncalled bet ($0.15) returned to 2aa25217
*** SHOWDOWN ***
2aa25217 collected $0.47 from pot
*** SUMMARY ***
Total pot $0.49 | Rake $0.02 | Jackpot $0 | Bingo $0 | Fortune $0 | Tax $0
Board [3s Kh Kd]
Seat 1: db18ac54 (big blind) folded on the Flop
Seat 2: 2aa25217 won ($0.47)
Seat 3: ca900324 folded before Flop (didn't bet)
Seat 4: aa7d6ca9 folded before Flop (didn't bet)
Seat 5: c7e5b910 (button) folded before Flop (didn't bet)
Seat 6: Hero (small blind) folded before Flop


Poker Hand #HD1818550343: Hold'em No Limit ($0.05/$0.1) - 2024/06/16 22:53:16
Table 'NLHRed17' 6-max Seat #4 is the button
Seat 1: db18ac54 ($6.04 in chips)
Seat 2: 2aa25217 ($12.88 in chips)
Seat 3: ca900324 ($10 in chips)
Seat 4: aa7d6ca9 ($11.87 in chips)
Seat 5: c7e5b910 ($12.38 in chips)
Seat 6: Hero ($10 in chips)
c7e5b910: posts small blind $0.05
Hero: posts big blind $0.1
*** HOLE CARDS ***
Dealt to db18ac54 
Dealt to 2aa25217 
Dealt to ca900324 
Dealt to aa7d6ca9 
Dealt to c7e5b910 
Dealt to Hero [2c Ad]
db18ac54: folds
2aa25217: folds
ca900324: raises $0.1 to $0.2
aa7d6ca9: folds
c7e5b910: folds
Hero: folds
Uncalled bet ($0.1) returned to ca900324
*** SHOWDOWN ***
ca900324 collected $0.25 from pot
*** SUMMARY ***
Total pot $0.25 | Rake $0 | Jackpot $0 | Bingo $0 | Fortune $0 | Tax $0
Seat 1: db18ac54 folded before Flop (didn't bet)
Seat 2: 2aa25217 folded before Flop (didn't bet)
Seat 3: ca900324 collected ($0.25)
Seat 4: aa7d6ca9 (button) folded before Flop (didn't bet)
Seat 5: c7e5b910 (small blind) folded before Flop
Seat 6: Hero (big blind) folded before Flop


Poker Hand #HD1818550257: Hold'em No Limit ($0.05/$0.1) - 2024/06/16 22:52:14
Table 'NLHRed17' 6-max Seat #3 is the button
Seat 1: db18ac54 ($8.73 in chips)
Seat 2: 2aa25217 ($12.88 in chips)
Seat 3: ca900324 ($10 in chips)
Seat 4: aa7d6ca9 ($11.92 in chips)
Seat 5: c7e5b910 ($10 in chips)
Seat 6: Hero ($10 in chips)
aa7d6ca9: posts small blind $0.05
c7e5b910: posts big blind $0.1
*** HOLE CARDS ***
Dealt to db18ac54 
Dealt to 2aa25217 
Dealt to ca900324 
Dealt to aa7d6ca9 
Dealt to c7e5b910 
Dealt to Hero [Ah 2c]
Hero: folds
db18ac54: raises $0.2 to $0.3
2aa25217: folds
ca900324: folds
aa7d6ca9: folds
c7e5b910: calls $0.2
*** FLOP *** [Th 7c Jc]
c7e5b910: checks
db18ac54: bets $0.49
c7e5b910: calls $0.49
*** TURN *** [Th 7c Jc] [6h]
c7e5b910: checks
db18ac54: bets $0.82
c7e5b910: calls $0.82
*** RIVER *** [Th 7c Jc 6h] [2d]
c7e5b910: checks
db18ac54: bets $1.08
c7e5b910: calls $1.08
db18ac54: shows [Qs Ac] (Ace-High)
c7e5b910: shows [As Td] (Pair of Tens)
*** SHOWDOWN ***
c7e5b910 collected $5.07 from pot
*** SUMMARY ***
Total pot $5.43 | Rake $0.26 | Jackpot $0.1 | Bingo $0 | Fortune $0 | Tax $0
Board [Th 7c Jc 6h 2d]
Seat 1: db18ac54 showed [Qs Ac] and lost with Ace-High
Seat 2: 2aa25217 folded before Flop (didn't bet)
Seat 3: ca900324 (button) folded before Flop (didn't bet)
Seat 4: aa7d6ca9 (small blind) folded before Flop
Seat 5: c7e5b910 (big blind) showed [As Td] and won ($5.07) with Pair of Tens
Seat 6: Hero folded before Flop (didn't bet)


Poker Hand #HD1818550174: Hold'em No Limit ($0.05/$0.1) - 2024/06/16 22:51:15
Table 'NLHRed17' 6-max Seat #2 is the button
Seat 1: db18ac54 ($8.73 in chips)
Seat 2: 2aa25217 ($12.07 in chips)
Seat 3: ca900324 ($10 in chips)
Seat 4: aa7d6ca9 ($12.17 in chips)
Seat 5: 43d397d9 ($12.43 in chips)
Seat 6: Hero ($10 in chips)
ca900324: posts small blind $0.05
aa7d6ca9: posts big blind $0.1
*** HOLE CARDS ***
Dealt to db18ac54 
Dealt to 2aa25217 
Dealt to ca900324 
Dealt to aa7d6ca9 
Dealt to 43d397d9 
Dealt to Hero [3s 5c]
43d397d9: folds
Hero: folds
db18ac54: folds
2aa25217: raises $0.15 to $0.25
ca900324: calls $0.2
aa7d6ca9: calls $0.15
*** FLOP *** [As Qs Jh]
ca900324: checks
aa7d6ca9: checks
2aa25217: bets $0.38
ca900324: calls $0.38
aa7d6ca9: folds
*** TURN *** [As Qs Jh] [3h]
ca900324: checks
2aa25217: bets $2.3
ca900324: folds
Uncalled bet ($2.3) returned to 2aa25217
*** SHOWDOWN ***
2aa25217 collected $1.44 from pot
*** SUMMARY ***
Total pot $1.51 | Rake $0.07 | Jackpot $0 | Bingo $0 | Fortune $0 | Tax $0
Board [As Qs Jh 3h]
Seat 1: db18ac54 folded before Flop (didn't bet)
Seat 2: 2aa25217 (button) won ($1.44)
Seat 3: ca900324 (small blind) folded on the Turn
Seat 4: aa7d6ca9 (big blind) folded on the Flop
Seat 5: 43d397d9 folded before Flop (didn't bet)
Seat 6: Hero folded before Flop (didn't bet)


Poker Hand #HD1818550145: Hold'em No Limit ($0.05/$0.1) - 2024/06/16 22:50:52
Table 'NLHRed17' 6-max Seat #1 is the button
Seat 1: db18ac54 ($8.73 in chips)
Seat 2: 2aa25217 ($11.97 in chips)
Seat 3: ca900324 ($10 in chips)
Seat 4: aa7d6ca9 ($12.17 in chips)
Seat 5: 43d397d9 ($12.43 in chips)
Seat 6: Hero ($10 in chips)
2aa25217: posts small blind $0.05
ca900324: posts big blind $0.1
*** HOLE CARDS ***
Dealt to db18ac54 
Dealt to 2aa25217 
Dealt to ca900324 
Dealt to aa7d6ca9 
Dealt to 43d397d9 
Dealt to Hero [Qc 7d]
aa7d6ca9: folds
43d397d9: folds
Hero: folds
db18ac54: folds
2aa25217: raises $0.2 to $0.3
ca900324: folds
Uncalled bet ($0.2) returned to 2aa25217
*** SHOWDOWN ***
2aa25217 collected $0.2 from pot
*** SUMMARY ***
Total pot $0.2 | Rake $0 | Jackpot $0 | Bingo $0 | Fortune $0 | Tax $0
Seat 1: db18ac54 (button) folded before Flop (didn't bet)
Seat 2: 2aa25217 (small blind) collected ($0.2)
Seat 3: ca900324 (big blind) folded before Flop
Seat 4: aa7d6ca9 folded before Flop (didn't bet)
Seat 5: 43d397d9 folded before Flop (didn't bet)
Seat 6: Hero folded before Flop (didn't bet)


Poker Hand #HD1818550096: Hold'em No Limit ($0.05/$0.1) - 2024/06/16 22:50:20
Table 'NLHRed17' 6-max Seat #6 is the button
Seat 1: db18ac54 ($9.08 in chips)
Seat 2: 2aa25217 ($11.65 in chips)
Seat 3: ca900324 ($10 in chips)
Seat 4: aa7d6ca9 ($12.17 in chips)
Seat 5: 43d397d9 ($12.43 in chips)
Seat 6: Hero ($10 in chips)
db18ac54: posts small blind $0.05
2aa25217: posts big blind $0.1
*** HOLE CARDS ***
Dealt to db18ac54 
Dealt to 2aa25217 
Dealt to ca900324 
Dealt to aa7d6ca9 
Dealt to 43d397d9 
Dealt to Hero [6c Qs]
ca900324: folds
aa7d6ca9: folds
43d397d9: folds
Hero: folds
db18ac54: calls $0.05
2aa25217: raises $0.25 to $0.35
db18ac54: calls $0.25
*** FLOP *** [9h 4h 2h]
db18ac54: checks
2aa25217: bets $0.2
db18ac54: folds
Uncalled bet ($0.2) returned to 2aa25217
*** SHOWDOWN ***
2aa25217 collected $0.67 from pot
*** SUMMARY ***
Total pot $0.7 | Rake $0.03 | Jackpot $0 | Bingo $0 | Fortune $0 | Tax $0
Board [9h 4h 2h]
Seat 1: db18ac54 (small blind) folded on the Flop
Seat 2: 2aa25217 (big blind) won ($0.67)
Seat 3: ca900324 folded before Flop (didn't bet)
Seat 4: aa7d6ca9 folded before Flop (didn't bet)
Seat 5: 43d397d9 folded before Flop (didn't bet)
Seat 6: Hero (button) folded before Flop (didn't bet)


Poker Hand #HD1818549998: Hold'em No Limit ($0.05/$0.1) - 2024/06/16 22:49:17
Table 'NLHRed17' 6-max Seat #5 is the button
Seat 1: db18ac54 ($8.71 in chips)
Seat 2: 2aa25217 ($11.65 in chips)
Seat 3: ca900324 ($10 in chips)
Seat 4: aa7d6ca9 ($12.17 in chips)
Seat 5: 43d397d9 ($12.43 in chips)
Seat 6: Hero ($10 in chips)
Hero: posts small blind $0.05
db18ac54: posts big blind $0.1
*** HOLE CARDS ***
Dealt to db18ac54 
Dealt to 2aa25217 
Dealt to ca900324 
Dealt to aa7d6ca9 
Dealt to 43d397d9 
Dealt to Hero [5c Ks]
2aa25217: folds
ca900324: raises $0.1 to $0.2
aa7d6ca9: folds
43d397d9: folds
Hero: folds
db18ac54: calls $0.1
*** FLOP *** [Jc Ah 8s]
db18ac54: checks
ca900324: bets $0.15
db18ac54: calls $0.15
*** TURN *** [Jc Ah 8s] [Th]
db18ac54: checks
ca900324: checks
*** RIVER *** [Jc Ah 8s Th] [6s]
db18ac54: bets $0.75
ca900324: folds
Uncalled bet ($0.75) returned to db18ac54
*** SHOWDOWN ***
db18ac54 collected $0.72 from pot
*** SUMMARY ***
Total pot $0.75 | Rake $0.03 | Jackpot $0 | Bingo $0 | Fortune $0 | Tax $0
Board [Jc Ah 8s Th 6s]
Seat 1: db18ac54 (big blind) won ($0.72)
Seat 2: 2aa25217 folded before Flop (didn't bet)
Seat 3: ca900324 folded on the River
Seat 4: aa7d6ca9 folded before Flop (didn't bet)
Seat 5: 43d397d9 (button) folded before Flop (didn't bet)
Seat 6: Hero (small blind) folded before Flop


Poker Hand #HD1818549886: Hold'em No Limit ($0.05/$0.1) - 2024/06/16 22:48:04
Table 'NLHRed17' 6-max Seat #4 is the button
Seat 1: db18ac54 ($8.71 in chips)
Seat 2: 2aa25217 ($11.87 in chips)
Seat 3: ca900324 ($10 in chips)
Seat 4: aa7d6ca9 ($9.85 in chips)
Seat 5: 43d397d9 ($12.48 in chips)
Seat 6: Hero ($10 in chips)
43d397d9: posts small blind $0.05
Hero: posts big blind $0.1
*** HOLE CARDS ***
Dealt to db18ac54 
Dealt to 2aa25217 
Dealt to ca900324 
Dealt to aa7d6ca9 
Dealt to 43d397d9 
Dealt to Hero [3h Th]
db18ac54: folds
2aa25217: raises $0.12 to $0.22
ca900324: raises $0.48 to $0.7
aa7d6ca9: calls $0.7
43d397d9: folds
Hero: folds
2aa25217: folds
*** FLOP *** [2d 5c As]
ca900324: bets $0.6
aa7d6ca9: calls $0.6
*** TURN *** [2d 5c As] [Jc]
ca900324: checks
aa7d6ca9: checks
*** RIVER *** [2d 5c As Jc] [4d]
ca900324: checks
aa7d6ca9: bets $0.99
ca900324: calls $0.99
aa7d6ca9: shows [Jd Ah] (Pair of Aces and Pair of Jacks)
ca900324: shows [Qs Qc] (Pair of Queens)
*** SHOWDOWN ***
aa7d6ca9 collected $4.61 from pot
*** SUMMARY ***
Total pot $4.95 | Rake $0.24 | Jackpot $0.1 | Bingo $0 | Fortune $0 | Tax $0
Board [2d 5c As Jc 4d]
Seat 1: db18ac54 folded before Flop (didn't bet)
Seat 2: 2aa25217 folded before Flop
Seat 3: ca900324 showed [Qs Qc] and lost with Pair of Queens
Seat 4: aa7d6ca9 (button) showed [Jd Ah] and won ($4.61) with Pair of Aces and Pair of Jacks
Seat 5: 43d397d9 (small blind) folded before Flop
Seat 6: Hero (big blind) folded before Flop


Poker Hand #HD1818549834: Hold'em No Limit ($0.05/$0.1) - 2024/06/16 22:47:28
Table 'NLHRed17' 6-max Seat #3 is the button
Seat 1: db18ac54 ($8.39 in chips)
Seat 2: 2aa25217 ($11.87 in chips)
Seat 3: ca900324 ($10 in chips)
Seat 4: aa7d6ca9 ($9.9 in chips)
Seat 5: 43d397d9 ($12.78 in chips)
Seat 6: Hero ($10 in chips)
aa7d6ca9: posts small blind $0.05
43d397d9: posts big blind $0.1
*** HOLE CARDS ***
Dealt to db18ac54 
Dealt to 2aa25217 
Dealt to ca900324 
Dealt to aa7d6ca9 
Dealt to 43d397d9 
Dealt to Hero [Ah 9d]
Hero: folds
db18ac54: raises $0.2 to $0.3
2aa25217: folds
ca900324: folds
aa7d6ca9: folds
43d397d9: calls $0.2
*** FLOP *** [Jc Js Ks]
43d397d9: checks
db18ac54: checks
*** TURN *** [Jc Js Ks] [8s]
43d397d9: checks
db18ac54: bets $0.33
43d397d9: folds
Uncalled bet ($0.33) returned to db18ac54
*** SHOWDOWN ***
db18ac54 collected $0.62 from pot
*** SUMMARY ***
Total pot $0.65 | Rake $0.03 | Jackpot $0 | Bingo $0 | Fortune $0 | Tax $0
Board [Jc Js Ks 8s]
Seat 1: db18ac54 won ($0.62)
Seat 2: 2aa25217 folded before Flop (didn't bet)
Seat 3: ca900324 (button) folded before Flop (didn't bet)
Seat 4: aa7d6ca9 (small blind) folded before Flop
Seat 5: 43d397d9 (big blind) folded on the Turn
Seat 6: Hero folded before Flop (didn't bet)


Poker Hand #HD1818549824: Hold'em No Limit ($0.05/$0.1) - 2024/06/16 22:47:18
Table 'NLHRed17' 6-max Seat #2 is the button
Seat 1: db18ac54 ($8.39 in chips)
Seat 2: 2aa25217 ($11.87 in chips)
Seat 3: ca900324 ($10 in chips)
Seat 4: aa7d6ca9 ($9.85 in chips)
Seat 5: 43d397d9 ($12.78 in chips)
Seat 6: Hero ($10 in chips)
ca900324: posts small blind $0.05
aa7d6ca9: posts big blind $0.1
*** HOLE CARDS ***
Dealt to db18ac54 
Dealt to 2aa25217 
Dealt to ca900324 
Dealt to aa7d6ca9 
Dealt to 43d397d9 
Dealt to Hero [Ts 2d]
43d397d9: folds
Hero: folds
db18ac54: folds
2aa25217: folds
ca900324: folds
Uncalled bet ($0.05) returned to aa7d6ca9
*** SHOWDOWN ***
aa7d6ca9 collected $0.1 from pot
*** SUMMARY ***
Total pot $0.1 | Rake $0 | Jackpot $0 | Bingo $0 | Fortune $0 | Tax $0
Seat 1: db18ac54 folded before Flop (didn't bet)
Seat 2: 2aa25217 (button) folded before Flop (didn't bet)
Seat 3: ca900324 (small blind) folded before Flop
Seat 4: aa7d6ca9 (big blind) collected ($0.1)
Seat 5: 43d397d9 folded before Flop (didn't bet)
Seat 6: Hero folded before Flop (didn't bet)


Poker Hand #HD1818549764: Hold'em No Limit ($0.05/$0.1) - 2024/06/16 22:46:40
Table 'NLHRed17' 6-max Seat #1 is the button
Seat 1: db18ac54 ($7.89 in chips)
Seat 2: 2aa25217 ($11.92 in chips)
Seat 3: ca900324 ($10 in chips)
Seat 4: aa7d6ca9 ($9.85 in chips)
Seat 5: 43d397d9 ($12.78 in chips)
Seat 6: Hero ($10 in chips)
2aa25217: posts small blind $0.05
ca900324: posts big blind $0.1
*** HOLE CARDS ***
Dealt to db18ac54 
Dealt to 2aa25217 
Dealt to ca900324 
Dealt to aa7d6ca9 
Dealt to 43d397d9 
Dealt to Hero [Ad 7h]
aa7d6ca9: folds
43d397d9: folds
Hero: raises $0.14 to $0.24
db18ac54: calls $0.24
2aa25217: folds
ca900324: calls $0.14
*** FLOP *** [8h 3h 4c]
ca900324: checks
Hero: checks
db18ac54: bets $0.58
ca900324: folds
Hero: folds
Uncalled bet ($0.58) returned to db18ac54
*** SHOWDOWN ***
db18ac54 collected $0.74 from pot
*** SUMMARY ***
Total pot $0.77 | Rake $0.03 | Jackpot $0 | Bingo $0 | Fortune $0 | Tax $0
Board [8h 3h 4c]
Seat 1: db18ac54 (button) won ($0.74)
Seat 2: 2aa25217 (small blind) folded before Flop
Seat 3: ca900324 (big blind) folded on the Flop
Seat 4: aa7d6ca9 folded before Flop (didn't bet)
Seat 5: 43d397d9 folded before Flop (didn't bet)
Seat 6: Hero folded on the Flop


Poker Hand #HD1818549667: Hold'em No Limit ($0.05/$0.1) - 2024/06/16 22:45:41
Table 'NLHRed17' 6-max Seat #6 is the button
Seat 1: db18ac54 ($8.59 in chips)
Seat 2: 2aa25217 ($12.02 in chips)
Seat 3: ca900324 ($10 in chips)
Seat 4: aa7d6ca9 ($9.85 in chips)
Seat 5: 43d397d9 ($10 in chips)
Seat 6: Hero ($12.34 in chips)
db18ac54: posts small blind $0.05
2aa25217: posts big blind $0.1
*** HOLE CARDS ***
Dealt to db18ac54 
Dealt to 2aa25217 
Dealt to ca900324 
Dealt to aa7d6ca9 
Dealt to 43d397d9 
Dealt to Hero [Ac As]
ca900324: folds
aa7d6ca9: folds
43d397d9: raises $0.1 to $0.2
Hero: raises $0.5 to $0.7
db18ac54: calls $0.65
2aa25217: folds
43d397d9: calls $0.5
*** FLOP *** [3d 5s 7d]
db18ac54: checks
43d397d9: bets $1.65
Hero: calls $1.65
db18ac54: folds
*** TURN *** [3d 5s 7d] [6d]
43d397d9: bets $1.55
Hero: folds
Uncalled bet ($1.55) returned to 43d397d9
*** SHOWDOWN ***
43d397d9 collected $5.13 from pot
*** SUMMARY ***
Total pot $5.5 | Rake $0.27 | Jackpot $0.1 | Bingo $0 | Fortune $0 | Tax $0
Board [3d 5s 7d 6d]
Seat 1: db18ac54 (small blind) folded on the Flop
Seat 2: 2aa25217 (big blind) folded before Flop
Seat 3: ca900324 folded before Flop (didn't bet)
Seat 4: aa7d6ca9 folded before Flop (didn't bet)
Seat 5: 43d397d9 won ($5.13)
Seat 6: Hero (button) folded on the Turn


Poker Hand #HD1818549631: Hold'em No Limit ($0.05/$0.1) - 2024/06/16 22:45:20
Table 'NLHRed17' 6-max Seat #5 is the button
Seat 1: db18ac54 ($8.54 in chips)
Seat 2: 2aa25217 ($12.02 in chips)
Seat 3: ca900324 ($10 in chips)
Seat 4: aa7d6ca9 ($9.85 in chips)
Seat 5: 43d397d9 ($10 in chips)
Seat 6: Hero ($12.39 in chips)
Hero: posts small blind $0.05
db18ac54: posts big blind $0.1
*** HOLE CARDS ***
Dealt to db18ac54 
Dealt to 2aa25217 
Dealt to ca900324 
Dealt to aa7d6ca9 
Dealt to 43d397d9 
Dealt to Hero [7d 2c]
2aa25217: folds
ca900324: folds
aa7d6ca9: folds
43d397d9: folds
Hero: folds
Uncalled bet ($0.05) returned to db18ac54
*** SHOWDOWN ***
db18ac54 collected $0.1 from pot
*** SUMMARY ***
Total pot $0.1 | Rake $0 | Jackpot $0 | Bingo $0 | Fortune $0 | Tax $0
Seat 1: db18ac54 (big blind) collected ($0.1)
Seat 2: 2aa25217 folded before Flop (didn't bet)
Seat 3: ca900324 folded before Flop (didn't bet)
Seat 4: aa7d6ca9 folded before Flop (didn't bet)
Seat 5: 43d397d9 (button) folded before Flop (didn't bet)
Seat 6: Hero (small blind) folded before Flop


Poker Hand #HD1818549571: Hold'em No Limit ($0.05/$0.1) - 2024/06/16 22:44:34
Table 'NLHRed17' 6-max Seat #4 is the button
Seat 1: db18ac54 ($7.98 in chips)
Seat 2: 2aa25217 ($12.02 in chips)
Seat 3: ca900324 ($10 in chips)
Seat 4: aa7d6ca9 ($9.85 in chips)
Seat 5: 43d397d9 ($10.05 in chips)
Seat 6: Hero ($12.69 in chips)
43d397d9: posts small blind $0.05
Hero: posts big blind $0.1
*** HOLE CARDS ***
Dealt to db18ac54 
Dealt to 2aa25217 
Dealt to ca900324 
Dealt to aa7d6ca9 
Dealt to 43d397d9 
Dealt to Hero [Qd Jh]
db18ac54: raises $0.2 to $0.3
2aa25217: folds
ca900324: folds
aa7d6ca9: folds
43d397d9: calls $0.25
Hero: calls $0.2
*** FLOP *** [As 8d 7c]
43d397d9: checks
Hero: checks
db18ac54: bets $0.45
43d397d9: folds
Hero: folds
Uncalled bet ($0.45) returned to db18ac54
*** SHOWDOWN ***
db18ac54 collected $0.86 from pot
*** SUMMARY ***
Total pot $0.9 | Rake $0.04 | Jackpot $0 | Bingo $0 | Fortune $0 | Tax $0
Board [As 8d 7c]
Seat 1: db18ac54 won ($0.86)
Seat 2: 2aa25217 folded before Flop (didn't bet)
Seat 3: ca900324 folded before Flop (didn't bet)
Seat 4: aa7d6ca9 (button) folded before Flop (didn't bet)
Seat 5: 43d397d9 (small blind) folded on the Flop
Seat 6: Hero (big blind) folded on the Flop


Poker Hand #HD1818549553: Hold'em No Limit ($0.05/$0.1) - 2024/06/16 22:44:23
Table 'NLHRed17' 6-max Seat #3 is the button
Seat 1: db18ac54 ($7.98 in chips)
Seat 2: 2aa25217 ($12.02 in chips)
Seat 3: ca900324 ($10 in chips)
Seat 4: aa7d6ca9 ($9.9 in chips)
Seat 5: 43d397d9 ($10 in chips)
Seat 6: Hero ($12.69 in chips)
aa7d6ca9: posts small blind $0.05
43d397d9: posts big blind $0.1
*** HOLE CARDS ***
Dealt to db18ac54 
Dealt to 2aa25217 
Dealt to ca900324 
Dealt to aa7d6ca9 
Dealt to 43d397d9 
Dealt to Hero [Js 3c]
Hero: folds
db18ac54: folds
2aa25217: folds
ca900324: folds
aa7d6ca9: folds
Uncalled bet ($0.05) returned to 43d397d9
*** SHOWDOWN ***
43d397d9 collected $0.1 from pot
*** SUMMARY ***
Total pot $0.1 | Rake $0 | Jackpot $0 | Bingo $0 | Fortune $0 | Tax $0
Seat 1: db18ac54 folded before Flop (didn't bet)
Seat 2: 2aa25217 folded before Flop (didn't bet)
Seat 3: ca900324 (button) folded before Flop (didn't bet)
Seat 4: aa7d6ca9 (small blind) folded before Flop
Seat 5: 43d397d9 (big blind) collected ($0.1)
Seat 6: Hero folded before Flop (didn't bet)


Poker Hand #HD1818549468: Hold'em No Limit ($0.05/$0.1) - 2024/06/16 22:43:32
Table 'NLHRed17' 6-max Seat #2 is the button
Seat 1: db18ac54 ($9.96 in chips)
Seat 2: 2aa25217 ($10 in chips)
Seat 3: ca900324 ($10 in chips)
Seat 4: aa7d6ca9 ($10 in chips)
Seat 5: 43d397d9 ($10 in chips)
Seat 6: Hero ($12.89 in chips)
ca900324: posts small blind $0.05
aa7d6ca9: posts big blind $0.1
*** HOLE CARDS ***
Dealt to db18ac54 
Dealt to 2aa25217 
Dealt to ca900324 
Dealt to aa7d6ca9 
Dealt to 43d397d9 
Dealt to Hero [Qs Js]
43d397d9: folds
Hero: raises $0.1 to $0.2
db18ac54: calls $0.2
2aa25217: raises $0.7 to $0.9
ca900324: folds
aa7d6ca9: folds
Hero: folds
db18ac54: calls $0.7
*** FLOP *** [5c 5s 9d]
db18ac54: checks
2aa25217: checks
*** TURN *** [5c 5s 9d] [9s]
db18ac54: bets $1.08
2aa25217: calls $1.08
*** RIVER *** [5c 5s 9d 9s] [Ts]
db18ac54: checks
2aa25217: checks
db18ac54: shows [7c 8c] (Pair of Nines and Pair of Fives)
2aa25217: shows [Ks Ah] (Pair of Nines and Pair of Fives)
*** SHOWDOWN ***
2aa25217 collected $4 from pot
*** SUMMARY ***
Total pot $4.31 | Rake $0.21 | Jackpot $0.1 | Bingo $0 | Fortune $0 | Tax $0
Board [5c 5s 9d 9s Ts]
Seat 1: db18ac54 showed [7c 8c] and lost with Pair of Nines and Pair of Fives
Seat 2: 2aa25217 (button) showed [Ks Ah] and won ($4) with Pair of Nines and Pair of Fives
Seat 3: ca900324 (small blind) folded before Flop
Seat 4: aa7d6ca9 (big blind) folded before Flop
Seat 5: 43d397d9 folded before Flop (didn't bet)
Seat 6: Hero folded before Flop


Poker Hand #HD1818549430: Hold'em No Limit ($0.05/$0.1) - 2024/06/16 22:43:11
Table 'NLHRed17' 6-max Seat #1 is the button
Seat 1: db18ac54 ($9.81 in chips)
Seat 2: 2aa25217 ($10 in chips)
Seat 3: ca900324 ($10 in chips)
Seat 5: 43d397d9 ($10 in chips)
Seat 6: Hero ($12.89 in chips)
2aa25217: posts small blind $0.05
ca900324: posts big blind $0.1
*** HOLE CARDS ***
Dealt to db18ac54 
Dealt to 2aa25217 
Dealt to ca900324 
Dealt to 43d397d9 
Dealt to Hero [7d 4h]
43d397d9: folds
Hero: folds
db18ac54: raises $0.2 to $0.3
2aa25217: folds
ca900324: folds
Uncalled bet ($0.2) returned to db18ac54
*** SHOWDOWN ***
db18ac54 collected $0.25 from pot
*** SUMMARY ***
Total pot $0.25 | Rake $0 | Jackpot $0 | Bingo $0 | Fortune $0 | Tax $0
Seat 1: db18ac54 (button) collected ($0.25)
Seat 2: 2aa25217 (small blind) folded before Flop
Seat 3: ca900324 (big blind) folded before Flop
Seat 5: 43d397d9 folded before Flop (didn't bet)
Seat 6: Hero folded before Flop (didn't bet)


Poker Hand #HD1818549348: Hold'em No Limit ($0.05/$0.1) - 2024/06/16 22:42:22
Table 'NLHRed17' 6-max Seat #6 is the button
Seat 1: db18ac54 ($10.94 in chips)
Seat 2: 2aa25217 ($10.1 in chips)
Seat 3: ca900324 ($10 in chips)
Seat 5: 43d397d9 ($10 in chips)
Seat 6: Hero ($11.77 in chips)
db18ac54: posts small blind $0.05
2aa25217: posts big blind $0.1
*** HOLE CARDS ***
Dealt to db18ac54 
Dealt to 2aa25217 
Dealt to ca900324 
Dealt to 43d397d9 
Dealt to Hero [Qh Kc]
ca900324: folds
43d397d9: folds
Hero: raises $0.14 to $0.24
db18ac54: calls $0.19
2aa25217: folds
*** FLOP *** [4c 5h Kh]
db18ac54: checks
Hero: bets $0.3
db18ac54: calls $0.3
*** TURN *** [4c 5h Kh] [8h]
db18ac54: checks
Hero: checks
*** RIVER *** [4c 5h Kh 8h] [Qs]
db18ac54: bets $0.59
Hero: calls $0.59
db18ac54: shows [3d 4d] (Pair of Fours)
Hero: shows [Qh Kc] (Pair of Kings and Pair of Queens)
*** SHOWDOWN ***
Hero collected $2.25 from pot
*** SUMMARY ***
Total pot $2.36 | Rake $0.11 | Jackpot $0 | Bingo $0 | Fortune $0 | Tax $0
Board [4c 5h Kh 8h Qs]
Seat 1: db18ac54 (small blind) showed [3d 4d] and lost with Pair of Fours
Seat 2: 2aa25217 (big blind) folded before Flop
Seat 3: ca900324 folded before Flop (didn't bet)
Seat 5: 43d397d9 folded before Flop (didn't bet)
Seat 6: Hero (button) showed [Qh Kc] and won ($2.25) with Pair of Kings and Pair of Queens


Poker Hand #HD1818549285: Hold'em No Limit ($0.05/$0.1) - 2024/06/16 22:41:41
Table 'NLHRed17' 6-max Seat #5 is the button
Seat 1: db18ac54 ($10 in chips)
Seat 2: 2aa25217 ($10.32 in chips)
Seat 3: ca900324 ($10 in chips)
Seat 4: 34d4a74f ($7.88 in chips)
Seat 5: 43d397d9 ($10.1 in chips)
Seat 6: Hero ($11.82 in chips)
Hero: posts small blind $0.05
db18ac54: posts big blind $0.1
*** HOLE CARDS ***
Dealt to db18ac54 
Dealt to 2aa25217 
Dealt to ca900324 
Dealt to 34d4a74f 
Dealt to 43d397d9 
Dealt to Hero [5d 6s]
2aa25217: raises $0.12 to $0.22
ca900324: folds
34d4a74f: folds
43d397d9: calls $0.22
Hero: folds
db18ac54: raises $0.54 to $0.76
2aa25217: folds
43d397d9: calls $0.54
*** FLOP *** [3c 5c 3d]
db18ac54: bets $0.9
43d397d9: folds
Uncalled bet ($0.9) returned to db18ac54
*** SHOWDOWN ***
db18ac54 collected $1.7 from pot
*** SUMMARY ***
Total pot $1.79 | Rake $0.09 | Jackpot $0 | Bingo $0 | Fortune $0 | Tax $0
Board [3c 5c 3d]
Seat 1: db18ac54 (big blind) won ($1.7)
Seat 2: 2aa25217 folded before Flop
Seat 3: ca900324 folded before Flop (didn't bet)
Seat 4: 34d4a74f folded before Flop (didn't bet)
Seat 5: 43d397d9 (button) folded on the Flop
Seat 6: Hero (small blind) folded before Flop


Poker Hand #HD1818549204: Hold'em No Limit ($0.05/$0.1) - 2024/06/16 22:40:47
Table 'NLHRed17' 6-max Seat #4 is the button
Seat 1: 14266759 ($12.76 in chips)
Seat 2: 2aa25217 ($10.32 in chips)
Seat 3: ca900324 ($10 in chips)
Seat 4: 34d4a74f ($8.08 in chips)
Seat 5: 43d397d9 ($10.15 in chips)
Seat 6: Hero ($11.4 in chips)
43d397d9: posts small blind $0.05
Hero: posts big blind $0.1
*** HOLE CARDS ***
Dealt to 14266759 
Dealt to 2aa25217 
Dealt to ca900324 
Dealt to 34d4a74f 
Dealt to 43d397d9 
Dealt to Hero [7d 8d]
14266759: folds
2aa25217: folds
ca900324: raises $0.1 to $0.2
34d4a74f: calls $0.2
43d397d9: folds
Hero: calls $0.1
*** FLOP *** [5s Ks 5c]
Hero: checks
ca900324: checks
34d4a74f: checks
*** TURN *** [5s Ks 5c] [4d]
Hero: bets $0.4
ca900324: folds
34d4a74f: folds
Uncalled bet ($0.4) returned to Hero
*** SHOWDOWN ***
Hero collected $0.62 from pot
*** SUMMARY ***
Total pot $0.65 | Rake $0.03 | Jackpot $0 | Bingo $0 | Fortune $0 | Tax $0
Board [5s Ks 5c 4d]
Seat 1: 14266759 folded before Flop (didn't bet)
Seat 2: 2aa25217 folded before Flop (didn't bet)
Seat 3: ca900324 folded on the Turn
Seat 4: 34d4a74f (button) folded on the Turn
Seat 5: 43d397d9 (small blind) folded before Flop
Seat 6: Hero (big blind) won ($0.62)


Poker Hand #HD1818549163: Hold'em No Limit ($0.05/$0.1) - 2024/06/16 22:40:23
Table 'NLHRed17' 6-max Seat #3 is the button
Seat 1: 14266759 ($12.76 in chips)
Seat 2: 2aa25217 ($10.32 in chips)
Seat 3: ca900324 ($10 in chips)
Seat 4: 34d4a74f ($7.98 in chips)
Seat 5: 43d397d9 ($10.25 in chips)
Seat 6: Hero ($11.4 in chips)
34d4a74f: posts small blind $0.05
43d397d9: posts big blind $0.1
*** HOLE CARDS ***
Dealt to 14266759 
Dealt to 2aa25217 
Dealt to ca900324 
Dealt to 34d4a74f 
Dealt to 43d397d9 
Dealt to Hero [2c Ks]
Hero: folds
14266759: folds
2aa25217: folds
ca900324: folds
34d4a74f: raises $0.2 to $0.3
43d397d9: folds
Uncalled bet ($0.2) returned to 34d4a74f
*** SHOWDOWN ***
34d4a74f collected $0.2 from pot
*** SUMMARY ***
Total pot $0.2 | Rake $0 | Jackpot $0 | Bingo $0 | Fortune $0 | Tax $0
Seat 1: 14266759 folded before Flop (didn't bet)
Seat 2: 2aa25217 folded before Flop (didn't bet)
Seat 3: ca900324 (button) folded before Flop (didn't bet)
Seat 4: 34d4a74f (small blind) collected ($0.2)
Seat 5: 43d397d9 (big blind) folded before Flop
Seat 6: Hero folded before Flop (didn't bet)


Poker Hand #HD1818549135: Hold'em No Limit ($0.05/$0.1) - 2024/06/16 22:40:05
Table 'NLHRed17' 6-max Seat #2 is the button
Seat 1: 14266759 ($12.76 in chips)
Seat 2: 2aa25217 ($10.32 in chips)
Seat 3: ca900324 ($10 in chips)
Seat 4: 34d4a74f ($7.93 in chips)
Seat 5: 43d397d9 ($10.25 in chips)
Seat 6: Hero ($11.4 in chips)
ca900324: posts small blind $0.05
34d4a74f: posts big blind $0.1
*** HOLE CARDS ***
Dealt to 14266759 
Dealt to 2aa25217 
Dealt to ca900324 
Dealt to 34d4a74f 
Dealt to 43d397d9 
Dealt to Hero [3c 9d]
43d397d9: folds
Hero: folds
14266759: folds
2aa25217: folds
ca900324: folds
Uncalled bet ($0.05) returned to 34d4a74f
*** SHOWDOWN ***
34d4a74f collected $0.1 from pot
*** SUMMARY ***
Total pot $0.1 | Rake $0 | Jackpot $0 | Bingo $0 | Fortune $0 | Tax $0
Seat 1: 14266759 folded before Flop (didn't bet)
Seat 2: 2aa25217 (button) folded before Flop (didn't bet)
Seat 3: ca900324 (small blind) folded before Flop
Seat 4: 34d4a74f (big blind) collected ($0.1)
Seat 5: 43d397d9 folded before Flop (didn't bet)
Seat 6: Hero folded before Flop (didn't bet)


Poker Hand #HD1818549118: Hold'em No Limit ($0.05/$0.1) - 2024/06/16 22:39:49
Table 'NLHRed17' 6-max Seat #1 is the button
Seat 1: 14266759 ($12.76 in chips)
Seat 2: 2aa25217 ($10.37 in chips)
Seat 3: ca900324 ($10 in chips)
Seat 4: 34d4a74f ($7.93 in chips)
Seat 5: 43d397d9 ($10.1 in chips)
Seat 6: Hero ($11.4 in chips)
2aa25217: posts small blind $0.05
ca900324: posts big blind $0.1
*** HOLE CARDS ***
Dealt to 14266759 
Dealt to 2aa25217 
Dealt to ca900324 
Dealt to 34d4a74f 
Dealt to 43d397d9 
Dealt to Hero [8h Ac]
34d4a74f: folds
43d397d9: raises $0.1 to $0.2
Hero: folds
14266759: folds
2aa25217: folds
ca900324: folds
Uncalled bet ($0.1) returned to 43d397d9
*** SHOWDOWN ***
43d397d9 collected $0.25 from pot
*** SUMMARY ***
Total pot $0.25 | Rake $0 | Jackpot $0 | Bingo $0 | Fortune $0 | Tax $0
Seat 1: 14266759 (button) folded before Flop (didn't bet)
Seat 2: 2aa25217 (small blind) folded before Flop
Seat 3: ca900324 (big blind) folded before Flop
Seat 4: 34d4a74f folded before Flop (didn't bet)
Seat 5: 43d397d9 collected ($0.25)
Seat 6: Hero folded before Flop (didn't bet)


Poker Hand #HD1818549076: Hold'em No Limit ($0.05/$0.1) - 2024/06/16 22:39:24
Table 'NLHRed17' 6-max Seat #6 is the button
Seat 1: 14266759 ($12.81 in chips)
Seat 2: 2aa25217 ($10.47 in chips)
Seat 3: ca900324 ($10 in chips)
Seat 4: 34d4a74f ($7.93 in chips)
Seat 5: 43d397d9 ($10.1 in chips)
Seat 6: Hero ($11.25 in chips)
14266759: posts small blind $0.05
2aa25217: posts big blind $0.1
*** HOLE CARDS ***
Dealt to 14266759 
Dealt to 2aa25217 
Dealt to ca900324 
Dealt to 34d4a74f 
Dealt to 43d397d9 
Dealt to Hero [Kh Js]
ca900324: folds
34d4a74f: folds
43d397d9: folds
Hero: raises $0.14 to $0.24
14266759: folds
2aa25217: folds
Uncalled bet ($0.14) returned to Hero
*** SHOWDOWN ***
Hero collected $0.25 from pot
*** SUMMARY ***
Total pot $0.25 | Rake $0 | Jackpot $0 | Bingo $0 | Fortune $0 | Tax $0
Seat 1: 14266759 (small blind) folded before Flop
Seat 2: 2aa25217 (big blind) folded before Flop
Seat 3: ca900324 folded before Flop (didn't bet)
Seat 4: 34d4a74f folded before Flop (didn't bet)
Seat 5: 43d397d9 folded before Flop (didn't bet)
Seat 6: Hero (button) collected ($0.25)


Poker Hand #HD1818549045: Hold'em No Limit ($0.05/$0.1) - 2024/06/16 22:39:07
Table 'NLHRed17' 6-max Seat #5 is the button
Seat 1: 14266759 ($12.76 in chips)
Seat 2: 2aa25217 ($10.47 in chips)
Seat 3: ca900324 ($10 in chips)
Seat 4: 34d4a74f ($7.93 in chips)
Seat 5: 43d397d9 ($10.1 in chips)
Seat 6: Hero ($11.3 in chips)
Hero: posts small blind $0.05
14266759: posts big blind $0.1
*** HOLE CARDS ***
Dealt to 14266759 
Dealt to 2aa25217 
Dealt to ca900324 
Dealt to 34d4a74f 
Dealt to 43d397d9 
Dealt to Hero [2h Ad]
2aa25217: folds
ca900324: folds
34d4a74f: folds
43d397d9: folds
Hero: folds
Uncalled bet ($0.05) returned to 14266759
*** SHOWDOWN ***
14266759 collected $0.1 from pot
*** SUMMARY ***
Total pot $0.1 | Rake $0 | Jackpot $0 | Bingo $0 | Fortune $0 | Tax $0
Seat 1: 14266759 (big blind) collected ($0.1)
Seat 2: 2aa25217 folded before Flop (didn't bet)
Seat 3: ca900324 folded before Flop (didn't bet)
Seat 4: 34d4a74f folded before Flop (didn't bet)
Seat 5: 43d397d9 (button) folded before Flop (didn't bet)
Seat 6: Hero (small blind) folded before Flop


Poker Hand #HD1818549004: Hold'em No Limit ($0.05/$0.1) - 2024/06/16 22:38:39
Table 'NLHRed17' 6-max Seat #4 is the button
Seat 1: 14266759 ($12.76 in chips)
Seat 2: 2aa25217 ($10.47 in chips)
Seat 3: ca900324 ($10 in chips)
Seat 4: 34d4a74f ($7.93 in chips)
Seat 5: 43d397d9 ($10 in chips)
Seat 6: Hero ($11.4 in chips)
43d397d9: posts small blind $0.05
Hero: posts big blind $0.1
*** HOLE CARDS ***
Dealt to 14266759 
Dealt to 2aa25217 
Dealt to ca900324 
Dealt to 34d4a74f 
Dealt to 43d397d9 
Dealt to Hero [Ad 4c]
14266759: folds
2aa25217: folds
ca900324: folds
34d4a74f: folds
43d397d9: raises $0.18 to $0.28
Hero: folds
Uncalled bet ($0.18) returned to 43d397d9
*** SHOWDOWN ***
43d397d9 collected $0.2 from pot
*** SUMMARY ***
Total pot $0.2 | Rake $0 | Jackpot $0 | Bingo $0 | Fortune $0 | Tax $0
Seat 1: 14266759 folded before Flop (didn't bet)
Seat 2: 2aa25217 folded before Flop (didn't bet)
Seat 3: ca900324 folded before Flop (didn't bet)
Seat 4: 34d4a74f (button) folded before Flop (didn't bet)
Seat 5: 43d397d9 (small blind) collected ($0.2)
Seat 6: Hero (big blind) folded before Flop


Poker Hand #HD1818548964: Hold'em No Limit ($0.05/$0.1) - 2024/06/16 22:38:13
Table 'NLHRed17' 6-max Seat #3 is the button
Seat 1: 14266759 ($12.61 in chips)
Seat 2: 2aa25217 ($10.47 in chips)
Seat 3: ca900324 ($10 in chips)
Seat 4: 34d4a74f ($7.98 in chips)
Seat 5: 43d397d9 ($10 in chips)
Seat 6: Hero ($11.4 in chips)
34d4a74f: posts small blind $0.05
43d397d9: posts big blind $0.1
*** HOLE CARDS ***
Dealt to 14266759 
Dealt to 2aa25217 
Dealt to ca900324 
Dealt to 34d4a74f 
Dealt to 43d397d9 
Dealt to Hero [3c 2d]
Hero: folds
14266759: raises $0.15 to $0.25
2aa25217: folds
ca900324: folds
34d4a74f: folds
43d397d9: folds
Uncalled bet ($0.15) returned to 14266759
*** SHOWDOWN ***
14266759 collected $0.25 from pot
*** SUMMARY ***
Total pot $0.25 | Rake $0 | Jackpot $0 | Bingo $0 | Fortune $0 | Tax $0
Seat 1: 14266759 collected ($0.25)
Seat 2: 2aa25217 folded before Flop (didn't bet)
Seat 3: ca900324 (button) folded before Flop (didn't bet)
Seat 4: 34d4a74f (small blind) folded before Flop
Seat 5: 43d397d9 (big blind) folded before Flop
Seat 6: Hero folded before Flop (didn't bet)


Poker Hand #HD1818548905: Hold'em No Limit ($0.05/$0.1) - 2024/06/16 22:37:35
Table 'NLHRed17' 6-max Seat #2 is the button
Seat 1: 14266759 ($12.61 in chips)
Seat 2: 2aa25217 ($10.47 in chips)
Seat 3: ca900324 ($10.05 in chips)
Seat 4: 34d4a74f ($7.8 in chips)
Seat 5: 43d397d9 ($10 in chips)
Seat 6: Hero ($11.4 in chips)
ca900324: posts small blind $0.05
34d4a74f: posts big blind $0.1
*** HOLE CARDS ***
Dealt to 14266759 
Dealt to 2aa25217 
Dealt to ca900324 
Dealt to 34d4a74f 
Dealt to 43d397d9 
Dealt to Hero [Qc 6s]
43d397d9: folds
Hero: folds
14266759: folds
2aa25217: folds
ca900324: raises $0.1 to $0.2
34d4a74f: calls $0.1
*** FLOP *** [4h 7s Kh]
ca900324: checks
34d4a74f: bets $0.3
ca900324: folds
Uncalled bet ($0.3) returned to 34d4a74f
*** SHOWDOWN ***
34d4a74f collected $0.38 from pot
*** SUMMARY ***
Total pot $0.4 | Rake $0.02 | Jackpot $0 | Bingo $0 | Fortune $0 | Tax $0
Board [4h 7s Kh]
Seat 1: 14266759 folded before Flop (didn't bet)
Seat 2: 2aa25217 (button) folded before Flop (didn't bet)
Seat 3: ca900324 (small blind) folded on the Flop
Seat 4: 34d4a74f (big blind) won ($0.38)
Seat 5: 43d397d9 folded before Flop (didn't bet)
Seat 6: Hero folded before Flop (didn't bet)


Poker Hand #HD1818548811: Hold'em No Limit ($0.05/$0.1) - 2024/06/16 22:36:36
Table 'NLHRed17' 6-max Seat #1 is the button
Seat 1: 14266759 ($12.81 in chips)
Seat 2: 2aa25217 ($10 in chips)
Seat 3: ca900324 ($10.15 in chips)
Seat 4: 34d4a74f ($7.8 in chips)
Seat 5: 43d397d9 ($10 in chips)
Seat 6: Hero ($11.4 in chips)
2aa25217: posts small blind $0.05
ca900324: posts big blind $0.1
*** HOLE CARDS ***
Dealt to 14266759 
Dealt to 2aa25217 
Dealt to ca900324 
Dealt to 34d4a74f 
Dealt to 43d397d9 
Dealt to Hero [5h 4c]
34d4a74f: folds
43d397d9: raises $0.1 to $0.2
Hero: folds
14266759: calls $0.2
2aa25217: calls $0.15
ca900324: folds
*** FLOP *** [3d Kc 7c]
2aa25217: checks
43d397d9: checks
14266759: checks
*** TURN *** [3d Kc 7c] [Ah]
2aa25217: checks
43d397d9: checks
14266759: checks
*** RIVER *** [3d Kc 7c Ah] [Jc]
2aa25217: bets $0.65
43d397d9: folds
14266759: folds
Uncalled bet ($0.65) returned to 2aa25217
*** SHOWDOWN ***
2aa25217 collected $0.67 from pot
*** SUMMARY ***
Total pot $0.7 | Rake $0.03 | Jackpot $0 | Bingo $0 | Fortune $0 | Tax $0
Board [3d Kc 7c Ah Jc]
Seat 1: 14266759 (button) folded on the River
Seat 2: 2aa25217 (small blind) won ($0.67)
Seat 3: ca900324 (big blind) folded before Flop
Seat 4: 34d4a74f folded before Flop (didn't bet)
Seat 5: 43d397d9 folded on the River
Seat 6: Hero folded before Flop (didn't bet)


Poker Hand #HD1818548793: Hold'em No Limit ($0.05/$0.1) - 2024/06/16 22:36:22
Table 'NLHRed17' 6-max Seat #6 is the button
Seat 1: 14266759 ($12.86 in chips)
Seat 2: 2aa25217 ($10 in chips)
Seat 3: ca900324 ($10.15 in chips)
Seat 4: 34d4a74f ($7.8 in chips)
Seat 5: 43d397d9 ($10 in chips)
Seat 6: Hero ($11.25 in chips)
14266759: posts small blind $0.05
2aa25217: posts big blind $0.1
*** HOLE CARDS ***
Dealt to 14266759 
Dealt to 2aa25217 
Dealt to ca900324 
Dealt to 34d4a74f 
Dealt to 43d397d9 
Dealt to Hero [Tc Ah]
ca900324: folds
34d4a74f: folds
43d397d9: folds
Hero: raises $0.14 to $0.24
14266759: folds
2aa25217: folds
Uncalled bet ($0.14) returned to Hero
*** SHOWDOWN ***
Hero collected $0.25 from pot
*** SUMMARY ***
Total pot $0.25 | Rake $0 | Jackpot $0 | Bingo $0 | Fortune $0 | Tax $0
Seat 1: 14266759 (small blind) folded before Flop
Seat 2: 2aa25217 (big blind) folded before Flop
Seat 3: ca900324 folded before Flop (didn't bet)
Seat 4: 34d4a74f folded before Flop (didn't bet)
Seat 5: 43d397d9 folded before Flop (didn't bet)
Seat 6: Hero (button) collected ($0.25)


Poker Hand #HD1818548752: Hold'em No Limit ($0.05/$0.1) - 2024/06/16 22:35:54
Table 'NLHRed17' 6-max Seat #5 is the button
Seat 1: 14266759 ($12.96 in chips)
Seat 3: ca900324 ($10.15 in chips)
Seat 4: 34d4a74f ($6.84 in chips)
Seat 5: 43d397d9 ($10.1 in chips)
Seat 6: Hero ($11.3 in chips)
Hero: posts small blind $0.05
14266759: posts big blind $0.1
*** HOLE CARDS ***
Dealt to 14266759 
Dealt to ca900324 
Dealt to 34d4a74f 
Dealt to 43d397d9 
Dealt to Hero [7s 5s]
ca900324: folds
34d4a74f: raises $0.2 to $0.3
43d397d9: raises $0.6 to $0.9
Hero: folds
14266759: folds
34d4a74f: raises $1.47 to $2.37
43d397d9: folds
Uncalled bet ($1.47) returned to 34d4a74f
*** SHOWDOWN ***
34d4a74f collected $1.86 from pot
*** SUMMARY ***
Total pot $1.95 | Rake $0.09 | Jackpot $0 | Bingo $0 | Fortune $0 | Tax $0
Seat 1: 14266759 (big blind) folded before Flop
Seat 3: ca900324 folded before Flop (didn't bet)
Seat 4: 34d4a74f collected ($1.86)
Seat 5: 43d397d9 (button) folded before Flop
Seat 6: Hero (small blind) folded before Flop


Poker Hand #HD1818548726: Hold'em No Limit ($0.05/$0.1) - 2024/06/16 22:35:36
Table 'NLHRed17' 6-max Seat #4 is the button
Seat 1: 14266759 ($12.96 in chips)
Seat 3: ca900324 ($10.15 in chips)
Seat 4: 34d4a74f ($6.84 in chips)
Seat 5: 43d397d9 ($10 in chips)
Seat 6: Hero ($11.4 in chips)
43d397d9: posts small blind $0.05
Hero: posts big blind $0.1
*** HOLE CARDS ***
Dealt to 14266759 
Dealt to ca900324 
Dealt to 34d4a74f 
Dealt to 43d397d9 
Dealt to Hero [3d 7d]
14266759: folds
ca900324: folds
34d4a74f: folds
43d397d9: raises $0.18 to $0.28
Hero: folds
Uncalled bet ($0.18) returned to 43d397d9
*** SHOWDOWN ***
43d397d9 collected $0.2 from pot
*** SUMMARY ***
Total pot $0.2 | Rake $0 | Jackpot $0 | Bingo $0 | Fortune $0 | Tax $0
Seat 1: 14266759 folded before Flop (didn't bet)
Seat 3: ca900324 folded before Flop (didn't bet)
Seat 4: 34d4a74f (button) folded before Flop (didn't bet)
Seat 5: 43d397d9 (small blind) collected ($0.2)
Seat 6: Hero (big blind) folded before Flop


Poker Hand #HD1818548712: Hold'em No Limit ($0.05/$0.1) - 2024/06/16 22:35:24
Table 'NLHRed17' 6-max Seat #3 is the button
Seat 1: 14266759 ($12.96 in chips)
Seat 3: ca900324 ($10.15 in chips)
Seat 4: 34d4a74f ($6.89 in chips)
Seat 5: 43d397d9 ($10 in chips)
Seat 6: Hero ($11.25 in chips)
34d4a74f: posts small blind $0.05
43d397d9: posts big blind $0.1
*** HOLE CARDS ***
Dealt to 14266759 
Dealt to ca900324 
Dealt to 34d4a74f 
Dealt to 43d397d9 
Dealt to Hero [Qd Js]
Hero: raises $0.1 to $0.2
14266759: folds
ca900324: folds
34d4a74f: folds
43d397d9: folds
Uncalled bet ($0.1) returned to Hero
*** SHOWDOWN ***
Hero collected $0.25 from pot
*** SUMMARY ***
Total pot $0.25 | Rake $0 | Jackpot $0 | Bingo $0 | Fortune $0 | Tax $0
Seat 1: 14266759 folded before Flop (didn't bet)
Seat 3: ca900324 (button) folded before Flop (didn't bet)
Seat 4: 34d4a74f (small blind) folded before Flop
Seat 5: 43d397d9 (big blind) folded before Flop
Seat 6: Hero collected ($0.25)


Poker Hand #HD1818548701: Hold'em No Limit ($0.05/$0.1) - 2024/06/16 22:35:17
Table 'NLHRed17' 6-max Seat #1 is the button
Seat 1: 14266759 ($12.96 in chips)
Seat 3: ca900324 ($10.2 in chips)
Seat 4: 34d4a74f ($6.84 in chips)
Seat 6: Hero ($11.25 in chips)
ca900324: posts small blind $0.05
34d4a74f: posts big blind $0.1
*** HOLE CARDS ***
Dealt to 14266759 
Dealt to ca900324 
Dealt to 34d4a74f 
Dealt to Hero [As 2d]
Hero: folds
14266759: folds
ca900324: folds
Uncalled bet ($0.05) returned to 34d4a74f
*** SHOWDOWN ***
34d4a74f collected $0.1 from pot
*** SUMMARY ***
Total pot $0.1 | Rake $0 | Jackpot $0 | Bingo $0 | Fortune $0 | Tax $0
Seat 1: 14266759 (button) folded before Flop (didn't bet)
Seat 3: ca900324 (small blind) folded before Flop
Seat 4: 34d4a74f (big blind) collected ($0.1)
Seat 6: Hero folded before Flop (didn't bet)


Poker Hand #HD1818548596: Hold'em No Limit ($0.05/$0.1) - 2024/06/16 22:34:12
Table 'NLHRed17' 6-max Seat #6 is the button
Seat 1: 14266759 ($14.09 in chips)
Seat 3: ca900324 ($10.3 in chips)
Seat 6: Hero ($10.13 in chips)
14266759: posts small blind $0.05
ca900324: posts big blind $0.1
14266759: straddle $0.2
*** HOLE CARDS ***
Dealt to 14266759 
Dealt to ca900324 
Dealt to Hero [8s As]
ca900324: folds
Hero: raises $0.33 to $0.53
14266759: calls $0.33
*** FLOP *** [Jd Ts 6s]
14266759: checks
Hero: bets $0.6
14266759: calls $0.6
*** TURN *** [Jd Ts 6s] [5h]
14266759: checks
Hero: checks
*** RIVER *** [Jd Ts 6s 5h] [2c]
14266759: checks
Hero: checks
14266759: shows [9d 8d] (Jack-High)
Hero: shows [8s As] (Ace-High)
*** SHOWDOWN ***
Hero collected $2.25 from pot
*** SUMMARY ***
Total pot $2.36 | Rake $0.11 | Jackpot $0 | Bingo $0 | Fortune $0 | Tax $0
Board [Jd Ts 6s 5h 2c]
Seat 1: 14266759 (small blind) showed [9d 8d] and lost with Jack-High
Seat 3: ca900324 (big blind) folded before Flop
Seat 6: Hero (button) showed [8s As] and won ($2.25) with Ace-High


Poker Hand #HD1818548585: Hold'em No Limit ($0.05/$0.1) - 2024/06/16 22:34:02
Table 'NLHRed17' 6-max Seat #3 is the button
Seat 1: 14266759 ($14.19 in chips)
Seat 3: ca900324 ($10.3 in chips)
Seat 6: Hero ($10.03 in chips)
Hero: posts small blind $0.05
14266759: posts big blind $0.1
*** HOLE CARDS ***
Dealt to 14266759 
Dealt to ca900324 
Dealt to Hero [Qd Jd]
ca900324: folds
Hero: raises $0.2 to $0.3
14266759: folds
Uncalled bet ($0.2) returned to Hero
*** SHOWDOWN ***
Hero collected $0.2 from pot
*** SUMMARY ***
Total pot $0.2 | Rake $0 | Jackpot $0 | Bingo $0 | Fortune $0 | Tax $0
Seat 1: 14266759 (big blind) folded before Flop
Seat 3: ca900324 (button) folded before Flop (didn't bet)
Seat 6: Hero (small blind) collected ($0.2)


Poker Hand #HD1818548570: Hold'em No Limit ($0.05/$0.1) - 2024/06/16 22:33:53
Table 'NLHRed17' 6-max Seat #1 is the button
Seat 1: 14266759 ($14.19 in chips)
Seat 3: ca900324 ($10.2 in chips)
Seat 6: Hero ($10.13 in chips)
ca900324: posts small blind $0.05
Hero: posts big blind $0.1
*** HOLE CARDS ***
Dealt to 14266759 
Dealt to ca900324 
Dealt to Hero [Ah 6s]
14266759: folds
ca900324: raises $0.1 to $0.2
Hero: folds
Uncalled bet ($0.1) returned to ca900324
*** SHOWDOWN ***
ca900324 collected $0.2 from pot
*** SUMMARY ***
Total pot $0.2 | Rake $0 | Jackpot $0 | Bingo $0 | Fortune $0 | Tax $0
Seat 1: 14266759 (button) folded before Flop (didn't bet)
Seat 3: ca900324 (small blind) collected ($0.2)
Seat 6: Hero (big blind) folded before Flop


Poker Hand #HD1818548566: Hold'em No Limit ($0.05/$0.1) - 2024/06/16 22:33:46
Table 'NLHRed17' 6-max Seat #6 is the button
Seat 1: 14266759 ($14.24 in chips)
Seat 3: ca900324 ($10.15 in chips)
Seat 6: Hero ($10.13 in chips)
14266759: posts small blind $0.05
ca900324: posts big blind $0.1
*** HOLE CARDS ***
Dealt to 14266759 
Dealt to ca900324 
Dealt to Hero [Ts 2d]
Hero: folds
14266759: folds
Uncalled bet ($0.05) returned to ca900324
*** SHOWDOWN ***
ca900324 collected $0.1 from pot
*** SUMMARY ***
Total pot $0.1 | Rake $0 | Jackpot $0 | Bingo $0 | Fortune $0 | Tax $0
Seat 1: 14266759 (small blind) folded before Flop
Seat 3: ca900324 (big blind) collected ($0.1)
Seat 6: Hero (button) folded before Flop (didn't bet)


Poker Hand #HD1818548551: Hold'em No Limit ($0.05/$0.1) - 2024/06/16 22:33:38
Table 'NLHRed17' 6-max Seat #3 is the button
Seat 1: 14266759 ($14.34 in chips)
Seat 3: ca900324 ($10 in chips)
Seat 6: Hero ($10.18 in chips)
Hero: posts small blind $0.05
14266759: posts big blind $0.1
*** HOLE CARDS ***
Dealt to 14266759 
Dealt to ca900324 
Dealt to Hero [8d 5c]
ca900324: raises $0.1 to $0.2
Hero: folds
14266759: folds
Uncalled bet ($0.1) returned to ca900324
*** SHOWDOWN ***
ca900324 collected $0.25 from pot
*** SUMMARY ***
Total pot $0.25 | Rake $0 | Jackpot $0 | Bingo $0 | Fortune $0 | Tax $0
Seat 1: 14266759 (big blind) folded before Flop
Seat 3: ca900324 (button) collected ($0.25)
Seat 6: Hero (small blind) folded before Flop


Poker Hand #HD1818548541: Hold'em No Limit ($0.05/$0.1) - 2024/06/16 22:33:30
Table 'NLHRed17' 6-max Seat #1 is the button
Seat 1: 14266759 ($14.19 in chips)
Seat 3: ca900324 ($10.05 in chips)
Seat 6: Hero ($10.28 in chips)
ca900324: posts small blind $0.05
Hero: posts big blind $0.1
*** HOLE CARDS ***
Dealt to 14266759 
Dealt to ca900324 
Dealt to Hero [7c Ad]
14266759: raises $0.15 to $0.25
ca900324: folds
Hero: folds
Uncalled bet ($0.15) returned to 14266759
*** SHOWDOWN ***
14266759 collected $0.25 from pot
*** SUMMARY ***
Total pot $0.25 | Rake $0 | Jackpot $0 | Bingo $0 | Fortune $0 | Tax $0
Seat 1: 14266759 (button) collected ($0.25)
Seat 3: ca900324 (small blind) folded before Flop
Seat 6: Hero (big blind) folded before Flop


Poker Hand #HD1818548529: Hold'em No Limit ($0.05/$0.1) - 2024/06/16 22:33:24
Table 'NLHRed17' 6-max Seat #6 is the button
Seat 1: 14266759 ($14.24 in chips)
Seat 3: ca900324 ($10 in chips)
Seat 5: 4aa21b9a ($16.74 in chips)
Seat 6: Hero ($10.28 in chips)
14266759: posts small blind $0.05
ca900324: posts big blind $0.1
*** HOLE CARDS ***
Dealt to 14266759 
Dealt to ca900324 
Dealt to 4aa21b9a 
Dealt to Hero [2h 6s]
4aa21b9a: folds
Hero: folds
14266759: folds
Uncalled bet ($0.05) returned to ca900324
*** SHOWDOWN ***
ca900324 collected $0.1 from pot
*** SUMMARY ***
Total pot $0.1 | Rake $0 | Jackpot $0 | Bingo $0 | Fortune $0 | Tax $0
Seat 1: 14266759 (small blind) folded before Flop
Seat 3: ca900324 (big blind) collected ($0.1)
Seat 5: 4aa21b9a folded before Flop (didn't bet)
Seat 6: Hero (button) folded before Flop (didn't bet)


Poker Hand #HD1818548502: Hold'em No Limit ($0.05/$0.1) - 2024/06/16 22:33:02
Table 'NLHRed17' 6-max Seat #5 is the button
Seat 1: 14266759 ($14.34 in chips)
Seat 5: 4aa21b9a ($16.94 in chips)
Seat 6: Hero ($10 in chips)
Hero: posts small blind $0.05
14266759: posts big blind $0.1
*** HOLE CARDS ***
Dealt to 14266759 
Dealt to 4aa21b9a 
Dealt to Hero [Qd Qc]
4aa21b9a: raises $0.1 to $0.2
Hero: raises $0.8 to $1
14266759: folds
4aa21b9a: folds
Uncalled bet ($0.8) returned to Hero
*** SHOWDOWN ***
Hero collected $0.48 from pot
*** SUMMARY ***
Total pot $0.5 | Rake $0.02 | Jackpot $0 | Bingo $0 | Fortune $0 | Tax $0
Seat 1: 14266759 (big blind) folded before Flop
Seat 5: 4aa21b9a (button) folded before Flop
Seat 6: Hero (small blind) collected ($0.48)


Poker Hand #HD1818548476: Hold'em No Limit ($0.05/$0.1) - 2024/06/16 22:32:46
Table 'NLHRed17' 6-max Seat #1 is the button
Seat 1: 14266759 ($14.19 in chips)
Seat 5: 4aa21b9a ($16.99 in chips)
Seat 6: Hero ($10 in chips)
4aa21b9a: posts small blind $0.05
Hero: posts big blind $0.1
*** HOLE CARDS ***
Dealt to 14266759 
Dealt to 4aa21b9a 
Dealt to Hero [8c 2h]
14266759: raises $0.15 to $0.25
4aa21b9a: folds
Hero: folds
Uncalled bet ($0.15) returned to 14266759
*** SHOWDOWN ***
14266759 collected $0.25 from pot
*** SUMMARY ***
Total pot $0.25 | Rake $0 | Jackpot $0 | Bingo $0 | Fortune $0 | Tax $0
Seat 1: 14266759 (button) collected ($0.25)
Seat 5: 4aa21b9a (small blind) folded before Flop
Seat 6: Hero (big blind) folded before Flop


Poker Hand #HD1818548454: Hold'em No Limit ($0.05/$0.1) - 2024/06/16 22:32:32
Table 'NLHRed17' 6-max Seat #6 is the button
Seat 1: 14266759 ($14.24 in chips)
Seat 5: 4aa21b9a ($16.94 in chips)
Seat 6: Hero ($10 in chips)
14266759: posts small blind $0.05
4aa21b9a: posts big blind $0.1
*** HOLE CARDS ***
Dealt to 14266759 
Dealt to 4aa21b9a 
Dealt to Hero [Th 5c]
Hero: folds
14266759: folds
Uncalled bet ($0.05) returned to 4aa21b9a
*** SHOWDOWN ***
4aa21b9a collected $0.1 from pot
*** SUMMARY ***
Total pot $0.1 | Rake $0 | Jackpot $0 | Bingo $0 | Fortune $0 | Tax $0
Seat 1: 14266759 (small blind) folded before Flop
Seat 5: 4aa21b9a (big blind) collected ($0.1)
Seat 6: Hero (button) folded before Flop (didn't bet)


Poker Hand #HD1818548439: Hold'em No Limit ($0.05/$0.1) - 2024/06/16 22:32:21
Table 'NLHRed17' 6-max Seat #5 is the button
Seat 1: 14266759 ($14.34 in chips)
Seat 3: d2025530 ($10 in chips)
Seat 4: 90298651 ($18.88 in chips)
Seat 5: 4aa21b9a ($16.94 in chips)
Seat 6: Hero ($10 in chips)
Hero: posts small blind $0.05
14266759: posts big blind $0.1
*** HOLE CARDS ***
Dealt to 14266759 
Dealt to d2025530 
Dealt to 90298651 
Dealt to 4aa21b9a 
Dealt to Hero [2c Kh]
d2025530: folds
90298651: raises $0.1 to $0.2
4aa21b9a: folds
Hero: folds
14266759: folds
Uncalled bet ($0.1) returned to 90298651
*** SHOWDOWN ***
90298651 collected $0.25 from pot
*** SUMMARY ***
Total pot $0.25 | Rake $0 | Jackpot $0 | Bingo $0 | Fortune $0 | Tax $0
Seat 1: 14266759 (big blind) folded before Flop
Seat 3: d2025530 folded before Flop (didn't bet)
Seat 4: 90298651 collected ($0.25)
Seat 5: 4aa21b9a (button) folded before Flop (didn't bet)
Seat 6: Hero (small blind) folded before Flop


Poker Hand #HD1818548377: Hold'em No Limit ($0.05/$0.1) - 2024/06/16 22:31:38
Table 'NLHRed17' 6-max Seat #4 is the button
Seat 1: 14266759 ($14.34 in chips)
Seat 2: 7505b4d8 ($12.72 in chips)
Seat 3: d2025530 ($10 in chips)
Seat 4: 90298651 ($19.13 in chips)
Seat 5: 4aa21b9a ($16.38 in chips)
Seat 6: Hero ($10 in chips)
4aa21b9a: posts small blind $0.05
Hero: posts big blind $0.1
*** HOLE CARDS ***
Dealt to 14266759 
Dealt to 7505b4d8 
Dealt to d2025530 
Dealt to 90298651 
Dealt to 4aa21b9a 
Dealt to Hero [Td Ah]
14266759: folds
7505b4d8: folds
d2025530: raises $0.15 to $0.25
90298651: calls $0.25
4aa21b9a: raises $0.95 to $1.2
Hero: folds
d2025530: folds
90298651: folds
Uncalled bet ($0.95) returned to 4aa21b9a
*** SHOWDOWN ***
4aa21b9a collected $0.81 from pot
*** SUMMARY ***
Total pot $0.85 | Rake $0.04 | Jackpot $0 | Bingo $0 | Fortune $0 | Tax $0
Seat 1: 14266759 folded before Flop (didn't bet)
Seat 2: 7505b4d8 folded before Flop (didn't bet)
Seat 3: d2025530 folded before Flop
Seat 4: 90298651 (button) folded before Flop
Seat 5: 4aa21b9a (small blind) collected ($0.81)
Seat 6: Hero (big blind) folded before Flop


Poker Hand #HD1818548319: Hold'em No Limit ($0.05/$0.1) - 2024/06/16 22:31:01
Table 'NLHRed17' 6-max Seat #3 is the button
Seat 1: 14266759 ($14.34 in chips)
Seat 2: 7505b4d8 ($12.72 in chips)
Seat 3: d2025530 ($10 in chips)
Seat 4: 90298651 ($19.18 in chips)
Seat 5: 4aa21b9a ($16.1 in chips)
Seat 6: Hero ($10 in chips)
90298651: posts small blind $0.05
4aa21b9a: posts big blind $0.1
*** HOLE CARDS ***
Dealt to 14266759 
Dealt to 7505b4d8 
Dealt to d2025530 
Dealt to 90298651 
Dealt to 4aa21b9a 
Dealt to Hero [3c Qc]
Hero: folds
14266759: folds
7505b4d8: folds
d2025530: raises $0.15 to $0.25
90298651: folds
4aa21b9a: raises $0.55 to $0.8
d2025530: folds
Uncalled bet ($0.55) returned to 4aa21b9a
*** SHOWDOWN ***
4aa21b9a collected $0.53 from pot
*** SUMMARY ***
Total pot $0.55 | Rake $0.02 | Jackpot $0 | Bingo $0 | Fortune $0 | Tax $0
Seat 1: 14266759 folded before Flop (didn't bet)
Seat 2: 7505b4d8 folded before Flop (didn't bet)
Seat 3: d2025530 (button) folded before Flop
Seat 4: 90298651 (small blind) folded before Flop
Seat 5: 4aa21b9a (big blind) collected ($0.53)
Seat 6: Hero folded before Flop (didn't bet)


Poker Hand #HD1818548248: Hold'em No Limit ($0.05/$0.1) - 2024/06/16 22:30:06
Table 'NLHRed17' 6-max Seat #2 is the button
Seat 1: 14266759 ($12.44 in chips)
Seat 2: 7505b4d8 ($12.72 in chips)
Seat 3: d2025530 ($10.5 in chips)
Seat 4: 90298651 ($19.28 in chips)
Seat 5: 4aa21b9a ($16.3 in chips)
Seat 6: Hero ($10 in chips)
d2025530: posts small blind $0.05
90298651: posts big blind $0.1
*** HOLE CARDS ***
Dealt to 14266759 
Dealt to 7505b4d8 
Dealt to d2025530 
Dealt to 90298651 
Dealt to 4aa21b9a 
Dealt to Hero [Td 4c]
4aa21b9a: raises $0.1 to $0.2
Hero: folds
14266759: raises $0.4 to $0.6
7505b4d8: folds
d2025530: raises $1.3 to $1.9
90298651: folds
4aa21b9a: folds
14266759: raises $10.54 to $12.44 and is all-in
d2025530: folds
Uncalled bet ($10.54) returned to 14266759
*** SHOWDOWN ***
14266759 collected $3.8 from pot
*** SUMMARY ***
Total pot $4.1 | Rake $0.2 | Jackpot $0.1 | Bingo $0 | Fortune $0 | Tax $0
Seat 1: 14266759 collected ($3.8)
Seat 2: 7505b4d8 (button) folded before Flop (didn't bet)
Seat 3: d2025530 (small blind) folded before Flop
Seat 4: 90298651 (big blind) folded before Flop
Seat 5: 4aa21b9a folded before Flop
Seat 6: Hero folded before Flop (didn't bet)


Poker Hand #HD1818548199: Hold'em No Limit ($0.05/$0.1) - 2024/06/16 22:29:41
Table 'NLHRed17' 6-max Seat #1 is the button
Seat 1: 14266759 ($12.44 in chips)
Seat 2: 7505b4d8 ($12.77 in chips)
Seat 3: d2025530 ($10.45 in chips)
Seat 4: 90298651 ($19.28 in chips)
Seat 5: 4aa21b9a ($16.3 in chips)
Seat 6: Hero ($10 in chips)
7505b4d8: posts small blind $0.05
d2025530: posts big blind $0.1
*** HOLE CARDS ***
Dealt to 14266759 
Dealt to 7505b4d8 
Dealt to d2025530 
Dealt to 90298651 
Dealt to 4aa21b9a 
Dealt to Hero [Kd 6s]
90298651: folds
4aa21b9a: folds
Hero: folds
14266759: folds
7505b4d8: folds
Uncalled bet ($0.05) returned to d2025530
*** SHOWDOWN ***
d2025530 collected $0.1 from pot
*** SUMMARY ***
Total pot $0.1 | Rake $0 | Jackpot $0 | Bingo $0 | Fortune $0 | Tax $0
Seat 1: 14266759 (button) folded before Flop (didn't bet)
Seat 2: 7505b4d8 (small blind) folded before Flop
Seat 3: d2025530 (big blind) collected ($0.1)
Seat 4: 90298651 folded before Flop (didn't bet)
Seat 5: 4aa21b9a folded before Flop (didn't bet)
Seat 6: Hero folded before Flop (didn't bet)


Poker Hand #HD1818548122: Hold'em No Limit ($0.05/$0.1) - 2024/06/16 22:28:54
Table 'NLHRed17' 6-max Seat #6 is the button
Seat 1: 14266759 ($12.49 in chips)
Seat 2: 7505b4d8 ($12.97 in chips)
Seat 3: d2025530 ($10.45 in chips)
Seat 4: 90298651 ($19.28 in chips)
Seat 5: 4aa21b9a ($16.07 in chips)
Seat 6: Hero ($10 in chips)
14266759: posts small blind $0.05
7505b4d8: posts big blind $0.1
*** HOLE CARDS ***
Dealt to 14266759 
Dealt to 7505b4d8 
Dealt to d2025530 
Dealt to 90298651 
Dealt to 4aa21b9a 
Dealt to Hero [7c 7s]
d2025530: folds
90298651: folds
4aa21b9a: raises $0.1 to $0.2
Hero: folds
14266759: folds
7505b4d8: calls $0.1
*** FLOP *** [2d Kc 9h]
7505b4d8: checks
4aa21b9a: checks
*** TURN *** [2d Kc 9h] [5d]
7505b4d8: checks
4aa21b9a: checks
*** RIVER *** [2d Kc 9h 5d] [Ks]
7505b4d8: checks
4aa21b9a: checks
7505b4d8: shows [Qd 7d] (Pair of Kings)
4aa21b9a: shows [Ac Tc] (Pair of Kings)
*** SHOWDOWN ***
4aa21b9a collected $0.43 from pot
*** SUMMARY ***
Total pot $0.45 | Rake $0.02 | Jackpot $0 | Bingo $0 | Fortune $0 | Tax $0
Board [2d Kc 9h 5d Ks]
Seat 1: 14266759 (small blind) folded before Flop
Seat 2: 7505b4d8 (big blind) showed [Qd 7d] and lost with Pair of Kings
Seat 3: d2025530 folded before Flop (didn't bet)
Seat 4: 90298651 folded before Flop (didn't bet)
Seat 5: 4aa21b9a showed [Ac Tc] and won ($0.43) with Pair of Kings
Seat 6: Hero (button) folded before Flop (didn't bet)


Poker Hand #HD1818548048: Hold'em No Limit ($0.05/$0.1) - 2024/06/16 22:27:59
Table 'NLHRed17' 6-max Seat #5 is the button
Seat 1: 14266759 ($11.9 in chips)
Seat 2: 7505b4d8 ($12.97 in chips)
Seat 3: d2025530 ($10.45 in chips)
Seat 4: 90298651 ($19.88 in chips)
Seat 5: 4aa21b9a ($16.07 in chips)
Seat 6: Hero ($10.05 in chips)
Hero: posts small blind $0.05
14266759: posts big blind $0.1
*** HOLE CARDS ***
Dealt to 14266759 
Dealt to 7505b4d8 
Dealt to d2025530 
Dealt to 90298651 
Dealt to 4aa21b9a 
Dealt to Hero [Qc 4d]
7505b4d8: folds
d2025530: folds
90298651: raises $0.1 to $0.2
4aa21b9a: folds
Hero: folds
14266759: calls $0.1
*** FLOP *** [5h 9h 6s]
14266759: checks
90298651: checks
*** TURN *** [5h 9h 6s] [8s]
14266759: bets $0.4
90298651: calls $0.4
*** RIVER *** [5h 9h 6s 8s] [6d]
14266759: bets $0.94
90298651: folds
Uncalled bet ($0.94) returned to 14266759
*** SHOWDOWN ***
14266759 collected $1.19 from pot
*** SUMMARY ***
Total pot $1.25 | Rake $0.06 | Jackpot $0 | Bingo $0 | Fortune $0 | Tax $0
Board [5h 9h 6s 8s 6d]
Seat 1: 14266759 (big blind) won ($1.19)
Seat 2: 7505b4d8 folded before Flop (didn't bet)
Seat 3: d2025530 folded before Flop (didn't bet)
Seat 4: 90298651 folded on the River
Seat 5: 4aa21b9a (button) folded before Flop (didn't bet)
Seat 6: Hero (small blind) folded before Flop


Poker Hand #HD1818548009: Hold'em No Limit ($0.05/$0.1) - 2024/06/16 22:27:39
Table 'NLHRed17' 6-max Seat #4 is the button
Seat 1: 14266759 ($11.9 in chips)
Seat 2: 7505b4d8 ($12.97 in chips)
Seat 3: d2025530 ($10.45 in chips)
Seat 4: 90298651 ($19.88 in chips)
Seat 5: 4aa21b9a ($16.12 in chips)
Seat 6: Hero ($10 in chips)
4aa21b9a: posts small blind $0.05
Hero: posts big blind $0.1
*** HOLE CARDS ***
Dealt to 14266759 
Dealt to 7505b4d8 
Dealt to d2025530 
Dealt to 90298651 
Dealt to 4aa21b9a 
Dealt to Hero [3c Kd]
14266759: folds
7505b4d8: folds
d2025530: folds
90298651: folds
4aa21b9a: folds
Uncalled bet ($0.05) returned to Hero
*** SHOWDOWN ***
Hero collected $0.1 from pot
*** SUMMARY ***
Total pot $0.1 | Rake $0 | Jackpot $0 | Bingo $0 | Fortune $0 | Tax $0
Seat 1: 14266759 folded before Flop (didn't bet)
Seat 2: 7505b4d8 folded before Flop (didn't bet)
Seat 3: d2025530 folded before Flop (didn't bet)
Seat 4: 90298651 (button) folded before Flop (didn't bet)
Seat 5: 4aa21b9a (small blind) folded before Flop
Seat 6: Hero (big blind) collected ($0.1)


Poker Hand #HD1818547955: Hold'em No Limit ($0.05/$0.1) - 2024/06/16 22:27:02
Table 'NLHRed17' 6-max Seat #3 is the button
Seat 1: 14266759 ($11.9 in chips)
Seat 2: 7505b4d8 ($12.82 in chips)
Seat 3: d2025530 ($10.45 in chips)
Seat 4: 90298651 ($19.93 in chips)
Seat 5: 4aa21b9a ($16.22 in chips)
Seat 6: Hero ($10 in chips)
90298651: posts small blind $0.05
4aa21b9a: posts big blind $0.1
*** HOLE CARDS ***
Dealt to 14266759 
Dealt to 7505b4d8 
Dealt to d2025530 
Dealt to 90298651 
Dealt to 4aa21b9a 
Dealt to Hero [4s Qs]
Hero: folds
14266759: folds
7505b4d8: raises $0.12 to $0.22
d2025530: folds
90298651: folds
4aa21b9a: folds
Uncalled bet ($0.12) returned to 7505b4d8
*** SHOWDOWN ***
7505b4d8 collected $0.25 from pot
*** SUMMARY ***
Total pot $0.25 | Rake $0 | Jackpot $0 | Bingo $0 | Fortune $0 | Tax $0
Seat 1: 14266759 folded before Flop (didn't bet)
Seat 2: 7505b4d8 collected ($0.25)
Seat 3: d2025530 (button) folded before Flop (didn't bet)
Seat 4: 90298651 (small blind) folded before Flop
Seat 5: 4aa21b9a (big blind) folded before Flop
Seat 6: Hero folded before Flop (didn't bet)


Poker Hand #HD1818547922: Hold'em No Limit ($0.05/$0.1) - 2024/06/16 22:26:40
Table 'NLHRed17' 6-max Seat #2 is the button
Seat 1: 14266759 ($11.75 in chips)
Seat 2: 7505b4d8 ($12.82 in chips)
Seat 3: d2025530 ($10.5 in chips)
Seat 4: 90298651 ($20.03 in chips)
Seat 5: 4aa21b9a ($16.22 in chips)
Seat 6: Hero ($10 in chips)
d2025530: posts small blind $0.05
90298651: posts big blind $0.1
*** HOLE CARDS ***
Dealt to 14266759 
Dealt to 7505b4d8 
Dealt to d2025530 
Dealt to 90298651 
Dealt to 4aa21b9a 
Dealt to Hero [Qd 3c]
4aa21b9a: folds
Hero: folds
14266759: raises $0.2 to $0.3
7505b4d8: folds
d2025530: folds
90298651: folds
Uncalled bet ($0.2) returned to 14266759
*** SHOWDOWN ***
14266759 collected $0.25 from pot
*** SUMMARY ***
Total pot $0.25 | Rake $0 | Jackpot $0 | Bingo $0 | Fortune $0 | Tax $0
Seat 1: 14266759 collected ($0.25)
Seat 2: 7505b4d8 (button) folded before Flop (didn't bet)
Seat 3: d2025530 (small blind) folded before Flop
Seat 4: 90298651 (big blind) folded before Flop
Seat 5: 4aa21b9a folded before Flop (didn't bet)
Seat 6: Hero folded before Flop (didn't bet)


Poker Hand #HD1818547890: Hold'em No Limit ($0.05/$0.1) - 2024/06/16 22:26:19
Table 'NLHRed17' 6-max Seat #1 is the button
Seat 1: 14266759 ($11.75 in chips)
Seat 2: 7505b4d8 ($12.87 in chips)
Seat 3: d2025530 ($10.6 in chips)
Seat 4: 90298651 ($20.03 in chips)
Seat 5: 4aa21b9a ($16.07 in chips)
Seat 6: Hero ($10 in chips)
7505b4d8: posts small blind $0.05
d2025530: posts big blind $0.1
*** HOLE CARDS ***
Dealt to 14266759 
Dealt to 7505b4d8 
Dealt to d2025530 
Dealt to 90298651 
Dealt to 4aa21b9a 
Dealt to Hero [8d 7s]
90298651: folds
4aa21b9a: raises $0.1 to $0.2
Hero: folds
14266759: folds
7505b4d8: folds
d2025530: folds
Uncalled bet ($0.1) returned to 4aa21b9a
*** SHOWDOWN ***
4aa21b9a collected $0.25 from pot
*** SUMMARY ***
Total pot $0.25 | Rake $0 | Jackpot $0 | Bingo $0 | Fortune $0 | Tax $0
Seat 1: 14266759 (button) folded before Flop (didn't bet)
Seat 2: 7505b4d8 (small blind) folded before Flop
Seat 3: d2025530 (big blind) folded before Flop
Seat 4: 90298651 folded before Flop (didn't bet)
Seat 5: 4aa21b9a collected ($0.25)
Seat 6: Hero folded before Flop (didn't bet)


Poker Hand #HD1818547800: Hold'em No Limit ($0.05/$0.1) - 2024/06/16 22:25:22
Table 'NLHRed17' 6-max Seat #6 is the button
Seat 1: 14266759 ($11.47 in chips)
Seat 2: 7505b4d8 ($12.97 in chips)
Seat 3: d2025530 ($10.6 in chips)
Seat 4: 90298651 ($20.03 in chips)
Seat 5: 4aa21b9a ($16.27 in chips)
Seat 6: Hero ($10 in chips)
14266759: posts small blind $0.05
7505b4d8: posts big blind $0.1
*** HOLE CARDS ***
Dealt to 14266759 
Dealt to 7505b4d8 
Dealt to d2025530 
Dealt to 90298651 
Dealt to 4aa21b9a 
Dealt to Hero [As 3c]
d2025530: folds
90298651: folds
4aa21b9a: raises $0.1 to $0.2
Hero: folds
14266759: calls $0.15
7505b4d8: folds
*** FLOP *** [Tc 3s 4c]
14266759: checks
4aa21b9a: checks
*** TURN *** [Tc 3s 4c] [4d]
14266759: checks
4aa21b9a: checks
*** RIVER *** [Tc 3s 4c 4d] [7c]
14266759: checks
4aa21b9a: checks
14266759: shows [Qc Ks] (Pair of Fours)
4aa21b9a: shows [Jh Kh] (Pair of Fours)
*** SHOWDOWN ***
14266759 collected $0.48 from pot
*** SUMMARY ***
Total pot $0.5 | Rake $0.02 | Jackpot $0 | Bingo $0 | Fortune $0 | Tax $0
Board [Tc 3s 4c 4d 7c]
Seat 1: 14266759 (small blind) showed [Qc Ks] and won ($0.48) with Pair of Fours
Seat 2: 7505b4d8 (big blind) folded before Flop
Seat 3: d2025530 folded before Flop (didn't bet)
Seat 4: 90298651 folded before Flop (didn't bet)
Seat 5: 4aa21b9a showed [Jh Kh] and lost with Pair of Fours
Seat 6: Hero (button) folded before Flop (didn't bet)


Poker Hand #HD1818547682: Hold'em No Limit ($0.05/$0.1) - 2024/06/16 22:24:03
Table 'NLHRed17' 6-max Seat #5 is the button
Seat 1: 14266759 ($10.3 in chips)
Seat 2: 7505b4d8 ($12.97 in chips)
Seat 3: d2025530 ($10.6 in chips)
Seat 4: 90298651 ($20.03 in chips)
Seat 5: 4aa21b9a ($16.27 in chips)
Seat 6: Hero ($10.5 in chips)
Hero: posts small blind $0.05
14266759: posts big blind $0.1
*** HOLE CARDS ***
Dealt to 14266759 
Dealt to 7505b4d8 
Dealt to d2025530 
Dealt to 90298651 
Dealt to 4aa21b9a 
Dealt to Hero [Ah Qd]
7505b4d8: folds
d2025530: folds
90298651: folds
4aa21b9a: folds
Hero: raises $0.2 to $0.3
14266759: calls $0.2
*** FLOP *** [Th Td 7h]
Hero: checks
14266759: checks
*** TURN *** [Th Td 7h] [Kc]
Hero: bets $0.3
14266759: calls $0.3
*** RIVER *** [Th Td 7h Kc] [9h]
Hero: bets $0.7
14266759: calls $0.7
Hero: shows [Ah Qd] (Pair of Tens)
14266759: shows [Ks 9s] (Pair of Kings and Pair of Tens)
*** SHOWDOWN ***
14266759 collected $2.47 from pot
*** SUMMARY ***
Total pot $2.6 | Rake $0.13 | Jackpot $0 | Bingo $0 | Fortune $0 | Tax $0
Board [Th Td 7h Kc 9h]
Seat 1: 14266759 (big blind) showed [Ks 9s] and won ($2.47) with Pair of Kings and Pair of Tens
Seat 2: 7505b4d8 folded before Flop (didn't bet)
Seat 3: d2025530 folded before Flop (didn't bet)
Seat 4: 90298651 folded before Flop (didn't bet)
Seat 5: 4aa21b9a (button) folded before Flop (didn't bet)
Seat 6: Hero (small blind) showed [Ah Qd] and lost with Pair of Tens


Poker Hand #HD1818547629: Hold'em No Limit ($0.05/$0.1) - 2024/06/16 22:23:33
Table 'NLHRed17' 6-max Seat #4 is the button
Seat 1: 14266759 ($10.3 in chips)
Seat 2: 7505b4d8 ($12.97 in chips)
Seat 3: d2025530 ($10.6 in chips)
Seat 4: 90298651 ($20.03 in chips)
Seat 5: 4aa21b9a ($16.17 in chips)
Seat 6: Hero ($10.6 in chips)
4aa21b9a: posts small blind $0.05
Hero: posts big blind $0.1
*** HOLE CARDS ***
Dealt to 14266759 
Dealt to 7505b4d8 
Dealt to d2025530 
Dealt to 90298651 
Dealt to 4aa21b9a 
Dealt to Hero [5h Qs]
14266759: folds
7505b4d8: folds
d2025530: folds
90298651: folds
4aa21b9a: raises $0.1 to $0.2
Hero: folds
Uncalled bet ($0.1) returned to 4aa21b9a
*** SHOWDOWN ***
4aa21b9a collected $0.2 from pot
*** SUMMARY ***
Total pot $0.2 | Rake $0 | Jackpot $0 | Bingo $0 | Fortune $0 | Tax $0
Seat 1: 14266759 folded before Flop (didn't bet)
Seat 2: 7505b4d8 folded before Flop (didn't bet)
Seat 3: d2025530 folded before Flop (didn't bet)
Seat 4: 90298651 (button) folded before Flop (didn't bet)
Seat 5: 4aa21b9a (small blind) collected ($0.2)
Seat 6: Hero (big blind) folded before Flop


Poker Hand #HD1818547579: Hold'em No Limit ($0.05/$0.1) - 2024/06/16 22:22:58
Table 'NLHRed17' 6-max Seat #3 is the button
Seat 1: 14266759 ($10.15 in chips)
Seat 2: 7505b4d8 ($12.97 in chips)
Seat 3: d2025530 ($10.6 in chips)
Seat 4: 90298651 ($20.08 in chips)
Seat 5: 4aa21b9a ($16.27 in chips)
Seat 6: Hero ($10.6 in chips)
90298651: posts small blind $0.05
4aa21b9a: posts big blind $0.1
*** HOLE CARDS ***
Dealt to 14266759 
Dealt to 7505b4d8 
Dealt to d2025530 
Dealt to 90298651 
Dealt to 4aa21b9a 
Dealt to Hero [3s Ks]
Hero: folds
14266759: raises $0.15 to $0.25
7505b4d8: folds
d2025530: folds
90298651: folds
4aa21b9a: folds
Uncalled bet ($0.15) returned to 14266759
*** SHOWDOWN ***
14266759 collected $0.25 from pot
*** SUMMARY ***
Total pot $0.25 | Rake $0 | Jackpot $0 | Bingo $0 | Fortune $0 | Tax $0
Seat 1: 14266759 collected ($0.25)
Seat 2: 7505b4d8 folded before Flop (didn't bet)
Seat 3: d2025530 (button) folded before Flop (didn't bet)
Seat 4: 90298651 (small blind) folded before Flop
Seat 5: 4aa21b9a (big blind) folded before Flop
Seat 6: Hero folded before Flop (didn't bet)


Poker Hand #HD1818547510: Hold'em No Limit ($0.05/$0.1) - 2024/06/16 22:22:15
Table 'NLHRed17' 6-max Seat #2 is the button
Seat 1: 14266759 ($10 in chips)
Seat 2: 7505b4d8 ($12.97 in chips)
Seat 3: d2025530 ($10.65 in chips)
Seat 4: 90298651 ($20.18 in chips)
Seat 5: 4aa21b9a ($16.27 in chips)
Seat 6: Hero ($10.6 in chips)
d2025530: posts small blind $0.05
90298651: posts big blind $0.1
*** HOLE CARDS ***
Dealt to 14266759 
Dealt to 7505b4d8 
Dealt to d2025530 
Dealt to 90298651 
Dealt to 4aa21b9a 
Dealt to Hero [4d 4h]
4aa21b9a: folds
Hero: folds
14266759: raises $0.15 to $0.25
7505b4d8: folds
d2025530: folds
90298651: folds
Uncalled bet ($0.15) returned to 14266759
*** SHOWDOWN ***
14266759 collected $0.25 from pot
*** SUMMARY ***
Total pot $0.25 | Rake $0 | Jackpot $0 | Bingo $0 | Fortune $0 | Tax $0
Seat 1: 14266759 collected ($0.25)
Seat 2: 7505b4d8 (button) folded before Flop (didn't bet)
Seat 3: d2025530 (small blind) folded before Flop
Seat 4: 90298651 (big blind) folded before Flop
Seat 5: 4aa21b9a folded before Flop (didn't bet)
Seat 6: Hero folded before Flop (didn't bet)


Poker Hand #HD1818547477: Hold'em No Limit ($0.05/$0.1) - 2024/06/16 22:21:54
Table 'NLHRed17' 6-max Seat #1 is the button
Seat 1: 14266759 ($10 in chips)
Seat 2: 7505b4d8 ($13.02 in chips)
Seat 3: d2025530 ($10.6 in chips)
Seat 4: 90298651 ($20.18 in chips)
Seat 5: 4aa21b9a ($16.27 in chips)
Seat 6: Hero ($10.6 in chips)
7505b4d8: posts small blind $0.05
d2025530: posts big blind $0.1
*** HOLE CARDS ***
Dealt to 14266759 
Dealt to 7505b4d8 
Dealt to d2025530 
Dealt to 90298651 
Dealt to 4aa21b9a 
Dealt to Hero [9c 2d]
90298651: folds
4aa21b9a: folds
Hero: folds
14266759: folds
7505b4d8: folds
Uncalled bet ($0.05) returned to d2025530
*** SHOWDOWN ***
d2025530 collected $0.1 from pot
*** SUMMARY ***
Total pot $0.1 | Rake $0 | Jackpot $0 | Bingo $0 | Fortune $0 | Tax $0
Seat 1: 14266759 (button) folded before Flop (didn't bet)
Seat 2: 7505b4d8 (small blind) folded before Flop
Seat 3: d2025530 (big blind) collected ($0.1)
Seat 4: 90298651 folded before Flop (didn't bet)
Seat 5: 4aa21b9a folded before Flop (didn't bet)
Seat 6: Hero folded before Flop (didn't bet)


Poker Hand #HD1818547458: Hold'em No Limit ($0.05/$0.1) - 2024/06/16 22:21:42
Table 'NLHRed17' 6-max Seat #6 is the button
Seat 1: 14266759 ($10 in chips)
Seat 2: 7505b4d8 ($12.97 in chips)
Seat 3: d2025530 ($10.6 in chips)
Seat 4: 90298651 ($20.18 in chips)
Seat 5: 4aa21b9a ($16.27 in chips)
Seat 6: Hero ($10.6 in chips)
14266759: posts small blind $0.05
7505b4d8: posts big blind $0.1
*** HOLE CARDS ***
Dealt to 14266759 
Dealt to 7505b4d8 
Dealt to d2025530 
Dealt to 90298651 
Dealt to 4aa21b9a 
Dealt to Hero [2c Jc]
d2025530: folds
90298651: folds
4aa21b9a: folds
Hero: folds
14266759: folds
Uncalled bet ($0.05) returned to 7505b4d8
*** SHOWDOWN ***
7505b4d8 collected $0.1 from pot
*** SUMMARY ***
Total pot $0.1 | Rake $0 | Jackpot $0 | Bingo $0 | Fortune $0 | Tax $0
Seat 1: 14266759 (small blind) folded before Flop
Seat 2: 7505b4d8 (big blind) collected ($0.1)
Seat 3: d2025530 folded before Flop (didn't bet)
Seat 4: 90298651 folded before Flop (didn't bet)
Seat 5: 4aa21b9a folded before Flop (didn't bet)
Seat 6: Hero (button) folded before Flop (didn't bet)


Poker Hand #HD1818547389: Hold'em No Limit ($0.05/$0.1) - 2024/06/16 22:21:00
Table 'NLHRed17' 6-max Seat #5 is the button
Seat 1: 14266759 ($10 in chips)
Seat 2: 7505b4d8 ($12.97 in chips)
Seat 3: d2025530 ($10.6 in chips)
Seat 4: 90298651 ($19.95 in chips)
Seat 5: 4aa21b9a ($16.27 in chips)
Seat 6: Hero ($10.65 in chips)
Hero: posts small blind $0.05
14266759: posts big blind $0.1
*** HOLE CARDS ***
Dealt to 14266759 
Dealt to 7505b4d8 
Dealt to d2025530 
Dealt to 90298651 
Dealt to 4aa21b9a 
Dealt to Hero [2h 4c]
7505b4d8: folds
d2025530: folds
90298651: raises $0.1 to $0.2
4aa21b9a: folds
Hero: folds
14266759: calls $0.1
*** FLOP *** [8s 3d Kh]
14266759: checks
90298651: checks
*** TURN *** [8s 3d Kh] [Tc]
14266759: checks
90298651: checks
*** RIVER *** [8s 3d Kh Tc] [Ah]
14266759: checks
90298651: checks
14266759: shows [Qs 7s] (Ace-High)
90298651: shows [Ts Js] (Pair of Tens)
*** SHOWDOWN ***
90298651 collected $0.43 from pot
*** SUMMARY ***
Total pot $0.45 | Rake $0.02 | Jackpot $0 | Bingo $0 | Fortune $0 | Tax $0
Board [8s 3d Kh Tc Ah]
Seat 1: 14266759 (big blind) showed [Qs 7s] and lost with Ace-High
Seat 2: 7505b4d8 folded before Flop (didn't bet)
Seat 3: d2025530 folded before Flop (didn't bet)
Seat 4: 90298651 showed [Ts Js] and won ($0.43) with Pair of Tens
Seat 5: 4aa21b9a (button) folded before Flop (didn't bet)
Seat 6: Hero (small blind) folded before Flop


Poker Hand #HD1818547326: Hold'em No Limit ($0.05/$0.1) - 2024/06/16 22:20:19
Table 'NLHRed17' 6-max Seat #4 is the button
Seat 1: 14266759 ($10 in chips)
Seat 2: 7505b4d8 ($12.97 in chips)
Seat 3: d2025530 ($10.45 in chips)
Seat 4: 90298651 ($19.95 in chips)
Seat 5: 4aa21b9a ($16.32 in chips)
Seat 6: Hero ($10.75 in chips)
4aa21b9a: posts small blind $0.05
Hero: posts big blind $0.1
*** HOLE CARDS ***
Dealt to 14266759 
Dealt to 7505b4d8 
Dealt to d2025530 
Dealt to 90298651 
Dealt to 4aa21b9a 
Dealt to Hero [6d 7s]
14266759: folds
7505b4d8: folds
d2025530: raises $0.15 to $0.25
90298651: folds
4aa21b9a: folds
Hero: folds
Uncalled bet ($0.15) returned to d2025530
*** SHOWDOWN ***
d2025530 collected $0.25 from pot
*** SUMMARY ***
Total pot $0.25 | Rake $0 | Jackpot $0 | Bingo $0 | Fortune $0 | Tax $0
Seat 1: 14266759 folded before Flop (didn't bet)
Seat 2: 7505b4d8 folded before Flop (didn't bet)
Seat 3: d2025530 collected ($0.25)
Seat 4: 90298651 (button) folded before Flop (didn't bet)
Seat 5: 4aa21b9a (small blind) folded before Flop
Seat 6: Hero (big blind) folded before Flop


Poker Hand #HD1818547257: Hold'em No Limit ($0.05/$0.1) - 2024/06/16 22:19:36
Table 'NLHRed17' 6-max Seat #3 is the button
Seat 1: 14266759 ($10 in chips)
Seat 2: 7505b4d8 ($12.97 in chips)
Seat 3: d2025530 ($10.3 in chips)
Seat 4: 90298651 ($20 in chips)
Seat 5: 4aa21b9a ($16.42 in chips)
Seat 6: Hero ($10.75 in chips)
90298651: posts small blind $0.05
4aa21b9a: posts big blind $0.1
*** HOLE CARDS ***
Dealt to 14266759 
Dealt to 7505b4d8 
Dealt to d2025530 
Dealt to 90298651 
Dealt to 4aa21b9a 
Dealt to Hero [6d Jd]
Hero: folds
14266759: folds
7505b4d8: folds
d2025530: raises $0.15 to $0.25
90298651: folds
4aa21b9a: folds
Uncalled bet ($0.15) returned to d2025530
*** SHOWDOWN ***
d2025530 collected $0.25 from pot
*** SUMMARY ***
Total pot $0.25 | Rake $0 | Jackpot $0 | Bingo $0 | Fortune $0 | Tax $0
Seat 1: 14266759 folded before Flop (didn't bet)
Seat 2: 7505b4d8 folded before Flop (didn't bet)
Seat 3: d2025530 (button) collected ($0.25)
Seat 4: 90298651 (small blind) folded before Flop
Seat 5: 4aa21b9a (big blind) folded before Flop
Seat 6: Hero folded before Flop (didn't bet)


Poker Hand #HD1818547198: Hold'em No Limit ($0.05/$0.1) - 2024/06/16 22:18:53
Table 'NLHRed17' 6-max Seat #2 is the button
Seat 1: 14266759 ($10 in chips)
Seat 2: 7505b4d8 ($13.19 in chips)
Seat 3: d2025530 ($10 in chips)
Seat 4: 90298651 ($20.1 in chips)
Seat 5: 4aa21b9a ($16.42 in chips)
Seat 6: Hero ($10.75 in chips)
d2025530: posts small blind $0.05
90298651: posts big blind $0.1
*** HOLE CARDS ***
Dealt to 14266759 
Dealt to 7505b4d8 
Dealt to d2025530 
Dealt to 90298651 
Dealt to 4aa21b9a 
Dealt to Hero [5h 7h]
4aa21b9a: folds
Hero: folds
14266759: folds
7505b4d8: raises $0.12 to $0.22
d2025530: raises $0.88 to $1.1
90298651: folds
7505b4d8: folds
Uncalled bet ($0.88) returned to d2025530
*** SHOWDOWN ***
d2025530 collected $0.52 from pot
*** SUMMARY ***
Total pot $0.54 | Rake $0.02 | Jackpot $0 | Bingo $0 | Fortune $0 | Tax $0
Seat 1: 14266759 folded before Flop (didn't bet)
Seat 2: 7505b4d8 (button) folded before Flop
Seat 3: d2025530 (small blind) collected ($0.52)
Seat 4: 90298651 (big blind) folded before Flop
Seat 5: 4aa21b9a folded before Flop (didn't bet)
Seat 6: Hero folded before Flop (didn't bet)


Poker Hand #HD1818547170: Hold'em No Limit ($0.05/$0.1) - 2024/06/16 22:18:32
Table 'NLHRed17' 6-max Seat #1 is the button
Seat 1: 14266759 ($10 in chips)
Seat 2: 7505b4d8 ($13.24 in chips)
Seat 3: d2025530 ($10 in chips)
Seat 4: 90298651 ($20.1 in chips)
Seat 5: 4aa21b9a ($16.42 in chips)
Seat 6: Hero ($10.6 in chips)
7505b4d8: posts small blind $0.05
d2025530: posts big blind $0.1
*** HOLE CARDS ***
Dealt to 14266759 
Dealt to 7505b4d8 
Dealt to d2025530 
Dealt to 90298651 
Dealt to 4aa21b9a 
Dealt to Hero [Ah Kc]
90298651: folds
4aa21b9a: folds
Hero: raises $0.14 to $0.24
14266759: folds
7505b4d8: folds
d2025530: folds
Uncalled bet ($0.14) returned to Hero
*** SHOWDOWN ***
Hero collected $0.25 from pot
*** SUMMARY ***
Total pot $0.25 | Rake $0 | Jackpot $0 | Bingo $0 | Fortune $0 | Tax $0
Seat 1: 14266759 (button) folded before Flop (didn't bet)
Seat 2: 7505b4d8 (small blind) folded before Flop
Seat 3: d2025530 (big blind) folded before Flop
Seat 4: 90298651 folded before Flop (didn't bet)
Seat 5: 4aa21b9a folded before Flop (didn't bet)
Seat 6: Hero collected ($0.25)


Poker Hand #HD1818547150: Hold'em No Limit ($0.05/$0.1) - 2024/06/16 22:18:19
Table 'NLHRed17' 6-max Seat #6 is the button
Seat 1: 14266759 ($10 in chips)
Seat 2: 7505b4d8 ($13.19 in chips)
Seat 4: 90298651 ($20.1 in chips)
Seat 5: 4aa21b9a ($16.42 in chips)
Seat 6: Hero ($10.6 in chips)
14266759: posts small blind $0.05
7505b4d8: posts big blind $0.1
*** HOLE CARDS ***
Dealt to 14266759 
Dealt to 7505b4d8 
Dealt to 90298651 
Dealt to 4aa21b9a 
Dealt to Hero [7s Td]
90298651: folds
4aa21b9a: folds
Hero: folds
14266759: folds
Uncalled bet ($0.05) returned to 7505b4d8
*** SHOWDOWN ***
7505b4d8 collected $0.1 from pot
*** SUMMARY ***
Total pot $0.1 | Rake $0 | Jackpot $0 | Bingo $0 | Fortune $0 | Tax $0
Seat 1: 14266759 (small blind) folded before Flop
Seat 2: 7505b4d8 (big blind) collected ($0.1)
Seat 4: 90298651 folded before Flop (didn't bet)
Seat 5: 4aa21b9a folded before Flop (didn't bet)
Seat 6: Hero (button) folded before Flop (didn't bet)


Poker Hand #HD1818547105: Hold'em No Limit ($0.05/$0.1) - 2024/06/16 22:17:52
Table 'NLHRed17' 6-max Seat #5 is the button
Seat 1: 14266759 ($10 in chips)
Seat 2: 7505b4d8 ($13.19 in chips)
Seat 4: 90298651 ($20.3 in chips)
Seat 5: 4aa21b9a ($16.42 in chips)
Seat 6: Hero ($10.32 in chips)
Hero: posts small blind $0.05
14266759: posts big blind $0.1
*** HOLE CARDS ***
Dealt to 14266759 
Dealt to 7505b4d8 
Dealt to 90298651 
Dealt to 4aa21b9a 
Dealt to Hero [Ts Tc]
7505b4d8: folds
90298651: raises $0.1 to $0.2
4aa21b9a: folds
Hero: raises $0.9 to $1.1
14266759: folds
90298651: folds
Uncalled bet ($0.9) returned to Hero
*** SHOWDOWN ***
Hero collected $0.48 from pot
*** SUMMARY ***
Total pot $0.5 | Rake $0.02 | Jackpot $0 | Bingo $0 | Fortune $0 | Tax $0
Seat 1: 14266759 (big blind) folded before Flop
Seat 2: 7505b4d8 folded before Flop (didn't bet)
Seat 4: 90298651 folded before Flop
Seat 5: 4aa21b9a (button) folded before Flop (didn't bet)
Seat 6: Hero (small blind) collected ($0.48)


Poker Hand #HD1818547069: Hold'em No Limit ($0.05/$0.1) - 2024/06/16 22:17:24
Table 'NLHRed17' 6-max Seat #4 is the button
Seat 1: 14266759 ($10 in chips)
Seat 2: 7505b4d8 ($13.19 in chips)
Seat 4: 90298651 ($20.15 in chips)
Seat 5: 4aa21b9a ($16.47 in chips)
Seat 6: Hero ($10.42 in chips)
4aa21b9a: posts small blind $0.05
Hero: posts big blind $0.1
*** HOLE CARDS ***
Dealt to 14266759 
Dealt to 7505b4d8 
Dealt to 90298651 
Dealt to 4aa21b9a 
Dealt to Hero [7h 2s]
14266759: folds
7505b4d8: folds
90298651: raises $0.1 to $0.2
4aa21b9a: folds
Hero: folds
Uncalled bet ($0.1) returned to 90298651
*** SHOWDOWN ***
90298651 collected $0.25 from pot
*** SUMMARY ***
Total pot $0.25 | Rake $0 | Jackpot $0 | Bingo $0 | Fortune $0 | Tax $0
Seat 1: 14266759 folded before Flop (didn't bet)
Seat 2: 7505b4d8 folded before Flop (didn't bet)
Seat 4: 90298651 (button) collected ($0.25)
Seat 5: 4aa21b9a (small blind) folded before Flop
Seat 6: Hero (big blind) folded before Flop


Poker Hand #HD1818546967: Hold'em No Limit ($0.05/$0.1) - 2024/06/16 22:16:15
Table 'NLHRed17' 6-max Seat #2 is the button
Seat 1: 14266759 ($10 in chips)
Seat 2: 7505b4d8 ($13.41 in chips)
Seat 3: 8d0906b0 ($10 in chips)
Seat 4: 90298651 ($19.74 in chips)
Seat 5: 4aa21b9a ($16.47 in chips)
Seat 6: Hero ($10.42 in chips)
8d0906b0: posts small blind $0.05
90298651: posts big blind $0.1
*** HOLE CARDS ***
Dealt to 14266759 
Dealt to 7505b4d8 
Dealt to 8d0906b0 
Dealt to 90298651 
Dealt to 4aa21b9a 
Dealt to Hero [Ah 9c]
4aa21b9a: folds
Hero: folds
14266759: folds
7505b4d8: raises $0.12 to $0.22
8d0906b0: calls $0.17
90298651: calls $0.12
*** FLOP *** [Qd Td 6d]
8d0906b0: checks
90298651: checks
7505b4d8: checks
*** TURN *** [Qd Td 6d] [Ac]
8d0906b0: checks
90298651: bets $0.2
7505b4d8: folds
8d0906b0: folds
Uncalled bet ($0.2) returned to 90298651
*** SHOWDOWN ***
90298651 collected $0.63 from pot
*** SUMMARY ***
Total pot $0.66 | Rake $0.03 | Jackpot $0 | Bingo $0 | Fortune $0 | Tax $0
Board [Qd Td 6d Ac]
Seat 1: 14266759 folded before Flop (didn't bet)
Seat 2: 7505b4d8 (button) folded on the Turn
Seat 3: 8d0906b0 (small blind) folded on the Turn
Seat 4: 90298651 (big blind) won ($0.63)
Seat 5: 4aa21b9a folded before Flop (didn't bet)
Seat 6: Hero folded before Flop (didn't bet)


Poker Hand #HD1818546937: Hold'em No Limit ($0.05/$0.1) - 2024/06/16 22:15:50
Table 'NLHRed17' 6-max Seat #1 is the button
Seat 1: 14266759 ($10 in chips)
Seat 2: 7505b4d8 ($13.46 in chips)
Seat 3: 8d0906b0 ($10 in chips)
Seat 4: 90298651 ($19.74 in chips)
Seat 5: 4aa21b9a ($16.47 in chips)
Seat 6: Hero ($10.27 in chips)
7505b4d8: posts small blind $0.05
8d0906b0: posts big blind $0.1
*** HOLE CARDS ***
Dealt to 14266759 
Dealt to 7505b4d8 
Dealt to 8d0906b0 
Dealt to 90298651 
Dealt to 4aa21b9a 
Dealt to Hero [9h Qs]
90298651: folds
4aa21b9a: folds
Hero: raises $0.14 to $0.24
14266759: folds
7505b4d8: folds
8d0906b0: folds
Uncalled bet ($0.14) returned to Hero
*** SHOWDOWN ***
Hero collected $0.25 from pot
*** SUMMARY ***
Total pot $0.25 | Rake $0 | Jackpot $0 | Bingo $0 | Fortune $0 | Tax $0
Seat 1: 14266759 (button) folded before Flop (didn't bet)
Seat 2: 7505b4d8 (small blind) folded before Flop
Seat 3: 8d0906b0 (big blind) folded before Flop
Seat 4: 90298651 folded before Flop (didn't bet)
Seat 5: 4aa21b9a folded before Flop (didn't bet)
Seat 6: Hero collected ($0.25)


Poker Hand #HD1818546905: Hold'em No Limit ($0.05/$0.1) - 2024/06/16 22:15:32
Table 'NLHRed17' 6-max Seat #6 is the button
Seat 1: 14266759 ($10 in chips)
Seat 2: 7505b4d8 ($13.41 in chips)
Seat 4: 90298651 ($19.74 in chips)
Seat 5: 4aa21b9a ($16.47 in chips)
Seat 6: Hero ($10.27 in chips)
14266759: posts small blind $0.05
7505b4d8: posts big blind $0.1
*** HOLE CARDS ***
Dealt to 14266759 
Dealt to 7505b4d8 
Dealt to 90298651 
Dealt to 4aa21b9a 
Dealt to Hero [9c 4s]
90298651: folds
4aa21b9a: folds
Hero: folds
14266759: folds
Uncalled bet ($0.05) returned to 7505b4d8
*** SHOWDOWN ***
7505b4d8 collected $0.1 from pot
*** SUMMARY ***
Total pot $0.1 | Rake $0 | Jackpot $0 | Bingo $0 | Fortune $0 | Tax $0
Seat 1: 14266759 (small blind) folded before Flop
Seat 2: 7505b4d8 (big blind) collected ($0.1)
Seat 4: 90298651 folded before Flop (didn't bet)
Seat 5: 4aa21b9a folded before Flop (didn't bet)
Seat 6: Hero (button) folded before Flop (didn't bet)


Poker Hand #HD1818546855: Hold'em No Limit ($0.05/$0.1) - 2024/06/16 22:15:02
Table 'NLHRed17' 6-max Seat #5 is the button
Seat 1: 14266759 ($10.15 in chips)
Seat 2: 7505b4d8 ($13.41 in chips)
Seat 4: 90298651 ($19.74 in chips)
Seat 5: 4aa21b9a ($16.47 in chips)
Seat 6: Hero ($10 in chips)
Hero: posts small blind $0.05
14266759: posts big blind $0.1
*** HOLE CARDS ***
Dealt to 14266759 
Dealt to 7505b4d8 
Dealt to 90298651 
Dealt to 4aa21b9a 
Dealt to Hero [Qh Ks]
7505b4d8: folds
90298651: folds
4aa21b9a: folds
Hero: raises $0.2 to $0.3
14266759: calls $0.2
*** FLOP *** [2s Ah 4d]
Hero: bets $0.2
14266759: folds
Uncalled bet ($0.2) returned to Hero
*** SHOWDOWN ***
Hero collected $0.57 from pot
*** SUMMARY ***
Total pot $0.6 | Rake $0.03 | Jackpot $0 | Bingo $0 | Fortune $0 | Tax $0
Board [2s Ah 4d]
Seat 1: 14266759 (big blind) folded on the Flop
Seat 2: 7505b4d8 folded before Flop (didn't bet)
Seat 4: 90298651 folded before Flop (didn't bet)
Seat 5: 4aa21b9a (button) folded before Flop (didn't bet)
Seat 6: Hero (small blind) won ($0.57)


Poker Hand #HD1818546814: Hold'em No Limit ($0.05/$0.1) - 2024/06/16 22:14:31
Table 'NLHRed17' 6-max Seat #4 is the button
Seat 1: 14266759 ($10 in chips)
Seat 2: 7505b4d8 ($13.41 in chips)
Seat 4: 90298651 ($19.74 in chips)
Seat 5: 4aa21b9a ($16.52 in chips)
Seat 6: Hero ($10 in chips)
4aa21b9a: posts small blind $0.05
Hero: posts big blind $0.1
*** HOLE CARDS ***
Dealt to 14266759 
Dealt to 7505b4d8 
Dealt to 90298651 
Dealt to 4aa21b9a 
Dealt to Hero [9d Qc]
14266759: raises $0.15 to $0.25
7505b4d8: folds
90298651: folds
4aa21b9a: folds
Hero: folds
Uncalled bet ($0.15) returned to 14266759
*** SHOWDOWN ***
14266759 collected $0.25 from pot
*** SUMMARY ***
Total pot $0.25 | Rake $0 | Jackpot $0 | Bingo $0 | Fortune $0 | Tax $0
Seat 1: 14266759 collected ($0.25)
Seat 2: 7505b4d8 folded before Flop (didn't bet)
Seat 4: 90298651 (button) folded before Flop (didn't bet)
Seat 5: 4aa21b9a (small blind) folded before Flop
Seat 6: Hero (big blind) folded before Flop


Poker Hand #HD1818546791: Hold'em No Limit ($0.05/$0.1) - 2024/06/16 22:14:13
Table 'NLHRed17' 6-max Seat #3 is the button
Seat 1: 14266759 ($10 in chips)
Seat 2: 7505b4d8 ($13.41 in chips)
Seat 3: 6b734180 ($11.04 in chips)
Seat 4: 90298651 ($19.79 in chips)
Seat 5: 4aa21b9a ($16.47 in chips)
Seat 6: Hero ($10 in chips)
90298651: posts small blind $0.05
4aa21b9a: posts big blind $0.1
*** HOLE CARDS ***
Dealt to 14266759 
Dealt to 7505b4d8 
Dealt to 6b734180 
Dealt to 90298651 
Dealt to 4aa21b9a 
Dealt to Hero [Qc 7h]
Hero: folds
14266759: folds
7505b4d8: folds
6b734180: folds
90298651: folds
Uncalled bet ($0.05) returned to 4aa21b9a
*** SHOWDOWN ***
4aa21b9a collected $0.1 from pot
*** SUMMARY ***
Total pot $0.1 | Rake $0 | Jackpot $0 | Bingo $0 | Fortune $0 | Tax $0
Seat 1: 14266759 folded before Flop (didn't bet)
Seat 2: 7505b4d8 folded before Flop (didn't bet)
Seat 3: 6b734180 (button) folded before Flop (didn't bet)
Seat 4: 90298651 (small blind) folded before Flop
Seat 5: 4aa21b9a (big blind) collected ($0.1)
Seat 6: Hero folded before Flop (didn't bet)


Poker Hand #HD1818546650: Hold'em No Limit ($0.05/$0.1) - 2024/06/16 22:12:33
Table 'NLHRed17' 6-max Seat #2 is the button
Seat 1: 14266759 ($10 in chips)
Seat 2: 7505b4d8 ($13.41 in chips)
Seat 3: 6b734180 ($10 in chips)
Seat 4: 90298651 ($20.94 in chips)
Seat 5: 4aa21b9a ($16.47 in chips)
Seat 6: Hero ($10 in chips)
6b734180: posts small blind $0.05
90298651: posts big blind $0.1
*** HOLE CARDS ***
Dealt to 14266759 
Dealt to 7505b4d8 
Dealt to 6b734180 
Dealt to 90298651 
Dealt to 4aa21b9a 
Dealt to Hero [5h Qd]
4aa21b9a: folds
Hero: folds
14266759: folds
7505b4d8: folds
6b734180: raises $0.2 to $0.3
90298651: calls $0.2
*** FLOP *** [6s 8s 7h]
6b734180: checks
90298651: bets $0.2
6b734180: calls $0.2
*** TURN *** [6s 8s 7h] [6d]
6b734180: checks
90298651: bets $0.65
6b734180: raises $1.96 to $2.61
90298651: folds
Uncalled bet ($1.96) returned to 6b734180
6b734180: shows [Ks Tc] (Pair of Sixes)
*** SHOWDOWN ***
6b734180 collected $2.19 from pot
*** SUMMARY ***
Total pot $2.3 | Rake $0.11 | Jackpot $0 | Bingo $0 | Fortune $0 | Tax $0
Board [6s 8s 7h 6d]
Seat 1: 14266759 folded before Flop (didn't bet)
Seat 2: 7505b4d8 (button) folded before Flop (didn't bet)
Seat 3: 6b734180 (small blind) showed [Ks Tc] and won ($2.19)
Seat 4: 90298651 (big blind) folded on the Turn
Seat 5: 4aa21b9a folded before Flop (didn't bet)
Seat 6: Hero folded before Flop (didn't bet)


Poker Hand #HD1818546579: Hold'em No Limit ($0.05/$0.1) - 2024/06/16 22:11:41
Table 'NLHRed17' 6-max Seat #1 is the button
Seat 1: 14266759 ($10 in chips)
Seat 2: 7505b4d8 ($13.53 in chips)
Seat 3: 6b734180 ($10 in chips)
Seat 4: 90298651 ($21.06 in chips)
Seat 5: 4aa21b9a ($16.47 in chips)
Seat 6: Hero ($10 in chips)
7505b4d8: posts small blind $0.05
6b734180: posts big blind $0.1
*** HOLE CARDS ***
Dealt to 14266759 
Dealt to 7505b4d8 
Dealt to 6b734180 
Dealt to 90298651 
Dealt to 4aa21b9a 
Dealt to Hero [5s 5d]
90298651: raises $0.13 to $0.23
4aa21b9a: folds
Hero: folds
14266759: folds
7505b4d8: calls $0.18
6b734180: folds
*** FLOP *** [5h Th 8s]
7505b4d8: checks
90298651: checks
*** TURN *** [5h Th 8s] [Ad]
7505b4d8: bets $0.42
90298651: raises $0.93 to $1.35
7505b4d8: calls $0.93
*** RIVER *** [5h Th 8s Ad] [2s]
7505b4d8: checks
90298651: bets $0.95
7505b4d8: calls $0.95
90298651: shows [Ac Ks] (Pair of Aces)
7505b4d8: shows [As Kh] (Pair of Aces)
*** SHOWDOWN ***
7505b4d8 collected $2.41 from pot
90298651 collected $2.41 from pot
*** SUMMARY ***
Total pot $5.16 | Rake $0.24 | Jackpot $0.1 | Bingo $0 | Fortune $0 | Tax $0
Board [5h Th 8s Ad 2s]
Seat 1: 14266759 (button) folded before Flop (didn't bet)
Seat 2: 7505b4d8 (small blind) showed [As Kh] and won ($2.41) with Pair of Aces
Seat 3: 6b734180 (big blind) folded before Flop
Seat 4: 90298651 showed [Ac Ks] and won ($2.41) with Pair of Aces
Seat 5: 4aa21b9a folded before Flop (didn't bet)
Seat 6: Hero folded before Flop (didn't bet)


Poker Hand #HD1818546559: Hold'em No Limit ($0.05/$0.1) - 2024/06/16 22:11:30
Table 'NLHRed17' 6-max Seat #6 is the button
Seat 1: 14266759 ($10.05 in chips)
Seat 2: 7505b4d8 ($13.48 in chips)
Seat 4: 90298651 ($21.06 in chips)
Seat 5: 4aa21b9a ($16.47 in chips)
Seat 6: Hero ($10 in chips)
14266759: posts small blind $0.05
7505b4d8: posts big blind $0.1
*** HOLE CARDS ***
Dealt to 14266759 
Dealt to 7505b4d8 
Dealt to 90298651 
Dealt to 4aa21b9a 
Dealt to Hero [8d 4c]
90298651: folds
4aa21b9a: folds
Hero: folds
14266759: folds
Uncalled bet ($0.05) returned to 7505b4d8
*** SHOWDOWN ***
7505b4d8 collected $0.1 from pot
*** SUMMARY ***
Total pot $0.1 | Rake $0 | Jackpot $0 | Bingo $0 | Fortune $0 | Tax $0
Seat 1: 14266759 (small blind) folded before Flop
Seat 2: 7505b4d8 (big blind) collected ($0.1)
Seat 4: 90298651 folded before Flop (didn't bet)
Seat 5: 4aa21b9a folded before Flop (didn't bet)
Seat 6: Hero (button) folded before Flop (didn't bet)


Poker Hand #HD1818546548: Hold'em No Limit ($0.05/$0.1) - 2024/06/16 22:11:17
Table 'NLHRed17' 6-max Seat #5 is the button
Seat 1: 14266759 ($10 in chips)
Seat 2: 7505b4d8 ($13.48 in chips)
Seat 4: 90298651 ($21.06 in chips)
Seat 5: 4aa21b9a ($16.47 in chips)
Seat 6: Hero ($10 in chips)
Hero: posts small blind $0.05
14266759: posts big blind $0.1
*** HOLE CARDS ***
Dealt to 14266759 
Dealt to 7505b4d8 
Dealt to 90298651 
Dealt to 4aa21b9a 
Dealt to Hero [8s 4s]
7505b4d8: folds
90298651: folds
4aa21b9a: folds
Hero: folds
Uncalled bet ($0.05) returned to 14266759
*** SHOWDOWN ***
14266759 collected $0.1 from pot
*** SUMMARY ***
Total pot $0.1 | Rake $0 | Jackpot $0 | Bingo $0 | Fortune $0 | Tax $0
Seat 1: 14266759 (big blind) collected ($0.1)
Seat 2: 7505b4d8 folded before Flop (didn't bet)
Seat 4: 90298651 folded before Flop (didn't bet)
Seat 5: 4aa21b9a (button) folded before Flop (didn't bet)
Seat 6: Hero (small blind) folded before Flop


Poker Hand #HD1818546525: Hold'em No Limit ($0.05/$0.1) - 2024/06/16 22:11:02
Table 'NLHRed17' 6-max Seat #4 is the button
Seat 1: 14266759 ($10 in chips)
Seat 2: 7505b4d8 ($13.33 in chips)
Seat 4: 90298651 ($21.06 in chips)
Seat 5: 4aa21b9a ($16.52 in chips)
Seat 6: Hero ($10 in chips)
4aa21b9a: posts small blind $0.05
Hero: posts big blind $0.1
*** HOLE CARDS ***
Dealt to 14266759 
Dealt to 7505b4d8 
Dealt to 90298651 
Dealt to 4aa21b9a 
Dealt to Hero [5c Jc]
14266759: folds
7505b4d8: raises $0.12 to $0.22
90298651: folds
4aa21b9a: folds
Hero: folds
Uncalled bet ($0.12) returned to 7505b4d8
*** SHOWDOWN ***
7505b4d8 collected $0.25 from pot
*** SUMMARY ***
Total pot $0.25 | Rake $0 | Jackpot $0 | Bingo $0 | Fortune $0 | Tax $0
Seat 1: 14266759 folded before Flop (didn't bet)
Seat 2: 7505b4d8 collected ($0.25)
Seat 4: 90298651 (button) folded before Flop (didn't bet)
Seat 5: 4aa21b9a (small blind) folded before Flop
Seat 6: Hero (big blind) folded before Flop


Poker Hand #HD1818546423: Hold'em No Limit ($0.05/$0.1) - 2024/06/16 22:09:50
Table 'NLHRed17' 6-max Seat #2 is the button
Seat 1: 14266759 ($10 in chips)
Seat 2: 7505b4d8 ($10 in chips)
Seat 4: 90298651 ($21.11 in chips)
Seat 5: 4aa21b9a ($16.62 in chips)
Seat 6: Hero ($11.87 in chips)
90298651: posts small blind $0.05
4aa21b9a: posts big blind $0.1
*** HOLE CARDS ***
Dealt to 14266759 
Dealt to 7505b4d8 
Dealt to 90298651 
Dealt to 4aa21b9a 
Dealt to Hero [Jd Kd]
Hero: raises $0.1 to $0.2
14266759: folds
7505b4d8: raises $0.65 to $0.85
90298651: folds
4aa21b9a: folds
Hero: calls $0.65
*** FLOP *** [5s Kc Td]
Hero: checks
7505b4d8: bets $0.93
Hero: calls $0.93
*** TURN *** [5s Kc Td] [4s]
Hero: checks
7505b4d8: bets $1.86
Hero: calls $1.86
*** RIVER *** [5s Kc Td 4s] [9s]
Hero: checks
7505b4d8: checks
Hero: shows [Jd Kd] (Pair of Kings)
7505b4d8: shows [Ah Ac] (Pair of Aces)
*** SHOWDOWN ***
7505b4d8 collected $6.97 from pot
*** SUMMARY ***
Total pot $7.43 | Rake $0.36 | Jackpot $0.1 | Bingo $0 | Fortune $0 | Tax $0
Board [5s Kc Td 4s 9s]
Seat 1: 14266759 folded before Flop (didn't bet)
Seat 2: 7505b4d8 (button) showed [Ah Ac] and won ($6.97) with Pair of Aces
Seat 4: 90298651 (small blind) folded before Flop
Seat 5: 4aa21b9a (big blind) folded before Flop
Seat 6: Hero showed [Jd Kd] and lost with Pair of Kings


Poker Hand #HD1818546397: Hold'em No Limit ($0.05/$0.1) - 2024/06/16 22:09:29
Table 'NLHRed17' 6-max Seat #1 is the button
Seat 1: 14266759 ($10 in chips)
Seat 2: 7505b4d8 ($10 in chips)
Seat 4: 90298651 ($21.06 in chips)
Seat 5: 4aa21b9a ($16.62 in chips)
Seat 6: Hero ($11.87 in chips)
7505b4d8: posts small blind $0.05
90298651: posts big blind $0.1
*** HOLE CARDS ***
Dealt to 14266759 
Dealt to 7505b4d8 
Dealt to 90298651 
Dealt to 4aa21b9a 
Dealt to Hero [Tc Qs]
4aa21b9a: folds
Hero: folds
14266759: folds
7505b4d8: folds
Uncalled bet ($0.05) returned to 90298651
*** SHOWDOWN ***
90298651 collected $0.1 from pot
*** SUMMARY ***
Total pot $0.1 | Rake $0 | Jackpot $0 | Bingo $0 | Fortune $0 | Tax $0
Seat 1: 14266759 (button) folded before Flop (didn't bet)
Seat 2: 7505b4d8 (small blind) folded before Flop
Seat 4: 90298651 (big blind) collected ($0.1)
Seat 5: 4aa21b9a folded before Flop (didn't bet)
Seat 6: Hero folded before Flop (didn't bet)


Poker Hand #HD1818546317: Hold'em No Limit ($0.05/$0.1) - 2024/06/16 22:08:34
Table 'NLHRed17' 6-max Seat #6 is the button
Seat 1: 14266759 ($10.05 in chips)
Seat 2: 7505b4d8 ($10 in chips)
Seat 4: 90298651 ($18.68 in chips)
Seat 5: 4aa21b9a ($17.28 in chips)
Seat 6: Hero ($11.87 in chips)
14266759: posts small blind $0.05
7505b4d8: posts big blind $0.1
*** HOLE CARDS ***
Dealt to 14266759 
Dealt to 7505b4d8 
Dealt to 90298651 
Dealt to 4aa21b9a 
Dealt to Hero [6d 8d]
90298651: raises $0.13 to $0.23
4aa21b9a: raises $0.43 to $0.66
Hero: folds
14266759: folds
7505b4d8: calls $0.56
90298651: raises $1.34 to $2
4aa21b9a: folds
7505b4d8: calls $1.34
*** FLOP *** [5s Jd 3c]
7505b4d8: checks
90298651: bets $1.4
7505b4d8: folds
Uncalled bet ($1.4) returned to 90298651
*** SHOWDOWN ***
90298651 collected $4.38 from pot
*** SUMMARY ***
Total pot $4.71 | Rake $0.23 | Jackpot $0.1 | Bingo $0 | Fortune $0 | Tax $0
Board [5s Jd 3c]
Seat 1: 14266759 (small blind) folded before Flop
Seat 2: 7505b4d8 (big blind) folded on the Flop
Seat 4: 90298651 won ($4.38)
Seat 5: 4aa21b9a folded before Flop
Seat 6: Hero (button) folded before Flop (didn't bet)


Poker Hand #HD1818546267: Hold'em No Limit ($0.05/$0.1) - 2024/06/16 22:07:59
Table 'NLHRed17' 6-max Seat #5 is the button
Seat 1: 14266759 ($10 in chips)
Seat 2: f6b5301e ($11.13 in chips)
Seat 3: d04bf28b ($10.53 in chips)
Seat 4: 90298651 ($18.68 in chips)
Seat 5: 4aa21b9a ($17.28 in chips)
Seat 6: Hero ($11.92 in chips)
Hero: posts small blind $0.05
14266759: posts big blind $0.1
*** HOLE CARDS ***
Dealt to 14266759 
Dealt to f6b5301e 
Dealt to d04bf28b 
Dealt to 90298651 
Dealt to 4aa21b9a 
Dealt to Hero [9h 5c]
f6b5301e: folds
d04bf28b: folds
90298651: folds
4aa21b9a: folds
Hero: folds
Uncalled bet ($0.05) returned to 14266759
*** SHOWDOWN ***
14266759 collected $0.1 from pot
*** SUMMARY ***
Total pot $0.1 | Rake $0 | Jackpot $0 | Bingo $0 | Fortune $0 | Tax $0
Seat 1: 14266759 (big blind) collected ($0.1)
Seat 2: f6b5301e folded before Flop (didn't bet)
Seat 3: d04bf28b folded before Flop (didn't bet)
Seat 4: 90298651 folded before Flop (didn't bet)
Seat 5: 4aa21b9a (button) folded before Flop (didn't bet)
Seat 6: Hero (small blind) folded before Flop


Poker Hand #HD1818546153: Hold'em No Limit ($0.05/$0.1) - 2024/06/16 22:06:42
Table 'NLHRed17' 6-max Seat #4 is the button
Seat 2: f6b5301e ($11.13 in chips)
Seat 3: d04bf28b ($10.53 in chips)
Seat 4: 90298651 ($21.03 in chips)
Seat 5: 4aa21b9a ($15.16 in chips)
Seat 6: Hero ($12.02 in chips)
4aa21b9a: posts small blind $0.05
Hero: posts big blind $0.1
*** HOLE CARDS ***
Dealt to f6b5301e 
Dealt to d04bf28b 
Dealt to 90298651 
Dealt to 4aa21b9a 
Dealt to Hero [Qh 3d]
f6b5301e: folds
d04bf28b: folds
90298651: raises $0.1 to $0.2
4aa21b9a: raises $0.6 to $0.8
Hero: folds
90298651: calls $0.6
*** FLOP *** [2s 7d Qs]
4aa21b9a: bets $0.65
90298651: calls $0.65
*** TURN *** [2s 7d Qs] [8s]
4aa21b9a: checks
90298651: bets $0.9
4aa21b9a: calls $0.9
*** RIVER *** [2s 7d Qs 8s] [5c]
4aa21b9a: checks
90298651: checks
4aa21b9a: shows [9h 9c] (Pair of Nines)
90298651: shows [4d Ad] (Ace-High)
*** SHOWDOWN ***
4aa21b9a collected $4.47 from pot
*** SUMMARY ***
Total pot $4.8 | Rake $0.23 | Jackpot $0.1 | Bingo $0 | Fortune $0 | Tax $0
Board [2s 7d Qs 8s 5c]
Seat 2: f6b5301e folded before Flop (didn't bet)
Seat 3: d04bf28b folded before Flop (didn't bet)
Seat 4: 90298651 (button) showed [4d Ad] and lost with Ace-High
Seat 5: 4aa21b9a (small blind) showed [9h 9c] and won ($4.47) with Pair of Nines
Seat 6: Hero (big blind) folded before Flop


Poker Hand #HD1818546028: Hold'em No Limit ($0.05/$0.1) - 2024/06/16 22:05:16
Table 'NLHRed17' 6-max Seat #3 is the button
Seat 2: f6b5301e ($11.43 in chips)
Seat 3: d04bf28b ($10.11 in chips)
Seat 4: 90298651 ($21.08 in chips)
Seat 5: 4aa21b9a ($15.26 in chips)
Seat 6: Hero ($12.02 in chips)
90298651: posts small blind $0.05
4aa21b9a: posts big blind $0.1
*** HOLE CARDS ***
Dealt to f6b5301e 
Dealt to d04bf28b 
Dealt to 90298651 
Dealt to 4aa21b9a 
Dealt to Hero [7s Qs]
Hero: folds
f6b5301e: raises $0.2 to $0.3
d04bf28b: calls $0.3
90298651: folds
4aa21b9a: folds
*** FLOP *** [9c Ks As]
f6b5301e: checks
d04bf28b: bets $0.38
f6b5301e: folds
Uncalled bet ($0.38) returned to d04bf28b
*** SHOWDOWN ***
d04bf28b collected $0.72 from pot
*** SUMMARY ***
Total pot $0.75 | Rake $0.03 | Jackpot $0 | Bingo $0 | Fortune $0 | Tax $0
Board [9c Ks As]
Seat 2: f6b5301e folded on the Flop
Seat 3: d04bf28b (button) won ($0.72)
Seat 4: 90298651 (small blind) folded before Flop
Seat 5: 4aa21b9a (big blind) folded before Flop
Seat 6: Hero folded before Flop (didn't bet)


Poker Hand #HD1818545926: Hold'em No Limit ($0.05/$0.1) - 2024/06/16 22:04:07
Table 'NLHRed17' 6-max Seat #2 is the button
Seat 1: e5dec58c ($7.84 in chips)
Seat 2: f6b5301e ($11.43 in chips)
Seat 3: d04bf28b ($10.31 in chips)
Seat 4: 90298651 ($21.98 in chips)
Seat 5: 4aa21b9a ($15.26 in chips)
Seat 6: Hero ($11.02 in chips)
d04bf28b: posts small blind $0.05
90298651: posts big blind $0.1
*** HOLE CARDS ***
Dealt to e5dec58c 
Dealt to f6b5301e 
Dealt to d04bf28b 
Dealt to 90298651 
Dealt to 4aa21b9a 
Dealt to Hero [Ad Kh]
4aa21b9a: folds
Hero: raises $0.1 to $0.2
e5dec58c: folds
f6b5301e: folds
d04bf28b: calls $0.15
90298651: raises $0.7 to $0.9
Hero: raises $1.7 to $2.6
d04bf28b: folds
90298651: folds
Uncalled bet ($1.7) returned to Hero
*** SHOWDOWN ***
Hero collected $1.9 from pot
*** SUMMARY ***
Total pot $2 | Rake $0.1 | Jackpot $0 | Bingo $0 | Fortune $0 | Tax $0
Seat 1: e5dec58c folded before Flop (didn't bet)
Seat 2: f6b5301e (button) folded before Flop (didn't bet)
Seat 3: d04bf28b (small blind) folded before Flop
Seat 4: 90298651 (big blind) folded before Flop
Seat 5: 4aa21b9a folded before Flop (didn't bet)
Seat 6: Hero collected ($1.9)


Poker Hand #HD1818545848: Hold'em No Limit ($0.05/$0.1) - 2024/06/16 22:03:16
Table 'NLHRed17' 6-max Seat #1 is the button
Seat 1: e5dec58c ($7.3 in chips)
Seat 2: f6b5301e ($11.48 in chips)
Seat 3: d04bf28b ($10.41 in chips)
Seat 4: 90298651 ($21.98 in chips)
Seat 5: 4aa21b9a ($15.26 in chips)
Seat 6: Hero ($11.46 in chips)
f6b5301e: posts small blind $0.05
d04bf28b: posts big blind $0.1
*** HOLE CARDS ***
Dealt to e5dec58c 
Dealt to f6b5301e 
Dealt to d04bf28b 
Dealt to 90298651 
Dealt to 4aa21b9a 
Dealt to Hero [Kh 7h]
90298651: folds
4aa21b9a: folds
Hero: raises $0.14 to $0.24
e5dec58c: calls $0.24
f6b5301e: folds
d04bf28b: folds
*** FLOP *** [Qh Tc 2s]
Hero: bets $0.2
e5dec58c: calls $0.2
*** TURN *** [Qh Tc 2s] [6s]
Hero: checks
e5dec58c: checks
*** RIVER *** [Qh Tc 2s 6s] [8d]
Hero: checks
e5dec58c: bets $1.03
Hero: folds
Uncalled bet ($1.03) returned to e5dec58c
*** SHOWDOWN ***
e5dec58c collected $0.98 from pot
*** SUMMARY ***
Total pot $1.03 | Rake $0.05 | Jackpot $0 | Bingo $0 | Fortune $0 | Tax $0
Board [Qh Tc 2s 6s 8d]
Seat 1: e5dec58c (button) won ($0.98)
Seat 2: f6b5301e (small blind) folded before Flop
Seat 3: d04bf28b (big blind) folded before Flop
Seat 4: 90298651 folded before Flop (didn't bet)
Seat 5: 4aa21b9a folded before Flop (didn't bet)
Seat 6: Hero folded on the River


Poker Hand #HD1818545754: Hold'em No Limit ($0.05/$0.1) - 2024/06/16 22:02:10
Table 'NLHRed17' 6-max Seat #6 is the button
Seat 1: e5dec58c ($6.93 in chips)
Seat 2: f6b5301e ($11.58 in chips)
Seat 3: d04bf28b ($10.71 in chips)
Seat 4: 90298651 ($21.98 in chips)
Seat 5: 4aa21b9a ($15.26 in chips)
Seat 6: Hero ($11.46 in chips)
e5dec58c: posts small blind $0.05
f6b5301e: posts big blind $0.1
*** HOLE CARDS ***
Dealt to e5dec58c 
Dealt to f6b5301e 
Dealt to d04bf28b 
Dealt to 90298651 
Dealt to 4aa21b9a 
Dealt to Hero [Th 4c]
d04bf28b: raises $0.2 to $0.3
90298651: folds
4aa21b9a: folds
Hero: folds
e5dec58c: calls $0.25
f6b5301e: folds
*** FLOP *** [Jd Jc Kh]
e5dec58c: checks
d04bf28b: checks
*** TURN *** [Jd Jc Kh] [5s]
e5dec58c: checks
d04bf28b: checks
*** RIVER *** [Jd Jc Kh 5s] [Qc]
e5dec58c: bets $1.35
d04bf28b: folds
Uncalled bet ($1.35) returned to e5dec58c
*** SHOWDOWN ***
e5dec58c collected $0.67 from pot
*** SUMMARY ***
Total pot $0.7 | Rake $0.03 | Jackpot $0 | Bingo $0 | Fortune $0 | Tax $0
Board [Jd Jc Kh 5s Qc]
Seat 1: e5dec58c (small blind) won ($0.67)
Seat 2: f6b5301e (big blind) folded before Flop
Seat 3: d04bf28b folded on the River
Seat 4: 90298651 folded before Flop (didn't bet)
Seat 5: 4aa21b9a folded before Flop (didn't bet)
Seat 6: Hero (button) folded before Flop (didn't bet)


Poker Hand #HD1818445627: Hold'em No Limit ($0.05/$0.1) - 2024/06/16 22:00:38
Table 'NLHRed17' 6-max Seat #5 is the button
Seat 1: e5dec58c ($7.18 in chips)
Seat 2: f6b5301e ($11.3 in chips)
Seat 3: d04bf28b ($10.71 in chips)
Seat 4: 90298651 ($21.98 in chips)
Seat 5: 4aa21b9a ($15.26 in chips)
Seat 6: Hero ($11.51 in chips)
Hero: posts small blind $0.05
e5dec58c: posts big blind $0.1
*** HOLE CARDS ***
Dealt to e5dec58c 
Dealt to f6b5301e 
Dealt to d04bf28b 
Dealt to 90298651 
Dealt to 4aa21b9a 
Dealt to Hero [5d 5c]
f6b5301e: raises $0.15 to $0.25
d04bf28b: folds
90298651: folds
4aa21b9a: folds
Hero: folds
e5dec58c: calls $0.15
*** FLOP *** [9c Qd 8c]
e5dec58c: checks
f6b5301e: checks
*** TURN *** [9c Qd 8c] [4h]
e5dec58c: checks
f6b5301e: checks
*** RIVER *** [9c Qd 8c 4h] [Qs]
e5dec58c: checks
f6b5301e: bets $0.31
e5dec58c: folds
Uncalled bet ($0.31) returned to f6b5301e
*** SHOWDOWN ***
f6b5301e collected $0.53 from pot
*** SUMMARY ***
Total pot $0.55 | Rake $0.02 | Jackpot $0 | Bingo $0 | Fortune $0 | Tax $0
Board [9c Qd 8c 4h Qs]
Seat 1: e5dec58c (big blind) folded on the River
Seat 2: f6b5301e won ($0.53)
Seat 3: d04bf28b folded before Flop (didn't bet)
Seat 4: 90298651 folded before Flop (didn't bet)
Seat 5: 4aa21b9a (button) folded before Flop (didn't bet)
Seat 6: Hero (small blind) folded before Flop


Poker Hand #HD1818445521: Hold'em No Limit ($0.05/$0.1) - 2024/06/16 21:59:31
Table 'NLHRed17' 6-max Seat #4 is the button
Seat 1: e5dec58c ($6.95 in chips)
Seat 2: f6b5301e ($11.3 in chips)
Seat 3: d04bf28b ($10.71 in chips)
Seat 4: 90298651 ($21.98 in chips)
Seat 5: 4aa21b9a ($15.31 in chips)
Seat 6: Hero ($11.71 in chips)
4aa21b9a: posts small blind $0.05
Hero: posts big blind $0.1
*** HOLE CARDS ***
Dealt to e5dec58c 
Dealt to f6b5301e 
Dealt to d04bf28b 
Dealt to 90298651 
Dealt to 4aa21b9a 
Dealt to Hero [5h Ks]
e5dec58c: calls $0.1
f6b5301e: folds
d04bf28b: folds
90298651: folds
4aa21b9a: folds
Hero: checks
*** FLOP *** [9h 3s 8d]
Hero: checks
e5dec58c: checks
*** TURN *** [9h 3s 8d] [5d]
Hero: bets $0.1
e5dec58c: calls $0.1
*** RIVER *** [9h 3s 8d 5d] [8h]
Hero: checks
e5dec58c: bets $0.45
Hero: folds
Uncalled bet ($0.45) returned to e5dec58c
*** SHOWDOWN ***
e5dec58c collected $0.43 from pot
*** SUMMARY ***
Total pot $0.45 | Rake $0.02 | Jackpot $0 | Bingo $0 | Fortune $0 | Tax $0
Board [9h 3s 8d 5d 8h]
Seat 1: e5dec58c won ($0.43)
Seat 2: f6b5301e folded before Flop (didn't bet)
Seat 3: d04bf28b folded before Flop (didn't bet)
Seat 4: 90298651 (button) folded before Flop (didn't bet)
Seat 5: 4aa21b9a (small blind) folded before Flop
Seat 6: Hero (big blind) folded on the River


Poker Hand #HD1818445480: Hold'em No Limit ($0.05/$0.1) - 2024/06/16 21:59:03
Table 'NLHRed17' 6-max Seat #3 is the button
Seat 1: e5dec58c ($6.95 in chips)
Seat 2: f6b5301e ($11.3 in chips)
Seat 3: d04bf28b ($10.56 in chips)
Seat 4: 90298651 ($22.03 in chips)
Seat 5: 4aa21b9a ($15.41 in chips)
Seat 6: Hero ($11.71 in chips)
90298651: posts small blind $0.05
4aa21b9a: posts big blind $0.1
*** HOLE CARDS ***
Dealt to e5dec58c 
Dealt to f6b5301e 
Dealt to d04bf28b 
Dealt to 90298651 
Dealt to 4aa21b9a 
Dealt to Hero [7d 5s]
Hero: folds
e5dec58c: folds
f6b5301e: folds
d04bf28b: raises $0.2 to $0.3
90298651: folds
4aa21b9a: folds
Uncalled bet ($0.2) returned to d04bf28b
*** SHOWDOWN ***
d04bf28b collected $0.25 from pot
*** SUMMARY ***
Total pot $0.25 | Rake $0 | Jackpot $0 | Bingo $0 | Fortune $0 | Tax $0
Seat 1: e5dec58c folded before Flop (didn't bet)
Seat 2: f6b5301e folded before Flop (didn't bet)
Seat 3: d04bf28b (button) collected ($0.25)
Seat 4: 90298651 (small blind) folded before Flop
Seat 5: 4aa21b9a (big blind) folded before Flop
Seat 6: Hero folded before Flop (didn't bet)


Poker Hand #HD1818445366: Hold'em No Limit ($0.05/$0.1) - 2024/06/16 21:57:54
Table 'NLHRed17' 6-max Seat #2 is the button
Seat 1: e5dec58c ($6.35 in chips)
Seat 2: f6b5301e ($11.3 in chips)
Seat 3: d04bf28b ($10.61 in chips)
Seat 4: 90298651 ($22.13 in chips)
Seat 5: 4aa21b9a ($15.91 in chips)
Seat 6: Hero ($11.71 in chips)
d04bf28b: posts small blind $0.05
90298651: posts big blind $0.1
*** HOLE CARDS ***
Dealt to e5dec58c 
Dealt to f6b5301e 
Dealt to d04bf28b 
Dealt to 90298651 
Dealt to 4aa21b9a 
Dealt to Hero [Jh Qd]
4aa21b9a: raises $0.1 to $0.2
Hero: folds
e5dec58c: calls $0.2
f6b5301e: folds
d04bf28b: folds
90298651: folds
*** FLOP *** [7c Td Ac]
4aa21b9a: bets $0.3
e5dec58c: calls $0.3
*** TURN *** [7c Td Ac] [4h]
4aa21b9a: checks
e5dec58c: checks
*** RIVER *** [7c Td Ac 4h] [4d]
4aa21b9a: checks
e5dec58c: bets $0.87
4aa21b9a: folds
Uncalled bet ($0.87) returned to e5dec58c
4aa21b9a: shows [Kh Kc] (Pair of Kings and Pair of Fours)
*** SHOWDOWN ***
e5dec58c collected $1.1 from pot
*** SUMMARY ***
Total pot $1.15 | Rake $0.05 | Jackpot $0 | Bingo $0 | Fortune $0 | Tax $0
Board [7c Td Ac 4h 4d]
Seat 1: e5dec58c won ($1.1)
Seat 2: f6b5301e (button) folded before Flop (didn't bet)
Seat 3: d04bf28b (small blind) folded before Flop
Seat 4: 90298651 (big blind) folded before Flop
Seat 5: 4aa21b9a folded on the River
Seat 6: Hero folded before Flop (didn't bet)


Poker Hand #HD1818445272: Hold'em No Limit ($0.05/$0.1) - 2024/06/16 21:57:02
Table 'NLHRed17' 6-max Seat #1 is the button
Seat 1: e5dec58c ($6.95 in chips)
Seat 2: f6b5301e ($11.35 in chips)
Seat 3: d04bf28b ($10.71 in chips)
Seat 4: 90298651 ($22.13 in chips)
Seat 5: 4aa21b9a ($16.11 in chips)
Seat 6: Hero ($10.83 in chips)
f6b5301e: posts small blind $0.05
d04bf28b: posts big blind $0.1
*** HOLE CARDS ***
Dealt to e5dec58c 
Dealt to f6b5301e 
Dealt to d04bf28b 
Dealt to 90298651 
Dealt to 4aa21b9a 
Dealt to Hero [Ts Td]
90298651: folds
4aa21b9a: raises $0.1 to $0.2
Hero: raises $0.4 to $0.6
e5dec58c: calls $0.6
f6b5301e: folds
d04bf28b: folds
4aa21b9a: folds
*** FLOP *** [4h 3c 8s]
Hero: bets $0.52
e5dec58c: folds
Uncalled bet ($0.52) returned to Hero
*** SHOWDOWN ***
Hero collected $1.48 from pot
*** SUMMARY ***
Total pot $1.55 | Rake $0.07 | Jackpot $0 | Bingo $0 | Fortune $0 | Tax $0
Board [4h 3c 8s]
Seat 1: e5dec58c (button) folded on the Flop
Seat 2: f6b5301e (small blind) folded before Flop
Seat 3: d04bf28b (big blind) folded before Flop
Seat 4: 90298651 folded before Flop (didn't bet)
Seat 5: 4aa21b9a folded before Flop
Seat 6: Hero won ($1.48)


Poker Hand #HD1818445143: Hold'em No Limit ($0.05/$0.1) - 2024/06/16 21:55:33
Table 'NLHRed17' 6-max Seat #6 is the button
Seat 1: e5dec58c ($8.55 in chips)
Seat 2: f6b5301e ($10 in chips)
Seat 3: d04bf28b ($10.71 in chips)
Seat 4: 90298651 ($22.13 in chips)
Seat 5: 4aa21b9a ($16.11 in chips)
Seat 6: Hero ($10.83 in chips)
e5dec58c: posts small blind $0.05
f6b5301e: posts big blind $0.1
*** HOLE CARDS ***
Dealt to e5dec58c 
Dealt to f6b5301e 
Dealt to d04bf28b 
Dealt to 90298651 
Dealt to 4aa21b9a 
Dealt to Hero [2s Ad]
d04bf28b: folds
90298651: folds
4aa21b9a: folds
Hero: folds
e5dec58c: raises $0.2 to $0.3
f6b5301e: calls $0.2
*** FLOP *** [6h 7c Jc]
e5dec58c: checks
f6b5301e: bets $0.4
e5dec58c: calls $0.4
*** TURN *** [6h 7c Jc] [5s]
e5dec58c: checks
f6b5301e: bets $0.9
e5dec58c: calls $0.9
*** RIVER *** [6h 7c Jc 5s] [As]
e5dec58c: checks
f6b5301e: checks
e5dec58c: shows [5d 8d] (Pair of Fives)
f6b5301e: shows [Jd Tc] (Pair of Jacks)
*** SHOWDOWN ***
f6b5301e collected $2.95 from pot
*** SUMMARY ***
Total pot $3.2 | Rake $0.15 | Jackpot $0.1 | Bingo $0 | Fortune $0 | Tax $0
Board [6h 7c Jc 5s As]
Seat 1: e5dec58c (small blind) showed [5d 8d] and lost with Pair of Fives
Seat 2: f6b5301e (big blind) showed [Jd Tc] and won ($2.95) with Pair of Jacks
Seat 3: d04bf28b folded before Flop (didn't bet)
Seat 4: 90298651 folded before Flop (didn't bet)
Seat 5: 4aa21b9a folded before Flop (didn't bet)
Seat 6: Hero (button) folded before Flop (didn't bet)


Poker Hand #HD1818445004: Hold'em No Limit ($0.05/$0.1) - 2024/06/16 21:54:06
Table 'NLHRed17' 6-max Seat #5 is the button
Seat 1: e5dec58c ($9.07 in chips)
Seat 3: d04bf28b ($10.19 in chips)
Seat 4: 90298651 ($22.13 in chips)
Seat 5: 4aa21b9a ($16.11 in chips)
Seat 6: Hero ($10.88 in chips)
Hero: posts small blind $0.05
e5dec58c: posts big blind $0.1
*** HOLE CARDS ***
Dealt to e5dec58c 
Dealt to d04bf28b 
Dealt to 90298651 
Dealt to 4aa21b9a 
Dealt to Hero [3c 4h]
d04bf28b: raises $0.2 to $0.3
90298651: folds
4aa21b9a: folds
Hero: folds
e5dec58c: calls $0.2
*** FLOP *** [Ah 5s Jd]
e5dec58c: checks
d04bf28b: bets $0.22
e5dec58c: calls $0.22
*** TURN *** [Ah 5s Jd] [6s]
e5dec58c: checks
d04bf28b: checks
*** RIVER *** [Ah 5s Jd 6s] [Qc]
e5dec58c: checks
d04bf28b: checks
e5dec58c: shows [7h 6h] (Pair of Sixes)
d04bf28b: shows [9s 9c] (Pair of Nines)
*** SHOWDOWN ***
d04bf28b collected $1.04 from pot
*** SUMMARY ***
Total pot $1.09 | Rake $0.05 | Jackpot $0 | Bingo $0 | Fortune $0 | Tax $0
Board [Ah 5s Jd 6s Qc]
Seat 1: e5dec58c (big blind) showed [7h 6h] and lost with Pair of Sixes
Seat 3: d04bf28b showed [9s 9c] and won ($1.04) with Pair of Nines
Seat 4: 90298651 folded before Flop (didn't bet)
Seat 5: 4aa21b9a (button) folded before Flop (didn't bet)
Seat 6: Hero (small blind) folded before Flop


Poker Hand #HD1818444958: Hold'em No Limit ($0.05/$0.1) - 2024/06/16 21:53:38
Table 'NLHRed17' 6-max Seat #4 is the button
Seat 1: e5dec58c ($8.92 in chips)
Seat 3: d04bf28b ($10.19 in chips)
Seat 4: 90298651 ($22.13 in chips)
Seat 5: 4aa21b9a ($16.16 in chips)
Seat 6: Hero ($10.98 in chips)
4aa21b9a: posts small blind $0.05
Hero: posts big blind $0.1
*** HOLE CARDS ***
Dealt to e5dec58c 
Dealt to d04bf28b 
Dealt to 90298651 
Dealt to 4aa21b9a 
Dealt to Hero [5s 3d]
e5dec58c: raises $0.2 to $0.3
d04bf28b: folds
90298651: folds
4aa21b9a: folds
Hero: folds
Uncalled bet ($0.2) returned to e5dec58c
*** SHOWDOWN ***
e5dec58c collected $0.25 from pot
*** SUMMARY ***
Total pot $0.25 | Rake $0 | Jackpot $0 | Bingo $0 | Fortune $0 | Tax $0
Seat 1: e5dec58c collected ($0.25)
Seat 3: d04bf28b folded before Flop (didn't bet)
Seat 4: 90298651 (button) folded before Flop (didn't bet)
Seat 5: 4aa21b9a (small blind) folded before Flop
Seat 6: Hero (big blind) folded before Flop


Poker Hand #HD1818444875: Hold'em No Limit ($0.05/$0.1) - 2024/06/16 21:52:47
Table 'NLHRed17' 6-max Seat #3 is the button
Seat 1: e5dec58c ($9.72 in chips)
Seat 3: d04bf28b ($10.19 in chips)
Seat 4: 90298651 ($22.18 in chips)
Seat 5: 4aa21b9a ($15.39 in chips)
Seat 6: Hero ($10.98 in chips)
90298651: posts small blind $0.05
4aa21b9a: posts big blind $0.1
*** HOLE CARDS ***
Dealt to e5dec58c 
Dealt to d04bf28b 
Dealt to 90298651 
Dealt to 4aa21b9a 
Dealt to Hero [4d 2d]
Hero: folds
e5dec58c: calls $0.1
d04bf28b: folds
90298651: folds
4aa21b9a: checks
*** FLOP *** [Td 4h 9d]
4aa21b9a: checks
e5dec58c: checks
*** TURN *** [Td 4h 9d] [6c]
4aa21b9a: bets $0.2
e5dec58c: calls $0.2
*** RIVER *** [Td 4h 9d 6c] [3d]
4aa21b9a: bets $0.5
e5dec58c: calls $0.5
4aa21b9a: shows [8s 7s] (Tens-High Straight)
e5dec58c: shows [Kh 3s] (Pair of Treys)
*** SHOWDOWN ***
4aa21b9a collected $1.57 from pot
*** SUMMARY ***
Total pot $1.65 | Rake $0.08 | Jackpot $0 | Bingo $0 | Fortune $0 | Tax $0
Board [Td 4h 9d 6c 3d]
Seat 1: e5dec58c showed [Kh 3s] and lost with Pair of Treys
Seat 3: d04bf28b (button) folded before Flop (didn't bet)
Seat 4: 90298651 (small blind) folded before Flop
Seat 5: 4aa21b9a (big blind) showed [8s 7s] and won ($1.57) with Tens-High Straight
Seat 6: Hero folded before Flop (didn't bet)


Poker Hand #HD1818444777: Hold'em No Limit ($0.05/$0.1) - 2024/06/16 21:51:54
Table 'NLHRed17' 6-max Seat #1 is the button
Seat 1: e5dec58c ($10.22 in chips)
Seat 3: d04bf28b ($10.39 in chips)
Seat 4: 90298651 ($22.28 in chips)
Seat 5: 4aa21b9a ($14.65 in chips)
Seat 6: Hero ($10.98 in chips)
d04bf28b: posts small blind $0.05
90298651: posts big blind $0.1
*** HOLE CARDS ***
Dealt to e5dec58c 
Dealt to d04bf28b 
Dealt to 90298651 
Dealt to 4aa21b9a 
Dealt to Hero [7c 8d]
4aa21b9a: raises $0.1 to $0.2
Hero: folds
e5dec58c: calls $0.2
d04bf28b: calls $0.15
90298651: folds
*** FLOP *** [2d 7d Ah]
d04bf28b: checks
4aa21b9a: bets $0.3
e5dec58c: calls $0.3
d04bf28b: folds
*** TURN *** [2d 7d Ah] [8h]
4aa21b9a: bets $1.3
e5dec58c: folds
Uncalled bet ($1.3) returned to 4aa21b9a
*** SHOWDOWN ***
4aa21b9a collected $1.24 from pot
*** SUMMARY ***
Total pot $1.3 | Rake $0.06 | Jackpot $0 | Bingo $0 | Fortune $0 | Tax $0
Board [2d 7d Ah 8h]
Seat 1: e5dec58c (button) folded on the Turn
Seat 3: d04bf28b (small blind) folded on the Flop
Seat 4: 90298651 (big blind) folded before Flop
Seat 5: 4aa21b9a won ($1.24)
Seat 6: Hero folded before Flop (didn't bet)


Poker Hand #HD1818444755: Hold'em No Limit ($0.05/$0.1) - 2024/06/16 21:51:40
Table 'NLHRed17' 6-max Seat #6 is the button
Seat 1: e5dec58c ($10.27 in chips)
Seat 3: d04bf28b ($10.34 in chips)
Seat 4: 90298651 ($22.28 in chips)
Seat 5: 4aa21b9a ($14.65 in chips)
Seat 6: Hero ($10.98 in chips)
e5dec58c: posts small blind $0.05
d04bf28b: posts big blind $0.1
*** HOLE CARDS ***
Dealt to e5dec58c 
Dealt to d04bf28b 
Dealt to 90298651 
Dealt to 4aa21b9a 
Dealt to Hero [Jh 4h]
90298651: folds
4aa21b9a: folds
Hero: folds
e5dec58c: folds
Uncalled bet ($0.05) returned to d04bf28b
*** SHOWDOWN ***
d04bf28b collected $0.1 from pot
*** SUMMARY ***
Total pot $0.1 | Rake $0 | Jackpot $0 | Bingo $0 | Fortune $0 | Tax $0
Seat 1: e5dec58c (small blind) folded before Flop
Seat 3: d04bf28b (big blind) collected ($0.1)
Seat 4: 90298651 folded before Flop (didn't bet)
Seat 5: 4aa21b9a folded before Flop (didn't bet)
Seat 6: Hero (button) folded before Flop (didn't bet)


Poker Hand #HD1818444704: Hold'em No Limit ($0.05/$0.1) - 2024/06/16 21:51:11
Table 'NLHRed17' 6-max Seat #5 is the button
Seat 1: e5dec58c ($10.04 in chips)
Seat 2: a27b8816 ($10.9 in chips)
Seat 3: d04bf28b ($10.34 in chips)
Seat 4: 90298651 ($22.48 in chips)
Seat 5: 4aa21b9a ($14.65 in chips)
Seat 6: Hero ($11.03 in chips)
Hero: posts small blind $0.05
e5dec58c: posts big blind $0.1
*** HOLE CARDS ***
Dealt to e5dec58c 
Dealt to a27b8816 
Dealt to d04bf28b 
Dealt to 90298651 
Dealt to 4aa21b9a 
Dealt to Hero [4d 8s]
a27b8816: folds
d04bf28b: folds
90298651: raises $0.1 to $0.2
4aa21b9a: folds
Hero: folds
e5dec58c: calls $0.1
*** FLOP *** [4c Qd Js]
e5dec58c: bets $0.34
90298651: folds
Uncalled bet ($0.34) returned to e5dec58c
*** SHOWDOWN ***
e5dec58c collected $0.43 from pot
*** SUMMARY ***
Total pot $0.45 | Rake $0.02 | Jackpot $0 | Bingo $0 | Fortune $0 | Tax $0
Board [4c Qd Js]
Seat 1: e5dec58c (big blind) won ($0.43)
Seat 2: a27b8816 folded before Flop (didn't bet)
Seat 3: d04bf28b folded before Flop (didn't bet)
Seat 4: 90298651 folded on the Flop
Seat 5: 4aa21b9a (button) folded before Flop (didn't bet)
Seat 6: Hero (small blind) folded before Flop


Poker Hand #HD1818444648: Hold'em No Limit ($0.05/$0.1) - 2024/06/16 21:50:34
Table 'NLHRed17' 6-max Seat #4 is the button
Seat 1: e5dec58c ($9.9 in chips)
Seat 2: a27b8816 ($10.9 in chips)
Seat 3: d04bf28b ($10.34 in chips)
Seat 4: 90298651 ($22.48 in chips)
Seat 5: 4aa21b9a ($14.7 in chips)
Seat 6: Hero ($11.13 in chips)
4aa21b9a: posts small blind $0.05
Hero: posts big blind $0.1
*** HOLE CARDS ***
Dealt to e5dec58c 
Dealt to a27b8816 
Dealt to d04bf28b 
Dealt to 90298651 
Dealt to 4aa21b9a 
Dealt to Hero [Js 2c]
e5dec58c: calls $0.1
a27b8816: folds
d04bf28b: folds
90298651: folds
4aa21b9a: folds
Hero: checks
*** FLOP *** [4d 5c 5d]
Hero: checks
e5dec58c: bets $0.19
Hero: folds
Uncalled bet ($0.19) returned to e5dec58c
*** SHOWDOWN ***
e5dec58c collected $0.24 from pot
*** SUMMARY ***
Total pot $0.25 | Rake $0.01 | Jackpot $0 | Bingo $0 | Fortune $0 | Tax $0
Board [4d 5c 5d]
Seat 1: e5dec58c won ($0.24)
Seat 2: a27b8816 folded before Flop (didn't bet)
Seat 3: d04bf28b folded before Flop (didn't bet)
Seat 4: 90298651 (button) folded before Flop (didn't bet)
Seat 5: 4aa21b9a (small blind) folded before Flop
Seat 6: Hero (big blind) folded on the Flop


Poker Hand #HD1818444615: Hold'em No Limit ($0.05/$0.1) - 2024/06/16 21:50:11
Table 'NLHRed17' 6-max Seat #3 is the button
Seat 1: e5dec58c ($10 in chips)
Seat 2: a27b8816 ($10.9 in chips)
Seat 3: d04bf28b ($10.1 in chips)
Seat 4: 90298651 ($22.53 in chips)
Seat 5: 4aa21b9a ($14.8 in chips)
Seat 6: Hero ($11.13 in chips)
90298651: posts small blind $0.05
4aa21b9a: posts big blind $0.1
e5dec58c: posts big blind $0.1
*** HOLE CARDS ***
Dealt to e5dec58c 
Dealt to a27b8816 
Dealt to d04bf28b 
Dealt to 90298651 
Dealt to 4aa21b9a 
Dealt to Hero [7d 3h]
Hero: folds
e5dec58c: checks
a27b8816: folds
d04bf28b: raises $0.27 to $0.37
90298651: folds
4aa21b9a: folds
e5dec58c: folds
Uncalled bet ($0.27) returned to d04bf28b
*** SHOWDOWN ***
d04bf28b collected $0.34 from pot
*** SUMMARY ***
Total pot $0.35 | Rake $0.01 | Jackpot $0 | Bingo $0 | Fortune $0 | Tax $0
Seat 1: e5dec58c folded before Flop
Seat 2: a27b8816 folded before Flop (didn't bet)
Seat 3: d04bf28b (button) collected ($0.34)
Seat 4: 90298651 (small blind) folded before Flop
Seat 5: 4aa21b9a (big blind) folded before Flop
Seat 6: Hero folded before Flop (didn't bet)


Poker Hand #HD1818444538: Hold'em No Limit ($0.05/$0.1) - 2024/06/16 21:49:29
Table 'NLHRed17' 6-max Seat #2 is the button
Seat 2: a27b8816 ($11.1 in chips)
Seat 3: d04bf28b ($10.15 in chips)
Seat 4: 90298651 ($22.3 in chips)
Seat 5: 4aa21b9a ($14.8 in chips)
Seat 6: Hero ($11.13 in chips)
d04bf28b: posts small blind $0.05
90298651: posts big blind $0.1
*** HOLE CARDS ***
Dealt to a27b8816 
Dealt to d04bf28b 
Dealt to 90298651 
Dealt to 4aa21b9a 
Dealt to Hero [6c Tc]
4aa21b9a: folds
Hero: folds
a27b8816: raises $0.1 to $0.2
d04bf28b: folds
90298651: calls $0.1
*** FLOP *** [6h 4d Jh]
90298651: bets $0.15
a27b8816: folds
Uncalled bet ($0.15) returned to 90298651
*** SHOWDOWN ***
90298651 collected $0.43 from pot
*** SUMMARY ***
Total pot $0.45 | Rake $0.02 | Jackpot $0 | Bingo $0 | Fortune $0 | Tax $0
Board [6h 4d Jh]
Seat 2: a27b8816 (button) folded on the Flop
Seat 3: d04bf28b (small blind) folded before Flop
Seat 4: 90298651 (big blind) won ($0.43)
Seat 5: 4aa21b9a folded before Flop (didn't bet)
Seat 6: Hero folded before Flop (didn't bet)


Poker Hand #HD1818444417: Hold'em No Limit ($0.05/$0.1) - 2024/06/16 21:48:19
Table 'NLHRed17' 6-max Seat #6 is the button
Seat 1: 14aaaa53 ($10 in chips)
Seat 2: a27b8816 ($11.2 in chips)
Seat 3: d04bf28b ($10.15 in chips)
Seat 4: 90298651 ($22.3 in chips)
Seat 5: 4aa21b9a ($11.46 in chips)
Seat 6: Hero ($11.13 in chips)
14aaaa53: posts small blind $0.05
a27b8816: posts big blind $0.1
*** HOLE CARDS ***
Dealt to 14aaaa53 
Dealt to a27b8816 
Dealt to d04bf28b 
Dealt to 90298651 
Dealt to 4aa21b9a 
Dealt to Hero [2c Kh]
d04bf28b: folds
90298651: folds
4aa21b9a: raises $0.2 to $0.3
Hero: folds
14aaaa53: raises $0.9 to $1.2
a27b8816: folds
4aa21b9a: calls $0.9
*** FLOP *** [9h 3s Qc]
14aaaa53: bets $0.63
4aa21b9a: calls $0.63
*** TURN *** [9h 3s Qc] [7c]
14aaaa53: bets $1.88
4aa21b9a: raises $1.88 to $3.76
14aaaa53: folds
Uncalled bet ($1.88) returned to 4aa21b9a
*** SHOWDOWN ***
4aa21b9a collected $7.05 from pot
*** SUMMARY ***
Total pot $7.52 | Rake $0.37 | Jackpot $0.1 | Bingo $0 | Fortune $0 | Tax $0
Board [9h 3s Qc 7c]
Seat 1: 14aaaa53 (small blind) folded on the Turn
Seat 2: a27b8816 (big blind) folded before Flop
Seat 3: d04bf28b folded before Flop (didn't bet)
Seat 4: 90298651 folded before Flop (didn't bet)
Seat 5: 4aa21b9a won ($7.05)
Seat 6: Hero (button) folded before Flop (didn't bet)


Poker Hand #HD1818444319: Hold'em No Limit ($0.05/$0.1) - 2024/06/16 21:47:19
Table 'NLHRed17' 6-max Seat #5 is the button
Seat 1: 14aaaa53 ($10 in chips)
Seat 2: a27b8816 ($11.2 in chips)
Seat 3: d04bf28b ($9.02 in chips)
Seat 4: 90298651 ($22.3 in chips)
Seat 5: 4aa21b9a ($11.46 in chips)
Seat 6: Hero ($11.18 in chips)
Hero: posts small blind $0.05
14aaaa53: posts big blind $0.1
*** HOLE CARDS ***
Dealt to 14aaaa53 
Dealt to a27b8816 
Dealt to d04bf28b 
Dealt to 90298651 
Dealt to 4aa21b9a 
Dealt to Hero [Ks Qh]
a27b8816: folds
d04bf28b: raises $0.2 to $0.3
90298651: folds
4aa21b9a: folds
Hero: folds
14aaaa53: raises $0.9 to $1.2
d04bf28b: raises $7.82 to $9.02 and is all-in
14aaaa53: folds
Uncalled bet ($7.82) returned to d04bf28b
*** SHOWDOWN ***
d04bf28b collected $2.33 from pot
*** SUMMARY ***
Total pot $2.45 | Rake $0.12 | Jackpot $0 | Bingo $0 | Fortune $0 | Tax $0
Seat 1: 14aaaa53 (big blind) folded before Flop
Seat 2: a27b8816 folded before Flop (didn't bet)
Seat 3: d04bf28b collected ($2.33)
Seat 4: 90298651 folded before Flop (didn't bet)
Seat 5: 4aa21b9a (button) folded before Flop (didn't bet)
Seat 6: Hero (small blind) folded before Flop


Poker Hand #HD1818444177: Hold'em No Limit ($0.05/$0.1) - 2024/06/16 21:45:48
Table 'NLHRed17' 6-max Seat #4 is the button
Seat 1: 14aaaa53 ($10.13 in chips)
Seat 2: a27b8816 ($10 in chips)
Seat 3: d04bf28b ($9.22 in chips)
Seat 4: 90298651 ($22.3 in chips)
Seat 5: 4aa21b9a ($11.51 in chips)
Seat 6: Hero ($11.28 in chips)
4aa21b9a: posts small blind $0.05
Hero: posts big blind $0.1
*** HOLE CARDS ***
Dealt to 14aaaa53 
Dealt to a27b8816 
Dealt to d04bf28b 
Dealt to 90298651 
Dealt to 4aa21b9a 
Dealt to Hero [Kd 3d]
14aaaa53: raises $0.1 to $0.2
a27b8816: calls $0.2
d04bf28b: calls $0.2
90298651: folds
4aa21b9a: folds
Hero: folds
*** FLOP *** [Kc 4h 4s]
14aaaa53: checks
a27b8816: bets $0.19
d04bf28b: folds
14aaaa53: calls $0.19
*** TURN *** [Kc 4h 4s] [4c]
14aaaa53: checks
a27b8816: bets $0.57
14aaaa53: calls $0.57
*** RIVER *** [Kc 4h 4s 4c] [6h]
14aaaa53: checks
a27b8816: checks
14aaaa53: shows [Js As] (Three Fours)
a27b8816: shows [5s 5d] (Fours Full over Fives)
*** SHOWDOWN ***
a27b8816 collected $2.16 from pot
*** SUMMARY ***
Total pot $2.27 | Rake $0.11 | Jackpot $0 | Bingo $0 | Fortune $0 | Tax $0
Board [Kc 4h 4s 4c 6h]
Seat 1: 14aaaa53 showed [Js As] and lost with Three Fours
Seat 2: a27b8816 showed [5s 5d] and won ($2.16) with Fours Full over Fives
Seat 3: d04bf28b folded on the Flop
Seat 4: 90298651 (button) folded before Flop (didn't bet)
Seat 5: 4aa21b9a (small blind) folded before Flop
Seat 6: Hero (big blind) folded before Flop


Poker Hand #HD1818444082: Hold'em No Limit ($0.05/$0.1) - 2024/06/16 21:44:56
Table 'NLHRed17' 6-max Seat #3 is the button
Seat 1: 14aaaa53 ($10.33 in chips)
Seat 2: a27b8816 ($10 in chips)
Seat 3: d04bf28b ($9.22 in chips)
Seat 4: 90298651 ($22.35 in chips)
Seat 5: 4aa21b9a ($11.28 in chips)
Seat 6: Hero ($11.28 in chips)
90298651: posts small blind $0.05
4aa21b9a: posts big blind $0.1
*** HOLE CARDS ***
Dealt to 14aaaa53 
Dealt to a27b8816 
Dealt to d04bf28b 
Dealt to 90298651 
Dealt to 4aa21b9a 
Dealt to Hero [6c Tc]
Hero: folds
14aaaa53: raises $0.1 to $0.2
a27b8816: folds
d04bf28b: folds
90298651: folds
4aa21b9a: calls $0.1
*** FLOP *** [2c 2h 7h]
4aa21b9a: checks
14aaaa53: checks
*** TURN *** [2c 2h 7h] [5d]
4aa21b9a: bets $0.25
14aaaa53: folds
Uncalled bet ($0.25) returned to 4aa21b9a
*** SHOWDOWN ***
4aa21b9a collected $0.43 from pot
*** SUMMARY ***
Total pot $0.45 | Rake $0.02 | Jackpot $0 | Bingo $0 | Fortune $0 | Tax $0
Board [2c 2h 7h 5d]
Seat 1: 14aaaa53 folded on the Turn
Seat 2: a27b8816 folded before Flop (didn't bet)
Seat 3: d04bf28b (button) folded before Flop (didn't bet)
Seat 4: 90298651 (small blind) folded before Flop
Seat 5: 4aa21b9a (big blind) won ($0.43)
Seat 6: Hero folded before Flop (didn't bet)


Poker Hand #HD1818444048: Hold'em No Limit ($0.05/$0.1) - 2024/06/16 21:44:32
Table 'NLHRed17' 6-max Seat #2 is the button
Seat 1: 14aaaa53 ($10.33 in chips)
Seat 2: a27b8816 ($10 in chips)
Seat 3: d04bf28b ($9.12 in chips)
Seat 4: 90298651 ($22.45 in chips)
Seat 5: 4aa21b9a ($11.28 in chips)
Seat 6: Hero ($11.28 in chips)
d04bf28b: posts small blind $0.05
90298651: posts big blind $0.1
*** HOLE CARDS ***
Dealt to 14aaaa53 
Dealt to a27b8816 
Dealt to d04bf28b 
Dealt to 90298651 
Dealt to 4aa21b9a 
Dealt to Hero [4d Qd]
4aa21b9a: folds
Hero: folds
14aaaa53: folds
a27b8816: folds
d04bf28b: raises $0.2 to $0.3
90298651: folds
Uncalled bet ($0.2) returned to d04bf28b
*** SHOWDOWN ***
d04bf28b collected $0.2 from pot
*** SUMMARY ***
Total pot $0.2 | Rake $0 | Jackpot $0 | Bingo $0 | Fortune $0 | Tax $0
Seat 1: 14aaaa53 folded before Flop (didn't bet)
Seat 2: a27b8816 (button) folded before Flop (didn't bet)
Seat 3: d04bf28b (small blind) collected ($0.2)
Seat 4: 90298651 (big blind) folded before Flop
Seat 5: 4aa21b9a folded before Flop (didn't bet)
Seat 6: Hero folded before Flop (didn't bet)


Poker Hand #HD1818444002: Hold'em No Limit ($0.05/$0.1) - 2024/06/16 21:44:11
Table 'NLHRed17' 6-max Seat #1 is the button
Seat 1: 14aaaa53 ($10.33 in chips)
Seat 2: a27b8816 ($10 in chips)
Seat 3: d04bf28b ($9.07 in chips)
Seat 4: 90298651 ($22.45 in chips)
Seat 5: 4aa21b9a ($11.28 in chips)
Seat 6: Hero ($11.28 in chips)
a27b8816: posts small blind $0.05
d04bf28b: posts big blind $0.1
*** HOLE CARDS ***
Dealt to 14aaaa53 
Dealt to a27b8816 
Dealt to d04bf28b 
Dealt to 90298651 
Dealt to 4aa21b9a 
Dealt to Hero [2d 4d]
90298651: folds
4aa21b9a: folds
Hero: folds
14aaaa53: folds
a27b8816: folds
Uncalled bet ($0.05) returned to d04bf28b
*** SHOWDOWN ***
d04bf28b collected $0.1 from pot
*** SUMMARY ***
Total pot $0.1 | Rake $0 | Jackpot $0 | Bingo $0 | Fortune $0 | Tax $0
Seat 1: 14aaaa53 (button) folded before Flop (didn't bet)
Seat 2: a27b8816 (small blind) folded before Flop
Seat 3: d04bf28b (big blind) collected ($0.1)
Seat 4: 90298651 folded before Flop (didn't bet)
Seat 5: 4aa21b9a folded before Flop (didn't bet)
Seat 6: Hero folded before Flop (didn't bet)


Poker Hand #HD1818443904: Hold'em No Limit ($0.05/$0.1) - 2024/06/16 21:43:12
Table 'NLHRed17' 6-max Seat #6 is the button
Seat 1: 14aaaa53 ($10.38 in chips)
Seat 2: a27b8816 ($10.23 in chips)
Seat 3: d04bf28b ($9.07 in chips)
Seat 4: 90298651 ($22.45 in chips)
Seat 5: 4aa21b9a ($10.96 in chips)
Seat 6: Hero ($11.28 in chips)
14aaaa53: posts small blind $0.05
a27b8816: posts big blind $0.1
*** HOLE CARDS ***
Dealt to 14aaaa53 
Dealt to a27b8816 
Dealt to d04bf28b 
Dealt to 90298651 
Dealt to 4aa21b9a 
Dealt to Hero [Jc 9c]
d04bf28b: folds
90298651: folds
4aa21b9a: raises $0.1 to $0.2
Hero: folds
14aaaa53: folds
a27b8816: calls $0.1
*** FLOP *** [Qc Ts 7d]
a27b8816: bets $0.1
4aa21b9a: calls $0.1
*** TURN *** [Qc Ts 7d] [2d]
a27b8816: checks
4aa21b9a: bets $0.85
a27b8816: folds
Uncalled bet ($0.85) returned to 4aa21b9a
*** SHOWDOWN ***
4aa21b9a collected $0.62 from pot
*** SUMMARY ***
Total pot $0.65 | Rake $0.03 | Jackpot $0 | Bingo $0 | Fortune $0 | Tax $0
Board [Qc Ts 7d 2d]
Seat 1: 14aaaa53 (small blind) folded before Flop
Seat 2: a27b8816 (big blind) folded on the Turn
Seat 3: d04bf28b folded before Flop (didn't bet)
Seat 4: 90298651 folded before Flop (didn't bet)
Seat 5: 4aa21b9a won ($0.62)
Seat 6: Hero (button) folded before Flop (didn't bet)


Poker Hand #HD1818443816: Hold'em No Limit ($0.05/$0.1) - 2024/06/16 21:42:20
Table 'NLHRed17' 6-max Seat #5 is the button
Seat 1: 14aaaa53 ($10.48 in chips)
Seat 2: a27b8816 ($10.23 in chips)
Seat 3: d04bf28b ($9.97 in chips)
Seat 4: 90298651 ($22.45 in chips)
Seat 5: 4aa21b9a ($10 in chips)
Seat 6: Hero ($11.33 in chips)
Hero: posts small blind $0.05
14aaaa53: posts big blind $0.1
*** HOLE CARDS ***
Dealt to 14aaaa53 
Dealt to a27b8816 
Dealt to d04bf28b 
Dealt to 90298651 
Dealt to 4aa21b9a 
Dealt to Hero [8s 6s]
a27b8816: folds
d04bf28b: raises $0.2 to $0.3
90298651: folds
4aa21b9a: raises $0.6 to $0.9
Hero: folds
14aaaa53: folds
d04bf28b: calls $0.6
*** FLOP *** [Jh Ad 9d]
d04bf28b: checks
4aa21b9a: bets $0.6
d04bf28b: folds
Uncalled bet ($0.6) returned to 4aa21b9a
*** SHOWDOWN ***
4aa21b9a collected $1.86 from pot
*** SUMMARY ***
Total pot $1.95 | Rake $0.09 | Jackpot $0 | Bingo $0 | Fortune $0 | Tax $0
Board [Jh Ad 9d]
Seat 1: 14aaaa53 (big blind) folded before Flop
Seat 2: a27b8816 folded before Flop (didn't bet)
Seat 3: d04bf28b folded on the Flop
Seat 4: 90298651 folded before Flop (didn't bet)
Seat 5: 4aa21b9a (button) won ($1.86)
Seat 6: Hero (small blind) folded before Flop


Poker Hand #HD1818443724: Hold'em No Limit ($0.05/$0.1) - 2024/06/16 21:41:24
Table 'NLHRed17' 6-max Seat #4 is the button
Seat 1: 14aaaa53 ($10.15 in chips)
Seat 2: a27b8816 ($10.23 in chips)
Seat 3: d04bf28b ($10.17 in chips)
Seat 4: 90298651 ($22.45 in chips)
Seat 5: 4aa21b9a ($10.05 in chips)
Seat 6: Hero ($11.43 in chips)
4aa21b9a: posts small blind $0.05
Hero: posts big blind $0.1
*** HOLE CARDS ***
Dealt to 14aaaa53 
Dealt to a27b8816 
Dealt to d04bf28b 
Dealt to 90298651 
Dealt to 4aa21b9a 
Dealt to Hero [4h 2c]
14aaaa53: raises $0.1 to $0.2
a27b8816: folds
d04bf28b: calls $0.2
90298651: folds
4aa21b9a: folds
Hero: folds
*** FLOP *** [4s Qh Ad]
14aaaa53: bets $0.28
d04bf28b: folds
Uncalled bet ($0.28) returned to 14aaaa53
*** SHOWDOWN ***
14aaaa53 collected $0.53 from pot
*** SUMMARY ***
Total pot $0.55 | Rake $0.02 | Jackpot $0 | Bingo $0 | Fortune $0 | Tax $0
Board [4s Qh Ad]
Seat 1: 14aaaa53 won ($0.53)
Seat 2: a27b8816 folded before Flop (didn't bet)
Seat 3: d04bf28b folded on the Flop
Seat 4: 90298651 (button) folded before Flop (didn't bet)
Seat 5: 4aa21b9a (small blind) folded before Flop
Seat 6: Hero (big blind) folded before Flop


Poker Hand #HD1818443682: Hold'em No Limit ($0.05/$0.1) - 2024/06/16 21:41:00
Table 'NLHRed17' 6-max Seat #3 is the button
Seat 1: 14aaaa53 ($10.15 in chips)
Seat 2: a27b8816 ($10.23 in chips)
Seat 3: d04bf28b ($10.17 in chips)
Seat 4: 90298651 ($22.5 in chips)
Seat 5: 4aa21b9a ($10 in chips)
Seat 6: Hero ($11.43 in chips)
90298651: posts small blind $0.05
4aa21b9a: posts big blind $0.1
*** HOLE CARDS ***
Dealt to 14aaaa53 
Dealt to a27b8816 
Dealt to d04bf28b 
Dealt to 90298651 
Dealt to 4aa21b9a 
Dealt to Hero [Kh 3s]
Hero: folds
14aaaa53: folds
a27b8816: folds
d04bf28b: folds
90298651: folds
Uncalled bet ($0.05) returned to 4aa21b9a
*** SHOWDOWN ***
4aa21b9a collected $0.1 from pot
*** SUMMARY ***
Total pot $0.1 | Rake $0 | Jackpot $0 | Bingo $0 | Fortune $0 | Tax $0
Seat 1: 14aaaa53 folded before Flop (didn't bet)
Seat 2: a27b8816 folded before Flop (didn't bet)
Seat 3: d04bf28b (button) folded before Flop (didn't bet)
Seat 4: 90298651 (small blind) folded before Flop
Seat 5: 4aa21b9a (big blind) collected ($0.1)
Seat 6: Hero folded before Flop (didn't bet)


Poker Hand #HD1818443616: Hold'em No Limit ($0.05/$0.1) - 2024/06/16 21:40:23
Table 'NLHRed17' 6-max Seat #2 is the button
Seat 1: 14aaaa53 ($10.15 in chips)
Seat 2: a27b8816 ($10 in chips)
Seat 3: d04bf28b ($10.22 in chips)
Seat 4: 90298651 ($22.7 in chips)
Seat 5: 4aa21b9a ($10 in chips)
Seat 6: Hero ($11.43 in chips)
d04bf28b: posts small blind $0.05
90298651: posts big blind $0.1
*** HOLE CARDS ***
Dealt to 14aaaa53 
Dealt to a27b8816 
Dealt to d04bf28b 
Dealt to 90298651 
Dealt to 4aa21b9a 
Dealt to Hero [6s 7d]
4aa21b9a: folds
Hero: folds
14aaaa53: folds
a27b8816: raises $0.1 to $0.2
d04bf28b: folds
90298651: calls $0.1
*** FLOP *** [2h 2c 5s]
90298651: checks
a27b8816: bets $0.45
90298651: folds
Uncalled bet ($0.45) returned to a27b8816
*** SHOWDOWN ***
a27b8816 collected $0.43 from pot
*** SUMMARY ***
Total pot $0.45 | Rake $0.02 | Jackpot $0 | Bingo $0 | Fortune $0 | Tax $0
Board [2h 2c 5s]
Seat 1: 14aaaa53 folded before Flop (didn't bet)
Seat 2: a27b8816 (button) won ($0.43)
Seat 3: d04bf28b (small blind) folded before Flop
Seat 4: 90298651 (big blind) folded on the Flop
Seat 5: 4aa21b9a folded before Flop (didn't bet)
Seat 6: Hero folded before Flop (didn't bet)


Poker Hand #HD1818443581: Hold'em No Limit ($0.05/$0.1) - 2024/06/16 21:39:59
Table 'NLHRed17' 6-max Seat #1 is the button
Seat 1: 14aaaa53 ($10 in chips)
Seat 2: a27b8816 ($10 in chips)
Seat 3: d04bf28b ($10.32 in chips)
Seat 4: 90298651 ($22.7 in chips)
Seat 5: 4aa21b9a ($10 in chips)
Seat 6: Hero ($11.43 in chips)
a27b8816: posts small blind $0.05
d04bf28b: posts big blind $0.1
*** HOLE CARDS ***
Dealt to 14aaaa53 
Dealt to a27b8816 
Dealt to d04bf28b 
Dealt to 90298651 
Dealt to 4aa21b9a 
Dealt to Hero [Tc 7s]
90298651: folds
4aa21b9a: folds
Hero: folds
14aaaa53: raises $0.2 to $0.3
a27b8816: folds
d04bf28b: folds
Uncalled bet ($0.2) returned to 14aaaa53
*** SHOWDOWN ***
14aaaa53 collected $0.25 from pot
*** SUMMARY ***
Total pot $0.25 | Rake $0 | Jackpot $0 | Bingo $0 | Fortune $0 | Tax $0
Seat 1: 14aaaa53 (button) collected ($0.25)
Seat 2: a27b8816 (small blind) folded before Flop
Seat 3: d04bf28b (big blind) folded before Flop
Seat 4: 90298651 folded before Flop (didn't bet)
Seat 5: 4aa21b9a folded before Flop (didn't bet)
Seat 6: Hero folded before Flop (didn't bet)


Poker Hand #HD1818443538: Hold'em No Limit ($0.05/$0.1) - 2024/06/16 21:39:36
Table 'NLHRed17' 6-max Seat #6 is the button
Seat 1: 14aaaa53 ($10 in chips)
Seat 2: a27b8816 ($10 in chips)
Seat 3: d04bf28b ($10.32 in chips)
Seat 4: 90298651 ($22.7 in chips)
Seat 5: 4aa21b9a ($10 in chips)
Seat 6: Hero ($11.28 in chips)
14aaaa53: posts small blind $0.05
a27b8816: posts big blind $0.1
*** HOLE CARDS ***
Dealt to 14aaaa53 
Dealt to a27b8816 
Dealt to d04bf28b 
Dealt to 90298651 
Dealt to 4aa21b9a 
Dealt to Hero [9s Tc]
d04bf28b: folds
90298651: folds
4aa21b9a: folds
Hero: raises $0.14 to $0.24
14aaaa53: folds
a27b8816: folds
Uncalled bet ($0.14) returned to Hero
*** SHOWDOWN ***
Hero collected $0.25 from pot
*** SUMMARY ***
Total pot $0.25 | Rake $0 | Jackpot $0 | Bingo $0 | Fortune $0 | Tax $0
Seat 1: 14aaaa53 (small blind) folded before Flop
Seat 2: a27b8816 (big blind) folded before Flop
Seat 3: d04bf28b folded before Flop (didn't bet)
Seat 4: 90298651 folded before Flop (didn't bet)
Seat 5: 4aa21b9a folded before Flop (didn't bet)
Seat 6: Hero (button) collected ($0.25)


Poker Hand #HD1818443496: Hold'em No Limit ($0.05/$0.1) - 2024/06/16 21:39:12
Table 'NLHRed17' 6-max Seat #5 is the button
Seat 1: 14aaaa53 ($10 in chips)
Seat 2: a27b8816 ($10 in chips)
Seat 3: d04bf28b ($10.32 in chips)
Seat 4: 90298651 ($22.55 in chips)
Seat 5: 4aa21b9a ($10 in chips)
Seat 6: Hero ($11.33 in chips)
Hero: posts small blind $0.05
14aaaa53: posts big blind $0.1
*** HOLE CARDS ***
Dealt to 14aaaa53 
Dealt to a27b8816 
Dealt to d04bf28b 
Dealt to 90298651 
Dealt to 4aa21b9a 
Dealt to Hero [7c Ad]
a27b8816: folds
d04bf28b: folds
90298651: raises $0.1 to $0.2
4aa21b9a: folds
Hero: folds
14aaaa53: folds
Uncalled bet ($0.1) returned to 90298651
*** SHOWDOWN ***
90298651 collected $0.25 from pot
*** SUMMARY ***
Total pot $0.25 | Rake $0 | Jackpot $0 | Bingo $0 | Fortune $0 | Tax $0
Seat 1: 14aaaa53 (big blind) folded before Flop
Seat 2: a27b8816 folded before Flop (didn't bet)
Seat 3: d04bf28b folded before Flop (didn't bet)
Seat 4: 90298651 collected ($0.25)
Seat 5: 4aa21b9a (button) folded before Flop (didn't bet)
Seat 6: Hero (small blind) folded before Flop


Poker Hand #HD1818443405: Hold'em No Limit ($0.05/$0.1) - 2024/06/16 21:38:20
Table 'NLHRed17' 6-max Seat #4 is the button
Seat 2: a27b8816 ($10 in chips)
Seat 3: d04bf28b ($10 in chips)
Seat 4: 90298651 ($22.55 in chips)
Seat 5: 4aa21b9a ($10.05 in chips)
Seat 6: Hero ($11.63 in chips)
4aa21b9a: posts small blind $0.05
Hero: posts big blind $0.1
*** HOLE CARDS ***
Dealt to a27b8816 
Dealt to d04bf28b 
Dealt to 90298651 
Dealt to 4aa21b9a 
Dealt to Hero [6c 5c]
a27b8816: folds
d04bf28b: raises $0.2 to $0.3
90298651: folds
4aa21b9a: folds
Hero: calls $0.2
*** FLOP *** [As 5d Kc]
Hero: checks
d04bf28b: checks
*** TURN *** [As 5d Kc] [3h]
Hero: checks
d04bf28b: checks
*** RIVER *** [As 5d Kc 3h] [8c]
Hero: checks
d04bf28b: checks
Hero: shows [6c 5c] (Pair of Fives)
d04bf28b: shows [Qh Qc] (Pair of Queens)
*** SHOWDOWN ***
d04bf28b collected $0.62 from pot
*** SUMMARY ***
Total pot $0.65 | Rake $0.03 | Jackpot $0 | Bingo $0 | Fortune $0 | Tax $0
Board [As 5d Kc 3h 8c]
Seat 2: a27b8816 folded before Flop (didn't bet)
Seat 3: d04bf28b showed [Qh Qc] and won ($0.62) with Pair of Queens
Seat 4: 90298651 (button) folded before Flop (didn't bet)
Seat 5: 4aa21b9a (small blind) folded before Flop
Seat 6: Hero (big blind) showed [6c 5c] and lost with Pair of Fives


Poker Hand #HD1818443311: Hold'em No Limit ($0.05/$0.1) - 2024/06/16 21:37:26
Table 'NLHRed17' 6-max Seat #3 is the button
Seat 2: a27b8816 ($10 in chips)
Seat 3: d04bf28b ($9.85 in chips)
Seat 4: 90298651 ($22.6 in chips)
Seat 5: 4aa21b9a ($10.15 in chips)
Seat 6: Hero ($11.63 in chips)
90298651: posts small blind $0.05
4aa21b9a: posts big blind $0.1
*** HOLE CARDS ***
Dealt to a27b8816 
Dealt to d04bf28b 
Dealt to 90298651 
Dealt to 4aa21b9a 
Dealt to Hero [2c Ks]
Hero: folds
a27b8816: folds
d04bf28b: raises $0.2 to $0.3
90298651: folds
4aa21b9a: folds
Uncalled bet ($0.2) returned to d04bf28b
*** SHOWDOWN ***
d04bf28b collected $0.25 from pot
*** SUMMARY ***
Total pot $0.25 | Rake $0 | Jackpot $0 | Bingo $0 | Fortune $0 | Tax $0
Seat 2: a27b8816 folded before Flop (didn't bet)
Seat 3: d04bf28b (button) collected ($0.25)
Seat 4: 90298651 (small blind) folded before Flop
Seat 5: 4aa21b9a (big blind) folded before Flop
Seat 6: Hero folded before Flop (didn't bet)


Poker Hand #HD1818443277: Hold'em No Limit ($0.05/$0.1) - 2024/06/16 21:37:07
Table 'NLHRed17' 6-max Seat #2 is the button
Seat 2: a27b8816 ($10 in chips)
Seat 3: d04bf28b ($9.9 in chips)
Seat 4: 90298651 ($22.7 in chips)
Seat 5: 4aa21b9a ($10.15 in chips)
Seat 6: Hero ($11.48 in chips)
d04bf28b: posts small blind $0.05
90298651: posts big blind $0.1
*** HOLE CARDS ***
Dealt to a27b8816 
Dealt to d04bf28b 
Dealt to 90298651 
Dealt to 4aa21b9a 
Dealt to Hero [As Tc]
4aa21b9a: folds
Hero: raises $0.14 to $0.24
a27b8816: folds
d04bf28b: folds
90298651: folds
Uncalled bet ($0.14) returned to Hero
*** SHOWDOWN ***
Hero collected $0.25 from pot
*** SUMMARY ***
Total pot $0.25 | Rake $0 | Jackpot $0 | Bingo $0 | Fortune $0 | Tax $0
Seat 2: a27b8816 (button) folded before Flop (didn't bet)
Seat 3: d04bf28b (small blind) folded before Flop
Seat 4: 90298651 (big blind) folded before Flop
Seat 5: 4aa21b9a folded before Flop (didn't bet)
Seat 6: Hero collected ($0.25)


Poker Hand #HD1818443217: Hold'em No Limit ($0.05/$0.1) - 2024/06/16 21:36:30
Table 'NLHRed17' 6-max Seat #1 is the button
Seat 1: bce5dc81 ($12.59 in chips)
Seat 2: a27b8816 ($10 in chips)
Seat 3: d04bf28b ($10 in chips)
Seat 4: 90298651 ($22.7 in chips)
Seat 5: 4aa21b9a ($10 in chips)
Seat 6: Hero ($11.48 in chips)
a27b8816: posts small blind $0.05
d04bf28b: posts big blind $0.1
*** HOLE CARDS ***
Dealt to bce5dc81 
Dealt to a27b8816 
Dealt to d04bf28b 
Dealt to 90298651 
Dealt to 4aa21b9a 
Dealt to Hero [2s 2h]
90298651: folds
4aa21b9a: raises $0.1 to $0.2
Hero: folds
bce5dc81: folds
a27b8816: folds
d04bf28b: folds
Uncalled bet ($0.1) returned to 4aa21b9a
*** SHOWDOWN ***
4aa21b9a collected $0.25 from pot
*** SUMMARY ***
Total pot $0.25 | Rake $0 | Jackpot $0 | Bingo $0 | Fortune $0 | Tax $0
Seat 1: bce5dc81 (button) folded before Flop (didn't bet)
Seat 2: a27b8816 (small blind) folded before Flop
Seat 3: d04bf28b (big blind) folded before Flop
Seat 4: 90298651 folded before Flop (didn't bet)
Seat 5: 4aa21b9a collected ($0.25)
Seat 6: Hero folded before Flop (didn't bet)


Poker Hand #HD1818443135: Hold'em No Limit ($0.05/$0.1) - 2024/06/16 21:35:36
Table 'NLHRed17' 6-max Seat #6 is the button
Seat 1: bce5dc81 ($12.32 in chips)
Seat 2: a27b8816 ($10 in chips)
Seat 4: 90298651 ($22.7 in chips)
Seat 5: 4aa21b9a ($10 in chips)
Seat 6: Hero ($11.48 in chips)
bce5dc81: posts small blind $0.05
a27b8816: posts big blind $0.1
*** HOLE CARDS ***
Dealt to bce5dc81 
Dealt to a27b8816 
Dealt to 90298651 
Dealt to 4aa21b9a 
Dealt to Hero [2s 5h]
90298651: folds
4aa21b9a: folds
Hero: folds
bce5dc81: raises $0.2 to $0.3
a27b8816: calls $0.2
*** FLOP *** [6d 4d Kh]
bce5dc81: checks
a27b8816: checks
*** TURN *** [6d 4d Kh] [Qc]
bce5dc81: bets $0.3
a27b8816: folds
Uncalled bet ($0.3) returned to bce5dc81
*** SHOWDOWN ***
bce5dc81 collected $0.57 from pot
*** SUMMARY ***
Total pot $0.6 | Rake $0.03 | Jackpot $0 | Bingo $0 | Fortune $0 | Tax $0
Board [6d 4d Kh Qc]
Seat 1: bce5dc81 (small blind) won ($0.57)
Seat 2: a27b8816 (big blind) folded on the Turn
Seat 4: 90298651 folded before Flop (didn't bet)
Seat 5: 4aa21b9a folded before Flop (didn't bet)
Seat 6: Hero (button) folded before Flop (didn't bet)


Poker Hand #HD1818442979: Hold'em No Limit ($0.05/$0.1) - 2024/06/16 21:34:03
Table 'NLHRed17' 6-max Seat #5 is the button
Seat 1: bce5dc81 ($12.05 in chips)
Seat 2: a27b8816 ($10 in chips)
Seat 4: 90298651 ($22.7 in chips)
Seat 5: 4aa21b9a ($10 in chips)
Seat 6: Hero ($11.78 in chips)
Hero: posts small blind $0.05
bce5dc81: posts big blind $0.1
*** HOLE CARDS ***
Dealt to bce5dc81 
Dealt to a27b8816 
Dealt to 90298651 
Dealt to 4aa21b9a 
Dealt to Hero [As 2d]
a27b8816: folds
90298651: folds
4aa21b9a: folds
Hero: raises $0.2 to $0.3
bce5dc81: calls $0.2
*** FLOP *** [Tc 8d 5h]
Hero: checks
bce5dc81: checks
*** TURN *** [Tc 8d 5h] [6h]
Hero: checks
bce5dc81: checks
*** RIVER *** [Tc 8d 5h 6h] [8c]
Hero: checks
bce5dc81: checks
Hero: shows [As 2d] (Pair of Eights)
bce5dc81: shows [4c 4d] (Pair of Eights and Pair of Fours)
*** SHOWDOWN ***
bce5dc81 collected $0.57 from pot
*** SUMMARY ***
Total pot $0.6 | Rake $0.03 | Jackpot $0 | Bingo $0 | Fortune $0 | Tax $0
Board [Tc 8d 5h 6h 8c]
Seat 1: bce5dc81 (big blind) showed [4c 4d] and won ($0.57) with Pair of Eights and Pair of Fours
Seat 2: a27b8816 folded before Flop (didn't bet)
Seat 4: 90298651 folded before Flop (didn't bet)
Seat 5: 4aa21b9a (button) folded before Flop (didn't bet)
Seat 6: Hero (small blind) showed [As 2d] and lost with Pair of Eights


Poker Hand #HD1818442905: Hold'em No Limit ($0.05/$0.1) - 2024/06/16 21:33:19
Table 'NLHRed17' 6-max Seat #4 is the button
Seat 1: bce5dc81 ($11.76 in chips)
Seat 2: a27b8816 ($10 in chips)
Seat 4: 90298651 ($22.7 in chips)
Seat 5: 4aa21b9a ($10 in chips)
Seat 6: Hero ($11.88 in chips)
4aa21b9a: posts small blind $0.05
Hero: posts big blind $0.1
*** HOLE CARDS ***
Dealt to bce5dc81 
Dealt to a27b8816 
Dealt to 90298651 
Dealt to 4aa21b9a 
Dealt to Hero [3d Ah]
bce5dc81: raises $0.11 to $0.21
a27b8816: folds
90298651: folds
4aa21b9a: calls $0.16
Hero: folds
*** FLOP *** [8h 2h Ks]
4aa21b9a: checks
bce5dc81: bets $0.2
4aa21b9a: folds
Uncalled bet ($0.2) returned to bce5dc81
*** SHOWDOWN ***
bce5dc81 collected $0.5 from pot
*** SUMMARY ***
Total pot $0.52 | Rake $0.02 | Jackpot $0 | Bingo $0 | Fortune $0 | Tax $0
Board [8h 2h Ks]
Seat 1: bce5dc81 won ($0.5)
Seat 2: a27b8816 folded before Flop (didn't bet)
Seat 4: 90298651 (button) folded before Flop (didn't bet)
Seat 5: 4aa21b9a (small blind) folded on the Flop
Seat 6: Hero (big blind) folded before Flop


Poker Hand #HD1818442867: Hold'em No Limit ($0.05/$0.1) - 2024/06/16 21:32:58
Table 'NLHRed17' 6-max Seat #2 is the button
Seat 1: bce5dc81 ($11.76 in chips)
Seat 2: a27b8816 ($10 in chips)
Seat 4: 90298651 ($22.6 in chips)
Seat 5: 4aa21b9a ($10 in chips)
Seat 6: Hero ($11.88 in chips)
90298651: posts small blind $0.05
4aa21b9a: posts big blind $0.1
*** HOLE CARDS ***
Dealt to bce5dc81 
Dealt to a27b8816 
Dealt to 90298651 
Dealt to 4aa21b9a 
Dealt to Hero [5c 6h]
Hero: folds
bce5dc81: folds
a27b8816: folds
90298651: raises $0.13 to $0.23
4aa21b9a: folds
Uncalled bet ($0.13) returned to 90298651
*** SHOWDOWN ***
90298651 collected $0.2 from pot
*** SUMMARY ***
Total pot $0.2 | Rake $0 | Jackpot $0 | Bingo $0 | Fortune $0 | Tax $0
Seat 1: bce5dc81 folded before Flop (didn't bet)
Seat 2: a27b8816 (button) folded before Flop (didn't bet)
Seat 4: 90298651 (small blind) collected ($0.2)
Seat 5: 4aa21b9a (big blind) folded before Flop
Seat 6: Hero folded before Flop (didn't bet)


Poker Hand #HD1818442624: Hold'em No Limit ($0.05/$0.1) - 2024/06/16 21:30:28
Table 'NLHRed17' 6-max Seat #1 is the button
Seat 1: bce5dc81 ($11.76 in chips)
Seat 2: a27b8816 ($10 in chips)
Seat 3: 22814922 ($11.17 in chips)
Seat 4: 90298651 ($22.6 in chips)
Seat 5: 4aa21b9a ($10.3 in chips)
Seat 6: Hero ($10 in chips)
a27b8816: posts small blind $0.05
22814922: posts big blind $0.1
*** HOLE CARDS ***
Dealt to bce5dc81 
Dealt to a27b8816 
Dealt to 22814922 
Dealt to 90298651 
Dealt to 4aa21b9a 
Dealt to Hero [Ad Qh]
90298651: folds
4aa21b9a: raises $0.1 to $0.2
Hero: raises $0.5 to $0.7
bce5dc81: folds
a27b8816: folds
22814922: calls $0.6
4aa21b9a: calls $0.5
*** FLOP *** [Kd Qs 8d]
22814922: checks
4aa21b9a: checks
Hero: checks
*** TURN *** [Kd Qs 8d] [4s]
22814922: checks
4aa21b9a: checks
Hero: bets $0.7
22814922: folds
4aa21b9a: calls $0.7
*** RIVER *** [Kd Qs 8d 4s] [As]
4aa21b9a: checks
Hero: bets $1.5
4aa21b9a: folds
Uncalled bet ($1.5) returned to Hero
*** SHOWDOWN ***
Hero collected $3.28 from pot
*** SUMMARY ***
Total pot $3.55 | Rake $0.17 | Jackpot $0.1 | Bingo $0 | Fortune $0 | Tax $0
Board [Kd Qs 8d 4s As]
Seat 1: bce5dc81 (button) folded before Flop (didn't bet)
Seat 2: a27b8816 (small blind) folded before Flop
Seat 3: 22814922 (big blind) folded on the Turn
Seat 4: 90298651 folded before Flop (didn't bet)
Seat 5: 4aa21b9a folded on the River
Seat 6: Hero won ($3.28)


Poker Hand #HD1818442589: Hold'em No Limit ($0.05/$0.1) - 2024/06/16 21:30:12
Table 'NLHRed17' 6-max Seat #6 is the button
Seat 1: bce5dc81 ($11.81 in chips)
Seat 2: a27b8816 ($10 in chips)
Seat 3: 22814922 ($11.17 in chips)
Seat 4: 90298651 ($22.45 in chips)
Seat 5: 4aa21b9a ($10.3 in chips)
Seat 6: Hero ($10 in chips)
bce5dc81: posts small blind $0.05
a27b8816: posts big blind $0.1
*** HOLE CARDS ***
Dealt to bce5dc81 
Dealt to a27b8816 
Dealt to 22814922 
Dealt to 90298651 
Dealt to 4aa21b9a 
Dealt to Hero [3c Qc]
22814922: folds
90298651: raises $0.1 to $0.2
4aa21b9a: folds
Hero: folds
bce5dc81: folds
a27b8816: folds
Uncalled bet ($0.1) returned to 90298651
*** SHOWDOWN ***
90298651 collected $0.25 from pot
*** SUMMARY ***
Total pot $0.25 | Rake $0 | Jackpot $0 | Bingo $0 | Fortune $0 | Tax $0
Seat 1: bce5dc81 (small blind) folded before Flop
Seat 2: a27b8816 (big blind) folded before Flop
Seat 3: 22814922 folded before Flop (didn't bet)
Seat 4: 90298651 collected ($0.25)
Seat 5: 4aa21b9a folded before Flop (didn't bet)
Seat 6: Hero (button) folded before Flop (didn't bet)


Poker Hand #HD1818442556: Hold'em No Limit ($0.05/$0.1) - 2024/06/16 21:29:48
Table 'NLHRed17' 6-max Seat #5 is the button
Seat 1: bce5dc81 ($11.76 in chips)
Seat 2: a27b8816 ($10 in chips)
Seat 3: 22814922 ($11.17 in chips)
Seat 4: 90298651 ($22.45 in chips)
Seat 5: 4aa21b9a ($10.3 in chips)
Seat 6: Hero ($10 in chips)
Hero: posts small blind $0.05
bce5dc81: posts big blind $0.1
*** HOLE CARDS ***
Dealt to bce5dc81 
Dealt to a27b8816 
Dealt to 22814922 
Dealt to 90298651 
Dealt to 4aa21b9a 
Dealt to Hero [7d 4h]
a27b8816: folds
22814922: folds
90298651: folds
4aa21b9a: folds
Hero: folds
Uncalled bet ($0.05) returned to bce5dc81
*** SHOWDOWN ***
bce5dc81 collected $0.1 from pot
*** SUMMARY ***
Total pot $0.1 | Rake $0 | Jackpot $0 | Bingo $0 | Fortune $0 | Tax $0
Seat 1: bce5dc81 (big blind) collected ($0.1)
Seat 2: a27b8816 folded before Flop (didn't bet)
Seat 3: 22814922 folded before Flop (didn't bet)
Seat 4: 90298651 folded before Flop (didn't bet)
Seat 5: 4aa21b9a (button) folded before Flop (didn't bet)
Seat 6: Hero (small blind) folded before Flop


Poker Hand #HD1818442519: Hold'em No Limit ($0.05/$0.1) - 2024/06/16 21:29:24
Table 'NLHRed17' 6-max Seat #4 is the button
Seat 1: bce5dc81 ($11.76 in chips)
Seat 2: a27b8816 ($10 in chips)
Seat 3: 22814922 ($11.17 in chips)
Seat 4: 90298651 ($22.45 in chips)
Seat 5: 4aa21b9a ($10.2 in chips)
Seat 6: Hero ($10 in chips)
4aa21b9a: posts small blind $0.05
Hero: posts big blind $0.1
*** HOLE CARDS ***
Dealt to bce5dc81 
Dealt to a27b8816 
Dealt to 22814922 
Dealt to 90298651 
Dealt to 4aa21b9a 
Dealt to Hero [2c 5d]
bce5dc81: folds
a27b8816: folds
22814922: folds
90298651: folds
4aa21b9a: raises $0.2 to $0.3
Hero: folds
Uncalled bet ($0.2) returned to 4aa21b9a
*** SHOWDOWN ***
4aa21b9a collected $0.2 from pot
*** SUMMARY ***
Total pot $0.2 | Rake $0 | Jackpot $0 | Bingo $0 | Fortune $0 | Tax $0
Seat 1: bce5dc81 folded before Flop (didn't bet)
Seat 2: a27b8816 folded before Flop (didn't bet)
Seat 3: 22814922 folded before Flop (didn't bet)
Seat 4: 90298651 (button) folded before Flop (didn't bet)
Seat 5: 4aa21b9a (small blind) collected ($0.2)
Seat 6: Hero (big blind) folded before Flop


Poker Hand #HD1818442472: Hold'em No Limit ($0.05/$0.1) - 2024/06/16 21:28:54
Table 'NLHRed17' 6-max Seat #3 is the button
Seat 1: bce5dc81 ($11.76 in chips)
Seat 2: a27b8816 ($10 in chips)
Seat 3: 22814922 ($11.17 in chips)
Seat 4: 90298651 ($22.5 in chips)
Seat 5: 4aa21b9a ($10.15 in chips)
Seat 6: Hero ($10 in chips)
90298651: posts small blind $0.05
4aa21b9a: posts big blind $0.1
*** HOLE CARDS ***
Dealt to bce5dc81 
Dealt to a27b8816 
Dealt to 22814922 
Dealt to 90298651 
Dealt to 4aa21b9a 
Dealt to Hero [8h Kh]
Hero: folds
bce5dc81: folds
a27b8816: folds
22814922: folds
90298651: folds
Uncalled bet ($0.05) returned to 4aa21b9a
*** SHOWDOWN ***
4aa21b9a collected $0.1 from pot
*** SUMMARY ***
Total pot $0.1 | Rake $0 | Jackpot $0 | Bingo $0 | Fortune $0 | Tax $0
Seat 1: bce5dc81 folded before Flop (didn't bet)
Seat 2: a27b8816 folded before Flop (didn't bet)
Seat 3: 22814922 (button) folded before Flop (didn't bet)
Seat 4: 90298651 (small blind) folded before Flop
Seat 5: 4aa21b9a (big blind) collected ($0.1)
Seat 6: Hero folded before Flop (didn't bet)


Poker Hand #HD1818442421: Hold'em No Limit ($0.05/$0.1) - 2024/06/16 21:28:23
Table 'NLHRed17' 6-max Seat #2 is the button
Seat 1: bce5dc81 ($11.43 in chips)
Seat 2: a27b8816 ($10 in chips)
Seat 3: 22814922 ($11.22 in chips)
Seat 4: 90298651 ($22.6 in chips)
Seat 5: 4aa21b9a ($10.15 in chips)
Seat 6: Hero ($10.18 in chips)
22814922: posts small blind $0.05
90298651: posts big blind $0.1
*** HOLE CARDS ***
Dealt to bce5dc81 
Dealt to a27b8816 
Dealt to 22814922 
Dealt to 90298651 
Dealt to 4aa21b9a 
Dealt to Hero [Ac Td]
4aa21b9a: folds
Hero: raises $0.1 to $0.2
bce5dc81: raises $0.5 to $0.7
a27b8816: folds
22814922: folds
90298651: folds
Hero: folds
Uncalled bet ($0.5) returned to bce5dc81
*** SHOWDOWN ***
bce5dc81 collected $0.53 from pot
*** SUMMARY ***
Total pot $0.55 | Rake $0.02 | Jackpot $0 | Bingo $0 | Fortune $0 | Tax $0
Seat 1: bce5dc81 collected ($0.53)
Seat 2: a27b8816 (button) folded before Flop (didn't bet)
Seat 3: 22814922 (small blind) folded before Flop
Seat 4: 90298651 (big blind) folded before Flop
Seat 5: 4aa21b9a folded before Flop (didn't bet)
Seat 6: Hero folded before Flop


Poker Hand #HD1818442295: Hold'em No Limit ($0.05/$0.1) - 2024/06/16 21:27:03
Table 'NLHRed17' 6-max Seat #1 is the button
Seat 1: bce5dc81 ($10.61 in chips)
Seat 2: a27b8816 ($10 in chips)
Seat 3: 22814922 ($12.07 in chips)
Seat 4: 90298651 ($22.6 in chips)
Seat 5: 4aa21b9a ($10.15 in chips)
Seat 6: Hero ($10.18 in chips)
a27b8816: posts small blind $0.05
22814922: posts big blind $0.1
*** HOLE CARDS ***
Dealt to bce5dc81 
Dealt to a27b8816 
Dealt to 22814922 
Dealt to 90298651 
Dealt to 4aa21b9a 
Dealt to Hero [Ks 7c]
90298651: folds
4aa21b9a: folds
Hero: folds
bce5dc81: raises $0.2 to $0.3
a27b8816: folds
22814922: calls $0.2
*** FLOP *** [Th 2s 5h]
22814922: checks
bce5dc81: checks
*** TURN *** [Th 2s 5h] [As]
22814922: checks
bce5dc81: bets $0.35
22814922: calls $0.35
*** RIVER *** [Th 2s 5h As] [4h]
22814922: bets $0.1
bce5dc81: raises $0.1 to $0.2
22814922: calls $0.1
bce5dc81: shows [Qs Ad] (Pair of Aces)
22814922: shows [Tc Jh] (Pair of Tens)
*** SHOWDOWN ***
bce5dc81 collected $1.67 from pot
*** SUMMARY ***
Total pot $1.75 | Rake $0.08 | Jackpot $0 | Bingo $0 | Fortune $0 | Tax $0
Board [Th 2s 5h As 4h]
Seat 1: bce5dc81 (button) showed [Qs Ad] and won ($1.67) with Pair of Aces
Seat 2: a27b8816 (small blind) folded before Flop
Seat 3: 22814922 (big blind) showed [Tc Jh] and lost with Pair of Tens
Seat 4: 90298651 folded before Flop (didn't bet)
Seat 5: 4aa21b9a folded before Flop (didn't bet)
Seat 6: Hero folded before Flop (didn't bet)


Poker Hand #HD1818442218: Hold'em No Limit ($0.05/$0.1) - 2024/06/16 21:26:16
Table 'NLHRed17' 6-max Seat #6 is the button
Seat 1: bce5dc81 ($10.66 in chips)
Seat 2: a27b8816 ($10.84 in chips)
Seat 3: 22814922 ($12.07 in chips)
Seat 4: 90298651 ($20.82 in chips)
Seat 5: 4aa21b9a ($10.15 in chips)
Seat 6: Hero ($10.18 in chips)
bce5dc81: posts small blind $0.05
a27b8816: posts big blind $0.1
*** HOLE CARDS ***
Dealt to bce5dc81 
Dealt to a27b8816 
Dealt to 22814922 
Dealt to 90298651 
Dealt to 4aa21b9a 
Dealt to Hero [Jc 8d]
22814922: folds
90298651: raises $0.2 to $0.3
4aa21b9a: folds
Hero: folds
bce5dc81: folds
a27b8816: raises $0.7 to $1
90298651: calls $0.7
*** FLOP *** [Kh 9s 9h]
a27b8816: bets $1.03
90298651: raises $1.13 to $2.16
a27b8816: folds
Uncalled bet ($1.13) returned to 90298651
*** SHOWDOWN ***
90298651 collected $3.81 from pot
*** SUMMARY ***
Total pot $4.11 | Rake $0.2 | Jackpot $0.1 | Bingo $0 | Fortune $0 | Tax $0
Board [Kh 9s 9h]
Seat 1: bce5dc81 (small blind) folded before Flop
Seat 2: a27b8816 (big blind) folded on the Flop
Seat 3: 22814922 folded before Flop (didn't bet)
Seat 4: 90298651 won ($3.81)
Seat 5: 4aa21b9a folded before Flop (didn't bet)
Seat 6: Hero (button) folded before Flop (didn't bet)


Poker Hand #HD1818442187: Hold'em No Limit ($0.05/$0.1) - 2024/06/16 21:25:58
Table 'NLHRed17' 6-max Seat #5 is the button
Seat 1: bce5dc81 ($10.76 in chips)
Seat 2: a27b8816 ($10.84 in chips)
Seat 3: 22814922 ($12.07 in chips)
Seat 4: 90298651 ($20.82 in chips)
Seat 5: 4aa21b9a ($10 in chips)
Seat 6: Hero ($10.23 in chips)
Hero: posts small blind $0.05
bce5dc81: posts big blind $0.1
*** HOLE CARDS ***
Dealt to bce5dc81 
Dealt to a27b8816 
Dealt to 22814922 
Dealt to 90298651 
Dealt to 4aa21b9a 
Dealt to Hero [2c 7h]
a27b8816: folds
22814922: folds
90298651: folds
4aa21b9a: raises $0.1 to $0.2
Hero: folds
bce5dc81: folds
Uncalled bet ($0.1) returned to 4aa21b9a
*** SHOWDOWN ***
4aa21b9a collected $0.25 from pot
*** SUMMARY ***
Total pot $0.25 | Rake $0 | Jackpot $0 | Bingo $0 | Fortune $0 | Tax $0
Seat 1: bce5dc81 (big blind) folded before Flop
Seat 2: a27b8816 folded before Flop (didn't bet)
Seat 3: 22814922 folded before Flop (didn't bet)
Seat 4: 90298651 folded before Flop (didn't bet)
Seat 5: 4aa21b9a (button) collected ($0.25)
Seat 6: Hero (small blind) folded before Flop


Poker Hand #HD1818442159: Hold'em No Limit ($0.05/$0.1) - 2024/06/16 21:25:41
Table 'NLHRed17' 6-max Seat #4 is the button
Seat 1: bce5dc81 ($10.76 in chips)
Seat 2: a27b8816 ($10.84 in chips)
Seat 3: 22814922 ($12.07 in chips)
Seat 4: 90298651 ($20.82 in chips)
Seat 5: 4aa21b9a ($10 in chips)
Seat 6: Hero ($10.18 in chips)
4aa21b9a: posts small blind $0.05
Hero: posts big blind $0.1
*** HOLE CARDS ***
Dealt to bce5dc81 
Dealt to a27b8816 
Dealt to 22814922 
Dealt to 90298651 
Dealt to 4aa21b9a 
Dealt to Hero [4d As]
bce5dc81: folds
a27b8816: folds
22814922: folds
90298651: folds
4aa21b9a: folds
Uncalled bet ($0.05) returned to Hero
*** SHOWDOWN ***
Hero collected $0.1 from pot
*** SUMMARY ***
Total pot $0.1 | Rake $0 | Jackpot $0 | Bingo $0 | Fortune $0 | Tax $0
Seat 1: bce5dc81 folded before Flop (didn't bet)
Seat 2: a27b8816 folded before Flop (didn't bet)
Seat 3: 22814922 folded before Flop (didn't bet)
Seat 4: 90298651 (button) folded before Flop (didn't bet)
Seat 5: 4aa21b9a (small blind) folded before Flop
Seat 6: Hero (big blind) collected ($0.1)


Poker Hand #HD1818442107: Hold'em No Limit ($0.05/$0.1) - 2024/06/16 21:25:09
Table 'NLHRed17' 6-max Seat #3 is the button
Seat 1: bce5dc81 ($10.76 in chips)
Seat 2: a27b8816 ($10.84 in chips)
Seat 3: 22814922 ($12.07 in chips)
Seat 4: 90298651 ($20.64 in chips)
Seat 5: 4aa21b9a ($10.15 in chips)
Seat 6: Hero ($10.18 in chips)
90298651: posts small blind $0.05
4aa21b9a: posts big blind $0.1
*** HOLE CARDS ***
Dealt to bce5dc81 
Dealt to a27b8816 
Dealt to 22814922 
Dealt to 90298651 
Dealt to 4aa21b9a 
Dealt to Hero [3s 8d]
Hero: folds
bce5dc81: folds
a27b8816: folds
22814922: folds
90298651: raises $0.1 to $0.2
4aa21b9a: calls $0.1
*** FLOP *** [7c Ah 4h]
90298651: bets $0.15
4aa21b9a: folds
Uncalled bet ($0.15) returned to 90298651
*** SHOWDOWN ***
90298651 collected $0.38 from pot
*** SUMMARY ***
Total pot $0.4 | Rake $0.02 | Jackpot $0 | Bingo $0 | Fortune $0 | Tax $0
Board [7c Ah 4h]
Seat 1: bce5dc81 folded before Flop (didn't bet)
Seat 2: a27b8816 folded before Flop (didn't bet)
Seat 3: 22814922 (button) folded before Flop (didn't bet)
Seat 4: 90298651 (small blind) won ($0.38)
Seat 5: 4aa21b9a (big blind) folded on the Flop
Seat 6: Hero folded before Flop (didn't bet)


Poker Hand #HD1818442005: Hold'em No Limit ($0.05/$0.1) - 2024/06/16 21:23:56
Table 'NLHRed17' 6-max Seat #2 is the button
Seat 1: bce5dc81 ($10.76 in chips)
Seat 2: a27b8816 ($10.61 in chips)
Seat 3: 22814922 ($12.12 in chips)
Seat 4: 90298651 ($20.84 in chips)
Seat 5: 4aa21b9a ($10.15 in chips)
Seat 6: Hero ($10.18 in chips)
22814922: posts small blind $0.05
90298651: posts big blind $0.1
*** HOLE CARDS ***
Dealt to bce5dc81 
Dealt to a27b8816 
Dealt to 22814922 
Dealt to 90298651 
Dealt to 4aa21b9a 
Dealt to Hero [4h 5s]
4aa21b9a: folds
Hero: folds
bce5dc81: folds
a27b8816: raises $0.1 to $0.2
22814922: folds
90298651: calls $0.1
*** FLOP *** [4s 2s Ad]
90298651: checks
a27b8816: checks
*** TURN *** [4s 2s Ad] [Js]
90298651: checks
a27b8816: checks
*** RIVER *** [4s 2s Ad Js] [Ks]
90298651: checks
a27b8816: bets $0.5
90298651: folds
Uncalled bet ($0.5) returned to a27b8816
*** SHOWDOWN ***
a27b8816 collected $0.43 from pot
*** SUMMARY ***
Total pot $0.45 | Rake $0.02 | Jackpot $0 | Bingo $0 | Fortune $0 | Tax $0
Board [4s 2s Ad Js Ks]
Seat 1: bce5dc81 folded before Flop (didn't bet)
Seat 2: a27b8816 (button) won ($0.43)
Seat 3: 22814922 (small blind) folded before Flop
Seat 4: 90298651 (big blind) folded on the River
Seat 5: 4aa21b9a folded before Flop (didn't bet)
Seat 6: Hero folded before Flop (didn't bet)


Poker Hand #HD1818441979: Hold'em No Limit ($0.05/$0.1) - 2024/06/16 21:23:38
Table 'NLHRed17' 6-max Seat #1 is the button
Seat 1: bce5dc81 ($10.76 in chips)
Seat 2: a27b8816 ($10.66 in chips)
Seat 3: 22814922 ($12.07 in chips)
Seat 4: 90298651 ($20.84 in chips)
Seat 5: 4aa21b9a ($10.15 in chips)
Seat 6: Hero ($10.18 in chips)
a27b8816: posts small blind $0.05
22814922: posts big blind $0.1
*** HOLE CARDS ***
Dealt to bce5dc81 
Dealt to a27b8816 
Dealt to 22814922 
Dealt to 90298651 
Dealt to 4aa21b9a 
Dealt to Hero [6h Jc]
90298651: folds
4aa21b9a: folds
Hero: folds
bce5dc81: folds
a27b8816: folds
Uncalled bet ($0.05) returned to 22814922
*** SHOWDOWN ***
22814922 collected $0.1 from pot
*** SUMMARY ***
Total pot $0.1 | Rake $0 | Jackpot $0 | Bingo $0 | Fortune $0 | Tax $0
Seat 1: bce5dc81 (button) folded before Flop (didn't bet)
Seat 2: a27b8816 (small blind) folded before Flop
Seat 3: 22814922 (big blind) collected ($0.1)
Seat 4: 90298651 folded before Flop (didn't bet)
Seat 5: 4aa21b9a folded before Flop (didn't bet)
Seat 6: Hero folded before Flop (didn't bet)


Poker Hand #HD1818441831: Hold'em No Limit ($0.05/$0.1) - 2024/06/16 21:22:06
Table 'NLHRed17' 6-max Seat #6 is the button
Seat 1: bce5dc81 ($9.58 in chips)
Seat 2: a27b8816 ($10.76 in chips)
Seat 3: 22814922 ($13.27 in chips)
Seat 4: 90298651 ($20.84 in chips)
Seat 5: 4aa21b9a ($10.15 in chips)
Seat 6: Hero ($10.18 in chips)
bce5dc81: posts small blind $0.05
a27b8816: posts big blind $0.1
*** HOLE CARDS ***
Dealt to bce5dc81 
Dealt to a27b8816 
Dealt to 22814922 
Dealt to 90298651 
Dealt to 4aa21b9a 
Dealt to Hero [2s 3h]
22814922: raises $0.1 to $0.2
90298651: folds
4aa21b9a: folds
Hero: folds
bce5dc81: calls $0.15
a27b8816: folds
*** FLOP *** [Tc Kh 8h]
bce5dc81: bets $0.2
22814922: calls $0.2
*** TURN *** [Tc Kh 8h] [8c]
bce5dc81: bets $0.3
22814922: calls $0.3
*** RIVER *** [Tc Kh 8h 8c] [5d]
bce5dc81: bets $0.5
22814922: calls $0.5
bce5dc81: shows [Qd Kc] (Pair of Kings and Pair of Eights)
22814922: shows [Ts 9d] (Pair of Tens and Pair of Eights)
*** SHOWDOWN ***
bce5dc81 collected $2.38 from pot
*** SUMMARY ***
Total pot $2.5 | Rake $0.12 | Jackpot $0 | Bingo $0 | Fortune $0 | Tax $0
Board [Tc Kh 8h 8c 5d]
Seat 1: bce5dc81 (small blind) showed [Qd Kc] and won ($2.38) with Pair of Kings and Pair of Eights
Seat 2: a27b8816 (big blind) folded before Flop
Seat 3: 22814922 showed [Ts 9d] and lost with Pair of Tens and Pair of Eights
Seat 4: 90298651 folded before Flop (didn't bet)
Seat 5: 4aa21b9a folded before Flop (didn't bet)
Seat 6: Hero (button) folded before Flop (didn't bet)


Poker Hand #HD1818441811: Hold'em No Limit ($0.05/$0.1) - 2024/06/16 21:21:54
Table 'NLHRed17' 6-max Seat #5 is the button
Seat 1: bce5dc81 ($9.68 in chips)
Seat 2: a27b8816 ($10.76 in chips)
Seat 3: 22814922 ($13.27 in chips)
Seat 4: 90298651 ($20.84 in chips)
Seat 5: 4aa21b9a ($10 in chips)
Seat 6: Hero ($10.23 in chips)
Hero: posts small blind $0.05
bce5dc81: posts big blind $0.1
*** HOLE CARDS ***
Dealt to bce5dc81 
Dealt to a27b8816 
Dealt to 22814922 
Dealt to 90298651 
Dealt to 4aa21b9a 
Dealt to Hero [Th As]
a27b8816: folds
22814922: folds
90298651: folds
4aa21b9a: raises $0.1 to $0.2
Hero: folds
bce5dc81: folds
Uncalled bet ($0.1) returned to 4aa21b9a
*** SHOWDOWN ***
4aa21b9a collected $0.25 from pot
*** SUMMARY ***
Total pot $0.25 | Rake $0 | Jackpot $0 | Bingo $0 | Fortune $0 | Tax $0
Seat 1: bce5dc81 (big blind) folded before Flop
Seat 2: a27b8816 folded before Flop (didn't bet)
Seat 3: 22814922 folded before Flop (didn't bet)
Seat 4: 90298651 folded before Flop (didn't bet)
Seat 5: 4aa21b9a (button) collected ($0.25)
Seat 6: Hero (small blind) folded before Flop


Poker Hand #HD1818441731: Hold'em No Limit ($0.05/$0.1) - 2024/06/16 21:21:07
Table 'NLHRed17' 6-max Seat #4 is the button
Seat 1: bce5dc81 ($9.68 in chips)
Seat 2: a27b8816 ($10.76 in chips)
Seat 3: 22814922 ($13.27 in chips)
Seat 4: 90298651 ($21.04 in chips)
Seat 5: 4aa21b9a ($10 in chips)
Seat 6: Hero ($10 in chips)
4aa21b9a: posts small blind $0.05
Hero: posts big blind $0.1
*** HOLE CARDS ***
Dealt to bce5dc81 
Dealt to a27b8816 
Dealt to 22814922 
Dealt to 90298651 
Dealt to 4aa21b9a 
Dealt to Hero [6s 6d]
bce5dc81: folds
a27b8816: folds
22814922: folds
90298651: raises $0.1 to $0.2
4aa21b9a: folds
Hero: calls $0.1
*** FLOP *** [Kh 4c Jd]
Hero: checks
90298651: checks
*** TURN *** [Kh 4c Jd] [9d]
Hero: checks
90298651: checks
*** RIVER *** [Kh 4c Jd 9d] [7s]
Hero: checks
90298651: checks
Hero: shows [6s 6d] (Pair of Sixes)
90298651: shows [4s 3s] (Pair of Fours)
*** SHOWDOWN ***
Hero collected $0.43 from pot
*** SUMMARY ***
Total pot $0.45 | Rake $0.02 | Jackpot $0 | Bingo $0 | Fortune $0 | Tax $0
Board [Kh 4c Jd 9d 7s]
Seat 1: bce5dc81 folded before Flop (didn't bet)
Seat 2: a27b8816 folded before Flop (didn't bet)
Seat 3: 22814922 folded before Flop (didn't bet)
Seat 4: 90298651 (button) showed [4s 3s] and lost with Pair of Fours
Seat 5: 4aa21b9a (small blind) folded before Flop
Seat 6: Hero (big blind) showed [6s 6d] and won ($0.43) with Pair of Sixes


Poker Hand #HD1818441706: Hold'em No Limit ($0.05/$0.1) - 2024/06/16 21:20:43
Table 'NLHRed17' 6-max Seat #3 is the button
Seat 1: bce5dc81 ($9.68 in chips)
Seat 2: a27b8816 ($10.76 in chips)
Seat 3: 22814922 ($13.27 in chips)
Seat 4: 90298651 ($20.94 in chips)
Seat 5: 4aa21b9a ($10 in chips)
Seat 6: Hero ($10 in chips)
90298651: posts small blind $0.05
4aa21b9a: posts big blind $0.1
*** HOLE CARDS ***
Dealt to bce5dc81 
Dealt to a27b8816 
Dealt to 22814922 
Dealt to 90298651 
Dealt to 4aa21b9a 
Dealt to Hero [6s Ks]
Hero: folds
bce5dc81: folds
a27b8816: folds
22814922: folds
90298651: raises $0.13 to $0.23
4aa21b9a: folds
Uncalled bet ($0.13) returned to 90298651
*** SHOWDOWN ***
90298651 collected $0.2 from pot
*** SUMMARY ***
Total pot $0.2 | Rake $0 | Jackpot $0 | Bingo $0 | Fortune $0 | Tax $0
Seat 1: bce5dc81 folded before Flop (didn't bet)
Seat 2: a27b8816 folded before Flop (didn't bet)
Seat 3: 22814922 (button) folded before Flop (didn't bet)
Seat 4: 90298651 (small blind) collected ($0.2)
Seat 5: 4aa21b9a (big blind) folded before Flop
Seat 6: Hero folded before Flop (didn't bet)


Poker Hand #HD1818441676: Hold'em No Limit ($0.05/$0.1) - 2024/06/16 21:20:26
Table 'NLHRed17' 6-max Seat #2 is the button
Seat 1: bce5dc81 ($9.53 in chips)
Seat 2: a27b8816 ($10.76 in chips)
Seat 3: 22814922 ($13.32 in chips)
Seat 4: 90298651 ($21.04 in chips)
Seat 5: 4aa21b9a ($10 in chips)
Seat 6: Hero ($10 in chips)
22814922: posts small blind $0.05
90298651: posts big blind $0.1
*** HOLE CARDS ***
Dealt to bce5dc81 
Dealt to a27b8816 
Dealt to 22814922 
Dealt to 90298651 
Dealt to 4aa21b9a 
Dealt to Hero [4c 2c]
4aa21b9a: folds
Hero: folds
bce5dc81: raises $0.1 to $0.2
a27b8816: folds
22814922: folds
90298651: folds
Uncalled bet ($0.1) returned to bce5dc81
*** SHOWDOWN ***
bce5dc81 collected $0.25 from pot
*** SUMMARY ***
Total pot $0.25 | Rake $0 | Jackpot $0 | Bingo $0 | Fortune $0 | Tax $0
Seat 1: bce5dc81 collected ($0.25)
Seat 2: a27b8816 (button) folded before Flop (didn't bet)
Seat 3: 22814922 (small blind) folded before Flop
Seat 4: 90298651 (big blind) folded before Flop
Seat 5: 4aa21b9a folded before Flop (didn't bet)
Seat 6: Hero folded before Flop (didn't bet)


Poker Hand #HD1818441611: Hold'em No Limit ($0.05/$0.1) - 2024/06/16 21:19:44
Table 'NLHRed17' 6-max Seat #1 is the button
Seat 1: bce5dc81 ($9.53 in chips)
Seat 2: a27b8816 ($11.06 in chips)
Seat 3: 22814922 ($13.05 in chips)
Seat 4: 90298651 ($21.04 in chips)
Seat 5: 4aa21b9a ($10 in chips)
Seat 6: Hero ($10 in chips)
a27b8816: posts small blind $0.05
22814922: posts big blind $0.1
*** HOLE CARDS ***
Dealt to bce5dc81 
Dealt to a27b8816 
Dealt to 22814922 
Dealt to 90298651 
Dealt to 4aa21b9a 
Dealt to Hero [7s 8d]
90298651: folds
4aa21b9a: folds
Hero: folds
bce5dc81: folds
a27b8816: raises $0.2 to $0.3
22814922: raises $0.5 to $0.8
a27b8816: folds
Uncalled bet ($0.5) returned to 22814922
*** SHOWDOWN ***
22814922 collected $0.57 from pot
*** SUMMARY ***
Total pot $0.6 | Rake $0.03 | Jackpot $0 | Bingo $0 | Fortune $0 | Tax $0
Seat 1: bce5dc81 (button) folded before Flop (didn't bet)
Seat 2: a27b8816 (small blind) folded before Flop
Seat 3: 22814922 (big blind) collected ($0.57)
Seat 4: 90298651 folded before Flop (didn't bet)
Seat 5: 4aa21b9a folded before Flop (didn't bet)
Seat 6: Hero folded before Flop (didn't bet)


Poker Hand #HD1818441532: Hold'em No Limit ($0.05/$0.1) - 2024/06/16 21:18:44
Table 'NLHRed17' 6-max Seat #6 is the button
Seat 1: bce5dc81 ($10.03 in chips)
Seat 2: a27b8816 ($11.16 in chips)
Seat 3: 22814922 ($13.05 in chips)
Seat 4: 90298651 ($20.49 in chips)
Seat 5: 4aa21b9a ($10 in chips)
Seat 6: Hero ($10 in chips)
bce5dc81: posts small blind $0.05
a27b8816: posts big blind $0.1
*** HOLE CARDS ***
Dealt to bce5dc81 
Dealt to a27b8816 
Dealt to 22814922 
Dealt to 90298651 
Dealt to 4aa21b9a 
Dealt to Hero [Tc 5h]
22814922: folds
90298651: raises $0.1 to $0.2
4aa21b9a: folds
Hero: folds
bce5dc81: calls $0.15
a27b8816: folds
*** FLOP *** [6d Jh 2c]
bce5dc81: checks
90298651: checks
*** TURN *** [6d Jh 2c] [4c]
bce5dc81: bets $0.3
90298651: calls $0.3
*** RIVER *** [6d Jh 2c 4c] [7c]
bce5dc81: checks
90298651: checks
bce5dc81: shows [9h 8h] (Jack-High)
90298651: shows [9d 9c] (Pair of Nines)
*** SHOWDOWN ***
90298651 collected $1.05 from pot
*** SUMMARY ***
Total pot $1.1 | Rake $0.05 | Jackpot $0 | Bingo $0 | Fortune $0 | Tax $0
Board [6d Jh 2c 4c 7c]
Seat 1: bce5dc81 (small blind) showed [9h 8h] and lost with Jack-High
Seat 2: a27b8816 (big blind) folded before Flop
Seat 3: 22814922 folded before Flop (didn't bet)
Seat 4: 90298651 showed [9d 9c] and won ($1.05) with Pair of Nines
Seat 5: 4aa21b9a folded before Flop (didn't bet)
Seat 6: Hero (button) folded before Flop (didn't bet)


Poker Hand #HD1818441477: Hold'em No Limit ($0.05/$0.1) - 2024/06/16 21:18:14
Table 'NLHRed17' 6-max Seat #5 is the button
Seat 1: bce5dc81 ($10.23 in chips)
Seat 2: a27b8816 ($10.93 in chips)
Seat 3: 22814922 ($13.05 in chips)
Seat 4: 90298651 ($20.49 in chips)
Seat 5: 4aa21b9a ($10 in chips)
Seat 6: Hero ($10 in chips)
Hero: posts small blind $0.05
bce5dc81: posts big blind $0.1
*** HOLE CARDS ***
Dealt to bce5dc81 
Dealt to a27b8816 
Dealt to 22814922 
Dealt to 90298651 
Dealt to 4aa21b9a 
Dealt to Hero [4d Ah]
a27b8816: raises $0.1 to $0.2
22814922: folds
90298651: folds
4aa21b9a: folds
Hero: folds
bce5dc81: calls $0.1
*** FLOP *** [3d As Js]
bce5dc81: checks
a27b8816: bets $0.23
bce5dc81: folds
Uncalled bet ($0.23) returned to a27b8816
*** SHOWDOWN ***
a27b8816 collected $0.43 from pot
*** SUMMARY ***
Total pot $0.45 | Rake $0.02 | Jackpot $0 | Bingo $0 | Fortune $0 | Tax $0
Board [3d As Js]
Seat 1: bce5dc81 (big blind) folded on the Flop
Seat 2: a27b8816 won ($0.43)
Seat 3: 22814922 folded before Flop (didn't bet)
Seat 4: 90298651 folded before Flop (didn't bet)
Seat 5: 4aa21b9a (button) folded before Flop (didn't bet)
Seat 6: Hero (small blind) folded before Flop


Poker Hand #HD1818441464: Hold'em No Limit ($0.05/$0.1) - 2024/06/16 21:18:03
Table 'NLHRed17' 6-max Seat #4 is the button
Seat 1: bce5dc81 ($10.23 in chips)
Seat 2: a27b8816 ($10.93 in chips)
Seat 3: 22814922 ($13.05 in chips)
Seat 4: 90298651 ($20.34 in chips)
Seat 5: 4aa21b9a ($10 in chips)
Seat 6: Hero ($10 in chips)
4aa21b9a: posts small blind $0.05
Hero: posts big blind $0.1
*** HOLE CARDS ***
Dealt to bce5dc81 
Dealt to a27b8816 
Dealt to 22814922 
Dealt to 90298651 
Dealt to 4aa21b9a 
Dealt to Hero [7s 4d]
bce5dc81: folds
a27b8816: folds
22814922: folds
90298651: raises $0.1 to $0.2
4aa21b9a: folds
Hero: folds
Uncalled bet ($0.1) returned to 90298651
*** SHOWDOWN ***
90298651 collected $0.25 from pot
*** SUMMARY ***
Total pot $0.25 | Rake $0 | Jackpot $0 | Bingo $0 | Fortune $0 | Tax $0
Seat 1: bce5dc81 folded before Flop (didn't bet)
Seat 2: a27b8816 folded before Flop (didn't bet)
Seat 3: 22814922 folded before Flop (didn't bet)
Seat 4: 90298651 (button) collected ($0.25)
Seat 5: 4aa21b9a (small blind) folded before Flop
Seat 6: Hero (big blind) folded before Flop


