Poker Hand #HD1720105431: Hold'em No Limit ($0.02/$0.05) - 2024/04/07 21:00:41
Table 'NLHBlue91' 6-max Seat #6 is the button
Seat 3: Hero ($6.33 in chips)
Seat 6: 70cdb0e4 ($3.26 in chips)
70cdb0e4: posts small blind $0.02
Hero: posts big blind $0.05
*** HOLE CARDS ***
Dealt to Hero [Tc 3h]
Dealt to 70cdb0e4 
70cdb0e4: folds
Uncalled bet ($0.03) returned to Hero
*** SHOWDOWN ***
Hero collected $0.04 from pot
*** SUMMARY ***
Total pot $0.04 | Rake $0 | Jackpot $0 | Bingo $0 | Fortune $0 | Tax $0
Seat 3: Hero (big blind) collected ($0.04)
Seat 6: 70cdb0e4 (small blind) folded before Flop


Poker Hand #HD1720105401: Hold'em No Limit ($0.02/$0.05) - 2024/04/07 21:00:31
Table 'NLHBlue91' 6-max Seat #3 is the button
Seat 3: Hero ($6.35 in chips)
Seat 6: 70cdb0e4 ($3.24 in chips)
Hero: posts small blind $0.02
70cdb0e4: posts big blind $0.05
*** HOLE CARDS ***
Dealt to Hero [6s 9c]
Dealt to 70cdb0e4 
Hero: folds
Uncalled bet ($0.03) returned to 70cdb0e4
*** SHOWDOWN ***
70cdb0e4 collected $0.04 from pot
*** SUMMARY ***
Total pot $0.04 | Rake $0 | Jackpot $0 | Bingo $0 | Fortune $0 | Tax $0
Seat 3: Hero (small blind) folded before Flop
Seat 6: 70cdb0e4 (big blind) collected ($0.04)


Poker Hand #HD1720105383: Hold'em No Limit ($0.02/$0.05) - 2024/04/07 21:00:21
Table 'NLHBlue91' 6-max Seat #6 is the button
Seat 3: Hero ($6.4 in chips)
Seat 6: 70cdb0e4 ($3.19 in chips)
70cdb0e4: posts small blind $0.02
Hero: posts big blind $0.05
*** HOLE CARDS ***
Dealt to Hero [3d Qc]
Dealt to 70cdb0e4 
70cdb0e4: raises $0.1 to $0.15
Hero: folds
Uncalled bet ($0.1) returned to 70cdb0e4
*** SHOWDOWN ***
70cdb0e4 collected $0.1 from pot
*** SUMMARY ***
Total pot $0.1 | Rake $0 | Jackpot $0 | Bingo $0 | Fortune $0 | Tax $0
Seat 3: Hero (big blind) folded before Flop
Seat 6: 70cdb0e4 (small blind) collected ($0.1)


Poker Hand #HD1720105345: Hold'em No Limit ($0.02/$0.05) - 2024/04/07 21:00:02
Table 'NLHBlue91' 6-max Seat #5 is the button
Seat 1: e212237f ($3.45 in chips)
Seat 2: a89f77d5 ($4.79 in chips)
Seat 3: Hero ($6.57 in chips)
Seat 5: d077544c ($5 in chips)
Seat 6: 70cdb0e4 ($2.94 in chips)
70cdb0e4: posts small blind $0.02
e212237f: posts big blind $0.05
*** HOLE CARDS ***
Dealt to e212237f 
Dealt to a89f77d5 
Dealt to Hero [Kh Qd]
Dealt to d077544c 
Dealt to 70cdb0e4 
a89f77d5: calls $0.05
Hero: raises $0.12 to $0.17
d077544c: folds
70cdb0e4: raises $0.22 to $0.39
e212237f: folds
a89f77d5: folds
Hero: folds
Uncalled bet ($0.22) returned to 70cdb0e4
*** SHOWDOWN ***
70cdb0e4 collected $0.42 from pot
*** SUMMARY ***
Total pot $0.44 | Rake $0.02 | Jackpot $0 | Bingo $0 | Fortune $0 | Tax $0
Seat 1: e212237f (big blind) folded before Flop
Seat 2: a89f77d5 folded before Flop
Seat 3: Hero folded before Flop
Seat 5: d077544c (button) folded before Flop (didn't bet)
Seat 6: 70cdb0e4 (small blind) collected ($0.42)


Poker Hand #HD1720105180: Hold'em No Limit ($0.02/$0.05) - 2024/04/07 20:58:39
Table 'NLHBlue91' 6-max Seat #3 is the button
Seat 1: e212237f ($3.6 in chips)
Seat 2: a89f77d5 ($4.94 in chips)
Seat 3: Hero ($6.57 in chips)
Seat 4: 9f43e769 ($6.73 in chips)
Seat 5: d077544c ($5.68 in chips)
Seat 6: 70cdb0e4 ($1.41 in chips)
9f43e769: posts small blind $0.02
d077544c: posts big blind $0.05
*** HOLE CARDS ***
Dealt to e212237f 
Dealt to a89f77d5 
Dealt to Hero [9s Qh]
Dealt to 9f43e769 
Dealt to d077544c 
Dealt to 70cdb0e4 
70cdb0e4: raises $0.1 to $0.15
e212237f: calls $0.15
a89f77d5: calls $0.15
Hero: folds
9f43e769: folds
d077544c: calls $0.1
*** FLOP *** [3h 9d 6h]
d077544c: checks
70cdb0e4: checks
e212237f: checks
a89f77d5: checks
*** TURN *** [3h 9d 6h] [2c]
d077544c: checks
70cdb0e4: bets $0.47
e212237f: folds
a89f77d5: folds
d077544c: calls $0.47
*** RIVER *** [3h 9d 6h 2c] [6c]
d077544c: checks
70cdb0e4: bets $0.79 and is all-in
d077544c: calls $0.79
70cdb0e4: shows [3s Js] (Pair of Sixes and Pair of Treys)
d077544c: shows [5h 2h] (Pair of Sixes and Pair of Twos)
*** SHOWDOWN ***
70cdb0e4 collected $2.94 from pot
*** SUMMARY ***
Total pot $3.14 | Rake $0.15 | Jackpot $0.05 | Bingo $0 | Fortune $0 | Tax $0
Board [3h 9d 6h 2c 6c]
Seat 1: e212237f folded on the Turn
Seat 2: a89f77d5 folded on the Turn
Seat 3: Hero (button) folded before Flop (didn't bet)
Seat 4: 9f43e769 (small blind) folded before Flop
Seat 5: d077544c (big blind) showed [5h 2h] and lost with Pair of Sixes and Pair of Twos
Seat 6: 70cdb0e4 showed [3s Js] and won ($2.94) with Pair of Sixes and Pair of Treys


Poker Hand #HD1720105114: Hold'em No Limit ($0.02/$0.05) - 2024/04/07 20:57:56
Table 'NLHBlue91' 6-max Seat #2 is the button
Seat 1: e212237f ($3.6 in chips)
Seat 2: a89f77d5 ($4.87 in chips)
Seat 3: Hero ($6.59 in chips)
Seat 4: 9f43e769 ($6.78 in chips)
Seat 5: d077544c ($5.68 in chips)
Seat 6: 70cdb0e4 ($1.41 in chips)
Hero: posts small blind $0.02
9f43e769: posts big blind $0.05
*** HOLE CARDS ***
Dealt to e212237f 
Dealt to a89f77d5 
Dealt to Hero [4s 8s]
Dealt to 9f43e769 
Dealt to d077544c 
Dealt to 70cdb0e4 
d077544c: folds
70cdb0e4: folds
e212237f: folds
a89f77d5: calls $0.05
Hero: folds
9f43e769: checks
*** FLOP *** [Tc 6d 4h]
9f43e769: checks
a89f77d5: checks
*** TURN *** [Tc 6d 4h] [7s]
9f43e769: checks
a89f77d5: bets $0.06
9f43e769: folds
Uncalled bet ($0.06) returned to a89f77d5
*** SHOWDOWN ***
a89f77d5 collected $0.12 from pot
*** SUMMARY ***
Total pot $0.12 | Rake $0 | Jackpot $0 | Bingo $0 | Fortune $0 | Tax $0
Board [Tc 6d 4h 7s]
Seat 1: e212237f folded before Flop (didn't bet)
Seat 2: a89f77d5 (button) won ($0.12)
Seat 3: Hero (small blind) folded before Flop
Seat 4: 9f43e769 (big blind) folded on the Turn
Seat 5: d077544c folded before Flop (didn't bet)
Seat 6: 70cdb0e4 folded before Flop (didn't bet)


Poker Hand #HD1720105078: Hold'em No Limit ($0.02/$0.05) - 2024/04/07 20:57:34
Table 'NLHBlue91' 6-max Seat #1 is the button
Seat 1: e212237f ($3.6 in chips)
Seat 2: a89f77d5 ($4.89 in chips)
Seat 3: Hero ($6.64 in chips)
Seat 4: 9f43e769 ($6.78 in chips)
Seat 5: d077544c ($5.68 in chips)
Seat 6: 70cdb0e4 ($1.34 in chips)
a89f77d5: posts small blind $0.02
Hero: posts big blind $0.05
*** HOLE CARDS ***
Dealt to e212237f 
Dealt to a89f77d5 
Dealt to Hero [2h Tc]
Dealt to 9f43e769 
Dealt to d077544c 
Dealt to 70cdb0e4 
9f43e769: folds
d077544c: folds
70cdb0e4: raises $0.15 to $0.2
e212237f: folds
a89f77d5: folds
Hero: folds
Uncalled bet ($0.15) returned to 70cdb0e4
*** SHOWDOWN ***
70cdb0e4 collected $0.12 from pot
*** SUMMARY ***
Total pot $0.12 | Rake $0 | Jackpot $0 | Bingo $0 | Fortune $0 | Tax $0
Seat 1: e212237f (button) folded before Flop (didn't bet)
Seat 2: a89f77d5 (small blind) folded before Flop
Seat 3: Hero (big blind) folded before Flop
Seat 4: 9f43e769 folded before Flop (didn't bet)
Seat 5: d077544c folded before Flop (didn't bet)
Seat 6: 70cdb0e4 collected ($0.12)


Poker Hand #HD1720104999: Hold'em No Limit ($0.02/$0.05) - 2024/04/07 20:56:42
Table 'NLHBlue91' 6-max Seat #6 is the button
Seat 1: e212237f ($3.62 in chips)
Seat 2: a89f77d5 ($3.05 in chips)
Seat 3: Hero ($6.64 in chips)
Seat 5: d077544c ($7.75 in chips)
Seat 6: 70cdb0e4 ($1.34 in chips)
e212237f: posts small blind $0.02
a89f77d5: posts big blind $0.05
*** HOLE CARDS ***
Dealt to e212237f 
Dealt to a89f77d5 
Dealt to Hero [Ks 3s]
Dealt to d077544c 
Dealt to 70cdb0e4 
Hero: folds
d077544c: raises $0.07 to $0.12
70cdb0e4: folds
e212237f: folds
a89f77d5: calls $0.07
*** FLOP *** [4s Tc Qh]
a89f77d5: bets $0.2
d077544c: calls $0.2
*** TURN *** [4s Tc Qh] [6h]
a89f77d5: bets $0.5
d077544c: calls $0.5
*** RIVER *** [4s Tc Qh 6h] [2d]
a89f77d5: bets $1.25
d077544c: calls $1.25
a89f77d5: shows [Qc Kh] (Pair of Queens)
d077544c: shows [Js Qd] (Pair of Queens)
*** SHOWDOWN ***
a89f77d5 collected $3.91 from pot
*** SUMMARY ***
Total pot $4.16 | Rake $0.2 | Jackpot $0.05 | Bingo $0 | Fortune $0 | Tax $0
Board [4s Tc Qh 6h 2d]
Seat 1: e212237f (small blind) folded before Flop
Seat 2: a89f77d5 (big blind) showed [Qc Kh] and won ($3.91) with Pair of Queens
Seat 3: Hero folded before Flop (didn't bet)
Seat 5: d077544c showed [Js Qd] and lost with Pair of Queens
Seat 6: 70cdb0e4 (button) folded before Flop (didn't bet)


Poker Hand #HD1720104958: Hold'em No Limit ($0.02/$0.05) - 2024/04/07 20:56:19
Table 'NLHBlue91' 6-max Seat #5 is the button
Seat 1: e212237f ($3.67 in chips)
Seat 3: Hero ($6.64 in chips)
Seat 5: d077544c ($7.87 in chips)
Seat 6: 70cdb0e4 ($1.18 in chips)
70cdb0e4: posts small blind $0.02
e212237f: posts big blind $0.05
*** HOLE CARDS ***
Dealt to e212237f 
Dealt to Hero [4h 5d]
Dealt to d077544c 
Dealt to 70cdb0e4 
Hero: folds
d077544c: raises $0.07 to $0.12
70cdb0e4: raises $0.15 to $0.27
e212237f: folds
d077544c: folds
Uncalled bet ($0.15) returned to 70cdb0e4
*** SHOWDOWN ***
70cdb0e4 collected $0.28 from pot
*** SUMMARY ***
Total pot $0.29 | Rake $0.01 | Jackpot $0 | Bingo $0 | Fortune $0 | Tax $0
Seat 1: e212237f (big blind) folded before Flop
Seat 3: Hero folded before Flop (didn't bet)
Seat 5: d077544c (button) folded before Flop
Seat 6: 70cdb0e4 (small blind) collected ($0.28)


Poker Hand #HD1720104920: Hold'em No Limit ($0.02/$0.05) - 2024/04/07 20:55:57
Table 'NLHBlue91' 6-max Seat #3 is the button
Seat 1: e212237f ($3.67 in chips)
Seat 3: Hero ($6.64 in chips)
Seat 4: 9f43e769 ($6.8 in chips)
Seat 5: d077544c ($7.85 in chips)
9f43e769: posts small blind $0.02
d077544c: posts big blind $0.05
*** HOLE CARDS ***
Dealt to e212237f 
Dealt to Hero [Ah 2s]
Dealt to 9f43e769 
Dealt to d077544c 
e212237f: folds
Hero: folds
9f43e769: folds
Uncalled bet ($0.03) returned to d077544c
*** SHOWDOWN ***
d077544c collected $0.04 from pot
*** SUMMARY ***
Total pot $0.04 | Rake $0 | Jackpot $0 | Bingo $0 | Fortune $0 | Tax $0
Seat 1: e212237f folded before Flop (didn't bet)
Seat 3: Hero (button) folded before Flop (didn't bet)
Seat 4: 9f43e769 (small blind) folded before Flop
Seat 5: d077544c (big blind) collected ($0.04)


Poker Hand #HD1720104904: Hold'em No Limit ($0.02/$0.05) - 2024/04/07 20:55:48
Table 'NLHBlue91' 6-max Seat #1 is the button
Seat 1: e212237f ($3.67 in chips)
Seat 3: Hero ($6.66 in chips)
Seat 4: 9f43e769 ($6.78 in chips)
Seat 5: d077544c ($7.85 in chips)
Hero: posts small blind $0.02
9f43e769: posts big blind $0.05
*** HOLE CARDS ***
Dealt to e212237f 
Dealt to Hero [Jh 4s]
Dealt to 9f43e769 
Dealt to d077544c 
d077544c: folds
e212237f: folds
Hero: folds
Uncalled bet ($0.03) returned to 9f43e769
*** SHOWDOWN ***
9f43e769 collected $0.04 from pot
*** SUMMARY ***
Total pot $0.04 | Rake $0 | Jackpot $0 | Bingo $0 | Fortune $0 | Tax $0
Seat 1: e212237f (button) folded before Flop (didn't bet)
Seat 3: Hero (small blind) folded before Flop
Seat 4: 9f43e769 (big blind) collected ($0.04)
Seat 5: d077544c folded before Flop (didn't bet)


Poker Hand #HD1720104860: Hold'em No Limit ($0.02/$0.05) - 2024/04/07 20:55:21
Table 'NLHBlue91' 6-max Seat #5 is the button
Seat 1: e212237f ($3.72 in chips)
Seat 3: Hero ($6.66 in chips)
Seat 4: 9f43e769 ($6.78 in chips)
Seat 5: d077544c ($7.78 in chips)
Seat 6: 70cdb0e4 ($1.2 in chips)
70cdb0e4: posts small blind $0.02
e212237f: posts big blind $0.05
*** HOLE CARDS ***
Dealt to e212237f 
Dealt to Hero [2h Th]
Dealt to 9f43e769 
Dealt to d077544c 
Dealt to 70cdb0e4 
Hero: folds
9f43e769: folds
d077544c: raises $0.07 to $0.12
70cdb0e4: folds
e212237f: folds
Uncalled bet ($0.07) returned to d077544c
*** SHOWDOWN ***
d077544c collected $0.12 from pot
*** SUMMARY ***
Total pot $0.12 | Rake $0 | Jackpot $0 | Bingo $0 | Fortune $0 | Tax $0
Seat 1: e212237f (big blind) folded before Flop
Seat 3: Hero folded before Flop (didn't bet)
Seat 4: 9f43e769 folded before Flop (didn't bet)
Seat 5: d077544c (button) collected ($0.12)
Seat 6: 70cdb0e4 (small blind) folded before Flop


Poker Hand #HD1720104768: Hold'em No Limit ($0.02/$0.05) - 2024/04/07 20:54:30
Table 'NLHBlue91' 6-max Seat #4 is the button
Seat 1: e212237f ($4.12 in chips)
Seat 3: Hero ($6.23 in chips)
Seat 4: 9f43e769 ($6.78 in chips)
Seat 5: d077544c ($7.8 in chips)
Seat 6: 70cdb0e4 ($1.25 in chips)
d077544c: posts small blind $0.02
70cdb0e4: posts big blind $0.05
*** HOLE CARDS ***
Dealt to e212237f 
Dealt to Hero [Ad Qc]
Dealt to 9f43e769 
Dealt to d077544c 
Dealt to 70cdb0e4 
e212237f: raises $0.07 to $0.12
Hero: raises $0.28 to $0.4
9f43e769: folds
d077544c: folds
70cdb0e4: folds
e212237f: calls $0.28
*** FLOP *** [8s Jd Ac]
e212237f: checks
Hero: bets $0.3
e212237f: folds
Uncalled bet ($0.3) returned to Hero
*** SHOWDOWN ***
Hero collected $0.83 from pot
*** SUMMARY ***
Total pot $0.87 | Rake $0.04 | Jackpot $0 | Bingo $0 | Fortune $0 | Tax $0
Board [8s Jd Ac]
Seat 1: e212237f folded on the Flop
Seat 3: Hero won ($0.83)
Seat 4: 9f43e769 (button) folded before Flop (didn't bet)
Seat 5: d077544c (small blind) folded before Flop
Seat 6: 70cdb0e4 (big blind) folded before Flop


Poker Hand #HD1720104670: Hold'em No Limit ($0.02/$0.05) - 2024/04/07 20:53:30
Table 'NLHBlue91' 6-max Seat #3 is the button
Seat 1: e212237f ($4 in chips)
Seat 3: Hero ($6.23 in chips)
Seat 4: 9f43e769 ($6.8 in chips)
Seat 5: d077544c ($7.85 in chips)
Seat 6: 70cdb0e4 ($1.3 in chips)
9f43e769: posts small blind $0.02
d077544c: posts big blind $0.05
e212237f: posts big blind $0.05
*** HOLE CARDS ***
Dealt to e212237f 
Dealt to Hero [7d Qd]
Dealt to 9f43e769 
Dealt to d077544c 
Dealt to 70cdb0e4 
70cdb0e4: calls $0.05
e212237f: checks
Hero: folds
9f43e769: folds
d077544c: checks
*** FLOP *** [Qc 7c 8d]
d077544c: checks
70cdb0e4: checks
e212237f: checks
*** TURN *** [Qc 7c 8d] [6d]
d077544c: checks
70cdb0e4: checks
e212237f: bets $0.16
d077544c: folds
70cdb0e4: folds
Uncalled bet ($0.16) returned to e212237f
*** SHOWDOWN ***
e212237f collected $0.17 from pot
*** SUMMARY ***
Total pot $0.17 | Rake $0 | Jackpot $0 | Bingo $0 | Fortune $0 | Tax $0
Board [Qc 7c 8d 6d]
Seat 1: e212237f won ($0.17)
Seat 3: Hero (button) folded before Flop (didn't bet)
Seat 4: 9f43e769 (small blind) folded before Flop
Seat 5: d077544c (big blind) folded on the Turn
Seat 6: 70cdb0e4 folded on the Turn


Poker Hand #HD1720104593: Hold'em No Limit ($0.02/$0.05) - 2024/04/07 20:52:38
Table 'NLHBlue91' 6-max Seat #6 is the button
Seat 3: Hero ($6.25 in chips)
Seat 4: 9f43e769 ($7.47 in chips)
Seat 5: d077544c ($7.85 in chips)
Seat 6: 70cdb0e4 ($0.67 in chips)
Hero: posts small blind $0.02
9f43e769: posts big blind $0.05
*** HOLE CARDS ***
Dealt to Hero [Kd 9h]
Dealt to 9f43e769 
Dealt to d077544c 
Dealt to 70cdb0e4 
d077544c: folds
70cdb0e4: raises $0.1 to $0.15
Hero: folds
9f43e769: calls $0.1
*** FLOP *** [Ad 2c 6s]
9f43e769: bets $0.22
70cdb0e4: calls $0.22
*** TURN *** [Ad 2c 6s] [4s]
9f43e769: bets $0.51
70cdb0e4: calls $0.3 and is all-in
Uncalled bet ($0.21) returned to 9f43e769
9f43e769: shows [Ac Jd] (Pair of Aces)
70cdb0e4: shows [Js 8s] (Ace-High)
*** RIVER *** [Ad 2c 6s 4s] [Ks]
*** SHOWDOWN ***
70cdb0e4 collected $1.3 from pot
*** SUMMARY ***
Total pot $1.36 | Rake $0.06 | Jackpot $0 | Bingo $0 | Fortune $0 | Tax $0
Board [Ad 2c 6s 4s Ks]
Seat 3: Hero (small blind) folded before Flop
Seat 4: 9f43e769 (big blind) showed [Ac Jd] and lost with Pair of Aces
Seat 5: d077544c folded before Flop (didn't bet)
Seat 6: 70cdb0e4 (button) showed [Js 8s] and won ($1.3) with King High Flush


Poker Hand #HD1720104547: Hold'em No Limit ($0.02/$0.05) - 2024/04/07 20:52:11
Table 'NLHBlue91' 6-max Seat #5 is the button
Seat 1: ca2ad450 ($1.23 in chips)
Seat 3: Hero ($6.25 in chips)
Seat 4: 9f43e769 ($7.47 in chips)
Seat 5: d077544c ($7.69 in chips)
Seat 6: 70cdb0e4 ($0.79 in chips)
70cdb0e4: posts small blind $0.02
ca2ad450: posts big blind $0.05
*** HOLE CARDS ***
Dealt to ca2ad450 
Dealt to Hero [Qd 7s]
Dealt to 9f43e769 
Dealt to d077544c 
Dealt to 70cdb0e4 
Hero: folds
9f43e769: folds
d077544c: raises $0.07 to $0.12
70cdb0e4: calls $0.1
ca2ad450: folds
*** FLOP *** [2s 3d 8d]
70cdb0e4: checks
d077544c: bets $0.1
70cdb0e4: folds
Uncalled bet ($0.1) returned to d077544c
*** SHOWDOWN ***
d077544c collected $0.28 from pot
*** SUMMARY ***
Total pot $0.29 | Rake $0.01 | Jackpot $0 | Bingo $0 | Fortune $0 | Tax $0
Board [2s 3d 8d]
Seat 1: ca2ad450 (big blind) folded before Flop
Seat 3: Hero folded before Flop (didn't bet)
Seat 4: 9f43e769 folded before Flop (didn't bet)
Seat 5: d077544c (button) won ($0.28)
Seat 6: 70cdb0e4 (small blind) folded on the Flop


Poker Hand #HD1720104467: Hold'em No Limit ($0.02/$0.05) - 2024/04/07 20:51:24
Table 'NLHBlue91' 6-max Seat #4 is the button
Seat 2: de8aec2d ($6.53 in chips)
Seat 3: Hero ($6.25 in chips)
Seat 4: 9f43e769 ($7.47 in chips)
Seat 5: d077544c ($7.71 in chips)
Seat 6: 70cdb0e4 ($1 in chips)
d077544c: posts small blind $0.02
70cdb0e4: posts big blind $0.05
*** HOLE CARDS ***
Dealt to de8aec2d 
Dealt to Hero [6s Qs]
Dealt to 9f43e769 
Dealt to d077544c 
Dealt to 70cdb0e4 
de8aec2d: raises $0.05 to $0.1
Hero: folds
9f43e769: folds
d077544c: folds
70cdb0e4: raises $0.11 to $0.21
de8aec2d: calls $0.11
*** FLOP *** [Kd 5c 7h]
70cdb0e4: checks
de8aec2d: bets $0.15
70cdb0e4: folds
Uncalled bet ($0.15) returned to de8aec2d
*** SHOWDOWN ***
de8aec2d collected $0.42 from pot
*** SUMMARY ***
Total pot $0.44 | Rake $0.02 | Jackpot $0 | Bingo $0 | Fortune $0 | Tax $0
Board [Kd 5c 7h]
Seat 2: de8aec2d won ($0.42)
Seat 3: Hero folded before Flop (didn't bet)
Seat 4: 9f43e769 (button) folded before Flop (didn't bet)
Seat 5: d077544c (small blind) folded before Flop
Seat 6: 70cdb0e4 (big blind) folded on the Flop


Poker Hand #HD1720104364: Hold'em No Limit ($0.02/$0.05) - 2024/04/07 20:50:24
Table 'NLHBlue91' 6-max Seat #3 is the button
Seat 2: de8aec2d ($6.53 in chips)
Seat 3: Hero ($6.25 in chips)
Seat 4: 9f43e769 ($7.57 in chips)
Seat 5: d077544c ($7.62 in chips)
9f43e769: posts small blind $0.02
d077544c: posts big blind $0.05
*** HOLE CARDS ***
Dealt to de8aec2d 
Dealt to Hero [Qh 3h]
Dealt to 9f43e769 
Dealt to d077544c 
de8aec2d: folds
Hero: folds
9f43e769: calls $0.03
d077544c: checks
*** FLOP *** [6c 6d 2d]
9f43e769: checks
d077544c: bets $0.05
9f43e769: calls $0.05
*** TURN *** [6c 6d 2d] [7h]
9f43e769: checks
d077544c: checks
*** RIVER *** [6c 6d 2d 7h] [2h]
9f43e769: checks
d077544c: bets $0.15
9f43e769: folds
Uncalled bet ($0.15) returned to d077544c
*** SHOWDOWN ***
d077544c collected $0.19 from pot
*** SUMMARY ***
Total pot $0.2 | Rake $0.01 | Jackpot $0 | Bingo $0 | Fortune $0 | Tax $0
Board [6c 6d 2d 7h 2h]
Seat 2: de8aec2d folded before Flop (didn't bet)
Seat 3: Hero (button) folded before Flop (didn't bet)
Seat 4: 9f43e769 (small blind) folded on the River
Seat 5: d077544c (big blind) won ($0.19)


Poker Hand #HD1720104353: Hold'em No Limit ($0.02/$0.05) - 2024/04/07 20:50:16
Table 'NLHBlue91' 6-max Seat #2 is the button
Seat 2: de8aec2d ($6.53 in chips)
Seat 3: Hero ($6.27 in chips)
Seat 4: 9f43e769 ($7.55 in chips)
Seat 5: d077544c ($7.62 in chips)
Hero: posts small blind $0.02
9f43e769: posts big blind $0.05
*** HOLE CARDS ***
Dealt to de8aec2d 
Dealt to Hero [7c 3d]
Dealt to 9f43e769 
Dealt to d077544c 
d077544c: folds
de8aec2d: folds
Hero: folds
Uncalled bet ($0.03) returned to 9f43e769
*** SHOWDOWN ***
9f43e769 collected $0.04 from pot
*** SUMMARY ***
Total pot $0.04 | Rake $0 | Jackpot $0 | Bingo $0 | Fortune $0 | Tax $0
Seat 2: de8aec2d (button) folded before Flop (didn't bet)
Seat 3: Hero (small blind) folded before Flop
Seat 4: 9f43e769 (big blind) collected ($0.04)
Seat 5: d077544c folded before Flop (didn't bet)


Poker Hand #HD1720104317: Hold'em No Limit ($0.02/$0.05) - 2024/04/07 20:50:01
Table 'NLHBlue91' 6-max Seat #5 is the button
Seat 2: de8aec2d ($6.55 in chips)
Seat 3: Hero ($6.32 in chips)
Seat 4: 9f43e769 ($7.55 in chips)
Seat 5: d077544c ($7.55 in chips)
de8aec2d: posts small blind $0.02
Hero: posts big blind $0.05
*** HOLE CARDS ***
Dealt to de8aec2d 
Dealt to Hero [7c 8d]
Dealt to 9f43e769 
Dealt to d077544c 
9f43e769: folds
d077544c: raises $0.07 to $0.12
de8aec2d: folds
Hero: folds
Uncalled bet ($0.07) returned to d077544c
*** SHOWDOWN ***
d077544c collected $0.12 from pot
*** SUMMARY ***
Total pot $0.12 | Rake $0 | Jackpot $0 | Bingo $0 | Fortune $0 | Tax $0
Seat 2: de8aec2d (small blind) folded before Flop
Seat 3: Hero (big blind) folded before Flop
Seat 4: 9f43e769 folded before Flop (didn't bet)
Seat 5: d077544c (button) collected ($0.12)


Poker Hand #HD1720104286: Hold'em No Limit ($0.02/$0.05) - 2024/04/07 20:49:42
Table 'NLHBlue91' 6-max Seat #4 is the button
Seat 2: de8aec2d ($6.6 in chips)
Seat 3: Hero ($6.45 in chips)
Seat 4: 9f43e769 ($7.55 in chips)
Seat 5: d077544c ($7.38 in chips)
d077544c: posts small blind $0.02
de8aec2d: posts big blind $0.05
*** HOLE CARDS ***
Dealt to de8aec2d 
Dealt to Hero [Js Qh]
Dealt to 9f43e769 
Dealt to d077544c 
Hero: raises $0.08 to $0.13
9f43e769: folds
d077544c: raises $0.47 to $0.6
de8aec2d: folds
Hero: folds
Uncalled bet ($0.47) returned to d077544c
*** SHOWDOWN ***
d077544c collected $0.3 from pot
*** SUMMARY ***
Total pot $0.31 | Rake $0.01 | Jackpot $0 | Bingo $0 | Fortune $0 | Tax $0
Seat 2: de8aec2d (big blind) folded before Flop
Seat 3: Hero folded before Flop
Seat 4: 9f43e769 (button) folded before Flop (didn't bet)
Seat 5: d077544c (small blind) collected ($0.3)


Poker Hand #HD1720104195: Hold'em No Limit ($0.02/$0.05) - 2024/04/07 20:48:38
Table 'NLHBlue91' 6-max Seat #3 is the button
Seat 1: b66a5665 ($0.68 in chips)
Seat 2: de8aec2d ($6.6 in chips)
Seat 3: Hero ($6.45 in chips)
Seat 4: 9f43e769 ($7.57 in chips)
Seat 5: d077544c ($6.74 in chips)
9f43e769: posts small blind $0.02
d077544c: posts big blind $0.05
*** HOLE CARDS ***
Dealt to b66a5665 
Dealt to de8aec2d 
Dealt to Hero [9s Qh]
Dealt to 9f43e769 
Dealt to d077544c 
b66a5665: raises $0.15 to $0.2
de8aec2d: folds
Hero: folds
9f43e769: folds
d077544c: raises $6.54 to $6.74 and is all-in
b66a5665: calls $0.48 and is all-in
Uncalled bet ($6.06) returned to d077544c
d077544c: shows [Jh As]
b66a5665: shows [3c 7c]
*** FLOP *** [4s Ah 5c]
*** TURN *** [4s Ah 5c] [Kh]
*** RIVER *** [4s Ah 5c Kh] [7s]
*** SHOWDOWN ***
d077544c collected $1.32 from pot
*** SUMMARY ***
Total pot $1.38 | Rake $0.06 | Jackpot $0 | Bingo $0 | Fortune $0 | Tax $0
Board [4s Ah 5c Kh 7s]
Seat 1: b66a5665 showed [3c 7c] and lost with Pair of Sevens
Seat 2: de8aec2d folded before Flop (didn't bet)
Seat 3: Hero (button) folded before Flop (didn't bet)
Seat 4: 9f43e769 (small blind) folded before Flop
Seat 5: d077544c (big blind) showed [Jh As] and won ($1.32) with Pair of Aces


Poker Hand #HD1720104177: Hold'em No Limit ($0.02/$0.05) - 2024/04/07 20:48:26
Table 'NLHBlue91' 6-max Seat #2 is the button
Seat 1: b66a5665 ($0.68 in chips)
Seat 2: de8aec2d ($6.6 in chips)
Seat 3: Hero ($6.47 in chips)
Seat 4: 9f43e769 ($7.55 in chips)
Seat 5: d077544c ($6.74 in chips)
Hero: posts small blind $0.02
9f43e769: posts big blind $0.05
*** HOLE CARDS ***
Dealt to b66a5665 
Dealt to de8aec2d 
Dealt to Hero [Qh 4d]
Dealt to 9f43e769 
Dealt to d077544c 
d077544c: folds
b66a5665: folds
de8aec2d: folds
Hero: folds
Uncalled bet ($0.03) returned to 9f43e769
*** SHOWDOWN ***
9f43e769 collected $0.04 from pot
*** SUMMARY ***
Total pot $0.04 | Rake $0 | Jackpot $0 | Bingo $0 | Fortune $0 | Tax $0
Seat 1: b66a5665 folded before Flop (didn't bet)
Seat 2: de8aec2d (button) folded before Flop (didn't bet)
Seat 3: Hero (small blind) folded before Flop
Seat 4: 9f43e769 (big blind) collected ($0.04)
Seat 5: d077544c folded before Flop (didn't bet)


Poker Hand #HD1720104146: Hold'em No Limit ($0.02/$0.05) - 2024/04/07 20:48:09
Table 'NLHBlue91' 6-max Seat #1 is the button
Seat 1: b66a5665 ($0.61 in chips)
Seat 2: de8aec2d ($6.62 in chips)
Seat 3: Hero ($6.52 in chips)
Seat 4: 9f43e769 ($7.55 in chips)
Seat 5: d077544c ($6.74 in chips)
de8aec2d: posts small blind $0.02
Hero: posts big blind $0.05
*** HOLE CARDS ***
Dealt to b66a5665 
Dealt to de8aec2d 
Dealt to Hero [3c 6s]
Dealt to 9f43e769 
Dealt to d077544c 
9f43e769: folds
d077544c: folds
b66a5665: raises $0.15 to $0.2
de8aec2d: folds
Hero: folds
Uncalled bet ($0.15) returned to b66a5665
*** SHOWDOWN ***
b66a5665 collected $0.12 from pot
*** SUMMARY ***
Total pot $0.12 | Rake $0 | Jackpot $0 | Bingo $0 | Fortune $0 | Tax $0
Seat 1: b66a5665 (button) collected ($0.12)
Seat 2: de8aec2d (small blind) folded before Flop
Seat 3: Hero (big blind) folded before Flop
Seat 4: 9f43e769 folded before Flop (didn't bet)
Seat 5: d077544c folded before Flop (didn't bet)


Poker Hand #HD1720104112: Hold'em No Limit ($0.02/$0.05) - 2024/04/07 20:47:49
Table 'NLHBlue91' 6-max Seat #5 is the button
Seat 1: b66a5665 ($0.63 in chips)
Seat 2: de8aec2d ($6.67 in chips)
Seat 3: Hero ($6.45 in chips)
Seat 4: 9f43e769 ($7.55 in chips)
Seat 5: d077544c ($6.74 in chips)
b66a5665: posts small blind $0.02
de8aec2d: posts big blind $0.05
*** HOLE CARDS ***
Dealt to b66a5665 
Dealt to de8aec2d 
Dealt to Hero [Td Tc]
Dealt to 9f43e769 
Dealt to d077544c 
Hero: raises $0.05 to $0.1
9f43e769: folds
d077544c: folds
b66a5665: folds
de8aec2d: folds
Uncalled bet ($0.05) returned to Hero
*** SHOWDOWN ***
Hero collected $0.12 from pot
*** SUMMARY ***
Total pot $0.12 | Rake $0 | Jackpot $0 | Bingo $0 | Fortune $0 | Tax $0
Seat 1: b66a5665 (small blind) folded before Flop
Seat 2: de8aec2d (big blind) folded before Flop
Seat 3: Hero collected ($0.12)
Seat 4: 9f43e769 folded before Flop (didn't bet)
Seat 5: d077544c (button) folded before Flop (didn't bet)


Poker Hand #HD1720104078: Hold'em No Limit ($0.02/$0.05) - 2024/04/07 20:47:30
Table 'NLHBlue91' 6-max Seat #4 is the button
Seat 1: b66a5665 ($0.68 in chips)
Seat 2: de8aec2d ($6.67 in chips)
Seat 3: Hero ($6.45 in chips)
Seat 4: 9f43e769 ($7.48 in chips)
Seat 5: d077544c ($6.76 in chips)
d077544c: posts small blind $0.02
b66a5665: posts big blind $0.05
*** HOLE CARDS ***
Dealt to b66a5665 
Dealt to de8aec2d 
Dealt to Hero [Qh 7c]
Dealt to 9f43e769 
Dealt to d077544c 
de8aec2d: folds
Hero: folds
9f43e769: raises $0.08 to $0.13
d077544c: folds
b66a5665: folds
Uncalled bet ($0.08) returned to 9f43e769
*** SHOWDOWN ***
9f43e769 collected $0.12 from pot
*** SUMMARY ***
Total pot $0.12 | Rake $0 | Jackpot $0 | Bingo $0 | Fortune $0 | Tax $0
Seat 1: b66a5665 (big blind) folded before Flop
Seat 2: de8aec2d folded before Flop (didn't bet)
Seat 3: Hero folded before Flop (didn't bet)
Seat 4: 9f43e769 (button) collected ($0.12)
Seat 5: d077544c (small blind) folded before Flop


Poker Hand #HD1720104050: Hold'em No Limit ($0.02/$0.05) - 2024/04/07 20:47:12
Table 'NLHBlue91' 6-max Seat #3 is the button
Seat 1: b66a5665 ($0.68 in chips)
Seat 2: de8aec2d ($6.67 in chips)
Seat 3: Hero ($6.45 in chips)
Seat 4: 9f43e769 ($7.5 in chips)
Seat 5: d077544c ($6.74 in chips)
9f43e769: posts small blind $0.02
d077544c: posts big blind $0.05
*** HOLE CARDS ***
Dealt to b66a5665 
Dealt to de8aec2d 
Dealt to Hero [2c Td]
Dealt to 9f43e769 
Dealt to d077544c 
b66a5665: folds
de8aec2d: folds
Hero: folds
9f43e769: folds
Uncalled bet ($0.03) returned to d077544c
*** SHOWDOWN ***
d077544c collected $0.04 from pot
*** SUMMARY ***
Total pot $0.04 | Rake $0 | Jackpot $0 | Bingo $0 | Fortune $0 | Tax $0
Seat 1: b66a5665 folded before Flop (didn't bet)
Seat 2: de8aec2d folded before Flop (didn't bet)
Seat 3: Hero (button) folded before Flop (didn't bet)
Seat 4: 9f43e769 (small blind) folded before Flop
Seat 5: d077544c (big blind) collected ($0.04)


Poker Hand #HD1720103949: Hold'em No Limit ($0.02/$0.05) - 2024/04/07 20:46:12
Table 'NLHBlue91' 6-max Seat #2 is the button
Seat 1: b66a5665 ($0.68 in chips)
Seat 2: de8aec2d ($6.67 in chips)
Seat 3: Hero ($6.47 in chips)
Seat 4: 9f43e769 ($7.55 in chips)
Seat 5: d077544c ($5.38 in chips)
Seat 6: 70cdb0e4 ($1.48 in chips)
Hero: posts small blind $0.02
9f43e769: posts big blind $0.05
*** HOLE CARDS ***
Dealt to b66a5665 
Dealt to de8aec2d 
Dealt to Hero [8c 4h]
Dealt to 9f43e769 
Dealt to d077544c 
Dealt to 70cdb0e4 
d077544c: raises $0.06 to $0.11
70cdb0e4: raises $0.29 to $0.4
b66a5665: folds
de8aec2d: folds
Hero: folds
9f43e769: folds
d077544c: raises $4.98 to $5.38 and is all-in
70cdb0e4: calls $1.08 and is all-in
Uncalled bet ($3.9) returned to d077544c
d077544c: shows [Tc Ts]
70cdb0e4: shows [Ks Ad]
*** FLOP *** [4d 7h Qc]
*** TURN *** [4d 7h Qc] [7s]
*** RIVER *** [4d 7h Qc 7s] [6h]
*** SHOWDOWN ***
d077544c collected $2.84 from pot
*** SUMMARY ***
Total pot $3.03 | Rake $0.14 | Jackpot $0.05 | Bingo $0 | Fortune $0 | Tax $0
Board [4d 7h Qc 7s 6h]
Seat 1: b66a5665 folded before Flop (didn't bet)
Seat 2: de8aec2d (button) folded before Flop (didn't bet)
Seat 3: Hero (small blind) folded before Flop
Seat 4: 9f43e769 (big blind) folded before Flop
Seat 5: d077544c showed [Tc Ts] and won ($2.84) with Pair of Tens and Pair of Sevens
Seat 6: 70cdb0e4 showed [Ks Ad] and lost with Pair of Sevens


Poker Hand #HD1720103887: Hold'em No Limit ($0.02/$0.05) - 2024/04/07 20:45:33
Table 'NLHBlue91' 6-max Seat #1 is the button
Seat 1: b66a5665 ($1.11 in chips)
Seat 2: de8aec2d ($6.69 in chips)
Seat 3: Hero ($6.52 in chips)
Seat 4: 9f43e769 ($7.55 in chips)
Seat 5: d077544c ($5.38 in chips)
Seat 6: 70cdb0e4 ($1.02 in chips)
de8aec2d: posts small blind $0.02
Hero: posts big blind $0.05
*** HOLE CARDS ***
Dealt to b66a5665 
Dealt to de8aec2d 
Dealt to Hero [7c 9h]
Dealt to 9f43e769 
Dealt to d077544c 
Dealt to 70cdb0e4 
9f43e769: folds
d077544c: folds
70cdb0e4: raises $0.1 to $0.15
b66a5665: calls $0.15
de8aec2d: folds
Hero: folds
*** FLOP *** [5s Kh Ac]
70cdb0e4: bets $0.28
b66a5665: calls $0.28
*** TURN *** [5s Kh Ac] [4s]
70cdb0e4: bets $0.59 and is all-in
b66a5665: folds
Uncalled bet ($0.59) returned to 70cdb0e4
*** SHOWDOWN ***
70cdb0e4 collected $0.89 from pot
*** SUMMARY ***
Total pot $0.93 | Rake $0.04 | Jackpot $0 | Bingo $0 | Fortune $0 | Tax $0
Board [5s Kh Ac 4s]
Seat 1: b66a5665 (button) folded on the Turn
Seat 2: de8aec2d (small blind) folded before Flop
Seat 3: Hero (big blind) folded before Flop
Seat 4: 9f43e769 folded before Flop (didn't bet)
Seat 5: d077544c folded before Flop (didn't bet)
Seat 6: 70cdb0e4 won ($0.89)


Poker Hand #HD1720103852: Hold'em No Limit ($0.02/$0.05) - 2024/04/07 20:45:09
Table 'NLHBlue91' 6-max Seat #6 is the button
Seat 1: b66a5665 ($1.13 in chips)
Seat 2: de8aec2d ($6.74 in chips)
Seat 3: Hero ($6.52 in chips)
Seat 4: 9f43e769 ($7.55 in chips)
Seat 5: d077544c ($5.38 in chips)
Seat 6: 70cdb0e4 ($0.95 in chips)
b66a5665: posts small blind $0.02
de8aec2d: posts big blind $0.05
*** HOLE CARDS ***
Dealt to b66a5665 
Dealt to de8aec2d 
Dealt to Hero [Qs 3h]
Dealt to 9f43e769 
Dealt to d077544c 
Dealt to 70cdb0e4 
Hero: folds
9f43e769: folds
d077544c: folds
70cdb0e4: raises $0.12 to $0.17
b66a5665: folds
de8aec2d: folds
Uncalled bet ($0.12) returned to 70cdb0e4
*** SHOWDOWN ***
70cdb0e4 collected $0.12 from pot
*** SUMMARY ***
Total pot $0.12 | Rake $0 | Jackpot $0 | Bingo $0 | Fortune $0 | Tax $0
Seat 1: b66a5665 (small blind) folded before Flop
Seat 2: de8aec2d (big blind) folded before Flop
Seat 3: Hero folded before Flop (didn't bet)
Seat 4: 9f43e769 folded before Flop (didn't bet)
Seat 5: d077544c folded before Flop (didn't bet)
Seat 6: 70cdb0e4 (button) collected ($0.12)


Poker Hand #HD1720103803: Hold'em No Limit ($0.02/$0.05) - 2024/04/07 20:44:43
Table 'NLHBlue91' 6-max Seat #5 is the button
Seat 1: b66a5665 ($1 in chips)
Seat 2: de8aec2d ($6.74 in chips)
Seat 3: Hero ($6.52 in chips)
Seat 4: 9f43e769 ($7.55 in chips)
Seat 5: d077544c ($5.5 in chips)
Seat 6: 70cdb0e4 ($0.97 in chips)
70cdb0e4: posts small blind $0.02
b66a5665: posts big blind $0.05
*** HOLE CARDS ***
Dealt to b66a5665 
Dealt to de8aec2d 
Dealt to Hero [5h 3d]
Dealt to 9f43e769 
Dealt to d077544c 
Dealt to 70cdb0e4 
de8aec2d: folds
Hero: folds
9f43e769: folds
d077544c: raises $0.07 to $0.12
70cdb0e4: folds
b66a5665: raises $0.26 to $0.38
d077544c: folds
Uncalled bet ($0.26) returned to b66a5665
*** SHOWDOWN ***
b66a5665 collected $0.25 from pot
*** SUMMARY ***
Total pot $0.26 | Rake $0.01 | Jackpot $0 | Bingo $0 | Fortune $0 | Tax $0
Seat 1: b66a5665 (big blind) collected ($0.25)
Seat 2: de8aec2d folded before Flop (didn't bet)
Seat 3: Hero folded before Flop (didn't bet)
Seat 4: 9f43e769 folded before Flop (didn't bet)
Seat 5: d077544c (button) folded before Flop
Seat 6: 70cdb0e4 (small blind) folded before Flop


Poker Hand #HD1720103733: Hold'em No Limit ($0.02/$0.05) - 2024/04/07 20:43:57
Table 'NLHBlue91' 6-max Seat #4 is the button
Seat 1: b66a5665 ($1 in chips)
Seat 2: de8aec2d ($6.74 in chips)
Seat 3: Hero ($6.52 in chips)
Seat 4: 9f43e769 ($8.05 in chips)
Seat 5: d077544c ($5 in chips)
Seat 6: 70cdb0e4 ($1.02 in chips)
d077544c: posts small blind $0.02
70cdb0e4: posts big blind $0.05
*** HOLE CARDS ***
Dealt to b66a5665 
Dealt to de8aec2d 
Dealt to Hero [7s 4s]
Dealt to 9f43e769 
Dealt to d077544c 
Dealt to 70cdb0e4 
b66a5665: folds
de8aec2d: folds
Hero: folds
9f43e769: raises $0.08 to $0.13
d077544c: raises $0.37 to $0.5
70cdb0e4: folds
9f43e769: calls $0.37
*** FLOP *** [6c 9c 2s]
d077544c: checks
9f43e769: checks
*** TURN *** [6c 9c 2s] [Qh]
d077544c: checks
9f43e769: checks
*** RIVER *** [6c 9c 2s Qh] [Ts]
d077544c: bets $0.53
9f43e769: folds
Uncalled bet ($0.53) returned to d077544c
*** SHOWDOWN ***
d077544c collected $1 from pot
*** SUMMARY ***
Total pot $1.05 | Rake $0.05 | Jackpot $0 | Bingo $0 | Fortune $0 | Tax $0
Board [6c 9c 2s Qh Ts]
Seat 1: b66a5665 folded before Flop (didn't bet)
Seat 2: de8aec2d folded before Flop (didn't bet)
Seat 3: Hero folded before Flop (didn't bet)
Seat 4: 9f43e769 (button) folded on the River
Seat 5: d077544c (small blind) won ($1)
Seat 6: 70cdb0e4 (big blind) folded before Flop


Poker Hand #HD1720103680: Hold'em No Limit ($0.02/$0.05) - 2024/04/07 20:43:27
Table 'NLHBlue91' 6-max Seat #3 is the button
Seat 1: b66a5665 ($1 in chips)
Seat 2: de8aec2d ($6.74 in chips)
Seat 3: Hero ($6.52 in chips)
Seat 4: 9f43e769 ($8.07 in chips)
Seat 5: d077544c ($5.02 in chips)
Seat 6: 70cdb0e4 ($0.95 in chips)
9f43e769: posts small blind $0.02
d077544c: posts big blind $0.05
*** HOLE CARDS ***
Dealt to b66a5665 
Dealt to de8aec2d 
Dealt to Hero [Kd 4h]
Dealt to 9f43e769 
Dealt to d077544c 
Dealt to 70cdb0e4 
70cdb0e4: calls $0.05
b66a5665: folds
de8aec2d: folds
Hero: folds
9f43e769: folds
d077544c: checks
*** FLOP *** [9d 4s Th]
d077544c: checks
70cdb0e4: bets $0.12
d077544c: folds
Uncalled bet ($0.12) returned to 70cdb0e4
*** SHOWDOWN ***
70cdb0e4 collected $0.12 from pot
*** SUMMARY ***
Total pot $0.12 | Rake $0 | Jackpot $0 | Bingo $0 | Fortune $0 | Tax $0
Board [9d 4s Th]
Seat 1: b66a5665 folded before Flop (didn't bet)
Seat 2: de8aec2d folded before Flop (didn't bet)
Seat 3: Hero (button) folded before Flop (didn't bet)
Seat 4: 9f43e769 (small blind) folded before Flop
Seat 5: d077544c (big blind) folded on the Flop
Seat 6: 70cdb0e4 won ($0.12)


Poker Hand #HD1720103638: Hold'em No Limit ($0.02/$0.05) - 2024/04/07 20:43:05
Table 'NLHBlue91' 6-max Seat #2 is the button
Seat 2: de8aec2d ($6.62 in chips)
Seat 3: Hero ($6.54 in chips)
Seat 4: 9f43e769 ($8.12 in chips)
Seat 5: d077544c ($5.02 in chips)
Seat 6: 70cdb0e4 ($1 in chips)
Hero: posts small blind $0.02
9f43e769: posts big blind $0.05
70cdb0e4: posts big blind $0.05
*** HOLE CARDS ***
Dealt to de8aec2d 
Dealt to Hero [2d 8s]
Dealt to 9f43e769 
Dealt to d077544c 
Dealt to 70cdb0e4 
d077544c: folds
70cdb0e4: checks
de8aec2d: raises $0.2 to $0.25
Hero: folds
9f43e769: folds
70cdb0e4: folds
Uncalled bet ($0.2) returned to de8aec2d
*** SHOWDOWN ***
de8aec2d collected $0.17 from pot
*** SUMMARY ***
Total pot $0.17 | Rake $0 | Jackpot $0 | Bingo $0 | Fortune $0 | Tax $0
Seat 2: de8aec2d (button) collected ($0.17)
Seat 3: Hero (small blind) folded before Flop
Seat 4: 9f43e769 (big blind) folded before Flop
Seat 5: d077544c folded before Flop (didn't bet)
Seat 6: 70cdb0e4 folded before Flop


Poker Hand #HD1720103541: Hold'em No Limit ($0.02/$0.05) - 2024/04/07 20:41:58
Table 'NLHBlue91' 6-max Seat #5 is the button
Seat 1: b66a5665 ($1.7 in chips)
Seat 2: de8aec2d ($5.13 in chips)
Seat 3: Hero ($6.54 in chips)
Seat 4: 9f43e769 ($8.12 in chips)
Seat 5: d077544c ($5.02 in chips)
b66a5665: posts small blind $0.02
de8aec2d: posts big blind $0.05
*** HOLE CARDS ***
Dealt to b66a5665 
Dealt to de8aec2d 
Dealt to Hero [3h 4h]
Dealt to 9f43e769 
Dealt to d077544c 
Hero: folds
9f43e769: folds
d077544c: folds
b66a5665: calls $0.03
de8aec2d: raises $0.1 to $0.15
b66a5665: calls $0.1
*** FLOP *** [Ah Kd Qd]
b66a5665: checks
de8aec2d: bets $0.1
b66a5665: calls $0.1
*** TURN *** [Ah Kd Qd] [Qh]
b66a5665: checks
de8aec2d: bets $0.38
b66a5665: raises $0.95 to $1.33
de8aec2d: raises $0.95 to $2.28
b66a5665: calls $0.12 and is all-in
Uncalled bet ($0.83) returned to de8aec2d
de8aec2d: shows [7h Qc] (Three Queens)
b66a5665: shows [Kc 2c] (Pair of Kings and Pair of Queens)
*** RIVER *** [Ah Kd Qd Qh] [3c]
*** SHOWDOWN ***
de8aec2d collected $3.19 from pot
*** SUMMARY ***
Total pot $3.4 | Rake $0.16 | Jackpot $0.05 | Bingo $0 | Fortune $0 | Tax $0
Board [Ah Kd Qd Qh 3c]
Seat 1: b66a5665 (small blind) showed [Kc 2c] and lost with Pair of Kings and Pair of Queens
Seat 2: de8aec2d (big blind) showed [7h Qc] and won ($3.19) with Three Queens
Seat 3: Hero folded before Flop (didn't bet)
Seat 4: 9f43e769 folded before Flop (didn't bet)
Seat 5: d077544c (button) folded before Flop (didn't bet)


Poker Hand #HD1720103520: Hold'em No Limit ($0.02/$0.05) - 2024/04/07 20:41:41
Table 'NLHBlue91' 6-max Seat #4 is the button
Seat 1: b66a5665 ($1.75 in chips)
Seat 2: de8aec2d ($5.13 in chips)
Seat 3: Hero ($6.54 in chips)
Seat 4: 9f43e769 ($8.05 in chips)
Seat 5: d077544c ($5.04 in chips)
d077544c: posts small blind $0.02
b66a5665: posts big blind $0.05
*** HOLE CARDS ***
Dealt to b66a5665 
Dealt to de8aec2d 
Dealt to Hero [6c Qd]
Dealt to 9f43e769 
Dealt to d077544c 
de8aec2d: folds
Hero: folds
9f43e769: raises $0.08 to $0.13
d077544c: folds
b66a5665: folds
Uncalled bet ($0.08) returned to 9f43e769
*** SHOWDOWN ***
9f43e769 collected $0.12 from pot
*** SUMMARY ***
Total pot $0.12 | Rake $0 | Jackpot $0 | Bingo $0 | Fortune $0 | Tax $0
Seat 1: b66a5665 (big blind) folded before Flop
Seat 2: de8aec2d folded before Flop (didn't bet)
Seat 3: Hero folded before Flop (didn't bet)
Seat 4: 9f43e769 (button) collected ($0.12)
Seat 5: d077544c (small blind) folded before Flop


Poker Hand #HD1720103448: Hold'em No Limit ($0.02/$0.05) - 2024/04/07 20:41:03
Table 'NLHBlue91' 6-max Seat #3 is the button
Seat 1: b66a5665 ($1.75 in chips)
Seat 2: de8aec2d ($5.02 in chips)
Seat 3: Hero ($6.54 in chips)
Seat 4: 9f43e769 ($8.07 in chips)
Seat 5: d077544c ($5.14 in chips)
Seat 6: 280ec3c6 ($5 in chips)
9f43e769: posts small blind $0.02
d077544c: posts big blind $0.05
*** HOLE CARDS ***
Dealt to b66a5665 
Dealt to de8aec2d 
Dealt to Hero [8s 2d]
Dealt to 9f43e769 
Dealt to d077544c 
Dealt to 280ec3c6 
280ec3c6: folds
b66a5665: folds
de8aec2d: raises $0.05 to $0.1
Hero: folds
9f43e769: folds
d077544c: calls $0.05
*** FLOP *** [Qc Kc 3d]
d077544c: checks
de8aec2d: bets $0.08
d077544c: folds
Uncalled bet ($0.08) returned to de8aec2d
*** SHOWDOWN ***
de8aec2d collected $0.21 from pot
*** SUMMARY ***
Total pot $0.22 | Rake $0.01 | Jackpot $0 | Bingo $0 | Fortune $0 | Tax $0
Board [Qc Kc 3d]
Seat 1: b66a5665 folded before Flop (didn't bet)
Seat 2: de8aec2d won ($0.21)
Seat 3: Hero (button) folded before Flop (didn't bet)
Seat 4: 9f43e769 (small blind) folded before Flop
Seat 5: d077544c (big blind) folded on the Flop
Seat 6: 280ec3c6 folded before Flop (didn't bet)


Poker Hand #HD1720103416: Hold'em No Limit ($0.02/$0.05) - 2024/04/07 20:40:44
Table 'NLHBlue91' 6-max Seat #2 is the button
Seat 2: de8aec2d ($5.02 in chips)
Seat 3: Hero ($6.56 in chips)
Seat 4: 9f43e769 ($8.05 in chips)
Seat 5: d077544c ($5.14 in chips)
Seat 6: 280ec3c6 ($5 in chips)
Hero: posts small blind $0.02
9f43e769: posts big blind $0.05
*** HOLE CARDS ***
Dealt to de8aec2d 
Dealt to Hero [4s Ad]
Dealt to 9f43e769 
Dealt to d077544c 
Dealt to 280ec3c6 
d077544c: folds
280ec3c6: folds
de8aec2d: folds
Hero: folds
Uncalled bet ($0.03) returned to 9f43e769
*** SHOWDOWN ***
9f43e769 collected $0.04 from pot
*** SUMMARY ***
Total pot $0.04 | Rake $0 | Jackpot $0 | Bingo $0 | Fortune $0 | Tax $0
Seat 2: de8aec2d (button) folded before Flop (didn't bet)
Seat 3: Hero (small blind) folded before Flop
Seat 4: 9f43e769 (big blind) collected ($0.04)
Seat 5: d077544c folded before Flop (didn't bet)
Seat 6: 280ec3c6 folded before Flop (didn't bet)


Poker Hand #HD1720103368: Hold'em No Limit ($0.02/$0.05) - 2024/04/07 20:40:16
Table 'NLHBlue91' 6-max Seat #6 is the button
Seat 1: b66a5665 ($1.77 in chips)
Seat 2: de8aec2d ($5 in chips)
Seat 3: Hero ($6.56 in chips)
Seat 4: 9f43e769 ($8.05 in chips)
Seat 5: d077544c ($5.14 in chips)
Seat 6: 280ec3c6 ($5 in chips)
b66a5665: posts small blind $0.02
de8aec2d: posts big blind $0.05
*** HOLE CARDS ***
Dealt to b66a5665 
Dealt to de8aec2d 
Dealt to Hero [Kd 2h]
Dealt to 9f43e769 
Dealt to d077544c 
Dealt to 280ec3c6 
Hero: folds
9f43e769: folds
d077544c: folds
280ec3c6: folds
b66a5665: folds
Uncalled bet ($0.03) returned to de8aec2d
*** SHOWDOWN ***
de8aec2d collected $0.04 from pot
*** SUMMARY ***
Total pot $0.04 | Rake $0 | Jackpot $0 | Bingo $0 | Fortune $0 | Tax $0
Seat 1: b66a5665 (small blind) folded before Flop
Seat 2: de8aec2d (big blind) collected ($0.04)
Seat 3: Hero folded before Flop (didn't bet)
Seat 4: 9f43e769 folded before Flop (didn't bet)
Seat 5: d077544c folded before Flop (didn't bet)
Seat 6: 280ec3c6 (button) folded before Flop (didn't bet)


Poker Hand #HD1720103276: Hold'em No Limit ($0.02/$0.05) - 2024/04/07 20:39:28
Table 'NLHBlue91' 6-max Seat #5 is the button
Seat 1: b66a5665 ($1.9 in chips)
Seat 2: de8aec2d ($5 in chips)
Seat 3: Hero ($6.3 in chips)
Seat 4: 9f43e769 ($8.05 in chips)
Seat 5: d077544c ($5.27 in chips)
Seat 6: 280ec3c6 ($5 in chips)
280ec3c6: posts small blind $0.02
b66a5665: posts big blind $0.05
*** HOLE CARDS ***
Dealt to b66a5665 
Dealt to de8aec2d 
Dealt to Hero [Kh Ah]
Dealt to 9f43e769 
Dealt to d077544c 
Dealt to 280ec3c6 
de8aec2d: folds
Hero: raises $0.08 to $0.13
9f43e769: folds
d077544c: calls $0.13
280ec3c6: folds
b66a5665: calls $0.08
*** FLOP *** [Ks Jc Kc]
b66a5665: checks
Hero: bets $0.2
d077544c: folds
b66a5665: folds
Uncalled bet ($0.2) returned to Hero
*** SHOWDOWN ***
Hero collected $0.39 from pot
*** SUMMARY ***
Total pot $0.41 | Rake $0.02 | Jackpot $0 | Bingo $0 | Fortune $0 | Tax $0
Board [Ks Jc Kc]
Seat 1: b66a5665 (big blind) folded on the Flop
Seat 2: de8aec2d folded before Flop (didn't bet)
Seat 3: Hero won ($0.39)
Seat 4: 9f43e769 folded before Flop (didn't bet)
Seat 5: d077544c (button) folded on the Flop
Seat 6: 280ec3c6 (small blind) folded before Flop


Poker Hand #HD1720103239: Hold'em No Limit ($0.02/$0.05) - 2024/04/07 20:39:07
Table 'NLHBlue91' 6-max Seat #4 is the button
Seat 1: b66a5665 ($1.9 in chips)
Seat 2: de8aec2d ($5 in chips)
Seat 3: Hero ($6.3 in chips)
Seat 4: 9f43e769 ($7.98 in chips)
Seat 5: d077544c ($5.29 in chips)
Seat 6: 280ec3c6 ($5 in chips)
d077544c: posts small blind $0.02
280ec3c6: posts big blind $0.05
*** HOLE CARDS ***
Dealt to b66a5665 
Dealt to de8aec2d 
Dealt to Hero [Kh 6s]
Dealt to 9f43e769 
Dealt to d077544c 
Dealt to 280ec3c6 
b66a5665: folds
de8aec2d: folds
Hero: folds
9f43e769: raises $0.08 to $0.13
d077544c: folds
280ec3c6: folds
Uncalled bet ($0.08) returned to 9f43e769
*** SHOWDOWN ***
9f43e769 collected $0.12 from pot
*** SUMMARY ***
Total pot $0.12 | Rake $0 | Jackpot $0 | Bingo $0 | Fortune $0 | Tax $0
Seat 1: b66a5665 folded before Flop (didn't bet)
Seat 2: de8aec2d folded before Flop (didn't bet)
Seat 3: Hero folded before Flop (didn't bet)
Seat 4: 9f43e769 (button) collected ($0.12)
Seat 5: d077544c (small blind) folded before Flop
Seat 6: 280ec3c6 (big blind) folded before Flop


Poker Hand #HD1720103229: Hold'em No Limit ($0.02/$0.05) - 2024/04/07 20:38:57
Table 'NLHBlue91' 6-max Seat #3 is the button
Seat 1: b66a5665 ($1.9 in chips)
Seat 2: de8aec2d ($5 in chips)
Seat 3: Hero ($6.3 in chips)
Seat 4: 9f43e769 ($8 in chips)
Seat 5: d077544c ($5.27 in chips)
Seat 6: 280ec3c6 ($5 in chips)
9f43e769: posts small blind $0.02
d077544c: posts big blind $0.05
*** HOLE CARDS ***
Dealt to b66a5665 
Dealt to de8aec2d 
Dealt to Hero [2s 9h]
Dealt to 9f43e769 
Dealt to d077544c 
Dealt to 280ec3c6 
280ec3c6: folds
b66a5665: folds
de8aec2d: folds
Hero: folds
9f43e769: folds
Uncalled bet ($0.03) returned to d077544c
*** SHOWDOWN ***
d077544c collected $0.04 from pot
*** SUMMARY ***
Total pot $0.04 | Rake $0 | Jackpot $0 | Bingo $0 | Fortune $0 | Tax $0
Seat 1: b66a5665 folded before Flop (didn't bet)
Seat 2: de8aec2d folded before Flop (didn't bet)
Seat 3: Hero (button) folded before Flop (didn't bet)
Seat 4: 9f43e769 (small blind) folded before Flop
Seat 5: d077544c (big blind) collected ($0.04)
Seat 6: 280ec3c6 folded before Flop (didn't bet)


Poker Hand #HD1720103099: Hold'em No Limit ($0.02/$0.05) - 2024/04/07 20:37:50
Table 'NLHBlue91' 6-max Seat #2 is the button
Seat 1: b66a5665 ($1 in chips)
Seat 2: de8aec2d ($5.05 in chips)
Seat 3: Hero ($6.32 in chips)
Seat 4: 9f43e769 ($8.05 in chips)
Seat 5: d077544c ($5.27 in chips)
Seat 6: 280ec3c6 ($5 in chips)
Hero: posts small blind $0.02
9f43e769: posts big blind $0.05
b66a5665: posts big blind $0.05
b66a5665: posts missed blind $0.02
*** HOLE CARDS ***
Dealt to b66a5665 
Dealt to de8aec2d 
Dealt to Hero [Qd 2h]
Dealt to 9f43e769 
Dealt to d077544c 
Dealt to 280ec3c6 
d077544c: folds
280ec3c6: folds
b66a5665: raises $0.1 to $0.15
de8aec2d: raises $0.3 to $0.45
Hero: folds
9f43e769: folds
b66a5665: raises $0.53 to $0.98 and is all-in
de8aec2d: calls $0.53
b66a5665: shows [Jd Ad]
de8aec2d: shows [As 6s]
*** FLOP *** [Jh 5c Ac]
*** TURN *** [Jh 5c Ac] [4d]
*** RIVER *** [Jh 5c Ac 4d] [Kh]
*** SHOWDOWN ***
b66a5665 collected $1.9 from pot
*** SUMMARY ***
Total pot $2.05 | Rake $0.1 | Jackpot $0.05 | Bingo $0 | Fortune $0 | Tax $0
Board [Jh 5c Ac 4d Kh]
Seat 1: b66a5665 showed [Jd Ad] and won ($1.9) with Pair of Aces and Pair of Jacks
Seat 2: de8aec2d (button) showed [As 6s] and lost with Pair of Aces
Seat 3: Hero (small blind) folded before Flop
Seat 4: 9f43e769 (big blind) folded before Flop
Seat 5: d077544c folded before Flop (didn't bet)
Seat 6: 280ec3c6 folded before Flop (didn't bet)


Poker Hand #HD1720103072: Hold'em No Limit ($0.02/$0.05) - 2024/04/07 20:37:31
Table 'NLHBlue91' 6-max Seat #6 is the button
Seat 2: de8aec2d ($5 in chips)
Seat 3: Hero ($6.37 in chips)
Seat 4: 9f43e769 ($8.05 in chips)
Seat 5: d077544c ($5.27 in chips)
Seat 6: 280ec3c6 ($5 in chips)
de8aec2d: posts small blind $0.02
Hero: posts big blind $0.05
*** HOLE CARDS ***
Dealt to de8aec2d 
Dealt to Hero [Td 2s]
Dealt to 9f43e769 
Dealt to d077544c 
Dealt to 280ec3c6 
9f43e769: folds
d077544c: folds
280ec3c6: folds
de8aec2d: raises $0.1 to $0.15
Hero: folds
Uncalled bet ($0.1) returned to de8aec2d
*** SHOWDOWN ***
de8aec2d collected $0.1 from pot
*** SUMMARY ***
Total pot $0.1 | Rake $0 | Jackpot $0 | Bingo $0 | Fortune $0 | Tax $0
Seat 2: de8aec2d (small blind) collected ($0.1)
Seat 3: Hero (big blind) folded before Flop
Seat 4: 9f43e769 folded before Flop (didn't bet)
Seat 5: d077544c folded before Flop (didn't bet)
Seat 6: 280ec3c6 (button) folded before Flop (didn't bet)


Poker Hand #HD1720102981: Hold'em No Limit ($0.02/$0.05) - 2024/04/07 20:36:38
Table 'NLHBlue91' 6-max Seat #5 is the button
Seat 2: de8aec2d ($5.07 in chips)
Seat 3: Hero ($6.37 in chips)
Seat 4: 9f43e769 ($7.72 in chips)
Seat 5: d077544c ($5.27 in chips)
Seat 6: 280ec3c6 ($5 in chips)
280ec3c6: posts small blind $0.02
de8aec2d: posts big blind $0.05
*** HOLE CARDS ***
Dealt to de8aec2d 
Dealt to Hero [4d 3c]
Dealt to 9f43e769 
Dealt to d077544c 
Dealt to 280ec3c6 
Hero: folds
9f43e769: raises $0.08 to $0.13
d077544c: folds
280ec3c6: folds
de8aec2d: calls $0.08
*** FLOP *** [Th 7c Ah]
de8aec2d: checks
9f43e769: checks
*** TURN *** [Th 7c Ah] [Ts]
de8aec2d: bets $0.21
9f43e769: calls $0.21
*** RIVER *** [Th 7c Ah Ts] [Jd]
de8aec2d: checks
9f43e769: bets $0.24
de8aec2d: folds
Uncalled bet ($0.24) returned to 9f43e769
*** SHOWDOWN ***
9f43e769 collected $0.67 from pot
*** SUMMARY ***
Total pot $0.7 | Rake $0.03 | Jackpot $0 | Bingo $0 | Fortune $0 | Tax $0
Board [Th 7c Ah Ts Jd]
Seat 2: de8aec2d (big blind) folded on the River
Seat 3: Hero folded before Flop (didn't bet)
Seat 4: 9f43e769 won ($0.67)
Seat 5: d077544c (button) folded before Flop (didn't bet)
Seat 6: 280ec3c6 (small blind) folded before Flop


Poker Hand #HD1720102859: Hold'em No Limit ($0.02/$0.05) - 2024/04/07 20:35:27
Table 'NLHBlue91' 6-max Seat #4 is the button
Seat 1: b66a5665 ($0.67 in chips)
Seat 2: de8aec2d ($5.07 in chips)
Seat 3: Hero ($6.37 in chips)
Seat 4: 9f43e769 ($5.66 in chips)
Seat 5: d077544c ($5.29 in chips)
Seat 6: 280ec3c6 ($5 in chips)
d077544c: posts small blind $0.02
280ec3c6: posts big blind $0.05
*** HOLE CARDS ***
Dealt to b66a5665 
Dealt to de8aec2d 
Dealt to Hero [Ad 6c]
Dealt to 9f43e769 
Dealt to d077544c 
Dealt to 280ec3c6 
b66a5665: raises $0.05 to $0.1
de8aec2d: folds
Hero: folds
9f43e769: raises $0.33 to $0.43
d077544c: folds
280ec3c6: raises $1.18 to $1.61
b66a5665: calls $0.57 and is all-in
9f43e769: calls $1.18
*** FLOP *** [Qc 3h 9s]
280ec3c6: checks
9f43e769: bets $4.05 and is all-in
280ec3c6: folds
Uncalled bet ($4.05) returned to 9f43e769
9f43e769: shows [Ac Qd] (Pair of Queens)
b66a5665: shows [6s 4s] (Queen-High)
*** TURN *** [Qc 3h 9s] [8s]
*** RIVER *** [Qc 3h 9s 8s] [4c]
280ec3c6: shows [Ts Th] (Pair of Tens)
*** SHOWDOWN ***
9f43e769 collected $1.9 from pot
9f43e769 collected $1.77 from pot
*** SUMMARY ***
Total pot $3.91 | Rake $0.19 | Jackpot $0.05 | Bingo $0 | Fortune $0 | Tax $0
Board [Qc 3h 9s 8s 4c]
Seat 1: b66a5665 showed [6s 4s] and lost with Pair of Fours
Seat 2: de8aec2d folded before Flop (didn't bet)
Seat 3: Hero folded before Flop (didn't bet)
Seat 4: 9f43e769 (button) showed [Ac Qd] and won ($3.67) with Pair of Queens
Seat 5: d077544c (small blind) folded before Flop
Seat 6: 280ec3c6 (big blind) folded on the Flop


Poker Hand #HD1720102787: Hold'em No Limit ($0.02/$0.05) - 2024/04/07 20:34:35
Table 'NLHBlue91' 6-max Seat #3 is the button
Seat 1: b66a5665 ($0.9 in chips)
Seat 2: de8aec2d ($5.07 in chips)
Seat 3: Hero ($6.37 in chips)
Seat 4: 9f43e769 ($5.4 in chips)
Seat 5: d077544c ($5.34 in chips)
9f43e769: posts small blind $0.02
d077544c: posts big blind $0.05
*** HOLE CARDS ***
Dealt to b66a5665 
Dealt to de8aec2d 
Dealt to Hero [3h 5c]
Dealt to 9f43e769 
Dealt to d077544c 
b66a5665: calls $0.05
de8aec2d: folds
Hero: folds
9f43e769: raises $0.18 to $0.23
d077544c: folds
b66a5665: calls $0.18
*** FLOP *** [2c 3d 9h]
9f43e769: checks
b66a5665: checks
*** TURN *** [2c 3d 9h] [8s]
9f43e769: bets $0.34
b66a5665: folds
Uncalled bet ($0.34) returned to 9f43e769
*** SHOWDOWN ***
9f43e769 collected $0.49 from pot
*** SUMMARY ***
Total pot $0.51 | Rake $0.02 | Jackpot $0 | Bingo $0 | Fortune $0 | Tax $0
Board [2c 3d 9h 8s]
Seat 1: b66a5665 folded on the Turn
Seat 2: de8aec2d folded before Flop (didn't bet)
Seat 3: Hero (button) folded before Flop (didn't bet)
Seat 4: 9f43e769 (small blind) won ($0.49)
Seat 5: d077544c (big blind) folded before Flop


Poker Hand #HD1720102749: Hold'em No Limit ($0.02/$0.05) - 2024/04/07 20:34:11
Table 'NLHBlue91' 6-max Seat #2 is the button
Seat 1: b66a5665 ($1 in chips)
Seat 2: de8aec2d ($5.07 in chips)
Seat 3: Hero ($6.39 in chips)
Seat 4: 9f43e769 ($5.29 in chips)
Seat 5: d077544c ($5.34 in chips)
Hero: posts small blind $0.02
9f43e769: posts big blind $0.05
b66a5665: posts big blind $0.05
*** HOLE CARDS ***
Dealt to b66a5665 
Dealt to de8aec2d 
Dealt to Hero [5d 4s]
Dealt to 9f43e769 
Dealt to d077544c 
d077544c: folds
b66a5665: raises $0.05 to $0.1
de8aec2d: folds
Hero: folds
9f43e769: raises $0.27 to $0.37
b66a5665: folds
Uncalled bet ($0.27) returned to 9f43e769
*** SHOWDOWN ***
9f43e769 collected $0.21 from pot
*** SUMMARY ***
Total pot $0.22 | Rake $0.01 | Jackpot $0 | Bingo $0 | Fortune $0 | Tax $0
Seat 1: b66a5665 folded before Flop
Seat 2: de8aec2d (button) folded before Flop (didn't bet)
Seat 3: Hero (small blind) folded before Flop
Seat 4: 9f43e769 (big blind) collected ($0.21)
Seat 5: d077544c folded before Flop (didn't bet)


Poker Hand #HD1720102631: Hold'em No Limit ($0.02/$0.05) - 2024/04/07 20:33:00
Table 'NLHBlue91' 6-max Seat #5 is the button
Seat 2: de8aec2d ($5.09 in chips)
Seat 3: Hero ($6.58 in chips)
Seat 4: 9f43e769 ($5.29 in chips)
Seat 5: d077544c ($5.15 in chips)
de8aec2d: posts small blind $0.02
Hero: posts big blind $0.05
*** HOLE CARDS ***
Dealt to de8aec2d 
Dealt to Hero [Ks Tc]
Dealt to 9f43e769 
Dealt to d077544c 
9f43e769: folds
d077544c: raises $0.06 to $0.11
de8aec2d: folds
Hero: calls $0.06
*** FLOP *** [8h Th Kh]
Hero: checks
d077544c: bets $0.08
Hero: calls $0.08
*** TURN *** [8h Th Kh] [4h]
Hero: checks
d077544c: checks
*** RIVER *** [8h Th Kh 4h] [8s]
Hero: checks
d077544c: bets $0.14
Hero: folds
Uncalled bet ($0.14) returned to d077544c
*** SHOWDOWN ***
d077544c collected $0.38 from pot
*** SUMMARY ***
Total pot $0.4 | Rake $0.02 | Jackpot $0 | Bingo $0 | Fortune $0 | Tax $0
Board [8h Th Kh 4h 8s]
Seat 2: de8aec2d (small blind) folded before Flop
Seat 3: Hero (big blind) folded on the River
Seat 4: 9f43e769 folded before Flop (didn't bet)
Seat 5: d077544c (button) won ($0.38)


Poker Hand #HD1720102598: Hold'em No Limit ($0.02/$0.05) - 2024/04/07 20:32:42
Table 'NLHBlue91' 6-max Seat #4 is the button
Seat 2: de8aec2d ($5.14 in chips)
Seat 3: Hero ($6.58 in chips)
Seat 4: 9f43e769 ($5.22 in chips)
Seat 5: d077544c ($5.17 in chips)
d077544c: posts small blind $0.02
de8aec2d: posts big blind $0.05
*** HOLE CARDS ***
Dealt to de8aec2d 
Dealt to Hero [Jd 2d]
Dealt to 9f43e769 
Dealt to d077544c 
Hero: folds
9f43e769: raises $0.08 to $0.13
d077544c: folds
de8aec2d: folds
Uncalled bet ($0.08) returned to 9f43e769
*** SHOWDOWN ***
9f43e769 collected $0.12 from pot
*** SUMMARY ***
Total pot $0.12 | Rake $0 | Jackpot $0 | Bingo $0 | Fortune $0 | Tax $0
Seat 2: de8aec2d (big blind) folded before Flop
Seat 3: Hero folded before Flop (didn't bet)
Seat 4: 9f43e769 (button) collected ($0.12)
Seat 5: d077544c (small blind) folded before Flop


Poker Hand #HD1720102570: Hold'em No Limit ($0.02/$0.05) - 2024/04/07 20:32:28
Table 'NLHBlue91' 6-max Seat #3 is the button
Seat 2: de8aec2d ($5.14 in chips)
Seat 3: Hero ($6.58 in chips)
Seat 4: 9f43e769 ($5.24 in chips)
Seat 5: d077544c ($5.15 in chips)
9f43e769: posts small blind $0.02
d077544c: posts big blind $0.05
*** HOLE CARDS ***
Dealt to de8aec2d 
Dealt to Hero [7c Qh]
Dealt to 9f43e769 
Dealt to d077544c 
de8aec2d: folds
Hero: folds
9f43e769: folds
Uncalled bet ($0.03) returned to d077544c
*** SHOWDOWN ***
d077544c collected $0.04 from pot
*** SUMMARY ***
Total pot $0.04 | Rake $0 | Jackpot $0 | Bingo $0 | Fortune $0 | Tax $0
Seat 2: de8aec2d folded before Flop (didn't bet)
Seat 3: Hero (button) folded before Flop (didn't bet)
Seat 4: 9f43e769 (small blind) folded before Flop
Seat 5: d077544c (big blind) collected ($0.04)


Poker Hand #HD1720102514: Hold'em No Limit ($0.02/$0.05) - 2024/04/07 20:31:48
Table 'NLHBlue91' 6-max Seat #2 is the button
Seat 2: de8aec2d ($5.14 in chips)
Seat 3: Hero ($6.6 in chips)
Seat 4: 9f43e769 ($5.36 in chips)
Seat 5: d077544c ($5.02 in chips)
Hero: posts small blind $0.02
9f43e769: posts big blind $0.05
*** HOLE CARDS ***
Dealt to de8aec2d 
Dealt to Hero [2c 5d]
Dealt to 9f43e769 
Dealt to d077544c 
d077544c: raises $0.07 to $0.12
de8aec2d: folds
Hero: folds
9f43e769: calls $0.07
*** FLOP *** [Jc 5c Jd]
9f43e769: checks
d077544c: bets $0.09
9f43e769: folds
Uncalled bet ($0.09) returned to d077544c
*** SHOWDOWN ***
d077544c collected $0.25 from pot
*** SUMMARY ***
Total pot $0.26 | Rake $0.01 | Jackpot $0 | Bingo $0 | Fortune $0 | Tax $0
Board [Jc 5c Jd]
Seat 2: de8aec2d (button) folded before Flop (didn't bet)
Seat 3: Hero (small blind) folded before Flop
Seat 4: 9f43e769 (big blind) folded on the Flop
Seat 5: d077544c won ($0.25)


Poker Hand #HD1720102458: Hold'em No Limit ($0.02/$0.05) - 2024/04/07 20:31:17
Table 'NLHBlue91' 6-max Seat #5 is the button
Seat 2: de8aec2d ($5 in chips)
Seat 3: Hero ($6.75 in chips)
Seat 5: d077544c ($5.02 in chips)
de8aec2d: posts small blind $0.02
Hero: posts big blind $0.05
*** HOLE CARDS ***
Dealt to de8aec2d 
Dealt to Hero [As 7s]
Dealt to d077544c 
d077544c: folds
de8aec2d: raises $0.1 to $0.15
Hero: calls $0.1
*** FLOP *** [3d Qc Ks]
de8aec2d: checks
Hero: checks
*** TURN *** [3d Qc Ks] [Kd]
de8aec2d: bets $0.23
Hero: folds
Uncalled bet ($0.23) returned to de8aec2d
*** SHOWDOWN ***
de8aec2d collected $0.29 from pot
*** SUMMARY ***
Total pot $0.3 | Rake $0.01 | Jackpot $0 | Bingo $0 | Fortune $0 | Tax $0
Board [3d Qc Ks Kd]
Seat 2: de8aec2d (small blind) won ($0.29)
Seat 3: Hero (big blind) folded on the Turn
Seat 5: d077544c (button) folded before Flop (didn't bet)


Poker Hand #HD1720102417: Hold'em No Limit ($0.02/$0.05) - 2024/04/07 20:30:57
Table 'NLHBlue91' 6-max Seat #3 is the button
Seat 2: de8aec2d ($5 in chips)
Seat 3: Hero ($6.75 in chips)
Seat 4: 9f43e769 ($5.38 in chips)
Seat 5: d077544c ($5 in chips)
9f43e769: posts small blind $0.02
d077544c: posts big blind $0.05
*** HOLE CARDS ***
Dealt to de8aec2d 
Dealt to Hero [5s 6d]
Dealt to 9f43e769 
Dealt to d077544c 
de8aec2d: folds
Hero: folds
9f43e769: folds
Uncalled bet ($0.03) returned to d077544c
*** SHOWDOWN ***
d077544c collected $0.04 from pot
*** SUMMARY ***
Total pot $0.04 | Rake $0 | Jackpot $0 | Bingo $0 | Fortune $0 | Tax $0
Seat 2: de8aec2d folded before Flop (didn't bet)
Seat 3: Hero (button) folded before Flop (didn't bet)
Seat 4: 9f43e769 (small blind) folded before Flop
Seat 5: d077544c (big blind) collected ($0.04)


Poker Hand #HD1720102332: Hold'em No Limit ($0.02/$0.05) - 2024/04/07 20:30:10
Table 'NLHBlue91' 6-max Seat #2 is the button
Seat 2: de8aec2d ($5 in chips)
Seat 3: Hero ($6.77 in chips)
Seat 4: 9f43e769 ($5 in chips)
Seat 5: d077544c ($5.33 in chips)
Seat 6: 54ee0013 ($5.81 in chips)
Hero: posts small blind $0.02
9f43e769: posts big blind $0.05
*** HOLE CARDS ***
Dealt to de8aec2d 
Dealt to Hero [Jh Th]
Dealt to 9f43e769 
Dealt to d077544c 
Dealt to 54ee0013 
d077544c: raises $0.06 to $0.11
54ee0013: folds
de8aec2d: folds
Hero: folds
9f43e769: raises $0.29 to $0.4
d077544c: calls $0.29
*** FLOP *** [2h 6c 2s]
9f43e769: bets $0.55
d077544c: folds
Uncalled bet ($0.55) returned to 9f43e769
*** SHOWDOWN ***
9f43e769 collected $0.78 from pot
*** SUMMARY ***
Total pot $0.82 | Rake $0.04 | Jackpot $0 | Bingo $0 | Fortune $0 | Tax $0
Board [2h 6c 2s]
Seat 2: de8aec2d (button) folded before Flop (didn't bet)
Seat 3: Hero (small blind) folded before Flop
Seat 4: 9f43e769 (big blind) won ($0.78)
Seat 5: d077544c folded on the Flop
Seat 6: 54ee0013 folded before Flop (didn't bet)


Poker Hand #HD1720102305: Hold'em No Limit ($0.02/$0.05) - 2024/04/07 20:29:56
Table 'NLHBlue91' 6-max Seat #6 is the button
Seat 2: de8aec2d ($5 in chips)
Seat 3: Hero ($6.75 in chips)
Seat 5: d077544c ($5.33 in chips)
Seat 6: 54ee0013 ($5.81 in chips)
de8aec2d: posts small blind $0.02
Hero: posts big blind $0.05
*** HOLE CARDS ***
Dealt to de8aec2d 
Dealt to Hero [Ah 4h]
Dealt to d077544c 
Dealt to 54ee0013 
d077544c: folds
54ee0013: folds
de8aec2d: folds
Uncalled bet ($0.03) returned to Hero
*** SHOWDOWN ***
Hero collected $0.04 from pot
*** SUMMARY ***
Total pot $0.04 | Rake $0 | Jackpot $0 | Bingo $0 | Fortune $0 | Tax $0
Seat 2: de8aec2d (small blind) folded before Flop
Seat 3: Hero (big blind) collected ($0.04)
Seat 5: d077544c folded before Flop (didn't bet)
Seat 6: 54ee0013 (button) folded before Flop (didn't bet)


Poker Hand #HD1720102170: Hold'em No Limit ($0.02/$0.05) - 2024/04/07 20:28:40
Table 'NLHBlue91' 6-max Seat #5 is the button
Seat 2: de8aec2d ($5.26 in chips)
Seat 3: Hero ($6.2 in chips)
Seat 5: d077544c ($5.33 in chips)
Seat 6: 54ee0013 ($5.83 in chips)
54ee0013: posts small blind $0.02
de8aec2d: posts big blind $0.05
*** HOLE CARDS ***
Dealt to de8aec2d 
Dealt to Hero [Ah 4h]
Dealt to d077544c 
Dealt to 54ee0013 
Hero: raises $0.08 to $0.13
d077544c: folds
54ee0013: folds
de8aec2d: calls $0.08
*** FLOP *** [8c 2c 6d]
de8aec2d: checks
Hero: checks
*** TURN *** [8c 2c 6d] [Ad]
de8aec2d: bets $0.21
Hero: calls $0.21
*** RIVER *** [8c 2c 6d Ad] [4c]
de8aec2d: checks
Hero: bets $0.25
de8aec2d: calls $0.25
Hero: shows [Ah 4h] (Pair of Aces and Pair of Fours)
de8aec2d: shows [9h 6h] (Pair of Sixes)
*** SHOWDOWN ***
Hero collected $1.14 from pot
*** SUMMARY ***
Total pot $1.2 | Rake $0.06 | Jackpot $0 | Bingo $0 | Fortune $0 | Tax $0
Board [8c 2c 6d Ad 4c]
Seat 2: de8aec2d (big blind) showed [9h 6h] and lost with Pair of Sixes
Seat 3: Hero showed [Ah 4h] and won ($1.14) with Pair of Aces and Pair of Fours
Seat 5: d077544c (button) folded before Flop (didn't bet)
Seat 6: 54ee0013 (small blind) folded before Flop


Poker Hand #HD1720102138: Hold'em No Limit ($0.02/$0.05) - 2024/04/07 20:28:25
Table 'NLHBlue91' 6-max Seat #3 is the button
Seat 2: de8aec2d ($5.26 in chips)
Seat 3: Hero ($6.2 in chips)
Seat 5: d077544c ($5.28 in chips)
Seat 6: 54ee0013 ($5.88 in chips)
d077544c: posts small blind $0.02
54ee0013: posts big blind $0.05
*** HOLE CARDS ***
Dealt to de8aec2d 
Dealt to Hero [4h 7c]
Dealt to d077544c 
Dealt to 54ee0013 
de8aec2d: folds
Hero: folds
d077544c: raises $0.1 to $0.15
54ee0013: folds
Uncalled bet ($0.1) returned to d077544c
*** SHOWDOWN ***
d077544c collected $0.1 from pot
*** SUMMARY ***
Total pot $0.1 | Rake $0 | Jackpot $0 | Bingo $0 | Fortune $0 | Tax $0
Seat 2: de8aec2d folded before Flop (didn't bet)
Seat 3: Hero (button) folded before Flop (didn't bet)
Seat 5: d077544c (small blind) collected ($0.1)
Seat 6: 54ee0013 (big blind) folded before Flop


Poker Hand #HD1720102010: Hold'em No Limit ($0.02/$0.05) - 2024/04/07 20:27:17
Table 'NLHBlue91' 6-max Seat #2 is the button
Seat 1: 4328f176 ($0.95 in chips)
Seat 2: de8aec2d ($5.26 in chips)
Seat 3: Hero ($6.22 in chips)
Seat 5: d077544c ($5.33 in chips)
Seat 6: 54ee0013 ($5 in chips)
Hero: posts small blind $0.02
d077544c: posts big blind $0.05
*** HOLE CARDS ***
Dealt to 4328f176 
Dealt to de8aec2d 
Dealt to Hero [9c 7h]
Dealt to d077544c 
Dealt to 54ee0013 
54ee0013: raises $0.06 to $0.11
4328f176: calls $0.11
de8aec2d: folds
Hero: folds
d077544c: folds
*** FLOP *** [4s Qc 3s]
54ee0013: checks
4328f176: bets $0.1
54ee0013: calls $0.1
*** TURN *** [4s Qc 3s] [9h]
54ee0013: checks
4328f176: bets $0.25
54ee0013: raises $4.54 to $4.79 and is all-in
4328f176: calls $0.49 and is all-in
Uncalled bet ($4.05) returned to 54ee0013
54ee0013: shows [Qd Qs] (Three Queens)
4328f176: shows [Ks 8s] (King-High)
*** RIVER *** [4s Qc 3s 9h] [Jc]
*** SHOWDOWN ***
54ee0013 collected $1.83 from pot
*** SUMMARY ***
Total pot $1.97 | Rake $0.09 | Jackpot $0.05 | Bingo $0 | Fortune $0 | Tax $0
Board [4s Qc 3s 9h Jc]
Seat 1: 4328f176 showed [Ks 8s] and lost with King-High
Seat 2: de8aec2d (button) folded before Flop (didn't bet)
Seat 3: Hero (small blind) folded before Flop
Seat 5: d077544c (big blind) folded before Flop
Seat 6: 54ee0013 showed [Qd Qs] and won ($1.83) with Three Queens


Poker Hand #HD1720101996: Hold'em No Limit ($0.02/$0.05) - 2024/04/07 20:27:07
Table 'NLHBlue91' 6-max Seat #1 is the button
Seat 1: 4328f176 ($0.95 in chips)
Seat 2: de8aec2d ($5.28 in chips)
Seat 3: Hero ($6.2 in chips)
Seat 4: 737e1dfe ($5.31 in chips)
Seat 5: d077544c ($5.33 in chips)
Seat 6: 54ee0013 ($5 in chips)
de8aec2d: posts small blind $0.02
Hero: posts big blind $0.05
*** HOLE CARDS ***
Dealt to 4328f176 
Dealt to de8aec2d 
Dealt to Hero [9d 4c]
Dealt to 737e1dfe 
Dealt to d077544c 
Dealt to 54ee0013 
737e1dfe: folds
d077544c: folds
54ee0013: folds
4328f176: folds
de8aec2d: folds
Uncalled bet ($0.03) returned to Hero
*** SHOWDOWN ***
Hero collected $0.04 from pot
*** SUMMARY ***
Total pot $0.04 | Rake $0 | Jackpot $0 | Bingo $0 | Fortune $0 | Tax $0
Seat 1: 4328f176 (button) folded before Flop (didn't bet)
Seat 2: de8aec2d (small blind) folded before Flop
Seat 3: Hero (big blind) collected ($0.04)
Seat 4: 737e1dfe folded before Flop (didn't bet)
Seat 5: d077544c folded before Flop (didn't bet)
Seat 6: 54ee0013 folded before Flop (didn't bet)


Poker Hand #HD1720101908: Hold'em No Limit ($0.02/$0.05) - 2024/04/07 20:26:11
Table 'NLHBlue91' 6-max Seat #6 is the button
Seat 1: 4328f176 ($1.02 in chips)
Seat 2: de8aec2d ($5.36 in chips)
Seat 3: Hero ($6.2 in chips)
Seat 4: 737e1dfe ($5.31 in chips)
Seat 5: d077544c ($5.33 in chips)
Seat 6: 54ee0013 ($5 in chips)
4328f176: posts small blind $0.02
de8aec2d: posts big blind $0.05
*** HOLE CARDS ***
Dealt to 4328f176 
Dealt to de8aec2d 
Dealt to Hero [9h 3d]
Dealt to 737e1dfe 
Dealt to d077544c 
Dealt to 54ee0013 
Hero: folds
737e1dfe: folds
d077544c: folds
54ee0013: folds
4328f176: calls $0.03
de8aec2d: raises $0.15 to $0.2
4328f176: calls $0.15
*** FLOP *** [Kd 8c Ad]
4328f176: bets $0.2
de8aec2d: calls $0.2
*** TURN *** [Kd 8c Ad] [4d]
4328f176: checks
de8aec2d: bets $0.27
4328f176: calls $0.27
*** RIVER *** [Kd 8c Ad 4d] [Ts]
4328f176: checks
de8aec2d: bets $0.35
4328f176: calls $0.35 and is all-in
de8aec2d: shows [Ac 2d] (Pair of Aces)
4328f176: shows [6c As] (Pair of Aces)
*** SHOWDOWN ***
4328f176 collected $0.95 from pot
de8aec2d collected $0.94 from pot
*** SUMMARY ***
Total pot $2.04 | Rake $0.1 | Jackpot $0.05 | Bingo $0 | Fortune $0 | Tax $0
Board [Kd 8c Ad 4d Ts]
Seat 1: 4328f176 (small blind) showed [6c As] and won ($0.95) with Pair of Aces
Seat 2: de8aec2d (big blind) showed [Ac 2d] and won ($0.94) with Pair of Aces
Seat 3: Hero folded before Flop (didn't bet)
Seat 4: 737e1dfe folded before Flop (didn't bet)
Seat 5: d077544c folded before Flop (didn't bet)
Seat 6: 54ee0013 (button) folded before Flop (didn't bet)


Poker Hand #HD1720101827: Hold'em No Limit ($0.02/$0.05) - 2024/04/07 20:25:31
Table 'NLHBlue91' 6-max Seat #5 is the button
Seat 1: 4328f176 ($0.81 in chips)
Seat 2: de8aec2d ($5.36 in chips)
Seat 3: Hero ($6.2 in chips)
Seat 4: 737e1dfe ($5.31 in chips)
Seat 5: d077544c ($5.54 in chips)
Seat 6: 54ee0013 ($5 in chips)
54ee0013: posts small blind $0.02
4328f176: posts big blind $0.05
*** HOLE CARDS ***
Dealt to 4328f176 
Dealt to de8aec2d 
Dealt to Hero [7s 2s]
Dealt to 737e1dfe 
Dealt to d077544c 
Dealt to 54ee0013 
de8aec2d: folds
Hero: folds
737e1dfe: folds
d077544c: raises $0.07 to $0.12
54ee0013: folds
4328f176: calls $0.07
*** FLOP *** [9c 7c 4s]
4328f176: bets $0.09
d077544c: calls $0.09
*** TURN *** [9c 7c 4s] [3h]
4328f176: bets $0.15
d077544c: folds
Uncalled bet ($0.15) returned to 4328f176
*** SHOWDOWN ***
4328f176 collected $0.42 from pot
*** SUMMARY ***
Total pot $0.44 | Rake $0.02 | Jackpot $0 | Bingo $0 | Fortune $0 | Tax $0
Board [9c 7c 4s 3h]
Seat 1: 4328f176 (big blind) won ($0.42)
Seat 2: de8aec2d folded before Flop (didn't bet)
Seat 3: Hero folded before Flop (didn't bet)
Seat 4: 737e1dfe folded before Flop (didn't bet)
Seat 5: d077544c (button) folded on the Turn
Seat 6: 54ee0013 (small blind) folded before Flop


Poker Hand #HD1720101779: Hold'em No Limit ($0.02/$0.05) - 2024/04/07 20:25:05
Table 'NLHBlue91' 6-max Seat #4 is the button
Seat 1: 4328f176 ($0.74 in chips)
Seat 2: de8aec2d ($5.36 in chips)
Seat 3: Hero ($6.2 in chips)
Seat 4: 737e1dfe ($5.31 in chips)
Seat 5: d077544c ($5.56 in chips)
Seat 6: 54ee0013 ($5 in chips)
d077544c: posts small blind $0.02
54ee0013: posts big blind $0.05
*** HOLE CARDS ***
Dealt to 4328f176 
Dealt to de8aec2d 
Dealt to Hero [Qd 4d]
Dealt to 737e1dfe 
Dealt to d077544c 
Dealt to 54ee0013 
4328f176: calls $0.05
de8aec2d: folds
Hero: folds
737e1dfe: folds
d077544c: folds
54ee0013: checks
*** FLOP *** [2s Jc 7d]
54ee0013: checks
4328f176: bets $0.06
54ee0013: folds
Uncalled bet ($0.06) returned to 4328f176
*** SHOWDOWN ***
4328f176 collected $0.12 from pot
*** SUMMARY ***
Total pot $0.12 | Rake $0 | Jackpot $0 | Bingo $0 | Fortune $0 | Tax $0
Board [2s Jc 7d]
Seat 1: 4328f176 won ($0.12)
Seat 2: de8aec2d folded before Flop (didn't bet)
Seat 3: Hero folded before Flop (didn't bet)
Seat 4: 737e1dfe (button) folded before Flop (didn't bet)
Seat 5: d077544c (small blind) folded before Flop
Seat 6: 54ee0013 (big blind) folded on the Flop


Poker Hand #HD1720101693: Hold'em No Limit ($0.02/$0.05) - 2024/04/07 20:24:23
Table 'NLHBlue91' 6-max Seat #3 is the button
Seat 1: 4328f176 ($0.35 in chips)
Seat 2: de8aec2d ($5.36 in chips)
Seat 3: Hero ($6.55 in chips)
Seat 4: 737e1dfe ($5.33 in chips)
Seat 5: d077544c ($5.61 in chips)
Seat 6: 54ee0013 ($5 in chips)
737e1dfe: posts small blind $0.02
d077544c: posts big blind $0.05
*** HOLE CARDS ***
Dealt to 4328f176 
Dealt to de8aec2d 
Dealt to Hero [Kh Jc]
Dealt to 737e1dfe 
Dealt to d077544c 
Dealt to 54ee0013 
54ee0013: folds
4328f176: calls $0.05
de8aec2d: folds
Hero: raises $0.12 to $0.17
737e1dfe: folds
d077544c: folds
4328f176: raises $0.18 to $0.35 and is all-in
Hero: calls $0.18
4328f176: shows [Ah 3d]
Hero: shows [Kh Jc]
*** FLOP *** [Qc 6d 2c]
*** TURN *** [Qc 6d 2c] [Th]
*** RIVER *** [Qc 6d 2c Th] [6c]
*** SHOWDOWN ***
4328f176 collected $0.74 from pot
*** SUMMARY ***
Total pot $0.77 | Rake $0.03 | Jackpot $0 | Bingo $0 | Fortune $0 | Tax $0
Board [Qc 6d 2c Th 6c]
Seat 1: 4328f176 showed [Ah 3d] and won ($0.74) with Pair of Sixes
Seat 2: de8aec2d folded before Flop (didn't bet)
Seat 3: Hero (button) showed [Kh Jc] and lost with Pair of Sixes
Seat 4: 737e1dfe (small blind) folded before Flop
Seat 5: d077544c (big blind) folded before Flop
Seat 6: 54ee0013 folded before Flop (didn't bet)


Poker Hand #HD1720101583: Hold'em No Limit ($0.02/$0.05) - 2024/04/07 20:23:19
Table 'NLHBlue91' 6-max Seat #2 is the button
Seat 1: 4328f176 ($1 in chips)
Seat 2: de8aec2d ($5.36 in chips)
Seat 3: Hero ($5.91 in chips)
Seat 4: 737e1dfe ($5.38 in chips)
Seat 5: d077544c ($5.61 in chips)
Seat 6: 54ee0013 ($5 in chips)
Hero: posts small blind $0.02
737e1dfe: posts big blind $0.05
4328f176: posts missed blind $0.02
*** HOLE CARDS ***
Dealt to 4328f176 
Dealt to de8aec2d 
Dealt to Hero [Jd Ad]
Dealt to 737e1dfe 
Dealt to d077544c 
Dealt to 54ee0013 
d077544c: folds
54ee0013: folds
4328f176: calls $0.05
de8aec2d: folds
Hero: raises $0.15 to $0.2
737e1dfe: folds
4328f176: calls $0.15
*** FLOP *** [As Ac Jc]
Hero: checks
4328f176: bets $0.16
Hero: calls $0.16
*** TURN *** [As Ac Jc] [6s]
Hero: checks
4328f176: bets $0.27
Hero: calls $0.27
*** RIVER *** [As Ac Jc 6s] [2s]
Hero: bets $0.49
4328f176: folds
Uncalled bet ($0.49) returned to Hero
*** SHOWDOWN ***
Hero collected $1.27 from pot
*** SUMMARY ***
Total pot $1.33 | Rake $0.06 | Jackpot $0 | Bingo $0 | Fortune $0 | Tax $0
Board [As Ac Jc 6s 2s]
Seat 1: 4328f176 folded on the River
Seat 2: de8aec2d (button) folded before Flop (didn't bet)
Seat 3: Hero (small blind) won ($1.27)
Seat 4: 737e1dfe (big blind) folded before Flop
Seat 5: d077544c folded before Flop (didn't bet)
Seat 6: 54ee0013 folded before Flop (didn't bet)


Poker Hand #HD1720101570: Hold'em No Limit ($0.02/$0.05) - 2024/04/07 20:23:10
Table 'NLHBlue91' 6-max Seat #6 is the button
Seat 2: de8aec2d ($5.38 in chips)
Seat 3: Hero ($5.89 in chips)
Seat 4: 737e1dfe ($5.38 in chips)
Seat 5: d077544c ($5.61 in chips)
Seat 6: 54ee0013 ($5 in chips)
de8aec2d: posts small blind $0.02
Hero: posts big blind $0.05
*** HOLE CARDS ***
Dealt to de8aec2d 
Dealt to Hero [Kc 8d]
Dealt to 737e1dfe 
Dealt to d077544c 
Dealt to 54ee0013 
737e1dfe: folds
d077544c: folds
54ee0013: folds
de8aec2d: folds
Uncalled bet ($0.03) returned to Hero
*** SHOWDOWN ***
Hero collected $0.04 from pot
*** SUMMARY ***
Total pot $0.04 | Rake $0 | Jackpot $0 | Bingo $0 | Fortune $0 | Tax $0
Seat 2: de8aec2d (small blind) folded before Flop
Seat 3: Hero (big blind) collected ($0.04)
Seat 4: 737e1dfe folded before Flop (didn't bet)
Seat 5: d077544c folded before Flop (didn't bet)
Seat 6: 54ee0013 (button) folded before Flop (didn't bet)


Poker Hand #HD1720101495: Hold'em No Limit ($0.02/$0.05) - 2024/04/07 20:22:26
Table 'NLHBlue91' 6-max Seat #5 is the button
Seat 1: 4328f176 ($0.4 in chips)
Seat 2: de8aec2d ($5 in chips)
Seat 3: Hero ($5.89 in chips)
Seat 4: 737e1dfe ($5.38 in chips)
Seat 5: d077544c ($5.61 in chips)
Seat 6: 54ee0013 ($5 in chips)
54ee0013: posts small blind $0.02
4328f176: posts big blind $0.05
*** HOLE CARDS ***
Dealt to 4328f176 
Dealt to de8aec2d 
Dealt to Hero [8h 2s]
Dealt to 737e1dfe 
Dealt to d077544c 
Dealt to 54ee0013 
de8aec2d: raises $0.05 to $0.1
Hero: folds
737e1dfe: folds
d077544c: folds
54ee0013: folds
4328f176: calls $0.05
*** FLOP *** [Qh 9d 3s]
4328f176: checks
de8aec2d: bets $0.1
4328f176: raises $0.2 to $0.3 and is all-in
de8aec2d: calls $0.2
4328f176: shows [Qd 8c] (Pair of Queens)
de8aec2d: shows [Qc Ks] (Pair of Queens)
*** TURN *** [Qh 9d 3s] [5s]
*** RIVER *** [Qh 9d 3s 5s] [4s]
*** SHOWDOWN ***
de8aec2d collected $0.78 from pot
*** SUMMARY ***
Total pot $0.82 | Rake $0.04 | Jackpot $0 | Bingo $0 | Fortune $0 | Tax $0
Board [Qh 9d 3s 5s 4s]
Seat 1: 4328f176 (big blind) showed [Qd 8c] and lost with Pair of Queens
Seat 2: de8aec2d showed [Qc Ks] and won ($0.78) with Pair of Queens
Seat 3: Hero folded before Flop (didn't bet)
Seat 4: 737e1dfe folded before Flop (didn't bet)
Seat 5: d077544c (button) folded before Flop (didn't bet)
Seat 6: 54ee0013 (small blind) folded before Flop


Poker Hand #HD1720101462: Hold'em No Limit ($0.02/$0.05) - 2024/04/07 20:22:10
Table 'NLHBlue91' 6-max Seat #4 is the button
Seat 1: 4328f176 ($0.4 in chips)
Seat 2: de8aec2d ($5 in chips)
Seat 3: Hero ($5.82 in chips)
Seat 4: 737e1dfe ($5.38 in chips)
Seat 5: d077544c ($5.63 in chips)
Seat 6: 54ee0013 ($5.04 in chips)
d077544c: posts small blind $0.02
54ee0013: posts big blind $0.05
*** HOLE CARDS ***
Dealt to 4328f176 
Dealt to de8aec2d 
Dealt to Hero [Qc Ad]
Dealt to 737e1dfe 
Dealt to d077544c 
Dealt to 54ee0013 
4328f176: folds
de8aec2d: folds
Hero: raises $0.08 to $0.13
737e1dfe: folds
d077544c: folds
54ee0013: folds
Uncalled bet ($0.08) returned to Hero
*** SHOWDOWN ***
Hero collected $0.12 from pot
*** SUMMARY ***
Total pot $0.12 | Rake $0 | Jackpot $0 | Bingo $0 | Fortune $0 | Tax $0
Seat 1: 4328f176 folded before Flop (didn't bet)
Seat 2: de8aec2d folded before Flop (didn't bet)
Seat 3: Hero collected ($0.12)
Seat 4: 737e1dfe (button) folded before Flop (didn't bet)
Seat 5: d077544c (small blind) folded before Flop
Seat 6: 54ee0013 (big blind) folded before Flop


Poker Hand #HD1720101358: Hold'em No Limit ($0.02/$0.05) - 2024/04/07 20:21:11
Table 'NLHBlue91' 6-max Seat #3 is the button
Seat 1: 4328f176 ($0.4 in chips)
Seat 2: de8aec2d ($5 in chips)
Seat 3: Hero ($5.68 in chips)
Seat 4: 737e1dfe ($5.4 in chips)
Seat 5: d077544c ($5.76 in chips)
Seat 6: 54ee0013 ($5.04 in chips)
737e1dfe: posts small blind $0.02
d077544c: posts big blind $0.05
*** HOLE CARDS ***
Dealt to 4328f176 
Dealt to de8aec2d 
Dealt to Hero [9d Qs]
Dealt to 737e1dfe 
Dealt to d077544c 
Dealt to 54ee0013 
54ee0013: folds
4328f176: folds
de8aec2d: folds
Hero: raises $0.08 to $0.13
737e1dfe: folds
d077544c: calls $0.08
*** FLOP *** [Kd 3c 4d]
d077544c: checks
Hero: checks
*** TURN *** [Kd 3c 4d] [Qh]
d077544c: checks
Hero: bets $0.15
d077544c: folds
Uncalled bet ($0.15) returned to Hero
*** SHOWDOWN ***
Hero collected $0.27 from pot
*** SUMMARY ***
Total pot $0.28 | Rake $0.01 | Jackpot $0 | Bingo $0 | Fortune $0 | Tax $0
Board [Kd 3c 4d Qh]
Seat 1: 4328f176 folded before Flop (didn't bet)
Seat 2: de8aec2d folded before Flop (didn't bet)
Seat 3: Hero (button) won ($0.27)
Seat 4: 737e1dfe (small blind) folded before Flop
Seat 5: d077544c (big blind) folded on the Turn
Seat 6: 54ee0013 folded before Flop (didn't bet)


Poker Hand #HD1720101241: Hold'em No Limit ($0.02/$0.05) - 2024/04/07 20:20:05
Table 'NLHBlue91' 6-max Seat #2 is the button
Seat 1: 4328f176 ($0.4 in chips)
Seat 2: de8aec2d ($5 in chips)
Seat 3: Hero ($5 in chips)
Seat 4: 737e1dfe ($5.45 in chips)
Seat 5: d077544c ($5.76 in chips)
Seat 6: 54ee0013 ($5.74 in chips)
Hero: posts small blind $0.02
737e1dfe: posts big blind $0.05
*** HOLE CARDS ***
Dealt to 4328f176 
Dealt to de8aec2d 
Dealt to Hero [Ah Kd]
Dealt to 737e1dfe 
Dealt to d077544c 
Dealt to 54ee0013 
d077544c: folds
54ee0013: raises $0.06 to $0.11
4328f176: folds
de8aec2d: folds
Hero: raises $0.14 to $0.25
737e1dfe: folds
54ee0013: raises $0.45 to $0.7
Hero: raises $1 to $1.7
54ee0013: folds
Uncalled bet ($1) returned to Hero
*** SHOWDOWN ***
Hero collected $1.38 from pot
*** SUMMARY ***
Total pot $1.45 | Rake $0.07 | Jackpot $0 | Bingo $0 | Fortune $0 | Tax $0
Seat 1: 4328f176 folded before Flop (didn't bet)
Seat 2: de8aec2d (button) folded before Flop (didn't bet)
Seat 3: Hero (small blind) collected ($1.38)
Seat 4: 737e1dfe (big blind) folded before Flop
Seat 5: d077544c folded before Flop (didn't bet)
Seat 6: 54ee0013 folded before Flop


Poker Hand #HD1720101217: Hold'em No Limit ($0.02/$0.05) - 2024/04/07 20:19:55
Table 'NLHBlue91' 6-max Seat #1 is the button
Seat 1: 4328f176 ($0.4 in chips)
Seat 2: de8aec2d ($5 in chips)
Seat 3: Hero ($5 in chips)
Seat 4: 737e1dfe ($5.45 in chips)
Seat 5: d077544c ($5.76 in chips)
Seat 6: 54ee0013 ($5.67 in chips)
de8aec2d: posts small blind $0.02
Hero: posts big blind $0.05
*** HOLE CARDS ***
Dealt to 4328f176 
Dealt to de8aec2d 
Dealt to Hero [7d Jh]
Dealt to 737e1dfe 
Dealt to d077544c 
Dealt to 54ee0013 
737e1dfe: folds
d077544c: folds
54ee0013: raises $0.08 to $0.13
4328f176: folds
de8aec2d: folds
Hero: folds
Uncalled bet ($0.08) returned to 54ee0013
*** SHOWDOWN ***
54ee0013 collected $0.12 from pot
*** SUMMARY ***
Total pot $0.12 | Rake $0 | Jackpot $0 | Bingo $0 | Fortune $0 | Tax $0
Seat 1: 4328f176 (button) folded before Flop (didn't bet)
Seat 2: de8aec2d (small blind) folded before Flop
Seat 3: Hero (big blind) folded before Flop
Seat 4: 737e1dfe folded before Flop (didn't bet)
Seat 5: d077544c folded before Flop (didn't bet)
Seat 6: 54ee0013 collected ($0.12)


Poker Hand #HD1720101067: Hold'em No Limit ($0.02/$0.05) - 2024/04/07 20:18:26
Table 'NLHBlue91' 6-max Seat #6 is the button
Seat 1: 4328f176 ($0.86 in chips)
Seat 2: de8aec2d ($5 in chips)
Seat 3: Hero ($5 in chips)
Seat 4: 737e1dfe ($5.45 in chips)
Seat 5: d077544c ($5.76 in chips)
Seat 6: 54ee0013 ($5 in chips)
4328f176: posts small blind $0.02
de8aec2d: posts big blind $0.05
*** HOLE CARDS ***
Dealt to 4328f176 
Dealt to de8aec2d 
Dealt to Hero [4s 2d]
Dealt to 737e1dfe 
Dealt to d077544c 
Dealt to 54ee0013 
Hero: folds
737e1dfe: folds
d077544c: folds
54ee0013: raises $0.08 to $0.13
4328f176: calls $0.11
de8aec2d: calls $0.08
*** FLOP *** [2h Td 7h]
4328f176: checks
de8aec2d: bets $0.13
54ee0013: calls $0.13
4328f176: calls $0.13
*** TURN *** [2h Td 7h] [Qh]
4328f176: checks
de8aec2d: checks
54ee0013: bets $0.2
4328f176: calls $0.2
de8aec2d: folds
*** RIVER *** [2h Td 7h Qh] [2c]
4328f176: checks
54ee0013: bets $0.25
4328f176: folds
Uncalled bet ($0.25) returned to 54ee0013
*** SHOWDOWN ***
54ee0013 collected $1.13 from pot
*** SUMMARY ***
Total pot $1.18 | Rake $0.05 | Jackpot $0 | Bingo $0 | Fortune $0 | Tax $0
Board [2h Td 7h Qh 2c]
Seat 1: 4328f176 (small blind) folded on the River
Seat 2: de8aec2d (big blind) folded on the Turn
Seat 3: Hero folded before Flop (didn't bet)
Seat 4: 737e1dfe folded before Flop (didn't bet)
Seat 5: d077544c folded before Flop (didn't bet)
Seat 6: 54ee0013 (button) won ($1.13)


Poker Hand #HD1720100954: Hold'em No Limit ($0.02/$0.05) - 2024/04/07 20:17:19
Table 'NLHBlue91' 6-max Seat #5 is the button
Seat 1: 4328f176 ($0.75 in chips)
Seat 2: de8aec2d ($5 in chips)
Seat 3: Hero ($5.07 in chips)
Seat 4: 737e1dfe ($5.45 in chips)
Seat 5: d077544c ($5.76 in chips)
Seat 6: 54ee0013 ($5 in chips)
54ee0013: posts small blind $0.02
4328f176: posts big blind $0.05
*** HOLE CARDS ***
Dealt to 4328f176 
Dealt to de8aec2d 
Dealt to Hero [Td As]
Dealt to 737e1dfe 
Dealt to d077544c 
Dealt to 54ee0013 
de8aec2d: folds
Hero: raises $0.05 to $0.1
737e1dfe: folds
d077544c: folds
54ee0013: folds
4328f176: calls $0.05
*** FLOP *** [2d 3s 9d]
4328f176: checks
Hero: checks
*** TURN *** [2d 3s 9d] [8c]
4328f176: checks
Hero: checks
*** RIVER *** [2d 3s 9d 8c] [9c]
4328f176: checks
Hero: checks
4328f176: shows [7s 2s] (Pair of Nines and Pair of Twos)
Hero: shows [Td As] (Pair of Nines)
*** SHOWDOWN ***
4328f176 collected $0.21 from pot
*** SUMMARY ***
Total pot $0.22 | Rake $0.01 | Jackpot $0 | Bingo $0 | Fortune $0 | Tax $0
Board [2d 3s 9d 8c 9c]
Seat 1: 4328f176 (big blind) showed [7s 2s] and won ($0.21) with Pair of Nines and Pair of Twos
Seat 2: de8aec2d folded before Flop (didn't bet)
Seat 3: Hero showed [Td As] and lost with Pair of Nines
Seat 4: 737e1dfe folded before Flop (didn't bet)
Seat 5: d077544c (button) folded before Flop (didn't bet)
Seat 6: 54ee0013 (small blind) folded before Flop


Poker Hand #HD1720100908: Hold'em No Limit ($0.02/$0.05) - 2024/04/07 20:17:00
Table 'NLHBlue91' 6-max Seat #4 is the button
Seat 1: 4328f176 ($0.75 in chips)
Seat 2: de8aec2d ($5 in chips)
Seat 3: Hero ($5 in chips)
Seat 4: 737e1dfe ($5.45 in chips)
Seat 5: d077544c ($5.78 in chips)
Seat 6: 54ee0013 ($5 in chips)
d077544c: posts small blind $0.02
54ee0013: posts big blind $0.05
*** HOLE CARDS ***
Dealt to 4328f176 
Dealt to de8aec2d 
Dealt to Hero [Td Kd]
Dealt to 737e1dfe 
Dealt to d077544c 
Dealt to 54ee0013 
4328f176: folds
de8aec2d: folds
Hero: raises $0.08 to $0.13
737e1dfe: folds
d077544c: folds
54ee0013: folds
Uncalled bet ($0.08) returned to Hero
*** SHOWDOWN ***
Hero collected $0.12 from pot
*** SUMMARY ***
Total pot $0.12 | Rake $0 | Jackpot $0 | Bingo $0 | Fortune $0 | Tax $0
Seat 1: 4328f176 folded before Flop (didn't bet)
Seat 2: de8aec2d folded before Flop (didn't bet)
Seat 3: Hero collected ($0.12)
Seat 4: 737e1dfe (button) folded before Flop (didn't bet)
Seat 5: d077544c (small blind) folded before Flop
Seat 6: 54ee0013 (big blind) folded before Flop


Poker Hand #HD1720100823: Hold'em No Limit ($0.02/$0.05) - 2024/04/07 20:16:10
Table 'NLHBlue91' 6-max Seat #3 is the button
Seat 1: 4328f176 ($0.75 in chips)
Seat 2: de8aec2d ($5.18 in chips)
Seat 3: Hero ($5 in chips)
Seat 4: 737e1dfe ($5.47 in chips)
Seat 5: d077544c ($5.59 in chips)
Seat 6: 54ee0013 ($5 in chips)
737e1dfe: posts small blind $0.02
d077544c: posts big blind $0.05
*** HOLE CARDS ***
Dealt to 4328f176 
Dealt to de8aec2d 
Dealt to Hero [5d Qd]
Dealt to 737e1dfe 
Dealt to d077544c 
Dealt to 54ee0013 
54ee0013: folds
4328f176: folds
de8aec2d: raises $0.05 to $0.1
Hero: folds
737e1dfe: folds
d077544c: calls $0.05
*** FLOP *** [8h Td Jc]
d077544c: checks
de8aec2d: bets $0.08
d077544c: calls $0.08
*** TURN *** [8h Td Jc] [5s]
d077544c: checks
de8aec2d: checks
*** RIVER *** [8h Td Jc 5s] [7d]
d077544c: bets $0.75
de8aec2d: folds
Uncalled bet ($0.75) returned to d077544c
*** SHOWDOWN ***
d077544c collected $0.37 from pot
*** SUMMARY ***
Total pot $0.38 | Rake $0.01 | Jackpot $0 | Bingo $0 | Fortune $0 | Tax $0
Board [8h Td Jc 5s 7d]
Seat 1: 4328f176 folded before Flop (didn't bet)
Seat 2: de8aec2d folded on the River
Seat 3: Hero (button) folded before Flop (didn't bet)
Seat 4: 737e1dfe (small blind) folded before Flop
Seat 5: d077544c (big blind) won ($0.37)
Seat 6: 54ee0013 folded before Flop (didn't bet)


Poker Hand #HD1720100804: Hold'em No Limit ($0.02/$0.05) - 2024/04/07 20:15:59
Table 'NLHBlue91' 6-max Seat #2 is the button
Seat 1: 4328f176 ($0.75 in chips)
Seat 2: de8aec2d ($5.18 in chips)
Seat 3: Hero ($5 in chips)
Seat 4: 737e1dfe ($5.45 in chips)
Seat 5: d077544c ($5.59 in chips)
Seat 6: 54ee0013 ($5 in chips)
Hero: posts small blind $0.02
737e1dfe: posts big blind $0.05
*** HOLE CARDS ***
Dealt to 4328f176 
Dealt to de8aec2d 
Dealt to Hero [Ks 7c]
Dealt to 737e1dfe 
Dealt to d077544c 
Dealt to 54ee0013 
d077544c: folds
54ee0013: folds
4328f176: folds
de8aec2d: folds
Hero: folds
Uncalled bet ($0.03) returned to 737e1dfe
*** SHOWDOWN ***
737e1dfe collected $0.04 from pot
*** SUMMARY ***
Total pot $0.04 | Rake $0 | Jackpot $0 | Bingo $0 | Fortune $0 | Tax $0
Seat 1: 4328f176 folded before Flop (didn't bet)
Seat 2: de8aec2d (button) folded before Flop (didn't bet)
Seat 3: Hero (small blind) folded before Flop
Seat 4: 737e1dfe (big blind) collected ($0.04)
Seat 5: d077544c folded before Flop (didn't bet)
Seat 6: 54ee0013 folded before Flop (didn't bet)


Poker Hand #HD1720100768: Hold'em No Limit ($0.02/$0.05) - 2024/04/07 20:15:38
Table 'NLHBlue91' 6-max Seat #1 is the button
Seat 1: 4328f176 ($0.75 in chips)
Seat 2: de8aec2d ($5.13 in chips)
Seat 3: Hero ($5 in chips)
Seat 4: 737e1dfe ($5.45 in chips)
Seat 5: d077544c ($5.59 in chips)
Seat 6: 54ee0013 ($5 in chips)
de8aec2d: posts small blind $0.02
Hero: posts big blind $0.05
*** HOLE CARDS ***
Dealt to 4328f176 
Dealt to de8aec2d 
Dealt to Hero [Tc 4d]
Dealt to 737e1dfe 
Dealt to d077544c 
Dealt to 54ee0013 
737e1dfe: folds
d077544c: folds
54ee0013: folds
4328f176: folds
de8aec2d: raises $0.1 to $0.15
Hero: folds
Uncalled bet ($0.1) returned to de8aec2d
*** SHOWDOWN ***
de8aec2d collected $0.1 from pot
*** SUMMARY ***
Total pot $0.1 | Rake $0 | Jackpot $0 | Bingo $0 | Fortune $0 | Tax $0
Seat 1: 4328f176 (button) folded before Flop (didn't bet)
Seat 2: de8aec2d (small blind) collected ($0.1)
Seat 3: Hero (big blind) folded before Flop
Seat 4: 737e1dfe folded before Flop (didn't bet)
Seat 5: d077544c folded before Flop (didn't bet)
Seat 6: 54ee0013 folded before Flop (didn't bet)


Poker Hand #HD1720100696: Hold'em No Limit ($0.02/$0.05) - 2024/04/07 20:14:58
Table 'NLHBlue91' 6-max Seat #6 is the button
Seat 1: 4328f176 ($0.77 in chips)
Seat 2: de8aec2d ($5 in chips)
Seat 3: Hero ($5 in chips)
Seat 4: 737e1dfe ($5.45 in chips)
Seat 5: d077544c ($5.71 in chips)
Seat 6: 54ee0013 ($5 in chips)
4328f176: posts small blind $0.02
de8aec2d: posts big blind $0.05
*** HOLE CARDS ***
Dealt to 4328f176 
Dealt to de8aec2d 
Dealt to Hero [7h Kd]
Dealt to 737e1dfe 
Dealt to d077544c 
Dealt to 54ee0013 
Hero: folds
737e1dfe: folds
d077544c: raises $0.07 to $0.12
54ee0013: folds
4328f176: folds
de8aec2d: calls $0.07
*** FLOP *** [8c 3c 5s]
de8aec2d: checks
d077544c: checks
*** TURN *** [8c 3c 5s] [Kc]
de8aec2d: bets $0.2
d077544c: folds
Uncalled bet ($0.2) returned to de8aec2d
*** SHOWDOWN ***
de8aec2d collected $0.25 from pot
*** SUMMARY ***
Total pot $0.26 | Rake $0.01 | Jackpot $0 | Bingo $0 | Fortune $0 | Tax $0
Board [8c 3c 5s Kc]
Seat 1: 4328f176 (small blind) folded before Flop
Seat 2: de8aec2d (big blind) won ($0.25)
Seat 3: Hero folded before Flop (didn't bet)
Seat 4: 737e1dfe folded before Flop (didn't bet)
Seat 5: d077544c folded on the Turn
Seat 6: 54ee0013 (button) folded before Flop (didn't bet)


Poker Hand #HD1720100586: Hold'em No Limit ($0.02/$0.05) - 2024/04/07 20:14:02
Table 'NLHBlue91' 6-max Seat #5 is the button
Seat 1: 4328f176 ($1 in chips)
Seat 3: Hero ($5 in chips)
Seat 4: 737e1dfe ($5.22 in chips)
Seat 5: d077544c ($5.71 in chips)
Seat 6: 54ee0013 ($5 in chips)
54ee0013: posts small blind $0.02
4328f176: posts big blind $0.05
*** HOLE CARDS ***
Dealt to 4328f176 
Dealt to Hero [Ac 3d]
Dealt to 737e1dfe 
Dealt to d077544c 
Dealt to 54ee0013 
Hero: folds
737e1dfe: raises $0.08 to $0.13
d077544c: folds
54ee0013: folds
4328f176: calls $0.08
*** FLOP *** [Qd 2h 7h]
4328f176: checks
737e1dfe: bets $0.1
4328f176: calls $0.1
*** TURN *** [Qd 2h 7h] [6h]
4328f176: checks
737e1dfe: bets $0.16
4328f176: folds
Uncalled bet ($0.16) returned to 737e1dfe
*** SHOWDOWN ***
737e1dfe collected $0.46 from pot
*** SUMMARY ***
Total pot $0.48 | Rake $0.02 | Jackpot $0 | Bingo $0 | Fortune $0 | Tax $0
Board [Qd 2h 7h 6h]
Seat 1: 4328f176 (big blind) folded on the Turn
Seat 3: Hero folded before Flop (didn't bet)
Seat 4: 737e1dfe won ($0.46)
Seat 5: d077544c (button) folded before Flop (didn't bet)
Seat 6: 54ee0013 (small blind) folded before Flop


Poker Hand #HD1720100403: Hold'em No Limit ($0.02/$0.05) - 2024/04/07 20:12:28
Table 'NLHBlue91' 6-max Seat #4 is the button
Seat 3: Hero ($5.19 in chips)
Seat 4: 737e1dfe ($5.22 in chips)
Seat 5: d077544c ($5.09 in chips)
Seat 6: 54ee0013 ($5 in chips)
d077544c: posts small blind $0.02
54ee0013: posts big blind $0.05
*** HOLE CARDS ***
Dealt to Hero [Qd Qs]
Dealt to 737e1dfe 
Dealt to d077544c 
Dealt to 54ee0013 
Hero: raises $0.08 to $0.13
737e1dfe: folds
d077544c: calls $0.11
54ee0013: folds
*** FLOP *** [4d 2h 3h]
d077544c: checks
Hero: bets $0.15
d077544c: calls $0.15
*** TURN *** [4d 2h 3h] [9s]
d077544c: checks
Hero: bets $0.35
d077544c: calls $0.35
*** RIVER *** [4d 2h 3h 9s] [Kh]
d077544c: bets $1.7
Hero: folds
Uncalled bet ($1.7) returned to d077544c
d077544c: shows [7d 5d] (King-High)
*** SHOWDOWN ***
d077544c collected $1.25 from pot
*** SUMMARY ***
Total pot $1.31 | Rake $0.06 | Jackpot $0 | Bingo $0 | Fortune $0 | Tax $0
Board [4d 2h 3h 9s Kh]
Seat 3: Hero folded on the River
Seat 4: 737e1dfe (button) folded before Flop (didn't bet)
Seat 5: d077544c (small blind) showed [7d 5d] and won ($1.25)
Seat 6: 54ee0013 (big blind) folded before Flop


Poker Hand #HD1720100388: Hold'em No Limit ($0.02/$0.05) - 2024/04/07 20:12:18
Table 'NLHBlue91' 6-max Seat #3 is the button
Seat 3: Hero ($5.19 in chips)
Seat 4: 737e1dfe ($5.24 in chips)
Seat 5: d077544c ($5.07 in chips)
Seat 6: 54ee0013 ($5 in chips)
737e1dfe: posts small blind $0.02
d077544c: posts big blind $0.05
*** HOLE CARDS ***
Dealt to Hero [9d 4s]
Dealt to 737e1dfe 
Dealt to d077544c 
Dealt to 54ee0013 
54ee0013: folds
Hero: folds
737e1dfe: folds
Uncalled bet ($0.03) returned to d077544c
*** SHOWDOWN ***
d077544c collected $0.04 from pot
*** SUMMARY ***
Total pot $0.04 | Rake $0 | Jackpot $0 | Bingo $0 | Fortune $0 | Tax $0
Seat 3: Hero (button) folded before Flop (didn't bet)
Seat 4: 737e1dfe (small blind) folded before Flop
Seat 5: d077544c (big blind) collected ($0.04)
Seat 6: 54ee0013 folded before Flop (didn't bet)


Poker Hand #HD1720100276: Hold'em No Limit ($0.02/$0.05) - 2024/04/07 20:11:22
Table 'NLHBlue91' 6-max Seat #6 is the button
Seat 3: Hero ($5.21 in chips)
Seat 4: 737e1dfe ($5.05 in chips)
Seat 5: d077544c ($5.07 in chips)
Seat 6: 54ee0013 ($5.11 in chips)
Hero: posts small blind $0.02
737e1dfe: posts big blind $0.05
*** HOLE CARDS ***
Dealt to Hero [4c 7s]
Dealt to 737e1dfe 
Dealt to d077544c 
Dealt to 54ee0013 
d077544c: folds
54ee0013: raises $0.06 to $0.11
Hero: folds
737e1dfe: calls $0.06
*** FLOP *** [7h 7c 5s]
737e1dfe: checks
54ee0013: bets $0.08
737e1dfe: raises $0.2 to $0.28
54ee0013: folds
Uncalled bet ($0.2) returned to 737e1dfe
*** SHOWDOWN ***
737e1dfe collected $0.38 from pot
*** SUMMARY ***
Total pot $0.4 | Rake $0.02 | Jackpot $0 | Bingo $0 | Fortune $0 | Tax $0
Board [7h 7c 5s]
Seat 3: Hero (small blind) folded before Flop
Seat 4: 737e1dfe (big blind) won ($0.38)
Seat 5: d077544c folded before Flop (didn't bet)
Seat 6: 54ee0013 (button) folded on the Flop


Poker Hand #HD1720100252: Hold'em No Limit ($0.02/$0.05) - 2024/04/07 20:11:06
Table 'NLHBlue91' 6-max Seat #5 is the button
Seat 3: Hero ($5.26 in chips)
Seat 4: 737e1dfe ($5.05 in chips)
Seat 5: d077544c ($5 in chips)
Seat 6: 54ee0013 ($5.13 in chips)
54ee0013: posts small blind $0.02
Hero: posts big blind $0.05
*** HOLE CARDS ***
Dealt to Hero [As 5h]
Dealt to 737e1dfe 
Dealt to d077544c 
Dealt to 54ee0013 
737e1dfe: folds
d077544c: raises $0.07 to $0.12
54ee0013: folds
Hero: folds
Uncalled bet ($0.07) returned to d077544c
*** SHOWDOWN ***
d077544c collected $0.12 from pot
*** SUMMARY ***
Total pot $0.12 | Rake $0 | Jackpot $0 | Bingo $0 | Fortune $0 | Tax $0
Seat 3: Hero (big blind) folded before Flop
Seat 4: 737e1dfe folded before Flop (didn't bet)
Seat 5: d077544c (button) collected ($0.12)
Seat 6: 54ee0013 (small blind) folded before Flop


Poker Hand #HD1720100193: Hold'em No Limit ($0.02/$0.05) - 2024/04/07 20:10:35
Table 'NLHBlue91' 6-max Seat #4 is the button
Seat 3: Hero ($5.19 in chips)
Seat 4: 737e1dfe ($5.05 in chips)
Seat 5: d077544c ($5 in chips)
Seat 6: 54ee0013 ($5.18 in chips)
d077544c: posts small blind $0.02
54ee0013: posts big blind $0.05
*** HOLE CARDS ***
Dealt to Hero [4d Ah]
Dealt to 737e1dfe 
Dealt to d077544c 
Dealt to 54ee0013 
Hero: raises $0.08 to $0.13
737e1dfe: folds
d077544c: folds
54ee0013: folds
Uncalled bet ($0.08) returned to Hero
*** SHOWDOWN ***
Hero collected $0.12 from pot
*** SUMMARY ***
Total pot $0.12 | Rake $0 | Jackpot $0 | Bingo $0 | Fortune $0 | Tax $0
Seat 3: Hero collected ($0.12)
Seat 4: 737e1dfe (button) folded before Flop (didn't bet)
Seat 5: d077544c (small blind) folded before Flop
Seat 6: 54ee0013 (big blind) folded before Flop


Poker Hand #HD1720100127: Hold'em No Limit ($0.02/$0.05) - 2024/04/07 20:10:03
Table 'NLHBlue91' 6-max Seat #3 is the button
Seat 1: 62382312 ($11 in chips)
Seat 3: Hero ($5.19 in chips)
Seat 4: 737e1dfe ($5 in chips)
Seat 5: d077544c ($5 in chips)
Seat 6: 54ee0013 ($5.18 in chips)
737e1dfe: posts small blind $0.02
d077544c: posts big blind $0.05
*** HOLE CARDS ***
Dealt to 62382312 
Dealt to Hero [7c 9s]
Dealt to 737e1dfe 
Dealt to d077544c 
Dealt to 54ee0013 
54ee0013: folds
62382312: folds
Hero: folds
737e1dfe: raises $0.1 to $0.15
d077544c: folds
Uncalled bet ($0.1) returned to 737e1dfe
*** SHOWDOWN ***
737e1dfe collected $0.1 from pot
*** SUMMARY ***
Total pot $0.1 | Rake $0 | Jackpot $0 | Bingo $0 | Fortune $0 | Tax $0
Seat 1: 62382312 folded before Flop (didn't bet)
Seat 3: Hero (button) folded before Flop (didn't bet)
Seat 4: 737e1dfe (small blind) collected ($0.1)
Seat 5: d077544c (big blind) folded before Flop
Seat 6: 54ee0013 folded before Flop (didn't bet)


Poker Hand #HD1720100102: Hold'em No Limit ($0.02/$0.05) - 2024/04/07 20:09:49
Table 'NLHBlue91' 6-max Seat #1 is the button
Seat 1: 62382312 ($10.93 in chips)
Seat 3: Hero ($5.21 in chips)
Seat 4: 737e1dfe ($5.02 in chips)
Seat 5: d077544c ($5 in chips)
Seat 6: 54ee0013 ($5.18 in chips)
Hero: posts small blind $0.02
737e1dfe: posts big blind $0.05
*** HOLE CARDS ***
Dealt to 62382312 
Dealt to Hero [6d Jh]
Dealt to 737e1dfe 
Dealt to d077544c 
Dealt to 54ee0013 
d077544c: folds
54ee0013: folds
62382312: raises $0.09 to $0.14
Hero: folds
737e1dfe: folds
Uncalled bet ($0.09) returned to 62382312
*** SHOWDOWN ***
62382312 collected $0.12 from pot
*** SUMMARY ***
Total pot $0.12 | Rake $0 | Jackpot $0 | Bingo $0 | Fortune $0 | Tax $0
Seat 1: 62382312 (button) collected ($0.12)
Seat 3: Hero (small blind) folded before Flop
Seat 4: 737e1dfe (big blind) folded before Flop
Seat 5: d077544c folded before Flop (didn't bet)
Seat 6: 54ee0013 folded before Flop (didn't bet)


Poker Hand #HD1720100006: Hold'em No Limit ($0.02/$0.05) - 2024/04/07 20:08:54
Table 'NLHBlue91' 6-max Seat #6 is the button
Seat 1: 62382312 ($10.95 in chips)
Seat 3: Hero ($5 in chips)
Seat 4: 737e1dfe ($5.02 in chips)
Seat 5: d077544c ($5 in chips)
Seat 6: 54ee0013 ($5.18 in chips)
62382312: posts small blind $0.02
Hero: posts big blind $0.05
*** HOLE CARDS ***
Dealt to 62382312 
Dealt to Hero [7h 7c]
Dealt to 737e1dfe 
Dealt to d077544c 
Dealt to 54ee0013 
737e1dfe: folds
d077544c: raises $0.07 to $0.12
54ee0013: folds
62382312: folds
Hero: calls $0.07
*** FLOP *** [6h 3s Js]
Hero: checks
d077544c: bets $0.09
Hero: calls $0.09
*** TURN *** [6h 3s Js] [2d]
Hero: checks
d077544c: checks
*** RIVER *** [6h 3s Js 2d] [Ah]
Hero: checks
d077544c: checks
Hero: shows [7h 7c] (Pair of Sevens)
d077544c: shows [Kh Th] (Ace-High)
*** SHOWDOWN ***
Hero collected $0.42 from pot
*** SUMMARY ***
Total pot $0.44 | Rake $0.02 | Jackpot $0 | Bingo $0 | Fortune $0 | Tax $0
Board [6h 3s Js 2d Ah]
Seat 1: 62382312 (small blind) folded before Flop
Seat 3: Hero (big blind) showed [7h 7c] and won ($0.42) with Pair of Sevens
Seat 4: 737e1dfe folded before Flop (didn't bet)
Seat 5: d077544c showed [Kh Th] and lost with Ace-High
Seat 6: 54ee0013 (button) folded before Flop (didn't bet)


Poker Hand #HD1720099921: Hold'em No Limit ($0.02/$0.05) - 2024/04/07 20:08:12
Table 'NLHBlue91' 6-max Seat #5 is the button
Seat 1: 62382312 ($10.23 in chips)
Seat 3: Hero ($5 in chips)
Seat 4: 737e1dfe ($5.02 in chips)
Seat 5: d077544c ($5.54 in chips)
Seat 6: 54ee0013 ($5.2 in chips)
54ee0013: posts small blind $0.02
62382312: posts big blind $0.05
*** HOLE CARDS ***
Dealt to 62382312 
Dealt to Hero [3d 2h]
Dealt to 737e1dfe 
Dealt to d077544c 
Dealt to 54ee0013 
Hero: folds
737e1dfe: folds
d077544c: raises $0.07 to $0.12
54ee0013: folds
62382312: calls $0.07
*** FLOP *** [Qh 8s Ks]
62382312: checks
d077544c: checks
*** TURN *** [Qh 8s Ks] [Td]
62382312: bets $0.21
d077544c: calls $0.21
*** RIVER *** [Qh 8s Ks Td] [6c]
62382312: bets $0.5
d077544c: calls $0.5
62382312: shows [Kh Jd] (Pair of Kings)
d077544c: shows [9c Kc] (Pair of Kings)
*** SHOWDOWN ***
62382312 collected $1.55 from pot
*** SUMMARY ***
Total pot $1.68 | Rake $0.08 | Jackpot $0.05 | Bingo $0 | Fortune $0 | Tax $0
Board [Qh 8s Ks Td 6c]
Seat 1: 62382312 (big blind) showed [Kh Jd] and won ($1.55) with Pair of Kings
Seat 3: Hero folded before Flop (didn't bet)
Seat 4: 737e1dfe folded before Flop (didn't bet)
Seat 5: d077544c (button) showed [9c Kc] and lost with Pair of Kings
Seat 6: 54ee0013 (small blind) folded before Flop


Poker Hand #HD1720099880: Hold'em No Limit ($0.02/$0.05) - 2024/04/07 20:07:48
Table 'NLHBlue91' 6-max Seat #4 is the button
Seat 1: 62382312 ($10.23 in chips)
Seat 3: Hero ($5 in chips)
Seat 4: 737e1dfe ($5.02 in chips)
Seat 5: d077544c ($5.49 in chips)
Seat 6: 54ee0013 ($5.25 in chips)
d077544c: posts small blind $0.02
54ee0013: posts big blind $0.05
*** HOLE CARDS ***
Dealt to 62382312 
Dealt to Hero [Jd 2s]
Dealt to 737e1dfe 
Dealt to d077544c 
Dealt to 54ee0013 
62382312: folds
Hero: folds
737e1dfe: folds
d077544c: raises $0.1 to $0.15
54ee0013: folds
Uncalled bet ($0.1) returned to d077544c
*** SHOWDOWN ***
d077544c collected $0.1 from pot
*** SUMMARY ***
Total pot $0.1 | Rake $0 | Jackpot $0 | Bingo $0 | Fortune $0 | Tax $0
Seat 1: 62382312 folded before Flop (didn't bet)
Seat 3: Hero folded before Flop (didn't bet)
Seat 4: 737e1dfe (button) folded before Flop (didn't bet)
Seat 5: d077544c (small blind) collected ($0.1)
Seat 6: 54ee0013 (big blind) folded before Flop


Poker Hand #HD1720099805: Hold'em No Limit ($0.02/$0.05) - 2024/04/07 20:07:07
Table 'NLHBlue91' 6-max Seat #3 is the button
Seat 1: 62382312 ($9.64 in chips)
Seat 3: Hero ($5 in chips)
Seat 4: 737e1dfe ($5.04 in chips)
Seat 5: d077544c ($6.12 in chips)
Seat 6: 54ee0013 ($5.25 in chips)
737e1dfe: posts small blind $0.02
d077544c: posts big blind $0.05
*** HOLE CARDS ***
Dealt to 62382312 
Dealt to Hero [Jh 4d]
Dealt to 737e1dfe 
Dealt to d077544c 
Dealt to 54ee0013 
54ee0013: folds
62382312: raises $0.09 to $0.14
Hero: folds
737e1dfe: folds
d077544c: calls $0.09
*** FLOP *** [2d 3h Kd]
d077544c: checks
62382312: bets $0.24
d077544c: calls $0.24
*** TURN *** [2d 3h Kd] [7d]
d077544c: checks
62382312: checks
*** RIVER *** [2d 3h Kd 7d] [4s]
d077544c: bets $0.25
62382312: calls $0.25
d077544c: shows [Ah 2h] (Pair of Twos)
62382312: shows [Tc Kh] (Pair of Kings)
*** SHOWDOWN ***
62382312 collected $1.22 from pot
*** SUMMARY ***
Total pot $1.28 | Rake $0.06 | Jackpot $0 | Bingo $0 | Fortune $0 | Tax $0
Board [2d 3h Kd 7d 4s]
Seat 1: 62382312 showed [Tc Kh] and won ($1.22) with Pair of Kings
Seat 3: Hero (button) folded before Flop (didn't bet)
Seat 4: 737e1dfe (small blind) folded before Flop
Seat 5: d077544c (big blind) showed [Ah 2h] and lost with Pair of Twos
Seat 6: 54ee0013 folded before Flop (didn't bet)


Poker Hand #HD1720099789: Hold'em No Limit ($0.02/$0.05) - 2024/04/07 20:07:00
Table 'NLHBlue91' 6-max Seat #1 is the button
Seat 1: 62382312 ($9.64 in chips)
Seat 3: Hero ($5.02 in chips)
Seat 4: 737e1dfe ($5.02 in chips)
Seat 5: d077544c ($6.12 in chips)
Seat 6: 54ee0013 ($5.25 in chips)
Hero: posts small blind $0.02
737e1dfe: posts big blind $0.05
*** HOLE CARDS ***
Dealt to 62382312 
Dealt to Hero [7h Js]
Dealt to 737e1dfe 
Dealt to d077544c 
Dealt to 54ee0013 
d077544c: folds
54ee0013: folds
62382312: folds
Hero: folds
Uncalled bet ($0.03) returned to 737e1dfe
*** SHOWDOWN ***
737e1dfe collected $0.04 from pot
*** SUMMARY ***
Total pot $0.04 | Rake $0 | Jackpot $0 | Bingo $0 | Fortune $0 | Tax $0
Seat 1: 62382312 (button) folded before Flop (didn't bet)
Seat 3: Hero (small blind) folded before Flop
Seat 4: 737e1dfe (big blind) collected ($0.04)
Seat 5: d077544c folded before Flop (didn't bet)
Seat 6: 54ee0013 folded before Flop (didn't bet)


Poker Hand #HD1720099731: Hold'em No Limit ($0.02/$0.05) - 2024/04/07 20:06:32
Table 'NLHBlue91' 6-max Seat #6 is the button
Seat 1: 62382312 ($9.49 in chips)
Seat 3: Hero ($5.07 in chips)
Seat 5: d077544c ($6.12 in chips)
Seat 6: 54ee0013 ($5.36 in chips)
62382312: posts small blind $0.02
Hero: posts big blind $0.05
*** HOLE CARDS ***
Dealt to 62382312 
Dealt to Hero [Js 5d]
Dealt to d077544c 
Dealt to 54ee0013 
d077544c: folds
54ee0013: raises $0.06 to $0.11
62382312: raises $0.47 to $0.58
Hero: folds
54ee0013: folds
Uncalled bet ($0.47) returned to 62382312
*** SHOWDOWN ***
62382312 collected $0.26 from pot
*** SUMMARY ***
Total pot $0.27 | Rake $0.01 | Jackpot $0 | Bingo $0 | Fortune $0 | Tax $0
Seat 1: 62382312 (small blind) collected ($0.26)
Seat 3: Hero (big blind) folded before Flop
Seat 5: d077544c folded before Flop (didn't bet)
Seat 6: 54ee0013 (button) folded before Flop


Poker Hand #HD1720099706: Hold'em No Limit ($0.02/$0.05) - 2024/04/07 20:06:19
Table 'NLHBlue91' 6-max Seat #5 is the button
Seat 1: 62382312 ($9.54 in chips)
Seat 3: Hero ($5.07 in chips)
Seat 5: d077544c ($6.12 in chips)
Seat 6: 54ee0013 ($5.31 in chips)
54ee0013: posts small blind $0.02
62382312: posts big blind $0.05
*** HOLE CARDS ***
Dealt to 62382312 
Dealt to Hero [6d Ks]
Dealt to d077544c 
Dealt to 54ee0013 
Hero: folds
d077544c: folds
54ee0013: raises $0.1 to $0.15
62382312: folds
Uncalled bet ($0.1) returned to 54ee0013
*** SHOWDOWN ***
54ee0013 collected $0.1 from pot
*** SUMMARY ***
Total pot $0.1 | Rake $0 | Jackpot $0 | Bingo $0 | Fortune $0 | Tax $0
Seat 1: 62382312 (big blind) folded before Flop
Seat 3: Hero folded before Flop (didn't bet)
Seat 5: d077544c (button) folded before Flop (didn't bet)
Seat 6: 54ee0013 (small blind) collected ($0.1)


Poker Hand #HD1720099673: Hold'em No Limit ($0.02/$0.05) - 2024/04/07 20:06:01
Table 'NLHBlue91' 6-max Seat #3 is the button
Seat 1: 62382312 ($9.54 in chips)
Seat 3: Hero ($5 in chips)
Seat 5: d077544c ($6.14 in chips)
Seat 6: 54ee0013 ($5.36 in chips)
d077544c: posts small blind $0.02
54ee0013: posts big blind $0.05
*** HOLE CARDS ***
Dealt to 62382312 
Dealt to Hero [Kc Jh]
Dealt to d077544c 
Dealt to 54ee0013 
62382312: folds
Hero: raises $0.08 to $0.13
d077544c: folds
54ee0013: folds
Uncalled bet ($0.08) returned to Hero
*** SHOWDOWN ***
Hero collected $0.12 from pot
*** SUMMARY ***
Total pot $0.12 | Rake $0 | Jackpot $0 | Bingo $0 | Fortune $0 | Tax $0
Seat 1: 62382312 folded before Flop (didn't bet)
Seat 3: Hero (button) collected ($0.12)
Seat 5: d077544c (small blind) folded before Flop
Seat 6: 54ee0013 (big blind) folded before Flop


Poker Hand #HD1720099654: Hold'em No Limit ($0.02/$0.05) - 2024/04/07 20:05:52
Table 'NLHBlue91' 6-max Seat #1 is the button
Seat 1: 62382312 ($9.54 in chips)
Seat 3: Hero ($5 in chips)
Seat 4: 737e1dfe ($5 in chips)
Seat 5: d077544c ($6.14 in chips)
Seat 6: 54ee0013 ($5.36 in chips)
Hero: posts small blind $0.02
737e1dfe: posts big blind $0.05
*** HOLE CARDS ***
Dealt to 62382312 
Dealt to Hero [2c 4h]
Dealt to 737e1dfe 
Dealt to d077544c 
Dealt to 54ee0013 
d077544c: folds
54ee0013: folds
62382312: folds
Hero: folds
Uncalled bet ($0.03) returned to 737e1dfe
*** SHOWDOWN ***
737e1dfe collected $0.04 from pot
*** SUMMARY ***
Total pot $0.04 | Rake $0 | Jackpot $0 | Bingo $0 | Fortune $0 | Tax $0
Seat 1: 62382312 (button) folded before Flop (didn't bet)
Seat 3: Hero (small blind) folded before Flop
Seat 4: 737e1dfe (big blind) collected ($0.04)
Seat 5: d077544c folded before Flop (didn't bet)
Seat 6: 54ee0013 folded before Flop (didn't bet)


Poker Hand #HD1720099575: Hold'em No Limit ($0.02/$0.05) - 2024/04/07 20:05:08
Table 'NLHBlue91' 6-max Seat #6 is the button
Seat 1: 62382312 ($9.56 in chips)
Seat 3: Hero ($5.17 in chips)
Seat 4: 737e1dfe ($5 in chips)
Seat 5: d077544c ($5.38 in chips)
Seat 6: 54ee0013 ($5.36 in chips)
62382312: posts small blind $0.02
Hero: posts big blind $0.05
*** HOLE CARDS ***
Dealt to 62382312 
Dealt to Hero [Qh Kc]
Dealt to 737e1dfe 
Dealt to d077544c 
Dealt to 54ee0013 
737e1dfe: folds
d077544c: raises $0.07 to $0.12
54ee0013: folds
62382312: folds
Hero: calls $0.07
*** FLOP *** [3c Js Jh]
Hero: checks
d077544c: bets $0.09
Hero: calls $0.09
*** TURN *** [3c Js Jh] [Qc]
Hero: checks
d077544c: bets $0.22
Hero: calls $0.22
*** RIVER *** [3c Js Jh Qc] [Ks]
Hero: checks
d077544c: bets $0.44
Hero: calls $0.44
d077544c: shows [9d Jd] (Three Jacks)
Hero: shows [Qh Kc] (Pair of Kings and Pair of Queens)
*** SHOWDOWN ***
d077544c collected $1.63 from pot
*** SUMMARY ***
Total pot $1.76 | Rake $0.08 | Jackpot $0.05 | Bingo $0 | Fortune $0 | Tax $0
Board [3c Js Jh Qc Ks]
Seat 1: 62382312 (small blind) folded before Flop
Seat 3: Hero (big blind) showed [Qh Kc] and lost with Pair of Kings and Pair of Queens
Seat 4: 737e1dfe folded before Flop (didn't bet)
Seat 5: d077544c showed [9d Jd] and won ($1.63) with Three Jacks
Seat 6: 54ee0013 (button) folded before Flop (didn't bet)


Poker Hand #HD1720099551: Hold'em No Limit ($0.02/$0.05) - 2024/04/07 20:04:57
Table 'NLHBlue91' 6-max Seat #5 is the button
Seat 1: 62382312 ($9.61 in chips)
Seat 3: Hero ($5.17 in chips)
Seat 4: 737e1dfe ($5 in chips)
Seat 5: d077544c ($5.38 in chips)
Seat 6: 54ee0013 ($5.31 in chips)
54ee0013: posts small blind $0.02
62382312: posts big blind $0.05
*** HOLE CARDS ***
Dealt to 62382312 
Dealt to Hero [7h 3s]
Dealt to 737e1dfe 
Dealt to d077544c 
Dealt to 54ee0013 
Hero: folds
737e1dfe: folds
d077544c: folds
54ee0013: raises $0.1 to $0.15
62382312: folds
Uncalled bet ($0.1) returned to 54ee0013
*** SHOWDOWN ***
54ee0013 collected $0.1 from pot
*** SUMMARY ***
Total pot $0.1 | Rake $0 | Jackpot $0 | Bingo $0 | Fortune $0 | Tax $0
Seat 1: 62382312 (big blind) folded before Flop
Seat 3: Hero folded before Flop (didn't bet)
Seat 4: 737e1dfe folded before Flop (didn't bet)
Seat 5: d077544c (button) folded before Flop (didn't bet)
Seat 6: 54ee0013 (small blind) collected ($0.1)


Poker Hand #HD1720099464: Hold'em No Limit ($0.02/$0.05) - 2024/04/07 20:04:08
Table 'NLHBlue91' 6-max Seat #4 is the button
Seat 1: 62382312 ($9.61 in chips)
Seat 3: Hero ($5.17 in chips)
Seat 4: 737e1dfe ($5.14 in chips)
Seat 5: d077544c ($5 in chips)
Seat 6: 54ee0013 ($5.36 in chips)
d077544c: posts small blind $0.02
54ee0013: posts big blind $0.05
*** HOLE CARDS ***
Dealt to 62382312 
Dealt to Hero [9s 2d]
Dealt to 737e1dfe 
Dealt to d077544c 
Dealt to 54ee0013 
62382312: folds
Hero: folds
737e1dfe: raises $0.08 to $0.13
d077544c: calls $0.11
54ee0013: folds
*** FLOP *** [9d Ac Ts]
d077544c: checks
737e1dfe: bets $0.24
d077544c: calls $0.24
*** TURN *** [9d Ac Ts] [Kd]
d077544c: bets $0.4
737e1dfe: folds
Uncalled bet ($0.4) returned to d077544c
*** SHOWDOWN ***
d077544c collected $0.75 from pot
*** SUMMARY ***
Total pot $0.79 | Rake $0.04 | Jackpot $0 | Bingo $0 | Fortune $0 | Tax $0
Board [9d Ac Ts Kd]
Seat 1: 62382312 folded before Flop (didn't bet)
Seat 3: Hero folded before Flop (didn't bet)
Seat 4: 737e1dfe (button) folded on the Turn
Seat 5: d077544c (small blind) won ($0.75)
Seat 6: 54ee0013 (big blind) folded before Flop


Poker Hand #HD1720099365: Hold'em No Limit ($0.02/$0.05) - 2024/04/07 20:03:16
Table 'NLHBlue91' 6-max Seat #3 is the button
Seat 1: 62382312 ($9.61 in chips)
Seat 3: Hero ($5.17 in chips)
Seat 4: 737e1dfe ($5 in chips)
Seat 5: d077544c ($5 in chips)
Seat 6: 54ee0013 ($5.36 in chips)
737e1dfe: posts small blind $0.02
d077544c: posts big blind $0.05
*** HOLE CARDS ***
Dealt to 62382312 
Dealt to Hero [3h 6s]
Dealt to 737e1dfe 
Dealt to d077544c 
Dealt to 54ee0013 
54ee0013: folds
62382312: folds
Hero: folds
737e1dfe: raises $0.1 to $0.15
d077544c: calls $0.1
*** FLOP *** [5d Kd 6c]
737e1dfe: bets $0.15
d077544c: folds
Uncalled bet ($0.15) returned to 737e1dfe
*** SHOWDOWN ***
737e1dfe collected $0.29 from pot
*** SUMMARY ***
Total pot $0.3 | Rake $0.01 | Jackpot $0 | Bingo $0 | Fortune $0 | Tax $0
Board [5d Kd 6c]
Seat 1: 62382312 folded before Flop (didn't bet)
Seat 3: Hero (button) folded before Flop (didn't bet)
Seat 4: 737e1dfe (small blind) won ($0.29)
Seat 5: d077544c (big blind) folded on the Flop
Seat 6: 54ee0013 folded before Flop (didn't bet)


Poker Hand #HD1720099206: Hold'em No Limit ($0.02/$0.05) - 2024/04/07 20:01:55
Table 'NLHBlue91' 6-max Seat #1 is the button
Seat 1: 62382312 ($8.8 in chips)
Seat 3: Hero ($5.19 in chips)
Seat 4: 737e1dfe ($5 in chips)
Seat 5: d077544c ($5 in chips)
Seat 6: 54ee0013 ($5.36 in chips)
Hero: posts small blind $0.02
737e1dfe: posts big blind $0.05
*** HOLE CARDS ***
Dealt to 62382312 
Dealt to Hero [8c 6h]
Dealt to 737e1dfe 
Dealt to d077544c 
Dealt to 54ee0013 
d077544c: raises $0.06 to $0.11
54ee0013: folds
62382312: calls $0.11
Hero: folds
737e1dfe: folds
*** FLOP *** [Jd 6c Ts]
d077544c: checks
62382312: bets $0.24
d077544c: calls $0.24
*** TURN *** [Jd 6c Ts] [2d]
d077544c: checks
62382312: bets $0.52
d077544c: calls $0.52
*** RIVER *** [Jd 6c Ts 2d] [4c]
d077544c: checks
62382312: bets $0.84
d077544c: folds
Uncalled bet ($0.84) returned to 62382312
62382312: shows [9h Kh] (King-High)
*** SHOWDOWN ***
62382312 collected $1.68 from pot
*** SUMMARY ***
Total pot $1.81 | Rake $0.08 | Jackpot $0.05 | Bingo $0 | Fortune $0 | Tax $0
Board [Jd 6c Ts 2d 4c]
Seat 1: 62382312 (button) showed [9h Kh] and won ($1.68)
Seat 3: Hero (small blind) folded before Flop
Seat 4: 737e1dfe (big blind) folded before Flop
Seat 5: d077544c folded on the River
Seat 6: 54ee0013 folded before Flop (didn't bet)


Poker Hand #HD1720099138: Hold'em No Limit ($0.02/$0.05) - 2024/04/07 20:01:20
Table 'NLHBlue91' 6-max Seat #6 is the button
Seat 1: 62382312 ($8.82 in chips)
Seat 3: Hero ($5 in chips)
Seat 4: af243a83 ($6.37 in chips)
Seat 5: d077544c ($5 in chips)
Seat 6: 54ee0013 ($5.55 in chips)
62382312: posts small blind $0.02
Hero: posts big blind $0.05
*** HOLE CARDS ***
Dealt to 62382312 
Dealt to Hero [6s 8s]
Dealt to af243a83 
Dealt to d077544c 
Dealt to 54ee0013 
af243a83: folds
d077544c: folds
54ee0013: raises $0.06 to $0.11
62382312: folds
Hero: calls $0.06
*** FLOP *** [6h Ks 6d]
Hero: checks
54ee0013: bets $0.08
Hero: raises $0.17 to $0.25
54ee0013: folds
Uncalled bet ($0.17) returned to Hero
*** SHOWDOWN ***
Hero collected $0.38 from pot
*** SUMMARY ***
Total pot $0.4 | Rake $0.02 | Jackpot $0 | Bingo $0 | Fortune $0 | Tax $0
Board [6h Ks 6d]
Seat 1: 62382312 (small blind) folded before Flop
Seat 3: Hero (big blind) won ($0.38)
Seat 4: af243a83 folded before Flop (didn't bet)
Seat 5: d077544c folded before Flop (didn't bet)
Seat 6: 54ee0013 (button) folded on the Flop


