Poker Hand #HD1848005647: Hold'em No Limit ($0.05/$0.1) - 2024/07/08 10:42:37
Table 'NLHRed10' 6-max Seat #3 is the button
Seat 1: 64a4a161 ($20.81 in chips)
Seat 2: 9999063 ($5.97 in chips)
Seat 3: Hero ($10.1 in chips)
Seat 4: a76312a ($9.29 in chips)
Seat 5: afb2f265 ($19.53 in chips)
Seat 6: 19316ac6 ($15.58 in chips)
a76312a: posts small blind $0.05
afb2f265: posts big blind $0.1
*** HOLE CARDS ***
Dealt to 64a4a161 
Dealt to 9999063 
Dealt to Hero [4c 8h]
Dealt to a76312a 
Dealt to afb2f265 
Dealt to 19316ac6 
19316ac6: folds
64a4a161: folds
9999063: raises $0.2 to $0.3
Hero: folds
a76312a: folds
afb2f265: folds
Uncalled bet ($0.2) returned to 9999063
*** SHOWDOWN ***
9999063 collected $0.25 from pot
*** SUMMARY ***
Total pot $0.25 | Rake $0 | Jackpot $0 | Bingo $0 | Fortune $0 | Tax $0
Seat 1: 64a4a161 folded before Flop (didn't bet)
Seat 2: 9999063 collected ($0.25)
Seat 3: Hero (button) folded before Flop (didn't bet)
Seat 4: a76312a (small blind) folded before Flop
Seat 5: afb2f265 (big blind) folded before Flop
Seat 6: 19316ac6 folded before Flop (didn't bet)


Poker Hand #HD1847895615: Hold'em No Limit ($0.05/$0.1) - 2024/07/08 10:42:12
Table 'NLHRed10' 6-max Seat #2 is the button
Seat 1: 64a4a161 ($20.81 in chips)
Seat 2: 9999063 ($5.97 in chips)
Seat 3: Hero ($10 in chips)
Seat 4: a76312a ($9.39 in chips)
Seat 5: afb2f265 ($19.53 in chips)
Seat 6: 19316ac6 ($15.58 in chips)
Hero: posts small blind $0.05
a76312a: posts big blind $0.1
*** HOLE CARDS ***
Dealt to 64a4a161 
Dealt to 9999063 
Dealt to Hero [Ah 4c]
Dealt to a76312a 
Dealt to afb2f265 
Dealt to 19316ac6 
afb2f265: folds
19316ac6: folds
64a4a161: folds
9999063: folds
Hero: raises $0.2 to $0.3
a76312a: folds
Uncalled bet ($0.2) returned to Hero
*** SHOWDOWN ***
Hero collected $0.2 from pot
*** SUMMARY ***
Total pot $0.2 | Rake $0 | Jackpot $0 | Bingo $0 | Fortune $0 | Tax $0
Seat 1: 64a4a161 folded before Flop (didn't bet)
Seat 2: 9999063 (button) folded before Flop (didn't bet)
Seat 3: Hero (small blind) collected ($0.2)
Seat 4: a76312a (big blind) folded before Flop
Seat 5: afb2f265 folded before Flop (didn't bet)
Seat 6: 19316ac6 folded before Flop (didn't bet)


Poker Hand #HD1847895563: Hold'em No Limit ($0.05/$0.1) - 2024/07/08 10:41:26
Table 'NLHRed10' 6-max Seat #1 is the button
Seat 1: 64a4a161 ($20.81 in chips)
Seat 2: 9999063 ($6.02 in chips)
Seat 3: Hero ($10 in chips)
Seat 4: a76312a ($9.85 in chips)
Seat 5: afb2f265 ($20 in chips)
Seat 6: 19316ac6 ($15.58 in chips)
9999063: posts small blind $0.05
Hero: posts big blind $0.1
*** HOLE CARDS ***
Dealt to 64a4a161 
Dealt to 9999063 
Dealt to Hero [Qs 9h]
Dealt to a76312a 
Dealt to afb2f265 
Dealt to 19316ac6 
a76312a: raises $0.16 to $0.26
afb2f265: raises $0.49 to $0.75
19316ac6: folds
64a4a161: folds
9999063: folds
Hero: folds
a76312a: raises $9.1 to $9.85 and is all-in
afb2f265: calls $9.1
a76312a: shows [Qh Qd]
afb2f265: shows [Ad Ks]
*** FIRST FLOP *** [Jc Jh 5s]
*** FIRST TURN *** [Jc Jh 5s] [Kh]
*** FIRST RIVER *** [Jc Jh 5s Kh] [Kc]
*** SECOND FLOP *** [Th 2s Tc]
*** SECOND TURN *** [Th 2s Tc] [2h]
*** SECOND RIVER *** [Th 2s Tc 2h] [2c]
*** FIRST SHOWDOWN ***
afb2f265 collected $9.38 from pot
*** SECOND SHOWDOWN ***
a76312a collected $9.39 from pot
*** SUMMARY ***
Total pot $19.85 | Rake $0.98 | Jackpot $0.1 | Bingo $0 | Fortune $0 | Tax $0
Hand was run two times
FIRST Board [Jc Jh 5s Kh Kc]
SECOND Board [Th 2s Tc 2h 2c]
Seat 1: 64a4a161 (button) folded before Flop (didn't bet)
Seat 2: 9999063 (small blind) folded before Flop
Seat 3: Hero (big blind) folded before Flop
Seat 4: a76312a showed [Qh Qd] and lost with Pair of Kings and Pair of Queens, and won ($9.39) with Twos Full over Queens
Seat 5: afb2f265 showed [Ad Ks] and won ($9.38) with Kings Full over Jacks, and lost with Twos Full over Tens
Seat 6: 19316ac6 folded before Flop (didn't bet)


Poker Hand #HD1847895506: Hold'em No Limit ($0.05/$0.1) - 2024/07/08 10:40:42
Table 'NLHRed10' 6-max Seat #6 is the button
Seat 1: 64a4a161 ($20.86 in chips)
Seat 2: 9999063 ($5.65 in chips)
Seat 3: Hero ($10 in chips)
Seat 4: a76312a ($9.85 in chips)
Seat 5: afb2f265 ($20 in chips)
Seat 6: 19316ac6 ($15.58 in chips)
64a4a161: posts small blind $0.05
9999063: posts big blind $0.1
*** HOLE CARDS ***
Dealt to 64a4a161 
Dealt to 9999063 
Dealt to Hero [As Jc]
Dealt to a76312a 
Dealt to afb2f265 
Dealt to 19316ac6 
Hero: raises $0.1 to $0.2
a76312a: folds
afb2f265: folds
19316ac6: folds
64a4a161: folds
9999063: calls $0.1
*** FLOP *** [8d 4d 8c]
9999063: bets $0.15
Hero: calls $0.15
*** TURN *** [8d 4d 8c] [9d]
9999063: bets $0.25
Hero: folds
Uncalled bet ($0.25) returned to 9999063
*** SHOWDOWN ***
9999063 collected $0.72 from pot
*** SUMMARY ***
Total pot $0.75 | Rake $0.03 | Jackpot $0 | Bingo $0 | Fortune $0 | Tax $0
Board [8d 4d 8c 9d]
Seat 1: 64a4a161 (small blind) folded before Flop
Seat 2: 9999063 (big blind) won ($0.72)
Seat 3: Hero folded on the Turn
Seat 4: a76312a folded before Flop (didn't bet)
Seat 5: afb2f265 folded before Flop (didn't bet)
Seat 6: 19316ac6 (button) folded before Flop (didn't bet)


Poker Hand #HD1847895493: Hold'em No Limit ($0.05/$0.1) - 2024/07/08 10:40:32
Table 'NLHRed10' 6-max Seat #5 is the button
Seat 1: 64a4a161 ($20.96 in chips)
Seat 2: 9999063 ($5.5 in chips)
Seat 3: Hero ($10 in chips)
Seat 4: a76312a ($9.85 in chips)
Seat 5: afb2f265 ($20 in chips)
Seat 6: 19316ac6 ($15.63 in chips)
19316ac6: posts small blind $0.05
64a4a161: posts big blind $0.1
*** HOLE CARDS ***
Dealt to 64a4a161 
Dealt to 9999063 
Dealt to Hero [9d 7s]
Dealt to a76312a 
Dealt to afb2f265 
Dealt to 19316ac6 
9999063: raises $0.2 to $0.3
Hero: folds
a76312a: folds
afb2f265: folds
19316ac6: folds
64a4a161: folds
Uncalled bet ($0.2) returned to 9999063
*** SHOWDOWN ***
9999063 collected $0.25 from pot
*** SUMMARY ***
Total pot $0.25 | Rake $0 | Jackpot $0 | Bingo $0 | Fortune $0 | Tax $0
Seat 1: 64a4a161 (big blind) folded before Flop
Seat 2: 9999063 collected ($0.25)
Seat 3: Hero folded before Flop (didn't bet)
Seat 4: a76312a folded before Flop (didn't bet)
Seat 5: afb2f265 (button) folded before Flop (didn't bet)
Seat 6: 19316ac6 (small blind) folded before Flop


Poker Hand #HD1847895425: Hold'em No Limit ($0.05/$0.1) - 2024/07/08 10:39:42
Table 'NLHRed10' 6-max Seat #4 is the button
Seat 1: 64a4a161 ($20.96 in chips)
Seat 2: 9999063 ($5.5 in chips)
Seat 3: Hero ($10 in chips)
Seat 4: a76312a ($7.28 in chips)
Seat 5: afb2f265 ($20.05 in chips)
Seat 6: 19316ac6 ($15.73 in chips)
afb2f265: posts small blind $0.05
19316ac6: posts big blind $0.1
*** HOLE CARDS ***
Dealt to 64a4a161 
Dealt to 9999063 
Dealt to Hero [Ah Qc]
Dealt to a76312a 
Dealt to afb2f265 
Dealt to 19316ac6 
64a4a161: folds
9999063: folds
Hero: raises $0.14 to $0.24
a76312a: raises $0.96 to $1.2
afb2f265: folds
19316ac6: folds
Hero: raises $1.6 to $2.8
a76312a: raises $4.48 to $7.28 and is all-in
Hero: folds
Uncalled bet ($4.48) returned to a76312a
*** SHOWDOWN ***
a76312a collected $5.37 from pot
*** SUMMARY ***
Total pot $5.75 | Rake $0.28 | Jackpot $0.1 | Bingo $0 | Fortune $0 | Tax $0
Seat 1: 64a4a161 folded before Flop (didn't bet)
Seat 2: 9999063 folded before Flop (didn't bet)
Seat 3: Hero folded before Flop
Seat 4: a76312a (button) collected ($5.37)
Seat 5: afb2f265 (small blind) folded before Flop
Seat 6: 19316ac6 (big blind) folded before Flop


Poker Hand #HD1847895400: Hold'em No Limit ($0.05/$0.1) - 2024/07/08 10:39:20
Table 'NLHRed10' 6-max Seat #3 is the button
Seat 1: 64a4a161 ($20.96 in chips)
Seat 2: 9999063 ($5.35 in chips)
Seat 3: Hero ($10 in chips)
Seat 4: a76312a ($7.33 in chips)
Seat 5: afb2f265 ($20.15 in chips)
Seat 6: 19316ac6 ($15.73 in chips)
a76312a: posts small blind $0.05
afb2f265: posts big blind $0.1
*** HOLE CARDS ***
Dealt to 64a4a161 
Dealt to 9999063 
Dealt to Hero [6c Td]
Dealt to a76312a 
Dealt to afb2f265 
Dealt to 19316ac6 
19316ac6: folds
64a4a161: folds
9999063: raises $0.2 to $0.3
Hero: folds
a76312a: folds
afb2f265: folds
Uncalled bet ($0.2) returned to 9999063
*** SHOWDOWN ***
9999063 collected $0.25 from pot
*** SUMMARY ***
Total pot $0.25 | Rake $0 | Jackpot $0 | Bingo $0 | Fortune $0 | Tax $0
Seat 1: 64a4a161 folded before Flop (didn't bet)
Seat 2: 9999063 collected ($0.25)
Seat 3: Hero (button) folded before Flop (didn't bet)
Seat 4: a76312a (small blind) folded before Flop
Seat 5: afb2f265 (big blind) folded before Flop
Seat 6: 19316ac6 folded before Flop (didn't bet)


Poker Hand #HD1847895354: Hold'em No Limit ($0.05/$0.1) - 2024/07/08 10:38:47
Table 'NLHRed10' 6-max Seat #2 is the button
Seat 1: 64a4a161 ($20.96 in chips)
Seat 2: 9999063 ($5.35 in chips)
Seat 3: Hero ($10 in chips)
Seat 4: a76312a ($7.05 in chips)
Seat 5: afb2f265 ($20.4 in chips)
Seat 6: 19316ac6 ($15.73 in chips)
Hero: posts small blind $0.05
a76312a: posts big blind $0.1
*** HOLE CARDS ***
Dealt to 64a4a161 
Dealt to 9999063 
Dealt to Hero [2c Td]
Dealt to a76312a 
Dealt to afb2f265 
Dealt to 19316ac6 
afb2f265: raises $0.15 to $0.25
19316ac6: folds
64a4a161: folds
9999063: folds
Hero: folds
a76312a: raises $0.55 to $0.8
afb2f265: folds
Uncalled bet ($0.55) returned to a76312a
*** SHOWDOWN ***
a76312a collected $0.53 from pot
*** SUMMARY ***
Total pot $0.55 | Rake $0.02 | Jackpot $0 | Bingo $0 | Fortune $0 | Tax $0
Seat 1: 64a4a161 folded before Flop (didn't bet)
Seat 2: 9999063 (button) folded before Flop (didn't bet)
Seat 3: Hero (small blind) folded before Flop
Seat 4: a76312a (big blind) collected ($0.53)
Seat 5: afb2f265 folded before Flop
Seat 6: 19316ac6 folded before Flop (didn't bet)


Poker Hand #HD1847895322: Hold'em No Limit ($0.05/$0.1) - 2024/07/08 10:38:26
Table 'NLHRed10' 6-max Seat #1 is the button
Seat 1: 64a4a161 ($20.96 in chips)
Seat 2: 9999063 ($5.4 in chips)
Seat 3: Hero ($10 in chips)
Seat 4: a76312a ($6.9 in chips)
Seat 5: afb2f265 ($20.4 in chips)
Seat 6: 19316ac6 ($15.73 in chips)
9999063: posts small blind $0.05
Hero: posts big blind $0.1
*** HOLE CARDS ***
Dealt to 64a4a161 
Dealt to 9999063 
Dealt to Hero [8c 5d]
Dealt to a76312a 
Dealt to afb2f265 
Dealt to 19316ac6 
a76312a: raises $0.11 to $0.21
afb2f265: folds
19316ac6: folds
64a4a161: folds
9999063: folds
Hero: folds
Uncalled bet ($0.11) returned to a76312a
*** SHOWDOWN ***
a76312a collected $0.25 from pot
*** SUMMARY ***
Total pot $0.25 | Rake $0 | Jackpot $0 | Bingo $0 | Fortune $0 | Tax $0
Seat 1: 64a4a161 (button) folded before Flop (didn't bet)
Seat 2: 9999063 (small blind) folded before Flop
Seat 3: Hero (big blind) folded before Flop
Seat 4: a76312a collected ($0.25)
Seat 5: afb2f265 folded before Flop (didn't bet)
Seat 6: 19316ac6 folded before Flop (didn't bet)


