Poker Hand #HD1811424804: Hold'em No Limit ($0.05/$0.1) - 2024/06/11 22:36:44
Table 'NLHRed25' 6-max Seat #1 is the button
Seat 1: 63abeb07 ($11.79 in chips)
Seat 2: 518c0b1f ($10.05 in chips)
Seat 3: cad22116 ($51.72 in chips)
Seat 4: Hero ($12.81 in chips)
Seat 5: 7065fa2e ($4.23 in chips)
Seat 6: e471ab5e ($11.27 in chips)
518c0b1f: posts small blind $0.05
cad22116: posts big blind $0.1
*** HOLE CARDS ***
Dealt to 63abeb07 
Dealt to 518c0b1f 
Dealt to cad22116 
Dealt to Hero [Ah 8h]
Dealt to 7065fa2e 
Dealt to e471ab5e 
Hero: raises $0.1 to $0.2
7065fa2e: folds
e471ab5e: folds
63abeb07: folds
518c0b1f: folds
cad22116: calls $0.1
*** FLOP *** [Qs 6s 7d]
cad22116: checks
Hero: bets $0.3
cad22116: calls $0.3
*** TURN *** [Qs 6s 7d] [8c]
cad22116: checks
Hero: checks
*** RIVER *** [Qs 6s 7d 8c] [6c]
cad22116: checks
Hero: checks
cad22116: shows [8d Ts] (Pair of Eights and Pair of Sixes)
Hero: shows [Ah 8h] (Pair of Eights and Pair of Sixes)
*** SHOWDOWN ***
Hero collected $1 from pot
*** SUMMARY ***
Total pot $1.05 | Rake $0.05 | Jackpot $0 | Bingo $0 | Fortune $0 | Tax $0
Board [Qs 6s 7d 8c 6c]
Seat 1: 63abeb07 (button) folded before Flop (didn't bet)
Seat 2: 518c0b1f (small blind) folded before Flop
Seat 3: cad22116 (big blind) showed [8d Ts] and lost with Pair of Eights and Pair of Sixes
Seat 4: Hero showed [Ah 8h] and won ($1) with Pair of Eights and Pair of Sixes
Seat 5: 7065fa2e folded before Flop (didn't bet)
Seat 6: e471ab5e folded before Flop (didn't bet)


Poker Hand #HD1811424770: Hold'em No Limit ($0.05/$0.1) - 2024/06/11 22:36:25
Table 'NLHRed25' 6-max Seat #6 is the button
Seat 1: 63abeb07 ($11.84 in chips)
Seat 2: 518c0b1f ($10 in chips)
Seat 3: cad22116 ($51.72 in chips)
Seat 4: Hero ($12.81 in chips)
Seat 5: 7065fa2e ($4.23 in chips)
Seat 6: e471ab5e ($11.27 in chips)
63abeb07: posts small blind $0.05
518c0b1f: posts big blind $0.1
*** HOLE CARDS ***
Dealt to 63abeb07 
Dealt to 518c0b1f 
Dealt to cad22116 
Dealt to Hero [3h 5c]
Dealt to 7065fa2e 
Dealt to e471ab5e 
cad22116: folds
Hero: folds
7065fa2e: folds
e471ab5e: folds
63abeb07: folds
Uncalled bet ($0.05) returned to 518c0b1f
*** SHOWDOWN ***
518c0b1f collected $0.1 from pot
*** SUMMARY ***
Total pot $0.1 | Rake $0 | Jackpot $0 | Bingo $0 | Fortune $0 | Tax $0
Seat 1: 63abeb07 (small blind) folded before Flop
Seat 2: 518c0b1f (big blind) collected ($0.1)
Seat 3: cad22116 folded before Flop (didn't bet)
Seat 4: Hero folded before Flop (didn't bet)
Seat 5: 7065fa2e folded before Flop (didn't bet)
Seat 6: e471ab5e (button) folded before Flop (didn't bet)


Poker Hand #HD1811424648: Hold'em No Limit ($0.05/$0.1) - 2024/06/11 22:35:33
Table 'NLHRed25' 6-max Seat #5 is the button
Seat 1: 63abeb07 ($11.28 in chips)
Seat 2: 518c0b1f ($10.15 in chips)
Seat 3: cad22116 ($51.72 in chips)
Seat 4: Hero ($12.81 in chips)
Seat 5: 7065fa2e ($4.23 in chips)
Seat 6: e471ab5e ($11.57 in chips)
e471ab5e: posts small blind $0.05
63abeb07: posts big blind $0.1
*** HOLE CARDS ***
Dealt to 63abeb07 
Dealt to 518c0b1f 
Dealt to cad22116 
Dealt to Hero [7h 3h]
Dealt to 7065fa2e 
Dealt to e471ab5e 
518c0b1f: raises $0.2 to $0.3
cad22116: folds
Hero: folds
7065fa2e: folds
e471ab5e: calls $0.25
63abeb07: calls $0.2
*** FLOP *** [Td Qs 5s]
e471ab5e: checks
63abeb07: bets $0.63
518c0b1f: folds
e471ab5e: folds
Uncalled bet ($0.63) returned to 63abeb07
*** SHOWDOWN ***
63abeb07 collected $0.86 from pot
*** SUMMARY ***
Total pot $0.9 | Rake $0.04 | Jackpot $0 | Bingo $0 | Fortune $0 | Tax $0
Board [Td Qs 5s]
Seat 1: 63abeb07 (big blind) won ($0.86)
Seat 2: 518c0b1f folded on the Flop
Seat 3: cad22116 folded before Flop (didn't bet)
Seat 4: Hero folded before Flop (didn't bet)
Seat 5: 7065fa2e (button) folded before Flop (didn't bet)
Seat 6: e471ab5e (small blind) folded on the Flop


Poker Hand #HD1811424539: Hold'em No Limit ($0.05/$0.1) - 2024/06/11 22:34:51
Table 'NLHRed25' 6-max Seat #4 is the button
Seat 1: 63abeb07 ($11.28 in chips)
Seat 2: 518c0b1f ($10.15 in chips)
Seat 3: cad22116 ($51.72 in chips)
Seat 4: Hero ($12.81 in chips)
Seat 5: 7065fa2e ($4 in chips)
Seat 6: e471ab5e ($11.82 in chips)
7065fa2e: posts small blind $0.05
e471ab5e: posts big blind $0.1
*** HOLE CARDS ***
Dealt to 63abeb07 
Dealt to 518c0b1f 
Dealt to cad22116 
Dealt to Hero [8c Kh]
Dealt to 7065fa2e 
Dealt to e471ab5e 
63abeb07: folds
518c0b1f: folds
cad22116: folds
Hero: folds
7065fa2e: calls $0.05
e471ab5e: checks
*** FLOP *** [7s 6c Jd]
7065fa2e: checks
e471ab5e: bets $0.15
7065fa2e: calls $0.15
*** TURN *** [7s 6c Jd] [6d]
7065fa2e: bets $0.34
e471ab5e: folds
Uncalled bet ($0.34) returned to 7065fa2e
*** SHOWDOWN ***
7065fa2e collected $0.48 from pot
*** SUMMARY ***
Total pot $0.5 | Rake $0.02 | Jackpot $0 | Bingo $0 | Fortune $0 | Tax $0
Board [7s 6c Jd 6d]
Seat 1: 63abeb07 folded before Flop (didn't bet)
Seat 2: 518c0b1f folded before Flop (didn't bet)
Seat 3: cad22116 folded before Flop (didn't bet)
Seat 4: Hero (button) folded before Flop (didn't bet)
Seat 5: 7065fa2e (small blind) won ($0.48)
Seat 6: e471ab5e (big blind) folded on the Turn


Poker Hand #HD1811424486: Hold'em No Limit ($0.05/$0.1) - 2024/06/11 22:34:30
Table 'NLHRed25' 6-max Seat #3 is the button
Seat 1: 63abeb07 ($11.28 in chips)
Seat 2: 518c0b1f ($10.15 in chips)
Seat 3: cad22116 ($51.72 in chips)
Seat 4: Hero ($12.71 in chips)
Seat 5: 7065fa2e ($3.95 in chips)
Seat 6: e471ab5e ($11.82 in chips)
Hero: posts small blind $0.05
7065fa2e: posts big blind $0.1
*** HOLE CARDS ***
Dealt to 63abeb07 
Dealt to 518c0b1f 
Dealt to cad22116 
Dealt to Hero [3d Ac]
Dealt to 7065fa2e 
Dealt to e471ab5e 
e471ab5e: folds
63abeb07: folds
518c0b1f: folds
cad22116: folds
Hero: raises $0.2 to $0.3
7065fa2e: folds
Uncalled bet ($0.2) returned to Hero
*** SHOWDOWN ***
Hero collected $0.2 from pot
*** SUMMARY ***
Total pot $0.2 | Rake $0 | Jackpot $0 | Bingo $0 | Fortune $0 | Tax $0
Seat 1: 63abeb07 folded before Flop (didn't bet)
Seat 2: 518c0b1f folded before Flop (didn't bet)
Seat 3: cad22116 (button) folded before Flop (didn't bet)
Seat 4: Hero (small blind) collected ($0.2)
Seat 5: 7065fa2e (big blind) folded before Flop
Seat 6: e471ab5e folded before Flop (didn't bet)


Poker Hand #HD1811424440: Hold'em No Limit ($0.05/$0.1) - 2024/06/11 22:34:11
Table 'NLHRed25' 6-max Seat #2 is the button
Seat 1: 63abeb07 ($11.28 in chips)
Seat 2: 518c0b1f ($10 in chips)
Seat 3: cad22116 ($51.77 in chips)
Seat 4: Hero ($12.81 in chips)
Seat 5: 7065fa2e ($3.95 in chips)
Seat 6: e471ab5e ($11.82 in chips)
cad22116: posts small blind $0.05
Hero: posts big blind $0.1
*** HOLE CARDS ***
Dealt to 63abeb07 
Dealt to 518c0b1f 
Dealt to cad22116 
Dealt to Hero [7s 4c]
Dealt to 7065fa2e 
Dealt to e471ab5e 
7065fa2e: folds
e471ab5e: folds
63abeb07: folds
518c0b1f: raises $0.15 to $0.25
cad22116: folds
Hero: folds
Uncalled bet ($0.15) returned to 518c0b1f
*** SHOWDOWN ***
518c0b1f collected $0.25 from pot
*** SUMMARY ***
Total pot $0.25 | Rake $0 | Jackpot $0 | Bingo $0 | Fortune $0 | Tax $0
Seat 1: 63abeb07 folded before Flop (didn't bet)
Seat 2: 518c0b1f (button) collected ($0.25)
Seat 3: cad22116 (small blind) folded before Flop
Seat 4: Hero (big blind) folded before Flop
Seat 5: 7065fa2e folded before Flop (didn't bet)
Seat 6: e471ab5e folded before Flop (didn't bet)


Poker Hand #HD1811424414: Hold'em No Limit ($0.05/$0.1) - 2024/06/11 22:33:59
Table 'NLHRed25' 6-max Seat #1 is the button
Seat 1: 63abeb07 ($11.28 in chips)
Seat 2: 518c0b1f ($10 in chips)
Seat 3: cad22116 ($51.72 in chips)
Seat 4: Hero ($12.81 in chips)
Seat 5: 7065fa2e ($3.95 in chips)
Seat 6: e471ab5e ($11.82 in chips)
518c0b1f: posts small blind $0.05
cad22116: posts big blind $0.1
*** HOLE CARDS ***
Dealt to 63abeb07 
Dealt to 518c0b1f 
Dealt to cad22116 
Dealt to Hero [9c 2d]
Dealt to 7065fa2e 
Dealt to e471ab5e 
Hero: folds
7065fa2e: folds
e471ab5e: folds
63abeb07: folds
518c0b1f: folds
Uncalled bet ($0.05) returned to cad22116
*** SHOWDOWN ***
cad22116 collected $0.1 from pot
*** SUMMARY ***
Total pot $0.1 | Rake $0 | Jackpot $0 | Bingo $0 | Fortune $0 | Tax $0
Seat 1: 63abeb07 (button) folded before Flop (didn't bet)
Seat 2: 518c0b1f (small blind) folded before Flop
Seat 3: cad22116 (big blind) collected ($0.1)
Seat 4: Hero folded before Flop (didn't bet)
Seat 5: 7065fa2e folded before Flop (didn't bet)
Seat 6: e471ab5e folded before Flop (didn't bet)


Poker Hand #HD1811424307: Hold'em No Limit ($0.05/$0.1) - 2024/06/11 22:33:06
Table 'NLHRed25' 6-max Seat #6 is the button
Seat 1: 63abeb07 ($11.33 in chips)
Seat 2: 518c0b1f ($11.25 in chips)
Seat 3: cad22116 ($50.38 in chips)
Seat 4: Hero ($12.81 in chips)
Seat 5: 7065fa2e ($3.95 in chips)
Seat 6: e471ab5e ($11.82 in chips)
63abeb07: posts small blind $0.05
518c0b1f: posts big blind $0.1
*** HOLE CARDS ***
Dealt to 63abeb07 
Dealt to 518c0b1f 
Dealt to cad22116 
Dealt to Hero [3c Th]
Dealt to 7065fa2e 
Dealt to e471ab5e 
cad22116: calls $0.1
Hero: folds
7065fa2e: folds
e471ab5e: folds
63abeb07: folds
518c0b1f: raises $0.4 to $0.5
cad22116: calls $0.4
*** FLOP *** [4h 7d 3s]
518c0b1f: bets $0.35
cad22116: calls $0.35
*** TURN *** [4h 7d 3s] [4c]
518c0b1f: bets $0.58
cad22116: raises $1.46 to $2.04
518c0b1f: folds
Uncalled bet ($1.46) returned to cad22116
*** SHOWDOWN ***
cad22116 collected $2.77 from pot
*** SUMMARY ***
Total pot $2.91 | Rake $0.14 | Jackpot $0 | Bingo $0 | Fortune $0 | Tax $0
Board [4h 7d 3s 4c]
Seat 1: 63abeb07 (small blind) folded before Flop
Seat 2: 518c0b1f (big blind) folded on the Turn
Seat 3: cad22116 won ($2.77)
Seat 4: Hero folded before Flop (didn't bet)
Seat 5: 7065fa2e folded before Flop (didn't bet)
Seat 6: e471ab5e (button) folded before Flop (didn't bet)


Poker Hand #HD1811424196: Hold'em No Limit ($0.05/$0.1) - 2024/06/11 22:32:21
Table 'NLHRed25' 6-max Seat #5 is the button
Seat 1: 63abeb07 ($11.43 in chips)
Seat 2: 518c0b1f ($11.25 in chips)
Seat 3: cad22116 ($50.38 in chips)
Seat 4: Hero ($12.81 in chips)
Seat 5: 7065fa2e ($3.95 in chips)
Seat 6: e471ab5e ($11.72 in chips)
e471ab5e: posts small blind $0.05
63abeb07: posts big blind $0.1
*** HOLE CARDS ***
Dealt to 63abeb07 
Dealt to 518c0b1f 
Dealt to cad22116 
Dealt to Hero [3h 6h]
Dealt to 7065fa2e 
Dealt to e471ab5e 
518c0b1f: folds
cad22116: folds
Hero: folds
7065fa2e: folds
e471ab5e: raises $0.15 to $0.25
63abeb07: folds
Uncalled bet ($0.15) returned to e471ab5e
*** SHOWDOWN ***
e471ab5e collected $0.2 from pot
*** SUMMARY ***
Total pot $0.2 | Rake $0 | Jackpot $0 | Bingo $0 | Fortune $0 | Tax $0
Seat 1: 63abeb07 (big blind) folded before Flop
Seat 2: 518c0b1f folded before Flop (didn't bet)
Seat 3: cad22116 folded before Flop (didn't bet)
Seat 4: Hero folded before Flop (didn't bet)
Seat 5: 7065fa2e (button) folded before Flop (didn't bet)
Seat 6: e471ab5e (small blind) collected ($0.2)


Poker Hand #HD1811424100: Hold'em No Limit ($0.05/$0.1) - 2024/06/11 22:31:37
Table 'NLHRed25' 6-max Seat #4 is the button
Seat 1: 63abeb07 ($10 in chips)
Seat 2: 518c0b1f ($11.25 in chips)
Seat 3: cad22116 ($51.91 in chips)
Seat 4: Hero ($12.81 in chips)
Seat 5: 7065fa2e ($4 in chips)
Seat 6: e471ab5e ($11.82 in chips)
7065fa2e: posts small blind $0.05
e471ab5e: posts big blind $0.1
*** HOLE CARDS ***
Dealt to 63abeb07 
Dealt to 518c0b1f 
Dealt to cad22116 
Dealt to Hero [Jh Ts]
Dealt to 7065fa2e 
Dealt to e471ab5e 
63abeb07: raises $0.15 to $0.25
518c0b1f: folds
cad22116: calls $0.25
Hero: folds
7065fa2e: folds
e471ab5e: folds
*** FLOP *** [9h Ah 8s]
63abeb07: bets $0.34
cad22116: calls $0.34
*** TURN *** [9h Ah 8s] [4c]
63abeb07: bets $0.94
cad22116: calls $0.94
*** RIVER *** [9h Ah 8s 4c] [Td]
63abeb07: checks
cad22116: checks
63abeb07: shows [Qd As] (Pair of Aces)
cad22116: shows [Js 9s] (Pair of Nines)
*** SHOWDOWN ***
63abeb07 collected $2.96 from pot
*** SUMMARY ***
Total pot $3.21 | Rake $0.15 | Jackpot $0.1 | Bingo $0 | Fortune $0 | Tax $0
Board [9h Ah 8s 4c Td]
Seat 1: 63abeb07 showed [Qd As] and won ($2.96) with Pair of Aces
Seat 2: 518c0b1f folded before Flop (didn't bet)
Seat 3: cad22116 showed [Js 9s] and lost with Pair of Nines
Seat 4: Hero (button) folded before Flop (didn't bet)
Seat 5: 7065fa2e (small blind) folded before Flop
Seat 6: e471ab5e (big blind) folded before Flop


Poker Hand #HD1811423965: Hold'em No Limit ($0.05/$0.1) - 2024/06/11 22:30:46
Table 'NLHRed25' 6-max Seat #3 is the button
Seat 1: 63abeb07 ($10.44 in chips)
Seat 2: 518c0b1f ($11.25 in chips)
Seat 3: cad22116 ($51.91 in chips)
Seat 4: Hero ($12.86 in chips)
Seat 5: 7065fa2e ($4 in chips)
Seat 6: e471ab5e ($11.06 in chips)
Hero: posts small blind $0.05
7065fa2e: posts big blind $0.1
*** HOLE CARDS ***
Dealt to 63abeb07 
Dealt to 518c0b1f 
Dealt to cad22116 
Dealt to Hero [Ts 7c]
Dealt to 7065fa2e 
Dealt to e471ab5e 
e471ab5e: raises $0.15 to $0.25
63abeb07: calls $0.25
518c0b1f: folds
cad22116: folds
Hero: folds
7065fa2e: calls $0.15
*** FLOP *** [Ac 3h Jc]
7065fa2e: checks
e471ab5e: bets $0.27
63abeb07: calls $0.27
7065fa2e: folds
*** TURN *** [Ac 3h Jc] [6s]
e471ab5e: bets $1.64
63abeb07: folds
Uncalled bet ($1.64) returned to e471ab5e
*** SHOWDOWN ***
e471ab5e collected $1.28 from pot
*** SUMMARY ***
Total pot $1.34 | Rake $0.06 | Jackpot $0 | Bingo $0 | Fortune $0 | Tax $0
Board [Ac 3h Jc 6s]
Seat 1: 63abeb07 folded on the Turn
Seat 2: 518c0b1f folded before Flop (didn't bet)
Seat 3: cad22116 (button) folded before Flop (didn't bet)
Seat 4: Hero (small blind) folded before Flop
Seat 5: 7065fa2e (big blind) folded on the Flop
Seat 6: e471ab5e won ($1.28)


Poker Hand #HD1811423816: Hold'em No Limit ($0.05/$0.1) - 2024/06/11 22:29:42
Table 'NLHRed25' 6-max Seat #2 is the button
Seat 1: 63abeb07 ($10.44 in chips)
Seat 2: 518c0b1f ($10.97 in chips)
Seat 3: cad22116 ($51.96 in chips)
Seat 4: Hero ($13.11 in chips)
Seat 5: 7065fa2e ($4 in chips)
Seat 6: e471ab5e ($11.06 in chips)
cad22116: posts small blind $0.05
Hero: posts big blind $0.1
*** HOLE CARDS ***
Dealt to 63abeb07 
Dealt to 518c0b1f 
Dealt to cad22116 
Dealt to Hero [Qd 9h]
Dealt to 7065fa2e 
Dealt to e471ab5e 
7065fa2e: folds
e471ab5e: folds
63abeb07: folds
518c0b1f: raises $0.15 to $0.25
cad22116: folds
Hero: calls $0.15
*** FLOP *** [As 4c 5h]
Hero: checks
518c0b1f: bets $0.28
Hero: folds
Uncalled bet ($0.28) returned to 518c0b1f
*** SHOWDOWN ***
518c0b1f collected $0.53 from pot
*** SUMMARY ***
Total pot $0.55 | Rake $0.02 | Jackpot $0 | Bingo $0 | Fortune $0 | Tax $0
Board [As 4c 5h]
Seat 1: 63abeb07 folded before Flop (didn't bet)
Seat 2: 518c0b1f (button) won ($0.53)
Seat 3: cad22116 (small blind) folded before Flop
Seat 4: Hero (big blind) folded on the Flop
Seat 5: 7065fa2e folded before Flop (didn't bet)
Seat 6: e471ab5e folded before Flop (didn't bet)


Poker Hand #HD1811423697: Hold'em No Limit ($0.05/$0.1) - 2024/06/11 22:28:48
Table 'NLHRed25' 6-max Seat #1 is the button
Seat 1: 63abeb07 ($10.44 in chips)
Seat 2: 518c0b1f ($10.29 in chips)
Seat 3: cad22116 ($52.71 in chips)
Seat 4: Hero ($13.11 in chips)
Seat 5: 7065fa2e ($4 in chips)
Seat 6: e471ab5e ($11.06 in chips)
518c0b1f: posts small blind $0.05
cad22116: posts big blind $0.1
*** HOLE CARDS ***
Dealt to 63abeb07 
Dealt to 518c0b1f 
Dealt to cad22116 
Dealt to Hero [9s 5d]
Dealt to 7065fa2e 
Dealt to e471ab5e 
Hero: folds
7065fa2e: folds
e471ab5e: folds
63abeb07: folds
518c0b1f: raises $0.2 to $0.3
cad22116: calls $0.2
*** FLOP *** [8h 5h 3d]
518c0b1f: bets $0.45
cad22116: calls $0.45
*** TURN *** [8h 5h 3d] [Qh]
518c0b1f: bets $1.13
cad22116: folds
Uncalled bet ($1.13) returned to 518c0b1f
*** SHOWDOWN ***
518c0b1f collected $1.43 from pot
*** SUMMARY ***
Total pot $1.5 | Rake $0.07 | Jackpot $0 | Bingo $0 | Fortune $0 | Tax $0
Board [8h 5h 3d Qh]
Seat 1: 63abeb07 (button) folded before Flop (didn't bet)
Seat 2: 518c0b1f (small blind) won ($1.43)
Seat 3: cad22116 (big blind) folded on the Turn
Seat 4: Hero folded before Flop (didn't bet)
Seat 5: 7065fa2e folded before Flop (didn't bet)
Seat 6: e471ab5e folded before Flop (didn't bet)


Poker Hand #HD1811423626: Hold'em No Limit ($0.05/$0.1) - 2024/06/11 22:28:19
Table 'NLHRed25' 6-max Seat #6 is the button
Seat 1: 63abeb07 ($10.49 in chips)
Seat 2: 518c0b1f ($10.39 in chips)
Seat 3: cad22116 ($52.56 in chips)
Seat 4: Hero ($13.11 in chips)
Seat 5: 7065fa2e ($4 in chips)
Seat 6: e471ab5e ($11.06 in chips)
63abeb07: posts small blind $0.05
518c0b1f: posts big blind $0.1
*** HOLE CARDS ***
Dealt to 63abeb07 
Dealt to 518c0b1f 
Dealt to cad22116 
Dealt to Hero [7s Qs]
Dealt to 7065fa2e 
Dealt to e471ab5e 
cad22116: raises $0.3 to $0.4
Hero: folds
7065fa2e: folds
e471ab5e: folds
63abeb07: folds
518c0b1f: folds
Uncalled bet ($0.3) returned to cad22116
*** SHOWDOWN ***
cad22116 collected $0.25 from pot
*** SUMMARY ***
Total pot $0.25 | Rake $0 | Jackpot $0 | Bingo $0 | Fortune $0 | Tax $0
Seat 1: 63abeb07 (small blind) folded before Flop
Seat 2: 518c0b1f (big blind) folded before Flop
Seat 3: cad22116 collected ($0.25)
Seat 4: Hero folded before Flop (didn't bet)
Seat 5: 7065fa2e folded before Flop (didn't bet)
Seat 6: e471ab5e (button) folded before Flop (didn't bet)


Poker Hand #HD1811423520: Hold'em No Limit ($0.05/$0.1) - 2024/06/11 22:27:32
Table 'NLHRed25' 6-max Seat #5 is the button
Seat 1: 63abeb07 ($10 in chips)
Seat 2: 518c0b1f ($10.39 in chips)
Seat 3: cad22116 ($53.05 in chips)
Seat 4: Hero ($13.11 in chips)
Seat 5: 7065fa2e ($4 in chips)
Seat 6: e471ab5e ($11.11 in chips)
e471ab5e: posts small blind $0.05
63abeb07: posts big blind $0.1
*** HOLE CARDS ***
Dealt to 63abeb07 
Dealt to 518c0b1f 
Dealt to cad22116 
Dealt to Hero [5c Js]
Dealt to 7065fa2e 
Dealt to e471ab5e 
518c0b1f: folds
cad22116: calls $0.1
Hero: folds
7065fa2e: folds
e471ab5e: folds
63abeb07: checks
*** FLOP *** [Ad 2h 4c]
63abeb07: checks
cad22116: bets $0.13
63abeb07: calls $0.13
*** TURN *** [Ad 2h 4c] [3d]
63abeb07: checks
cad22116: bets $0.26
63abeb07: raises $0.73 to $0.99
cad22116: folds
Uncalled bet ($0.73) returned to 63abeb07
*** SHOWDOWN ***
63abeb07 collected $0.98 from pot
*** SUMMARY ***
Total pot $1.03 | Rake $0.05 | Jackpot $0 | Bingo $0 | Fortune $0 | Tax $0
Board [Ad 2h 4c 3d]
Seat 1: 63abeb07 (big blind) won ($0.98)
Seat 2: 518c0b1f folded before Flop (didn't bet)
Seat 3: cad22116 folded on the Turn
Seat 4: Hero folded before Flop (didn't bet)
Seat 5: 7065fa2e (button) folded before Flop (didn't bet)
Seat 6: e471ab5e (small blind) folded before Flop


Poker Hand #HD1811423476: Hold'em No Limit ($0.05/$0.1) - 2024/06/11 22:27:14
Table 'NLHRed25' 6-max Seat #4 is the button
Seat 1: d3f1fc0c ($13.95 in chips)
Seat 2: 518c0b1f ($10.24 in chips)
Seat 3: cad22116 ($53.05 in chips)
Seat 4: Hero ($13.11 in chips)
Seat 5: 7065fa2e ($3.9 in chips)
Seat 6: e471ab5e ($11.21 in chips)
7065fa2e: posts small blind $0.05
e471ab5e: posts big blind $0.1
*** HOLE CARDS ***
Dealt to d3f1fc0c 
Dealt to 518c0b1f 
Dealt to cad22116 
Dealt to Hero [Qs 2s]
Dealt to 7065fa2e 
Dealt to e471ab5e 
d3f1fc0c: folds
518c0b1f: raises $0.2 to $0.3
cad22116: folds
Hero: folds
7065fa2e: folds
e471ab5e: folds
Uncalled bet ($0.2) returned to 518c0b1f
*** SHOWDOWN ***
518c0b1f collected $0.25 from pot
*** SUMMARY ***
Total pot $0.25 | Rake $0 | Jackpot $0 | Bingo $0 | Fortune $0 | Tax $0
Seat 1: d3f1fc0c folded before Flop (didn't bet)
Seat 2: 518c0b1f collected ($0.25)
Seat 3: cad22116 folded before Flop (didn't bet)
Seat 4: Hero (button) folded before Flop (didn't bet)
Seat 5: 7065fa2e (small blind) folded before Flop
Seat 6: e471ab5e (big blind) folded before Flop


Poker Hand #HD1811423351: Hold'em No Limit ($0.05/$0.1) - 2024/06/11 22:26:24
Table 'NLHRed25' 6-max Seat #3 is the button
Seat 1: d3f1fc0c ($13.95 in chips)
Seat 2: 518c0b1f ($10.24 in chips)
Seat 3: cad22116 ($52.54 in chips)
Seat 4: Hero ($13.16 in chips)
Seat 5: 7065fa2e ($4.15 in chips)
Seat 6: e471ab5e ($11.46 in chips)
Hero: posts small blind $0.05
7065fa2e: posts big blind $0.1
*** HOLE CARDS ***
Dealt to d3f1fc0c 
Dealt to 518c0b1f 
Dealt to cad22116 
Dealt to Hero [Td 6c]
Dealt to 7065fa2e 
Dealt to e471ab5e 
e471ab5e: raises $0.15 to $0.25
d3f1fc0c: folds
518c0b1f: folds
cad22116: calls $0.25
Hero: folds
7065fa2e: calls $0.15
*** FLOP *** [7c 7s Kh]
7065fa2e: checks
e471ab5e: checks
cad22116: bets $0.27
7065fa2e: folds
e471ab5e: folds
Uncalled bet ($0.27) returned to cad22116
*** SHOWDOWN ***
cad22116 collected $0.76 from pot
*** SUMMARY ***
Total pot $0.8 | Rake $0.04 | Jackpot $0 | Bingo $0 | Fortune $0 | Tax $0
Board [7c 7s Kh]
Seat 1: d3f1fc0c folded before Flop (didn't bet)
Seat 2: 518c0b1f folded before Flop (didn't bet)
Seat 3: cad22116 (button) won ($0.76)
Seat 4: Hero (small blind) folded before Flop
Seat 5: 7065fa2e (big blind) folded on the Flop
Seat 6: e471ab5e folded on the Flop


Poker Hand #HD1811423322: Hold'em No Limit ($0.05/$0.1) - 2024/06/11 22:26:10
Table 'NLHRed25' 6-max Seat #2 is the button
Seat 1: d3f1fc0c ($13.95 in chips)
Seat 2: 518c0b1f ($10.24 in chips)
Seat 3: cad22116 ($52.59 in chips)
Seat 4: Hero ($13.26 in chips)
Seat 5: 7065fa2e ($4 in chips)
Seat 6: e471ab5e ($11.46 in chips)
cad22116: posts small blind $0.05
Hero: posts big blind $0.1
*** HOLE CARDS ***
Dealt to d3f1fc0c 
Dealt to 518c0b1f 
Dealt to cad22116 
Dealt to Hero [6d Kc]
Dealt to 7065fa2e 
Dealt to e471ab5e 
7065fa2e: raises $0.12 to $0.22
e471ab5e: folds
d3f1fc0c: folds
518c0b1f: folds
cad22116: folds
Hero: folds
Uncalled bet ($0.12) returned to 7065fa2e
*** SHOWDOWN ***
7065fa2e collected $0.25 from pot
*** SUMMARY ***
Total pot $0.25 | Rake $0 | Jackpot $0 | Bingo $0 | Fortune $0 | Tax $0
Seat 1: d3f1fc0c folded before Flop (didn't bet)
Seat 2: 518c0b1f (button) folded before Flop (didn't bet)
Seat 3: cad22116 (small blind) folded before Flop
Seat 4: Hero (big blind) folded before Flop
Seat 5: 7065fa2e collected ($0.25)
Seat 6: e471ab5e folded before Flop (didn't bet)


Poker Hand #HD1811423258: Hold'em No Limit ($0.05/$0.1) - 2024/06/11 22:25:35
Table 'NLHRed25' 6-max Seat #1 is the button
Seat 1: d3f1fc0c ($13.95 in chips)
Seat 2: 518c0b1f ($10.29 in chips)
Seat 3: cad22116 ($52.69 in chips)
Seat 4: Hero ($13.26 in chips)
Seat 5: 7065fa2e ($4 in chips)
Seat 6: e471ab5e ($11.13 in chips)
518c0b1f: posts small blind $0.05
cad22116: posts big blind $0.1
*** HOLE CARDS ***
Dealt to d3f1fc0c 
Dealt to 518c0b1f 
Dealt to cad22116 
Dealt to Hero [2d Qc]
Dealt to 7065fa2e 
Dealt to e471ab5e 
Hero: folds
7065fa2e: raises $0.1 to $0.2
e471ab5e: calls $0.2
d3f1fc0c: folds
518c0b1f: folds
cad22116: folds
*** FLOP *** [6h Kc 8d]
7065fa2e: checks
e471ab5e: bets $0.19
7065fa2e: folds
Uncalled bet ($0.19) returned to e471ab5e
*** SHOWDOWN ***
e471ab5e collected $0.53 from pot
*** SUMMARY ***
Total pot $0.55 | Rake $0.02 | Jackpot $0 | Bingo $0 | Fortune $0 | Tax $0
Board [6h Kc 8d]
Seat 1: d3f1fc0c (button) folded before Flop (didn't bet)
Seat 2: 518c0b1f (small blind) folded before Flop
Seat 3: cad22116 (big blind) folded before Flop
Seat 4: Hero folded before Flop (didn't bet)
Seat 5: 7065fa2e folded on the Flop
Seat 6: e471ab5e won ($0.53)


Poker Hand #HD1811423172: Hold'em No Limit ($0.05/$0.1) - 2024/06/11 22:25:02
Table 'NLHRed25' 6-max Seat #6 is the button
Seat 1: d3f1fc0c ($14 in chips)
Seat 2: 518c0b1f ($10.39 in chips)
Seat 3: cad22116 ($52.99 in chips)
Seat 4: Hero ($13.26 in chips)
Seat 5: 7065fa2e ($4.12 in chips)
Seat 6: e471ab5e ($10.43 in chips)
d3f1fc0c: posts small blind $0.05
518c0b1f: posts big blind $0.1
*** HOLE CARDS ***
Dealt to d3f1fc0c 
Dealt to 518c0b1f 
Dealt to cad22116 
Dealt to Hero [5d Js]
Dealt to 7065fa2e 
Dealt to e471ab5e 
cad22116: raises $0.2 to $0.3
Hero: folds
7065fa2e: calls $0.3
e471ab5e: raises $1.39 to $1.69
d3f1fc0c: folds
518c0b1f: folds
cad22116: folds
7065fa2e: folds
Uncalled bet ($1.39) returned to e471ab5e
*** SHOWDOWN ***
e471ab5e collected $1 from pot
*** SUMMARY ***
Total pot $1.05 | Rake $0.05 | Jackpot $0 | Bingo $0 | Fortune $0 | Tax $0
Seat 1: d3f1fc0c (small blind) folded before Flop
Seat 2: 518c0b1f (big blind) folded before Flop
Seat 3: cad22116 folded before Flop
Seat 4: Hero folded before Flop (didn't bet)
Seat 5: 7065fa2e folded before Flop
Seat 6: e471ab5e (button) collected ($1)


Poker Hand #HD1811423091: Hold'em No Limit ($0.05/$0.1) - 2024/06/11 22:24:26
Table 'NLHRed25' 6-max Seat #5 is the button
Seat 1: d3f1fc0c ($14.1 in chips)
Seat 2: 518c0b1f ($10.39 in chips)
Seat 3: cad22116 ($52.99 in chips)
Seat 4: Hero ($13.26 in chips)
Seat 5: 7065fa2e ($4.32 in chips)
Seat 6: e471ab5e ($10.15 in chips)
e471ab5e: posts small blind $0.05
d3f1fc0c: posts big blind $0.1
*** HOLE CARDS ***
Dealt to d3f1fc0c 
Dealt to 518c0b1f 
Dealt to cad22116 
Dealt to Hero [7s Qd]
Dealt to 7065fa2e 
Dealt to e471ab5e 
518c0b1f: folds
cad22116: folds
Hero: folds
7065fa2e: raises $0.1 to $0.2
e471ab5e: raises $0.99 to $1.19
d3f1fc0c: folds
7065fa2e: folds
Uncalled bet ($0.99) returned to e471ab5e
*** SHOWDOWN ***
e471ab5e collected $0.48 from pot
*** SUMMARY ***
Total pot $0.5 | Rake $0.02 | Jackpot $0 | Bingo $0 | Fortune $0 | Tax $0
Seat 1: d3f1fc0c (big blind) folded before Flop
Seat 2: 518c0b1f folded before Flop (didn't bet)
Seat 3: cad22116 folded before Flop (didn't bet)
Seat 4: Hero folded before Flop (didn't bet)
Seat 5: 7065fa2e (button) folded before Flop
Seat 6: e471ab5e (small blind) collected ($0.48)


Poker Hand #HD1811422963: Hold'em No Limit ($0.05/$0.1) - 2024/06/11 22:23:32
Table 'NLHRed25' 6-max Seat #4 is the button
Seat 1: d3f1fc0c ($14.1 in chips)
Seat 2: 518c0b1f ($10.39 in chips)
Seat 3: cad22116 ($52.99 in chips)
Seat 4: Hero ($13.26 in chips)
Seat 5: 7065fa2e ($4 in chips)
Seat 6: e471ab5e ($10.5 in chips)
7065fa2e: posts small blind $0.05
e471ab5e: posts big blind $0.1
*** HOLE CARDS ***
Dealt to d3f1fc0c 
Dealt to 518c0b1f 
Dealt to cad22116 
Dealt to Hero [7d Jh]
Dealt to 7065fa2e 
Dealt to e471ab5e 
d3f1fc0c: folds
518c0b1f: folds
cad22116: folds
Hero: folds
7065fa2e: raises $0.25 to $0.35
e471ab5e: calls $0.25
*** FLOP *** [5h Ah 6c]
7065fa2e: checks
e471ab5e: checks
*** TURN *** [5h Ah 6c] [Th]
7065fa2e: checks
e471ab5e: checks
*** RIVER *** [5h Ah 6c Th] [8s]
7065fa2e: checks
e471ab5e: checks
7065fa2e: shows [9h 9s] (Pair of Nines)
e471ab5e: shows [Js Kd] (Ace-High)
*** SHOWDOWN ***
7065fa2e collected $0.67 from pot
*** SUMMARY ***
Total pot $0.7 | Rake $0.03 | Jackpot $0 | Bingo $0 | Fortune $0 | Tax $0
Board [5h Ah 6c Th 8s]
Seat 1: d3f1fc0c folded before Flop (didn't bet)
Seat 2: 518c0b1f folded before Flop (didn't bet)
Seat 3: cad22116 folded before Flop (didn't bet)
Seat 4: Hero (button) folded before Flop (didn't bet)
Seat 5: 7065fa2e (small blind) showed [9h 9s] and won ($0.67) with Pair of Nines
Seat 6: e471ab5e (big blind) showed [Js Kd] and lost with Ace-High


Poker Hand #HD1811422826: Hold'em No Limit ($0.05/$0.1) - 2024/06/11 22:22:35
Table 'NLHRed25' 6-max Seat #3 is the button
Seat 1: d3f1fc0c ($13.13 in chips)
Seat 2: 518c0b1f ($10.39 in chips)
Seat 3: cad22116 ($52.99 in chips)
Seat 4: Hero ($13.31 in chips)
Seat 5: 7065fa2e ($4 in chips)
Seat 6: e471ab5e ($10.5 in chips)
Hero: posts small blind $0.05
7065fa2e: posts big blind $0.1
*** HOLE CARDS ***
Dealt to d3f1fc0c 
Dealt to 518c0b1f 
Dealt to cad22116 
Dealt to Hero [Td 4c]
Dealt to 7065fa2e 
Dealt to e471ab5e 
e471ab5e: folds
d3f1fc0c: raises $0.12 to $0.22
518c0b1f: folds
cad22116: folds
Hero: folds
7065fa2e: calls $0.12
*** FLOP *** [5c Th 7c]
7065fa2e: checks
d3f1fc0c: bets $0.17
7065fa2e: calls $0.17
*** TURN *** [5c Th 7c] [9h]
7065fa2e: checks
d3f1fc0c: bets $0.63
7065fa2e: calls $0.63
*** RIVER *** [5c Th 7c 9h] [5s]
7065fa2e: checks
d3f1fc0c: bets $3.14
7065fa2e: folds
Uncalled bet ($3.14) returned to d3f1fc0c
*** SHOWDOWN ***
d3f1fc0c collected $1.99 from pot
*** SUMMARY ***
Total pot $2.09 | Rake $0.1 | Jackpot $0 | Bingo $0 | Fortune $0 | Tax $0
Board [5c Th 7c 9h 5s]
Seat 1: d3f1fc0c won ($1.99)
Seat 2: 518c0b1f folded before Flop (didn't bet)
Seat 3: cad22116 (button) folded before Flop (didn't bet)
Seat 4: Hero (small blind) folded before Flop
Seat 5: 7065fa2e (big blind) folded on the River
Seat 6: e471ab5e folded before Flop (didn't bet)


Poker Hand #HD1811422758: Hold'em No Limit ($0.05/$0.1) - 2024/06/11 22:22:07
Table 'NLHRed25' 6-max Seat #2 is the button
Seat 1: d3f1fc0c ($12.83 in chips)
Seat 2: 518c0b1f ($10.39 in chips)
Seat 3: cad22116 ($53.21 in chips)
Seat 4: Hero ($13.41 in chips)
Seat 6: e471ab5e ($10.5 in chips)
cad22116: posts small blind $0.05
Hero: posts big blind $0.1
*** HOLE CARDS ***
Dealt to d3f1fc0c 
Dealt to 518c0b1f 
Dealt to cad22116 
Dealt to Hero [6c 3c]
Dealt to e471ab5e 
e471ab5e: folds
d3f1fc0c: raises $0.12 to $0.22
518c0b1f: folds
cad22116: calls $0.17
Hero: folds
*** FLOP *** [Kd Ah 8d]
cad22116: checks
d3f1fc0c: bets $0.18
cad22116: folds
Uncalled bet ($0.18) returned to d3f1fc0c
*** SHOWDOWN ***
d3f1fc0c collected $0.52 from pot
*** SUMMARY ***
Total pot $0.54 | Rake $0.02 | Jackpot $0 | Bingo $0 | Fortune $0 | Tax $0
Board [Kd Ah 8d]
Seat 1: d3f1fc0c won ($0.52)
Seat 2: 518c0b1f (button) folded before Flop (didn't bet)
Seat 3: cad22116 (small blind) folded on the Flop
Seat 4: Hero (big blind) folded before Flop
Seat 6: e471ab5e folded before Flop (didn't bet)


Poker Hand #HD1811422669: Hold'em No Limit ($0.05/$0.1) - 2024/06/11 22:21:32
Table 'NLHRed25' 6-max Seat #1 is the button
Seat 1: d3f1fc0c ($12.83 in chips)
Seat 2: 518c0b1f ($10.69 in chips)
Seat 3: cad22116 ($52.94 in chips)
Seat 4: Hero ($13.41 in chips)
Seat 6: e471ab5e ($10.5 in chips)
518c0b1f: posts small blind $0.05
cad22116: posts big blind $0.1
*** HOLE CARDS ***
Dealt to d3f1fc0c 
Dealt to 518c0b1f 
Dealt to cad22116 
Dealt to Hero [Ad 9c]
Dealt to e471ab5e 
Hero: folds
e471ab5e: folds
d3f1fc0c: folds
518c0b1f: calls $0.05
cad22116: raises $0.2 to $0.3
518c0b1f: calls $0.2
*** FLOP *** [5h Qd Tc]
518c0b1f: checks
cad22116: bets $0.2
518c0b1f: folds
Uncalled bet ($0.2) returned to cad22116
*** SHOWDOWN ***
cad22116 collected $0.57 from pot
*** SUMMARY ***
Total pot $0.6 | Rake $0.03 | Jackpot $0 | Bingo $0 | Fortune $0 | Tax $0
Board [5h Qd Tc]
Seat 1: d3f1fc0c (button) folded before Flop (didn't bet)
Seat 2: 518c0b1f (small blind) folded on the Flop
Seat 3: cad22116 (big blind) won ($0.57)
Seat 4: Hero folded before Flop (didn't bet)
Seat 6: e471ab5e folded before Flop (didn't bet)


Poker Hand #HD1811422622: Hold'em No Limit ($0.05/$0.1) - 2024/06/11 22:21:13
Table 'NLHRed25' 6-max Seat #6 is the button
Seat 1: d3f1fc0c ($12.88 in chips)
Seat 2: 518c0b1f ($10.79 in chips)
Seat 3: cad22116 ($52.79 in chips)
Seat 4: Hero ($13.41 in chips)
Seat 6: e471ab5e ($10.5 in chips)
d3f1fc0c: posts small blind $0.05
518c0b1f: posts big blind $0.1
*** HOLE CARDS ***
Dealt to d3f1fc0c 
Dealt to 518c0b1f 
Dealt to cad22116 
Dealt to Hero [3c Kd]
Dealt to e471ab5e 
cad22116: raises $0.2 to $0.3
Hero: folds
e471ab5e: folds
d3f1fc0c: folds
518c0b1f: folds
Uncalled bet ($0.2) returned to cad22116
*** SHOWDOWN ***
cad22116 collected $0.25 from pot
*** SUMMARY ***
Total pot $0.25 | Rake $0 | Jackpot $0 | Bingo $0 | Fortune $0 | Tax $0
Seat 1: d3f1fc0c (small blind) folded before Flop
Seat 2: 518c0b1f (big blind) folded before Flop
Seat 3: cad22116 collected ($0.25)
Seat 4: Hero folded before Flop (didn't bet)
Seat 6: e471ab5e (button) folded before Flop (didn't bet)


Poker Hand #HD1811422501: Hold'em No Limit ($0.05/$0.1) - 2024/06/11 22:20:22
Table 'NLHRed25' 6-max Seat #4 is the button
Seat 1: d3f1fc0c ($13.38 in chips)
Seat 2: 518c0b1f ($10.79 in chips)
Seat 3: cad22116 ($52.79 in chips)
Seat 4: Hero ($13.41 in chips)
Seat 6: e471ab5e ($10.05 in chips)
e471ab5e: posts small blind $0.05
d3f1fc0c: posts big blind $0.1
*** HOLE CARDS ***
Dealt to d3f1fc0c 
Dealt to 518c0b1f 
Dealt to cad22116 
Dealt to Hero [3c Jh]
Dealt to e471ab5e 
518c0b1f: folds
cad22116: folds
Hero: folds
e471ab5e: raises $0.15 to $0.25
d3f1fc0c: calls $0.15
*** FLOP *** [Js 6d 6c]
e471ab5e: checks
d3f1fc0c: bets $0.25
e471ab5e: raises $0.94 to $1.19
d3f1fc0c: folds
Uncalled bet ($0.94) returned to e471ab5e
*** SHOWDOWN ***
e471ab5e collected $0.95 from pot
*** SUMMARY ***
Total pot $1 | Rake $0.05 | Jackpot $0 | Bingo $0 | Fortune $0 | Tax $0
Board [Js 6d 6c]
Seat 1: d3f1fc0c (big blind) folded on the Flop
Seat 2: 518c0b1f folded before Flop (didn't bet)
Seat 3: cad22116 folded before Flop (didn't bet)
Seat 4: Hero (button) folded before Flop (didn't bet)
Seat 6: e471ab5e (small blind) won ($0.95)


Poker Hand #HD1811422469: Hold'em No Limit ($0.05/$0.1) - 2024/06/11 22:20:07
Table 'NLHRed25' 6-max Seat #3 is the button
Seat 1: d3f1fc0c ($13.38 in chips)
Seat 2: 518c0b1f ($10.79 in chips)
Seat 3: cad22116 ($52.79 in chips)
Seat 4: Hero ($13.46 in chips)
Seat 6: e471ab5e ($10 in chips)
Hero: posts small blind $0.05
e471ab5e: posts big blind $0.1
*** HOLE CARDS ***
Dealt to d3f1fc0c 
Dealt to 518c0b1f 
Dealt to cad22116 
Dealt to Hero [Js 6c]
Dealt to e471ab5e 
d3f1fc0c: folds
518c0b1f: folds
cad22116: folds
Hero: folds
Uncalled bet ($0.05) returned to e471ab5e
*** SHOWDOWN ***
e471ab5e collected $0.1 from pot
*** SUMMARY ***
Total pot $0.1 | Rake $0 | Jackpot $0 | Bingo $0 | Fortune $0 | Tax $0
Seat 1: d3f1fc0c folded before Flop (didn't bet)
Seat 2: 518c0b1f folded before Flop (didn't bet)
Seat 3: cad22116 (button) folded before Flop (didn't bet)
Seat 4: Hero (small blind) folded before Flop
Seat 6: e471ab5e (big blind) collected ($0.1)


Poker Hand #HD1811422419: Hold'em No Limit ($0.05/$0.1) - 2024/06/11 22:19:49
Table 'NLHRed25' 6-max Seat #2 is the button
Seat 1: d3f1fc0c ($13.38 in chips)
Seat 2: 518c0b1f ($10.79 in chips)
Seat 3: cad22116 ($52.84 in chips)
Seat 4: Hero ($13.56 in chips)
Seat 5: 40714a30 ($10 in chips)
cad22116: posts small blind $0.05
Hero: posts big blind $0.1
*** HOLE CARDS ***
Dealt to d3f1fc0c 
Dealt to 518c0b1f 
Dealt to cad22116 
Dealt to Hero [Qs 7d]
Dealt to 40714a30 
40714a30: raises $0.15 to $0.25
d3f1fc0c: folds
518c0b1f: folds
cad22116: folds
Hero: folds
Uncalled bet ($0.15) returned to 40714a30
*** SHOWDOWN ***
40714a30 collected $0.25 from pot
*** SUMMARY ***
Total pot $0.25 | Rake $0 | Jackpot $0 | Bingo $0 | Fortune $0 | Tax $0
Seat 1: d3f1fc0c folded before Flop (didn't bet)
Seat 2: 518c0b1f (button) folded before Flop (didn't bet)
Seat 3: cad22116 (small blind) folded before Flop
Seat 4: Hero (big blind) folded before Flop
Seat 5: 40714a30 collected ($0.25)


Poker Hand #HD1811422339: Hold'em No Limit ($0.05/$0.1) - 2024/06/11 22:19:18
Table 'NLHRed25' 6-max Seat #1 is the button
Seat 1: d3f1fc0c ($13.63 in chips)
Seat 2: 518c0b1f ($10.32 in chips)
Seat 3: cad22116 ($53.09 in chips)
Seat 4: Hero ($13.56 in chips)
Seat 5: 40714a30 ($10 in chips)
518c0b1f: posts small blind $0.05
cad22116: posts big blind $0.1
*** HOLE CARDS ***
Dealt to d3f1fc0c 
Dealt to 518c0b1f 
Dealt to cad22116 
Dealt to Hero [4h Ks]
Dealt to 40714a30 
Hero: folds
40714a30: folds
d3f1fc0c: raises $0.15 to $0.25
518c0b1f: calls $0.2
cad22116: calls $0.15
*** FLOP *** [Qd Ad Jc]
518c0b1f: checks
cad22116: checks
d3f1fc0c: checks
*** TURN *** [Qd Ad Jc] [Kh]
518c0b1f: bets $0.25
cad22116: folds
d3f1fc0c: folds
Uncalled bet ($0.25) returned to 518c0b1f
*** SHOWDOWN ***
518c0b1f collected $0.72 from pot
*** SUMMARY ***
Total pot $0.75 | Rake $0.03 | Jackpot $0 | Bingo $0 | Fortune $0 | Tax $0
Board [Qd Ad Jc Kh]
Seat 1: d3f1fc0c (button) folded on the Turn
Seat 2: 518c0b1f (small blind) won ($0.72)
Seat 3: cad22116 (big blind) folded on the Turn
Seat 4: Hero folded before Flop (didn't bet)
Seat 5: 40714a30 folded before Flop (didn't bet)


Poker Hand #HD1811422240: Hold'em No Limit ($0.05/$0.1) - 2024/06/11 22:18:33
Table 'NLHRed25' 6-max Seat #5 is the button
Seat 1: d3f1fc0c ($13.93 in chips)
Seat 2: 518c0b1f ($10 in chips)
Seat 3: cad22116 ($53.09 in chips)
Seat 4: Hero ($13.56 in chips)
Seat 5: 40714a30 ($10 in chips)
Seat 6: eae712e ($10 in chips)
eae712e: posts small blind $0.05
d3f1fc0c: posts big blind $0.1
*** HOLE CARDS ***
Dealt to d3f1fc0c 
Dealt to 518c0b1f 
Dealt to cad22116 
Dealt to Hero [3s Kh]
Dealt to 40714a30 
Dealt to eae712e 
518c0b1f: raises $0.2 to $0.3
cad22116: folds
Hero: folds
40714a30: folds
eae712e: folds
d3f1fc0c: calls $0.2
*** FLOP *** [Qc 6c 3h]
d3f1fc0c: checks
518c0b1f: checks
*** TURN *** [Qc 6c 3h] [Td]
d3f1fc0c: checks
518c0b1f: bets $0.33
d3f1fc0c: folds
Uncalled bet ($0.33) returned to 518c0b1f
*** SHOWDOWN ***
518c0b1f collected $0.62 from pot
*** SUMMARY ***
Total pot $0.65 | Rake $0.03 | Jackpot $0 | Bingo $0 | Fortune $0 | Tax $0
Board [Qc 6c 3h Td]
Seat 1: d3f1fc0c (big blind) folded on the Turn
Seat 2: 518c0b1f won ($0.62)
Seat 3: cad22116 folded before Flop (didn't bet)
Seat 4: Hero folded before Flop (didn't bet)
Seat 5: 40714a30 (button) folded before Flop (didn't bet)
Seat 6: eae712e (small blind) folded before Flop


Poker Hand #HD1811422135: Hold'em No Limit ($0.05/$0.1) - 2024/06/11 22:17:51
Table 'NLHRed25' 6-max Seat #4 is the button
Seat 1: d3f1fc0c ($13.68 in chips)
Seat 2: 518c0b1f ($10 in chips)
Seat 3: cad22116 ($53.09 in chips)
Seat 4: Hero ($13.56 in chips)
Seat 5: 40714a30 ($10 in chips)
Seat 6: eae712e ($10 in chips)
40714a30: posts small blind $0.05
eae712e: posts big blind $0.1
*** HOLE CARDS ***
Dealt to d3f1fc0c 
Dealt to 518c0b1f 
Dealt to cad22116 
Dealt to Hero [5s 8d]
Dealt to 40714a30 
Dealt to eae712e 
d3f1fc0c: raises $0.12 to $0.22
518c0b1f: folds
cad22116: folds
Hero: folds
40714a30: folds
eae712e: calls $0.12
*** FLOP *** [6s 4c 9h]
eae712e: checks
d3f1fc0c: checks
*** TURN *** [6s 4c 9h] [Th]
eae712e: checks
d3f1fc0c: bets $0.37
eae712e: folds
Uncalled bet ($0.37) returned to d3f1fc0c
*** SHOWDOWN ***
d3f1fc0c collected $0.47 from pot
*** SUMMARY ***
Total pot $0.49 | Rake $0.02 | Jackpot $0 | Bingo $0 | Fortune $0 | Tax $0
Board [6s 4c 9h Th]
Seat 1: d3f1fc0c won ($0.47)
Seat 2: 518c0b1f folded before Flop (didn't bet)
Seat 3: cad22116 folded before Flop (didn't bet)
Seat 4: Hero (button) folded before Flop (didn't bet)
Seat 5: 40714a30 (small blind) folded before Flop
Seat 6: eae712e (big blind) folded on the Turn


Poker Hand #HD1811422108: Hold'em No Limit ($0.05/$0.1) - 2024/06/11 22:17:40
Table 'NLHRed25' 6-max Seat #3 is the button
Seat 1: d3f1fc0c ($13.68 in chips)
Seat 2: 518c0b1f ($10 in chips)
Seat 3: cad22116 ($52.94 in chips)
Seat 4: Hero ($13.61 in chips)
Seat 5: 40714a30 ($10 in chips)
Hero: posts small blind $0.05
40714a30: posts big blind $0.1
*** HOLE CARDS ***
Dealt to d3f1fc0c 
Dealt to 518c0b1f 
Dealt to cad22116 
Dealt to Hero [4c Jd]
Dealt to 40714a30 
d3f1fc0c: folds
518c0b1f: folds
cad22116: raises $0.2 to $0.3
Hero: folds
40714a30: folds
Uncalled bet ($0.2) returned to cad22116
*** SHOWDOWN ***
cad22116 collected $0.25 from pot
*** SUMMARY ***
Total pot $0.25 | Rake $0 | Jackpot $0 | Bingo $0 | Fortune $0 | Tax $0
Seat 1: d3f1fc0c folded before Flop (didn't bet)
Seat 2: 518c0b1f folded before Flop (didn't bet)
Seat 3: cad22116 (button) collected ($0.25)
Seat 4: Hero (small blind) folded before Flop
Seat 5: 40714a30 (big blind) folded before Flop


Poker Hand #HD1811422049: Hold'em No Limit ($0.05/$0.1) - 2024/06/11 22:17:16
Table 'NLHRed25' 6-max Seat #2 is the button
Seat 1: d3f1fc0c ($13.68 in chips)
Seat 2: 518c0b1f ($10 in chips)
Seat 3: cad22116 ($52.84 in chips)
Seat 4: Hero ($13.71 in chips)
cad22116: posts small blind $0.05
Hero: posts big blind $0.1
*** HOLE CARDS ***
Dealt to d3f1fc0c 
Dealt to 518c0b1f 
Dealt to cad22116 
Dealt to Hero [7h 2s]
d3f1fc0c: folds
518c0b1f: folds
cad22116: raises $0.3 to $0.4
Hero: folds
Uncalled bet ($0.3) returned to cad22116
*** SHOWDOWN ***
cad22116 collected $0.2 from pot
*** SUMMARY ***
Total pot $0.2 | Rake $0 | Jackpot $0 | Bingo $0 | Fortune $0 | Tax $0
Seat 1: d3f1fc0c folded before Flop (didn't bet)
Seat 2: 518c0b1f (button) folded before Flop (didn't bet)
Seat 3: cad22116 (small blind) collected ($0.2)
Seat 4: Hero (big blind) folded before Flop


Poker Hand #HD1811421971: Hold'em No Limit ($0.05/$0.1) - 2024/06/11 22:16:41
Table 'NLHRed25' 6-max Seat #1 is the button
Seat 1: d3f1fc0c ($13.18 in chips)
Seat 2: 518c0b1f ($10.09 in chips)
Seat 3: cad22116 ($52.94 in chips)
Seat 4: Hero ($13.71 in chips)
518c0b1f: posts small blind $0.05
cad22116: posts big blind $0.1
*** HOLE CARDS ***
Dealt to d3f1fc0c 
Dealt to 518c0b1f 
Dealt to cad22116 
Dealt to Hero [7h 9c]
Hero: folds
d3f1fc0c: raises $0.15 to $0.25
518c0b1f: calls $0.2
cad22116: folds
*** FLOP *** [2h 5c 9h]
518c0b1f: checks
d3f1fc0c: bets $0.2
518c0b1f: calls $0.2
*** TURN *** [2h 5c 9h] [8c]
518c0b1f: checks
d3f1fc0c: bets $0.75
518c0b1f: folds
Uncalled bet ($0.75) returned to d3f1fc0c
*** SHOWDOWN ***
d3f1fc0c collected $0.95 from pot
*** SUMMARY ***
Total pot $1 | Rake $0.05 | Jackpot $0 | Bingo $0 | Fortune $0 | Tax $0
Board [2h 5c 9h 8c]
Seat 1: d3f1fc0c (button) won ($0.95)
Seat 2: 518c0b1f (small blind) folded on the Turn
Seat 3: cad22116 (big blind) folded before Flop
Seat 4: Hero folded before Flop (didn't bet)


Poker Hand #HD1811421795: Hold'em No Limit ($0.05/$0.1) - 2024/06/11 22:15:29
Table 'NLHRed25' 6-max Seat #4 is the button
Seat 1: d3f1fc0c ($11.33 in chips)
Seat 2: 518c0b1f ($10.09 in chips)
Seat 3: cad22116 ($53.24 in chips)
Seat 4: Hero ($13.71 in chips)
Seat 5: 12029d98 ($1.84 in chips)
12029d98: posts small blind $0.05
d3f1fc0c: posts big blind $0.1
*** HOLE CARDS ***
Dealt to d3f1fc0c 
Dealt to 518c0b1f 
Dealt to cad22116 
Dealt to Hero [2d 8h]
Dealt to 12029d98 
518c0b1f: folds
cad22116: raises $0.2 to $0.3
Hero: folds
12029d98: calls $0.25
d3f1fc0c: calls $0.2
*** FLOP *** [6h Th 8c]
12029d98: checks
d3f1fc0c: checks
cad22116: checks
*** TURN *** [6h Th 8c] [Jh]
12029d98: checks
d3f1fc0c: checks
cad22116: checks
*** RIVER *** [6h Th 8c Jh] [Tc]
12029d98: bets $0.3
d3f1fc0c: raises $1.5 to $1.8
cad22116: folds
12029d98: calls $1.24 and is all-in
Uncalled bet ($0.26) returned to d3f1fc0c
d3f1fc0c: shows [Qd Ts] (Three Tens)
12029d98: shows [Ks 6d] (Pair of Tens and Pair of Sixes)
*** SHOWDOWN ***
d3f1fc0c collected $3.69 from pot
*** SUMMARY ***
Total pot $3.98 | Rake $0.19 | Jackpot $0.1 | Bingo $0 | Fortune $0 | Tax $0
Board [6h Th 8c Jh Tc]
Seat 1: d3f1fc0c (big blind) showed [Qd Ts] and won ($3.69) with Three Tens
Seat 2: 518c0b1f folded before Flop (didn't bet)
Seat 3: cad22116 folded on the River
Seat 4: Hero (button) folded before Flop (didn't bet)
Seat 5: 12029d98 (small blind) showed [Ks 6d] and lost with Pair of Tens and Pair of Sixes


Poker Hand #HD1811421711: Hold'em No Limit ($0.05/$0.1) - 2024/06/11 22:14:55
Table 'NLHRed25' 6-max Seat #3 is the button
Seat 1: d3f1fc0c ($11.33 in chips)
Seat 2: 518c0b1f ($10.09 in chips)
Seat 3: cad22116 ($53.54 in chips)
Seat 4: Hero ($13.76 in chips)
Seat 5: 12029d98 ($1.52 in chips)
Hero: posts small blind $0.05
12029d98: posts big blind $0.1
*** HOLE CARDS ***
Dealt to d3f1fc0c 
Dealt to 518c0b1f 
Dealt to cad22116 
Dealt to Hero [3h Qs]
Dealt to 12029d98 
d3f1fc0c: folds
518c0b1f: folds
cad22116: raises $0.2 to $0.3
Hero: folds
12029d98: calls $0.2
*** FLOP *** [Tc Td Ah]
12029d98: checks
cad22116: checks
*** TURN *** [Tc Td Ah] [3c]
12029d98: bets $0.22
cad22116: folds
Uncalled bet ($0.22) returned to 12029d98
*** SHOWDOWN ***
12029d98 collected $0.62 from pot
*** SUMMARY ***
Total pot $0.65 | Rake $0.03 | Jackpot $0 | Bingo $0 | Fortune $0 | Tax $0
Board [Tc Td Ah 3c]
Seat 1: d3f1fc0c folded before Flop (didn't bet)
Seat 2: 518c0b1f folded before Flop (didn't bet)
Seat 3: cad22116 (button) folded on the Turn
Seat 4: Hero (small blind) folded before Flop
Seat 5: 12029d98 (big blind) won ($0.62)


Poker Hand #HD1811421536: Hold'em No Limit ($0.05/$0.1) - 2024/06/11 22:13:46
Table 'NLHRed25' 6-max Seat #2 is the button
Seat 1: d3f1fc0c ($11.33 in chips)
Seat 2: 518c0b1f ($10.09 in chips)
Seat 3: cad22116 ($53.59 in chips)
Seat 4: Hero ($13.08 in chips)
Seat 5: 12029d98 ($2.22 in chips)
Seat 6: eae712e ($10 in chips)
cad22116: posts small blind $0.05
Hero: posts big blind $0.1
*** HOLE CARDS ***
Dealt to d3f1fc0c 
Dealt to 518c0b1f 
Dealt to cad22116 
Dealt to Hero [Qd Kd]
Dealt to 12029d98 
Dealt to eae712e 
12029d98: calls $0.1
eae712e: folds
d3f1fc0c: folds
518c0b1f: folds
cad22116: folds
Hero: raises $0.3 to $0.4
12029d98: calls $0.3
*** FLOP *** [5d Ah Ad]
Hero: bets $0.3
12029d98: calls $0.3
*** TURN *** [5d Ah Ad] [3s]
Hero: checks
12029d98: checks
*** RIVER *** [5d Ah Ad 3s] [2s]
Hero: bets $1.6
12029d98: folds
Uncalled bet ($1.6) returned to Hero
*** SHOWDOWN ***
Hero collected $1.38 from pot
*** SUMMARY ***
Total pot $1.45 | Rake $0.07 | Jackpot $0 | Bingo $0 | Fortune $0 | Tax $0
Board [5d Ah Ad 3s 2s]
Seat 1: d3f1fc0c folded before Flop (didn't bet)
Seat 2: 518c0b1f (button) folded before Flop (didn't bet)
Seat 3: cad22116 (small blind) folded before Flop
Seat 4: Hero (big blind) won ($1.38)
Seat 5: 12029d98 folded on the River
Seat 6: eae712e folded before Flop (didn't bet)


Poker Hand #HD1811421432: Hold'em No Limit ($0.05/$0.1) - 2024/06/11 22:13:04
Table 'NLHRed25' 6-max Seat #1 is the button
Seat 1: d3f1fc0c ($11.33 in chips)
Seat 2: 518c0b1f ($10.14 in chips)
Seat 3: cad22116 ($53.69 in chips)
Seat 4: Hero ($13.08 in chips)
Seat 5: 12029d98 ($2.08 in chips)
Seat 6: eae712e ($10 in chips)
518c0b1f: posts small blind $0.05
cad22116: posts big blind $0.1
*** HOLE CARDS ***
Dealt to d3f1fc0c 
Dealt to 518c0b1f 
Dealt to cad22116 
Dealt to Hero [Qc 6h]
Dealt to 12029d98 
Dealt to eae712e 
Hero: folds
12029d98: calls $0.1
eae712e: folds
d3f1fc0c: folds
518c0b1f: folds
cad22116: checks
*** FLOP *** [Ah 8d Kh]
cad22116: checks
12029d98: checks
*** TURN *** [Ah 8d Kh] [2s]
cad22116: checks
12029d98: checks
*** RIVER *** [Ah 8d Kh 2s] [3s]
cad22116: checks
12029d98: checks
cad22116: shows [5d 7s] (Ace-High)
12029d98: shows [Qh Th] (Ace-High)
*** SHOWDOWN ***
12029d98 collected $0.24 from pot
*** SUMMARY ***
Total pot $0.25 | Rake $0.01 | Jackpot $0 | Bingo $0 | Fortune $0 | Tax $0
Board [Ah 8d Kh 2s 3s]
Seat 1: d3f1fc0c (button) folded before Flop (didn't bet)
Seat 2: 518c0b1f (small blind) folded before Flop
Seat 3: cad22116 (big blind) showed [5d 7s] and lost with Ace-High
Seat 4: Hero folded before Flop (didn't bet)
Seat 5: 12029d98 showed [Qh Th] and won ($0.24) with Ace-High
Seat 6: eae712e folded before Flop (didn't bet)


Poker Hand #HD1811421354: Hold'em No Limit ($0.05/$0.1) - 2024/06/11 22:12:30
Table 'NLHRed25' 6-max Seat #6 is the button
Seat 1: d3f1fc0c ($11.38 in chips)
Seat 2: 518c0b1f ($10 in chips)
Seat 3: cad22116 ($53.69 in chips)
Seat 4: Hero ($13.08 in chips)
Seat 5: 12029d98 ($2.18 in chips)
Seat 6: eae712e ($10 in chips)
d3f1fc0c: posts small blind $0.05
518c0b1f: posts big blind $0.1
*** HOLE CARDS ***
Dealt to d3f1fc0c 
Dealt to 518c0b1f 
Dealt to cad22116 
Dealt to Hero [2s Qc]
Dealt to 12029d98 
Dealt to eae712e 
cad22116: folds
Hero: folds
12029d98: calls $0.1
eae712e: folds
d3f1fc0c: folds
518c0b1f: checks
*** FLOP *** [5s 8c Kh]
518c0b1f: checks
12029d98: checks
*** TURN *** [5s 8c Kh] [3d]
518c0b1f: bets $0.25
12029d98: folds
Uncalled bet ($0.25) returned to 518c0b1f
*** SHOWDOWN ***
518c0b1f collected $0.24 from pot
*** SUMMARY ***
Total pot $0.25 | Rake $0.01 | Jackpot $0 | Bingo $0 | Fortune $0 | Tax $0
Board [5s 8c Kh 3d]
Seat 1: d3f1fc0c (small blind) folded before Flop
Seat 2: 518c0b1f (big blind) won ($0.24)
Seat 3: cad22116 folded before Flop (didn't bet)
Seat 4: Hero folded before Flop (didn't bet)
Seat 5: 12029d98 folded on the Turn
Seat 6: eae712e (button) folded before Flop (didn't bet)


Poker Hand #HD1811421297: Hold'em No Limit ($0.05/$0.1) - 2024/06/11 22:12:05
Table 'NLHRed25' 6-max Seat #5 is the button
Seat 1: d3f1fc0c ($11.48 in chips)
Seat 2: 518c0b1f ($10 in chips)
Seat 3: cad22116 ($53.54 in chips)
Seat 4: Hero ($13.08 in chips)
Seat 5: 12029d98 ($2.18 in chips)
Seat 6: eae712e ($10 in chips)
eae712e: posts small blind $0.05
d3f1fc0c: posts big blind $0.1
*** HOLE CARDS ***
Dealt to d3f1fc0c 
Dealt to 518c0b1f 
Dealt to cad22116 
Dealt to Hero [Qh 2c]
Dealt to 12029d98 
Dealt to eae712e 
518c0b1f: folds
cad22116: raises $0.3 to $0.4
Hero: folds
12029d98: folds
eae712e: folds
d3f1fc0c: folds
Uncalled bet ($0.3) returned to cad22116
*** SHOWDOWN ***
cad22116 collected $0.25 from pot
*** SUMMARY ***
Total pot $0.25 | Rake $0 | Jackpot $0 | Bingo $0 | Fortune $0 | Tax $0
Seat 1: d3f1fc0c (big blind) folded before Flop
Seat 2: 518c0b1f folded before Flop (didn't bet)
Seat 3: cad22116 collected ($0.25)
Seat 4: Hero folded before Flop (didn't bet)
Seat 5: 12029d98 (button) folded before Flop (didn't bet)
Seat 6: eae712e (small blind) folded before Flop


Poker Hand #HD1811421123: Hold'em No Limit ($0.05/$0.1) - 2024/06/11 22:10:52
Table 'NLHRed25' 6-max Seat #4 is the button
Seat 1: d3f1fc0c ($11.7 in chips)
Seat 2: 518c0b1f ($10.31 in chips)
Seat 3: cad22116 ($43.96 in chips)
Seat 4: Hero ($13.08 in chips)
Seat 5: 12029d98 ($2.23 in chips)
Seat 6: eae712e ($10 in chips)
12029d98: posts small blind $0.05
eae712e: posts big blind $0.1
*** HOLE CARDS ***
Dealt to d3f1fc0c 
Dealt to 518c0b1f 
Dealt to cad22116 
Dealt to Hero [Qd 2h]
Dealt to 12029d98 
Dealt to eae712e 
d3f1fc0c: raises $0.12 to $0.22
518c0b1f: calls $0.22
cad22116: calls $0.22
Hero: folds
12029d98: folds
eae712e: folds
*** FLOP *** [Kd Jd Qc]
d3f1fc0c: checks
518c0b1f: bets $0.27
cad22116: calls $0.27
d3f1fc0c: folds
*** TURN *** [Kd Jd Qc] [4h]
518c0b1f: bets $3
cad22116: calls $3
*** RIVER *** [Kd Jd Qc 4h] [2c]
518c0b1f: bets $6.82 and is all-in
cad22116: calls $6.82
518c0b1f: shows [Js Qs] (Pair of Queens and Pair of Jacks)
cad22116: shows [4c Kc] (Pair of Kings and Pair of Fours)
*** SHOWDOWN ***
cad22116 collected $19.89 from pot
*** SUMMARY ***
Total pot $20.99 | Rake $1 | Jackpot $0.1 | Bingo $0 | Fortune $0 | Tax $0
Board [Kd Jd Qc 4h 2c]
Seat 1: d3f1fc0c folded on the Flop
Seat 2: 518c0b1f showed [Js Qs] and lost with Pair of Queens and Pair of Jacks
Seat 3: cad22116 showed [4c Kc] and won ($19.89) with Pair of Kings and Pair of Fours
Seat 4: Hero (button) folded before Flop (didn't bet)
Seat 5: 12029d98 (small blind) folded before Flop
Seat 6: eae712e (big blind) folded before Flop


Poker Hand #HD1811421088: Hold'em No Limit ($0.05/$0.1) - 2024/06/11 22:10:37
Table 'NLHRed25' 6-max Seat #3 is the button
Seat 1: d3f1fc0c ($11.7 in chips)
Seat 2: 518c0b1f ($10.31 in chips)
Seat 3: cad22116 ($43.96 in chips)
Seat 4: Hero ($13.13 in chips)
Seat 5: 12029d98 ($2.18 in chips)
Hero: posts small blind $0.05
12029d98: posts big blind $0.1
*** HOLE CARDS ***
Dealt to d3f1fc0c 
Dealt to 518c0b1f 
Dealt to cad22116 
Dealt to Hero [3h 4c]
Dealt to 12029d98 
d3f1fc0c: folds
518c0b1f: folds
cad22116: folds
Hero: folds
Uncalled bet ($0.05) returned to 12029d98
*** SHOWDOWN ***
12029d98 collected $0.1 from pot
*** SUMMARY ***
Total pot $0.1 | Rake $0 | Jackpot $0 | Bingo $0 | Fortune $0 | Tax $0
Seat 1: d3f1fc0c folded before Flop (didn't bet)
Seat 2: 518c0b1f folded before Flop (didn't bet)
Seat 3: cad22116 (button) folded before Flop (didn't bet)
Seat 4: Hero (small blind) folded before Flop
Seat 5: 12029d98 (big blind) collected ($0.1)


Poker Hand #HD1811421048: Hold'em No Limit ($0.05/$0.1) - 2024/06/11 22:10:20
Table 'NLHRed25' 6-max Seat #2 is the button
Seat 1: d3f1fc0c ($11.55 in chips)
Seat 2: 518c0b1f ($10.31 in chips)
Seat 3: cad22116 ($44.01 in chips)
Seat 4: Hero ($13.23 in chips)
Seat 5: 12029d98 ($2.18 in chips)
cad22116: posts small blind $0.05
Hero: posts big blind $0.1
*** HOLE CARDS ***
Dealt to d3f1fc0c 
Dealt to 518c0b1f 
Dealt to cad22116 
Dealt to Hero [9d 7h]
Dealt to 12029d98 
12029d98: folds
d3f1fc0c: raises $0.12 to $0.22
518c0b1f: folds
cad22116: folds
Hero: folds
Uncalled bet ($0.12) returned to d3f1fc0c
*** SHOWDOWN ***
d3f1fc0c collected $0.25 from pot
*** SUMMARY ***
Total pot $0.25 | Rake $0 | Jackpot $0 | Bingo $0 | Fortune $0 | Tax $0
Seat 1: d3f1fc0c collected ($0.25)
Seat 2: 518c0b1f (button) folded before Flop (didn't bet)
Seat 3: cad22116 (small blind) folded before Flop
Seat 4: Hero (big blind) folded before Flop
Seat 5: 12029d98 folded before Flop (didn't bet)


Poker Hand #HD1811420925: Hold'em No Limit ($0.05/$0.1) - 2024/06/11 22:09:32
Table 'NLHRed25' 6-max Seat #1 is the button
Seat 1: d3f1fc0c ($11.55 in chips)
Seat 2: 518c0b1f ($10.36 in chips)
Seat 3: cad22116 ($44.43 in chips)
Seat 4: Hero ($13.43 in chips)
Seat 5: 12029d98 ($1.56 in chips)
518c0b1f: posts small blind $0.05
cad22116: posts big blind $0.1
*** HOLE CARDS ***
Dealt to d3f1fc0c 
Dealt to 518c0b1f 
Dealt to cad22116 
Dealt to Hero [2c Ac]
Dealt to 12029d98 
Hero: raises $0.1 to $0.2
12029d98: calls $0.2
d3f1fc0c: folds
518c0b1f: folds
cad22116: calls $0.1
*** FLOP *** [Ts 4d Qd]
cad22116: checks
Hero: checks
12029d98: bets $0.22
cad22116: calls $0.22
Hero: folds
*** TURN *** [Ts 4d Qd] [Jd]
cad22116: checks
12029d98: checks
*** RIVER *** [Ts 4d Qd Jd] [6c]
cad22116: checks
12029d98: checks
cad22116: shows [4c Ad] (Pair of Fours)
12029d98: shows [8d Qs] (Pair of Queens)
*** SHOWDOWN ***
12029d98 collected $1.04 from pot
*** SUMMARY ***
Total pot $1.09 | Rake $0.05 | Jackpot $0 | Bingo $0 | Fortune $0 | Tax $0
Board [Ts 4d Qd Jd 6c]
Seat 1: d3f1fc0c (button) folded before Flop (didn't bet)
Seat 2: 518c0b1f (small blind) folded before Flop
Seat 3: cad22116 (big blind) showed [4c Ad] and lost with Pair of Fours
Seat 4: Hero folded on the Flop
Seat 5: 12029d98 showed [8d Qs] and won ($1.04) with Pair of Queens


Poker Hand #HD1811420871: Hold'em No Limit ($0.05/$0.1) - 2024/06/11 22:09:06
Table 'NLHRed25' 6-max Seat #5 is the button
Seat 1: d3f1fc0c ($11.6 in chips)
Seat 2: 518c0b1f ($10.56 in chips)
Seat 3: cad22116 ($44.43 in chips)
Seat 4: Hero ($13.2 in chips)
Seat 5: 12029d98 ($1.56 in chips)
d3f1fc0c: posts small blind $0.05
518c0b1f: posts big blind $0.1
*** HOLE CARDS ***
Dealt to d3f1fc0c 
Dealt to 518c0b1f 
Dealt to cad22116 
Dealt to Hero [Kd Td]
Dealt to 12029d98 
cad22116: folds
Hero: raises $0.1 to $0.2
12029d98: folds
d3f1fc0c: folds
518c0b1f: calls $0.1
*** FLOP *** [As 6s Jh]
518c0b1f: checks
Hero: bets $0.2
518c0b1f: folds
Uncalled bet ($0.2) returned to Hero
*** SHOWDOWN ***
Hero collected $0.43 from pot
*** SUMMARY ***
Total pot $0.45 | Rake $0.02 | Jackpot $0 | Bingo $0 | Fortune $0 | Tax $0
Board [As 6s Jh]
Seat 1: d3f1fc0c (small blind) folded before Flop
Seat 2: 518c0b1f (big blind) folded on the Flop
Seat 3: cad22116 folded before Flop (didn't bet)
Seat 4: Hero won ($0.43)
Seat 5: 12029d98 (button) folded before Flop (didn't bet)


Poker Hand #HD1811420822: Hold'em No Limit ($0.05/$0.1) - 2024/06/11 22:08:50
Table 'NLHRed25' 6-max Seat #4 is the button
Seat 1: d3f1fc0c ($11.7 in chips)
Seat 2: 518c0b1f ($10.41 in chips)
Seat 3: cad22116 ($44.43 in chips)
Seat 4: Hero ($13.2 in chips)
Seat 5: 12029d98 ($1.61 in chips)
12029d98: posts small blind $0.05
d3f1fc0c: posts big blind $0.1
*** HOLE CARDS ***
Dealt to d3f1fc0c 
Dealt to 518c0b1f 
Dealt to cad22116 
Dealt to Hero [2s Kc]
Dealt to 12029d98 
518c0b1f: raises $0.2 to $0.3
cad22116: folds
Hero: folds
12029d98: folds
d3f1fc0c: folds
Uncalled bet ($0.2) returned to 518c0b1f
*** SHOWDOWN ***
518c0b1f collected $0.25 from pot
*** SUMMARY ***
Total pot $0.25 | Rake $0 | Jackpot $0 | Bingo $0 | Fortune $0 | Tax $0
Seat 1: d3f1fc0c (big blind) folded before Flop
Seat 2: 518c0b1f collected ($0.25)
Seat 3: cad22116 folded before Flop (didn't bet)
Seat 4: Hero (button) folded before Flop (didn't bet)
Seat 5: 12029d98 (small blind) folded before Flop


Poker Hand #HD1811420761: Hold'em No Limit ($0.05/$0.1) - 2024/06/11 22:08:27
Table 'NLHRed25' 6-max Seat #3 is the button
Seat 1: d3f1fc0c ($11.01 in chips)
Seat 2: 518c0b1f ($10.51 in chips)
Seat 3: cad22116 ($44.43 in chips)
Seat 4: Hero ($13.25 in chips)
Seat 5: 12029d98 ($1.71 in chips)
Seat 6: eae712e ($10.05 in chips)
Hero: posts small blind $0.05
12029d98: posts big blind $0.1
518c0b1f: posts big blind $0.1
*** HOLE CARDS ***
Dealt to d3f1fc0c 
Dealt to 518c0b1f 
Dealt to cad22116 
Dealt to Hero [8h Tc]
Dealt to 12029d98 
Dealt to eae712e 
eae712e: raises $0.4 to $0.5
d3f1fc0c: raises $1 to $1.5
518c0b1f: folds
cad22116: folds
Hero: folds
12029d98: folds
eae712e: folds
Uncalled bet ($1) returned to d3f1fc0c
*** SHOWDOWN ***
d3f1fc0c collected $1.19 from pot
*** SUMMARY ***
Total pot $1.25 | Rake $0.06 | Jackpot $0 | Bingo $0 | Fortune $0 | Tax $0
Seat 1: d3f1fc0c collected ($1.19)
Seat 2: 518c0b1f folded before Flop
Seat 3: cad22116 (button) folded before Flop (didn't bet)
Seat 4: Hero (small blind) folded before Flop
Seat 5: 12029d98 (big blind) folded before Flop
Seat 6: eae712e folded before Flop


Poker Hand #HD1811420614: Hold'em No Limit ($0.05/$0.1) - 2024/06/11 22:07:31
Table 'NLHRed25' 6-max Seat #1 is the button
Seat 1: d3f1fc0c ($11.31 in chips)
Seat 3: cad22116 ($45.13 in chips)
Seat 4: Hero ($13.35 in chips)
Seat 5: 12029d98 ($0.7 in chips)
Seat 6: eae712e ($10.05 in chips)
cad22116: posts small blind $0.05
Hero: posts big blind $0.1
*** HOLE CARDS ***
Dealt to d3f1fc0c 
Dealt to cad22116 
Dealt to Hero [Ad 8s]
Dealt to 12029d98 
Dealt to eae712e 
12029d98: calls $0.1
eae712e: folds
d3f1fc0c: raises $0.2 to $0.3
cad22116: calls $0.25
Hero: folds
12029d98: calls $0.2
*** FLOP *** [Js 4h Qd]
cad22116: bets $0.33
12029d98: raises $0.07 to $0.4 and is all-in
d3f1fc0c: folds
cad22116: calls $0.07
12029d98: shows [Kd 9h] (King-High)
cad22116: shows [Ts Qh] (Pair of Queens)
*** TURN *** [Js 4h Qd] [Td]
*** RIVER *** [Js 4h Qd Td] [9s]
*** SHOWDOWN ***
12029d98 collected $1.71 from pot
*** SUMMARY ***
Total pot $1.8 | Rake $0.09 | Jackpot $0 | Bingo $0 | Fortune $0 | Tax $0
Board [Js 4h Qd Td 9s]
Seat 1: d3f1fc0c (button) folded on the Flop
Seat 3: cad22116 (small blind) showed [Ts Qh] and lost with Pair of Queens and Pair of Tens
Seat 4: Hero (big blind) folded before Flop
Seat 5: 12029d98 showed [Kd 9h] and won ($1.71) with Kings-High Straight
Seat 6: eae712e folded before Flop (didn't bet)


Poker Hand #HD1811420545: Hold'em No Limit ($0.05/$0.1) - 2024/06/11 22:07:04
Table 'NLHRed25' 6-max Seat #6 is the button
Seat 1: d3f1fc0c ($11.41 in chips)
Seat 3: cad22116 ($44.94 in chips)
Seat 4: Hero ($13.35 in chips)
Seat 5: 12029d98 ($0.8 in chips)
Seat 6: eae712e ($10.05 in chips)
d3f1fc0c: posts small blind $0.05
cad22116: posts big blind $0.1
*** HOLE CARDS ***
Dealt to d3f1fc0c 
Dealt to cad22116 
Dealt to Hero [9h 2c]
Dealt to 12029d98 
Dealt to eae712e 
Hero: folds
12029d98: calls $0.1
eae712e: folds
d3f1fc0c: calls $0.05
cad22116: raises $0.3 to $0.4
12029d98: folds
d3f1fc0c: folds
Uncalled bet ($0.3) returned to cad22116
*** SHOWDOWN ***
cad22116 collected $0.29 from pot
*** SUMMARY ***
Total pot $0.3 | Rake $0.01 | Jackpot $0 | Bingo $0 | Fortune $0 | Tax $0
Seat 1: d3f1fc0c (small blind) folded before Flop
Seat 3: cad22116 (big blind) collected ($0.29)
Seat 4: Hero folded before Flop (didn't bet)
Seat 5: 12029d98 folded before Flop
Seat 6: eae712e (button) folded before Flop (didn't bet)


Poker Hand #HD1811420452: Hold'em No Limit ($0.05/$0.1) - 2024/06/11 22:06:29
Table 'NLHRed25' 6-max Seat #5 is the button
Seat 1: d3f1fc0c ($11.27 in chips)
Seat 2: 4601f718 ($10.43 in chips)
Seat 3: cad22116 ($44.94 in chips)
Seat 4: Hero ($13.35 in chips)
Seat 5: 12029d98 ($0.9 in chips)
Seat 6: eae712e ($10.1 in chips)
eae712e: posts small blind $0.05
d3f1fc0c: posts big blind $0.1
*** HOLE CARDS ***
Dealt to d3f1fc0c 
Dealt to 4601f718 
Dealt to cad22116 
Dealt to Hero [Qs 3h]
Dealt to 12029d98 
Dealt to eae712e 
4601f718: folds
cad22116: folds
Hero: folds
12029d98: calls $0.1
eae712e: folds
d3f1fc0c: checks
*** FLOP *** [3d 5h 2s]
d3f1fc0c: checks
12029d98: checks
*** TURN *** [3d 5h 2s] [Kd]
d3f1fc0c: checks
12029d98: checks
*** RIVER *** [3d 5h 2s Kd] [7h]
d3f1fc0c: bets $0.1
12029d98: folds
Uncalled bet ($0.1) returned to d3f1fc0c
*** SHOWDOWN ***
d3f1fc0c collected $0.24 from pot
*** SUMMARY ***
Total pot $0.25 | Rake $0.01 | Jackpot $0 | Bingo $0 | Fortune $0 | Tax $0
Board [3d 5h 2s Kd 7h]
Seat 1: d3f1fc0c (big blind) won ($0.24)
Seat 2: 4601f718 folded before Flop (didn't bet)
Seat 3: cad22116 folded before Flop (didn't bet)
Seat 4: Hero folded before Flop (didn't bet)
Seat 5: 12029d98 (button) folded on the River
Seat 6: eae712e (small blind) folded before Flop


Poker Hand #HD1811420388: Hold'em No Limit ($0.05/$0.1) - 2024/06/11 22:06:05
Table 'NLHRed25' 6-max Seat #4 is the button
Seat 1: d3f1fc0c ($11.27 in chips)
Seat 2: 4601f718 ($10.43 in chips)
Seat 3: cad22116 ($44.94 in chips)
Seat 4: Hero ($13.35 in chips)
Seat 5: 12029d98 ($1 in chips)
Seat 6: eae712e ($10 in chips)
12029d98: posts small blind $0.05
eae712e: posts big blind $0.1
*** HOLE CARDS ***
Dealt to d3f1fc0c 
Dealt to 4601f718 
Dealt to cad22116 
Dealt to Hero [Jc 8d]
Dealt to 12029d98 
Dealt to eae712e 
d3f1fc0c: folds
4601f718: folds
cad22116: folds
Hero: folds
12029d98: calls $0.05
eae712e: raises $9.9 to $10 and is all-in
12029d98: folds
Uncalled bet ($9.9) returned to eae712e
*** SHOWDOWN ***
eae712e collected $0.2 from pot
*** SUMMARY ***
Total pot $0.2 | Rake $0 | Jackpot $0 | Bingo $0 | Fortune $0 | Tax $0
Seat 1: d3f1fc0c folded before Flop (didn't bet)
Seat 2: 4601f718 folded before Flop (didn't bet)
Seat 3: cad22116 folded before Flop (didn't bet)
Seat 4: Hero (button) folded before Flop (didn't bet)
Seat 5: 12029d98 (small blind) folded before Flop
Seat 6: eae712e (big blind) collected ($0.2)


Poker Hand #HD1811420322: Hold'em No Limit ($0.05/$0.1) - 2024/06/11 22:05:39
Table 'NLHRed25' 6-max Seat #3 is the button
Seat 1: d3f1fc0c ($11.02 in chips)
Seat 2: 4601f718 ($10.43 in chips)
Seat 3: cad22116 ($44.94 in chips)
Seat 4: Hero ($13.4 in chips)
Seat 5: 12029d98 ($1.22 in chips)
Seat 6: eae712e ($10 in chips)
Hero: posts small blind $0.05
12029d98: posts big blind $0.1
*** HOLE CARDS ***
Dealt to d3f1fc0c 
Dealt to 4601f718 
Dealt to cad22116 
Dealt to Hero [Js 3s]
Dealt to 12029d98 
Dealt to eae712e 
eae712e: folds
d3f1fc0c: raises $0.12 to $0.22
4601f718: folds
cad22116: folds
Hero: folds
12029d98: calls $0.12
*** FLOP *** [8h 5h Ad]
12029d98: checks
d3f1fc0c: bets $0.17
12029d98: folds
Uncalled bet ($0.17) returned to d3f1fc0c
*** SHOWDOWN ***
d3f1fc0c collected $0.47 from pot
*** SUMMARY ***
Total pot $0.49 | Rake $0.02 | Jackpot $0 | Bingo $0 | Fortune $0 | Tax $0
Board [8h 5h Ad]
Seat 1: d3f1fc0c won ($0.47)
Seat 2: 4601f718 folded before Flop (didn't bet)
Seat 3: cad22116 (button) folded before Flop (didn't bet)
Seat 4: Hero (small blind) folded before Flop
Seat 5: 12029d98 (big blind) folded on the Flop
Seat 6: eae712e folded before Flop (didn't bet)


Poker Hand #HD1811420114: Hold'em No Limit ($0.05/$0.1) - 2024/06/11 22:04:14
Table 'NLHRed25' 6-max Seat #2 is the button
Seat 1: d3f1fc0c ($10 in chips)
Seat 2: 4601f718 ($10.43 in chips)
Seat 3: cad22116 ($45.49 in chips)
Seat 4: Hero ($13.95 in chips)
Seat 5: 12029d98 ($1.22 in chips)
Seat 6: eae712e ($10 in chips)
cad22116: posts small blind $0.05
Hero: posts big blind $0.1
*** HOLE CARDS ***
Dealt to d3f1fc0c 
Dealt to 4601f718 
Dealt to cad22116 
Dealt to Hero [9s Ac]
Dealt to 12029d98 
Dealt to eae712e 
12029d98: folds
eae712e: folds
d3f1fc0c: raises $0.12 to $0.22
4601f718: folds
cad22116: calls $0.17
Hero: calls $0.12
*** FLOP *** [Qs 9c 8s]
cad22116: bets $0.33
Hero: calls $0.33
d3f1fc0c: calls $0.33
*** TURN *** [Qs 9c 8s] [2c]
cad22116: checks
Hero: checks
d3f1fc0c: checks
*** RIVER *** [Qs 9c 8s 2c] [8h]
cad22116: checks
Hero: checks
d3f1fc0c: checks
cad22116: shows [Ad 3d] (Pair of Eights)
Hero: shows [9s Ac] (Pair of Nines and Pair of Eights)
d3f1fc0c: shows [Qh Jd] (Pair of Queens and Pair of Eights)
*** SHOWDOWN ***
d3f1fc0c collected $1.57 from pot
*** SUMMARY ***
Total pot $1.65 | Rake $0.08 | Jackpot $0 | Bingo $0 | Fortune $0 | Tax $0
Board [Qs 9c 8s 2c 8h]
Seat 1: d3f1fc0c showed [Qh Jd] and won ($1.57) with Pair of Queens and Pair of Eights
Seat 2: 4601f718 (button) folded before Flop (didn't bet)
Seat 3: cad22116 (small blind) showed [Ad 3d] and lost with Pair of Eights
Seat 4: Hero (big blind) showed [9s Ac] and lost with Pair of Nines and Pair of Eights
Seat 5: 12029d98 folded before Flop (didn't bet)
Seat 6: eae712e folded before Flop (didn't bet)


Poker Hand #HD1811420032: Hold'em No Limit ($0.05/$0.1) - 2024/06/11 22:03:36
Table 'NLHRed25' 6-max Seat #1 is the button
Seat 1: d3f1fc0c ($10 in chips)
Seat 2: 4601f718 ($10.48 in chips)
Seat 3: cad22116 ($45.35 in chips)
Seat 4: Hero ($13.95 in chips)
Seat 5: 12029d98 ($1.32 in chips)
Seat 6: eae712e ($10 in chips)
4601f718: posts small blind $0.05
cad22116: posts big blind $0.1
*** HOLE CARDS ***
Dealt to d3f1fc0c 
Dealt to 4601f718 
Dealt to cad22116 
Dealt to Hero [Jd 2d]
Dealt to 12029d98 
Dealt to eae712e 
Hero: folds
12029d98: calls $0.1
eae712e: folds
d3f1fc0c: folds
4601f718: folds
cad22116: checks
*** FLOP *** [6c 4d Qh]
cad22116: bets $0.13
12029d98: folds
Uncalled bet ($0.13) returned to cad22116
*** SHOWDOWN ***
cad22116 collected $0.24 from pot
*** SUMMARY ***
Total pot $0.25 | Rake $0.01 | Jackpot $0 | Bingo $0 | Fortune $0 | Tax $0
Board [6c 4d Qh]
Seat 1: d3f1fc0c (button) folded before Flop (didn't bet)
Seat 2: 4601f718 (small blind) folded before Flop
Seat 3: cad22116 (big blind) won ($0.24)
Seat 4: Hero folded before Flop (didn't bet)
Seat 5: 12029d98 folded on the Flop
Seat 6: eae712e folded before Flop (didn't bet)


Poker Hand #HD1811419909: Hold'em No Limit ($0.05/$0.1) - 2024/06/11 22:02:48
Table 'NLHRed25' 6-max Seat #6 is the button
Seat 1: d3f1fc0c ($10 in chips)
Seat 2: 4601f718 ($10.45 in chips)
Seat 3: cad22116 ($45.35 in chips)
Seat 4: Hero ($13.95 in chips)
Seat 5: 12029d98 ($1.3 in chips)
Seat 6: eae712e ($10 in chips)
d3f1fc0c: posts small blind $0.05
4601f718: posts big blind $0.1
*** HOLE CARDS ***
Dealt to d3f1fc0c 
Dealt to 4601f718 
Dealt to cad22116 
Dealt to Hero [9s Tc]
Dealt to 12029d98 
Dealt to eae712e 
cad22116: folds
Hero: folds
12029d98: calls $0.1
eae712e: folds
d3f1fc0c: folds
4601f718: checks
*** FLOP *** [Qc 5h Kd]
4601f718: checks
12029d98: checks
*** TURN *** [Qc 5h Kd] [Ad]
4601f718: checks
12029d98: checks
*** RIVER *** [Qc 5h Kd Ad] [5d]
4601f718: checks
12029d98: checks
4601f718: shows [2h 3s] (Pair of Fives)
12029d98: shows [Jh 2s] (Pair of Fives)
*** SHOWDOWN ***
4601f718 collected $0.13 from pot
12029d98 collected $0.12 from pot
*** SUMMARY ***
Total pot $0.25 | Rake $0 | Jackpot $0 | Bingo $0 | Fortune $0 | Tax $0
Board [Qc 5h Kd Ad 5d]
Seat 1: d3f1fc0c (small blind) folded before Flop
Seat 2: 4601f718 (big blind) showed [2h 3s] and won ($0.13) with Pair of Fives
Seat 3: cad22116 folded before Flop (didn't bet)
Seat 4: Hero folded before Flop (didn't bet)
Seat 5: 12029d98 showed [Jh 2s] and won ($0.12) with Pair of Fives
Seat 6: eae712e (button) folded before Flop (didn't bet)


Poker Hand #HD1811419711: Hold'em No Limit ($0.05/$0.1) - 2024/06/11 22:01:25
Table 'NLHRed25' 6-max Seat #5 is the button
Seat 1: d3f1fc0c ($10 in chips)
Seat 2: 4601f718 ($10.45 in chips)
Seat 3: cad22116 ($43.33 in chips)
Seat 4: Hero ($13.95 in chips)
Seat 5: 12029d98 ($3.17 in chips)
Seat 6: eae712e ($10 in chips)
eae712e: posts small blind $0.05
d3f1fc0c: posts big blind $0.1
*** HOLE CARDS ***
Dealt to d3f1fc0c 
Dealt to 4601f718 
Dealt to cad22116 
Dealt to Hero [Ac 5d]
Dealt to 12029d98 
Dealt to eae712e 
4601f718: folds
cad22116: raises $0.3 to $0.4
Hero: folds
12029d98: calls $0.4
eae712e: folds
d3f1fc0c: calls $0.3
*** FLOP *** [2c Kd Qc]
d3f1fc0c: checks
cad22116: checks
12029d98: checks
*** TURN *** [2c Kd Qc] [Td]
d3f1fc0c: checks
cad22116: bets $0.42
12029d98: calls $0.42
d3f1fc0c: folds
*** RIVER *** [2c Kd Qc Td] [4s]
cad22116: bets $1.05
12029d98: calls $1.05
cad22116: shows [Ad Kh] (Pair of Kings)
12029d98: shows [5s Qs] (Pair of Queens)
*** SHOWDOWN ***
cad22116 collected $3.89 from pot
*** SUMMARY ***
Total pot $4.19 | Rake $0.2 | Jackpot $0.1 | Bingo $0 | Fortune $0 | Tax $0
Board [2c Kd Qc Td 4s]
Seat 1: d3f1fc0c (big blind) folded on the Turn
Seat 2: 4601f718 folded before Flop (didn't bet)
Seat 3: cad22116 showed [Ad Kh] and won ($3.89) with Pair of Kings
Seat 4: Hero folded before Flop (didn't bet)
Seat 5: 12029d98 (button) showed [5s Qs] and lost with Pair of Queens
Seat 6: eae712e (small blind) folded before Flop


Poker Hand #HD1811419620: Hold'em No Limit ($0.05/$0.1) - 2024/06/11 22:00:48
Table 'NLHRed25' 6-max Seat #4 is the button
Seat 1: d3f1fc0c ($10 in chips)
Seat 2: 4601f718 ($10.45 in chips)
Seat 3: cad22116 ($43.63 in chips)
Seat 4: Hero ($13.95 in chips)
Seat 5: 12029d98 ($2.61 in chips)
Seat 6: eae712e ($10 in chips)
12029d98: posts small blind $0.05
eae712e: posts big blind $0.1
*** HOLE CARDS ***
Dealt to d3f1fc0c 
Dealt to 4601f718 
Dealt to cad22116 
Dealt to Hero [7d 2d]
Dealt to 12029d98 
Dealt to eae712e 
d3f1fc0c: folds
4601f718: folds
cad22116: raises $0.2 to $0.3
Hero: folds
12029d98: calls $0.25
eae712e: calls $0.2
*** FLOP *** [Kh Ah 4h]
12029d98: bets $0.3
eae712e: folds
cad22116: folds
Uncalled bet ($0.3) returned to 12029d98
*** SHOWDOWN ***
12029d98 collected $0.86 from pot
*** SUMMARY ***
Total pot $0.9 | Rake $0.04 | Jackpot $0 | Bingo $0 | Fortune $0 | Tax $0
Board [Kh Ah 4h]
Seat 1: d3f1fc0c folded before Flop (didn't bet)
Seat 2: 4601f718 folded before Flop (didn't bet)
Seat 3: cad22116 folded on the Flop
Seat 4: Hero (button) folded before Flop (didn't bet)
Seat 5: 12029d98 (small blind) won ($0.86)
Seat 6: eae712e (big blind) folded on the Flop


Poker Hand #HD1811419402: Hold'em No Limit ($0.05/$0.1) - 2024/06/11 21:59:22
Table 'NLHRed25' 6-max Seat #3 is the button
Seat 1: d3f1fc0c ($10 in chips)
Seat 2: 4601f718 ($10.45 in chips)
Seat 3: cad22116 ($43.63 in chips)
Seat 4: Hero ($14 in chips)
Seat 5: 12029d98 ($2.36 in chips)
Seat 6: eae712e ($10 in chips)
Hero: posts small blind $0.05
12029d98: posts big blind $0.1
*** HOLE CARDS ***
Dealt to d3f1fc0c 
Dealt to 4601f718 
Dealt to cad22116 
Dealt to Hero [5h 7h]
Dealt to 12029d98 
Dealt to eae712e 
eae712e: folds
d3f1fc0c: raises $0.12 to $0.22
4601f718: folds
cad22116: folds
Hero: folds
12029d98: calls $0.12
*** FLOP *** [3c 9d Qd]
12029d98: checks
d3f1fc0c: checks
*** TURN *** [3c 9d Qd] [Td]
12029d98: checks
d3f1fc0c: checks
*** RIVER *** [3c 9d Qd Td] [Qc]
12029d98: checks
d3f1fc0c: checks
12029d98: shows [2s Jd] (Pair of Queens)
d3f1fc0c: shows [7c 6c] (Pair of Queens)
*** SHOWDOWN ***
12029d98 collected $0.47 from pot
*** SUMMARY ***
Total pot $0.49 | Rake $0.02 | Jackpot $0 | Bingo $0 | Fortune $0 | Tax $0
Board [3c 9d Qd Td Qc]
Seat 1: d3f1fc0c showed [7c 6c] and lost with Pair of Queens
Seat 2: 4601f718 folded before Flop (didn't bet)
Seat 3: cad22116 (button) folded before Flop (didn't bet)
Seat 4: Hero (small blind) folded before Flop
Seat 5: 12029d98 (big blind) showed [2s Jd] and won ($0.47) with Pair of Queens
Seat 6: eae712e folded before Flop (didn't bet)


Poker Hand #HD1811419278: Hold'em No Limit ($0.05/$0.1) - 2024/06/11 21:58:32
Table 'NLHRed25' 6-max Seat #2 is the button
Seat 1: d3f1fc0c ($10 in chips)
Seat 2: 4601f718 ($10.45 in chips)
Seat 3: cad22116 ($43.68 in chips)
Seat 4: Hero ($12.68 in chips)
Seat 5: 12029d98 ($2.46 in chips)
Seat 6: eae712e ($10 in chips)
cad22116: posts small blind $0.05
Hero: posts big blind $0.1
*** HOLE CARDS ***
Dealt to d3f1fc0c 
Dealt to 4601f718 
Dealt to cad22116 
Dealt to Hero [Qh 9h]
Dealt to 12029d98 
Dealt to eae712e 
12029d98: calls $0.1
eae712e: folds
d3f1fc0c: raises $0.3 to $0.4
4601f718: folds
cad22116: folds
Hero: calls $0.3
12029d98: folds
*** FLOP *** [4d 8c Kh]
Hero: checks
d3f1fc0c: bets $0.32
Hero: raises $0.58 to $0.9
d3f1fc0c: calls $0.58
*** TURN *** [4d 8c Kh] [Jd]
Hero: bets $1.9
d3f1fc0c: folds
Uncalled bet ($1.9) returned to Hero
*** SHOWDOWN ***
Hero collected $2.62 from pot
*** SUMMARY ***
Total pot $2.75 | Rake $0.13 | Jackpot $0 | Bingo $0 | Fortune $0 | Tax $0
Board [4d 8c Kh Jd]
Seat 1: d3f1fc0c folded on the Turn
Seat 2: 4601f718 (button) folded before Flop (didn't bet)
Seat 3: cad22116 (small blind) folded before Flop
Seat 4: Hero (big blind) won ($2.62)
Seat 5: 12029d98 folded before Flop
Seat 6: eae712e folded before Flop (didn't bet)


Poker Hand #HD1811419160: Hold'em No Limit ($0.05/$0.1) - 2024/06/11 21:57:42
Table 'NLHRed25' 6-max Seat #1 is the button
Seat 1: d3f1fc0c ($10 in chips)
Seat 2: 4601f718 ($10.5 in chips)
Seat 3: cad22116 ($44.3 in chips)
Seat 4: Hero ($12.68 in chips)
Seat 5: 12029d98 ($1.57 in chips)
Seat 6: eae712e ($10 in chips)
4601f718: posts small blind $0.05
cad22116: posts big blind $0.1
*** HOLE CARDS ***
Dealt to d3f1fc0c 
Dealt to 4601f718 
Dealt to cad22116 
Dealt to Hero [7c 6c]
Dealt to 12029d98 
Dealt to eae712e 
Hero: folds
12029d98: calls $0.1
eae712e: folds
d3f1fc0c: raises $0.2 to $0.3
4601f718: folds
cad22116: calls $0.2
12029d98: calls $0.2
*** FLOP *** [5s 6h 3d]
cad22116: checks
12029d98: bets $0.32
d3f1fc0c: folds
cad22116: calls $0.32
*** TURN *** [5s 6h 3d] [Js]
cad22116: checks
12029d98: checks
*** RIVER *** [5s 6h 3d Js] [2c]
cad22116: checks
12029d98: checks
cad22116: shows [Ah 9h] (Ace-High)
12029d98: shows [7h 6s] (Pair of Sixes)
*** SHOWDOWN ***
12029d98 collected $1.51 from pot
*** SUMMARY ***
Total pot $1.59 | Rake $0.08 | Jackpot $0 | Bingo $0 | Fortune $0 | Tax $0
Board [5s 6h 3d Js 2c]
Seat 1: d3f1fc0c (button) folded on the Flop
Seat 2: 4601f718 (small blind) folded before Flop
Seat 3: cad22116 (big blind) showed [Ah 9h] and lost with Ace-High
Seat 4: Hero folded before Flop (didn't bet)
Seat 5: 12029d98 showed [7h 6s] and won ($1.51) with Pair of Sixes
Seat 6: eae712e folded before Flop (didn't bet)


Poker Hand #HD1811419080: Hold'em No Limit ($0.05/$0.1) - 2024/06/11 21:57:10
Table 'NLHRed25' 6-max Seat #6 is the button
Seat 1: d3f1fc0c ($10 in chips)
Seat 2: 4601f718 ($10.6 in chips)
Seat 3: cad22116 ($44.3 in chips)
Seat 4: Hero ($12.68 in chips)
Seat 5: 12029d98 ($1.43 in chips)
Seat 6: eae712e ($10 in chips)
d3f1fc0c: posts small blind $0.05
4601f718: posts big blind $0.1
*** HOLE CARDS ***
Dealt to d3f1fc0c 
Dealt to 4601f718 
Dealt to cad22116 
Dealt to Hero [9s Qc]
Dealt to 12029d98 
Dealt to eae712e 
cad22116: folds
Hero: folds
12029d98: calls $0.1
eae712e: folds
d3f1fc0c: folds
4601f718: checks
*** FLOP *** [2s 4h 5c]
4601f718: checks
12029d98: checks
*** TURN *** [2s 4h 5c] [Kd]
4601f718: checks
12029d98: checks
*** RIVER *** [2s 4h 5c Kd] [Ad]
4601f718: checks
12029d98: bets $0.19
4601f718: folds
Uncalled bet ($0.19) returned to 12029d98
*** SHOWDOWN ***
12029d98 collected $0.24 from pot
*** SUMMARY ***
Total pot $0.25 | Rake $0.01 | Jackpot $0 | Bingo $0 | Fortune $0 | Tax $0
Board [2s 4h 5c Kd Ad]
Seat 1: d3f1fc0c (small blind) folded before Flop
Seat 2: 4601f718 (big blind) folded on the River
Seat 3: cad22116 folded before Flop (didn't bet)
Seat 4: Hero folded before Flop (didn't bet)
Seat 5: 12029d98 won ($0.24)
Seat 6: eae712e (button) folded before Flop (didn't bet)


Poker Hand #HD1811419051: Hold'em No Limit ($0.05/$0.1) - 2024/06/11 21:57:00
Table 'NLHRed25' 6-max Seat #5 is the button
Seat 1: d3f1fc0c ($10 in chips)
Seat 2: 4601f718 ($10.45 in chips)
Seat 3: cad22116 ($44.3 in chips)
Seat 4: Hero ($12.68 in chips)
Seat 5: 12029d98 ($1.43 in chips)
Seat 6: eae712e ($10 in chips)
eae712e: posts small blind $0.05
d3f1fc0c: posts big blind $0.1
*** HOLE CARDS ***
Dealt to d3f1fc0c 
Dealt to 4601f718 
Dealt to cad22116 
Dealt to Hero [8h Js]
Dealt to 12029d98 
Dealt to eae712e 
4601f718: raises $0.2 to $0.3
cad22116: folds
Hero: folds
12029d98: folds
eae712e: folds
d3f1fc0c: folds
Uncalled bet ($0.2) returned to 4601f718
*** SHOWDOWN ***
4601f718 collected $0.25 from pot
*** SUMMARY ***
Total pot $0.25 | Rake $0 | Jackpot $0 | Bingo $0 | Fortune $0 | Tax $0
Seat 1: d3f1fc0c (big blind) folded before Flop
Seat 2: 4601f718 collected ($0.25)
Seat 3: cad22116 folded before Flop (didn't bet)
Seat 4: Hero folded before Flop (didn't bet)
Seat 5: 12029d98 (button) folded before Flop (didn't bet)
Seat 6: eae712e (small blind) folded before Flop


Poker Hand #HD1811418966: Hold'em No Limit ($0.05/$0.1) - 2024/06/11 21:56:24
Table 'NLHRed25' 6-max Seat #4 is the button
Seat 2: 4601f718 ($10.45 in chips)
Seat 3: cad22116 ($44.3 in chips)
Seat 4: Hero ($12.68 in chips)
Seat 5: 12029d98 ($1.34 in chips)
Seat 6: eae712e ($10 in chips)
12029d98: posts small blind $0.05
eae712e: posts big blind $0.1
*** HOLE CARDS ***
Dealt to 4601f718 
Dealt to cad22116 
Dealt to Hero [9c 6h]
Dealt to 12029d98 
Dealt to eae712e 
4601f718: folds
cad22116: folds
Hero: folds
12029d98: calls $0.05
eae712e: checks
*** FLOP *** [Tc 7s 7d]
12029d98: checks
eae712e: checks
*** TURN *** [Tc 7s 7d] [Qs]
12029d98: checks
eae712e: checks
*** RIVER *** [Tc 7s 7d Qs] [7c]
12029d98: checks
eae712e: checks
12029d98: shows [Jd 6c] (Three Sevens)
eae712e: shows [9h 2s] (Three Sevens)
*** SHOWDOWN ***
12029d98 collected $0.19 from pot
*** SUMMARY ***
Total pot $0.2 | Rake $0.01 | Jackpot $0 | Bingo $0 | Fortune $0 | Tax $0
Board [Tc 7s 7d Qs 7c]
Seat 2: 4601f718 folded before Flop (didn't bet)
Seat 3: cad22116 folded before Flop (didn't bet)
Seat 4: Hero (button) folded before Flop (didn't bet)
Seat 5: 12029d98 (small blind) showed [Jd 6c] and won ($0.19) with Three Sevens
Seat 6: eae712e (big blind) showed [9h 2s] and lost with Three Sevens


Poker Hand #HD1811418877: Hold'em No Limit ($0.05/$0.1) - 2024/06/11 21:55:50
Table 'NLHRed25' 6-max Seat #3 is the button
Seat 2: 4601f718 ($10.45 in chips)
Seat 3: cad22116 ($43.56 in chips)
Seat 4: Hero ($13.08 in chips)
Seat 5: 12029d98 ($1.74 in chips)
Hero: posts small blind $0.05
12029d98: posts big blind $0.1
*** HOLE CARDS ***
Dealt to 4601f718 
Dealt to cad22116 
Dealt to Hero [As 4s]
Dealt to 12029d98 
4601f718: folds
cad22116: calls $0.1
Hero: raises $0.3 to $0.4
12029d98: calls $0.3
cad22116: raises $0.6 to $1
Hero: folds
12029d98: folds
Uncalled bet ($0.6) returned to cad22116
*** SHOWDOWN ***
cad22116 collected $1.14 from pot
*** SUMMARY ***
Total pot $1.2 | Rake $0.06 | Jackpot $0 | Bingo $0 | Fortune $0 | Tax $0
Seat 2: 4601f718 folded before Flop (didn't bet)
Seat 3: cad22116 (button) collected ($1.14)
Seat 4: Hero (small blind) folded before Flop
Seat 5: 12029d98 (big blind) folded before Flop


Poker Hand #HD1811418789: Hold'em No Limit ($0.05/$0.1) - 2024/06/11 21:55:13
Table 'NLHRed25' 6-max Seat #2 is the button
Seat 2: 4601f718 ($10.45 in chips)
Seat 3: cad22116 ($42.97 in chips)
Seat 4: Hero ($13.18 in chips)
Seat 5: 12029d98 ($2.28 in chips)
cad22116: posts small blind $0.05
Hero: posts big blind $0.1
*** HOLE CARDS ***
Dealt to 4601f718 
Dealt to cad22116 
Dealt to Hero [Qd 8d]
Dealt to 12029d98 
12029d98: calls $0.1
4601f718: folds
cad22116: raises $0.2 to $0.3
Hero: folds
12029d98: calls $0.2
*** FLOP *** [3d 2c 4d]
cad22116: bets $0.24
12029d98: calls $0.24
*** TURN *** [3d 2c 4d] [Td]
cad22116: checks
12029d98: checks
*** RIVER *** [3d 2c 4d Td] [6c]
cad22116: bets $0.59
12029d98: folds
Uncalled bet ($0.59) returned to cad22116
*** SHOWDOWN ***
cad22116 collected $1.13 from pot
*** SUMMARY ***
Total pot $1.18 | Rake $0.05 | Jackpot $0 | Bingo $0 | Fortune $0 | Tax $0
Board [3d 2c 4d Td 6c]
Seat 2: 4601f718 (button) folded before Flop (didn't bet)
Seat 3: cad22116 (small blind) won ($1.13)
Seat 4: Hero (big blind) folded before Flop
Seat 5: 12029d98 folded on the River


Poker Hand #HD1811418646: Hold'em No Limit ($0.05/$0.1) - 2024/06/11 21:54:22
Table 'NLHRed25' 6-max Seat #6 is the button
Seat 2: 4601f718 ($10.5 in chips)
Seat 3: cad22116 ($43.35 in chips)
Seat 4: Hero ($13.18 in chips)
Seat 5: 12029d98 ($1.79 in chips)
Seat 6: dbfec58a ($10.01 in chips)
4601f718: posts small blind $0.05
cad22116: posts big blind $0.1
*** HOLE CARDS ***
Dealt to 4601f718 
Dealt to cad22116 
Dealt to Hero [2h Qd]
Dealt to 12029d98 
Dealt to dbfec58a 
Hero: folds
12029d98: calls $0.1
dbfec58a: calls $0.1
4601f718: folds
cad22116: checks
*** FLOP *** [As 4h 3c]
cad22116: checks
12029d98: checks
dbfec58a: checks
*** TURN *** [As 4h 3c] [8h]
cad22116: checks
12029d98: bets $0.18
dbfec58a: folds
cad22116: calls $0.18
*** RIVER *** [As 4h 3c 8h] [Ah]
cad22116: checks
12029d98: bets $0.1
cad22116: calls $0.1
12029d98: shows [8c Ac] (Aces Full over Eights)
cad22116: shows [4c Qc] (Pair of Aces and Pair of Fours)
*** SHOWDOWN ***
12029d98 collected $0.87 from pot
*** SUMMARY ***
Total pot $0.91 | Rake $0.04 | Jackpot $0 | Bingo $0 | Fortune $0 | Tax $0
Board [As 4h 3c 8h Ah]
Seat 2: 4601f718 (small blind) folded before Flop
Seat 3: cad22116 (big blind) showed [4c Qc] and lost with Pair of Aces and Pair of Fours
Seat 4: Hero folded before Flop (didn't bet)
Seat 5: 12029d98 showed [8c Ac] and won ($0.87) with Aces Full over Eights
Seat 6: dbfec58a (button) folded on the Turn


Poker Hand #HD1811418589: Hold'em No Limit ($0.05/$0.1) - 2024/06/11 21:53:56
Table 'NLHRed25' 6-max Seat #5 is the button
Seat 2: 4601f718 ($10.6 in chips)
Seat 4: Hero ($12.82 in chips)
Seat 5: 12029d98 ($2.03 in chips)
Seat 6: dbfec58a ($10.06 in chips)
dbfec58a: posts small blind $0.05
4601f718: posts big blind $0.1
*** HOLE CARDS ***
Dealt to 4601f718 
Dealt to Hero [7s 9s]
Dealt to 12029d98 
Dealt to dbfec58a 
Hero: raises $0.14 to $0.24
12029d98: calls $0.24
dbfec58a: folds
4601f718: folds
*** FLOP *** [Kh 4s Th]
Hero: checks
12029d98: checks
*** TURN *** [Kh 4s Th] [8d]
Hero: bets $0.3
12029d98: folds
Uncalled bet ($0.3) returned to Hero
*** SHOWDOWN ***
Hero collected $0.6 from pot
*** SUMMARY ***
Total pot $0.63 | Rake $0.03 | Jackpot $0 | Bingo $0 | Fortune $0 | Tax $0
Board [Kh 4s Th 8d]
Seat 2: 4601f718 (big blind) folded before Flop
Seat 4: Hero won ($0.6)
Seat 5: 12029d98 (button) folded on the Turn
Seat 6: dbfec58a (small blind) folded before Flop


Poker Hand #HD1811418513: Hold'em No Limit ($0.05/$0.1) - 2024/06/11 21:53:26
Table 'NLHRed25' 6-max Seat #4 is the button
Seat 2: 4601f718 ($10.85 in chips)
Seat 4: Hero ($12.82 in chips)
Seat 5: 12029d98 ($1.71 in chips)
Seat 6: dbfec58a ($10.16 in chips)
12029d98: posts small blind $0.05
dbfec58a: posts big blind $0.1
*** HOLE CARDS ***
Dealt to 4601f718 
Dealt to Hero [2c 6h]
Dealt to 12029d98 
Dealt to dbfec58a 
4601f718: raises $0.15 to $0.25
Hero: folds
12029d98: calls $0.2
dbfec58a: folds
*** FLOP *** [Th Qc 8d]
12029d98: checks
4601f718: checks
*** TURN *** [Th Qc 8d] [6c]
12029d98: bets $0.2
4601f718: folds
Uncalled bet ($0.2) returned to 12029d98
*** SHOWDOWN ***
12029d98 collected $0.57 from pot
*** SUMMARY ***
Total pot $0.6 | Rake $0.03 | Jackpot $0 | Bingo $0 | Fortune $0 | Tax $0
Board [Th Qc 8d 6c]
Seat 2: 4601f718 folded on the Turn
Seat 4: Hero (button) folded before Flop (didn't bet)
Seat 5: 12029d98 (small blind) won ($0.57)
Seat 6: dbfec58a (big blind) folded before Flop


Poker Hand #HD1811418386: Hold'em No Limit ($0.05/$0.1) - 2024/06/11 21:52:37
Table 'NLHRed25' 6-max Seat #2 is the button
Seat 2: 4601f718 ($11.29 in chips)
Seat 4: Hero ($12.87 in chips)
Seat 5: 12029d98 ($1.26 in chips)
Seat 6: dbfec58a ($10.16 in chips)
Hero: posts small blind $0.05
12029d98: posts big blind $0.1
*** HOLE CARDS ***
Dealt to 4601f718 
Dealt to Hero [Kc 8c]
Dealt to 12029d98 
Dealt to dbfec58a 
dbfec58a: folds
4601f718: raises $0.15 to $0.25
Hero: folds
12029d98: calls $0.15
*** FLOP *** [4s Jd 5d]
12029d98: checks
4601f718: checks
*** TURN *** [4s Jd 5d] [2s]
12029d98: bets $0.19
4601f718: calls $0.19
*** RIVER *** [4s Jd 5d 2s] [Kh]
12029d98: bets $0.31
4601f718: folds
Uncalled bet ($0.31) returned to 12029d98
*** SHOWDOWN ***
12029d98 collected $0.89 from pot
*** SUMMARY ***
Total pot $0.93 | Rake $0.04 | Jackpot $0 | Bingo $0 | Fortune $0 | Tax $0
Board [4s Jd 5d 2s Kh]
Seat 2: 4601f718 (button) folded on the River
Seat 4: Hero (small blind) folded before Flop
Seat 5: 12029d98 (big blind) won ($0.89)
Seat 6: dbfec58a folded before Flop (didn't bet)


Poker Hand #HD1811418324: Hold'em No Limit ($0.05/$0.1) - 2024/06/11 21:52:12
Table 'NLHRed25' 6-max Seat #6 is the button
Seat 2: 4601f718 ($11.34 in chips)
Seat 4: Hero ($12.97 in chips)
Seat 5: 12029d98 ($1.12 in chips)
Seat 6: dbfec58a ($10.16 in chips)
4601f718: posts small blind $0.05
Hero: posts big blind $0.1
*** HOLE CARDS ***
Dealt to 4601f718 
Dealt to Hero [Tc 2c]
Dealt to 12029d98 
Dealt to dbfec58a 
12029d98: calls $0.1
dbfec58a: folds
4601f718: folds
Hero: checks
*** FLOP *** [Qd 2d 5c]
Hero: checks
12029d98: checks
*** TURN *** [Qd 2d 5c] [8d]
Hero: checks
12029d98: bets $0.13
Hero: folds
Uncalled bet ($0.13) returned to 12029d98
*** SHOWDOWN ***
12029d98 collected $0.24 from pot
*** SUMMARY ***
Total pot $0.25 | Rake $0.01 | Jackpot $0 | Bingo $0 | Fortune $0 | Tax $0
Board [Qd 2d 5c 8d]
Seat 2: 4601f718 (small blind) folded before Flop
Seat 4: Hero (big blind) folded on the Turn
Seat 5: 12029d98 won ($0.24)
Seat 6: dbfec58a (button) folded before Flop (didn't bet)


Poker Hand #HD1811418178: Hold'em No Limit ($0.05/$0.1) - 2024/06/11 21:51:14
Table 'NLHRed25' 6-max Seat #5 is the button
Seat 2: 4601f718 ($11.08 in chips)
Seat 3: cad22116 ($43.35 in chips)
Seat 4: Hero ($12.97 in chips)
Seat 5: 12029d98 ($1.35 in chips)
Seat 6: dbfec58a ($10.21 in chips)
dbfec58a: posts small blind $0.05
4601f718: posts big blind $0.1
*** HOLE CARDS ***
Dealt to 4601f718 
Dealt to cad22116 
Dealt to Hero [7h As]
Dealt to 12029d98 
Dealt to dbfec58a 
cad22116: folds
Hero: folds
12029d98: calls $0.1
dbfec58a: folds
4601f718: checks
*** FLOP *** [3d 6h 9s]
4601f718: checks
12029d98: checks
*** TURN *** [3d 6h 9s] [4d]
4601f718: checks
12029d98: bets $0.13
4601f718: calls $0.13
*** RIVER *** [3d 6h 9s 4d] [Ah]
4601f718: checks
12029d98: checks
4601f718: shows [2c 4s] (Pair of Fours)
12029d98: shows [Js Td] (Ace-High)
*** SHOWDOWN ***
4601f718 collected $0.49 from pot
*** SUMMARY ***
Total pot $0.51 | Rake $0.02 | Jackpot $0 | Bingo $0 | Fortune $0 | Tax $0
Board [3d 6h 9s 4d Ah]
Seat 2: 4601f718 (big blind) showed [2c 4s] and won ($0.49) with Pair of Fours
Seat 3: cad22116 folded before Flop (didn't bet)
Seat 4: Hero folded before Flop (didn't bet)
Seat 5: 12029d98 (button) showed [Js Td] and lost with Ace-High
Seat 6: dbfec58a (small blind) folded before Flop


Poker Hand #HD1811418086: Hold'em No Limit ($0.05/$0.1) - 2024/06/11 21:50:40
Table 'NLHRed25' 6-max Seat #4 is the button
Seat 2: 4601f718 ($11.08 in chips)
Seat 3: cad22116 ($43.35 in chips)
Seat 4: Hero ($12.97 in chips)
Seat 5: 12029d98 ($1.45 in chips)
Seat 6: dbfec58a ($10.12 in chips)
12029d98: posts small blind $0.05
dbfec58a: posts big blind $0.1
*** HOLE CARDS ***
Dealt to 4601f718 
Dealt to cad22116 
Dealt to Hero [2s Qd]
Dealt to 12029d98 
Dealt to dbfec58a 
4601f718: folds
cad22116: folds
Hero: folds
12029d98: calls $0.05
dbfec58a: checks
*** FLOP *** [7h Th 7s]
12029d98: checks
dbfec58a: checks
*** TURN *** [7h Th 7s] [5h]
12029d98: checks
dbfec58a: checks
*** RIVER *** [7h Th 7s 5h] [Js]
12029d98: checks
dbfec58a: checks
12029d98: shows [2c 3d] (Pair of Sevens)
dbfec58a: shows [8c Ah] (Pair of Sevens)
*** SHOWDOWN ***
dbfec58a collected $0.19 from pot
*** SUMMARY ***
Total pot $0.2 | Rake $0.01 | Jackpot $0 | Bingo $0 | Fortune $0 | Tax $0
Board [7h Th 7s 5h Js]
Seat 2: 4601f718 folded before Flop (didn't bet)
Seat 3: cad22116 folded before Flop (didn't bet)
Seat 4: Hero (button) folded before Flop (didn't bet)
Seat 5: 12029d98 (small blind) showed [2c 3d] and lost with Pair of Sevens
Seat 6: dbfec58a (big blind) showed [8c Ah] and won ($0.19) with Pair of Sevens


Poker Hand #HD1811418003: Hold'em No Limit ($0.05/$0.1) - 2024/06/11 21:50:01
Table 'NLHRed25' 6-max Seat #3 is the button
Seat 2: 4601f718 ($10.19 in chips)
Seat 3: cad22116 ($44.18 in chips)
Seat 4: Hero ($13.02 in chips)
Seat 5: 12029d98 ($1.55 in chips)
Seat 6: dbfec58a ($10.12 in chips)
Hero: posts small blind $0.05
12029d98: posts big blind $0.1
*** HOLE CARDS ***
Dealt to 4601f718 
Dealt to cad22116 
Dealt to Hero [Ts 7s]
Dealt to 12029d98 
Dealt to dbfec58a 
dbfec58a: folds
4601f718: raises $0.15 to $0.25
cad22116: raises $0.22 to $0.47
Hero: folds
12029d98: folds
4601f718: calls $0.22
*** FLOP *** [8s Ks 9d]
4601f718: checks
cad22116: bets $0.36
4601f718: raises $1.64 to $2
cad22116: folds
Uncalled bet ($1.64) returned to 4601f718
*** SHOWDOWN ***
4601f718 collected $1.72 from pot
*** SUMMARY ***
Total pot $1.81 | Rake $0.09 | Jackpot $0 | Bingo $0 | Fortune $0 | Tax $0
Board [8s Ks 9d]
Seat 2: 4601f718 won ($1.72)
Seat 3: cad22116 (button) folded on the Flop
Seat 4: Hero (small blind) folded before Flop
Seat 5: 12029d98 (big blind) folded before Flop
Seat 6: dbfec58a folded before Flop (didn't bet)


Poker Hand #HD1811417883: Hold'em No Limit ($0.05/$0.1) - 2024/06/11 21:49:13
Table 'NLHRed25' 6-max Seat #2 is the button
Seat 2: 4601f718 ($10.19 in chips)
Seat 3: cad22116 ($44.23 in chips)
Seat 4: Hero ($12.79 in chips)
Seat 5: 12029d98 ($1.75 in chips)
Seat 6: dbfec58a ($10.12 in chips)
cad22116: posts small blind $0.05
Hero: posts big blind $0.1
*** HOLE CARDS ***
Dealt to 4601f718 
Dealt to cad22116 
Dealt to Hero [Qh 7s]
Dealt to 12029d98 
Dealt to dbfec58a 
12029d98: calls $0.1
dbfec58a: folds
4601f718: folds
cad22116: folds
Hero: checks
*** FLOP *** [Qs Th 8s]
Hero: checks
12029d98: checks
*** TURN *** [Qs Th 8s] [Jh]
Hero: bets $0.1
12029d98: calls $0.1
*** RIVER *** [Qs Th 8s Jh] [7h]
Hero: checks
12029d98: checks
Hero: shows [Qh 7s] (Pair of Queens and Pair of Sevens)
12029d98: shows [2h Ac] (Ace-High)
*** SHOWDOWN ***
Hero collected $0.43 from pot
*** SUMMARY ***
Total pot $0.45 | Rake $0.02 | Jackpot $0 | Bingo $0 | Fortune $0 | Tax $0
Board [Qs Th 8s Jh 7h]
Seat 2: 4601f718 (button) folded before Flop (didn't bet)
Seat 3: cad22116 (small blind) folded before Flop
Seat 4: Hero (big blind) showed [Qh 7s] and won ($0.43) with Pair of Queens and Pair of Sevens
Seat 5: 12029d98 showed [2h Ac] and lost with Ace-High
Seat 6: dbfec58a folded before Flop (didn't bet)


Poker Hand #HD1811417792: Hold'em No Limit ($0.05/$0.1) - 2024/06/11 21:48:36
Table 'NLHRed25' 6-max Seat #6 is the button
Seat 2: 4601f718 ($10 in chips)
Seat 3: cad22116 ($44.33 in chips)
Seat 4: Hero ($12.79 in chips)
Seat 5: 12029d98 ($1.85 in chips)
Seat 6: dbfec58a ($10.12 in chips)
4601f718: posts small blind $0.05
cad22116: posts big blind $0.1
*** HOLE CARDS ***
Dealt to 4601f718 
Dealt to cad22116 
Dealt to Hero [4c 5h]
Dealt to 12029d98 
Dealt to dbfec58a 
Hero: folds
12029d98: calls $0.1
dbfec58a: folds
4601f718: calls $0.05
cad22116: checks
*** FLOP *** [Jh Qc Th]
4601f718: checks
cad22116: checks
12029d98: checks
*** TURN *** [Jh Qc Th] [5d]
4601f718: bets $0.3
cad22116: folds
12029d98: folds
Uncalled bet ($0.3) returned to 4601f718
*** SHOWDOWN ***
4601f718 collected $0.29 from pot
*** SUMMARY ***
Total pot $0.3 | Rake $0.01 | Jackpot $0 | Bingo $0 | Fortune $0 | Tax $0
Board [Jh Qc Th 5d]
Seat 2: 4601f718 (small blind) won ($0.29)
Seat 3: cad22116 (big blind) folded on the Turn
Seat 4: Hero folded before Flop (didn't bet)
Seat 5: 12029d98 folded on the Turn
Seat 6: dbfec58a (button) folded before Flop (didn't bet)


Poker Hand #HD1811417744: Hold'em No Limit ($0.05/$0.1) - 2024/06/11 21:48:18
Table 'NLHRed25' 6-max Seat #5 is the button
Seat 2: 4601f718 ($10 in chips)
Seat 3: cad22116 ($44.18 in chips)
Seat 4: Hero ($12.79 in chips)
Seat 5: 12029d98 ($1.85 in chips)
Seat 6: dbfec58a ($10.17 in chips)
dbfec58a: posts small blind $0.05
4601f718: posts big blind $0.1
*** HOLE CARDS ***
Dealt to 4601f718 
Dealt to cad22116 
Dealt to Hero [5d 8h]
Dealt to 12029d98 
Dealt to dbfec58a 
cad22116: raises $0.3 to $0.4
Hero: folds
12029d98: folds
dbfec58a: folds
4601f718: folds
Uncalled bet ($0.3) returned to cad22116
*** SHOWDOWN ***
cad22116 collected $0.25 from pot
*** SUMMARY ***
Total pot $0.25 | Rake $0 | Jackpot $0 | Bingo $0 | Fortune $0 | Tax $0
Seat 2: 4601f718 (big blind) folded before Flop
Seat 3: cad22116 collected ($0.25)
Seat 4: Hero folded before Flop (didn't bet)
Seat 5: 12029d98 (button) folded before Flop (didn't bet)
Seat 6: dbfec58a (small blind) folded before Flop


Poker Hand #HD1811417656: Hold'em No Limit ($0.05/$0.1) - 2024/06/11 21:47:38
Table 'NLHRed25' 6-max Seat #4 is the button
Seat 1: 8b81493e ($10.51 in chips)
Seat 3: cad22116 ($44.18 in chips)
Seat 4: Hero ($12.79 in chips)
Seat 5: 12029d98 ($1.76 in chips)
Seat 6: dbfec58a ($10.27 in chips)
12029d98: posts small blind $0.05
dbfec58a: posts big blind $0.1
*** HOLE CARDS ***
Dealt to 8b81493e 
Dealt to cad22116 
Dealt to Hero [2s 8s]
Dealt to 12029d98 
Dealt to dbfec58a 
8b81493e: folds
cad22116: folds
Hero: folds
12029d98: calls $0.05
dbfec58a: checks
*** FLOP *** [8h Ks Js]
12029d98: checks
dbfec58a: checks
*** TURN *** [8h Ks Js] [2c]
12029d98: checks
dbfec58a: checks
*** RIVER *** [8h Ks Js 2c] [9c]
12029d98: checks
dbfec58a: checks
12029d98: shows [4d 4c] (Pair of Fours)
dbfec58a: shows [Qd 5h] (King-High)
*** SHOWDOWN ***
12029d98 collected $0.19 from pot
*** SUMMARY ***
Total pot $0.2 | Rake $0.01 | Jackpot $0 | Bingo $0 | Fortune $0 | Tax $0
Board [8h Ks Js 2c 9c]
Seat 1: 8b81493e folded before Flop (didn't bet)
Seat 3: cad22116 folded before Flop (didn't bet)
Seat 4: Hero (button) folded before Flop (didn't bet)
Seat 5: 12029d98 (small blind) showed [4d 4c] and won ($0.19) with Pair of Fours
Seat 6: dbfec58a (big blind) showed [Qd 5h] and lost with King-High


Poker Hand #HD1811417559: Hold'em No Limit ($0.05/$0.1) - 2024/06/11 21:46:58
Table 'NLHRed25' 6-max Seat #3 is the button
Seat 1: 8b81493e ($10.51 in chips)
Seat 3: cad22116 ($43.66 in chips)
Seat 4: Hero ($12.84 in chips)
Seat 5: 12029d98 ($2.28 in chips)
Seat 6: dbfec58a ($10.27 in chips)
Hero: posts small blind $0.05
12029d98: posts big blind $0.1
*** HOLE CARDS ***
Dealt to 8b81493e 
Dealt to cad22116 
Dealt to Hero [9c 8d]
Dealt to 12029d98 
Dealt to dbfec58a 
dbfec58a: folds
8b81493e: folds
cad22116: raises $0.2 to $0.3
Hero: folds
12029d98: calls $0.2
*** FLOP *** [Qs Th Qc]
12029d98: checks
cad22116: bets $0.22
12029d98: calls $0.22
*** TURN *** [Qs Th Qc] [4c]
12029d98: checks
cad22116: checks
*** RIVER *** [Qs Th Qc 4c] [5d]
12029d98: checks
cad22116: checks
12029d98: shows [Jc Ac] (Pair of Queens)
cad22116: shows [Tc Ks] (Pair of Queens and Pair of Tens)
*** SHOWDOWN ***
cad22116 collected $1.04 from pot
*** SUMMARY ***
Total pot $1.09 | Rake $0.05 | Jackpot $0 | Bingo $0 | Fortune $0 | Tax $0
Board [Qs Th Qc 4c 5d]
Seat 1: 8b81493e folded before Flop (didn't bet)
Seat 3: cad22116 (button) showed [Tc Ks] and won ($1.04) with Pair of Queens and Pair of Tens
Seat 4: Hero (small blind) folded before Flop
Seat 5: 12029d98 (big blind) showed [Jc Ac] and lost with Pair of Queens
Seat 6: dbfec58a folded before Flop (didn't bet)


Poker Hand #HD1811417496: Hold'em No Limit ($0.05/$0.1) - 2024/06/11 21:46:34
Table 'NLHRed25' 6-max Seat #1 is the button
Seat 1: 8b81493e ($10.51 in chips)
Seat 3: cad22116 ($43.71 in chips)
Seat 4: Hero ($12.7 in chips)
Seat 5: 12029d98 ($2.38 in chips)
Seat 6: dbfec58a ($10.27 in chips)
cad22116: posts small blind $0.05
Hero: posts big blind $0.1
*** HOLE CARDS ***
Dealt to 8b81493e 
Dealt to cad22116 
Dealt to Hero [9d 8h]
Dealt to 12029d98 
Dealt to dbfec58a 
12029d98: calls $0.1
dbfec58a: folds
8b81493e: folds
cad22116: folds
Hero: checks
*** FLOP *** [Th 6d Td]
Hero: checks
12029d98: checks
*** TURN *** [Th 6d Td] [4d]
Hero: bets $0.2
12029d98: folds
Uncalled bet ($0.2) returned to Hero
*** SHOWDOWN ***
Hero collected $0.24 from pot
*** SUMMARY ***
Total pot $0.25 | Rake $0.01 | Jackpot $0 | Bingo $0 | Fortune $0 | Tax $0
Board [Th 6d Td 4d]
Seat 1: 8b81493e (button) folded before Flop (didn't bet)
Seat 3: cad22116 (small blind) folded before Flop
Seat 4: Hero (big blind) won ($0.24)
Seat 5: 12029d98 folded on the Turn
Seat 6: dbfec58a folded before Flop (didn't bet)


Poker Hand #HD1811417405: Hold'em No Limit ($0.05/$0.1) - 2024/06/11 21:45:52
Table 'NLHRed25' 6-max Seat #6 is the button
Seat 1: 8b81493e ($10.56 in chips)
Seat 3: cad22116 ($43.57 in chips)
Seat 4: Hero ($12.7 in chips)
Seat 5: 12029d98 ($2.48 in chips)
Seat 6: dbfec58a ($10.27 in chips)
8b81493e: posts small blind $0.05
cad22116: posts big blind $0.1
*** HOLE CARDS ***
Dealt to 8b81493e 
Dealt to cad22116 
Dealt to Hero [2d Kc]
Dealt to 12029d98 
Dealt to dbfec58a 
Hero: folds
12029d98: calls $0.1
dbfec58a: folds
8b81493e: folds
cad22116: checks
*** FLOP *** [Ac Qs Js]
cad22116: checks
12029d98: checks
*** TURN *** [Ac Qs Js] [8h]
cad22116: checks
12029d98: checks
*** RIVER *** [Ac Qs Js 8h] [4d]
cad22116: checks
12029d98: checks
cad22116: shows [6s Kd] (Ace-High)
12029d98: shows [5h 6h] (Ace-High)
*** SHOWDOWN ***
cad22116 collected $0.24 from pot
*** SUMMARY ***
Total pot $0.25 | Rake $0.01 | Jackpot $0 | Bingo $0 | Fortune $0 | Tax $0
Board [Ac Qs Js 8h 4d]
Seat 1: 8b81493e (small blind) folded before Flop
Seat 3: cad22116 (big blind) showed [6s Kd] and won ($0.24) with Ace-High
Seat 4: Hero folded before Flop (didn't bet)
Seat 5: 12029d98 showed [5h 6h] and lost with Ace-High
Seat 6: dbfec58a (button) folded before Flop (didn't bet)


Poker Hand #HD1811417312: Hold'em No Limit ($0.05/$0.1) - 2024/06/11 21:45:19
Table 'NLHRed25' 6-max Seat #5 is the button
Seat 1: 8b81493e ($10.66 in chips)
Seat 2: 401d9f26 ($11.22 in chips)
Seat 3: cad22116 ($43.24 in chips)
Seat 4: Hero ($12.7 in chips)
Seat 5: 12029d98 ($2.68 in chips)
Seat 6: dbfec58a ($10.32 in chips)
dbfec58a: posts small blind $0.05
8b81493e: posts big blind $0.1
*** HOLE CARDS ***
Dealt to 8b81493e 
Dealt to 401d9f26 
Dealt to cad22116 
Dealt to Hero [2c 6h]
Dealt to 12029d98 
Dealt to dbfec58a 
401d9f26: folds
cad22116: raises $0.1 to $0.2
Hero: folds
12029d98: calls $0.2
dbfec58a: folds
8b81493e: folds
*** FLOP *** [5d 2h 4h]
cad22116: checks
12029d98: checks
*** TURN *** [5d 2h 4h] [Qc]
cad22116: checks
12029d98: checks
*** RIVER *** [5d 2h 4h Qc] [3c]
cad22116: checks
12029d98: checks
cad22116: shows [7c As] (Fives-High Straight)
12029d98: shows [8d 3d] (Pair of Treys)
*** SHOWDOWN ***
cad22116 collected $0.53 from pot
*** SUMMARY ***
Total pot $0.55 | Rake $0.02 | Jackpot $0 | Bingo $0 | Fortune $0 | Tax $0
Board [5d 2h 4h Qc 3c]
Seat 1: 8b81493e (big blind) folded before Flop
Seat 2: 401d9f26 folded before Flop (didn't bet)
Seat 3: cad22116 showed [7c As] and won ($0.53) with Fives-High Straight
Seat 4: Hero folded before Flop (didn't bet)
Seat 5: 12029d98 (button) showed [8d 3d] and lost with Pair of Treys
Seat 6: dbfec58a (small blind) folded before Flop


Poker Hand #HD1811417201: Hold'em No Limit ($0.05/$0.1) - 2024/06/11 21:44:33
Table 'NLHRed25' 6-max Seat #4 is the button
Seat 1: 8b81493e ($10.96 in chips)
Seat 2: 401d9f26 ($11.22 in chips)
Seat 3: cad22116 ($43.24 in chips)
Seat 4: Hero ($12.7 in chips)
Seat 5: 12029d98 ($2.31 in chips)
Seat 6: dbfec58a ($10.42 in chips)
12029d98: posts small blind $0.05
dbfec58a: posts big blind $0.1
*** HOLE CARDS ***
Dealt to 8b81493e 
Dealt to 401d9f26 
Dealt to cad22116 
Dealt to Hero [Kh Td]
Dealt to 12029d98 
Dealt to dbfec58a 
8b81493e: raises $0.2 to $0.3
401d9f26: folds
cad22116: folds
Hero: folds
12029d98: calls $0.25
dbfec58a: folds
*** FLOP *** [2s 2h 5c]
12029d98: bets $0.24
8b81493e: folds
Uncalled bet ($0.24) returned to 12029d98
*** SHOWDOWN ***
12029d98 collected $0.67 from pot
*** SUMMARY ***
Total pot $0.7 | Rake $0.03 | Jackpot $0 | Bingo $0 | Fortune $0 | Tax $0
Board [2s 2h 5c]
Seat 1: 8b81493e folded on the Flop
Seat 2: 401d9f26 folded before Flop (didn't bet)
Seat 3: cad22116 folded before Flop (didn't bet)
Seat 4: Hero (button) folded before Flop (didn't bet)
Seat 5: 12029d98 (small blind) won ($0.67)
Seat 6: dbfec58a (big blind) folded before Flop


Poker Hand #HD1811417092: Hold'em No Limit ($0.05/$0.1) - 2024/06/11 21:43:48
Table 'NLHRed25' 6-max Seat #3 is the button
Seat 1: 8b81493e ($10.96 in chips)
Seat 2: 401d9f26 ($11.22 in chips)
Seat 3: cad22116 ($43.54 in chips)
Seat 4: Hero ($12.75 in chips)
Seat 5: 12029d98 ($1.99 in chips)
Seat 6: dbfec58a ($10.42 in chips)
Hero: posts small blind $0.05
12029d98: posts big blind $0.1
*** HOLE CARDS ***
Dealt to 8b81493e 
Dealt to 401d9f26 
Dealt to cad22116 
Dealt to Hero [9c 7c]
Dealt to 12029d98 
Dealt to dbfec58a 
dbfec58a: folds
8b81493e: folds
401d9f26: folds
cad22116: raises $0.2 to $0.3
Hero: folds
12029d98: calls $0.2
*** FLOP *** [6h 4c 6s]
12029d98: checks
cad22116: checks
*** TURN *** [6h 4c 6s] [2d]
12029d98: checks
cad22116: checks
*** RIVER *** [6h 4c 6s 2d] [3c]
12029d98: checks
cad22116: checks
12029d98: shows [As 8d] (Pair of Sixes)
cad22116: shows [8h Jh] (Pair of Sixes)
*** SHOWDOWN ***
12029d98 collected $0.62 from pot
*** SUMMARY ***
Total pot $0.65 | Rake $0.03 | Jackpot $0 | Bingo $0 | Fortune $0 | Tax $0
Board [6h 4c 6s 2d 3c]
Seat 1: 8b81493e folded before Flop (didn't bet)
Seat 2: 401d9f26 folded before Flop (didn't bet)
Seat 3: cad22116 (button) showed [8h Jh] and lost with Pair of Sixes
Seat 4: Hero (small blind) folded before Flop
Seat 5: 12029d98 (big blind) showed [As 8d] and won ($0.62) with Pair of Sixes
Seat 6: dbfec58a folded before Flop (didn't bet)


Poker Hand #HD1811417032: Hold'em No Limit ($0.05/$0.1) - 2024/06/11 21:43:20
Table 'NLHRed25' 6-max Seat #2 is the button
Seat 1: 8b81493e ($10.96 in chips)
Seat 2: 401d9f26 ($10.98 in chips)
Seat 3: cad22116 ($43.59 in chips)
Seat 4: Hero ($12.85 in chips)
Seat 5: 12029d98 ($2.09 in chips)
Seat 6: dbfec58a ($10.42 in chips)
cad22116: posts small blind $0.05
Hero: posts big blind $0.1
*** HOLE CARDS ***
Dealt to 8b81493e 
Dealt to 401d9f26 
Dealt to cad22116 
Dealt to Hero [3d 2s]
Dealt to 12029d98 
Dealt to dbfec58a 
12029d98: calls $0.1
dbfec58a: folds
8b81493e: folds
401d9f26: raises $0.4 to $0.5
cad22116: folds
Hero: folds
12029d98: folds
Uncalled bet ($0.4) returned to 401d9f26
*** SHOWDOWN ***
401d9f26 collected $0.34 from pot
*** SUMMARY ***
Total pot $0.35 | Rake $0.01 | Jackpot $0 | Bingo $0 | Fortune $0 | Tax $0
Seat 1: 8b81493e folded before Flop (didn't bet)
Seat 2: 401d9f26 (button) collected ($0.34)
Seat 3: cad22116 (small blind) folded before Flop
Seat 4: Hero (big blind) folded before Flop
Seat 5: 12029d98 folded before Flop
Seat 6: dbfec58a folded before Flop (didn't bet)


Poker Hand #HD1811416892: Hold'em No Limit ($0.05/$0.1) - 2024/06/11 21:42:18
Table 'NLHRed25' 6-max Seat #1 is the button
Seat 1: 8b81493e ($10.96 in chips)
Seat 2: 401d9f26 ($11.08 in chips)
Seat 3: cad22116 ($44.64 in chips)
Seat 4: Hero ($12.85 in chips)
Seat 5: 12029d98 ($1.05 in chips)
Seat 6: dbfec58a ($10.42 in chips)
401d9f26: posts small blind $0.05
cad22116: posts big blind $0.1
*** HOLE CARDS ***
Dealt to 8b81493e 
Dealt to 401d9f26 
Dealt to cad22116 
Dealt to Hero [7s Kd]
Dealt to 12029d98 
Dealt to dbfec58a 
Hero: folds
12029d98: calls $0.1
dbfec58a: folds
8b81493e: folds
401d9f26: calls $0.05
cad22116: raises $0.3 to $0.4
12029d98: calls $0.3
401d9f26: folds
*** FLOP *** [8h Ts 5c]
cad22116: bets $0.9
12029d98: calls $0.65 and is all-in
Uncalled bet ($0.25) returned to cad22116
cad22116: shows [3h 3d] (Pair of Treys)
12029d98: shows [8d Ah] (Pair of Eights)
*** TURN *** [8h Ts 5c] [2h]
*** RIVER *** [8h Ts 5c 2h] [5d]
*** SHOWDOWN ***
12029d98 collected $2.09 from pot
*** SUMMARY ***
Total pot $2.2 | Rake $0.11 | Jackpot $0 | Bingo $0 | Fortune $0 | Tax $0
Board [8h Ts 5c 2h 5d]
Seat 1: 8b81493e (button) folded before Flop (didn't bet)
Seat 2: 401d9f26 (small blind) folded before Flop
Seat 3: cad22116 (big blind) showed [3h 3d] and lost with Pair of Fives and Pair of Treys
Seat 4: Hero folded before Flop (didn't bet)
Seat 5: 12029d98 showed [8d Ah] and won ($2.09) with Pair of Eights and Pair of Fives
Seat 6: dbfec58a folded before Flop (didn't bet)


Poker Hand #HD1811416778: Hold'em No Limit ($0.05/$0.1) - 2024/06/11 21:41:30
Table 'NLHRed25' 6-max Seat #6 is the button
Seat 1: 8b81493e ($11.01 in chips)
Seat 2: 401d9f26 ($10.82 in chips)
Seat 4: Hero ($12.85 in chips)
Seat 5: 12029d98 ($1.28 in chips)
Seat 6: dbfec58a ($10.42 in chips)
8b81493e: posts small blind $0.05
401d9f26: posts big blind $0.1
*** HOLE CARDS ***
Dealt to 8b81493e 
Dealt to 401d9f26 
Dealt to Hero [Ah 6d]
Dealt to 12029d98 
Dealt to dbfec58a 
Hero: folds
12029d98: calls $0.1
dbfec58a: folds
8b81493e: folds
401d9f26: checks
*** FLOP *** [6s 2d Jd]
401d9f26: checks
12029d98: checks
*** TURN *** [6s 2d Jd] [Kh]
401d9f26: bets $0.13
12029d98: calls $0.13
*** RIVER *** [6s 2d Jd Kh] [7h]
401d9f26: bets $0.6
12029d98: folds
Uncalled bet ($0.6) returned to 401d9f26
*** SHOWDOWN ***
401d9f26 collected $0.49 from pot
*** SUMMARY ***
Total pot $0.51 | Rake $0.02 | Jackpot $0 | Bingo $0 | Fortune $0 | Tax $0
Board [6s 2d Jd Kh 7h]
Seat 1: 8b81493e (small blind) folded before Flop
Seat 2: 401d9f26 (big blind) won ($0.49)
Seat 4: Hero folded before Flop (didn't bet)
Seat 5: 12029d98 folded on the River
Seat 6: dbfec58a (button) folded before Flop (didn't bet)


Poker Hand #HD1811416728: Hold'em No Limit ($0.05/$0.1) - 2024/06/11 21:41:10
Table 'NLHRed25' 6-max Seat #5 is the button
Seat 1: 8b81493e ($10.87 in chips)
Seat 2: 401d9f26 ($10.82 in chips)
Seat 4: Hero ($12.85 in chips)
Seat 5: 12029d98 ($1.38 in chips)
Seat 6: dbfec58a ($10.47 in chips)
dbfec58a: posts small blind $0.05
8b81493e: posts big blind $0.1
*** HOLE CARDS ***
Dealt to 8b81493e 
Dealt to 401d9f26 
Dealt to Hero [5d 7h]
Dealt to 12029d98 
Dealt to dbfec58a 
401d9f26: folds
Hero: folds
12029d98: calls $0.1
dbfec58a: folds
8b81493e: checks
*** FLOP *** [8s 8d 6h]
8b81493e: checks
12029d98: checks
*** TURN *** [8s 8d 6h] [Js]
8b81493e: bets $0.19
12029d98: folds
Uncalled bet ($0.19) returned to 8b81493e
*** SHOWDOWN ***
8b81493e collected $0.24 from pot
*** SUMMARY ***
Total pot $0.25 | Rake $0.01 | Jackpot $0 | Bingo $0 | Fortune $0 | Tax $0
Board [8s 8d 6h Js]
Seat 1: 8b81493e (big blind) won ($0.24)
Seat 2: 401d9f26 folded before Flop (didn't bet)
Seat 4: Hero folded before Flop (didn't bet)
Seat 5: 12029d98 (button) folded on the Turn
Seat 6: dbfec58a (small blind) folded before Flop


Poker Hand #HD1811416674: Hold'em No Limit ($0.05/$0.1) - 2024/06/11 21:40:47
Table 'NLHRed25' 6-max Seat #4 is the button
Seat 1: 8b81493e ($10.87 in chips)
Seat 2: 401d9f26 ($10.82 in chips)
Seat 3: cad22116 ($44.64 in chips)
Seat 4: Hero ($12.7 in chips)
Seat 5: 12029d98 ($1.43 in chips)
Seat 6: dbfec58a ($10.57 in chips)
12029d98: posts small blind $0.05
dbfec58a: posts big blind $0.1
*** HOLE CARDS ***
Dealt to 8b81493e 
Dealt to 401d9f26 
Dealt to cad22116 
Dealt to Hero [Qd 6d]
Dealt to 12029d98 
Dealt to dbfec58a 
8b81493e: folds
401d9f26: folds
cad22116: folds
Hero: raises $0.14 to $0.24
12029d98: folds
dbfec58a: folds
Uncalled bet ($0.14) returned to Hero
*** SHOWDOWN ***
Hero collected $0.25 from pot
*** SUMMARY ***
Total pot $0.25 | Rake $0 | Jackpot $0 | Bingo $0 | Fortune $0 | Tax $0
Seat 1: 8b81493e folded before Flop (didn't bet)
Seat 2: 401d9f26 folded before Flop (didn't bet)
Seat 3: cad22116 folded before Flop (didn't bet)
Seat 4: Hero (button) collected ($0.25)
Seat 5: 12029d98 (small blind) folded before Flop
Seat 6: dbfec58a (big blind) folded before Flop


Poker Hand #HD1811416654: Hold'em No Limit ($0.05/$0.1) - 2024/06/11 21:40:37
Table 'NLHRed25' 6-max Seat #3 is the button
Seat 1: 8b81493e ($10.87 in chips)
Seat 2: 401d9f26 ($10.82 in chips)
Seat 3: cad22116 ($44.64 in chips)
Seat 4: Hero ($12.75 in chips)
Seat 5: 12029d98 ($1.38 in chips)
Seat 6: dbfec58a ($10.57 in chips)
Hero: posts small blind $0.05
12029d98: posts big blind $0.1
*** HOLE CARDS ***
Dealt to 8b81493e 
Dealt to 401d9f26 
Dealt to cad22116 
Dealt to Hero [7c Ts]
Dealt to 12029d98 
Dealt to dbfec58a 
dbfec58a: folds
8b81493e: folds
401d9f26: folds
cad22116: folds
Hero: folds
Uncalled bet ($0.05) returned to 12029d98
*** SHOWDOWN ***
12029d98 collected $0.1 from pot
*** SUMMARY ***
Total pot $0.1 | Rake $0 | Jackpot $0 | Bingo $0 | Fortune $0 | Tax $0
Seat 1: 8b81493e folded before Flop (didn't bet)
Seat 2: 401d9f26 folded before Flop (didn't bet)
Seat 3: cad22116 (button) folded before Flop (didn't bet)
Seat 4: Hero (small blind) folded before Flop
Seat 5: 12029d98 (big blind) collected ($0.1)
Seat 6: dbfec58a folded before Flop (didn't bet)


Poker Hand #HD1811416554: Hold'em No Limit ($0.05/$0.1) - 2024/06/11 21:39:56
Table 'NLHRed25' 6-max Seat #2 is the button
Seat 1: 8b81493e ($10.87 in chips)
Seat 2: 401d9f26 ($10.82 in chips)
Seat 3: cad22116 ($44.69 in chips)
Seat 4: Hero ($12.85 in chips)
Seat 5: 12029d98 ($1.48 in chips)
Seat 6: dbfec58a ($10.33 in chips)
cad22116: posts small blind $0.05
Hero: posts big blind $0.1
*** HOLE CARDS ***
Dealt to 8b81493e 
Dealt to 401d9f26 
Dealt to cad22116 
Dealt to Hero [Qh 7c]
Dealt to 12029d98 
Dealt to dbfec58a 
12029d98: calls $0.1
dbfec58a: calls $0.1
8b81493e: folds
401d9f26: folds
cad22116: folds
Hero: checks
*** FLOP *** [3s 4d 2c]
Hero: checks
12029d98: checks
dbfec58a: checks
*** TURN *** [3s 4d 2c] [9d]
Hero: checks
12029d98: checks
dbfec58a: checks
*** RIVER *** [3s 4d 2c 9d] [3d]
Hero: checks
12029d98: checks
dbfec58a: checks
Hero: shows [Qh 7c] (Pair of Treys)
12029d98: shows [2h Tc] (Pair of Treys and Pair of Twos)
dbfec58a: shows [5c 5h] (Pair of Fives and Pair of Treys)
*** SHOWDOWN ***
dbfec58a collected $0.34 from pot
*** SUMMARY ***
Total pot $0.35 | Rake $0.01 | Jackpot $0 | Bingo $0 | Fortune $0 | Tax $0
Board [3s 4d 2c 9d 3d]
Seat 1: 8b81493e folded before Flop (didn't bet)
Seat 2: 401d9f26 (button) folded before Flop (didn't bet)
Seat 3: cad22116 (small blind) folded before Flop
Seat 4: Hero (big blind) showed [Qh 7c] and lost with Pair of Treys
Seat 5: 12029d98 showed [2h Tc] and lost with Pair of Treys and Pair of Twos
Seat 6: dbfec58a showed [5c 5h] and won ($0.34) with Pair of Fives and Pair of Treys


Poker Hand #HD1811416483: Hold'em No Limit ($0.05/$0.1) - 2024/06/11 21:39:25
Table 'NLHRed25' 6-max Seat #1 is the button
Seat 1: 8b81493e ($10.87 in chips)
Seat 2: 401d9f26 ($10.87 in chips)
Seat 3: cad22116 ($44.79 in chips)
Seat 4: Hero ($13.05 in chips)
Seat 5: 12029d98 ($1.48 in chips)
Seat 6: dbfec58a ($10 in chips)
401d9f26: posts small blind $0.05
cad22116: posts big blind $0.1
*** HOLE CARDS ***
Dealt to 8b81493e 
Dealt to 401d9f26 
Dealt to cad22116 
Dealt to Hero [Ad 9d]
Dealt to 12029d98 
Dealt to dbfec58a 
Hero: raises $0.1 to $0.2
12029d98: folds
dbfec58a: calls $0.2
8b81493e: folds
401d9f26: folds
cad22116: folds
*** FLOP *** [Ks 6c Jc]
Hero: checks
dbfec58a: bets $0.28
Hero: folds
Uncalled bet ($0.28) returned to dbfec58a
*** SHOWDOWN ***
dbfec58a collected $0.53 from pot
*** SUMMARY ***
Total pot $0.55 | Rake $0.02 | Jackpot $0 | Bingo $0 | Fortune $0 | Tax $0
Board [Ks 6c Jc]
Seat 1: 8b81493e (button) folded before Flop (didn't bet)
Seat 2: 401d9f26 (small blind) folded before Flop
Seat 3: cad22116 (big blind) folded before Flop
Seat 4: Hero folded on the Flop
Seat 5: 12029d98 folded before Flop (didn't bet)
Seat 6: dbfec58a won ($0.53)


Poker Hand #HD1811416373: Hold'em No Limit ($0.05/$0.1) - 2024/06/11 21:38:41
Table 'NLHRed25' 6-max Seat #6 is the button
Seat 1: 8b81493e ($10.59 in chips)
Seat 2: 401d9f26 ($10.97 in chips)
Seat 3: cad22116 ($44.79 in chips)
Seat 4: Hero ($13.05 in chips)
Seat 5: 12029d98 ($1.68 in chips)
Seat 6: dbfec58a ($10 in chips)
8b81493e: posts small blind $0.05
401d9f26: posts big blind $0.1
*** HOLE CARDS ***
Dealt to 8b81493e 
Dealt to 401d9f26 
Dealt to cad22116 
Dealt to Hero [4c 5d]
Dealt to 12029d98 
Dealt to dbfec58a 
cad22116: folds
Hero: folds
12029d98: calls $0.1
dbfec58a: folds
8b81493e: calls $0.05
401d9f26: checks
*** FLOP *** [2s 9s Th]
8b81493e: bets $0.1
401d9f26: folds
12029d98: calls $0.1
*** TURN *** [2s 9s Th] [Qd]
8b81493e: bets $0.38
12029d98: folds
Uncalled bet ($0.38) returned to 8b81493e
*** SHOWDOWN ***
8b81493e collected $0.48 from pot
*** SUMMARY ***
Total pot $0.5 | Rake $0.02 | Jackpot $0 | Bingo $0 | Fortune $0 | Tax $0
Board [2s 9s Th Qd]
Seat 1: 8b81493e (small blind) won ($0.48)
Seat 2: 401d9f26 (big blind) folded on the Flop
Seat 3: cad22116 folded before Flop (didn't bet)
Seat 4: Hero folded before Flop (didn't bet)
Seat 5: 12029d98 folded on the Turn
Seat 6: dbfec58a (button) folded before Flop (didn't bet)


Poker Hand #HD1811416343: Hold'em No Limit ($0.05/$0.1) - 2024/06/11 21:38:27
Table 'NLHRed25' 6-max Seat #5 is the button
Seat 1: 8b81493e ($10.69 in chips)
Seat 2: 401d9f26 ($10.97 in chips)
Seat 3: cad22116 ($44.64 in chips)
Seat 4: Hero ($13.05 in chips)
Seat 5: 12029d98 ($1.68 in chips)
Seat 6: dbfec58a ($10 in chips)
dbfec58a: posts small blind $0.05
8b81493e: posts big blind $0.1
*** HOLE CARDS ***
Dealt to 8b81493e 
Dealt to 401d9f26 
Dealt to cad22116 
Dealt to Hero [2d Tc]
Dealt to 12029d98 
Dealt to dbfec58a 
401d9f26: folds
cad22116: raises $0.2 to $0.3
Hero: folds
12029d98: folds
dbfec58a: folds
8b81493e: folds
Uncalled bet ($0.2) returned to cad22116
*** SHOWDOWN ***
cad22116 collected $0.25 from pot
*** SUMMARY ***
Total pot $0.25 | Rake $0 | Jackpot $0 | Bingo $0 | Fortune $0 | Tax $0
Seat 1: 8b81493e (big blind) folded before Flop
Seat 2: 401d9f26 folded before Flop (didn't bet)
Seat 3: cad22116 collected ($0.25)
Seat 4: Hero folded before Flop (didn't bet)
Seat 5: 12029d98 (button) folded before Flop (didn't bet)
Seat 6: dbfec58a (small blind) folded before Flop


Poker Hand #HD1811416246: Hold'em No Limit ($0.05/$0.1) - 2024/06/11 21:37:42
Table 'NLHRed25' 6-max Seat #4 is the button
Seat 1: 8b81493e ($10.69 in chips)
Seat 2: 401d9f26 ($10.97 in chips)
Seat 3: cad22116 ($44.64 in chips)
Seat 4: Hero ($13.05 in chips)
Seat 5: 12029d98 ($0.88 in chips)
Seat 6: dbfec58a ($10 in chips)
12029d98: posts small blind $0.05
dbfec58a: posts big blind $0.1
*** HOLE CARDS ***
Dealt to 8b81493e 
Dealt to 401d9f26 
Dealt to cad22116 
Dealt to Hero [5c 6h]
Dealt to 12029d98 
Dealt to dbfec58a 
8b81493e: folds
401d9f26: folds
cad22116: folds
Hero: folds
12029d98: calls $0.05
dbfec58a: checks
*** FLOP *** [8c 7d Qh]
12029d98: checks
dbfec58a: bets $0.2
12029d98: calls $0.2
*** TURN *** [8c 7d Qh] [Jd]
12029d98: bets $0.3
dbfec58a: raises $0.3 to $0.6
12029d98: calls $0.28 and is all-in
Uncalled bet ($0.02) returned to dbfec58a
dbfec58a: shows [Qs 7c] (Pair of Queens and Pair of Sevens)
12029d98: shows [Kd 2d] (King-High)
*** RIVER *** [8c 7d Qh Jd] [8d]
*** SHOWDOWN ***
12029d98 collected $1.68 from pot
*** SUMMARY ***
Total pot $1.76 | Rake $0.08 | Jackpot $0 | Bingo $0 | Fortune $0 | Tax $0
Board [8c 7d Qh Jd 8d]
Seat 1: 8b81493e folded before Flop (didn't bet)
Seat 2: 401d9f26 folded before Flop (didn't bet)
Seat 3: cad22116 folded before Flop (didn't bet)
Seat 4: Hero (button) folded before Flop (didn't bet)
Seat 5: 12029d98 (small blind) showed [Kd 2d] and won ($1.68) with King High Flush
Seat 6: dbfec58a (big blind) showed [Qs 7c] and lost with Pair of Queens and Pair of Eights


Poker Hand #HD1811416155: Hold'em No Limit ($0.05/$0.1) - 2024/06/11 21:37:04
Table 'NLHRed25' 6-max Seat #3 is the button
Seat 1: 8b81493e ($10.69 in chips)
Seat 2: 401d9f26 ($10.97 in chips)
Seat 3: cad22116 ($44.12 in chips)
Seat 4: Hero ($13.1 in chips)
Seat 5: 12029d98 ($1.4 in chips)
Hero: posts small blind $0.05
12029d98: posts big blind $0.1
*** HOLE CARDS ***
Dealt to 8b81493e 
Dealt to 401d9f26 
Dealt to cad22116 
Dealt to Hero [7c Js]
Dealt to 12029d98 
8b81493e: folds
401d9f26: folds
cad22116: raises $0.2 to $0.3
Hero: folds
12029d98: calls $0.2
*** FLOP *** [Tc 3c Qc]
12029d98: checks
cad22116: bets $0.22
12029d98: calls $0.22
*** TURN *** [Tc 3c Qc] [4c]
12029d98: checks
cad22116: bets $0.36
12029d98: folds
Uncalled bet ($0.36) returned to cad22116
*** SHOWDOWN ***
cad22116 collected $1.04 from pot
*** SUMMARY ***
Total pot $1.09 | Rake $0.05 | Jackpot $0 | Bingo $0 | Fortune $0 | Tax $0
Board [Tc 3c Qc 4c]
Seat 1: 8b81493e folded before Flop (didn't bet)
Seat 2: 401d9f26 folded before Flop (didn't bet)
Seat 3: cad22116 (button) won ($1.04)
Seat 4: Hero (small blind) folded before Flop
Seat 5: 12029d98 (big blind) folded on the Turn


Poker Hand #HD1811416063: Hold'em No Limit ($0.05/$0.1) - 2024/06/11 21:36:25
Table 'NLHRed25' 6-max Seat #2 is the button
Seat 1: 8b81493e ($10.69 in chips)
Seat 2: 401d9f26 ($10.37 in chips)
Seat 3: cad22116 ($44.17 in chips)
Seat 4: Hero ($13.2 in chips)
Seat 5: 12029d98 ($1.9 in chips)
cad22116: posts small blind $0.05
Hero: posts big blind $0.1
*** HOLE CARDS ***
Dealt to 8b81493e 
Dealt to 401d9f26 
Dealt to cad22116 
Dealt to Hero [5c 6d]
Dealt to 12029d98 
12029d98: calls $0.1
8b81493e: folds
401d9f26: raises $0.4 to $0.5
cad22116: folds
Hero: folds
12029d98: calls $0.4
*** FLOP *** [3s 9h Tc]
12029d98: checks
401d9f26: bets $9.87 and is all-in
12029d98: folds
Uncalled bet ($9.87) returned to 401d9f26
*** SHOWDOWN ***
401d9f26 collected $1.1 from pot
*** SUMMARY ***
Total pot $1.15 | Rake $0.05 | Jackpot $0 | Bingo $0 | Fortune $0 | Tax $0
Board [3s 9h Tc]
Seat 1: 8b81493e folded before Flop (didn't bet)
Seat 2: 401d9f26 (button) won ($1.1)
Seat 3: cad22116 (small blind) folded before Flop
Seat 4: Hero (big blind) folded before Flop
Seat 5: 12029d98 folded on the Flop


Poker Hand #HD1811415920: Hold'em No Limit ($0.05/$0.1) - 2024/06/11 21:35:22
Table 'NLHRed25' 6-max Seat #1 is the button
Seat 1: 8b81493e ($10.05 in chips)
Seat 2: 401d9f26 ($10.42 in chips)
Seat 3: cad22116 ($44.72 in chips)
Seat 4: Hero ($13.2 in chips)
Seat 5: 12029d98 ($2 in chips)
401d9f26: posts small blind $0.05
cad22116: posts big blind $0.1
12029d98: posts big blind $0.1
*** HOLE CARDS ***
Dealt to 8b81493e 
Dealt to 401d9f26 
Dealt to cad22116 
Dealt to Hero [4d Js]
Dealt to 12029d98 
Hero: folds
12029d98: checks
8b81493e: calls $0.1
401d9f26: folds
cad22116: raises $0.2 to $0.3
12029d98: folds
8b81493e: calls $0.2
*** FLOP *** [Qc 2d Th]
cad22116: checks
8b81493e: checks
*** TURN *** [Qc 2d Th] [2s]
cad22116: bets $0.25
8b81493e: raises $0.94 to $1.19
cad22116: folds
Uncalled bet ($0.94) returned to 8b81493e
*** SHOWDOWN ***
8b81493e collected $1.19 from pot
*** SUMMARY ***
Total pot $1.25 | Rake $0.06 | Jackpot $0 | Bingo $0 | Fortune $0 | Tax $0
Board [Qc 2d Th 2s]
Seat 1: 8b81493e (button) won ($1.19)
Seat 2: 401d9f26 (small blind) folded before Flop
Seat 3: cad22116 (big blind) folded on the Turn
Seat 4: Hero folded before Flop (didn't bet)
Seat 5: 12029d98 folded before Flop


Poker Hand #HD1811415883: Hold'em No Limit ($0.05/$0.1) - 2024/06/11 21:35:06
Table 'NLHRed25' 6-max Seat #4 is the button
Seat 1: 8b81493e ($10.1 in chips)
Seat 2: 401d9f26 ($10.52 in chips)
Seat 3: cad22116 ($44.57 in chips)
Seat 4: Hero ($13.2 in chips)
8b81493e: posts small blind $0.05
401d9f26: posts big blind $0.1
*** HOLE CARDS ***
Dealt to 8b81493e 
Dealt to 401d9f26 
Dealt to cad22116 
Dealt to Hero [3s 8s]
cad22116: raises $0.1 to $0.2
Hero: folds
8b81493e: folds
401d9f26: folds
Uncalled bet ($0.1) returned to cad22116
*** SHOWDOWN ***
cad22116 collected $0.25 from pot
*** SUMMARY ***
Total pot $0.25 | Rake $0 | Jackpot $0 | Bingo $0 | Fortune $0 | Tax $0
Seat 1: 8b81493e (small blind) folded before Flop
Seat 2: 401d9f26 (big blind) folded before Flop
Seat 3: cad22116 collected ($0.25)
Seat 4: Hero (button) folded before Flop (didn't bet)


Poker Hand #HD1811415829: Hold'em No Limit ($0.05/$0.1) - 2024/06/11 21:34:44
Table 'NLHRed25' 6-max Seat #3 is the button
Seat 1: 8b81493e ($10.1 in chips)
Seat 2: 401d9f26 ($10.52 in chips)
Seat 3: cad22116 ($44.57 in chips)
Seat 4: Hero ($13.25 in chips)
Seat 6: e1d1bc25 ($8.36 in chips)
Hero: posts small blind $0.05
e1d1bc25: posts big blind $0.1
*** HOLE CARDS ***
Dealt to 8b81493e 
Dealt to 401d9f26 
Dealt to cad22116 
Dealt to Hero [6d 7c]
Dealt to e1d1bc25 
8b81493e: folds
401d9f26: folds
cad22116: folds
Hero: folds
Uncalled bet ($0.05) returned to e1d1bc25
*** SHOWDOWN ***
e1d1bc25 collected $0.1 from pot
*** SUMMARY ***
Total pot $0.1 | Rake $0 | Jackpot $0 | Bingo $0 | Fortune $0 | Tax $0
Seat 1: 8b81493e folded before Flop (didn't bet)
Seat 2: 401d9f26 folded before Flop (didn't bet)
Seat 3: cad22116 (button) folded before Flop (didn't bet)
Seat 4: Hero (small blind) folded before Flop
Seat 6: e1d1bc25 (big blind) collected ($0.1)


Poker Hand #HD1811415793: Hold'em No Limit ($0.05/$0.1) - 2024/06/11 21:34:26
Table 'NLHRed25' 6-max Seat #2 is the button
Seat 1: 8b81493e ($10.1 in chips)
Seat 2: 401d9f26 ($10.52 in chips)
Seat 3: cad22116 ($44.62 in chips)
Seat 4: Hero ($13.2 in chips)
Seat 6: e1d1bc25 ($8.36 in chips)
cad22116: posts small blind $0.05
Hero: posts big blind $0.1
*** HOLE CARDS ***
Dealt to 8b81493e 
Dealt to 401d9f26 
Dealt to cad22116 
Dealt to Hero [Th 4c]
Dealt to e1d1bc25 
e1d1bc25: folds
8b81493e: folds
401d9f26: folds
cad22116: folds
Uncalled bet ($0.05) returned to Hero
*** SHOWDOWN ***
Hero collected $0.1 from pot
*** SUMMARY ***
Total pot $0.1 | Rake $0 | Jackpot $0 | Bingo $0 | Fortune $0 | Tax $0
Seat 1: 8b81493e folded before Flop (didn't bet)
Seat 2: 401d9f26 (button) folded before Flop (didn't bet)
Seat 3: cad22116 (small blind) folded before Flop
Seat 4: Hero (big blind) collected ($0.1)
Seat 6: e1d1bc25 folded before Flop (didn't bet)


Poker Hand #HD1811415744: Hold'em No Limit ($0.05/$0.1) - 2024/06/11 21:34:05
Table 'NLHRed25' 6-max Seat #1 is the button
Seat 1: 8b81493e ($10.1 in chips)
Seat 2: 401d9f26 ($10.57 in chips)
Seat 3: cad22116 ($44.57 in chips)
Seat 4: Hero ($13.2 in chips)
Seat 6: e1d1bc25 ($8.36 in chips)
401d9f26: posts small blind $0.05
cad22116: posts big blind $0.1
*** HOLE CARDS ***
Dealt to 8b81493e 
Dealt to 401d9f26 
Dealt to cad22116 
Dealt to Hero [As 2c]
Dealt to e1d1bc25 
Hero: folds
e1d1bc25: folds
8b81493e: folds
401d9f26: folds
Uncalled bet ($0.05) returned to cad22116
*** SHOWDOWN ***
cad22116 collected $0.1 from pot
*** SUMMARY ***
Total pot $0.1 | Rake $0 | Jackpot $0 | Bingo $0 | Fortune $0 | Tax $0
Seat 1: 8b81493e (button) folded before Flop (didn't bet)
Seat 2: 401d9f26 (small blind) folded before Flop
Seat 3: cad22116 (big blind) collected ($0.1)
Seat 4: Hero folded before Flop (didn't bet)
Seat 6: e1d1bc25 folded before Flop (didn't bet)


Poker Hand #HD1811415690: Hold'em No Limit ($0.05/$0.1) - 2024/06/11 21:33:45
Table 'NLHRed25' 6-max Seat #6 is the button
Seat 1: 8b81493e ($10 in chips)
Seat 2: 401d9f26 ($10.67 in chips)
Seat 3: cad22116 ($44.57 in chips)
Seat 4: Hero ($13.2 in chips)
Seat 5: 90500b2c ($11.1 in chips)
Seat 6: e1d1bc25 ($8.36 in chips)
8b81493e: posts small blind $0.05
401d9f26: posts big blind $0.1
*** HOLE CARDS ***
Dealt to 8b81493e 
Dealt to 401d9f26 
Dealt to cad22116 
Dealt to Hero [Ah 8d]
Dealt to 90500b2c 
Dealt to e1d1bc25 
cad22116: folds
Hero: folds
90500b2c: folds
e1d1bc25: folds
8b81493e: raises $0.2 to $0.3
401d9f26: folds
Uncalled bet ($0.2) returned to 8b81493e
*** SHOWDOWN ***
8b81493e collected $0.2 from pot
*** SUMMARY ***
Total pot $0.2 | Rake $0 | Jackpot $0 | Bingo $0 | Fortune $0 | Tax $0
Seat 1: 8b81493e (small blind) collected ($0.2)
Seat 2: 401d9f26 (big blind) folded before Flop
Seat 3: cad22116 folded before Flop (didn't bet)
Seat 4: Hero folded before Flop (didn't bet)
Seat 5: 90500b2c folded before Flop (didn't bet)
Seat 6: e1d1bc25 (button) folded before Flop (didn't bet)


Poker Hand #HD1811335589: Hold'em No Limit ($0.05/$0.1) - 2024/06/11 21:33:03
Table 'NLHRed25' 6-max Seat #5 is the button
Seat 1: 8b81493e ($10 in chips)
Seat 2: 401d9f26 ($10.67 in chips)
Seat 3: cad22116 ($44.25 in chips)
Seat 4: Hero ($13.2 in chips)
Seat 5: 90500b2c ($11.1 in chips)
Seat 6: e1d1bc25 ($8.41 in chips)
e1d1bc25: posts small blind $0.05
8b81493e: posts big blind $0.1
*** HOLE CARDS ***
Dealt to 8b81493e 
Dealt to 401d9f26 
Dealt to cad22116 
Dealt to Hero [Kh 4d]
Dealt to 90500b2c 
Dealt to e1d1bc25 
401d9f26: folds
cad22116: raises $0.2 to $0.3
Hero: folds
90500b2c: folds
e1d1bc25: folds
8b81493e: calls $0.2
*** FLOP *** [Tc 8s Qd]
8b81493e: checks
cad22116: bets $0.22
8b81493e: folds
Uncalled bet ($0.22) returned to cad22116
*** SHOWDOWN ***
cad22116 collected $0.62 from pot
*** SUMMARY ***
Total pot $0.65 | Rake $0.03 | Jackpot $0 | Bingo $0 | Fortune $0 | Tax $0
Board [Tc 8s Qd]
Seat 1: 8b81493e (big blind) folded on the Flop
Seat 2: 401d9f26 folded before Flop (didn't bet)
Seat 3: cad22116 won ($0.62)
Seat 4: Hero folded before Flop (didn't bet)
Seat 5: 90500b2c (button) folded before Flop (didn't bet)
Seat 6: e1d1bc25 (small blind) folded before Flop


Poker Hand #HD1811335509: Hold'em No Limit ($0.05/$0.1) - 2024/06/11 21:32:31
Table 'NLHRed25' 6-max Seat #4 is the button
Seat 1: 8b81493e ($10 in chips)
Seat 2: 401d9f26 ($10.87 in chips)
Seat 3: cad22116 ($44.25 in chips)
Seat 4: Hero ($13.2 in chips)
Seat 5: 90500b2c ($10.82 in chips)
Seat 6: e1d1bc25 ($8.51 in chips)
90500b2c: posts small blind $0.05
e1d1bc25: posts big blind $0.1
*** HOLE CARDS ***
Dealt to 8b81493e 
Dealt to 401d9f26 
Dealt to cad22116 
Dealt to Hero [2h Kc]
Dealt to 90500b2c 
Dealt to e1d1bc25 
8b81493e: folds
401d9f26: raises $0.1 to $0.2
cad22116: folds
Hero: folds
90500b2c: raises $1.05 to $1.25
e1d1bc25: folds
401d9f26: folds
Uncalled bet ($1.05) returned to 90500b2c
*** SHOWDOWN ***
90500b2c collected $0.48 from pot
*** SUMMARY ***
Total pot $0.5 | Rake $0.02 | Jackpot $0 | Bingo $0 | Fortune $0 | Tax $0
Seat 1: 8b81493e folded before Flop (didn't bet)
Seat 2: 401d9f26 folded before Flop
Seat 3: cad22116 folded before Flop (didn't bet)
Seat 4: Hero (button) folded before Flop (didn't bet)
Seat 5: 90500b2c (small blind) collected ($0.48)
Seat 6: e1d1bc25 (big blind) folded before Flop


Poker Hand #HD1811335413: Hold'em No Limit ($0.05/$0.1) - 2024/06/11 21:31:49
Table 'NLHRed25' 6-max Seat #3 is the button
Seat 1: 8b81493e ($10 in chips)
Seat 2: 401d9f26 ($11.07 in chips)
Seat 3: cad22116 ($44.45 in chips)
Seat 4: Hero ($13.25 in chips)
Seat 5: 90500b2c ($10.4 in chips)
Seat 6: e1d1bc25 ($8.51 in chips)
Hero: posts small blind $0.05
90500b2c: posts big blind $0.1
*** HOLE CARDS ***
Dealt to 8b81493e 
Dealt to 401d9f26 
Dealt to cad22116 
Dealt to Hero [6s Kd]
Dealt to 90500b2c 
Dealt to e1d1bc25 
e1d1bc25: folds
8b81493e: folds
401d9f26: raises $0.1 to $0.2
cad22116: calls $0.2
Hero: folds
90500b2c: raises $1.35 to $1.55
401d9f26: folds
cad22116: folds
Uncalled bet ($1.35) returned to 90500b2c
*** SHOWDOWN ***
90500b2c collected $0.62 from pot
*** SUMMARY ***
Total pot $0.65 | Rake $0.03 | Jackpot $0 | Bingo $0 | Fortune $0 | Tax $0
Seat 1: 8b81493e folded before Flop (didn't bet)
Seat 2: 401d9f26 folded before Flop
Seat 3: cad22116 (button) folded before Flop
Seat 4: Hero (small blind) folded before Flop
Seat 5: 90500b2c (big blind) collected ($0.62)
Seat 6: e1d1bc25 folded before Flop (didn't bet)


Poker Hand #HD1811335333: Hold'em No Limit ($0.05/$0.1) - 2024/06/11 21:31:16
Table 'NLHRed25' 6-max Seat #2 is the button
Seat 1: 8b81493e ($10 in chips)
Seat 2: 401d9f26 ($10.65 in chips)
Seat 3: cad22116 ($44.5 in chips)
Seat 4: Hero ($13.35 in chips)
Seat 5: 90500b2c ($10.4 in chips)
Seat 6: e1d1bc25 ($8.51 in chips)
cad22116: posts small blind $0.05
Hero: posts big blind $0.1
*** HOLE CARDS ***
Dealt to 8b81493e 
Dealt to 401d9f26 
Dealt to cad22116 
Dealt to Hero [Jd 4s]
Dealt to 90500b2c 
Dealt to e1d1bc25 
90500b2c: folds
e1d1bc25: folds
8b81493e: raises $0.2 to $0.3
401d9f26: raises $0.75 to $1.05
cad22116: folds
Hero: folds
8b81493e: folds
Uncalled bet ($0.75) returned to 401d9f26
*** SHOWDOWN ***
401d9f26 collected $0.72 from pot
*** SUMMARY ***
Total pot $0.75 | Rake $0.03 | Jackpot $0 | Bingo $0 | Fortune $0 | Tax $0
Seat 1: 8b81493e folded before Flop
Seat 2: 401d9f26 (button) collected ($0.72)
Seat 3: cad22116 (small blind) folded before Flop
Seat 4: Hero (big blind) folded before Flop
Seat 5: 90500b2c folded before Flop (didn't bet)
Seat 6: e1d1bc25 folded before Flop (didn't bet)


Poker Hand #HD1811335238: Hold'em No Limit ($0.05/$0.1) - 2024/06/11 21:30:30
Table 'NLHRed25' 6-max Seat #1 is the button
Seat 1: 8b81493e ($10 in chips)
Seat 2: 401d9f26 ($10 in chips)
Seat 3: cad22116 ($44.6 in chips)
Seat 4: Hero ($13.35 in chips)
Seat 5: 90500b2c ($10.4 in chips)
Seat 6: e1d1bc25 ($8.81 in chips)
401d9f26: posts small blind $0.05
cad22116: posts big blind $0.1
*** HOLE CARDS ***
Dealt to 8b81493e 
Dealt to 401d9f26 
Dealt to cad22116 
Dealt to Hero [3d 5c]
Dealt to 90500b2c 
Dealt to e1d1bc25 
Hero: folds
90500b2c: folds
e1d1bc25: raises $0.2 to $0.3
8b81493e: calls $0.3
401d9f26: raises $1.2 to $1.5
cad22116: folds
e1d1bc25: folds
8b81493e: folds
Uncalled bet ($1.2) returned to 401d9f26
*** SHOWDOWN ***
401d9f26 collected $0.95 from pot
*** SUMMARY ***
Total pot $1 | Rake $0.05 | Jackpot $0 | Bingo $0 | Fortune $0 | Tax $0
Seat 1: 8b81493e (button) folded before Flop
Seat 2: 401d9f26 (small blind) collected ($0.95)
Seat 3: cad22116 (big blind) folded before Flop
Seat 4: Hero folded before Flop (didn't bet)
Seat 5: 90500b2c folded before Flop (didn't bet)
Seat 6: e1d1bc25 folded before Flop


Poker Hand #HD1811335109: Hold'em No Limit ($0.05/$0.1) - 2024/06/11 21:29:37
Table 'NLHRed25' 6-max Seat #6 is the button
Seat 1: 8b81493e ($10.42 in chips)
Seat 2: 401d9f26 ($10 in chips)
Seat 3: cad22116 ($44.6 in chips)
Seat 4: Hero ($13.35 in chips)
Seat 5: 90500b2c ($10.4 in chips)
Seat 6: e1d1bc25 ($9.27 in chips)
8b81493e: posts small blind $0.05
401d9f26: posts big blind $0.1
*** HOLE CARDS ***
Dealt to 8b81493e 
Dealt to 401d9f26 
Dealt to cad22116 
Dealt to Hero [Kd 3h]
Dealt to 90500b2c 
Dealt to e1d1bc25 
cad22116: folds
Hero: folds
90500b2c: folds
e1d1bc25: raises $0.2 to $0.3
8b81493e: calls $0.25
401d9f26: folds
*** FLOP *** [3d 5h 4c]
8b81493e: bets $0.7
e1d1bc25: calls $0.7
*** TURN *** [3d 5h 4c] [2d]
8b81493e: bets $1.58
e1d1bc25: calls $1.58
*** RIVER *** [3d 5h 4c 2d] [As]
8b81493e: bets $6.9
e1d1bc25: calls $6.69 and is all-in
Uncalled bet ($0.21) returned to 8b81493e
8b81493e: shows [9c Jc] (Fives-High Straight)
e1d1bc25: shows [Ac Qh] (Fives-High Straight)
*** SHOWDOWN ***
8b81493e collected $8.81 from pot
e1d1bc25 collected $8.81 from pot
*** SUMMARY ***
Total pot $18.64 | Rake $0.92 | Jackpot $0.1 | Bingo $0 | Fortune $0 | Tax $0
Board [3d 5h 4c 2d As]
Seat 1: 8b81493e (small blind) showed [9c Jc] and won ($8.81) with Fives-High Straight
Seat 2: 401d9f26 (big blind) folded before Flop
Seat 3: cad22116 folded before Flop (didn't bet)
Seat 4: Hero folded before Flop (didn't bet)
Seat 5: 90500b2c folded before Flop (didn't bet)
Seat 6: e1d1bc25 (button) showed [Ac Qh] and won ($8.81) with Fives-High Straight


Poker Hand #HD1811334947: Hold'em No Limit ($0.05/$0.1) - 2024/06/11 21:28:35
Table 'NLHRed25' 6-max Seat #5 is the button
Seat 1: 8b81493e ($11.02 in chips)
Seat 3: cad22116 ($44.6 in chips)
Seat 4: Hero ($13.35 in chips)
Seat 5: 90500b2c ($10.4 in chips)
Seat 6: e1d1bc25 ($8.73 in chips)
e1d1bc25: posts small blind $0.05
8b81493e: posts big blind $0.1
*** HOLE CARDS ***
Dealt to 8b81493e 
Dealt to cad22116 
Dealt to Hero [4s 5d]
Dealt to 90500b2c 
Dealt to e1d1bc25 
cad22116: folds
Hero: folds
90500b2c: folds
e1d1bc25: raises $0.2 to $0.3
8b81493e: calls $0.2
*** FLOP *** [Ad Jh Td]
e1d1bc25: bets $0.3
8b81493e: calls $0.3
*** TURN *** [Ad Jh Td] [Ah]
e1d1bc25: checks
8b81493e: checks
*** RIVER *** [Ad Jh Td Ah] [2c]
e1d1bc25: bets $0.9
8b81493e: folds
Uncalled bet ($0.9) returned to e1d1bc25
*** SHOWDOWN ***
e1d1bc25 collected $1.14 from pot
*** SUMMARY ***
Total pot $1.2 | Rake $0.06 | Jackpot $0 | Bingo $0 | Fortune $0 | Tax $0
Board [Ad Jh Td Ah 2c]
Seat 1: 8b81493e (big blind) folded on the River
Seat 3: cad22116 folded before Flop (didn't bet)
Seat 4: Hero folded before Flop (didn't bet)
Seat 5: 90500b2c (button) folded before Flop (didn't bet)
Seat 6: e1d1bc25 (small blind) won ($1.14)


Poker Hand #HD1811334821: Hold'em No Limit ($0.05/$0.1) - 2024/06/11 21:27:41
Table 'NLHRed25' 6-max Seat #4 is the button
Seat 1: 8b81493e ($11.02 in chips)
Seat 3: cad22116 ($45.3 in chips)
Seat 4: Hero ($12.57 in chips)
Seat 5: 90500b2c ($10.45 in chips)
Seat 6: e1d1bc25 ($8.83 in chips)
90500b2c: posts small blind $0.05
e1d1bc25: posts big blind $0.1
*** HOLE CARDS ***
Dealt to 8b81493e 
Dealt to cad22116 
Dealt to Hero [Ts Qs]
Dealt to 90500b2c 
Dealt to e1d1bc25 
8b81493e: folds
cad22116: raises $0.1 to $0.2
Hero: raises $0.5 to $0.7
90500b2c: folds
e1d1bc25: folds
cad22116: calls $0.5
*** FLOP *** [Qd Th Ks]
cad22116: checks
Hero: bets $0.7
cad22116: folds
Uncalled bet ($0.7) returned to Hero
*** SHOWDOWN ***
Hero collected $1.48 from pot
*** SUMMARY ***
Total pot $1.55 | Rake $0.07 | Jackpot $0 | Bingo $0 | Fortune $0 | Tax $0
Board [Qd Th Ks]
Seat 1: 8b81493e folded before Flop (didn't bet)
Seat 3: cad22116 folded on the Flop
Seat 4: Hero (button) won ($1.48)
Seat 5: 90500b2c (small blind) folded before Flop
Seat 6: e1d1bc25 (big blind) folded before Flop


Poker Hand #HD1811334644: Hold'em No Limit ($0.05/$0.1) - 2024/06/11 21:26:23
Table 'NLHRed25' 6-max Seat #3 is the button
Seat 1: 8b81493e ($11.02 in chips)
Seat 2: e19cf951 ($11.75 in chips)
Seat 3: cad22116 ($45.3 in chips)
Seat 4: Hero ($12.87 in chips)
Seat 5: 90500b2c ($10.18 in chips)
Seat 6: e1d1bc25 ($8.83 in chips)
Hero: posts small blind $0.05
90500b2c: posts big blind $0.1
*** HOLE CARDS ***
Dealt to 8b81493e 
Dealt to e19cf951 
Dealt to cad22116 
Dealt to Hero [6d 6h]
Dealt to 90500b2c 
Dealt to e1d1bc25 
e1d1bc25: folds
8b81493e: folds
e19cf951: folds
cad22116: folds
Hero: raises $0.2 to $0.3
90500b2c: calls $0.2
*** FLOP *** [Th 3h Qh]
Hero: checks
90500b2c: checks
*** TURN *** [Th 3h Qh] [Js]
Hero: checks
90500b2c: checks
*** RIVER *** [Th 3h Qh Js] [4c]
Hero: checks
90500b2c: bets $0.5
Hero: folds
Uncalled bet ($0.5) returned to 90500b2c
*** SHOWDOWN ***
90500b2c collected $0.57 from pot
*** SUMMARY ***
Total pot $0.6 | Rake $0.03 | Jackpot $0 | Bingo $0 | Fortune $0 | Tax $0
Board [Th 3h Qh Js 4c]
Seat 1: 8b81493e folded before Flop (didn't bet)
Seat 2: e19cf951 folded before Flop (didn't bet)
Seat 3: cad22116 (button) folded before Flop (didn't bet)
Seat 4: Hero (small blind) folded on the River
Seat 5: 90500b2c (big blind) won ($0.57)
Seat 6: e1d1bc25 folded before Flop (didn't bet)


Poker Hand #HD1811334550: Hold'em No Limit ($0.05/$0.1) - 2024/06/11 21:25:39
Table 'NLHRed25' 6-max Seat #2 is the button
Seat 1: 8b81493e ($11.02 in chips)
Seat 2: e19cf951 ($11.75 in chips)
Seat 3: cad22116 ($45.35 in chips)
Seat 4: Hero ($12.73 in chips)
Seat 5: 90500b2c ($10.18 in chips)
Seat 6: e1d1bc25 ($8.93 in chips)
cad22116: posts small blind $0.05
Hero: posts big blind $0.1
*** HOLE CARDS ***
Dealt to 8b81493e 
Dealt to e19cf951 
Dealt to cad22116 
Dealt to Hero [3d 2h]
Dealt to 90500b2c 
Dealt to e1d1bc25 
90500b2c: folds
e1d1bc25: calls $0.1
8b81493e: folds
e19cf951: folds
cad22116: folds
Hero: checks
*** FLOP *** [Kc 7d Kh]
Hero: checks
e1d1bc25: checks
*** TURN *** [Kc 7d Kh] [Kd]
Hero: bets $0.1
e1d1bc25: folds
Uncalled bet ($0.1) returned to Hero
*** SHOWDOWN ***
Hero collected $0.24 from pot
*** SUMMARY ***
Total pot $0.25 | Rake $0.01 | Jackpot $0 | Bingo $0 | Fortune $0 | Tax $0
Board [Kc 7d Kh Kd]
Seat 1: 8b81493e folded before Flop (didn't bet)
Seat 2: e19cf951 (button) folded before Flop (didn't bet)
Seat 3: cad22116 (small blind) folded before Flop
Seat 4: Hero (big blind) won ($0.24)
Seat 5: 90500b2c folded before Flop (didn't bet)
Seat 6: e1d1bc25 folded on the Turn


Poker Hand #HD1811334499: Hold'em No Limit ($0.05/$0.1) - 2024/06/11 21:25:16
Table 'NLHRed25' 6-max Seat #1 is the button
Seat 1: 8b81493e ($11.02 in chips)
Seat 2: e19cf951 ($11.8 in chips)
Seat 3: cad22116 ($45.45 in chips)
Seat 4: Hero ($12.93 in chips)
Seat 5: 90500b2c ($9.85 in chips)
Seat 6: e1d1bc25 ($8.93 in chips)
e19cf951: posts small blind $0.05
cad22116: posts big blind $0.1
*** HOLE CARDS ***
Dealt to 8b81493e 
Dealt to e19cf951 
Dealt to cad22116 
Dealt to Hero [Qh Jd]
Dealt to 90500b2c 
Dealt to e1d1bc25 
Hero: raises $0.1 to $0.2
90500b2c: raises $0.4 to $0.6
e1d1bc25: folds
8b81493e: folds
e19cf951: folds
cad22116: folds
Hero: folds
Uncalled bet ($0.4) returned to 90500b2c
*** SHOWDOWN ***
90500b2c collected $0.53 from pot
*** SUMMARY ***
Total pot $0.55 | Rake $0.02 | Jackpot $0 | Bingo $0 | Fortune $0 | Tax $0
Seat 1: 8b81493e (button) folded before Flop (didn't bet)
Seat 2: e19cf951 (small blind) folded before Flop
Seat 3: cad22116 (big blind) folded before Flop
Seat 4: Hero folded before Flop
Seat 5: 90500b2c collected ($0.53)
Seat 6: e1d1bc25 folded before Flop (didn't bet)


Poker Hand #HD1811334335: Hold'em No Limit ($0.05/$0.1) - 2024/06/11 21:24:02
Table 'NLHRed25' 6-max Seat #6 is the button
Seat 1: 8b81493e ($10.05 in chips)
Seat 2: e19cf951 ($12 in chips)
Seat 3: cad22116 ($45.45 in chips)
Seat 4: Hero ($12.93 in chips)
Seat 5: 90500b2c ($10.5 in chips)
Seat 6: e1d1bc25 ($9.13 in chips)
8b81493e: posts small blind $0.05
e19cf951: posts big blind $0.1
*** HOLE CARDS ***
Dealt to 8b81493e 
Dealt to e19cf951 
Dealt to cad22116 
Dealt to Hero [7c Qh]
Dealt to 90500b2c 
Dealt to e1d1bc25 
cad22116: folds
Hero: folds
90500b2c: raises $0.1 to $0.2
e1d1bc25: calls $0.2
8b81493e: calls $0.15
e19cf951: calls $0.1
*** FLOP *** [8h Tc 2d]
8b81493e: checks
e19cf951: checks
90500b2c: bets $0.45
e1d1bc25: folds
8b81493e: raises $1.7 to $2.15
e19cf951: folds
90500b2c: folds
Uncalled bet ($1.7) returned to 8b81493e
*** SHOWDOWN ***
8b81493e collected $1.62 from pot
*** SUMMARY ***
Total pot $1.7 | Rake $0.08 | Jackpot $0 | Bingo $0 | Fortune $0 | Tax $0
Board [8h Tc 2d]
Seat 1: 8b81493e (small blind) won ($1.62)
Seat 2: e19cf951 (big blind) folded on the Flop
Seat 3: cad22116 folded before Flop (didn't bet)
Seat 4: Hero folded before Flop (didn't bet)
Seat 5: 90500b2c folded on the Flop
Seat 6: e1d1bc25 (button) folded on the Flop


Poker Hand #HD1811334278: Hold'em No Limit ($0.05/$0.1) - 2024/06/11 21:23:33
Table 'NLHRed25' 6-max Seat #5 is the button
Seat 1: 8b81493e ($10.15 in chips)
Seat 2: e19cf951 ($12 in chips)
Seat 3: cad22116 ($45.45 in chips)
Seat 4: Hero ($12.93 in chips)
Seat 5: 90500b2c ($10.35 in chips)
Seat 6: e1d1bc25 ($9.18 in chips)
e1d1bc25: posts small blind $0.05
8b81493e: posts big blind $0.1
*** HOLE CARDS ***
Dealt to 8b81493e 
Dealt to e19cf951 
Dealt to cad22116 
Dealt to Hero [Qc 4s]
Dealt to 90500b2c 
Dealt to e1d1bc25 
e19cf951: folds
cad22116: folds
Hero: folds
90500b2c: raises $0.2 to $0.3
e1d1bc25: folds
8b81493e: folds
Uncalled bet ($0.2) returned to 90500b2c
*** SHOWDOWN ***
90500b2c collected $0.25 from pot
*** SUMMARY ***
Total pot $0.25 | Rake $0 | Jackpot $0 | Bingo $0 | Fortune $0 | Tax $0
Seat 1: 8b81493e (big blind) folded before Flop
Seat 2: e19cf951 folded before Flop (didn't bet)
Seat 3: cad22116 folded before Flop (didn't bet)
Seat 4: Hero folded before Flop (didn't bet)
Seat 5: 90500b2c (button) collected ($0.25)
Seat 6: e1d1bc25 (small blind) folded before Flop


Poker Hand #HD1811334221: Hold'em No Limit ($0.05/$0.1) - 2024/06/11 21:23:04
Table 'NLHRed25' 6-max Seat #4 is the button
Seat 1: 8b81493e ($10.15 in chips)
Seat 2: e19cf951 ($12 in chips)
Seat 3: cad22116 ($45.3 in chips)
Seat 4: Hero ($12.93 in chips)
Seat 5: 90500b2c ($10.4 in chips)
Seat 6: e1d1bc25 ($9.28 in chips)
90500b2c: posts small blind $0.05
e1d1bc25: posts big blind $0.1
*** HOLE CARDS ***
Dealt to 8b81493e 
Dealt to e19cf951 
Dealt to cad22116 
Dealt to Hero [9h 6c]
Dealt to 90500b2c 
Dealt to e1d1bc25 
8b81493e: folds
e19cf951: folds
cad22116: raises $0.3 to $0.4
Hero: folds
90500b2c: folds
e1d1bc25: folds
Uncalled bet ($0.3) returned to cad22116
*** SHOWDOWN ***
cad22116 collected $0.25 from pot
*** SUMMARY ***
Total pot $0.25 | Rake $0 | Jackpot $0 | Bingo $0 | Fortune $0 | Tax $0
Seat 1: 8b81493e folded before Flop (didn't bet)
Seat 2: e19cf951 folded before Flop (didn't bet)
Seat 3: cad22116 collected ($0.25)
Seat 4: Hero (button) folded before Flop (didn't bet)
Seat 5: 90500b2c (small blind) folded before Flop
Seat 6: e1d1bc25 (big blind) folded before Flop


Poker Hand #HD1811334152: Hold'em No Limit ($0.05/$0.1) - 2024/06/11 21:22:36
Table 'NLHRed25' 6-max Seat #3 is the button
Seat 1: 8b81493e ($10.15 in chips)
Seat 2: e19cf951 ($12 in chips)
Seat 3: cad22116 ($45.3 in chips)
Seat 4: Hero ($12.83 in chips)
Seat 5: 90500b2c ($10.5 in chips)
Seat 6: e1d1bc25 ($9.28 in chips)
Hero: posts small blind $0.05
90500b2c: posts big blind $0.1
*** HOLE CARDS ***
Dealt to 8b81493e 
Dealt to e19cf951 
Dealt to cad22116 
Dealt to Hero [Jh Qd]
Dealt to 90500b2c 
Dealt to e1d1bc25 
e1d1bc25: folds
8b81493e: folds
e19cf951: folds
cad22116: folds
Hero: raises $0.2 to $0.3
90500b2c: folds
Uncalled bet ($0.2) returned to Hero
*** SHOWDOWN ***
Hero collected $0.2 from pot
*** SUMMARY ***
Total pot $0.2 | Rake $0 | Jackpot $0 | Bingo $0 | Fortune $0 | Tax $0
Seat 1: 8b81493e folded before Flop (didn't bet)
Seat 2: e19cf951 folded before Flop (didn't bet)
Seat 3: cad22116 (button) folded before Flop (didn't bet)
Seat 4: Hero (small blind) collected ($0.2)
Seat 5: 90500b2c (big blind) folded before Flop
Seat 6: e1d1bc25 folded before Flop (didn't bet)


Poker Hand #HD1811334115: Hold'em No Limit ($0.05/$0.1) - 2024/06/11 21:22:18
Table 'NLHRed25' 6-max Seat #2 is the button
Seat 1: 8b81493e ($10.15 in chips)
Seat 2: e19cf951 ($12 in chips)
Seat 3: cad22116 ($45.35 in chips)
Seat 4: Hero ($12.93 in chips)
Seat 5: 90500b2c ($10.5 in chips)
Seat 6: e1d1bc25 ($9.13 in chips)
cad22116: posts small blind $0.05
Hero: posts big blind $0.1
*** HOLE CARDS ***
Dealt to 8b81493e 
Dealt to e19cf951 
Dealt to cad22116 
Dealt to Hero [3s 8c]
Dealt to 90500b2c 
Dealt to e1d1bc25 
90500b2c: folds
e1d1bc25: raises $0.2 to $0.3
8b81493e: folds
e19cf951: folds
cad22116: folds
Hero: folds
Uncalled bet ($0.2) returned to e1d1bc25
*** SHOWDOWN ***
e1d1bc25 collected $0.25 from pot
*** SUMMARY ***
Total pot $0.25 | Rake $0 | Jackpot $0 | Bingo $0 | Fortune $0 | Tax $0
Seat 1: 8b81493e folded before Flop (didn't bet)
Seat 2: e19cf951 (button) folded before Flop (didn't bet)
Seat 3: cad22116 (small blind) folded before Flop
Seat 4: Hero (big blind) folded before Flop
Seat 5: 90500b2c folded before Flop (didn't bet)
Seat 6: e1d1bc25 collected ($0.25)


Poker Hand #HD1811333987: Hold'em No Limit ($0.05/$0.1) - 2024/06/11 21:21:19
Table 'NLHRed25' 6-max Seat #1 is the button
Seat 1: 8b81493e ($10.15 in chips)
Seat 2: e19cf951 ($12.05 in chips)
Seat 3: cad22116 ($45.45 in chips)
Seat 4: Hero ($12.14 in chips)
Seat 5: 90500b2c ($10.5 in chips)
Seat 6: e1d1bc25 ($9.85 in chips)
e19cf951: posts small blind $0.05
cad22116: posts big blind $0.1
*** HOLE CARDS ***
Dealt to 8b81493e 
Dealt to e19cf951 
Dealt to cad22116 
Dealt to Hero [8h 8d]
Dealt to 90500b2c 
Dealt to e1d1bc25 
Hero: raises $0.1 to $0.2
90500b2c: folds
e1d1bc25: calls $0.2
8b81493e: folds
e19cf951: folds
cad22116: folds
*** FLOP *** [4c 5d 5c]
Hero: bets $0.2
e1d1bc25: calls $0.2
*** TURN *** [4c 5d 5c] [3s]
Hero: checks
e1d1bc25: bets $0.32
Hero: calls $0.32
*** RIVER *** [4c 5d 5c 3s] [7c]
Hero: checks
e1d1bc25: checks
Hero: shows [8h 8d] (Pair of Eights and Pair of Fives)
e1d1bc25: shows [7d Ad] (Pair of Sevens and Pair of Fives)
*** SHOWDOWN ***
Hero collected $1.51 from pot
*** SUMMARY ***
Total pot $1.59 | Rake $0.08 | Jackpot $0 | Bingo $0 | Fortune $0 | Tax $0
Board [4c 5d 5c 3s 7c]
Seat 1: 8b81493e (button) folded before Flop (didn't bet)
Seat 2: e19cf951 (small blind) folded before Flop
Seat 3: cad22116 (big blind) folded before Flop
Seat 4: Hero showed [8h 8d] and won ($1.51) with Pair of Eights and Pair of Fives
Seat 5: 90500b2c folded before Flop (didn't bet)
Seat 6: e1d1bc25 showed [7d Ad] and lost with Pair of Sevens and Pair of Fives


Poker Hand #HD1811333941: Hold'em No Limit ($0.05/$0.1) - 2024/06/11 21:20:55
Table 'NLHRed25' 6-max Seat #6 is the button
Seat 1: 8b81493e ($10.05 in chips)
Seat 2: e19cf951 ($12.15 in chips)
Seat 3: cad22116 ($45.45 in chips)
Seat 4: Hero ($12.14 in chips)
Seat 5: 90500b2c ($10.5 in chips)
Seat 6: e1d1bc25 ($9.85 in chips)
8b81493e: posts small blind $0.05
e19cf951: posts big blind $0.1
*** HOLE CARDS ***
Dealt to 8b81493e 
Dealt to e19cf951 
Dealt to cad22116 
Dealt to Hero [6s Qs]
Dealt to 90500b2c 
Dealt to e1d1bc25 
cad22116: folds
Hero: folds
90500b2c: folds
e1d1bc25: folds
8b81493e: raises $0.2 to $0.3
e19cf951: folds
Uncalled bet ($0.2) returned to 8b81493e
*** SHOWDOWN ***
8b81493e collected $0.2 from pot
*** SUMMARY ***
Total pot $0.2 | Rake $0 | Jackpot $0 | Bingo $0 | Fortune $0 | Tax $0
Seat 1: 8b81493e (small blind) collected ($0.2)
Seat 2: e19cf951 (big blind) folded before Flop
Seat 3: cad22116 folded before Flop (didn't bet)
Seat 4: Hero folded before Flop (didn't bet)
Seat 5: 90500b2c folded before Flop (didn't bet)
Seat 6: e1d1bc25 (button) folded before Flop (didn't bet)


Poker Hand #HD1811333891: Hold'em No Limit ($0.05/$0.1) - 2024/06/11 21:20:31
Table 'NLHRed25' 6-max Seat #5 is the button
Seat 1: 8b81493e ($10.15 in chips)
Seat 2: e19cf951 ($12.15 in chips)
Seat 3: cad22116 ($45.3 in chips)
Seat 4: Hero ($12.14 in chips)
Seat 5: 90500b2c ($10.5 in chips)
Seat 6: e1d1bc25 ($9.9 in chips)
e1d1bc25: posts small blind $0.05
8b81493e: posts big blind $0.1
*** HOLE CARDS ***
Dealt to 8b81493e 
Dealt to e19cf951 
Dealt to cad22116 
Dealt to Hero [4s Js]
Dealt to 90500b2c 
Dealt to e1d1bc25 
e19cf951: folds
cad22116: raises $0.3 to $0.4
Hero: folds
90500b2c: folds
e1d1bc25: folds
8b81493e: folds
Uncalled bet ($0.3) returned to cad22116
*** SHOWDOWN ***
cad22116 collected $0.25 from pot
*** SUMMARY ***
Total pot $0.25 | Rake $0 | Jackpot $0 | Bingo $0 | Fortune $0 | Tax $0
Seat 1: 8b81493e (big blind) folded before Flop
Seat 2: e19cf951 folded before Flop (didn't bet)
Seat 3: cad22116 collected ($0.25)
Seat 4: Hero folded before Flop (didn't bet)
Seat 5: 90500b2c (button) folded before Flop (didn't bet)
Seat 6: e1d1bc25 (small blind) folded before Flop


Poker Hand #HD1811333841: Hold'em No Limit ($0.05/$0.1) - 2024/06/11 21:20:11
Table 'NLHRed25' 6-max Seat #4 is the button
Seat 1: 8b81493e ($10 in chips)
Seat 2: e19cf951 ($12.15 in chips)
Seat 3: cad22116 ($45.3 in chips)
Seat 4: Hero ($12.14 in chips)
Seat 5: 90500b2c ($10.55 in chips)
Seat 6: e1d1bc25 ($10 in chips)
90500b2c: posts small blind $0.05
e1d1bc25: posts big blind $0.1
*** HOLE CARDS ***
Dealt to 8b81493e 
Dealt to e19cf951 
Dealt to cad22116 
Dealt to Hero [Ac 4d]
Dealt to 90500b2c 
Dealt to e1d1bc25 
8b81493e: raises $0.2 to $0.3
e19cf951: folds
cad22116: folds
Hero: folds
90500b2c: folds
e1d1bc25: folds
Uncalled bet ($0.2) returned to 8b81493e
*** SHOWDOWN ***
8b81493e collected $0.25 from pot
*** SUMMARY ***
Total pot $0.25 | Rake $0 | Jackpot $0 | Bingo $0 | Fortune $0 | Tax $0
Seat 1: 8b81493e collected ($0.25)
Seat 2: e19cf951 folded before Flop (didn't bet)
Seat 3: cad22116 folded before Flop (didn't bet)
Seat 4: Hero (button) folded before Flop (didn't bet)
Seat 5: 90500b2c (small blind) folded before Flop
Seat 6: e1d1bc25 (big blind) folded before Flop


Poker Hand #HD1811333674: Hold'em No Limit ($0.05/$0.1) - 2024/06/11 21:19:03
Table 'NLHRed25' 6-max Seat #3 is the button
Seat 1: 8b81493e ($10 in chips)
Seat 2: e19cf951 ($12.82 in chips)
Seat 3: cad22116 ($45.3 in chips)
Seat 4: Hero ($12.19 in chips)
Seat 5: 90500b2c ($9.9 in chips)
Hero: posts small blind $0.05
90500b2c: posts big blind $0.1
*** HOLE CARDS ***
Dealt to 8b81493e 
Dealt to e19cf951 
Dealt to cad22116 
Dealt to Hero [5s Kh]
Dealt to 90500b2c 
8b81493e: folds
e19cf951: raises $0.13 to $0.23
cad22116: folds
Hero: folds
90500b2c: calls $0.13
*** FLOP *** [2d Jd Qc]
90500b2c: checks
e19cf951: bets $0.28
90500b2c: calls $0.28
*** TURN *** [2d Jd Qc] [3c]
90500b2c: checks
e19cf951: bets $0.16
90500b2c: calls $0.16
*** RIVER *** [2d Jd Qc 3c] [Ts]
90500b2c: checks
e19cf951: checks
90500b2c: shows [Th Jc] (Pair of Jacks and Pair of Tens)
e19cf951: shows [7h Jh] (Pair of Jacks)
*** SHOWDOWN ***
90500b2c collected $1.32 from pot
*** SUMMARY ***
Total pot $1.39 | Rake $0.07 | Jackpot $0 | Bingo $0 | Fortune $0 | Tax $0
Board [2d Jd Qc 3c Ts]
Seat 1: 8b81493e folded before Flop (didn't bet)
Seat 2: e19cf951 showed [7h Jh] and lost with Pair of Jacks
Seat 3: cad22116 (button) folded before Flop (didn't bet)
Seat 4: Hero (small blind) folded before Flop
Seat 5: 90500b2c (big blind) showed [Th Jc] and won ($1.32) with Pair of Jacks and Pair of Tens


Poker Hand #HD1811333557: Hold'em No Limit ($0.05/$0.1) - 2024/06/11 21:18:07
Table 'NLHRed25' 6-max Seat #2 is the button
Seat 1: 8b81493e ($10 in chips)
Seat 2: e19cf951 ($12.57 in chips)
Seat 3: cad22116 ($45.35 in chips)
Seat 4: Hero ($12.41 in chips)
Seat 5: 90500b2c ($9.9 in chips)
cad22116: posts small blind $0.05
Hero: posts big blind $0.1
*** HOLE CARDS ***
Dealt to 8b81493e 
Dealt to e19cf951 
Dealt to cad22116 
Dealt to Hero [9s Jc]
Dealt to 90500b2c 
90500b2c: folds
8b81493e: folds
e19cf951: raises $0.12 to $0.22
cad22116: folds
Hero: calls $0.12
*** FLOP *** [2s Ad 4h]
Hero: checks
e19cf951: bets $0.14
Hero: folds
Uncalled bet ($0.14) returned to e19cf951
*** SHOWDOWN ***
e19cf951 collected $0.47 from pot
*** SUMMARY ***
Total pot $0.49 | Rake $0.02 | Jackpot $0 | Bingo $0 | Fortune $0 | Tax $0
Board [2s Ad 4h]
Seat 1: 8b81493e folded before Flop (didn't bet)
Seat 2: e19cf951 (button) won ($0.47)
Seat 3: cad22116 (small blind) folded before Flop
Seat 4: Hero (big blind) folded on the Flop
Seat 5: 90500b2c folded before Flop (didn't bet)


Poker Hand #HD1811333483: Hold'em No Limit ($0.05/$0.1) - 2024/06/11 21:17:33
Table 'NLHRed25' 6-max Seat #1 is the button
Seat 1: 8b81493e ($10 in chips)
Seat 2: e19cf951 ($12.62 in chips)
Seat 3: cad22116 ($45.3 in chips)
Seat 4: Hero ($12.41 in chips)
Seat 5: 90500b2c ($9.9 in chips)
e19cf951: posts small blind $0.05
cad22116: posts big blind $0.1
*** HOLE CARDS ***
Dealt to 8b81493e 
Dealt to e19cf951 
Dealt to cad22116 
Dealt to Hero [9s 7s]
Dealt to 90500b2c 
Hero: folds
90500b2c: folds
8b81493e: folds
e19cf951: folds
Uncalled bet ($0.05) returned to cad22116
*** SHOWDOWN ***
cad22116 collected $0.1 from pot
*** SUMMARY ***
Total pot $0.1 | Rake $0 | Jackpot $0 | Bingo $0 | Fortune $0 | Tax $0
Seat 1: 8b81493e (button) folded before Flop (didn't bet)
Seat 2: e19cf951 (small blind) folded before Flop
Seat 3: cad22116 (big blind) collected ($0.1)
Seat 4: Hero folded before Flop (didn't bet)
Seat 5: 90500b2c folded before Flop (didn't bet)


Poker Hand #HD1811333450: Hold'em No Limit ($0.05/$0.1) - 2024/06/11 21:17:18
Table 'NLHRed25' 6-max Seat #5 is the button
Seat 1: 8b81493e ($10 in chips)
Seat 2: e19cf951 ($12.57 in chips)
Seat 3: cad22116 ($45.3 in chips)
Seat 4: Hero ($12.41 in chips)
Seat 5: 90500b2c ($9.9 in chips)
8b81493e: posts small blind $0.05
e19cf951: posts big blind $0.1
*** HOLE CARDS ***
Dealt to 8b81493e 
Dealt to e19cf951 
Dealt to cad22116 
Dealt to Hero [8c Td]
Dealt to 90500b2c 
cad22116: folds
Hero: folds
90500b2c: folds
8b81493e: folds
Uncalled bet ($0.05) returned to e19cf951
*** SHOWDOWN ***
e19cf951 collected $0.1 from pot
*** SUMMARY ***
Total pot $0.1 | Rake $0 | Jackpot $0 | Bingo $0 | Fortune $0 | Tax $0
Seat 1: 8b81493e (small blind) folded before Flop
Seat 2: e19cf951 (big blind) collected ($0.1)
Seat 3: cad22116 folded before Flop (didn't bet)
Seat 4: Hero folded before Flop (didn't bet)
Seat 5: 90500b2c (button) folded before Flop (didn't bet)


Poker Hand #HD1811333417: Hold'em No Limit ($0.05/$0.1) - 2024/06/11 21:17:02
Table 'NLHRed25' 6-max Seat #4 is the button
Seat 1: 8b81493e ($10 in chips)
Seat 2: e19cf951 ($12.57 in chips)
Seat 4: Hero ($12.41 in chips)
Seat 5: 90500b2c ($9.8 in chips)
90500b2c: posts small blind $0.05
8b81493e: posts big blind $0.1
*** HOLE CARDS ***
Dealt to 8b81493e 
Dealt to e19cf951 
Dealt to Hero [8h 6s]
Dealt to 90500b2c 
e19cf951: folds
Hero: folds
90500b2c: raises $0.2 to $0.3
8b81493e: folds
Uncalled bet ($0.2) returned to 90500b2c
*** SHOWDOWN ***
90500b2c collected $0.2 from pot
*** SUMMARY ***
Total pot $0.2 | Rake $0 | Jackpot $0 | Bingo $0 | Fortune $0 | Tax $0
Seat 1: 8b81493e (big blind) folded before Flop
Seat 2: e19cf951 folded before Flop (didn't bet)
Seat 4: Hero (button) folded before Flop (didn't bet)
Seat 5: 90500b2c (small blind) collected ($0.2)


Poker Hand #HD1811333272: Hold'em No Limit ($0.05/$0.1) - 2024/06/11 21:15:53
Table 'NLHRed25' 6-max Seat #2 is the button
Seat 2: e19cf951 ($12.57 in chips)
Seat 3: cad22116 ($45.35 in chips)
Seat 4: Hero ($12.51 in chips)
Seat 5: 90500b2c ($9.8 in chips)
Seat 6: 1d78f419 ($10.33 in chips)
cad22116: posts small blind $0.05
Hero: posts big blind $0.1
*** HOLE CARDS ***
Dealt to e19cf951 
Dealt to cad22116 
Dealt to Hero [6h Td]
Dealt to 90500b2c 
Dealt to 1d78f419 
90500b2c: folds
1d78f419: raises $0.1 to $0.2
e19cf951: folds
cad22116: folds
Hero: folds
Uncalled bet ($0.1) returned to 1d78f419
*** SHOWDOWN ***
1d78f419 collected $0.25 from pot
*** SUMMARY ***
Total pot $0.25 | Rake $0 | Jackpot $0 | Bingo $0 | Fortune $0 | Tax $0
Seat 2: e19cf951 (button) folded before Flop (didn't bet)
Seat 3: cad22116 (small blind) folded before Flop
Seat 4: Hero (big blind) folded before Flop
Seat 5: 90500b2c folded before Flop (didn't bet)
Seat 6: 1d78f419 collected ($0.25)


Poker Hand #HD1811333189: Hold'em No Limit ($0.05/$0.1) - 2024/06/11 21:15:14
Table 'NLHRed25' 6-max Seat #6 is the button
Seat 1: c893780e ($11.18 in chips)
Seat 2: e19cf951 ($12.67 in chips)
Seat 3: cad22116 ($45.35 in chips)
Seat 4: Hero ($12.51 in chips)
Seat 5: 90500b2c ($10 in chips)
Seat 6: 1d78f419 ($10 in chips)
c893780e: posts small blind $0.05
e19cf951: posts big blind $0.1
*** HOLE CARDS ***
Dealt to c893780e 
Dealt to e19cf951 
Dealt to cad22116 
Dealt to Hero [6d 4s]
Dealt to 90500b2c 
Dealt to 1d78f419 
cad22116: folds
Hero: folds
90500b2c: raises $0.1 to $0.2
1d78f419: raises $0.5 to $0.7
c893780e: folds
e19cf951: folds
90500b2c: folds
Uncalled bet ($0.5) returned to 1d78f419
*** SHOWDOWN ***
1d78f419 collected $0.53 from pot
*** SUMMARY ***
Total pot $0.55 | Rake $0.02 | Jackpot $0 | Bingo $0 | Fortune $0 | Tax $0
Seat 1: c893780e (small blind) folded before Flop
Seat 2: e19cf951 (big blind) folded before Flop
Seat 3: cad22116 folded before Flop (didn't bet)
Seat 4: Hero folded before Flop (didn't bet)
Seat 5: 90500b2c folded before Flop
Seat 6: 1d78f419 (button) collected ($0.53)


Poker Hand #HD1811333072: Hold'em No Limit ($0.05/$0.1) - 2024/06/11 21:14:23
Table 'NLHRed25' 6-max Seat #5 is the button
Seat 1: c893780e ($10.01 in chips)
Seat 2: e19cf951 ($12.67 in chips)
Seat 3: cad22116 ($45.35 in chips)
Seat 4: Hero ($12.51 in chips)
Seat 5: 90500b2c ($10 in chips)
Seat 6: 1d78f419 ($10 in chips)
1d78f419: posts small blind $0.05
c893780e: posts big blind $0.1
*** HOLE CARDS ***
Dealt to c893780e 
Dealt to e19cf951 
Dealt to cad22116 
Dealt to Hero [Tc 6c]
Dealt to 90500b2c 
Dealt to 1d78f419 
e19cf951: folds
cad22116: folds
Hero: folds
90500b2c: folds
1d78f419: raises $0.2 to $0.3
c893780e: calls $0.2
*** FLOP *** [As 9s 6h]
1d78f419: bets $0.2
c893780e: calls $0.2
*** TURN *** [As 9s 6h] [5h]
1d78f419: bets $0.8
c893780e: calls $0.8
*** RIVER *** [As 9s 6h 5h] [Ts]
1d78f419: checks
c893780e: bets $1.3
1d78f419: folds
Uncalled bet ($1.3) returned to c893780e
cad22116: shows [Qh] (Ace-High)
*** SHOWDOWN ***
c893780e collected $2.47 from pot
*** SUMMARY ***
Total pot $2.6 | Rake $0.13 | Jackpot $0 | Bingo $0 | Fortune $0 | Tax $0
Board [As 9s 6h 5h Ts]
Seat 1: c893780e (big blind) won ($2.47)
Seat 2: e19cf951 folded before Flop (didn't bet)
Seat 3: cad22116 folded before Flop (didn't bet)
Seat 4: Hero folded before Flop (didn't bet)
Seat 5: 90500b2c (button) folded before Flop (didn't bet)
Seat 6: 1d78f419 (small blind) folded on the River


Poker Hand #HD1811332870: Hold'em No Limit ($0.05/$0.1) - 2024/06/11 21:12:49
Table 'NLHRed25' 6-max Seat #4 is the button
Seat 1: c893780e ($10.01 in chips)
Seat 2: e19cf951 ($12.67 in chips)
Seat 3: cad22116 ($45.35 in chips)
Seat 4: Hero ($10 in chips)
Seat 5: 90500b2c ($5.81 in chips)
Seat 6: 1d78f419 ($11.71 in chips)
90500b2c: posts small blind $0.05
1d78f419: posts big blind $0.1
*** HOLE CARDS ***
Dealt to c893780e 
Dealt to e19cf951 
Dealt to cad22116 
Dealt to Hero [Tc Qs]
Dealt to 90500b2c 
Dealt to 1d78f419 
c893780e: folds
e19cf951: folds
cad22116: folds
Hero: raises $0.14 to $0.24
90500b2c: folds
1d78f419: calls $0.14
*** FLOP *** [5h Ts 5s]
1d78f419: checks
Hero: bets $0.3
1d78f419: calls $0.3
*** TURN *** [5h Ts 5s] [Qd]
1d78f419: checks
Hero: bets $0.8
1d78f419: calls $0.8
*** RIVER *** [5h Ts 5s Qd] [5c]
1d78f419: checks
Hero: bets $1.5
1d78f419: calls $1.5
Hero: shows [Tc Qs] (Fives Full over Queens)
1d78f419: shows [Js Th] (Fives Full over Tens)
*** SHOWDOWN ***
Hero collected $5.35 from pot
*** SUMMARY ***
Total pot $5.73 | Rake $0.28 | Jackpot $0.1 | Bingo $0 | Fortune $0 | Tax $0
Board [5h Ts 5s Qd 5c]
Seat 1: c893780e folded before Flop (didn't bet)
Seat 2: e19cf951 folded before Flop (didn't bet)
Seat 3: cad22116 folded before Flop (didn't bet)
Seat 4: Hero (button) showed [Tc Qs] and won ($5.35) with Fives Full over Queens
Seat 5: 90500b2c (small blind) folded before Flop
Seat 6: 1d78f419 (big blind) showed [Js Th] and lost with Fives Full over Tens


Poker Hand #HD1811332720: Hold'em No Limit ($0.05/$0.1) - 2024/06/11 21:11:42
Table 'NLHRed25' 6-max Seat #3 is the button
Seat 1: c893780e ($10.01 in chips)
Seat 2: e19cf951 ($12.67 in chips)
Seat 3: cad22116 ($43.5 in chips)
Seat 4: Hero ($10 in chips)
Seat 5: 90500b2c ($7.91 in chips)
Seat 6: 1d78f419 ($11.71 in chips)
Hero: posts small blind $0.05
90500b2c: posts big blind $0.1
*** HOLE CARDS ***
Dealt to c893780e 
Dealt to e19cf951 
Dealt to cad22116 
Dealt to Hero [6c 7h]
Dealt to 90500b2c 
Dealt to 1d78f419 
1d78f419: folds
c893780e: folds
e19cf951: folds
cad22116: raises $0.2 to $0.3
Hero: folds
90500b2c: raises $0.95 to $1.25
cad22116: calls $0.95
*** FLOP *** [3c 6d Qc]
90500b2c: checks
cad22116: bets $0.85
90500b2c: calls $0.85
*** TURN *** [3c 6d Qc] [Th]
90500b2c: checks
cad22116: checks
*** RIVER *** [3c 6d Qc Th] [Tc]
90500b2c: checks
cad22116: bets $2.13
90500b2c: folds
Uncalled bet ($2.13) returned to cad22116
*** SHOWDOWN ***
cad22116 collected $3.95 from pot
*** SUMMARY ***
Total pot $4.25 | Rake $0.2 | Jackpot $0.1 | Bingo $0 | Fortune $0 | Tax $0
Board [3c 6d Qc Th Tc]
Seat 1: c893780e folded before Flop (didn't bet)
Seat 2: e19cf951 folded before Flop (didn't bet)
Seat 3: cad22116 (button) won ($3.95)
Seat 4: Hero (small blind) folded before Flop
Seat 5: 90500b2c (big blind) folded on the River
Seat 6: 1d78f419 folded before Flop (didn't bet)


Poker Hand #HD1811332686: Hold'em No Limit ($0.05/$0.1) - 2024/06/11 21:11:25
Table 'NLHRed25' 6-max Seat #2 is the button
Seat 1: c893780e ($10.01 in chips)
Seat 2: e19cf951 ($12.67 in chips)
Seat 3: cad22116 ($43.4 in chips)
Seat 4: Hero ($10 in chips)
Seat 5: 90500b2c ($7.91 in chips)
Seat 6: 1d78f419 ($11.71 in chips)
cad22116: posts small blind $0.05
Hero: posts big blind $0.1
*** HOLE CARDS ***
Dealt to c893780e 
Dealt to e19cf951 
Dealt to cad22116 
Dealt to Hero [3c 8s]
Dealt to 90500b2c 
Dealt to 1d78f419 
90500b2c: folds
1d78f419: folds
c893780e: folds
e19cf951: folds
cad22116: raises $0.2 to $0.3
Hero: folds
Uncalled bet ($0.2) returned to cad22116
*** SHOWDOWN ***
cad22116 collected $0.2 from pot
*** SUMMARY ***
Total pot $0.2 | Rake $0 | Jackpot $0 | Bingo $0 | Fortune $0 | Tax $0
Seat 1: c893780e folded before Flop (didn't bet)
Seat 2: e19cf951 (button) folded before Flop (didn't bet)
Seat 3: cad22116 (small blind) collected ($0.2)
Seat 4: Hero (big blind) folded before Flop
Seat 5: 90500b2c folded before Flop (didn't bet)
Seat 6: 1d78f419 folded before Flop (didn't bet)


