Poker Hand #HD1818525426: Hold'em No Limit ($0.05/$0.1) - 2024/06/16 22:55:39
Table 'NLHRed28' 6-max Seat #1 is the button
Seat 1: 7030350f ($0.94 in chips)
Seat 2: 92e13ede ($10 in chips)
Seat 3: 818acb4c ($10.6 in chips)
Seat 4: fe972f2e ($12.81 in chips)
Seat 5: Hero ($10.5 in chips)
Seat 6: f58f7c93 ($15.79 in chips)
92e13ede: posts small blind $0.05
818acb4c: posts big blind $0.1
*** HOLE CARDS ***
Dealt to 7030350f 
Dealt to 92e13ede 
Dealt to 818acb4c 
Dealt to fe972f2e 
Dealt to Hero [Kd 7c]
Dealt to f58f7c93 
fe972f2e: folds
Hero: folds
f58f7c93: folds
7030350f: raises $0.2 to $0.3
92e13ede: folds
818acb4c: folds
Uncalled bet ($0.2) returned to 7030350f
*** SHOWDOWN ***
7030350f collected $0.25 from pot
*** SUMMARY ***
Total pot $0.25 | Rake $0 | Jackpot $0 | Bingo $0 | Fortune $0 | Tax $0
Seat 1: 7030350f (button) collected ($0.25)
Seat 2: 92e13ede (small blind) folded before Flop
Seat 3: 818acb4c (big blind) folded before Flop
Seat 4: fe972f2e folded before Flop (didn't bet)
Seat 5: Hero folded before Flop (didn't bet)
Seat 6: f58f7c93 folded before Flop (didn't bet)


Poker Hand #HD1818525395: Hold'em No Limit ($0.05/$0.1) - 2024/06/16 22:55:20
Table 'NLHRed28' 6-max Seat #6 is the button
Seat 1: 7030350f ($0.99 in chips)
Seat 2: 92e13ede ($10.07 in chips)
Seat 3: 818acb4c ($10.6 in chips)
Seat 4: fe972f2e ($12.81 in chips)
Seat 5: Hero ($10.35 in chips)
Seat 6: f58f7c93 ($15.79 in chips)
7030350f: posts small blind $0.05
92e13ede: posts big blind $0.1
*** HOLE CARDS ***
Dealt to 7030350f 
Dealt to 92e13ede 
Dealt to 818acb4c 
Dealt to fe972f2e 
Dealt to Hero [Kh Qd]
Dealt to f58f7c93 
818acb4c: folds
fe972f2e: folds
Hero: raises $0.14 to $0.24
f58f7c93: folds
7030350f: folds
92e13ede: folds
Uncalled bet ($0.14) returned to Hero
*** SHOWDOWN ***
Hero collected $0.25 from pot
*** SUMMARY ***
Total pot $0.25 | Rake $0 | Jackpot $0 | Bingo $0 | Fortune $0 | Tax $0
Seat 1: 7030350f (small blind) folded before Flop
Seat 2: 92e13ede (big blind) folded before Flop
Seat 3: 818acb4c folded before Flop (didn't bet)
Seat 4: fe972f2e folded before Flop (didn't bet)
Seat 5: Hero collected ($0.25)
Seat 6: f58f7c93 (button) folded before Flop (didn't bet)


Poker Hand #HD1818525330: Hold'em No Limit ($0.05/$0.1) - 2024/06/16 22:54:40
Table 'NLHRed28' 6-max Seat #5 is the button
Seat 1: 7030350f ($1.01 in chips)
Seat 2: 92e13ede ($10.1 in chips)
Seat 3: 818acb4c ($10.6 in chips)
Seat 4: fe972f2e ($12.81 in chips)
Seat 5: Hero ($10.35 in chips)
Seat 6: f58f7c93 ($15.84 in chips)
f58f7c93: posts small blind $0.05
7030350f: posts big blind $0.1
*** HOLE CARDS ***
Dealt to 7030350f 
Dealt to 92e13ede 
Dealt to 818acb4c 
Dealt to fe972f2e 
Dealt to Hero [8h 4d]
Dealt to f58f7c93 
92e13ede: raises $0.15 to $0.25
818acb4c: folds
fe972f2e: folds
Hero: folds
f58f7c93: folds
7030350f: raises $0.76 to $1.01 and is all-in
92e13ede: calls $0.76
7030350f: shows [Ah As]
92e13ede: shows [Ad Ac]
*** FLOP *** [2c Qh Ts]
*** TURN *** [2c Qh Ts] [Tc]
*** RIVER *** [2c Qh Ts Tc] [Jh]
*** SHOWDOWN ***
92e13ede collected $0.98 from pot
7030350f collected $0.99 from pot
*** SUMMARY ***
Total pot $2.07 | Rake $0.1 | Jackpot $0 | Bingo $0 | Fortune $0 | Tax $0
Board [2c Qh Ts Tc Jh]
Seat 1: 7030350f (big blind) showed [Ah As] and won ($0.99) with Pair of Aces and Pair of Tens
Seat 2: 92e13ede showed [Ad Ac] and won ($0.98) with Pair of Aces and Pair of Tens
Seat 3: 818acb4c folded before Flop (didn't bet)
Seat 4: fe972f2e folded before Flop (didn't bet)
Seat 5: Hero (button) folded before Flop (didn't bet)
Seat 6: f58f7c93 (small blind) folded before Flop


Poker Hand #HD1818525236: Hold'em No Limit ($0.05/$0.1) - 2024/06/16 22:53:44
Table 'NLHRed28' 6-max Seat #4 is the button
Seat 1: 7030350f ($1.5 in chips)
Seat 2: 92e13ede ($10.1 in chips)
Seat 3: 818acb4c ($10.6 in chips)
Seat 4: fe972f2e ($12.81 in chips)
Seat 5: Hero ($10.4 in chips)
Seat 6: f58f7c93 ($15.35 in chips)
Hero: posts small blind $0.05
f58f7c93: posts big blind $0.1
*** HOLE CARDS ***
Dealt to 7030350f 
Dealt to 92e13ede 
Dealt to 818acb4c 
Dealt to fe972f2e 
Dealt to Hero [3c 8d]
Dealt to f58f7c93 
7030350f: calls $0.1
92e13ede: folds
818acb4c: folds
fe972f2e: folds
Hero: folds
f58f7c93: checks
*** FLOP *** [Tc 2d 5d]
f58f7c93: checks
7030350f: bets $0.13
f58f7c93: calls $0.13
*** TURN *** [Tc 2d 5d] [Jd]
f58f7c93: checks
7030350f: checks
*** RIVER *** [Tc 2d 5d Jd] [Js]
f58f7c93: bets $0.26
7030350f: calls $0.26
f58f7c93: shows [Jc 2c] (Jacks Full over Twos)
7030350f: shows [5h Th] (Pair of Jacks and Pair of Tens)
*** SHOWDOWN ***
f58f7c93 collected $0.98 from pot
*** SUMMARY ***
Total pot $1.03 | Rake $0.05 | Jackpot $0 | Bingo $0 | Fortune $0 | Tax $0
Board [Tc 2d 5d Jd Js]
Seat 1: 7030350f showed [5h Th] and lost with Pair of Jacks and Pair of Tens
Seat 2: 92e13ede folded before Flop (didn't bet)
Seat 3: 818acb4c folded before Flop (didn't bet)
Seat 4: fe972f2e (button) folded before Flop (didn't bet)
Seat 5: Hero (small blind) folded before Flop
Seat 6: f58f7c93 (big blind) showed [Jc 2c] and won ($0.98) with Jacks Full over Twos


Poker Hand #HD1818525175: Hold'em No Limit ($0.05/$0.1) - 2024/06/16 22:53:05
Table 'NLHRed28' 6-max Seat #3 is the button
Seat 1: 7030350f ($1.6 in chips)
Seat 2: 92e13ede ($10.5 in chips)
Seat 3: 818acb4c ($10 in chips)
Seat 4: fe972f2e ($12.86 in chips)
Seat 5: Hero ($10.5 in chips)
Seat 6: f58f7c93 ($15.35 in chips)
fe972f2e: posts small blind $0.05
Hero: posts big blind $0.1
*** HOLE CARDS ***
Dealt to 7030350f 
Dealt to 92e13ede 
Dealt to 818acb4c 
Dealt to fe972f2e 
Dealt to Hero [9d 7s]
Dealt to f58f7c93 
f58f7c93: folds
7030350f: calls $0.1
92e13ede: raises $0.3 to $0.4
818acb4c: raises $0.83 to $1.23
fe972f2e: folds
Hero: folds
7030350f: folds
92e13ede: folds
Uncalled bet ($0.83) returned to 818acb4c
*** SHOWDOWN ***
818acb4c collected $1 from pot
*** SUMMARY ***
Total pot $1.05 | Rake $0.05 | Jackpot $0 | Bingo $0 | Fortune $0 | Tax $0
Seat 1: 7030350f folded before Flop
Seat 2: 92e13ede folded before Flop
Seat 3: 818acb4c (button) collected ($1)
Seat 4: fe972f2e (small blind) folded before Flop
Seat 5: Hero (big blind) folded before Flop
Seat 6: f58f7c93 folded before Flop (didn't bet)


Poker Hand #HD1818525160: Hold'em No Limit ($0.05/$0.1) - 2024/06/16 22:52:55
Table 'NLHRed28' 6-max Seat #2 is the button
Seat 1: 7030350f ($1.6 in chips)
Seat 2: 92e13ede ($10.5 in chips)
Seat 3: 818acb4c ($10 in chips)
Seat 4: fe972f2e ($12.96 in chips)
Seat 5: Hero ($10.35 in chips)
Seat 6: f58f7c93 ($15.35 in chips)
818acb4c: posts small blind $0.05
fe972f2e: posts big blind $0.1
*** HOLE CARDS ***
Dealt to 7030350f 
Dealt to 92e13ede 
Dealt to 818acb4c 
Dealt to fe972f2e 
Dealt to Hero [5h 5c]
Dealt to f58f7c93 
Hero: raises $0.1 to $0.2
f58f7c93: folds
7030350f: folds
92e13ede: folds
818acb4c: folds
fe972f2e: folds
Uncalled bet ($0.1) returned to Hero
*** SHOWDOWN ***
Hero collected $0.25 from pot
*** SUMMARY ***
Total pot $0.25 | Rake $0 | Jackpot $0 | Bingo $0 | Fortune $0 | Tax $0
Seat 1: 7030350f folded before Flop (didn't bet)
Seat 2: 92e13ede (button) folded before Flop (didn't bet)
Seat 3: 818acb4c (small blind) folded before Flop
Seat 4: fe972f2e (big blind) folded before Flop
Seat 5: Hero collected ($0.25)
Seat 6: f58f7c93 folded before Flop (didn't bet)


Poker Hand #HD1818525092: Hold'em No Limit ($0.05/$0.1) - 2024/06/16 22:52:16
Table 'NLHRed28' 6-max Seat #1 is the button
Seat 1: 7030350f ($1.85 in chips)
Seat 2: 92e13ede ($10.55 in chips)
Seat 3: 818acb4c ($10 in chips)
Seat 4: fe972f2e ($12.96 in chips)
Seat 5: Hero ($10.35 in chips)
Seat 6: f58f7c93 ($14.98 in chips)
92e13ede: posts small blind $0.05
818acb4c: posts big blind $0.1
*** HOLE CARDS ***
Dealt to 7030350f 
Dealt to 92e13ede 
Dealt to 818acb4c 
Dealt to fe972f2e 
Dealt to Hero [Th Ks]
Dealt to f58f7c93 
fe972f2e: folds
Hero: folds
f58f7c93: raises $0.15 to $0.25
7030350f: calls $0.25
92e13ede: folds
818acb4c: folds
*** FLOP *** [4c 4h Jd]
f58f7c93: bets $0.33
7030350f: folds
Uncalled bet ($0.33) returned to f58f7c93
*** SHOWDOWN ***
f58f7c93 collected $0.62 from pot
*** SUMMARY ***
Total pot $0.65 | Rake $0.03 | Jackpot $0 | Bingo $0 | Fortune $0 | Tax $0
Board [4c 4h Jd]
Seat 1: 7030350f (button) folded on the Flop
Seat 2: 92e13ede (small blind) folded before Flop
Seat 3: 818acb4c (big blind) folded before Flop
Seat 4: fe972f2e folded before Flop (didn't bet)
Seat 5: Hero folded before Flop (didn't bet)
Seat 6: f58f7c93 won ($0.62)


Poker Hand #HD1818525073: Hold'em No Limit ($0.05/$0.1) - 2024/06/16 22:52:07
Table 'NLHRed28' 6-max Seat #6 is the button
Seat 1: 7030350f ($1.9 in chips)
Seat 2: 92e13ede ($10.5 in chips)
Seat 4: fe972f2e ($12.96 in chips)
Seat 5: Hero ($10.35 in chips)
Seat 6: f58f7c93 ($14.98 in chips)
7030350f: posts small blind $0.05
92e13ede: posts big blind $0.1
*** HOLE CARDS ***
Dealt to 7030350f 
Dealt to 92e13ede 
Dealt to fe972f2e 
Dealt to Hero [9s 2d]
Dealt to f58f7c93 
fe972f2e: folds
Hero: folds
f58f7c93: folds
7030350f: folds
Uncalled bet ($0.05) returned to 92e13ede
*** SHOWDOWN ***
92e13ede collected $0.1 from pot
*** SUMMARY ***
Total pot $0.1 | Rake $0 | Jackpot $0 | Bingo $0 | Fortune $0 | Tax $0
Seat 1: 7030350f (small blind) folded before Flop
Seat 2: 92e13ede (big blind) collected ($0.1)
Seat 4: fe972f2e folded before Flop (didn't bet)
Seat 5: Hero folded before Flop (didn't bet)
Seat 6: f58f7c93 (button) folded before Flop (didn't bet)


Poker Hand #HD1818525021: Hold'em No Limit ($0.05/$0.1) - 2024/06/16 22:51:31
Table 'NLHRed28' 6-max Seat #5 is the button
Seat 1: 7030350f ($2 in chips)
Seat 2: 92e13ede ($10.5 in chips)
Seat 4: fe972f2e ($12.96 in chips)
Seat 5: Hero ($10.59 in chips)
Seat 6: f58f7c93 ($14.66 in chips)
f58f7c93: posts small blind $0.05
7030350f: posts big blind $0.1
*** HOLE CARDS ***
Dealt to 7030350f 
Dealt to 92e13ede 
Dealt to fe972f2e 
Dealt to Hero [9c Js]
Dealt to f58f7c93 
92e13ede: folds
fe972f2e: folds
Hero: raises $0.14 to $0.24
f58f7c93: calls $0.19
7030350f: folds
*** FLOP *** [Kh Jh Ad]
f58f7c93: checks
Hero: checks
*** TURN *** [Kh Jh Ad] [5h]
f58f7c93: bets $0.39
Hero: folds
Uncalled bet ($0.39) returned to f58f7c93
*** SHOWDOWN ***
f58f7c93 collected $0.56 from pot
*** SUMMARY ***
Total pot $0.58 | Rake $0.02 | Jackpot $0 | Bingo $0 | Fortune $0 | Tax $0
Board [Kh Jh Ad 5h]
Seat 1: 7030350f (big blind) folded before Flop
Seat 2: 92e13ede folded before Flop (didn't bet)
Seat 4: fe972f2e folded before Flop (didn't bet)
Seat 5: Hero (button) folded on the Turn
Seat 6: f58f7c93 (small blind) won ($0.56)


Poker Hand #HD1818524986: Hold'em No Limit ($0.05/$0.1) - 2024/06/16 22:51:11
Table 'NLHRed28' 6-max Seat #4 is the button
Seat 2: 92e13ede ($10.5 in chips)
Seat 4: fe972f2e ($13.21 in chips)
Seat 5: Hero ($10.27 in chips)
Seat 6: f58f7c93 ($14.76 in chips)
Hero: posts small blind $0.05
f58f7c93: posts big blind $0.1
*** HOLE CARDS ***
Dealt to 92e13ede 
Dealt to fe972f2e 
Dealt to Hero [Ts As]
Dealt to f58f7c93 
92e13ede: folds
fe972f2e: raises $0.15 to $0.25
Hero: raises $0.85 to $1.1
f58f7c93: folds
fe972f2e: folds
Uncalled bet ($0.85) returned to Hero
*** SHOWDOWN ***
Hero collected $0.57 from pot
*** SUMMARY ***
Total pot $0.6 | Rake $0.03 | Jackpot $0 | Bingo $0 | Fortune $0 | Tax $0
Seat 2: 92e13ede folded before Flop (didn't bet)
Seat 4: fe972f2e (button) folded before Flop
Seat 5: Hero (small blind) collected ($0.57)
Seat 6: f58f7c93 (big blind) folded before Flop


Poker Hand #HD1818524964: Hold'em No Limit ($0.05/$0.1) - 2024/06/16 22:50:57
Table 'NLHRed28' 6-max Seat #2 is the button
Seat 2: 92e13ede ($10.5 in chips)
Seat 4: fe972f2e ($13.26 in chips)
Seat 5: Hero ($10.37 in chips)
Seat 6: f58f7c93 ($14.61 in chips)
fe972f2e: posts small blind $0.05
Hero: posts big blind $0.1
*** HOLE CARDS ***
Dealt to 92e13ede 
Dealt to fe972f2e 
Dealt to Hero [3h 7c]
Dealt to f58f7c93 
f58f7c93: raises $0.15 to $0.25
92e13ede: folds
fe972f2e: folds
Hero: folds
Uncalled bet ($0.15) returned to f58f7c93
*** SHOWDOWN ***
f58f7c93 collected $0.25 from pot
*** SUMMARY ***
Total pot $0.25 | Rake $0 | Jackpot $0 | Bingo $0 | Fortune $0 | Tax $0
Seat 2: 92e13ede (button) folded before Flop (didn't bet)
Seat 4: fe972f2e (small blind) folded before Flop
Seat 5: Hero (big blind) folded before Flop
Seat 6: f58f7c93 collected ($0.25)


Poker Hand #HD1818524879: Hold'em No Limit ($0.05/$0.1) - 2024/06/16 22:50:07
Table 'NLHRed28' 6-max Seat #6 is the button
Seat 1: 7030350f ($0.55 in chips)
Seat 2: 92e13ede ($10 in chips)
Seat 4: fe972f2e ($13.26 in chips)
Seat 5: Hero ($10.37 in chips)
Seat 6: f58f7c93 ($14.61 in chips)
7030350f: posts small blind $0.05
92e13ede: posts big blind $0.1
*** HOLE CARDS ***
Dealt to 7030350f 
Dealt to 92e13ede 
Dealt to fe972f2e 
Dealt to Hero [Jd 4s]
Dealt to f58f7c93 
fe972f2e: folds
Hero: folds
f58f7c93: folds
7030350f: raises $0.45 to $0.55 and is all-in
92e13ede: calls $0.45
7030350f: shows [Qd Jc]
92e13ede: shows [7h Ad]
*** FLOP *** [5s 6h 2s]
*** TURN *** [5s 6h 2s] [As]
*** RIVER *** [5s 6h 2s As] [5d]
*** SHOWDOWN ***
92e13ede collected $1.05 from pot
*** SUMMARY ***
Total pot $1.1 | Rake $0.05 | Jackpot $0 | Bingo $0 | Fortune $0 | Tax $0
Board [5s 6h 2s As 5d]
Seat 1: 7030350f (small blind) showed [Qd Jc] and lost with Pair of Fives
Seat 2: 92e13ede (big blind) showed [7h Ad] and won ($1.05) with Pair of Aces and Pair of Fives
Seat 4: fe972f2e folded before Flop (didn't bet)
Seat 5: Hero folded before Flop (didn't bet)
Seat 6: f58f7c93 (button) folded before Flop (didn't bet)


Poker Hand #HD1818524834: Hold'em No Limit ($0.05/$0.1) - 2024/06/16 22:49:44
Table 'NLHRed28' 6-max Seat #5 is the button
Seat 1: 7030350f ($0.65 in chips)
Seat 2: 92e13ede ($10 in chips)
Seat 4: fe972f2e ($13.51 in chips)
Seat 5: Hero ($10 in chips)
Seat 6: f58f7c93 ($14.66 in chips)
f58f7c93: posts small blind $0.05
7030350f: posts big blind $0.1
*** HOLE CARDS ***
Dealt to 7030350f 
Dealt to 92e13ede 
Dealt to fe972f2e 
Dealt to Hero [Qd Qs]
Dealt to f58f7c93 
92e13ede: folds
fe972f2e: raises $0.15 to $0.25
Hero: raises $0.63 to $0.88
f58f7c93: folds
7030350f: folds
fe972f2e: folds
Uncalled bet ($0.63) returned to Hero
*** SHOWDOWN ***
Hero collected $0.62 from pot
*** SUMMARY ***
Total pot $0.65 | Rake $0.03 | Jackpot $0 | Bingo $0 | Fortune $0 | Tax $0
Seat 1: 7030350f (big blind) folded before Flop
Seat 2: 92e13ede folded before Flop (didn't bet)
Seat 4: fe972f2e folded before Flop
Seat 5: Hero (button) collected ($0.62)
Seat 6: f58f7c93 (small blind) folded before Flop


Poker Hand #HD1818524774: Hold'em No Limit ($0.05/$0.1) - 2024/06/16 22:49:08
Table 'NLHRed28' 6-max Seat #4 is the button
Seat 1: 7030350f ($1.05 in chips)
Seat 2: 92e13ede ($10 in chips)
Seat 4: fe972f2e ($13 in chips)
Seat 5: Hero ($10 in chips)
Seat 6: f58f7c93 ($14.76 in chips)
Hero: posts small blind $0.05
f58f7c93: posts big blind $0.1
*** HOLE CARDS ***
Dealt to 7030350f 
Dealt to 92e13ede 
Dealt to fe972f2e 
Dealt to Hero [5h Qd]
Dealt to f58f7c93 
7030350f: calls $0.1
92e13ede: folds
fe972f2e: raises $0.3 to $0.4
Hero: folds
f58f7c93: folds
7030350f: calls $0.3
*** FLOP *** [9s 7d 4d]
7030350f: checks
fe972f2e: bets $0.32
7030350f: folds
Uncalled bet ($0.32) returned to fe972f2e
*** SHOWDOWN ***
fe972f2e collected $0.91 from pot
*** SUMMARY ***
Total pot $0.95 | Rake $0.04 | Jackpot $0 | Bingo $0 | Fortune $0 | Tax $0
Board [9s 7d 4d]
Seat 1: 7030350f folded on the Flop
Seat 2: 92e13ede folded before Flop (didn't bet)
Seat 4: fe972f2e (button) won ($0.91)
Seat 5: Hero (small blind) folded before Flop
Seat 6: f58f7c93 (big blind) folded before Flop


Poker Hand #HD1818524656: Hold'em No Limit ($0.05/$0.1) - 2024/06/16 22:47:55
Table 'NLHRed28' 6-max Seat #2 is the button
Seat 1: 7030350f ($1.05 in chips)
Seat 2: 92e13ede ($10 in chips)
Seat 4: fe972f2e ($10.18 in chips)
Seat 5: Hero ($10 in chips)
Seat 6: f58f7c93 ($17.89 in chips)
fe972f2e: posts small blind $0.05
Hero: posts big blind $0.1
*** HOLE CARDS ***
Dealt to 7030350f 
Dealt to 92e13ede 
Dealt to fe972f2e 
Dealt to Hero [8h 4h]
Dealt to f58f7c93 
f58f7c93: raises $0.15 to $0.25
7030350f: folds
92e13ede: folds
fe972f2e: raises $0.85 to $1.1
Hero: folds
f58f7c93: calls $0.85
*** FLOP *** [2s Ts Td]
fe972f2e: checks
f58f7c93: checks
*** TURN *** [2s Ts Td] [5d]
fe972f2e: bets $0.76
f58f7c93: raises $1.27 to $2.03
fe972f2e: calls $1.27
*** RIVER *** [2s Ts Td 5d] [8d]
fe972f2e: checks
f58f7c93: checks
fe972f2e: shows [Qh Qc] (Pair of Queens and Pair of Tens)
f58f7c93: shows [6s 6h] (Pair of Tens and Pair of Sixes)
*** SHOWDOWN ***
fe972f2e collected $5.95 from pot
*** SUMMARY ***
Total pot $6.36 | Rake $0.31 | Jackpot $0.1 | Bingo $0 | Fortune $0 | Tax $0
Board [2s Ts Td 5d 8d]
Seat 1: 7030350f folded before Flop (didn't bet)
Seat 2: 92e13ede (button) folded before Flop (didn't bet)
Seat 4: fe972f2e (small blind) showed [Qh Qc] and won ($5.95) with Pair of Queens and Pair of Tens
Seat 5: Hero (big blind) folded before Flop
Seat 6: f58f7c93 showed [6s 6h] and lost with Pair of Tens and Pair of Sixes


Poker Hand #HD1818524535: Hold'em No Limit ($0.05/$0.1) - 2024/06/16 22:46:40
Table 'NLHRed28' 6-max Seat #1 is the button
Seat 1: 7030350f ($1.05 in chips)
Seat 2: 92e13ede ($10 in chips)
Seat 4: fe972f2e ($10.28 in chips)
Seat 5: Hero ($10 in chips)
Seat 6: f58f7c93 ($17.34 in chips)
92e13ede: posts small blind $0.05
fe972f2e: posts big blind $0.1
*** HOLE CARDS ***
Dealt to 7030350f 
Dealt to 92e13ede 
Dealt to fe972f2e 
Dealt to Hero [Ts Ac]
Dealt to f58f7c93 
Hero: raises $0.14 to $0.24
f58f7c93: calls $0.24
7030350f: folds
92e13ede: folds
fe972f2e: folds
*** FLOP *** [Kh Kd Qd]
Hero: bets $0.21
f58f7c93: calls $0.21
*** TURN *** [Kh Kd Qd] [Jc]
Hero: checks
f58f7c93: checks
*** RIVER *** [Kh Kd Qd Jc] [Kc]
Hero: checks
f58f7c93: checks
Hero: shows [Ts Ac] (Aces-High Straight)
f58f7c93: shows [6c 6h] (Kings Full over Sixes)
*** SHOWDOWN ***
f58f7c93 collected $1 from pot
*** SUMMARY ***
Total pot $1.05 | Rake $0.05 | Jackpot $0 | Bingo $0 | Fortune $0 | Tax $0
Board [Kh Kd Qd Jc Kc]
Seat 1: 7030350f (button) folded before Flop (didn't bet)
Seat 2: 92e13ede (small blind) folded before Flop
Seat 4: fe972f2e (big blind) folded before Flop
Seat 5: Hero showed [Ts Ac] and lost with Aces-High Straight
Seat 6: f58f7c93 showed [6c 6h] and won ($1) with Kings Full over Sixes


Poker Hand #HD1818524454: Hold'em No Limit ($0.05/$0.1) - 2024/06/16 22:45:50
Table 'NLHRed28' 6-max Seat #6 is the button
Seat 1: 7030350f ($1.35 in chips)
Seat 2: 92e13ede ($10 in chips)
Seat 3: 12375194 ($14.32 in chips)
Seat 4: fe972f2e ($10.28 in chips)
Seat 5: Hero ($10 in chips)
Seat 6: f58f7c93 ($17.34 in chips)
7030350f: posts small blind $0.05
92e13ede: posts big blind $0.1
*** HOLE CARDS ***
Dealt to 7030350f 
Dealt to 92e13ede 
Dealt to 12375194 
Dealt to fe972f2e 
Dealt to Hero [5c 2s]
Dealt to f58f7c93 
12375194: raises $0.2 to $0.3
fe972f2e: folds
Hero: folds
f58f7c93: folds
7030350f: calls $0.25
92e13ede: calls $0.2
*** FLOP *** [9s 3h 7s]
7030350f: checks
92e13ede: checks
12375194: bets $0.45
7030350f: folds
92e13ede: calls $0.45
*** TURN *** [9s 3h 7s] [5h]
92e13ede: checks
12375194: bets $1.2
92e13ede: folds
Uncalled bet ($1.2) returned to 12375194
*** SHOWDOWN ***
12375194 collected $1.71 from pot
*** SUMMARY ***
Total pot $1.8 | Rake $0.09 | Jackpot $0 | Bingo $0 | Fortune $0 | Tax $0
Board [9s 3h 7s 5h]
Seat 1: 7030350f (small blind) folded on the Flop
Seat 2: 92e13ede (big blind) folded on the Turn
Seat 3: 12375194 won ($1.71)
Seat 4: fe972f2e folded before Flop (didn't bet)
Seat 5: Hero folded before Flop (didn't bet)
Seat 6: f58f7c93 (button) folded before Flop (didn't bet)


Poker Hand #HD1818524413: Hold'em No Limit ($0.05/$0.1) - 2024/06/16 22:45:22
Table 'NLHRed28' 6-max Seat #5 is the button
Seat 1: 7030350f ($1.65 in chips)
Seat 3: 12375194 ($14 in chips)
Seat 4: fe972f2e ($10.28 in chips)
Seat 5: Hero ($10 in chips)
Seat 6: f58f7c93 ($17.39 in chips)
f58f7c93: posts small blind $0.05
7030350f: posts big blind $0.1
*** HOLE CARDS ***
Dealt to 7030350f 
Dealt to 12375194 
Dealt to fe972f2e 
Dealt to Hero [8c Kc]
Dealt to f58f7c93 
12375194: raises $0.2 to $0.3
fe972f2e: folds
Hero: folds
f58f7c93: folds
7030350f: calls $0.2
*** FLOP *** [Ks 7h 3c]
7030350f: checks
12375194: bets $0.25
7030350f: folds
Uncalled bet ($0.25) returned to 12375194
*** SHOWDOWN ***
12375194 collected $0.62 from pot
*** SUMMARY ***
Total pot $0.65 | Rake $0.03 | Jackpot $0 | Bingo $0 | Fortune $0 | Tax $0
Board [Ks 7h 3c]
Seat 1: 7030350f (big blind) folded on the Flop
Seat 3: 12375194 won ($0.62)
Seat 4: fe972f2e folded before Flop (didn't bet)
Seat 5: Hero (button) folded before Flop (didn't bet)
Seat 6: f58f7c93 (small blind) folded before Flop


Poker Hand #HD1818524358: Hold'em No Limit ($0.05/$0.1) - 2024/06/16 22:44:44
Table 'NLHRed28' 6-max Seat #4 is the button
Seat 1: 7030350f ($1.65 in chips)
Seat 3: 12375194 ($14 in chips)
Seat 4: fe972f2e ($10 in chips)
Seat 5: Hero ($10.05 in chips)
Seat 6: f58f7c93 ($17.64 in chips)
Hero: posts small blind $0.05
f58f7c93: posts big blind $0.1
*** HOLE CARDS ***
Dealt to 7030350f 
Dealt to 12375194 
Dealt to fe972f2e 
Dealt to Hero [5h 9s]
Dealt to f58f7c93 
7030350f: folds
12375194: folds
fe972f2e: raises $0.15 to $0.25
Hero: folds
f58f7c93: calls $0.15
*** FLOP *** [Kh 4s Js]
f58f7c93: checks
fe972f2e: bets $0.3
f58f7c93: folds
Uncalled bet ($0.3) returned to fe972f2e
*** SHOWDOWN ***
fe972f2e collected $0.53 from pot
*** SUMMARY ***
Total pot $0.55 | Rake $0.02 | Jackpot $0 | Bingo $0 | Fortune $0 | Tax $0
Board [Kh 4s Js]
Seat 1: 7030350f folded before Flop (didn't bet)
Seat 3: 12375194 folded before Flop (didn't bet)
Seat 4: fe972f2e (button) won ($0.53)
Seat 5: Hero (small blind) folded before Flop
Seat 6: f58f7c93 (big blind) folded on the Flop


Poker Hand #HD1818524234: Hold'em No Limit ($0.05/$0.1) - 2024/06/16 22:43:28
Table 'NLHRed28' 6-max Seat #3 is the button
Seat 1: 7030350f ($2.05 in chips)
Seat 2: 1985ff70 ($3.96 in chips)
Seat 3: 12375194 ($10 in chips)
Seat 4: fe972f2e ($10.05 in chips)
Seat 5: Hero ($10.15 in chips)
Seat 6: f58f7c93 ($17.64 in chips)
fe972f2e: posts small blind $0.05
Hero: posts big blind $0.1
*** HOLE CARDS ***
Dealt to 7030350f 
Dealt to 1985ff70 
Dealt to 12375194 
Dealt to fe972f2e 
Dealt to Hero [Ks Jd]
Dealt to f58f7c93 
f58f7c93: folds
7030350f: raises $0.3 to $0.4
1985ff70: raises $0.95 to $1.35
12375194: raises $1.3 to $2.65
fe972f2e: folds
Hero: folds
7030350f: folds
1985ff70: raises $1.31 to $3.96 and is all-in
12375194: calls $1.31
1985ff70: shows [Jc Jh]
12375194: shows [Qc Qd]
*** FLOP *** [Ah Ad 9h]
*** TURN *** [Ah Ad 9h] [7c]
*** RIVER *** [Ah Ad 9h 7c] [3s]
*** SHOWDOWN ***
12375194 collected $7.96 from pot
*** SUMMARY ***
Total pot $8.47 | Rake $0.41 | Jackpot $0.1 | Bingo $0 | Fortune $0 | Tax $0
Board [Ah Ad 9h 7c 3s]
Seat 1: 7030350f folded before Flop
Seat 2: 1985ff70 showed [Jc Jh] and lost with Pair of Aces and Pair of Jacks
Seat 3: 12375194 (button) showed [Qc Qd] and won ($7.96) with Pair of Aces and Pair of Queens
Seat 4: fe972f2e (small blind) folded before Flop
Seat 5: Hero (big blind) folded before Flop
Seat 6: f58f7c93 folded before Flop (didn't bet)


Poker Hand #HD1818524196: Hold'em No Limit ($0.05/$0.1) - 2024/06/16 22:43:04
Table 'NLHRed28' 6-max Seat #2 is the button
Seat 1: 7030350f ($2.05 in chips)
Seat 2: 1985ff70 ($3.96 in chips)
Seat 3: 12375194 ($10 in chips)
Seat 4: fe972f2e ($10.15 in chips)
Seat 5: Hero ($10 in chips)
Seat 6: f58f7c93 ($17.64 in chips)
12375194: posts small blind $0.05
fe972f2e: posts big blind $0.1
*** HOLE CARDS ***
Dealt to 7030350f 
Dealt to 1985ff70 
Dealt to 12375194 
Dealt to fe972f2e 
Dealt to Hero [8h 8d]
Dealt to f58f7c93 
Hero: raises $0.1 to $0.2
f58f7c93: folds
7030350f: folds
1985ff70: folds
12375194: folds
fe972f2e: folds
Uncalled bet ($0.1) returned to Hero
*** SHOWDOWN ***
Hero collected $0.25 from pot
*** SUMMARY ***
Total pot $0.25 | Rake $0 | Jackpot $0 | Bingo $0 | Fortune $0 | Tax $0
Seat 1: 7030350f folded before Flop (didn't bet)
Seat 2: 1985ff70 (button) folded before Flop (didn't bet)
Seat 3: 12375194 (small blind) folded before Flop
Seat 4: fe972f2e (big blind) folded before Flop
Seat 5: Hero collected ($0.25)
Seat 6: f58f7c93 folded before Flop (didn't bet)


Poker Hand #HD1818524164: Hold'em No Limit ($0.05/$0.1) - 2024/06/16 22:42:43
Table 'NLHRed28' 6-max Seat #1 is the button
Seat 1: 7030350f ($1.9 in chips)
Seat 2: 1985ff70 ($4.01 in chips)
Seat 3: 12375194 ($10 in chips)
Seat 4: fe972f2e ($10.15 in chips)
Seat 5: Hero ($10 in chips)
Seat 6: f58f7c93 ($17.64 in chips)
1985ff70: posts small blind $0.05
12375194: posts big blind $0.1
*** HOLE CARDS ***
Dealt to 7030350f 
Dealt to 1985ff70 
Dealt to 12375194 
Dealt to fe972f2e 
Dealt to Hero [Td 9h]
Dealt to f58f7c93 
fe972f2e: folds
Hero: folds
f58f7c93: folds
7030350f: raises $0.2 to $0.3
1985ff70: folds
12375194: folds
Uncalled bet ($0.2) returned to 7030350f
*** SHOWDOWN ***
7030350f collected $0.25 from pot
*** SUMMARY ***
Total pot $0.25 | Rake $0 | Jackpot $0 | Bingo $0 | Fortune $0 | Tax $0
Seat 1: 7030350f (button) collected ($0.25)
Seat 2: 1985ff70 (small blind) folded before Flop
Seat 3: 12375194 (big blind) folded before Flop
Seat 4: fe972f2e folded before Flop (didn't bet)
Seat 5: Hero folded before Flop (didn't bet)
Seat 6: f58f7c93 folded before Flop (didn't bet)


Poker Hand #HD1818524141: Hold'em No Limit ($0.05/$0.1) - 2024/06/16 22:42:22
Table 'NLHRed28' 6-max Seat #6 is the button
Seat 1: 7030350f ($1.95 in chips)
Seat 2: 1985ff70 ($4.11 in chips)
Seat 3: 12375194 ($10 in chips)
Seat 4: fe972f2e ($10 in chips)
Seat 5: Hero ($10 in chips)
Seat 6: f58f7c93 ($17.64 in chips)
7030350f: posts small blind $0.05
1985ff70: posts big blind $0.1
*** HOLE CARDS ***
Dealt to 7030350f 
Dealt to 1985ff70 
Dealt to 12375194 
Dealt to fe972f2e 
Dealt to Hero [8c Jc]
Dealt to f58f7c93 
12375194: folds
fe972f2e: raises $0.15 to $0.25
Hero: folds
f58f7c93: folds
7030350f: folds
1985ff70: folds
Uncalled bet ($0.15) returned to fe972f2e
*** SHOWDOWN ***
fe972f2e collected $0.25 from pot
*** SUMMARY ***
Total pot $0.25 | Rake $0 | Jackpot $0 | Bingo $0 | Fortune $0 | Tax $0
Seat 1: 7030350f (small blind) folded before Flop
Seat 2: 1985ff70 (big blind) folded before Flop
Seat 3: 12375194 folded before Flop (didn't bet)
Seat 4: fe972f2e collected ($0.25)
Seat 5: Hero folded before Flop (didn't bet)
Seat 6: f58f7c93 (button) folded before Flop (didn't bet)


Poker Hand #HD1818524109: Hold'em No Limit ($0.05/$0.1) - 2024/06/16 22:42:08
Table 'NLHRed28' 6-max Seat #5 is the button
Seat 1: 7030350f ($1.9 in chips)
Seat 2: 1985ff70 ($4.11 in chips)
Seat 3: 12375194 ($10 in chips)
Seat 4: fe972f2e ($10 in chips)
Seat 5: Hero ($10 in chips)
Seat 6: f58f7c93 ($17.69 in chips)
f58f7c93: posts small blind $0.05
7030350f: posts big blind $0.1
*** HOLE CARDS ***
Dealt to 7030350f 
Dealt to 1985ff70 
Dealt to 12375194 
Dealt to fe972f2e 
Dealt to Hero [3s Th]
Dealt to f58f7c93 
1985ff70: folds
12375194: folds
fe972f2e: folds
Hero: folds
f58f7c93: folds
Uncalled bet ($0.05) returned to 7030350f
*** SHOWDOWN ***
7030350f collected $0.1 from pot
*** SUMMARY ***
Total pot $0.1 | Rake $0 | Jackpot $0 | Bingo $0 | Fortune $0 | Tax $0
Seat 1: 7030350f (big blind) collected ($0.1)
Seat 2: 1985ff70 folded before Flop (didn't bet)
Seat 3: 12375194 folded before Flop (didn't bet)
Seat 4: fe972f2e folded before Flop (didn't bet)
Seat 5: Hero (button) folded before Flop (didn't bet)
Seat 6: f58f7c93 (small blind) folded before Flop


Poker Hand #HD1818524051: Hold'em No Limit ($0.05/$0.1) - 2024/06/16 22:41:27
Table 'NLHRed28' 6-max Seat #4 is the button
Seat 1: 7030350f ($2 in chips)
Seat 2: 1985ff70 ($4.11 in chips)
Seat 3: 12375194 ($10 in chips)
Seat 4: fe972f2e ($10 in chips)
Seat 5: Hero ($10 in chips)
Seat 6: f58f7c93 ($17.23 in chips)
Hero: posts small blind $0.05
f58f7c93: posts big blind $0.1
7030350f: posts big blind $0.1
*** HOLE CARDS ***
Dealt to 7030350f 
Dealt to 1985ff70 
Dealt to 12375194 
Dealt to fe972f2e 
Dealt to Hero [6s 6c]
Dealt to f58f7c93 
7030350f: checks
1985ff70: folds
12375194: folds
fe972f2e: folds
Hero: raises $0.3 to $0.4
f58f7c93: calls $0.3
7030350f: folds
*** FLOP *** [9c Js Qc]
Hero: checks
f58f7c93: bets $0.45
Hero: folds
Uncalled bet ($0.45) returned to f58f7c93
*** SHOWDOWN ***
f58f7c93 collected $0.86 from pot
*** SUMMARY ***
Total pot $0.9 | Rake $0.04 | Jackpot $0 | Bingo $0 | Fortune $0 | Tax $0
Board [9c Js Qc]
Seat 1: 7030350f folded before Flop
Seat 2: 1985ff70 folded before Flop (didn't bet)
Seat 3: 12375194 folded before Flop (didn't bet)
Seat 4: fe972f2e (button) folded before Flop (didn't bet)
Seat 5: Hero (small blind) folded on the Flop
Seat 6: f58f7c93 (big blind) won ($0.86)


Poker Hand #HD1818524030: Hold'em No Limit ($0.05/$0.1) - 2024/06/16 22:41:16
Table 'NLHRed28' 6-max Seat #3 is the button
Seat 2: 1985ff70 ($4.11 in chips)
Seat 3: 12375194 ($10 in chips)
Seat 4: fe972f2e ($10.05 in chips)
Seat 5: Hero ($10 in chips)
Seat 6: f58f7c93 ($17.08 in chips)
fe972f2e: posts small blind $0.05
Hero: posts big blind $0.1
*** HOLE CARDS ***
Dealt to 1985ff70 
Dealt to 12375194 
Dealt to fe972f2e 
Dealt to Hero [5s Jh]
Dealt to f58f7c93 
f58f7c93: raises $0.15 to $0.25
1985ff70: folds
12375194: folds
fe972f2e: folds
Hero: folds
Uncalled bet ($0.15) returned to f58f7c93
*** SHOWDOWN ***
f58f7c93 collected $0.25 from pot
*** SUMMARY ***
Total pot $0.25 | Rake $0 | Jackpot $0 | Bingo $0 | Fortune $0 | Tax $0
Seat 2: 1985ff70 folded before Flop (didn't bet)
Seat 3: 12375194 (button) folded before Flop (didn't bet)
Seat 4: fe972f2e (small blind) folded before Flop
Seat 5: Hero (big blind) folded before Flop
Seat 6: f58f7c93 collected ($0.25)


Poker Hand #HD1818523986: Hold'em No Limit ($0.05/$0.1) - 2024/06/16 22:40:41
Table 'NLHRed28' 6-max Seat #2 is the button
Seat 2: 1985ff70 ($3.6 in chips)
Seat 3: 12375194 ($10 in chips)
Seat 4: fe972f2e ($10.15 in chips)
Seat 5: Hero ($10 in chips)
Seat 6: f58f7c93 ($17.08 in chips)
12375194: posts small blind $0.05
fe972f2e: posts big blind $0.1
*** HOLE CARDS ***
Dealt to 1985ff70 
Dealt to 12375194 
Dealt to fe972f2e 
Dealt to Hero [Ac Js]
Dealt to f58f7c93 
Hero: raises $0.1 to $0.2
f58f7c93: folds
1985ff70: calls $0.2
12375194: folds
fe972f2e: folds
*** FLOP *** [Ts 2d 7c]
Hero: checks
1985ff70: bets $0.2
Hero: calls $0.2
*** TURN *** [Ts 2d 7c] [6c]
Hero: checks
1985ff70: bets $0.48
Hero: folds
Uncalled bet ($0.48) returned to 1985ff70
*** SHOWDOWN ***
1985ff70 collected $0.91 from pot
*** SUMMARY ***
Total pot $0.95 | Rake $0.04 | Jackpot $0 | Bingo $0 | Fortune $0 | Tax $0
Board [Ts 2d 7c 6c]
Seat 2: 1985ff70 (button) won ($0.91)
Seat 3: 12375194 (small blind) folded before Flop
Seat 4: fe972f2e (big blind) folded before Flop
Seat 5: Hero folded on the Turn
Seat 6: f58f7c93 folded before Flop (didn't bet)


Poker Hand #HD1818523950: Hold'em No Limit ($0.05/$0.1) - 2024/06/16 22:40:20
Table 'NLHRed28' 6-max Seat #6 is the button
Seat 2: 1985ff70 ($3.5 in chips)
Seat 3: 12375194 ($10 in chips)
Seat 4: fe972f2e ($10.15 in chips)
Seat 5: Hero ($10 in chips)
Seat 6: f58f7c93 ($17.08 in chips)
1985ff70: posts small blind $0.05
12375194: posts big blind $0.1
*** HOLE CARDS ***
Dealt to 1985ff70 
Dealt to 12375194 
Dealt to fe972f2e 
Dealt to Hero [4s 7c]
Dealt to f58f7c93 
fe972f2e: folds
Hero: folds
f58f7c93: folds
1985ff70: raises $0.3 to $0.4
12375194: folds
Uncalled bet ($0.3) returned to 1985ff70
*** SHOWDOWN ***
1985ff70 collected $0.2 from pot
*** SUMMARY ***
Total pot $0.2 | Rake $0 | Jackpot $0 | Bingo $0 | Fortune $0 | Tax $0
Seat 2: 1985ff70 (small blind) collected ($0.2)
Seat 3: 12375194 (big blind) folded before Flop
Seat 4: fe972f2e folded before Flop (didn't bet)
Seat 5: Hero folded before Flop (didn't bet)
Seat 6: f58f7c93 (button) folded before Flop (didn't bet)


Poker Hand #HD1818523915: Hold'em No Limit ($0.05/$0.1) - 2024/06/16 22:39:59
Table 'NLHRed28' 6-max Seat #5 is the button
Seat 2: 1985ff70 ($3.45 in chips)
Seat 3: 12375194 ($10 in chips)
Seat 4: fe972f2e ($10.15 in chips)
Seat 5: Hero ($10 in chips)
Seat 6: f58f7c93 ($17.13 in chips)
f58f7c93: posts small blind $0.05
1985ff70: posts big blind $0.1
*** HOLE CARDS ***
Dealt to 1985ff70 
Dealt to 12375194 
Dealt to fe972f2e 
Dealt to Hero [4d 2h]
Dealt to f58f7c93 
12375194: folds
fe972f2e: folds
Hero: folds
f58f7c93: folds
Uncalled bet ($0.05) returned to 1985ff70
*** SHOWDOWN ***
1985ff70 collected $0.1 from pot
*** SUMMARY ***
Total pot $0.1 | Rake $0 | Jackpot $0 | Bingo $0 | Fortune $0 | Tax $0
Seat 2: 1985ff70 (big blind) collected ($0.1)
Seat 3: 12375194 folded before Flop (didn't bet)
Seat 4: fe972f2e folded before Flop (didn't bet)
Seat 5: Hero (button) folded before Flop (didn't bet)
Seat 6: f58f7c93 (small blind) folded before Flop


Poker Hand #HD1818523884: Hold'em No Limit ($0.05/$0.1) - 2024/06/16 22:39:37
Table 'NLHRed28' 6-max Seat #4 is the button
Seat 1: da2f53e2 ($25.98 in chips)
Seat 2: 1985ff70 ($3.45 in chips)
Seat 3: 12375194 ($10 in chips)
Seat 4: fe972f2e ($10 in chips)
Seat 5: Hero ($10.05 in chips)
Seat 6: f58f7c93 ($17.23 in chips)
Hero: posts small blind $0.05
f58f7c93: posts big blind $0.1
*** HOLE CARDS ***
Dealt to da2f53e2 
Dealt to 1985ff70 
Dealt to 12375194 
Dealt to fe972f2e 
Dealt to Hero [4c Tc]
Dealt to f58f7c93 
da2f53e2: folds
1985ff70: folds
12375194: folds
fe972f2e: raises $0.15 to $0.25
Hero: folds
f58f7c93: folds
Uncalled bet ($0.15) returned to fe972f2e
*** SHOWDOWN ***
fe972f2e collected $0.25 from pot
*** SUMMARY ***
Total pot $0.25 | Rake $0 | Jackpot $0 | Bingo $0 | Fortune $0 | Tax $0
Seat 1: da2f53e2 folded before Flop (didn't bet)
Seat 2: 1985ff70 folded before Flop (didn't bet)
Seat 3: 12375194 folded before Flop (didn't bet)
Seat 4: fe972f2e (button) collected ($0.25)
Seat 5: Hero (small blind) folded before Flop
Seat 6: f58f7c93 (big blind) folded before Flop


Poker Hand #HD1818523857: Hold'em No Limit ($0.05/$0.1) - 2024/06/16 22:39:18
Table 'NLHRed28' 6-max Seat #3 is the button
Seat 1: da2f53e2 ($25.98 in chips)
Seat 2: 1985ff70 ($3.45 in chips)
Seat 3: 12375194 ($10 in chips)
Seat 4: fe972f2e ($10 in chips)
Seat 5: Hero ($10 in chips)
Seat 6: f58f7c93 ($17.23 in chips)
fe972f2e: posts small blind $0.05
Hero: posts big blind $0.1
*** HOLE CARDS ***
Dealt to da2f53e2 
Dealt to 1985ff70 
Dealt to 12375194 
Dealt to fe972f2e 
Dealt to Hero [Ks Tc]
Dealt to f58f7c93 
f58f7c93: folds
da2f53e2: folds
1985ff70: folds
12375194: folds
fe972f2e: folds
Uncalled bet ($0.05) returned to Hero
*** SHOWDOWN ***
Hero collected $0.1 from pot
*** SUMMARY ***
Total pot $0.1 | Rake $0 | Jackpot $0 | Bingo $0 | Fortune $0 | Tax $0
Seat 1: da2f53e2 folded before Flop (didn't bet)
Seat 2: 1985ff70 folded before Flop (didn't bet)
Seat 3: 12375194 (button) folded before Flop (didn't bet)
Seat 4: fe972f2e (small blind) folded before Flop
Seat 5: Hero (big blind) collected ($0.1)
Seat 6: f58f7c93 folded before Flop (didn't bet)


Poker Hand #HD1818523803: Hold'em No Limit ($0.05/$0.1) - 2024/06/16 22:38:43
Table 'NLHRed28' 6-max Seat #2 is the button
Seat 1: da2f53e2 ($26.23 in chips)
Seat 2: 1985ff70 ($3.7 in chips)
Seat 3: 12375194 ($10.05 in chips)
Seat 4: fe972f2e ($10 in chips)
Seat 5: Hero ($10 in chips)
Seat 6: f58f7c93 ($16.62 in chips)
12375194: posts small blind $0.05
fe972f2e: posts big blind $0.1
*** HOLE CARDS ***
Dealt to da2f53e2 
Dealt to 1985ff70 
Dealt to 12375194 
Dealt to fe972f2e 
Dealt to Hero [4c 9c]
Dealt to f58f7c93 
Hero: folds
f58f7c93: raises $0.15 to $0.25
da2f53e2: calls $0.25
1985ff70: calls $0.25
12375194: folds
fe972f2e: folds
*** FLOP *** [7h 7c 5d]
f58f7c93: bets $0.45
da2f53e2: folds
1985ff70: folds
Uncalled bet ($0.45) returned to f58f7c93
*** SHOWDOWN ***
f58f7c93 collected $0.86 from pot
*** SUMMARY ***
Total pot $0.9 | Rake $0.04 | Jackpot $0 | Bingo $0 | Fortune $0 | Tax $0
Board [7h 7c 5d]
Seat 1: da2f53e2 folded on the Flop
Seat 2: 1985ff70 (button) folded on the Flop
Seat 3: 12375194 (small blind) folded before Flop
Seat 4: fe972f2e (big blind) folded before Flop
Seat 5: Hero folded before Flop (didn't bet)
Seat 6: f58f7c93 won ($0.86)


Poker Hand #HD1818523778: Hold'em No Limit ($0.05/$0.1) - 2024/06/16 22:38:30
Table 'NLHRed28' 6-max Seat #1 is the button
Seat 1: da2f53e2 ($26.23 in chips)
Seat 2: 1985ff70 ($3.75 in chips)
Seat 3: 12375194 ($10.15 in chips)
Seat 4: fe972f2e ($10 in chips)
Seat 5: Hero ($10 in chips)
Seat 6: f58f7c93 ($16.47 in chips)
1985ff70: posts small blind $0.05
12375194: posts big blind $0.1
*** HOLE CARDS ***
Dealt to da2f53e2 
Dealt to 1985ff70 
Dealt to 12375194 
Dealt to fe972f2e 
Dealt to Hero [7s Jh]
Dealt to f58f7c93 
fe972f2e: folds
Hero: folds
f58f7c93: raises $0.15 to $0.25
da2f53e2: folds
1985ff70: folds
12375194: folds
Uncalled bet ($0.15) returned to f58f7c93
*** SHOWDOWN ***
f58f7c93 collected $0.25 from pot
*** SUMMARY ***
Total pot $0.25 | Rake $0 | Jackpot $0 | Bingo $0 | Fortune $0 | Tax $0
Seat 1: da2f53e2 (button) folded before Flop (didn't bet)
Seat 2: 1985ff70 (small blind) folded before Flop
Seat 3: 12375194 (big blind) folded before Flop
Seat 4: fe972f2e folded before Flop (didn't bet)
Seat 5: Hero folded before Flop (didn't bet)
Seat 6: f58f7c93 collected ($0.25)


Poker Hand #HD1818523639: Hold'em No Limit ($0.05/$0.1) - 2024/06/16 22:37:03
Table 'NLHRed28' 6-max Seat #6 is the button
Seat 1: da2f53e2 ($26.28 in chips)
Seat 2: 1985ff70 ($4 in chips)
Seat 3: 12375194 ($10.15 in chips)
Seat 4: fe972f2e ($10.02 in chips)
Seat 5: Hero ($10 in chips)
Seat 6: f58f7c93 ($15.31 in chips)
da2f53e2: posts small blind $0.05
1985ff70: posts big blind $0.1
*** HOLE CARDS ***
Dealt to da2f53e2 
Dealt to 1985ff70 
Dealt to 12375194 
Dealt to fe972f2e 
Dealt to Hero [8d 2c]
Dealt to f58f7c93 
12375194: folds
fe972f2e: raises $0.15 to $0.25
Hero: folds
f58f7c93: calls $0.25
da2f53e2: folds
1985ff70: calls $0.15
*** FLOP *** [8c 3h Qh]
1985ff70: checks
fe972f2e: bets $0.27
f58f7c93: raises $0.45 to $0.72
1985ff70: folds
fe972f2e: calls $0.45
*** TURN *** [8c 3h Qh] [3d]
fe972f2e: checks
f58f7c93: bets $1.68
fe972f2e: folds
Uncalled bet ($1.68) returned to f58f7c93
*** SHOWDOWN ***
f58f7c93 collected $2.13 from pot
*** SUMMARY ***
Total pot $2.24 | Rake $0.11 | Jackpot $0 | Bingo $0 | Fortune $0 | Tax $0
Board [8c 3h Qh 3d]
Seat 1: da2f53e2 (small blind) folded before Flop
Seat 2: 1985ff70 (big blind) folded on the Flop
Seat 3: 12375194 folded before Flop (didn't bet)
Seat 4: fe972f2e folded on the Turn
Seat 5: Hero folded before Flop (didn't bet)
Seat 6: f58f7c93 (button) won ($2.13)


Poker Hand #HD1818523611: Hold'em No Limit ($0.05/$0.1) - 2024/06/16 22:36:49
Table 'NLHRed28' 6-max Seat #5 is the button
Seat 1: da2f53e2 ($26.38 in chips)
Seat 2: 1985ff70 ($4 in chips)
Seat 3: 12375194 ($10 in chips)
Seat 4: fe972f2e ($10.02 in chips)
Seat 5: Hero ($10 in chips)
Seat 6: f58f7c93 ($15.36 in chips)
f58f7c93: posts small blind $0.05
da2f53e2: posts big blind $0.1
*** HOLE CARDS ***
Dealt to da2f53e2 
Dealt to 1985ff70 
Dealt to 12375194 
Dealt to fe972f2e 
Dealt to Hero [9c 5s]
Dealt to f58f7c93 
1985ff70: folds
12375194: raises $0.2 to $0.3
fe972f2e: folds
Hero: folds
f58f7c93: folds
da2f53e2: folds
Uncalled bet ($0.2) returned to 12375194
*** SHOWDOWN ***
12375194 collected $0.25 from pot
*** SUMMARY ***
Total pot $0.25 | Rake $0 | Jackpot $0 | Bingo $0 | Fortune $0 | Tax $0
Seat 1: da2f53e2 (big blind) folded before Flop
Seat 2: 1985ff70 folded before Flop (didn't bet)
Seat 3: 12375194 collected ($0.25)
Seat 4: fe972f2e folded before Flop (didn't bet)
Seat 5: Hero (button) folded before Flop (didn't bet)
Seat 6: f58f7c93 (small blind) folded before Flop


Poker Hand #HD1818523563: Hold'em No Limit ($0.05/$0.1) - 2024/06/16 22:36:17
Table 'NLHRed28' 6-max Seat #4 is the button
Seat 1: da2f53e2 ($26.38 in chips)
Seat 2: 1985ff70 ($4 in chips)
Seat 3: 12375194 ($10.15 in chips)
Seat 4: fe972f2e ($10.02 in chips)
Seat 5: Hero ($10 in chips)
Seat 6: f58f7c93 ($15.04 in chips)
Hero: posts small blind $0.05
f58f7c93: posts big blind $0.1
*** HOLE CARDS ***
Dealt to da2f53e2 
Dealt to 1985ff70 
Dealt to 12375194 
Dealt to fe972f2e 
Dealt to Hero [7s Qd]
Dealt to f58f7c93 
da2f53e2: folds
1985ff70: folds
12375194: raises $0.2 to $0.3
fe972f2e: folds
Hero: folds
f58f7c93: raises $0.75 to $1.05
12375194: folds
Uncalled bet ($0.75) returned to f58f7c93
*** SHOWDOWN ***
f58f7c93 collected $0.62 from pot
*** SUMMARY ***
Total pot $0.65 | Rake $0.03 | Jackpot $0 | Bingo $0 | Fortune $0 | Tax $0
Seat 1: da2f53e2 folded before Flop (didn't bet)
Seat 2: 1985ff70 folded before Flop (didn't bet)
Seat 3: 12375194 folded before Flop
Seat 4: fe972f2e (button) folded before Flop (didn't bet)
Seat 5: Hero (small blind) folded before Flop
Seat 6: f58f7c93 (big blind) collected ($0.62)


Poker Hand #HD1818523464: Hold'em No Limit ($0.05/$0.1) - 2024/06/16 22:35:16
Table 'NLHRed28' 6-max Seat #3 is the button
Seat 1: da2f53e2 ($26.38 in chips)
Seat 2: 1985ff70 ($2.83 in chips)
Seat 3: 12375194 ($10.15 in chips)
Seat 4: fe972f2e ($10.07 in chips)
Seat 5: Hero ($10 in chips)
Seat 6: f58f7c93 ($15.04 in chips)
fe972f2e: posts small blind $0.05
Hero: posts big blind $0.1
*** HOLE CARDS ***
Dealt to da2f53e2 
Dealt to 1985ff70 
Dealt to 12375194 
Dealt to fe972f2e 
Dealt to Hero [Kd Qs]
Dealt to f58f7c93 
f58f7c93: folds
da2f53e2: folds
1985ff70: calls $0.1
12375194: folds
fe972f2e: folds
Hero: checks
*** FLOP *** [Jd Ac Jc]
Hero: checks
1985ff70: bets $0.1
Hero: calls $0.1
*** TURN *** [Jd Ac Jc] [Tc]
Hero: checks
1985ff70: bets $0.1
Hero: raises $0.22 to $0.32
1985ff70: calls $0.22
*** RIVER *** [Jd Ac Jc Tc] [Qh]
Hero: bets $0.36
1985ff70: raises $0.36 to $0.72
Hero: calls $0.36
1985ff70: shows [3c 4c] (Ace High Flush)
Hero: shows [Kd Qs] (Aces-High Straight)
*** SHOWDOWN ***
1985ff70 collected $2.41 from pot
*** SUMMARY ***
Total pot $2.53 | Rake $0.12 | Jackpot $0 | Bingo $0 | Fortune $0 | Tax $0
Board [Jd Ac Jc Tc Qh]
Seat 1: da2f53e2 folded before Flop (didn't bet)
Seat 2: 1985ff70 showed [3c 4c] and won ($2.41) with Ace High Flush
Seat 3: 12375194 (button) folded before Flop (didn't bet)
Seat 4: fe972f2e (small blind) folded before Flop
Seat 5: Hero (big blind) showed [Kd Qs] and lost with Aces-High Straight
Seat 6: f58f7c93 folded before Flop (didn't bet)


Poker Hand #HD1818523444: Hold'em No Limit ($0.05/$0.1) - 2024/06/16 22:35:02
Table 'NLHRed28' 6-max Seat #2 is the button
Seat 1: da2f53e2 ($26.38 in chips)
Seat 2: 1985ff70 ($2.83 in chips)
Seat 3: 12375194 ($10.05 in chips)
Seat 4: fe972f2e ($10.17 in chips)
Seat 5: Hero ($10 in chips)
Seat 6: f58f7c93 ($15.04 in chips)
12375194: posts small blind $0.05
fe972f2e: posts big blind $0.1
*** HOLE CARDS ***
Dealt to da2f53e2 
Dealt to 1985ff70 
Dealt to 12375194 
Dealt to fe972f2e 
Dealt to Hero [Ah 4c]
Dealt to f58f7c93 
Hero: folds
f58f7c93: folds
da2f53e2: folds
1985ff70: folds
12375194: raises $0.2 to $0.3
fe972f2e: folds
Uncalled bet ($0.2) returned to 12375194
*** SHOWDOWN ***
12375194 collected $0.2 from pot
*** SUMMARY ***
Total pot $0.2 | Rake $0 | Jackpot $0 | Bingo $0 | Fortune $0 | Tax $0
Seat 1: da2f53e2 folded before Flop (didn't bet)
Seat 2: 1985ff70 (button) folded before Flop (didn't bet)
Seat 3: 12375194 (small blind) collected ($0.2)
Seat 4: fe972f2e (big blind) folded before Flop
Seat 5: Hero folded before Flop (didn't bet)
Seat 6: f58f7c93 folded before Flop (didn't bet)


Poker Hand #HD1818523375: Hold'em No Limit ($0.05/$0.1) - 2024/06/16 22:34:22
Table 'NLHRed28' 6-max Seat #1 is the button
Seat 1: da2f53e2 ($26.38 in chips)
Seat 2: 1985ff70 ($2.55 in chips)
Seat 3: 12375194 ($10.15 in chips)
Seat 4: fe972f2e ($10.17 in chips)
Seat 5: Hero ($10 in chips)
Seat 6: f58f7c93 ($15.04 in chips)
1985ff70: posts small blind $0.05
12375194: posts big blind $0.1
*** HOLE CARDS ***
Dealt to da2f53e2 
Dealt to 1985ff70 
Dealt to 12375194 
Dealt to fe972f2e 
Dealt to Hero [Ah Td]
Dealt to f58f7c93 
fe972f2e: folds
Hero: raises $0.1 to $0.2
f58f7c93: folds
da2f53e2: folds
1985ff70: calls $0.15
12375194: folds
*** FLOP *** [7h 6d 9c]
1985ff70: bets $0.1
Hero: folds
Uncalled bet ($0.1) returned to 1985ff70
*** SHOWDOWN ***
1985ff70 collected $0.48 from pot
*** SUMMARY ***
Total pot $0.5 | Rake $0.02 | Jackpot $0 | Bingo $0 | Fortune $0 | Tax $0
Board [7h 6d 9c]
Seat 1: da2f53e2 (button) folded before Flop (didn't bet)
Seat 2: 1985ff70 (small blind) won ($0.48)
Seat 3: 12375194 (big blind) folded before Flop
Seat 4: fe972f2e folded before Flop (didn't bet)
Seat 5: Hero folded on the Flop
Seat 6: f58f7c93 folded before Flop (didn't bet)


Poker Hand #HD1818523337: Hold'em No Limit ($0.05/$0.1) - 2024/06/16 22:33:55
Table 'NLHRed28' 6-max Seat #6 is the button
Seat 1: da2f53e2 ($26.43 in chips)
Seat 2: 1985ff70 ($2.65 in chips)
Seat 3: 12375194 ($10.15 in chips)
Seat 4: fe972f2e ($10.02 in chips)
Seat 5: Hero ($10 in chips)
Seat 6: f58f7c93 ($15.04 in chips)
da2f53e2: posts small blind $0.05
1985ff70: posts big blind $0.1
*** HOLE CARDS ***
Dealt to da2f53e2 
Dealt to 1985ff70 
Dealt to 12375194 
Dealt to fe972f2e 
Dealt to Hero [2s Ah]
Dealt to f58f7c93 
12375194: folds
fe972f2e: raises $0.15 to $0.25
Hero: folds
f58f7c93: folds
da2f53e2: folds
1985ff70: folds
Uncalled bet ($0.15) returned to fe972f2e
*** SHOWDOWN ***
fe972f2e collected $0.25 from pot
*** SUMMARY ***
Total pot $0.25 | Rake $0 | Jackpot $0 | Bingo $0 | Fortune $0 | Tax $0
Seat 1: da2f53e2 (small blind) folded before Flop
Seat 2: 1985ff70 (big blind) folded before Flop
Seat 3: 12375194 folded before Flop (didn't bet)
Seat 4: fe972f2e collected ($0.25)
Seat 5: Hero folded before Flop (didn't bet)
Seat 6: f58f7c93 (button) folded before Flop (didn't bet)


Poker Hand #HD1818523153: Hold'em No Limit ($0.05/$0.1) - 2024/06/16 22:31:50
Table 'NLHRed28' 6-max Seat #5 is the button
Seat 1: da2f53e2 ($26.53 in chips)
Seat 2: 1985ff70 ($2.65 in chips)
Seat 3: 12375194 ($10.15 in chips)
Seat 4: fe972f2e ($10.27 in chips)
Seat 5: Hero ($10.03 in chips)
Seat 6: f58f7c93 ($11.68 in chips)
f58f7c93: posts small blind $0.05
da2f53e2: posts big blind $0.1
*** HOLE CARDS ***
Dealt to da2f53e2 
Dealt to 1985ff70 
Dealt to 12375194 
Dealt to fe972f2e 
Dealt to Hero [Js Jh]
Dealt to f58f7c93 
1985ff70: folds
12375194: folds
fe972f2e: raises $0.15 to $0.25
Hero: raises $0.63 to $0.88
f58f7c93: raises $1.59 to $2.47
da2f53e2: folds
fe972f2e: folds
Hero: calls $1.59
*** FLOP *** [4c 6c Td]
f58f7c93: checks
Hero: bets $1
f58f7c93: calls $1
*** TURN *** [4c 6c Td] [7d]
f58f7c93: checks
Hero: checks
*** RIVER *** [4c 6c Td 7d] [Tc]
f58f7c93: bets $1
Hero: folds
Uncalled bet ($1) returned to f58f7c93
*** SHOWDOWN ***
f58f7c93 collected $6.83 from pot
*** SUMMARY ***
Total pot $7.29 | Rake $0.36 | Jackpot $0.1 | Bingo $0 | Fortune $0 | Tax $0
Board [4c 6c Td 7d Tc]
Seat 1: da2f53e2 (big blind) folded before Flop
Seat 2: 1985ff70 folded before Flop (didn't bet)
Seat 3: 12375194 folded before Flop (didn't bet)
Seat 4: fe972f2e folded before Flop
Seat 5: Hero (button) folded on the River
Seat 6: f58f7c93 (small blind) won ($6.83)


Poker Hand #HD1818523126: Hold'em No Limit ($0.05/$0.1) - 2024/06/16 22:31:31
Table 'NLHRed28' 6-max Seat #4 is the button
Seat 1: da2f53e2 ($26.38 in chips)
Seat 2: 1985ff70 ($2.65 in chips)
Seat 3: 12375194 ($10.15 in chips)
Seat 4: fe972f2e ($10.27 in chips)
Seat 5: Hero ($10.08 in chips)
Seat 6: f58f7c93 ($11.78 in chips)
Hero: posts small blind $0.05
f58f7c93: posts big blind $0.1
*** HOLE CARDS ***
Dealt to da2f53e2 
Dealt to 1985ff70 
Dealt to 12375194 
Dealt to fe972f2e 
Dealt to Hero [4d 7d]
Dealt to f58f7c93 
da2f53e2: raises $0.12 to $0.22
1985ff70: folds
12375194: folds
fe972f2e: folds
Hero: folds
f58f7c93: folds
Uncalled bet ($0.12) returned to da2f53e2
*** SHOWDOWN ***
da2f53e2 collected $0.25 from pot
*** SUMMARY ***
Total pot $0.25 | Rake $0 | Jackpot $0 | Bingo $0 | Fortune $0 | Tax $0
Seat 1: da2f53e2 collected ($0.25)
Seat 2: 1985ff70 folded before Flop (didn't bet)
Seat 3: 12375194 folded before Flop (didn't bet)
Seat 4: fe972f2e (button) folded before Flop (didn't bet)
Seat 5: Hero (small blind) folded before Flop
Seat 6: f58f7c93 (big blind) folded before Flop


Poker Hand #HD1818523085: Hold'em No Limit ($0.05/$0.1) - 2024/06/16 22:31:06
Table 'NLHRed28' 6-max Seat #3 is the button
Seat 1: da2f53e2 ($26.38 in chips)
Seat 2: 1985ff70 ($2.65 in chips)
Seat 3: 12375194 ($10 in chips)
Seat 4: fe972f2e ($10.32 in chips)
Seat 5: Hero ($10.18 in chips)
Seat 6: f58f7c93 ($11.78 in chips)
fe972f2e: posts small blind $0.05
Hero: posts big blind $0.1
*** HOLE CARDS ***
Dealt to da2f53e2 
Dealt to 1985ff70 
Dealt to 12375194 
Dealt to fe972f2e 
Dealt to Hero [7h 2c]
Dealt to f58f7c93 
f58f7c93: folds
da2f53e2: folds
1985ff70: folds
12375194: raises $0.2 to $0.3
fe972f2e: folds
Hero: folds
Uncalled bet ($0.2) returned to 12375194
*** SHOWDOWN ***
12375194 collected $0.25 from pot
*** SUMMARY ***
Total pot $0.25 | Rake $0 | Jackpot $0 | Bingo $0 | Fortune $0 | Tax $0
Seat 1: da2f53e2 folded before Flop (didn't bet)
Seat 2: 1985ff70 folded before Flop (didn't bet)
Seat 3: 12375194 (button) collected ($0.25)
Seat 4: fe972f2e (small blind) folded before Flop
Seat 5: Hero (big blind) folded before Flop
Seat 6: f58f7c93 folded before Flop (didn't bet)


Poker Hand #HD1818523043: Hold'em No Limit ($0.05/$0.1) - 2024/06/16 22:30:35
Table 'NLHRed28' 6-max Seat #2 is the button
Seat 1: da2f53e2 ($26.38 in chips)
Seat 2: 1985ff70 ($2.08 in chips)
Seat 3: 12375194 ($10 in chips)
Seat 4: fe972f2e ($10.42 in chips)
Seat 5: Hero ($10.18 in chips)
Seat 6: f58f7c93 ($12.25 in chips)
12375194: posts small blind $0.05
fe972f2e: posts big blind $0.1
*** HOLE CARDS ***
Dealt to da2f53e2 
Dealt to 1985ff70 
Dealt to 12375194 
Dealt to fe972f2e 
Dealt to Hero [Kh 4c]
Dealt to f58f7c93 
Hero: folds
f58f7c93: raises $0.15 to $0.25
da2f53e2: folds
1985ff70: calls $0.25
12375194: folds
fe972f2e: folds
*** FLOP *** [Tc Jd 8d]
f58f7c93: bets $0.22
1985ff70: raises $1.61 to $1.83 and is all-in
f58f7c93: folds
Uncalled bet ($1.61) returned to 1985ff70
*** SHOWDOWN ***
1985ff70 collected $1.04 from pot
*** SUMMARY ***
Total pot $1.09 | Rake $0.05 | Jackpot $0 | Bingo $0 | Fortune $0 | Tax $0
Board [Tc Jd 8d]
Seat 1: da2f53e2 folded before Flop (didn't bet)
Seat 2: 1985ff70 (button) won ($1.04)
Seat 3: 12375194 (small blind) folded before Flop
Seat 4: fe972f2e (big blind) folded before Flop
Seat 5: Hero folded before Flop (didn't bet)
Seat 6: f58f7c93 folded on the Flop


Poker Hand #HD1818523032: Hold'em No Limit ($0.05/$0.1) - 2024/06/16 22:30:26
Table 'NLHRed28' 6-max Seat #1 is the button
Seat 1: da2f53e2 ($26.38 in chips)
Seat 2: 1985ff70 ($2.13 in chips)
Seat 3: 12375194 ($10 in chips)
Seat 5: Hero ($10.03 in chips)
Seat 6: f58f7c93 ($12.25 in chips)
1985ff70: posts small blind $0.05
12375194: posts big blind $0.1
*** HOLE CARDS ***
Dealt to da2f53e2 
Dealt to 1985ff70 
Dealt to 12375194 
Dealt to Hero [Ks Qh]
Dealt to f58f7c93 
Hero: raises $0.1 to $0.2
f58f7c93: folds
da2f53e2: folds
1985ff70: folds
12375194: folds
Uncalled bet ($0.1) returned to Hero
*** SHOWDOWN ***
Hero collected $0.25 from pot
*** SUMMARY ***
Total pot $0.25 | Rake $0 | Jackpot $0 | Bingo $0 | Fortune $0 | Tax $0
Seat 1: da2f53e2 (button) folded before Flop (didn't bet)
Seat 2: 1985ff70 (small blind) folded before Flop
Seat 3: 12375194 (big blind) folded before Flop
Seat 5: Hero collected ($0.25)
Seat 6: f58f7c93 folded before Flop (didn't bet)


Poker Hand #HD1818522935: Hold'em No Limit ($0.05/$0.1) - 2024/06/16 22:29:27
Table 'NLHRed28' 6-max Seat #6 is the button
Seat 1: da2f53e2 ($26.43 in chips)
Seat 2: 1985ff70 ($2.66 in chips)
Seat 3: 12375194 ($10 in chips)
Seat 5: Hero ($10.03 in chips)
Seat 6: f58f7c93 ($11.72 in chips)
da2f53e2: posts small blind $0.05
1985ff70: posts big blind $0.1
*** HOLE CARDS ***
Dealt to da2f53e2 
Dealt to 1985ff70 
Dealt to 12375194 
Dealt to Hero [4d 7d]
Dealt to f58f7c93 
12375194: folds
Hero: folds
f58f7c93: raises $0.15 to $0.25
da2f53e2: folds
1985ff70: calls $0.15
*** FLOP *** [3h 5d 7h]
1985ff70: checks
f58f7c93: bets $0.28
1985ff70: calls $0.28
*** TURN *** [3h 5d 7h] [8c]
1985ff70: checks
f58f7c93: bets $11.19 and is all-in
1985ff70: folds
Uncalled bet ($11.19) returned to f58f7c93
*** SHOWDOWN ***
f58f7c93 collected $1.06 from pot
*** SUMMARY ***
Total pot $1.11 | Rake $0.05 | Jackpot $0 | Bingo $0 | Fortune $0 | Tax $0
Board [3h 5d 7h 8c]
Seat 1: da2f53e2 (small blind) folded before Flop
Seat 2: 1985ff70 (big blind) folded on the Turn
Seat 3: 12375194 folded before Flop (didn't bet)
Seat 5: Hero folded before Flop (didn't bet)
Seat 6: f58f7c93 (button) won ($1.06)


Poker Hand #HD1818522908: Hold'em No Limit ($0.05/$0.1) - 2024/06/16 22:29:09
Table 'NLHRed28' 6-max Seat #5 is the button
Seat 1: da2f53e2 ($26.53 in chips)
Seat 2: 1985ff70 ($2.66 in chips)
Seat 3: 12375194 ($10 in chips)
Seat 5: Hero ($10.03 in chips)
Seat 6: f58f7c93 ($11.62 in chips)
f58f7c93: posts small blind $0.05
da2f53e2: posts big blind $0.1
*** HOLE CARDS ***
Dealt to da2f53e2 
Dealt to 1985ff70 
Dealt to 12375194 
Dealt to Hero [4d Ac]
Dealt to f58f7c93 
1985ff70: folds
12375194: folds
Hero: folds
f58f7c93: raises $0.2 to $0.3
da2f53e2: folds
Uncalled bet ($0.2) returned to f58f7c93
*** SHOWDOWN ***
f58f7c93 collected $0.2 from pot
*** SUMMARY ***
Total pot $0.2 | Rake $0 | Jackpot $0 | Bingo $0 | Fortune $0 | Tax $0
Seat 1: da2f53e2 (big blind) folded before Flop
Seat 2: 1985ff70 folded before Flop (didn't bet)
Seat 3: 12375194 folded before Flop (didn't bet)
Seat 5: Hero (button) folded before Flop (didn't bet)
Seat 6: f58f7c93 (small blind) collected ($0.2)


Poker Hand #HD1818522884: Hold'em No Limit ($0.05/$0.1) - 2024/06/16 22:28:58
Table 'NLHRed28' 6-max Seat #3 is the button
Seat 1: da2f53e2 ($26.53 in chips)
Seat 2: 1985ff70 ($2.66 in chips)
Seat 3: 12375194 ($10 in chips)
Seat 5: Hero ($10.08 in chips)
Seat 6: f58f7c93 ($11.57 in chips)
Hero: posts small blind $0.05
f58f7c93: posts big blind $0.1
*** HOLE CARDS ***
Dealt to da2f53e2 
Dealt to 1985ff70 
Dealt to 12375194 
Dealt to Hero [3d Jh]
Dealt to f58f7c93 
da2f53e2: folds
1985ff70: folds
12375194: folds
Hero: folds
Uncalled bet ($0.05) returned to f58f7c93
*** SHOWDOWN ***
f58f7c93 collected $0.1 from pot
*** SUMMARY ***
Total pot $0.1 | Rake $0 | Jackpot $0 | Bingo $0 | Fortune $0 | Tax $0
Seat 1: da2f53e2 folded before Flop (didn't bet)
Seat 2: 1985ff70 folded before Flop (didn't bet)
Seat 3: 12375194 (button) folded before Flop (didn't bet)
Seat 5: Hero (small blind) folded before Flop
Seat 6: f58f7c93 (big blind) collected ($0.1)


Poker Hand #HD1818522871: Hold'em No Limit ($0.05/$0.1) - 2024/06/16 22:28:42
Table 'NLHRed28' 6-max Seat #2 is the button
Seat 1: da2f53e2 ($26.53 in chips)
Seat 2: 1985ff70 ($2.66 in chips)
Seat 3: 12375194 ($10 in chips)
Seat 5: Hero ($10.18 in chips)
Seat 6: f58f7c93 ($11.42 in chips)
12375194: posts small blind $0.05
Hero: posts big blind $0.1
*** HOLE CARDS ***
Dealt to da2f53e2 
Dealt to 1985ff70 
Dealt to 12375194 
Dealt to Hero [9s 2h]
Dealt to f58f7c93 
f58f7c93: raises $0.15 to $0.25
da2f53e2: folds
1985ff70: folds
12375194: folds
Hero: folds
Uncalled bet ($0.15) returned to f58f7c93
*** SHOWDOWN ***
f58f7c93 collected $0.25 from pot
*** SUMMARY ***
Total pot $0.25 | Rake $0 | Jackpot $0 | Bingo $0 | Fortune $0 | Tax $0
Seat 1: da2f53e2 folded before Flop (didn't bet)
Seat 2: 1985ff70 (button) folded before Flop (didn't bet)
Seat 3: 12375194 (small blind) folded before Flop
Seat 5: Hero (big blind) folded before Flop
Seat 6: f58f7c93 collected ($0.25)


Poker Hand #HD1818522848: Hold'em No Limit ($0.05/$0.1) - 2024/06/16 22:28:28
Table 'NLHRed28' 6-max Seat #1 is the button
Seat 1: da2f53e2 ($26.38 in chips)
Seat 2: 1985ff70 ($2.71 in chips)
Seat 3: 12375194 ($10 in chips)
Seat 5: Hero ($10.18 in chips)
Seat 6: f58f7c93 ($11.42 in chips)
1985ff70: posts small blind $0.05
12375194: posts big blind $0.1
*** HOLE CARDS ***
Dealt to da2f53e2 
Dealt to 1985ff70 
Dealt to 12375194 
Dealt to Hero [3c 4s]
Dealt to f58f7c93 
Hero: folds
f58f7c93: folds
da2f53e2: raises $0.1 to $0.2
1985ff70: folds
12375194: folds
Uncalled bet ($0.1) returned to da2f53e2
*** SHOWDOWN ***
da2f53e2 collected $0.25 from pot
*** SUMMARY ***
Total pot $0.25 | Rake $0 | Jackpot $0 | Bingo $0 | Fortune $0 | Tax $0
Seat 1: da2f53e2 (button) collected ($0.25)
Seat 2: 1985ff70 (small blind) folded before Flop
Seat 3: 12375194 (big blind) folded before Flop
Seat 5: Hero folded before Flop (didn't bet)
Seat 6: f58f7c93 folded before Flop (didn't bet)


Poker Hand #HD1818522831: Hold'em No Limit ($0.05/$0.1) - 2024/06/16 22:28:16
Table 'NLHRed28' 6-max Seat #6 is the button
Seat 1: da2f53e2 ($26.43 in chips)
Seat 2: 1985ff70 ($2.66 in chips)
Seat 3: 12375194 ($10 in chips)
Seat 5: Hero ($10.18 in chips)
Seat 6: f58f7c93 ($11.42 in chips)
da2f53e2: posts small blind $0.05
1985ff70: posts big blind $0.1
*** HOLE CARDS ***
Dealt to da2f53e2 
Dealt to 1985ff70 
Dealt to 12375194 
Dealt to Hero [Kd 8c]
Dealt to f58f7c93 
12375194: folds
Hero: folds
f58f7c93: folds
da2f53e2: folds
Uncalled bet ($0.05) returned to 1985ff70
*** SHOWDOWN ***
1985ff70 collected $0.1 from pot
*** SUMMARY ***
Total pot $0.1 | Rake $0 | Jackpot $0 | Bingo $0 | Fortune $0 | Tax $0
Seat 1: da2f53e2 (small blind) folded before Flop
Seat 2: 1985ff70 (big blind) collected ($0.1)
Seat 3: 12375194 folded before Flop (didn't bet)
Seat 5: Hero folded before Flop (didn't bet)
Seat 6: f58f7c93 (button) folded before Flop (didn't bet)


Poker Hand #HD1818522786: Hold'em No Limit ($0.05/$0.1) - 2024/06/16 22:27:54
Table 'NLHRed28' 6-max Seat #5 is the button
Seat 1: da2f53e2 ($26.53 in chips)
Seat 2: 1985ff70 ($2.66 in chips)
Seat 3: 12375194 ($10 in chips)
Seat 5: Hero ($10.18 in chips)
Seat 6: f58f7c93 ($11.32 in chips)
f58f7c93: posts small blind $0.05
da2f53e2: posts big blind $0.1
*** HOLE CARDS ***
Dealt to da2f53e2 
Dealt to 1985ff70 
Dealt to 12375194 
Dealt to Hero [Ah 6c]
Dealt to f58f7c93 
1985ff70: folds
12375194: folds
Hero: folds
f58f7c93: raises $0.2 to $0.3
da2f53e2: folds
Uncalled bet ($0.2) returned to f58f7c93
*** SHOWDOWN ***
f58f7c93 collected $0.2 from pot
*** SUMMARY ***
Total pot $0.2 | Rake $0 | Jackpot $0 | Bingo $0 | Fortune $0 | Tax $0
Seat 1: da2f53e2 (big blind) folded before Flop
Seat 2: 1985ff70 folded before Flop (didn't bet)
Seat 3: 12375194 folded before Flop (didn't bet)
Seat 5: Hero (button) folded before Flop (didn't bet)
Seat 6: f58f7c93 (small blind) collected ($0.2)


Poker Hand #HD1818522583: Hold'em No Limit ($0.05/$0.1) - 2024/06/16 22:25:36
Table 'NLHRed28' 6-max Seat #3 is the button
Seat 1: da2f53e2 ($13.74 in chips)
Seat 2: 1985ff70 ($2.66 in chips)
Seat 3: 12375194 ($13.95 in chips)
Seat 5: Hero ($10.23 in chips)
Seat 6: f58f7c93 ($11.42 in chips)
Hero: posts small blind $0.05
f58f7c93: posts big blind $0.1
*** HOLE CARDS ***
Dealt to da2f53e2 
Dealt to 1985ff70 
Dealt to 12375194 
Dealt to Hero [4s 5c]
Dealt to f58f7c93 
da2f53e2: raises $0.12 to $0.22
1985ff70: folds
12375194: raises $0.58 to $0.8
Hero: folds
f58f7c93: folds
da2f53e2: calls $0.58
*** FLOP *** [Kd 2d Ts]
da2f53e2: checks
12375194: bets $0.6
da2f53e2: calls $0.6
*** TURN *** [Kd 2d Ts] [Qd]
da2f53e2: checks
12375194: checks
*** RIVER *** [Kd 2d Ts Qd] [7s]
da2f53e2: checks
12375194: bets $1.95
da2f53e2: raises $10.39 to $12.34 and is all-in
12375194: calls $10.39
da2f53e2: shows [Js As] (Aces-High Straight)
12375194: shows [Th Tc] (Three Tens)
*** SHOWDOWN ***
da2f53e2 collected $26.53 from pot
*** SUMMARY ***
Total pot $27.63 | Rake $1 | Jackpot $0.1 | Bingo $0 | Fortune $0 | Tax $0
Board [Kd 2d Ts Qd 7s]
Seat 1: da2f53e2 showed [Js As] and won ($26.53) with Aces-High Straight
Seat 2: 1985ff70 folded before Flop (didn't bet)
Seat 3: 12375194 (button) showed [Th Tc] and lost with Three Tens
Seat 5: Hero (small blind) folded before Flop
Seat 6: f58f7c93 (big blind) folded before Flop


Poker Hand #HD1818522482: Hold'em No Limit ($0.05/$0.1) - 2024/06/16 22:24:32
Table 'NLHRed28' 6-max Seat #2 is the button
Seat 1: da2f53e2 ($13.74 in chips)
Seat 2: 1985ff70 ($2.86 in chips)
Seat 3: 12375194 ($14 in chips)
Seat 5: Hero ($10 in chips)
Seat 6: f58f7c93 ($11.42 in chips)
12375194: posts small blind $0.05
Hero: posts big blind $0.1
*** HOLE CARDS ***
Dealt to da2f53e2 
Dealt to 1985ff70 
Dealt to 12375194 
Dealt to Hero [9s Ah]
Dealt to f58f7c93 
f58f7c93: folds
da2f53e2: folds
1985ff70: calls $0.1
12375194: folds
Hero: checks
*** FLOP *** [Qs Tc Kh]
Hero: checks
1985ff70: checks
*** TURN *** [Qs Tc Kh] [6s]
Hero: bets $0.1
1985ff70: calls $0.1
*** RIVER *** [Qs Tc Kh 6s] [2s]
Hero: checks
1985ff70: checks
Hero: shows [9s Ah] (Ace-High)
1985ff70: shows [9c 7c] (King-High)
*** SHOWDOWN ***
Hero collected $0.43 from pot
*** SUMMARY ***
Total pot $0.45 | Rake $0.02 | Jackpot $0 | Bingo $0 | Fortune $0 | Tax $0
Board [Qs Tc Kh 6s 2s]
Seat 1: da2f53e2 folded before Flop (didn't bet)
Seat 2: 1985ff70 (button) showed [9c 7c] and lost with King-High
Seat 3: 12375194 (small blind) folded before Flop
Seat 5: Hero (big blind) showed [9s Ah] and won ($0.43) with Ace-High
Seat 6: f58f7c93 folded before Flop (didn't bet)


Poker Hand #HD1818522414: Hold'em No Limit ($0.05/$0.1) - 2024/06/16 22:23:46
Table 'NLHRed28' 6-max Seat #1 is the button
Seat 1: da2f53e2 ($13.74 in chips)
Seat 2: 1985ff70 ($3.11 in chips)
Seat 3: 12375194 ($13.19 in chips)
Seat 4: fe972f2e ($11.05 in chips)
Seat 5: Hero ($10 in chips)
Seat 6: f58f7c93 ($11.42 in chips)
1985ff70: posts small blind $0.05
12375194: posts big blind $0.1
*** HOLE CARDS ***
Dealt to da2f53e2 
Dealt to 1985ff70 
Dealt to 12375194 
Dealt to fe972f2e 
Dealt to Hero [4h 5d]
Dealt to f58f7c93 
fe972f2e: raises $0.15 to $0.25
Hero: folds
f58f7c93: folds
da2f53e2: folds
1985ff70: calls $0.2
12375194: calls $0.15
*** FLOP *** [5s Kc Ac]
1985ff70: checks
12375194: checks
fe972f2e: checks
*** TURN *** [5s Kc Ac] [4d]
1985ff70: checks
12375194: checks
fe972f2e: bets $0.38
1985ff70: folds
12375194: calls $0.38
*** RIVER *** [5s Kc Ac 4d] [6c]
12375194: checks
fe972f2e: checks
12375194: shows [5c 4c] (Ace High Flush)
fe972f2e: shows [7h 7s] (Pair of Sevens)
*** SHOWDOWN ***
12375194 collected $1.44 from pot
*** SUMMARY ***
Total pot $1.51 | Rake $0.07 | Jackpot $0 | Bingo $0 | Fortune $0 | Tax $0
Board [5s Kc Ac 4d 6c]
Seat 1: da2f53e2 (button) folded before Flop (didn't bet)
Seat 2: 1985ff70 (small blind) folded on the Turn
Seat 3: 12375194 (big blind) showed [5c 4c] and won ($1.44) with Ace High Flush
Seat 4: fe972f2e showed [7h 7s] and lost with Pair of Sevens
Seat 5: Hero folded before Flop (didn't bet)
Seat 6: f58f7c93 folded before Flop (didn't bet)


Poker Hand #HD1818522355: Hold'em No Limit ($0.05/$0.1) - 2024/06/16 22:23:06
Table 'NLHRed28' 6-max Seat #6 is the button
Seat 1: da2f53e2 ($12.84 in chips)
Seat 2: 1985ff70 ($4.1 in chips)
Seat 3: 12375194 ($13.19 in chips)
Seat 4: fe972f2e ($11.05 in chips)
Seat 5: Hero ($10 in chips)
Seat 6: f58f7c93 ($11.42 in chips)
da2f53e2: posts small blind $0.05
1985ff70: posts big blind $0.1
*** HOLE CARDS ***
Dealt to da2f53e2 
Dealt to 1985ff70 
Dealt to 12375194 
Dealt to fe972f2e 
Dealt to Hero [2s 4d]
Dealt to f58f7c93 
12375194: folds
fe972f2e: folds
Hero: folds
f58f7c93: folds
da2f53e2: raises $0.12 to $0.22
1985ff70: calls $0.12
*** FLOP *** [7h 5d 8s]
da2f53e2: checks
1985ff70: bets $0.2
da2f53e2: calls $0.2
*** TURN *** [7h 5d 8s] [Ad]
da2f53e2: checks
1985ff70: checks
*** RIVER *** [7h 5d 8s Ad] [5s]
da2f53e2: checks
1985ff70: bets $0.1
da2f53e2: raises $0.47 to $0.57
1985ff70: calls $0.47
da2f53e2: shows [Qh As] (Pair of Aces and Pair of Fives)
1985ff70: shows [7s Jc] (Pair of Sevens and Pair of Fives)
*** SHOWDOWN ***
da2f53e2 collected $1.89 from pot
*** SUMMARY ***
Total pot $1.98 | Rake $0.09 | Jackpot $0 | Bingo $0 | Fortune $0 | Tax $0
Board [7h 5d 8s Ad 5s]
Seat 1: da2f53e2 (small blind) showed [Qh As] and won ($1.89) with Pair of Aces and Pair of Fives
Seat 2: 1985ff70 (big blind) showed [7s Jc] and lost with Pair of Sevens and Pair of Fives
Seat 3: 12375194 folded before Flop (didn't bet)
Seat 4: fe972f2e folded before Flop (didn't bet)
Seat 5: Hero folded before Flop (didn't bet)
Seat 6: f58f7c93 (button) folded before Flop (didn't bet)


Poker Hand #HD1818522335: Hold'em No Limit ($0.05/$0.1) - 2024/06/16 22:22:55
Table 'NLHRed28' 6-max Seat #5 is the button
Seat 1: da2f53e2 ($12.79 in chips)
Seat 2: 1985ff70 ($4.1 in chips)
Seat 3: 12375194 ($13.19 in chips)
Seat 4: fe972f2e ($11.05 in chips)
Seat 5: Hero ($10 in chips)
Seat 6: f58f7c93 ($11.47 in chips)
f58f7c93: posts small blind $0.05
da2f53e2: posts big blind $0.1
*** HOLE CARDS ***
Dealt to da2f53e2 
Dealt to 1985ff70 
Dealt to 12375194 
Dealt to fe972f2e 
Dealt to Hero [6s 3d]
Dealt to f58f7c93 
1985ff70: folds
12375194: folds
fe972f2e: folds
Hero: folds
f58f7c93: folds
Uncalled bet ($0.05) returned to da2f53e2
*** SHOWDOWN ***
da2f53e2 collected $0.1 from pot
*** SUMMARY ***
Total pot $0.1 | Rake $0 | Jackpot $0 | Bingo $0 | Fortune $0 | Tax $0
Seat 1: da2f53e2 (big blind) collected ($0.1)
Seat 2: 1985ff70 folded before Flop (didn't bet)
Seat 3: 12375194 folded before Flop (didn't bet)
Seat 4: fe972f2e folded before Flop (didn't bet)
Seat 5: Hero (button) folded before Flop (didn't bet)
Seat 6: f58f7c93 (small blind) folded before Flop


Poker Hand #HD1818522296: Hold'em No Limit ($0.05/$0.1) - 2024/06/16 22:22:24
Table 'NLHRed28' 6-max Seat #4 is the button
Seat 1: da2f53e2 ($12.79 in chips)
Seat 2: 1985ff70 ($4.5 in chips)
Seat 3: 12375194 ($13.19 in chips)
Seat 4: fe972f2e ($10.54 in chips)
Seat 5: Hero ($10 in chips)
Seat 6: f58f7c93 ($11.57 in chips)
Hero: posts small blind $0.05
f58f7c93: posts big blind $0.1
*** HOLE CARDS ***
Dealt to da2f53e2 
Dealt to 1985ff70 
Dealt to 12375194 
Dealt to fe972f2e 
Dealt to Hero [9h Ah]
Dealt to f58f7c93 
da2f53e2: folds
1985ff70: calls $0.1
12375194: folds
fe972f2e: raises $0.3 to $0.4
Hero: folds
f58f7c93: folds
1985ff70: calls $0.3
*** FLOP *** [3c As 2h]
1985ff70: checks
fe972f2e: bets $0.48
1985ff70: folds
Uncalled bet ($0.48) returned to fe972f2e
fe972f2e: shows [8s Js] (Ace-High)
*** SHOWDOWN ***
fe972f2e collected $0.91 from pot
*** SUMMARY ***
Total pot $0.95 | Rake $0.04 | Jackpot $0 | Bingo $0 | Fortune $0 | Tax $0
Board [3c As 2h]
Seat 1: da2f53e2 folded before Flop (didn't bet)
Seat 2: 1985ff70 folded on the Flop
Seat 3: 12375194 folded before Flop (didn't bet)
Seat 4: fe972f2e (button) showed [8s Js] and won ($0.91)
Seat 5: Hero (small blind) folded before Flop
Seat 6: f58f7c93 (big blind) folded before Flop


Poker Hand #HD1818522150: Hold'em No Limit ($0.05/$0.1) - 2024/06/16 22:20:48
Table 'NLHRed28' 6-max Seat #3 is the button
Seat 1: da2f53e2 ($12.79 in chips)
Seat 2: 1985ff70 ($4.5 in chips)
Seat 3: 12375194 ($13.19 in chips)
Seat 4: fe972f2e ($10.59 in chips)
Seat 5: Hero ($10.5 in chips)
Seat 6: f58f7c93 ($9.86 in chips)
fe972f2e: posts small blind $0.05
Hero: posts big blind $0.1
*** HOLE CARDS ***
Dealt to da2f53e2 
Dealt to 1985ff70 
Dealt to 12375194 
Dealt to fe972f2e 
Dealt to Hero [8d Ad]
Dealt to f58f7c93 
f58f7c93: raises $0.15 to $0.25
da2f53e2: folds
1985ff70: folds
12375194: folds
fe972f2e: folds
Hero: calls $0.15
*** FLOP *** [9h Qd 7d]
Hero: checks
f58f7c93: bets $0.19
Hero: raises $0.51 to $0.7
f58f7c93: calls $0.51
*** TURN *** [9h Qd 7d] [Qh]
Hero: bets $1
f58f7c93: calls $1
*** RIVER *** [9h Qd 7d Qh] [Ac]
Hero: checks
f58f7c93: bets $3.07
Hero: folds
Uncalled bet ($3.07) returned to f58f7c93
*** SHOWDOWN ***
f58f7c93 collected $3.66 from pot
*** SUMMARY ***
Total pot $3.95 | Rake $0.19 | Jackpot $0.1 | Bingo $0 | Fortune $0 | Tax $0
Board [9h Qd 7d Qh Ac]
Seat 1: da2f53e2 folded before Flop (didn't bet)
Seat 2: 1985ff70 folded before Flop (didn't bet)
Seat 3: 12375194 (button) folded before Flop (didn't bet)
Seat 4: fe972f2e (small blind) folded before Flop
Seat 5: Hero (big blind) folded on the River
Seat 6: f58f7c93 won ($3.66)


Poker Hand #HD1818522122: Hold'em No Limit ($0.05/$0.1) - 2024/06/16 22:20:33
Table 'NLHRed28' 6-max Seat #2 is the button
Seat 1: da2f53e2 ($12.79 in chips)
Seat 2: 1985ff70 ($4.5 in chips)
Seat 3: 12375194 ($13.24 in chips)
Seat 4: fe972f2e ($10.69 in chips)
Seat 5: Hero ($10.5 in chips)
Seat 6: f58f7c93 ($9.71 in chips)
12375194: posts small blind $0.05
fe972f2e: posts big blind $0.1
*** HOLE CARDS ***
Dealt to da2f53e2 
Dealt to 1985ff70 
Dealt to 12375194 
Dealt to fe972f2e 
Dealt to Hero [3s Ad]
Dealt to f58f7c93 
Hero: folds
f58f7c93: raises $0.15 to $0.25
da2f53e2: folds
1985ff70: folds
12375194: folds
fe972f2e: folds
Uncalled bet ($0.15) returned to f58f7c93
*** SHOWDOWN ***
f58f7c93 collected $0.25 from pot
*** SUMMARY ***
Total pot $0.25 | Rake $0 | Jackpot $0 | Bingo $0 | Fortune $0 | Tax $0
Seat 1: da2f53e2 folded before Flop (didn't bet)
Seat 2: 1985ff70 (button) folded before Flop (didn't bet)
Seat 3: 12375194 (small blind) folded before Flop
Seat 4: fe972f2e (big blind) folded before Flop
Seat 5: Hero folded before Flop (didn't bet)
Seat 6: f58f7c93 collected ($0.25)


Poker Hand #HD1818522095: Hold'em No Limit ($0.05/$0.1) - 2024/06/16 22:20:16
Table 'NLHRed28' 6-max Seat #1 is the button
Seat 1: da2f53e2 ($12.79 in chips)
Seat 2: 1985ff70 ($4.55 in chips)
Seat 3: 12375194 ($13.34 in chips)
Seat 4: fe972f2e ($10.69 in chips)
Seat 5: Hero ($10.5 in chips)
Seat 6: f58f7c93 ($9.56 in chips)
1985ff70: posts small blind $0.05
12375194: posts big blind $0.1
*** HOLE CARDS ***
Dealt to da2f53e2 
Dealt to 1985ff70 
Dealt to 12375194 
Dealt to fe972f2e 
Dealt to Hero [5h 6c]
Dealt to f58f7c93 
fe972f2e: folds
Hero: folds
f58f7c93: raises $0.15 to $0.25
da2f53e2: folds
1985ff70: folds
12375194: folds
Uncalled bet ($0.15) returned to f58f7c93
*** SHOWDOWN ***
f58f7c93 collected $0.25 from pot
*** SUMMARY ***
Total pot $0.25 | Rake $0 | Jackpot $0 | Bingo $0 | Fortune $0 | Tax $0
Seat 1: da2f53e2 (button) folded before Flop (didn't bet)
Seat 2: 1985ff70 (small blind) folded before Flop
Seat 3: 12375194 (big blind) folded before Flop
Seat 4: fe972f2e folded before Flop (didn't bet)
Seat 5: Hero folded before Flop (didn't bet)
Seat 6: f58f7c93 collected ($0.25)


Poker Hand #HD1818522052: Hold'em No Limit ($0.05/$0.1) - 2024/06/16 22:19:44
Table 'NLHRed28' 6-max Seat #6 is the button
Seat 1: da2f53e2 ($12.84 in chips)
Seat 2: 1985ff70 ($4.79 in chips)
Seat 3: 12375194 ($13.34 in chips)
Seat 4: fe972f2e ($10.69 in chips)
Seat 5: Hero ($10 in chips)
Seat 6: f58f7c93 ($9.8 in chips)
da2f53e2: posts small blind $0.05
1985ff70: posts big blind $0.1
*** HOLE CARDS ***
Dealt to da2f53e2 
Dealt to 1985ff70 
Dealt to 12375194 
Dealt to fe972f2e 
Dealt to Hero [Qd Jh]
Dealt to f58f7c93 
12375194: folds
fe972f2e: folds
Hero: raises $0.14 to $0.24
f58f7c93: calls $0.24
da2f53e2: folds
1985ff70: calls $0.14
*** FLOP *** [Ah 4h 6s]
1985ff70: checks
Hero: checks
f58f7c93: checks
*** TURN *** [Ah 4h 6s] [Kh]
1985ff70: checks
Hero: bets $0.4
f58f7c93: folds
1985ff70: folds
Uncalled bet ($0.4) returned to Hero
*** SHOWDOWN ***
Hero collected $0.74 from pot
*** SUMMARY ***
Total pot $0.77 | Rake $0.03 | Jackpot $0 | Bingo $0 | Fortune $0 | Tax $0
Board [Ah 4h 6s Kh]
Seat 1: da2f53e2 (small blind) folded before Flop
Seat 2: 1985ff70 (big blind) folded on the Turn
Seat 3: 12375194 folded before Flop (didn't bet)
Seat 4: fe972f2e folded before Flop (didn't bet)
Seat 5: Hero won ($0.74)
Seat 6: f58f7c93 (button) folded on the Turn


Poker Hand #HD1818522028: Hold'em No Limit ($0.05/$0.1) - 2024/06/16 22:19:31
Table 'NLHRed28' 6-max Seat #5 is the button
Seat 1: da2f53e2 ($12.94 in chips)
Seat 2: 1985ff70 ($4.79 in chips)
Seat 3: 12375194 ($13.19 in chips)
Seat 4: fe972f2e ($10.69 in chips)
Seat 5: Hero ($10 in chips)
Seat 6: f58f7c93 ($9.85 in chips)
f58f7c93: posts small blind $0.05
da2f53e2: posts big blind $0.1
*** HOLE CARDS ***
Dealt to da2f53e2 
Dealt to 1985ff70 
Dealt to 12375194 
Dealt to fe972f2e 
Dealt to Hero [2h 6s]
Dealt to f58f7c93 
1985ff70: folds
12375194: raises $0.2 to $0.3
fe972f2e: folds
Hero: folds
f58f7c93: folds
da2f53e2: folds
Uncalled bet ($0.2) returned to 12375194
*** SHOWDOWN ***
12375194 collected $0.25 from pot
*** SUMMARY ***
Total pot $0.25 | Rake $0 | Jackpot $0 | Bingo $0 | Fortune $0 | Tax $0
Seat 1: da2f53e2 (big blind) folded before Flop
Seat 2: 1985ff70 folded before Flop (didn't bet)
Seat 3: 12375194 collected ($0.25)
Seat 4: fe972f2e folded before Flop (didn't bet)
Seat 5: Hero (button) folded before Flop (didn't bet)
Seat 6: f58f7c93 (small blind) folded before Flop


Poker Hand #HD1818521942: Hold'em No Limit ($0.05/$0.1) - 2024/06/16 22:18:32
Table 'NLHRed28' 6-max Seat #4 is the button
Seat 1: da2f53e2 ($12.94 in chips)
Seat 2: 1985ff70 ($6.14 in chips)
Seat 3: 12375194 ($13.19 in chips)
Seat 4: fe972f2e ($10.69 in chips)
Seat 5: Hero ($10 in chips)
Seat 6: f58f7c93 ($8.58 in chips)
Hero: posts small blind $0.05
f58f7c93: posts big blind $0.1
*** HOLE CARDS ***
Dealt to da2f53e2 
Dealt to 1985ff70 
Dealt to 12375194 
Dealt to fe972f2e 
Dealt to Hero [9s 7h]
Dealt to f58f7c93 
da2f53e2: folds
1985ff70: calls $0.1
12375194: folds
fe972f2e: folds
Hero: folds
f58f7c93: checks
*** FLOP *** [6d 8s 5c]
f58f7c93: checks
1985ff70: checks
*** TURN *** [6d 8s 5c] [4h]
f58f7c93: bets $0.13
1985ff70: calls $0.13
*** RIVER *** [6d 8s 5c 4h] [Js]
f58f7c93: checks
1985ff70: bets $0.39
f58f7c93: raises $0.73 to $1.12
1985ff70: calls $0.73
f58f7c93: shows [3s 2h] (Sixes-High Straight)
1985ff70: shows [4d 4s] (Three Fours)
*** SHOWDOWN ***
f58f7c93 collected $2.62 from pot
*** SUMMARY ***
Total pot $2.75 | Rake $0.13 | Jackpot $0 | Bingo $0 | Fortune $0 | Tax $0
Board [6d 8s 5c 4h Js]
Seat 1: da2f53e2 folded before Flop (didn't bet)
Seat 2: 1985ff70 showed [4d 4s] and lost with Three Fours
Seat 3: 12375194 folded before Flop (didn't bet)
Seat 4: fe972f2e (button) folded before Flop (didn't bet)
Seat 5: Hero (small blind) folded before Flop
Seat 6: f58f7c93 (big blind) showed [3s 2h] and won ($2.62) with Sixes-High Straight


Poker Hand #HD1818521870: Hold'em No Limit ($0.05/$0.1) - 2024/06/16 22:17:47
Table 'NLHRed28' 6-max Seat #3 is the button
Seat 1: da2f53e2 ($12.94 in chips)
Seat 2: 1985ff70 ($5.73 in chips)
Seat 3: 12375194 ($13.19 in chips)
Seat 4: fe972f2e ($10.74 in chips)
Seat 5: Hero ($10 in chips)
Seat 6: f58f7c93 ($8.58 in chips)
fe972f2e: posts small blind $0.05
Hero: posts big blind $0.1
*** HOLE CARDS ***
Dealt to da2f53e2 
Dealt to 1985ff70 
Dealt to 12375194 
Dealt to fe972f2e 
Dealt to Hero [5h Ad]
Dealt to f58f7c93 
f58f7c93: folds
da2f53e2: folds
1985ff70: calls $0.1
12375194: folds
fe972f2e: folds
Hero: checks
*** FLOP *** [8h 9c Ah]
Hero: checks
1985ff70: bets $0.1
Hero: calls $0.1
*** TURN *** [8h 9c Ah] [4s]
Hero: checks
1985ff70: bets $0.2
Hero: calls $0.2
*** RIVER *** [8h 9c Ah 4s] [7s]
Hero: checks
1985ff70: bets $0.43
Hero: folds
Uncalled bet ($0.43) returned to 1985ff70
*** SHOWDOWN ***
1985ff70 collected $0.81 from pot
*** SUMMARY ***
Total pot $0.85 | Rake $0.04 | Jackpot $0 | Bingo $0 | Fortune $0 | Tax $0
Board [8h 9c Ah 4s 7s]
Seat 1: da2f53e2 folded before Flop (didn't bet)
Seat 2: 1985ff70 won ($0.81)
Seat 3: 12375194 (button) folded before Flop (didn't bet)
Seat 4: fe972f2e (small blind) folded before Flop
Seat 5: Hero (big blind) folded on the River
Seat 6: f58f7c93 folded before Flop (didn't bet)


Poker Hand #HD1818521818: Hold'em No Limit ($0.05/$0.1) - 2024/06/16 22:17:09
Table 'NLHRed28' 6-max Seat #2 is the button
Seat 1: da2f53e2 ($12.94 in chips)
Seat 2: 1985ff70 ($5.18 in chips)
Seat 3: 12375194 ($13.69 in chips)
Seat 4: fe972f2e ($10.84 in chips)
Seat 5: Hero ($10 in chips)
Seat 6: f58f7c93 ($8.58 in chips)
12375194: posts small blind $0.05
fe972f2e: posts big blind $0.1
*** HOLE CARDS ***
Dealt to da2f53e2 
Dealt to 1985ff70 
Dealt to 12375194 
Dealt to fe972f2e 
Dealt to Hero [Ks Td]
Dealt to f58f7c93 
Hero: folds
f58f7c93: folds
da2f53e2: folds
1985ff70: calls $0.1
12375194: raises $0.4 to $0.5
fe972f2e: folds
1985ff70: calls $0.4
*** FLOP *** [Jh 8h Th]
12375194: checks
1985ff70: bets $1.1
12375194: folds
Uncalled bet ($1.1) returned to 1985ff70
*** SHOWDOWN ***
1985ff70 collected $1.05 from pot
*** SUMMARY ***
Total pot $1.1 | Rake $0.05 | Jackpot $0 | Bingo $0 | Fortune $0 | Tax $0
Board [Jh 8h Th]
Seat 1: da2f53e2 folded before Flop (didn't bet)
Seat 2: 1985ff70 (button) won ($1.05)
Seat 3: 12375194 (small blind) folded on the Flop
Seat 4: fe972f2e (big blind) folded before Flop
Seat 5: Hero folded before Flop (didn't bet)
Seat 6: f58f7c93 folded before Flop (didn't bet)


Poker Hand #HD1818521732: Hold'em No Limit ($0.05/$0.1) - 2024/06/16 22:16:12
Table 'NLHRed28' 6-max Seat #1 is the button
Seat 1: da2f53e2 ($12.94 in chips)
Seat 2: 1985ff70 ($4.37 in chips)
Seat 3: 12375194 ($14.59 in chips)
Seat 4: fe972f2e ($10.84 in chips)
Seat 5: Hero ($10 in chips)
Seat 6: f58f7c93 ($8.58 in chips)
1985ff70: posts small blind $0.05
12375194: posts big blind $0.1
*** HOLE CARDS ***
Dealt to da2f53e2 
Dealt to 1985ff70 
Dealt to 12375194 
Dealt to fe972f2e 
Dealt to Hero [3h 5d]
Dealt to f58f7c93 
fe972f2e: folds
Hero: folds
f58f7c93: folds
da2f53e2: folds
1985ff70: calls $0.05
12375194: raises $0.25 to $0.35
1985ff70: calls $0.25
*** FLOP *** [Tc Ts 6h]
1985ff70: bets $0.1
12375194: calls $0.1
*** TURN *** [Tc Ts 6h] [8s]
1985ff70: bets $0.45
12375194: calls $0.45
*** RIVER *** [Tc Ts 6h 8s] [8h]
1985ff70: bets $1.8
12375194: folds
Uncalled bet ($1.8) returned to 1985ff70
*** SHOWDOWN ***
1985ff70 collected $1.71 from pot
*** SUMMARY ***
Total pot $1.8 | Rake $0.09 | Jackpot $0 | Bingo $0 | Fortune $0 | Tax $0
Board [Tc Ts 6h 8s 8h]
Seat 1: da2f53e2 (button) folded before Flop (didn't bet)
Seat 2: 1985ff70 (small blind) won ($1.71)
Seat 3: 12375194 (big blind) folded on the River
Seat 4: fe972f2e folded before Flop (didn't bet)
Seat 5: Hero folded before Flop (didn't bet)
Seat 6: f58f7c93 folded before Flop (didn't bet)


Poker Hand #HD1818521715: Hold'em No Limit ($0.05/$0.1) - 2024/06/16 22:15:59
Table 'NLHRed28' 6-max Seat #6 is the button
Seat 1: da2f53e2 ($12.99 in chips)
Seat 2: 1985ff70 ($4.47 in chips)
Seat 3: 12375194 ($14.59 in chips)
Seat 4: fe972f2e ($10.69 in chips)
Seat 5: Hero ($10 in chips)
Seat 6: f58f7c93 ($8.58 in chips)
da2f53e2: posts small blind $0.05
1985ff70: posts big blind $0.1
*** HOLE CARDS ***
Dealt to da2f53e2 
Dealt to 1985ff70 
Dealt to 12375194 
Dealt to fe972f2e 
Dealt to Hero [3h Ac]
Dealt to f58f7c93 
12375194: folds
fe972f2e: raises $0.15 to $0.25
Hero: folds
f58f7c93: folds
da2f53e2: folds
1985ff70: folds
Uncalled bet ($0.15) returned to fe972f2e
*** SHOWDOWN ***
fe972f2e collected $0.25 from pot
*** SUMMARY ***
Total pot $0.25 | Rake $0 | Jackpot $0 | Bingo $0 | Fortune $0 | Tax $0
Seat 1: da2f53e2 (small blind) folded before Flop
Seat 2: 1985ff70 (big blind) folded before Flop
Seat 3: 12375194 folded before Flop (didn't bet)
Seat 4: fe972f2e collected ($0.25)
Seat 5: Hero folded before Flop (didn't bet)
Seat 6: f58f7c93 (button) folded before Flop (didn't bet)


Poker Hand #HD1818521652: Hold'em No Limit ($0.05/$0.1) - 2024/06/16 22:15:18
Table 'NLHRed28' 6-max Seat #5 is the button
Seat 1: da2f53e2 ($13.19 in chips)
Seat 2: 1985ff70 ($4.05 in chips)
Seat 3: 12375194 ($14.59 in chips)
Seat 4: fe972f2e ($10.69 in chips)
Seat 5: Hero ($10 in chips)
Seat 6: f58f7c93 ($8.63 in chips)
f58f7c93: posts small blind $0.05
da2f53e2: posts big blind $0.1
*** HOLE CARDS ***
Dealt to da2f53e2 
Dealt to 1985ff70 
Dealt to 12375194 
Dealt to fe972f2e 
Dealt to Hero [Tc Kc]
Dealt to f58f7c93 
1985ff70: raises $0.1 to $0.2
12375194: folds
fe972f2e: folds
Hero: calls $0.2
f58f7c93: folds
da2f53e2: calls $0.1
*** FLOP *** [9c 9s 4h]
da2f53e2: checks
1985ff70: bets $0.65
Hero: folds
da2f53e2: folds
Uncalled bet ($0.65) returned to 1985ff70
*** SHOWDOWN ***
1985ff70 collected $0.62 from pot
*** SUMMARY ***
Total pot $0.65 | Rake $0.03 | Jackpot $0 | Bingo $0 | Fortune $0 | Tax $0
Board [9c 9s 4h]
Seat 1: da2f53e2 (big blind) folded on the Flop
Seat 2: 1985ff70 won ($0.62)
Seat 3: 12375194 folded before Flop (didn't bet)
Seat 4: fe972f2e folded before Flop (didn't bet)
Seat 5: Hero (button) folded on the Flop
Seat 6: f58f7c93 (small blind) folded before Flop


Poker Hand #HD1818521620: Hold'em No Limit ($0.05/$0.1) - 2024/06/16 22:14:58
Table 'NLHRed28' 6-max Seat #4 is the button
Seat 1: da2f53e2 ($13.19 in chips)
Seat 2: 1985ff70 ($4.05 in chips)
Seat 3: 12375194 ($14.59 in chips)
Seat 4: fe972f2e ($10.54 in chips)
Seat 5: Hero ($10 in chips)
Seat 6: f58f7c93 ($8.73 in chips)
Hero: posts small blind $0.05
f58f7c93: posts big blind $0.1
*** HOLE CARDS ***
Dealt to da2f53e2 
Dealt to 1985ff70 
Dealt to 12375194 
Dealt to fe972f2e 
Dealt to Hero [Th 6h]
Dealt to f58f7c93 
da2f53e2: folds
1985ff70: folds
12375194: folds
fe972f2e: raises $0.15 to $0.25
Hero: folds
f58f7c93: folds
Uncalled bet ($0.15) returned to fe972f2e
*** SHOWDOWN ***
fe972f2e collected $0.25 from pot
*** SUMMARY ***
Total pot $0.25 | Rake $0 | Jackpot $0 | Bingo $0 | Fortune $0 | Tax $0
Seat 1: da2f53e2 folded before Flop (didn't bet)
Seat 2: 1985ff70 folded before Flop (didn't bet)
Seat 3: 12375194 folded before Flop (didn't bet)
Seat 4: fe972f2e (button) collected ($0.25)
Seat 5: Hero (small blind) folded before Flop
Seat 6: f58f7c93 (big blind) folded before Flop


Poker Hand #HD1818521592: Hold'em No Limit ($0.05/$0.1) - 2024/06/16 22:14:34
Table 'NLHRed28' 6-max Seat #3 is the button
Seat 1: da2f53e2 ($13.19 in chips)
Seat 2: 1985ff70 ($4.05 in chips)
Seat 3: 12375194 ($14.59 in chips)
Seat 4: fe972f2e ($10.44 in chips)
Seat 5: Hero ($10 in chips)
Seat 6: f58f7c93 ($8.73 in chips)
fe972f2e: posts small blind $0.05
Hero: posts big blind $0.1
*** HOLE CARDS ***
Dealt to da2f53e2 
Dealt to 1985ff70 
Dealt to 12375194 
Dealt to fe972f2e 
Dealt to Hero [2c As]
Dealt to f58f7c93 
f58f7c93: folds
da2f53e2: folds
1985ff70: folds
12375194: folds
fe972f2e: raises $0.2 to $0.3
Hero: folds
Uncalled bet ($0.2) returned to fe972f2e
*** SHOWDOWN ***
fe972f2e collected $0.2 from pot
*** SUMMARY ***
Total pot $0.2 | Rake $0 | Jackpot $0 | Bingo $0 | Fortune $0 | Tax $0
Seat 1: da2f53e2 folded before Flop (didn't bet)
Seat 2: 1985ff70 folded before Flop (didn't bet)
Seat 3: 12375194 (button) folded before Flop (didn't bet)
Seat 4: fe972f2e (small blind) collected ($0.2)
Seat 5: Hero (big blind) folded before Flop
Seat 6: f58f7c93 folded before Flop (didn't bet)


Poker Hand #HD1818521513: Hold'em No Limit ($0.05/$0.1) - 2024/06/16 22:13:44
Table 'NLHRed28' 6-max Seat #2 is the button
Seat 1: da2f53e2 ($13.19 in chips)
Seat 2: 1985ff70 ($4.05 in chips)
Seat 3: 12375194 ($14.64 in chips)
Seat 4: fe972f2e ($10 in chips)
Seat 5: Hero ($10 in chips)
Seat 6: f58f7c93 ($8.73 in chips)
12375194: posts small blind $0.05
fe972f2e: posts big blind $0.1
*** HOLE CARDS ***
Dealt to da2f53e2 
Dealt to 1985ff70 
Dealt to 12375194 
Dealt to fe972f2e 
Dealt to Hero [Ac Qs]
Dealt to f58f7c93 
Hero: raises $0.1 to $0.2
f58f7c93: folds
da2f53e2: folds
1985ff70: folds
12375194: folds
fe972f2e: calls $0.1
*** FLOP *** [Kd 3s Kc]
fe972f2e: bets $0.23
Hero: calls $0.23
*** TURN *** [Kd 3s Kc] [Td]
fe972f2e: bets $0.69
Hero: folds
Uncalled bet ($0.69) returned to fe972f2e
*** SHOWDOWN ***
fe972f2e collected $0.87 from pot
*** SUMMARY ***
Total pot $0.91 | Rake $0.04 | Jackpot $0 | Bingo $0 | Fortune $0 | Tax $0
Board [Kd 3s Kc Td]
Seat 1: da2f53e2 folded before Flop (didn't bet)
Seat 2: 1985ff70 (button) folded before Flop (didn't bet)
Seat 3: 12375194 (small blind) folded before Flop
Seat 4: fe972f2e (big blind) won ($0.87)
Seat 5: Hero folded on the Turn
Seat 6: f58f7c93 folded before Flop (didn't bet)


Poker Hand #HD1818521483: Hold'em No Limit ($0.05/$0.1) - 2024/06/16 22:13:29
Table 'NLHRed28' 6-max Seat #1 is the button
Seat 1: da2f53e2 ($13.04 in chips)
Seat 2: 1985ff70 ($4.1 in chips)
Seat 3: 12375194 ($14.74 in chips)
Seat 4: fe972f2e ($10 in chips)
Seat 5: Hero ($10 in chips)
Seat 6: f58f7c93 ($8.73 in chips)
1985ff70: posts small blind $0.05
12375194: posts big blind $0.1
*** HOLE CARDS ***
Dealt to da2f53e2 
Dealt to 1985ff70 
Dealt to 12375194 
Dealt to fe972f2e 
Dealt to Hero [Jd 7s]
Dealt to f58f7c93 
fe972f2e: folds
Hero: folds
f58f7c93: folds
da2f53e2: raises $0.1 to $0.2
1985ff70: folds
12375194: folds
Uncalled bet ($0.1) returned to da2f53e2
*** SHOWDOWN ***
da2f53e2 collected $0.25 from pot
*** SUMMARY ***
Total pot $0.25 | Rake $0 | Jackpot $0 | Bingo $0 | Fortune $0 | Tax $0
Seat 1: da2f53e2 (button) collected ($0.25)
Seat 2: 1985ff70 (small blind) folded before Flop
Seat 3: 12375194 (big blind) folded before Flop
Seat 4: fe972f2e folded before Flop (didn't bet)
Seat 5: Hero folded before Flop (didn't bet)
Seat 6: f58f7c93 folded before Flop (didn't bet)


Poker Hand #HD1818521466: Hold'em No Limit ($0.05/$0.1) - 2024/06/16 22:13:16
Table 'NLHRed28' 6-max Seat #6 is the button
Seat 1: da2f53e2 ($13.09 in chips)
Seat 2: 1985ff70 ($4.05 in chips)
Seat 3: 12375194 ($14.74 in chips)
Seat 4: fe972f2e ($10 in chips)
Seat 5: Hero ($10 in chips)
Seat 6: f58f7c93 ($8.73 in chips)
da2f53e2: posts small blind $0.05
1985ff70: posts big blind $0.1
*** HOLE CARDS ***
Dealt to da2f53e2 
Dealt to 1985ff70 
Dealt to 12375194 
Dealt to fe972f2e 
Dealt to Hero [Ks 5h]
Dealt to f58f7c93 
12375194: folds
fe972f2e: folds
Hero: folds
f58f7c93: folds
da2f53e2: folds
Uncalled bet ($0.05) returned to 1985ff70
*** SHOWDOWN ***
1985ff70 collected $0.1 from pot
*** SUMMARY ***
Total pot $0.1 | Rake $0 | Jackpot $0 | Bingo $0 | Fortune $0 | Tax $0
Seat 1: da2f53e2 (small blind) folded before Flop
Seat 2: 1985ff70 (big blind) collected ($0.1)
Seat 3: 12375194 folded before Flop (didn't bet)
Seat 4: fe972f2e folded before Flop (didn't bet)
Seat 5: Hero folded before Flop (didn't bet)
Seat 6: f58f7c93 (button) folded before Flop (didn't bet)


Poker Hand #HD1818521369: Hold'em No Limit ($0.05/$0.1) - 2024/06/16 22:12:15
Table 'NLHRed28' 6-max Seat #5 is the button
Seat 1: da2f53e2 ($13.19 in chips)
Seat 2: 1985ff70 ($4.15 in chips)
Seat 3: 12375194 ($10 in chips)
Seat 4: fe972f2e ($10 in chips)
Seat 5: Hero ($10 in chips)
Seat 6: f58f7c93 ($13.89 in chips)
f58f7c93: posts small blind $0.05
da2f53e2: posts big blind $0.1
*** HOLE CARDS ***
Dealt to da2f53e2 
Dealt to 1985ff70 
Dealt to 12375194 
Dealt to fe972f2e 
Dealt to Hero [Js 3h]
Dealt to f58f7c93 
1985ff70: calls $0.1
12375194: raises $0.35 to $0.45
fe972f2e: folds
Hero: folds
f58f7c93: raises $1.03 to $1.48
da2f53e2: folds
1985ff70: folds
12375194: calls $1.03
*** FLOP *** [As Td Ks]
f58f7c93: checks
12375194: checks
*** TURN *** [As Td Ks] [2h]
f58f7c93: bets $1.05
12375194: calls $1.05
*** RIVER *** [As Td Ks 2h] [8h]
f58f7c93: bets $2.63
12375194: calls $2.63
f58f7c93: shows [Kd Qc] (Pair of Kings)
12375194: shows [Th Ah] (Pair of Aces and Pair of Tens)
*** SHOWDOWN ***
12375194 collected $9.9 from pot
*** SUMMARY ***
Total pot $10.52 | Rake $0.52 | Jackpot $0.1 | Bingo $0 | Fortune $0 | Tax $0
Board [As Td Ks 2h 8h]
Seat 1: da2f53e2 (big blind) folded before Flop
Seat 2: 1985ff70 folded before Flop
Seat 3: 12375194 showed [Th Ah] and won ($9.9) with Pair of Aces and Pair of Tens
Seat 4: fe972f2e folded before Flop (didn't bet)
Seat 5: Hero (button) folded before Flop (didn't bet)
Seat 6: f58f7c93 (small blind) showed [Kd Qc] and lost with Pair of Kings


Poker Hand #HD1818521348: Hold'em No Limit ($0.05/$0.1) - 2024/06/16 22:12:04
Table 'NLHRed28' 6-max Seat #4 is the button
Seat 1: da2f53e2 ($13.19 in chips)
Seat 2: 1985ff70 ($4.15 in chips)
Seat 3: 12375194 ($10 in chips)
Seat 4: fe972f2e ($10 in chips)
Seat 5: Hero ($10 in chips)
Seat 6: f58f7c93 ($13.84 in chips)
Hero: posts small blind $0.05
f58f7c93: posts big blind $0.1
*** HOLE CARDS ***
Dealt to da2f53e2 
Dealt to 1985ff70 
Dealt to 12375194 
Dealt to fe972f2e 
Dealt to Hero [2s Js]
Dealt to f58f7c93 
da2f53e2: folds
1985ff70: folds
12375194: folds
fe972f2e: folds
Hero: folds
Uncalled bet ($0.05) returned to f58f7c93
*** SHOWDOWN ***
f58f7c93 collected $0.1 from pot
*** SUMMARY ***
Total pot $0.1 | Rake $0 | Jackpot $0 | Bingo $0 | Fortune $0 | Tax $0
Seat 1: da2f53e2 folded before Flop (didn't bet)
Seat 2: 1985ff70 folded before Flop (didn't bet)
Seat 3: 12375194 folded before Flop (didn't bet)
Seat 4: fe972f2e (button) folded before Flop (didn't bet)
Seat 5: Hero (small blind) folded before Flop
Seat 6: f58f7c93 (big blind) collected ($0.1)


Poker Hand #HD1818521317: Hold'em No Limit ($0.05/$0.1) - 2024/06/16 22:11:48
Table 'NLHRed28' 6-max Seat #3 is the button
Seat 1: da2f53e2 ($13.19 in chips)
Seat 2: 1985ff70 ($4 in chips)
Seat 3: 12375194 ($10 in chips)
Seat 4: fe972f2e ($10 in chips)
Seat 5: Hero ($10 in chips)
Seat 6: f58f7c93 ($13.84 in chips)
fe972f2e: posts small blind $0.05
Hero: posts big blind $0.1
*** HOLE CARDS ***
Dealt to da2f53e2 
Dealt to 1985ff70 
Dealt to 12375194 
Dealt to fe972f2e 
Dealt to Hero [8h 7d]
Dealt to f58f7c93 
f58f7c93: folds
da2f53e2: folds
1985ff70: raises $0.2 to $0.3
12375194: folds
fe972f2e: folds
Hero: folds
Uncalled bet ($0.2) returned to 1985ff70
*** SHOWDOWN ***
1985ff70 collected $0.25 from pot
*** SUMMARY ***
Total pot $0.25 | Rake $0 | Jackpot $0 | Bingo $0 | Fortune $0 | Tax $0
Seat 1: da2f53e2 folded before Flop (didn't bet)
Seat 2: 1985ff70 collected ($0.25)
Seat 3: 12375194 (button) folded before Flop (didn't bet)
Seat 4: fe972f2e (small blind) folded before Flop
Seat 5: Hero (big blind) folded before Flop
Seat 6: f58f7c93 folded before Flop (didn't bet)


Poker Hand #HD1818521282: Hold'em No Limit ($0.05/$0.1) - 2024/06/16 22:11:26
Table 'NLHRed28' 6-max Seat #2 is the button
Seat 1: da2f53e2 ($13.19 in chips)
Seat 2: 1985ff70 ($4 in chips)
Seat 3: 12375194 ($10 in chips)
Seat 4: fe972f2e ($10 in chips)
Seat 5: Hero ($10 in chips)
Seat 6: f58f7c93 ($13.69 in chips)
12375194: posts small blind $0.05
fe972f2e: posts big blind $0.1
*** HOLE CARDS ***
Dealt to da2f53e2 
Dealt to 1985ff70 
Dealt to 12375194 
Dealt to fe972f2e 
Dealt to Hero [7h 6d]
Dealt to f58f7c93 
Hero: folds
f58f7c93: raises $0.15 to $0.25
da2f53e2: folds
1985ff70: folds
12375194: folds
fe972f2e: folds
Uncalled bet ($0.15) returned to f58f7c93
*** SHOWDOWN ***
f58f7c93 collected $0.25 from pot
*** SUMMARY ***
Total pot $0.25 | Rake $0 | Jackpot $0 | Bingo $0 | Fortune $0 | Tax $0
Seat 1: da2f53e2 folded before Flop (didn't bet)
Seat 2: 1985ff70 (button) folded before Flop (didn't bet)
Seat 3: 12375194 (small blind) folded before Flop
Seat 4: fe972f2e (big blind) folded before Flop
Seat 5: Hero folded before Flop (didn't bet)
Seat 6: f58f7c93 collected ($0.25)


Poker Hand #HD1818521248: Hold'em No Limit ($0.05/$0.1) - 2024/06/16 22:11:11
Table 'NLHRed28' 6-max Seat #1 is the button
Seat 1: da2f53e2 ($13.19 in chips)
Seat 2: 1985ff70 ($4.05 in chips)
Seat 3: 12375194 ($10 in chips)
Seat 4: fe972f2e ($10 in chips)
Seat 5: Hero ($10 in chips)
Seat 6: f58f7c93 ($13.54 in chips)
1985ff70: posts small blind $0.05
12375194: posts big blind $0.1
*** HOLE CARDS ***
Dealt to da2f53e2 
Dealt to 1985ff70 
Dealt to 12375194 
Dealt to fe972f2e 
Dealt to Hero [4h 7d]
Dealt to f58f7c93 
fe972f2e: folds
Hero: folds
f58f7c93: raises $0.15 to $0.25
da2f53e2: folds
1985ff70: folds
12375194: folds
Uncalled bet ($0.15) returned to f58f7c93
*** SHOWDOWN ***
f58f7c93 collected $0.25 from pot
*** SUMMARY ***
Total pot $0.25 | Rake $0 | Jackpot $0 | Bingo $0 | Fortune $0 | Tax $0
Seat 1: da2f53e2 (button) folded before Flop (didn't bet)
Seat 2: 1985ff70 (small blind) folded before Flop
Seat 3: 12375194 (big blind) folded before Flop
Seat 4: fe972f2e folded before Flop (didn't bet)
Seat 5: Hero folded before Flop (didn't bet)
Seat 6: f58f7c93 collected ($0.25)


Poker Hand #HD1818521204: Hold'em No Limit ($0.05/$0.1) - 2024/06/16 22:10:50
Table 'NLHRed28' 6-max Seat #6 is the button
Seat 1: da2f53e2 ($12.99 in chips)
Seat 2: 1985ff70 ($4.27 in chips)
Seat 3: 12375194 ($10 in chips)
Seat 4: fe972f2e ($10 in chips)
Seat 5: Hero ($10 in chips)
Seat 6: f58f7c93 ($13.54 in chips)
da2f53e2: posts small blind $0.05
1985ff70: posts big blind $0.1
*** HOLE CARDS ***
Dealt to da2f53e2 
Dealt to 1985ff70 
Dealt to 12375194 
Dealt to fe972f2e 
Dealt to Hero [Td 2d]
Dealt to f58f7c93 
12375194: folds
fe972f2e: folds
Hero: folds
f58f7c93: folds
da2f53e2: raises $0.12 to $0.22
1985ff70: calls $0.12
*** FLOP *** [8c Js 6c]
da2f53e2: bets $0.2
1985ff70: folds
Uncalled bet ($0.2) returned to da2f53e2
*** SHOWDOWN ***
da2f53e2 collected $0.42 from pot
*** SUMMARY ***
Total pot $0.44 | Rake $0.02 | Jackpot $0 | Bingo $0 | Fortune $0 | Tax $0
Board [8c Js 6c]
Seat 1: da2f53e2 (small blind) won ($0.42)
Seat 2: 1985ff70 (big blind) folded on the Flop
Seat 3: 12375194 folded before Flop (didn't bet)
Seat 4: fe972f2e folded before Flop (didn't bet)
Seat 5: Hero folded before Flop (didn't bet)
Seat 6: f58f7c93 (button) folded before Flop (didn't bet)


Poker Hand #HD1818521129: Hold'em No Limit ($0.05/$0.1) - 2024/06/16 22:10:07
Table 'NLHRed28' 6-max Seat #5 is the button
Seat 1: da2f53e2 ($13.09 in chips)
Seat 2: 1985ff70 ($5.82 in chips)
Seat 3: 12375194 ($10 in chips)
Seat 4: fe972f2e ($10 in chips)
Seat 5: Hero ($10 in chips)
Seat 6: f58f7c93 ($12.14 in chips)
f58f7c93: posts small blind $0.05
da2f53e2: posts big blind $0.1
*** HOLE CARDS ***
Dealt to da2f53e2 
Dealt to 1985ff70 
Dealt to 12375194 
Dealt to fe972f2e 
Dealt to Hero [Qc 4d]
Dealt to f58f7c93 
1985ff70: calls $0.1
12375194: folds
fe972f2e: folds
Hero: folds
f58f7c93: raises $0.33 to $0.43
da2f53e2: folds
1985ff70: calls $0.33
*** FLOP *** [5h Th 7c]
f58f7c93: checks
1985ff70: bets $0.48
f58f7c93: calls $0.48
*** TURN *** [5h Th 7c] [Ac]
f58f7c93: checks
1985ff70: bets $0.64
f58f7c93: raises $1.06 to $1.7
1985ff70: folds
Uncalled bet ($1.06) returned to f58f7c93
*** SHOWDOWN ***
f58f7c93 collected $2.95 from pot
*** SUMMARY ***
Total pot $3.2 | Rake $0.15 | Jackpot $0.1 | Bingo $0 | Fortune $0 | Tax $0
Board [5h Th 7c Ac]
Seat 1: da2f53e2 (big blind) folded before Flop
Seat 2: 1985ff70 folded on the Turn
Seat 3: 12375194 folded before Flop (didn't bet)
Seat 4: fe972f2e folded before Flop (didn't bet)
Seat 5: Hero (button) folded before Flop (didn't bet)
Seat 6: f58f7c93 (small blind) won ($2.95)


Poker Hand #HD1818521051: Hold'em No Limit ($0.05/$0.1) - 2024/06/16 22:09:18
Table 'NLHRed28' 6-max Seat #4 is the button
Seat 1: da2f53e2 ($13.09 in chips)
Seat 2: 1985ff70 ($6.32 in chips)
Seat 3: 12375194 ($10 in chips)
Seat 4: fe972f2e ($10 in chips)
Seat 5: Hero ($10.3 in chips)
Seat 6: f58f7c93 ($11.21 in chips)
Hero: posts small blind $0.05
f58f7c93: posts big blind $0.1
*** HOLE CARDS ***
Dealt to da2f53e2 
Dealt to 1985ff70 
Dealt to 12375194 
Dealt to fe972f2e 
Dealt to Hero [9c 9d]
Dealt to f58f7c93 
da2f53e2: folds
1985ff70: calls $0.1
12375194: folds
fe972f2e: folds
Hero: raises $0.4 to $0.5
f58f7c93: calls $0.4
1985ff70: calls $0.4
*** FLOP *** [2h Ac Kh]
Hero: checks
f58f7c93: bets $0.5
1985ff70: folds
Hero: folds
Uncalled bet ($0.5) returned to f58f7c93
*** SHOWDOWN ***
f58f7c93 collected $1.43 from pot
*** SUMMARY ***
Total pot $1.5 | Rake $0.07 | Jackpot $0 | Bingo $0 | Fortune $0 | Tax $0
Board [2h Ac Kh]
Seat 1: da2f53e2 folded before Flop (didn't bet)
Seat 2: 1985ff70 folded on the Flop
Seat 3: 12375194 folded before Flop (didn't bet)
Seat 4: fe972f2e (button) folded before Flop (didn't bet)
Seat 5: Hero (small blind) folded on the Flop
Seat 6: f58f7c93 (big blind) won ($1.43)


Poker Hand #HD1818520985: Hold'em No Limit ($0.05/$0.1) - 2024/06/16 22:08:41
Table 'NLHRed28' 6-max Seat #3 is the button
Seat 1: da2f53e2 ($13.09 in chips)
Seat 2: 1985ff70 ($6.32 in chips)
Seat 3: 12375194 ($10 in chips)
Seat 4: fe972f2e ($10.25 in chips)
Seat 5: Hero ($10.03 in chips)
Seat 6: f58f7c93 ($11.21 in chips)
fe972f2e: posts small blind $0.05
Hero: posts big blind $0.1
*** HOLE CARDS ***
Dealt to da2f53e2 
Dealt to 1985ff70 
Dealt to 12375194 
Dealt to fe972f2e 
Dealt to Hero [Tc Js]
Dealt to f58f7c93 
f58f7c93: folds
da2f53e2: folds
1985ff70: folds
12375194: folds
fe972f2e: raises $0.2 to $0.3
Hero: calls $0.2
*** FLOP *** [7c As Kc]
fe972f2e: checks
Hero: bets $0.3
fe972f2e: folds
Uncalled bet ($0.3) returned to Hero
*** SHOWDOWN ***
Hero collected $0.57 from pot
*** SUMMARY ***
Total pot $0.6 | Rake $0.03 | Jackpot $0 | Bingo $0 | Fortune $0 | Tax $0
Board [7c As Kc]
Seat 1: da2f53e2 folded before Flop (didn't bet)
Seat 2: 1985ff70 folded before Flop (didn't bet)
Seat 3: 12375194 (button) folded before Flop (didn't bet)
Seat 4: fe972f2e (small blind) folded on the Flop
Seat 5: Hero (big blind) won ($0.57)
Seat 6: f58f7c93 folded before Flop (didn't bet)


Poker Hand #HD1818520814: Hold'em No Limit ($0.05/$0.1) - 2024/06/16 22:07:03
Table 'NLHRed28' 6-max Seat #2 is the button
Seat 1: da2f53e2 ($13.09 in chips)
Seat 2: 1985ff70 ($5.21 in chips)
Seat 3: 12375194 ($10 in chips)
Seat 4: fe972f2e ($11.22 in chips)
Seat 5: Hero ($10.23 in chips)
Seat 6: f58f7c93 ($11.21 in chips)
12375194: posts small blind $0.05
fe972f2e: posts big blind $0.1
*** HOLE CARDS ***
Dealt to da2f53e2 
Dealt to 1985ff70 
Dealt to 12375194 
Dealt to fe972f2e 
Dealt to Hero [Jh Kd]
Dealt to f58f7c93 
Hero: raises $0.1 to $0.2
f58f7c93: folds
da2f53e2: folds
1985ff70: calls $0.2
12375194: folds
fe972f2e: calls $0.1
*** FLOP *** [9s 5s 5c]
fe972f2e: checks
Hero: checks
1985ff70: bets $0.33
fe972f2e: calls $0.33
Hero: folds
*** TURN *** [9s 5s 5c] [6s]
fe972f2e: checks
1985ff70: bets $0.44
fe972f2e: calls $0.44
*** RIVER *** [9s 5s 5c 6s] [Th]
fe972f2e: checks
1985ff70: checks
fe972f2e: shows [As 9d] (Pair of Nines and Pair of Fives)
1985ff70: shows [6c 9c] (Pair of Nines and Pair of Sixes)
*** SHOWDOWN ***
1985ff70 collected $2.08 from pot
*** SUMMARY ***
Total pot $2.19 | Rake $0.11 | Jackpot $0 | Bingo $0 | Fortune $0 | Tax $0
Board [9s 5s 5c 6s Th]
Seat 1: da2f53e2 folded before Flop (didn't bet)
Seat 2: 1985ff70 (button) showed [6c 9c] and won ($2.08) with Pair of Nines and Pair of Sixes
Seat 3: 12375194 (small blind) folded before Flop
Seat 4: fe972f2e (big blind) showed [As 9d] and lost with Pair of Nines and Pair of Fives
Seat 5: Hero folded on the Flop
Seat 6: f58f7c93 folded before Flop (didn't bet)


Poker Hand #HD1818520746: Hold'em No Limit ($0.05/$0.1) - 2024/06/16 22:06:21
Table 'NLHRed28' 6-max Seat #1 is the button
Seat 1: da2f53e2 ($13.09 in chips)
Seat 2: 1985ff70 ($5.26 in chips)
Seat 3: 12375194 ($10 in chips)
Seat 4: fe972f2e ($11.22 in chips)
Seat 5: Hero ($10 in chips)
Seat 6: f58f7c93 ($11.21 in chips)
1985ff70: posts small blind $0.05
12375194: posts big blind $0.1
*** HOLE CARDS ***
Dealt to da2f53e2 
Dealt to 1985ff70 
Dealt to 12375194 
Dealt to fe972f2e 
Dealt to Hero [Kd Ad]
Dealt to f58f7c93 
fe972f2e: folds
Hero: raises $0.1 to $0.2
f58f7c93: folds
da2f53e2: folds
1985ff70: folds
12375194: calls $0.1
*** FLOP *** [Jd 4d 9d]
12375194: checks
Hero: bets $0.15
12375194: folds
Uncalled bet ($0.15) returned to Hero
*** SHOWDOWN ***
Hero collected $0.43 from pot
*** SUMMARY ***
Total pot $0.45 | Rake $0.02 | Jackpot $0 | Bingo $0 | Fortune $0 | Tax $0
Board [Jd 4d 9d]
Seat 1: da2f53e2 (button) folded before Flop (didn't bet)
Seat 2: 1985ff70 (small blind) folded before Flop
Seat 3: 12375194 (big blind) folded on the Flop
Seat 4: fe972f2e folded before Flop (didn't bet)
Seat 5: Hero won ($0.43)
Seat 6: f58f7c93 folded before Flop (didn't bet)


Poker Hand #HD1818520731: Hold'em No Limit ($0.05/$0.1) - 2024/06/16 22:06:14
Table 'NLHRed28' 6-max Seat #6 is the button
Seat 1: da2f53e2 ($13.14 in chips)
Seat 2: 1985ff70 ($5.21 in chips)
Seat 3: 12375194 ($10 in chips)
Seat 4: fe972f2e ($11.22 in chips)
Seat 5: Hero ($10 in chips)
Seat 6: f58f7c93 ($11.21 in chips)
da2f53e2: posts small blind $0.05
1985ff70: posts big blind $0.1
*** HOLE CARDS ***
Dealt to da2f53e2 
Dealt to 1985ff70 
Dealt to 12375194 
Dealt to fe972f2e 
Dealt to Hero [5h 8s]
Dealt to f58f7c93 
12375194: folds
fe972f2e: folds
Hero: folds
f58f7c93: folds
da2f53e2: folds
Uncalled bet ($0.05) returned to 1985ff70
*** SHOWDOWN ***
1985ff70 collected $0.1 from pot
*** SUMMARY ***
Total pot $0.1 | Rake $0 | Jackpot $0 | Bingo $0 | Fortune $0 | Tax $0
Seat 1: da2f53e2 (small blind) folded before Flop
Seat 2: 1985ff70 (big blind) collected ($0.1)
Seat 3: 12375194 folded before Flop (didn't bet)
Seat 4: fe972f2e folded before Flop (didn't bet)
Seat 5: Hero folded before Flop (didn't bet)
Seat 6: f58f7c93 (button) folded before Flop (didn't bet)


Poker Hand #HD1818520665: Hold'em No Limit ($0.05/$0.1) - 2024/06/16 22:05:40
Table 'NLHRed28' 6-max Seat #5 is the button
Seat 1: da2f53e2 ($13.24 in chips)
Seat 2: 1985ff70 ($4.43 in chips)
Seat 3: 12375194 ($10.24 in chips)
Seat 4: fe972f2e ($11.22 in chips)
Seat 5: Hero ($10 in chips)
Seat 6: f58f7c93 ($11.26 in chips)
f58f7c93: posts small blind $0.05
da2f53e2: posts big blind $0.1
*** HOLE CARDS ***
Dealt to da2f53e2 
Dealt to 1985ff70 
Dealt to 12375194 
Dealt to fe972f2e 
Dealt to Hero [6h 7h]
Dealt to f58f7c93 
1985ff70: raises $0.2 to $0.3
12375194: raises $0.4 to $0.7
fe972f2e: folds
Hero: folds
f58f7c93: folds
da2f53e2: folds
1985ff70: raises $3.73 to $4.43 and is all-in
12375194: folds
Uncalled bet ($3.73) returned to 1985ff70
*** SHOWDOWN ***
1985ff70 collected $1.48 from pot
*** SUMMARY ***
Total pot $1.55 | Rake $0.07 | Jackpot $0 | Bingo $0 | Fortune $0 | Tax $0
Seat 1: da2f53e2 (big blind) folded before Flop
Seat 2: 1985ff70 collected ($1.48)
Seat 3: 12375194 folded before Flop
Seat 4: fe972f2e folded before Flop (didn't bet)
Seat 5: Hero (button) folded before Flop (didn't bet)
Seat 6: f58f7c93 (small blind) folded before Flop


Poker Hand #HD1818520572: Hold'em No Limit ($0.05/$0.1) - 2024/06/16 22:04:45
Table 'NLHRed28' 6-max Seat #4 is the button
Seat 1: da2f53e2 ($13.24 in chips)
Seat 2: 1985ff70 ($4.43 in chips)
Seat 3: 12375194 ($10.24 in chips)
Seat 4: fe972f2e ($11.22 in chips)
Seat 5: Hero ($10 in chips)
Seat 6: f58f7c93 ($10 in chips)
Hero: posts small blind $0.05
f58f7c93: posts big blind $0.1
*** HOLE CARDS ***
Dealt to da2f53e2 
Dealt to 1985ff70 
Dealt to 12375194 
Dealt to fe972f2e 
Dealt to Hero [Td Jd]
Dealt to f58f7c93 
da2f53e2: folds
1985ff70: folds
12375194: folds
fe972f2e: folds
Hero: raises $0.2 to $0.3
f58f7c93: calls $0.2
*** FLOP *** [Ts Qh Jc]
Hero: bets $0.4
f58f7c93: raises $0.8 to $1.2
Hero: calls $0.8
*** TURN *** [Ts Qh Jc] [Qs]
Hero: checks
f58f7c93: bets $1.6
Hero: folds
Uncalled bet ($1.6) returned to f58f7c93
*** SHOWDOWN ***
f58f7c93 collected $2.76 from pot
*** SUMMARY ***
Total pot $3 | Rake $0.14 | Jackpot $0.1 | Bingo $0 | Fortune $0 | Tax $0
Board [Ts Qh Jc Qs]
Seat 1: da2f53e2 folded before Flop (didn't bet)
Seat 2: 1985ff70 folded before Flop (didn't bet)
Seat 3: 12375194 folded before Flop (didn't bet)
Seat 4: fe972f2e (button) folded before Flop (didn't bet)
Seat 5: Hero (small blind) folded on the Turn
Seat 6: f58f7c93 (big blind) won ($2.76)


Poker Hand #HD1818520526: Hold'em No Limit ($0.05/$0.1) - 2024/06/16 22:04:15
Table 'NLHRed28' 6-max Seat #3 is the button
Seat 1: da2f53e2 ($13.24 in chips)
Seat 2: 1985ff70 ($4.53 in chips)
Seat 3: 12375194 ($10 in chips)
Seat 4: fe972f2e ($11.27 in chips)
Seat 5: Hero ($10 in chips)
fe972f2e: posts small blind $0.05
Hero: posts big blind $0.1
*** HOLE CARDS ***
Dealt to da2f53e2 
Dealt to 1985ff70 
Dealt to 12375194 
Dealt to fe972f2e 
Dealt to Hero [3h Ks]
da2f53e2: folds
1985ff70: calls $0.1
12375194: raises $0.35 to $0.45
fe972f2e: folds
Hero: folds
1985ff70: folds
Uncalled bet ($0.35) returned to 12375194
*** SHOWDOWN ***
12375194 collected $0.34 from pot
*** SUMMARY ***
Total pot $0.35 | Rake $0.01 | Jackpot $0 | Bingo $0 | Fortune $0 | Tax $0
Seat 1: da2f53e2 folded before Flop (didn't bet)
Seat 2: 1985ff70 folded before Flop
Seat 3: 12375194 (button) collected ($0.34)
Seat 4: fe972f2e (small blind) folded before Flop
Seat 5: Hero (big blind) folded before Flop


Poker Hand #HD1818520450: Hold'em No Limit ($0.05/$0.1) - 2024/06/16 22:03:35
Table 'NLHRed28' 6-max Seat #2 is the button
Seat 1: da2f53e2 ($13.44 in chips)
Seat 2: 1985ff70 ($4.2 in chips)
Seat 3: 12375194 ($10 in chips)
Seat 4: fe972f2e ($11.37 in chips)
Seat 5: Hero ($10 in chips)
12375194: posts small blind $0.05
fe972f2e: posts big blind $0.1
*** HOLE CARDS ***
Dealt to da2f53e2 
Dealt to 1985ff70 
Dealt to 12375194 
Dealt to fe972f2e 
Dealt to Hero [5c Kd]
Hero: folds
da2f53e2: raises $0.1 to $0.2
1985ff70: calls $0.2
12375194: folds
fe972f2e: folds
*** FLOP *** [Qc Ks 9c]
da2f53e2: checks
1985ff70: bets $0.2
da2f53e2: folds
Uncalled bet ($0.2) returned to 1985ff70
*** SHOWDOWN ***
1985ff70 collected $0.53 from pot
*** SUMMARY ***
Total pot $0.55 | Rake $0.02 | Jackpot $0 | Bingo $0 | Fortune $0 | Tax $0
Board [Qc Ks 9c]
Seat 1: da2f53e2 folded on the Flop
Seat 2: 1985ff70 (button) won ($0.53)
Seat 3: 12375194 (small blind) folded before Flop
Seat 4: fe972f2e (big blind) folded before Flop
Seat 5: Hero folded before Flop (didn't bet)


Poker Hand #HD1818520301: Hold'em No Limit ($0.05/$0.1) - 2024/06/16 22:02:12
Table 'NLHRed28' 6-max Seat #1 is the button
Seat 1: da2f53e2 ($10.32 in chips)
Seat 2: 1985ff70 ($4.25 in chips)
Seat 3: 12375194 ($10 in chips)
Seat 4: fe972f2e ($11.37 in chips)
Seat 5: Hero ($10 in chips)
1985ff70: posts small blind $0.05
12375194: posts big blind $0.1
*** HOLE CARDS ***
Dealt to da2f53e2 
Dealt to 1985ff70 
Dealt to 12375194 
Dealt to fe972f2e 
Dealt to Hero [Ah 4c]
fe972f2e: folds
Hero: folds
da2f53e2: raises $0.1 to $0.2
1985ff70: folds
12375194: raises $0.7 to $0.9
da2f53e2: calls $0.7
*** FLOP *** [5h Ts 8c]
12375194: bets $0.65
da2f53e2: calls $0.65
*** TURN *** [5h Ts 8c] [Jh]
12375194: checks
da2f53e2: bets $1.96
12375194: calls $1.96
*** RIVER *** [5h Ts 8c Jh] [7h]
12375194: checks
da2f53e2: bets $6.81 and is all-in
12375194: folds
Uncalled bet ($6.81) returned to da2f53e2
*** SHOWDOWN ***
da2f53e2 collected $6.63 from pot
*** SUMMARY ***
Total pot $7.07 | Rake $0.34 | Jackpot $0.1 | Bingo $0 | Fortune $0 | Tax $0
Board [5h Ts 8c Jh 7h]
Seat 1: da2f53e2 (button) won ($6.63)
Seat 2: 1985ff70 (small blind) folded before Flop
Seat 3: 12375194 (big blind) folded on the River
Seat 4: fe972f2e folded before Flop (didn't bet)
Seat 5: Hero folded before Flop (didn't bet)


Poker Hand #HD1818520267: Hold'em No Limit ($0.05/$0.1) - 2024/06/16 22:01:52
Table 'NLHRed28' 6-max Seat #5 is the button
Seat 1: da2f53e2 ($10.52 in chips)
Seat 2: 1985ff70 ($4.07 in chips)
Seat 4: fe972f2e ($11.37 in chips)
Seat 5: Hero ($10 in chips)
da2f53e2: posts small blind $0.05
1985ff70: posts big blind $0.1
*** HOLE CARDS ***
Dealt to da2f53e2 
Dealt to 1985ff70 
Dealt to fe972f2e 
Dealt to Hero [8h Tc]
fe972f2e: folds
Hero: folds
da2f53e2: raises $0.1 to $0.2
1985ff70: calls $0.1
*** FLOP *** [As 2c 7c]
da2f53e2: checks
1985ff70: checks
*** TURN *** [As 2c 7c] [7h]
da2f53e2: checks
1985ff70: bets $0.2
da2f53e2: folds
Uncalled bet ($0.2) returned to 1985ff70
*** SHOWDOWN ***
1985ff70 collected $0.38 from pot
*** SUMMARY ***
Total pot $0.4 | Rake $0.02 | Jackpot $0 | Bingo $0 | Fortune $0 | Tax $0
Board [As 2c 7c 7h]
Seat 1: da2f53e2 (small blind) folded on the Turn
Seat 2: 1985ff70 (big blind) won ($0.38)
Seat 4: fe972f2e folded before Flop (didn't bet)
Seat 5: Hero (button) folded before Flop (didn't bet)


Poker Hand #HD1818520243: Hold'em No Limit ($0.05/$0.1) - 2024/06/16 22:01:41
Table 'NLHRed28' 6-max Seat #4 is the button
Seat 1: da2f53e2 ($10.47 in chips)
Seat 2: 1985ff70 ($4.07 in chips)
Seat 4: fe972f2e ($11.37 in chips)
Seat 5: Hero ($10 in chips)
Hero: posts small blind $0.05
da2f53e2: posts big blind $0.1
*** HOLE CARDS ***
Dealt to da2f53e2 
Dealt to 1985ff70 
Dealt to fe972f2e 
Dealt to Hero [4d Jc]
1985ff70: folds
fe972f2e: folds
Hero: folds
Uncalled bet ($0.05) returned to da2f53e2
*** SHOWDOWN ***
da2f53e2 collected $0.1 from pot
*** SUMMARY ***
Total pot $0.1 | Rake $0 | Jackpot $0 | Bingo $0 | Fortune $0 | Tax $0
Seat 1: da2f53e2 (big blind) collected ($0.1)
Seat 2: 1985ff70 folded before Flop (didn't bet)
Seat 4: fe972f2e (button) folded before Flop (didn't bet)
Seat 5: Hero (small blind) folded before Flop


Poker Hand #HD1818520218: Hold'em No Limit ($0.05/$0.1) - 2024/06/16 22:01:27
Table 'NLHRed28' 6-max Seat #2 is the button
Seat 1: da2f53e2 ($10.32 in chips)
Seat 2: 1985ff70 ($4.07 in chips)
Seat 4: fe972f2e ($11.42 in chips)
Seat 5: Hero ($10 in chips)
Seat 6: 3c5514d2 ($10.94 in chips)
fe972f2e: posts small blind $0.05
Hero: posts big blind $0.1
*** HOLE CARDS ***
Dealt to da2f53e2 
Dealt to 1985ff70 
Dealt to fe972f2e 
Dealt to Hero [Kh 4d]
Dealt to 3c5514d2 
3c5514d2: folds
da2f53e2: raises $0.1 to $0.2
1985ff70: folds
fe972f2e: folds
Hero: folds
Uncalled bet ($0.1) returned to da2f53e2
*** SHOWDOWN ***
da2f53e2 collected $0.25 from pot
*** SUMMARY ***
Total pot $0.25 | Rake $0 | Jackpot $0 | Bingo $0 | Fortune $0 | Tax $0
Seat 1: da2f53e2 collected ($0.25)
Seat 2: 1985ff70 (button) folded before Flop (didn't bet)
Seat 4: fe972f2e (small blind) folded before Flop
Seat 5: Hero (big blind) folded before Flop
Seat 6: 3c5514d2 folded before Flop (didn't bet)


Poker Hand #HD1818520140: Hold'em No Limit ($0.05/$0.1) - 2024/06/16 22:00:45
Table 'NLHRed28' 6-max Seat #1 is the button
Seat 1: da2f53e2 ($10.62 in chips)
Seat 2: 1985ff70 ($3.7 in chips)
Seat 4: fe972f2e ($11.52 in chips)
Seat 5: Hero ($10 in chips)
Seat 6: 3c5514d2 ($10.94 in chips)
1985ff70: posts small blind $0.05
fe972f2e: posts big blind $0.1
*** HOLE CARDS ***
Dealt to da2f53e2 
Dealt to 1985ff70 
Dealt to fe972f2e 
Dealt to Hero [7c Td]
Dealt to 3c5514d2 
Hero: folds
3c5514d2: folds
da2f53e2: raises $0.1 to $0.2
1985ff70: calls $0.15
fe972f2e: folds
*** FLOP *** [Js 6c Qh]
1985ff70: bets $0.1
da2f53e2: calls $0.1
*** TURN *** [Js 6c Qh] [3d]
1985ff70: bets $0.7
da2f53e2: folds
Uncalled bet ($0.7) returned to 1985ff70
*** SHOWDOWN ***
1985ff70 collected $0.67 from pot
*** SUMMARY ***
Total pot $0.7 | Rake $0.03 | Jackpot $0 | Bingo $0 | Fortune $0 | Tax $0
Board [Js 6c Qh 3d]
Seat 1: da2f53e2 (button) folded on the Turn
Seat 2: 1985ff70 (small blind) won ($0.67)
Seat 4: fe972f2e (big blind) folded before Flop
Seat 5: Hero folded before Flop (didn't bet)
Seat 6: 3c5514d2 folded before Flop (didn't bet)


Poker Hand #HD1818520077: Hold'em No Limit ($0.05/$0.1) - 2024/06/16 22:00:10
Table 'NLHRed28' 6-max Seat #6 is the button
Seat 1: da2f53e2 ($10.67 in chips)
Seat 2: 1985ff70 ($4.05 in chips)
Seat 4: fe972f2e ($11.15 in chips)
Seat 5: Hero ($10 in chips)
Seat 6: 3c5514d2 ($10.94 in chips)
da2f53e2: posts small blind $0.05
1985ff70: posts big blind $0.1
*** HOLE CARDS ***
Dealt to da2f53e2 
Dealt to 1985ff70 
Dealt to fe972f2e 
Dealt to Hero [8c Jh]
Dealt to 3c5514d2 
fe972f2e: raises $0.15 to $0.25
Hero: folds
3c5514d2: folds
da2f53e2: folds
1985ff70: calls $0.15
*** FLOP *** [7h 8h 5h]
1985ff70: bets $0.1
fe972f2e: raises $0.38 to $0.48
1985ff70: folds
Uncalled bet ($0.38) returned to fe972f2e
*** SHOWDOWN ***
fe972f2e collected $0.72 from pot
*** SUMMARY ***
Total pot $0.75 | Rake $0.03 | Jackpot $0 | Bingo $0 | Fortune $0 | Tax $0
Board [7h 8h 5h]
Seat 1: da2f53e2 (small blind) folded before Flop
Seat 2: 1985ff70 (big blind) folded on the Flop
Seat 4: fe972f2e won ($0.72)
Seat 5: Hero folded before Flop (didn't bet)
Seat 6: 3c5514d2 (button) folded before Flop (didn't bet)


Poker Hand #HD1818520039: Hold'em No Limit ($0.05/$0.1) - 2024/06/16 21:59:49
Table 'NLHRed28' 6-max Seat #5 is the button
Seat 1: da2f53e2 ($10.77 in chips)
Seat 2: 1985ff70 ($3.9 in chips)
Seat 3: c33462a3 ($10.63 in chips)
Seat 4: fe972f2e ($11.15 in chips)
Seat 5: Hero ($10 in chips)
Seat 6: 3c5514d2 ($10.99 in chips)
3c5514d2: posts small blind $0.05
da2f53e2: posts big blind $0.1
*** HOLE CARDS ***
Dealt to da2f53e2 
Dealt to 1985ff70 
Dealt to c33462a3 
Dealt to fe972f2e 
Dealt to Hero [7h 5s]
Dealt to 3c5514d2 
1985ff70: raises $0.3 to $0.4
c33462a3: folds
fe972f2e: folds
Hero: folds
3c5514d2: folds
da2f53e2: folds
Uncalled bet ($0.3) returned to 1985ff70
*** SHOWDOWN ***
1985ff70 collected $0.25 from pot
*** SUMMARY ***
Total pot $0.25 | Rake $0 | Jackpot $0 | Bingo $0 | Fortune $0 | Tax $0
Seat 1: da2f53e2 (big blind) folded before Flop
Seat 2: 1985ff70 collected ($0.25)
Seat 3: c33462a3 folded before Flop (didn't bet)
Seat 4: fe972f2e folded before Flop (didn't bet)
Seat 5: Hero (button) folded before Flop (didn't bet)
Seat 6: 3c5514d2 (small blind) folded before Flop


Poker Hand #HD1818520031: Hold'em No Limit ($0.05/$0.1) - 2024/06/16 21:59:42
Table 'NLHRed28' 6-max Seat #4 is the button
Seat 1: da2f53e2 ($10.77 in chips)
Seat 2: 1985ff70 ($3.9 in chips)
Seat 3: c33462a3 ($10.63 in chips)
Seat 4: fe972f2e ($11.15 in chips)
Seat 5: Hero ($10 in chips)
Seat 6: 3c5514d2 ($10.94 in chips)
Hero: posts small blind $0.05
3c5514d2: posts big blind $0.1
*** HOLE CARDS ***
Dealt to da2f53e2 
Dealt to 1985ff70 
Dealt to c33462a3 
Dealt to fe972f2e 
Dealt to Hero [3c Jd]
Dealt to 3c5514d2 
da2f53e2: folds
1985ff70: folds
c33462a3: folds
fe972f2e: folds
Hero: folds
Uncalled bet ($0.05) returned to 3c5514d2
*** SHOWDOWN ***
3c5514d2 collected $0.1 from pot
*** SUMMARY ***
Total pot $0.1 | Rake $0 | Jackpot $0 | Bingo $0 | Fortune $0 | Tax $0
Seat 1: da2f53e2 folded before Flop (didn't bet)
Seat 2: 1985ff70 folded before Flop (didn't bet)
Seat 3: c33462a3 folded before Flop (didn't bet)
Seat 4: fe972f2e (button) folded before Flop (didn't bet)
Seat 5: Hero (small blind) folded before Flop
Seat 6: 3c5514d2 (big blind) collected ($0.1)


Poker Hand #HD1818519972: Hold'em No Limit ($0.05/$0.1) - 2024/06/16 21:59:14
Table 'NLHRed28' 6-max Seat #3 is the button
Seat 1: da2f53e2 ($10.77 in chips)
Seat 2: 1985ff70 ($4 in chips)
Seat 3: c33462a3 ($10.63 in chips)
Seat 4: fe972f2e ($11.2 in chips)
Seat 5: Hero ($10 in chips)
Seat 6: 3c5514d2 ($10.7 in chips)
fe972f2e: posts small blind $0.05
Hero: posts big blind $0.1
1985ff70: posts big blind $0.1
*** HOLE CARDS ***
Dealt to da2f53e2 
Dealt to 1985ff70 
Dealt to c33462a3 
Dealt to fe972f2e 
Dealt to Hero [7d 5d]
Dealt to 3c5514d2 
3c5514d2: raises $0.4 to $0.5
da2f53e2: folds
1985ff70: folds
c33462a3: folds
fe972f2e: folds
Hero: folds
Uncalled bet ($0.4) returned to 3c5514d2
*** SHOWDOWN ***
3c5514d2 collected $0.34 from pot
*** SUMMARY ***
Total pot $0.35 | Rake $0.01 | Jackpot $0 | Bingo $0 | Fortune $0 | Tax $0
Seat 1: da2f53e2 folded before Flop (didn't bet)
Seat 2: 1985ff70 folded before Flop
Seat 3: c33462a3 (button) folded before Flop (didn't bet)
Seat 4: fe972f2e (small blind) folded before Flop
Seat 5: Hero (big blind) folded before Flop
Seat 6: 3c5514d2 collected ($0.34)


Poker Hand #HD1818519939: Hold'em No Limit ($0.05/$0.1) - 2024/06/16 21:58:53
Table 'NLHRed28' 6-max Seat #1 is the button
Seat 1: da2f53e2 ($10.97 in chips)
Seat 3: c33462a3 ($10.35 in chips)
Seat 4: fe972f2e ($11.3 in chips)
Seat 5: Hero ($10 in chips)
Seat 6: 3c5514d2 ($10.7 in chips)
c33462a3: posts small blind $0.05
fe972f2e: posts big blind $0.1
*** HOLE CARDS ***
Dealt to da2f53e2 
Dealt to c33462a3 
Dealt to fe972f2e 
Dealt to Hero [Kc 2d]
Dealt to 3c5514d2 
Hero: folds
3c5514d2: folds
da2f53e2: raises $0.1 to $0.2
c33462a3: raises $0.5 to $0.7
fe972f2e: folds
da2f53e2: folds
Uncalled bet ($0.5) returned to c33462a3
*** SHOWDOWN ***
c33462a3 collected $0.48 from pot
*** SUMMARY ***
Total pot $0.5 | Rake $0.02 | Jackpot $0 | Bingo $0 | Fortune $0 | Tax $0
Seat 1: da2f53e2 (button) folded before Flop
Seat 3: c33462a3 (small blind) collected ($0.48)
Seat 4: fe972f2e (big blind) folded before Flop
Seat 5: Hero folded before Flop (didn't bet)
Seat 6: 3c5514d2 folded before Flop (didn't bet)


Poker Hand #HD1818519902: Hold'em No Limit ($0.05/$0.1) - 2024/06/16 21:58:28
Table 'NLHRed28' 6-max Seat #6 is the button
Seat 1: da2f53e2 ($11.19 in chips)
Seat 3: c33462a3 ($10.15 in chips)
Seat 4: fe972f2e ($11.3 in chips)
Seat 5: Hero ($10 in chips)
Seat 6: 3c5514d2 ($10.7 in chips)
da2f53e2: posts small blind $0.05
c33462a3: posts big blind $0.1
*** HOLE CARDS ***
Dealt to da2f53e2 
Dealt to c33462a3 
Dealt to fe972f2e 
Dealt to Hero [8c 4s]
Dealt to 3c5514d2 
fe972f2e: folds
Hero: folds
3c5514d2: folds
da2f53e2: raises $0.12 to $0.22
c33462a3: raises $0.62 to $0.84
da2f53e2: folds
Uncalled bet ($0.62) returned to c33462a3
*** SHOWDOWN ***
c33462a3 collected $0.42 from pot
*** SUMMARY ***
Total pot $0.44 | Rake $0.02 | Jackpot $0 | Bingo $0 | Fortune $0 | Tax $0
Seat 1: da2f53e2 (small blind) folded before Flop
Seat 3: c33462a3 (big blind) collected ($0.42)
Seat 4: fe972f2e folded before Flop (didn't bet)
Seat 5: Hero folded before Flop (didn't bet)
Seat 6: 3c5514d2 (button) folded before Flop (didn't bet)


Poker Hand #HD1818519870: Hold'em No Limit ($0.05/$0.1) - 2024/06/16 21:58:12
Table 'NLHRed28' 6-max Seat #5 is the button
Seat 1: da2f53e2 ($11.29 in chips)
Seat 2: 399ceb7 ($10.78 in chips)
Seat 3: c33462a3 ($10 in chips)
Seat 4: fe972f2e ($11.3 in chips)
Seat 5: Hero ($10 in chips)
Seat 6: 3c5514d2 ($10.75 in chips)
3c5514d2: posts small blind $0.05
da2f53e2: posts big blind $0.1
*** HOLE CARDS ***
Dealt to da2f53e2 
Dealt to 399ceb7 
Dealt to c33462a3 
Dealt to fe972f2e 
Dealt to Hero [5s Ad]
Dealt to 3c5514d2 
399ceb7: folds
c33462a3: raises $0.1 to $0.2
fe972f2e: folds
Hero: folds
3c5514d2: folds
da2f53e2: folds
Uncalled bet ($0.1) returned to c33462a3
*** SHOWDOWN ***
c33462a3 collected $0.25 from pot
*** SUMMARY ***
Total pot $0.25 | Rake $0 | Jackpot $0 | Bingo $0 | Fortune $0 | Tax $0
Seat 1: da2f53e2 (big blind) folded before Flop
Seat 2: 399ceb7 folded before Flop (didn't bet)
Seat 3: c33462a3 collected ($0.25)
Seat 4: fe972f2e folded before Flop (didn't bet)
Seat 5: Hero (button) folded before Flop (didn't bet)
Seat 6: 3c5514d2 (small blind) folded before Flop


Poker Hand #HD1818519832: Hold'em No Limit ($0.05/$0.1) - 2024/06/16 21:57:53
Table 'NLHRed28' 6-max Seat #4 is the button
Seat 1: da2f53e2 ($11.29 in chips)
Seat 2: 399ceb7 ($10.63 in chips)
Seat 3: c33462a3 ($10 in chips)
Seat 4: fe972f2e ($11.3 in chips)
Seat 5: Hero ($10 in chips)
Seat 6: 3c5514d2 ($10.85 in chips)
Hero: posts small blind $0.05
3c5514d2: posts big blind $0.1
*** HOLE CARDS ***
Dealt to da2f53e2 
Dealt to 399ceb7 
Dealt to c33462a3 
Dealt to fe972f2e 
Dealt to Hero [2d 6d]
Dealt to 3c5514d2 
da2f53e2: folds
399ceb7: raises $0.2 to $0.3
c33462a3: folds
fe972f2e: folds
Hero: folds
3c5514d2: folds
Uncalled bet ($0.2) returned to 399ceb7
*** SHOWDOWN ***
399ceb7 collected $0.25 from pot
*** SUMMARY ***
Total pot $0.25 | Rake $0 | Jackpot $0 | Bingo $0 | Fortune $0 | Tax $0
Seat 1: da2f53e2 folded before Flop (didn't bet)
Seat 2: 399ceb7 collected ($0.25)
Seat 3: c33462a3 folded before Flop (didn't bet)
Seat 4: fe972f2e (button) folded before Flop (didn't bet)
Seat 5: Hero (small blind) folded before Flop
Seat 6: 3c5514d2 (big blind) folded before Flop


Poker Hand #HD1818519768: Hold'em No Limit ($0.05/$0.1) - 2024/06/16 21:57:12
Table 'NLHRed28' 6-max Seat #3 is the button
Seat 1: da2f53e2 ($11.29 in chips)
Seat 2: 399ceb7 ($10.93 in chips)
Seat 3: c33462a3 ($9.42 in chips)
Seat 4: fe972f2e ($10.65 in chips)
Seat 5: Hero ($10 in chips)
Seat 6: 3c5514d2 ($10.85 in chips)
fe972f2e: posts small blind $0.05
Hero: posts big blind $0.1
*** HOLE CARDS ***
Dealt to da2f53e2 
Dealt to 399ceb7 
Dealt to c33462a3 
Dealt to fe972f2e 
Dealt to Hero [6d 9h]
Dealt to 3c5514d2 
3c5514d2: folds
da2f53e2: folds
399ceb7: raises $0.2 to $0.3
c33462a3: calls $0.3
fe972f2e: calls $0.25
Hero: folds
*** FLOP *** [9c 8d 5d]
fe972f2e: checks
399ceb7: checks
c33462a3: checks
*** TURN *** [9c 8d 5d] [Ac]
fe972f2e: bets $0.75
399ceb7: folds
c33462a3: folds
Uncalled bet ($0.75) returned to fe972f2e
*** SHOWDOWN ***
fe972f2e collected $0.95 from pot
*** SUMMARY ***
Total pot $1 | Rake $0.05 | Jackpot $0 | Bingo $0 | Fortune $0 | Tax $0
Board [9c 8d 5d Ac]
Seat 1: da2f53e2 folded before Flop (didn't bet)
Seat 2: 399ceb7 folded on the Turn
Seat 3: c33462a3 (button) folded on the Turn
Seat 4: fe972f2e (small blind) won ($0.95)
Seat 5: Hero (big blind) folded before Flop
Seat 6: 3c5514d2 folded before Flop (didn't bet)


Poker Hand #HD1818519683: Hold'em No Limit ($0.05/$0.1) - 2024/06/16 21:56:18
Table 'NLHRed28' 6-max Seat #2 is the button
Seat 1: da2f53e2 ($11.29 in chips)
Seat 2: 399ceb7 ($10.31 in chips)
Seat 3: c33462a3 ($10 in chips)
Seat 4: fe972f2e ($10.75 in chips)
Seat 5: Hero ($10 in chips)
Seat 6: 3c5514d2 ($10.85 in chips)
c33462a3: posts small blind $0.05
fe972f2e: posts big blind $0.1
*** HOLE CARDS ***
Dealt to da2f53e2 
Dealt to 399ceb7 
Dealt to c33462a3 
Dealt to fe972f2e 
Dealt to Hero [Tc 6s]
Dealt to 3c5514d2 
Hero: folds
3c5514d2: folds
da2f53e2: folds
399ceb7: raises $0.1 to $0.2
c33462a3: calls $0.15
fe972f2e: folds
*** FLOP *** [Ts 9d Ah]
c33462a3: checks
399ceb7: bets $0.38
c33462a3: calls $0.38
*** TURN *** [Ts 9d Ah] [5h]
c33462a3: checks
399ceb7: checks
*** RIVER *** [Ts 9d Ah 5h] [2s]
c33462a3: checks
399ceb7: checks
c33462a3: shows [Jh Kd] (Ace-High)
399ceb7: shows [8c 9c] (Pair of Nines)
*** SHOWDOWN ***
399ceb7 collected $1.2 from pot
*** SUMMARY ***
Total pot $1.26 | Rake $0.06 | Jackpot $0 | Bingo $0 | Fortune $0 | Tax $0
Board [Ts 9d Ah 5h 2s]
Seat 1: da2f53e2 folded before Flop (didn't bet)
Seat 2: 399ceb7 (button) showed [8c 9c] and won ($1.2) with Pair of Nines
Seat 3: c33462a3 (small blind) showed [Jh Kd] and lost with Ace-High
Seat 4: fe972f2e (big blind) folded before Flop
Seat 5: Hero folded before Flop (didn't bet)
Seat 6: 3c5514d2 folded before Flop (didn't bet)


Poker Hand #HD1818519624: Hold'em No Limit ($0.05/$0.1) - 2024/06/16 21:55:46
Table 'NLHRed28' 6-max Seat #1 is the button
Seat 1: da2f53e2 ($10.96 in chips)
Seat 2: 399ceb7 ($10.36 in chips)
Seat 3: c33462a3 ($10 in chips)
Seat 4: fe972f2e ($10.75 in chips)
Seat 5: Hero ($10.15 in chips)
Seat 6: 3c5514d2 ($10.85 in chips)
399ceb7: posts small blind $0.05
c33462a3: posts big blind $0.1
*** HOLE CARDS ***
Dealt to da2f53e2 
Dealt to 399ceb7 
Dealt to c33462a3 
Dealt to fe972f2e 
Dealt to Hero [9s 8s]
Dealt to 3c5514d2 
fe972f2e: folds
Hero: raises $0.1 to $0.2
3c5514d2: folds
da2f53e2: raises $0.55 to $0.75
399ceb7: folds
c33462a3: folds
Hero: folds
Uncalled bet ($0.55) returned to da2f53e2
*** SHOWDOWN ***
da2f53e2 collected $0.53 from pot
*** SUMMARY ***
Total pot $0.55 | Rake $0.02 | Jackpot $0 | Bingo $0 | Fortune $0 | Tax $0
Seat 1: da2f53e2 (button) collected ($0.53)
Seat 2: 399ceb7 (small blind) folded before Flop
Seat 3: c33462a3 (big blind) folded before Flop
Seat 4: fe972f2e folded before Flop (didn't bet)
Seat 5: Hero folded before Flop
Seat 6: 3c5514d2 folded before Flop (didn't bet)


Poker Hand #HD1818519595: Hold'em No Limit ($0.05/$0.1) - 2024/06/16 21:55:28
Table 'NLHRed28' 6-max Seat #6 is the button
Seat 1: da2f53e2 ($11.01 in chips)
Seat 2: 399ceb7 ($10.46 in chips)
Seat 3: c33462a3 ($10 in chips)
Seat 4: fe972f2e ($10.75 in chips)
Seat 5: Hero ($10.15 in chips)
Seat 6: 3c5514d2 ($10.7 in chips)
da2f53e2: posts small blind $0.05
399ceb7: posts big blind $0.1
*** HOLE CARDS ***
Dealt to da2f53e2 
Dealt to 399ceb7 
Dealt to c33462a3 
Dealt to fe972f2e 
Dealt to Hero [Ts 8c]
Dealt to 3c5514d2 
c33462a3: folds
fe972f2e: folds
Hero: folds
3c5514d2: raises $0.15 to $0.25
da2f53e2: folds
399ceb7: folds
Uncalled bet ($0.15) returned to 3c5514d2
*** SHOWDOWN ***
3c5514d2 collected $0.25 from pot
*** SUMMARY ***
Total pot $0.25 | Rake $0 | Jackpot $0 | Bingo $0 | Fortune $0 | Tax $0
Seat 1: da2f53e2 (small blind) folded before Flop
Seat 2: 399ceb7 (big blind) folded before Flop
Seat 3: c33462a3 folded before Flop (didn't bet)
Seat 4: fe972f2e folded before Flop (didn't bet)
Seat 5: Hero folded before Flop (didn't bet)
Seat 6: 3c5514d2 (button) collected ($0.25)


Poker Hand #HD1818519573: Hold'em No Limit ($0.05/$0.1) - 2024/06/16 21:55:19
Table 'NLHRed28' 6-max Seat #5 is the button
Seat 1: da2f53e2 ($10.96 in chips)
Seat 2: 399ceb7 ($10.46 in chips)
Seat 3: c33462a3 ($10 in chips)
Seat 4: fe972f2e ($10.75 in chips)
Seat 5: Hero ($10.15 in chips)
Seat 6: 3c5514d2 ($10.75 in chips)
3c5514d2: posts small blind $0.05
da2f53e2: posts big blind $0.1
*** HOLE CARDS ***
Dealt to da2f53e2 
Dealt to 399ceb7 
Dealt to c33462a3 
Dealt to fe972f2e 
Dealt to Hero [7d Qs]
Dealt to 3c5514d2 
399ceb7: folds
c33462a3: folds
fe972f2e: folds
Hero: folds
3c5514d2: folds
Uncalled bet ($0.05) returned to da2f53e2
*** SHOWDOWN ***
da2f53e2 collected $0.1 from pot
*** SUMMARY ***
Total pot $0.1 | Rake $0 | Jackpot $0 | Bingo $0 | Fortune $0 | Tax $0
Seat 1: da2f53e2 (big blind) collected ($0.1)
Seat 2: 399ceb7 folded before Flop (didn't bet)
Seat 3: c33462a3 folded before Flop (didn't bet)
Seat 4: fe972f2e folded before Flop (didn't bet)
Seat 5: Hero (button) folded before Flop (didn't bet)
Seat 6: 3c5514d2 (small blind) folded before Flop


Poker Hand #HD1818519512: Hold'em No Limit ($0.05/$0.1) - 2024/06/16 21:54:46
Table 'NLHRed28' 6-max Seat #4 is the button
Seat 1: da2f53e2 ($10 in chips)
Seat 2: 399ceb7 ($10.46 in chips)
Seat 3: c33462a3 ($10 in chips)
Seat 4: fe972f2e ($11.65 in chips)
Seat 5: Hero ($10.2 in chips)
Seat 6: 3c5514d2 ($10.85 in chips)
Hero: posts small blind $0.05
3c5514d2: posts big blind $0.1
*** HOLE CARDS ***
Dealt to da2f53e2 
Dealt to 399ceb7 
Dealt to c33462a3 
Dealt to fe972f2e 
Dealt to Hero [3c 9s]
Dealt to 3c5514d2 
da2f53e2: raises $0.12 to $0.22
399ceb7: folds
c33462a3: folds
fe972f2e: raises $0.68 to $0.9
Hero: folds
3c5514d2: folds
da2f53e2: raises $1.31 to $2.21
fe972f2e: folds
Uncalled bet ($1.31) returned to da2f53e2
*** SHOWDOWN ***
da2f53e2 collected $1.86 from pot
*** SUMMARY ***
Total pot $1.95 | Rake $0.09 | Jackpot $0 | Bingo $0 | Fortune $0 | Tax $0
Seat 1: da2f53e2 collected ($1.86)
Seat 2: 399ceb7 folded before Flop (didn't bet)
Seat 3: c33462a3 folded before Flop (didn't bet)
Seat 4: fe972f2e (button) folded before Flop
Seat 5: Hero (small blind) folded before Flop
Seat 6: 3c5514d2 (big blind) folded before Flop


Poker Hand #HD1818519437: Hold'em No Limit ($0.05/$0.1) - 2024/06/16 21:54:08
Table 'NLHRed28' 6-max Seat #3 is the button
Seat 1: da2f53e2 ($10 in chips)
Seat 2: 399ceb7 ($10 in chips)
Seat 3: c33462a3 ($10 in chips)
Seat 4: fe972f2e ($11.7 in chips)
Seat 5: Hero ($10.42 in chips)
Seat 6: 3c5514d2 ($10.85 in chips)
fe972f2e: posts small blind $0.05
Hero: posts big blind $0.1
*** HOLE CARDS ***
Dealt to da2f53e2 
Dealt to 399ceb7 
Dealt to c33462a3 
Dealt to fe972f2e 
Dealt to Hero [5d 5s]
Dealt to 3c5514d2 
3c5514d2: folds
da2f53e2: raises $0.12 to $0.22
399ceb7: calls $0.22
c33462a3: folds
fe972f2e: folds
Hero: calls $0.12
*** FLOP *** [3h 6d 9d]
Hero: checks
da2f53e2: checks
399ceb7: bets $0.45
Hero: folds
da2f53e2: folds
Uncalled bet ($0.45) returned to 399ceb7
*** SHOWDOWN ***
399ceb7 collected $0.68 from pot
*** SUMMARY ***
Total pot $0.71 | Rake $0.03 | Jackpot $0 | Bingo $0 | Fortune $0 | Tax $0
Board [3h 6d 9d]
Seat 1: da2f53e2 folded on the Flop
Seat 2: 399ceb7 won ($0.68)
Seat 3: c33462a3 (button) folded before Flop (didn't bet)
Seat 4: fe972f2e (small blind) folded before Flop
Seat 5: Hero (big blind) folded on the Flop
Seat 6: 3c5514d2 folded before Flop (didn't bet)


Poker Hand #HD1818519354: Hold'em No Limit ($0.05/$0.1) - 2024/06/16 21:53:24
Table 'NLHRed28' 6-max Seat #2 is the button
Seat 1: da2f53e2 ($10 in chips)
Seat 2: 399ceb7 ($10 in chips)
Seat 3: c33462a3 ($10 in chips)
Seat 4: fe972f2e ($11.8 in chips)
Seat 5: Hero ($10.42 in chips)
Seat 6: 3c5514d2 ($10.48 in chips)
c33462a3: posts small blind $0.05
fe972f2e: posts big blind $0.1
*** HOLE CARDS ***
Dealt to da2f53e2 
Dealt to 399ceb7 
Dealt to c33462a3 
Dealt to fe972f2e 
Dealt to Hero [Td Jh]
Dealt to 3c5514d2 
Hero: folds
3c5514d2: raises $0.2 to $0.3
da2f53e2: folds
399ceb7: folds
c33462a3: calls $0.25
fe972f2e: folds
*** FLOP *** [Qh 7d 3s]
c33462a3: checks
3c5514d2: bets $0.25
c33462a3: folds
Uncalled bet ($0.25) returned to 3c5514d2
*** SHOWDOWN ***
3c5514d2 collected $0.67 from pot
*** SUMMARY ***
Total pot $0.7 | Rake $0.03 | Jackpot $0 | Bingo $0 | Fortune $0 | Tax $0
Board [Qh 7d 3s]
Seat 1: da2f53e2 folded before Flop (didn't bet)
Seat 2: 399ceb7 (button) folded before Flop (didn't bet)
Seat 3: c33462a3 (small blind) folded on the Flop
Seat 4: fe972f2e (big blind) folded before Flop
Seat 5: Hero folded before Flop (didn't bet)
Seat 6: 3c5514d2 won ($0.67)


Poker Hand #HD1818519246: Hold'em No Limit ($0.05/$0.1) - 2024/06/16 21:52:18
Table 'NLHRed28' 6-max Seat #1 is the button
Seat 1: da2f53e2 ($10 in chips)
Seat 2: 399ceb7 ($10.05 in chips)
Seat 3: c33462a3 ($10 in chips)
Seat 4: fe972f2e ($11.8 in chips)
Seat 5: Hero ($10 in chips)
Seat 6: 3c5514d2 ($10.48 in chips)
399ceb7: posts small blind $0.05
c33462a3: posts big blind $0.1
*** HOLE CARDS ***
Dealt to da2f53e2 
Dealt to 399ceb7 
Dealt to c33462a3 
Dealt to fe972f2e 
Dealt to Hero [Ks Qs]
Dealt to 3c5514d2 
fe972f2e: folds
Hero: raises $0.1 to $0.2
3c5514d2: folds
da2f53e2: calls $0.2
399ceb7: folds
c33462a3: calls $0.1
*** FLOP *** [5d 8c 8h]
c33462a3: checks
Hero: checks
da2f53e2: checks
*** TURN *** [5d 8c 8h] [7d]
c33462a3: checks
Hero: checks
da2f53e2: checks
*** RIVER *** [5d 8c 8h 7d] [4s]
c33462a3: checks
Hero: checks
da2f53e2: checks
c33462a3: shows [Td Qh] (Pair of Eights)
Hero: shows [Ks Qs] (Pair of Eights)
da2f53e2: shows [Jd Qd] (Pair of Eights)
*** SHOWDOWN ***
Hero collected $0.62 from pot
*** SUMMARY ***
Total pot $0.65 | Rake $0.03 | Jackpot $0 | Bingo $0 | Fortune $0 | Tax $0
Board [5d 8c 8h 7d 4s]
Seat 1: da2f53e2 (button) showed [Jd Qd] and lost with Pair of Eights
Seat 2: 399ceb7 (small blind) folded before Flop
Seat 3: c33462a3 (big blind) showed [Td Qh] and lost with Pair of Eights
Seat 4: fe972f2e folded before Flop (didn't bet)
Seat 5: Hero showed [Ks Qs] and won ($0.62) with Pair of Eights
Seat 6: 3c5514d2 folded before Flop (didn't bet)


Poker Hand #HD1818519231: Hold'em No Limit ($0.05/$0.1) - 2024/06/16 21:52:09
Table 'NLHRed28' 6-max Seat #6 is the button
Seat 1: da2f53e2 ($10 in chips)
Seat 2: 399ceb7 ($10 in chips)
Seat 4: fe972f2e ($11.8 in chips)
Seat 5: Hero ($10 in chips)
Seat 6: 3c5514d2 ($10.48 in chips)
da2f53e2: posts small blind $0.05
399ceb7: posts big blind $0.1
*** HOLE CARDS ***
Dealt to da2f53e2 
Dealt to 399ceb7 
Dealt to fe972f2e 
Dealt to Hero [3c 2d]
Dealt to 3c5514d2 
fe972f2e: folds
Hero: folds
3c5514d2: folds
da2f53e2: folds
Uncalled bet ($0.05) returned to 399ceb7
*** SHOWDOWN ***
399ceb7 collected $0.1 from pot
*** SUMMARY ***
Total pot $0.1 | Rake $0 | Jackpot $0 | Bingo $0 | Fortune $0 | Tax $0
Seat 1: da2f53e2 (small blind) folded before Flop
Seat 2: 399ceb7 (big blind) collected ($0.1)
Seat 4: fe972f2e folded before Flop (didn't bet)
Seat 5: Hero folded before Flop (didn't bet)
Seat 6: 3c5514d2 (button) folded before Flop (didn't bet)


Poker Hand #HD1818519207: Hold'em No Limit ($0.05/$0.1) - 2024/06/16 21:51:56
Table 'NLHRed28' 6-max Seat #5 is the button
Seat 1: da2f53e2 ($10 in chips)
Seat 4: fe972f2e ($11.8 in chips)
Seat 5: Hero ($10 in chips)
Seat 6: 3c5514d2 ($10.38 in chips)
3c5514d2: posts small blind $0.05
da2f53e2: posts big blind $0.1
*** HOLE CARDS ***
Dealt to da2f53e2 
Dealt to fe972f2e 
Dealt to Hero [6s Th]
Dealt to 3c5514d2 
fe972f2e: folds
Hero: folds
3c5514d2: raises $0.2 to $0.3
da2f53e2: folds
Uncalled bet ($0.2) returned to 3c5514d2
*** SHOWDOWN ***
3c5514d2 collected $0.2 from pot
*** SUMMARY ***
Total pot $0.2 | Rake $0 | Jackpot $0 | Bingo $0 | Fortune $0 | Tax $0
Seat 1: da2f53e2 (big blind) folded before Flop
Seat 4: fe972f2e folded before Flop (didn't bet)
Seat 5: Hero (button) folded before Flop (didn't bet)
Seat 6: 3c5514d2 (small blind) collected ($0.2)


Poker Hand #HD1818519092: Hold'em No Limit ($0.05/$0.1) - 2024/06/16 21:50:59
Table 'NLHRed28' 6-max Seat #4 is the button
Seat 4: fe972f2e ($10 in chips)
Seat 5: Hero ($11.88 in chips)
Seat 6: 3c5514d2 ($10.48 in chips)
Hero: posts small blind $0.05
3c5514d2: posts big blind $0.1
*** HOLE CARDS ***
Dealt to fe972f2e 
Dealt to Hero [As Jh]
Dealt to 3c5514d2 
fe972f2e: raises $0.15 to $0.25
Hero: raises $0.95 to $1.2
3c5514d2: folds
fe972f2e: calls $0.95
*** FLOP *** [2c 3c Td]
Hero: bets $0.8
fe972f2e: raises $1.36 to $2.16
Hero: folds
Uncalled bet ($1.36) returned to fe972f2e
*** SHOWDOWN ***
fe972f2e collected $3.8 from pot
*** SUMMARY ***
Total pot $4.1 | Rake $0.2 | Jackpot $0.1 | Bingo $0 | Fortune $0 | Tax $0
Board [2c 3c Td]
Seat 4: fe972f2e (button) won ($3.8)
Seat 5: Hero (small blind) folded on the Flop
Seat 6: 3c5514d2 (big blind) folded before Flop


Poker Hand #HD1818519055: Hold'em No Limit ($0.05/$0.1) - 2024/06/16 21:50:39
Table 'NLHRed28' 6-max Seat #6 is the button
Seat 4: fe972f2e ($10.02 in chips)
Seat 5: Hero ($11.83 in chips)
Seat 6: 3c5514d2 ($10.48 in chips)
fe972f2e: posts small blind $0.05
Hero: posts big blind $0.1
*** HOLE CARDS ***
Dealt to fe972f2e 
Dealt to Hero [Kc Td]
Dealt to 3c5514d2 
3c5514d2: folds
fe972f2e: folds
Uncalled bet ($0.05) returned to Hero
*** SHOWDOWN ***
Hero collected $0.1 from pot
*** SUMMARY ***
Total pot $0.1 | Rake $0 | Jackpot $0 | Bingo $0 | Fortune $0 | Tax $0
Seat 4: fe972f2e (small blind) folded before Flop
Seat 5: Hero (big blind) collected ($0.1)
Seat 6: 3c5514d2 (button) folded before Flop (didn't bet)


Poker Hand #HD1818519041: Hold'em No Limit ($0.05/$0.1) - 2024/06/16 21:50:28
Table 'NLHRed28' 6-max Seat #5 is the button
Seat 4: fe972f2e ($10.12 in chips)
Seat 5: Hero ($11.68 in chips)
Seat 6: 3c5514d2 ($10.53 in chips)
3c5514d2: posts small blind $0.05
fe972f2e: posts big blind $0.1
*** HOLE CARDS ***
Dealt to fe972f2e 
Dealt to Hero [2d 2h]
Dealt to 3c5514d2 
Hero: raises $0.2 to $0.3
3c5514d2: folds
fe972f2e: folds
Uncalled bet ($0.2) returned to Hero
*** SHOWDOWN ***
Hero collected $0.25 from pot
*** SUMMARY ***
Total pot $0.25 | Rake $0 | Jackpot $0 | Bingo $0 | Fortune $0 | Tax $0
Seat 4: fe972f2e (big blind) folded before Flop
Seat 5: Hero (button) collected ($0.25)
Seat 6: 3c5514d2 (small blind) folded before Flop


Poker Hand #HD1818518960: Hold'em No Limit ($0.05/$0.1) - 2024/06/16 21:49:43
Table 'NLHRed28' 6-max Seat #4 is the button
Seat 1: e915cacb ($10.42 in chips)
Seat 3: 4ccb71d9 ($10.61 in chips)
Seat 4: fe972f2e ($10.65 in chips)
Seat 5: Hero ($11.73 in chips)
Seat 6: 3c5514d2 ($10 in chips)
Hero: posts small blind $0.05
3c5514d2: posts big blind $0.1
*** HOLE CARDS ***
Dealt to e915cacb 
Dealt to 4ccb71d9 
Dealt to fe972f2e 
Dealt to Hero [8d 6h]
Dealt to 3c5514d2 
e915cacb: folds
4ccb71d9: folds
fe972f2e: raises $0.15 to $0.25
Hero: folds
3c5514d2: calls $0.15
*** FLOP *** [6d Kh 2s]
3c5514d2: checks
fe972f2e: bets $0.28
3c5514d2: raises $0.67 to $0.95
fe972f2e: folds
Uncalled bet ($0.67) returned to 3c5514d2
*** SHOWDOWN ***
3c5514d2 collected $1.06 from pot
*** SUMMARY ***
Total pot $1.11 | Rake $0.05 | Jackpot $0 | Bingo $0 | Fortune $0 | Tax $0
Board [6d Kh 2s]
Seat 1: e915cacb folded before Flop (didn't bet)
Seat 3: 4ccb71d9 folded before Flop (didn't bet)
Seat 4: fe972f2e (button) folded on the Flop
Seat 5: Hero (small blind) folded before Flop
Seat 6: 3c5514d2 (big blind) won ($1.06)


Poker Hand #HD1818518825: Hold'em No Limit ($0.05/$0.1) - 2024/06/16 21:48:20
Table 'NLHRed28' 6-max Seat #3 is the button
Seat 1: e915cacb ($10.85 in chips)
Seat 2: 12c3c010 ($16.54 in chips)
Seat 3: 4ccb71d9 ($10.61 in chips)
Seat 4: fe972f2e ($10.7 in chips)
Seat 5: Hero ($11.29 in chips)
fe972f2e: posts small blind $0.05
Hero: posts big blind $0.1
*** HOLE CARDS ***
Dealt to e915cacb 
Dealt to 12c3c010 
Dealt to 4ccb71d9 
Dealt to fe972f2e 
Dealt to Hero [5s As]
e915cacb: raises $0.15 to $0.25
12c3c010: folds
4ccb71d9: folds
fe972f2e: folds
Hero: calls $0.15
*** FLOP *** [3h 5d Kh]
Hero: checks
e915cacb: bets $0.18
Hero: calls $0.18
*** TURN *** [3h 5d Kh] [Ad]
Hero: checks
e915cacb: checks
*** RIVER *** [3h 5d Kh Ad] [3c]
Hero: bets $0.8
e915cacb: folds
Uncalled bet ($0.8) returned to Hero
*** SHOWDOWN ***
Hero collected $0.87 from pot
*** SUMMARY ***
Total pot $0.91 | Rake $0.04 | Jackpot $0 | Bingo $0 | Fortune $0 | Tax $0
Board [3h 5d Kh Ad 3c]
Seat 1: e915cacb folded on the River
Seat 2: 12c3c010 folded before Flop (didn't bet)
Seat 3: 4ccb71d9 (button) folded before Flop (didn't bet)
Seat 4: fe972f2e (small blind) folded before Flop
Seat 5: Hero (big blind) won ($0.87)


Poker Hand #HD1818518737: Hold'em No Limit ($0.05/$0.1) - 2024/06/16 21:47:32
Table 'NLHRed28' 6-max Seat #2 is the button
Seat 1: e915cacb ($10.71 in chips)
Seat 2: 12c3c010 ($16.54 in chips)
Seat 3: 4ccb71d9 ($10.66 in chips)
Seat 4: fe972f2e ($10.8 in chips)
Seat 5: Hero ($11.29 in chips)
4ccb71d9: posts small blind $0.05
fe972f2e: posts big blind $0.1
*** HOLE CARDS ***
Dealt to e915cacb 
Dealt to 12c3c010 
Dealt to 4ccb71d9 
Dealt to fe972f2e 
Dealt to Hero [Qc 2h]
Hero: folds
e915cacb: calls $0.1
12c3c010: folds
4ccb71d9: folds
fe972f2e: checks
*** FLOP *** [Ks Kc 3c]
fe972f2e: checks
e915cacb: checks
*** TURN *** [Ks Kc 3c] [5c]
fe972f2e: checks
e915cacb: bets $0.27
fe972f2e: folds
Uncalled bet ($0.27) returned to e915cacb
*** SHOWDOWN ***
e915cacb collected $0.24 from pot
*** SUMMARY ***
Total pot $0.25 | Rake $0.01 | Jackpot $0 | Bingo $0 | Fortune $0 | Tax $0
Board [Ks Kc 3c 5c]
Seat 1: e915cacb won ($0.24)
Seat 2: 12c3c010 (button) folded before Flop (didn't bet)
Seat 3: 4ccb71d9 (small blind) folded before Flop
Seat 4: fe972f2e (big blind) folded on the Turn
Seat 5: Hero folded before Flop (didn't bet)


Poker Hand #HD1818518683: Hold'em No Limit ($0.05/$0.1) - 2024/06/16 21:47:00
Table 'NLHRed28' 6-max Seat #1 is the button
Seat 1: e915cacb ($10.57 in chips)
Seat 2: 12c3c010 ($16.59 in chips)
Seat 3: 4ccb71d9 ($10.76 in chips)
Seat 4: fe972f2e ($10.8 in chips)
Seat 5: Hero ($11.29 in chips)
12c3c010: posts small blind $0.05
4ccb71d9: posts big blind $0.1
*** HOLE CARDS ***
Dealt to e915cacb 
Dealt to 12c3c010 
Dealt to 4ccb71d9 
Dealt to fe972f2e 
Dealt to Hero [6c 4s]
fe972f2e: folds
Hero: folds
e915cacb: calls $0.1
12c3c010: folds
4ccb71d9: checks
*** FLOP *** [Kd Th As]
4ccb71d9: checks
e915cacb: bets $0.12
4ccb71d9: folds
Uncalled bet ($0.12) returned to e915cacb
*** SHOWDOWN ***
e915cacb collected $0.24 from pot
*** SUMMARY ***
Total pot $0.25 | Rake $0.01 | Jackpot $0 | Bingo $0 | Fortune $0 | Tax $0
Board [Kd Th As]
Seat 1: e915cacb (button) won ($0.24)
Seat 2: 12c3c010 (small blind) folded before Flop
Seat 3: 4ccb71d9 (big blind) folded on the Flop
Seat 4: fe972f2e folded before Flop (didn't bet)
Seat 5: Hero folded before Flop (didn't bet)


Poker Hand #HD1818518642: Hold'em No Limit ($0.05/$0.1) - 2024/06/16 21:46:38
Table 'NLHRed28' 6-max Seat #5 is the button
Seat 1: e915cacb ($10.47 in chips)
Seat 2: 12c3c010 ($16.69 in chips)
Seat 3: 4ccb71d9 ($10.76 in chips)
Seat 4: fe972f2e ($10.8 in chips)
Seat 5: Hero ($11.29 in chips)
e915cacb: posts small blind $0.05
12c3c010: posts big blind $0.1
*** HOLE CARDS ***
Dealt to e915cacb 
Dealt to 12c3c010 
Dealt to 4ccb71d9 
Dealt to fe972f2e 
Dealt to Hero [4h Qd]
4ccb71d9: folds
fe972f2e: folds
Hero: folds
e915cacb: raises $0.15 to $0.25
12c3c010: folds
Uncalled bet ($0.15) returned to e915cacb
*** SHOWDOWN ***
e915cacb collected $0.2 from pot
*** SUMMARY ***
Total pot $0.2 | Rake $0 | Jackpot $0 | Bingo $0 | Fortune $0 | Tax $0
Seat 1: e915cacb (small blind) collected ($0.2)
Seat 2: 12c3c010 (big blind) folded before Flop
Seat 3: 4ccb71d9 folded before Flop (didn't bet)
Seat 4: fe972f2e folded before Flop (didn't bet)
Seat 5: Hero (button) folded before Flop (didn't bet)


Poker Hand #HD1818518554: Hold'em No Limit ($0.05/$0.1) - 2024/06/16 21:45:44
Table 'NLHRed28' 6-max Seat #4 is the button
Seat 1: e915cacb ($10.2 in chips)
Seat 2: 12c3c010 ($16.69 in chips)
Seat 3: 4ccb71d9 ($10.76 in chips)
Seat 4: fe972f2e ($10.8 in chips)
Seat 5: Hero ($11.59 in chips)
Hero: posts small blind $0.05
e915cacb: posts big blind $0.1
*** HOLE CARDS ***
Dealt to e915cacb 
Dealt to 12c3c010 
Dealt to 4ccb71d9 
Dealt to fe972f2e 
Dealt to Hero [8s 8d]
12c3c010: folds
4ccb71d9: folds
fe972f2e: folds
Hero: raises $0.2 to $0.3
e915cacb: calls $0.2
*** FLOP *** [Ac Qs 2s]
Hero: checks
e915cacb: checks
*** TURN *** [Ac Qs 2s] [9c]
Hero: checks
e915cacb: bets $0.19
Hero: folds
Uncalled bet ($0.19) returned to e915cacb
*** SHOWDOWN ***
e915cacb collected $0.57 from pot
*** SUMMARY ***
Total pot $0.6 | Rake $0.03 | Jackpot $0 | Bingo $0 | Fortune $0 | Tax $0
Board [Ac Qs 2s 9c]
Seat 1: e915cacb (big blind) won ($0.57)
Seat 2: 12c3c010 folded before Flop (didn't bet)
Seat 3: 4ccb71d9 folded before Flop (didn't bet)
Seat 4: fe972f2e (button) folded before Flop (didn't bet)
Seat 5: Hero (small blind) folded on the Turn


Poker Hand #HD1818518470: Hold'em No Limit ($0.05/$0.1) - 2024/06/16 21:44:52
Table 'NLHRed28' 6-max Seat #3 is the button
Seat 1: e915cacb ($10.45 in chips)
Seat 2: 12c3c010 ($16.94 in chips)
Seat 3: 4ccb71d9 ($11.01 in chips)
Seat 4: fe972f2e ($10 in chips)
Seat 5: Hero ($11.69 in chips)
Seat 6: d3f26aee ($11.37 in chips)
fe972f2e: posts small blind $0.05
Hero: posts big blind $0.1
*** HOLE CARDS ***
Dealt to e915cacb 
Dealt to 12c3c010 
Dealt to 4ccb71d9 
Dealt to fe972f2e 
Dealt to Hero [6c Ad]
Dealt to d3f26aee 
d3f26aee: folds
e915cacb: raises $0.15 to $0.25
12c3c010: calls $0.25
4ccb71d9: calls $0.25
fe972f2e: raises $1.25 to $1.5
Hero: folds
e915cacb: folds
12c3c010: folds
4ccb71d9: folds
Uncalled bet ($1.25) returned to fe972f2e
*** SHOWDOWN ***
fe972f2e collected $1.05 from pot
*** SUMMARY ***
Total pot $1.1 | Rake $0.05 | Jackpot $0 | Bingo $0 | Fortune $0 | Tax $0
Seat 1: e915cacb folded before Flop
Seat 2: 12c3c010 folded before Flop
Seat 3: 4ccb71d9 (button) folded before Flop
Seat 4: fe972f2e (small blind) collected ($1.05)
Seat 5: Hero (big blind) folded before Flop
Seat 6: d3f26aee folded before Flop (didn't bet)


Poker Hand #HD1818518438: Hold'em No Limit ($0.05/$0.1) - 2024/06/16 21:44:33
Table 'NLHRed28' 6-max Seat #2 is the button
Seat 1: e915cacb ($10.45 in chips)
Seat 2: 12c3c010 ($16.79 in chips)
Seat 3: 4ccb71d9 ($11.06 in chips)
Seat 4: fe972f2e ($10 in chips)
Seat 5: Hero ($11.69 in chips)
Seat 6: d3f26aee ($11.37 in chips)
4ccb71d9: posts small blind $0.05
fe972f2e: posts big blind $0.1
*** HOLE CARDS ***
Dealt to e915cacb 
Dealt to 12c3c010 
Dealt to 4ccb71d9 
Dealt to fe972f2e 
Dealt to Hero [2s 9c]
Dealt to d3f26aee 
Hero: folds
d3f26aee: folds
e915cacb: folds
12c3c010: raises $0.15 to $0.25
4ccb71d9: folds
fe972f2e: folds
Uncalled bet ($0.15) returned to 12c3c010
*** SHOWDOWN ***
12c3c010 collected $0.25 from pot
*** SUMMARY ***
Total pot $0.25 | Rake $0 | Jackpot $0 | Bingo $0 | Fortune $0 | Tax $0
Seat 1: e915cacb folded before Flop (didn't bet)
Seat 2: 12c3c010 (button) collected ($0.25)
Seat 3: 4ccb71d9 (small blind) folded before Flop
Seat 4: fe972f2e (big blind) folded before Flop
Seat 5: Hero folded before Flop (didn't bet)
Seat 6: d3f26aee folded before Flop (didn't bet)


Poker Hand #HD1818518403: Hold'em No Limit ($0.05/$0.1) - 2024/06/16 21:44:12
Table 'NLHRed28' 6-max Seat #1 is the button
Seat 1: e915cacb ($10.45 in chips)
Seat 2: 12c3c010 ($16.84 in chips)
Seat 3: 4ccb71d9 ($11.01 in chips)
Seat 4: fe972f2e ($10 in chips)
Seat 5: Hero ($11.69 in chips)
Seat 6: d3f26aee ($11.37 in chips)
12c3c010: posts small blind $0.05
4ccb71d9: posts big blind $0.1
*** HOLE CARDS ***
Dealt to e915cacb 
Dealt to 12c3c010 
Dealt to 4ccb71d9 
Dealt to fe972f2e 
Dealt to Hero [3h 8h]
Dealt to d3f26aee 
fe972f2e: folds
Hero: folds
d3f26aee: folds
e915cacb: folds
12c3c010: folds
Uncalled bet ($0.05) returned to 4ccb71d9
*** SHOWDOWN ***
4ccb71d9 collected $0.1 from pot
*** SUMMARY ***
Total pot $0.1 | Rake $0 | Jackpot $0 | Bingo $0 | Fortune $0 | Tax $0
Seat 1: e915cacb (button) folded before Flop (didn't bet)
Seat 2: 12c3c010 (small blind) folded before Flop
Seat 3: 4ccb71d9 (big blind) collected ($0.1)
Seat 4: fe972f2e folded before Flop (didn't bet)
Seat 5: Hero folded before Flop (didn't bet)
Seat 6: d3f26aee folded before Flop (didn't bet)


Poker Hand #HD1818518278: Hold'em No Limit ($0.05/$0.1) - 2024/06/16 21:42:44
Table 'NLHRed28' 6-max Seat #6 is the button
Seat 1: e915cacb ($10.5 in chips)
Seat 2: 12c3c010 ($16.94 in chips)
Seat 3: 4ccb71d9 ($11.01 in chips)
Seat 4: fe972f2e ($10.69 in chips)
Seat 5: Hero ($11.69 in chips)
Seat 6: d3f26aee ($10 in chips)
e915cacb: posts small blind $0.05
12c3c010: posts big blind $0.1
*** HOLE CARDS ***
Dealt to e915cacb 
Dealt to 12c3c010 
Dealt to 4ccb71d9 
Dealt to fe972f2e 
Dealt to Hero [7c Kc]
Dealt to d3f26aee 
4ccb71d9: folds
fe972f2e: raises $0.15 to $0.25
Hero: folds
d3f26aee: raises $0.6 to $0.85
e915cacb: folds
12c3c010: folds
fe972f2e: calls $0.6
*** FLOP *** [Jh Js Ah]
fe972f2e: checks
d3f26aee: bets $0.62
fe972f2e: calls $0.62
*** TURN *** [Jh Js Ah] [2d]
fe972f2e: checks
d3f26aee: checks
*** RIVER *** [Jh Js Ah 2d] [9h]
fe972f2e: checks
d3f26aee: checks
fe972f2e: shows [Ts Tc] (Pair of Jacks and Pair of Tens)
d3f26aee: shows [Kd Kh] (Pair of Kings and Pair of Jacks)
*** SHOWDOWN ***
d3f26aee collected $2.84 from pot
*** SUMMARY ***
Total pot $3.09 | Rake $0.15 | Jackpot $0.1 | Bingo $0 | Fortune $0 | Tax $0
Board [Jh Js Ah 2d 9h]
Seat 1: e915cacb (small blind) folded before Flop
Seat 2: 12c3c010 (big blind) folded before Flop
Seat 3: 4ccb71d9 folded before Flop (didn't bet)
Seat 4: fe972f2e showed [Ts Tc] and lost with Pair of Jacks and Pair of Tens
Seat 5: Hero folded before Flop (didn't bet)
Seat 6: d3f26aee (button) showed [Kd Kh] and won ($2.84) with Pair of Kings and Pair of Jacks


Poker Hand #HD1818518253: Hold'em No Limit ($0.05/$0.1) - 2024/06/16 21:42:33
Table 'NLHRed28' 6-max Seat #5 is the button
Seat 1: e915cacb ($10.45 in chips)
Seat 2: 12c3c010 ($16.94 in chips)
Seat 3: 4ccb71d9 ($11.01 in chips)
Seat 4: fe972f2e ($10.69 in chips)
Seat 5: Hero ($11.69 in chips)
Seat 6: d3f26aee ($10 in chips)
d3f26aee: posts small blind $0.05
e915cacb: posts big blind $0.1
*** HOLE CARDS ***
Dealt to e915cacb 
Dealt to 12c3c010 
Dealt to 4ccb71d9 
Dealt to fe972f2e 
Dealt to Hero [9c 5c]
Dealt to d3f26aee 
12c3c010: folds
4ccb71d9: folds
fe972f2e: folds
Hero: folds
d3f26aee: folds
Uncalled bet ($0.05) returned to e915cacb
*** SHOWDOWN ***
e915cacb collected $0.1 from pot
*** SUMMARY ***
Total pot $0.1 | Rake $0 | Jackpot $0 | Bingo $0 | Fortune $0 | Tax $0
Seat 1: e915cacb (big blind) collected ($0.1)
Seat 2: 12c3c010 folded before Flop (didn't bet)
Seat 3: 4ccb71d9 folded before Flop (didn't bet)
Seat 4: fe972f2e folded before Flop (didn't bet)
Seat 5: Hero (button) folded before Flop (didn't bet)
Seat 6: d3f26aee (small blind) folded before Flop


Poker Hand #HD1818518195: Hold'em No Limit ($0.05/$0.1) - 2024/06/16 21:41:56
Table 'NLHRed28' 6-max Seat #4 is the button
Seat 1: e915cacb ($10.45 in chips)
Seat 2: 12c3c010 ($16.94 in chips)
Seat 3: 4ccb71d9 ($11.26 in chips)
Seat 4: fe972f2e ($10.32 in chips)
Seat 5: Hero ($11.74 in chips)
Seat 6: d3f26aee ($10.03 in chips)
Hero: posts small blind $0.05
d3f26aee: posts big blind $0.1
*** HOLE CARDS ***
Dealt to e915cacb 
Dealt to 12c3c010 
Dealt to 4ccb71d9 
Dealt to fe972f2e 
Dealt to Hero [As Qs]
Dealt to d3f26aee 
e915cacb: folds
12c3c010: folds
4ccb71d9: raises $0.15 to $0.25
fe972f2e: raises $0.65 to $0.9
Hero: folds
d3f26aee: folds
4ccb71d9: folds
Uncalled bet ($0.65) returned to fe972f2e
*** SHOWDOWN ***
fe972f2e collected $0.62 from pot
*** SUMMARY ***
Total pot $0.65 | Rake $0.03 | Jackpot $0 | Bingo $0 | Fortune $0 | Tax $0
Seat 1: e915cacb folded before Flop (didn't bet)
Seat 2: 12c3c010 folded before Flop (didn't bet)
Seat 3: 4ccb71d9 folded before Flop
Seat 4: fe972f2e (button) collected ($0.62)
Seat 5: Hero (small blind) folded before Flop
Seat 6: d3f26aee (big blind) folded before Flop


Poker Hand #HD1818518159: Hold'em No Limit ($0.05/$0.1) - 2024/06/16 21:41:27
Table 'NLHRed28' 6-max Seat #3 is the button
Seat 1: e915cacb ($10.45 in chips)
Seat 2: 12c3c010 ($16.94 in chips)
Seat 3: 4ccb71d9 ($11.26 in chips)
Seat 4: fe972f2e ($10 in chips)
Seat 5: Hero ($11.84 in chips)
Seat 6: d3f26aee ($10.28 in chips)
fe972f2e: posts small blind $0.05
Hero: posts big blind $0.1
*** HOLE CARDS ***
Dealt to e915cacb 
Dealt to 12c3c010 
Dealt to 4ccb71d9 
Dealt to fe972f2e 
Dealt to Hero [4c Qh]
Dealt to d3f26aee 
d3f26aee: raises $0.15 to $0.25
e915cacb: folds
12c3c010: folds
4ccb71d9: folds
fe972f2e: raises $0.75 to $1
Hero: folds
d3f26aee: folds
Uncalled bet ($0.75) returned to fe972f2e
*** SHOWDOWN ***
fe972f2e collected $0.57 from pot
*** SUMMARY ***
Total pot $0.6 | Rake $0.03 | Jackpot $0 | Bingo $0 | Fortune $0 | Tax $0
Seat 1: e915cacb folded before Flop (didn't bet)
Seat 2: 12c3c010 folded before Flop (didn't bet)
Seat 3: 4ccb71d9 (button) folded before Flop (didn't bet)
Seat 4: fe972f2e (small blind) collected ($0.57)
Seat 5: Hero (big blind) folded before Flop
Seat 6: d3f26aee folded before Flop


Poker Hand #HD1818518075: Hold'em No Limit ($0.05/$0.1) - 2024/06/16 21:40:34
Table 'NLHRed28' 6-max Seat #2 is the button
Seat 1: e915cacb ($10.45 in chips)
Seat 2: 12c3c010 ($16.94 in chips)
Seat 3: 4ccb71d9 ($10 in chips)
Seat 4: fe972f2e ($10 in chips)
Seat 5: Hero ($11.84 in chips)
Seat 6: d3f26aee ($10.28 in chips)
4ccb71d9: posts small blind $0.05
fe972f2e: posts big blind $0.1
*** HOLE CARDS ***
Dealt to e915cacb 
Dealt to 12c3c010 
Dealt to 4ccb71d9 
Dealt to fe972f2e 
Dealt to Hero [5h 4h]
Dealt to d3f26aee 
Hero: folds
d3f26aee: folds
e915cacb: folds
12c3c010: folds
4ccb71d9: raises $0.2 to $0.3
fe972f2e: calls $0.2
*** FLOP *** [Tc Jh Kc]
4ccb71d9: checks
fe972f2e: bets $0.3
4ccb71d9: calls $0.3
*** TURN *** [Tc Jh Kc] [Td]
4ccb71d9: checks
fe972f2e: checks
*** RIVER *** [Tc Jh Kc Td] [8s]
4ccb71d9: bets $0.9
fe972f2e: calls $0.9
4ccb71d9: shows [As Ac] (Pair of Aces and Pair of Tens)
fe972f2e: shows [8d Jc] (Pair of Jacks and Pair of Tens)
*** SHOWDOWN ***
4ccb71d9 collected $2.76 from pot
*** SUMMARY ***
Total pot $3 | Rake $0.14 | Jackpot $0.1 | Bingo $0 | Fortune $0 | Tax $0
Board [Tc Jh Kc Td 8s]
Seat 1: e915cacb folded before Flop (didn't bet)
Seat 2: 12c3c010 (button) folded before Flop (didn't bet)
Seat 3: 4ccb71d9 (small blind) showed [As Ac] and won ($2.76) with Pair of Aces and Pair of Tens
Seat 4: fe972f2e (big blind) showed [8d Jc] and lost with Pair of Jacks and Pair of Tens
Seat 5: Hero folded before Flop (didn't bet)
Seat 6: d3f26aee folded before Flop (didn't bet)


Poker Hand #HD1818517966: Hold'em No Limit ($0.05/$0.1) - 2024/06/16 21:39:14
Table 'NLHRed28' 6-max Seat #1 is the button
Seat 1: e915cacb ($9.14 in chips)
Seat 2: 12c3c010 ($16.99 in chips)
Seat 3: 4ccb71d9 ($10 in chips)
Seat 4: fe972f2e ($10.15 in chips)
Seat 5: Hero ($11.84 in chips)
Seat 6: d3f26aee ($10.28 in chips)
12c3c010: posts small blind $0.05
4ccb71d9: posts big blind $0.1
*** HOLE CARDS ***
Dealt to e915cacb 
Dealt to 12c3c010 
Dealt to 4ccb71d9 
Dealt to fe972f2e 
Dealt to Hero [7h 8c]
Dealt to d3f26aee 
fe972f2e: raises $0.15 to $0.25
Hero: folds
d3f26aee: folds
e915cacb: calls $0.25
12c3c010: folds
4ccb71d9: folds
*** FLOP *** [Kd 4s Th]
fe972f2e: bets $0.22
e915cacb: calls $0.22
*** TURN *** [Kd 4s Th] [3c]
fe972f2e: bets $0.82
e915cacb: calls $0.82
*** RIVER *** [Kd 4s Th 3c] [6s]
fe972f2e: checks
e915cacb: bets $2.95
fe972f2e: folds
Uncalled bet ($2.95) returned to e915cacb
*** SHOWDOWN ***
e915cacb collected $2.6 from pot
*** SUMMARY ***
Total pot $2.73 | Rake $0.13 | Jackpot $0 | Bingo $0 | Fortune $0 | Tax $0
Board [Kd 4s Th 3c 6s]
Seat 1: e915cacb (button) won ($2.6)
Seat 2: 12c3c010 (small blind) folded before Flop
Seat 3: 4ccb71d9 (big blind) folded before Flop
Seat 4: fe972f2e folded on the River
Seat 5: Hero folded before Flop (didn't bet)
Seat 6: d3f26aee folded before Flop (didn't bet)


Poker Hand #HD1818517937: Hold'em No Limit ($0.05/$0.1) - 2024/06/16 21:38:59
Table 'NLHRed28' 6-max Seat #6 is the button
Seat 1: e915cacb ($9.19 in chips)
Seat 2: 12c3c010 ($17.09 in chips)
Seat 3: 4ccb71d9 ($10 in chips)
Seat 4: fe972f2e ($10.15 in chips)
Seat 5: Hero ($11.84 in chips)
Seat 6: d3f26aee ($10.13 in chips)
e915cacb: posts small blind $0.05
12c3c010: posts big blind $0.1
*** HOLE CARDS ***
Dealt to e915cacb 
Dealt to 12c3c010 
Dealt to 4ccb71d9 
Dealt to fe972f2e 
Dealt to Hero [3d 9h]
Dealt to d3f26aee 
4ccb71d9: folds
fe972f2e: folds
Hero: folds
d3f26aee: raises $0.15 to $0.25
e915cacb: folds
12c3c010: folds
Uncalled bet ($0.15) returned to d3f26aee
*** SHOWDOWN ***
d3f26aee collected $0.25 from pot
*** SUMMARY ***
Total pot $0.25 | Rake $0 | Jackpot $0 | Bingo $0 | Fortune $0 | Tax $0
Seat 1: e915cacb (small blind) folded before Flop
Seat 2: 12c3c010 (big blind) folded before Flop
Seat 3: 4ccb71d9 folded before Flop (didn't bet)
Seat 4: fe972f2e folded before Flop (didn't bet)
Seat 5: Hero folded before Flop (didn't bet)
Seat 6: d3f26aee (button) collected ($0.25)


Poker Hand #HD1818517811: Hold'em No Limit ($0.05/$0.1) - 2024/06/16 21:37:47
Table 'NLHRed28' 6-max Seat #5 is the button
Seat 1: e915cacb ($10.56 in chips)
Seat 3: 4ccb71d9 ($10 in chips)
Seat 4: fe972f2e ($10.15 in chips)
Seat 5: Hero ($10.56 in chips)
Seat 6: d3f26aee ($10.18 in chips)
d3f26aee: posts small blind $0.05
e915cacb: posts big blind $0.1
*** HOLE CARDS ***
Dealt to e915cacb 
Dealt to 4ccb71d9 
Dealt to fe972f2e 
Dealt to Hero [9c Qc]
Dealt to d3f26aee 
4ccb71d9: folds
fe972f2e: folds
Hero: raises $0.14 to $0.24
d3f26aee: folds
e915cacb: calls $0.14
*** FLOP *** [Th 7c 8d]
e915cacb: checks
Hero: bets $0.2
e915cacb: calls $0.2
*** TURN *** [Th 7c 8d] [5h]
e915cacb: checks
Hero: checks
*** RIVER *** [Th 7c 8d 5h] [Js]
e915cacb: bets $0.93
Hero: raises $9.19 to $10.12 and is all-in
e915cacb: folds
Uncalled bet ($9.19) returned to Hero
*** SHOWDOWN ***
Hero collected $2.65 from pot
*** SUMMARY ***
Total pot $2.79 | Rake $0.14 | Jackpot $0 | Bingo $0 | Fortune $0 | Tax $0
Board [Th 7c 8d 5h Js]
Seat 1: e915cacb (big blind) folded on the River
Seat 3: 4ccb71d9 folded before Flop (didn't bet)
Seat 4: fe972f2e folded before Flop (didn't bet)
Seat 5: Hero (button) won ($2.65)
Seat 6: d3f26aee (small blind) folded before Flop


Poker Hand #HD1818517798: Hold'em No Limit ($0.05/$0.1) - 2024/06/16 21:37:38
Table 'NLHRed28' 6-max Seat #4 is the button
Seat 1: e915cacb ($10.56 in chips)
Seat 3: 4ccb71d9 ($10 in chips)
Seat 4: fe972f2e ($10.15 in chips)
Seat 5: Hero ($10.61 in chips)
Seat 6: d3f26aee ($10.13 in chips)
Hero: posts small blind $0.05
d3f26aee: posts big blind $0.1
*** HOLE CARDS ***
Dealt to e915cacb 
Dealt to 4ccb71d9 
Dealt to fe972f2e 
Dealt to Hero [3s Ks]
Dealt to d3f26aee 
e915cacb: folds
4ccb71d9: folds
fe972f2e: folds
Hero: folds
Uncalled bet ($0.05) returned to d3f26aee
*** SHOWDOWN ***
d3f26aee collected $0.1 from pot
*** SUMMARY ***
Total pot $0.1 | Rake $0 | Jackpot $0 | Bingo $0 | Fortune $0 | Tax $0
Seat 1: e915cacb folded before Flop (didn't bet)
Seat 3: 4ccb71d9 folded before Flop (didn't bet)
Seat 4: fe972f2e (button) folded before Flop (didn't bet)
Seat 5: Hero (small blind) folded before Flop
Seat 6: d3f26aee (big blind) collected ($0.1)


Poker Hand #HD1818517706: Hold'em No Limit ($0.05/$0.1) - 2024/06/16 21:36:39
Table 'NLHRed28' 6-max Seat #3 is the button
Seat 1: e915cacb ($10.56 in chips)
Seat 3: 4ccb71d9 ($10 in chips)
Seat 4: fe972f2e ($10.2 in chips)
Seat 5: Hero ($10.6 in chips)
Seat 6: d3f26aee ($10.13 in chips)
fe972f2e: posts small blind $0.05
Hero: posts big blind $0.1
*** HOLE CARDS ***
Dealt to e915cacb 
Dealt to 4ccb71d9 
Dealt to fe972f2e 
Dealt to Hero [Qc 5c]
Dealt to d3f26aee 
d3f26aee: folds
e915cacb: folds
4ccb71d9: raises $0.15 to $0.25
fe972f2e: folds
Hero: calls $0.15
*** FLOP *** [3s Qs Js]
Hero: checks
4ccb71d9: checks
*** TURN *** [3s Qs Js] [7c]
Hero: bets $0.3
4ccb71d9: calls $0.3
*** RIVER *** [3s Qs Js 7c] [Kh]
Hero: checks
4ccb71d9: checks
Hero: shows [Qc 5c] (Pair of Queens)
4ccb71d9: shows [Qd 5d] (Pair of Queens)
*** SHOWDOWN ***
Hero collected $0.56 from pot
4ccb71d9 collected $0.55 from pot
*** SUMMARY ***
Total pot $1.15 | Rake $0.04 | Jackpot $0 | Bingo $0 | Fortune $0 | Tax $0
Board [3s Qs Js 7c Kh]
Seat 1: e915cacb folded before Flop (didn't bet)
Seat 3: 4ccb71d9 (button) showed [Qd 5d] and won ($0.55) with Pair of Queens
Seat 4: fe972f2e (small blind) folded before Flop
Seat 5: Hero (big blind) showed [Qc 5c] and won ($0.56) with Pair of Queens
Seat 6: d3f26aee folded before Flop (didn't bet)


Poker Hand #HD1818517686: Hold'em No Limit ($0.05/$0.1) - 2024/06/16 21:36:23
Table 'NLHRed28' 6-max Seat #1 is the button
Seat 1: e915cacb ($10.56 in chips)
Seat 3: 4ccb71d9 ($10 in chips)
Seat 4: fe972f2e ($10.3 in chips)
Seat 5: Hero ($10.45 in chips)
Seat 6: d3f26aee ($10.13 in chips)
4ccb71d9: posts small blind $0.05
fe972f2e: posts big blind $0.1
*** HOLE CARDS ***
Dealt to e915cacb 
Dealt to 4ccb71d9 
Dealt to fe972f2e 
Dealt to Hero [Ac Qd]
Dealt to d3f26aee 
Hero: raises $0.1 to $0.2
d3f26aee: folds
e915cacb: folds
4ccb71d9: folds
fe972f2e: folds
Uncalled bet ($0.1) returned to Hero
*** SHOWDOWN ***
Hero collected $0.25 from pot
*** SUMMARY ***
Total pot $0.25 | Rake $0 | Jackpot $0 | Bingo $0 | Fortune $0 | Tax $0
Seat 1: e915cacb (button) folded before Flop (didn't bet)
Seat 3: 4ccb71d9 (small blind) folded before Flop
Seat 4: fe972f2e (big blind) folded before Flop
Seat 5: Hero collected ($0.25)
Seat 6: d3f26aee folded before Flop (didn't bet)


Poker Hand #HD1818517650: Hold'em No Limit ($0.05/$0.1) - 2024/06/16 21:36:06
Table 'NLHRed28' 6-max Seat #6 is the button
Seat 1: e915cacb ($10.61 in chips)
Seat 3: 4ccb71d9 ($10 in chips)
Seat 4: fe972f2e ($10.15 in chips)
Seat 5: Hero ($10.45 in chips)
Seat 6: d3f26aee ($10.13 in chips)
e915cacb: posts small blind $0.05
4ccb71d9: posts big blind $0.1
*** HOLE CARDS ***
Dealt to e915cacb 
Dealt to 4ccb71d9 
Dealt to fe972f2e 
Dealt to Hero [2d 9d]
Dealt to d3f26aee 
fe972f2e: raises $0.15 to $0.25
Hero: folds
d3f26aee: folds
e915cacb: folds
4ccb71d9: folds
Uncalled bet ($0.15) returned to fe972f2e
*** SHOWDOWN ***
fe972f2e collected $0.25 from pot
*** SUMMARY ***
Total pot $0.25 | Rake $0 | Jackpot $0 | Bingo $0 | Fortune $0 | Tax $0
Seat 1: e915cacb (small blind) folded before Flop
Seat 3: 4ccb71d9 (big blind) folded before Flop
Seat 4: fe972f2e collected ($0.25)
Seat 5: Hero folded before Flop (didn't bet)
Seat 6: d3f26aee (button) folded before Flop (didn't bet)


Poker Hand #HD1818517520: Hold'em No Limit ($0.05/$0.1) - 2024/06/16 21:34:55
Table 'NLHRed28' 6-max Seat #5 is the button
Seat 1: e915cacb ($11.05 in chips)
Seat 3: 4ccb71d9 ($10 in chips)
Seat 4: fe972f2e ($10.15 in chips)
Seat 5: Hero ($10 in chips)
Seat 6: d3f26aee ($10.18 in chips)
d3f26aee: posts small blind $0.05
e915cacb: posts big blind $0.1
*** HOLE CARDS ***
Dealt to e915cacb 
Dealt to 4ccb71d9 
Dealt to fe972f2e 
Dealt to Hero [5c Kc]
Dealt to d3f26aee 
4ccb71d9: folds
fe972f2e: folds
Hero: raises $0.14 to $0.24
d3f26aee: folds
e915cacb: calls $0.14
*** FLOP *** [4d 8s As]
e915cacb: checks
Hero: checks
*** TURN *** [4d 8s As] [Jd]
e915cacb: checks
Hero: bets $0.2
e915cacb: calls $0.2
*** RIVER *** [4d 8s As Jd] [3s]
e915cacb: checks
Hero: checks
e915cacb: shows [9c 7d] (Ace-High)
Hero: shows [5c Kc] (Ace-High)
*** SHOWDOWN ***
Hero collected $0.89 from pot
*** SUMMARY ***
Total pot $0.93 | Rake $0.04 | Jackpot $0 | Bingo $0 | Fortune $0 | Tax $0
Board [4d 8s As Jd 3s]
Seat 1: e915cacb (big blind) showed [9c 7d] and lost with Ace-High
Seat 3: 4ccb71d9 folded before Flop (didn't bet)
Seat 4: fe972f2e folded before Flop (didn't bet)
Seat 5: Hero (button) showed [5c Kc] and won ($0.89) with Ace-High
Seat 6: d3f26aee (small blind) folded before Flop


Poker Hand #HD1818517477: Hold'em No Limit ($0.05/$0.1) - 2024/06/16 21:34:33
Table 'NLHRed28' 6-max Seat #4 is the button
Seat 1: e915cacb ($11.05 in chips)
Seat 3: 4ccb71d9 ($10 in chips)
Seat 4: fe972f2e ($10 in chips)
Seat 5: Hero ($10 in chips)
Seat 6: d3f26aee ($10.28 in chips)
Hero: posts small blind $0.05
d3f26aee: posts big blind $0.1
*** HOLE CARDS ***
Dealt to e915cacb 
Dealt to 4ccb71d9 
Dealt to fe972f2e 
Dealt to Hero [8h 3s]
Dealt to d3f26aee 
e915cacb: folds
4ccb71d9: folds
fe972f2e: raises $0.15 to $0.25
Hero: folds
d3f26aee: folds
Uncalled bet ($0.15) returned to fe972f2e
*** SHOWDOWN ***
fe972f2e collected $0.25 from pot
*** SUMMARY ***
Total pot $0.25 | Rake $0 | Jackpot $0 | Bingo $0 | Fortune $0 | Tax $0
Seat 1: e915cacb folded before Flop (didn't bet)
Seat 3: 4ccb71d9 folded before Flop (didn't bet)
Seat 4: fe972f2e (button) collected ($0.25)
Seat 5: Hero (small blind) folded before Flop
Seat 6: d3f26aee (big blind) folded before Flop


Poker Hand #HD1818517418: Hold'em No Limit ($0.05/$0.1) - 2024/06/16 21:33:59
Table 'NLHRed28' 6-max Seat #3 is the button
Seat 1: e915cacb ($11.05 in chips)
Seat 3: 4ccb71d9 ($10 in chips)
Seat 4: fe972f2e ($10 in chips)
Seat 5: Hero ($10 in chips)
Seat 6: d3f26aee ($10 in chips)
fe972f2e: posts small blind $0.05
Hero: posts big blind $0.1
*** HOLE CARDS ***
Dealt to e915cacb 
Dealt to 4ccb71d9 
Dealt to fe972f2e 
Dealt to Hero [Tc 7c]
Dealt to d3f26aee 
d3f26aee: raises $0.15 to $0.25
e915cacb: folds
4ccb71d9: folds
fe972f2e: folds
Hero: calls $0.15
*** FLOP *** [4s Js Kh]
Hero: checks
d3f26aee: bets $0.42
Hero: folds
Uncalled bet ($0.42) returned to d3f26aee
*** SHOWDOWN ***
d3f26aee collected $0.53 from pot
*** SUMMARY ***
Total pot $0.55 | Rake $0.02 | Jackpot $0 | Bingo $0 | Fortune $0 | Tax $0
Board [4s Js Kh]
Seat 1: e915cacb folded before Flop (didn't bet)
Seat 3: 4ccb71d9 (button) folded before Flop (didn't bet)
Seat 4: fe972f2e (small blind) folded before Flop
Seat 5: Hero (big blind) folded on the Flop
Seat 6: d3f26aee won ($0.53)


Poker Hand #HD1818517234: Hold'em No Limit ($0.05/$0.1) - 2024/06/16 21:32:14
Table 'NLHRed28' 6-max Seat #1 is the button
Seat 1: e915cacb ($9.48 in chips)
Seat 3: 4ccb71d9 ($10 in chips)
Seat 4: fe972f2e ($11.4 in chips)
Seat 5: Hero ($10 in chips)
Seat 6: d3f26aee ($10 in chips)
4ccb71d9: posts small blind $0.05
fe972f2e: posts big blind $0.1
*** HOLE CARDS ***
Dealt to e915cacb 
Dealt to 4ccb71d9 
Dealt to fe972f2e 
Dealt to Hero [Kd Td]
Dealt to d3f26aee 
Hero: raises $0.1 to $0.2
d3f26aee: folds
e915cacb: calls $0.2
4ccb71d9: folds
fe972f2e: raises $0.7 to $0.9
Hero: folds
e915cacb: calls $0.7
*** FLOP *** [Jh 8d Kh]
fe972f2e: bets $0.68
e915cacb: calls $0.68
*** TURN *** [Jh 8d Kh] [Kc]
fe972f2e: checks
e915cacb: checks
*** RIVER *** [Jh 8d Kh Kc] [Ks]
fe972f2e: checks
e915cacb: bets $2.26
fe972f2e: folds
Uncalled bet ($2.26) returned to e915cacb
*** SHOWDOWN ***
e915cacb collected $3.15 from pot
*** SUMMARY ***
Total pot $3.41 | Rake $0.16 | Jackpot $0.1 | Bingo $0 | Fortune $0 | Tax $0
Board [Jh 8d Kh Kc Ks]
Seat 1: e915cacb (button) won ($3.15)
Seat 3: 4ccb71d9 (small blind) folded before Flop
Seat 4: fe972f2e (big blind) folded on the River
Seat 5: Hero folded before Flop
Seat 6: d3f26aee folded before Flop (didn't bet)


Poker Hand #HD1818517131: Hold'em No Limit ($0.05/$0.1) - 2024/06/16 21:31:20
Table 'NLHRed28' 6-max Seat #6 is the button
Seat 1: e915cacb ($9.53 in chips)
Seat 3: 4ccb71d9 ($10.15 in chips)
Seat 4: fe972f2e ($10.85 in chips)
Seat 5: Hero ($10 in chips)
Seat 6: d3f26aee ($10 in chips)
e915cacb: posts small blind $0.05
4ccb71d9: posts big blind $0.1
*** HOLE CARDS ***
Dealt to e915cacb 
Dealt to 4ccb71d9 
Dealt to fe972f2e 
Dealt to Hero [8c 7c]
Dealt to d3f26aee 
fe972f2e: raises $0.15 to $0.25
Hero: folds
d3f26aee: folds
e915cacb: folds
4ccb71d9: calls $0.15
*** FLOP *** [As 3s Kd]
4ccb71d9: checks
fe972f2e: bets $0.3
4ccb71d9: calls $0.3
*** TURN *** [As 3s Kd] [7d]
4ccb71d9: checks
fe972f2e: bets $0.7
4ccb71d9: folds
Uncalled bet ($0.7) returned to fe972f2e
*** SHOWDOWN ***
fe972f2e collected $1.1 from pot
*** SUMMARY ***
Total pot $1.15 | Rake $0.05 | Jackpot $0 | Bingo $0 | Fortune $0 | Tax $0
Board [As 3s Kd 7d]
Seat 1: e915cacb (small blind) folded before Flop
Seat 3: 4ccb71d9 (big blind) folded on the Turn
Seat 4: fe972f2e won ($1.1)
Seat 5: Hero folded before Flop (didn't bet)
Seat 6: d3f26aee (button) folded before Flop (didn't bet)


Poker Hand #HD1818517118: Hold'em No Limit ($0.05/$0.1) - 2024/06/16 21:31:09
Table 'NLHRed28' 6-max Seat #5 is the button
Seat 1: e915cacb ($9.48 in chips)
Seat 3: 4ccb71d9 ($10.15 in chips)
Seat 4: fe972f2e ($10.85 in chips)
Seat 5: Hero ($10 in chips)
Seat 6: d3f26aee ($10 in chips)
d3f26aee: posts small blind $0.05
e915cacb: posts big blind $0.1
*** HOLE CARDS ***
Dealt to e915cacb 
Dealt to 4ccb71d9 
Dealt to fe972f2e 
Dealt to Hero [Js 7h]
Dealt to d3f26aee 
4ccb71d9: folds
fe972f2e: folds
Hero: folds
d3f26aee: folds
Uncalled bet ($0.05) returned to e915cacb
*** SHOWDOWN ***
e915cacb collected $0.1 from pot
*** SUMMARY ***
Total pot $0.1 | Rake $0 | Jackpot $0 | Bingo $0 | Fortune $0 | Tax $0
Seat 1: e915cacb (big blind) collected ($0.1)
Seat 3: 4ccb71d9 folded before Flop (didn't bet)
Seat 4: fe972f2e folded before Flop (didn't bet)
Seat 5: Hero (button) folded before Flop (didn't bet)
Seat 6: d3f26aee (small blind) folded before Flop


Poker Hand #HD1818517081: Hold'em No Limit ($0.05/$0.1) - 2024/06/16 21:30:51
Table 'NLHRed28' 6-max Seat #4 is the button
Seat 1: e915cacb ($9.33 in chips)
Seat 3: 4ccb71d9 ($10.15 in chips)
Seat 4: fe972f2e ($10.85 in chips)
Seat 5: Hero ($10 in chips)
Seat 6: d3f26aee ($10 in chips)
Hero: posts small blind $0.05
d3f26aee: posts big blind $0.1
*** HOLE CARDS ***
Dealt to e915cacb 
Dealt to 4ccb71d9 
Dealt to fe972f2e 
Dealt to Hero [8c Qh]
Dealt to d3f26aee 
e915cacb: raises $0.15 to $0.25
4ccb71d9: folds
fe972f2e: folds
Hero: folds
d3f26aee: folds
Uncalled bet ($0.15) returned to e915cacb
*** SHOWDOWN ***
e915cacb collected $0.25 from pot
*** SUMMARY ***
Total pot $0.25 | Rake $0 | Jackpot $0 | Bingo $0 | Fortune $0 | Tax $0
Seat 1: e915cacb collected ($0.25)
Seat 3: 4ccb71d9 folded before Flop (didn't bet)
Seat 4: fe972f2e (button) folded before Flop (didn't bet)
Seat 5: Hero (small blind) folded before Flop
Seat 6: d3f26aee (big blind) folded before Flop


Poker Hand #HD1818517058: Hold'em No Limit ($0.05/$0.1) - 2024/06/16 21:30:40
Table 'NLHRed28' 6-max Seat #3 is the button
Seat 1: e915cacb ($9.33 in chips)
Seat 3: 4ccb71d9 ($10 in chips)
Seat 4: fe972f2e ($10.9 in chips)
Seat 5: Hero ($10 in chips)
fe972f2e: posts small blind $0.05
Hero: posts big blind $0.1
*** HOLE CARDS ***
Dealt to e915cacb 
Dealt to 4ccb71d9 
Dealt to fe972f2e 
Dealt to Hero [5c 8d]
e915cacb: folds
4ccb71d9: raises $0.15 to $0.25
fe972f2e: folds
Hero: folds
Uncalled bet ($0.15) returned to 4ccb71d9
*** SHOWDOWN ***
4ccb71d9 collected $0.25 from pot
*** SUMMARY ***
Total pot $0.25 | Rake $0 | Jackpot $0 | Bingo $0 | Fortune $0 | Tax $0
Seat 1: e915cacb folded before Flop (didn't bet)
Seat 3: 4ccb71d9 (button) collected ($0.25)
Seat 4: fe972f2e (small blind) folded before Flop
Seat 5: Hero (big blind) folded before Flop


Poker Hand #HD1818516933: Hold'em No Limit ($0.05/$0.1) - 2024/06/16 21:29:24
Table 'NLHRed28' 6-max Seat #2 is the button
Seat 1: e915cacb ($9.77 in chips)
Seat 2: 12c3c010 ($17.09 in chips)
Seat 3: 4ccb71d9 ($10 in chips)
Seat 4: fe972f2e ($10.45 in chips)
Seat 5: Hero ($10 in chips)
4ccb71d9: posts small blind $0.05
fe972f2e: posts big blind $0.1
*** HOLE CARDS ***
Dealt to e915cacb 
Dealt to 12c3c010 
Dealt to 4ccb71d9 
Dealt to fe972f2e 
Dealt to Hero [Jd Qc]
Hero: folds
e915cacb: raises $0.15 to $0.25
12c3c010: folds
4ccb71d9: folds
fe972f2e: calls $0.15
*** FLOP *** [Ah 2s 6h]
fe972f2e: checks
e915cacb: checks
*** TURN *** [Ah 2s 6h] [Qd]
fe972f2e: checks
e915cacb: bets $0.19
fe972f2e: calls $0.19
*** RIVER *** [Ah 2s 6h Qd] [Kc]
fe972f2e: checks
e915cacb: checks
fe972f2e: shows [Ad 9h] (Pair of Aces)
e915cacb: shows [4c 4h] (Pair of Fours)
*** SHOWDOWN ***
fe972f2e collected $0.89 from pot
*** SUMMARY ***
Total pot $0.93 | Rake $0.04 | Jackpot $0 | Bingo $0 | Fortune $0 | Tax $0
Board [Ah 2s 6h Qd Kc]
Seat 1: e915cacb showed [4c 4h] and lost with Pair of Fours
Seat 2: 12c3c010 (button) folded before Flop (didn't bet)
Seat 3: 4ccb71d9 (small blind) folded before Flop
Seat 4: fe972f2e (big blind) showed [Ad 9h] and won ($0.89) with Pair of Aces
Seat 5: Hero folded before Flop (didn't bet)


Poker Hand #HD1818516871: Hold'em No Limit ($0.05/$0.1) - 2024/06/16 21:28:47
Table 'NLHRed28' 6-max Seat #1 is the button
Seat 1: e915cacb ($9.49 in chips)
Seat 2: 12c3c010 ($17.14 in chips)
Seat 3: 4ccb71d9 ($10.15 in chips)
Seat 4: fe972f2e ($10.45 in chips)
Seat 5: Hero ($10 in chips)
12c3c010: posts small blind $0.05
4ccb71d9: posts big blind $0.1
*** HOLE CARDS ***
Dealt to e915cacb 
Dealt to 12c3c010 
Dealt to 4ccb71d9 
Dealt to fe972f2e 
Dealt to Hero [Tc Kh]
fe972f2e: folds
Hero: folds
e915cacb: raises $0.15 to $0.25
12c3c010: folds
4ccb71d9: calls $0.15
*** FLOP *** [Qd 7c Td]
4ccb71d9: checks
e915cacb: bets $0.19
4ccb71d9: folds
Uncalled bet ($0.19) returned to e915cacb
*** SHOWDOWN ***
e915cacb collected $0.53 from pot
*** SUMMARY ***
Total pot $0.55 | Rake $0.02 | Jackpot $0 | Bingo $0 | Fortune $0 | Tax $0
Board [Qd 7c Td]
Seat 1: e915cacb (button) won ($0.53)
Seat 2: 12c3c010 (small blind) folded before Flop
Seat 3: 4ccb71d9 (big blind) folded on the Flop
Seat 4: fe972f2e folded before Flop (didn't bet)
Seat 5: Hero folded before Flop (didn't bet)


Poker Hand #HD1818516837: Hold'em No Limit ($0.05/$0.1) - 2024/06/16 21:28:29
Table 'NLHRed28' 6-max Seat #6 is the button
Seat 1: e915cacb ($9.54 in chips)
Seat 2: 12c3c010 ($17.24 in chips)
Seat 3: 4ccb71d9 ($10 in chips)
Seat 4: fe972f2e ($10.45 in chips)
Seat 5: Hero ($10 in chips)
Seat 6: 3854a56a ($20.43 in chips)
e915cacb: posts small blind $0.05
12c3c010: posts big blind $0.1
*** HOLE CARDS ***
Dealt to e915cacb 
Dealt to 12c3c010 
Dealt to 4ccb71d9 
Dealt to fe972f2e 
Dealt to Hero [7s 9s]
Dealt to 3854a56a 
4ccb71d9: raises $0.15 to $0.25
fe972f2e: folds
Hero: folds
3854a56a: folds
e915cacb: folds
12c3c010: folds
Uncalled bet ($0.15) returned to 4ccb71d9
*** SHOWDOWN ***
4ccb71d9 collected $0.25 from pot
*** SUMMARY ***
Total pot $0.25 | Rake $0 | Jackpot $0 | Bingo $0 | Fortune $0 | Tax $0
Seat 1: e915cacb (small blind) folded before Flop
Seat 2: 12c3c010 (big blind) folded before Flop
Seat 3: 4ccb71d9 collected ($0.25)
Seat 4: fe972f2e folded before Flop (didn't bet)
Seat 5: Hero folded before Flop (didn't bet)
Seat 6: 3854a56a (button) folded before Flop (didn't bet)


Poker Hand #HD1818516826: Hold'em No Limit ($0.05/$0.1) - 2024/06/16 21:28:18
Table 'NLHRed28' 6-max Seat #5 is the button
Seat 1: e915cacb ($9.49 in chips)
Seat 2: 12c3c010 ($17.24 in chips)
Seat 3: 4ccb71d9 ($10 in chips)
Seat 4: fe972f2e ($10.45 in chips)
Seat 5: Hero ($10 in chips)
Seat 6: 3854a56a ($20.48 in chips)
3854a56a: posts small blind $0.05
e915cacb: posts big blind $0.1
*** HOLE CARDS ***
Dealt to e915cacb 
Dealt to 12c3c010 
Dealt to 4ccb71d9 
Dealt to fe972f2e 
Dealt to Hero [3h Ks]
Dealt to 3854a56a 
12c3c010: folds
4ccb71d9: folds
fe972f2e: folds
Hero: folds
3854a56a: folds
Uncalled bet ($0.05) returned to e915cacb
*** SHOWDOWN ***
e915cacb collected $0.1 from pot
*** SUMMARY ***
Total pot $0.1 | Rake $0 | Jackpot $0 | Bingo $0 | Fortune $0 | Tax $0
Seat 1: e915cacb (big blind) collected ($0.1)
Seat 2: 12c3c010 folded before Flop (didn't bet)
Seat 3: 4ccb71d9 folded before Flop (didn't bet)
Seat 4: fe972f2e folded before Flop (didn't bet)
Seat 5: Hero (button) folded before Flop (didn't bet)
Seat 6: 3854a56a (small blind) folded before Flop


Poker Hand #HD1818516728: Hold'em No Limit ($0.05/$0.1) - 2024/06/16 21:27:14
Table 'NLHRed28' 6-max Seat #4 is the button
Seat 1: e915cacb ($9.49 in chips)
Seat 2: 12c3c010 ($17.24 in chips)
Seat 3: 4ccb71d9 ($10 in chips)
Seat 4: fe972f2e ($10 in chips)
Seat 5: Hero ($10 in chips)
Seat 6: 3854a56a ($20.92 in chips)
Hero: posts small blind $0.05
3854a56a: posts big blind $0.1
*** HOLE CARDS ***
Dealt to e915cacb 
Dealt to 12c3c010 
Dealt to 4ccb71d9 
Dealt to fe972f2e 
Dealt to Hero [Kh 3d]
Dealt to 3854a56a 
e915cacb: folds
12c3c010: folds
4ccb71d9: folds
fe972f2e: raises $0.15 to $0.25
Hero: folds
3854a56a: calls $0.15
*** FLOP *** [Td 4h 3h]
3854a56a: checks
fe972f2e: bets $0.19
3854a56a: calls $0.19
*** TURN *** [Td 4h 3h] [Ts]
3854a56a: checks
fe972f2e: checks
*** RIVER *** [Td 4h 3h Ts] [9c]
3854a56a: checks
fe972f2e: bets $0.31
3854a56a: folds
Uncalled bet ($0.31) returned to fe972f2e
*** SHOWDOWN ***
fe972f2e collected $0.89 from pot
*** SUMMARY ***
Total pot $0.93 | Rake $0.04 | Jackpot $0 | Bingo $0 | Fortune $0 | Tax $0
Board [Td 4h 3h Ts 9c]
Seat 1: e915cacb folded before Flop (didn't bet)
Seat 2: 12c3c010 folded before Flop (didn't bet)
Seat 3: 4ccb71d9 folded before Flop (didn't bet)
Seat 4: fe972f2e (button) won ($0.89)
Seat 5: Hero (small blind) folded before Flop
Seat 6: 3854a56a (big blind) folded on the River


Poker Hand #HD1818516528: Hold'em No Limit ($0.05/$0.1) - 2024/06/16 21:25:09
Table 'NLHRed28' 6-max Seat #3 is the button
Seat 1: e915cacb ($9.49 in chips)
Seat 2: 12c3c010 ($17.24 in chips)
Seat 3: 4ccb71d9 ($10 in chips)
Seat 4: fe972f2e ($10 in chips)
Seat 5: Hero ($10.15 in chips)
Seat 6: 3854a56a ($11.82 in chips)
fe972f2e: posts small blind $0.05
Hero: posts big blind $0.1
*** HOLE CARDS ***
Dealt to e915cacb 
Dealt to 12c3c010 
Dealt to 4ccb71d9 
Dealt to fe972f2e 
Dealt to Hero [Ac Th]
Dealt to 3854a56a 
3854a56a: raises $0.15 to $0.25
e915cacb: folds
12c3c010: folds
4ccb71d9: folds
fe972f2e: folds
Hero: calls $0.15
*** FLOP *** [Kh Ts Td]
Hero: checks
3854a56a: checks
*** TURN *** [Kh Ts Td] [7h]
Hero: bets $0.37
3854a56a: calls $0.37
*** RIVER *** [Kh Ts Td 7h] [2d]
Hero: checks
3854a56a: bets $0.97
Hero: raises $2.14 to $3.11
3854a56a: raises $8.09 to $11.2 and is all-in
Hero: calls $6.42 and is all-in
Uncalled bet ($1.67) returned to 3854a56a
3854a56a: shows [Kd Ks] (Kings Full over Tens)
Hero: shows [Ac Th] (Three Tens)
*** SHOWDOWN ***
3854a56a collected $19.25 from pot
*** SUMMARY ***
Total pot $20.35 | Rake $1 | Jackpot $0.1 | Bingo $0 | Fortune $0 | Tax $0
Board [Kh Ts Td 7h 2d]
Seat 1: e915cacb folded before Flop (didn't bet)
Seat 2: 12c3c010 folded before Flop (didn't bet)
Seat 3: 4ccb71d9 (button) folded before Flop (didn't bet)
Seat 4: fe972f2e (small blind) folded before Flop
Seat 5: Hero (big blind) showed [Ac Th] and lost with Three Tens
Seat 6: 3854a56a showed [Kd Ks] and won ($19.25) with Kings Full over Tens


Poker Hand #HD1818516499: Hold'em No Limit ($0.05/$0.1) - 2024/06/16 21:24:50
Table 'NLHRed28' 6-max Seat #2 is the button
Seat 1: e915cacb ($9.49 in chips)
Seat 2: 12c3c010 ($17.24 in chips)
Seat 3: 4ccb71d9 ($10 in chips)
Seat 4: fe972f2e ($10 in chips)
Seat 5: Hero ($10 in chips)
Seat 6: 3854a56a ($11.82 in chips)
4ccb71d9: posts small blind $0.05
fe972f2e: posts big blind $0.1
*** HOLE CARDS ***
Dealt to e915cacb 
Dealt to 12c3c010 
Dealt to 4ccb71d9 
Dealt to fe972f2e 
Dealt to Hero [Th Td]
Dealt to 3854a56a 
Hero: raises $0.1 to $0.2
3854a56a: folds
e915cacb: folds
12c3c010: folds
4ccb71d9: folds
fe972f2e: folds
Uncalled bet ($0.1) returned to Hero
*** SHOWDOWN ***
Hero collected $0.25 from pot
*** SUMMARY ***
Total pot $0.25 | Rake $0 | Jackpot $0 | Bingo $0 | Fortune $0 | Tax $0
Seat 1: e915cacb folded before Flop (didn't bet)
Seat 2: 12c3c010 (button) folded before Flop (didn't bet)
Seat 3: 4ccb71d9 (small blind) folded before Flop
Seat 4: fe972f2e (big blind) folded before Flop
Seat 5: Hero collected ($0.25)
Seat 6: 3854a56a folded before Flop (didn't bet)


Poker Hand #HD1818516476: Hold'em No Limit ($0.05/$0.1) - 2024/06/16 21:24:38
Table 'NLHRed28' 6-max Seat #1 is the button
Seat 1: e915cacb ($9.34 in chips)
Seat 2: 12c3c010 ($17.29 in chips)
Seat 3: 4ccb71d9 ($10 in chips)
Seat 5: Hero ($10 in chips)
Seat 6: 3854a56a ($11.82 in chips)
12c3c010: posts small blind $0.05
4ccb71d9: posts big blind $0.1
*** HOLE CARDS ***
Dealt to e915cacb 
Dealt to 12c3c010 
Dealt to 4ccb71d9 
Dealt to Hero [3c Ad]
Dealt to 3854a56a 
Hero: folds
3854a56a: folds
e915cacb: raises $0.15 to $0.25
12c3c010: folds
4ccb71d9: folds
Uncalled bet ($0.15) returned to e915cacb
*** SHOWDOWN ***
e915cacb collected $0.25 from pot
*** SUMMARY ***
Total pot $0.25 | Rake $0 | Jackpot $0 | Bingo $0 | Fortune $0 | Tax $0
Seat 1: e915cacb (button) collected ($0.25)
Seat 2: 12c3c010 (small blind) folded before Flop
Seat 3: 4ccb71d9 (big blind) folded before Flop
Seat 5: Hero folded before Flop (didn't bet)
Seat 6: 3854a56a folded before Flop (didn't bet)


Poker Hand #HD1818516408: Hold'em No Limit ($0.05/$0.1) - 2024/06/16 21:23:51
Table 'NLHRed28' 6-max Seat #6 is the button
Seat 1: e915cacb ($9.02 in chips)
Seat 2: 12c3c010 ($17.39 in chips)
Seat 3: 4ccb71d9 ($10 in chips)
Seat 5: Hero ($10 in chips)
Seat 6: 3854a56a ($11.82 in chips)
e915cacb: posts small blind $0.05
12c3c010: posts big blind $0.1
*** HOLE CARDS ***
Dealt to e915cacb 
Dealt to 12c3c010 
Dealt to 4ccb71d9 
Dealt to Hero [Js Ts]
Dealt to 3854a56a 
4ccb71d9: folds
Hero: raises $0.14 to $0.24
3854a56a: folds
e915cacb: calls $0.19
12c3c010: folds
*** FLOP *** [Kc 3s 4d]
e915cacb: checks
Hero: checks
*** TURN *** [Kc 3s 4d] [2d]
e915cacb: bets $0.2
Hero: folds
Uncalled bet ($0.2) returned to e915cacb
*** SHOWDOWN ***
e915cacb collected $0.56 from pot
*** SUMMARY ***
Total pot $0.58 | Rake $0.02 | Jackpot $0 | Bingo $0 | Fortune $0 | Tax $0
Board [Kc 3s 4d 2d]
Seat 1: e915cacb (small blind) won ($0.56)
Seat 2: 12c3c010 (big blind) folded before Flop
Seat 3: 4ccb71d9 folded before Flop (didn't bet)
Seat 5: Hero folded on the Turn
Seat 6: 3854a56a (button) folded before Flop (didn't bet)


Poker Hand #HD1818516331: Hold'em No Limit ($0.05/$0.1) - 2024/06/16 21:23:00
Table 'NLHRed28' 6-max Seat #5 is the button
Seat 1: e915cacb ($8.29 in chips)
Seat 3: 4ccb71d9 ($10.38 in chips)
Seat 5: Hero ($10 in chips)
Seat 6: 3854a56a ($11.87 in chips)
3854a56a: posts small blind $0.05
e915cacb: posts big blind $0.1
*** HOLE CARDS ***
Dealt to e915cacb 
Dealt to 4ccb71d9 
Dealt to Hero [5h Ts]
Dealt to 3854a56a 
4ccb71d9: raises $0.15 to $0.25
Hero: folds
3854a56a: folds
e915cacb: calls $0.15
*** FLOP *** [4d Ac 7h]
e915cacb: checks
4ccb71d9: bets $0.19
e915cacb: calls $0.19
*** TURN *** [4d Ac 7h] [5c]
e915cacb: checks
4ccb71d9: bets $0.31
e915cacb: raises $0.78 to $1.09
4ccb71d9: folds
Uncalled bet ($0.78) returned to e915cacb
*** SHOWDOWN ***
e915cacb collected $1.48 from pot
*** SUMMARY ***
Total pot $1.55 | Rake $0.07 | Jackpot $0 | Bingo $0 | Fortune $0 | Tax $0
Board [4d Ac 7h 5c]
Seat 1: e915cacb (big blind) won ($1.48)
Seat 3: 4ccb71d9 folded on the Turn
Seat 5: Hero (button) folded before Flop (didn't bet)
Seat 6: 3854a56a (small blind) folded before Flop


Poker Hand #HD1818516300: Hold'em No Limit ($0.05/$0.1) - 2024/06/16 21:22:41
Table 'NLHRed28' 6-max Seat #4 is the button
Seat 1: e915cacb ($8.29 in chips)
Seat 2: 12c3c010 ($17.39 in chips)
Seat 3: 4ccb71d9 ($10.38 in chips)
Seat 4: 1ce1a0ca ($36.13 in chips)
Seat 5: Hero ($10 in chips)
Seat 6: 3854a56a ($11.82 in chips)
Hero: posts small blind $0.05
3854a56a: posts big blind $0.1
*** HOLE CARDS ***
Dealt to e915cacb 
Dealt to 12c3c010 
Dealt to 4ccb71d9 
Dealt to 1ce1a0ca 
Dealt to Hero [3c 7h]
Dealt to 3854a56a 
e915cacb: folds
12c3c010: folds
4ccb71d9: folds
1ce1a0ca: folds
Hero: folds
Uncalled bet ($0.05) returned to 3854a56a
*** SHOWDOWN ***
3854a56a collected $0.1 from pot
*** SUMMARY ***
Total pot $0.1 | Rake $0 | Jackpot $0 | Bingo $0 | Fortune $0 | Tax $0
Seat 1: e915cacb folded before Flop (didn't bet)
Seat 2: 12c3c010 folded before Flop (didn't bet)
Seat 3: 4ccb71d9 folded before Flop (didn't bet)
Seat 4: 1ce1a0ca (button) folded before Flop (didn't bet)
Seat 5: Hero (small blind) folded before Flop
Seat 6: 3854a56a (big blind) collected ($0.1)


Poker Hand #HD1818516213: Hold'em No Limit ($0.05/$0.1) - 2024/06/16 21:21:44
Table 'NLHRed28' 6-max Seat #3 is the button
Seat 1: e915cacb ($9.19 in chips)
Seat 2: 12c3c010 ($15.63 in chips)
Seat 3: 4ccb71d9 ($10.38 in chips)
Seat 4: 1ce1a0ca ($37.03 in chips)
Seat 5: Hero ($10 in chips)
Seat 6: 3854a56a ($11.82 in chips)
1ce1a0ca: posts small blind $0.05
Hero: posts big blind $0.1
*** HOLE CARDS ***
Dealt to e915cacb 
Dealt to 12c3c010 
Dealt to 4ccb71d9 
Dealt to 1ce1a0ca 
Dealt to Hero [6d Kd]
Dealt to 3854a56a 
3854a56a: folds
e915cacb: raises $0.15 to $0.25
12c3c010: raises $0.65 to $0.9
4ccb71d9: folds
1ce1a0ca: calls $0.85
Hero: folds
e915cacb: calls $0.65
*** FLOP *** [6s 6c 5h]
1ce1a0ca: checks
e915cacb: checks
12c3c010: bets $0.95
1ce1a0ca: folds
e915cacb: folds
Uncalled bet ($0.95) returned to 12c3c010
*** SHOWDOWN ***
12c3c010 collected $2.66 from pot
*** SUMMARY ***
Total pot $2.8 | Rake $0.14 | Jackpot $0 | Bingo $0 | Fortune $0 | Tax $0
Board [6s 6c 5h]
Seat 1: e915cacb folded on the Flop
Seat 2: 12c3c010 won ($2.66)
Seat 3: 4ccb71d9 (button) folded before Flop (didn't bet)
Seat 4: 1ce1a0ca (small blind) folded on the Flop
Seat 5: Hero (big blind) folded before Flop
Seat 6: 3854a56a folded before Flop (didn't bet)


Poker Hand #HD1818516161: Hold'em No Limit ($0.05/$0.1) - 2024/06/16 21:21:11
Table 'NLHRed28' 6-max Seat #2 is the button
Seat 1: e915cacb ($9.19 in chips)
Seat 2: 12c3c010 ($15.63 in chips)
Seat 3: 4ccb71d9 ($10.11 in chips)
Seat 4: 1ce1a0ca ($37.33 in chips)
Seat 5: Hero ($10 in chips)
Seat 6: 3854a56a ($11.82 in chips)
4ccb71d9: posts small blind $0.05
1ce1a0ca: posts big blind $0.1
*** HOLE CARDS ***
Dealt to e915cacb 
Dealt to 12c3c010 
Dealt to 4ccb71d9 
Dealt to 1ce1a0ca 
Dealt to Hero [3d Ah]
Dealt to 3854a56a 
Hero: folds
3854a56a: folds
e915cacb: folds
12c3c010: folds
4ccb71d9: raises $0.2 to $0.3
1ce1a0ca: calls $0.2
*** FLOP *** [Qd 9d Qh]
4ccb71d9: checks
1ce1a0ca: checks
*** TURN *** [Qd 9d Qh] [8s]
4ccb71d9: checks
1ce1a0ca: checks
*** RIVER *** [Qd 9d Qh 8s] [Td]
4ccb71d9: bets $0.45
1ce1a0ca: folds
Uncalled bet ($0.45) returned to 4ccb71d9
*** SHOWDOWN ***
4ccb71d9 collected $0.57 from pot
*** SUMMARY ***
Total pot $0.6 | Rake $0.03 | Jackpot $0 | Bingo $0 | Fortune $0 | Tax $0
Board [Qd 9d Qh 8s Td]
Seat 1: e915cacb folded before Flop (didn't bet)
Seat 2: 12c3c010 (button) folded before Flop (didn't bet)
Seat 3: 4ccb71d9 (small blind) won ($0.57)
Seat 4: 1ce1a0ca (big blind) folded on the River
Seat 5: Hero folded before Flop (didn't bet)
Seat 6: 3854a56a folded before Flop (didn't bet)


Poker Hand #HD1818516113: Hold'em No Limit ($0.05/$0.1) - 2024/06/16 21:20:40
Table 'NLHRed28' 6-max Seat #1 is the button
Seat 1: e915cacb ($8.82 in chips)
Seat 2: 12c3c010 ($15.68 in chips)
Seat 3: 4ccb71d9 ($10.21 in chips)
Seat 4: 1ce1a0ca ($37.33 in chips)
Seat 5: Hero ($10 in chips)
Seat 6: 3854a56a ($12.07 in chips)
12c3c010: posts small blind $0.05
4ccb71d9: posts big blind $0.1
*** HOLE CARDS ***
Dealt to e915cacb 
Dealt to 12c3c010 
Dealt to 4ccb71d9 
Dealt to 1ce1a0ca 
Dealt to Hero [Ad 4h]
Dealt to 3854a56a 
1ce1a0ca: folds
Hero: folds
3854a56a: raises $0.15 to $0.25
e915cacb: raises $0.59 to $0.84
12c3c010: folds
4ccb71d9: folds
3854a56a: folds
Uncalled bet ($0.59) returned to e915cacb
*** SHOWDOWN ***
e915cacb collected $0.62 from pot
*** SUMMARY ***
Total pot $0.65 | Rake $0.03 | Jackpot $0 | Bingo $0 | Fortune $0 | Tax $0
Seat 1: e915cacb (button) collected ($0.62)
Seat 2: 12c3c010 (small blind) folded before Flop
Seat 3: 4ccb71d9 (big blind) folded before Flop
Seat 4: 1ce1a0ca folded before Flop (didn't bet)
Seat 5: Hero folded before Flop (didn't bet)
Seat 6: 3854a56a folded before Flop


Poker Hand #HD1818516074: Hold'em No Limit ($0.05/$0.1) - 2024/06/16 21:20:17
Table 'NLHRed28' 6-max Seat #6 is the button
Seat 1: e915cacb ($8.87 in chips)
Seat 2: 12c3c010 ($15.78 in chips)
Seat 3: 4ccb71d9 ($10.21 in chips)
Seat 4: 1ce1a0ca ($37.18 in chips)
Seat 5: Hero ($10 in chips)
Seat 6: 3854a56a ($12.07 in chips)
e915cacb: posts small blind $0.05
12c3c010: posts big blind $0.1
*** HOLE CARDS ***
Dealt to e915cacb 
Dealt to 12c3c010 
Dealt to 4ccb71d9 
Dealt to 1ce1a0ca 
Dealt to Hero [6c Kh]
Dealt to 3854a56a 
4ccb71d9: folds
1ce1a0ca: raises $0.3 to $0.4
Hero: folds
3854a56a: folds
e915cacb: folds
12c3c010: folds
Uncalled bet ($0.3) returned to 1ce1a0ca
*** SHOWDOWN ***
1ce1a0ca collected $0.25 from pot
*** SUMMARY ***
Total pot $0.25 | Rake $0 | Jackpot $0 | Bingo $0 | Fortune $0 | Tax $0
Seat 1: e915cacb (small blind) folded before Flop
Seat 2: 12c3c010 (big blind) folded before Flop
Seat 3: 4ccb71d9 folded before Flop (didn't bet)
Seat 4: 1ce1a0ca collected ($0.25)
Seat 5: Hero folded before Flop (didn't bet)
Seat 6: 3854a56a (button) folded before Flop (didn't bet)


Poker Hand #HD1818515985: Hold'em No Limit ($0.05/$0.1) - 2024/06/16 21:19:18
Table 'NLHRed28' 6-max Seat #5 is the button
Seat 1: e915cacb ($8.47 in chips)
Seat 2: 12c3c010 ($16.17 in chips)
Seat 3: 4ccb71d9 ($10.21 in chips)
Seat 4: 1ce1a0ca ($37.18 in chips)
Seat 5: Hero ($10 in chips)
Seat 6: 3854a56a ($12.12 in chips)
3854a56a: posts small blind $0.05
e915cacb: posts big blind $0.1
*** HOLE CARDS ***
Dealt to e915cacb 
Dealt to 12c3c010 
Dealt to 4ccb71d9 
Dealt to 1ce1a0ca 
Dealt to Hero [9c 8c]
Dealt to 3854a56a 
12c3c010: raises $0.12 to $0.22
4ccb71d9: folds
1ce1a0ca: folds
Hero: folds
3854a56a: folds
e915cacb: calls $0.12
*** FLOP *** [4d 5s Jc]
e915cacb: checks
12c3c010: checks
*** TURN *** [4d 5s Jc] [8h]
e915cacb: bets $0.17
12c3c010: calls $0.17
*** RIVER *** [4d 5s Jc 8h] [6d]
e915cacb: bets $0.75
12c3c010: folds
Uncalled bet ($0.75) returned to e915cacb
*** SHOWDOWN ***
e915cacb collected $0.79 from pot
*** SUMMARY ***
Total pot $0.83 | Rake $0.04 | Jackpot $0 | Bingo $0 | Fortune $0 | Tax $0
Board [4d 5s Jc 8h 6d]
Seat 1: e915cacb (big blind) won ($0.79)
Seat 2: 12c3c010 folded on the River
Seat 3: 4ccb71d9 folded before Flop (didn't bet)
Seat 4: 1ce1a0ca folded before Flop (didn't bet)
Seat 5: Hero (button) folded before Flop (didn't bet)
Seat 6: 3854a56a (small blind) folded before Flop


Poker Hand #HD1818515925: Hold'em No Limit ($0.05/$0.1) - 2024/06/16 21:18:38
Table 'NLHRed28' 6-max Seat #4 is the button
Seat 1: e915cacb ($8.14 in chips)
Seat 2: 12c3c010 ($16.37 in chips)
Seat 3: 4ccb71d9 ($10.21 in chips)
Seat 4: 1ce1a0ca ($37.18 in chips)
Seat 5: Hero ($10 in chips)
Seat 6: 3854a56a ($12.22 in chips)
Hero: posts small blind $0.05
3854a56a: posts big blind $0.1
*** HOLE CARDS ***
Dealt to e915cacb 
Dealt to 12c3c010 
Dealt to 4ccb71d9 
Dealt to 1ce1a0ca 
Dealt to Hero [Kd 9c]
Dealt to 3854a56a 
e915cacb: raises $0.1 to $0.2
12c3c010: calls $0.2
4ccb71d9: folds
1ce1a0ca: folds
Hero: folds
3854a56a: folds
*** FLOP *** [6d Ks 3d]
e915cacb: bets $0.28
12c3c010: folds
Uncalled bet ($0.28) returned to e915cacb
*** SHOWDOWN ***
e915cacb collected $0.53 from pot
*** SUMMARY ***
Total pot $0.55 | Rake $0.02 | Jackpot $0 | Bingo $0 | Fortune $0 | Tax $0
Board [6d Ks 3d]
Seat 1: e915cacb won ($0.53)
Seat 2: 12c3c010 folded on the Flop
Seat 3: 4ccb71d9 folded before Flop (didn't bet)
Seat 4: 1ce1a0ca (button) folded before Flop (didn't bet)
Seat 5: Hero (small blind) folded before Flop
Seat 6: 3854a56a (big blind) folded before Flop


Poker Hand #HD1818515877: Hold'em No Limit ($0.05/$0.1) - 2024/06/16 21:18:08
Table 'NLHRed28' 6-max Seat #3 is the button
Seat 1: e915cacb ($8.14 in chips)
Seat 2: 12c3c010 ($16.37 in chips)
Seat 3: 4ccb71d9 ($10.21 in chips)
Seat 4: 1ce1a0ca ($37.09 in chips)
Seat 5: Hero ($10 in chips)
Seat 6: 3854a56a ($12.22 in chips)
1ce1a0ca: posts small blind $0.05
Hero: posts big blind $0.1
*** HOLE CARDS ***
Dealt to e915cacb 
Dealt to 12c3c010 
Dealt to 4ccb71d9 
Dealt to 1ce1a0ca 
Dealt to Hero [Jc 3c]
Dealt to 3854a56a 
3854a56a: folds
e915cacb: folds
12c3c010: folds
4ccb71d9: folds
1ce1a0ca: calls $0.05
Hero: checks
*** FLOP *** [Kh 4d 7h]
1ce1a0ca: bets $0.2
Hero: folds
Uncalled bet ($0.2) returned to 1ce1a0ca
*** SHOWDOWN ***
1ce1a0ca collected $0.19 from pot
*** SUMMARY ***
Total pot $0.2 | Rake $0.01 | Jackpot $0 | Bingo $0 | Fortune $0 | Tax $0
Board [Kh 4d 7h]
Seat 1: e915cacb folded before Flop (didn't bet)
Seat 2: 12c3c010 folded before Flop (didn't bet)
Seat 3: 4ccb71d9 (button) folded before Flop (didn't bet)
Seat 4: 1ce1a0ca (small blind) won ($0.19)
Seat 5: Hero (big blind) folded on the Flop
Seat 6: 3854a56a folded before Flop (didn't bet)


