Poker Hand #HD1764189478: Hold'em No Limit ($0.05/$0.1) - 2024/05/08 18:32:23
Table 'NLHRed70' 6-max Seat #3 is the button
Seat 1: 4f7b65b ($24.16 in chips)
Seat 2: 8c7f1965 ($11.29 in chips)
Seat 3: ad188e6d ($10 in chips)
Seat 4: Hero ($10.64 in chips)
Seat 5: 7232ecfa ($8.54 in chips)
Seat 6: 3f1dbcd0 ($20.75 in chips)
Hero: posts small blind $0.05
7232ecfa: posts big blind $0.1
*** HOLE CARDS ***
Dealt to 4f7b65b 
Dealt to 8c7f1965 
Dealt to ad188e6d 
Dealt to Hero [5c 9s]
Dealt to 7232ecfa 
Dealt to 3f1dbcd0 
3f1dbcd0: folds
4f7b65b: raises $0.2 to $0.3
8c7f1965: folds
ad188e6d: folds
Hero: folds
7232ecfa: folds
Uncalled bet ($0.2) returned to 4f7b65b
*** SHOWDOWN ***
4f7b65b collected $0.25 from pot
*** SUMMARY ***
Total pot $0.25 | Rake $0 | Jackpot $0 | Bingo $0 | Fortune $0 | Tax $0
Seat 1: 4f7b65b collected ($0.25)
Seat 2: 8c7f1965 folded before Flop (didn't bet)
Seat 3: ad188e6d (button) folded before Flop (didn't bet)
Seat 4: Hero (small blind) folded before Flop
Seat 5: 7232ecfa (big blind) folded before Flop
Seat 6: 3f1dbcd0 folded before Flop (didn't bet)


Poker Hand #HD1764189325: Hold'em No Limit ($0.05/$0.1) - 2024/05/08 18:31:16
Table 'NLHRed70' 6-max Seat #2 is the button
Seat 1: 4f7b65b ($15.16 in chips)
Seat 2: 8c7f1965 ($11.29 in chips)
Seat 3: ad188e6d ($10 in chips)
Seat 4: Hero ($10.74 in chips)
Seat 5: 7232ecfa ($8.54 in chips)
Seat 6: 3f1dbcd0 ($20.75 in chips)
ad188e6d: posts small blind $0.05
Hero: posts big blind $0.1
*** HOLE CARDS ***
Dealt to 4f7b65b 
Dealt to 8c7f1965 
Dealt to ad188e6d 
Dealt to Hero [2s Qh]
Dealt to 7232ecfa 
Dealt to 3f1dbcd0 
7232ecfa: folds
3f1dbcd0: folds
4f7b65b: raises $0.2 to $0.3
8c7f1965: folds
ad188e6d: raises $0.9 to $1.2
Hero: folds
4f7b65b: raises $1.2 to $2.4
ad188e6d: raises $7.6 to $10 and is all-in
4f7b65b: calls $7.6
ad188e6d: shows [Jh Jc]
4f7b65b: shows [Ad Ah]
*** FLOP *** [3h Ks 9h]
*** TURN *** [3h Ks 9h] [3c]
*** RIVER *** [3h Ks 9h 3c] [6d]
*** SHOWDOWN ***
4f7b65b collected $19 from pot
*** SUMMARY ***
Total pot $20.1 | Rake $1 | Jackpot $0.1 | Bingo $0 | Fortune $0 | Tax $0
Board [3h Ks 9h 3c 6d]
Seat 1: 4f7b65b showed [Ad Ah] and won ($19) with Pair of Aces and Pair of Treys
Seat 2: 8c7f1965 (button) folded before Flop (didn't bet)
Seat 3: ad188e6d (small blind) showed [Jh Jc] and lost with Pair of Jacks and Pair of Treys
Seat 4: Hero (big blind) folded before Flop
Seat 5: 7232ecfa folded before Flop (didn't bet)
Seat 6: 3f1dbcd0 folded before Flop (didn't bet)


Poker Hand #HD1764189262: Hold'em No Limit ($0.05/$0.1) - 2024/05/08 18:30:47
Table 'NLHRed70' 6-max Seat #1 is the button
Seat 1: 4f7b65b ($15.01 in chips)
Seat 2: 8c7f1965 ($11.34 in chips)
Seat 3: ad188e6d ($10 in chips)
Seat 4: Hero ($10.74 in chips)
Seat 5: 7232ecfa ($8.54 in chips)
Seat 6: 3f1dbcd0 ($20.75 in chips)
8c7f1965: posts small blind $0.05
ad188e6d: posts big blind $0.1
*** HOLE CARDS ***
Dealt to 4f7b65b 
Dealt to 8c7f1965 
Dealt to ad188e6d 
Dealt to Hero [4c 8d]
Dealt to 7232ecfa 
Dealt to 3f1dbcd0 
Hero: folds
7232ecfa: folds
3f1dbcd0: folds
4f7b65b: raises $0.2 to $0.3
8c7f1965: folds
ad188e6d: folds
Uncalled bet ($0.2) returned to 4f7b65b
*** SHOWDOWN ***
4f7b65b collected $0.25 from pot
*** SUMMARY ***
Total pot $0.25 | Rake $0 | Jackpot $0 | Bingo $0 | Fortune $0 | Tax $0
Seat 1: 4f7b65b (button) collected ($0.25)
Seat 2: 8c7f1965 (small blind) folded before Flop
Seat 3: ad188e6d (big blind) folded before Flop
Seat 4: Hero folded before Flop (didn't bet)
Seat 5: 7232ecfa folded before Flop (didn't bet)
Seat 6: 3f1dbcd0 folded before Flop (didn't bet)


Poker Hand #HD1764189154: Hold'em No Limit ($0.05/$0.1) - 2024/05/08 18:29:53
Table 'NLHRed70' 6-max Seat #6 is the button
Seat 1: 4f7b65b ($15.06 in chips)
Seat 2: 8c7f1965 ($11.69 in chips)
Seat 3: ad188e6d ($10 in chips)
Seat 4: Hero ($10.37 in chips)
Seat 5: 7232ecfa ($8.54 in chips)
Seat 6: 3f1dbcd0 ($20.75 in chips)
4f7b65b: posts small blind $0.05
8c7f1965: posts big blind $0.1
*** HOLE CARDS ***
Dealt to 4f7b65b 
Dealt to 8c7f1965 
Dealt to ad188e6d 
Dealt to Hero [Qh Kd]
Dealt to 7232ecfa 
Dealt to 3f1dbcd0 
ad188e6d: folds
Hero: raises $0.1 to $0.2
7232ecfa: folds
3f1dbcd0: folds
4f7b65b: folds
8c7f1965: calls $0.1
*** FLOP *** [6s 8d 8h]
8c7f1965: bets $0.15
Hero: calls $0.15
*** TURN *** [6s 8d 8h] [Kh]
8c7f1965: checks
Hero: checks
*** RIVER *** [6s 8d 8h Kh] [2h]
8c7f1965: checks
Hero: bets $0.5
8c7f1965: folds
Uncalled bet ($0.5) returned to Hero
*** SHOWDOWN ***
Hero collected $0.72 from pot
*** SUMMARY ***
Total pot $0.75 | Rake $0.03 | Jackpot $0 | Bingo $0 | Fortune $0 | Tax $0
Board [6s 8d 8h Kh 2h]
Seat 1: 4f7b65b (small blind) folded before Flop
Seat 2: 8c7f1965 (big blind) folded on the River
Seat 3: ad188e6d folded before Flop (didn't bet)
Seat 4: Hero won ($0.72)
Seat 5: 7232ecfa folded before Flop (didn't bet)
Seat 6: 3f1dbcd0 (button) folded before Flop (didn't bet)


Poker Hand #HD1764189085: Hold'em No Limit ($0.05/$0.1) - 2024/05/08 18:29:20
Table 'NLHRed70' 6-max Seat #5 is the button
Seat 1: 4f7b65b ($15.36 in chips)
Seat 2: 8c7f1965 ($11.69 in chips)
Seat 3: ad188e6d ($10 in chips)
Seat 4: Hero ($10.37 in chips)
Seat 5: 7232ecfa ($8.54 in chips)
Seat 6: 3f1dbcd0 ($20.48 in chips)
3f1dbcd0: posts small blind $0.05
4f7b65b: posts big blind $0.1
*** HOLE CARDS ***
Dealt to 4f7b65b 
Dealt to 8c7f1965 
Dealt to ad188e6d 
Dealt to Hero [3h 8d]
Dealt to 7232ecfa 
Dealt to 3f1dbcd0 
8c7f1965: folds
ad188e6d: folds
Hero: folds
7232ecfa: folds
3f1dbcd0: raises $0.2 to $0.3
4f7b65b: calls $0.2
*** FLOP *** [7s 9s 6c]
3f1dbcd0: bets $0.3
4f7b65b: folds
Uncalled bet ($0.3) returned to 3f1dbcd0
*** SHOWDOWN ***
3f1dbcd0 collected $0.57 from pot
*** SUMMARY ***
Total pot $0.6 | Rake $0.03 | Jackpot $0 | Bingo $0 | Fortune $0 | Tax $0
Board [7s 9s 6c]
Seat 1: 4f7b65b (big blind) folded on the Flop
Seat 2: 8c7f1965 folded before Flop (didn't bet)
Seat 3: ad188e6d folded before Flop (didn't bet)
Seat 4: Hero folded before Flop (didn't bet)
Seat 5: 7232ecfa (button) folded before Flop (didn't bet)
Seat 6: 3f1dbcd0 (small blind) won ($0.57)


Poker Hand #HD1764189000: Hold'em No Limit ($0.05/$0.1) - 2024/05/08 18:28:43
Table 'NLHRed70' 6-max Seat #4 is the button
Seat 1: 4f7b65b ($15.36 in chips)
Seat 2: 8c7f1965 ($11.69 in chips)
Seat 3: ad188e6d ($10 in chips)
Seat 4: Hero ($10 in chips)
Seat 5: 7232ecfa ($8.59 in chips)
Seat 6: 3f1dbcd0 ($20.58 in chips)
7232ecfa: posts small blind $0.05
3f1dbcd0: posts big blind $0.1
*** HOLE CARDS ***
Dealt to 4f7b65b 
Dealt to 8c7f1965 
Dealt to ad188e6d 
Dealt to Hero [Ks Ad]
Dealt to 7232ecfa 
Dealt to 3f1dbcd0 
4f7b65b: folds
8c7f1965: folds
ad188e6d: raises $0.15 to $0.25
Hero: raises $0.75 to $1
7232ecfa: folds
3f1dbcd0: folds
ad188e6d: folds
Uncalled bet ($0.75) returned to Hero
*** SHOWDOWN ***
Hero collected $0.62 from pot
*** SUMMARY ***
Total pot $0.65 | Rake $0.03 | Jackpot $0 | Bingo $0 | Fortune $0 | Tax $0
Seat 1: 4f7b65b folded before Flop (didn't bet)
Seat 2: 8c7f1965 folded before Flop (didn't bet)
Seat 3: ad188e6d folded before Flop
Seat 4: Hero (button) collected ($0.62)
Seat 5: 7232ecfa (small blind) folded before Flop
Seat 6: 3f1dbcd0 (big blind) folded before Flop


Poker Hand #HD1764188960: Hold'em No Limit ($0.05/$0.1) - 2024/05/08 18:28:26
Table 'NLHRed70' 6-max Seat #3 is the button
Seat 1: 4f7b65b ($15.21 in chips)
Seat 2: 8c7f1965 ($11.69 in chips)
Seat 3: ad188e6d ($10 in chips)
Seat 4: Hero ($10 in chips)
Seat 5: 7232ecfa ($8.69 in chips)
Seat 6: 3f1dbcd0 ($20.58 in chips)
Hero: posts small blind $0.05
7232ecfa: posts big blind $0.1
*** HOLE CARDS ***
Dealt to 4f7b65b 
Dealt to 8c7f1965 
Dealt to ad188e6d 
Dealt to Hero [3s 8h]
Dealt to 7232ecfa 
Dealt to 3f1dbcd0 
3f1dbcd0: folds
4f7b65b: raises $0.2 to $0.3
8c7f1965: folds
ad188e6d: folds
Hero: folds
7232ecfa: folds
Uncalled bet ($0.2) returned to 4f7b65b
*** SHOWDOWN ***
4f7b65b collected $0.25 from pot
*** SUMMARY ***
Total pot $0.25 | Rake $0 | Jackpot $0 | Bingo $0 | Fortune $0 | Tax $0
Seat 1: 4f7b65b collected ($0.25)
Seat 2: 8c7f1965 folded before Flop (didn't bet)
Seat 3: ad188e6d (button) folded before Flop (didn't bet)
Seat 4: Hero (small blind) folded before Flop
Seat 5: 7232ecfa (big blind) folded before Flop
Seat 6: 3f1dbcd0 folded before Flop (didn't bet)


Poker Hand #HD1764188904: Hold'em No Limit ($0.05/$0.1) - 2024/05/08 18:27:58
Table 'NLHRed70' 6-max Seat #2 is the button
Seat 1: 4f7b65b ($15.06 in chips)
Seat 2: 8c7f1965 ($11.69 in chips)
Seat 3: ad188e6d ($10 in chips)
Seat 4: Hero ($10 in chips)
Seat 5: 7232ecfa ($8.69 in chips)
Seat 6: 3f1dbcd0 ($20.58 in chips)
ad188e6d: posts small blind $0.05
Hero: posts big blind $0.1
*** HOLE CARDS ***
Dealt to 4f7b65b 
Dealt to 8c7f1965 
Dealt to ad188e6d 
Dealt to Hero [3c 4c]
Dealt to 7232ecfa 
Dealt to 3f1dbcd0 
7232ecfa: folds
3f1dbcd0: folds
4f7b65b: raises $0.2 to $0.3
8c7f1965: folds
ad188e6d: folds
Hero: folds
Uncalled bet ($0.2) returned to 4f7b65b
*** SHOWDOWN ***
4f7b65b collected $0.25 from pot
*** SUMMARY ***
Total pot $0.25 | Rake $0 | Jackpot $0 | Bingo $0 | Fortune $0 | Tax $0
Seat 1: 4f7b65b collected ($0.25)
Seat 2: 8c7f1965 (button) folded before Flop (didn't bet)
Seat 3: ad188e6d (small blind) folded before Flop
Seat 4: Hero (big blind) folded before Flop
Seat 5: 7232ecfa folded before Flop (didn't bet)
Seat 6: 3f1dbcd0 folded before Flop (didn't bet)


Poker Hand #HD1764188876: Hold'em No Limit ($0.05/$0.1) - 2024/05/08 18:27:45
Table 'NLHRed70' 6-max Seat #1 is the button
Seat 1: 4f7b65b ($15.06 in chips)
Seat 2: 8c7f1965 ($11.74 in chips)
Seat 3: ad188e6d ($10.02 in chips)
Seat 4: Hero ($10 in chips)
Seat 5: 7232ecfa ($8.54 in chips)
Seat 6: 3f1dbcd0 ($20.58 in chips)
8c7f1965: posts small blind $0.05
ad188e6d: posts big blind $0.1
*** HOLE CARDS ***
Dealt to 4f7b65b 
Dealt to 8c7f1965 
Dealt to ad188e6d 
Dealt to Hero [2h 6h]
Dealt to 7232ecfa 
Dealt to 3f1dbcd0 
Hero: folds
7232ecfa: raises $0.15 to $0.25
3f1dbcd0: folds
4f7b65b: folds
8c7f1965: folds
ad188e6d: folds
Uncalled bet ($0.15) returned to 7232ecfa
*** SHOWDOWN ***
7232ecfa collected $0.25 from pot
*** SUMMARY ***
Total pot $0.25 | Rake $0 | Jackpot $0 | Bingo $0 | Fortune $0 | Tax $0
Seat 1: 4f7b65b (button) folded before Flop (didn't bet)
Seat 2: 8c7f1965 (small blind) folded before Flop
Seat 3: ad188e6d (big blind) folded before Flop
Seat 4: Hero folded before Flop (didn't bet)
Seat 5: 7232ecfa collected ($0.25)
Seat 6: 3f1dbcd0 folded before Flop (didn't bet)


Poker Hand #HD1764188765: Hold'em No Limit ($0.05/$0.1) - 2024/05/08 18:26:52
Table 'NLHRed70' 6-max Seat #6 is the button
Seat 1: 4f7b65b ($15.66 in chips)
Seat 2: 8c7f1965 ($11.2 in chips)
Seat 3: ad188e6d ($10.02 in chips)
Seat 4: Hero ($10 in chips)
Seat 5: 7232ecfa ($8.54 in chips)
Seat 6: 3f1dbcd0 ($20.58 in chips)
4f7b65b: posts small blind $0.05
8c7f1965: posts big blind $0.1
*** HOLE CARDS ***
Dealt to 4f7b65b 
Dealt to 8c7f1965 
Dealt to ad188e6d 
Dealt to Hero [3s 9h]
Dealt to 7232ecfa 
Dealt to 3f1dbcd0 
ad188e6d: folds
Hero: folds
7232ecfa: folds
3f1dbcd0: folds
4f7b65b: raises $0.2 to $0.3
8c7f1965: calls $0.2
*** FLOP *** [4h 6d Ac]
4f7b65b: checks
8c7f1965: bets $0.3
4f7b65b: calls $0.3
*** TURN *** [4h 6d Ac] [2d]
4f7b65b: checks
8c7f1965: bets $0.6
4f7b65b: folds
Uncalled bet ($0.6) returned to 8c7f1965
*** SHOWDOWN ***
8c7f1965 collected $1.14 from pot
*** SUMMARY ***
Total pot $1.2 | Rake $0.06 | Jackpot $0 | Bingo $0 | Fortune $0 | Tax $0
Board [4h 6d Ac 2d]
Seat 1: 4f7b65b (small blind) folded on the Turn
Seat 2: 8c7f1965 (big blind) won ($1.14)
Seat 3: ad188e6d folded before Flop (didn't bet)
Seat 4: Hero folded before Flop (didn't bet)
Seat 5: 7232ecfa folded before Flop (didn't bet)
Seat 6: 3f1dbcd0 (button) folded before Flop (didn't bet)


Poker Hand #HD1764188591: Hold'em No Limit ($0.05/$0.1) - 2024/05/08 18:25:26
Table 'NLHRed70' 6-max Seat #5 is the button
Seat 1: 4f7b65b ($15.76 in chips)
Seat 2: 8c7f1965 ($12.35 in chips)
Seat 3: ad188e6d ($10.32 in chips)
Seat 4: Hero ($10 in chips)
Seat 5: 7232ecfa ($7.07 in chips)
Seat 6: 3f1dbcd0 ($20.63 in chips)
3f1dbcd0: posts small blind $0.05
4f7b65b: posts big blind $0.1
*** HOLE CARDS ***
Dealt to 4f7b65b 
Dealt to 8c7f1965 
Dealt to ad188e6d 
Dealt to Hero [Th 8c]
Dealt to 7232ecfa 
Dealt to 3f1dbcd0 
8c7f1965: raises $0.2 to $0.3
ad188e6d: calls $0.3
Hero: folds
7232ecfa: calls $0.3
3f1dbcd0: folds
4f7b65b: folds
*** FLOP *** [3c 5h 7c]
8c7f1965: checks
ad188e6d: checks
7232ecfa: bets $0.3
8c7f1965: calls $0.3
ad188e6d: folds
*** TURN *** [3c 5h 7c] [Ad]
8c7f1965: bets $0.55
7232ecfa: calls $0.55
*** RIVER *** [3c 5h 7c Ad] [6d]
8c7f1965: checks
7232ecfa: bets $0.85
8c7f1965: folds
Uncalled bet ($0.85) returned to 7232ecfa
*** SHOWDOWN ***
7232ecfa collected $2.62 from pot
*** SUMMARY ***
Total pot $2.75 | Rake $0.13 | Jackpot $0 | Bingo $0 | Fortune $0 | Tax $0
Board [3c 5h 7c Ad 6d]
Seat 1: 4f7b65b (big blind) folded before Flop
Seat 2: 8c7f1965 folded on the River
Seat 3: ad188e6d folded on the Flop
Seat 4: Hero folded before Flop (didn't bet)
Seat 5: 7232ecfa (button) won ($2.62)
Seat 6: 3f1dbcd0 (small blind) folded before Flop


Poker Hand #HD1764188472: Hold'em No Limit ($0.05/$0.1) - 2024/05/08 18:24:32
Table 'NLHRed70' 6-max Seat #4 is the button
Seat 1: 4f7b65b ($15.76 in chips)
Seat 2: 8c7f1965 ($12.35 in chips)
Seat 3: ad188e6d ($10 in chips)
Seat 4: Hero ($10 in chips)
Seat 5: 7232ecfa ($7.32 in chips)
Seat 6: 3f1dbcd0 ($20.73 in chips)
7232ecfa: posts small blind $0.05
3f1dbcd0: posts big blind $0.1
*** HOLE CARDS ***
Dealt to 4f7b65b 
Dealt to 8c7f1965 
Dealt to ad188e6d 
Dealt to Hero [4d 4h]
Dealt to 7232ecfa 
Dealt to 3f1dbcd0 
4f7b65b: folds
8c7f1965: folds
ad188e6d: raises $0.15 to $0.25
Hero: folds
7232ecfa: calls $0.2
3f1dbcd0: folds
*** FLOP *** [6h 5c 5h]
7232ecfa: checks
ad188e6d: bets $0.3
7232ecfa: folds
Uncalled bet ($0.3) returned to ad188e6d
*** SHOWDOWN ***
ad188e6d collected $0.57 from pot
*** SUMMARY ***
Total pot $0.6 | Rake $0.03 | Jackpot $0 | Bingo $0 | Fortune $0 | Tax $0
Board [6h 5c 5h]
Seat 1: 4f7b65b folded before Flop (didn't bet)
Seat 2: 8c7f1965 folded before Flop (didn't bet)
Seat 3: ad188e6d won ($0.57)
Seat 4: Hero (button) folded before Flop (didn't bet)
Seat 5: 7232ecfa (small blind) folded on the Flop
Seat 6: 3f1dbcd0 (big blind) folded before Flop


Poker Hand #HD1764188295: Hold'em No Limit ($0.05/$0.1) - 2024/05/08 18:23:11
Table 'NLHRed70' 6-max Seat #3 is the button
Seat 1: 4f7b65b ($14.53 in chips)
Seat 2: 8c7f1965 ($12.35 in chips)
Seat 3: ad188e6d ($10 in chips)
Seat 4: Hero ($10.05 in chips)
Seat 5: 7232ecfa ($7.42 in chips)
Seat 6: 3f1dbcd0 ($20.73 in chips)
Hero: posts small blind $0.05
7232ecfa: posts big blind $0.1
*** HOLE CARDS ***
Dealt to 4f7b65b 
Dealt to 8c7f1965 
Dealt to ad188e6d 
Dealt to Hero [4d Kc]
Dealt to 7232ecfa 
Dealt to 3f1dbcd0 
3f1dbcd0: folds
4f7b65b: raises $0.2 to $0.3
8c7f1965: folds
ad188e6d: raises $0.5 to $0.8
Hero: folds
7232ecfa: folds
4f7b65b: calls $0.5
*** FLOP *** [2c Qc 5c]
4f7b65b: checks
ad188e6d: bets $0.4
4f7b65b: calls $0.4
*** TURN *** [2c Qc 5c] [5h]
4f7b65b: bets $0.85
ad188e6d: folds
Uncalled bet ($0.85) returned to 4f7b65b
*** SHOWDOWN ***
4f7b65b collected $2.43 from pot
*** SUMMARY ***
Total pot $2.55 | Rake $0.12 | Jackpot $0 | Bingo $0 | Fortune $0 | Tax $0
Board [2c Qc 5c 5h]
Seat 1: 4f7b65b won ($2.43)
Seat 2: 8c7f1965 folded before Flop (didn't bet)
Seat 3: ad188e6d (button) folded on the Turn
Seat 4: Hero (small blind) folded before Flop
Seat 5: 7232ecfa (big blind) folded before Flop
Seat 6: 3f1dbcd0 folded before Flop (didn't bet)


Poker Hand #HD1764188220: Hold'em No Limit ($0.05/$0.1) - 2024/05/08 18:22:38
Table 'NLHRed70' 6-max Seat #2 is the button
Seat 1: 4f7b65b ($14.53 in chips)
Seat 2: 8c7f1965 ($12.2 in chips)
Seat 3: ad188e6d ($10 in chips)
Seat 4: Hero ($10.15 in chips)
Seat 5: 7232ecfa ($7.42 in chips)
Seat 6: 3f1dbcd0 ($20.73 in chips)
ad188e6d: posts small blind $0.05
Hero: posts big blind $0.1
*** HOLE CARDS ***
Dealt to 4f7b65b 
Dealt to 8c7f1965 
Dealt to ad188e6d 
Dealt to Hero [9h 8s]
Dealt to 7232ecfa 
Dealt to 3f1dbcd0 
7232ecfa: folds
3f1dbcd0: folds
4f7b65b: folds
8c7f1965: raises $0.2 to $0.3
ad188e6d: folds
Hero: folds
Uncalled bet ($0.2) returned to 8c7f1965
*** SHOWDOWN ***
8c7f1965 collected $0.25 from pot
*** SUMMARY ***
Total pot $0.25 | Rake $0 | Jackpot $0 | Bingo $0 | Fortune $0 | Tax $0
Seat 1: 4f7b65b folded before Flop (didn't bet)
Seat 2: 8c7f1965 (button) collected ($0.25)
Seat 3: ad188e6d (small blind) folded before Flop
Seat 4: Hero (big blind) folded before Flop
Seat 5: 7232ecfa folded before Flop (didn't bet)
Seat 6: 3f1dbcd0 folded before Flop (didn't bet)


Poker Hand #HD1764188183: Hold'em No Limit ($0.05/$0.1) - 2024/05/08 18:22:19
Table 'NLHRed70' 6-max Seat #1 is the button
Seat 1: 4f7b65b ($14.38 in chips)
Seat 2: 8c7f1965 ($12.25 in chips)
Seat 3: ad188e6d ($10 in chips)
Seat 4: Hero ($10.15 in chips)
Seat 5: 7232ecfa ($7.42 in chips)
Seat 6: 3f1dbcd0 ($20.73 in chips)
8c7f1965: posts small blind $0.05
ad188e6d: posts big blind $0.1
*** HOLE CARDS ***
Dealt to 4f7b65b 
Dealt to 8c7f1965 
Dealt to ad188e6d 
Dealt to Hero [2c Ah]
Dealt to 7232ecfa 
Dealt to 3f1dbcd0 
Hero: folds
7232ecfa: folds
3f1dbcd0: folds
4f7b65b: raises $0.2 to $0.3
8c7f1965: folds
ad188e6d: folds
Uncalled bet ($0.2) returned to 4f7b65b
*** SHOWDOWN ***
4f7b65b collected $0.25 from pot
*** SUMMARY ***
Total pot $0.25 | Rake $0 | Jackpot $0 | Bingo $0 | Fortune $0 | Tax $0
Seat 1: 4f7b65b (button) collected ($0.25)
Seat 2: 8c7f1965 (small blind) folded before Flop
Seat 3: ad188e6d (big blind) folded before Flop
Seat 4: Hero folded before Flop (didn't bet)
Seat 5: 7232ecfa folded before Flop (didn't bet)
Seat 6: 3f1dbcd0 folded before Flop (didn't bet)


Poker Hand #HD1764188115: Hold'em No Limit ($0.05/$0.1) - 2024/05/08 18:21:42
Table 'NLHRed70' 6-max Seat #6 is the button
Seat 1: 4f7b65b ($14.63 in chips)
Seat 2: 8c7f1965 ($12.35 in chips)
Seat 3: ad188e6d ($10 in chips)
Seat 4: Hero ($10.15 in chips)
Seat 5: 7232ecfa ($7.1 in chips)
Seat 6: 3f1dbcd0 ($20.73 in chips)
4f7b65b: posts small blind $0.05
8c7f1965: posts big blind $0.1
*** HOLE CARDS ***
Dealt to 4f7b65b 
Dealt to 8c7f1965 
Dealt to ad188e6d 
Dealt to Hero [2h 5s]
Dealt to 7232ecfa 
Dealt to 3f1dbcd0 
ad188e6d: folds
Hero: folds
7232ecfa: raises $0.15 to $0.25
3f1dbcd0: folds
4f7b65b: calls $0.2
8c7f1965: folds
*** FLOP *** [Jc 2s Js]
4f7b65b: checks
7232ecfa: bets $0.2
4f7b65b: folds
Uncalled bet ($0.2) returned to 7232ecfa
*** SHOWDOWN ***
7232ecfa collected $0.57 from pot
*** SUMMARY ***
Total pot $0.6 | Rake $0.03 | Jackpot $0 | Bingo $0 | Fortune $0 | Tax $0
Board [Jc 2s Js]
Seat 1: 4f7b65b (small blind) folded on the Flop
Seat 2: 8c7f1965 (big blind) folded before Flop
Seat 3: ad188e6d folded before Flop (didn't bet)
Seat 4: Hero folded before Flop (didn't bet)
Seat 5: 7232ecfa won ($0.57)
Seat 6: 3f1dbcd0 (button) folded before Flop (didn't bet)


Poker Hand #HD1764188076: Hold'em No Limit ($0.05/$0.1) - 2024/05/08 18:21:24
Table 'NLHRed70' 6-max Seat #5 is the button
Seat 1: 4f7b65b ($14.58 in chips)
Seat 2: 8c7f1965 ($12.35 in chips)
Seat 3: ad188e6d ($10 in chips)
Seat 4: Hero ($10.15 in chips)
Seat 5: 7232ecfa ($7.1 in chips)
Seat 6: 3f1dbcd0 ($20.78 in chips)
3f1dbcd0: posts small blind $0.05
4f7b65b: posts big blind $0.1
*** HOLE CARDS ***
Dealt to 4f7b65b 
Dealt to 8c7f1965 
Dealt to ad188e6d 
Dealt to Hero [2h 7s]
Dealt to 7232ecfa 
Dealt to 3f1dbcd0 
8c7f1965: folds
ad188e6d: folds
Hero: folds
7232ecfa: folds
3f1dbcd0: folds
Uncalled bet ($0.05) returned to 4f7b65b
*** SHOWDOWN ***
4f7b65b collected $0.1 from pot
*** SUMMARY ***
Total pot $0.1 | Rake $0 | Jackpot $0 | Bingo $0 | Fortune $0 | Tax $0
Seat 1: 4f7b65b (big blind) collected ($0.1)
Seat 2: 8c7f1965 folded before Flop (didn't bet)
Seat 3: ad188e6d folded before Flop (didn't bet)
Seat 4: Hero folded before Flop (didn't bet)
Seat 5: 7232ecfa (button) folded before Flop (didn't bet)
Seat 6: 3f1dbcd0 (small blind) folded before Flop


Poker Hand #HD1764188034: Hold'em No Limit ($0.05/$0.1) - 2024/05/08 18:21:04
Table 'NLHRed70' 6-max Seat #4 is the button
Seat 1: 4f7b65b ($14.58 in chips)
Seat 2: 8c7f1965 ($12.35 in chips)
Seat 3: ad188e6d ($10 in chips)
Seat 4: Hero ($10 in chips)
Seat 5: 7232ecfa ($7.15 in chips)
Seat 6: 3f1dbcd0 ($20.88 in chips)
7232ecfa: posts small blind $0.05
3f1dbcd0: posts big blind $0.1
*** HOLE CARDS ***
Dealt to 4f7b65b 
Dealt to 8c7f1965 
Dealt to ad188e6d 
Dealt to Hero [Th Js]
Dealt to 7232ecfa 
Dealt to 3f1dbcd0 
4f7b65b: folds
8c7f1965: folds
ad188e6d: folds
Hero: raises $0.14 to $0.24
7232ecfa: folds
3f1dbcd0: folds
Uncalled bet ($0.14) returned to Hero
*** SHOWDOWN ***
Hero collected $0.25 from pot
*** SUMMARY ***
Total pot $0.25 | Rake $0 | Jackpot $0 | Bingo $0 | Fortune $0 | Tax $0
Seat 1: 4f7b65b folded before Flop (didn't bet)
Seat 2: 8c7f1965 folded before Flop (didn't bet)
Seat 3: ad188e6d folded before Flop (didn't bet)
Seat 4: Hero (button) collected ($0.25)
Seat 5: 7232ecfa (small blind) folded before Flop
Seat 6: 3f1dbcd0 (big blind) folded before Flop


Poker Hand #HD1764187910: Hold'em No Limit ($0.05/$0.1) - 2024/05/08 18:20:06
Table 'NLHRed70' 6-max Seat #3 is the button
Seat 1: 4f7b65b ($14.58 in chips)
Seat 2: 8c7f1965 ($11.45 in chips)
Seat 3: ad188e6d ($10 in chips)
Seat 4: Hero ($10.05 in chips)
Seat 5: 7232ecfa ($7.25 in chips)
Seat 6: 3f1dbcd0 ($21.72 in chips)
Hero: posts small blind $0.05
7232ecfa: posts big blind $0.1
*** HOLE CARDS ***
Dealt to 4f7b65b 
Dealt to 8c7f1965 
Dealt to ad188e6d 
Dealt to Hero [4h Jc]
Dealt to 7232ecfa 
Dealt to 3f1dbcd0 
3f1dbcd0: raises $0.15 to $0.25
4f7b65b: folds
8c7f1965: raises $0.59 to $0.84
ad188e6d: folds
Hero: folds
7232ecfa: folds
3f1dbcd0: calls $0.59
*** FLOP *** [4c 7c Js]
3f1dbcd0: checks
8c7f1965: bets $0.71
3f1dbcd0: folds
Uncalled bet ($0.71) returned to 8c7f1965
*** SHOWDOWN ***
8c7f1965 collected $1.74 from pot
*** SUMMARY ***
Total pot $1.83 | Rake $0.09 | Jackpot $0 | Bingo $0 | Fortune $0 | Tax $0
Board [4c 7c Js]
Seat 1: 4f7b65b folded before Flop (didn't bet)
Seat 2: 8c7f1965 won ($1.74)
Seat 3: ad188e6d (button) folded before Flop (didn't bet)
Seat 4: Hero (small blind) folded before Flop
Seat 5: 7232ecfa (big blind) folded before Flop
Seat 6: 3f1dbcd0 folded on the Flop


Poker Hand #HD1764187879: Hold'em No Limit ($0.05/$0.1) - 2024/05/08 18:19:51
Table 'NLHRed70' 6-max Seat #2 is the button
Seat 1: 4f7b65b ($14.58 in chips)
Seat 2: 8c7f1965 ($11.45 in chips)
Seat 3: ad188e6d ($10 in chips)
Seat 4: Hero ($10 in chips)
Seat 5: 7232ecfa ($7.25 in chips)
Seat 6: 3f1dbcd0 ($21.72 in chips)
ad188e6d: posts small blind $0.05
Hero: posts big blind $0.1
*** HOLE CARDS ***
Dealt to 4f7b65b 
Dealt to 8c7f1965 
Dealt to ad188e6d 
Dealt to Hero [Qd 2c]
Dealt to 7232ecfa 
Dealt to 3f1dbcd0 
7232ecfa: folds
3f1dbcd0: folds
4f7b65b: folds
8c7f1965: folds
ad188e6d: folds
Uncalled bet ($0.05) returned to Hero
*** SHOWDOWN ***
Hero collected $0.1 from pot
*** SUMMARY ***
Total pot $0.1 | Rake $0 | Jackpot $0 | Bingo $0 | Fortune $0 | Tax $0
Seat 1: 4f7b65b folded before Flop (didn't bet)
Seat 2: 8c7f1965 (button) folded before Flop (didn't bet)
Seat 3: ad188e6d (small blind) folded before Flop
Seat 4: Hero (big blind) collected ($0.1)
Seat 5: 7232ecfa folded before Flop (didn't bet)
Seat 6: 3f1dbcd0 folded before Flop (didn't bet)


