Poker Hand #HD1836133410: Hold'em No Limit ($0.05/$0.1) - 2024/06/29 18:19:54
Table 'NLHRed35' 6-max Seat #3 is the button
Seat 1: Hero ($10 in chips)
Seat 3: c12d0382 ($13.99 in chips)
Seat 5: 42bcee7 ($9.9 in chips)
Seat 6: ecaa79a0 ($7.24 in chips)
42bcee7: posts small blind $0.05
ecaa79a0: posts big blind $0.1
*** HOLE CARDS ***
Dealt to Hero [9h As]
Dealt to c12d0382 
Dealt to 42bcee7 
Dealt to ecaa79a0 
Hero: folds
c12d0382: raises $0.15 to $0.25
42bcee7: folds
ecaa79a0: folds
Uncalled bet ($0.15) returned to c12d0382
*** SHOWDOWN ***
c12d0382 collected $0.25 from pot
*** SUMMARY ***
Total pot $0.25 | Rake $0 | Jackpot $0 | Bingo $0 | Fortune $0 | Tax $0
Seat 1: Hero folded before Flop (didn't bet)
Seat 3: c12d0382 (button) collected ($0.25)
Seat 5: 42bcee7 (small blind) folded before Flop
Seat 6: ecaa79a0 (big blind) folded before Flop


Poker Hand #HD1836133377: Hold'em No Limit ($0.05/$0.1) - 2024/06/29 18:19:40
Table 'NLHRed35' 6-max Seat #1 is the button
Seat 1: Hero ($10 in chips)
Seat 3: c12d0382 ($14.04 in chips)
Seat 5: 42bcee7 ($10 in chips)
Seat 6: ecaa79a0 ($7.09 in chips)
c12d0382: posts small blind $0.05
42bcee7: posts big blind $0.1
*** HOLE CARDS ***
Dealt to Hero [2s 8d]
Dealt to c12d0382 
Dealt to 42bcee7 
Dealt to ecaa79a0 
ecaa79a0: raises $0.15 to $0.25
Hero: folds
c12d0382: folds
42bcee7: folds
Uncalled bet ($0.15) returned to ecaa79a0
*** SHOWDOWN ***
ecaa79a0 collected $0.25 from pot
*** SUMMARY ***
Total pot $0.25 | Rake $0 | Jackpot $0 | Bingo $0 | Fortune $0 | Tax $0
Seat 1: Hero (button) folded before Flop (didn't bet)
Seat 3: c12d0382 (small blind) folded before Flop
Seat 5: 42bcee7 (big blind) folded before Flop
Seat 6: ecaa79a0 collected ($0.25)


Poker Hand #HD1836133357: Hold'em No Limit ($0.05/$0.1) - 2024/06/29 18:19:28
Table 'NLHRed35' 6-max Seat #6 is the button
Seat 1: Hero ($10 in chips)
Seat 3: c12d0382 ($14.14 in chips)
Seat 6: ecaa79a0 ($6.94 in chips)
Hero: posts small blind $0.05
c12d0382: posts big blind $0.1
*** HOLE CARDS ***
Dealt to Hero [4h Kc]
Dealt to c12d0382 
Dealt to ecaa79a0 
ecaa79a0: raises $0.15 to $0.25
Hero: folds
c12d0382: folds
Uncalled bet ($0.15) returned to ecaa79a0
*** SHOWDOWN ***
ecaa79a0 collected $0.25 from pot
*** SUMMARY ***
Total pot $0.25 | Rake $0 | Jackpot $0 | Bingo $0 | Fortune $0 | Tax $0
Seat 1: Hero (small blind) folded before Flop
Seat 3: c12d0382 (big blind) folded before Flop
Seat 6: ecaa79a0 (button) collected ($0.25)


Poker Hand #HD1836133335: Hold'em No Limit ($0.05/$0.1) - 2024/06/29 18:19:17
Table 'NLHRed35' 6-max Seat #3 is the button
Seat 1: Hero ($10 in chips)
Seat 3: c12d0382 ($14.14 in chips)
Seat 6: ecaa79a0 ($6.84 in chips)
ecaa79a0: posts small blind $0.05
Hero: posts big blind $0.1
*** HOLE CARDS ***
Dealt to Hero [Ad 3c]
Dealt to c12d0382 
Dealt to ecaa79a0 
c12d0382: folds
ecaa79a0: raises $0.1 to $0.2
Hero: folds
Uncalled bet ($0.1) returned to ecaa79a0
*** SHOWDOWN ***
ecaa79a0 collected $0.2 from pot
*** SUMMARY ***
Total pot $0.2 | Rake $0 | Jackpot $0 | Bingo $0 | Fortune $0 | Tax $0
Seat 1: Hero (big blind) folded before Flop
Seat 3: c12d0382 (button) folded before Flop (didn't bet)
Seat 6: ecaa79a0 (small blind) collected ($0.2)


Poker Hand #HD1836133318: Hold'em No Limit ($0.05/$0.1) - 2024/06/29 18:19:08
Table 'NLHRed35' 6-max Seat #1 is the button
Seat 1: Hero ($10 in chips)
Seat 3: c12d0382 ($14.19 in chips)
Seat 6: ecaa79a0 ($6.79 in chips)
c12d0382: posts small blind $0.05
ecaa79a0: posts big blind $0.1
*** HOLE CARDS ***
Dealt to Hero [7c 5s]
Dealt to c12d0382 
Dealt to ecaa79a0 
Hero: folds
c12d0382: folds
Uncalled bet ($0.05) returned to ecaa79a0
*** SHOWDOWN ***
ecaa79a0 collected $0.1 from pot
*** SUMMARY ***
Total pot $0.1 | Rake $0 | Jackpot $0 | Bingo $0 | Fortune $0 | Tax $0
Seat 1: Hero (button) folded before Flop (didn't bet)
Seat 3: c12d0382 (small blind) folded before Flop
Seat 6: ecaa79a0 (big blind) collected ($0.1)


Poker Hand #HD1836133302: Hold'em No Limit ($0.05/$0.1) - 2024/06/29 18:18:59
Table 'NLHRed35' 6-max Seat #6 is the button
Seat 1: Hero ($10 in chips)
Seat 3: c12d0382 ($14.29 in chips)
Seat 6: ecaa79a0 ($6.64 in chips)
Hero: posts small blind $0.05
c12d0382: posts big blind $0.1
*** HOLE CARDS ***
Dealt to Hero [2s 4s]
Dealt to c12d0382 
Dealt to ecaa79a0 
ecaa79a0: raises $0.15 to $0.25
Hero: folds
c12d0382: folds
Uncalled bet ($0.15) returned to ecaa79a0
*** SHOWDOWN ***
ecaa79a0 collected $0.25 from pot
*** SUMMARY ***
Total pot $0.25 | Rake $0 | Jackpot $0 | Bingo $0 | Fortune $0 | Tax $0
Seat 1: Hero (small blind) folded before Flop
Seat 3: c12d0382 (big blind) folded before Flop
Seat 6: ecaa79a0 (button) collected ($0.25)


Poker Hand #HD1836133175: Hold'em No Limit ($0.05/$0.1) - 2024/06/29 18:17:52
Table 'NLHRed35' 6-max Seat #3 is the button
Seat 1: Hero ($10 in chips)
Seat 3: c12d0382 ($11.94 in chips)
Seat 5: 8b0965a8 ($9.52 in chips)
Seat 6: ecaa79a0 ($8.69 in chips)
8b0965a8: posts small blind $0.05
ecaa79a0: posts big blind $0.1
*** HOLE CARDS ***
Dealt to Hero [3c Qc]
Dealt to c12d0382 
Dealt to 8b0965a8 
Dealt to ecaa79a0 
Hero: folds
c12d0382: raises $0.15 to $0.25
8b0965a8: calls $0.2
ecaa79a0: calls $0.15
*** FLOP *** [5d Qs Ac]
8b0965a8: checks
ecaa79a0: checks
c12d0382: bets $0.38
8b0965a8: calls $0.38
ecaa79a0: calls $0.38
*** TURN *** [5d Qs Ac] [4h]
8b0965a8: checks
ecaa79a0: checks
c12d0382: checks
*** RIVER *** [5d Qs Ac 4h] [9h]
8b0965a8: checks
ecaa79a0: bets $1.42
c12d0382: calls $1.42
8b0965a8: folds
ecaa79a0: shows [Jd Th] (Ace-High)
c12d0382: shows [Jc As] (Pair of Aces)
*** SHOWDOWN ***
c12d0382 collected $4.4 from pot
*** SUMMARY ***
Total pot $4.73 | Rake $0.23 | Jackpot $0.1 | Bingo $0 | Fortune $0 | Tax $0
Board [5d Qs Ac 4h 9h]
Seat 1: Hero folded before Flop (didn't bet)
Seat 3: c12d0382 (button) showed [Jc As] and won ($4.4) with Pair of Aces
Seat 5: 8b0965a8 (small blind) folded on the River
Seat 6: ecaa79a0 (big blind) showed [Jd Th] and lost with Ace-High


Poker Hand #HD1836133151: Hold'em No Limit ($0.05/$0.1) - 2024/06/29 18:17:42
Table 'NLHRed35' 6-max Seat #1 is the button
Seat 1: Hero ($10 in chips)
Seat 3: c12d0382 ($11.99 in chips)
Seat 5: 8b0965a8 ($9.47 in chips)
Seat 6: ecaa79a0 ($8.69 in chips)
c12d0382: posts small blind $0.05
8b0965a8: posts big blind $0.1
*** HOLE CARDS ***
Dealt to Hero [Ks 9h]
Dealt to c12d0382 
Dealt to 8b0965a8 
Dealt to ecaa79a0 
ecaa79a0: folds
Hero: folds
c12d0382: folds
Uncalled bet ($0.05) returned to 8b0965a8
*** SHOWDOWN ***
8b0965a8 collected $0.1 from pot
*** SUMMARY ***
Total pot $0.1 | Rake $0 | Jackpot $0 | Bingo $0 | Fortune $0 | Tax $0
Seat 1: Hero (button) folded before Flop (didn't bet)
Seat 3: c12d0382 (small blind) folded before Flop
Seat 5: 8b0965a8 (big blind) collected ($0.1)
Seat 6: ecaa79a0 folded before Flop (didn't bet)


Poker Hand #HD1836133134: Hold'em No Limit ($0.05/$0.1) - 2024/06/29 18:17:35
Table 'NLHRed35' 6-max Seat #6 is the button
Seat 1: Hero ($10 in chips)
Seat 3: c12d0382 ($11.94 in chips)
Seat 5: 8b0965a8 ($9.47 in chips)
Seat 6: ecaa79a0 ($8.69 in chips)
Hero: posts small blind $0.05
c12d0382: posts big blind $0.1
*** HOLE CARDS ***
Dealt to Hero [7d Tc]
Dealt to c12d0382 
Dealt to 8b0965a8 
Dealt to ecaa79a0 
8b0965a8: folds
ecaa79a0: folds
Hero: folds
Uncalled bet ($0.05) returned to c12d0382
*** SHOWDOWN ***
c12d0382 collected $0.1 from pot
*** SUMMARY ***
Total pot $0.1 | Rake $0 | Jackpot $0 | Bingo $0 | Fortune $0 | Tax $0
Seat 1: Hero (small blind) folded before Flop
Seat 3: c12d0382 (big blind) collected ($0.1)
Seat 5: 8b0965a8 folded before Flop (didn't bet)
Seat 6: ecaa79a0 (button) folded before Flop (didn't bet)


Poker Hand #HD1836133091: Hold'em No Limit ($0.05/$0.1) - 2024/06/29 18:17:07
Table 'NLHRed35' 6-max Seat #5 is the button
Seat 1: Hero ($10 in chips)
Seat 3: c12d0382 ($11.57 in chips)
Seat 5: 8b0965a8 ($9.72 in chips)
Seat 6: ecaa79a0 ($8.74 in chips)
ecaa79a0: posts small blind $0.05
Hero: posts big blind $0.1
*** HOLE CARDS ***
Dealt to Hero [2c Qs]
Dealt to c12d0382 
Dealt to 8b0965a8 
Dealt to ecaa79a0 
c12d0382: raises $0.15 to $0.25
8b0965a8: calls $0.25
ecaa79a0: folds
Hero: folds
*** FLOP *** [4c 7s 7h]
c12d0382: bets $0.22
8b0965a8: folds
Uncalled bet ($0.22) returned to c12d0382
*** SHOWDOWN ***
c12d0382 collected $0.62 from pot
*** SUMMARY ***
Total pot $0.65 | Rake $0.03 | Jackpot $0 | Bingo $0 | Fortune $0 | Tax $0
Board [4c 7s 7h]
Seat 1: Hero (big blind) folded before Flop
Seat 3: c12d0382 won ($0.62)
Seat 5: 8b0965a8 (button) folded on the Flop
Seat 6: ecaa79a0 (small blind) folded before Flop


Poker Hand #HD1836133050: Hold'em No Limit ($0.05/$0.1) - 2024/06/29 18:16:50
Table 'NLHRed35' 6-max Seat #3 is the button
Seat 1: Hero ($10 in chips)
Seat 3: c12d0382 ($11.57 in chips)
Seat 5: 8b0965a8 ($9.63 in chips)
Seat 6: ecaa79a0 ($8.84 in chips)
8b0965a8: posts small blind $0.05
ecaa79a0: posts big blind $0.1
*** HOLE CARDS ***
Dealt to Hero [7c Jh]
Dealt to c12d0382 
Dealt to 8b0965a8 
Dealt to ecaa79a0 
Hero: folds
c12d0382: folds
8b0965a8: calls $0.05
ecaa79a0: checks
*** FLOP *** [9c 3c 2h]
8b0965a8: bets $0.1
ecaa79a0: folds
Uncalled bet ($0.1) returned to 8b0965a8
*** SHOWDOWN ***
8b0965a8 collected $0.19 from pot
*** SUMMARY ***
Total pot $0.2 | Rake $0.01 | Jackpot $0 | Bingo $0 | Fortune $0 | Tax $0
Board [9c 3c 2h]
Seat 1: Hero folded before Flop (didn't bet)
Seat 3: c12d0382 (button) folded before Flop (didn't bet)
Seat 5: 8b0965a8 (small blind) won ($0.19)
Seat 6: ecaa79a0 (big blind) folded on the Flop


Poker Hand #HD1836133004: Hold'em No Limit ($0.05/$0.1) - 2024/06/29 18:16:27
Table 'NLHRed35' 6-max Seat #1 is the button
Seat 1: Hero ($10 in chips)
Seat 3: c12d0382 ($11.25 in chips)
Seat 5: 8b0965a8 ($9.73 in chips)
Seat 6: ecaa79a0 ($9.09 in chips)
c12d0382: posts small blind $0.05
8b0965a8: posts big blind $0.1
*** HOLE CARDS ***
Dealt to Hero [7s 9d]
Dealt to c12d0382 
Dealt to 8b0965a8 
Dealt to ecaa79a0 
ecaa79a0: raises $0.15 to $0.25
Hero: folds
c12d0382: raises $0.85 to $1.1
8b0965a8: folds
ecaa79a0: folds
Uncalled bet ($0.85) returned to c12d0382
*** SHOWDOWN ***
c12d0382 collected $0.57 from pot
*** SUMMARY ***
Total pot $0.6 | Rake $0.03 | Jackpot $0 | Bingo $0 | Fortune $0 | Tax $0
Seat 1: Hero (button) folded before Flop (didn't bet)
Seat 3: c12d0382 (small blind) collected ($0.57)
Seat 5: 8b0965a8 (big blind) folded before Flop
Seat 6: ecaa79a0 folded before Flop


Poker Hand #HD1836132981: Hold'em No Limit ($0.05/$0.1) - 2024/06/29 18:16:16
Table 'NLHRed35' 6-max Seat #6 is the button
Seat 1: Hero ($10 in chips)
Seat 3: c12d0382 ($11.35 in chips)
Seat 5: 8b0965a8 ($9.73 in chips)
Seat 6: ecaa79a0 ($8.94 in chips)
Hero: posts small blind $0.05
c12d0382: posts big blind $0.1
*** HOLE CARDS ***
Dealt to Hero [2c 7d]
Dealt to c12d0382 
Dealt to 8b0965a8 
Dealt to ecaa79a0 
8b0965a8: folds
ecaa79a0: raises $0.15 to $0.25
Hero: folds
c12d0382: folds
Uncalled bet ($0.15) returned to ecaa79a0
*** SHOWDOWN ***
ecaa79a0 collected $0.25 from pot
*** SUMMARY ***
Total pot $0.25 | Rake $0 | Jackpot $0 | Bingo $0 | Fortune $0 | Tax $0
Seat 1: Hero (small blind) folded before Flop
Seat 3: c12d0382 (big blind) folded before Flop
Seat 5: 8b0965a8 folded before Flop (didn't bet)
Seat 6: ecaa79a0 (button) collected ($0.25)


Poker Hand #HD1836132962: Hold'em No Limit ($0.05/$0.1) - 2024/06/29 18:16:05
Table 'NLHRed35' 6-max Seat #5 is the button
Seat 1: Hero ($10 in chips)
Seat 3: c12d0382 ($11.35 in chips)
Seat 5: 8b0965a8 ($9.73 in chips)
Seat 6: ecaa79a0 ($8.84 in chips)
ecaa79a0: posts small blind $0.05
Hero: posts big blind $0.1
*** HOLE CARDS ***
Dealt to Hero [Ts 8c]
Dealt to c12d0382 
Dealt to 8b0965a8 
Dealt to ecaa79a0 
c12d0382: folds
8b0965a8: folds
ecaa79a0: raises $0.2 to $0.3
Hero: folds
Uncalled bet ($0.2) returned to ecaa79a0
*** SHOWDOWN ***
ecaa79a0 collected $0.2 from pot
*** SUMMARY ***
Total pot $0.2 | Rake $0 | Jackpot $0 | Bingo $0 | Fortune $0 | Tax $0
Seat 1: Hero (big blind) folded before Flop
Seat 3: c12d0382 folded before Flop (didn't bet)
Seat 5: 8b0965a8 (button) folded before Flop (didn't bet)
Seat 6: ecaa79a0 (small blind) collected ($0.2)


Poker Hand #HD1836132885: Hold'em No Limit ($0.05/$0.1) - 2024/06/29 18:15:30
Table 'NLHRed35' 6-max Seat #3 is the button
Seat 1: Hero ($10.11 in chips)
Seat 3: c12d0382 ($11.35 in chips)
Seat 5: 8b0965a8 ($9.78 in chips)
Seat 6: ecaa79a0 ($8.4 in chips)
8b0965a8: posts small blind $0.05
ecaa79a0: posts big blind $0.1
*** HOLE CARDS ***
Dealt to Hero [Ad Qd]
Dealt to c12d0382 
Dealt to 8b0965a8 
Dealt to ecaa79a0 
Hero: raises $0.1 to $0.2
c12d0382: folds
8b0965a8: folds
ecaa79a0: calls $0.1
*** FLOP *** [6s 5h 7d]
ecaa79a0: checks
Hero: checks
*** TURN *** [6s 5h 7d] [9d]
ecaa79a0: bets $0.23
Hero: calls $0.23
*** RIVER *** [6s 5h 7d 9d] [2s]
ecaa79a0: bets $0.69
Hero: folds
Uncalled bet ($0.69) returned to ecaa79a0
*** SHOWDOWN ***
ecaa79a0 collected $0.87 from pot
*** SUMMARY ***
Total pot $0.91 | Rake $0.04 | Jackpot $0 | Bingo $0 | Fortune $0 | Tax $0
Board [6s 5h 7d 9d 2s]
Seat 1: Hero folded on the River
Seat 3: c12d0382 (button) folded before Flop (didn't bet)
Seat 5: 8b0965a8 (small blind) folded before Flop
Seat 6: ecaa79a0 (big blind) won ($0.87)


Poker Hand #HD1836132824: Hold'em No Limit ($0.05/$0.1) - 2024/06/29 18:14:57
Table 'NLHRed35' 6-max Seat #1 is the button
Seat 1: Hero ($10.91 in chips)
Seat 3: c12d0382 ($10.29 in chips)
Seat 5: 8b0965a8 ($9.88 in chips)
Seat 6: ecaa79a0 ($8.65 in chips)
c12d0382: posts small blind $0.05
8b0965a8: posts big blind $0.1
*** HOLE CARDS ***
Dealt to Hero [Kh Jc]
Dealt to c12d0382 
Dealt to 8b0965a8 
Dealt to ecaa79a0 
ecaa79a0: raises $0.15 to $0.25
Hero: raises $0.55 to $0.8
c12d0382: raises $1.2 to $2
8b0965a8: folds
ecaa79a0: folds
Hero: folds
Uncalled bet ($1.2) returned to c12d0382
*** SHOWDOWN ***
c12d0382 collected $1.86 from pot
*** SUMMARY ***
Total pot $1.95 | Rake $0.09 | Jackpot $0 | Bingo $0 | Fortune $0 | Tax $0
Seat 1: Hero (button) folded before Flop
Seat 3: c12d0382 (small blind) collected ($1.86)
Seat 5: 8b0965a8 (big blind) folded before Flop
Seat 6: ecaa79a0 folded before Flop


Poker Hand #HD1836132769: Hold'em No Limit ($0.05/$0.1) - 2024/06/29 18:14:29
Table 'NLHRed35' 6-max Seat #6 is the button
Seat 1: Hero ($10.96 in chips)
Seat 3: c12d0382 ($10.15 in chips)
Seat 5: 8b0965a8 ($9.98 in chips)
Seat 6: ecaa79a0 ($8.65 in chips)
Hero: posts small blind $0.05
c12d0382: posts big blind $0.1
*** HOLE CARDS ***
Dealt to Hero [Th 8d]
Dealt to c12d0382 
Dealt to 8b0965a8 
Dealt to ecaa79a0 
8b0965a8: calls $0.1
ecaa79a0: folds
Hero: folds
c12d0382: checks
*** FLOP *** [3d 6d 2d]
c12d0382: checks
8b0965a8: checks
*** TURN *** [3d 6d 2d] [7c]
c12d0382: bets $0.19
8b0965a8: folds
Uncalled bet ($0.19) returned to c12d0382
*** SHOWDOWN ***
c12d0382 collected $0.24 from pot
*** SUMMARY ***
Total pot $0.25 | Rake $0.01 | Jackpot $0 | Bingo $0 | Fortune $0 | Tax $0
Board [3d 6d 2d 7c]
Seat 1: Hero (small blind) folded before Flop
Seat 3: c12d0382 (big blind) won ($0.24)
Seat 5: 8b0965a8 folded on the Turn
Seat 6: ecaa79a0 (button) folded before Flop (didn't bet)


Poker Hand #HD1836132752: Hold'em No Limit ($0.05/$0.1) - 2024/06/29 18:14:21
Table 'NLHRed35' 6-max Seat #5 is the button
Seat 1: Hero ($11.06 in chips)
Seat 3: c12d0382 ($10 in chips)
Seat 5: 8b0965a8 ($9.98 in chips)
Seat 6: ecaa79a0 ($8.7 in chips)
ecaa79a0: posts small blind $0.05
Hero: posts big blind $0.1
*** HOLE CARDS ***
Dealt to Hero [5c Qc]
Dealt to c12d0382 
Dealt to 8b0965a8 
Dealt to ecaa79a0 
c12d0382: raises $0.15 to $0.25
8b0965a8: folds
ecaa79a0: folds
Hero: folds
Uncalled bet ($0.15) returned to c12d0382
*** SHOWDOWN ***
c12d0382 collected $0.25 from pot
*** SUMMARY ***
Total pot $0.25 | Rake $0 | Jackpot $0 | Bingo $0 | Fortune $0 | Tax $0
Seat 1: Hero (big blind) folded before Flop
Seat 3: c12d0382 collected ($0.25)
Seat 5: 8b0965a8 (button) folded before Flop (didn't bet)
Seat 6: ecaa79a0 (small blind) folded before Flop


Poker Hand #HD1836132655: Hold'em No Limit ($0.05/$0.1) - 2024/06/29 18:13:34
Table 'NLHRed35' 6-max Seat #3 is the button
Seat 1: Hero ($11.06 in chips)
Seat 3: c12d0382 ($10.1 in chips)
Seat 5: 8b0965a8 ($9.39 in chips)
Seat 6: ecaa79a0 ($8.8 in chips)
8b0965a8: posts small blind $0.05
ecaa79a0: posts big blind $0.1
*** HOLE CARDS ***
Dealt to Hero [9d 2c]
Dealt to c12d0382 
Dealt to 8b0965a8 
Dealt to ecaa79a0 
Hero: folds
c12d0382: raises $0.2 to $0.3
8b0965a8: calls $0.25
ecaa79a0: folds
*** FLOP *** [Qd 2s 4c]
8b0965a8: checks
c12d0382: bets $0.24
8b0965a8: calls $0.24
*** TURN *** [Qd 2s 4c] [7c]
8b0965a8: checks
c12d0382: checks
*** RIVER *** [Qd 2s 4c 7c] [6c]
8b0965a8: checks
c12d0382: checks
8b0965a8: shows [9s 4s] (Pair of Fours)
c12d0382: shows [Kd Js] (King-High)
*** SHOWDOWN ***
8b0965a8 collected $1.13 from pot
*** SUMMARY ***
Total pot $1.18 | Rake $0.05 | Jackpot $0 | Bingo $0 | Fortune $0 | Tax $0
Board [Qd 2s 4c 7c 6c]
Seat 1: Hero folded before Flop (didn't bet)
Seat 3: c12d0382 (button) showed [Kd Js] and lost with King-High
Seat 5: 8b0965a8 (small blind) showed [9s 4s] and won ($1.13) with Pair of Fours
Seat 6: ecaa79a0 (big blind) folded before Flop


Poker Hand #HD1836132630: Hold'em No Limit ($0.05/$0.1) - 2024/06/29 18:13:22
Table 'NLHRed35' 6-max Seat #1 is the button
Seat 1: Hero ($11.06 in chips)
Seat 3: c12d0382 ($10 in chips)
Seat 5: 8b0965a8 ($9.49 in chips)
Seat 6: ecaa79a0 ($8.8 in chips)
c12d0382: posts small blind $0.05
8b0965a8: posts big blind $0.1
*** HOLE CARDS ***
Dealt to Hero [Ah 6d]
Dealt to c12d0382 
Dealt to 8b0965a8 
Dealt to ecaa79a0 
ecaa79a0: folds
Hero: folds
c12d0382: raises $0.2 to $0.3
8b0965a8: folds
Uncalled bet ($0.2) returned to c12d0382
*** SHOWDOWN ***
c12d0382 collected $0.2 from pot
*** SUMMARY ***
Total pot $0.2 | Rake $0 | Jackpot $0 | Bingo $0 | Fortune $0 | Tax $0
Seat 1: Hero (button) folded before Flop (didn't bet)
Seat 3: c12d0382 (small blind) collected ($0.2)
Seat 5: 8b0965a8 (big blind) folded before Flop
Seat 6: ecaa79a0 folded before Flop (didn't bet)


Poker Hand #HD1836132568: Hold'em No Limit ($0.05/$0.1) - 2024/06/29 18:12:52
Table 'NLHRed35' 6-max Seat #6 is the button
Seat 1: Hero ($11.11 in chips)
Seat 3: c12d0382 ($10 in chips)
Seat 5: 8b0965a8 ($9.35 in chips)
Seat 6: ecaa79a0 ($8.8 in chips)
Hero: posts small blind $0.05
c12d0382: posts big blind $0.1
*** HOLE CARDS ***
Dealt to Hero [4c 4h]
Dealt to c12d0382 
Dealt to 8b0965a8 
Dealt to ecaa79a0 
8b0965a8: calls $0.1
ecaa79a0: folds
Hero: folds
c12d0382: checks
*** FLOP *** [Th Js 4d]
c12d0382: checks
8b0965a8: bets $0.13
c12d0382: folds
Uncalled bet ($0.13) returned to 8b0965a8
*** SHOWDOWN ***
8b0965a8 collected $0.24 from pot
*** SUMMARY ***
Total pot $0.25 | Rake $0.01 | Jackpot $0 | Bingo $0 | Fortune $0 | Tax $0
Board [Th Js 4d]
Seat 1: Hero (small blind) folded before Flop
Seat 3: c12d0382 (big blind) folded on the Flop
Seat 5: 8b0965a8 won ($0.24)
Seat 6: ecaa79a0 (button) folded before Flop (didn't bet)


Poker Hand #HD1836132556: Hold'em No Limit ($0.05/$0.1) - 2024/06/29 18:12:45
Table 'NLHRed35' 6-max Seat #5 is the button
Seat 1: Hero ($11.06 in chips)
Seat 3: c12d0382 ($10 in chips)
Seat 5: 8b0965a8 ($9.35 in chips)
Seat 6: ecaa79a0 ($8.85 in chips)
ecaa79a0: posts small blind $0.05
Hero: posts big blind $0.1
*** HOLE CARDS ***
Dealt to Hero [8s 7d]
Dealt to c12d0382 
Dealt to 8b0965a8 
Dealt to ecaa79a0 
c12d0382: folds
8b0965a8: folds
ecaa79a0: folds
Uncalled bet ($0.05) returned to Hero
*** SHOWDOWN ***
Hero collected $0.1 from pot
*** SUMMARY ***
Total pot $0.1 | Rake $0 | Jackpot $0 | Bingo $0 | Fortune $0 | Tax $0
Seat 1: Hero (big blind) collected ($0.1)
Seat 3: c12d0382 folded before Flop (didn't bet)
Seat 5: 8b0965a8 (button) folded before Flop (didn't bet)
Seat 6: ecaa79a0 (small blind) folded before Flop


Poker Hand #HD1836132482: Hold'em No Limit ($0.05/$0.1) - 2024/06/29 18:12:07
Table 'NLHRed35' 6-max Seat #3 is the button
Seat 1: Hero ($11.06 in chips)
Seat 3: c12d0382 ($10 in chips)
Seat 5: 8b0965a8 ($8.99 in chips)
Seat 6: ecaa79a0 ($9.25 in chips)
8b0965a8: posts small blind $0.05
ecaa79a0: posts big blind $0.1
*** HOLE CARDS ***
Dealt to Hero [Kh 7s]
Dealt to c12d0382 
Dealt to 8b0965a8 
Dealt to ecaa79a0 
Hero: folds
c12d0382: folds
8b0965a8: calls $0.05
ecaa79a0: checks
*** FLOP *** [Qc 9s 8h]
8b0965a8: bets $0.1
ecaa79a0: raises $0.2 to $0.3
8b0965a8: calls $0.2
*** TURN *** [Qc 9s 8h] [5s]
8b0965a8: checks
ecaa79a0: checks
*** RIVER *** [Qc 9s 8h 5s] [Qs]
8b0965a8: bets $0.27
ecaa79a0: folds
Uncalled bet ($0.27) returned to 8b0965a8
*** SHOWDOWN ***
8b0965a8 collected $0.76 from pot
*** SUMMARY ***
Total pot $0.8 | Rake $0.04 | Jackpot $0 | Bingo $0 | Fortune $0 | Tax $0
Board [Qc 9s 8h 5s Qs]
Seat 1: Hero folded before Flop (didn't bet)
Seat 3: c12d0382 (button) folded before Flop (didn't bet)
Seat 5: 8b0965a8 (small blind) won ($0.76)
Seat 6: ecaa79a0 (big blind) folded on the River


Poker Hand #HD1836132459: Hold'em No Limit ($0.05/$0.1) - 2024/06/29 18:11:58
Table 'NLHRed35' 6-max Seat #1 is the button
Seat 1: Hero ($11.06 in chips)
Seat 3: c12d0382 ($10 in chips)
Seat 5: 8b0965a8 ($8.94 in chips)
Seat 6: ecaa79a0 ($9.25 in chips)
c12d0382: posts small blind $0.05
8b0965a8: posts big blind $0.1
*** HOLE CARDS ***
Dealt to Hero [8h 5d]
Dealt to c12d0382 
Dealt to 8b0965a8 
Dealt to ecaa79a0 
ecaa79a0: folds
Hero: folds
c12d0382: folds
Uncalled bet ($0.05) returned to 8b0965a8
*** SHOWDOWN ***
8b0965a8 collected $0.1 from pot
*** SUMMARY ***
Total pot $0.1 | Rake $0 | Jackpot $0 | Bingo $0 | Fortune $0 | Tax $0
Seat 1: Hero (button) folded before Flop (didn't bet)
Seat 3: c12d0382 (small blind) folded before Flop
Seat 5: 8b0965a8 (big blind) collected ($0.1)
Seat 6: ecaa79a0 folded before Flop (didn't bet)


Poker Hand #HD1836132440: Hold'em No Limit ($0.05/$0.1) - 2024/06/29 18:11:46
Table 'NLHRed35' 6-max Seat #6 is the button
Seat 1: Hero ($11.11 in chips)
Seat 3: c12d0382 ($10 in chips)
Seat 5: 8b0965a8 ($8.94 in chips)
Seat 6: ecaa79a0 ($9.1 in chips)
Hero: posts small blind $0.05
c12d0382: posts big blind $0.1
*** HOLE CARDS ***
Dealt to Hero [9s Td]
Dealt to c12d0382 
Dealt to 8b0965a8 
Dealt to ecaa79a0 
8b0965a8: folds
ecaa79a0: raises $0.15 to $0.25
Hero: folds
c12d0382: folds
Uncalled bet ($0.15) returned to ecaa79a0
*** SHOWDOWN ***
ecaa79a0 collected $0.25 from pot
*** SUMMARY ***
Total pot $0.25 | Rake $0 | Jackpot $0 | Bingo $0 | Fortune $0 | Tax $0
Seat 1: Hero (small blind) folded before Flop
Seat 3: c12d0382 (big blind) folded before Flop
Seat 5: 8b0965a8 folded before Flop (didn't bet)
Seat 6: ecaa79a0 (button) collected ($0.25)


Poker Hand #HD1836132330: Hold'em No Limit ($0.05/$0.1) - 2024/06/29 18:10:52
Table 'NLHRed35' 6-max Seat #5 is the button
Seat 1: Hero ($10 in chips)
Seat 3: c12d0382 ($10 in chips)
Seat 5: 8b0965a8 ($10.12 in chips)
Seat 6: ecaa79a0 ($9.15 in chips)
ecaa79a0: posts small blind $0.05
Hero: posts big blind $0.1
*** HOLE CARDS ***
Dealt to Hero [Ks Kc]
Dealt to c12d0382 
Dealt to 8b0965a8 
Dealt to ecaa79a0 
c12d0382: folds
8b0965a8: calls $0.1
ecaa79a0: folds
Hero: raises $0.3 to $0.4
8b0965a8: calls $0.3
*** FLOP *** [8d 6c 5c]
Hero: bets $0.3
8b0965a8: calls $0.3
*** TURN *** [8d 6c 5c] [3d]
Hero: checks
8b0965a8: bets $0.48
Hero: calls $0.48
*** RIVER *** [8d 6c 5c 3d] [Js]
Hero: checks
8b0965a8: checks
Hero: shows [Ks Kc] (Pair of Kings)
8b0965a8: shows [6s As] (Pair of Sixes)
*** SHOWDOWN ***
Hero collected $2.29 from pot
*** SUMMARY ***
Total pot $2.41 | Rake $0.12 | Jackpot $0 | Bingo $0 | Fortune $0 | Tax $0
Board [8d 6c 5c 3d Js]
Seat 1: Hero (big blind) showed [Ks Kc] and won ($2.29) with Pair of Kings
Seat 3: c12d0382 folded before Flop (didn't bet)
Seat 5: 8b0965a8 (button) showed [6s As] and lost with Pair of Sixes
Seat 6: ecaa79a0 (small blind) folded before Flop


Poker Hand #HD1836132296: Hold'em No Limit ($0.05/$0.1) - 2024/06/29 18:10:31
Table 'NLHRed35' 6-max Seat #3 is the button
Seat 1: Hero ($10 in chips)
Seat 3: c12d0382 ($10 in chips)
Seat 5: 8b0965a8 ($9.94 in chips)
Seat 6: ecaa79a0 ($9.35 in chips)
8b0965a8: posts small blind $0.05
ecaa79a0: posts big blind $0.1
*** HOLE CARDS ***
Dealt to Hero [8s 5s]
Dealt to c12d0382 
Dealt to 8b0965a8 
Dealt to ecaa79a0 
Hero: folds
c12d0382: folds
8b0965a8: calls $0.05
ecaa79a0: checks
*** FLOP *** [6d 2c 6h]
8b0965a8: bets $0.1
ecaa79a0: calls $0.1
*** TURN *** [6d 2c 6h] [Ks]
8b0965a8: bets $0.14
ecaa79a0: folds
Uncalled bet ($0.14) returned to 8b0965a8
*** SHOWDOWN ***
8b0965a8 collected $0.38 from pot
*** SUMMARY ***
Total pot $0.4 | Rake $0.02 | Jackpot $0 | Bingo $0 | Fortune $0 | Tax $0
Board [6d 2c 6h Ks]
Seat 1: Hero folded before Flop (didn't bet)
Seat 3: c12d0382 (button) folded before Flop (didn't bet)
Seat 5: 8b0965a8 (small blind) won ($0.38)
Seat 6: ecaa79a0 (big blind) folded on the Turn


Poker Hand #HD1836132276: Hold'em No Limit ($0.05/$0.1) - 2024/06/29 18:10:23
Table 'NLHRed35' 6-max Seat #1 is the button
Seat 1: Hero ($10 in chips)
Seat 3: c12d0382 ($10.05 in chips)
Seat 5: 8b0965a8 ($9.89 in chips)
Seat 6: ecaa79a0 ($9.35 in chips)
c12d0382: posts small blind $0.05
8b0965a8: posts big blind $0.1
*** HOLE CARDS ***
Dealt to Hero [Qd 9c]
Dealt to c12d0382 
Dealt to 8b0965a8 
Dealt to ecaa79a0 
ecaa79a0: folds
Hero: folds
c12d0382: folds
Uncalled bet ($0.05) returned to 8b0965a8
*** SHOWDOWN ***
8b0965a8 collected $0.1 from pot
*** SUMMARY ***
Total pot $0.1 | Rake $0 | Jackpot $0 | Bingo $0 | Fortune $0 | Tax $0
Seat 1: Hero (button) folded before Flop (didn't bet)
Seat 3: c12d0382 (small blind) folded before Flop
Seat 5: 8b0965a8 (big blind) collected ($0.1)
Seat 6: ecaa79a0 folded before Flop (didn't bet)


Poker Hand #HD1836132231: Hold'em No Limit ($0.05/$0.1) - 2024/06/29 18:10:04
Table 'NLHRed35' 6-max Seat #6 is the button
Seat 1: Hero ($10 in chips)
Seat 3: c12d0382 ($10 in chips)
Seat 5: 8b0965a8 ($9.89 in chips)
Seat 6: ecaa79a0 ($9.35 in chips)
Hero: posts small blind $0.05
c12d0382: posts big blind $0.1
*** HOLE CARDS ***
Dealt to Hero [2s 5c]
Dealt to c12d0382 
Dealt to 8b0965a8 
Dealt to ecaa79a0 
8b0965a8: folds
ecaa79a0: folds
Hero: folds
Uncalled bet ($0.05) returned to c12d0382
*** SHOWDOWN ***
c12d0382 collected $0.1 from pot
*** SUMMARY ***
Total pot $0.1 | Rake $0 | Jackpot $0 | Bingo $0 | Fortune $0 | Tax $0
Seat 1: Hero (small blind) folded before Flop
Seat 3: c12d0382 (big blind) collected ($0.1)
Seat 5: 8b0965a8 folded before Flop (didn't bet)
Seat 6: ecaa79a0 (button) folded before Flop (didn't bet)


Poker Hand #HD1836132145: Hold'em No Limit ($0.05/$0.1) - 2024/06/29 18:09:17
Table 'NLHRed35' 6-max Seat #5 is the button
Seat 1: Hero ($10 in chips)
Seat 3: c12d0382 ($12.36 in chips)
Seat 5: 8b0965a8 ($5.18 in chips)
Seat 6: ecaa79a0 ($9.4 in chips)
ecaa79a0: posts small blind $0.05
Hero: posts big blind $0.1
*** HOLE CARDS ***
Dealt to Hero [5h 2s]
Dealt to c12d0382 
Dealt to 8b0965a8 
Dealt to ecaa79a0 
c12d0382: raises $0.15 to $0.25
8b0965a8: calls $0.25
ecaa79a0: folds
Hero: folds
*** FLOP *** [Js 7h 8h]
c12d0382: checks
8b0965a8: bets $0.22
c12d0382: calls $0.22
*** TURN *** [Js 7h 8h] [9s]
c12d0382: checks
8b0965a8: checks
*** RIVER *** [Js 7h 8h 9s] [Ts]
c12d0382: bets $1.64
8b0965a8: raises $3.07 to $4.71 and is all-in
c12d0382: calls $3.07
8b0965a8: shows [Jd Qs] (Queens-High Straight)
c12d0382: shows [Jc Kc] (Jacks-High Straight)
*** SHOWDOWN ***
8b0965a8 collected $9.89 from pot
*** SUMMARY ***
Total pot $10.51 | Rake $0.52 | Jackpot $0.1 | Bingo $0 | Fortune $0 | Tax $0
Board [Js 7h 8h 9s Ts]
Seat 1: Hero (big blind) folded before Flop
Seat 3: c12d0382 showed [Jc Kc] and lost with Jacks-High Straight
Seat 5: 8b0965a8 (button) showed [Jd Qs] and won ($9.89) with Queens-High Straight
Seat 6: ecaa79a0 (small blind) folded before Flop


Poker Hand #HD1836132122: Hold'em No Limit ($0.05/$0.1) - 2024/06/29 18:09:04
Table 'NLHRed35' 6-max Seat #3 is the button
Seat 1: Hero ($10 in chips)
Seat 3: c12d0382 ($12.36 in chips)
Seat 5: 8b0965a8 ($5.23 in chips)
Seat 6: ecaa79a0 ($9.35 in chips)
8b0965a8: posts small blind $0.05
ecaa79a0: posts big blind $0.1
*** HOLE CARDS ***
Dealt to Hero [9c Js]
Dealt to c12d0382 
Dealt to 8b0965a8 
Dealt to ecaa79a0 
Hero: folds
c12d0382: folds
8b0965a8: folds
Uncalled bet ($0.05) returned to ecaa79a0
*** SHOWDOWN ***
ecaa79a0 collected $0.1 from pot
*** SUMMARY ***
Total pot $0.1 | Rake $0 | Jackpot $0 | Bingo $0 | Fortune $0 | Tax $0
Seat 1: Hero folded before Flop (didn't bet)
Seat 3: c12d0382 (button) folded before Flop (didn't bet)
Seat 5: 8b0965a8 (small blind) folded before Flop
Seat 6: ecaa79a0 (big blind) collected ($0.1)


Poker Hand #HD1836132036: Hold'em No Limit ($0.05/$0.1) - 2024/06/29 18:08:18
Table 'NLHRed35' 6-max Seat #1 is the button
Seat 1: Hero ($10 in chips)
Seat 3: c12d0382 ($12.09 in chips)
Seat 5: 8b0965a8 ($5.53 in chips)
Seat 6: ecaa79a0 ($9.35 in chips)
c12d0382: posts small blind $0.05
8b0965a8: posts big blind $0.1
*** HOLE CARDS ***
Dealt to Hero [5h Qh]
Dealt to c12d0382 
Dealt to 8b0965a8 
Dealt to ecaa79a0 
ecaa79a0: folds
Hero: folds
c12d0382: raises $0.2 to $0.3
8b0965a8: calls $0.2
*** FLOP *** [Ts 7c 5s]
c12d0382: checks
8b0965a8: checks
*** TURN *** [Ts 7c 5s] [3h]
c12d0382: checks
8b0965a8: checks
*** RIVER *** [Ts 7c 5s 3h] [Kh]
c12d0382: bets $0.9
8b0965a8: folds
Uncalled bet ($0.9) returned to c12d0382
*** SHOWDOWN ***
c12d0382 collected $0.57 from pot
*** SUMMARY ***
Total pot $0.6 | Rake $0.03 | Jackpot $0 | Bingo $0 | Fortune $0 | Tax $0
Board [Ts 7c 5s 3h Kh]
Seat 1: Hero (button) folded before Flop (didn't bet)
Seat 3: c12d0382 (small blind) won ($0.57)
Seat 5: 8b0965a8 (big blind) folded on the River
Seat 6: ecaa79a0 folded before Flop (didn't bet)


Poker Hand #HD1836132014: Hold'em No Limit ($0.05/$0.1) - 2024/06/29 18:08:07
Table 'NLHRed35' 6-max Seat #6 is the button
Seat 1: Hero ($10 in chips)
Seat 3: c12d0382 ($12.19 in chips)
Seat 5: 8b0965a8 ($5.53 in chips)
Seat 6: ecaa79a0 ($9.2 in chips)
Hero: posts small blind $0.05
c12d0382: posts big blind $0.1
*** HOLE CARDS ***
Dealt to Hero [3c 8s]
Dealt to c12d0382 
Dealt to 8b0965a8 
Dealt to ecaa79a0 
8b0965a8: folds
ecaa79a0: raises $0.15 to $0.25
Hero: folds
c12d0382: folds
Uncalled bet ($0.15) returned to ecaa79a0
*** SHOWDOWN ***
ecaa79a0 collected $0.25 from pot
*** SUMMARY ***
Total pot $0.25 | Rake $0 | Jackpot $0 | Bingo $0 | Fortune $0 | Tax $0
Seat 1: Hero (small blind) folded before Flop
Seat 3: c12d0382 (big blind) folded before Flop
Seat 5: 8b0965a8 folded before Flop (didn't bet)
Seat 6: ecaa79a0 (button) collected ($0.25)


Poker Hand #HD1836131950: Hold'em No Limit ($0.05/$0.1) - 2024/06/29 18:07:33
Table 'NLHRed35' 6-max Seat #5 is the button
Seat 1: Hero ($10 in chips)
Seat 3: c12d0382 ($12.19 in chips)
Seat 5: 8b0965a8 ($4.8 in chips)
Seat 6: ecaa79a0 ($9.9 in chips)
ecaa79a0: posts small blind $0.05
Hero: posts big blind $0.1
*** HOLE CARDS ***
Dealt to Hero [5c Jh]
Dealt to c12d0382 
Dealt to 8b0965a8 
Dealt to ecaa79a0 
c12d0382: folds
8b0965a8: calls $0.1
ecaa79a0: raises $0.3 to $0.4
Hero: folds
8b0965a8: calls $0.3
*** FLOP *** [5d 5h Qc]
ecaa79a0: bets $0.3
8b0965a8: raises $0.5 to $0.8
ecaa79a0: folds
Uncalled bet ($0.5) returned to 8b0965a8
*** SHOWDOWN ***
8b0965a8 collected $1.43 from pot
*** SUMMARY ***
Total pot $1.5 | Rake $0.07 | Jackpot $0 | Bingo $0 | Fortune $0 | Tax $0
Board [5d 5h Qc]
Seat 1: Hero (big blind) folded before Flop
Seat 3: c12d0382 folded before Flop (didn't bet)
Seat 5: 8b0965a8 (button) won ($1.43)
Seat 6: ecaa79a0 (small blind) folded on the Flop


Poker Hand #HD1836131898: Hold'em No Limit ($0.05/$0.1) - 2024/06/29 18:07:11
Table 'NLHRed35' 6-max Seat #3 is the button
Seat 1: Hero ($10 in chips)
Seat 3: c12d0382 ($11.87 in chips)
Seat 5: 8b0965a8 ($5.05 in chips)
Seat 6: ecaa79a0 ($10 in chips)
8b0965a8: posts small blind $0.05
ecaa79a0: posts big blind $0.1
*** HOLE CARDS ***
Dealt to Hero [Js 6s]
Dealt to c12d0382 
Dealt to 8b0965a8 
Dealt to ecaa79a0 
Hero: folds
c12d0382: raises $0.15 to $0.25
8b0965a8: calls $0.2
ecaa79a0: folds
*** FLOP *** [Ac Jc Ts]
8b0965a8: checks
c12d0382: bets $0.3
8b0965a8: folds
Uncalled bet ($0.3) returned to c12d0382
*** SHOWDOWN ***
c12d0382 collected $0.57 from pot
*** SUMMARY ***
Total pot $0.6 | Rake $0.03 | Jackpot $0 | Bingo $0 | Fortune $0 | Tax $0
Board [Ac Jc Ts]
Seat 1: Hero folded before Flop (didn't bet)
Seat 3: c12d0382 (button) won ($0.57)
Seat 5: 8b0965a8 (small blind) folded on the Flop
Seat 6: ecaa79a0 (big blind) folded before Flop


Poker Hand #HD1836131876: Hold'em No Limit ($0.05/$0.1) - 2024/06/29 18:07:04
Table 'NLHRed35' 6-max Seat #1 is the button
Seat 1: Hero ($10 in chips)
Seat 3: c12d0382 ($11.92 in chips)
Seat 5: 8b0965a8 ($5 in chips)
c12d0382: posts small blind $0.05
8b0965a8: posts big blind $0.1
*** HOLE CARDS ***
Dealt to Hero [Th Qs]
Dealt to c12d0382 
Dealt to 8b0965a8 
Hero: folds
c12d0382: folds
Uncalled bet ($0.05) returned to 8b0965a8
*** SHOWDOWN ***
8b0965a8 collected $0.1 from pot
*** SUMMARY ***
Total pot $0.1 | Rake $0 | Jackpot $0 | Bingo $0 | Fortune $0 | Tax $0
Seat 1: Hero (button) folded before Flop (didn't bet)
Seat 3: c12d0382 (small blind) folded before Flop
Seat 5: 8b0965a8 (big blind) collected ($0.1)


Poker Hand #HD1836131714: Hold'em No Limit ($0.05/$0.1) - 2024/06/29 18:05:43
Table 'NLHRed35' 6-max Seat #3 is the button
Seat 1: Hero ($10.43 in chips)
Seat 3: c12d0382 ($10.13 in chips)
Seat 6: dbbbb759 ($32.62 in chips)
dbbbb759: posts small blind $0.05
Hero: posts big blind $0.1
*** HOLE CARDS ***
Dealt to Hero [Qs Td]
Dealt to c12d0382 
Dealt to dbbbb759 
c12d0382: raises $0.15 to $0.25
dbbbb759: folds
Hero: calls $0.15
*** FLOP *** [5s 4s Tc]
Hero: checks
c12d0382: bets $0.19
Hero: calls $0.19
*** TURN *** [5s 4s Tc] [Qh]
Hero: bets $0.5
c12d0382: calls $0.5
*** RIVER *** [5s 4s Tc Qh] [9s]
Hero: bets $1.1
c12d0382: calls $1.1
Hero: shows [Qs Td] (Pair of Queens and Pair of Tens)
c12d0382: shows [8s 6s] (Nine High Flush)
*** SHOWDOWN ***
c12d0382 collected $3.83 from pot
*** SUMMARY ***
Total pot $4.13 | Rake $0.2 | Jackpot $0.1 | Bingo $0 | Fortune $0 | Tax $0
Board [5s 4s Tc Qh 9s]
Seat 1: Hero (big blind) showed [Qs Td] and lost with Pair of Queens and Pair of Tens
Seat 3: c12d0382 (button) showed [8s 6s] and won ($3.83) with Nine High Flush
Seat 6: dbbbb759 (small blind) folded before Flop


Poker Hand #HD1836131479: Hold'em No Limit ($0.05/$0.1) - 2024/06/29 18:03:48
Table 'NLHRed35' 6-max Seat #1 is the button
Seat 1: Hero ($10.43 in chips)
Seat 2: c3c28f5b ($3.03 in chips)
Seat 3: c12d0382 ($10.23 in chips)
Seat 4: e27d27a9 ($13.75 in chips)
Seat 6: dbbbb759 ($16.83 in chips)
c3c28f5b: posts small blind $0.05
c12d0382: posts big blind $0.1
*** HOLE CARDS ***
Dealt to Hero [Th 6s]
Dealt to c3c28f5b 
Dealt to c12d0382 
Dealt to e27d27a9 
Dealt to dbbbb759 
e27d27a9: raises $0.11 to $0.21
dbbbb759: raises $0.43 to $0.64
Hero: folds
c3c28f5b: raises $1.2 to $1.84
c12d0382: folds
e27d27a9: calls $1.63
dbbbb759: calls $1.2
*** FLOP *** [4d 8c 9d]
c3c28f5b: checks
e27d27a9: checks
dbbbb759: bets $2.81
c3c28f5b: calls $1.19 and is all-in
e27d27a9: raises $9.1 to $11.91 and is all-in
dbbbb759: calls $9.1
e27d27a9: shows [9c 7c] (Pair of Nines)
dbbbb759: shows [Jd Jh] (Pair of Jacks)
c3c28f5b: shows [Ac Kc] (Ace-High)
*** TURN *** [4d 8c 9d] [8h]
*** RIVER *** [4d 8c 9d 8h] [3h]
*** SHOWDOWN ***
dbbbb759 collected $8.89 from pot
dbbbb759 collected $20.65 from pot
*** SUMMARY ***
Total pot $30.63 | Rake $0.99 | Jackpot $0.1 | Bingo $0 | Fortune $0 | Tax $0
Board [4d 8c 9d 8h 3h]
Seat 1: Hero (button) folded before Flop (didn't bet)
Seat 2: c3c28f5b (small blind) showed [Ac Kc] and lost with Pair of Eights
Seat 3: c12d0382 (big blind) folded before Flop
Seat 4: e27d27a9 showed [9c 7c] and lost with Pair of Nines and Pair of Eights
Seat 6: dbbbb759 showed [Jd Jh] and won ($29.54) with Pair of Jacks and Pair of Eights


Poker Hand #HD1836131313: Hold'em No Limit ($0.05/$0.1) - 2024/06/29 18:02:19
Table 'NLHRed35' 6-max Seat #6 is the button
Seat 1: Hero ($10.48 in chips)
Seat 2: c3c28f5b ($10 in chips)
Seat 3: c12d0382 ($10.23 in chips)
Seat 4: e27d27a9 ($13.75 in chips)
Seat 6: dbbbb759 ($10.6 in chips)
Hero: posts small blind $0.05
c3c28f5b: posts big blind $0.1
*** HOLE CARDS ***
Dealt to Hero [3h 4h]
Dealt to c3c28f5b 
Dealt to c12d0382 
Dealt to e27d27a9 
Dealt to dbbbb759 
c12d0382: folds
e27d27a9: folds
dbbbb759: raises $0.15 to $0.25
Hero: folds
c3c28f5b: raises $0.42 to $0.67
dbbbb759: calls $0.42
*** FLOP *** [Qh 5s Ah]
c3c28f5b: bets $0.7
dbbbb759: calls $0.7
*** TURN *** [Qh 5s Ah] [2c]
c3c28f5b: checks
dbbbb759: bets $2.1
c3c28f5b: calls $2.1
*** RIVER *** [Qh 5s Ah 2c] [Kc]
c3c28f5b: bets $3.5
dbbbb759: calls $3.5
c3c28f5b: shows [9s As] (Pair of Aces)
dbbbb759: shows [Ad 2d] (Pair of Aces and Pair of Twos)
*** SHOWDOWN ***
dbbbb759 collected $13.2 from pot
*** SUMMARY ***
Total pot $13.99 | Rake $0.69 | Jackpot $0.1 | Bingo $0 | Fortune $0 | Tax $0
Board [Qh 5s Ah 2c Kc]
Seat 1: Hero (small blind) folded before Flop
Seat 2: c3c28f5b (big blind) showed [9s As] and lost with Pair of Aces
Seat 3: c12d0382 folded before Flop (didn't bet)
Seat 4: e27d27a9 folded before Flop (didn't bet)
Seat 6: dbbbb759 (button) showed [Ad 2d] and won ($13.2) with Pair of Aces and Pair of Twos


Poker Hand #HD1836131192: Hold'em No Limit ($0.05/$0.1) - 2024/06/29 18:01:17
Table 'NLHRed35' 6-max Seat #4 is the button
Seat 1: Hero ($10.46 in chips)
Seat 2: c3c28f5b ($10 in chips)
Seat 3: c12d0382 ($10.23 in chips)
Seat 4: e27d27a9 ($13.75 in chips)
Seat 6: dbbbb759 ($10.65 in chips)
dbbbb759: posts small blind $0.05
Hero: posts big blind $0.1
*** HOLE CARDS ***
Dealt to Hero [Kd 8c]
Dealt to c3c28f5b 
Dealt to c12d0382 
Dealt to e27d27a9 
Dealt to dbbbb759 
c3c28f5b: calls $0.1
c12d0382: folds
e27d27a9: folds
dbbbb759: folds
Hero: checks
*** FLOP *** [3d Kh Jd]
Hero: checks
c3c28f5b: bets $0.25
Hero: calls $0.25
*** TURN *** [3d Kh Jd] [9s]
Hero: checks
c3c28f5b: checks
*** RIVER *** [3d Kh Jd 9s] [Jh]
Hero: checks
c3c28f5b: checks
Hero: shows [Kd 8c] (Pair of Kings and Pair of Jacks)
c3c28f5b: shows [5h Kc] (Pair of Kings and Pair of Jacks)
*** SHOWDOWN ***
Hero collected $0.37 from pot
c3c28f5b collected $0.35 from pot
*** SUMMARY ***
Total pot $0.75 | Rake $0.03 | Jackpot $0 | Bingo $0 | Fortune $0 | Tax $0
Board [3d Kh Jd 9s Jh]
Seat 1: Hero (big blind) showed [Kd 8c] and won ($0.37) with Pair of Kings and Pair of Jacks
Seat 2: c3c28f5b showed [5h Kc] and won ($0.35) with Pair of Kings and Pair of Jacks
Seat 3: c12d0382 folded before Flop (didn't bet)
Seat 4: e27d27a9 (button) folded before Flop (didn't bet)
Seat 6: dbbbb759 (small blind) folded before Flop


Poker Hand #HD1836131155: Hold'em No Limit ($0.05/$0.1) - 2024/06/29 18:00:59
Table 'NLHRed35' 6-max Seat #3 is the button
Seat 1: Hero ($10.46 in chips)
Seat 3: c12d0382 ($10.23 in chips)
Seat 4: e27d27a9 ($13.8 in chips)
Seat 5: 99e72154 ($18.61 in chips)
Seat 6: dbbbb759 ($10.5 in chips)
e27d27a9: posts small blind $0.05
99e72154: posts big blind $0.1
*** HOLE CARDS ***
Dealt to Hero [7s Ah]
Dealt to c12d0382 
Dealt to e27d27a9 
Dealt to 99e72154 
Dealt to dbbbb759 
dbbbb759: raises $0.15 to $0.25
Hero: folds
c12d0382: folds
e27d27a9: folds
99e72154: folds
Uncalled bet ($0.15) returned to dbbbb759
*** SHOWDOWN ***
dbbbb759 collected $0.25 from pot
*** SUMMARY ***
Total pot $0.25 | Rake $0 | Jackpot $0 | Bingo $0 | Fortune $0 | Tax $0
Seat 1: Hero folded before Flop (didn't bet)
Seat 3: c12d0382 (button) folded before Flop (didn't bet)
Seat 4: e27d27a9 (small blind) folded before Flop
Seat 5: 99e72154 (big blind) folded before Flop
Seat 6: dbbbb759 collected ($0.25)


Poker Hand #HD1836131005: Hold'em No Limit ($0.05/$0.1) - 2024/06/29 17:59:45
Table 'NLHRed35' 6-max Seat #1 is the button
Seat 1: Hero ($10.46 in chips)
Seat 2: c3c28f5b ($5.95 in chips)
Seat 3: c12d0382 ($10.53 in chips)
Seat 4: e27d27a9 ($13.8 in chips)
Seat 5: 99e72154 ($13.06 in chips)
Seat 6: dbbbb759 ($10.5 in chips)
c3c28f5b: posts small blind $0.05
c12d0382: posts big blind $0.1
*** HOLE CARDS ***
Dealt to Hero [9h 6s]
Dealt to c3c28f5b 
Dealt to c12d0382 
Dealt to e27d27a9 
Dealt to 99e72154 
Dealt to dbbbb759 
e27d27a9: folds
99e72154: raises $0.2 to $0.3
dbbbb759: folds
Hero: folds
c3c28f5b: calls $0.25
c12d0382: calls $0.2
*** FLOP *** [2h 8s Kc]
c3c28f5b: checks
c12d0382: checks
99e72154: bets $0.3
c3c28f5b: calls $0.3
c12d0382: folds
*** TURN *** [2h 8s Kc] [As]
c3c28f5b: bets $1.13
99e72154: raises $11.33 to $12.46 and is all-in
c3c28f5b: calls $4.22 and is all-in
Uncalled bet ($7.11) returned to 99e72154
99e72154: shows [Ah Kh] (Pair of Aces and Pair of Kings)
c3c28f5b: shows [Ac 3h] (Pair of Aces)
*** RIVER *** [2h 8s Kc As] [3c]
*** SHOWDOWN ***
99e72154 collected $11.5 from pot
*** SUMMARY ***
Total pot $12.2 | Rake $0.6 | Jackpot $0.1 | Bingo $0 | Fortune $0 | Tax $0
Board [2h 8s Kc As 3c]
Seat 1: Hero (button) folded before Flop (didn't bet)
Seat 2: c3c28f5b (small blind) showed [Ac 3h] and lost with Pair of Aces and Pair of Treys
Seat 3: c12d0382 (big blind) folded on the Flop
Seat 4: e27d27a9 folded before Flop (didn't bet)
Seat 5: 99e72154 showed [Ah Kh] and won ($11.5) with Pair of Aces and Pair of Kings
Seat 6: dbbbb759 folded before Flop (didn't bet)


Poker Hand #HD1836130932: Hold'em No Limit ($0.05/$0.1) - 2024/06/29 17:59:09
Table 'NLHRed35' 6-max Seat #6 is the button
Seat 1: Hero ($10.51 in chips)
Seat 2: c3c28f5b ($6.05 in chips)
Seat 3: c12d0382 ($10.53 in chips)
Seat 4: e27d27a9 ($13.8 in chips)
Seat 5: 99e72154 ($12.91 in chips)
Seat 6: dbbbb759 ($10.5 in chips)
Hero: posts small blind $0.05
c3c28f5b: posts big blind $0.1
*** HOLE CARDS ***
Dealt to Hero [8c Ah]
Dealt to c3c28f5b 
Dealt to c12d0382 
Dealt to e27d27a9 
Dealt to 99e72154 
Dealt to dbbbb759 
c12d0382: folds
e27d27a9: folds
99e72154: raises $0.2 to $0.3
dbbbb759: folds
Hero: folds
c3c28f5b: folds
Uncalled bet ($0.2) returned to 99e72154
*** SHOWDOWN ***
99e72154 collected $0.25 from pot
*** SUMMARY ***
Total pot $0.25 | Rake $0 | Jackpot $0 | Bingo $0 | Fortune $0 | Tax $0
Seat 1: Hero (small blind) folded before Flop
Seat 2: c3c28f5b (big blind) folded before Flop
Seat 3: c12d0382 folded before Flop (didn't bet)
Seat 4: e27d27a9 folded before Flop (didn't bet)
Seat 5: 99e72154 collected ($0.25)
Seat 6: dbbbb759 (button) folded before Flop (didn't bet)


Poker Hand #HD1836130887: Hold'em No Limit ($0.05/$0.1) - 2024/06/29 17:58:47
Table 'NLHRed35' 6-max Seat #5 is the button
Seat 1: Hero ($10.61 in chips)
Seat 2: c3c28f5b ($5.9 in chips)
Seat 3: c12d0382 ($10.53 in chips)
Seat 4: e27d27a9 ($13.8 in chips)
Seat 5: 99e72154 ($12.91 in chips)
Seat 6: dbbbb759 ($10.55 in chips)
dbbbb759: posts small blind $0.05
Hero: posts big blind $0.1
c3c28f5b: posts big blind $0.1
*** HOLE CARDS ***
Dealt to Hero [3d Qs]
Dealt to c3c28f5b 
Dealt to c12d0382 
Dealt to e27d27a9 
Dealt to 99e72154 
Dealt to dbbbb759 
c3c28f5b: raises $0.1 to $0.2
c12d0382: folds
e27d27a9: folds
99e72154: folds
dbbbb759: folds
Hero: folds
Uncalled bet ($0.1) returned to c3c28f5b
*** SHOWDOWN ***
c3c28f5b collected $0.25 from pot
*** SUMMARY ***
Total pot $0.25 | Rake $0 | Jackpot $0 | Bingo $0 | Fortune $0 | Tax $0
Seat 1: Hero (big blind) folded before Flop
Seat 2: c3c28f5b collected ($0.25)
Seat 3: c12d0382 folded before Flop (didn't bet)
Seat 4: e27d27a9 folded before Flop (didn't bet)
Seat 5: 99e72154 (button) folded before Flop (didn't bet)
Seat 6: dbbbb759 (small blind) folded before Flop


Poker Hand #HD1836130838: Hold'em No Limit ($0.05/$0.1) - 2024/06/29 17:58:23
Table 'NLHRed35' 6-max Seat #4 is the button
Seat 1: Hero ($10.61 in chips)
Seat 3: c12d0382 ($10.53 in chips)
Seat 4: e27d27a9 ($13.8 in chips)
Seat 5: 99e72154 ($12.96 in chips)
Seat 6: dbbbb759 ($10.5 in chips)
99e72154: posts small blind $0.05
dbbbb759: posts big blind $0.1
*** HOLE CARDS ***
Dealt to Hero [7h 6d]
Dealt to c12d0382 
Dealt to e27d27a9 
Dealt to 99e72154 
Dealt to dbbbb759 
Hero: folds
c12d0382: folds
e27d27a9: folds
99e72154: folds
Uncalled bet ($0.05) returned to dbbbb759
*** SHOWDOWN ***
dbbbb759 collected $0.1 from pot
*** SUMMARY ***
Total pot $0.1 | Rake $0 | Jackpot $0 | Bingo $0 | Fortune $0 | Tax $0
Seat 1: Hero folded before Flop (didn't bet)
Seat 3: c12d0382 folded before Flop (didn't bet)
Seat 4: e27d27a9 (button) folded before Flop (didn't bet)
Seat 5: 99e72154 (small blind) folded before Flop
Seat 6: dbbbb759 (big blind) collected ($0.1)


Poker Hand #HD1836130807: Hold'em No Limit ($0.05/$0.1) - 2024/06/29 17:58:10
Table 'NLHRed35' 6-max Seat #3 is the button
Seat 1: Hero ($10.61 in chips)
Seat 3: c12d0382 ($10.53 in chips)
Seat 4: e27d27a9 ($13.85 in chips)
Seat 5: 99e72154 ($12.91 in chips)
Seat 6: dbbbb759 ($10.5 in chips)
e27d27a9: posts small blind $0.05
99e72154: posts big blind $0.1
*** HOLE CARDS ***
Dealt to Hero [3c 9h]
Dealt to c12d0382 
Dealt to e27d27a9 
Dealt to 99e72154 
Dealt to dbbbb759 
dbbbb759: folds
Hero: folds
c12d0382: folds
e27d27a9: folds
Uncalled bet ($0.05) returned to 99e72154
*** SHOWDOWN ***
99e72154 collected $0.1 from pot
*** SUMMARY ***
Total pot $0.1 | Rake $0 | Jackpot $0 | Bingo $0 | Fortune $0 | Tax $0
Seat 1: Hero folded before Flop (didn't bet)
Seat 3: c12d0382 (button) folded before Flop (didn't bet)
Seat 4: e27d27a9 (small blind) folded before Flop
Seat 5: 99e72154 (big blind) collected ($0.1)
Seat 6: dbbbb759 folded before Flop (didn't bet)


Poker Hand #HD1836130744: Hold'em No Limit ($0.05/$0.1) - 2024/06/29 17:57:38
Table 'NLHRed35' 6-max Seat #1 is the button
Seat 1: Hero ($10.19 in chips)
Seat 3: c12d0382 ($10.58 in chips)
Seat 4: e27d27a9 ($13.95 in chips)
Seat 5: 99e72154 ($13.21 in chips)
Seat 6: dbbbb759 ($10.5 in chips)
c12d0382: posts small blind $0.05
e27d27a9: posts big blind $0.1
*** HOLE CARDS ***
Dealt to Hero [Qs Ks]
Dealt to c12d0382 
Dealt to e27d27a9 
Dealt to 99e72154 
Dealt to dbbbb759 
99e72154: raises $0.2 to $0.3
dbbbb759: folds
Hero: raises $0.6 to $0.9
c12d0382: folds
e27d27a9: folds
99e72154: folds
Uncalled bet ($0.6) returned to Hero
*** SHOWDOWN ***
Hero collected $0.72 from pot
*** SUMMARY ***
Total pot $0.75 | Rake $0.03 | Jackpot $0 | Bingo $0 | Fortune $0 | Tax $0
Seat 1: Hero (button) collected ($0.72)
Seat 3: c12d0382 (small blind) folded before Flop
Seat 4: e27d27a9 (big blind) folded before Flop
Seat 5: 99e72154 folded before Flop
Seat 6: dbbbb759 folded before Flop (didn't bet)


Poker Hand #HD1836130701: Hold'em No Limit ($0.05/$0.1) - 2024/06/29 17:57:16
Table 'NLHRed35' 6-max Seat #6 is the button
Seat 1: Hero ($10.24 in chips)
Seat 3: c12d0382 ($10.53 in chips)
Seat 4: e27d27a9 ($13.95 in chips)
Seat 5: 99e72154 ($13.21 in chips)
Seat 6: dbbbb759 ($10.5 in chips)
Hero: posts small blind $0.05
c12d0382: posts big blind $0.1
*** HOLE CARDS ***
Dealt to Hero [8h 3d]
Dealt to c12d0382 
Dealt to e27d27a9 
Dealt to 99e72154 
Dealt to dbbbb759 
e27d27a9: folds
99e72154: folds
dbbbb759: folds
Hero: folds
Uncalled bet ($0.05) returned to c12d0382
*** SHOWDOWN ***
c12d0382 collected $0.1 from pot
*** SUMMARY ***
Total pot $0.1 | Rake $0 | Jackpot $0 | Bingo $0 | Fortune $0 | Tax $0
Seat 1: Hero (small blind) folded before Flop
Seat 3: c12d0382 (big blind) collected ($0.1)
Seat 4: e27d27a9 folded before Flop (didn't bet)
Seat 5: 99e72154 folded before Flop (didn't bet)
Seat 6: dbbbb759 (button) folded before Flop (didn't bet)


Poker Hand #HD1836130589: Hold'em No Limit ($0.05/$0.1) - 2024/06/29 17:56:22
Table 'NLHRed35' 6-max Seat #5 is the button
Seat 1: Hero ($10 in chips)
Seat 3: c12d0382 ($10.53 in chips)
Seat 4: e27d27a9 ($14.16 in chips)
Seat 5: 99e72154 ($13.21 in chips)
Seat 6: dbbbb759 ($10.55 in chips)
dbbbb759: posts small blind $0.05
Hero: posts big blind $0.1
*** HOLE CARDS ***
Dealt to Hero [Qh Ah]
Dealt to c12d0382 
Dealt to e27d27a9 
Dealt to 99e72154 
Dealt to dbbbb759 
c12d0382: folds
e27d27a9: raises $0.11 to $0.21
99e72154: folds
dbbbb759: folds
Hero: raises $0.79 to $1
e27d27a9: folds
Uncalled bet ($0.79) returned to Hero
*** SHOWDOWN ***
Hero collected $0.45 from pot
*** SUMMARY ***
Total pot $0.47 | Rake $0.02 | Jackpot $0 | Bingo $0 | Fortune $0 | Tax $0
Seat 1: Hero (big blind) collected ($0.45)
Seat 3: c12d0382 folded before Flop (didn't bet)
Seat 4: e27d27a9 folded before Flop
Seat 5: 99e72154 (button) folded before Flop (didn't bet)
Seat 6: dbbbb759 (small blind) folded before Flop


