Poker Hand #HD1806751038: Hold'em No Limit ($0.05/$0.1) - 2024/06/08 16:51:21
Table 'NLHRed2' 6-max Seat #2 is the button
Seat 1: 34e57d12 ($6.46 in chips)
Seat 2: d5c7e7c1 ($10.08 in chips)
Seat 3: ee16bc57 ($10.96 in chips)
Seat 4: b493712c ($10.28 in chips)
Seat 5: 578010ca ($10 in chips)
Seat 6: Hero ($28.81 in chips)
ee16bc57: posts small blind $0.05
b493712c: posts big blind $0.1
*** HOLE CARDS ***
Dealt to 34e57d12 
Dealt to d5c7e7c1 
Dealt to ee16bc57 
Dealt to b493712c 
Dealt to 578010ca 
Dealt to Hero [8h 3c]
578010ca: folds
Hero: folds
34e57d12: folds
d5c7e7c1: folds
ee16bc57: raises $0.1 to $0.2
b493712c: calls $0.1
*** FLOP *** [Kd 9h Jd]
ee16bc57: bets $0.1
b493712c: calls $0.1
*** TURN *** [Kd 9h Jd] [As]
ee16bc57: bets $0.3
b493712c: folds
Uncalled bet ($0.3) returned to ee16bc57
*** SHOWDOWN ***
ee16bc57 collected $0.57 from pot
*** SUMMARY ***
Total pot $0.6 | Rake $0.03 | Jackpot $0 | Bingo $0 | Fortune $0 | Tax $0
Board [Kd 9h Jd As]
Seat 1: 34e57d12 folded before Flop (didn't bet)
Seat 2: d5c7e7c1 (button) folded before Flop (didn't bet)
Seat 3: ee16bc57 (small blind) won ($0.57)
Seat 4: b493712c (big blind) folded on the Turn
Seat 5: 578010ca folded before Flop (didn't bet)
Seat 6: Hero folded before Flop (didn't bet)


Poker Hand #HD1806750886: Hold'em No Limit ($0.05/$0.1) - 2024/06/08 16:50:12
Table 'NLHRed2' 6-max Seat #1 is the button
Seat 1: 34e57d12 ($6.27 in chips)
Seat 2: d5c7e7c1 ($10.18 in chips)
Seat 3: ee16bc57 ($11.06 in chips)
Seat 4: b493712c ($10.28 in chips)
Seat 5: 578010ca ($10 in chips)
Seat 6: Hero ($28.81 in chips)
d5c7e7c1: posts small blind $0.05
ee16bc57: posts big blind $0.1
*** HOLE CARDS ***
Dealt to 34e57d12 
Dealt to d5c7e7c1 
Dealt to ee16bc57 
Dealt to b493712c 
Dealt to 578010ca 
Dealt to Hero [Ks 5s]
b493712c: folds
578010ca: folds
Hero: folds
34e57d12: calls $0.1
d5c7e7c1: calls $0.05
ee16bc57: checks
*** FLOP *** [8h 2h Ah]
d5c7e7c1: checks
ee16bc57: checks
34e57d12: checks
*** TURN *** [8h 2h Ah] [Qh]
d5c7e7c1: checks
ee16bc57: checks
34e57d12: checks
*** RIVER *** [8h 2h Ah Qh] [9s]
d5c7e7c1: checks
ee16bc57: checks
34e57d12: checks
d5c7e7c1: shows [Tc 6c] (Ace-High)
ee16bc57: shows [Js 4d] (Ace-High)
34e57d12: shows [Kd 4s] (Ace-High)
*** SHOWDOWN ***
34e57d12 collected $0.29 from pot
*** SUMMARY ***
Total pot $0.3 | Rake $0.01 | Jackpot $0 | Bingo $0 | Fortune $0 | Tax $0
Board [8h 2h Ah Qh 9s]
Seat 1: 34e57d12 (button) showed [Kd 4s] and won ($0.29) with Ace-High
Seat 2: d5c7e7c1 (small blind) showed [Tc 6c] and lost with Ace-High
Seat 3: ee16bc57 (big blind) showed [Js 4d] and lost with Ace-High
Seat 4: b493712c folded before Flop (didn't bet)
Seat 5: 578010ca folded before Flop (didn't bet)
Seat 6: Hero folded before Flop (didn't bet)


Poker Hand #HD1806750806: Hold'em No Limit ($0.05/$0.1) - 2024/06/08 16:49:37
Table 'NLHRed2' 6-max Seat #6 is the button
Seat 1: 34e57d12 ($6.32 in chips)
Seat 2: d5c7e7c1 ($10.28 in chips)
Seat 3: ee16bc57 ($10.91 in chips)
Seat 4: b493712c ($10.28 in chips)
Seat 5: 578010ca ($10 in chips)
Seat 6: Hero ($28.81 in chips)
34e57d12: posts small blind $0.05
d5c7e7c1: posts big blind $0.1
*** HOLE CARDS ***
Dealt to 34e57d12 
Dealt to d5c7e7c1 
Dealt to ee16bc57 
Dealt to b493712c 
Dealt to 578010ca 
Dealt to Hero [5h 5d]
ee16bc57: raises $0.1 to $0.2
b493712c: folds
578010ca: folds
Hero: folds
34e57d12: folds
d5c7e7c1: folds
Uncalled bet ($0.1) returned to ee16bc57
*** SHOWDOWN ***
ee16bc57 collected $0.25 from pot
*** SUMMARY ***
Total pot $0.25 | Rake $0 | Jackpot $0 | Bingo $0 | Fortune $0 | Tax $0
Seat 1: 34e57d12 (small blind) folded before Flop
Seat 2: d5c7e7c1 (big blind) folded before Flop
Seat 3: ee16bc57 collected ($0.25)
Seat 4: b493712c folded before Flop (didn't bet)
Seat 5: 578010ca folded before Flop (didn't bet)
Seat 6: Hero (button) folded before Flop (didn't bet)


Poker Hand #HD1806750740: Hold'em No Limit ($0.05/$0.1) - 2024/06/08 16:49:03
Table 'NLHRed2' 6-max Seat #5 is the button
Seat 1: 34e57d12 ($6.57 in chips)
Seat 2: d5c7e7c1 ($10.28 in chips)
Seat 3: ee16bc57 ($10.91 in chips)
Seat 4: b493712c ($10 in chips)
Seat 5: 578010ca ($10 in chips)
Seat 6: Hero ($28.86 in chips)
Hero: posts small blind $0.05
34e57d12: posts big blind $0.1
*** HOLE CARDS ***
Dealt to 34e57d12 
Dealt to d5c7e7c1 
Dealt to ee16bc57 
Dealt to b493712c 
Dealt to 578010ca 
Dealt to Hero [9d 7s]
d5c7e7c1: folds
ee16bc57: folds
b493712c: raises $0.15 to $0.25
578010ca: folds
Hero: folds
34e57d12: calls $0.15
*** FLOP *** [Ah 2c 6s]
34e57d12: checks
b493712c: bets $0.2
34e57d12: folds
Uncalled bet ($0.2) returned to b493712c
*** SHOWDOWN ***
b493712c collected $0.53 from pot
*** SUMMARY ***
Total pot $0.55 | Rake $0.02 | Jackpot $0 | Bingo $0 | Fortune $0 | Tax $0
Board [Ah 2c 6s]
Seat 1: 34e57d12 (big blind) folded on the Flop
Seat 2: d5c7e7c1 folded before Flop (didn't bet)
Seat 3: ee16bc57 folded before Flop (didn't bet)
Seat 4: b493712c won ($0.53)
Seat 5: 578010ca (button) folded before Flop (didn't bet)
Seat 6: Hero (small blind) folded before Flop


Poker Hand #HD1806750694: Hold'em No Limit ($0.05/$0.1) - 2024/06/08 16:48:38
Table 'NLHRed2' 6-max Seat #4 is the button
Seat 1: 34e57d12 ($6.42 in chips)
Seat 2: d5c7e7c1 ($10.28 in chips)
Seat 3: ee16bc57 ($10.91 in chips)
Seat 4: b493712c ($10 in chips)
Seat 5: 578010ca ($10.05 in chips)
Seat 6: Hero ($28.96 in chips)
578010ca: posts small blind $0.05
Hero: posts big blind $0.1
*** HOLE CARDS ***
Dealt to 34e57d12 
Dealt to d5c7e7c1 
Dealt to ee16bc57 
Dealt to b493712c 
Dealt to 578010ca 
Dealt to Hero [2s 4d]
34e57d12: raises $0.1 to $0.2
d5c7e7c1: folds
ee16bc57: folds
b493712c: folds
578010ca: folds
Hero: folds
Uncalled bet ($0.1) returned to 34e57d12
*** SHOWDOWN ***
34e57d12 collected $0.25 from pot
*** SUMMARY ***
Total pot $0.25 | Rake $0 | Jackpot $0 | Bingo $0 | Fortune $0 | Tax $0
Seat 1: 34e57d12 collected ($0.25)
Seat 2: d5c7e7c1 folded before Flop (didn't bet)
Seat 3: ee16bc57 folded before Flop (didn't bet)
Seat 4: b493712c (button) folded before Flop (didn't bet)
Seat 5: 578010ca (small blind) folded before Flop
Seat 6: Hero (big blind) folded before Flop


Poker Hand #HD1806750678: Hold'em No Limit ($0.05/$0.1) - 2024/06/08 16:48:29
Table 'NLHRed2' 6-max Seat #3 is the button
Seat 1: 34e57d12 ($6.42 in chips)
Seat 2: d5c7e7c1 ($10.28 in chips)
Seat 3: ee16bc57 ($10.91 in chips)
Seat 4: b493712c ($10 in chips)
Seat 5: 578010ca ($10 in chips)
Seat 6: Hero ($28.96 in chips)
b493712c: posts small blind $0.05
578010ca: posts big blind $0.1
*** HOLE CARDS ***
Dealt to 34e57d12 
Dealt to d5c7e7c1 
Dealt to ee16bc57 
Dealt to b493712c 
Dealt to 578010ca 
Dealt to Hero [6c 7h]
Hero: folds
34e57d12: folds
d5c7e7c1: folds
ee16bc57: folds
b493712c: folds
Uncalled bet ($0.05) returned to 578010ca
*** SHOWDOWN ***
578010ca collected $0.1 from pot
*** SUMMARY ***
Total pot $0.1 | Rake $0 | Jackpot $0 | Bingo $0 | Fortune $0 | Tax $0
Seat 1: 34e57d12 folded before Flop (didn't bet)
Seat 2: d5c7e7c1 folded before Flop (didn't bet)
Seat 3: ee16bc57 (button) folded before Flop (didn't bet)
Seat 4: b493712c (small blind) folded before Flop
Seat 5: 578010ca (big blind) collected ($0.1)
Seat 6: Hero folded before Flop (didn't bet)


Poker Hand #HD1806750629: Hold'em No Limit ($0.05/$0.1) - 2024/06/08 16:48:04
Table 'NLHRed2' 6-max Seat #2 is the button
Seat 1: 34e57d12 ($6.42 in chips)
Seat 2: d5c7e7c1 ($10.28 in chips)
Seat 3: ee16bc57 ($10 in chips)
Seat 4: b493712c ($10 in chips)
Seat 6: Hero ($29.86 in chips)
ee16bc57: posts small blind $0.05
b493712c: posts big blind $0.1
*** HOLE CARDS ***
Dealt to 34e57d12 
Dealt to d5c7e7c1 
Dealt to ee16bc57 
Dealt to b493712c 
Dealt to Hero [Jh Qh]
Hero: raises $0.1 to $0.2
34e57d12: folds
d5c7e7c1: folds
ee16bc57: raises $0.7 to $0.9
b493712c: folds
Hero: calls $0.7
*** FLOP *** [Ks 3d 2h]
ee16bc57: bets $0.6
Hero: folds
Uncalled bet ($0.6) returned to ee16bc57
*** SHOWDOWN ***
ee16bc57 collected $1.81 from pot
*** SUMMARY ***
Total pot $1.9 | Rake $0.09 | Jackpot $0 | Bingo $0 | Fortune $0 | Tax $0
Board [Ks 3d 2h]
Seat 1: 34e57d12 folded before Flop (didn't bet)
Seat 2: d5c7e7c1 (button) folded before Flop (didn't bet)
Seat 3: ee16bc57 (small blind) won ($1.81)
Seat 4: b493712c (big blind) folded before Flop
Seat 6: Hero folded on the Flop


Poker Hand #HD1806750584: Hold'em No Limit ($0.05/$0.1) - 2024/06/08 16:47:45
Table 'NLHRed2' 6-max Seat #1 is the button
Seat 1: 34e57d12 ($6.27 in chips)
Seat 2: d5c7e7c1 ($10.33 in chips)
Seat 3: ee16bc57 ($10 in chips)
Seat 6: Hero ($29.86 in chips)
d5c7e7c1: posts small blind $0.05
ee16bc57: posts big blind $0.1
*** HOLE CARDS ***
Dealt to 34e57d12 
Dealt to d5c7e7c1 
Dealt to ee16bc57 
Dealt to Hero [Js 7d]
Hero: folds
34e57d12: raises $0.1 to $0.2
d5c7e7c1: folds
ee16bc57: folds
Uncalled bet ($0.1) returned to 34e57d12
*** SHOWDOWN ***
34e57d12 collected $0.25 from pot
*** SUMMARY ***
Total pot $0.25 | Rake $0 | Jackpot $0 | Bingo $0 | Fortune $0 | Tax $0
Seat 1: 34e57d12 (button) collected ($0.25)
Seat 2: d5c7e7c1 (small blind) folded before Flop
Seat 3: ee16bc57 (big blind) folded before Flop
Seat 6: Hero folded before Flop (didn't bet)


Poker Hand #HD1806750480: Hold'em No Limit ($0.05/$0.1) - 2024/06/08 16:46:49
Table 'NLHRed2' 6-max Seat #6 is the button
Seat 1: 34e57d12 ($4.27 in chips)
Seat 2: d5c7e7c1 ($10.43 in chips)
Seat 3: ee16bc57 ($10 in chips)
Seat 5: 940c8c0b ($2 in chips)
Seat 6: Hero ($29.86 in chips)
34e57d12: posts small blind $0.05
d5c7e7c1: posts big blind $0.1
940c8c0b: posts missed blind $0.05
*** HOLE CARDS ***
Dealt to 34e57d12 
Dealt to d5c7e7c1 
Dealt to ee16bc57 
Dealt to 940c8c0b 
Dealt to Hero [7c 4h]
ee16bc57: raises $0.1 to $0.2
940c8c0b: raises $1.75 to $1.95 and is all-in
Hero: folds
34e57d12: calls $1.9
d5c7e7c1: folds
ee16bc57: folds
940c8c0b: shows [Ad Qc]
34e57d12: shows [Ts Tc]
*** FLOP *** [6s Js 4s]
*** TURN *** [6s Js 4s] [Td]
*** RIVER *** [6s Js 4s Td] [3c]
*** SHOWDOWN ***
34e57d12 collected $3.95 from pot
*** SUMMARY ***
Total pot $4.25 | Rake $0.2 | Jackpot $0.1 | Bingo $0 | Fortune $0 | Tax $0
Board [6s Js 4s Td 3c]
Seat 1: 34e57d12 (small blind) showed [Ts Tc] and won ($3.95) with Three Tens
Seat 2: d5c7e7c1 (big blind) folded before Flop
Seat 3: ee16bc57 folded before Flop
Seat 5: 940c8c0b showed [Ad Qc] and lost with Ace-High
Seat 6: Hero (button) folded before Flop (didn't bet)


Poker Hand #HD1806750425: Hold'em No Limit ($0.05/$0.1) - 2024/06/08 16:46:24
Table 'NLHRed2' 6-max Seat #3 is the button
Seat 1: 34e57d12 ($4.04 in chips)
Seat 2: d5c7e7c1 ($10.43 in chips)
Seat 3: ee16bc57 ($10 in chips)
Seat 6: Hero ($29.91 in chips)
Hero: posts small blind $0.05
34e57d12: posts big blind $0.1
*** HOLE CARDS ***
Dealt to 34e57d12 
Dealt to d5c7e7c1 
Dealt to ee16bc57 
Dealt to Hero [3c 3s]
d5c7e7c1: folds
ee16bc57: raises $0.1 to $0.2
Hero: folds
34e57d12: calls $0.1
*** FLOP *** [Td Qc Qd]
34e57d12: checks
ee16bc57: checks
*** TURN *** [Td Qc Qd] [Ks]
34e57d12: bets $0.15
ee16bc57: folds
Uncalled bet ($0.15) returned to 34e57d12
*** SHOWDOWN ***
34e57d12 collected $0.43 from pot
*** SUMMARY ***
Total pot $0.45 | Rake $0.02 | Jackpot $0 | Bingo $0 | Fortune $0 | Tax $0
Board [Td Qc Qd Ks]
Seat 1: 34e57d12 (big blind) won ($0.43)
Seat 2: d5c7e7c1 folded before Flop (didn't bet)
Seat 3: ee16bc57 (button) folded on the Turn
Seat 6: Hero (small blind) folded before Flop


Poker Hand #HD1806750343: Hold'em No Limit ($0.05/$0.1) - 2024/06/08 16:45:37
Table 'NLHRed2' 6-max Seat #2 is the button
Seat 1: 34e57d12 ($2.28 in chips)
Seat 2: d5c7e7c1 ($10.43 in chips)
Seat 3: ee16bc57 ($10 in chips)
Seat 5: 940c8c0b ($2 in chips)
Seat 6: Hero ($29.91 in chips)
ee16bc57: posts small blind $0.05
940c8c0b: posts big blind $0.1
*** HOLE CARDS ***
Dealt to 34e57d12 
Dealt to d5c7e7c1 
Dealt to ee16bc57 
Dealt to 940c8c0b 
Dealt to Hero [3s 5h]
Hero: folds
34e57d12: raises $0.2 to $0.3
d5c7e7c1: folds
ee16bc57: folds
940c8c0b: raises $1.7 to $2 and is all-in
34e57d12: calls $1.7
940c8c0b: shows [Kc Qh]
34e57d12: shows [Ad Js]
*** FLOP *** [Qd 7d Ts]
*** TURN *** [Qd 7d Ts] [3d]
*** RIVER *** [Qd 7d Ts 3d] [As]
*** SHOWDOWN ***
34e57d12 collected $3.76 from pot
*** SUMMARY ***
Total pot $4.05 | Rake $0.19 | Jackpot $0.1 | Bingo $0 | Fortune $0 | Tax $0
Board [Qd 7d Ts 3d As]
Seat 1: 34e57d12 showed [Ad Js] and won ($3.76) with Pair of Aces
Seat 2: d5c7e7c1 (button) folded before Flop (didn't bet)
Seat 3: ee16bc57 (small blind) folded before Flop
Seat 5: 940c8c0b (big blind) showed [Kc Qh] and lost with Pair of Queens
Seat 6: Hero folded before Flop (didn't bet)


Poker Hand #HD1806750295: Hold'em No Limit ($0.05/$0.1) - 2024/06/08 16:45:13
Table 'NLHRed2' 6-max Seat #1 is the button
Seat 1: 34e57d12 ($2.13 in chips)
Seat 2: d5c7e7c1 ($10.48 in chips)
Seat 3: ee16bc57 ($10 in chips)
Seat 4: 8a26afb ($10.3 in chips)
Seat 5: f550ff97 ($15.26 in chips)
Seat 6: Hero ($29.91 in chips)
d5c7e7c1: posts small blind $0.05
ee16bc57: posts big blind $0.1
*** HOLE CARDS ***
Dealt to 34e57d12 
Dealt to d5c7e7c1 
Dealt to ee16bc57 
Dealt to 8a26afb 
Dealt to f550ff97 
Dealt to Hero [Kh 6c]
8a26afb: folds
f550ff97: folds
Hero: folds
34e57d12: raises $0.1 to $0.2
d5c7e7c1: folds
ee16bc57: folds
Uncalled bet ($0.1) returned to 34e57d12
*** SHOWDOWN ***
34e57d12 collected $0.25 from pot
*** SUMMARY ***
Total pot $0.25 | Rake $0 | Jackpot $0 | Bingo $0 | Fortune $0 | Tax $0
Seat 1: 34e57d12 (button) collected ($0.25)
Seat 2: d5c7e7c1 (small blind) folded before Flop
Seat 3: ee16bc57 (big blind) folded before Flop
Seat 4: 8a26afb folded before Flop (didn't bet)
Seat 5: f550ff97 folded before Flop (didn't bet)
Seat 6: Hero folded before Flop (didn't bet)


Poker Hand #HD1806750217: Hold'em No Limit ($0.05/$0.1) - 2024/06/08 16:44:33
Table 'NLHRed2' 6-max Seat #6 is the button
Seat 1: 34e57d12 ($2.47 in chips)
Seat 2: d5c7e7c1 ($10.17 in chips)
Seat 4: 8a26afb ($10.3 in chips)
Seat 5: f550ff97 ($15.26 in chips)
Seat 6: Hero ($29.91 in chips)
34e57d12: posts small blind $0.05
d5c7e7c1: posts big blind $0.1
*** HOLE CARDS ***
Dealt to 34e57d12 
Dealt to d5c7e7c1 
Dealt to 8a26afb 
Dealt to f550ff97 
Dealt to Hero [3h 8d]
8a26afb: folds
f550ff97: folds
Hero: folds
34e57d12: raises $0.1 to $0.2
d5c7e7c1: calls $0.1
*** FLOP *** [6d Ac 9c]
34e57d12: checks
d5c7e7c1: checks
*** TURN *** [6d Ac 9c] [7h]
34e57d12: checks
d5c7e7c1: checks
*** RIVER *** [6d Ac 9c 7h] [3c]
34e57d12: checks
d5c7e7c1: bets $0.14
34e57d12: calls $0.14
d5c7e7c1: shows [8s Ah] (Pair of Aces)
34e57d12: shows [Td Kh] (Ace-High)
*** SHOWDOWN ***
d5c7e7c1 collected $0.65 from pot
*** SUMMARY ***
Total pot $0.68 | Rake $0.03 | Jackpot $0 | Bingo $0 | Fortune $0 | Tax $0
Board [6d Ac 9c 7h 3c]
Seat 1: 34e57d12 (small blind) showed [Td Kh] and lost with Ace-High
Seat 2: d5c7e7c1 (big blind) showed [8s Ah] and won ($0.65) with Pair of Aces
Seat 4: 8a26afb folded before Flop (didn't bet)
Seat 5: f550ff97 folded before Flop (didn't bet)
Seat 6: Hero (button) folded before Flop (didn't bet)


Poker Hand #HD1806750186: Hold'em No Limit ($0.05/$0.1) - 2024/06/08 16:44:14
Table 'NLHRed2' 6-max Seat #5 is the button
Seat 1: 34e57d12 ($2.57 in chips)
Seat 2: d5c7e7c1 ($10.17 in chips)
Seat 4: 8a26afb ($10.15 in chips)
Seat 5: f550ff97 ($15.26 in chips)
Seat 6: Hero ($29.96 in chips)
Hero: posts small blind $0.05
34e57d12: posts big blind $0.1
*** HOLE CARDS ***
Dealt to 34e57d12 
Dealt to d5c7e7c1 
Dealt to 8a26afb 
Dealt to f550ff97 
Dealt to Hero [Jh 9s]
d5c7e7c1: folds
8a26afb: raises $0.15 to $0.25
f550ff97: folds
Hero: folds
34e57d12: folds
Uncalled bet ($0.15) returned to 8a26afb
*** SHOWDOWN ***
8a26afb collected $0.25 from pot
*** SUMMARY ***
Total pot $0.25 | Rake $0 | Jackpot $0 | Bingo $0 | Fortune $0 | Tax $0
Seat 1: 34e57d12 (big blind) folded before Flop
Seat 2: d5c7e7c1 folded before Flop (didn't bet)
Seat 4: 8a26afb collected ($0.25)
Seat 5: f550ff97 (button) folded before Flop (didn't bet)
Seat 6: Hero (small blind) folded before Flop


Poker Hand #HD1806750161: Hold'em No Limit ($0.05/$0.1) - 2024/06/08 16:44:01
Table 'NLHRed2' 6-max Seat #4 is the button
Seat 1: 34e57d12 ($2.57 in chips)
Seat 2: d5c7e7c1 ($10.17 in chips)
Seat 4: 8a26afb ($10 in chips)
Seat 5: f550ff97 ($15.31 in chips)
Seat 6: Hero ($30.06 in chips)
f550ff97: posts small blind $0.05
Hero: posts big blind $0.1
*** HOLE CARDS ***
Dealt to 34e57d12 
Dealt to d5c7e7c1 
Dealt to 8a26afb 
Dealt to f550ff97 
Dealt to Hero [8d Ts]
34e57d12: folds
d5c7e7c1: folds
8a26afb: raises $0.15 to $0.25
f550ff97: folds
Hero: folds
Uncalled bet ($0.15) returned to 8a26afb
*** SHOWDOWN ***
8a26afb collected $0.25 from pot
*** SUMMARY ***
Total pot $0.25 | Rake $0 | Jackpot $0 | Bingo $0 | Fortune $0 | Tax $0
Seat 1: 34e57d12 folded before Flop (didn't bet)
Seat 2: d5c7e7c1 folded before Flop (didn't bet)
Seat 4: 8a26afb (button) collected ($0.25)
Seat 5: f550ff97 (small blind) folded before Flop
Seat 6: Hero (big blind) folded before Flop


Poker Hand #HD1806750079: Hold'em No Limit ($0.05/$0.1) - 2024/06/08 16:43:15
Table 'NLHRed2' 6-max Seat #2 is the button
Seat 1: 34e57d12 ($2 in chips)
Seat 2: d5c7e7c1 ($10.17 in chips)
Seat 4: 8a26afb ($10 in chips)
Seat 5: f550ff97 ($15.51 in chips)
Seat 6: Hero ($30.06 in chips)
8a26afb: posts small blind $0.05
f550ff97: posts big blind $0.1
34e57d12: posts big blind $0.1
34e57d12: posts missed blind $0.05
*** HOLE CARDS ***
Dealt to 34e57d12 
Dealt to d5c7e7c1 
Dealt to 8a26afb 
Dealt to f550ff97 
Dealt to Hero [8c 2c]
Hero: folds
34e57d12: raises $0.1 to $0.2
d5c7e7c1: folds
8a26afb: calls $0.15
f550ff97: calls $0.1
*** FLOP *** [6d Ac Ad]
8a26afb: checks
f550ff97: checks
34e57d12: bets $0.22
8a26afb: calls $0.22
f550ff97: folds
*** TURN *** [6d Ac Ad] [7s]
8a26afb: checks
34e57d12: bets $0.55
8a26afb: folds
Uncalled bet ($0.55) returned to 34e57d12
*** SHOWDOWN ***
34e57d12 collected $1.04 from pot
*** SUMMARY ***
Total pot $1.09 | Rake $0.05 | Jackpot $0 | Bingo $0 | Fortune $0 | Tax $0
Board [6d Ac Ad 7s]
Seat 1: 34e57d12 won ($1.04)
Seat 2: d5c7e7c1 (button) folded before Flop (didn't bet)
Seat 4: 8a26afb (small blind) folded on the Turn
Seat 5: f550ff97 (big blind) folded on the Flop
Seat 6: Hero folded before Flop (didn't bet)


Poker Hand #HD1806749931: Hold'em No Limit ($0.05/$0.1) - 2024/06/08 16:42:00
Table 'NLHRed2' 6-max Seat #6 is the button
Seat 2: d5c7e7c1 ($10.33 in chips)
Seat 4: 8a26afb ($10 in chips)
Seat 5: f550ff97 ($15.51 in chips)
Seat 6: Hero ($30.06 in chips)
d5c7e7c1: posts small blind $0.05
8a26afb: posts big blind $0.1
*** HOLE CARDS ***
Dealt to d5c7e7c1 
Dealt to 8a26afb 
Dealt to f550ff97 
Dealt to Hero [7h Ts]
f550ff97: folds
Hero: folds
d5c7e7c1: raises $0.2 to $0.3
8a26afb: calls $0.2
*** FLOP *** [7c 2s Ad]
d5c7e7c1: bets $0.2
8a26afb: calls $0.2
*** TURN *** [7c 2s Ad] [Jc]
d5c7e7c1: bets $0.66
8a26afb: raises $1.16 to $1.82
d5c7e7c1: calls $1.16
*** RIVER *** [7c 2s Ad Jc] [Qs]
d5c7e7c1: checks
8a26afb: checks
d5c7e7c1: shows [9c Ac] (Pair of Aces)
8a26afb: shows [As 9d] (Pair of Aces)
*** SHOWDOWN ***
d5c7e7c1 collected $2.16 from pot
8a26afb collected $2.16 from pot
*** SUMMARY ***
Total pot $4.64 | Rake $0.22 | Jackpot $0.1 | Bingo $0 | Fortune $0 | Tax $0
Board [7c 2s Ad Jc Qs]
Seat 2: d5c7e7c1 (small blind) showed [9c Ac] and won ($2.16) with Pair of Aces
Seat 4: 8a26afb (big blind) showed [As 9d] and won ($2.16) with Pair of Aces
Seat 5: f550ff97 folded before Flop (didn't bet)
Seat 6: Hero (button) folded before Flop (didn't bet)


Poker Hand #HD1806749879: Hold'em No Limit ($0.05/$0.1) - 2024/06/08 16:41:35
Table 'NLHRed2' 6-max Seat #5 is the button
Seat 2: d5c7e7c1 ($10.43 in chips)
Seat 4: 8a26afb ($10 in chips)
Seat 5: f550ff97 ($15.51 in chips)
Seat 6: Hero ($29.78 in chips)
Hero: posts small blind $0.05
d5c7e7c1: posts big blind $0.1
*** HOLE CARDS ***
Dealt to d5c7e7c1 
Dealt to 8a26afb 
Dealt to f550ff97 
Dealt to Hero [Ks Jh]
8a26afb: raises $0.1 to $0.2
f550ff97: folds
Hero: raises $0.9 to $1.1
d5c7e7c1: folds
8a26afb: folds
Uncalled bet ($0.9) returned to Hero
*** SHOWDOWN ***
Hero collected $0.48 from pot
*** SUMMARY ***
Total pot $0.5 | Rake $0.02 | Jackpot $0 | Bingo $0 | Fortune $0 | Tax $0
Seat 2: d5c7e7c1 (big blind) folded before Flop
Seat 4: 8a26afb folded before Flop
Seat 5: f550ff97 (button) folded before Flop (didn't bet)
Seat 6: Hero (small blind) collected ($0.48)


Poker Hand #HD1806749747: Hold'em No Limit ($0.05/$0.1) - 2024/06/08 16:40:22
Table 'NLHRed2' 6-max Seat #4 is the button
Seat 1: 34e57d12 ($1.83 in chips)
Seat 2: d5c7e7c1 ($10.43 in chips)
Seat 3: 3f7efa47 ($3.87 in chips)
Seat 4: 8a26afb ($10 in chips)
Seat 5: f550ff97 ($10.28 in chips)
Seat 6: Hero ($29.88 in chips)
f550ff97: posts small blind $0.05
Hero: posts big blind $0.1
*** HOLE CARDS ***
Dealt to 34e57d12 
Dealt to d5c7e7c1 
Dealt to 3f7efa47 
Dealt to 8a26afb 
Dealt to f550ff97 
Dealt to Hero [7h 5s]
34e57d12: raises $0.1 to $0.2
d5c7e7c1: folds
3f7efa47: raises $0.1 to $0.3
8a26afb: folds
f550ff97: calls $0.25
Hero: folds
34e57d12: calls $0.1
*** FLOP *** [9d 7c 9h]
f550ff97: checks
34e57d12: checks
3f7efa47: bets $0.35
f550ff97: calls $0.35
34e57d12: calls $0.35
*** TURN *** [9d 7c 9h] [Qc]
f550ff97: checks
34e57d12: checks
3f7efa47: bets $1.05
f550ff97: raises $1.05 to $2.1
34e57d12: calls $1.18 and is all-in
3f7efa47: calls $1.05
*** RIVER *** [9d 7c 9h Qc] [2s]
f550ff97: bets $1.4
3f7efa47: calls $1.12 and is all-in
Uncalled bet ($0.28) returned to f550ff97
f550ff97: shows [5c 9c] (Three Nines)
34e57d12: shows [Kd Js] (Pair of Nines)
3f7efa47: shows [Qh Kh] (Pair of Queens and Pair of Nines)
*** SHOWDOWN ***
f550ff97 collected $5.26 from pot
f550ff97 collected $3.84 from pot
*** SUMMARY ***
Total pot $9.67 | Rake $0.47 | Jackpot $0.1 | Bingo $0 | Fortune $0 | Tax $0
Board [9d 7c 9h Qc 2s]
Seat 1: 34e57d12 showed [Kd Js] and lost with Pair of Nines
Seat 2: d5c7e7c1 folded before Flop (didn't bet)
Seat 3: 3f7efa47 showed [Qh Kh] and lost with Pair of Queens and Pair of Nines
Seat 4: 8a26afb (button) folded before Flop (didn't bet)
Seat 5: f550ff97 (small blind) showed [5c 9c] and won ($9.1) with Three Nines
Seat 6: Hero (big blind) folded before Flop


Poker Hand #HD1806749688: Hold'em No Limit ($0.05/$0.1) - 2024/06/08 16:39:53
Table 'NLHRed2' 6-max Seat #3 is the button
Seat 1: 34e57d12 ($1.83 in chips)
Seat 2: d5c7e7c1 ($10.43 in chips)
Seat 3: 3f7efa47 ($3.72 in chips)
Seat 4: 8a26afb ($10 in chips)
Seat 5: f550ff97 ($10.38 in chips)
Seat 6: Hero ($29.88 in chips)
8a26afb: posts small blind $0.05
f550ff97: posts big blind $0.1
*** HOLE CARDS ***
Dealt to 34e57d12 
Dealt to d5c7e7c1 
Dealt to 3f7efa47 
Dealt to 8a26afb 
Dealt to f550ff97 
Dealt to Hero [9c Jh]
Hero: folds
34e57d12: folds
d5c7e7c1: folds
3f7efa47: raises $0.1 to $0.2
8a26afb: folds
f550ff97: folds
Uncalled bet ($0.1) returned to 3f7efa47
*** SHOWDOWN ***
3f7efa47 collected $0.25 from pot
*** SUMMARY ***
Total pot $0.25 | Rake $0 | Jackpot $0 | Bingo $0 | Fortune $0 | Tax $0
Seat 1: 34e57d12 folded before Flop (didn't bet)
Seat 2: d5c7e7c1 folded before Flop (didn't bet)
Seat 3: 3f7efa47 (button) collected ($0.25)
Seat 4: 8a26afb (small blind) folded before Flop
Seat 5: f550ff97 (big blind) folded before Flop
Seat 6: Hero folded before Flop (didn't bet)


Poker Hand #HD1806749636: Hold'em No Limit ($0.05/$0.1) - 2024/06/08 16:39:25
Table 'NLHRed2' 6-max Seat #2 is the button
Seat 1: 34e57d12 ($1.83 in chips)
Seat 2: d5c7e7c1 ($10.43 in chips)
Seat 3: 3f7efa47 ($3.63 in chips)
Seat 4: 8a26afb ($10 in chips)
Seat 5: f550ff97 ($10.38 in chips)
Seat 6: Hero ($29.88 in chips)
3f7efa47: posts small blind $0.05
8a26afb: posts big blind $0.1
*** HOLE CARDS ***
Dealt to 34e57d12 
Dealt to d5c7e7c1 
Dealt to 3f7efa47 
Dealt to 8a26afb 
Dealt to f550ff97 
Dealt to Hero [Ts 5s]
f550ff97: folds
Hero: folds
34e57d12: folds
d5c7e7c1: folds
3f7efa47: calls $0.05
8a26afb: checks
*** FLOP *** [8c 2d 5d]
3f7efa47: bets $0.1
8a26afb: folds
Uncalled bet ($0.1) returned to 3f7efa47
*** SHOWDOWN ***
3f7efa47 collected $0.19 from pot
*** SUMMARY ***
Total pot $0.2 | Rake $0.01 | Jackpot $0 | Bingo $0 | Fortune $0 | Tax $0
Board [8c 2d 5d]
Seat 1: 34e57d12 folded before Flop (didn't bet)
Seat 2: d5c7e7c1 (button) folded before Flop (didn't bet)
Seat 3: 3f7efa47 (small blind) won ($0.19)
Seat 4: 8a26afb (big blind) folded on the Flop
Seat 5: f550ff97 folded before Flop (didn't bet)
Seat 6: Hero folded before Flop (didn't bet)


Poker Hand #HD1806749537: Hold'em No Limit ($0.05/$0.1) - 2024/06/08 16:38:37
Table 'NLHRed2' 6-max Seat #1 is the button
Seat 1: 34e57d12 ($3.08 in chips)
Seat 2: d5c7e7c1 ($10.48 in chips)
Seat 3: 3f7efa47 ($2.45 in chips)
Seat 4: 8a26afb ($10 in chips)
Seat 5: f550ff97 ($10.38 in chips)
Seat 6: Hero ($29.88 in chips)
d5c7e7c1: posts small blind $0.05
3f7efa47: posts big blind $0.1
*** HOLE CARDS ***
Dealt to 34e57d12 
Dealt to d5c7e7c1 
Dealt to 3f7efa47 
Dealt to 8a26afb 
Dealt to f550ff97 
Dealt to Hero [7s Tc]
8a26afb: folds
f550ff97: folds
Hero: folds
34e57d12: raises $0.1 to $0.2
d5c7e7c1: folds
3f7efa47: calls $0.1
*** FLOP *** [9h Kc Ah]
3f7efa47: bets $0.15
34e57d12: calls $0.15
*** TURN *** [9h Kc Ah] [6c]
3f7efa47: bets $0.25
34e57d12: calls $0.25
*** RIVER *** [9h Kc Ah 6c] [8h]
3f7efa47: bets $0.65
34e57d12: calls $0.65
3f7efa47: shows [2h Kh] (Ace High Flush)
34e57d12: shows [Ad Js] (Pair of Aces)
*** SHOWDOWN ***
3f7efa47 collected $2.43 from pot
*** SUMMARY ***
Total pot $2.55 | Rake $0.12 | Jackpot $0 | Bingo $0 | Fortune $0 | Tax $0
Board [9h Kc Ah 6c 8h]
Seat 1: 34e57d12 (button) showed [Ad Js] and lost with Pair of Aces
Seat 2: d5c7e7c1 (small blind) folded before Flop
Seat 3: 3f7efa47 (big blind) showed [2h Kh] and won ($2.43) with Ace High Flush
Seat 4: 8a26afb folded before Flop (didn't bet)
Seat 5: f550ff97 folded before Flop (didn't bet)
Seat 6: Hero folded before Flop (didn't bet)


Poker Hand #HD1806749426: Hold'em No Limit ($0.05/$0.1) - 2024/06/08 16:37:44
Table 'NLHRed2' 6-max Seat #6 is the button
Seat 1: 34e57d12 ($3.18 in chips)
Seat 2: d5c7e7c1 ($10.39 in chips)
Seat 3: 3f7efa47 ($2.45 in chips)
Seat 4: 8a26afb ($10 in chips)
Seat 5: f550ff97 ($10.38 in chips)
Seat 6: Hero ($29.88 in chips)
34e57d12: posts small blind $0.05
d5c7e7c1: posts big blind $0.1
*** HOLE CARDS ***
Dealt to 34e57d12 
Dealt to d5c7e7c1 
Dealt to 3f7efa47 
Dealt to 8a26afb 
Dealt to f550ff97 
Dealt to Hero [6s Jh]
3f7efa47: folds
8a26afb: folds
f550ff97: folds
Hero: folds
34e57d12: calls $0.05
d5c7e7c1: checks
*** FLOP *** [4s 3c 3s]
34e57d12: checks
d5c7e7c1: checks
*** TURN *** [4s 3c 3s] [4d]
34e57d12: checks
d5c7e7c1: checks
*** RIVER *** [4s 3c 3s 4d] [9d]
34e57d12: checks
d5c7e7c1: bets $0.17
34e57d12: folds
Uncalled bet ($0.17) returned to d5c7e7c1
*** SHOWDOWN ***
d5c7e7c1 collected $0.19 from pot
*** SUMMARY ***
Total pot $0.2 | Rake $0.01 | Jackpot $0 | Bingo $0 | Fortune $0 | Tax $0
Board [4s 3c 3s 4d 9d]
Seat 1: 34e57d12 (small blind) folded on the River
Seat 2: d5c7e7c1 (big blind) won ($0.19)
Seat 3: 3f7efa47 folded before Flop (didn't bet)
Seat 4: 8a26afb folded before Flop (didn't bet)
Seat 5: f550ff97 folded before Flop (didn't bet)
Seat 6: Hero (button) folded before Flop (didn't bet)


Poker Hand #HD1806749378: Hold'em No Limit ($0.05/$0.1) - 2024/06/08 16:37:20
Table 'NLHRed2' 6-max Seat #5 is the button
Seat 1: 34e57d12 ($3.28 in chips)
Seat 2: d5c7e7c1 ($10.39 in chips)
Seat 3: 3f7efa47 ($1.66 in chips)
Seat 4: 8a26afb ($10 in chips)
Seat 5: f550ff97 ($10.38 in chips)
Seat 6: Hero ($29.93 in chips)
Hero: posts small blind $0.05
34e57d12: posts big blind $0.1
*** HOLE CARDS ***
Dealt to 34e57d12 
Dealt to d5c7e7c1 
Dealt to 3f7efa47 
Dealt to 8a26afb 
Dealt to f550ff97 
Dealt to Hero [9d 4d]
d5c7e7c1: folds
3f7efa47: raises $0.3 to $0.4
8a26afb: raises $0.32 to $0.72
f550ff97: folds
Hero: folds
34e57d12: folds
3f7efa47: raises $0.94 to $1.66 and is all-in
8a26afb: folds
Uncalled bet ($0.94) returned to 3f7efa47
*** SHOWDOWN ***
3f7efa47 collected $1.51 from pot
*** SUMMARY ***
Total pot $1.59 | Rake $0.08 | Jackpot $0 | Bingo $0 | Fortune $0 | Tax $0
Seat 1: 34e57d12 (big blind) folded before Flop
Seat 2: d5c7e7c1 folded before Flop (didn't bet)
Seat 3: 3f7efa47 collected ($1.51)
Seat 4: 8a26afb folded before Flop
Seat 5: f550ff97 (button) folded before Flop (didn't bet)
Seat 6: Hero (small blind) folded before Flop


Poker Hand #HD1806749352: Hold'em No Limit ($0.05/$0.1) - 2024/06/08 16:37:04
Table 'NLHRed2' 6-max Seat #4 is the button
Seat 1: 34e57d12 ($3.28 in chips)
Seat 2: d5c7e7c1 ($10.39 in chips)
Seat 3: 3f7efa47 ($1.66 in chips)
Seat 4: 8a26afb ($10 in chips)
Seat 5: f550ff97 ($10.43 in chips)
Seat 6: Hero ($29.88 in chips)
f550ff97: posts small blind $0.05
Hero: posts big blind $0.1
*** HOLE CARDS ***
Dealt to 34e57d12 
Dealt to d5c7e7c1 
Dealt to 3f7efa47 
Dealt to 8a26afb 
Dealt to f550ff97 
Dealt to Hero [5c Ad]
34e57d12: folds
d5c7e7c1: folds
3f7efa47: folds
8a26afb: folds
f550ff97: folds
Uncalled bet ($0.05) returned to Hero
*** SHOWDOWN ***
Hero collected $0.1 from pot
*** SUMMARY ***
Total pot $0.1 | Rake $0 | Jackpot $0 | Bingo $0 | Fortune $0 | Tax $0
Seat 1: 34e57d12 folded before Flop (didn't bet)
Seat 2: d5c7e7c1 folded before Flop (didn't bet)
Seat 3: 3f7efa47 folded before Flop (didn't bet)
Seat 4: 8a26afb (button) folded before Flop (didn't bet)
Seat 5: f550ff97 (small blind) folded before Flop
Seat 6: Hero (big blind) collected ($0.1)


Poker Hand #HD1806749260: Hold'em No Limit ($0.05/$0.1) - 2024/06/08 16:36:16
Table 'NLHRed2' 6-max Seat #3 is the button
Seat 1: 34e57d12 ($3.28 in chips)
Seat 2: d5c7e7c1 ($10.39 in chips)
Seat 3: 3f7efa47 ($1.76 in chips)
Seat 4: 8a26afb ($10 in chips)
Seat 5: f550ff97 ($10.29 in chips)
Seat 6: Hero ($29.88 in chips)
8a26afb: posts small blind $0.05
f550ff97: posts big blind $0.1
*** HOLE CARDS ***
Dealt to 34e57d12 
Dealt to d5c7e7c1 
Dealt to 3f7efa47 
Dealt to 8a26afb 
Dealt to f550ff97 
Dealt to Hero [Ad 4s]
Hero: folds
34e57d12: folds
d5c7e7c1: folds
3f7efa47: calls $0.1
8a26afb: folds
f550ff97: checks
*** FLOP *** [8s 6s 7d]
f550ff97: checks
3f7efa47: checks
*** TURN *** [8s 6s 7d] [7s]
f550ff97: bets $0.17
3f7efa47: folds
Uncalled bet ($0.17) returned to f550ff97
*** SHOWDOWN ***
f550ff97 collected $0.24 from pot
*** SUMMARY ***
Total pot $0.25 | Rake $0.01 | Jackpot $0 | Bingo $0 | Fortune $0 | Tax $0
Board [8s 6s 7d 7s]
Seat 1: 34e57d12 folded before Flop (didn't bet)
Seat 2: d5c7e7c1 folded before Flop (didn't bet)
Seat 3: 3f7efa47 (button) folded on the Turn
Seat 4: 8a26afb (small blind) folded before Flop
Seat 5: f550ff97 (big blind) won ($0.24)
Seat 6: Hero folded before Flop (didn't bet)


Poker Hand #HD1806749170: Hold'em No Limit ($0.05/$0.1) - 2024/06/08 16:35:34
Table 'NLHRed2' 6-max Seat #2 is the button
Seat 1: 34e57d12 ($3.28 in chips)
Seat 2: d5c7e7c1 ($10.39 in chips)
Seat 3: 3f7efa47 ($1.67 in chips)
Seat 4: 8a26afb ($10 in chips)
Seat 5: f550ff97 ($10.29 in chips)
Seat 6: Hero ($29.88 in chips)
3f7efa47: posts small blind $0.05
8a26afb: posts big blind $0.1
*** HOLE CARDS ***
Dealt to 34e57d12 
Dealt to d5c7e7c1 
Dealt to 3f7efa47 
Dealt to 8a26afb 
Dealt to f550ff97 
Dealt to Hero [2h 6c]
f550ff97: folds
Hero: folds
34e57d12: folds
d5c7e7c1: folds
3f7efa47: calls $0.05
8a26afb: checks
*** FLOP *** [9c Kd Kh]
3f7efa47: checks
8a26afb: checks
*** TURN *** [9c Kd Kh] [5c]
3f7efa47: bets $0.1
8a26afb: folds
Uncalled bet ($0.1) returned to 3f7efa47
*** SHOWDOWN ***
3f7efa47 collected $0.19 from pot
*** SUMMARY ***
Total pot $0.2 | Rake $0.01 | Jackpot $0 | Bingo $0 | Fortune $0 | Tax $0
Board [9c Kd Kh 5c]
Seat 1: 34e57d12 folded before Flop (didn't bet)
Seat 2: d5c7e7c1 (button) folded before Flop (didn't bet)
Seat 3: 3f7efa47 (small blind) won ($0.19)
Seat 4: 8a26afb (big blind) folded on the Turn
Seat 5: f550ff97 folded before Flop (didn't bet)
Seat 6: Hero folded before Flop (didn't bet)


Poker Hand #HD1806749021: Hold'em No Limit ($0.05/$0.1) - 2024/06/08 16:34:13
Table 'NLHRed2' 6-max Seat #1 is the button
Seat 1: 34e57d12 ($1.7 in chips)
Seat 2: d5c7e7c1 ($10.44 in chips)
Seat 3: 3f7efa47 ($1.77 in chips)
Seat 4: 8a26afb ($10.52 in chips)
Seat 5: f550ff97 ($10.29 in chips)
Seat 6: Hero ($29.88 in chips)
d5c7e7c1: posts small blind $0.05
3f7efa47: posts big blind $0.1
*** HOLE CARDS ***
Dealt to 34e57d12 
Dealt to d5c7e7c1 
Dealt to 3f7efa47 
Dealt to 8a26afb 
Dealt to f550ff97 
Dealt to Hero [Ks 3h]
8a26afb: raises $0.15 to $0.25
f550ff97: folds
Hero: folds
34e57d12: raises $0.33 to $0.58
d5c7e7c1: folds
3f7efa47: folds
8a26afb: raises $6.72 to $7.3
34e57d12: calls $1.12 and is all-in
Uncalled bet ($5.6) returned to 8a26afb
8a26afb: shows [9h 9d]
34e57d12: shows [Jc Jd]
*** FLOP *** [4s 6c 4h]
*** TURN *** [4s 6c 4h] [Js]
*** RIVER *** [4s 6c 4h Js] [7d]
*** SHOWDOWN ***
34e57d12 collected $3.28 from pot
*** SUMMARY ***
Total pot $3.55 | Rake $0.17 | Jackpot $0.1 | Bingo $0 | Fortune $0 | Tax $0
Board [4s 6c 4h Js 7d]
Seat 1: 34e57d12 (button) showed [Jc Jd] and won ($3.28) with Jacks Full over Fours
Seat 2: d5c7e7c1 (small blind) folded before Flop
Seat 3: 3f7efa47 (big blind) folded before Flop
Seat 4: 8a26afb showed [9h 9d] and lost with Pair of Nines and Pair of Fours
Seat 5: f550ff97 folded before Flop (didn't bet)
Seat 6: Hero folded before Flop (didn't bet)


Poker Hand #HD1806748967: Hold'em No Limit ($0.05/$0.1) - 2024/06/08 16:33:48
Table 'NLHRed2' 6-max Seat #6 is the button
Seat 1: 34e57d12 ($1.8 in chips)
Seat 2: d5c7e7c1 ($10.34 in chips)
Seat 3: 3f7efa47 ($1.77 in chips)
Seat 4: 8a26afb ($10.52 in chips)
Seat 5: f550ff97 ($10.29 in chips)
Seat 6: Hero ($29.88 in chips)
34e57d12: posts small blind $0.05
d5c7e7c1: posts big blind $0.1
*** HOLE CARDS ***
Dealt to 34e57d12 
Dealt to d5c7e7c1 
Dealt to 3f7efa47 
Dealt to 8a26afb 
Dealt to f550ff97 
Dealt to Hero [4d 7h]
3f7efa47: folds
8a26afb: folds
f550ff97: folds
Hero: folds
34e57d12: calls $0.05
d5c7e7c1: raises $0.26 to $0.36
34e57d12: folds
Uncalled bet ($0.26) returned to d5c7e7c1
*** SHOWDOWN ***
d5c7e7c1 collected $0.2 from pot
*** SUMMARY ***
Total pot $0.2 | Rake $0 | Jackpot $0 | Bingo $0 | Fortune $0 | Tax $0
Seat 1: 34e57d12 (small blind) folded before Flop
Seat 2: d5c7e7c1 (big blind) collected ($0.2)
Seat 3: 3f7efa47 folded before Flop (didn't bet)
Seat 4: 8a26afb folded before Flop (didn't bet)
Seat 5: f550ff97 folded before Flop (didn't bet)
Seat 6: Hero (button) folded before Flop (didn't bet)


Poker Hand #HD1806748862: Hold'em No Limit ($0.05/$0.1) - 2024/06/08 16:32:53
Table 'NLHRed2' 6-max Seat #5 is the button
Seat 1: 34e57d12 ($1.9 in chips)
Seat 2: d5c7e7c1 ($10.34 in chips)
Seat 3: 3f7efa47 ($1.77 in chips)
Seat 4: 8a26afb ($11.1 in chips)
Seat 5: f550ff97 ($9.62 in chips)
Seat 6: Hero ($29.93 in chips)
Hero: posts small blind $0.05
34e57d12: posts big blind $0.1
*** HOLE CARDS ***
Dealt to 34e57d12 
Dealt to d5c7e7c1 
Dealt to 3f7efa47 
Dealt to 8a26afb 
Dealt to f550ff97 
Dealt to Hero [Kh 9s]
d5c7e7c1: folds
3f7efa47: folds
8a26afb: raises $0.15 to $0.25
f550ff97: calls $0.25
Hero: folds
34e57d12: folds
*** FLOP *** [4c Qs 6h]
8a26afb: bets $0.33
f550ff97: calls $0.33
*** TURN *** [4c Qs 6h] [Qd]
8a26afb: checks
f550ff97: checks
*** RIVER *** [4c Qs 6h Qd] [8s]
8a26afb: checks
f550ff97: bets $0.6
8a26afb: folds
Uncalled bet ($0.6) returned to f550ff97
*** SHOWDOWN ***
f550ff97 collected $1.25 from pot
*** SUMMARY ***
Total pot $1.31 | Rake $0.06 | Jackpot $0 | Bingo $0 | Fortune $0 | Tax $0
Board [4c Qs 6h Qd 8s]
Seat 1: 34e57d12 (big blind) folded before Flop
Seat 2: d5c7e7c1 folded before Flop (didn't bet)
Seat 3: 3f7efa47 folded before Flop (didn't bet)
Seat 4: 8a26afb folded on the River
Seat 5: f550ff97 (button) won ($1.25)
Seat 6: Hero (small blind) folded before Flop


Poker Hand #HD1806748727: Hold'em No Limit ($0.05/$0.1) - 2024/06/08 16:31:37
Table 'NLHRed2' 6-max Seat #4 is the button
Seat 1: 34e57d12 ($2 in chips)
Seat 2: d5c7e7c1 ($10.34 in chips)
Seat 3: 3f7efa47 ($2.27 in chips)
Seat 4: 8a26afb ($10.17 in chips)
Seat 5: f550ff97 ($9.92 in chips)
Seat 6: Hero ($30.03 in chips)
f550ff97: posts small blind $0.05
Hero: posts big blind $0.1
34e57d12: posts big blind $0.1
*** HOLE CARDS ***
Dealt to 34e57d12 
Dealt to d5c7e7c1 
Dealt to 3f7efa47 
Dealt to 8a26afb 
Dealt to f550ff97 
Dealt to Hero [8s 6s]
34e57d12: checks
d5c7e7c1: folds
3f7efa47: calls $0.1
8a26afb: raises $0.2 to $0.3
f550ff97: calls $0.25
Hero: folds
34e57d12: folds
3f7efa47: calls $0.2
*** FLOP *** [Kh 7h 7d]
f550ff97: checks
3f7efa47: bets $0.2
8a26afb: raises $0.99 to $1.19
f550ff97: folds
3f7efa47: folds
Uncalled bet ($0.99) returned to 8a26afb
*** SHOWDOWN ***
8a26afb collected $1.43 from pot
*** SUMMARY ***
Total pot $1.5 | Rake $0.07 | Jackpot $0 | Bingo $0 | Fortune $0 | Tax $0
Board [Kh 7h 7d]
Seat 1: 34e57d12 folded before Flop
Seat 2: d5c7e7c1 folded before Flop (didn't bet)
Seat 3: 3f7efa47 folded on the Flop
Seat 4: 8a26afb (button) won ($1.43)
Seat 5: f550ff97 (small blind) folded on the Flop
Seat 6: Hero (big blind) folded before Flop


Poker Hand #HD1806748609: Hold'em No Limit ($0.05/$0.1) - 2024/06/08 16:30:42
Table 'NLHRed2' 6-max Seat #3 is the button
Seat 2: d5c7e7c1 ($10.34 in chips)
Seat 3: 3f7efa47 ($1.17 in chips)
Seat 4: 8a26afb ($10.22 in chips)
Seat 5: f550ff97 ($10.94 in chips)
Seat 6: Hero ($30.03 in chips)
8a26afb: posts small blind $0.05
f550ff97: posts big blind $0.1
*** HOLE CARDS ***
Dealt to d5c7e7c1 
Dealt to 3f7efa47 
Dealt to 8a26afb 
Dealt to f550ff97 
Dealt to Hero [Qc 3c]
Hero: folds
d5c7e7c1: folds
3f7efa47: calls $0.1
8a26afb: folds
f550ff97: checks
*** FLOP *** [8h 7d Th]
f550ff97: bets $0.1
3f7efa47: raises $0.15 to $0.25
f550ff97: calls $0.15
*** TURN *** [8h 7d Th] [4h]
f550ff97: checks
3f7efa47: bets $0.4
f550ff97: raises $0.5 to $0.9
3f7efa47: calls $0.42 and is all-in
Uncalled bet ($0.08) returned to f550ff97
f550ff97: shows [8s 7h] (Pair of Eights and Pair of Sevens)
3f7efa47: shows [6h Ah] (Ace High Flush)
*** RIVER *** [8h 7d Th 4h] [Ks]
*** SHOWDOWN ***
3f7efa47 collected $2.27 from pot
*** SUMMARY ***
Total pot $2.39 | Rake $0.12 | Jackpot $0 | Bingo $0 | Fortune $0 | Tax $0
Board [8h 7d Th 4h Ks]
Seat 2: d5c7e7c1 folded before Flop (didn't bet)
Seat 3: 3f7efa47 (button) showed [6h Ah] and won ($2.27) with Ace High Flush
Seat 4: 8a26afb (small blind) folded before Flop
Seat 5: f550ff97 (big blind) showed [8s 7h] and lost with Pair of Eights and Pair of Sevens
Seat 6: Hero folded before Flop (didn't bet)


Poker Hand #HD1806748580: Hold'em No Limit ($0.05/$0.1) - 2024/06/08 16:30:24
Table 'NLHRed2' 6-max Seat #2 is the button
Seat 2: d5c7e7c1 ($10.34 in chips)
Seat 3: 3f7efa47 ($1.07 in chips)
Seat 4: 8a26afb ($10.32 in chips)
Seat 5: f550ff97 ($10.94 in chips)
Seat 6: Hero ($30.03 in chips)
3f7efa47: posts small blind $0.05
8a26afb: posts big blind $0.1
*** HOLE CARDS ***
Dealt to d5c7e7c1 
Dealt to 3f7efa47 
Dealt to 8a26afb 
Dealt to f550ff97 
Dealt to Hero [3d 7d]
f550ff97: folds
Hero: folds
d5c7e7c1: folds
3f7efa47: raises $0.97 to $1.07 and is all-in
8a26afb: folds
Uncalled bet ($0.97) returned to 3f7efa47
*** SHOWDOWN ***
3f7efa47 collected $0.2 from pot
*** SUMMARY ***
Total pot $0.2 | Rake $0 | Jackpot $0 | Bingo $0 | Fortune $0 | Tax $0
Seat 2: d5c7e7c1 (button) folded before Flop (didn't bet)
Seat 3: 3f7efa47 (small blind) collected ($0.2)
Seat 4: 8a26afb (big blind) folded before Flop
Seat 5: f550ff97 folded before Flop (didn't bet)
Seat 6: Hero folded before Flop (didn't bet)


Poker Hand #HD1806748517: Hold'em No Limit ($0.05/$0.1) - 2024/06/08 16:29:51
Table 'NLHRed2' 6-max Seat #1 is the button
Seat 1: d3f7ad4c ($13.59 in chips)
Seat 2: d5c7e7c1 ($10.39 in chips)
Seat 3: 3f7efa47 ($1.17 in chips)
Seat 4: 8a26afb ($10.32 in chips)
Seat 5: f550ff97 ($11.14 in chips)
Seat 6: Hero ($29.7 in chips)
d5c7e7c1: posts small blind $0.05
3f7efa47: posts big blind $0.1
*** HOLE CARDS ***
Dealt to d3f7ad4c 
Dealt to d5c7e7c1 
Dealt to 3f7efa47 
Dealt to 8a26afb 
Dealt to f550ff97 
Dealt to Hero [Qd Ac]
8a26afb: folds
f550ff97: raises $0.1 to $0.2
Hero: raises $0.5 to $0.7
d3f7ad4c: folds
d5c7e7c1: folds
3f7efa47: folds
f550ff97: folds
Uncalled bet ($0.5) returned to Hero
*** SHOWDOWN ***
Hero collected $0.53 from pot
*** SUMMARY ***
Total pot $0.55 | Rake $0.02 | Jackpot $0 | Bingo $0 | Fortune $0 | Tax $0
Seat 1: d3f7ad4c (button) folded before Flop (didn't bet)
Seat 2: d5c7e7c1 (small blind) folded before Flop
Seat 3: 3f7efa47 (big blind) folded before Flop
Seat 4: 8a26afb folded before Flop (didn't bet)
Seat 5: f550ff97 folded before Flop
Seat 6: Hero collected ($0.53)


Poker Hand #HD1806748434: Hold'em No Limit ($0.05/$0.1) - 2024/06/08 16:29:11
Table 'NLHRed2' 6-max Seat #6 is the button
Seat 1: d3f7ad4c ($13.4 in chips)
Seat 2: d5c7e7c1 ($10.49 in chips)
Seat 3: 3f7efa47 ($1.27 in chips)
Seat 4: 8a26afb ($10.32 in chips)
Seat 5: f550ff97 ($11.14 in chips)
Seat 6: Hero ($29.7 in chips)
d3f7ad4c: posts small blind $0.05
d5c7e7c1: posts big blind $0.1
*** HOLE CARDS ***
Dealt to d3f7ad4c 
Dealt to d5c7e7c1 
Dealt to 3f7efa47 
Dealt to 8a26afb 
Dealt to f550ff97 
Dealt to Hero [4s 9h]
3f7efa47: calls $0.1
8a26afb: folds
f550ff97: folds
Hero: folds
d3f7ad4c: calls $0.05
d5c7e7c1: checks
*** FLOP *** [4h 9d 2d]
d3f7ad4c: bets $0.1
d5c7e7c1: folds
3f7efa47: folds
Uncalled bet ($0.1) returned to d3f7ad4c
*** SHOWDOWN ***
d3f7ad4c collected $0.29 from pot
*** SUMMARY ***
Total pot $0.3 | Rake $0.01 | Jackpot $0 | Bingo $0 | Fortune $0 | Tax $0
Board [4h 9d 2d]
Seat 1: d3f7ad4c (small blind) won ($0.29)
Seat 2: d5c7e7c1 (big blind) folded on the Flop
Seat 3: 3f7efa47 folded on the Flop
Seat 4: 8a26afb folded before Flop (didn't bet)
Seat 5: f550ff97 folded before Flop (didn't bet)
Seat 6: Hero (button) folded before Flop (didn't bet)


Poker Hand #HD1806748387: Hold'em No Limit ($0.05/$0.1) - 2024/06/08 16:28:40
Table 'NLHRed2' 6-max Seat #5 is the button
Seat 1: d3f7ad4c ($13.17 in chips)
Seat 2: d5c7e7c1 ($10.49 in chips)
Seat 3: 3f7efa47 ($1.47 in chips)
Seat 4: 8a26afb ($10.32 in chips)
Seat 5: f550ff97 ($11.14 in chips)
Seat 6: Hero ($29.75 in chips)
Hero: posts small blind $0.05
d3f7ad4c: posts big blind $0.1
*** HOLE CARDS ***
Dealt to d3f7ad4c 
Dealt to d5c7e7c1 
Dealt to 3f7efa47 
Dealt to 8a26afb 
Dealt to f550ff97 
Dealt to Hero [4c 4d]
d5c7e7c1: folds
3f7efa47: calls $0.1
8a26afb: folds
f550ff97: folds
Hero: folds
d3f7ad4c: raises $0.1 to $0.2
3f7efa47: calls $0.1
*** FLOP *** [Ks Jd 8h]
d3f7ad4c: bets $0.15
3f7efa47: folds
Uncalled bet ($0.15) returned to d3f7ad4c
*** SHOWDOWN ***
d3f7ad4c collected $0.43 from pot
*** SUMMARY ***
Total pot $0.45 | Rake $0.02 | Jackpot $0 | Bingo $0 | Fortune $0 | Tax $0
Board [Ks Jd 8h]
Seat 1: d3f7ad4c (big blind) won ($0.43)
Seat 2: d5c7e7c1 folded before Flop (didn't bet)
Seat 3: 3f7efa47 folded on the Flop
Seat 4: 8a26afb folded before Flop (didn't bet)
Seat 5: f550ff97 (button) folded before Flop (didn't bet)
Seat 6: Hero (small blind) folded before Flop


Poker Hand #HD1806748273: Hold'em No Limit ($0.05/$0.1) - 2024/06/08 16:27:46
Table 'NLHRed2' 6-max Seat #4 is the button
Seat 1: d3f7ad4c ($13.87 in chips)
Seat 2: d5c7e7c1 ($10.49 in chips)
Seat 3: 3f7efa47 ($1.47 in chips)
Seat 4: 8a26afb ($10.32 in chips)
Seat 5: f550ff97 ($10.41 in chips)
Seat 6: Hero ($29.85 in chips)
f550ff97: posts small blind $0.05
Hero: posts big blind $0.1
*** HOLE CARDS ***
Dealt to d3f7ad4c 
Dealt to d5c7e7c1 
Dealt to 3f7efa47 
Dealt to 8a26afb 
Dealt to f550ff97 
Dealt to Hero [Js Qc]
d3f7ad4c: calls $0.1
d5c7e7c1: folds
3f7efa47: folds
8a26afb: folds
f550ff97: raises $0.3 to $0.4
Hero: folds
d3f7ad4c: calls $0.3
*** FLOP *** [8c 4s Qs]
f550ff97: bets $0.3
d3f7ad4c: calls $0.3
*** TURN *** [8c 4s Qs] [9d]
f550ff97: bets $0.6
d3f7ad4c: folds
Uncalled bet ($0.6) returned to f550ff97
*** SHOWDOWN ***
f550ff97 collected $1.43 from pot
*** SUMMARY ***
Total pot $1.5 | Rake $0.07 | Jackpot $0 | Bingo $0 | Fortune $0 | Tax $0
Board [8c 4s Qs 9d]
Seat 1: d3f7ad4c folded on the Turn
Seat 2: d5c7e7c1 folded before Flop (didn't bet)
Seat 3: 3f7efa47 folded before Flop (didn't bet)
Seat 4: 8a26afb (button) folded before Flop (didn't bet)
Seat 5: f550ff97 (small blind) won ($1.43)
Seat 6: Hero (big blind) folded before Flop


Poker Hand #HD1806748236: Hold'em No Limit ($0.05/$0.1) - 2024/06/08 16:27:25
Table 'NLHRed2' 6-max Seat #3 is the button
Seat 1: d3f7ad4c ($13.87 in chips)
Seat 2: d5c7e7c1 ($10.74 in chips)
Seat 3: 3f7efa47 ($1.47 in chips)
Seat 4: 8a26afb ($10 in chips)
Seat 5: f550ff97 ($10.51 in chips)
Seat 6: Hero ($29.85 in chips)
8a26afb: posts small blind $0.05
f550ff97: posts big blind $0.1
*** HOLE CARDS ***
Dealt to d3f7ad4c 
Dealt to d5c7e7c1 
Dealt to 3f7efa47 
Dealt to 8a26afb 
Dealt to f550ff97 
Dealt to Hero [3c Qh]
Hero: folds
d3f7ad4c: folds
d5c7e7c1: raises $0.15 to $0.25
3f7efa47: folds
8a26afb: raises $0.75 to $1
f550ff97: folds
d5c7e7c1: folds
Uncalled bet ($0.75) returned to 8a26afb
*** SHOWDOWN ***
8a26afb collected $0.57 from pot
*** SUMMARY ***
Total pot $0.6 | Rake $0.03 | Jackpot $0 | Bingo $0 | Fortune $0 | Tax $0
Seat 1: d3f7ad4c folded before Flop (didn't bet)
Seat 2: d5c7e7c1 folded before Flop
Seat 3: 3f7efa47 (button) folded before Flop (didn't bet)
Seat 4: 8a26afb (small blind) collected ($0.57)
Seat 5: f550ff97 (big blind) folded before Flop
Seat 6: Hero folded before Flop (didn't bet)


Poker Hand #HD1806748098: Hold'em No Limit ($0.05/$0.1) - 2024/06/08 16:26:23
Table 'NLHRed2' 6-max Seat #2 is the button
Seat 1: d3f7ad4c ($10.26 in chips)
Seat 2: d5c7e7c1 ($10.74 in chips)
Seat 3: 3f7efa47 ($1.57 in chips)
Seat 4: 8a26afb ($10 in chips)
Seat 5: f550ff97 ($10.51 in chips)
Seat 6: Hero ($29.85 in chips)
3f7efa47: posts small blind $0.05
8a26afb: posts big blind $0.1
*** HOLE CARDS ***
Dealt to d3f7ad4c 
Dealt to d5c7e7c1 
Dealt to 3f7efa47 
Dealt to 8a26afb 
Dealt to f550ff97 
Dealt to Hero [7c Qs]
f550ff97: folds
Hero: folds
d3f7ad4c: calls $0.1
d5c7e7c1: folds
3f7efa47: calls $0.05
8a26afb: raises $0.3 to $0.4
d3f7ad4c: calls $0.3
3f7efa47: folds
*** FLOP *** [2c 3c Kc]
8a26afb: bets $0.6
d3f7ad4c: calls $0.6
*** TURN *** [2c 3c Kc] [Td]
8a26afb: bets $1.39
d3f7ad4c: calls $1.39
*** RIVER *** [2c 3c Kc Td] [Ts]
8a26afb: checks
d3f7ad4c: bets $1.62
8a26afb: calls $1.62
d3f7ad4c: shows [Ac Kd] (Pair of Kings and Pair of Tens)
8a26afb: shows [Js Ks] (Pair of Kings and Pair of Tens)
*** SHOWDOWN ***
d3f7ad4c collected $7.62 from pot
*** SUMMARY ***
Total pot $8.12 | Rake $0.4 | Jackpot $0.1 | Bingo $0 | Fortune $0 | Tax $0
Board [2c 3c Kc Td Ts]
Seat 1: d3f7ad4c showed [Ac Kd] and won ($7.62) with Pair of Kings and Pair of Tens
Seat 2: d5c7e7c1 (button) folded before Flop (didn't bet)
Seat 3: 3f7efa47 (small blind) folded before Flop
Seat 4: 8a26afb (big blind) showed [Js Ks] and lost with Pair of Kings and Pair of Tens
Seat 5: f550ff97 folded before Flop (didn't bet)
Seat 6: Hero folded before Flop (didn't bet)


Poker Hand #HD1806748004: Hold'em No Limit ($0.05/$0.1) - 2024/06/08 16:25:36
Table 'NLHRed2' 6-max Seat #1 is the button
Seat 1: d3f7ad4c ($9.59 in chips)
Seat 2: d5c7e7c1 ($10.79 in chips)
Seat 3: 3f7efa47 ($1.67 in chips)
Seat 4: 8a26afb ($10 in chips)
Seat 5: f550ff97 ($10.51 in chips)
Seat 6: Hero ($29.85 in chips)
d5c7e7c1: posts small blind $0.05
3f7efa47: posts big blind $0.1
*** HOLE CARDS ***
Dealt to d3f7ad4c 
Dealt to d5c7e7c1 
Dealt to 3f7efa47 
Dealt to 8a26afb 
Dealt to f550ff97 
Dealt to Hero [4c 8h]
8a26afb: raises $0.15 to $0.25
f550ff97: folds
Hero: folds
d3f7ad4c: calls $0.25
d5c7e7c1: folds
3f7efa47: folds
*** FLOP *** [Qc 3c 3d]
8a26afb: bets $0.33
d3f7ad4c: calls $0.33
*** TURN *** [Qc 3c 3d] [2h]
8a26afb: checks
d3f7ad4c: bets $0.66
8a26afb: folds
Uncalled bet ($0.66) returned to d3f7ad4c
*** SHOWDOWN ***
d3f7ad4c collected $1.25 from pot
*** SUMMARY ***
Total pot $1.31 | Rake $0.06 | Jackpot $0 | Bingo $0 | Fortune $0 | Tax $0
Board [Qc 3c 3d 2h]
Seat 1: d3f7ad4c (button) won ($1.25)
Seat 2: d5c7e7c1 (small blind) folded before Flop
Seat 3: 3f7efa47 (big blind) folded before Flop
Seat 4: 8a26afb folded on the Turn
Seat 5: f550ff97 folded before Flop (didn't bet)
Seat 6: Hero folded before Flop (didn't bet)


Poker Hand #HD1806747978: Hold'em No Limit ($0.05/$0.1) - 2024/06/08 16:25:19
Table 'NLHRed2' 6-max Seat #6 is the button
Seat 1: d3f7ad4c ($9.64 in chips)
Seat 2: d5c7e7c1 ($10.89 in chips)
Seat 3: 3f7efa47 ($1.52 in chips)
Seat 4: 8a26afb ($10 in chips)
Seat 5: f550ff97 ($10.51 in chips)
Seat 6: Hero ($29.85 in chips)
d3f7ad4c: posts small blind $0.05
d5c7e7c1: posts big blind $0.1
*** HOLE CARDS ***
Dealt to d3f7ad4c 
Dealt to d5c7e7c1 
Dealt to 3f7efa47 
Dealt to 8a26afb 
Dealt to f550ff97 
Dealt to Hero [Jd Td]
3f7efa47: raises $1.42 to $1.52 and is all-in
8a26afb: folds
f550ff97: folds
Hero: folds
d3f7ad4c: folds
d5c7e7c1: folds
Uncalled bet ($1.42) returned to 3f7efa47
*** SHOWDOWN ***
3f7efa47 collected $0.25 from pot
*** SUMMARY ***
Total pot $0.25 | Rake $0 | Jackpot $0 | Bingo $0 | Fortune $0 | Tax $0
Seat 1: d3f7ad4c (small blind) folded before Flop
Seat 2: d5c7e7c1 (big blind) folded before Flop
Seat 3: 3f7efa47 collected ($0.25)
Seat 4: 8a26afb folded before Flop (didn't bet)
Seat 5: f550ff97 folded before Flop (didn't bet)
Seat 6: Hero (button) folded before Flop (didn't bet)


Poker Hand #HD1806747928: Hold'em No Limit ($0.05/$0.1) - 2024/06/08 16:24:54
Table 'NLHRed2' 6-max Seat #5 is the button
Seat 1: d3f7ad4c ($9.74 in chips)
Seat 2: d5c7e7c1 ($11.14 in chips)
Seat 3: 3f7efa47 ($1.52 in chips)
Seat 4: 8a26afb ($10 in chips)
Seat 5: f550ff97 ($10.14 in chips)
Seat 6: Hero ($29.9 in chips)
Hero: posts small blind $0.05
d3f7ad4c: posts big blind $0.1
*** HOLE CARDS ***
Dealt to d3f7ad4c 
Dealt to d5c7e7c1 
Dealt to 3f7efa47 
Dealt to 8a26afb 
Dealt to f550ff97 
Dealt to Hero [2c Jh]
d5c7e7c1: raises $0.15 to $0.25
3f7efa47: folds
8a26afb: folds
f550ff97: raises $0.45 to $0.7
Hero: folds
d3f7ad4c: folds
d5c7e7c1: folds
Uncalled bet ($0.45) returned to f550ff97
*** SHOWDOWN ***
f550ff97 collected $0.62 from pot
*** SUMMARY ***
Total pot $0.65 | Rake $0.03 | Jackpot $0 | Bingo $0 | Fortune $0 | Tax $0
Seat 1: d3f7ad4c (big blind) folded before Flop
Seat 2: d5c7e7c1 folded before Flop
Seat 3: 3f7efa47 folded before Flop (didn't bet)
Seat 4: 8a26afb folded before Flop (didn't bet)
Seat 5: f550ff97 (button) collected ($0.62)
Seat 6: Hero (small blind) folded before Flop


Poker Hand #HD1806747850: Hold'em No Limit ($0.05/$0.1) - 2024/06/08 16:24:13
Table 'NLHRed2' 6-max Seat #4 is the button
Seat 1: d3f7ad4c ($9.74 in chips)
Seat 2: d5c7e7c1 ($11.14 in chips)
Seat 3: 3f7efa47 ($1.62 in chips)
Seat 4: 8a26afb ($10 in chips)
Seat 5: f550ff97 ($10.19 in chips)
Seat 6: Hero ($29.76 in chips)
f550ff97: posts small blind $0.05
Hero: posts big blind $0.1
*** HOLE CARDS ***
Dealt to d3f7ad4c 
Dealt to d5c7e7c1 
Dealt to 3f7efa47 
Dealt to 8a26afb 
Dealt to f550ff97 
Dealt to Hero [3c 4h]
d3f7ad4c: folds
d5c7e7c1: folds
3f7efa47: calls $0.1
8a26afb: folds
f550ff97: folds
Hero: checks
*** FLOP *** [Kh 3s Th]
Hero: checks
3f7efa47: checks
*** TURN *** [Kh 3s Th] [9d]
Hero: checks
3f7efa47: checks
*** RIVER *** [Kh 3s Th 9d] [7c]
Hero: checks
3f7efa47: checks
Hero: shows [3c 4h] (Pair of Treys)
3f7efa47: shows [Qd 6c] (King-High)
*** SHOWDOWN ***
Hero collected $0.24 from pot
*** SUMMARY ***
Total pot $0.25 | Rake $0.01 | Jackpot $0 | Bingo $0 | Fortune $0 | Tax $0
Board [Kh 3s Th 9d 7c]
Seat 1: d3f7ad4c folded before Flop (didn't bet)
Seat 2: d5c7e7c1 folded before Flop (didn't bet)
Seat 3: 3f7efa47 showed [Qd 6c] and lost with King-High
Seat 4: 8a26afb (button) folded before Flop (didn't bet)
Seat 5: f550ff97 (small blind) folded before Flop
Seat 6: Hero (big blind) showed [3c 4h] and won ($0.24) with Pair of Treys


Poker Hand #HD1806747761: Hold'em No Limit ($0.05/$0.1) - 2024/06/08 16:23:26
Table 'NLHRed2' 6-max Seat #3 is the button
Seat 1: d3f7ad4c ($9.74 in chips)
Seat 2: d5c7e7c1 ($10 in chips)
Seat 3: 3f7efa47 ($2.72 in chips)
Seat 4: 8a26afb ($10 in chips)
Seat 5: f550ff97 ($10.29 in chips)
Seat 6: Hero ($29.76 in chips)
8a26afb: posts small blind $0.05
f550ff97: posts big blind $0.1
*** HOLE CARDS ***
Dealt to d3f7ad4c 
Dealt to d5c7e7c1 
Dealt to 3f7efa47 
Dealt to 8a26afb 
Dealt to f550ff97 
Dealt to Hero [4c 6s]
Hero: folds
d3f7ad4c: folds
d5c7e7c1: raises $0.15 to $0.25
3f7efa47: calls $0.25
8a26afb: folds
f550ff97: folds
*** FLOP *** [5h Kh 4h]
d5c7e7c1: checks
3f7efa47: bets $0.25
d5c7e7c1: calls $0.25
*** TURN *** [5h Kh 4h] [9s]
d5c7e7c1: checks
3f7efa47: checks
*** RIVER *** [5h Kh 4h 9s] [2s]
d5c7e7c1: checks
3f7efa47: bets $0.6
d5c7e7c1: calls $0.6
3f7efa47: shows [Qc Jd] (King-High)
d5c7e7c1: shows [Js Kd] (Pair of Kings)
*** SHOWDOWN ***
d5c7e7c1 collected $2.24 from pot
*** SUMMARY ***
Total pot $2.35 | Rake $0.11 | Jackpot $0 | Bingo $0 | Fortune $0 | Tax $0
Board [5h Kh 4h 9s 2s]
Seat 1: d3f7ad4c folded before Flop (didn't bet)
Seat 2: d5c7e7c1 showed [Js Kd] and won ($2.24) with Pair of Kings
Seat 3: 3f7efa47 (button) showed [Qc Jd] and lost with King-High
Seat 4: 8a26afb (small blind) folded before Flop
Seat 5: f550ff97 (big blind) folded before Flop
Seat 6: Hero folded before Flop (didn't bet)


Poker Hand #HD1806747715: Hold'em No Limit ($0.05/$0.1) - 2024/06/08 16:23:00
Table 'NLHRed2' 6-max Seat #2 is the button
Seat 2: d5c7e7c1 ($10 in chips)
Seat 3: 3f7efa47 ($2.77 in chips)
Seat 4: 8a26afb ($10 in chips)
Seat 5: f550ff97 ($10.14 in chips)
Seat 6: Hero ($29.76 in chips)
3f7efa47: posts small blind $0.05
8a26afb: posts big blind $0.1
*** HOLE CARDS ***
Dealt to d5c7e7c1 
Dealt to 3f7efa47 
Dealt to 8a26afb 
Dealt to f550ff97 
Dealt to Hero [2s Jd]
f550ff97: raises $0.1 to $0.2
Hero: folds
d5c7e7c1: folds
3f7efa47: folds
8a26afb: folds
Uncalled bet ($0.1) returned to f550ff97
*** SHOWDOWN ***
f550ff97 collected $0.25 from pot
*** SUMMARY ***
Total pot $0.25 | Rake $0 | Jackpot $0 | Bingo $0 | Fortune $0 | Tax $0
Seat 2: d5c7e7c1 (button) folded before Flop (didn't bet)
Seat 3: 3f7efa47 (small blind) folded before Flop
Seat 4: 8a26afb (big blind) folded before Flop
Seat 5: f550ff97 collected ($0.25)
Seat 6: Hero folded before Flop (didn't bet)


Poker Hand #HD1806747662: Hold'em No Limit ($0.05/$0.1) - 2024/06/08 16:22:36
Table 'NLHRed2' 6-max Seat #1 is the button
Seat 1: d3f7ad4c ($9.74 in chips)
Seat 2: d5c7e7c1 ($10 in chips)
Seat 3: 3f7efa47 ($2.72 in chips)
Seat 4: 8a26afb ($10 in chips)
Seat 5: f550ff97 ($10.14 in chips)
Seat 6: Hero ($29.76 in chips)
d5c7e7c1: posts small blind $0.05
3f7efa47: posts big blind $0.1
*** HOLE CARDS ***
Dealt to d3f7ad4c 
Dealt to d5c7e7c1 
Dealt to 3f7efa47 
Dealt to 8a26afb 
Dealt to f550ff97 
Dealt to Hero [2h 7s]
8a26afb: folds
f550ff97: folds
Hero: folds
d3f7ad4c: folds
d5c7e7c1: folds
Uncalled bet ($0.05) returned to 3f7efa47
*** SHOWDOWN ***
3f7efa47 collected $0.1 from pot
*** SUMMARY ***
Total pot $0.1 | Rake $0 | Jackpot $0 | Bingo $0 | Fortune $0 | Tax $0
Seat 1: d3f7ad4c (button) folded before Flop (didn't bet)
Seat 2: d5c7e7c1 (small blind) folded before Flop
Seat 3: 3f7efa47 (big blind) collected ($0.1)
Seat 4: 8a26afb folded before Flop (didn't bet)
Seat 5: f550ff97 folded before Flop (didn't bet)
Seat 6: Hero folded before Flop (didn't bet)


Poker Hand #HD1806747597: Hold'em No Limit ($0.05/$0.1) - 2024/06/08 16:22:03
Table 'NLHRed2' 6-max Seat #6 is the button
Seat 1: d3f7ad4c ($9.79 in chips)
Seat 2: d5c7e7c1 ($10 in chips)
Seat 3: 3f7efa47 ($2.72 in chips)
Seat 4: 8a26afb ($10 in chips)
Seat 5: f550ff97 ($10 in chips)
Seat 6: Hero ($29.76 in chips)
d3f7ad4c: posts small blind $0.05
d5c7e7c1: posts big blind $0.1
f550ff97: posts big blind $0.1
f550ff97: posts missed blind $0.05
*** HOLE CARDS ***
Dealt to d3f7ad4c 
Dealt to d5c7e7c1 
Dealt to 3f7efa47 
Dealt to 8a26afb 
Dealt to f550ff97 
Dealt to Hero [4d Td]
3f7efa47: folds
8a26afb: folds
f550ff97: checks
Hero: folds
d3f7ad4c: folds
d5c7e7c1: checks
*** FLOP *** [Qc 2c Kd]
d5c7e7c1: checks
f550ff97: checks
*** TURN *** [Qc 2c Kd] [8h]
d5c7e7c1: checks
f550ff97: bets $0.2
d5c7e7c1: folds
Uncalled bet ($0.2) returned to f550ff97
*** SHOWDOWN ***
f550ff97 collected $0.29 from pot
*** SUMMARY ***
Total pot $0.3 | Rake $0.01 | Jackpot $0 | Bingo $0 | Fortune $0 | Tax $0
Board [Qc 2c Kd 8h]
Seat 1: d3f7ad4c (small blind) folded before Flop
Seat 2: d5c7e7c1 (big blind) folded on the Turn
Seat 3: 3f7efa47 folded before Flop (didn't bet)
Seat 4: 8a26afb folded before Flop (didn't bet)
Seat 5: f550ff97 won ($0.29)
Seat 6: Hero (button) folded before Flop (didn't bet)


Poker Hand #HD1806747507: Hold'em No Limit ($0.05/$0.1) - 2024/06/08 16:21:12
Table 'NLHRed2' 6-max Seat #4 is the button
Seat 1: d3f7ad4c ($8.71 in chips)
Seat 2: d5c7e7c1 ($10 in chips)
Seat 3: 3f7efa47 ($2.72 in chips)
Seat 4: 8a26afb ($10.23 in chips)
Seat 6: Hero ($29.81 in chips)
Hero: posts small blind $0.05
d3f7ad4c: posts big blind $0.1
*** HOLE CARDS ***
Dealt to d3f7ad4c 
Dealt to d5c7e7c1 
Dealt to 3f7efa47 
Dealt to 8a26afb 
Dealt to Hero [3c Js]
d5c7e7c1: folds
3f7efa47: folds
8a26afb: raises $0.15 to $0.25
Hero: folds
d3f7ad4c: raises $0.19 to $0.44
8a26afb: calls $0.19
*** FLOP *** [3d 5h 3s]
d3f7ad4c: bets $0.7
8a26afb: calls $0.7
*** TURN *** [3d 5h 3s] [6c]
d3f7ad4c: bets $2.33
8a26afb: folds
Uncalled bet ($2.33) returned to d3f7ad4c
*** SHOWDOWN ***
d3f7ad4c collected $2.22 from pot
*** SUMMARY ***
Total pot $2.33 | Rake $0.11 | Jackpot $0 | Bingo $0 | Fortune $0 | Tax $0
Board [3d 5h 3s 6c]
Seat 1: d3f7ad4c (big blind) won ($2.22)
Seat 2: d5c7e7c1 folded before Flop (didn't bet)
Seat 3: 3f7efa47 folded before Flop (didn't bet)
Seat 4: 8a26afb (button) folded on the Turn
Seat 6: Hero (small blind) folded before Flop


Poker Hand #HD1806747473: Hold'em No Limit ($0.05/$0.1) - 2024/06/08 16:21:00
Table 'NLHRed2' 6-max Seat #3 is the button
Seat 1: d3f7ad4c ($8.71 in chips)
Seat 2: d5c7e7c1 ($10 in chips)
Seat 3: 3f7efa47 ($2.57 in chips)
Seat 4: 8a26afb ($10.28 in chips)
Seat 6: Hero ($29.91 in chips)
8a26afb: posts small blind $0.05
Hero: posts big blind $0.1
*** HOLE CARDS ***
Dealt to d3f7ad4c 
Dealt to d5c7e7c1 
Dealt to 3f7efa47 
Dealt to 8a26afb 
Dealt to Hero [Ah 4s]
d3f7ad4c: folds
d5c7e7c1: folds
3f7efa47: raises $0.1 to $0.2
8a26afb: folds
Hero: folds
Uncalled bet ($0.1) returned to 3f7efa47
*** SHOWDOWN ***
3f7efa47 collected $0.25 from pot
*** SUMMARY ***
Total pot $0.25 | Rake $0 | Jackpot $0 | Bingo $0 | Fortune $0 | Tax $0
Seat 1: d3f7ad4c folded before Flop (didn't bet)
Seat 2: d5c7e7c1 folded before Flop (didn't bet)
Seat 3: 3f7efa47 (button) collected ($0.25)
Seat 4: 8a26afb (small blind) folded before Flop
Seat 6: Hero (big blind) folded before Flop


Poker Hand #HD1806747362: Hold'em No Limit ($0.05/$0.1) - 2024/06/08 16:20:07
Table 'NLHRed2' 6-max Seat #2 is the button
Seat 1: d3f7ad4c ($8.71 in chips)
Seat 2: d5c7e7c1 ($10 in chips)
Seat 3: 3f7efa47 ($2.62 in chips)
Seat 4: 8a26afb ($10 in chips)
Seat 6: Hero ($29.91 in chips)
3f7efa47: posts small blind $0.05
8a26afb: posts big blind $0.1
*** HOLE CARDS ***
Dealt to d3f7ad4c 
Dealt to d5c7e7c1 
Dealt to 3f7efa47 
Dealt to 8a26afb 
Dealt to Hero [3s Ks]
Hero: folds
d3f7ad4c: folds
d5c7e7c1: raises $0.15 to $0.25
3f7efa47: folds
8a26afb: calls $0.15
*** FLOP *** [4h 9c 9h]
8a26afb: checks
d5c7e7c1: checks
*** TURN *** [4h 9c 9h] [9s]
8a26afb: bets $0.28
d5c7e7c1: folds
Uncalled bet ($0.28) returned to 8a26afb
*** SHOWDOWN ***
8a26afb collected $0.53 from pot
*** SUMMARY ***
Total pot $0.55 | Rake $0.02 | Jackpot $0 | Bingo $0 | Fortune $0 | Tax $0
Board [4h 9c 9h 9s]
Seat 1: d3f7ad4c folded before Flop (didn't bet)
Seat 2: d5c7e7c1 (button) folded on the Turn
Seat 3: 3f7efa47 (small blind) folded before Flop
Seat 4: 8a26afb (big blind) won ($0.53)
Seat 6: Hero folded before Flop (didn't bet)


Poker Hand #HD1806747248: Hold'em No Limit ($0.05/$0.1) - 2024/06/08 16:19:07
Table 'NLHRed2' 6-max Seat #1 is the button
Seat 1: d3f7ad4c ($8.71 in chips)
Seat 2: d5c7e7c1 ($10 in chips)
Seat 3: 3f7efa47 ($1.35 in chips)
Seat 4: 8a26afb ($11.3 in chips)
Seat 6: Hero ($29.91 in chips)
d5c7e7c1: posts small blind $0.05
3f7efa47: posts big blind $0.1
*** HOLE CARDS ***
Dealt to d3f7ad4c 
Dealt to d5c7e7c1 
Dealt to 3f7efa47 
Dealt to 8a26afb 
Dealt to Hero [5h 3d]
8a26afb: raises $0.15 to $0.25
Hero: folds
d3f7ad4c: folds
d5c7e7c1: folds
3f7efa47: raises $1.1 to $1.35 and is all-in
8a26afb: calls $1.1
3f7efa47: shows [7d 7c]
8a26afb: shows [Ks Kc]
*** FLOP *** [Tc 7s Jc]
*** TURN *** [Tc 7s Jc] [Ts]
*** RIVER *** [Tc 7s Jc Ts] [2h]
*** SHOWDOWN ***
3f7efa47 collected $2.62 from pot
*** SUMMARY ***
Total pot $2.75 | Rake $0.13 | Jackpot $0 | Bingo $0 | Fortune $0 | Tax $0
Board [Tc 7s Jc Ts 2h]
Seat 1: d3f7ad4c (button) folded before Flop (didn't bet)
Seat 2: d5c7e7c1 (small blind) folded before Flop
Seat 3: 3f7efa47 (big blind) showed [7d 7c] and won ($2.62) with Sevens Full over Tens
Seat 4: 8a26afb showed [Ks Kc] and lost with Pair of Kings and Pair of Tens
Seat 6: Hero folded before Flop (didn't bet)


Poker Hand #HD1806747091: Hold'em No Limit ($0.05/$0.1) - 2024/06/08 16:17:44
Table 'NLHRed2' 6-max Seat #6 is the button
Seat 1: d3f7ad4c ($8.76 in chips)
Seat 2: d5c7e7c1 ($10 in chips)
Seat 3: 3f7efa47 ($2.4 in chips)
Seat 4: 8a26afb ($10.21 in chips)
Seat 6: Hero ($29.91 in chips)
d3f7ad4c: posts small blind $0.05
d5c7e7c1: posts big blind $0.1
3f7efa47: posts big blind $0.1
*** HOLE CARDS ***
Dealt to d3f7ad4c 
Dealt to d5c7e7c1 
Dealt to 3f7efa47 
Dealt to 8a26afb 
Dealt to Hero [9s 5c]
3f7efa47: checks
8a26afb: calls $0.1
Hero: folds
d3f7ad4c: folds
d5c7e7c1: checks
*** FLOP *** [5h Jc 3s]
d5c7e7c1: checks
3f7efa47: bets $0.1
8a26afb: raises $0.2 to $0.3
d5c7e7c1: folds
3f7efa47: calls $0.2
*** TURN *** [5h Jc 3s] [6d]
3f7efa47: bets $0.35
8a26afb: calls $0.35
*** RIVER *** [5h Jc 3s 6d] [2d]
3f7efa47: bets $0.3
8a26afb: raises $2.25 to $2.55
3f7efa47: folds
Uncalled bet ($2.25) returned to 8a26afb
*** SHOWDOWN ***
8a26afb collected $2.14 from pot
*** SUMMARY ***
Total pot $2.25 | Rake $0.11 | Jackpot $0 | Bingo $0 | Fortune $0 | Tax $0
Board [5h Jc 3s 6d 2d]
Seat 1: d3f7ad4c (small blind) folded before Flop
Seat 2: d5c7e7c1 (big blind) folded on the Flop
Seat 3: 3f7efa47 folded on the River
Seat 4: 8a26afb won ($2.14)
Seat 6: Hero (button) folded before Flop (didn't bet)


Poker Hand #HD1806746979: Hold'em No Limit ($0.05/$0.1) - 2024/06/08 16:16:44
Table 'NLHRed2' 6-max Seat #4 is the button
Seat 1: d3f7ad4c ($8.48 in chips)
Seat 2: d5c7e7c1 ($10 in chips)
Seat 4: 8a26afb ($10.46 in chips)
Seat 6: Hero ($29.96 in chips)
Hero: posts small blind $0.05
d3f7ad4c: posts big blind $0.1
*** HOLE CARDS ***
Dealt to d3f7ad4c 
Dealt to d5c7e7c1 
Dealt to 8a26afb 
Dealt to Hero [7d 2s]
d5c7e7c1: folds
8a26afb: raises $0.15 to $0.25
Hero: folds
d3f7ad4c: calls $0.15
*** FLOP *** [6c 5c 2d]
d3f7ad4c: checks
8a26afb: checks
*** TURN *** [6c 5c 2d] [Jc]
d3f7ad4c: checks
8a26afb: checks
*** RIVER *** [6c 5c 2d Jc] [Jh]
d3f7ad4c: checks
8a26afb: checks
d3f7ad4c: shows [Ah 4s] (Pair of Jacks)
8a26afb: shows [Ks 8h] (Pair of Jacks)
*** SHOWDOWN ***
d3f7ad4c collected $0.53 from pot
*** SUMMARY ***
Total pot $0.55 | Rake $0.02 | Jackpot $0 | Bingo $0 | Fortune $0 | Tax $0
Board [6c 5c 2d Jc Jh]
Seat 1: d3f7ad4c (big blind) showed [Ah 4s] and won ($0.53) with Pair of Jacks
Seat 2: d5c7e7c1 folded before Flop (didn't bet)
Seat 4: 8a26afb (button) showed [Ks 8h] and lost with Pair of Jacks
Seat 6: Hero (small blind) folded before Flop


Poker Hand #HD1806746919: Hold'em No Limit ($0.05/$0.1) - 2024/06/08 16:16:07
Table 'NLHRed2' 6-max Seat #2 is the button
Seat 1: d3f7ad4c ($8.48 in chips)
Seat 2: d5c7e7c1 ($10.84 in chips)
Seat 4: 8a26afb ($10.51 in chips)
Seat 6: Hero ($29.01 in chips)
8a26afb: posts small blind $0.05
Hero: posts big blind $0.1
*** HOLE CARDS ***
Dealt to d3f7ad4c 
Dealt to d5c7e7c1 
Dealt to 8a26afb 
Dealt to Hero [Ks Kd]
d3f7ad4c: folds
d5c7e7c1: raises $0.15 to $0.25
8a26afb: folds
Hero: raises $0.75 to $1
d5c7e7c1: calls $0.75
*** FLOP *** [4s 9s Kh]
Hero: checks
d5c7e7c1: checks
*** TURN *** [4s 9s Kh] [9h]
Hero: bets $0.7
d5c7e7c1: folds
Uncalled bet ($0.7) returned to Hero
*** SHOWDOWN ***
Hero collected $1.95 from pot
*** SUMMARY ***
Total pot $2.05 | Rake $0.1 | Jackpot $0 | Bingo $0 | Fortune $0 | Tax $0
Board [4s 9s Kh 9h]
Seat 1: d3f7ad4c folded before Flop (didn't bet)
Seat 2: d5c7e7c1 (button) folded on the Turn
Seat 4: 8a26afb (small blind) folded before Flop
Seat 6: Hero (big blind) won ($1.95)


Poker Hand #HD1806746867: Hold'em No Limit ($0.05/$0.1) - 2024/06/08 16:15:39
Table 'NLHRed2' 6-max Seat #1 is the button
Seat 1: d3f7ad4c ($8.48 in chips)
Seat 2: d5c7e7c1 ($10.89 in chips)
Seat 4: 8a26afb ($10.46 in chips)
Seat 5: f550ff97 ($10 in chips)
Seat 6: Hero ($29.01 in chips)
d5c7e7c1: posts small blind $0.05
8a26afb: posts big blind $0.1
*** HOLE CARDS ***
Dealt to d3f7ad4c 
Dealt to d5c7e7c1 
Dealt to 8a26afb 
Dealt to f550ff97 
Dealt to Hero [9s Jc]
f550ff97: folds
Hero: folds
d3f7ad4c: folds
d5c7e7c1: folds
Uncalled bet ($0.05) returned to 8a26afb
*** SHOWDOWN ***
8a26afb collected $0.1 from pot
*** SUMMARY ***
Total pot $0.1 | Rake $0 | Jackpot $0 | Bingo $0 | Fortune $0 | Tax $0
Seat 1: d3f7ad4c (button) folded before Flop (didn't bet)
Seat 2: d5c7e7c1 (small blind) folded before Flop
Seat 4: 8a26afb (big blind) collected ($0.1)
Seat 5: f550ff97 folded before Flop (didn't bet)
Seat 6: Hero folded before Flop (didn't bet)


Poker Hand #HD1806746745: Hold'em No Limit ($0.05/$0.1) - 2024/06/08 16:14:37
Table 'NLHRed2' 6-max Seat #6 is the button
Seat 1: d3f7ad4c ($9.46 in chips)
Seat 2: d5c7e7c1 ($10 in chips)
Seat 4: 8a26afb ($10.46 in chips)
Seat 5: f550ff97 ($10 in chips)
Seat 6: Hero ($29.01 in chips)
d3f7ad4c: posts small blind $0.05
d5c7e7c1: posts big blind $0.1
*** HOLE CARDS ***
Dealt to d3f7ad4c 
Dealt to d5c7e7c1 
Dealt to 8a26afb 
Dealt to f550ff97 
Dealt to Hero [7h Ks]
8a26afb: folds
f550ff97: folds
Hero: folds
d3f7ad4c: calls $0.05
d5c7e7c1: raises $0.26 to $0.36
d3f7ad4c: calls $0.26
*** FLOP *** [Qc 8h Tc]
d3f7ad4c: checks
d5c7e7c1: bets $0.62
d3f7ad4c: calls $0.62
*** TURN *** [Qc 8h Tc] [Ah]
d3f7ad4c: checks
d5c7e7c1: bets $2.51
d3f7ad4c: folds
Uncalled bet ($2.51) returned to d5c7e7c1
*** SHOWDOWN ***
d5c7e7c1 collected $1.87 from pot
*** SUMMARY ***
Total pot $1.96 | Rake $0.09 | Jackpot $0 | Bingo $0 | Fortune $0 | Tax $0
Board [Qc 8h Tc Ah]
Seat 1: d3f7ad4c (small blind) folded on the Turn
Seat 2: d5c7e7c1 (big blind) won ($1.87)
Seat 4: 8a26afb folded before Flop (didn't bet)
Seat 5: f550ff97 folded before Flop (didn't bet)
Seat 6: Hero (button) folded before Flop (didn't bet)


Poker Hand #HD1806746697: Hold'em No Limit ($0.05/$0.1) - 2024/06/08 16:14:16
Table 'NLHRed2' 6-max Seat #5 is the button
Seat 1: d3f7ad4c ($9.56 in chips)
Seat 2: d5c7e7c1 ($10 in chips)
Seat 4: 8a26afb ($10.31 in chips)
Seat 5: f550ff97 ($10 in chips)
Seat 6: Hero ($29.06 in chips)
Hero: posts small blind $0.05
d3f7ad4c: posts big blind $0.1
*** HOLE CARDS ***
Dealt to d3f7ad4c 
Dealt to d5c7e7c1 
Dealt to 8a26afb 
Dealt to f550ff97 
Dealt to Hero [Ts Qd]
d5c7e7c1: folds
8a26afb: raises $0.1 to $0.2
f550ff97: folds
Hero: folds
d3f7ad4c: folds
Uncalled bet ($0.1) returned to 8a26afb
*** SHOWDOWN ***
8a26afb collected $0.25 from pot
*** SUMMARY ***
Total pot $0.25 | Rake $0 | Jackpot $0 | Bingo $0 | Fortune $0 | Tax $0
Seat 1: d3f7ad4c (big blind) folded before Flop
Seat 2: d5c7e7c1 folded before Flop (didn't bet)
Seat 4: 8a26afb collected ($0.25)
Seat 5: f550ff97 (button) folded before Flop (didn't bet)
Seat 6: Hero (small blind) folded before Flop


Poker Hand #HD1806746645: Hold'em No Limit ($0.05/$0.1) - 2024/06/08 16:13:50
Table 'NLHRed2' 6-max Seat #4 is the button
Seat 1: d3f7ad4c ($9.11 in chips)
Seat 2: d5c7e7c1 ($10 in chips)
Seat 4: 8a26afb ($10.65 in chips)
Seat 5: f550ff97 ($10.05 in chips)
Seat 6: Hero ($29.16 in chips)
f550ff97: posts small blind $0.05
Hero: posts big blind $0.1
*** HOLE CARDS ***
Dealt to d3f7ad4c 
Dealt to d5c7e7c1 
Dealt to 8a26afb 
Dealt to f550ff97 
Dealt to Hero [4c 8c]
d3f7ad4c: calls $0.1
d5c7e7c1: folds
8a26afb: raises $0.24 to $0.34
f550ff97: folds
Hero: folds
d3f7ad4c: raises $0.28 to $0.62
8a26afb: folds
Uncalled bet ($0.28) returned to d3f7ad4c
*** SHOWDOWN ***
d3f7ad4c collected $0.79 from pot
*** SUMMARY ***
Total pot $0.83 | Rake $0.04 | Jackpot $0 | Bingo $0 | Fortune $0 | Tax $0
Seat 1: d3f7ad4c collected ($0.79)
Seat 2: d5c7e7c1 folded before Flop (didn't bet)
Seat 4: 8a26afb (button) folded before Flop
Seat 5: f550ff97 (small blind) folded before Flop
Seat 6: Hero (big blind) folded before Flop


Poker Hand #HD1806746564: Hold'em No Limit ($0.05/$0.1) - 2024/06/08 16:13:02
Table 'NLHRed2' 6-max Seat #3 is the button
Seat 1: d3f7ad4c ($9.21 in chips)
Seat 2: d5c7e7c1 ($10 in chips)
Seat 3: 11c10734 ($11.04 in chips)
Seat 4: 8a26afb ($10.1 in chips)
Seat 5: f550ff97 ($10.15 in chips)
Seat 6: Hero ($29.16 in chips)
8a26afb: posts small blind $0.05
f550ff97: posts big blind $0.1
*** HOLE CARDS ***
Dealt to d3f7ad4c 
Dealt to d5c7e7c1 
Dealt to 11c10734 
Dealt to 8a26afb 
Dealt to f550ff97 
Dealt to Hero [7c Tc]
Hero: folds
d3f7ad4c: calls $0.1
d5c7e7c1: folds
11c10734: raises $0.3 to $0.4
8a26afb: raises $0.8 to $1.2
f550ff97: folds
d3f7ad4c: folds
11c10734: folds
Uncalled bet ($0.8) returned to 8a26afb
*** SHOWDOWN ***
8a26afb collected $0.95 from pot
*** SUMMARY ***
Total pot $1 | Rake $0.05 | Jackpot $0 | Bingo $0 | Fortune $0 | Tax $0
Seat 1: d3f7ad4c folded before Flop
Seat 2: d5c7e7c1 folded before Flop (didn't bet)
Seat 3: 11c10734 (button) folded before Flop
Seat 4: 8a26afb (small blind) collected ($0.95)
Seat 5: f550ff97 (big blind) folded before Flop
Seat 6: Hero folded before Flop (didn't bet)


Poker Hand #HD1806746440: Hold'em No Limit ($0.05/$0.1) - 2024/06/08 16:11:55
Table 'NLHRed2' 6-max Seat #2 is the button
Seat 1: d3f7ad4c ($9.21 in chips)
Seat 2: d5c7e7c1 ($10 in chips)
Seat 3: 11c10734 ($10.05 in chips)
Seat 4: 8a26afb ($11.2 in chips)
Seat 5: f550ff97 ($10.15 in chips)
Seat 6: Hero ($29.16 in chips)
11c10734: posts small blind $0.05
8a26afb: posts big blind $0.1
*** HOLE CARDS ***
Dealt to d3f7ad4c 
Dealt to d5c7e7c1 
Dealt to 11c10734 
Dealt to 8a26afb 
Dealt to f550ff97 
Dealt to Hero [Qc 8d]
f550ff97: folds
Hero: folds
d3f7ad4c: folds
d5c7e7c1: folds
11c10734: raises $0.1 to $0.2
8a26afb: calls $0.1
*** FLOP *** [9s 2h 6c]
11c10734: checks
8a26afb: bets $0.2
11c10734: raises $0.7 to $0.9
8a26afb: calls $0.7
*** TURN *** [9s 2h 6c] [Kd]
11c10734: bets $1.45
8a26afb: folds
Uncalled bet ($1.45) returned to 11c10734
*** SHOWDOWN ***
11c10734 collected $2.09 from pot
*** SUMMARY ***
Total pot $2.2 | Rake $0.11 | Jackpot $0 | Bingo $0 | Fortune $0 | Tax $0
Board [9s 2h 6c Kd]
Seat 1: d3f7ad4c folded before Flop (didn't bet)
Seat 2: d5c7e7c1 (button) folded before Flop (didn't bet)
Seat 3: 11c10734 (small blind) won ($2.09)
Seat 4: 8a26afb (big blind) folded on the Turn
Seat 5: f550ff97 folded before Flop (didn't bet)
Seat 6: Hero folded before Flop (didn't bet)


Poker Hand #HD1806746391: Hold'em No Limit ($0.05/$0.1) - 2024/06/08 16:11:28
Table 'NLHRed2' 6-max Seat #1 is the button
Seat 1: d3f7ad4c ($9.21 in chips)
Seat 2: d5c7e7c1 ($10.05 in chips)
Seat 3: 11c10734 ($10.15 in chips)
Seat 4: 8a26afb ($11.2 in chips)
Seat 5: f550ff97 ($10 in chips)
Seat 6: Hero ($29.16 in chips)
d5c7e7c1: posts small blind $0.05
11c10734: posts big blind $0.1
*** HOLE CARDS ***
Dealt to d3f7ad4c 
Dealt to d5c7e7c1 
Dealt to 11c10734 
Dealt to 8a26afb 
Dealt to f550ff97 
Dealt to Hero [Qh 8d]
8a26afb: folds
f550ff97: raises $0.1 to $0.2
Hero: folds
d3f7ad4c: folds
d5c7e7c1: folds
11c10734: folds
Uncalled bet ($0.1) returned to f550ff97
*** SHOWDOWN ***
f550ff97 collected $0.25 from pot
*** SUMMARY ***
Total pot $0.25 | Rake $0 | Jackpot $0 | Bingo $0 | Fortune $0 | Tax $0
Seat 1: d3f7ad4c (button) folded before Flop (didn't bet)
Seat 2: d5c7e7c1 (small blind) folded before Flop
Seat 3: 11c10734 (big blind) folded before Flop
Seat 4: 8a26afb folded before Flop (didn't bet)
Seat 5: f550ff97 collected ($0.25)
Seat 6: Hero folded before Flop (didn't bet)


Poker Hand #HD1806746330: Hold'em No Limit ($0.05/$0.1) - 2024/06/08 16:10:58
Table 'NLHRed2' 6-max Seat #6 is the button
Seat 1: d3f7ad4c ($9.26 in chips)
Seat 2: d5c7e7c1 ($10.15 in chips)
Seat 3: 11c10734 ($10 in chips)
Seat 4: 8a26afb ($11.2 in chips)
Seat 5: f550ff97 ($10 in chips)
Seat 6: Hero ($29.16 in chips)
d3f7ad4c: posts small blind $0.05
d5c7e7c1: posts big blind $0.1
*** HOLE CARDS ***
Dealt to d3f7ad4c 
Dealt to d5c7e7c1 
Dealt to 11c10734 
Dealt to 8a26afb 
Dealt to f550ff97 
Dealt to Hero [4s 9s]
11c10734: raises $0.1 to $0.2
8a26afb: folds
f550ff97: folds
Hero: folds
d3f7ad4c: folds
d5c7e7c1: folds
Uncalled bet ($0.1) returned to 11c10734
*** SHOWDOWN ***
11c10734 collected $0.25 from pot
*** SUMMARY ***
Total pot $0.25 | Rake $0 | Jackpot $0 | Bingo $0 | Fortune $0 | Tax $0
Seat 1: d3f7ad4c (small blind) folded before Flop
Seat 2: d5c7e7c1 (big blind) folded before Flop
Seat 3: 11c10734 collected ($0.25)
Seat 4: 8a26afb folded before Flop (didn't bet)
Seat 5: f550ff97 folded before Flop (didn't bet)
Seat 6: Hero (button) folded before Flop (didn't bet)


Poker Hand #HD1806746271: Hold'em No Limit ($0.05/$0.1) - 2024/06/08 16:10:28
Table 'NLHRed2' 6-max Seat #5 is the button
Seat 1: d3f7ad4c ($9.36 in chips)
Seat 2: d5c7e7c1 ($10 in chips)
Seat 3: 11c10734 ($10 in chips)
Seat 4: 8a26afb ($11.2 in chips)
Seat 5: f550ff97 ($10 in chips)
Seat 6: Hero ($29.21 in chips)
Hero: posts small blind $0.05
d3f7ad4c: posts big blind $0.1
*** HOLE CARDS ***
Dealt to d3f7ad4c 
Dealt to d5c7e7c1 
Dealt to 11c10734 
Dealt to 8a26afb 
Dealt to f550ff97 
Dealt to Hero [Jc 9s]
d5c7e7c1: raises $0.15 to $0.25
11c10734: folds
8a26afb: folds
f550ff97: folds
Hero: folds
d3f7ad4c: folds
Uncalled bet ($0.15) returned to d5c7e7c1
*** SHOWDOWN ***
d5c7e7c1 collected $0.25 from pot
*** SUMMARY ***
Total pot $0.25 | Rake $0 | Jackpot $0 | Bingo $0 | Fortune $0 | Tax $0
Seat 1: d3f7ad4c (big blind) folded before Flop
Seat 2: d5c7e7c1 collected ($0.25)
Seat 3: 11c10734 folded before Flop (didn't bet)
Seat 4: 8a26afb folded before Flop (didn't bet)
Seat 5: f550ff97 (button) folded before Flop (didn't bet)
Seat 6: Hero (small blind) folded before Flop


Poker Hand #HD1806746203: Hold'em No Limit ($0.05/$0.1) - 2024/06/08 16:09:54
Table 'NLHRed2' 6-max Seat #4 is the button
Seat 1: d3f7ad4c ($9.36 in chips)
Seat 2: d5c7e7c1 ($10 in chips)
Seat 3: 11c10734 ($10 in chips)
Seat 4: 8a26afb ($11.05 in chips)
Seat 5: f550ff97 ($10 in chips)
Seat 6: Hero ($29.31 in chips)
f550ff97: posts small blind $0.05
Hero: posts big blind $0.1
*** HOLE CARDS ***
Dealt to d3f7ad4c 
Dealt to d5c7e7c1 
Dealt to 11c10734 
Dealt to 8a26afb 
Dealt to f550ff97 
Dealt to Hero [Jd 2d]
d3f7ad4c: folds
d5c7e7c1: folds
11c10734: folds
8a26afb: raises $0.15 to $0.25
f550ff97: folds
Hero: folds
Uncalled bet ($0.15) returned to 8a26afb
*** SHOWDOWN ***
8a26afb collected $0.25 from pot
*** SUMMARY ***
Total pot $0.25 | Rake $0 | Jackpot $0 | Bingo $0 | Fortune $0 | Tax $0
Seat 1: d3f7ad4c folded before Flop (didn't bet)
Seat 2: d5c7e7c1 folded before Flop (didn't bet)
Seat 3: 11c10734 folded before Flop (didn't bet)
Seat 4: 8a26afb (button) collected ($0.25)
Seat 5: f550ff97 (small blind) folded before Flop
Seat 6: Hero (big blind) folded before Flop


Poker Hand #HD1806746070: Hold'em No Limit ($0.05/$0.1) - 2024/06/08 16:08:47
Table 'NLHRed2' 6-max Seat #3 is the button
Seat 1: d3f7ad4c ($7.11 in chips)
Seat 2: d5c7e7c1 ($10 in chips)
Seat 3: 11c10734 ($10 in chips)
Seat 4: 8a26afb ($11.1 in chips)
Seat 5: f550ff97 ($10.05 in chips)
Seat 6: Hero ($29.31 in chips)
8a26afb: posts small blind $0.05
f550ff97: posts big blind $0.1
*** HOLE CARDS ***
Dealt to d3f7ad4c 
Dealt to d5c7e7c1 
Dealt to 11c10734 
Dealt to 8a26afb 
Dealt to f550ff97 
Dealt to Hero [8s 2s]
Hero: folds
d3f7ad4c: calls $0.1
d5c7e7c1: folds
11c10734: folds
8a26afb: folds
f550ff97: raises $0.2 to $0.3
d3f7ad4c: raises $0.65 to $0.95
f550ff97: calls $0.65
*** FLOP *** [9c 8c Ts]
f550ff97: checks
d3f7ad4c: checks
*** TURN *** [9c 8c Ts] [6d]
f550ff97: bets $0.5
d3f7ad4c: calls $0.5
*** RIVER *** [9c 8c Ts 6d] [3d]
f550ff97: bets $1.1
d3f7ad4c: raises $4.45 to $5.55
f550ff97: folds
Uncalled bet ($4.45) returned to d3f7ad4c
*** SHOWDOWN ***
d3f7ad4c collected $4.8 from pot
*** SUMMARY ***
Total pot $5.15 | Rake $0.25 | Jackpot $0.1 | Bingo $0 | Fortune $0 | Tax $0
Board [9c 8c Ts 6d 3d]
Seat 1: d3f7ad4c won ($4.8)
Seat 2: d5c7e7c1 folded before Flop (didn't bet)
Seat 3: 11c10734 (button) folded before Flop (didn't bet)
Seat 4: 8a26afb (small blind) folded before Flop
Seat 5: f550ff97 (big blind) folded on the River
Seat 6: Hero folded before Flop (didn't bet)


Poker Hand #HD1806745975: Hold'em No Limit ($0.05/$0.1) - 2024/06/08 16:07:50
Table 'NLHRed2' 6-max Seat #2 is the button
Seat 1: d3f7ad4c ($7.11 in chips)
Seat 2: d5c7e7c1 ($10.89 in chips)
Seat 3: 11c10734 ($10 in chips)
Seat 4: 8a26afb ($10.15 in chips)
Seat 5: f550ff97 ($10.05 in chips)
Seat 6: Hero ($29.31 in chips)
11c10734: posts small blind $0.05
8a26afb: posts big blind $0.1
*** HOLE CARDS ***
Dealt to d3f7ad4c 
Dealt to d5c7e7c1 
Dealt to 11c10734 
Dealt to 8a26afb 
Dealt to f550ff97 
Dealt to Hero [Jh 7c]
f550ff97: folds
Hero: folds
d3f7ad4c: folds
d5c7e7c1: raises $0.15 to $0.25
11c10734: folds
8a26afb: raises $0.75 to $1
d5c7e7c1: calls $0.75
*** FLOP *** [9d Qs 5h]
8a26afb: bets $0.68
d5c7e7c1: folds
Uncalled bet ($0.68) returned to 8a26afb
*** SHOWDOWN ***
8a26afb collected $1.95 from pot
*** SUMMARY ***
Total pot $2.05 | Rake $0.1 | Jackpot $0 | Bingo $0 | Fortune $0 | Tax $0
Board [9d Qs 5h]
Seat 1: d3f7ad4c folded before Flop (didn't bet)
Seat 2: d5c7e7c1 (button) folded on the Flop
Seat 3: 11c10734 (small blind) folded before Flop
Seat 4: 8a26afb (big blind) won ($1.95)
Seat 5: f550ff97 folded before Flop (didn't bet)
Seat 6: Hero folded before Flop (didn't bet)


Poker Hand #HD1806745947: Hold'em No Limit ($0.05/$0.1) - 2024/06/08 16:07:33
Table 'NLHRed2' 6-max Seat #1 is the button
Seat 1: d3f7ad4c ($7.11 in chips)
Seat 2: d5c7e7c1 ($10.94 in chips)
Seat 3: 11c10734 ($10 in chips)
Seat 4: 8a26afb ($10 in chips)
Seat 5: f550ff97 ($10.05 in chips)
Seat 6: Hero ($29.31 in chips)
d5c7e7c1: posts small blind $0.05
11c10734: posts big blind $0.1
*** HOLE CARDS ***
Dealt to d3f7ad4c 
Dealt to d5c7e7c1 
Dealt to 11c10734 
Dealt to 8a26afb 
Dealt to f550ff97 
Dealt to Hero [Ks Th]
8a26afb: raises $0.15 to $0.25
f550ff97: folds
Hero: folds
d3f7ad4c: folds
d5c7e7c1: folds
11c10734: folds
Uncalled bet ($0.15) returned to 8a26afb
*** SHOWDOWN ***
8a26afb collected $0.25 from pot
*** SUMMARY ***
Total pot $0.25 | Rake $0 | Jackpot $0 | Bingo $0 | Fortune $0 | Tax $0
Seat 1: d3f7ad4c (button) folded before Flop (didn't bet)
Seat 2: d5c7e7c1 (small blind) folded before Flop
Seat 3: 11c10734 (big blind) folded before Flop
Seat 4: 8a26afb collected ($0.25)
Seat 5: f550ff97 folded before Flop (didn't bet)
Seat 6: Hero folded before Flop (didn't bet)


Poker Hand #HD1806745857: Hold'em No Limit ($0.05/$0.1) - 2024/06/08 16:06:39
Table 'NLHRed2' 6-max Seat #6 is the button
Seat 1: d3f7ad4c ($6.92 in chips)
Seat 2: d5c7e7c1 ($11.04 in chips)
Seat 3: 11c10734 ($10 in chips)
Seat 4: 8a26afb ($10 in chips)
Seat 5: f550ff97 ($10.15 in chips)
Seat 6: Hero ($29.31 in chips)
d3f7ad4c: posts small blind $0.05
d5c7e7c1: posts big blind $0.1
*** HOLE CARDS ***
Dealt to d3f7ad4c 
Dealt to d5c7e7c1 
Dealt to 11c10734 
Dealt to 8a26afb 
Dealt to f550ff97 
Dealt to Hero [9c 6h]
11c10734: folds
8a26afb: folds
f550ff97: calls $0.1
Hero: folds
d3f7ad4c: calls $0.05
d5c7e7c1: checks
*** FLOP *** [9d Qh 8d]
d3f7ad4c: checks
d5c7e7c1: checks
f550ff97: checks
*** TURN *** [9d Qh 8d] [5c]
d3f7ad4c: bets $0.1
d5c7e7c1: folds
f550ff97: folds
Uncalled bet ($0.1) returned to d3f7ad4c
*** SHOWDOWN ***
d3f7ad4c collected $0.29 from pot
*** SUMMARY ***
Total pot $0.3 | Rake $0.01 | Jackpot $0 | Bingo $0 | Fortune $0 | Tax $0
Board [9d Qh 8d 5c]
Seat 1: d3f7ad4c (small blind) won ($0.29)
Seat 2: d5c7e7c1 (big blind) folded on the Turn
Seat 3: 11c10734 folded before Flop (didn't bet)
Seat 4: 8a26afb folded before Flop (didn't bet)
Seat 5: f550ff97 folded on the Turn
Seat 6: Hero (button) folded before Flop (didn't bet)


Poker Hand #HD1806745769: Hold'em No Limit ($0.05/$0.1) - 2024/06/08 16:05:55
Table 'NLHRed2' 6-max Seat #5 is the button
Seat 1: d3f7ad4c ($7.82 in chips)
Seat 2: d5c7e7c1 ($10.18 in chips)
Seat 3: 11c10734 ($10 in chips)
Seat 4: 8a26afb ($10 in chips)
Seat 5: f550ff97 ($10.15 in chips)
Seat 6: Hero ($29.36 in chips)
Hero: posts small blind $0.05
d3f7ad4c: posts big blind $0.1
*** HOLE CARDS ***
Dealt to d3f7ad4c 
Dealt to d5c7e7c1 
Dealt to 11c10734 
Dealt to 8a26afb 
Dealt to f550ff97 
Dealt to Hero [6s Ks]
d5c7e7c1: raises $0.15 to $0.25
11c10734: folds
8a26afb: folds
f550ff97: folds
Hero: folds
d3f7ad4c: calls $0.15
*** FLOP *** [7h 9s 7d]
d3f7ad4c: checks
d5c7e7c1: checks
*** TURN *** [7h 9s 7d] [Qh]
d3f7ad4c: bets $0.28
d5c7e7c1: calls $0.28
*** RIVER *** [7h 9s 7d Qh] [4s]
d3f7ad4c: checks
d5c7e7c1: bets $0.37
d3f7ad4c: calls $0.37
d5c7e7c1: shows [Ts Qs] (Pair of Queens and Pair of Sevens)
d3f7ad4c: shows [Kh Th] (Pair of Sevens)
*** SHOWDOWN ***
d5c7e7c1 collected $1.76 from pot
*** SUMMARY ***
Total pot $1.85 | Rake $0.09 | Jackpot $0 | Bingo $0 | Fortune $0 | Tax $0
Board [7h 9s 7d Qh 4s]
Seat 1: d3f7ad4c (big blind) showed [Kh Th] and lost with Pair of Sevens
Seat 2: d5c7e7c1 showed [Ts Qs] and won ($1.76) with Pair of Queens and Pair of Sevens
Seat 3: 11c10734 folded before Flop (didn't bet)
Seat 4: 8a26afb folded before Flop (didn't bet)
Seat 5: f550ff97 (button) folded before Flop (didn't bet)
Seat 6: Hero (small blind) folded before Flop


Poker Hand #HD1806745712: Hold'em No Limit ($0.05/$0.1) - 2024/06/08 16:05:31
Table 'NLHRed2' 6-max Seat #4 is the button
Seat 1: d3f7ad4c ($7.67 in chips)
Seat 2: d5c7e7c1 ($10.18 in chips)
Seat 3: 11c10734 ($10 in chips)
Seat 4: 8a26afb ($10 in chips)
Seat 5: f550ff97 ($10.2 in chips)
Seat 6: Hero ($29.46 in chips)
f550ff97: posts small blind $0.05
Hero: posts big blind $0.1
*** HOLE CARDS ***
Dealt to d3f7ad4c 
Dealt to d5c7e7c1 
Dealt to 11c10734 
Dealt to 8a26afb 
Dealt to f550ff97 
Dealt to Hero [9c 6s]
d3f7ad4c: raises $0.1 to $0.2
d5c7e7c1: folds
11c10734: folds
8a26afb: folds
f550ff97: folds
Hero: folds
Uncalled bet ($0.1) returned to d3f7ad4c
*** SHOWDOWN ***
d3f7ad4c collected $0.25 from pot
*** SUMMARY ***
Total pot $0.25 | Rake $0 | Jackpot $0 | Bingo $0 | Fortune $0 | Tax $0
Seat 1: d3f7ad4c collected ($0.25)
Seat 2: d5c7e7c1 folded before Flop (didn't bet)
Seat 3: 11c10734 folded before Flop (didn't bet)
Seat 4: 8a26afb (button) folded before Flop (didn't bet)
Seat 5: f550ff97 (small blind) folded before Flop
Seat 6: Hero (big blind) folded before Flop


Poker Hand #HD1806745664: Hold'em No Limit ($0.05/$0.1) - 2024/06/08 16:05:09
Table 'NLHRed2' 6-max Seat #3 is the button
Seat 1: d3f7ad4c ($7.67 in chips)
Seat 2: d5c7e7c1 ($10.18 in chips)
Seat 3: 11c10734 ($10 in chips)
Seat 4: 8a26afb ($10 in chips)
Seat 5: f550ff97 ($10.15 in chips)
Seat 6: Hero ($29.46 in chips)
8a26afb: posts small blind $0.05
f550ff97: posts big blind $0.1
*** HOLE CARDS ***
Dealt to d3f7ad4c 
Dealt to d5c7e7c1 
Dealt to 11c10734 
Dealt to 8a26afb 
Dealt to f550ff97 
Dealt to Hero [9h Jd]
Hero: folds
d3f7ad4c: folds
d5c7e7c1: folds
11c10734: folds
8a26afb: folds
Uncalled bet ($0.05) returned to f550ff97
*** SHOWDOWN ***
f550ff97 collected $0.1 from pot
*** SUMMARY ***
Total pot $0.1 | Rake $0 | Jackpot $0 | Bingo $0 | Fortune $0 | Tax $0
Seat 1: d3f7ad4c folded before Flop (didn't bet)
Seat 2: d5c7e7c1 folded before Flop (didn't bet)
Seat 3: 11c10734 (button) folded before Flop (didn't bet)
Seat 4: 8a26afb (small blind) folded before Flop
Seat 5: f550ff97 (big blind) collected ($0.1)
Seat 6: Hero folded before Flop (didn't bet)


Poker Hand #HD1806665581: Hold'em No Limit ($0.05/$0.1) - 2024/06/08 16:04:31
Table 'NLHRed2' 6-max Seat #2 is the button
Seat 1: d3f7ad4c ($7.26 in chips)
Seat 2: d5c7e7c1 ($10.18 in chips)
Seat 3: 11c10734 ($10.32 in chips)
Seat 4: 8a26afb ($10 in chips)
Seat 5: f550ff97 ($10.15 in chips)
Seat 6: Hero ($29.46 in chips)
11c10734: posts small blind $0.05
8a26afb: posts big blind $0.1
*** HOLE CARDS ***
Dealt to d3f7ad4c 
Dealt to d5c7e7c1 
Dealt to 11c10734 
Dealt to 8a26afb 
Dealt to f550ff97 
Dealt to Hero [5c 3s]
f550ff97: folds
Hero: folds
d3f7ad4c: calls $0.1
d5c7e7c1: folds
11c10734: raises $0.25 to $0.35
8a26afb: folds
d3f7ad4c: calls $0.25
*** FLOP *** [9d 8c Jd]
11c10734: checks
d3f7ad4c: bets $0.27
11c10734: folds
Uncalled bet ($0.27) returned to d3f7ad4c
*** SHOWDOWN ***
d3f7ad4c collected $0.76 from pot
*** SUMMARY ***
Total pot $0.8 | Rake $0.04 | Jackpot $0 | Bingo $0 | Fortune $0 | Tax $0
Board [9d 8c Jd]
Seat 1: d3f7ad4c won ($0.76)
Seat 2: d5c7e7c1 (button) folded before Flop (didn't bet)
Seat 3: 11c10734 (small blind) folded on the Flop
Seat 4: 8a26afb (big blind) folded before Flop
Seat 5: f550ff97 folded before Flop (didn't bet)
Seat 6: Hero folded before Flop (didn't bet)


Poker Hand #HD1806665483: Hold'em No Limit ($0.05/$0.1) - 2024/06/08 16:03:35
Table 'NLHRed2' 6-max Seat #1 is the button
Seat 1: d3f7ad4c ($7.56 in chips)
Seat 2: d5c7e7c1 ($10.23 in chips)
Seat 3: 11c10734 ($10 in chips)
Seat 5: f550ff97 ($10.15 in chips)
Seat 6: Hero ($29.46 in chips)
d5c7e7c1: posts small blind $0.05
11c10734: posts big blind $0.1
*** HOLE CARDS ***
Dealt to d3f7ad4c 
Dealt to d5c7e7c1 
Dealt to 11c10734 
Dealt to f550ff97 
Dealt to Hero [4d 7c]
f550ff97: folds
Hero: folds
d3f7ad4c: calls $0.1
d5c7e7c1: folds
11c10734: checks
*** FLOP *** [8h 7s 4c]
11c10734: checks
d3f7ad4c: checks
*** TURN *** [8h 7s 4c] [5h]
11c10734: bets $0.2
d3f7ad4c: calls $0.2
*** RIVER *** [8h 7s 4c 5h] [Td]
11c10734: bets $0.55
d3f7ad4c: folds
Uncalled bet ($0.55) returned to 11c10734
*** SHOWDOWN ***
11c10734 collected $0.62 from pot
*** SUMMARY ***
Total pot $0.65 | Rake $0.03 | Jackpot $0 | Bingo $0 | Fortune $0 | Tax $0
Board [8h 7s 4c 5h Td]
Seat 1: d3f7ad4c (button) folded on the River
Seat 2: d5c7e7c1 (small blind) folded before Flop
Seat 3: 11c10734 (big blind) won ($0.62)
Seat 5: f550ff97 folded before Flop (didn't bet)
Seat 6: Hero folded before Flop (didn't bet)


Poker Hand #HD1806665417: Hold'em No Limit ($0.05/$0.1) - 2024/06/08 16:03:05
Table 'NLHRed2' 6-max Seat #6 is the button
Seat 1: d3f7ad4c ($7.61 in chips)
Seat 2: d5c7e7c1 ($10.33 in chips)
Seat 3: 11c10734 ($10 in chips)
Seat 5: f550ff97 ($10 in chips)
Seat 6: Hero ($29.46 in chips)
d3f7ad4c: posts small blind $0.05
d5c7e7c1: posts big blind $0.1
*** HOLE CARDS ***
Dealt to d3f7ad4c 
Dealt to d5c7e7c1 
Dealt to 11c10734 
Dealt to f550ff97 
Dealt to Hero [Kh 7h]
11c10734: folds
f550ff97: raises $0.1 to $0.2
Hero: folds
d3f7ad4c: folds
d5c7e7c1: folds
Uncalled bet ($0.1) returned to f550ff97
*** SHOWDOWN ***
f550ff97 collected $0.25 from pot
*** SUMMARY ***
Total pot $0.25 | Rake $0 | Jackpot $0 | Bingo $0 | Fortune $0 | Tax $0
Seat 1: d3f7ad4c (small blind) folded before Flop
Seat 2: d5c7e7c1 (big blind) folded before Flop
Seat 3: 11c10734 folded before Flop (didn't bet)
Seat 5: f550ff97 collected ($0.25)
Seat 6: Hero (button) folded before Flop (didn't bet)


Poker Hand #HD1806665382: Hold'em No Limit ($0.05/$0.1) - 2024/06/08 16:02:46
Table 'NLHRed2' 6-max Seat #5 is the button
Seat 1: d3f7ad4c ($7.56 in chips)
Seat 2: d5c7e7c1 ($10.33 in chips)
Seat 3: 11c10734 ($10 in chips)
Seat 5: f550ff97 ($10 in chips)
Seat 6: Hero ($29.51 in chips)
Hero: posts small blind $0.05
d3f7ad4c: posts big blind $0.1
*** HOLE CARDS ***
Dealt to d3f7ad4c 
Dealt to d5c7e7c1 
Dealt to 11c10734 
Dealt to f550ff97 
Dealt to Hero [3d 7d]
d5c7e7c1: folds
11c10734: folds
f550ff97: folds
Hero: folds
Uncalled bet ($0.05) returned to d3f7ad4c
*** SHOWDOWN ***
d3f7ad4c collected $0.1 from pot
*** SUMMARY ***
Total pot $0.1 | Rake $0 | Jackpot $0 | Bingo $0 | Fortune $0 | Tax $0
Seat 1: d3f7ad4c (big blind) collected ($0.1)
Seat 2: d5c7e7c1 folded before Flop (didn't bet)
Seat 3: 11c10734 folded before Flop (didn't bet)
Seat 5: f550ff97 (button) folded before Flop (didn't bet)
Seat 6: Hero (small blind) folded before Flop


Poker Hand #HD1806665334: Hold'em No Limit ($0.05/$0.1) - 2024/06/08 16:02:18
Table 'NLHRed2' 6-max Seat #3 is the button
Seat 1: 554a6399 ($10 in chips)
Seat 2: d5c7e7c1 ($10.18 in chips)
Seat 3: 11c10734 ($10 in chips)
Seat 5: f550ff97 ($10 in chips)
Seat 6: Hero ($29.61 in chips)
f550ff97: posts small blind $0.05
Hero: posts big blind $0.1
*** HOLE CARDS ***
Dealt to 554a6399 
Dealt to d5c7e7c1 
Dealt to 11c10734 
Dealt to f550ff97 
Dealt to Hero [Kd 8c]
554a6399: folds
d5c7e7c1: raises $0.15 to $0.25
11c10734: folds
f550ff97: folds
Hero: folds
Uncalled bet ($0.15) returned to d5c7e7c1
*** SHOWDOWN ***
d5c7e7c1 collected $0.25 from pot
*** SUMMARY ***
Total pot $0.25 | Rake $0 | Jackpot $0 | Bingo $0 | Fortune $0 | Tax $0
Seat 1: 554a6399 folded before Flop (didn't bet)
Seat 2: d5c7e7c1 collected ($0.25)
Seat 3: 11c10734 (button) folded before Flop (didn't bet)
Seat 5: f550ff97 (small blind) folded before Flop
Seat 6: Hero (big blind) folded before Flop


Poker Hand #HD1806665263: Hold'em No Limit ($0.05/$0.1) - 2024/06/08 16:01:39
Table 'NLHRed2' 6-max Seat #2 is the button
Seat 1: 554a6399 ($10 in chips)
Seat 2: d5c7e7c1 ($10.18 in chips)
Seat 3: 11c10734 ($10 in chips)
Seat 5: f550ff97 ($10.02 in chips)
Seat 6: Hero ($29.38 in chips)
11c10734: posts small blind $0.05
f550ff97: posts big blind $0.1
*** HOLE CARDS ***
Dealt to 554a6399 
Dealt to d5c7e7c1 
Dealt to 11c10734 
Dealt to f550ff97 
Dealt to Hero [Ad Ah]
Hero: raises $0.1 to $0.2
554a6399: folds
d5c7e7c1: folds
11c10734: folds
f550ff97: calls $0.1
*** FLOP *** [9s 5h Kd]
f550ff97: checks
Hero: bets $0.2
f550ff97: folds
Uncalled bet ($0.2) returned to Hero
*** SHOWDOWN ***
Hero collected $0.43 from pot
*** SUMMARY ***
Total pot $0.45 | Rake $0.02 | Jackpot $0 | Bingo $0 | Fortune $0 | Tax $0
Board [9s 5h Kd]
Seat 1: 554a6399 folded before Flop (didn't bet)
Seat 2: d5c7e7c1 (button) folded before Flop (didn't bet)
Seat 3: 11c10734 (small blind) folded before Flop
Seat 5: f550ff97 (big blind) folded on the Flop
Seat 6: Hero won ($0.43)


Poker Hand #HD1806665217: Hold'em No Limit ($0.05/$0.1) - 2024/06/08 16:01:16
Table 'NLHRed2' 6-max Seat #1 is the button
Seat 1: 554a6399 ($10 in chips)
Seat 2: d5c7e7c1 ($10.23 in chips)
Seat 3: 11c10734 ($10.08 in chips)
Seat 4: 3a0becda ($15.43 in chips)
Seat 5: f550ff97 ($10.02 in chips)
Seat 6: Hero ($29.23 in chips)
d5c7e7c1: posts small blind $0.05
11c10734: posts big blind $0.1
*** HOLE CARDS ***
Dealt to 554a6399 
Dealt to d5c7e7c1 
Dealt to 11c10734 
Dealt to 3a0becda 
Dealt to f550ff97 
Dealt to Hero [8s 8h]
3a0becda: folds
f550ff97: folds
Hero: raises $0.14 to $0.24
554a6399: folds
d5c7e7c1: folds
11c10734: folds
Uncalled bet ($0.14) returned to Hero
*** SHOWDOWN ***
Hero collected $0.25 from pot
*** SUMMARY ***
Total pot $0.25 | Rake $0 | Jackpot $0 | Bingo $0 | Fortune $0 | Tax $0
Seat 1: 554a6399 (button) folded before Flop (didn't bet)
Seat 2: d5c7e7c1 (small blind) folded before Flop
Seat 3: 11c10734 (big blind) folded before Flop
Seat 4: 3a0becda folded before Flop (didn't bet)
Seat 5: f550ff97 folded before Flop (didn't bet)
Seat 6: Hero collected ($0.25)


Poker Hand #HD1806665156: Hold'em No Limit ($0.05/$0.1) - 2024/06/08 16:00:43
Table 'NLHRed2' 6-max Seat #6 is the button
Seat 1: 554a6399 ($10 in chips)
Seat 2: d5c7e7c1 ($10 in chips)
Seat 3: 11c10734 ($10.08 in chips)
Seat 4: 3a0becda ($15.43 in chips)
Seat 5: f550ff97 ($10.22 in chips)
Seat 6: Hero ($29.23 in chips)
554a6399: posts small blind $0.05
d5c7e7c1: posts big blind $0.1
*** HOLE CARDS ***
Dealt to 554a6399 
Dealt to d5c7e7c1 
Dealt to 11c10734 
Dealt to 3a0becda 
Dealt to f550ff97 
Dealt to Hero [6h 5s]
11c10734: folds
3a0becda: folds
f550ff97: raises $0.1 to $0.2
Hero: folds
554a6399: folds
d5c7e7c1: raises $0.98 to $1.18
f550ff97: folds
Uncalled bet ($0.98) returned to d5c7e7c1
*** SHOWDOWN ***
d5c7e7c1 collected $0.43 from pot
*** SUMMARY ***
Total pot $0.45 | Rake $0.02 | Jackpot $0 | Bingo $0 | Fortune $0 | Tax $0
Seat 1: 554a6399 (small blind) folded before Flop
Seat 2: d5c7e7c1 (big blind) collected ($0.43)
Seat 3: 11c10734 folded before Flop (didn't bet)
Seat 4: 3a0becda folded before Flop (didn't bet)
Seat 5: f550ff97 folded before Flop
Seat 6: Hero (button) folded before Flop (didn't bet)


Poker Hand #HD1806665020: Hold'em No Limit ($0.05/$0.1) - 2024/06/08 15:59:29
Table 'NLHRed2' 6-max Seat #5 is the button
Seat 1: 554a6399 ($10 in chips)
Seat 2: d5c7e7c1 ($10 in chips)
Seat 3: 11c10734 ($10.08 in chips)
Seat 4: 3a0becda ($14.9 in chips)
Seat 5: f550ff97 ($10.22 in chips)
Seat 6: Hero ($29.28 in chips)
Hero: posts small blind $0.05
554a6399: posts big blind $0.1
*** HOLE CARDS ***
Dealt to 554a6399 
Dealt to d5c7e7c1 
Dealt to 11c10734 
Dealt to 3a0becda 
Dealt to f550ff97 
Dealt to Hero [7h Jd]
d5c7e7c1: folds
11c10734: folds
3a0becda: raises $0.15 to $0.25
f550ff97: folds
Hero: folds
554a6399: calls $0.15
*** FLOP *** [7d Kh 5d]
554a6399: checks
3a0becda: bets $0.28
554a6399: calls $0.28
*** TURN *** [7d Kh 5d] [3d]
554a6399: checks
3a0becda: checks
*** RIVER *** [7d Kh 5d 3d] [9d]
554a6399: checks
3a0becda: bets $1.11
554a6399: folds
Uncalled bet ($1.11) returned to 3a0becda
*** SHOWDOWN ***
3a0becda collected $1.06 from pot
*** SUMMARY ***
Total pot $1.11 | Rake $0.05 | Jackpot $0 | Bingo $0 | Fortune $0 | Tax $0
Board [7d Kh 5d 3d 9d]
Seat 1: 554a6399 (big blind) folded on the River
Seat 2: d5c7e7c1 folded before Flop (didn't bet)
Seat 3: 11c10734 folded before Flop (didn't bet)
Seat 4: 3a0becda won ($1.06)
Seat 5: f550ff97 (button) folded before Flop (didn't bet)
Seat 6: Hero (small blind) folded before Flop


Poker Hand #HD1806664979: Hold'em No Limit ($0.05/$0.1) - 2024/06/08 15:59:08
Table 'NLHRed2' 6-max Seat #4 is the button
Seat 2: d5c7e7c1 ($10 in chips)
Seat 3: 11c10734 ($10.08 in chips)
Seat 4: 3a0becda ($14.75 in chips)
Seat 5: f550ff97 ($10.27 in chips)
Seat 6: Hero ($29.38 in chips)
f550ff97: posts small blind $0.05
Hero: posts big blind $0.1
*** HOLE CARDS ***
Dealt to d5c7e7c1 
Dealt to 11c10734 
Dealt to 3a0becda 
Dealt to f550ff97 
Dealt to Hero [Ad 3h]
d5c7e7c1: folds
11c10734: folds
3a0becda: raises $0.15 to $0.25
f550ff97: folds
Hero: folds
Uncalled bet ($0.15) returned to 3a0becda
*** SHOWDOWN ***
3a0becda collected $0.25 from pot
*** SUMMARY ***
Total pot $0.25 | Rake $0 | Jackpot $0 | Bingo $0 | Fortune $0 | Tax $0
Seat 2: d5c7e7c1 folded before Flop (didn't bet)
Seat 3: 11c10734 folded before Flop (didn't bet)
Seat 4: 3a0becda (button) collected ($0.25)
Seat 5: f550ff97 (small blind) folded before Flop
Seat 6: Hero (big blind) folded before Flop


Poker Hand #HD1806664890: Hold'em No Limit ($0.05/$0.1) - 2024/06/08 15:58:22
Table 'NLHRed2' 6-max Seat #3 is the button
Seat 2: d5c7e7c1 ($10 in chips)
Seat 3: 11c10734 ($10.08 in chips)
Seat 4: 3a0becda ($15.05 in chips)
Seat 5: f550ff97 ($10 in chips)
Seat 6: Hero ($29.38 in chips)
3a0becda: posts small blind $0.05
f550ff97: posts big blind $0.1
*** HOLE CARDS ***
Dealt to d5c7e7c1 
Dealt to 11c10734 
Dealt to 3a0becda 
Dealt to f550ff97 
Dealt to Hero [8c 6d]
Hero: folds
d5c7e7c1: folds
11c10734: folds
3a0becda: calls $0.05
f550ff97: raises $0.2 to $0.3
3a0becda: calls $0.2
*** FLOP *** [Ks 2c 7d]
3a0becda: checks
f550ff97: checks
*** TURN *** [Ks 2c 7d] [5s]
3a0becda: checks
f550ff97: checks
*** RIVER *** [Ks 2c 7d 5s] [As]
3a0becda: checks
f550ff97: bets $0.3
3a0becda: folds
Uncalled bet ($0.3) returned to f550ff97
*** SHOWDOWN ***
f550ff97 collected $0.57 from pot
*** SUMMARY ***
Total pot $0.6 | Rake $0.03 | Jackpot $0 | Bingo $0 | Fortune $0 | Tax $0
Board [Ks 2c 7d 5s As]
Seat 2: d5c7e7c1 folded before Flop (didn't bet)
Seat 3: 11c10734 (button) folded before Flop (didn't bet)
Seat 4: 3a0becda (small blind) folded on the River
Seat 5: f550ff97 (big blind) won ($0.57)
Seat 6: Hero folded before Flop (didn't bet)


Poker Hand #HD1806664857: Hold'em No Limit ($0.05/$0.1) - 2024/06/08 15:58:03
Table 'NLHRed2' 6-max Seat #2 is the button
Seat 2: d5c7e7c1 ($10 in chips)
Seat 3: 11c10734 ($10.13 in chips)
Seat 4: 3a0becda ($14.77 in chips)
Seat 5: f550ff97 ($10 in chips)
Seat 6: Hero ($29.38 in chips)
11c10734: posts small blind $0.05
3a0becda: posts big blind $0.1
*** HOLE CARDS ***
Dealt to d5c7e7c1 
Dealt to 11c10734 
Dealt to 3a0becda 
Dealt to f550ff97 
Dealt to Hero [9s 8d]
f550ff97: folds
Hero: folds
d5c7e7c1: raises $0.15 to $0.25
11c10734: folds
3a0becda: raises $0.55 to $0.8
d5c7e7c1: folds
Uncalled bet ($0.55) returned to 3a0becda
*** SHOWDOWN ***
3a0becda collected $0.53 from pot
*** SUMMARY ***
Total pot $0.55 | Rake $0.02 | Jackpot $0 | Bingo $0 | Fortune $0 | Tax $0
Seat 2: d5c7e7c1 (button) folded before Flop
Seat 3: 11c10734 (small blind) folded before Flop
Seat 4: 3a0becda (big blind) collected ($0.53)
Seat 5: f550ff97 folded before Flop (didn't bet)
Seat 6: Hero folded before Flop (didn't bet)


Poker Hand #HD1806664637: Hold'em No Limit ($0.05/$0.1) - 2024/06/08 15:56:17
Table 'NLHRed2' 6-max Seat #1 is the button
Seat 1: e8adc743 ($10.32 in chips)
Seat 2: d5c7e7c1 ($10.05 in chips)
Seat 3: 11c10734 ($10.23 in chips)
Seat 4: 3a0becda ($14.77 in chips)
Seat 5: f550ff97 ($10 in chips)
Seat 6: Hero ($20.01 in chips)
d5c7e7c1: posts small blind $0.05
11c10734: posts big blind $0.1
*** HOLE CARDS ***
Dealt to e8adc743 
Dealt to d5c7e7c1 
Dealt to 11c10734 
Dealt to 3a0becda 
Dealt to f550ff97 
Dealt to Hero [8h 8s]
3a0becda: folds
f550ff97: folds
Hero: raises $0.14 to $0.24
e8adc743: raises $0.63 to $0.87
d5c7e7c1: folds
11c10734: folds
Hero: calls $0.63
*** FLOP *** [7c 6s 8d]
Hero: checks
e8adc743: bets $1.89
Hero: calls $1.89
*** TURN *** [7c 6s 8d] [Ah]
Hero: checks
e8adc743: bets $3
Hero: raises $14.25 to $17.25 and is all-in
e8adc743: calls $4.56 and is all-in
Uncalled bet ($9.69) returned to Hero
Hero: shows [8h 8s] (Three Eights)
e8adc743: shows [As Kc] (Pair of Aces)
*** RIVER *** [7c 6s 8d Ah] [Jc]
*** SHOWDOWN ***
Hero collected $19.69 from pot
*** SUMMARY ***
Total pot $20.79 | Rake $1 | Jackpot $0.1 | Bingo $0 | Fortune $0 | Tax $0
Board [7c 6s 8d Ah Jc]
Seat 1: e8adc743 (button) showed [As Kc] and lost with Pair of Aces
Seat 2: d5c7e7c1 (small blind) folded before Flop
Seat 3: 11c10734 (big blind) folded before Flop
Seat 4: 3a0becda folded before Flop (didn't bet)
Seat 5: f550ff97 folded before Flop (didn't bet)
Seat 6: Hero showed [8h 8s] and won ($19.69) with Three Eights


Poker Hand #HD1806664574: Hold'em No Limit ($0.05/$0.1) - 2024/06/08 15:55:47
Table 'NLHRed2' 6-max Seat #6 is the button
Seat 1: e8adc743 ($10.37 in chips)
Seat 2: d5c7e7c1 ($10.15 in chips)
Seat 3: 11c10734 ($10.23 in chips)
Seat 4: 3a0becda ($14.77 in chips)
Seat 5: f550ff97 ($10 in chips)
Seat 6: Hero ($19.86 in chips)
e8adc743: posts small blind $0.05
d5c7e7c1: posts big blind $0.1
*** HOLE CARDS ***
Dealt to e8adc743 
Dealt to d5c7e7c1 
Dealt to 11c10734 
Dealt to 3a0becda 
Dealt to f550ff97 
Dealt to Hero [Qh Js]
11c10734: folds
3a0becda: folds
f550ff97: folds
Hero: raises $0.14 to $0.24
e8adc743: folds
d5c7e7c1: folds
Uncalled bet ($0.14) returned to Hero
*** SHOWDOWN ***
Hero collected $0.25 from pot
*** SUMMARY ***
Total pot $0.25 | Rake $0 | Jackpot $0 | Bingo $0 | Fortune $0 | Tax $0
Seat 1: e8adc743 (small blind) folded before Flop
Seat 2: d5c7e7c1 (big blind) folded before Flop
Seat 3: 11c10734 folded before Flop (didn't bet)
Seat 4: 3a0becda folded before Flop (didn't bet)
Seat 5: f550ff97 folded before Flop (didn't bet)
Seat 6: Hero (button) collected ($0.25)


Poker Hand #HD1806664542: Hold'em No Limit ($0.05/$0.1) - 2024/06/08 15:55:29
Table 'NLHRed2' 6-max Seat #5 is the button
Seat 1: e8adc743 ($10.47 in chips)
Seat 2: d5c7e7c1 ($10 in chips)
Seat 3: 11c10734 ($10.23 in chips)
Seat 4: 3a0becda ($14.77 in chips)
Seat 5: f550ff97 ($10 in chips)
Seat 6: Hero ($19.91 in chips)
Hero: posts small blind $0.05
e8adc743: posts big blind $0.1
*** HOLE CARDS ***
Dealt to e8adc743 
Dealt to d5c7e7c1 
Dealt to 11c10734 
Dealt to 3a0becda 
Dealt to f550ff97 
Dealt to Hero [4c Td]
d5c7e7c1: raises $0.15 to $0.25
11c10734: folds
3a0becda: folds
f550ff97: folds
Hero: folds
e8adc743: folds
Uncalled bet ($0.15) returned to d5c7e7c1
*** SHOWDOWN ***
d5c7e7c1 collected $0.25 from pot
*** SUMMARY ***
Total pot $0.25 | Rake $0 | Jackpot $0 | Bingo $0 | Fortune $0 | Tax $0
Seat 1: e8adc743 (big blind) folded before Flop
Seat 2: d5c7e7c1 collected ($0.25)
Seat 3: 11c10734 folded before Flop (didn't bet)
Seat 4: 3a0becda folded before Flop (didn't bet)
Seat 5: f550ff97 (button) folded before Flop (didn't bet)
Seat 6: Hero (small blind) folded before Flop


Poker Hand #HD1806664505: Hold'em No Limit ($0.05/$0.1) - 2024/06/08 15:55:10
Table 'NLHRed2' 6-max Seat #4 is the button
Seat 1: e8adc743 ($10.32 in chips)
Seat 2: d5c7e7c1 ($10 in chips)
Seat 3: 11c10734 ($10.23 in chips)
Seat 4: 3a0becda ($14.77 in chips)
Seat 5: f550ff97 ($10 in chips)
Seat 6: Hero ($20.01 in chips)
f550ff97: posts small blind $0.05
Hero: posts big blind $0.1
*** HOLE CARDS ***
Dealt to e8adc743 
Dealt to d5c7e7c1 
Dealt to 11c10734 
Dealt to 3a0becda 
Dealt to f550ff97 
Dealt to Hero [4d 3h]
e8adc743: raises $0.2 to $0.3
d5c7e7c1: folds
11c10734: folds
3a0becda: folds
f550ff97: folds
Hero: folds
Uncalled bet ($0.2) returned to e8adc743
*** SHOWDOWN ***
e8adc743 collected $0.25 from pot
*** SUMMARY ***
Total pot $0.25 | Rake $0 | Jackpot $0 | Bingo $0 | Fortune $0 | Tax $0
Seat 1: e8adc743 collected ($0.25)
Seat 2: d5c7e7c1 folded before Flop (didn't bet)
Seat 3: 11c10734 folded before Flop (didn't bet)
Seat 4: 3a0becda (button) folded before Flop (didn't bet)
Seat 5: f550ff97 (small blind) folded before Flop
Seat 6: Hero (big blind) folded before Flop


Poker Hand #HD1806664445: Hold'em No Limit ($0.05/$0.1) - 2024/06/08 15:54:36
Table 'NLHRed2' 6-max Seat #3 is the button
Seat 1: e8adc743 ($10.32 in chips)
Seat 2: d5c7e7c1 ($10.22 in chips)
Seat 3: 11c10734 ($10.23 in chips)
Seat 4: 3a0becda ($13.91 in chips)
Seat 5: f550ff97 ($10 in chips)
Seat 6: Hero ($20.01 in chips)
3a0becda: posts small blind $0.05
f550ff97: posts big blind $0.1
*** HOLE CARDS ***
Dealt to e8adc743 
Dealt to d5c7e7c1 
Dealt to 11c10734 
Dealt to 3a0becda 
Dealt to f550ff97 
Dealt to Hero [6d Qh]
Hero: folds
e8adc743: folds
d5c7e7c1: raises $0.15 to $0.25
11c10734: folds
3a0becda: raises $0.6 to $0.85
f550ff97: folds
d5c7e7c1: calls $0.6
*** FLOP *** [9c 2h 7s]
3a0becda: bets $1.8
d5c7e7c1: folds
Uncalled bet ($1.8) returned to 3a0becda
*** SHOWDOWN ***
3a0becda collected $1.71 from pot
*** SUMMARY ***
Total pot $1.8 | Rake $0.09 | Jackpot $0 | Bingo $0 | Fortune $0 | Tax $0
Board [9c 2h 7s]
Seat 1: e8adc743 folded before Flop (didn't bet)
Seat 2: d5c7e7c1 folded on the Flop
Seat 3: 11c10734 (button) folded before Flop (didn't bet)
Seat 4: 3a0becda (small blind) won ($1.71)
Seat 5: f550ff97 (big blind) folded before Flop
Seat 6: Hero folded before Flop (didn't bet)


Poker Hand #HD1806664314: Hold'em No Limit ($0.05/$0.1) - 2024/06/08 15:53:34
Table 'NLHRed2' 6-max Seat #2 is the button
Seat 1: e8adc743 ($10.32 in chips)
Seat 2: d5c7e7c1 ($10.22 in chips)
Seat 3: 11c10734 ($10.43 in chips)
Seat 4: 3a0becda ($13.13 in chips)
Seat 5: f550ff97 ($10.5 in chips)
Seat 6: Hero ($20.01 in chips)
11c10734: posts small blind $0.05
3a0becda: posts big blind $0.1
*** HOLE CARDS ***
Dealt to e8adc743 
Dealt to d5c7e7c1 
Dealt to 11c10734 
Dealt to 3a0becda 
Dealt to f550ff97 
Dealt to Hero [Jc 3c]
f550ff97: raises $0.1 to $0.2
Hero: folds
e8adc743: folds
d5c7e7c1: folds
11c10734: calls $0.15
3a0becda: calls $0.1
*** FLOP *** [6s 9h 5d]
11c10734: checks
3a0becda: bets $0.45
f550ff97: calls $0.45
11c10734: folds
*** TURN *** [6s 9h 5d] [2d]
3a0becda: bets $1.13
f550ff97: folds
Uncalled bet ($1.13) returned to 3a0becda
*** SHOWDOWN ***
3a0becda collected $1.43 from pot
*** SUMMARY ***
Total pot $1.5 | Rake $0.07 | Jackpot $0 | Bingo $0 | Fortune $0 | Tax $0
Board [6s 9h 5d 2d]
Seat 1: e8adc743 folded before Flop (didn't bet)
Seat 2: d5c7e7c1 (button) folded before Flop (didn't bet)
Seat 3: 11c10734 (small blind) folded on the Flop
Seat 4: 3a0becda (big blind) won ($1.43)
Seat 5: f550ff97 folded on the Turn
Seat 6: Hero folded before Flop (didn't bet)


Poker Hand #HD1806664300: Hold'em No Limit ($0.05/$0.1) - 2024/06/08 15:53:27
Table 'NLHRed2' 6-max Seat #1 is the button
Seat 1: e8adc743 ($10.32 in chips)
Seat 2: d5c7e7c1 ($10.27 in chips)
Seat 3: 11c10734 ($10.38 in chips)
Seat 4: 3a0becda ($13.13 in chips)
Seat 5: f550ff97 ($10.5 in chips)
Seat 6: Hero ($20.01 in chips)
d5c7e7c1: posts small blind $0.05
11c10734: posts big blind $0.1
*** HOLE CARDS ***
Dealt to e8adc743 
Dealt to d5c7e7c1 
Dealt to 11c10734 
Dealt to 3a0becda 
Dealt to f550ff97 
Dealt to Hero [7s Qh]
3a0becda: folds
f550ff97: folds
Hero: folds
e8adc743: folds
d5c7e7c1: folds
Uncalled bet ($0.05) returned to 11c10734
*** SHOWDOWN ***
11c10734 collected $0.1 from pot
*** SUMMARY ***
Total pot $0.1 | Rake $0 | Jackpot $0 | Bingo $0 | Fortune $0 | Tax $0
Seat 1: e8adc743 (button) folded before Flop (didn't bet)
Seat 2: d5c7e7c1 (small blind) folded before Flop
Seat 3: 11c10734 (big blind) collected ($0.1)
Seat 4: 3a0becda folded before Flop (didn't bet)
Seat 5: f550ff97 folded before Flop (didn't bet)
Seat 6: Hero folded before Flop (didn't bet)


Poker Hand #HD1806664204: Hold'em No Limit ($0.05/$0.1) - 2024/06/08 15:52:38
Table 'NLHRed2' 6-max Seat #6 is the button
Seat 1: e8adc743 ($10.62 in chips)
Seat 2: d5c7e7c1 ($10 in chips)
Seat 3: 11c10734 ($10.38 in chips)
Seat 4: 3a0becda ($13.13 in chips)
Seat 5: f550ff97 ($10.5 in chips)
Seat 6: Hero ($20.01 in chips)
e8adc743: posts small blind $0.05
d5c7e7c1: posts big blind $0.1
*** HOLE CARDS ***
Dealt to e8adc743 
Dealt to d5c7e7c1 
Dealt to 11c10734 
Dealt to 3a0becda 
Dealt to f550ff97 
Dealt to Hero [Jc 8s]
11c10734: folds
3a0becda: folds
f550ff97: folds
Hero: folds
e8adc743: raises $0.2 to $0.3
d5c7e7c1: calls $0.2
*** FLOP *** [Ah Jd Qc]
e8adc743: checks
d5c7e7c1: checks
*** TURN *** [Ah Jd Qc] [Th]
e8adc743: checks
d5c7e7c1: checks
*** RIVER *** [Ah Jd Qc Th] [9h]
e8adc743: checks
d5c7e7c1: checks
e8adc743: shows [7s 4c] (Ace-High)
d5c7e7c1: shows [As 3h] (Pair of Aces)
*** SHOWDOWN ***
d5c7e7c1 collected $0.57 from pot
*** SUMMARY ***
Total pot $0.6 | Rake $0.03 | Jackpot $0 | Bingo $0 | Fortune $0 | Tax $0
Board [Ah Jd Qc Th 9h]
Seat 1: e8adc743 (small blind) showed [7s 4c] and lost with Ace-High
Seat 2: d5c7e7c1 (big blind) showed [As 3h] and won ($0.57) with Pair of Aces
Seat 3: 11c10734 folded before Flop (didn't bet)
Seat 4: 3a0becda folded before Flop (didn't bet)
Seat 5: f550ff97 folded before Flop (didn't bet)
Seat 6: Hero (button) folded before Flop (didn't bet)


Poker Hand #HD1806663999: Hold'em No Limit ($0.05/$0.1) - 2024/06/08 15:50:54
Table 'NLHRed2' 6-max Seat #5 is the button
Seat 1: e8adc743 ($10.82 in chips)
Seat 2: d5c7e7c1 ($10 in chips)
Seat 3: 11c10734 ($10.15 in chips)
Seat 4: 3a0becda ($13.13 in chips)
Seat 5: f550ff97 ($10.5 in chips)
Seat 6: Hero ($20.06 in chips)
Hero: posts small blind $0.05
e8adc743: posts big blind $0.1
*** HOLE CARDS ***
Dealt to e8adc743 
Dealt to d5c7e7c1 
Dealt to 11c10734 
Dealt to 3a0becda 
Dealt to f550ff97 
Dealt to Hero [3s Ks]
d5c7e7c1: folds
11c10734: raises $0.1 to $0.2
3a0becda: folds
f550ff97: folds
Hero: folds
e8adc743: calls $0.1
*** FLOP *** [Js As 8s]
e8adc743: checks
11c10734: checks
*** TURN *** [Js As 8s] [6c]
e8adc743: checks
11c10734: checks
*** RIVER *** [Js As 8s 6c] [4d]
e8adc743: checks
11c10734: bets $0.75
e8adc743: folds
Uncalled bet ($0.75) returned to 11c10734
*** SHOWDOWN ***
11c10734 collected $0.43 from pot
*** SUMMARY ***
Total pot $0.45 | Rake $0.02 | Jackpot $0 | Bingo $0 | Fortune $0 | Tax $0
Board [Js As 8s 6c 4d]
Seat 1: e8adc743 (big blind) folded on the River
Seat 2: d5c7e7c1 folded before Flop (didn't bet)
Seat 3: 11c10734 won ($0.43)
Seat 4: 3a0becda folded before Flop (didn't bet)
Seat 5: f550ff97 (button) folded before Flop (didn't bet)
Seat 6: Hero (small blind) folded before Flop


Poker Hand #HD1806663957: Hold'em No Limit ($0.05/$0.1) - 2024/06/08 15:50:35
Table 'NLHRed2' 6-max Seat #4 is the button
Seat 2: d5c7e7c1 ($10 in chips)
Seat 3: 11c10734 ($10.15 in chips)
Seat 4: 3a0becda ($12.98 in chips)
Seat 5: f550ff97 ($10.55 in chips)
Seat 6: Hero ($20.16 in chips)
f550ff97: posts small blind $0.05
Hero: posts big blind $0.1
*** HOLE CARDS ***
Dealt to d5c7e7c1 
Dealt to 11c10734 
Dealt to 3a0becda 
Dealt to f550ff97 
Dealt to Hero [8s 9h]
d5c7e7c1: folds
11c10734: folds
3a0becda: raises $0.15 to $0.25
f550ff97: folds
Hero: folds
Uncalled bet ($0.15) returned to 3a0becda
*** SHOWDOWN ***
3a0becda collected $0.25 from pot
*** SUMMARY ***
Total pot $0.25 | Rake $0 | Jackpot $0 | Bingo $0 | Fortune $0 | Tax $0
Seat 2: d5c7e7c1 folded before Flop (didn't bet)
Seat 3: 11c10734 folded before Flop (didn't bet)
Seat 4: 3a0becda (button) collected ($0.25)
Seat 5: f550ff97 (small blind) folded before Flop
Seat 6: Hero (big blind) folded before Flop


Poker Hand #HD1806663932: Hold'em No Limit ($0.05/$0.1) - 2024/06/08 15:50:22
Table 'NLHRed2' 6-max Seat #3 is the button
Seat 2: d5c7e7c1 ($10 in chips)
Seat 3: 11c10734 ($10 in chips)
Seat 4: 3a0becda ($13.03 in chips)
Seat 5: f550ff97 ($10.65 in chips)
Seat 6: Hero ($20.16 in chips)
3a0becda: posts small blind $0.05
f550ff97: posts big blind $0.1
*** HOLE CARDS ***
Dealt to d5c7e7c1 
Dealt to 11c10734 
Dealt to 3a0becda 
Dealt to f550ff97 
Dealt to Hero [Js 7s]
Hero: folds
d5c7e7c1: folds
11c10734: raises $0.1 to $0.2
3a0becda: folds
f550ff97: folds
Uncalled bet ($0.1) returned to 11c10734
*** SHOWDOWN ***
11c10734 collected $0.25 from pot
*** SUMMARY ***
Total pot $0.25 | Rake $0 | Jackpot $0 | Bingo $0 | Fortune $0 | Tax $0
Seat 2: d5c7e7c1 folded before Flop (didn't bet)
Seat 3: 11c10734 (button) collected ($0.25)
Seat 4: 3a0becda (small blind) folded before Flop
Seat 5: f550ff97 (big blind) folded before Flop
Seat 6: Hero folded before Flop (didn't bet)


Poker Hand #HD1806663914: Hold'em No Limit ($0.05/$0.1) - 2024/06/08 15:50:13
Table 'NLHRed2' 6-max Seat #2 is the button
Seat 2: d5c7e7c1 ($10 in chips)
Seat 3: 11c10734 ($10 in chips)
Seat 4: 3a0becda ($12.98 in chips)
Seat 6: Hero ($20.16 in chips)
11c10734: posts small blind $0.05
3a0becda: posts big blind $0.1
*** HOLE CARDS ***
Dealt to d5c7e7c1 
Dealt to 11c10734 
Dealt to 3a0becda 
Dealt to Hero [Ac 7d]
Hero: folds
d5c7e7c1: folds
11c10734: folds
Uncalled bet ($0.05) returned to 3a0becda
*** SHOWDOWN ***
3a0becda collected $0.1 from pot
*** SUMMARY ***
Total pot $0.1 | Rake $0 | Jackpot $0 | Bingo $0 | Fortune $0 | Tax $0
Seat 2: d5c7e7c1 (button) folded before Flop (didn't bet)
Seat 3: 11c10734 (small blind) folded before Flop
Seat 4: 3a0becda (big blind) collected ($0.1)
Seat 6: Hero folded before Flop (didn't bet)


Poker Hand #HD1806663894: Hold'em No Limit ($0.05/$0.1) - 2024/06/08 15:50:02
Table 'NLHRed2' 6-max Seat #6 is the button
Seat 2: d5c7e7c1 ($10 in chips)
Seat 3: 11c10734 ($10 in chips)
Seat 4: 3a0becda ($12.83 in chips)
Seat 6: Hero ($20.16 in chips)
d5c7e7c1: posts small blind $0.05
11c10734: posts big blind $0.1
*** HOLE CARDS ***
Dealt to d5c7e7c1 
Dealt to 11c10734 
Dealt to 3a0becda 
Dealt to Hero [8s Qh]
3a0becda: raises $0.15 to $0.25
Hero: folds
d5c7e7c1: folds
11c10734: folds
Uncalled bet ($0.15) returned to 3a0becda
*** SHOWDOWN ***
3a0becda collected $0.25 from pot
*** SUMMARY ***
Total pot $0.25 | Rake $0 | Jackpot $0 | Bingo $0 | Fortune $0 | Tax $0
Seat 2: d5c7e7c1 (small blind) folded before Flop
Seat 3: 11c10734 (big blind) folded before Flop
Seat 4: 3a0becda collected ($0.25)
Seat 6: Hero (button) folded before Flop (didn't bet)


Poker Hand #HD1806663834: Hold'em No Limit ($0.05/$0.1) - 2024/06/08 15:49:39
Table 'NLHRed2' 6-max Seat #4 is the button
Seat 2: d5c7e7c1 ($10 in chips)
Seat 3: 11c10734 ($10 in chips)
Seat 4: 3a0becda ($12.83 in chips)
Seat 6: Hero ($19.88 in chips)
Hero: posts small blind $0.05
d5c7e7c1: posts big blind $0.1
*** HOLE CARDS ***
Dealt to d5c7e7c1 
Dealt to 11c10734 
Dealt to 3a0becda 
Dealt to Hero [Jd Kc]
11c10734: raises $0.1 to $0.2
3a0becda: folds
Hero: raises $0.9 to $1.1
d5c7e7c1: folds
11c10734: folds
Uncalled bet ($0.9) returned to Hero
*** SHOWDOWN ***
Hero collected $0.48 from pot
*** SUMMARY ***
Total pot $0.5 | Rake $0.02 | Jackpot $0 | Bingo $0 | Fortune $0 | Tax $0
Seat 2: d5c7e7c1 (big blind) folded before Flop
Seat 3: 11c10734 folded before Flop
Seat 4: 3a0becda (button) folded before Flop (didn't bet)
Seat 6: Hero (small blind) collected ($0.48)


Poker Hand #HD1806663746: Hold'em No Limit ($0.05/$0.1) - 2024/06/08 15:48:49
Table 'NLHRed2' 6-max Seat #3 is the button
Seat 2: d5c7e7c1 ($10 in chips)
Seat 3: 11c10734 ($10 in chips)
Seat 4: 3a0becda ($12.88 in chips)
Seat 5: f550ff97 ($10.75 in chips)
Seat 6: Hero ($19.73 in chips)
3a0becda: posts small blind $0.05
f550ff97: posts big blind $0.1
*** HOLE CARDS ***
Dealt to d5c7e7c1 
Dealt to 11c10734 
Dealt to 3a0becda 
Dealt to f550ff97 
Dealt to Hero [Ad Kh]
Hero: raises $0.1 to $0.2
d5c7e7c1: folds
11c10734: folds
3a0becda: folds
f550ff97: folds
Uncalled bet ($0.1) returned to Hero
*** SHOWDOWN ***
Hero collected $0.25 from pot
*** SUMMARY ***
Total pot $0.25 | Rake $0 | Jackpot $0 | Bingo $0 | Fortune $0 | Tax $0
Seat 2: d5c7e7c1 folded before Flop (didn't bet)
Seat 3: 11c10734 (button) folded before Flop (didn't bet)
Seat 4: 3a0becda (small blind) folded before Flop
Seat 5: f550ff97 (big blind) folded before Flop
Seat 6: Hero collected ($0.25)


Poker Hand #HD1806663657: Hold'em No Limit ($0.05/$0.1) - 2024/06/08 15:47:49
Table 'NLHRed2' 6-max Seat #2 is the button
Seat 2: d5c7e7c1 ($10 in chips)
Seat 3: 11c10734 ($10.05 in chips)
Seat 4: 3a0becda ($12.86 in chips)
Seat 5: f550ff97 ($10.75 in chips)
Seat 6: Hero ($19.72 in chips)
11c10734: posts small blind $0.05
3a0becda: posts big blind $0.1
*** HOLE CARDS ***
Dealt to d5c7e7c1 
Dealt to 11c10734 
Dealt to 3a0becda 
Dealt to f550ff97 
Dealt to Hero [4h Ah]
f550ff97: folds
Hero: raises $0.14 to $0.24
d5c7e7c1: folds
11c10734: folds
3a0becda: calls $0.14
*** FLOP *** [Td 9d Jc]
3a0becda: checks
Hero: checks
*** TURN *** [Td 9d Jc] [Ks]
3a0becda: checks
Hero: checks
*** RIVER *** [Td 9d Jc Ks] [2d]
3a0becda: checks
Hero: checks
3a0becda: shows [Ad 3h] (Ace-High)
Hero: shows [4h Ah] (Ace-High)
*** SHOWDOWN ***
3a0becda collected $0.26 from pot
Hero collected $0.25 from pot
*** SUMMARY ***
Total pot $0.53 | Rake $0.02 | Jackpot $0 | Bingo $0 | Fortune $0 | Tax $0
Board [Td 9d Jc Ks 2d]
Seat 2: d5c7e7c1 (button) folded before Flop (didn't bet)
Seat 3: 11c10734 (small blind) folded before Flop
Seat 4: 3a0becda (big blind) showed [Ad 3h] and won ($0.26) with Ace-High
Seat 5: f550ff97 folded before Flop (didn't bet)
Seat 6: Hero showed [4h Ah] and won ($0.25) with Ace-High


Poker Hand #HD1806663628: Hold'em No Limit ($0.05/$0.1) - 2024/06/08 15:47:34
Table 'NLHRed2' 6-max Seat #6 is the button
Seat 2: d5c7e7c1 ($10.05 in chips)
Seat 3: 11c10734 ($10 in chips)
Seat 4: 3a0becda ($12.86 in chips)
Seat 5: f550ff97 ($10.75 in chips)
Seat 6: Hero ($19.72 in chips)
d5c7e7c1: posts small blind $0.05
11c10734: posts big blind $0.1
*** HOLE CARDS ***
Dealt to d5c7e7c1 
Dealt to 11c10734 
Dealt to 3a0becda 
Dealt to f550ff97 
Dealt to Hero [5s 8s]
3a0becda: folds
f550ff97: folds
Hero: folds
d5c7e7c1: folds
Uncalled bet ($0.05) returned to 11c10734
*** SHOWDOWN ***
11c10734 collected $0.1 from pot
*** SUMMARY ***
Total pot $0.1 | Rake $0 | Jackpot $0 | Bingo $0 | Fortune $0 | Tax $0
Seat 2: d5c7e7c1 (small blind) folded before Flop
Seat 3: 11c10734 (big blind) collected ($0.1)
Seat 4: 3a0becda folded before Flop (didn't bet)
Seat 5: f550ff97 folded before Flop (didn't bet)
Seat 6: Hero (button) folded before Flop (didn't bet)


Poker Hand #HD1806663576: Hold'em No Limit ($0.05/$0.1) - 2024/06/08 15:47:02
Table 'NLHRed2' 6-max Seat #5 is the button
Seat 2: d5c7e7c1 ($10.15 in chips)
Seat 3: 11c10734 ($10 in chips)
Seat 4: 3a0becda ($12.71 in chips)
Seat 5: f550ff97 ($10.75 in chips)
Seat 6: Hero ($19.77 in chips)
Hero: posts small blind $0.05
d5c7e7c1: posts big blind $0.1
*** HOLE CARDS ***
Dealt to d5c7e7c1 
Dealt to 11c10734 
Dealt to 3a0becda 
Dealt to f550ff97 
Dealt to Hero [7d 8s]
11c10734: folds
3a0becda: raises $0.15 to $0.25
f550ff97: folds
Hero: folds
d5c7e7c1: folds
Uncalled bet ($0.15) returned to 3a0becda
*** SHOWDOWN ***
3a0becda collected $0.25 from pot
*** SUMMARY ***
Total pot $0.25 | Rake $0 | Jackpot $0 | Bingo $0 | Fortune $0 | Tax $0
Seat 2: d5c7e7c1 (big blind) folded before Flop
Seat 3: 11c10734 folded before Flop (didn't bet)
Seat 4: 3a0becda collected ($0.25)
Seat 5: f550ff97 (button) folded before Flop (didn't bet)
Seat 6: Hero (small blind) folded before Flop


Poker Hand #HD1806663512: Hold'em No Limit ($0.05/$0.1) - 2024/06/08 15:46:32
Table 'NLHRed2' 6-max Seat #4 is the button
Seat 1: e8adc743 ($10.82 in chips)
Seat 2: d5c7e7c1 ($10 in chips)
Seat 3: 11c10734 ($10 in chips)
Seat 4: 3a0becda ($12.71 in chips)
Seat 5: f550ff97 ($10.8 in chips)
Seat 6: Hero ($19.87 in chips)
f550ff97: posts small blind $0.05
Hero: posts big blind $0.1
*** HOLE CARDS ***
Dealt to e8adc743 
Dealt to d5c7e7c1 
Dealt to 11c10734 
Dealt to 3a0becda 
Dealt to f550ff97 
Dealt to Hero [Th 7c]
e8adc743: folds
d5c7e7c1: raises $0.15 to $0.25
11c10734: folds
3a0becda: folds
f550ff97: folds
Hero: folds
Uncalled bet ($0.15) returned to d5c7e7c1
*** SHOWDOWN ***
d5c7e7c1 collected $0.25 from pot
*** SUMMARY ***
Total pot $0.25 | Rake $0 | Jackpot $0 | Bingo $0 | Fortune $0 | Tax $0
Seat 1: e8adc743 folded before Flop (didn't bet)
Seat 2: d5c7e7c1 collected ($0.25)
Seat 3: 11c10734 folded before Flop (didn't bet)
Seat 4: 3a0becda (button) folded before Flop (didn't bet)
Seat 5: f550ff97 (small blind) folded before Flop
Seat 6: Hero (big blind) folded before Flop


Poker Hand #HD1806663450: Hold'em No Limit ($0.05/$0.1) - 2024/06/08 15:45:53
Table 'NLHRed2' 6-max Seat #3 is the button
Seat 1: e8adc743 ($10.82 in chips)
Seat 2: d5c7e7c1 ($10 in chips)
Seat 3: 11c10734 ($10 in chips)
Seat 4: 3a0becda ($12.62 in chips)
Seat 5: f550ff97 ($10.9 in chips)
Seat 6: Hero ($19.87 in chips)
3a0becda: posts small blind $0.05
f550ff97: posts big blind $0.1
*** HOLE CARDS ***
Dealt to e8adc743 
Dealt to d5c7e7c1 
Dealt to 11c10734 
Dealt to 3a0becda 
Dealt to f550ff97 
Dealt to Hero [9s Kh]
Hero: folds
e8adc743: folds
d5c7e7c1: folds
11c10734: folds
3a0becda: calls $0.05
f550ff97: checks
*** FLOP *** [3d 2h 4s]
3a0becda: checks
f550ff97: checks
*** TURN *** [3d 2h 4s] [6s]
3a0becda: bets $0.15
f550ff97: folds
Uncalled bet ($0.15) returned to 3a0becda
*** SHOWDOWN ***
3a0becda collected $0.19 from pot
*** SUMMARY ***
Total pot $0.2 | Rake $0.01 | Jackpot $0 | Bingo $0 | Fortune $0 | Tax $0
Board [3d 2h 4s 6s]
Seat 1: e8adc743 folded before Flop (didn't bet)
Seat 2: d5c7e7c1 folded before Flop (didn't bet)
Seat 3: 11c10734 (button) folded before Flop (didn't bet)
Seat 4: 3a0becda (small blind) won ($0.19)
Seat 5: f550ff97 (big blind) folded on the Turn
Seat 6: Hero folded before Flop (didn't bet)


Poker Hand #HD1806663403: Hold'em No Limit ($0.05/$0.1) - 2024/06/08 15:45:30
Table 'NLHRed2' 6-max Seat #2 is the button
Seat 1: e8adc743 ($10.67 in chips)
Seat 2: d5c7e7c1 ($10 in chips)
Seat 3: 11c10734 ($10.05 in chips)
Seat 4: 3a0becda ($12.72 in chips)
Seat 5: f550ff97 ($10.9 in chips)
Seat 6: Hero ($19.87 in chips)
11c10734: posts small blind $0.05
3a0becda: posts big blind $0.1
*** HOLE CARDS ***
Dealt to e8adc743 
Dealt to d5c7e7c1 
Dealt to 11c10734 
Dealt to 3a0becda 
Dealt to f550ff97 
Dealt to Hero [7d 2h]
f550ff97: folds
Hero: folds
e8adc743: raises $0.2 to $0.3
d5c7e7c1: folds
11c10734: folds
3a0becda: folds
Uncalled bet ($0.2) returned to e8adc743
*** SHOWDOWN ***
e8adc743 collected $0.25 from pot
*** SUMMARY ***
Total pot $0.25 | Rake $0 | Jackpot $0 | Bingo $0 | Fortune $0 | Tax $0
Seat 1: e8adc743 collected ($0.25)
Seat 2: d5c7e7c1 (button) folded before Flop (didn't bet)
Seat 3: 11c10734 (small blind) folded before Flop
Seat 4: 3a0becda (big blind) folded before Flop
Seat 5: f550ff97 folded before Flop (didn't bet)
Seat 6: Hero folded before Flop (didn't bet)


Poker Hand #HD1806663322: Hold'em No Limit ($0.05/$0.1) - 2024/06/08 15:44:47
Table 'NLHRed2' 6-max Seat #1 is the button
Seat 1: e8adc743 ($10.67 in chips)
Seat 2: d5c7e7c1 ($10 in chips)
Seat 3: 11c10734 ($10.15 in chips)
Seat 4: 3a0becda ($12.72 in chips)
Seat 5: f550ff97 ($10.9 in chips)
Seat 6: Hero ($19.72 in chips)
d5c7e7c1: posts small blind $0.05
11c10734: posts big blind $0.1
*** HOLE CARDS ***
Dealt to e8adc743 
Dealt to d5c7e7c1 
Dealt to 11c10734 
Dealt to 3a0becda 
Dealt to f550ff97 
Dealt to Hero [Tc 9c]
3a0becda: folds
f550ff97: folds
Hero: raises $0.14 to $0.24
e8adc743: folds
d5c7e7c1: folds
11c10734: folds
Uncalled bet ($0.14) returned to Hero
*** SHOWDOWN ***
Hero collected $0.25 from pot
*** SUMMARY ***
Total pot $0.25 | Rake $0 | Jackpot $0 | Bingo $0 | Fortune $0 | Tax $0
Seat 1: e8adc743 (button) folded before Flop (didn't bet)
Seat 2: d5c7e7c1 (small blind) folded before Flop
Seat 3: 11c10734 (big blind) folded before Flop
Seat 4: 3a0becda folded before Flop (didn't bet)
Seat 5: f550ff97 folded before Flop (didn't bet)
Seat 6: Hero collected ($0.25)


Poker Hand #HD1806663232: Hold'em No Limit ($0.05/$0.1) - 2024/06/08 15:44:00
Table 'NLHRed2' 6-max Seat #6 is the button
Seat 1: e8adc743 ($10.35 in chips)
Seat 2: d5c7e7c1 ($10 in chips)
Seat 3: 11c10734 ($10.15 in chips)
Seat 4: 3a0becda ($12.72 in chips)
Seat 5: f550ff97 ($10.9 in chips)
Seat 6: Hero ($19.96 in chips)
e8adc743: posts small blind $0.05
d5c7e7c1: posts big blind $0.1
*** HOLE CARDS ***
Dealt to e8adc743 
Dealt to d5c7e7c1 
Dealt to 11c10734 
Dealt to 3a0becda 
Dealt to f550ff97 
Dealt to Hero [9c As]
11c10734: folds
3a0becda: folds
f550ff97: folds
Hero: raises $0.14 to $0.24
e8adc743: calls $0.19
d5c7e7c1: folds
*** FLOP *** [Jd Ks 7c]
e8adc743: bets $0.44
Hero: folds
Uncalled bet ($0.44) returned to e8adc743
*** SHOWDOWN ***
e8adc743 collected $0.56 from pot
*** SUMMARY ***
Total pot $0.58 | Rake $0.02 | Jackpot $0 | Bingo $0 | Fortune $0 | Tax $0
Board [Jd Ks 7c]
Seat 1: e8adc743 (small blind) won ($0.56)
Seat 2: d5c7e7c1 (big blind) folded before Flop
Seat 3: 11c10734 folded before Flop (didn't bet)
Seat 4: 3a0becda folded before Flop (didn't bet)
Seat 5: f550ff97 folded before Flop (didn't bet)
Seat 6: Hero (button) folded on the Flop


Poker Hand #HD1806663191: Hold'em No Limit ($0.05/$0.1) - 2024/06/08 15:43:40
Table 'NLHRed2' 6-max Seat #5 is the button
Seat 1: e8adc743 ($10.3 in chips)
Seat 3: 11c10734 ($10.15 in chips)
Seat 4: 3a0becda ($12.72 in chips)
Seat 5: f550ff97 ($10.9 in chips)
Seat 6: Hero ($20.01 in chips)
Hero: posts small blind $0.05
e8adc743: posts big blind $0.1
*** HOLE CARDS ***
Dealt to e8adc743 
Dealt to 11c10734 
Dealt to 3a0becda 
Dealt to f550ff97 
Dealt to Hero [4h Ks]
11c10734: folds
3a0becda: folds
f550ff97: folds
Hero: folds
Uncalled bet ($0.05) returned to e8adc743
*** SHOWDOWN ***
e8adc743 collected $0.1 from pot
*** SUMMARY ***
Total pot $0.1 | Rake $0 | Jackpot $0 | Bingo $0 | Fortune $0 | Tax $0
Seat 1: e8adc743 (big blind) collected ($0.1)
Seat 3: 11c10734 folded before Flop (didn't bet)
Seat 4: 3a0becda folded before Flop (didn't bet)
Seat 5: f550ff97 (button) folded before Flop (didn't bet)
Seat 6: Hero (small blind) folded before Flop


Poker Hand #HD1806663156: Hold'em No Limit ($0.05/$0.1) - 2024/06/08 15:43:19
Table 'NLHRed2' 6-max Seat #4 is the button
Seat 1: e8adc743 ($10.3 in chips)
Seat 3: 11c10734 ($10.15 in chips)
Seat 4: 3a0becda ($12.72 in chips)
Seat 5: f550ff97 ($10.95 in chips)
Seat 6: Hero ($19.96 in chips)
f550ff97: posts small blind $0.05
Hero: posts big blind $0.1
*** HOLE CARDS ***
Dealt to e8adc743 
Dealt to 11c10734 
Dealt to 3a0becda 
Dealt to f550ff97 
Dealt to Hero [7s 6s]
e8adc743: folds
11c10734: folds
3a0becda: folds
f550ff97: folds
Uncalled bet ($0.05) returned to Hero
*** SHOWDOWN ***
Hero collected $0.1 from pot
*** SUMMARY ***
Total pot $0.1 | Rake $0 | Jackpot $0 | Bingo $0 | Fortune $0 | Tax $0
Seat 1: e8adc743 folded before Flop (didn't bet)
Seat 3: 11c10734 folded before Flop (didn't bet)
Seat 4: 3a0becda (button) folded before Flop (didn't bet)
Seat 5: f550ff97 (small blind) folded before Flop
Seat 6: Hero (big blind) collected ($0.1)


Poker Hand #HD1806663112: Hold'em No Limit ($0.05/$0.1) - 2024/06/08 15:42:56
Table 'NLHRed2' 6-max Seat #3 is the button
Seat 1: e8adc743 ($10.3 in chips)
Seat 3: 11c10734 ($10 in chips)
Seat 4: 3a0becda ($12.77 in chips)
Seat 5: f550ff97 ($11.05 in chips)
Seat 6: Hero ($19.96 in chips)
3a0becda: posts small blind $0.05
f550ff97: posts big blind $0.1
*** HOLE CARDS ***
Dealt to e8adc743 
Dealt to 11c10734 
Dealt to 3a0becda 
Dealt to f550ff97 
Dealt to Hero [Kc 4s]
Hero: folds
e8adc743: folds
11c10734: raises $0.1 to $0.2
3a0becda: folds
f550ff97: folds
Uncalled bet ($0.1) returned to 11c10734
*** SHOWDOWN ***
11c10734 collected $0.25 from pot
*** SUMMARY ***
Total pot $0.25 | Rake $0 | Jackpot $0 | Bingo $0 | Fortune $0 | Tax $0
Seat 1: e8adc743 folded before Flop (didn't bet)
Seat 3: 11c10734 (button) collected ($0.25)
Seat 4: 3a0becda (small blind) folded before Flop
Seat 5: f550ff97 (big blind) folded before Flop
Seat 6: Hero folded before Flop (didn't bet)


Poker Hand #HD1806663060: Hold'em No Limit ($0.05/$0.1) - 2024/06/08 15:42:33
Table 'NLHRed2' 6-max Seat #1 is the button
Seat 1: e8adc743 ($10.3 in chips)
Seat 3: 11c10734 ($10 in chips)
Seat 4: 3a0becda ($12.72 in chips)
Seat 5: f550ff97 ($11.05 in chips)
Seat 6: Hero ($19.96 in chips)
11c10734: posts small blind $0.05
3a0becda: posts big blind $0.1
*** HOLE CARDS ***
Dealt to e8adc743 
Dealt to 11c10734 
Dealt to 3a0becda 
Dealt to f550ff97 
Dealt to Hero [2h 3s]
f550ff97: folds
Hero: folds
e8adc743: folds
11c10734: folds
Uncalled bet ($0.05) returned to 3a0becda
*** SHOWDOWN ***
3a0becda collected $0.1 from pot
*** SUMMARY ***
Total pot $0.1 | Rake $0 | Jackpot $0 | Bingo $0 | Fortune $0 | Tax $0
Seat 1: e8adc743 (button) folded before Flop (didn't bet)
Seat 3: 11c10734 (small blind) folded before Flop
Seat 4: 3a0becda (big blind) collected ($0.1)
Seat 5: f550ff97 folded before Flop (didn't bet)
Seat 6: Hero folded before Flop (didn't bet)


Poker Hand #HD1806662966: Hold'em No Limit ($0.05/$0.1) - 2024/06/08 15:41:43
Table 'NLHRed2' 6-max Seat #6 is the button
Seat 1: e8adc743 ($10.55 in chips)
Seat 3: 11c10734 ($10 in chips)
Seat 4: 3a0becda ($12.25 in chips)
Seat 5: f550ff97 ($11.05 in chips)
Seat 6: Hero ($19.96 in chips)
e8adc743: posts small blind $0.05
11c10734: posts big blind $0.1
*** HOLE CARDS ***
Dealt to e8adc743 
Dealt to 11c10734 
Dealt to 3a0becda 
Dealt to f550ff97 
Dealt to Hero [2d 6d]
3a0becda: raises $0.15 to $0.25
f550ff97: folds
Hero: folds
e8adc743: calls $0.2
11c10734: calls $0.15
*** FLOP *** [Qs Ks Ad]
e8adc743: checks
11c10734: checks
3a0becda: bets $0.75
e8adc743: folds
11c10734: folds
Uncalled bet ($0.75) returned to 3a0becda
*** SHOWDOWN ***
3a0becda collected $0.72 from pot
*** SUMMARY ***
Total pot $0.75 | Rake $0.03 | Jackpot $0 | Bingo $0 | Fortune $0 | Tax $0
Board [Qs Ks Ad]
Seat 1: e8adc743 (small blind) folded on the Flop
Seat 3: 11c10734 (big blind) folded on the Flop
Seat 4: 3a0becda won ($0.72)
Seat 5: f550ff97 folded before Flop (didn't bet)
Seat 6: Hero (button) folded before Flop (didn't bet)


Poker Hand #HD1806662928: Hold'em No Limit ($0.05/$0.1) - 2024/06/08 15:41:16
Table 'NLHRed2' 6-max Seat #5 is the button
Seat 1: e8adc743 ($10.65 in chips)
Seat 2: fdcb84d7 ($9.9 in chips)
Seat 3: 11c10734 ($10 in chips)
Seat 4: 3a0becda ($12.1 in chips)
Seat 5: f550ff97 ($11.05 in chips)
Seat 6: Hero ($20.01 in chips)
Hero: posts small blind $0.05
e8adc743: posts big blind $0.1
*** HOLE CARDS ***
Dealt to e8adc743 
Dealt to fdcb84d7 
Dealt to 11c10734 
Dealt to 3a0becda 
Dealt to f550ff97 
Dealt to Hero [2s 4c]
fdcb84d7: folds
11c10734: folds
3a0becda: raises $0.15 to $0.25
f550ff97: folds
Hero: folds
e8adc743: folds
Uncalled bet ($0.15) returned to 3a0becda
*** SHOWDOWN ***
3a0becda collected $0.25 from pot
*** SUMMARY ***
Total pot $0.25 | Rake $0 | Jackpot $0 | Bingo $0 | Fortune $0 | Tax $0
Seat 1: e8adc743 (big blind) folded before Flop
Seat 2: fdcb84d7 folded before Flop (didn't bet)
Seat 3: 11c10734 folded before Flop (didn't bet)
Seat 4: 3a0becda collected ($0.25)
Seat 5: f550ff97 (button) folded before Flop (didn't bet)
Seat 6: Hero (small blind) folded before Flop


Poker Hand #HD1806662830: Hold'em No Limit ($0.05/$0.1) - 2024/06/08 15:40:31
Table 'NLHRed2' 6-max Seat #4 is the button
Seat 1: e8adc743 ($10.65 in chips)
Seat 2: fdcb84d7 ($9.9 in chips)
Seat 3: 11c10734 ($10 in chips)
Seat 4: 3a0becda ($11.41 in chips)
Seat 5: f550ff97 ($11.71 in chips)
Seat 6: Hero ($20.11 in chips)
f550ff97: posts small blind $0.05
Hero: posts big blind $0.1
*** HOLE CARDS ***
Dealt to e8adc743 
Dealt to fdcb84d7 
Dealt to 11c10734 
Dealt to 3a0becda 
Dealt to f550ff97 
Dealt to Hero [3c 4d]
e8adc743: folds
fdcb84d7: folds
11c10734: folds
3a0becda: raises $0.15 to $0.25
f550ff97: calls $0.2
Hero: folds
*** FLOP *** [8h 6h Ah]
f550ff97: checks
3a0becda: checks
*** TURN *** [8h 6h Ah] [3h]
f550ff97: checks
3a0becda: checks
*** RIVER *** [8h 6h Ah 3h] [5s]
f550ff97: bets $0.41
3a0becda: calls $0.41
f550ff97: shows [Ad 5h] (Ace High Flush)
3a0becda: shows [9h Qd] (Ace High Flush)
*** SHOWDOWN ***
3a0becda collected $1.35 from pot
*** SUMMARY ***
Total pot $1.42 | Rake $0.07 | Jackpot $0 | Bingo $0 | Fortune $0 | Tax $0
Board [8h 6h Ah 3h 5s]
Seat 1: e8adc743 folded before Flop (didn't bet)
Seat 2: fdcb84d7 folded before Flop (didn't bet)
Seat 3: 11c10734 folded before Flop (didn't bet)
Seat 4: 3a0becda (button) showed [9h Qd] and won ($1.35) with Ace High Flush
Seat 5: f550ff97 (small blind) showed [Ad 5h] and lost with Ace High Flush
Seat 6: Hero (big blind) folded before Flop


Poker Hand #HD1806662717: Hold'em No Limit ($0.05/$0.1) - 2024/06/08 15:39:32
Table 'NLHRed2' 6-max Seat #3 is the button
Seat 1: e8adc743 ($10.65 in chips)
Seat 2: fdcb84d7 ($10 in chips)
Seat 3: 11c10734 ($10 in chips)
Seat 4: 3a0becda ($10.05 in chips)
Seat 5: f550ff97 ($11.81 in chips)
Seat 6: Hero ($20.11 in chips)
3a0becda: posts small blind $0.05
f550ff97: posts big blind $0.1
fdcb84d7: posts big blind $0.1
*** HOLE CARDS ***
Dealt to e8adc743 
Dealt to fdcb84d7 
Dealt to 11c10734 
Dealt to 3a0becda 
Dealt to f550ff97 
Dealt to Hero [6c 2s]
Hero: folds
e8adc743: folds
fdcb84d7: checks
11c10734: raises $0.3 to $0.4
3a0becda: raises $1 to $1.4
f550ff97: folds
fdcb84d7: folds
11c10734: calls $1
*** FLOP *** [2h Ad Jh]
3a0becda: bets $3
11c10734: folds
Uncalled bet ($3) returned to 3a0becda
*** SHOWDOWN ***
3a0becda collected $2.76 from pot
*** SUMMARY ***
Total pot $3 | Rake $0.14 | Jackpot $0.1 | Bingo $0 | Fortune $0 | Tax $0
Board [2h Ad Jh]
Seat 1: e8adc743 folded before Flop (didn't bet)
Seat 2: fdcb84d7 folded before Flop
Seat 3: 11c10734 (button) folded on the Flop
Seat 4: 3a0becda (small blind) won ($2.76)
Seat 5: f550ff97 (big blind) folded before Flop
Seat 6: Hero folded before Flop (didn't bet)


Poker Hand #HD1806662688: Hold'em No Limit ($0.05/$0.1) - 2024/06/08 15:39:17
Table 'NLHRed2' 6-max Seat #1 is the button
Seat 1: e8adc743 ($10.65 in chips)
Seat 3: 11c10734 ($10.05 in chips)
Seat 4: 3a0becda ($10 in chips)
Seat 5: f550ff97 ($11.81 in chips)
Seat 6: Hero ($20.11 in chips)
11c10734: posts small blind $0.05
3a0becda: posts big blind $0.1
*** HOLE CARDS ***
Dealt to e8adc743 
Dealt to 11c10734 
Dealt to 3a0becda 
Dealt to f550ff97 
Dealt to Hero [4h 7c]
f550ff97: folds
Hero: folds
e8adc743: folds
11c10734: folds
Uncalled bet ($0.05) returned to 3a0becda
*** SHOWDOWN ***
3a0becda collected $0.1 from pot
*** SUMMARY ***
Total pot $0.1 | Rake $0 | Jackpot $0 | Bingo $0 | Fortune $0 | Tax $0
Seat 1: e8adc743 (button) folded before Flop (didn't bet)
Seat 3: 11c10734 (small blind) folded before Flop
Seat 4: 3a0becda (big blind) collected ($0.1)
Seat 5: f550ff97 folded before Flop (didn't bet)
Seat 6: Hero folded before Flop (didn't bet)


Poker Hand #HD1806662649: Hold'em No Limit ($0.05/$0.1) - 2024/06/08 15:38:59
Table 'NLHRed2' 6-max Seat #6 is the button
Seat 1: e8adc743 ($10.7 in chips)
Seat 3: 11c10734 ($10 in chips)
Seat 5: f550ff97 ($11.81 in chips)
Seat 6: Hero ($20.11 in chips)
e8adc743: posts small blind $0.05
11c10734: posts big blind $0.1
*** HOLE CARDS ***
Dealt to e8adc743 
Dealt to 11c10734 
Dealt to f550ff97 
Dealt to Hero [3c 9d]
f550ff97: folds
Hero: folds
e8adc743: folds
Uncalled bet ($0.05) returned to 11c10734
*** SHOWDOWN ***
11c10734 collected $0.1 from pot
*** SUMMARY ***
Total pot $0.1 | Rake $0 | Jackpot $0 | Bingo $0 | Fortune $0 | Tax $0
Seat 1: e8adc743 (small blind) folded before Flop
Seat 3: 11c10734 (big blind) collected ($0.1)
Seat 5: f550ff97 folded before Flop (didn't bet)
Seat 6: Hero (button) folded before Flop (didn't bet)


Poker Hand #HD1806662606: Hold'em No Limit ($0.05/$0.1) - 2024/06/08 15:38:35
Table 'NLHRed2' 6-max Seat #5 is the button
Seat 1: e8adc743 ($10.8 in chips)
Seat 2: fb00463c ($17.04 in chips)
Seat 5: f550ff97 ($11.66 in chips)
Seat 6: Hero ($20.16 in chips)
Hero: posts small blind $0.05
e8adc743: posts big blind $0.1
*** HOLE CARDS ***
Dealt to e8adc743 
Dealt to fb00463c 
Dealt to f550ff97 
Dealt to Hero [9d Jc]
fb00463c: folds
f550ff97: raises $0.11 to $0.21
Hero: folds
e8adc743: folds
Uncalled bet ($0.11) returned to f550ff97
*** SHOWDOWN ***
f550ff97 collected $0.25 from pot
*** SUMMARY ***
Total pot $0.25 | Rake $0 | Jackpot $0 | Bingo $0 | Fortune $0 | Tax $0
Seat 1: e8adc743 (big blind) folded before Flop
Seat 2: fb00463c folded before Flop (didn't bet)
Seat 5: f550ff97 (button) collected ($0.25)
Seat 6: Hero (small blind) folded before Flop


Poker Hand #HD1806662446: Hold'em No Limit ($0.05/$0.1) - 2024/06/08 15:37:08
Table 'NLHRed2' 6-max Seat #4 is the button
Seat 1: e8adc743 ($10.8 in chips)
Seat 2: fb00463c ($18.41 in chips)
Seat 4: f419a439 ($19.45 in chips)
Seat 5: f550ff97 ($11.71 in chips)
Seat 6: Hero ($18.88 in chips)
f550ff97: posts small blind $0.05
Hero: posts big blind $0.1
*** HOLE CARDS ***
Dealt to e8adc743 
Dealt to fb00463c 
Dealt to f419a439 
Dealt to f550ff97 
Dealt to Hero [7c 8c]
e8adc743: folds
fb00463c: raises $0.15 to $0.25
f419a439: folds
f550ff97: folds
Hero: calls $0.15
*** FLOP *** [8s 6s Th]
Hero: checks
fb00463c: bets $0.28
Hero: calls $0.28
*** TURN *** [8s 6s Th] [7s]
Hero: checks
fb00463c: bets $0.84
Hero: calls $0.84
*** RIVER *** [8s 6s Th 7s] [4h]
Hero: checks
fb00463c: checks
Hero: shows [7c 8c] (Pair of Eights and Pair of Sevens)
fb00463c: shows [Ad Ts] (Pair of Tens)
*** SHOWDOWN ***
Hero collected $2.65 from pot
*** SUMMARY ***
Total pot $2.79 | Rake $0.14 | Jackpot $0 | Bingo $0 | Fortune $0 | Tax $0
Board [8s 6s Th 7s 4h]
Seat 1: e8adc743 folded before Flop (didn't bet)
Seat 2: fb00463c showed [Ad Ts] and lost with Pair of Tens
Seat 4: f419a439 (button) folded before Flop (didn't bet)
Seat 5: f550ff97 (small blind) folded before Flop
Seat 6: Hero (big blind) showed [7c 8c] and won ($2.65) with Pair of Eights and Pair of Sevens


Poker Hand #HD1806662301: Hold'em No Limit ($0.05/$0.1) - 2024/06/08 15:35:55
Table 'NLHRed2' 6-max Seat #2 is the button
Seat 1: e8adc743 ($11.2 in chips)
Seat 2: fb00463c ($17.9 in chips)
Seat 4: f419a439 ($19.5 in chips)
Seat 5: f550ff97 ($11.81 in chips)
Seat 6: Hero ($18.88 in chips)
f419a439: posts small blind $0.05
f550ff97: posts big blind $0.1
*** HOLE CARDS ***
Dealt to e8adc743 
Dealt to fb00463c 
Dealt to f419a439 
Dealt to f550ff97 
Dealt to Hero [2c 3c]
Hero: folds
e8adc743: calls $0.1
fb00463c: raises $0.3 to $0.4
f419a439: folds
f550ff97: folds
e8adc743: calls $0.3
*** FLOP *** [7d Js 6c]
e8adc743: checks
fb00463c: bets $0.4
e8adc743: folds
Uncalled bet ($0.4) returned to fb00463c
*** SHOWDOWN ***
fb00463c collected $0.91 from pot
*** SUMMARY ***
Total pot $0.95 | Rake $0.04 | Jackpot $0 | Bingo $0 | Fortune $0 | Tax $0
Board [7d Js 6c]
Seat 1: e8adc743 folded on the Flop
Seat 2: fb00463c (button) won ($0.91)
Seat 4: f419a439 (small blind) folded before Flop
Seat 5: f550ff97 (big blind) folded before Flop
Seat 6: Hero folded before Flop (didn't bet)


Poker Hand #HD1806662172: Hold'em No Limit ($0.05/$0.1) - 2024/06/08 15:34:40
Table 'NLHRed2' 6-max Seat #1 is the button
Seat 1: e8adc743 ($11.5 in chips)
Seat 2: fb00463c ($17.95 in chips)
Seat 4: f419a439 ($19.18 in chips)
Seat 5: f550ff97 ($11.81 in chips)
Seat 6: Hero ($18.88 in chips)
fb00463c: posts small blind $0.05
f419a439: posts big blind $0.1
*** HOLE CARDS ***
Dealt to e8adc743 
Dealt to fb00463c 
Dealt to f419a439 
Dealt to f550ff97 
Dealt to Hero [2s 4c]
f550ff97: folds
Hero: folds
e8adc743: raises $0.2 to $0.3
fb00463c: folds
f419a439: calls $0.2
*** FLOP *** [Kc As Ks]
f419a439: checks
e8adc743: checks
*** TURN *** [Kc As Ks] [Qd]
f419a439: checks
e8adc743: checks
*** RIVER *** [Kc As Ks Qd] [Jc]
f419a439: checks
e8adc743: checks
f419a439: shows [Jd Ah] (Pair of Aces and Pair of Kings)
e8adc743: shows [4d 4h] (Pair of Kings and Pair of Fours)
*** SHOWDOWN ***
f419a439 collected $0.62 from pot
*** SUMMARY ***
Total pot $0.65 | Rake $0.03 | Jackpot $0 | Bingo $0 | Fortune $0 | Tax $0
Board [Kc As Ks Qd Jc]
Seat 1: e8adc743 (button) showed [4d 4h] and lost with Pair of Kings and Pair of Fours
Seat 2: fb00463c (small blind) folded before Flop
Seat 4: f419a439 (big blind) showed [Jd Ah] and won ($0.62) with Pair of Aces and Pair of Kings
Seat 5: f550ff97 folded before Flop (didn't bet)
Seat 6: Hero folded before Flop (didn't bet)


Poker Hand #HD1806662086: Hold'em No Limit ($0.05/$0.1) - 2024/06/08 15:33:56
Table 'NLHRed2' 6-max Seat #6 is the button
Seat 1: e8adc743 ($11.55 in chips)
Seat 2: fb00463c ($17.68 in chips)
Seat 4: f419a439 ($19.18 in chips)
Seat 5: f550ff97 ($11.81 in chips)
Seat 6: Hero ($19.12 in chips)
e8adc743: posts small blind $0.05
fb00463c: posts big blind $0.1
*** HOLE CARDS ***
Dealt to e8adc743 
Dealt to fb00463c 
Dealt to f419a439 
Dealt to f550ff97 
Dealt to Hero [5c Ah]
f419a439: folds
f550ff97: folds
Hero: raises $0.14 to $0.24
e8adc743: folds
fb00463c: calls $0.14
*** FLOP *** [Qh 4d 9s]
fb00463c: checks
Hero: checks
*** TURN *** [Qh 4d 9s] [Qc]
fb00463c: checks
Hero: checks
*** RIVER *** [Qh 4d 9s Qc] [Ks]
fb00463c: bets $0.53
Hero: folds
Uncalled bet ($0.53) returned to fb00463c
*** SHOWDOWN ***
fb00463c collected $0.51 from pot
*** SUMMARY ***
Total pot $0.53 | Rake $0.02 | Jackpot $0 | Bingo $0 | Fortune $0 | Tax $0
Board [Qh 4d 9s Qc Ks]
Seat 1: e8adc743 (small blind) folded before Flop
Seat 2: fb00463c (big blind) won ($0.51)
Seat 4: f419a439 folded before Flop (didn't bet)
Seat 5: f550ff97 folded before Flop (didn't bet)
Seat 6: Hero (button) folded on the River


Poker Hand #HD1806661936: Hold'em No Limit ($0.05/$0.1) - 2024/06/08 15:32:34
Table 'NLHRed2' 6-max Seat #5 is the button
Seat 1: e8adc743 ($9.8 in chips)
Seat 2: fb00463c ($17.68 in chips)
Seat 4: f419a439 ($19.18 in chips)
Seat 5: f550ff97 ($11.81 in chips)
Seat 6: Hero ($21.16 in chips)
Hero: posts small blind $0.05
e8adc743: posts big blind $0.1
*** HOLE CARDS ***
Dealt to e8adc743 
Dealt to fb00463c 
Dealt to f419a439 
Dealt to f550ff97 
Dealt to Hero [Qd Qc]
fb00463c: folds
f419a439: folds
f550ff97: folds
Hero: raises $0.14 to $0.24
e8adc743: calls $0.14
*** FLOP *** [9s 3d Td]
Hero: bets $0.3
e8adc743: calls $0.3
*** TURN *** [9s 3d Td] [Jc]
Hero: bets $0.5
e8adc743: calls $0.5
*** RIVER *** [9s 3d Td Jc] [2c]
Hero: bets $1
e8adc743: raises $3 to $4
Hero: folds
Uncalled bet ($3) returned to e8adc743
*** SHOWDOWN ***
e8adc743 collected $3.79 from pot
*** SUMMARY ***
Total pot $4.08 | Rake $0.19 | Jackpot $0.1 | Bingo $0 | Fortune $0 | Tax $0
Board [9s 3d Td Jc 2c]
Seat 1: e8adc743 (big blind) won ($3.79)
Seat 2: fb00463c folded before Flop (didn't bet)
Seat 4: f419a439 folded before Flop (didn't bet)
Seat 5: f550ff97 (button) folded before Flop (didn't bet)
Seat 6: Hero (small blind) folded on the River


Poker Hand #HD1806661891: Hold'em No Limit ($0.05/$0.1) - 2024/06/08 15:32:09
Table 'NLHRed2' 6-max Seat #4 is the button
Seat 1: e8adc743 ($9.8 in chips)
Seat 2: fb00463c ($17.68 in chips)
Seat 4: f419a439 ($19.03 in chips)
Seat 5: f550ff97 ($11.86 in chips)
Seat 6: Hero ($21.26 in chips)
f550ff97: posts small blind $0.05
Hero: posts big blind $0.1
*** HOLE CARDS ***
Dealt to e8adc743 
Dealt to fb00463c 
Dealt to f419a439 
Dealt to f550ff97 
Dealt to Hero [4c Qh]
e8adc743: folds
fb00463c: folds
f419a439: raises $0.15 to $0.25
f550ff97: folds
Hero: folds
Uncalled bet ($0.15) returned to f419a439
*** SHOWDOWN ***
f419a439 collected $0.25 from pot
*** SUMMARY ***
Total pot $0.25 | Rake $0 | Jackpot $0 | Bingo $0 | Fortune $0 | Tax $0
Seat 1: e8adc743 folded before Flop (didn't bet)
Seat 2: fb00463c folded before Flop (didn't bet)
Seat 4: f419a439 (button) collected ($0.25)
Seat 5: f550ff97 (small blind) folded before Flop
Seat 6: Hero (big blind) folded before Flop


Poker Hand #HD1806661799: Hold'em No Limit ($0.05/$0.1) - 2024/06/08 15:31:23
Table 'NLHRed2' 6-max Seat #2 is the button
Seat 1: e8adc743 ($10 in chips)
Seat 2: fb00463c ($17.68 in chips)
Seat 4: f419a439 ($18.56 in chips)
Seat 5: f550ff97 ($11.96 in chips)
Seat 6: Hero ($21.46 in chips)
f419a439: posts small blind $0.05
f550ff97: posts big blind $0.1
*** HOLE CARDS ***
Dealt to e8adc743 
Dealt to fb00463c 
Dealt to f419a439 
Dealt to f550ff97 
Dealt to Hero [As 9s]
Hero: raises $0.1 to $0.2
e8adc743: calls $0.2
fb00463c: folds
f419a439: raises $0.9 to $1.1
f550ff97: folds
Hero: folds
e8adc743: folds
Uncalled bet ($0.9) returned to f419a439
*** SHOWDOWN ***
f419a439 collected $0.67 from pot
*** SUMMARY ***
Total pot $0.7 | Rake $0.03 | Jackpot $0 | Bingo $0 | Fortune $0 | Tax $0
Seat 1: e8adc743 folded before Flop
Seat 2: fb00463c (button) folded before Flop (didn't bet)
Seat 4: f419a439 (small blind) collected ($0.67)
Seat 5: f550ff97 (big blind) folded before Flop
Seat 6: Hero folded before Flop


Poker Hand #HD1806661753: Hold'em No Limit ($0.05/$0.1) - 2024/06/08 15:31:02
Table 'NLHRed2' 6-max Seat #1 is the button
Seat 1: e8adc743 ($10 in chips)
Seat 2: fb00463c ($17.73 in chips)
Seat 4: f419a439 ($18.51 in chips)
Seat 5: f550ff97 ($11.96 in chips)
Seat 6: Hero ($21.46 in chips)
fb00463c: posts small blind $0.05
f419a439: posts big blind $0.1
*** HOLE CARDS ***
Dealt to e8adc743 
Dealt to fb00463c 
Dealt to f419a439 
Dealt to f550ff97 
Dealt to Hero [Th 2d]
f550ff97: folds
Hero: folds
e8adc743: folds
fb00463c: folds
Uncalled bet ($0.05) returned to f419a439
*** SHOWDOWN ***
f419a439 collected $0.1 from pot
*** SUMMARY ***
Total pot $0.1 | Rake $0 | Jackpot $0 | Bingo $0 | Fortune $0 | Tax $0
Seat 1: e8adc743 (button) folded before Flop (didn't bet)
Seat 2: fb00463c (small blind) folded before Flop
Seat 4: f419a439 (big blind) collected ($0.1)
Seat 5: f550ff97 folded before Flop (didn't bet)
Seat 6: Hero folded before Flop (didn't bet)


Poker Hand #HD1806661696: Hold'em No Limit ($0.05/$0.1) - 2024/06/08 15:30:31
Table 'NLHRed2' 6-max Seat #6 is the button
Seat 1: e8adc743 ($10.05 in chips)
Seat 2: fb00463c ($17.83 in chips)
Seat 4: f419a439 ($18.51 in chips)
Seat 5: f550ff97 ($11.96 in chips)
Seat 6: Hero ($21.31 in chips)
e8adc743: posts small blind $0.05
fb00463c: posts big blind $0.1
*** HOLE CARDS ***
Dealt to e8adc743 
Dealt to fb00463c 
Dealt to f419a439 
Dealt to f550ff97 
Dealt to Hero [2s As]
f419a439: folds
f550ff97: folds
Hero: raises $0.14 to $0.24
e8adc743: folds
fb00463c: folds
Uncalled bet ($0.14) returned to Hero
*** SHOWDOWN ***
Hero collected $0.25 from pot
*** SUMMARY ***
Total pot $0.25 | Rake $0 | Jackpot $0 | Bingo $0 | Fortune $0 | Tax $0
Seat 1: e8adc743 (small blind) folded before Flop
Seat 2: fb00463c (big blind) folded before Flop
Seat 4: f419a439 folded before Flop (didn't bet)
Seat 5: f550ff97 folded before Flop (didn't bet)
Seat 6: Hero (button) collected ($0.25)


Poker Hand #HD1806661643: Hold'em No Limit ($0.05/$0.1) - 2024/06/08 15:30:00
Table 'NLHRed2' 6-max Seat #5 is the button
Seat 1: e8adc743 ($10.15 in chips)
Seat 2: fb00463c ($17.68 in chips)
Seat 4: f419a439 ($18.51 in chips)
Seat 5: f550ff97 ($11.96 in chips)
Seat 6: Hero ($21.36 in chips)
Hero: posts small blind $0.05
e8adc743: posts big blind $0.1
*** HOLE CARDS ***
Dealt to e8adc743 
Dealt to fb00463c 
Dealt to f419a439 
Dealt to f550ff97 
Dealt to Hero [3c 6h]
fb00463c: raises $0.15 to $0.25
f419a439: folds
f550ff97: folds
Hero: folds
e8adc743: folds
Uncalled bet ($0.15) returned to fb00463c
*** SHOWDOWN ***
fb00463c collected $0.25 from pot
*** SUMMARY ***
Total pot $0.25 | Rake $0 | Jackpot $0 | Bingo $0 | Fortune $0 | Tax $0
Seat 1: e8adc743 (big blind) folded before Flop
Seat 2: fb00463c collected ($0.25)
Seat 4: f419a439 folded before Flop (didn't bet)
Seat 5: f550ff97 (button) folded before Flop (didn't bet)
Seat 6: Hero (small blind) folded before Flop


Poker Hand #HD1806661587: Hold'em No Limit ($0.05/$0.1) - 2024/06/08 15:29:29
Table 'NLHRed2' 6-max Seat #4 is the button
Seat 1: e8adc743 ($10 in chips)
Seat 2: fb00463c ($17.68 in chips)
Seat 4: f419a439 ($18.51 in chips)
Seat 5: f550ff97 ($12.01 in chips)
Seat 6: Hero ($21.46 in chips)
f550ff97: posts small blind $0.05
Hero: posts big blind $0.1
*** HOLE CARDS ***
Dealt to e8adc743 
Dealt to fb00463c 
Dealt to f419a439 
Dealt to f550ff97 
Dealt to Hero [9h 6h]
e8adc743: raises $0.2 to $0.3
fb00463c: folds
f419a439: folds
f550ff97: folds
Hero: folds
Uncalled bet ($0.2) returned to e8adc743
*** SHOWDOWN ***
e8adc743 collected $0.25 from pot
*** SUMMARY ***
Total pot $0.25 | Rake $0 | Jackpot $0 | Bingo $0 | Fortune $0 | Tax $0
Seat 1: e8adc743 collected ($0.25)
Seat 2: fb00463c folded before Flop (didn't bet)
Seat 4: f419a439 (button) folded before Flop (didn't bet)
Seat 5: f550ff97 (small blind) folded before Flop
Seat 6: Hero (big blind) folded before Flop


Poker Hand #HD1806661286: Hold'em No Limit ($0.05/$0.1) - 2024/06/08 15:26:52
Table 'NLHRed2' 6-max Seat #3 is the button
Seat 1: e8adc743 ($10 in chips)
Seat 2: fb00463c ($17.68 in chips)
Seat 3: 91b6bf8f ($9.39 in chips)
Seat 4: f419a439 ($10.05 in chips)
Seat 5: f550ff97 ($12.11 in chips)
Seat 6: Hero ($21.46 in chips)
f419a439: posts small blind $0.05
f550ff97: posts big blind $0.1
*** HOLE CARDS ***
Dealt to e8adc743 
Dealt to fb00463c 
Dealt to 91b6bf8f 
Dealt to f419a439 
Dealt to f550ff97 
Dealt to Hero [Tc 7s]
Hero: folds
e8adc743: folds
fb00463c: folds
91b6bf8f: raises $0.2 to $0.3
f419a439: raises $0.8 to $1.1
f550ff97: folds
91b6bf8f: calls $0.8
*** FLOP *** [6h Td 3c]
f419a439: bets $0.7
91b6bf8f: calls $0.7
*** TURN *** [6h Td 3c] [6c]
f419a439: checks
91b6bf8f: bets $2.22
f419a439: calls $2.22
*** RIVER *** [6h Td 3c 6c] [9c]
f419a439: checks
91b6bf8f: bets $5.37 and is all-in
f419a439: calls $5.37
91b6bf8f: shows [3h Ah] (Pair of Sixes and Pair of Treys)
f419a439: shows [Kh Th] (Pair of Tens and Pair of Sixes)
*** SHOWDOWN ***
f419a439 collected $17.85 from pot
*** SUMMARY ***
Total pot $18.88 | Rake $0.93 | Jackpot $0.1 | Bingo $0 | Fortune $0 | Tax $0
Board [6h Td 3c 6c 9c]
Seat 1: e8adc743 folded before Flop (didn't bet)
Seat 2: fb00463c folded before Flop (didn't bet)
Seat 3: 91b6bf8f (button) showed [3h Ah] and lost with Pair of Sixes and Pair of Treys
Seat 4: f419a439 (small blind) showed [Kh Th] and won ($17.85) with Pair of Tens and Pair of Sixes
Seat 5: f550ff97 (big blind) folded before Flop
Seat 6: Hero folded before Flop (didn't bet)


Poker Hand #HD1806661252: Hold'em No Limit ($0.05/$0.1) - 2024/06/08 15:26:34
Table 'NLHRed2' 6-max Seat #2 is the button
Seat 2: fb00463c ($17.68 in chips)
Seat 3: 91b6bf8f ($9.44 in chips)
Seat 4: f419a439 ($10 in chips)
Seat 5: f550ff97 ($12.11 in chips)
Seat 6: Hero ($21.46 in chips)
91b6bf8f: posts small blind $0.05
f419a439: posts big blind $0.1
*** HOLE CARDS ***
Dealt to fb00463c 
Dealt to 91b6bf8f 
Dealt to f419a439 
Dealt to f550ff97 
Dealt to Hero [8h Qs]
f550ff97: folds
Hero: folds
fb00463c: folds
91b6bf8f: folds
Uncalled bet ($0.05) returned to f419a439
*** SHOWDOWN ***
f419a439 collected $0.1 from pot
*** SUMMARY ***
Total pot $0.1 | Rake $0 | Jackpot $0 | Bingo $0 | Fortune $0 | Tax $0
Seat 2: fb00463c (button) folded before Flop (didn't bet)
Seat 3: 91b6bf8f (small blind) folded before Flop
Seat 4: f419a439 (big blind) collected ($0.1)
Seat 5: f550ff97 folded before Flop (didn't bet)
Seat 6: Hero folded before Flop (didn't bet)


Poker Hand #HD1806661108: Hold'em No Limit ($0.05/$0.1) - 2024/06/08 15:25:21
Table 'NLHRed2' 6-max Seat #6 is the button
Seat 1: e8adc743 ($9 in chips)
Seat 2: fb00463c ($10.47 in chips)
Seat 3: 91b6bf8f ($9.44 in chips)
Seat 5: f550ff97 ($12.11 in chips)
Seat 6: Hero ($21.46 in chips)
e8adc743: posts small blind $0.05
fb00463c: posts big blind $0.1
*** HOLE CARDS ***
Dealt to e8adc743 
Dealt to fb00463c 
Dealt to 91b6bf8f 
Dealt to f550ff97 
Dealt to Hero [3s 6d]
91b6bf8f: folds
f550ff97: folds
Hero: folds
e8adc743: raises $0.2 to $0.3
fb00463c: calls $0.2
*** FLOP *** [4h Kc 4s]
e8adc743: bets $0.6
fb00463c: raises $0.6 to $1.2
e8adc743: calls $0.6
*** TURN *** [4h Kc 4s] [7c]
e8adc743: bets $3
fb00463c: raises $5.97 to $8.97 and is all-in
e8adc743: calls $4.5 and is all-in
Uncalled bet ($1.47) returned to fb00463c
fb00463c: shows [4c 5c] (Three Fours)
e8adc743: shows [Kd As] (Pair of Kings and Pair of Fours)
fb00463c: Chooses to EV Cashout 
*** RIVER *** [4h Kc 4s 7c] [Qd]
fb00463c: Pays Cashout Risk ($0.8)
*** SHOWDOWN ***
fb00463c collected $17.01 from pot
*** SUMMARY ***
Total pot $18 | Rake $0.89 | Jackpot $0.1 | Bingo $0 | Fortune $0 | Tax $0
Board [4h Kc 4s 7c Qd]
Seat 1: e8adc743 (small blind) showed [Kd As] and lost with Pair of Kings and Pair of Fours
Seat 2: fb00463c (big blind) showed [4c 5c] and won ($17.01) with Three Fours, Cashout Risk ($0.8)
Seat 3: 91b6bf8f folded before Flop (didn't bet)
Seat 5: f550ff97 folded before Flop (didn't bet)
Seat 6: Hero (button) folded before Flop (didn't bet)


Poker Hand #HD1806661064: Hold'em No Limit ($0.05/$0.1) - 2024/06/08 15:24:55
Table 'NLHRed2' 6-max Seat #5 is the button
Seat 1: e8adc743 ($9.1 in chips)
Seat 2: fb00463c ($10.32 in chips)
Seat 3: 91b6bf8f ($9.44 in chips)
Seat 5: f550ff97 ($12.11 in chips)
Seat 6: Hero ($21.51 in chips)
Hero: posts small blind $0.05
e8adc743: posts big blind $0.1
*** HOLE CARDS ***
Dealt to e8adc743 
Dealt to fb00463c 
Dealt to 91b6bf8f 
Dealt to f550ff97 
Dealt to Hero [4s Ad]
fb00463c: raises $0.25 to $0.35
91b6bf8f: folds
f550ff97: folds
Hero: folds
e8adc743: folds
Uncalled bet ($0.25) returned to fb00463c
*** SHOWDOWN ***
fb00463c collected $0.25 from pot
*** SUMMARY ***
Total pot $0.25 | Rake $0 | Jackpot $0 | Bingo $0 | Fortune $0 | Tax $0
Seat 1: e8adc743 (big blind) folded before Flop
Seat 2: fb00463c collected ($0.25)
Seat 3: 91b6bf8f folded before Flop (didn't bet)
Seat 5: f550ff97 (button) folded before Flop (didn't bet)
Seat 6: Hero (small blind) folded before Flop


Poker Hand #HD1806660929: Hold'em No Limit ($0.05/$0.1) - 2024/06/08 15:23:43
Table 'NLHRed2' 6-max Seat #3 is the button
Seat 1: e8adc743 ($9.7 in chips)
Seat 2: fb00463c ($10.32 in chips)
Seat 3: 91b6bf8f ($9.74 in chips)
Seat 5: f550ff97 ($12.16 in chips)
Seat 6: Hero ($20.63 in chips)
f550ff97: posts small blind $0.05
Hero: posts big blind $0.1
*** HOLE CARDS ***
Dealt to e8adc743 
Dealt to fb00463c 
Dealt to 91b6bf8f 
Dealt to f550ff97 
Dealt to Hero [Ac Tc]
e8adc743: raises $0.2 to $0.3
fb00463c: folds
91b6bf8f: calls $0.3
f550ff97: folds
Hero: calls $0.2
*** FLOP *** [2s 3s Qd]
Hero: checks
e8adc743: checks
91b6bf8f: checks
*** TURN *** [2s 3s Qd] [7s]
Hero: bets $0.3
e8adc743: calls $0.3
91b6bf8f: folds
*** RIVER *** [2s 3s Qd 7s] [5d]
Hero: bets $0.8
e8adc743: folds
Uncalled bet ($0.8) returned to Hero
*** SHOWDOWN ***
Hero collected $1.48 from pot
*** SUMMARY ***
Total pot $1.55 | Rake $0.07 | Jackpot $0 | Bingo $0 | Fortune $0 | Tax $0
Board [2s 3s Qd 7s 5d]
Seat 1: e8adc743 folded on the River
Seat 2: fb00463c folded before Flop (didn't bet)
Seat 3: 91b6bf8f (button) folded on the Turn
Seat 5: f550ff97 (small blind) folded before Flop
Seat 6: Hero (big blind) won ($1.48)


Poker Hand #HD1806660902: Hold'em No Limit ($0.05/$0.1) - 2024/06/08 15:23:27
Table 'NLHRed2' 6-max Seat #2 is the button
Seat 1: e8adc743 ($9.7 in chips)
Seat 2: fb00463c ($10.32 in chips)
Seat 3: 91b6bf8f ($9.64 in chips)
Seat 5: f550ff97 ($12.26 in chips)
Seat 6: Hero ($20.63 in chips)
91b6bf8f: posts small blind $0.05
f550ff97: posts big blind $0.1
*** HOLE CARDS ***
Dealt to e8adc743 
Dealt to fb00463c 
Dealt to 91b6bf8f 
Dealt to f550ff97 
Dealt to Hero [4s Jh]
Hero: folds
e8adc743: folds
fb00463c: folds
91b6bf8f: raises $0.15 to $0.25
f550ff97: folds
Uncalled bet ($0.15) returned to 91b6bf8f
*** SHOWDOWN ***
91b6bf8f collected $0.2 from pot
*** SUMMARY ***
Total pot $0.2 | Rake $0 | Jackpot $0 | Bingo $0 | Fortune $0 | Tax $0
Seat 1: e8adc743 folded before Flop (didn't bet)
Seat 2: fb00463c (button) folded before Flop (didn't bet)
Seat 3: 91b6bf8f (small blind) collected ($0.2)
Seat 5: f550ff97 (big blind) folded before Flop
Seat 6: Hero folded before Flop (didn't bet)


Poker Hand #HD1806660822: Hold'em No Limit ($0.05/$0.1) - 2024/06/08 15:22:45
Table 'NLHRed2' 6-max Seat #1 is the button
Seat 1: e8adc743 ($9.7 in chips)
Seat 2: fb00463c ($10.37 in chips)
Seat 3: 91b6bf8f ($9.84 in chips)
Seat 4: d8be72a ($15.67 in chips)
Seat 5: f550ff97 ($12.26 in chips)
Seat 6: Hero ($20.63 in chips)
fb00463c: posts small blind $0.05
91b6bf8f: posts big blind $0.1
*** HOLE CARDS ***
Dealt to e8adc743 
Dealt to fb00463c 
Dealt to 91b6bf8f 
Dealt to d8be72a 
Dealt to f550ff97 
Dealt to Hero [As 9d]
d8be72a: raises $0.1 to $0.2
f550ff97: folds
Hero: folds
e8adc743: folds
fb00463c: folds
91b6bf8f: calls $0.1
*** FLOP *** [Ks 6d 3s]
91b6bf8f: checks
d8be72a: bets $0.3
91b6bf8f: folds
Uncalled bet ($0.3) returned to d8be72a
*** SHOWDOWN ***
d8be72a collected $0.43 from pot
*** SUMMARY ***
Total pot $0.45 | Rake $0.02 | Jackpot $0 | Bingo $0 | Fortune $0 | Tax $0
Board [Ks 6d 3s]
Seat 1: e8adc743 (button) folded before Flop (didn't bet)
Seat 2: fb00463c (small blind) folded before Flop
Seat 3: 91b6bf8f (big blind) folded on the Flop
Seat 4: d8be72a won ($0.43)
Seat 5: f550ff97 folded before Flop (didn't bet)
Seat 6: Hero folded before Flop (didn't bet)


Poker Hand #HD1806660715: Hold'em No Limit ($0.05/$0.1) - 2024/06/08 15:21:44
Table 'NLHRed2' 6-max Seat #6 is the button
Seat 1: e8adc743 ($9.9 in chips)
Seat 2: fb00463c ($10 in chips)
Seat 3: 91b6bf8f ($9.84 in chips)
Seat 4: d8be72a ($15.87 in chips)
Seat 5: f550ff97 ($12.26 in chips)
Seat 6: Hero ($20.63 in chips)
e8adc743: posts small blind $0.05
fb00463c: posts big blind $0.1
*** HOLE CARDS ***
Dealt to e8adc743 
Dealt to fb00463c 
Dealt to 91b6bf8f 
Dealt to d8be72a 
Dealt to f550ff97 
Dealt to Hero [2c Tc]
91b6bf8f: folds
d8be72a: raises $0.1 to $0.2
f550ff97: folds
Hero: folds
e8adc743: calls $0.15
fb00463c: raises $0.7 to $0.9
d8be72a: folds
e8adc743: folds
Uncalled bet ($0.7) returned to fb00463c
*** SHOWDOWN ***
fb00463c collected $0.57 from pot
*** SUMMARY ***
Total pot $0.6 | Rake $0.03 | Jackpot $0 | Bingo $0 | Fortune $0 | Tax $0
Seat 1: e8adc743 (small blind) folded before Flop
Seat 2: fb00463c (big blind) collected ($0.57)
Seat 3: 91b6bf8f folded before Flop (didn't bet)
Seat 4: d8be72a folded before Flop
Seat 5: f550ff97 folded before Flop (didn't bet)
Seat 6: Hero (button) folded before Flop (didn't bet)


Poker Hand #HD1806660647: Hold'em No Limit ($0.05/$0.1) - 2024/06/08 15:21:09
Table 'NLHRed2' 6-max Seat #5 is the button
Seat 1: e8adc743 ($10 in chips)
Seat 3: 91b6bf8f ($9.43 in chips)
Seat 4: d8be72a ($15.87 in chips)
Seat 5: f550ff97 ($12.56 in chips)
Seat 6: Hero ($20.68 in chips)
Hero: posts small blind $0.05
e8adc743: posts big blind $0.1
*** HOLE CARDS ***
Dealt to e8adc743 
Dealt to 91b6bf8f 
Dealt to d8be72a 
Dealt to f550ff97 
Dealt to Hero [5c Ad]
91b6bf8f: raises $0.2 to $0.3
d8be72a: folds
f550ff97: calls $0.3
Hero: folds
e8adc743: folds
*** FLOP *** [3h 6d 5d]
91b6bf8f: bets $0.45
f550ff97: folds
Uncalled bet ($0.45) returned to 91b6bf8f
*** SHOWDOWN ***
91b6bf8f collected $0.71 from pot
*** SUMMARY ***
Total pot $0.75 | Rake $0.04 | Jackpot $0 | Bingo $0 | Fortune $0 | Tax $0
Board [3h 6d 5d]
Seat 1: e8adc743 (big blind) folded before Flop
Seat 3: 91b6bf8f won ($0.71)
Seat 4: d8be72a folded before Flop (didn't bet)
Seat 5: f550ff97 (button) folded on the Flop
Seat 6: Hero (small blind) folded before Flop


Poker Hand #HD1806660604: Hold'em No Limit ($0.05/$0.1) - 2024/06/08 15:20:49
Table 'NLHRed2' 6-max Seat #4 is the button
Seat 3: 91b6bf8f ($9.43 in chips)
Seat 4: d8be72a ($16.07 in chips)
Seat 5: f550ff97 ($12.61 in chips)
Seat 6: Hero ($20.45 in chips)
f550ff97: posts small blind $0.05
Hero: posts big blind $0.1
*** HOLE CARDS ***
Dealt to 91b6bf8f 
Dealt to d8be72a 
Dealt to f550ff97 
Dealt to Hero [Ks Qs]
91b6bf8f: folds
d8be72a: raises $0.1 to $0.2
f550ff97: folds
Hero: raises $0.7 to $0.9
d8be72a: folds
Uncalled bet ($0.7) returned to Hero
*** SHOWDOWN ***
Hero collected $0.43 from pot
*** SUMMARY ***
Total pot $0.45 | Rake $0.02 | Jackpot $0 | Bingo $0 | Fortune $0 | Tax $0
Seat 3: 91b6bf8f folded before Flop (didn't bet)
Seat 4: d8be72a (button) folded before Flop
Seat 5: f550ff97 (small blind) folded before Flop
Seat 6: Hero (big blind) collected ($0.43)


Poker Hand #HD1806660493: Hold'em No Limit ($0.05/$0.1) - 2024/06/08 15:19:45
Table 'NLHRed2' 6-max Seat #3 is the button
Seat 3: 91b6bf8f ($8.71 in chips)
Seat 4: d8be72a ($16.12 in chips)
Seat 5: f550ff97 ($12.85 in chips)
Seat 6: Hero ($20.95 in chips)
d8be72a: posts small blind $0.05
f550ff97: posts big blind $0.1
*** HOLE CARDS ***
Dealt to 91b6bf8f 
Dealt to d8be72a 
Dealt to f550ff97 
Dealt to Hero [6h 6s]
Hero: raises $0.14 to $0.24
91b6bf8f: calls $0.24
d8be72a: folds
f550ff97: calls $0.14
*** FLOP *** [Ad As Ac]
f550ff97: checks
Hero: bets $0.26
91b6bf8f: calls $0.26
f550ff97: folds
*** TURN *** [Ad As Ac] [Ts]
Hero: checks
91b6bf8f: bets $0.78
Hero: folds
Uncalled bet ($0.78) returned to 91b6bf8f
*** SHOWDOWN ***
91b6bf8f collected $1.22 from pot
*** SUMMARY ***
Total pot $1.29 | Rake $0.07 | Jackpot $0 | Bingo $0 | Fortune $0 | Tax $0
Board [Ad As Ac Ts]
Seat 3: 91b6bf8f (button) won ($1.22)
Seat 4: d8be72a (small blind) folded before Flop
Seat 5: f550ff97 (big blind) folded on the Flop
Seat 6: Hero folded on the Turn


Poker Hand #HD1806660427: Hold'em No Limit ($0.05/$0.1) - 2024/06/08 15:19:07
Table 'NLHRed2' 6-max Seat #1 is the button
Seat 1: 66a3efe2 ($2.79 in chips)
Seat 3: 91b6bf8f ($8.76 in chips)
Seat 4: d8be72a ($16.36 in chips)
Seat 5: f550ff97 ($12.85 in chips)
Seat 6: Hero ($20.68 in chips)
91b6bf8f: posts small blind $0.05
d8be72a: posts big blind $0.1
*** HOLE CARDS ***
Dealt to 66a3efe2 
Dealt to 91b6bf8f 
Dealt to d8be72a 
Dealt to f550ff97 
Dealt to Hero [Qd 8d]
f550ff97: folds
Hero: raises $0.14 to $0.24
66a3efe2: folds
91b6bf8f: folds
d8be72a: calls $0.14
*** FLOP *** [9d 5c 3h]
d8be72a: checks
Hero: bets $0.2
d8be72a: folds
Uncalled bet ($0.2) returned to Hero
*** SHOWDOWN ***
Hero collected $0.51 from pot
*** SUMMARY ***
Total pot $0.53 | Rake $0.02 | Jackpot $0 | Bingo $0 | Fortune $0 | Tax $0
Board [9d 5c 3h]
Seat 1: 66a3efe2 (button) folded before Flop (didn't bet)
Seat 3: 91b6bf8f (small blind) folded before Flop
Seat 4: d8be72a (big blind) folded on the Flop
Seat 5: f550ff97 folded before Flop (didn't bet)
Seat 6: Hero won ($0.51)


Poker Hand #HD1806660294: Hold'em No Limit ($0.05/$0.1) - 2024/06/08 15:18:06
Table 'NLHRed2' 6-max Seat #6 is the button
Seat 1: 66a3efe2 ($2.42 in chips)
Seat 3: 91b6bf8f ($8.96 in chips)
Seat 4: d8be72a ($16.56 in chips)
Seat 5: f550ff97 ($12.85 in chips)
Seat 6: Hero ($20.68 in chips)
66a3efe2: posts small blind $0.05
91b6bf8f: posts big blind $0.1
*** HOLE CARDS ***
Dealt to 66a3efe2 
Dealt to 91b6bf8f 
Dealt to d8be72a 
Dealt to f550ff97 
Dealt to Hero [8h Td]
d8be72a: raises $0.1 to $0.2
f550ff97: folds
Hero: folds
66a3efe2: calls $0.15
91b6bf8f: calls $0.1
*** FLOP *** [Jd 3h Kh]
66a3efe2: checks
91b6bf8f: checks
d8be72a: checks
*** TURN *** [Jd 3h Kh] [4c]
66a3efe2: checks
91b6bf8f: checks
d8be72a: checks
*** RIVER *** [Jd 3h Kh 4c] [8s]
66a3efe2: bets $0.6
91b6bf8f: folds
d8be72a: folds
Uncalled bet ($0.6) returned to 66a3efe2
*** SHOWDOWN ***
66a3efe2 collected $0.57 from pot
*** SUMMARY ***
Total pot $0.6 | Rake $0.03 | Jackpot $0 | Bingo $0 | Fortune $0 | Tax $0
Board [Jd 3h Kh 4c 8s]
Seat 1: 66a3efe2 (small blind) won ($0.57)
Seat 3: 91b6bf8f (big blind) folded on the River
Seat 4: d8be72a folded on the River
Seat 5: f550ff97 folded before Flop (didn't bet)
Seat 6: Hero (button) folded before Flop (didn't bet)


Poker Hand #HD1806660210: Hold'em No Limit ($0.05/$0.1) - 2024/06/08 15:17:18
Table 'NLHRed2' 6-max Seat #5 is the button
Seat 1: 66a3efe2 ($1.97 in chips)
Seat 3: 91b6bf8f ($8.96 in chips)
Seat 4: d8be72a ($16.56 in chips)
Seat 5: f550ff97 ($12.85 in chips)
Seat 6: Hero ($21.18 in chips)
Hero: posts small blind $0.05
66a3efe2: posts big blind $0.1
*** HOLE CARDS ***
Dealt to 66a3efe2 
Dealt to 91b6bf8f 
Dealt to d8be72a 
Dealt to f550ff97 
Dealt to Hero [9s Ts]
91b6bf8f: folds
d8be72a: folds
f550ff97: folds
Hero: raises $0.2 to $0.3
66a3efe2: calls $0.2
*** FLOP *** [Tc Qh 8h]
Hero: bets $0.2
66a3efe2: calls $0.2
*** TURN *** [Tc Qh 8h] [3h]
Hero: checks
66a3efe2: bets $0.75
Hero: folds
Uncalled bet ($0.75) returned to 66a3efe2
66a3efe2: shows [Qd] (Pair of Queens)
*** SHOWDOWN ***
66a3efe2 collected $0.95 from pot
*** SUMMARY ***
Total pot $1 | Rake $0.05 | Jackpot $0 | Bingo $0 | Fortune $0 | Tax $0
Board [Tc Qh 8h 3h]
Seat 1: 66a3efe2 (big blind) showed [Qd] and won ($0.95)
Seat 3: 91b6bf8f folded before Flop (didn't bet)
Seat 4: d8be72a folded before Flop (didn't bet)
Seat 5: f550ff97 (button) folded before Flop (didn't bet)
Seat 6: Hero (small blind) folded on the Turn


Poker Hand #HD1806660102: Hold'em No Limit ($0.05/$0.1) - 2024/06/08 15:16:17
Table 'NLHRed2' 6-max Seat #4 is the button
Seat 1: 66a3efe2 ($1.83 in chips)
Seat 3: 91b6bf8f ($8.96 in chips)
Seat 4: d8be72a ($16.56 in chips)
Seat 5: f550ff97 ($12.9 in chips)
Seat 6: Hero ($21.28 in chips)
f550ff97: posts small blind $0.05
Hero: posts big blind $0.1
*** HOLE CARDS ***
Dealt to 66a3efe2 
Dealt to 91b6bf8f 
Dealt to d8be72a 
Dealt to f550ff97 
Dealt to Hero [6s 5h]
66a3efe2: calls $0.1
91b6bf8f: folds
d8be72a: folds
f550ff97: folds
Hero: checks
*** FLOP *** [Td Ac Jd]
Hero: checks
66a3efe2: checks
*** TURN *** [Td Ac Jd] [Ks]
Hero: checks
66a3efe2: checks
*** RIVER *** [Td Ac Jd Ks] [3h]
Hero: checks
66a3efe2: checks
Hero: shows [6s 5h] (Ace-High)
66a3efe2: shows [6c 3c] (Pair of Treys)
*** SHOWDOWN ***
66a3efe2 collected $0.24 from pot
*** SUMMARY ***
Total pot $0.25 | Rake $0.01 | Jackpot $0 | Bingo $0 | Fortune $0 | Tax $0
Board [Td Ac Jd Ks 3h]
Seat 1: 66a3efe2 showed [6c 3c] and won ($0.24) with Pair of Treys
Seat 3: 91b6bf8f folded before Flop (didn't bet)
Seat 4: d8be72a (button) folded before Flop (didn't bet)
Seat 5: f550ff97 (small blind) folded before Flop
Seat 6: Hero (big blind) showed [6s 5h] and lost with Ace-High


Poker Hand #HD1806660079: Hold'em No Limit ($0.05/$0.1) - 2024/06/08 15:16:04
Table 'NLHRed2' 6-max Seat #3 is the button
Seat 1: 66a3efe2 ($1.83 in chips)
Seat 3: 91b6bf8f ($8.96 in chips)
Seat 4: d8be72a ($16.61 in chips)
Seat 5: f550ff97 ($12.85 in chips)
Seat 6: Hero ($21.28 in chips)
d8be72a: posts small blind $0.05
f550ff97: posts big blind $0.1
*** HOLE CARDS ***
Dealt to 66a3efe2 
Dealt to 91b6bf8f 
Dealt to d8be72a 
Dealt to f550ff97 
Dealt to Hero [9h 7d]
Hero: folds
66a3efe2: folds
91b6bf8f: folds
d8be72a: folds
Uncalled bet ($0.05) returned to f550ff97
*** SHOWDOWN ***
f550ff97 collected $0.1 from pot
*** SUMMARY ***
Total pot $0.1 | Rake $0 | Jackpot $0 | Bingo $0 | Fortune $0 | Tax $0
Seat 1: 66a3efe2 folded before Flop (didn't bet)
Seat 3: 91b6bf8f (button) folded before Flop (didn't bet)
Seat 4: d8be72a (small blind) folded before Flop
Seat 5: f550ff97 (big blind) collected ($0.1)
Seat 6: Hero folded before Flop (didn't bet)


Poker Hand #HD1806660058: Hold'em No Limit ($0.05/$0.1) - 2024/06/08 15:15:51
Table 'NLHRed2' 6-max Seat #1 is the button
Seat 1: 66a3efe2 ($1.83 in chips)
Seat 3: 91b6bf8f ($9.01 in chips)
Seat 4: d8be72a ($16.56 in chips)
Seat 5: f550ff97 ($12.85 in chips)
Seat 6: Hero ($21.28 in chips)
91b6bf8f: posts small blind $0.05
d8be72a: posts big blind $0.1
*** HOLE CARDS ***
Dealt to 66a3efe2 
Dealt to 91b6bf8f 
Dealt to d8be72a 
Dealt to f550ff97 
Dealt to Hero [9h 8d]
f550ff97: folds
Hero: folds
66a3efe2: folds
91b6bf8f: folds
Uncalled bet ($0.05) returned to d8be72a
*** SHOWDOWN ***
d8be72a collected $0.1 from pot
*** SUMMARY ***
Total pot $0.1 | Rake $0 | Jackpot $0 | Bingo $0 | Fortune $0 | Tax $0
Seat 1: 66a3efe2 (button) folded before Flop (didn't bet)
Seat 3: 91b6bf8f (small blind) folded before Flop
Seat 4: d8be72a (big blind) collected ($0.1)
Seat 5: f550ff97 folded before Flop (didn't bet)
Seat 6: Hero folded before Flop (didn't bet)


Poker Hand #HD1806659987: Hold'em No Limit ($0.05/$0.1) - 2024/06/08 15:15:14
Table 'NLHRed2' 6-max Seat #6 is the button
Seat 1: 66a3efe2 ($2.03 in chips)
Seat 3: 91b6bf8f ($9.11 in chips)
Seat 4: d8be72a ($16.28 in chips)
Seat 5: f550ff97 ($12.85 in chips)
Seat 6: Hero ($21.28 in chips)
66a3efe2: posts small blind $0.05
91b6bf8f: posts big blind $0.1
*** HOLE CARDS ***
Dealt to 66a3efe2 
Dealt to 91b6bf8f 
Dealt to d8be72a 
Dealt to f550ff97 
Dealt to Hero [9s Jd]
d8be72a: raises $0.1 to $0.2
f550ff97: folds
Hero: folds
66a3efe2: calls $0.15
91b6bf8f: folds
*** FLOP *** [Td 5c 5s]
66a3efe2: checks
d8be72a: bets $0.3
66a3efe2: folds
Uncalled bet ($0.3) returned to d8be72a
*** SHOWDOWN ***
d8be72a collected $0.48 from pot
*** SUMMARY ***
Total pot $0.5 | Rake $0.02 | Jackpot $0 | Bingo $0 | Fortune $0 | Tax $0
Board [Td 5c 5s]
Seat 1: 66a3efe2 (small blind) folded on the Flop
Seat 3: 91b6bf8f (big blind) folded before Flop
Seat 4: d8be72a won ($0.48)
Seat 5: f550ff97 folded before Flop (didn't bet)
Seat 6: Hero (button) folded before Flop (didn't bet)


Poker Hand #HD1806659949: Hold'em No Limit ($0.05/$0.1) - 2024/06/08 15:14:55
Table 'NLHRed2' 6-max Seat #5 is the button
Seat 1: 66a3efe2 ($2.13 in chips)
Seat 3: 91b6bf8f ($8.96 in chips)
Seat 4: d8be72a ($16.28 in chips)
Seat 5: f550ff97 ($12.85 in chips)
Seat 6: Hero ($21.33 in chips)
Hero: posts small blind $0.05
66a3efe2: posts big blind $0.1
*** HOLE CARDS ***
Dealt to 66a3efe2 
Dealt to 91b6bf8f 
Dealt to d8be72a 
Dealt to f550ff97 
Dealt to Hero [9h 4c]
91b6bf8f: raises $0.2 to $0.3
d8be72a: folds
f550ff97: folds
Hero: folds
66a3efe2: folds
Uncalled bet ($0.2) returned to 91b6bf8f
*** SHOWDOWN ***
91b6bf8f collected $0.25 from pot
*** SUMMARY ***
Total pot $0.25 | Rake $0 | Jackpot $0 | Bingo $0 | Fortune $0 | Tax $0
Seat 1: 66a3efe2 (big blind) folded before Flop
Seat 3: 91b6bf8f collected ($0.25)
Seat 4: d8be72a folded before Flop (didn't bet)
Seat 5: f550ff97 (button) folded before Flop (didn't bet)
Seat 6: Hero (small blind) folded before Flop


Poker Hand #HD1806659896: Hold'em No Limit ($0.05/$0.1) - 2024/06/08 15:14:29
Table 'NLHRed2' 6-max Seat #4 is the button
Seat 1: 66a3efe2 ($2.13 in chips)
Seat 3: 91b6bf8f ($8.96 in chips)
Seat 4: d8be72a ($16.13 in chips)
Seat 5: f550ff97 ($12.9 in chips)
Seat 6: Hero ($21.43 in chips)
f550ff97: posts small blind $0.05
Hero: posts big blind $0.1
*** HOLE CARDS ***
Dealt to 66a3efe2 
Dealt to 91b6bf8f 
Dealt to d8be72a 
Dealt to f550ff97 
Dealt to Hero [Tc 4c]
66a3efe2: folds
91b6bf8f: folds
d8be72a: raises $0.1 to $0.2
f550ff97: folds
Hero: folds
Uncalled bet ($0.1) returned to d8be72a
*** SHOWDOWN ***
d8be72a collected $0.25 from pot
*** SUMMARY ***
Total pot $0.25 | Rake $0 | Jackpot $0 | Bingo $0 | Fortune $0 | Tax $0
Seat 1: 66a3efe2 folded before Flop (didn't bet)
Seat 3: 91b6bf8f folded before Flop (didn't bet)
Seat 4: d8be72a (button) collected ($0.25)
Seat 5: f550ff97 (small blind) folded before Flop
Seat 6: Hero (big blind) folded before Flop


Poker Hand #HD1806659867: Hold'em No Limit ($0.05/$0.1) - 2024/06/08 15:14:16
Table 'NLHRed2' 6-max Seat #3 is the button
Seat 1: 66a3efe2 ($2.13 in chips)
Seat 3: 91b6bf8f ($8.96 in chips)
Seat 4: d8be72a ($16.18 in chips)
Seat 5: f550ff97 ($12.85 in chips)
Seat 6: Hero ($21.43 in chips)
d8be72a: posts small blind $0.05
f550ff97: posts big blind $0.1
*** HOLE CARDS ***
Dealt to 66a3efe2 
Dealt to 91b6bf8f 
Dealt to d8be72a 
Dealt to f550ff97 
Dealt to Hero [5h Jh]
Hero: folds
66a3efe2: folds
91b6bf8f: folds
d8be72a: folds
Uncalled bet ($0.05) returned to f550ff97
*** SHOWDOWN ***
f550ff97 collected $0.1 from pot
*** SUMMARY ***
Total pot $0.1 | Rake $0 | Jackpot $0 | Bingo $0 | Fortune $0 | Tax $0
Seat 1: 66a3efe2 folded before Flop (didn't bet)
Seat 3: 91b6bf8f (button) folded before Flop (didn't bet)
Seat 4: d8be72a (small blind) folded before Flop
Seat 5: f550ff97 (big blind) collected ($0.1)
Seat 6: Hero folded before Flop (didn't bet)


Poker Hand #HD1806659848: Hold'em No Limit ($0.05/$0.1) - 2024/06/08 15:14:02
Table 'NLHRed2' 6-max Seat #1 is the button
Seat 1: 66a3efe2 ($2.13 in chips)
Seat 3: 91b6bf8f ($9.01 in chips)
Seat 4: d8be72a ($16.13 in chips)
Seat 5: f550ff97 ($12.85 in chips)
Seat 6: Hero ($21.43 in chips)
91b6bf8f: posts small blind $0.05
d8be72a: posts big blind $0.1
*** HOLE CARDS ***
Dealt to 66a3efe2 
Dealt to 91b6bf8f 
Dealt to d8be72a 
Dealt to f550ff97 
Dealt to Hero [3h Qh]
f550ff97: folds
Hero: folds
66a3efe2: folds
91b6bf8f: folds
Uncalled bet ($0.05) returned to d8be72a
*** SHOWDOWN ***
d8be72a collected $0.1 from pot
*** SUMMARY ***
Total pot $0.1 | Rake $0 | Jackpot $0 | Bingo $0 | Fortune $0 | Tax $0
Seat 1: 66a3efe2 (button) folded before Flop (didn't bet)
Seat 3: 91b6bf8f (small blind) folded before Flop
Seat 4: d8be72a (big blind) collected ($0.1)
Seat 5: f550ff97 folded before Flop (didn't bet)
Seat 6: Hero folded before Flop (didn't bet)


Poker Hand #HD1806659729: Hold'em No Limit ($0.05/$0.1) - 2024/06/08 15:12:57
Table 'NLHRed2' 6-max Seat #6 is the button
Seat 1: 66a3efe2 ($3.33 in chips)
Seat 2: 6b5006f1 ($5.4 in chips)
Seat 3: 91b6bf8f ($9.01 in chips)
Seat 4: d8be72a ($16.33 in chips)
Seat 5: f550ff97 ($12.85 in chips)
Seat 6: Hero ($20.06 in chips)
66a3efe2: posts small blind $0.05
6b5006f1: posts big blind $0.1
*** HOLE CARDS ***
Dealt to 66a3efe2 
Dealt to 6b5006f1 
Dealt to 91b6bf8f 
Dealt to d8be72a 
Dealt to f550ff97 
Dealt to Hero [Kd Jc]
91b6bf8f: folds
d8be72a: raises $0.1 to $0.2
f550ff97: folds
Hero: raises $0.4 to $0.6
66a3efe2: calls $0.55
6b5006f1: folds
d8be72a: folds
*** FLOP *** [6h 4s Ks]
66a3efe2: checks
Hero: bets $0.6
66a3efe2: calls $0.6
*** TURN *** [6h 4s Ks] [2c]
66a3efe2: checks
Hero: checks
*** RIVER *** [6h 4s Ks 2c] [Qs]
66a3efe2: checks
Hero: bets $1
66a3efe2: folds
Uncalled bet ($1) returned to Hero
*** SHOWDOWN ***
Hero collected $2.57 from pot
*** SUMMARY ***
Total pot $2.7 | Rake $0.13 | Jackpot $0 | Bingo $0 | Fortune $0 | Tax $0
Board [6h 4s Ks 2c Qs]
Seat 1: 66a3efe2 (small blind) folded on the River
Seat 2: 6b5006f1 (big blind) folded before Flop
Seat 3: 91b6bf8f folded before Flop (didn't bet)
Seat 4: d8be72a folded before Flop
Seat 5: f550ff97 folded before Flop (didn't bet)
Seat 6: Hero (button) won ($2.57)


Poker Hand #HD1806659594: Hold'em No Limit ($0.05/$0.1) - 2024/06/08 15:11:47
Table 'NLHRed2' 6-max Seat #5 is the button
Seat 1: 66a3efe2 ($1.4 in chips)
Seat 2: 6b5006f1 ($6.15 in chips)
Seat 3: 91b6bf8f ($10.41 in chips)
Seat 4: d8be72a ($16.33 in chips)
Seat 5: f550ff97 ($12.85 in chips)
Seat 6: Hero ($20.11 in chips)
Hero: posts small blind $0.05
66a3efe2: posts big blind $0.1
*** HOLE CARDS ***
Dealt to 66a3efe2 
Dealt to 6b5006f1 
Dealt to 91b6bf8f 
Dealt to d8be72a 
Dealt to f550ff97 
Dealt to Hero [Jc 5c]
6b5006f1: raises $0.15 to $0.25
91b6bf8f: calls $0.25
d8be72a: folds
f550ff97: folds
Hero: folds
66a3efe2: calls $0.15
*** FLOP *** [Ac Js 6h]
66a3efe2: checks
6b5006f1: bets $0.5
91b6bf8f: calls $0.5
66a3efe2: calls $0.5
*** TURN *** [Ac Js 6h] [8d]
66a3efe2: checks
6b5006f1: checks
91b6bf8f: checks
*** RIVER *** [Ac Js 6h 8d] [8s]
66a3efe2: bets $0.65 and is all-in
6b5006f1: folds
91b6bf8f: calls $0.65
66a3efe2: shows [6s 8c] (Eights Full over Sixes)
91b6bf8f: shows [Jh Ks] (Pair of Jacks and Pair of Eights)
*** SHOWDOWN ***
66a3efe2 collected $3.33 from pot
*** SUMMARY ***
Total pot $3.6 | Rake $0.17 | Jackpot $0.1 | Bingo $0 | Fortune $0 | Tax $0
Board [Ac Js 6h 8d 8s]
Seat 1: 66a3efe2 (big blind) showed [6s 8c] and won ($3.33) with Eights Full over Sixes
Seat 2: 6b5006f1 folded on the River
Seat 3: 91b6bf8f showed [Jh Ks] and lost with Pair of Jacks and Pair of Eights
Seat 4: d8be72a folded before Flop (didn't bet)
Seat 5: f550ff97 (button) folded before Flop (didn't bet)
Seat 6: Hero (small blind) folded before Flop


Poker Hand #HD1806659536: Hold'em No Limit ($0.05/$0.1) - 2024/06/08 15:11:16
Table 'NLHRed2' 6-max Seat #4 is the button
Seat 1: 66a3efe2 ($1.7 in chips)
Seat 2: 6b5006f1 ($6.15 in chips)
Seat 3: 91b6bf8f ($10 in chips)
Seat 4: d8be72a ($16.33 in chips)
Seat 5: f550ff97 ($12.9 in chips)
Seat 6: Hero ($20.21 in chips)
f550ff97: posts small blind $0.05
Hero: posts big blind $0.1
91b6bf8f: posts big blind $0.1
*** HOLE CARDS ***
Dealt to 66a3efe2 
Dealt to 6b5006f1 
Dealt to 91b6bf8f 
Dealt to d8be72a 
Dealt to f550ff97 
Dealt to Hero [6h 3d]
66a3efe2: calls $0.1
6b5006f1: folds
91b6bf8f: raises $0.2 to $0.3
d8be72a: folds
f550ff97: folds
Hero: folds
66a3efe2: calls $0.2
*** FLOP *** [5d 6c As]
66a3efe2: checks
91b6bf8f: bets $0.42
66a3efe2: folds
Uncalled bet ($0.42) returned to 91b6bf8f
*** SHOWDOWN ***
91b6bf8f collected $0.71 from pot
*** SUMMARY ***
Total pot $0.75 | Rake $0.04 | Jackpot $0 | Bingo $0 | Fortune $0 | Tax $0
Board [5d 6c As]
Seat 1: 66a3efe2 folded on the Flop
Seat 2: 6b5006f1 folded before Flop (didn't bet)
Seat 3: 91b6bf8f won ($0.71)
Seat 4: d8be72a (button) folded before Flop (didn't bet)
Seat 5: f550ff97 (small blind) folded before Flop
Seat 6: Hero (big blind) folded before Flop


Poker Hand #HD1806659450: Hold'em No Limit ($0.05/$0.1) - 2024/06/08 15:10:25
Table 'NLHRed2' 6-max Seat #2 is the button
Seat 1: 66a3efe2 ($2 in chips)
Seat 2: 6b5006f1 ($6.15 in chips)
Seat 4: d8be72a ($16.38 in chips)
Seat 5: f550ff97 ($12.58 in chips)
Seat 6: Hero ($20.21 in chips)
d8be72a: posts small blind $0.05
f550ff97: posts big blind $0.1
66a3efe2: posts big blind $0.1
*** HOLE CARDS ***
Dealt to 66a3efe2 
Dealt to 6b5006f1 
Dealt to d8be72a 
Dealt to f550ff97 
Dealt to Hero [6h 5h]
Hero: folds
66a3efe2: checks
6b5006f1: folds
d8be72a: folds
f550ff97: checks
*** FLOP *** [Qs 2h 7s]
f550ff97: checks
66a3efe2: checks
*** TURN *** [Qs 2h 7s] [Th]
f550ff97: bets $0.2
66a3efe2: calls $0.2
*** RIVER *** [Qs 2h 7s Th] [3c]
f550ff97: bets $0.31
66a3efe2: folds
Uncalled bet ($0.31) returned to f550ff97
*** SHOWDOWN ***
f550ff97 collected $0.62 from pot
*** SUMMARY ***
Total pot $0.65 | Rake $0.03 | Jackpot $0 | Bingo $0 | Fortune $0 | Tax $0
Board [Qs 2h 7s Th 3c]
Seat 1: 66a3efe2 folded on the River
Seat 2: 6b5006f1 (button) folded before Flop (didn't bet)
Seat 4: d8be72a (small blind) folded before Flop
Seat 5: f550ff97 (big blind) won ($0.62)
Seat 6: Hero folded before Flop (didn't bet)


Poker Hand #HD1806659339: Hold'em No Limit ($0.05/$0.1) - 2024/06/08 15:09:25
Table 'NLHRed2' 6-max Seat #6 is the button
Seat 1: 6dffa8df ($10.05 in chips)
Seat 2: 6b5006f1 ($6.25 in chips)
Seat 3: cc57e719 ($6.25 in chips)
Seat 4: d8be72a ($10.7 in chips)
Seat 5: f550ff97 ($12.58 in chips)
Seat 6: Hero ($20.21 in chips)
6dffa8df: posts small blind $0.05
6b5006f1: posts big blind $0.1
*** HOLE CARDS ***
Dealt to 6dffa8df 
Dealt to 6b5006f1 
Dealt to cc57e719 
Dealt to d8be72a 
Dealt to f550ff97 
Dealt to Hero [8d Jc]
cc57e719: raises $0.2 to $0.3
d8be72a: raises $0.6 to $0.9
f550ff97: folds
Hero: folds
6dffa8df: folds
6b5006f1: folds
cc57e719: calls $0.6
*** FLOP *** [9h Jd 6c]
cc57e719: checks
d8be72a: bets $1.1
cc57e719: raises $2.08 to $3.18
d8be72a: raises $6.24 to $9.42
cc57e719: calls $2.17 and is all-in
Uncalled bet ($4.07) returned to d8be72a
d8be72a: shows [9d 6d] (Pair of Nines and Pair of Sixes)
cc57e719: shows [Qd Ts] (Queen-High)
*** FIRST TURN *** [9h Jd 6c] [7c]
*** FIRST RIVER *** [9h Jd 6c 7c] [5c]
*** SECOND TURN *** [9h Jd 6c] [4h]
*** SECOND RIVER *** [9h Jd 6c 4h] [3d]
*** FIRST SHOWDOWN ***
d8be72a collected $5.97 from pot
*** SECOND SHOWDOWN ***
d8be72a collected $5.96 from pot
*** SUMMARY ***
Total pot $12.65 | Rake $0.62 | Jackpot $0.1 | Bingo $0 | Fortune $0 | Tax $0
Hand was run two times
FIRST Board [9h Jd 6c 7c 5c]
SECOND Board [4h 3d]
Seat 1: 6dffa8df (small blind) folded before Flop
Seat 2: 6b5006f1 (big blind) folded before Flop
Seat 3: cc57e719 showed [Qd Ts] and lost with Queen-High, and lost
Seat 4: d8be72a showed [9d 6d] and won ($5.97) with Pair of Nines and Pair of Sixes, and won ($5.96)
Seat 5: f550ff97 folded before Flop (didn't bet)
Seat 6: Hero (button) folded before Flop (didn't bet)


Poker Hand #HD1806659299: Hold'em No Limit ($0.05/$0.1) - 2024/06/08 15:09:02
Table 'NLHRed2' 6-max Seat #5 is the button
Seat 1: 6dffa8df ($10.15 in chips)
Seat 2: 6b5006f1 ($6.25 in chips)
Seat 3: cc57e719 ($6.1 in chips)
Seat 4: d8be72a ($10.7 in chips)
Seat 5: f550ff97 ($12.58 in chips)
Seat 6: Hero ($20.26 in chips)
Hero: posts small blind $0.05
6dffa8df: posts big blind $0.1
*** HOLE CARDS ***
Dealt to 6dffa8df 
Dealt to 6b5006f1 
Dealt to cc57e719 
Dealt to d8be72a 
Dealt to f550ff97 
Dealt to Hero [Qh Js]
6b5006f1: folds
cc57e719: raises $0.2 to $0.3
d8be72a: folds
f550ff97: folds
Hero: folds
6dffa8df: folds
Uncalled bet ($0.2) returned to cc57e719
*** SHOWDOWN ***
cc57e719 collected $0.25 from pot
*** SUMMARY ***
Total pot $0.25 | Rake $0 | Jackpot $0 | Bingo $0 | Fortune $0 | Tax $0
Seat 1: 6dffa8df (big blind) folded before Flop
Seat 2: 6b5006f1 folded before Flop (didn't bet)
Seat 3: cc57e719 collected ($0.25)
Seat 4: d8be72a folded before Flop (didn't bet)
Seat 5: f550ff97 (button) folded before Flop (didn't bet)
Seat 6: Hero (small blind) folded before Flop


Poker Hand #HD1806659254: Hold'em No Limit ($0.05/$0.1) - 2024/06/08 15:08:38
Table 'NLHRed2' 6-max Seat #4 is the button
Seat 1: 6dffa8df ($10.15 in chips)
Seat 2: 6b5006f1 ($6.25 in chips)
Seat 4: d8be72a ($10.7 in chips)
Seat 5: f550ff97 ($12.63 in chips)
Seat 6: Hero ($20.21 in chips)
f550ff97: posts small blind $0.05
Hero: posts big blind $0.1
*** HOLE CARDS ***
Dealt to 6dffa8df 
Dealt to 6b5006f1 
Dealt to d8be72a 
Dealt to f550ff97 
Dealt to Hero [Ah Jh]
6dffa8df: folds
6b5006f1: folds
d8be72a: folds
f550ff97: folds
Uncalled bet ($0.05) returned to Hero
*** SHOWDOWN ***
Hero collected $0.1 from pot
*** SUMMARY ***
Total pot $0.1 | Rake $0 | Jackpot $0 | Bingo $0 | Fortune $0 | Tax $0
Seat 1: 6dffa8df folded before Flop (didn't bet)
Seat 2: 6b5006f1 folded before Flop (didn't bet)
Seat 4: d8be72a (button) folded before Flop (didn't bet)
Seat 5: f550ff97 (small blind) folded before Flop
Seat 6: Hero (big blind) collected ($0.1)


Poker Hand #HD1806659052: Hold'em No Limit ($0.05/$0.1) - 2024/06/08 15:06:41
Table 'NLHRed2' 6-max Seat #2 is the button
Seat 1: 6dffa8df ($10.15 in chips)
Seat 2: 6b5006f1 ($6.65 in chips)
Seat 3: cc57e719 ($7.84 in chips)
Seat 4: d8be72a ($11.57 in chips)
Seat 5: f550ff97 ($12.63 in chips)
Seat 6: Hero ($12.04 in chips)
cc57e719: posts small blind $0.05
d8be72a: posts big blind $0.1
*** HOLE CARDS ***
Dealt to 6dffa8df 
Dealt to 6b5006f1 
Dealt to cc57e719 
Dealt to d8be72a 
Dealt to f550ff97 
Dealt to Hero [Ac Ad]
f550ff97: folds
Hero: raises $0.1 to $0.2
6dffa8df: folds
6b5006f1: calls $0.2
cc57e719: calls $0.15
d8be72a: calls $0.1
*** FLOP *** [2d Kh 2h]
cc57e719: checks
d8be72a: checks
Hero: bets $0.2
6b5006f1: calls $0.2
cc57e719: raises $0.47 to $0.67
d8be72a: calls $0.67
Hero: calls $0.47
6b5006f1: folds
*** TURN *** [2d Kh 2h] [8s]
cc57e719: bets $2.26
d8be72a: folds
Hero: calls $2.26
*** RIVER *** [2d Kh 2h 8s] [4d]
cc57e719: checks
Hero: bets $8.91 and is all-in
cc57e719: calls $4.71 and is all-in
Uncalled bet ($4.2) returned to Hero
Hero: shows [Ac Ad] (Pair of Aces and Pair of Twos)
cc57e719: shows [Kc Td] (Pair of Kings and Pair of Twos)
*** SHOWDOWN ***
Hero collected $16.01 from pot
*** SUMMARY ***
Total pot $16.95 | Rake $0.84 | Jackpot $0.1 | Bingo $0 | Fortune $0 | Tax $0
Board [2d Kh 2h 8s 4d]
Seat 1: 6dffa8df folded before Flop (didn't bet)
Seat 2: 6b5006f1 (button) folded on the Flop
Seat 3: cc57e719 (small blind) showed [Kc Td] and lost with Pair of Kings and Pair of Twos
Seat 4: d8be72a (big blind) folded on the Turn
Seat 5: f550ff97 folded before Flop (didn't bet)
Seat 6: Hero showed [Ac Ad] and won ($16.01) with Pair of Aces and Pair of Twos


Poker Hand #HD1806658994: Hold'em No Limit ($0.05/$0.1) - 2024/06/08 15:06:05
Table 'NLHRed2' 6-max Seat #1 is the button
Seat 1: 6dffa8df ($10.15 in chips)
Seat 2: 6b5006f1 ($6.7 in chips)
Seat 3: cc57e719 ($8.04 in chips)
Seat 4: d8be72a ($11.34 in chips)
Seat 5: f550ff97 ($12.63 in chips)
Seat 6: Hero ($12.04 in chips)
6b5006f1: posts small blind $0.05
cc57e719: posts big blind $0.1
*** HOLE CARDS ***
Dealt to 6dffa8df 
Dealt to 6b5006f1 
Dealt to cc57e719 
Dealt to d8be72a 
Dealt to f550ff97 
Dealt to Hero [Tc 7c]
d8be72a: raises $0.1 to $0.2
f550ff97: folds
Hero: folds
6dffa8df: folds
6b5006f1: folds
cc57e719: calls $0.1
*** FLOP *** [2h 3c Qh]
cc57e719: checks
d8be72a: bets $0.3
cc57e719: folds
Uncalled bet ($0.3) returned to d8be72a
*** SHOWDOWN ***
d8be72a collected $0.43 from pot
*** SUMMARY ***
Total pot $0.45 | Rake $0.02 | Jackpot $0 | Bingo $0 | Fortune $0 | Tax $0
Board [2h 3c Qh]
Seat 1: 6dffa8df (button) folded before Flop (didn't bet)
Seat 2: 6b5006f1 (small blind) folded before Flop
Seat 3: cc57e719 (big blind) folded on the Flop
Seat 4: d8be72a won ($0.43)
Seat 5: f550ff97 folded before Flop (didn't bet)
Seat 6: Hero folded before Flop (didn't bet)


Poker Hand #HD1806658897: Hold'em No Limit ($0.05/$0.1) - 2024/06/08 15:05:13
Table 'NLHRed2' 6-max Seat #6 is the button
Seat 1: 6dffa8df ($10.2 in chips)
Seat 2: 6b5006f1 ($6.8 in chips)
Seat 3: cc57e719 ($6.3 in chips)
Seat 4: d8be72a ($13.22 in chips)
Seat 5: f550ff97 ($12.63 in chips)
Seat 6: Hero ($12.04 in chips)
6dffa8df: posts small blind $0.05
6b5006f1: posts big blind $0.1
*** HOLE CARDS ***
Dealt to 6dffa8df 
Dealt to 6b5006f1 
Dealt to cc57e719 
Dealt to d8be72a 
Dealt to f550ff97 
Dealt to Hero [3s Kc]
cc57e719: raises $0.2 to $0.3
d8be72a: raises $0.6 to $0.9
f550ff97: folds
Hero: folds
6dffa8df: folds
6b5006f1: folds
cc57e719: calls $0.6
*** FLOP *** [4c Jd Tc]
cc57e719: checks
d8be72a: bets $0.98
cc57e719: calls $0.98
*** TURN *** [4c Jd Tc] [7s]
cc57e719: checks
d8be72a: checks
*** RIVER *** [4c Jd Tc 7s] [Ah]
cc57e719: bets $1.3
d8be72a: folds
Uncalled bet ($1.3) returned to cc57e719
*** SHOWDOWN ***
cc57e719 collected $3.62 from pot
*** SUMMARY ***
Total pot $3.91 | Rake $0.19 | Jackpot $0.1 | Bingo $0 | Fortune $0 | Tax $0
Board [4c Jd Tc 7s Ah]
Seat 1: 6dffa8df (small blind) folded before Flop
Seat 2: 6b5006f1 (big blind) folded before Flop
Seat 3: cc57e719 won ($3.62)
Seat 4: d8be72a folded on the River
Seat 5: f550ff97 folded before Flop (didn't bet)
Seat 6: Hero (button) folded before Flop (didn't bet)


Poker Hand #HD1806658840: Hold'em No Limit ($0.05/$0.1) - 2024/06/08 15:04:45
Table 'NLHRed2' 6-max Seat #5 is the button
Seat 1: 6dffa8df ($10.15 in chips)
Seat 2: 6b5006f1 ($6.8 in chips)
Seat 3: cc57e719 ($6.3 in chips)
Seat 4: d8be72a ($13.22 in chips)
Seat 5: f550ff97 ($12.63 in chips)
Seat 6: Hero ($12.09 in chips)
Hero: posts small blind $0.05
6dffa8df: posts big blind $0.1
*** HOLE CARDS ***
Dealt to 6dffa8df 
Dealt to 6b5006f1 
Dealt to cc57e719 
Dealt to d8be72a 
Dealt to f550ff97 
Dealt to Hero [4s 3h]
6b5006f1: folds
cc57e719: folds
d8be72a: folds
f550ff97: folds
Hero: folds
Uncalled bet ($0.05) returned to 6dffa8df
*** SHOWDOWN ***
6dffa8df collected $0.1 from pot
*** SUMMARY ***
Total pot $0.1 | Rake $0 | Jackpot $0 | Bingo $0 | Fortune $0 | Tax $0
Seat 1: 6dffa8df (big blind) collected ($0.1)
Seat 2: 6b5006f1 folded before Flop (didn't bet)
Seat 3: cc57e719 folded before Flop (didn't bet)
Seat 4: d8be72a folded before Flop (didn't bet)
Seat 5: f550ff97 (button) folded before Flop (didn't bet)
Seat 6: Hero (small blind) folded before Flop


Poker Hand #HD1806658820: Hold'em No Limit ($0.05/$0.1) - 2024/06/08 15:04:31
Table 'NLHRed2' 6-max Seat #4 is the button
Seat 1: 6dffa8df ($10 in chips)
Seat 2: 6b5006f1 ($6.8 in chips)
Seat 3: cc57e719 ($6.3 in chips)
Seat 4: d8be72a ($13.22 in chips)
Seat 5: f550ff97 ($12.68 in chips)
Seat 6: Hero ($12.19 in chips)
f550ff97: posts small blind $0.05
Hero: posts big blind $0.1
*** HOLE CARDS ***
Dealt to 6dffa8df 
Dealt to 6b5006f1 
Dealt to cc57e719 
Dealt to d8be72a 
Dealt to f550ff97 
Dealt to Hero [3c 4c]
6dffa8df: raises $0.14 to $0.24
6b5006f1: folds
cc57e719: folds
d8be72a: folds
f550ff97: folds
Hero: folds
Uncalled bet ($0.14) returned to 6dffa8df
*** SHOWDOWN ***
6dffa8df collected $0.25 from pot
*** SUMMARY ***
Total pot $0.25 | Rake $0 | Jackpot $0 | Bingo $0 | Fortune $0 | Tax $0
Seat 1: 6dffa8df collected ($0.25)
Seat 2: 6b5006f1 folded before Flop (didn't bet)
Seat 3: cc57e719 folded before Flop (didn't bet)
Seat 4: d8be72a (button) folded before Flop (didn't bet)
Seat 5: f550ff97 (small blind) folded before Flop
Seat 6: Hero (big blind) folded before Flop


Poker Hand #HD1806658748: Hold'em No Limit ($0.05/$0.1) - 2024/06/08 15:03:55
Table 'NLHRed2' 6-max Seat #3 is the button
Seat 1: 6dffa8df ($10 in chips)
Seat 2: 6b5006f1 ($6.66 in chips)
Seat 3: cc57e719 ($6.3 in chips)
Seat 4: d8be72a ($13.27 in chips)
Seat 5: f550ff97 ($12.78 in chips)
Seat 6: Hero ($12.19 in chips)
d8be72a: posts small blind $0.05
f550ff97: posts big blind $0.1
*** HOLE CARDS ***
Dealt to 6dffa8df 
Dealt to 6b5006f1 
Dealt to cc57e719 
Dealt to d8be72a 
Dealt to f550ff97 
Dealt to Hero [As 3h]
Hero: folds
6dffa8df: folds
6b5006f1: calls $0.1
cc57e719: folds
d8be72a: folds
f550ff97: checks
*** FLOP *** [Ts 3s 2h]
f550ff97: checks
6b5006f1: bets $0.13
f550ff97: folds
Uncalled bet ($0.13) returned to 6b5006f1
*** SHOWDOWN ***
6b5006f1 collected $0.24 from pot
*** SUMMARY ***
Total pot $0.25 | Rake $0.01 | Jackpot $0 | Bingo $0 | Fortune $0 | Tax $0
Board [Ts 3s 2h]
Seat 1: 6dffa8df folded before Flop (didn't bet)
Seat 2: 6b5006f1 won ($0.24)
Seat 3: cc57e719 (button) folded before Flop (didn't bet)
Seat 4: d8be72a (small blind) folded before Flop
Seat 5: f550ff97 (big blind) folded on the Flop
Seat 6: Hero folded before Flop (didn't bet)


Poker Hand #HD1806658658: Hold'em No Limit ($0.05/$0.1) - 2024/06/08 15:03:04
Table 'NLHRed2' 6-max Seat #2 is the button
Seat 1: 6dffa8df ($10 in chips)
Seat 2: 6b5006f1 ($6.04 in chips)
Seat 3: cc57e719 ($6.35 in chips)
Seat 4: d8be72a ($13.9 in chips)
Seat 5: f550ff97 ($12.78 in chips)
Seat 6: Hero ($12.19 in chips)
cc57e719: posts small blind $0.05
d8be72a: posts big blind $0.1
*** HOLE CARDS ***
Dealt to 6dffa8df 
Dealt to 6b5006f1 
Dealt to cc57e719 
Dealt to d8be72a 
Dealt to f550ff97 
Dealt to Hero [Js 5h]
f550ff97: folds
Hero: folds
6dffa8df: folds
6b5006f1: raises $0.2 to $0.3
cc57e719: folds
d8be72a: calls $0.2
*** FLOP *** [9s Ts 8s]
d8be72a: checks
6b5006f1: bets $0.33
d8be72a: calls $0.33
*** TURN *** [9s Ts 8s] [7s]
d8be72a: checks
6b5006f1: checks
*** RIVER *** [9s Ts 8s 7s] [2s]
d8be72a: checks
6b5006f1: checks
d8be72a: shows [Jh Qc] (Ten High Flush)
6b5006f1: shows [5s 6h] (Ten High Flush)
*** SHOWDOWN ***
6b5006f1 collected $1.25 from pot
*** SUMMARY ***
Total pot $1.31 | Rake $0.06 | Jackpot $0 | Bingo $0 | Fortune $0 | Tax $0
Board [9s Ts 8s 7s 2s]
Seat 1: 6dffa8df folded before Flop (didn't bet)
Seat 2: 6b5006f1 (button) showed [5s 6h] and won ($1.25) with Ten High Flush
Seat 3: cc57e719 (small blind) folded before Flop
Seat 4: d8be72a (big blind) showed [Jh Qc] and lost with Ten High Flush
Seat 5: f550ff97 folded before Flop (didn't bet)
Seat 6: Hero folded before Flop (didn't bet)


Poker Hand #HD1806658639: Hold'em No Limit ($0.05/$0.1) - 2024/06/08 15:02:55
Table 'NLHRed2' 6-max Seat #1 is the button
Seat 1: 6dffa8df ($10 in chips)
Seat 2: 6b5006f1 ($6.09 in chips)
Seat 3: cc57e719 ($6.3 in chips)
Seat 5: f550ff97 ($12.78 in chips)
Seat 6: Hero ($12.19 in chips)
6b5006f1: posts small blind $0.05
cc57e719: posts big blind $0.1
*** HOLE CARDS ***
Dealt to 6dffa8df 
Dealt to 6b5006f1 
Dealt to cc57e719 
Dealt to f550ff97 
Dealt to Hero [Jc 4s]
f550ff97: folds
Hero: folds
6dffa8df: folds
6b5006f1: folds
Uncalled bet ($0.05) returned to cc57e719
*** SHOWDOWN ***
cc57e719 collected $0.1 from pot
*** SUMMARY ***
Total pot $0.1 | Rake $0 | Jackpot $0 | Bingo $0 | Fortune $0 | Tax $0
Seat 1: 6dffa8df (button) folded before Flop (didn't bet)
Seat 2: 6b5006f1 (small blind) folded before Flop
Seat 3: cc57e719 (big blind) collected ($0.1)
Seat 5: f550ff97 folded before Flop (didn't bet)
Seat 6: Hero folded before Flop (didn't bet)


Poker Hand #HD1806658529: Hold'em No Limit ($0.05/$0.1) - 2024/06/08 15:01:59
Table 'NLHRed2' 6-max Seat #6 is the button
Seat 1: 6dffa8df ($10 in chips)
Seat 2: 6b5006f1 ($7.2 in chips)
Seat 5: f550ff97 ($12.78 in chips)
Seat 6: Hero ($11.14 in chips)
6dffa8df: posts small blind $0.05
6b5006f1: posts big blind $0.1
*** HOLE CARDS ***
Dealt to 6dffa8df 
Dealt to 6b5006f1 
Dealt to f550ff97 
Dealt to Hero [Jh Ac]
f550ff97: folds
Hero: raises $0.14 to $0.24
6dffa8df: folds
6b5006f1: calls $0.14
*** FLOP *** [5s Ah Qd]
6b5006f1: checks
Hero: checks
*** TURN *** [5s Ah Qd] [7c]
6b5006f1: bets $0.27
Hero: calls $0.27
*** RIVER *** [5s Ah Qd 7c] [Qh]
6b5006f1: bets $0.6
Hero: calls $0.6
6b5006f1: shows [4h Ks] (Pair of Queens)
Hero: shows [Jh Ac] (Pair of Aces and Pair of Queens)
*** SHOWDOWN ***
Hero collected $2.16 from pot
*** SUMMARY ***
Total pot $2.27 | Rake $0.11 | Jackpot $0 | Bingo $0 | Fortune $0 | Tax $0
Board [5s Ah Qd 7c Qh]
Seat 1: 6dffa8df (small blind) folded before Flop
Seat 2: 6b5006f1 (big blind) showed [4h Ks] and lost with Pair of Queens
Seat 5: f550ff97 folded before Flop (didn't bet)
Seat 6: Hero (button) showed [Jh Ac] and won ($2.16) with Pair of Aces and Pair of Queens


Poker Hand #HD1806658492: Hold'em No Limit ($0.05/$0.1) - 2024/06/08 15:01:43
Table 'NLHRed2' 6-max Seat #5 is the button
Seat 1: 6dffa8df ($10 in chips)
Seat 5: f550ff97 ($12.78 in chips)
Seat 6: Hero ($11.04 in chips)
Hero: posts small blind $0.05
6dffa8df: posts big blind $0.1
*** HOLE CARDS ***
Dealt to 6dffa8df 
Dealt to f550ff97 
Dealt to Hero [Ad 3d]
f550ff97: folds
Hero: raises $0.14 to $0.24
6dffa8df: folds
Uncalled bet ($0.14) returned to Hero
*** SHOWDOWN ***
Hero collected $0.2 from pot
*** SUMMARY ***
Total pot $0.2 | Rake $0 | Jackpot $0 | Bingo $0 | Fortune $0 | Tax $0
Seat 1: 6dffa8df (big blind) folded before Flop
Seat 5: f550ff97 (button) folded before Flop (didn't bet)
Seat 6: Hero (small blind) collected ($0.2)


Poker Hand #HD1806658473: Hold'em No Limit ($0.05/$0.1) - 2024/06/08 15:01:33
Table 'NLHRed2' 6-max Seat #1 is the button
Seat 1: 6dffa8df ($10 in chips)
Seat 5: f550ff97 ($12.83 in chips)
Seat 6: Hero ($10.99 in chips)
f550ff97: posts small blind $0.05
Hero: posts big blind $0.1
*** HOLE CARDS ***
Dealt to 6dffa8df 
Dealt to f550ff97 
Dealt to Hero [Qc 7h]
6dffa8df: folds
f550ff97: folds
Uncalled bet ($0.05) returned to Hero
*** SHOWDOWN ***
Hero collected $0.1 from pot
*** SUMMARY ***
Total pot $0.1 | Rake $0 | Jackpot $0 | Bingo $0 | Fortune $0 | Tax $0
Seat 1: 6dffa8df (button) folded before Flop (didn't bet)
Seat 5: f550ff97 (small blind) folded before Flop
Seat 6: Hero (big blind) collected ($0.1)


Poker Hand #HD1806658413: Hold'em No Limit ($0.05/$0.1) - 2024/06/08 15:00:58
Table 'NLHRed2' 6-max Seat #6 is the button
Seat 1: 6dffa8df ($10 in chips)
Seat 5: f550ff97 ($12.38 in chips)
Seat 6: Hero ($10.99 in chips)
6dffa8df: posts small blind $0.05
f550ff97: posts big blind $0.1
*** HOLE CARDS ***
Dealt to 6dffa8df 
Dealt to f550ff97 
Dealt to Hero [7s 3d]
Hero: folds
6dffa8df: raises $0.2 to $0.3
f550ff97: calls $0.2
*** FLOP *** [6d Js 8d]
6dffa8df: bets $0.2
f550ff97: calls $0.2
*** TURN *** [6d Js 8d] [9d]
6dffa8df: checks
f550ff97: checks
*** RIVER *** [6d Js 8d 9d] [Ad]
6dffa8df: checks
f550ff97: checks
6dffa8df: shows [Qc Kh] (Ace-High)
f550ff97: shows [9c 7c] (Pair of Nines)
*** SHOWDOWN ***
f550ff97 collected $0.95 from pot
*** SUMMARY ***
Total pot $1 | Rake $0.05 | Jackpot $0 | Bingo $0 | Fortune $0 | Tax $0
Board [6d Js 8d 9d Ad]
Seat 1: 6dffa8df (small blind) showed [Qc Kh] and lost with Ace-High
Seat 5: f550ff97 (big blind) showed [9c 7c] and won ($0.95) with Pair of Nines
Seat 6: Hero (button) folded before Flop (didn't bet)


Poker Hand #HD1806658305: Hold'em No Limit ($0.05/$0.1) - 2024/06/08 14:59:55
Table 'NLHRed2' 6-max Seat #5 is the button
Seat 1: 6dffa8df ($10 in chips)
Seat 3: ded848ef ($16.2 in chips)
Seat 5: f550ff97 ($12.38 in chips)
Seat 6: Hero ($10 in chips)
Hero: posts small blind $0.05
6dffa8df: posts big blind $0.1
*** HOLE CARDS ***
Dealt to 6dffa8df 
Dealt to ded848ef 
Dealt to f550ff97 
Dealt to Hero [As 5h]
ded848ef: folds
f550ff97: folds
Hero: raises $0.14 to $0.24
6dffa8df: calls $0.14
*** FLOP *** [8d 9c 9s]
Hero: checks
6dffa8df: bets $0.1
Hero: calls $0.1
*** TURN *** [8d 9c 9s] [8s]
Hero: checks
6dffa8df: checks
*** RIVER *** [8d 9c 9s 8s] [3d]
Hero: checks
6dffa8df: bets $0.75
Hero: calls $0.75
6dffa8df: shows [2c 3c] (Pair of Nines and Pair of Eights)
Hero: shows [As 5h] (Pair of Nines and Pair of Eights)
*** SHOWDOWN ***
Hero collected $2.08 from pot
*** SUMMARY ***
Total pot $2.18 | Rake $0.1 | Jackpot $0 | Bingo $0 | Fortune $0 | Tax $0
Board [8d 9c 9s 8s 3d]
Seat 1: 6dffa8df (big blind) showed [2c 3c] and lost with Pair of Nines and Pair of Eights
Seat 3: ded848ef folded before Flop (didn't bet)
Seat 5: f550ff97 (button) folded before Flop (didn't bet)
Seat 6: Hero (small blind) showed [As 5h] and won ($2.08) with Pair of Nines and Pair of Eights


Poker Hand #HD1806658255: Hold'em No Limit ($0.05/$0.1) - 2024/06/08 14:59:24
Table 'NLHRed2' 6-max Seat #3 is the button
Seat 1: 6dffa8df ($10 in chips)
Seat 3: ded848ef ($16.2 in chips)
Seat 5: f550ff97 ($12.2 in chips)
Seat 6: Hero ($10 in chips)
f550ff97: posts small blind $0.05
Hero: posts big blind $0.1
*** HOLE CARDS ***
Dealt to 6dffa8df 
Dealt to ded848ef 
Dealt to f550ff97 
Dealt to Hero [6d Jd]
6dffa8df: folds
ded848ef: folds
f550ff97: raises $0.1 to $0.2
Hero: calls $0.1
*** FLOP *** [8h 4h 4c]
f550ff97: bets $0.2
Hero: folds
Uncalled bet ($0.2) returned to f550ff97
*** SHOWDOWN ***
f550ff97 collected $0.38 from pot
*** SUMMARY ***
Total pot $0.4 | Rake $0.02 | Jackpot $0 | Bingo $0 | Fortune $0 | Tax $0
Board [8h 4h 4c]
Seat 1: 6dffa8df folded before Flop (didn't bet)
Seat 3: ded848ef (button) folded before Flop (didn't bet)
Seat 5: f550ff97 (small blind) won ($0.38)
Seat 6: Hero (big blind) folded on the Flop


Poker Hand #HD1806658222: Hold'em No Limit ($0.05/$0.1) - 2024/06/08 14:59:02
Table 'NLHRed2' 6-max Seat #1 is the button
Seat 1: 6dffa8df ($10 in chips)
Seat 3: ded848ef ($15.88 in chips)
Seat 5: f550ff97 ($12.3 in chips)
Seat 6: Hero ($10 in chips)
ded848ef: posts small blind $0.05
f550ff97: posts big blind $0.1
*** HOLE CARDS ***
Dealt to 6dffa8df 
Dealt to ded848ef 
Dealt to f550ff97 
Dealt to Hero [7h 8h]
Hero: raises $0.14 to $0.24
6dffa8df: folds
ded848ef: raises $1.01 to $1.25
f550ff97: folds
Hero: folds
Uncalled bet ($1.01) returned to ded848ef
*** SHOWDOWN ***
ded848ef collected $0.56 from pot
*** SUMMARY ***
Total pot $0.58 | Rake $0.02 | Jackpot $0 | Bingo $0 | Fortune $0 | Tax $0
Seat 1: 6dffa8df (button) folded before Flop (didn't bet)
Seat 3: ded848ef (small blind) collected ($0.56)
Seat 5: f550ff97 (big blind) folded before Flop
Seat 6: Hero folded before Flop


Poker Hand #HD1806658199: Hold'em No Limit ($0.05/$0.1) - 2024/06/08 14:58:50
Table 'NLHRed2' 6-max Seat #6 is the button
Seat 1: 6dffa8df ($10 in chips)
Seat 3: ded848ef ($15.98 in chips)
Seat 4: d8be72a ($13.75 in chips)
Seat 5: f550ff97 ($12.3 in chips)
Seat 6: Hero ($10 in chips)
6dffa8df: posts small blind $0.05
ded848ef: posts big blind $0.1
*** HOLE CARDS ***
Dealt to 6dffa8df 
Dealt to ded848ef 
Dealt to d8be72a 
Dealt to f550ff97 
Dealt to Hero [Qh 5h]
d8be72a: raises $0.1 to $0.2
f550ff97: folds
Hero: folds
6dffa8df: folds
ded848ef: folds
Uncalled bet ($0.1) returned to d8be72a
*** SHOWDOWN ***
d8be72a collected $0.25 from pot
*** SUMMARY ***
Total pot $0.25 | Rake $0 | Jackpot $0 | Bingo $0 | Fortune $0 | Tax $0
Seat 1: 6dffa8df (small blind) folded before Flop
Seat 3: ded848ef (big blind) folded before Flop
Seat 4: d8be72a collected ($0.25)
Seat 5: f550ff97 folded before Flop (didn't bet)
Seat 6: Hero (button) folded before Flop (didn't bet)


Poker Hand #HD1806658145: Hold'em No Limit ($0.05/$0.1) - 2024/06/08 14:58:24
Table 'NLHRed2' 6-max Seat #5 is the button
Seat 1: 6dffa8df ($10 in chips)
Seat 3: ded848ef ($15.83 in chips)
Seat 4: d8be72a ($13.75 in chips)
Seat 5: f550ff97 ($12.3 in chips)
Seat 6: Hero ($10.05 in chips)
Hero: posts small blind $0.05
6dffa8df: posts big blind $0.1
*** HOLE CARDS ***
Dealt to 6dffa8df 
Dealt to ded848ef 
Dealt to d8be72a 
Dealt to f550ff97 
Dealt to Hero [Ah 2c]
ded848ef: raises $0.15 to $0.25
d8be72a: folds
f550ff97: folds
Hero: folds
6dffa8df: folds
Uncalled bet ($0.15) returned to ded848ef
*** SHOWDOWN ***
ded848ef collected $0.25 from pot
*** SUMMARY ***
Total pot $0.25 | Rake $0 | Jackpot $0 | Bingo $0 | Fortune $0 | Tax $0
Seat 1: 6dffa8df (big blind) folded before Flop
Seat 3: ded848ef collected ($0.25)
Seat 4: d8be72a folded before Flop (didn't bet)
Seat 5: f550ff97 (button) folded before Flop (didn't bet)
Seat 6: Hero (small blind) folded before Flop


Poker Hand #HD1806658122: Hold'em No Limit ($0.05/$0.1) - 2024/06/08 14:58:14
Table 'NLHRed2' 6-max Seat #4 is the button
Seat 3: ded848ef ($15.83 in chips)
Seat 4: d8be72a ($13.75 in chips)
Seat 5: f550ff97 ($12.35 in chips)
Seat 6: Hero ($10 in chips)
f550ff97: posts small blind $0.05
Hero: posts big blind $0.1
*** HOLE CARDS ***
Dealt to ded848ef 
Dealt to d8be72a 
Dealt to f550ff97 
Dealt to Hero [3d 4h]
ded848ef: folds
d8be72a: folds
f550ff97: folds
Uncalled bet ($0.05) returned to Hero
*** SHOWDOWN ***
Hero collected $0.1 from pot
*** SUMMARY ***
Total pot $0.1 | Rake $0 | Jackpot $0 | Bingo $0 | Fortune $0 | Tax $0
Seat 3: ded848ef folded before Flop (didn't bet)
Seat 4: d8be72a (button) folded before Flop (didn't bet)
Seat 5: f550ff97 (small blind) folded before Flop
Seat 6: Hero (big blind) collected ($0.1)


