Poker Hand #HD1780752686: Hold'em No Limit ($0.05/$0.1) - 2024/05/20 18:20:41
Table 'NLHRed42' 6-max Seat #3 is the button
Seat 1: Hero ($10 in chips)
Seat 2: 8ce9d013 ($4.9 in chips)
Seat 3: 2a5466a9 ($14.1 in chips)
Seat 4: 42603520 ($14.18 in chips)
Seat 5: e77b4f3f ($6.07 in chips)
Seat 6: b09f1b9 ($19.37 in chips)
42603520: posts small blind $0.05
e77b4f3f: posts big blind $0.1
*** HOLE CARDS ***
Dealt to Hero [Th Js]
Dealt to 8ce9d013 
Dealt to 2a5466a9 
Dealt to 42603520 
Dealt to e77b4f3f 
Dealt to b09f1b9 
b09f1b9: folds
Hero: folds
8ce9d013: folds
2a5466a9: folds
42603520: calls $0.05
e77b4f3f: checks
*** FLOP *** [Kh Jc Td]
42603520: checks
e77b4f3f: checks
*** TURN *** [Kh Jc Td] [Jd]
42603520: checks
e77b4f3f: checks
*** RIVER *** [Kh Jc Td Jd] [5c]
42603520: checks
e77b4f3f: checks
42603520: shows [2c 2s] (Pair of Jacks and Pair of Twos)
e77b4f3f: shows [Ah 8d] (Pair of Jacks)
*** SHOWDOWN ***
42603520 collected $0.19 from pot
*** SUMMARY ***
Total pot $0.2 | Rake $0.01 | Jackpot $0 | Bingo $0 | Fortune $0 | Tax $0
Board [Kh Jc Td Jd 5c]
Seat 1: Hero folded before Flop (didn't bet)
Seat 2: 8ce9d013 folded before Flop (didn't bet)
Seat 3: 2a5466a9 (button) folded before Flop (didn't bet)
Seat 4: 42603520 (small blind) showed [2c 2s] and won ($0.19) with Pair of Jacks and Pair of Twos
Seat 5: e77b4f3f (big blind) showed [Ah 8d] and lost with Pair of Jacks
Seat 6: b09f1b9 folded before Flop (didn't bet)


Poker Hand #HD1780752553: Hold'em No Limit ($0.05/$0.1) - 2024/05/20 18:19:46
Table 'NLHRed42' 6-max Seat #2 is the button
Seat 1: Hero ($10 in chips)
Seat 2: 8ce9d013 ($5.1 in chips)
Seat 3: 2a5466a9 ($14.15 in chips)
Seat 4: 42603520 ($14.28 in chips)
Seat 5: e77b4f3f ($5.55 in chips)
Seat 6: b09f1b9 ($19.57 in chips)
2a5466a9: posts small blind $0.05
42603520: posts big blind $0.1
*** HOLE CARDS ***
Dealt to Hero [8c 5h]
Dealt to 8ce9d013 
Dealt to 2a5466a9 
Dealt to 42603520 
Dealt to e77b4f3f 
Dealt to b09f1b9 
e77b4f3f: raises $0.1 to $0.2
b09f1b9: calls $0.2
Hero: folds
8ce9d013: calls $0.2
2a5466a9: folds
42603520: folds
*** FLOP *** [7d Ah 4c]
e77b4f3f: bets $0.75
b09f1b9: folds
8ce9d013: folds
Uncalled bet ($0.75) returned to e77b4f3f
*** SHOWDOWN ***
e77b4f3f collected $0.72 from pot
*** SUMMARY ***
Total pot $0.75 | Rake $0.03 | Jackpot $0 | Bingo $0 | Fortune $0 | Tax $0
Board [7d Ah 4c]
Seat 1: Hero folded before Flop (didn't bet)
Seat 2: 8ce9d013 (button) folded on the Flop
Seat 3: 2a5466a9 (small blind) folded before Flop
Seat 4: 42603520 (big blind) folded before Flop
Seat 5: e77b4f3f won ($0.72)
Seat 6: b09f1b9 folded on the Flop


Poker Hand #HD1780752507: Hold'em No Limit ($0.05/$0.1) - 2024/05/20 18:19:29
Table 'NLHRed42' 6-max Seat #1 is the button
Seat 1: Hero ($10 in chips)
Seat 2: 8ce9d013 ($5.15 in chips)
Seat 3: 2a5466a9 ($14.1 in chips)
Seat 5: e77b4f3f ($5.55 in chips)
Seat 6: b09f1b9 ($19.57 in chips)
8ce9d013: posts small blind $0.05
2a5466a9: posts big blind $0.1
*** HOLE CARDS ***
Dealt to Hero [2c Jc]
Dealt to 8ce9d013 
Dealt to 2a5466a9 
Dealt to e77b4f3f 
Dealt to b09f1b9 
e77b4f3f: folds
b09f1b9: folds
Hero: folds
8ce9d013: folds
Uncalled bet ($0.05) returned to 2a5466a9
*** SHOWDOWN ***
2a5466a9 collected $0.1 from pot
*** SUMMARY ***
Total pot $0.1 | Rake $0 | Jackpot $0 | Bingo $0 | Fortune $0 | Tax $0
Seat 1: Hero (button) folded before Flop (didn't bet)
Seat 2: 8ce9d013 (small blind) folded before Flop
Seat 3: 2a5466a9 (big blind) collected ($0.1)
Seat 5: e77b4f3f folded before Flop (didn't bet)
Seat 6: b09f1b9 folded before Flop (didn't bet)


Poker Hand #HD1780752476: Hold'em No Limit ($0.05/$0.1) - 2024/05/20 18:19:15
Table 'NLHRed42' 6-max Seat #6 is the button
Seat 1: Hero ($10.02 in chips)
Seat 2: 8ce9d013 ($5.1 in chips)
Seat 3: 2a5466a9 ($14.1 in chips)
Seat 5: e77b4f3f ($5.55 in chips)
Seat 6: b09f1b9 ($19.57 in chips)
Hero: posts small blind $0.05
8ce9d013: posts big blind $0.1
*** HOLE CARDS ***
Dealt to Hero [7s 3h]
Dealt to 8ce9d013 
Dealt to 2a5466a9 
Dealt to e77b4f3f 
Dealt to b09f1b9 
2a5466a9: folds
e77b4f3f: folds
b09f1b9: folds
Hero: folds
Uncalled bet ($0.05) returned to 8ce9d013
*** SHOWDOWN ***
8ce9d013 collected $0.1 from pot
*** SUMMARY ***
Total pot $0.1 | Rake $0 | Jackpot $0 | Bingo $0 | Fortune $0 | Tax $0
Seat 1: Hero (small blind) folded before Flop
Seat 2: 8ce9d013 (big blind) collected ($0.1)
Seat 3: 2a5466a9 folded before Flop (didn't bet)
Seat 5: e77b4f3f folded before Flop (didn't bet)
Seat 6: b09f1b9 (button) folded before Flop (didn't bet)


Poker Hand #HD1780752392: Hold'em No Limit ($0.05/$0.1) - 2024/05/20 18:18:39
Table 'NLHRed42' 6-max Seat #5 is the button
Seat 1: Hero ($10.12 in chips)
Seat 2: 8ce9d013 ($5.2 in chips)
Seat 3: 2a5466a9 ($14.1 in chips)
Seat 5: e77b4f3f ($5.75 in chips)
Seat 6: b09f1b9 ($19.2 in chips)
b09f1b9: posts small blind $0.05
Hero: posts big blind $0.1
8ce9d013: posts big blind $0.1
*** HOLE CARDS ***
Dealt to Hero [3h 4d]
Dealt to 8ce9d013 
Dealt to 2a5466a9 
Dealt to e77b4f3f 
Dealt to b09f1b9 
8ce9d013: checks
2a5466a9: folds
e77b4f3f: raises $0.1 to $0.2
b09f1b9: calls $0.15
Hero: folds
8ce9d013: folds
*** FLOP *** [Kc 7h 5d]
b09f1b9: checks
e77b4f3f: checks
*** TURN *** [Kc 7h 5d] [4s]
b09f1b9: bets $0.6
e77b4f3f: folds
Uncalled bet ($0.6) returned to b09f1b9
*** SHOWDOWN ***
b09f1b9 collected $0.57 from pot
*** SUMMARY ***
Total pot $0.6 | Rake $0.03 | Jackpot $0 | Bingo $0 | Fortune $0 | Tax $0
Board [Kc 7h 5d 4s]
Seat 1: Hero (big blind) folded before Flop
Seat 2: 8ce9d013 folded before Flop
Seat 3: 2a5466a9 folded before Flop (didn't bet)
Seat 5: e77b4f3f (button) folded on the Turn
Seat 6: b09f1b9 (small blind) won ($0.57)


Poker Hand #HD1780752276: Hold'em No Limit ($0.05/$0.1) - 2024/05/20 18:17:44
Table 'NLHRed42' 6-max Seat #3 is the button
Seat 1: Hero ($10.12 in chips)
Seat 3: 2a5466a9 ($14.1 in chips)
Seat 5: e77b4f3f ($4.8 in chips)
Seat 6: b09f1b9 ($20.25 in chips)
e77b4f3f: posts small blind $0.05
b09f1b9: posts big blind $0.1
*** HOLE CARDS ***
Dealt to Hero [Qh 9d]
Dealt to 2a5466a9 
Dealt to e77b4f3f 
Dealt to b09f1b9 
Hero: folds
2a5466a9: folds
e77b4f3f: raises $0.1 to $0.2
b09f1b9: calls $0.1
*** FLOP *** [7d 3s 6c]
e77b4f3f: bets $0.85
b09f1b9: calls $0.85
*** TURN *** [7d 3s 6c] [8c]
e77b4f3f: bets $3.75 and is all-in
b09f1b9: folds
Uncalled bet ($3.75) returned to e77b4f3f
*** SHOWDOWN ***
e77b4f3f collected $2 from pot
*** SUMMARY ***
Total pot $2.1 | Rake $0.1 | Jackpot $0 | Bingo $0 | Fortune $0 | Tax $0
Board [7d 3s 6c 8c]
Seat 1: Hero folded before Flop (didn't bet)
Seat 3: 2a5466a9 (button) folded before Flop (didn't bet)
Seat 5: e77b4f3f (small blind) won ($2)
Seat 6: b09f1b9 (big blind) folded on the Turn


Poker Hand #HD1780752141: Hold'em No Limit ($0.05/$0.1) - 2024/05/20 18:16:50
Table 'NLHRed42' 6-max Seat #1 is the button
Seat 1: Hero ($10.12 in chips)
Seat 3: 2a5466a9 ($12.39 in chips)
Seat 5: e77b4f3f ($4.9 in chips)
Seat 6: b09f1b9 ($22.15 in chips)
2a5466a9: posts small blind $0.05
e77b4f3f: posts big blind $0.1
*** HOLE CARDS ***
Dealt to Hero [Js 9d]
Dealt to 2a5466a9 
Dealt to e77b4f3f 
Dealt to b09f1b9 
b09f1b9: raises $0.1 to $0.2
Hero: folds
2a5466a9: raises $0.7 to $0.9
e77b4f3f: folds
b09f1b9: calls $0.7
*** FLOP *** [6c Qs 2d]
2a5466a9: bets $1
b09f1b9: calls $1
*** TURN *** [6c Qs 2d] [4h]
2a5466a9: bets $2.5
b09f1b9: folds
Uncalled bet ($2.5) returned to 2a5466a9
*** SHOWDOWN ***
2a5466a9 collected $3.61 from pot
*** SUMMARY ***
Total pot $3.9 | Rake $0.19 | Jackpot $0.1 | Bingo $0 | Fortune $0 | Tax $0
Board [6c Qs 2d 4h]
Seat 1: Hero (button) folded before Flop (didn't bet)
Seat 3: 2a5466a9 (small blind) won ($3.61)
Seat 5: e77b4f3f (big blind) folded before Flop
Seat 6: b09f1b9 folded on the Turn


Poker Hand #HD1780752131: Hold'em No Limit ($0.05/$0.1) - 2024/05/20 18:16:45
Table 'NLHRed42' 6-max Seat #6 is the button
Seat 1: Hero ($10.17 in chips)
Seat 3: 2a5466a9 ($12.34 in chips)
Seat 6: b09f1b9 ($22.15 in chips)
Hero: posts small blind $0.05
2a5466a9: posts big blind $0.1
*** HOLE CARDS ***
Dealt to Hero [4c 9c]
Dealt to 2a5466a9 
Dealt to b09f1b9 
b09f1b9: folds
Hero: folds
Uncalled bet ($0.05) returned to 2a5466a9
*** SHOWDOWN ***
2a5466a9 collected $0.1 from pot
*** SUMMARY ***
Total pot $0.1 | Rake $0 | Jackpot $0 | Bingo $0 | Fortune $0 | Tax $0
Seat 1: Hero (small blind) folded before Flop
Seat 3: 2a5466a9 (big blind) collected ($0.1)
Seat 6: b09f1b9 (button) folded before Flop (didn't bet)


Poker Hand #HD1780752119: Hold'em No Limit ($0.05/$0.1) - 2024/05/20 18:16:37
Table 'NLHRed42' 6-max Seat #3 is the button
Seat 1: Hero ($10.12 in chips)
Seat 3: 2a5466a9 ($12.34 in chips)
Seat 6: b09f1b9 ($22.2 in chips)
b09f1b9: posts small blind $0.05
Hero: posts big blind $0.1
*** HOLE CARDS ***
Dealt to Hero [Kc 8h]
Dealt to 2a5466a9 
Dealt to b09f1b9 
2a5466a9: folds
b09f1b9: folds
Uncalled bet ($0.05) returned to Hero
*** SHOWDOWN ***
Hero collected $0.1 from pot
*** SUMMARY ***
Total pot $0.1 | Rake $0 | Jackpot $0 | Bingo $0 | Fortune $0 | Tax $0
Seat 1: Hero (big blind) collected ($0.1)
Seat 3: 2a5466a9 (button) folded before Flop (didn't bet)
Seat 6: b09f1b9 (small blind) folded before Flop


Poker Hand #HD1780752099: Hold'em No Limit ($0.05/$0.1) - 2024/05/20 18:16:30
Table 'NLHRed42' 6-max Seat #1 is the button
Seat 1: Hero ($10.12 in chips)
Seat 3: 2a5466a9 ($12.39 in chips)
Seat 6: b09f1b9 ($22.15 in chips)
2a5466a9: posts small blind $0.05
b09f1b9: posts big blind $0.1
*** HOLE CARDS ***
Dealt to Hero [8s Qc]
Dealt to 2a5466a9 
Dealt to b09f1b9 
Hero: folds
2a5466a9: folds
Uncalled bet ($0.05) returned to b09f1b9
*** SHOWDOWN ***
b09f1b9 collected $0.1 from pot
*** SUMMARY ***
Total pot $0.1 | Rake $0 | Jackpot $0 | Bingo $0 | Fortune $0 | Tax $0
Seat 1: Hero (button) folded before Flop (didn't bet)
Seat 3: 2a5466a9 (small blind) folded before Flop
Seat 6: b09f1b9 (big blind) collected ($0.1)


Poker Hand #HD1780752052: Hold'em No Limit ($0.05/$0.1) - 2024/05/20 18:16:09
Table 'NLHRed42' 6-max Seat #6 is the button
Seat 1: Hero ($10.17 in chips)
Seat 3: 2a5466a9 ($12.49 in chips)
Seat 6: b09f1b9 ($22 in chips)
Hero: posts small blind $0.05
2a5466a9: posts big blind $0.1
*** HOLE CARDS ***
Dealt to Hero [2d Ks]
Dealt to 2a5466a9 
Dealt to b09f1b9 
b09f1b9: raises $0.1 to $0.2
Hero: folds
2a5466a9: folds
Uncalled bet ($0.1) returned to b09f1b9
*** SHOWDOWN ***
b09f1b9 collected $0.25 from pot
*** SUMMARY ***
Total pot $0.25 | Rake $0 | Jackpot $0 | Bingo $0 | Fortune $0 | Tax $0
Seat 1: Hero (small blind) folded before Flop
Seat 3: 2a5466a9 (big blind) folded before Flop
Seat 6: b09f1b9 (button) collected ($0.25)


Poker Hand #HD1780752035: Hold'em No Limit ($0.05/$0.1) - 2024/05/20 18:15:58
Table 'NLHRed42' 6-max Seat #3 is the button
Seat 1: Hero ($10.12 in chips)
Seat 3: 2a5466a9 ($12.49 in chips)
Seat 6: b09f1b9 ($22.05 in chips)
b09f1b9: posts small blind $0.05
Hero: posts big blind $0.1
*** HOLE CARDS ***
Dealt to Hero [Kd Ah]
Dealt to 2a5466a9 
Dealt to b09f1b9 
2a5466a9: folds
b09f1b9: folds
Uncalled bet ($0.05) returned to Hero
*** SHOWDOWN ***
Hero collected $0.1 from pot
*** SUMMARY ***
Total pot $0.1 | Rake $0 | Jackpot $0 | Bingo $0 | Fortune $0 | Tax $0
Seat 1: Hero (big blind) collected ($0.1)
Seat 3: 2a5466a9 (button) folded before Flop (didn't bet)
Seat 6: b09f1b9 (small blind) folded before Flop


Poker Hand #HD1780752016: Hold'em No Limit ($0.05/$0.1) - 2024/05/20 18:15:47
Table 'NLHRed42' 6-max Seat #1 is the button
Seat 1: Hero ($10.12 in chips)
Seat 3: 2a5466a9 ($12.39 in chips)
Seat 6: b09f1b9 ($22.15 in chips)
2a5466a9: posts small blind $0.05
b09f1b9: posts big blind $0.1
*** HOLE CARDS ***
Dealt to Hero [3c 6s]
Dealt to 2a5466a9 
Dealt to b09f1b9 
Hero: folds
2a5466a9: raises $0.2 to $0.3
b09f1b9: folds
Uncalled bet ($0.2) returned to 2a5466a9
*** SHOWDOWN ***
2a5466a9 collected $0.2 from pot
*** SUMMARY ***
Total pot $0.2 | Rake $0 | Jackpot $0 | Bingo $0 | Fortune $0 | Tax $0
Seat 1: Hero (button) folded before Flop (didn't bet)
Seat 3: 2a5466a9 (small blind) collected ($0.2)
Seat 6: b09f1b9 (big blind) folded before Flop


Poker Hand #HD1780751980: Hold'em No Limit ($0.05/$0.1) - 2024/05/20 18:15:35
Table 'NLHRed42' 6-max Seat #3 is the button
Seat 1: Hero ($10.22 in chips)
Seat 3: 2a5466a9 ($12.29 in chips)
2a5466a9: posts small blind $0.05
Hero: posts big blind $0.1
*** HOLE CARDS ***
Dealt to Hero [3c Kh]
Dealt to 2a5466a9 
2a5466a9: raises $0.2 to $0.3
Hero: folds
Uncalled bet ($0.2) returned to 2a5466a9
*** SHOWDOWN ***
2a5466a9 collected $0.2 from pot
*** SUMMARY ***
Total pot $0.2 | Rake $0 | Jackpot $0 | Bingo $0 | Fortune $0 | Tax $0
Seat 1: Hero (big blind) folded before Flop
Seat 3: 2a5466a9 (small blind) collected ($0.2)


Poker Hand #HD1780751951: Hold'em No Limit ($0.05/$0.1) - 2024/05/20 18:15:23
Table 'NLHRed42' 6-max Seat #1 is the button
Seat 1: Hero ($10.27 in chips)
Seat 3: 2a5466a9 ($12.24 in chips)
Hero: posts small blind $0.05
2a5466a9: posts big blind $0.1
*** HOLE CARDS ***
Dealt to Hero [5c 8h]
Dealt to 2a5466a9 
Hero: folds
Uncalled bet ($0.05) returned to 2a5466a9
*** SHOWDOWN ***
2a5466a9 collected $0.1 from pot
*** SUMMARY ***
Total pot $0.1 | Rake $0 | Jackpot $0 | Bingo $0 | Fortune $0 | Tax $0
Seat 1: Hero (small blind) folded before Flop
Seat 3: 2a5466a9 (big blind) collected ($0.1)


Poker Hand #HD1780751917: Hold'em No Limit ($0.05/$0.1) - 2024/05/20 18:15:11
Table 'NLHRed42' 6-max Seat #3 is the button
Seat 1: Hero ($10.37 in chips)
Seat 2: 5fbf153f ($23.35 in chips)
Seat 3: 2a5466a9 ($12.09 in chips)
Seat 5: 3bc09879 ($8.66 in chips)
3bc09879: posts small blind $0.05
Hero: posts big blind $0.1
*** HOLE CARDS ***
Dealt to Hero [Jc 7d]
Dealt to 5fbf153f 
Dealt to 2a5466a9 
Dealt to 3bc09879 
5fbf153f: folds
2a5466a9: raises $0.12 to $0.22
3bc09879: folds
Hero: folds
Uncalled bet ($0.12) returned to 2a5466a9
*** SHOWDOWN ***
2a5466a9 collected $0.25 from pot
*** SUMMARY ***
Total pot $0.25 | Rake $0 | Jackpot $0 | Bingo $0 | Fortune $0 | Tax $0
Seat 1: Hero (big blind) folded before Flop
Seat 2: 5fbf153f folded before Flop (didn't bet)
Seat 3: 2a5466a9 (button) collected ($0.25)
Seat 5: 3bc09879 (small blind) folded before Flop


Poker Hand #HD1780751889: Hold'em No Limit ($0.05/$0.1) - 2024/05/20 18:15:00
Table 'NLHRed42' 6-max Seat #2 is the button
Seat 1: Hero ($10.37 in chips)
Seat 2: 5fbf153f ($23.35 in chips)
Seat 3: 2a5466a9 ($12.14 in chips)
Seat 5: 3bc09879 ($8.61 in chips)
2a5466a9: posts small blind $0.05
3bc09879: posts big blind $0.1
*** HOLE CARDS ***
Dealt to Hero [6c Tc]
Dealt to 5fbf153f 
Dealt to 2a5466a9 
Dealt to 3bc09879 
Hero: folds
5fbf153f: folds
2a5466a9: folds
Uncalled bet ($0.05) returned to 3bc09879
*** SHOWDOWN ***
3bc09879 collected $0.1 from pot
*** SUMMARY ***
Total pot $0.1 | Rake $0 | Jackpot $0 | Bingo $0 | Fortune $0 | Tax $0
Seat 1: Hero folded before Flop (didn't bet)
Seat 2: 5fbf153f (button) folded before Flop (didn't bet)
Seat 3: 2a5466a9 (small blind) folded before Flop
Seat 5: 3bc09879 (big blind) collected ($0.1)


Poker Hand #HD1780751867: Hold'em No Limit ($0.05/$0.1) - 2024/05/20 18:14:51
Table 'NLHRed42' 6-max Seat #1 is the button
Seat 1: Hero ($10.37 in chips)
Seat 2: 5fbf153f ($23.4 in chips)
Seat 3: 2a5466a9 ($12.09 in chips)
Seat 5: 3bc09879 ($8.61 in chips)
5fbf153f: posts small blind $0.05
2a5466a9: posts big blind $0.1
*** HOLE CARDS ***
Dealt to Hero [8h 7s]
Dealt to 5fbf153f 
Dealt to 2a5466a9 
Dealt to 3bc09879 
3bc09879: folds
Hero: folds
5fbf153f: folds
Uncalled bet ($0.05) returned to 2a5466a9
*** SHOWDOWN ***
2a5466a9 collected $0.1 from pot
*** SUMMARY ***
Total pot $0.1 | Rake $0 | Jackpot $0 | Bingo $0 | Fortune $0 | Tax $0
Seat 1: Hero (button) folded before Flop (didn't bet)
Seat 2: 5fbf153f (small blind) folded before Flop
Seat 3: 2a5466a9 (big blind) collected ($0.1)
Seat 5: 3bc09879 folded before Flop (didn't bet)


Poker Hand #HD1780751797: Hold'em No Limit ($0.05/$0.1) - 2024/05/20 18:14:23
Table 'NLHRed42' 6-max Seat #6 is the button
Seat 1: Hero ($10.42 in chips)
Seat 2: 5fbf153f ($23.35 in chips)
Seat 3: 2a5466a9 ($12.09 in chips)
Seat 5: 3bc09879 ($8.61 in chips)
Seat 6: b09f1b9 ($22.15 in chips)
Hero: posts small blind $0.05
5fbf153f: posts big blind $0.1
*** HOLE CARDS ***
Dealt to Hero [Jh 6s]
Dealt to 5fbf153f 
Dealt to 2a5466a9 
Dealt to 3bc09879 
Dealt to b09f1b9 
2a5466a9: folds
3bc09879: folds
b09f1b9: folds
Hero: folds
Uncalled bet ($0.05) returned to 5fbf153f
*** SHOWDOWN ***
5fbf153f collected $0.1 from pot
*** SUMMARY ***
Total pot $0.1 | Rake $0 | Jackpot $0 | Bingo $0 | Fortune $0 | Tax $0
Seat 1: Hero (small blind) folded before Flop
Seat 2: 5fbf153f (big blind) collected ($0.1)
Seat 3: 2a5466a9 folded before Flop (didn't bet)
Seat 5: 3bc09879 folded before Flop (didn't bet)
Seat 6: b09f1b9 (button) folded before Flop (didn't bet)


Poker Hand #HD1780751751: Hold'em No Limit ($0.05/$0.1) - 2024/05/20 18:14:02
Table 'NLHRed42' 6-max Seat #5 is the button
Seat 1: Hero ($10.52 in chips)
Seat 2: 5fbf153f ($23.35 in chips)
Seat 3: 2a5466a9 ($12.09 in chips)
Seat 5: 3bc09879 ($8.61 in chips)
Seat 6: b09f1b9 ($22.05 in chips)
b09f1b9: posts small blind $0.05
Hero: posts big blind $0.1
*** HOLE CARDS ***
Dealt to Hero [5d 2h]
Dealt to 5fbf153f 
Dealt to 2a5466a9 
Dealt to 3bc09879 
Dealt to b09f1b9 
5fbf153f: folds
2a5466a9: folds
3bc09879: folds
b09f1b9: raises $0.2 to $0.3
Hero: folds
Uncalled bet ($0.2) returned to b09f1b9
*** SHOWDOWN ***
b09f1b9 collected $0.2 from pot
*** SUMMARY ***
Total pot $0.2 | Rake $0 | Jackpot $0 | Bingo $0 | Fortune $0 | Tax $0
Seat 1: Hero (big blind) folded before Flop
Seat 2: 5fbf153f folded before Flop (didn't bet)
Seat 3: 2a5466a9 folded before Flop (didn't bet)
Seat 5: 3bc09879 (button) folded before Flop (didn't bet)
Seat 6: b09f1b9 (small blind) collected ($0.2)


Poker Hand #HD1780751706: Hold'em No Limit ($0.05/$0.1) - 2024/05/20 18:13:48
Table 'NLHRed42' 6-max Seat #3 is the button
Seat 1: Hero ($10.52 in chips)
Seat 2: 5fbf153f ($23.35 in chips)
Seat 3: 2a5466a9 ($11.94 in chips)
Seat 5: 3bc09879 ($8.66 in chips)
Seat 6: b09f1b9 ($22.15 in chips)
3bc09879: posts small blind $0.05
b09f1b9: posts big blind $0.1
*** HOLE CARDS ***
Dealt to Hero [8s 7d]
Dealt to 5fbf153f 
Dealt to 2a5466a9 
Dealt to 3bc09879 
Dealt to b09f1b9 
Hero: folds
5fbf153f: folds
2a5466a9: raises $0.12 to $0.22
3bc09879: folds
b09f1b9: folds
Uncalled bet ($0.12) returned to 2a5466a9
*** SHOWDOWN ***
2a5466a9 collected $0.25 from pot
*** SUMMARY ***
Total pot $0.25 | Rake $0 | Jackpot $0 | Bingo $0 | Fortune $0 | Tax $0
Seat 1: Hero folded before Flop (didn't bet)
Seat 2: 5fbf153f folded before Flop (didn't bet)
Seat 3: 2a5466a9 (button) collected ($0.25)
Seat 5: 3bc09879 (small blind) folded before Flop
Seat 6: b09f1b9 (big blind) folded before Flop


Poker Hand #HD1780751652: Hold'em No Limit ($0.05/$0.1) - 2024/05/20 18:13:21
Table 'NLHRed42' 6-max Seat #2 is the button
Seat 1: Hero ($10.52 in chips)
Seat 2: 5fbf153f ($23.35 in chips)
Seat 3: 2a5466a9 ($11.99 in chips)
Seat 4: 42603520 ($14.38 in chips)
Seat 5: 3bc09879 ($8.51 in chips)
Seat 6: b09f1b9 ($22.15 in chips)
2a5466a9: posts small blind $0.05
42603520: posts big blind $0.1
*** HOLE CARDS ***
Dealt to Hero [Ad 2d]
Dealt to 5fbf153f 
Dealt to 2a5466a9 
Dealt to 42603520 
Dealt to 3bc09879 
Dealt to b09f1b9 
3bc09879: raises $0.2 to $0.3
b09f1b9: folds
Hero: folds
5fbf153f: folds
2a5466a9: folds
42603520: folds
Uncalled bet ($0.2) returned to 3bc09879
*** SHOWDOWN ***
3bc09879 collected $0.25 from pot
*** SUMMARY ***
Total pot $0.25 | Rake $0 | Jackpot $0 | Bingo $0 | Fortune $0 | Tax $0
Seat 1: Hero folded before Flop (didn't bet)
Seat 2: 5fbf153f (button) folded before Flop (didn't bet)
Seat 3: 2a5466a9 (small blind) folded before Flop
Seat 4: 42603520 (big blind) folded before Flop
Seat 5: 3bc09879 collected ($0.25)
Seat 6: b09f1b9 folded before Flop (didn't bet)


Poker Hand #HD1780751517: Hold'em No Limit ($0.05/$0.1) - 2024/05/20 18:12:28
Table 'NLHRed42' 6-max Seat #1 is the button
Seat 1: Hero ($10.52 in chips)
Seat 2: 5fbf153f ($23.4 in chips)
Seat 3: 2a5466a9 ($11.13 in chips)
Seat 4: 42603520 ($15.28 in chips)
Seat 5: 3bc09879 ($8.51 in chips)
Seat 6: b09f1b9 ($22.15 in chips)
5fbf153f: posts small blind $0.05
2a5466a9: posts big blind $0.1
*** HOLE CARDS ***
Dealt to Hero [Qc Tc]
Dealt to 5fbf153f 
Dealt to 2a5466a9 
Dealt to 42603520 
Dealt to 3bc09879 
Dealt to b09f1b9 
42603520: raises $0.1 to $0.2
3bc09879: folds
b09f1b9: folds
Hero: folds
5fbf153f: folds
2a5466a9: raises $0.7 to $0.9
42603520: calls $0.7
*** FLOP *** [6c 7s 2c]
2a5466a9: bets $1.1
42603520: folds
Uncalled bet ($1.1) returned to 2a5466a9
*** SHOWDOWN ***
2a5466a9 collected $1.76 from pot
*** SUMMARY ***
Total pot $1.85 | Rake $0.09 | Jackpot $0 | Bingo $0 | Fortune $0 | Tax $0
Board [6c 7s 2c]
Seat 1: Hero (button) folded before Flop (didn't bet)
Seat 2: 5fbf153f (small blind) folded before Flop
Seat 3: 2a5466a9 (big blind) won ($1.76)
Seat 4: 42603520 folded on the Flop
Seat 5: 3bc09879 folded before Flop (didn't bet)
Seat 6: b09f1b9 folded before Flop (didn't bet)


Poker Hand #HD1780751450: Hold'em No Limit ($0.05/$0.1) - 2024/05/20 18:12:02
Table 'NLHRed42' 6-max Seat #6 is the button
Seat 1: Hero ($10.57 in chips)
Seat 2: 5fbf153f ($23.5 in chips)
Seat 3: 2a5466a9 ($11.13 in chips)
Seat 4: 42603520 ($15.28 in chips)
Seat 5: 3bc09879 ($8.36 in chips)
Seat 6: b09f1b9 ($22.15 in chips)
Hero: posts small blind $0.05
5fbf153f: posts big blind $0.1
*** HOLE CARDS ***
Dealt to Hero [Kd 4h]
Dealt to 5fbf153f 
Dealt to 2a5466a9 
Dealt to 42603520 
Dealt to 3bc09879 
Dealt to b09f1b9 
2a5466a9: folds
42603520: folds
3bc09879: raises $0.1 to $0.2
b09f1b9: folds
Hero: folds
5fbf153f: folds
Uncalled bet ($0.1) returned to 3bc09879
*** SHOWDOWN ***
3bc09879 collected $0.25 from pot
*** SUMMARY ***
Total pot $0.25 | Rake $0 | Jackpot $0 | Bingo $0 | Fortune $0 | Tax $0
Seat 1: Hero (small blind) folded before Flop
Seat 2: 5fbf153f (big blind) folded before Flop
Seat 3: 2a5466a9 folded before Flop (didn't bet)
Seat 4: 42603520 folded before Flop (didn't bet)
Seat 5: 3bc09879 collected ($0.25)
Seat 6: b09f1b9 (button) folded before Flop (didn't bet)


Poker Hand #HD1780751428: Hold'em No Limit ($0.05/$0.1) - 2024/05/20 18:11:50
Table 'NLHRed42' 6-max Seat #5 is the button
Seat 1: Hero ($10.67 in chips)
Seat 2: 5fbf153f ($23.5 in chips)
Seat 3: 2a5466a9 ($11.13 in chips)
Seat 4: 42603520 ($15.13 in chips)
Seat 5: 3bc09879 ($8.36 in chips)
Seat 6: b09f1b9 ($22.2 in chips)
b09f1b9: posts small blind $0.05
Hero: posts big blind $0.1
*** HOLE CARDS ***
Dealt to Hero [3h Ac]
Dealt to 5fbf153f 
Dealt to 2a5466a9 
Dealt to 42603520 
Dealt to 3bc09879 
Dealt to b09f1b9 
5fbf153f: folds
2a5466a9: folds
42603520: raises $0.1 to $0.2
3bc09879: folds
b09f1b9: folds
Hero: folds
Uncalled bet ($0.1) returned to 42603520
*** SHOWDOWN ***
42603520 collected $0.25 from pot
*** SUMMARY ***
Total pot $0.25 | Rake $0 | Jackpot $0 | Bingo $0 | Fortune $0 | Tax $0
Seat 1: Hero (big blind) folded before Flop
Seat 2: 5fbf153f folded before Flop (didn't bet)
Seat 3: 2a5466a9 folded before Flop (didn't bet)
Seat 4: 42603520 collected ($0.25)
Seat 5: 3bc09879 (button) folded before Flop (didn't bet)
Seat 6: b09f1b9 (small blind) folded before Flop


Poker Hand #HD1780751241: Hold'em No Limit ($0.05/$0.1) - 2024/05/20 18:10:34
Table 'NLHRed42' 6-max Seat #4 is the button
Seat 1: Hero ($10 in chips)
Seat 2: 5fbf153f ($23.5 in chips)
Seat 3: 2a5466a9 ($11.13 in chips)
Seat 4: 42603520 ($15.13 in chips)
Seat 5: 3bc09879 ($8.41 in chips)
Seat 6: b09f1b9 ($22.89 in chips)
3bc09879: posts small blind $0.05
b09f1b9: posts big blind $0.1
*** HOLE CARDS ***
Dealt to Hero [Ad Jc]
Dealt to 5fbf153f 
Dealt to 2a5466a9 
Dealt to 42603520 
Dealt to 3bc09879 
Dealt to b09f1b9 
Hero: raises $0.1 to $0.2
5fbf153f: folds
2a5466a9: folds
42603520: folds
3bc09879: folds
b09f1b9: calls $0.1
*** FLOP *** [5h Jd Kh]
b09f1b9: checks
Hero: bets $0.2
b09f1b9: calls $0.2
*** TURN *** [5h Jd Kh] [Qc]
b09f1b9: checks
Hero: checks
*** RIVER *** [5h Jd Kh Qc] [Ks]
b09f1b9: bets $0.29
Hero: calls $0.29
b09f1b9: shows [5c 6h] (Pair of Kings and Pair of Fives)
Hero: shows [Ad Jc] (Pair of Kings and Pair of Jacks)
*** SHOWDOWN ***
Hero collected $1.36 from pot
*** SUMMARY ***
Total pot $1.43 | Rake $0.07 | Jackpot $0 | Bingo $0 | Fortune $0 | Tax $0
Board [5h Jd Kh Qc Ks]
Seat 1: Hero showed [Ad Jc] and won ($1.36) with Pair of Kings and Pair of Jacks
Seat 2: 5fbf153f folded before Flop (didn't bet)
Seat 3: 2a5466a9 folded before Flop (didn't bet)
Seat 4: 42603520 (button) folded before Flop (didn't bet)
Seat 5: 3bc09879 (small blind) folded before Flop
Seat 6: b09f1b9 (big blind) showed [5c 6h] and lost with Pair of Kings and Pair of Fives


Poker Hand #HD1780751143: Hold'em No Limit ($0.05/$0.1) - 2024/05/20 18:09:49
Table 'NLHRed42' 6-max Seat #3 is the button
Seat 1: Hero ($10 in chips)
Seat 2: 5fbf153f ($23.75 in chips)
Seat 3: 2a5466a9 ($11.13 in chips)
Seat 4: 42603520 ($15.18 in chips)
Seat 5: 3bc09879 ($8.13 in chips)
Seat 6: b09f1b9 ($22.89 in chips)
42603520: posts small blind $0.05
3bc09879: posts big blind $0.1
*** HOLE CARDS ***
Dealt to Hero [Kc Td]
Dealt to 5fbf153f 
Dealt to 2a5466a9 
Dealt to 42603520 
Dealt to 3bc09879 
Dealt to b09f1b9 
b09f1b9: folds
Hero: folds
5fbf153f: raises $0.15 to $0.25
2a5466a9: folds
42603520: folds
3bc09879: raises $0.55 to $0.8
5fbf153f: folds
Uncalled bet ($0.55) returned to 3bc09879
*** SHOWDOWN ***
3bc09879 collected $0.53 from pot
*** SUMMARY ***
Total pot $0.55 | Rake $0.02 | Jackpot $0 | Bingo $0 | Fortune $0 | Tax $0
Seat 1: Hero folded before Flop (didn't bet)
Seat 2: 5fbf153f folded before Flop
Seat 3: 2a5466a9 (button) folded before Flop (didn't bet)
Seat 4: 42603520 (small blind) folded before Flop
Seat 5: 3bc09879 (big blind) collected ($0.53)
Seat 6: b09f1b9 folded before Flop (didn't bet)


Poker Hand #HD1780751110: Hold'em No Limit ($0.05/$0.1) - 2024/05/20 18:09:36
Table 'NLHRed42' 6-max Seat #2 is the button
Seat 1: Hero ($10 in chips)
Seat 2: 5fbf153f ($23.75 in chips)
Seat 3: 2a5466a9 ($11.18 in chips)
Seat 4: 42603520 ($15.13 in chips)
Seat 5: 3bc09879 ($8.13 in chips)
Seat 6: b09f1b9 ($22.89 in chips)
2a5466a9: posts small blind $0.05
42603520: posts big blind $0.1
*** HOLE CARDS ***
Dealt to Hero [Th 3c]
Dealt to 5fbf153f 
Dealt to 2a5466a9 
Dealt to 42603520 
Dealt to 3bc09879 
Dealt to b09f1b9 
3bc09879: folds
b09f1b9: folds
Hero: folds
5fbf153f: folds
2a5466a9: folds
Uncalled bet ($0.05) returned to 42603520
*** SHOWDOWN ***
42603520 collected $0.1 from pot
*** SUMMARY ***
Total pot $0.1 | Rake $0 | Jackpot $0 | Bingo $0 | Fortune $0 | Tax $0
Seat 1: Hero folded before Flop (didn't bet)
Seat 2: 5fbf153f (button) folded before Flop (didn't bet)
Seat 3: 2a5466a9 (small blind) folded before Flop
Seat 4: 42603520 (big blind) collected ($0.1)
Seat 5: 3bc09879 folded before Flop (didn't bet)
Seat 6: b09f1b9 folded before Flop (didn't bet)


Poker Hand #HD1780750998: Hold'em No Limit ($0.05/$0.1) - 2024/05/20 18:08:45
Table 'NLHRed42' 6-max Seat #1 is the button
Seat 1: Hero ($10 in chips)
Seat 2: 5fbf153f ($23.8 in chips)
Seat 3: 2a5466a9 ($11.28 in chips)
Seat 4: 42603520 ($15.13 in chips)
Seat 5: 3bc09879 ($7.63 in chips)
Seat 6: b09f1b9 ($23.28 in chips)
5fbf153f: posts small blind $0.05
2a5466a9: posts big blind $0.1
*** HOLE CARDS ***
Dealt to Hero [5h 4c]
Dealt to 5fbf153f 
Dealt to 2a5466a9 
Dealt to 42603520 
Dealt to 3bc09879 
Dealt to b09f1b9 
42603520: folds
3bc09879: raises $0.1 to $0.2
b09f1b9: calls $0.2
Hero: folds
5fbf153f: folds
2a5466a9: folds
*** FLOP *** [Qd Ad 3h]
3bc09879: checks
b09f1b9: checks
*** TURN *** [Qd Ad 3h] [2h]
3bc09879: bets $0.19
b09f1b9: calls $0.19
*** RIVER *** [Qd Ad 3h 2h] [Qc]
3bc09879: bets $0.7
b09f1b9: folds
Uncalled bet ($0.7) returned to 3bc09879
*** SHOWDOWN ***
3bc09879 collected $0.89 from pot
*** SUMMARY ***
Total pot $0.93 | Rake $0.04 | Jackpot $0 | Bingo $0 | Fortune $0 | Tax $0
Board [Qd Ad 3h 2h Qc]
Seat 1: Hero (button) folded before Flop (didn't bet)
Seat 2: 5fbf153f (small blind) folded before Flop
Seat 3: 2a5466a9 (big blind) folded before Flop
Seat 4: 42603520 folded before Flop (didn't bet)
Seat 5: 3bc09879 won ($0.89)
Seat 6: b09f1b9 folded on the River


Poker Hand #HD1780750952: Hold'em No Limit ($0.05/$0.1) - 2024/05/20 18:08:21
Table 'NLHRed42' 6-max Seat #6 is the button
Seat 1: Hero ($10 in chips)
Seat 2: 5fbf153f ($23.9 in chips)
Seat 3: 2a5466a9 ($11.28 in chips)
Seat 4: 42603520 ($15.13 in chips)
Seat 5: 3bc09879 ($7.63 in chips)
Seat 6: b09f1b9 ($23.13 in chips)
Hero: posts small blind $0.05
5fbf153f: posts big blind $0.1
*** HOLE CARDS ***
Dealt to Hero [Qh 4s]
Dealt to 5fbf153f 
Dealt to 2a5466a9 
Dealt to 42603520 
Dealt to 3bc09879 
Dealt to b09f1b9 
2a5466a9: folds
42603520: folds
3bc09879: folds
b09f1b9: raises $0.2 to $0.3
Hero: folds
5fbf153f: folds
Uncalled bet ($0.2) returned to b09f1b9
*** SHOWDOWN ***
b09f1b9 collected $0.25 from pot
*** SUMMARY ***
Total pot $0.25 | Rake $0 | Jackpot $0 | Bingo $0 | Fortune $0 | Tax $0
Seat 1: Hero (small blind) folded before Flop
Seat 2: 5fbf153f (big blind) folded before Flop
Seat 3: 2a5466a9 folded before Flop (didn't bet)
Seat 4: 42603520 folded before Flop (didn't bet)
Seat 5: 3bc09879 folded before Flop (didn't bet)
Seat 6: b09f1b9 (button) collected ($0.25)


Poker Hand #HD1780750903: Hold'em No Limit ($0.05/$0.1) - 2024/05/20 18:08:03
Table 'NLHRed42' 6-max Seat #5 is the button
Seat 1: Hero ($10 in chips)
Seat 2: 5fbf153f ($23.9 in chips)
Seat 3: 2a5466a9 ($11.28 in chips)
Seat 4: 42603520 ($15.13 in chips)
Seat 5: 3bc09879 ($7.63 in chips)
Seat 6: b09f1b9 ($23.03 in chips)
b09f1b9: posts small blind $0.05
Hero: posts big blind $0.1
*** HOLE CARDS ***
Dealt to Hero [Js 5h]
Dealt to 5fbf153f 
Dealt to 2a5466a9 
Dealt to 42603520 
Dealt to 3bc09879 
Dealt to b09f1b9 
5fbf153f: folds
2a5466a9: folds
42603520: folds
3bc09879: folds
b09f1b9: raises $0.1 to $0.2
Hero: folds
Uncalled bet ($0.1) returned to b09f1b9
*** SHOWDOWN ***
b09f1b9 collected $0.2 from pot
*** SUMMARY ***
Total pot $0.2 | Rake $0 | Jackpot $0 | Bingo $0 | Fortune $0 | Tax $0
Seat 1: Hero (big blind) folded before Flop
Seat 2: 5fbf153f folded before Flop (didn't bet)
Seat 3: 2a5466a9 folded before Flop (didn't bet)
Seat 4: 42603520 folded before Flop (didn't bet)
Seat 5: 3bc09879 (button) folded before Flop (didn't bet)
Seat 6: b09f1b9 (small blind) collected ($0.2)


Poker Hand #HD1780750828: Hold'em No Limit ($0.05/$0.1) - 2024/05/20 18:07:35
Table 'NLHRed42' 6-max Seat #4 is the button
Seat 1: Hero ($10 in chips)
Seat 2: 5fbf153f ($23.9 in chips)
Seat 3: 2a5466a9 ($11.28 in chips)
Seat 4: 42603520 ($14.98 in chips)
Seat 5: 3bc09879 ($7.68 in chips)
Seat 6: b09f1b9 ($23.13 in chips)
3bc09879: posts small blind $0.05
b09f1b9: posts big blind $0.1
*** HOLE CARDS ***
Dealt to Hero [7s 6d]
Dealt to 5fbf153f 
Dealt to 2a5466a9 
Dealt to 42603520 
Dealt to 3bc09879 
Dealt to b09f1b9 
Hero: folds
5fbf153f: folds
2a5466a9: folds
42603520: raises $0.1 to $0.2
3bc09879: folds
b09f1b9: folds
Uncalled bet ($0.1) returned to 42603520
*** SHOWDOWN ***
42603520 collected $0.25 from pot
*** SUMMARY ***
Total pot $0.25 | Rake $0 | Jackpot $0 | Bingo $0 | Fortune $0 | Tax $0
Seat 1: Hero folded before Flop (didn't bet)
Seat 2: 5fbf153f folded before Flop (didn't bet)
Seat 3: 2a5466a9 folded before Flop (didn't bet)
Seat 4: 42603520 (button) collected ($0.25)
Seat 5: 3bc09879 (small blind) folded before Flop
Seat 6: b09f1b9 (big blind) folded before Flop


Poker Hand #HD1780750775: Hold'em No Limit ($0.05/$0.1) - 2024/05/20 18:07:13
Table 'NLHRed42' 6-max Seat #3 is the button
Seat 1: Hero ($10 in chips)
Seat 2: 5fbf153f ($23.9 in chips)
Seat 3: 2a5466a9 ($11.28 in chips)
Seat 4: 42603520 ($15.03 in chips)
Seat 5: 3bc09879 ($7.63 in chips)
Seat 6: b09f1b9 ($23.13 in chips)
42603520: posts small blind $0.05
3bc09879: posts big blind $0.1
*** HOLE CARDS ***
Dealt to Hero [Ts 2h]
Dealt to 5fbf153f 
Dealt to 2a5466a9 
Dealt to 42603520 
Dealt to 3bc09879 
Dealt to b09f1b9 
b09f1b9: folds
Hero: folds
5fbf153f: folds
2a5466a9: folds
42603520: folds
Uncalled bet ($0.05) returned to 3bc09879
*** SHOWDOWN ***
3bc09879 collected $0.1 from pot
*** SUMMARY ***
Total pot $0.1 | Rake $0 | Jackpot $0 | Bingo $0 | Fortune $0 | Tax $0
Seat 1: Hero folded before Flop (didn't bet)
Seat 2: 5fbf153f folded before Flop (didn't bet)
Seat 3: 2a5466a9 (button) folded before Flop (didn't bet)
Seat 4: 42603520 (small blind) folded before Flop
Seat 5: 3bc09879 (big blind) collected ($0.1)
Seat 6: b09f1b9 folded before Flop (didn't bet)


Poker Hand #HD1780750704: Hold'em No Limit ($0.05/$0.1) - 2024/05/20 18:06:39
Table 'NLHRed42' 6-max Seat #2 is the button
Seat 1: Hero ($10 in chips)
Seat 2: 5fbf153f ($23.9 in chips)
Seat 3: 2a5466a9 ($11.33 in chips)
Seat 4: 42603520 ($15.13 in chips)
Seat 5: 3bc09879 ($7.21 in chips)
Seat 6: b09f1b9 ($23.43 in chips)
2a5466a9: posts small blind $0.05
42603520: posts big blind $0.1
*** HOLE CARDS ***
Dealt to Hero [5s Kc]
Dealt to 5fbf153f 
Dealt to 2a5466a9 
Dealt to 42603520 
Dealt to 3bc09879 
Dealt to b09f1b9 
3bc09879: raises $0.2 to $0.3
b09f1b9: calls $0.3
Hero: folds
5fbf153f: folds
2a5466a9: folds
42603520: folds
*** FLOP *** [8s 6c Jh]
3bc09879: bets $0.38
b09f1b9: folds
Uncalled bet ($0.38) returned to 3bc09879
*** SHOWDOWN ***
3bc09879 collected $0.72 from pot
*** SUMMARY ***
Total pot $0.75 | Rake $0.03 | Jackpot $0 | Bingo $0 | Fortune $0 | Tax $0
Board [8s 6c Jh]
Seat 1: Hero folded before Flop (didn't bet)
Seat 2: 5fbf153f (button) folded before Flop (didn't bet)
Seat 3: 2a5466a9 (small blind) folded before Flop
Seat 4: 42603520 (big blind) folded before Flop
Seat 5: 3bc09879 won ($0.72)
Seat 6: b09f1b9 folded on the Flop


Poker Hand #HD1780750449: Hold'em No Limit ($0.05/$0.1) - 2024/05/20 18:04:55
Table 'NLHRed42' 6-max Seat #1 is the button
Seat 1: Hero ($10 in chips)
Seat 2: 5fbf153f ($23.95 in chips)
Seat 3: 2a5466a9 ($11.43 in chips)
Seat 4: 42603520 ($15.13 in chips)
Seat 5: 3bc09879 ($9.65 in chips)
Seat 6: b09f1b9 ($21.18 in chips)
5fbf153f: posts small blind $0.05
2a5466a9: posts big blind $0.1
*** HOLE CARDS ***
Dealt to Hero [4c Kc]
Dealt to 5fbf153f 
Dealt to 2a5466a9 
Dealt to 42603520 
Dealt to 3bc09879 
Dealt to b09f1b9 
42603520: folds
3bc09879: raises $0.2 to $0.3
b09f1b9: calls $0.3
Hero: folds
5fbf153f: folds
2a5466a9: folds
*** FLOP *** [Th 7c 2h]
3bc09879: bets $0.38
b09f1b9: calls $0.38
*** TURN *** [Th 7c 2h] [Kd]
3bc09879: bets $0.5
b09f1b9: calls $0.5
*** RIVER *** [Th 7c 2h Kd] [8h]
3bc09879: checks
b09f1b9: bets $1.26
3bc09879: calls $1.26
b09f1b9: shows [2s Ks] (Pair of Kings and Pair of Twos)
3bc09879: shows [Jh Jc] (Pair of Jacks)
*** SHOWDOWN ***
b09f1b9 collected $4.69 from pot
*** SUMMARY ***
Total pot $5.03 | Rake $0.24 | Jackpot $0.1 | Bingo $0 | Fortune $0 | Tax $0
Board [Th 7c 2h Kd 8h]
Seat 1: Hero (button) folded before Flop (didn't bet)
Seat 2: 5fbf153f (small blind) folded before Flop
Seat 3: 2a5466a9 (big blind) folded before Flop
Seat 4: 42603520 folded before Flop (didn't bet)
Seat 5: 3bc09879 showed [Jh Jc] and lost with Pair of Jacks
Seat 6: b09f1b9 showed [2s Ks] and won ($4.69) with Pair of Kings and Pair of Twos


Poker Hand #HD1780750173: Hold'em No Limit ($0.05/$0.1) - 2024/05/20 18:03:00
Table 'NLHRed42' 6-max Seat #6 is the button
Seat 1: Hero ($10.05 in chips)
Seat 2: 5fbf153f ($26.36 in chips)
Seat 3: 2a5466a9 ($11.43 in chips)
Seat 4: 42603520 ($15.33 in chips)
Seat 5: 3bc09879 ($9.65 in chips)
Seat 6: b09f1b9 ($18.86 in chips)
Hero: posts small blind $0.05
5fbf153f: posts big blind $0.1
*** HOLE CARDS ***
Dealt to Hero [3c 7h]
Dealt to 5fbf153f 
Dealt to 2a5466a9 
Dealt to 42603520 
Dealt to 3bc09879 
Dealt to b09f1b9 
2a5466a9: folds
42603520: raises $0.1 to $0.2
3bc09879: folds
b09f1b9: calls $0.2
Hero: folds
5fbf153f: raises $1.2 to $1.4
42603520: folds
b09f1b9: calls $1.2
*** FLOP *** [3h 4s 6d]
5fbf153f: checks
b09f1b9: checks
*** TURN *** [3h 4s 6d] [2d]
5fbf153f: checks
b09f1b9: bets $1.01
5fbf153f: calls $1.01
*** RIVER *** [3h 4s 6d 2d] [7s]
5fbf153f: checks
b09f1b9: bets $2.54
5fbf153f: folds
Uncalled bet ($2.54) returned to b09f1b9
*** SHOWDOWN ***
b09f1b9 collected $4.73 from pot
*** SUMMARY ***
Total pot $5.07 | Rake $0.24 | Jackpot $0.1 | Bingo $0 | Fortune $0 | Tax $0
Board [3h 4s 6d 2d 7s]
Seat 1: Hero (small blind) folded before Flop
Seat 2: 5fbf153f (big blind) folded on the River
Seat 3: 2a5466a9 folded before Flop (didn't bet)
Seat 4: 42603520 folded before Flop
Seat 5: 3bc09879 folded before Flop (didn't bet)
Seat 6: b09f1b9 (button) won ($4.73)


Poker Hand #HD1780750114: Hold'em No Limit ($0.05/$0.1) - 2024/05/20 18:02:33
Table 'NLHRed42' 6-max Seat #5 is the button
Seat 1: Hero ($10 in chips)
Seat 2: 5fbf153f ($26.36 in chips)
Seat 3: 2a5466a9 ($11.43 in chips)
Seat 4: 42603520 ($15.33 in chips)
Seat 5: 3bc09879 ($9.65 in chips)
Seat 6: b09f1b9 ($18.91 in chips)
b09f1b9: posts small blind $0.05
Hero: posts big blind $0.1
*** HOLE CARDS ***
Dealt to Hero [Ac 2s]
Dealt to 5fbf153f 
Dealt to 2a5466a9 
Dealt to 42603520 
Dealt to 3bc09879 
Dealt to b09f1b9 
5fbf153f: folds
2a5466a9: folds
42603520: folds
3bc09879: folds
b09f1b9: folds
Uncalled bet ($0.05) returned to Hero
*** SHOWDOWN ***
Hero collected $0.1 from pot
*** SUMMARY ***
Total pot $0.1 | Rake $0 | Jackpot $0 | Bingo $0 | Fortune $0 | Tax $0
Seat 1: Hero (big blind) collected ($0.1)
Seat 2: 5fbf153f folded before Flop (didn't bet)
Seat 3: 2a5466a9 folded before Flop (didn't bet)
Seat 4: 42603520 folded before Flop (didn't bet)
Seat 5: 3bc09879 (button) folded before Flop (didn't bet)
Seat 6: b09f1b9 (small blind) folded before Flop


Poker Hand #HD1780749939: Hold'em No Limit ($0.05/$0.1) - 2024/05/20 18:01:16
Table 'NLHRed42' 6-max Seat #4 is the button
Seat 1: Hero ($10 in chips)
Seat 2: 5fbf153f ($25.8 in chips)
Seat 3: 2a5466a9 ($11.43 in chips)
Seat 4: 42603520 ($15.58 in chips)
Seat 5: 3bc09879 ($9.9 in chips)
Seat 6: b09f1b9 ($19.01 in chips)
3bc09879: posts small blind $0.05
b09f1b9: posts big blind $0.1
*** HOLE CARDS ***
Dealt to Hero [3c 2h]
Dealt to 5fbf153f 
Dealt to 2a5466a9 
Dealt to 42603520 
Dealt to 3bc09879 
Dealt to b09f1b9 
Hero: folds
5fbf153f: raises $0.15 to $0.25
2a5466a9: folds
42603520: calls $0.25
3bc09879: calls $0.2
b09f1b9: folds
*** FLOP *** [2c 6h Ad]
3bc09879: checks
5fbf153f: checks
42603520: checks
*** TURN *** [2c 6h Ad] [Js]
3bc09879: checks
5fbf153f: checks
42603520: checks
*** RIVER *** [2c 6h Ad Js] [Qd]
3bc09879: checks
5fbf153f: checks
42603520: checks
3bc09879: shows [8c 8h] (Pair of Eights)
5fbf153f: shows [Jd Kh] (Pair of Jacks)
42603520: shows [9d 9s] (Pair of Nines)
*** SHOWDOWN ***
5fbf153f collected $0.81 from pot
*** SUMMARY ***
Total pot $0.85 | Rake $0.04 | Jackpot $0 | Bingo $0 | Fortune $0 | Tax $0
Board [2c 6h Ad Js Qd]
Seat 1: Hero folded before Flop (didn't bet)
Seat 2: 5fbf153f showed [Jd Kh] and won ($0.81) with Pair of Jacks
Seat 3: 2a5466a9 folded before Flop (didn't bet)
Seat 4: 42603520 (button) showed [9d 9s] and lost with Pair of Nines
Seat 5: 3bc09879 (small blind) showed [8c 8h] and lost with Pair of Eights
Seat 6: b09f1b9 (big blind) folded before Flop


Poker Hand #HD1780749844: Hold'em No Limit ($0.05/$0.1) - 2024/05/20 18:00:32
Table 'NLHRed42' 6-max Seat #3 is the button
Seat 1: Hero ($10 in chips)
Seat 2: 5fbf153f ($25.8 in chips)
Seat 3: 2a5466a9 ($11.43 in chips)
Seat 4: 42603520 ($15.3 in chips)
Seat 5: 3bc09879 ($10 in chips)
Seat 6: b09f1b9 ($19.21 in chips)
42603520: posts small blind $0.05
3bc09879: posts big blind $0.1
*** HOLE CARDS ***
Dealt to Hero [8s 3h]
Dealt to 5fbf153f 
Dealt to 2a5466a9 
Dealt to 42603520 
Dealt to 3bc09879 
Dealt to b09f1b9 
b09f1b9: raises $0.1 to $0.2
Hero: folds
5fbf153f: folds
2a5466a9: folds
42603520: calls $0.15
3bc09879: folds
*** FLOP *** [9d 4c 7h]
42603520: checks
b09f1b9: checks
*** TURN *** [9d 4c 7h] [4s]
42603520: bets $0.4
b09f1b9: folds
Uncalled bet ($0.4) returned to 42603520
*** SHOWDOWN ***
42603520 collected $0.48 from pot
*** SUMMARY ***
Total pot $0.5 | Rake $0.02 | Jackpot $0 | Bingo $0 | Fortune $0 | Tax $0
Board [9d 4c 7h 4s]
Seat 1: Hero folded before Flop (didn't bet)
Seat 2: 5fbf153f folded before Flop (didn't bet)
Seat 3: 2a5466a9 (button) folded before Flop (didn't bet)
Seat 4: 42603520 (small blind) won ($0.48)
Seat 5: 3bc09879 (big blind) folded before Flop
Seat 6: b09f1b9 folded on the Turn


Poker Hand #HD1780749817: Hold'em No Limit ($0.05/$0.1) - 2024/05/20 18:00:21
Table 'NLHRed42' 6-max Seat #2 is the button
Seat 1: Hero ($10 in chips)
Seat 2: 5fbf153f ($25.8 in chips)
Seat 3: 2a5466a9 ($11.48 in chips)
Seat 4: 42603520 ($15.25 in chips)
Seat 6: b09f1b9 ($19.21 in chips)
2a5466a9: posts small blind $0.05
42603520: posts big blind $0.1
*** HOLE CARDS ***
Dealt to Hero [2d 6s]
Dealt to 5fbf153f 
Dealt to 2a5466a9 
Dealt to 42603520 
Dealt to b09f1b9 
b09f1b9: folds
Hero: folds
5fbf153f: folds
2a5466a9: folds
Uncalled bet ($0.05) returned to 42603520
*** SHOWDOWN ***
42603520 collected $0.1 from pot
*** SUMMARY ***
Total pot $0.1 | Rake $0 | Jackpot $0 | Bingo $0 | Fortune $0 | Tax $0
Seat 1: Hero folded before Flop (didn't bet)
Seat 2: 5fbf153f (button) folded before Flop (didn't bet)
Seat 3: 2a5466a9 (small blind) folded before Flop
Seat 4: 42603520 (big blind) collected ($0.1)
Seat 6: b09f1b9 folded before Flop (didn't bet)


Poker Hand #HD1780749699: Hold'em No Limit ($0.05/$0.1) - 2024/05/20 17:59:33
Table 'NLHRed42' 6-max Seat #1 is the button
Seat 1: Hero ($10 in chips)
Seat 2: 5fbf153f ($25.48 in chips)
Seat 3: 2a5466a9 ($11.58 in chips)
Seat 4: 42603520 ($15.25 in chips)
Seat 5: dd4ba8e9 ($11.19 in chips)
Seat 6: b09f1b9 ($19.21 in chips)
5fbf153f: posts small blind $0.05
2a5466a9: posts big blind $0.1
*** HOLE CARDS ***
Dealt to Hero [9d Kd]
Dealt to 5fbf153f 
Dealt to 2a5466a9 
Dealt to 42603520 
Dealt to dd4ba8e9 
Dealt to b09f1b9 
42603520: folds
dd4ba8e9: folds
b09f1b9: folds
Hero: raises $0.14 to $0.24
5fbf153f: raises $0.86 to $1.1
2a5466a9: folds
Hero: folds
Uncalled bet ($0.86) returned to 5fbf153f
*** SHOWDOWN ***
5fbf153f collected $0.56 from pot
*** SUMMARY ***
Total pot $0.58 | Rake $0.02 | Jackpot $0 | Bingo $0 | Fortune $0 | Tax $0
Seat 1: Hero (button) folded before Flop
Seat 2: 5fbf153f (small blind) collected ($0.56)
Seat 3: 2a5466a9 (big blind) folded before Flop
Seat 4: 42603520 folded before Flop (didn't bet)
Seat 5: dd4ba8e9 folded before Flop (didn't bet)
Seat 6: b09f1b9 folded before Flop (didn't bet)


Poker Hand #HD1780749575: Hold'em No Limit ($0.05/$0.1) - 2024/05/20 17:58:39
Table 'NLHRed42' 6-max Seat #6 is the button
Seat 1: Hero ($10 in chips)
Seat 2: 5fbf153f ($25.58 in chips)
Seat 4: 42603520 ($15.25 in chips)
Seat 5: dd4ba8e9 ($11.39 in chips)
Seat 6: b09f1b9 ($18.88 in chips)
Hero: posts small blind $0.05
5fbf153f: posts big blind $0.1
*** HOLE CARDS ***
Dealt to Hero [Kc 2s]
Dealt to 5fbf153f 
Dealt to 42603520 
Dealt to dd4ba8e9 
Dealt to b09f1b9 
42603520: folds
dd4ba8e9: calls $0.1
b09f1b9: raises $0.1 to $0.2
Hero: folds
5fbf153f: folds
dd4ba8e9: calls $0.1
*** FLOP *** [5c Js Qc]
dd4ba8e9: checks
b09f1b9: bets $0.19
dd4ba8e9: folds
Uncalled bet ($0.19) returned to b09f1b9
*** SHOWDOWN ***
b09f1b9 collected $0.53 from pot
*** SUMMARY ***
Total pot $0.55 | Rake $0.02 | Jackpot $0 | Bingo $0 | Fortune $0 | Tax $0
Board [5c Js Qc]
Seat 1: Hero (small blind) folded before Flop
Seat 2: 5fbf153f (big blind) folded before Flop
Seat 4: 42603520 folded before Flop (didn't bet)
Seat 5: dd4ba8e9 folded on the Flop
Seat 6: b09f1b9 (button) won ($0.53)


Poker Hand #HD1780749475: Hold'em No Limit ($0.05/$0.1) - 2024/05/20 17:57:58
Table 'NLHRed42' 6-max Seat #5 is the button
Seat 1: Hero ($10 in chips)
Seat 2: 5fbf153f ($26.01 in chips)
Seat 4: 42603520 ($15.25 in chips)
Seat 5: dd4ba8e9 ($11.39 in chips)
Seat 6: b09f1b9 ($18.39 in chips)
b09f1b9: posts small blind $0.05
Hero: posts big blind $0.1
*** HOLE CARDS ***
Dealt to Hero [3d 9s]
Dealt to 5fbf153f 
Dealt to 42603520 
Dealt to dd4ba8e9 
Dealt to b09f1b9 
5fbf153f: raises $0.15 to $0.25
42603520: folds
dd4ba8e9: folds
b09f1b9: calls $0.2
Hero: folds
*** FLOP *** [Ah 4c Jd]
b09f1b9: checks
5fbf153f: bets $0.18
b09f1b9: calls $0.18
*** TURN *** [Ah 4c Jd] [6h]
b09f1b9: checks
5fbf153f: checks
*** RIVER *** [Ah 4c Jd 6h] [3s]
b09f1b9: bets $0.96
5fbf153f: folds
Uncalled bet ($0.96) returned to b09f1b9
*** SHOWDOWN ***
b09f1b9 collected $0.92 from pot
*** SUMMARY ***
Total pot $0.96 | Rake $0.04 | Jackpot $0 | Bingo $0 | Fortune $0 | Tax $0
Board [Ah 4c Jd 6h 3s]
Seat 1: Hero (big blind) folded before Flop
Seat 2: 5fbf153f folded on the River
Seat 4: 42603520 folded before Flop (didn't bet)
Seat 5: dd4ba8e9 (button) folded before Flop (didn't bet)
Seat 6: b09f1b9 (small blind) won ($0.92)


Poker Hand #HD1780749196: Hold'em No Limit ($0.05/$0.1) - 2024/05/20 17:56:00
Table 'NLHRed42' 6-max Seat #4 is the button
Seat 1: Hero ($10.03 in chips)
Seat 2: 5fbf153f ($16.93 in chips)
Seat 4: 42603520 ($15.25 in chips)
Seat 5: dd4ba8e9 ($11.44 in chips)
Seat 6: b09f1b9 ($18.49 in chips)
dd4ba8e9: posts small blind $0.05
b09f1b9: posts big blind $0.1
*** HOLE CARDS ***
Dealt to Hero [Jc Js]
Dealt to 5fbf153f 
Dealt to 42603520 
Dealt to dd4ba8e9 
Dealt to b09f1b9 
Hero: raises $0.1 to $0.2
5fbf153f: raises $0.45 to $0.65
42603520: folds
dd4ba8e9: folds
b09f1b9: folds
Hero: raises $1.25 to $1.9
5fbf153f: raises $15.03 to $16.93 and is all-in
Hero: calls $8.13 and is all-in
Uncalled bet ($6.9) returned to 5fbf153f
5fbf153f: shows [Kh Ac]
Hero: shows [Jc Js]
*** FLOP *** [9c Th Kd]
*** TURN *** [9c Th Kd] [5h]
*** RIVER *** [9c Th Kd 5h] [Ad]
*** SHOWDOWN ***
5fbf153f collected $19.11 from pot
*** SUMMARY ***
Total pot $20.21 | Rake $1 | Jackpot $0.1 | Bingo $0 | Fortune $0 | Tax $0
Board [9c Th Kd 5h Ad]
Seat 1: Hero showed [Jc Js] and lost with Pair of Jacks
Seat 2: 5fbf153f showed [Kh Ac] and won ($19.11) with Pair of Aces and Pair of Kings
Seat 4: 42603520 (button) folded before Flop (didn't bet)
Seat 5: dd4ba8e9 (small blind) folded before Flop
Seat 6: b09f1b9 (big blind) folded before Flop


Poker Hand #HD1780749053: Hold'em No Limit ($0.05/$0.1) - 2024/05/20 17:54:55
Table 'NLHRed42' 6-max Seat #3 is the button
Seat 1: Hero ($10.03 in chips)
Seat 2: 5fbf153f ($18.58 in chips)
Seat 3: 2a5466a9 ($11.58 in chips)
Seat 4: 42603520 ($15.3 in chips)
Seat 5: dd4ba8e9 ($10 in chips)
Seat 6: b09f1b9 ($18.49 in chips)
42603520: posts small blind $0.05
dd4ba8e9: posts big blind $0.1
*** HOLE CARDS ***
Dealt to Hero [Ks 5h]
Dealt to 5fbf153f 
Dealt to 2a5466a9 
Dealt to 42603520 
Dealt to dd4ba8e9 
Dealt to b09f1b9 
b09f1b9: folds
Hero: folds
5fbf153f: raises $0.15 to $0.25
2a5466a9: folds
42603520: folds
dd4ba8e9: calls $0.15
*** FLOP *** [Js 9c Jc]
dd4ba8e9: checks
5fbf153f: bets $0.2
dd4ba8e9: calls $0.2
*** TURN *** [Js 9c Jc] [4h]
dd4ba8e9: bets $0.32
5fbf153f: raises $0.88 to $1.2
dd4ba8e9: calls $0.88
*** RIVER *** [Js 9c Jc 4h] [5d]
dd4ba8e9: checks
5fbf153f: checks
dd4ba8e9: shows [Td Th] (Pair of Jacks and Pair of Tens)
5fbf153f: shows [9d Ah] (Pair of Jacks and Pair of Nines)
*** SHOWDOWN ***
dd4ba8e9 collected $3.09 from pot
*** SUMMARY ***
Total pot $3.35 | Rake $0.16 | Jackpot $0.1 | Bingo $0 | Fortune $0 | Tax $0
Board [Js 9c Jc 4h 5d]
Seat 1: Hero folded before Flop (didn't bet)
Seat 2: 5fbf153f showed [9d Ah] and lost with Pair of Jacks and Pair of Nines
Seat 3: 2a5466a9 (button) folded before Flop (didn't bet)
Seat 4: 42603520 (small blind) folded before Flop
Seat 5: dd4ba8e9 (big blind) showed [Td Th] and won ($3.09) with Pair of Jacks and Pair of Tens
Seat 6: b09f1b9 folded before Flop (didn't bet)


Poker Hand #HD1780748997: Hold'em No Limit ($0.05/$0.1) - 2024/05/20 17:54:31
Table 'NLHRed42' 6-max Seat #2 is the button
Seat 1: Hero ($10.03 in chips)
Seat 2: 5fbf153f ($18.58 in chips)
Seat 3: 2a5466a9 ($11.63 in chips)
Seat 4: 42603520 ($15.4 in chips)
Seat 6: b09f1b9 ($18.34 in chips)
2a5466a9: posts small blind $0.05
42603520: posts big blind $0.1
*** HOLE CARDS ***
Dealt to Hero [4h 8c]
Dealt to 5fbf153f 
Dealt to 2a5466a9 
Dealt to 42603520 
Dealt to b09f1b9 
b09f1b9: raises $0.2 to $0.3
Hero: folds
5fbf153f: folds
2a5466a9: folds
42603520: folds
Uncalled bet ($0.2) returned to b09f1b9
*** SHOWDOWN ***
b09f1b9 collected $0.25 from pot
*** SUMMARY ***
Total pot $0.25 | Rake $0 | Jackpot $0 | Bingo $0 | Fortune $0 | Tax $0
Seat 1: Hero folded before Flop (didn't bet)
Seat 2: 5fbf153f (button) folded before Flop (didn't bet)
Seat 3: 2a5466a9 (small blind) folded before Flop
Seat 4: 42603520 (big blind) folded before Flop
Seat 6: b09f1b9 collected ($0.25)


Poker Hand #HD1780748948: Hold'em No Limit ($0.05/$0.1) - 2024/05/20 17:54:09
Table 'NLHRed42' 6-max Seat #1 is the button
Seat 1: Hero ($10.03 in chips)
Seat 2: 5fbf153f ($18.48 in chips)
Seat 3: 2a5466a9 ($11.73 in chips)
Seat 4: 42603520 ($15.4 in chips)
Seat 6: b09f1b9 ($18.34 in chips)
5fbf153f: posts small blind $0.05
2a5466a9: posts big blind $0.1
*** HOLE CARDS ***
Dealt to Hero [2d Kc]
Dealt to 5fbf153f 
Dealt to 2a5466a9 
Dealt to 42603520 
Dealt to b09f1b9 
42603520: folds
b09f1b9: folds
Hero: folds
5fbf153f: raises $0.2 to $0.3
2a5466a9: folds
Uncalled bet ($0.2) returned to 5fbf153f
*** SHOWDOWN ***
5fbf153f collected $0.2 from pot
*** SUMMARY ***
Total pot $0.2 | Rake $0 | Jackpot $0 | Bingo $0 | Fortune $0 | Tax $0
Seat 1: Hero (button) folded before Flop (didn't bet)
Seat 2: 5fbf153f (small blind) collected ($0.2)
Seat 3: 2a5466a9 (big blind) folded before Flop
Seat 4: 42603520 folded before Flop (didn't bet)
Seat 6: b09f1b9 folded before Flop (didn't bet)


Poker Hand #HD1780748852: Hold'em No Limit ($0.05/$0.1) - 2024/05/20 17:53:29
Table 'NLHRed42' 6-max Seat #6 is the button
Seat 1: Hero ($10.08 in chips)
Seat 2: 5fbf153f ($18.58 in chips)
Seat 3: 2a5466a9 ($11.73 in chips)
Seat 4: 42603520 ($15.4 in chips)
Seat 6: b09f1b9 ($18.19 in chips)
Hero: posts small blind $0.05
5fbf153f: posts big blind $0.1
*** HOLE CARDS ***
Dealt to Hero [3c Qd]
Dealt to 5fbf153f 
Dealt to 2a5466a9 
Dealt to 42603520 
Dealt to b09f1b9 
2a5466a9: folds
42603520: folds
b09f1b9: raises $0.1 to $0.2
Hero: folds
5fbf153f: folds
Uncalled bet ($0.1) returned to b09f1b9
*** SHOWDOWN ***
b09f1b9 collected $0.25 from pot
*** SUMMARY ***
Total pot $0.25 | Rake $0 | Jackpot $0 | Bingo $0 | Fortune $0 | Tax $0
Seat 1: Hero (small blind) folded before Flop
Seat 2: 5fbf153f (big blind) folded before Flop
Seat 3: 2a5466a9 folded before Flop (didn't bet)
Seat 4: 42603520 folded before Flop (didn't bet)
Seat 6: b09f1b9 (button) collected ($0.25)


Poker Hand #HD1780748777: Hold'em No Limit ($0.05/$0.1) - 2024/05/20 17:52:50
Table 'NLHRed42' 6-max Seat #4 is the button
Seat 1: Hero ($10.18 in chips)
Seat 2: 5fbf153f ($19.03 in chips)
Seat 3: 2a5466a9 ($11.73 in chips)
Seat 4: 42603520 ($15.4 in chips)
Seat 6: b09f1b9 ($17.69 in chips)
b09f1b9: posts small blind $0.05
Hero: posts big blind $0.1
*** HOLE CARDS ***
Dealt to Hero [3s 6h]
Dealt to 5fbf153f 
Dealt to 2a5466a9 
Dealt to 42603520 
Dealt to b09f1b9 
5fbf153f: raises $0.15 to $0.25
2a5466a9: folds
42603520: folds
b09f1b9: raises $0.2 to $0.45
Hero: folds
5fbf153f: calls $0.2
*** FLOP *** [6s Jd 5c]
b09f1b9: bets $0.33
5fbf153f: folds
Uncalled bet ($0.33) returned to b09f1b9
*** SHOWDOWN ***
b09f1b9 collected $0.95 from pot
*** SUMMARY ***
Total pot $1 | Rake $0.05 | Jackpot $0 | Bingo $0 | Fortune $0 | Tax $0
Board [6s Jd 5c]
Seat 1: Hero (big blind) folded before Flop
Seat 2: 5fbf153f folded on the Flop
Seat 3: 2a5466a9 folded before Flop (didn't bet)
Seat 4: 42603520 (button) folded before Flop (didn't bet)
Seat 6: b09f1b9 (small blind) won ($0.95)


Poker Hand #HD1780748705: Hold'em No Limit ($0.05/$0.1) - 2024/05/20 17:52:22
Table 'NLHRed42' 6-max Seat #3 is the button
Seat 1: Hero ($10.18 in chips)
Seat 2: 5fbf153f ($19.03 in chips)
Seat 3: 2a5466a9 ($11.95 in chips)
Seat 4: 42603520 ($15.1 in chips)
Seat 6: b09f1b9 ($17.79 in chips)
42603520: posts small blind $0.05
b09f1b9: posts big blind $0.1
*** HOLE CARDS ***
Dealt to Hero [5c 9d]
Dealt to 5fbf153f 
Dealt to 2a5466a9 
Dealt to 42603520 
Dealt to b09f1b9 
Hero: folds
5fbf153f: folds
2a5466a9: raises $0.12 to $0.22
42603520: raises $0.88 to $1.1
b09f1b9: folds
2a5466a9: folds
Uncalled bet ($0.88) returned to 42603520
*** SHOWDOWN ***
42603520 collected $0.52 from pot
*** SUMMARY ***
Total pot $0.54 | Rake $0.02 | Jackpot $0 | Bingo $0 | Fortune $0 | Tax $0
Seat 1: Hero folded before Flop (didn't bet)
Seat 2: 5fbf153f folded before Flop (didn't bet)
Seat 3: 2a5466a9 (button) folded before Flop
Seat 4: 42603520 (small blind) collected ($0.52)
Seat 6: b09f1b9 (big blind) folded before Flop


Poker Hand #HD1780748660: Hold'em No Limit ($0.05/$0.1) - 2024/05/20 17:52:03
Table 'NLHRed42' 6-max Seat #2 is the button
Seat 1: Hero ($10.18 in chips)
Seat 2: 5fbf153f ($18.88 in chips)
Seat 3: 2a5466a9 ($12 in chips)
Seat 4: 42603520 ($15.2 in chips)
Seat 6: b09f1b9 ($17.79 in chips)
2a5466a9: posts small blind $0.05
42603520: posts big blind $0.1
*** HOLE CARDS ***
Dealt to Hero [Ks 2c]
Dealt to 5fbf153f 
Dealt to 2a5466a9 
Dealt to 42603520 
Dealt to b09f1b9 
b09f1b9: folds
Hero: folds
5fbf153f: raises $0.15 to $0.25
2a5466a9: folds
42603520: folds
Uncalled bet ($0.15) returned to 5fbf153f
*** SHOWDOWN ***
5fbf153f collected $0.25 from pot
*** SUMMARY ***
Total pot $0.25 | Rake $0 | Jackpot $0 | Bingo $0 | Fortune $0 | Tax $0
Seat 1: Hero folded before Flop (didn't bet)
Seat 2: 5fbf153f (button) collected ($0.25)
Seat 3: 2a5466a9 (small blind) folded before Flop
Seat 4: 42603520 (big blind) folded before Flop
Seat 6: b09f1b9 folded before Flop (didn't bet)


Poker Hand #HD1780748629: Hold'em No Limit ($0.05/$0.1) - 2024/05/20 17:51:49
Table 'NLHRed42' 6-max Seat #1 is the button
Seat 1: Hero ($10.18 in chips)
Seat 2: 5fbf153f ($18.93 in chips)
Seat 3: 2a5466a9 ($12.1 in chips)
Seat 4: 42603520 ($15.2 in chips)
Seat 6: b09f1b9 ($17.64 in chips)
5fbf153f: posts small blind $0.05
2a5466a9: posts big blind $0.1
*** HOLE CARDS ***
Dealt to Hero [7d 4d]
Dealt to 5fbf153f 
Dealt to 2a5466a9 
Dealt to 42603520 
Dealt to b09f1b9 
42603520: folds
b09f1b9: raises $0.2 to $0.3
Hero: folds
5fbf153f: folds
2a5466a9: folds
Uncalled bet ($0.2) returned to b09f1b9
*** SHOWDOWN ***
b09f1b9 collected $0.25 from pot
*** SUMMARY ***
Total pot $0.25 | Rake $0 | Jackpot $0 | Bingo $0 | Fortune $0 | Tax $0
Seat 1: Hero (button) folded before Flop (didn't bet)
Seat 2: 5fbf153f (small blind) folded before Flop
Seat 3: 2a5466a9 (big blind) folded before Flop
Seat 4: 42603520 folded before Flop (didn't bet)
Seat 6: b09f1b9 collected ($0.25)


Poker Hand #HD1780748506: Hold'em No Limit ($0.05/$0.1) - 2024/05/20 17:50:56
Table 'NLHRed42' 6-max Seat #6 is the button
Seat 1: Hero ($10.23 in chips)
Seat 2: 5fbf153f ($18.7 in chips)
Seat 3: 2a5466a9 ($12.1 in chips)
Seat 4: 42603520 ($15.4 in chips)
Seat 6: b09f1b9 ($17.64 in chips)
Hero: posts small blind $0.05
5fbf153f: posts big blind $0.1
*** HOLE CARDS ***
Dealt to Hero [2c Ks]
Dealt to 5fbf153f 
Dealt to 2a5466a9 
Dealt to 42603520 
Dealt to b09f1b9 
2a5466a9: folds
42603520: raises $0.1 to $0.2
b09f1b9: folds
Hero: folds
5fbf153f: calls $0.1
*** FLOP *** [8h 7h 8c]
5fbf153f: checks
42603520: checks
*** TURN *** [8h 7h 8c] [Qc]
5fbf153f: bets $0.35
42603520: folds
Uncalled bet ($0.35) returned to 5fbf153f
*** SHOWDOWN ***
5fbf153f collected $0.43 from pot
*** SUMMARY ***
Total pot $0.45 | Rake $0.02 | Jackpot $0 | Bingo $0 | Fortune $0 | Tax $0
Board [8h 7h 8c Qc]
Seat 1: Hero (small blind) folded before Flop
Seat 2: 5fbf153f (big blind) won ($0.43)
Seat 3: 2a5466a9 folded before Flop (didn't bet)
Seat 4: 42603520 folded on the Turn
Seat 6: b09f1b9 (button) folded before Flop (didn't bet)


Poker Hand #HD1780748443: Hold'em No Limit ($0.05/$0.1) - 2024/05/20 17:50:33
Table 'NLHRed42' 6-max Seat #4 is the button
Seat 1: Hero ($10.18 in chips)
Seat 2: 5fbf153f ($18.7 in chips)
Seat 3: 2a5466a9 ($12.1 in chips)
Seat 4: 42603520 ($15.4 in chips)
Seat 6: b09f1b9 ($17.69 in chips)
b09f1b9: posts small blind $0.05
Hero: posts big blind $0.1
*** HOLE CARDS ***
Dealt to Hero [Js 4h]
Dealt to 5fbf153f 
Dealt to 2a5466a9 
Dealt to 42603520 
Dealt to b09f1b9 
5fbf153f: folds
2a5466a9: folds
42603520: folds
b09f1b9: folds
Uncalled bet ($0.05) returned to Hero
*** SHOWDOWN ***
Hero collected $0.1 from pot
*** SUMMARY ***
Total pot $0.1 | Rake $0 | Jackpot $0 | Bingo $0 | Fortune $0 | Tax $0
Seat 1: Hero (big blind) collected ($0.1)
Seat 2: 5fbf153f folded before Flop (didn't bet)
Seat 3: 2a5466a9 folded before Flop (didn't bet)
Seat 4: 42603520 (button) folded before Flop (didn't bet)
Seat 6: b09f1b9 (small blind) folded before Flop


Poker Hand #HD1780748393: Hold'em No Limit ($0.05/$0.1) - 2024/05/20 17:50:11
Table 'NLHRed42' 6-max Seat #3 is the button
Seat 1: Hero ($10.18 in chips)
Seat 2: 5fbf153f ($18.7 in chips)
Seat 3: 2a5466a9 ($11.95 in chips)
Seat 4: 42603520 ($15.45 in chips)
Seat 6: b09f1b9 ($17.79 in chips)
42603520: posts small blind $0.05
b09f1b9: posts big blind $0.1
*** HOLE CARDS ***
Dealt to Hero [6s 2h]
Dealt to 5fbf153f 
Dealt to 2a5466a9 
Dealt to 42603520 
Dealt to b09f1b9 
Hero: folds
5fbf153f: folds
2a5466a9: raises $0.12 to $0.22
42603520: folds
b09f1b9: folds
Uncalled bet ($0.12) returned to 2a5466a9
*** SHOWDOWN ***
2a5466a9 collected $0.25 from pot
*** SUMMARY ***
Total pot $0.25 | Rake $0 | Jackpot $0 | Bingo $0 | Fortune $0 | Tax $0
Seat 1: Hero folded before Flop (didn't bet)
Seat 2: 5fbf153f folded before Flop (didn't bet)
Seat 3: 2a5466a9 (button) collected ($0.25)
Seat 4: 42603520 (small blind) folded before Flop
Seat 6: b09f1b9 (big blind) folded before Flop


Poker Hand #HD1780748334: Hold'em No Limit ($0.05/$0.1) - 2024/05/20 17:49:46
Table 'NLHRed42' 6-max Seat #2 is the button
Seat 1: Hero ($10.18 in chips)
Seat 2: 5fbf153f ($18.7 in chips)
Seat 3: 2a5466a9 ($12 in chips)
Seat 4: 42603520 ($15.55 in chips)
Seat 6: b09f1b9 ($17.64 in chips)
2a5466a9: posts small blind $0.05
42603520: posts big blind $0.1
*** HOLE CARDS ***
Dealt to Hero [Th 3s]
Dealt to 5fbf153f 
Dealt to 2a5466a9 
Dealt to 42603520 
Dealt to b09f1b9 
b09f1b9: raises $0.1 to $0.2
Hero: folds
5fbf153f: folds
2a5466a9: folds
42603520: folds
Uncalled bet ($0.1) returned to b09f1b9
*** SHOWDOWN ***
b09f1b9 collected $0.25 from pot
*** SUMMARY ***
Total pot $0.25 | Rake $0 | Jackpot $0 | Bingo $0 | Fortune $0 | Tax $0
Seat 1: Hero folded before Flop (didn't bet)
Seat 2: 5fbf153f (button) folded before Flop (didn't bet)
Seat 3: 2a5466a9 (small blind) folded before Flop
Seat 4: 42603520 (big blind) folded before Flop
Seat 6: b09f1b9 collected ($0.25)


Poker Hand #HD1780748295: Hold'em No Limit ($0.05/$0.1) - 2024/05/20 17:49:29
Table 'NLHRed42' 6-max Seat #1 is the button
Seat 1: Hero ($10.18 in chips)
Seat 2: 5fbf153f ($18.75 in chips)
Seat 3: 2a5466a9 ($11.95 in chips)
Seat 4: 42603520 ($15.55 in chips)
Seat 6: b09f1b9 ($17.64 in chips)
5fbf153f: posts small blind $0.05
2a5466a9: posts big blind $0.1
*** HOLE CARDS ***
Dealt to Hero [3s 5d]
Dealt to 5fbf153f 
Dealt to 2a5466a9 
Dealt to 42603520 
Dealt to b09f1b9 
42603520: folds
b09f1b9: folds
Hero: folds
5fbf153f: folds
Uncalled bet ($0.05) returned to 2a5466a9
*** SHOWDOWN ***
2a5466a9 collected $0.1 from pot
*** SUMMARY ***
Total pot $0.1 | Rake $0 | Jackpot $0 | Bingo $0 | Fortune $0 | Tax $0
Seat 1: Hero (button) folded before Flop (didn't bet)
Seat 2: 5fbf153f (small blind) folded before Flop
Seat 3: 2a5466a9 (big blind) collected ($0.1)
Seat 4: 42603520 folded before Flop (didn't bet)
Seat 6: b09f1b9 folded before Flop (didn't bet)


Poker Hand #HD1780748150: Hold'em No Limit ($0.05/$0.1) - 2024/05/20 17:48:26
Table 'NLHRed42' 6-max Seat #6 is the button
Seat 1: Hero ($10.23 in chips)
Seat 2: 5fbf153f ($18.85 in chips)
Seat 3: 2a5466a9 ($11.95 in chips)
Seat 4: 42603520 ($15.75 in chips)
Seat 6: b09f1b9 ($17.31 in chips)
Hero: posts small blind $0.05
5fbf153f: posts big blind $0.1
*** HOLE CARDS ***
Dealt to Hero [4s 7c]
Dealt to 5fbf153f 
Dealt to 2a5466a9 
Dealt to 42603520 
Dealt to b09f1b9 
2a5466a9: folds
42603520: raises $0.1 to $0.2
b09f1b9: calls $0.2
Hero: folds
5fbf153f: folds
*** FLOP *** [5c Kd Kh]
42603520: checks
b09f1b9: checks
*** TURN *** [5c Kd Kh] [4d]
42603520: checks
b09f1b9: checks
*** RIVER *** [5c Kd Kh 4d] [Ks]
42603520: checks
b09f1b9: bets $0.55
42603520: folds
Uncalled bet ($0.55) returned to b09f1b9
*** SHOWDOWN ***
b09f1b9 collected $0.53 from pot
*** SUMMARY ***
Total pot $0.55 | Rake $0.02 | Jackpot $0 | Bingo $0 | Fortune $0 | Tax $0
Board [5c Kd Kh 4d Ks]
Seat 1: Hero (small blind) folded before Flop
Seat 2: 5fbf153f (big blind) folded before Flop
Seat 3: 2a5466a9 folded before Flop (didn't bet)
Seat 4: 42603520 folded on the River
Seat 6: b09f1b9 (button) won ($0.53)


Poker Hand #HD1780748093: Hold'em No Limit ($0.05/$0.1) - 2024/05/20 17:47:59
Table 'NLHRed42' 6-max Seat #4 is the button
Seat 1: Hero ($10.33 in chips)
Seat 2: 5fbf153f ($18.85 in chips)
Seat 3: 2a5466a9 ($11.8 in chips)
Seat 4: 42603520 ($15.75 in chips)
Seat 6: b09f1b9 ($17.36 in chips)
b09f1b9: posts small blind $0.05
Hero: posts big blind $0.1
*** HOLE CARDS ***
Dealt to Hero [3h 9s]
Dealt to 5fbf153f 
Dealt to 2a5466a9 
Dealt to 42603520 
Dealt to b09f1b9 
5fbf153f: folds
2a5466a9: raises $0.12 to $0.22
42603520: folds
b09f1b9: folds
Hero: folds
Uncalled bet ($0.12) returned to 2a5466a9
*** SHOWDOWN ***
2a5466a9 collected $0.25 from pot
*** SUMMARY ***
Total pot $0.25 | Rake $0 | Jackpot $0 | Bingo $0 | Fortune $0 | Tax $0
Seat 1: Hero (big blind) folded before Flop
Seat 2: 5fbf153f folded before Flop (didn't bet)
Seat 3: 2a5466a9 collected ($0.25)
Seat 4: 42603520 (button) folded before Flop (didn't bet)
Seat 6: b09f1b9 (small blind) folded before Flop


Poker Hand #HD1780747887: Hold'em No Limit ($0.05/$0.1) - 2024/05/20 17:46:34
Table 'NLHRed42' 6-max Seat #3 is the button
Seat 1: Hero ($10.33 in chips)
Seat 2: 5fbf153f ($20.8 in chips)
Seat 3: 2a5466a9 ($11.8 in chips)
Seat 4: 42603520 ($13.99 in chips)
Seat 6: b09f1b9 ($17.46 in chips)
42603520: posts small blind $0.05
b09f1b9: posts big blind $0.1
*** HOLE CARDS ***
Dealt to Hero [8c Jd]
Dealt to 5fbf153f 
Dealt to 2a5466a9 
Dealt to 42603520 
Dealt to b09f1b9 
Hero: folds
5fbf153f: raises $0.15 to $0.25
2a5466a9: folds
42603520: calls $0.2
b09f1b9: folds
*** FLOP *** [9c Qd As]
42603520: checks
5fbf153f: bets $0.18
42603520: calls $0.18
*** TURN *** [9c Qd As] [3c]
42603520: bets $0.5
5fbf153f: calls $0.5
*** RIVER *** [9c Qd As 3c] [2s]
42603520: bets $1.02
5fbf153f: calls $1.02
42603520: shows [Jc Ac] (Pair of Aces)
5fbf153f: shows [Qh Kd] (Pair of Queens)
*** SHOWDOWN ***
42603520 collected $3.71 from pot
*** SUMMARY ***
Total pot $4 | Rake $0.19 | Jackpot $0.1 | Bingo $0 | Fortune $0 | Tax $0
Board [9c Qd As 3c 2s]
Seat 1: Hero folded before Flop (didn't bet)
Seat 2: 5fbf153f showed [Qh Kd] and lost with Pair of Queens
Seat 3: 2a5466a9 (button) folded before Flop (didn't bet)
Seat 4: 42603520 (small blind) showed [Jc Ac] and won ($3.71) with Pair of Aces
Seat 6: b09f1b9 (big blind) folded before Flop


Poker Hand #HD1780747832: Hold'em No Limit ($0.05/$0.1) - 2024/05/20 17:46:11
Table 'NLHRed42' 6-max Seat #2 is the button
Seat 1: Hero ($10.33 in chips)
Seat 2: 5fbf153f ($20.8 in chips)
Seat 3: 2a5466a9 ($11.85 in chips)
Seat 4: 42603520 ($14.09 in chips)
Seat 6: b09f1b9 ($17.31 in chips)
2a5466a9: posts small blind $0.05
42603520: posts big blind $0.1
*** HOLE CARDS ***
Dealt to Hero [3h 9h]
Dealt to 5fbf153f 
Dealt to 2a5466a9 
Dealt to 42603520 
Dealt to b09f1b9 
b09f1b9: raises $0.1 to $0.2
Hero: folds
5fbf153f: folds
2a5466a9: folds
42603520: folds
Uncalled bet ($0.1) returned to b09f1b9
*** SHOWDOWN ***
b09f1b9 collected $0.25 from pot
*** SUMMARY ***
Total pot $0.25 | Rake $0 | Jackpot $0 | Bingo $0 | Fortune $0 | Tax $0
Seat 1: Hero folded before Flop (didn't bet)
Seat 2: 5fbf153f (button) folded before Flop (didn't bet)
Seat 3: 2a5466a9 (small blind) folded before Flop
Seat 4: 42603520 (big blind) folded before Flop
Seat 6: b09f1b9 collected ($0.25)


Poker Hand #HD1780747787: Hold'em No Limit ($0.05/$0.1) - 2024/05/20 17:45:52
Table 'NLHRed42' 6-max Seat #1 is the button
Seat 1: Hero ($10.18 in chips)
Seat 2: 5fbf153f ($20.85 in chips)
Seat 3: 2a5466a9 ($11.95 in chips)
Seat 4: 42603520 ($14.09 in chips)
Seat 6: b09f1b9 ($17.31 in chips)
5fbf153f: posts small blind $0.05
2a5466a9: posts big blind $0.1
*** HOLE CARDS ***
Dealt to Hero [8s Ad]
Dealt to 5fbf153f 
Dealt to 2a5466a9 
Dealt to 42603520 
Dealt to b09f1b9 
42603520: folds
b09f1b9: folds
Hero: raises $0.14 to $0.24
5fbf153f: folds
2a5466a9: folds
Uncalled bet ($0.14) returned to Hero
*** SHOWDOWN ***
Hero collected $0.25 from pot
*** SUMMARY ***
Total pot $0.25 | Rake $0 | Jackpot $0 | Bingo $0 | Fortune $0 | Tax $0
Seat 1: Hero (button) collected ($0.25)
Seat 2: 5fbf153f (small blind) folded before Flop
Seat 3: 2a5466a9 (big blind) folded before Flop
Seat 4: 42603520 folded before Flop (didn't bet)
Seat 6: b09f1b9 folded before Flop (didn't bet)


Poker Hand #HD1780747716: Hold'em No Limit ($0.05/$0.1) - 2024/05/20 17:45:25
Table 'NLHRed42' 6-max Seat #6 is the button
Seat 1: Hero ($10.23 in chips)
Seat 2: 5fbf153f ($20.8 in chips)
Seat 3: 2a5466a9 ($11.95 in chips)
Seat 4: 42603520 ($14.09 in chips)
Seat 6: b09f1b9 ($17.31 in chips)
Hero: posts small blind $0.05
5fbf153f: posts big blind $0.1
*** HOLE CARDS ***
Dealt to Hero [Jh 3c]
Dealt to 5fbf153f 
Dealt to 2a5466a9 
Dealt to 42603520 
Dealt to b09f1b9 
2a5466a9: folds
42603520: folds
b09f1b9: folds
Hero: folds
Uncalled bet ($0.05) returned to 5fbf153f
*** SHOWDOWN ***
5fbf153f collected $0.1 from pot
*** SUMMARY ***
Total pot $0.1 | Rake $0 | Jackpot $0 | Bingo $0 | Fortune $0 | Tax $0
Seat 1: Hero (small blind) folded before Flop
Seat 2: 5fbf153f (big blind) collected ($0.1)
Seat 3: 2a5466a9 folded before Flop (didn't bet)
Seat 4: 42603520 folded before Flop (didn't bet)
Seat 6: b09f1b9 (button) folded before Flop (didn't bet)


Poker Hand #HD1780747675: Hold'em No Limit ($0.05/$0.1) - 2024/05/20 17:45:09
Table 'NLHRed42' 6-max Seat #4 is the button
Seat 1: Hero ($10.33 in chips)
Seat 2: 5fbf153f ($20.65 in chips)
Seat 3: 2a5466a9 ($11.95 in chips)
Seat 4: 42603520 ($14.09 in chips)
Seat 6: b09f1b9 ($17.36 in chips)
b09f1b9: posts small blind $0.05
Hero: posts big blind $0.1
*** HOLE CARDS ***
Dealt to Hero [Kd 8h]
Dealt to 5fbf153f 
Dealt to 2a5466a9 
Dealt to 42603520 
Dealt to b09f1b9 
5fbf153f: raises $0.15 to $0.25
2a5466a9: folds
42603520: folds
b09f1b9: folds
Hero: folds
Uncalled bet ($0.15) returned to 5fbf153f
*** SHOWDOWN ***
5fbf153f collected $0.25 from pot
*** SUMMARY ***
Total pot $0.25 | Rake $0 | Jackpot $0 | Bingo $0 | Fortune $0 | Tax $0
Seat 1: Hero (big blind) folded before Flop
Seat 2: 5fbf153f collected ($0.25)
Seat 3: 2a5466a9 folded before Flop (didn't bet)
Seat 4: 42603520 (button) folded before Flop (didn't bet)
Seat 6: b09f1b9 (small blind) folded before Flop


Poker Hand #HD1780747499: Hold'em No Limit ($0.05/$0.1) - 2024/05/20 17:43:50
Table 'NLHRed42' 6-max Seat #3 is the button
Seat 1: Hero ($10.33 in chips)
Seat 2: 5fbf153f ($18.97 in chips)
Seat 3: 2a5466a9 ($11.95 in chips)
Seat 4: 42603520 ($15.95 in chips)
Seat 6: b09f1b9 ($17.46 in chips)
42603520: posts small blind $0.05
b09f1b9: posts big blind $0.1
*** HOLE CARDS ***
Dealt to Hero [Ks 5h]
Dealt to 5fbf153f 
Dealt to 2a5466a9 
Dealt to 42603520 
Dealt to b09f1b9 
Hero: folds
5fbf153f: raises $0.15 to $0.25
2a5466a9: folds
42603520: raises $0.85 to $1.1
b09f1b9: folds
5fbf153f: calls $0.85
*** FLOP *** [Td 5s 8h]
42603520: bets $0.76
5fbf153f: calls $0.76
*** TURN *** [Td 5s 8h] [Jh]
42603520: checks
5fbf153f: bets $2.95
42603520: folds
Uncalled bet ($2.95) returned to 5fbf153f
*** SHOWDOWN ***
5fbf153f collected $3.54 from pot
*** SUMMARY ***
Total pot $3.82 | Rake $0.18 | Jackpot $0.1 | Bingo $0 | Fortune $0 | Tax $0
Board [Td 5s 8h Jh]
Seat 1: Hero folded before Flop (didn't bet)
Seat 2: 5fbf153f won ($3.54)
Seat 3: 2a5466a9 (button) folded before Flop (didn't bet)
Seat 4: 42603520 (small blind) folded on the Turn
Seat 6: b09f1b9 (big blind) folded before Flop


Poker Hand #HD1780747424: Hold'em No Limit ($0.05/$0.1) - 2024/05/20 17:43:16
Table 'NLHRed42' 6-max Seat #2 is the button
Seat 1: Hero ($10 in chips)
Seat 2: 5fbf153f ($18.97 in chips)
Seat 3: 2a5466a9 ($12 in chips)
Seat 4: 42603520 ($16.05 in chips)
Seat 6: b09f1b9 ($17.66 in chips)
2a5466a9: posts small blind $0.05
42603520: posts big blind $0.1
*** HOLE CARDS ***
Dealt to Hero [Kd Ks]
Dealt to 5fbf153f 
Dealt to 2a5466a9 
Dealt to 42603520 
Dealt to b09f1b9 
b09f1b9: raises $0.1 to $0.2
Hero: raises $0.5 to $0.7
5fbf153f: folds
2a5466a9: folds
42603520: folds
b09f1b9: folds
Uncalled bet ($0.5) returned to Hero
*** SHOWDOWN ***
Hero collected $0.53 from pot
*** SUMMARY ***
Total pot $0.55 | Rake $0.02 | Jackpot $0 | Bingo $0 | Fortune $0 | Tax $0
Seat 1: Hero collected ($0.53)
Seat 2: 5fbf153f (button) folded before Flop (didn't bet)
Seat 3: 2a5466a9 (small blind) folded before Flop
Seat 4: 42603520 (big blind) folded before Flop
Seat 6: b09f1b9 folded before Flop


Poker Hand #HD1780747353: Hold'em No Limit ($0.05/$0.1) - 2024/05/20 17:42:44
Table 'NLHRed42' 6-max Seat #1 is the button
Seat 1: Hero ($10 in chips)
Seat 2: 5fbf153f ($18.87 in chips)
Seat 3: 2a5466a9 ($12.1 in chips)
Seat 4: 42603520 ($16.05 in chips)
Seat 6: b09f1b9 ($17.66 in chips)
5fbf153f: posts small blind $0.05
2a5466a9: posts big blind $0.1
*** HOLE CARDS ***
Dealt to Hero [Ks 6d]
Dealt to 5fbf153f 
Dealt to 2a5466a9 
Dealt to 42603520 
Dealt to b09f1b9 
42603520: folds
b09f1b9: folds
Hero: folds
5fbf153f: raises $0.2 to $0.3
2a5466a9: folds
Uncalled bet ($0.2) returned to 5fbf153f
*** SHOWDOWN ***
5fbf153f collected $0.2 from pot
*** SUMMARY ***
Total pot $0.2 | Rake $0 | Jackpot $0 | Bingo $0 | Fortune $0 | Tax $0
Seat 1: Hero (button) folded before Flop (didn't bet)
Seat 2: 5fbf153f (small blind) collected ($0.2)
Seat 3: 2a5466a9 (big blind) folded before Flop
Seat 4: 42603520 folded before Flop (didn't bet)
Seat 6: b09f1b9 folded before Flop (didn't bet)


Poker Hand #HD1780747305: Hold'em No Limit ($0.05/$0.1) - 2024/05/20 17:42:27
Table 'NLHRed42' 6-max Seat #6 is the button
Seat 1: Hero ($10 in chips)
Seat 2: 5fbf153f ($18.97 in chips)
Seat 3: 2a5466a9 ($12.1 in chips)
Seat 4: 42603520 ($16.05 in chips)
Seat 6: b09f1b9 ($17.51 in chips)
Hero: posts small blind $0.05
5fbf153f: posts big blind $0.1
*** HOLE CARDS ***
Dealt to Hero [2s 8d]
Dealt to 5fbf153f 
Dealt to 2a5466a9 
Dealt to 42603520 
Dealt to b09f1b9 
2a5466a9: folds
42603520: folds
b09f1b9: raises $0.1 to $0.2
Hero: folds
5fbf153f: folds
Uncalled bet ($0.1) returned to b09f1b9
*** SHOWDOWN ***
b09f1b9 collected $0.25 from pot
*** SUMMARY ***
Total pot $0.25 | Rake $0 | Jackpot $0 | Bingo $0 | Fortune $0 | Tax $0
Seat 1: Hero (small blind) folded before Flop
Seat 2: 5fbf153f (big blind) folded before Flop
Seat 3: 2a5466a9 folded before Flop (didn't bet)
Seat 4: 42603520 folded before Flop (didn't bet)
Seat 6: b09f1b9 (button) collected ($0.25)


Poker Hand #HD1780747107: Hold'em No Limit ($0.05/$0.1) - 2024/05/20 17:41:03
Table 'NLHRed42' 6-max Seat #4 is the button
Seat 1: Hero ($10 in chips)
Seat 2: 5fbf153f ($18.14 in chips)
Seat 3: 2a5466a9 ($12.1 in chips)
Seat 4: 42603520 ($16.05 in chips)
Seat 6: b09f1b9 ($18.16 in chips)
b09f1b9: posts small blind $0.05
Hero: posts big blind $0.1
*** HOLE CARDS ***
Dealt to Hero [5d 5s]
Dealt to 5fbf153f 
Dealt to 2a5466a9 
Dealt to 42603520 
Dealt to b09f1b9 
5fbf153f: raises $0.15 to $0.25
2a5466a9: folds
42603520: folds
b09f1b9: calls $0.2
Hero: calls $0.15
*** FLOP *** [7s Qh Td]
b09f1b9: checks
Hero: checks
5fbf153f: bets $0.4
b09f1b9: calls $0.4
Hero: folds
*** TURN *** [7s Qh Td] [3d]
b09f1b9: checks
5fbf153f: bets $1.2
b09f1b9: folds
Uncalled bet ($1.2) returned to 5fbf153f
*** SHOWDOWN ***
5fbf153f collected $1.48 from pot
*** SUMMARY ***
Total pot $1.55 | Rake $0.07 | Jackpot $0 | Bingo $0 | Fortune $0 | Tax $0
Board [7s Qh Td 3d]
Seat 1: Hero (big blind) folded on the Flop
Seat 2: 5fbf153f won ($1.48)
Seat 3: 2a5466a9 folded before Flop (didn't bet)
Seat 4: 42603520 (button) folded before Flop (didn't bet)
Seat 6: b09f1b9 (small blind) folded on the Turn


Poker Hand #HD1780746959: Hold'em No Limit ($0.05/$0.1) - 2024/05/20 17:39:51
Table 'NLHRed42' 6-max Seat #3 is the button
Seat 1: Hero ($10 in chips)
Seat 2: 5fbf153f ($18.14 in chips)
Seat 3: 2a5466a9 ($12.1 in chips)
Seat 4: 42603520 ($14.92 in chips)
Seat 6: b09f1b9 ($19.41 in chips)
42603520: posts small blind $0.05
b09f1b9: posts big blind $0.1
*** HOLE CARDS ***
Dealt to Hero [7h Tc]
Dealt to 5fbf153f 
Dealt to 2a5466a9 
Dealt to 42603520 
Dealt to b09f1b9 
Hero: folds
5fbf153f: folds
2a5466a9: folds
42603520: raises $0.2 to $0.3
b09f1b9: calls $0.2
*** FLOP *** [8h 9d 5c]
42603520: checks
b09f1b9: bets $0.2
42603520: calls $0.2
*** TURN *** [8h 9d 5c] [Ts]
42603520: checks
b09f1b9: bets $0.75
42603520: raises $1.3 to $2.05
b09f1b9: folds
Uncalled bet ($1.3) returned to 42603520
*** SHOWDOWN ***
42603520 collected $2.38 from pot
*** SUMMARY ***
Total pot $2.5 | Rake $0.12 | Jackpot $0 | Bingo $0 | Fortune $0 | Tax $0
Board [8h 9d 5c Ts]
Seat 1: Hero folded before Flop (didn't bet)
Seat 2: 5fbf153f folded before Flop (didn't bet)
Seat 3: 2a5466a9 (button) folded before Flop (didn't bet)
Seat 4: 42603520 (small blind) won ($2.38)
Seat 6: b09f1b9 (big blind) folded on the Turn


Poker Hand #HD1780746856: Hold'em No Limit ($0.05/$0.1) - 2024/05/20 17:39:05
Table 'NLHRed42' 6-max Seat #2 is the button
Seat 1: Hero ($10.15 in chips)
Seat 2: 5fbf153f ($18.14 in chips)
Seat 3: 2a5466a9 ($12.15 in chips)
Seat 4: 42603520 ($14.65 in chips)
Seat 6: b09f1b9 ($19.41 in chips)
2a5466a9: posts small blind $0.05
42603520: posts big blind $0.1
*** HOLE CARDS ***
Dealt to Hero [Td 8d]
Dealt to 5fbf153f 
Dealt to 2a5466a9 
Dealt to 42603520 
Dealt to b09f1b9 
b09f1b9: folds
Hero: raises $0.14 to $0.24
5fbf153f: folds
2a5466a9: folds
42603520: raises $0.86 to $1.1
Hero: folds
Uncalled bet ($0.86) returned to 42603520
*** SHOWDOWN ***
42603520 collected $0.51 from pot
*** SUMMARY ***
Total pot $0.53 | Rake $0.02 | Jackpot $0 | Bingo $0 | Fortune $0 | Tax $0
Seat 1: Hero folded before Flop
Seat 2: 5fbf153f (button) folded before Flop (didn't bet)
Seat 3: 2a5466a9 (small blind) folded before Flop
Seat 4: 42603520 (big blind) collected ($0.51)
Seat 6: b09f1b9 folded before Flop (didn't bet)


Poker Hand #HD1780746800: Hold'em No Limit ($0.05/$0.1) - 2024/05/20 17:38:41
Table 'NLHRed42' 6-max Seat #1 is the button
Seat 1: Hero ($10.15 in chips)
Seat 2: 5fbf153f ($18.19 in chips)
Seat 3: 2a5466a9 ($12.25 in chips)
Seat 4: 42603520 ($14.65 in chips)
Seat 6: b09f1b9 ($19.26 in chips)
5fbf153f: posts small blind $0.05
2a5466a9: posts big blind $0.1
*** HOLE CARDS ***
Dealt to Hero [5h Jc]
Dealt to 5fbf153f 
Dealt to 2a5466a9 
Dealt to 42603520 
Dealt to b09f1b9 
42603520: folds
b09f1b9: raises $0.1 to $0.2
Hero: folds
5fbf153f: folds
2a5466a9: folds
Uncalled bet ($0.1) returned to b09f1b9
*** SHOWDOWN ***
b09f1b9 collected $0.25 from pot
*** SUMMARY ***
Total pot $0.25 | Rake $0 | Jackpot $0 | Bingo $0 | Fortune $0 | Tax $0
Seat 1: Hero (button) folded before Flop (didn't bet)
Seat 2: 5fbf153f (small blind) folded before Flop
Seat 3: 2a5466a9 (big blind) folded before Flop
Seat 4: 42603520 folded before Flop (didn't bet)
Seat 6: b09f1b9 collected ($0.25)


Poker Hand #HD1780746633: Hold'em No Limit ($0.05/$0.1) - 2024/05/20 17:37:25
Table 'NLHRed42' 6-max Seat #6 is the button
Seat 1: Hero ($10.2 in chips)
Seat 2: 5fbf153f ($17.96 in chips)
Seat 3: 2a5466a9 ($12.25 in chips)
Seat 4: 42603520 ($14.65 in chips)
Seat 6: b09f1b9 ($19.46 in chips)
Hero: posts small blind $0.05
5fbf153f: posts big blind $0.1
*** HOLE CARDS ***
Dealt to Hero [3h 3c]
Dealt to 5fbf153f 
Dealt to 2a5466a9 
Dealt to 42603520 
Dealt to b09f1b9 
2a5466a9: folds
42603520: folds
b09f1b9: raises $0.1 to $0.2
Hero: folds
5fbf153f: calls $0.1
*** FLOP *** [2s 4s 3s]
5fbf153f: checks
b09f1b9: checks
*** TURN *** [2s 4s 3s] [Ad]
5fbf153f: checks
b09f1b9: checks
*** RIVER *** [2s 4s 3s Ad] [Js]
5fbf153f: bets $1.35
b09f1b9: folds
Uncalled bet ($1.35) returned to 5fbf153f
*** SHOWDOWN ***
5fbf153f collected $0.43 from pot
*** SUMMARY ***
Total pot $0.45 | Rake $0.02 | Jackpot $0 | Bingo $0 | Fortune $0 | Tax $0
Board [2s 4s 3s Ad Js]
Seat 1: Hero (small blind) folded before Flop
Seat 2: 5fbf153f (big blind) won ($0.43)
Seat 3: 2a5466a9 folded before Flop (didn't bet)
Seat 4: 42603520 folded before Flop (didn't bet)
Seat 6: b09f1b9 (button) folded on the River


Poker Hand #HD1780746597: Hold'em No Limit ($0.05/$0.1) - 2024/05/20 17:37:09
Table 'NLHRed42' 6-max Seat #4 is the button
Seat 1: Hero ($10.15 in chips)
Seat 2: 5fbf153f ($17.96 in chips)
Seat 3: 2a5466a9 ($12.25 in chips)
Seat 4: 42603520 ($14.65 in chips)
Seat 6: b09f1b9 ($19.51 in chips)
b09f1b9: posts small blind $0.05
Hero: posts big blind $0.1
*** HOLE CARDS ***
Dealt to Hero [9c 6s]
Dealt to 5fbf153f 
Dealt to 2a5466a9 
Dealt to 42603520 
Dealt to b09f1b9 
5fbf153f: folds
2a5466a9: folds
42603520: folds
b09f1b9: folds
Uncalled bet ($0.05) returned to Hero
*** SHOWDOWN ***
Hero collected $0.1 from pot
*** SUMMARY ***
Total pot $0.1 | Rake $0 | Jackpot $0 | Bingo $0 | Fortune $0 | Tax $0
Seat 1: Hero (big blind) collected ($0.1)
Seat 2: 5fbf153f folded before Flop (didn't bet)
Seat 3: 2a5466a9 folded before Flop (didn't bet)
Seat 4: 42603520 (button) folded before Flop (didn't bet)
Seat 6: b09f1b9 (small blind) folded before Flop


Poker Hand #HD1780746565: Hold'em No Limit ($0.05/$0.1) - 2024/05/20 17:36:52
Table 'NLHRed42' 6-max Seat #3 is the button
Seat 1: Hero ($10.15 in chips)
Seat 2: 5fbf153f ($17.96 in chips)
Seat 3: 2a5466a9 ($12.25 in chips)
Seat 4: 42603520 ($14.7 in chips)
Seat 6: b09f1b9 ($19.46 in chips)
42603520: posts small blind $0.05
b09f1b9: posts big blind $0.1
*** HOLE CARDS ***
Dealt to Hero [7h 4d]
Dealt to 5fbf153f 
Dealt to 2a5466a9 
Dealt to 42603520 
Dealt to b09f1b9 
Hero: folds
5fbf153f: folds
2a5466a9: folds
42603520: folds
Uncalled bet ($0.05) returned to b09f1b9
*** SHOWDOWN ***
b09f1b9 collected $0.1 from pot
*** SUMMARY ***
Total pot $0.1 | Rake $0 | Jackpot $0 | Bingo $0 | Fortune $0 | Tax $0
Seat 1: Hero folded before Flop (didn't bet)
Seat 2: 5fbf153f folded before Flop (didn't bet)
Seat 3: 2a5466a9 (button) folded before Flop (didn't bet)
Seat 4: 42603520 (small blind) folded before Flop
Seat 6: b09f1b9 (big blind) collected ($0.1)


Poker Hand #HD1780746425: Hold'em No Limit ($0.05/$0.1) - 2024/05/20 17:35:48
Table 'NLHRed42' 6-max Seat #2 is the button
Seat 1: Hero ($10.15 in chips)
Seat 2: 5fbf153f ($13.38 in chips)
Seat 3: 2a5466a9 ($12.3 in chips)
Seat 4: 42603520 ($14.8 in chips)
Seat 5: 1b66cb74 ($4.72 in chips)
Seat 6: b09f1b9 ($19.76 in chips)
2a5466a9: posts small blind $0.05
42603520: posts big blind $0.1
*** HOLE CARDS ***
Dealt to Hero [4c 9s]
Dealt to 5fbf153f 
Dealt to 2a5466a9 
Dealt to 42603520 
Dealt to 1b66cb74 
Dealt to b09f1b9 
1b66cb74: raises $0.2 to $0.3
b09f1b9: calls $0.3
Hero: folds
5fbf153f: raises $0.6 to $0.9
2a5466a9: folds
42603520: folds
1b66cb74: raises $3.82 to $4.72 and is all-in
b09f1b9: folds
5fbf153f: calls $3.82
1b66cb74: shows [As Qh]
5fbf153f: shows [Kc Ks]
*** FLOP *** [Th Kh 8h]
*** TURN *** [Th Kh 8h] [Jd]
*** RIVER *** [Th Kh 8h Jd] [Jc]
*** SHOWDOWN ***
5fbf153f collected $9.3 from pot
*** SUMMARY ***
Total pot $9.89 | Rake $0.49 | Jackpot $0.1 | Bingo $0 | Fortune $0 | Tax $0
Board [Th Kh 8h Jd Jc]
Seat 1: Hero folded before Flop (didn't bet)
Seat 2: 5fbf153f (button) showed [Kc Ks] and won ($9.3) with Kings Full over Jacks
Seat 3: 2a5466a9 (small blind) folded before Flop
Seat 4: 42603520 (big blind) folded before Flop
Seat 5: 1b66cb74 showed [As Qh] and lost with Aces-High Straight
Seat 6: b09f1b9 folded before Flop


Poker Hand #HD1780746349: Hold'em No Limit ($0.05/$0.1) - 2024/05/20 17:35:15
Table 'NLHRed42' 6-max Seat #1 is the button
Seat 1: Hero ($10 in chips)
Seat 2: 5fbf153f ($13.43 in chips)
Seat 3: 2a5466a9 ($12.4 in chips)
Seat 4: 42603520 ($14.8 in chips)
Seat 5: 1b66cb74 ($4.72 in chips)
Seat 6: b09f1b9 ($19.76 in chips)
5fbf153f: posts small blind $0.05
2a5466a9: posts big blind $0.1
*** HOLE CARDS ***
Dealt to Hero [Ad 6s]
Dealt to 5fbf153f 
Dealt to 2a5466a9 
Dealt to 42603520 
Dealt to 1b66cb74 
Dealt to b09f1b9 
42603520: folds
1b66cb74: folds
b09f1b9: folds
Hero: raises $0.14 to $0.24
5fbf153f: folds
2a5466a9: folds
Uncalled bet ($0.14) returned to Hero
*** SHOWDOWN ***
Hero collected $0.25 from pot
*** SUMMARY ***
Total pot $0.25 | Rake $0 | Jackpot $0 | Bingo $0 | Fortune $0 | Tax $0
Seat 1: Hero (button) collected ($0.25)
Seat 2: 5fbf153f (small blind) folded before Flop
Seat 3: 2a5466a9 (big blind) folded before Flop
Seat 4: 42603520 folded before Flop (didn't bet)
Seat 5: 1b66cb74 folded before Flop (didn't bet)
Seat 6: b09f1b9 folded before Flop (didn't bet)


Poker Hand #HD1780746240: Hold'em No Limit ($0.05/$0.1) - 2024/05/20 17:34:29
Table 'NLHRed42' 6-max Seat #6 is the button
Seat 1: Hero ($10.05 in chips)
Seat 2: 5fbf153f ($13.18 in chips)
Seat 3: 2a5466a9 ($12.62 in chips)
Seat 4: 42603520 ($14.8 in chips)
Seat 5: 1b66cb74 ($4.72 in chips)
Seat 6: b09f1b9 ($19.76 in chips)
Hero: posts small blind $0.05
5fbf153f: posts big blind $0.1
*** HOLE CARDS ***
Dealt to Hero [8h 8s]
Dealt to 5fbf153f 
Dealt to 2a5466a9 
Dealt to 42603520 
Dealt to 1b66cb74 
Dealt to b09f1b9 
2a5466a9: raises $0.12 to $0.22
42603520: folds
1b66cb74: folds
b09f1b9: folds
Hero: folds
5fbf153f: raises $0.98 to $1.2
2a5466a9: folds
Uncalled bet ($0.98) returned to 5fbf153f
*** SHOWDOWN ***
5fbf153f collected $0.47 from pot
*** SUMMARY ***
Total pot $0.49 | Rake $0.02 | Jackpot $0 | Bingo $0 | Fortune $0 | Tax $0
Seat 1: Hero (small blind) folded before Flop
Seat 2: 5fbf153f (big blind) collected ($0.47)
Seat 3: 2a5466a9 folded before Flop
Seat 4: 42603520 folded before Flop (didn't bet)
Seat 5: 1b66cb74 folded before Flop (didn't bet)
Seat 6: b09f1b9 (button) folded before Flop (didn't bet)


Poker Hand #HD1780746181: Hold'em No Limit ($0.05/$0.1) - 2024/05/20 17:34:01
Table 'NLHRed42' 6-max Seat #5 is the button
Seat 1: Hero ($10.15 in chips)
Seat 2: 5fbf153f ($13.18 in chips)
Seat 3: 2a5466a9 ($12.62 in chips)
Seat 4: 42603520 ($14.65 in chips)
Seat 5: 1b66cb74 ($4.72 in chips)
Seat 6: b09f1b9 ($19.81 in chips)
b09f1b9: posts small blind $0.05
Hero: posts big blind $0.1
*** HOLE CARDS ***
Dealt to Hero [Qc 3c]
Dealt to 5fbf153f 
Dealt to 2a5466a9 
Dealt to 42603520 
Dealt to 1b66cb74 
Dealt to b09f1b9 
5fbf153f: folds
2a5466a9: folds
42603520: raises $0.1 to $0.2
1b66cb74: folds
b09f1b9: folds
Hero: folds
Uncalled bet ($0.1) returned to 42603520
*** SHOWDOWN ***
42603520 collected $0.25 from pot
*** SUMMARY ***
Total pot $0.25 | Rake $0 | Jackpot $0 | Bingo $0 | Fortune $0 | Tax $0
Seat 1: Hero (big blind) folded before Flop
Seat 2: 5fbf153f folded before Flop (didn't bet)
Seat 3: 2a5466a9 folded before Flop (didn't bet)
Seat 4: 42603520 collected ($0.25)
Seat 5: 1b66cb74 (button) folded before Flop (didn't bet)
Seat 6: b09f1b9 (small blind) folded before Flop


Poker Hand #HD1780746050: Hold'em No Limit ($0.05/$0.1) - 2024/05/20 17:33:04
Table 'NLHRed42' 6-max Seat #4 is the button
Seat 1: Hero ($10.15 in chips)
Seat 2: 5fbf153f ($13.18 in chips)
Seat 3: 2a5466a9 ($12.62 in chips)
Seat 4: 42603520 ($15 in chips)
Seat 5: 1b66cb74 ($4.77 in chips)
Seat 6: b09f1b9 ($19.44 in chips)
1b66cb74: posts small blind $0.05
b09f1b9: posts big blind $0.1
*** HOLE CARDS ***
Dealt to Hero [Kh 7h]
Dealt to 5fbf153f 
Dealt to 2a5466a9 
Dealt to 42603520 
Dealt to 1b66cb74 
Dealt to b09f1b9 
Hero: folds
5fbf153f: folds
2a5466a9: folds
42603520: raises $0.1 to $0.2
1b66cb74: folds
b09f1b9: calls $0.1
*** FLOP *** [9d Qc 4c]
b09f1b9: checks
42603520: checks
*** TURN *** [9d Qc 4c] [5c]
b09f1b9: bets $0.15
42603520: calls $0.15
*** RIVER *** [9d Qc 4c 5c] [4s]
b09f1b9: bets $0.57
42603520: folds
Uncalled bet ($0.57) returned to b09f1b9
*** SHOWDOWN ***
b09f1b9 collected $0.72 from pot
*** SUMMARY ***
Total pot $0.75 | Rake $0.03 | Jackpot $0 | Bingo $0 | Fortune $0 | Tax $0
Board [9d Qc 4c 5c 4s]
Seat 1: Hero folded before Flop (didn't bet)
Seat 2: 5fbf153f folded before Flop (didn't bet)
Seat 3: 2a5466a9 folded before Flop (didn't bet)
Seat 4: 42603520 (button) folded on the River
Seat 5: 1b66cb74 (small blind) folded before Flop
Seat 6: b09f1b9 (big blind) won ($0.72)


Poker Hand #HD1780745956: Hold'em No Limit ($0.05/$0.1) - 2024/05/20 17:32:21
Table 'NLHRed42' 6-max Seat #3 is the button
Seat 1: Hero ($10.15 in chips)
Seat 2: 5fbf153f ($13.18 in chips)
Seat 3: 2a5466a9 ($12.62 in chips)
Seat 4: 42603520 ($15.1 in chips)
Seat 5: 1b66cb74 ($4.67 in chips)
Seat 6: b09f1b9 ($19.44 in chips)
42603520: posts small blind $0.05
1b66cb74: posts big blind $0.1
*** HOLE CARDS ***
Dealt to Hero [Ad 3c]
Dealt to 5fbf153f 
Dealt to 2a5466a9 
Dealt to 42603520 
Dealt to 1b66cb74 
Dealt to b09f1b9 
b09f1b9: folds
Hero: folds
5fbf153f: folds
2a5466a9: folds
42603520: calls $0.05
1b66cb74: raises $0.2 to $0.3
42603520: folds
Uncalled bet ($0.2) returned to 1b66cb74
*** SHOWDOWN ***
1b66cb74 collected $0.2 from pot
*** SUMMARY ***
Total pot $0.2 | Rake $0 | Jackpot $0 | Bingo $0 | Fortune $0 | Tax $0
Seat 1: Hero folded before Flop (didn't bet)
Seat 2: 5fbf153f folded before Flop (didn't bet)
Seat 3: 2a5466a9 (button) folded before Flop (didn't bet)
Seat 4: 42603520 (small blind) folded before Flop
Seat 5: 1b66cb74 (big blind) collected ($0.2)
Seat 6: b09f1b9 folded before Flop (didn't bet)


Poker Hand #HD1780745872: Hold'em No Limit ($0.05/$0.1) - 2024/05/20 17:31:45
Table 'NLHRed42' 6-max Seat #2 is the button
Seat 1: Hero ($10 in chips)
Seat 2: 5fbf153f ($13.18 in chips)
Seat 3: 2a5466a9 ($12.67 in chips)
Seat 4: 42603520 ($15.2 in chips)
Seat 5: 1b66cb74 ($4.67 in chips)
Seat 6: b09f1b9 ($19.44 in chips)
2a5466a9: posts small blind $0.05
42603520: posts big blind $0.1
*** HOLE CARDS ***
Dealt to Hero [8d 8s]
Dealt to 5fbf153f 
Dealt to 2a5466a9 
Dealt to 42603520 
Dealt to 1b66cb74 
Dealt to b09f1b9 
1b66cb74: folds
b09f1b9: folds
Hero: raises $0.14 to $0.24
5fbf153f: folds
2a5466a9: folds
42603520: folds
Uncalled bet ($0.14) returned to Hero
*** SHOWDOWN ***
Hero collected $0.25 from pot
*** SUMMARY ***
Total pot $0.25 | Rake $0 | Jackpot $0 | Bingo $0 | Fortune $0 | Tax $0
Seat 1: Hero collected ($0.25)
Seat 2: 5fbf153f (button) folded before Flop (didn't bet)
Seat 3: 2a5466a9 (small blind) folded before Flop
Seat 4: 42603520 (big blind) folded before Flop
Seat 5: 1b66cb74 folded before Flop (didn't bet)
Seat 6: b09f1b9 folded before Flop (didn't bet)


Poker Hand #HD1780745812: Hold'em No Limit ($0.05/$0.1) - 2024/05/20 17:31:14
Table 'NLHRed42' 6-max Seat #1 is the button
Seat 1: Hero ($10 in chips)
Seat 2: 5fbf153f ($13.23 in chips)
Seat 3: 2a5466a9 ($12.77 in chips)
Seat 4: 42603520 ($15.2 in chips)
Seat 5: 1b66cb74 ($4.67 in chips)
Seat 6: b09f1b9 ($19.29 in chips)
5fbf153f: posts small blind $0.05
2a5466a9: posts big blind $0.1
*** HOLE CARDS ***
Dealt to Hero [4h Ac]
Dealt to 5fbf153f 
Dealt to 2a5466a9 
Dealt to 42603520 
Dealt to 1b66cb74 
Dealt to b09f1b9 
42603520: folds
1b66cb74: folds
b09f1b9: raises $0.1 to $0.2
Hero: folds
5fbf153f: folds
2a5466a9: folds
Uncalled bet ($0.1) returned to b09f1b9
*** SHOWDOWN ***
b09f1b9 collected $0.25 from pot
*** SUMMARY ***
Total pot $0.25 | Rake $0 | Jackpot $0 | Bingo $0 | Fortune $0 | Tax $0
Seat 1: Hero (button) folded before Flop (didn't bet)
Seat 2: 5fbf153f (small blind) folded before Flop
Seat 3: 2a5466a9 (big blind) folded before Flop
Seat 4: 42603520 folded before Flop (didn't bet)
Seat 5: 1b66cb74 folded before Flop (didn't bet)
Seat 6: b09f1b9 collected ($0.25)


Poker Hand #HD1780745790: Hold'em No Limit ($0.05/$0.1) - 2024/05/20 17:31:06
Table 'NLHRed42' 6-max Seat #6 is the button
Seat 1: Hero ($10 in chips)
Seat 2: 5fbf153f ($13.18 in chips)
Seat 3: 2a5466a9 ($12.77 in chips)
Seat 4: 42603520 ($15.2 in chips)
Seat 5: 1b66cb74 ($4.67 in chips)
Seat 6: b09f1b9 ($19.29 in chips)
Hero: posts small blind $0.05
5fbf153f: posts big blind $0.1
*** HOLE CARDS ***
Dealt to Hero [5d 2d]
Dealt to 5fbf153f 
Dealt to 2a5466a9 
Dealt to 42603520 
Dealt to 1b66cb74 
Dealt to b09f1b9 
2a5466a9: folds
42603520: folds
1b66cb74: folds
b09f1b9: folds
Hero: folds
Uncalled bet ($0.05) returned to 5fbf153f
*** SHOWDOWN ***
5fbf153f collected $0.1 from pot
*** SUMMARY ***
Total pot $0.1 | Rake $0 | Jackpot $0 | Bingo $0 | Fortune $0 | Tax $0
Seat 1: Hero (small blind) folded before Flop
Seat 2: 5fbf153f (big blind) collected ($0.1)
Seat 3: 2a5466a9 folded before Flop (didn't bet)
Seat 4: 42603520 folded before Flop (didn't bet)
Seat 5: 1b66cb74 folded before Flop (didn't bet)
Seat 6: b09f1b9 (button) folded before Flop (didn't bet)


Poker Hand #HD1780635573: Hold'em No Limit ($0.05/$0.1) - 2024/05/20 17:29:35
Table 'NLHRed42' 6-max Seat #5 is the button
Seat 1: Hero ($10 in chips)
Seat 2: 5fbf153f ($15.18 in chips)
Seat 3: 2a5466a9 ($12.77 in chips)
Seat 4: 42603520 ($15.2 in chips)
Seat 5: 1b66cb74 ($4.92 in chips)
Seat 6: b09f1b9 ($16.63 in chips)
b09f1b9: posts small blind $0.05
Hero: posts big blind $0.1
*** HOLE CARDS ***
Dealt to Hero [6c Qc]
Dealt to 5fbf153f 
Dealt to 2a5466a9 
Dealt to 42603520 
Dealt to 1b66cb74 
Dealt to b09f1b9 
5fbf153f: raises $0.15 to $0.25
2a5466a9: folds
42603520: folds
1b66cb74: calls $0.25
b09f1b9: calls $0.2
Hero: calls $0.15
*** FLOP *** [9c 8c As]
b09f1b9: checks
Hero: checks
5fbf153f: checks
1b66cb74: checks
*** TURN *** [9c 8c As] [7d]
b09f1b9: bets $0.5
Hero: calls $0.5
5fbf153f: calls $0.5
1b66cb74: folds
*** RIVER *** [9c 8c As 7d] [2d]
b09f1b9: bets $1.25
Hero: folds
5fbf153f: calls $1.25
b09f1b9: shows [9h 9s] (Three Nines)
5fbf153f: shows [Jd Ac] (Pair of Aces)
*** SHOWDOWN ***
b09f1b9 collected $4.66 from pot
*** SUMMARY ***
Total pot $5 | Rake $0.24 | Jackpot $0.1 | Bingo $0 | Fortune $0 | Tax $0
Board [9c 8c As 7d 2d]
Seat 1: Hero (big blind) folded on the River
Seat 2: 5fbf153f showed [Jd Ac] and lost with Pair of Aces
Seat 3: 2a5466a9 folded before Flop (didn't bet)
Seat 4: 42603520 folded before Flop (didn't bet)
Seat 5: 1b66cb74 (button) folded on the Turn
Seat 6: b09f1b9 (small blind) showed [9h 9s] and won ($4.66) with Three Nines


Poker Hand #HD1780635515: Hold'em No Limit ($0.05/$0.1) - 2024/05/20 17:29:07
Table 'NLHRed42' 6-max Seat #4 is the button
Seat 1: Hero ($10 in chips)
Seat 2: 5fbf153f ($15.18 in chips)
Seat 3: 2a5466a9 ($12.77 in chips)
Seat 4: 42603520 ($15.05 in chips)
Seat 5: 1b66cb74 ($4.97 in chips)
Seat 6: b09f1b9 ($16.73 in chips)
1b66cb74: posts small blind $0.05
b09f1b9: posts big blind $0.1
*** HOLE CARDS ***
Dealt to Hero [8d Qc]
Dealt to 5fbf153f 
Dealt to 2a5466a9 
Dealt to 42603520 
Dealt to 1b66cb74 
Dealt to b09f1b9 
Hero: folds
5fbf153f: folds
2a5466a9: folds
42603520: raises $0.1 to $0.2
1b66cb74: folds
b09f1b9: folds
Uncalled bet ($0.1) returned to 42603520
*** SHOWDOWN ***
42603520 collected $0.25 from pot
*** SUMMARY ***
Total pot $0.25 | Rake $0 | Jackpot $0 | Bingo $0 | Fortune $0 | Tax $0
Seat 1: Hero folded before Flop (didn't bet)
Seat 2: 5fbf153f folded before Flop (didn't bet)
Seat 3: 2a5466a9 folded before Flop (didn't bet)
Seat 4: 42603520 (button) collected ($0.25)
Seat 5: 1b66cb74 (small blind) folded before Flop
Seat 6: b09f1b9 (big blind) folded before Flop


Poker Hand #HD1780635492: Hold'em No Limit ($0.05/$0.1) - 2024/05/20 17:28:58
Table 'NLHRed42' 6-max Seat #3 is the button
Seat 1: Hero ($10 in chips)
Seat 2: 5fbf153f ($15.18 in chips)
Seat 3: 2a5466a9 ($12.77 in chips)
Seat 4: 42603520 ($15.1 in chips)
Seat 5: 1b66cb74 ($4.92 in chips)
Seat 6: b09f1b9 ($16.73 in chips)
42603520: posts small blind $0.05
1b66cb74: posts big blind $0.1
*** HOLE CARDS ***
Dealt to Hero [5d 2h]
Dealt to 5fbf153f 
Dealt to 2a5466a9 
Dealt to 42603520 
Dealt to 1b66cb74 
Dealt to b09f1b9 
b09f1b9: folds
Hero: folds
5fbf153f: folds
2a5466a9: folds
42603520: folds
Uncalled bet ($0.05) returned to 1b66cb74
*** SHOWDOWN ***
1b66cb74 collected $0.1 from pot
*** SUMMARY ***
Total pot $0.1 | Rake $0 | Jackpot $0 | Bingo $0 | Fortune $0 | Tax $0
Seat 1: Hero folded before Flop (didn't bet)
Seat 2: 5fbf153f folded before Flop (didn't bet)
Seat 3: 2a5466a9 (button) folded before Flop (didn't bet)
Seat 4: 42603520 (small blind) folded before Flop
Seat 5: 1b66cb74 (big blind) collected ($0.1)
Seat 6: b09f1b9 folded before Flop (didn't bet)


Poker Hand #HD1780635373: Hold'em No Limit ($0.05/$0.1) - 2024/05/20 17:28:06
Table 'NLHRed42' 6-max Seat #2 is the button
Seat 1: Hero ($10 in chips)
Seat 2: 5fbf153f ($15.18 in chips)
Seat 3: 2a5466a9 ($12.82 in chips)
Seat 4: 42603520 ($15.4 in chips)
Seat 5: 1b66cb74 ($4.6 in chips)
Seat 6: b09f1b9 ($16.73 in chips)
2a5466a9: posts small blind $0.05
42603520: posts big blind $0.1
*** HOLE CARDS ***
Dealt to Hero [3d 5h]
Dealt to 5fbf153f 
Dealt to 2a5466a9 
Dealt to 42603520 
Dealt to 1b66cb74 
Dealt to b09f1b9 
1b66cb74: raises $0.2 to $0.3
b09f1b9: folds
Hero: folds
5fbf153f: folds
2a5466a9: folds
42603520: calls $0.2
*** FLOP *** [Ah 4d 3s]
42603520: checks
1b66cb74: bets $0.22
42603520: folds
Uncalled bet ($0.22) returned to 1b66cb74
*** SHOWDOWN ***
1b66cb74 collected $0.62 from pot
*** SUMMARY ***
Total pot $0.65 | Rake $0.03 | Jackpot $0 | Bingo $0 | Fortune $0 | Tax $0
Board [Ah 4d 3s]
Seat 1: Hero folded before Flop (didn't bet)
Seat 2: 5fbf153f (button) folded before Flop (didn't bet)
Seat 3: 2a5466a9 (small blind) folded before Flop
Seat 4: 42603520 (big blind) folded on the Flop
Seat 5: 1b66cb74 won ($0.62)
Seat 6: b09f1b9 folded before Flop (didn't bet)


Poker Hand #HD1780635304: Hold'em No Limit ($0.05/$0.1) - 2024/05/20 17:27:35
Table 'NLHRed42' 6-max Seat #1 is the button
Seat 1: Hero ($10 in chips)
Seat 2: 5fbf153f ($15.08 in chips)
Seat 3: 2a5466a9 ($12.92 in chips)
Seat 4: 42603520 ($15.4 in chips)
Seat 5: 1b66cb74 ($4.6 in chips)
Seat 6: b09f1b9 ($16.73 in chips)
5fbf153f: posts small blind $0.05
2a5466a9: posts big blind $0.1
*** HOLE CARDS ***
Dealt to Hero [Kc 5s]
Dealt to 5fbf153f 
Dealt to 2a5466a9 
Dealt to 42603520 
Dealt to 1b66cb74 
Dealt to b09f1b9 
42603520: folds
1b66cb74: folds
b09f1b9: folds
Hero: folds
5fbf153f: raises $0.2 to $0.3
2a5466a9: folds
Uncalled bet ($0.2) returned to 5fbf153f
*** SHOWDOWN ***
5fbf153f collected $0.2 from pot
*** SUMMARY ***
Total pot $0.2 | Rake $0 | Jackpot $0 | Bingo $0 | Fortune $0 | Tax $0
Seat 1: Hero (button) folded before Flop (didn't bet)
Seat 2: 5fbf153f (small blind) collected ($0.2)
Seat 3: 2a5466a9 (big blind) folded before Flop
Seat 4: 42603520 folded before Flop (didn't bet)
Seat 5: 1b66cb74 folded before Flop (didn't bet)
Seat 6: b09f1b9 folded before Flop (didn't bet)


Poker Hand #HD1780635249: Hold'em No Limit ($0.05/$0.1) - 2024/05/20 17:27:11
Table 'NLHRed42' 6-max Seat #6 is the button
Seat 1: Hero ($10.05 in chips)
Seat 2: 5fbf153f ($15.18 in chips)
Seat 3: 2a5466a9 ($12.92 in chips)
Seat 4: 42603520 ($15.4 in chips)
Seat 5: 1b66cb74 ($4.6 in chips)
Seat 6: b09f1b9 ($16.58 in chips)
Hero: posts small blind $0.05
5fbf153f: posts big blind $0.1
*** HOLE CARDS ***
Dealt to Hero [5d 9d]
Dealt to 5fbf153f 
Dealt to 2a5466a9 
Dealt to 42603520 
Dealt to 1b66cb74 
Dealt to b09f1b9 
2a5466a9: folds
42603520: folds
1b66cb74: folds
b09f1b9: raises $0.1 to $0.2
Hero: folds
5fbf153f: folds
Uncalled bet ($0.1) returned to b09f1b9
*** SHOWDOWN ***
b09f1b9 collected $0.25 from pot
*** SUMMARY ***
Total pot $0.25 | Rake $0 | Jackpot $0 | Bingo $0 | Fortune $0 | Tax $0
Seat 1: Hero (small blind) folded before Flop
Seat 2: 5fbf153f (big blind) folded before Flop
Seat 3: 2a5466a9 folded before Flop (didn't bet)
Seat 4: 42603520 folded before Flop (didn't bet)
Seat 5: 1b66cb74 folded before Flop (didn't bet)
Seat 6: b09f1b9 (button) collected ($0.25)


Poker Hand #HD1780635175: Hold'em No Limit ($0.05/$0.1) - 2024/05/20 17:26:41
Table 'NLHRed42' 6-max Seat #5 is the button
Seat 1: Hero ($10 in chips)
Seat 2: 5fbf153f ($15.18 in chips)
Seat 3: 2a5466a9 ($12.92 in chips)
Seat 4: 42603520 ($15.4 in chips)
Seat 5: 1b66cb74 ($4.6 in chips)
Seat 6: b09f1b9 ($16.63 in chips)
b09f1b9: posts small blind $0.05
Hero: posts big blind $0.1
*** HOLE CARDS ***
Dealt to Hero [Kc Qs]
Dealt to 5fbf153f 
Dealt to 2a5466a9 
Dealt to 42603520 
Dealt to 1b66cb74 
Dealt to b09f1b9 
5fbf153f: folds
2a5466a9: folds
42603520: folds
1b66cb74: folds
b09f1b9: folds
Uncalled bet ($0.05) returned to Hero
*** SHOWDOWN ***
Hero collected $0.1 from pot
*** SUMMARY ***
Total pot $0.1 | Rake $0 | Jackpot $0 | Bingo $0 | Fortune $0 | Tax $0
Seat 1: Hero (big blind) collected ($0.1)
Seat 2: 5fbf153f folded before Flop (didn't bet)
Seat 3: 2a5466a9 folded before Flop (didn't bet)
Seat 4: 42603520 folded before Flop (didn't bet)
Seat 5: 1b66cb74 (button) folded before Flop (didn't bet)
Seat 6: b09f1b9 (small blind) folded before Flop


Poker Hand #HD1780635129: Hold'em No Limit ($0.05/$0.1) - 2024/05/20 17:26:16
Table 'NLHRed42' 6-max Seat #4 is the button
Seat 1: Hero ($10 in chips)
Seat 2: 5fbf153f ($15.03 in chips)
Seat 3: 2a5466a9 ($12.92 in chips)
Seat 4: 42603520 ($15.4 in chips)
Seat 5: 1b66cb74 ($4.65 in chips)
Seat 6: b09f1b9 ($16.73 in chips)
1b66cb74: posts small blind $0.05
b09f1b9: posts big blind $0.1
*** HOLE CARDS ***
Dealt to Hero [4d 3c]
Dealt to 5fbf153f 
Dealt to 2a5466a9 
Dealt to 42603520 
Dealt to 1b66cb74 
Dealt to b09f1b9 
Hero: folds
5fbf153f: raises $0.15 to $0.25
2a5466a9: folds
42603520: folds
1b66cb74: folds
b09f1b9: folds
Uncalled bet ($0.15) returned to 5fbf153f
*** SHOWDOWN ***
5fbf153f collected $0.25 from pot
*** SUMMARY ***
Total pot $0.25 | Rake $0 | Jackpot $0 | Bingo $0 | Fortune $0 | Tax $0
Seat 1: Hero folded before Flop (didn't bet)
Seat 2: 5fbf153f collected ($0.25)
Seat 3: 2a5466a9 folded before Flop (didn't bet)
Seat 4: 42603520 (button) folded before Flop (didn't bet)
Seat 5: 1b66cb74 (small blind) folded before Flop
Seat 6: b09f1b9 (big blind) folded before Flop


Poker Hand #HD1780635029: Hold'em No Limit ($0.05/$0.1) - 2024/05/20 17:25:27
Table 'NLHRed42' 6-max Seat #3 is the button
Seat 1: Hero ($10 in chips)
Seat 2: 5fbf153f ($15.03 in chips)
Seat 3: 2a5466a9 ($12.92 in chips)
Seat 4: 42603520 ($15.45 in chips)
Seat 5: 1b66cb74 ($4.01 in chips)
Seat 6: b09f1b9 ($17.38 in chips)
42603520: posts small blind $0.05
1b66cb74: posts big blind $0.1
*** HOLE CARDS ***
Dealt to Hero [2s 6h]
Dealt to 5fbf153f 
Dealt to 2a5466a9 
Dealt to 42603520 
Dealt to 1b66cb74 
Dealt to b09f1b9 
b09f1b9: raises $0.1 to $0.2
Hero: folds
5fbf153f: folds
2a5466a9: folds
42603520: folds
1b66cb74: raises $0.45 to $0.65
b09f1b9: calls $0.45
*** FLOP *** [Th 6c Qh]
1b66cb74: bets $1.02
b09f1b9: folds
Uncalled bet ($1.02) returned to 1b66cb74
1b66cb74: shows [Td]
*** SHOWDOWN ***
1b66cb74 collected $1.29 from pot
*** SUMMARY ***
Total pot $1.35 | Rake $0.06 | Jackpot $0 | Bingo $0 | Fortune $0 | Tax $0
Board [Th 6c Qh]
Seat 1: Hero folded before Flop (didn't bet)
Seat 2: 5fbf153f folded before Flop (didn't bet)
Seat 3: 2a5466a9 (button) folded before Flop (didn't bet)
Seat 4: 42603520 (small blind) folded before Flop
Seat 5: 1b66cb74 (big blind) showed [Td] and won ($1.29)
Seat 6: b09f1b9 folded on the Flop


Poker Hand #HD1780634986: Hold'em No Limit ($0.05/$0.1) - 2024/05/20 17:25:09
Table 'NLHRed42' 6-max Seat #2 is the button
Seat 1: Hero ($10 in chips)
Seat 2: 5fbf153f ($15.03 in chips)
Seat 3: 2a5466a9 ($12.97 in chips)
Seat 4: 42603520 ($15.55 in chips)
Seat 5: 1b66cb74 ($3.86 in chips)
Seat 6: b09f1b9 ($17.38 in chips)
2a5466a9: posts small blind $0.05
42603520: posts big blind $0.1
*** HOLE CARDS ***
Dealt to Hero [5s Ah]
Dealt to 5fbf153f 
Dealt to 2a5466a9 
Dealt to 42603520 
Dealt to 1b66cb74 
Dealt to b09f1b9 
1b66cb74: raises $0.2 to $0.3
b09f1b9: folds
Hero: folds
5fbf153f: folds
2a5466a9: folds
42603520: folds
Uncalled bet ($0.2) returned to 1b66cb74
*** SHOWDOWN ***
1b66cb74 collected $0.25 from pot
*** SUMMARY ***
Total pot $0.25 | Rake $0 | Jackpot $0 | Bingo $0 | Fortune $0 | Tax $0
Seat 1: Hero folded before Flop (didn't bet)
Seat 2: 5fbf153f (button) folded before Flop (didn't bet)
Seat 3: 2a5466a9 (small blind) folded before Flop
Seat 4: 42603520 (big blind) folded before Flop
Seat 5: 1b66cb74 collected ($0.25)
Seat 6: b09f1b9 folded before Flop (didn't bet)


Poker Hand #HD1780634855: Hold'em No Limit ($0.05/$0.1) - 2024/05/20 17:24:09
Table 'NLHRed42' 6-max Seat #1 is the button
Seat 1: Hero ($10 in chips)
Seat 2: 5fbf153f ($15.13 in chips)
Seat 3: 2a5466a9 ($13.07 in chips)
Seat 4: 42603520 ($15.55 in chips)
Seat 5: 1b66cb74 ($3.67 in chips)
5fbf153f: posts small blind $0.05
2a5466a9: posts big blind $0.1
1b66cb74: posts big blind $0.1
*** HOLE CARDS ***
Dealt to Hero [Ts 7c]
Dealt to 5fbf153f 
Dealt to 2a5466a9 
Dealt to 42603520 
Dealt to 1b66cb74 
42603520: folds
1b66cb74: checks
Hero: folds
5fbf153f: calls $0.05
2a5466a9: checks
*** FLOP *** [8s 2h Ah]
5fbf153f: checks
2a5466a9: checks
1b66cb74: bets $0.23
5fbf153f: folds
2a5466a9: folds
Uncalled bet ($0.23) returned to 1b66cb74
*** SHOWDOWN ***
1b66cb74 collected $0.29 from pot
*** SUMMARY ***
Total pot $0.3 | Rake $0.01 | Jackpot $0 | Bingo $0 | Fortune $0 | Tax $0
Board [8s 2h Ah]
Seat 1: Hero (button) folded before Flop (didn't bet)
Seat 2: 5fbf153f (small blind) folded on the Flop
Seat 3: 2a5466a9 (big blind) folded on the Flop
Seat 4: 42603520 folded before Flop (didn't bet)
Seat 5: 1b66cb74 won ($0.29)


Poker Hand #HD1780634788: Hold'em No Limit ($0.05/$0.1) - 2024/05/20 17:23:41
Table 'NLHRed42' 6-max Seat #6 is the button
Seat 1: Hero ($10 in chips)
Seat 2: 5fbf153f ($15.08 in chips)
Seat 3: 2a5466a9 ($13.07 in chips)
Seat 4: 42603520 ($15.55 in chips)
Seat 6: b09f1b9 ($17.38 in chips)
Hero: posts small blind $0.05
5fbf153f: posts big blind $0.1
*** HOLE CARDS ***
Dealt to Hero [Qd 3c]
Dealt to 5fbf153f 
Dealt to 2a5466a9 
Dealt to 42603520 
Dealt to b09f1b9 
2a5466a9: folds
42603520: folds
b09f1b9: folds
Hero: folds
Uncalled bet ($0.05) returned to 5fbf153f
*** SHOWDOWN ***
5fbf153f collected $0.1 from pot
*** SUMMARY ***
Total pot $0.1 | Rake $0 | Jackpot $0 | Bingo $0 | Fortune $0 | Tax $0
Seat 1: Hero (small blind) folded before Flop
Seat 2: 5fbf153f (big blind) collected ($0.1)
Seat 3: 2a5466a9 folded before Flop (didn't bet)
Seat 4: 42603520 folded before Flop (didn't bet)
Seat 6: b09f1b9 (button) folded before Flop (didn't bet)


Poker Hand #HD1780634756: Hold'em No Limit ($0.05/$0.1) - 2024/05/20 17:23:26
Table 'NLHRed42' 6-max Seat #4 is the button
Seat 1: Hero ($10 in chips)
Seat 2: 5fbf153f ($15.08 in chips)
Seat 3: 2a5466a9 ($13.07 in chips)
Seat 4: 42603520 ($15.4 in chips)
Seat 6: b09f1b9 ($17.43 in chips)
b09f1b9: posts small blind $0.05
Hero: posts big blind $0.1
*** HOLE CARDS ***
Dealt to Hero [7s 3d]
Dealt to 5fbf153f 
Dealt to 2a5466a9 
Dealt to 42603520 
Dealt to b09f1b9 
5fbf153f: folds
2a5466a9: folds
42603520: raises $0.1 to $0.2
b09f1b9: folds
Hero: folds
Uncalled bet ($0.1) returned to 42603520
*** SHOWDOWN ***
42603520 collected $0.25 from pot
*** SUMMARY ***
Total pot $0.25 | Rake $0 | Jackpot $0 | Bingo $0 | Fortune $0 | Tax $0
Seat 1: Hero (big blind) folded before Flop
Seat 2: 5fbf153f folded before Flop (didn't bet)
Seat 3: 2a5466a9 folded before Flop (didn't bet)
Seat 4: 42603520 (button) collected ($0.25)
Seat 6: b09f1b9 (small blind) folded before Flop


Poker Hand #HD1780634705: Hold'em No Limit ($0.05/$0.1) - 2024/05/20 17:23:06
Table 'NLHRed42' 6-max Seat #3 is the button
Seat 1: Hero ($10 in chips)
Seat 2: 5fbf153f ($15.08 in chips)
Seat 3: 2a5466a9 ($13.07 in chips)
Seat 4: 42603520 ($15.45 in chips)
Seat 5: c4b83867 ($5.46 in chips)
Seat 6: b09f1b9 ($17.43 in chips)
42603520: posts small blind $0.05
c4b83867: posts big blind $0.1
*** HOLE CARDS ***
Dealt to Hero [3h 6s]
Dealt to 5fbf153f 
Dealt to 2a5466a9 
Dealt to 42603520 
Dealt to c4b83867 
Dealt to b09f1b9 
b09f1b9: folds
Hero: folds
5fbf153f: folds
2a5466a9: folds
42603520: folds
Uncalled bet ($0.05) returned to c4b83867
*** SHOWDOWN ***
c4b83867 collected $0.1 from pot
*** SUMMARY ***
Total pot $0.1 | Rake $0 | Jackpot $0 | Bingo $0 | Fortune $0 | Tax $0
Seat 1: Hero folded before Flop (didn't bet)
Seat 2: 5fbf153f folded before Flop (didn't bet)
Seat 3: 2a5466a9 (button) folded before Flop (didn't bet)
Seat 4: 42603520 (small blind) folded before Flop
Seat 5: c4b83867 (big blind) collected ($0.1)
Seat 6: b09f1b9 folded before Flop (didn't bet)


Poker Hand #HD1780634629: Hold'em No Limit ($0.05/$0.1) - 2024/05/20 17:22:28
Table 'NLHRed42' 6-max Seat #2 is the button
Seat 1: Hero ($10 in chips)
Seat 2: 5fbf153f ($14.35 in chips)
Seat 3: 2a5466a9 ($13.12 in chips)
Seat 4: 42603520 ($15.55 in chips)
Seat 5: c4b83867 ($6.11 in chips)
Seat 6: b09f1b9 ($17.43 in chips)
2a5466a9: posts small blind $0.05
42603520: posts big blind $0.1
*** HOLE CARDS ***
Dealt to Hero [8d 6s]
Dealt to 5fbf153f 
Dealt to 2a5466a9 
Dealt to 42603520 
Dealt to c4b83867 
Dealt to b09f1b9 
c4b83867: raises $0.1 to $0.2
b09f1b9: folds
Hero: folds
5fbf153f: raises $0.45 to $0.65
2a5466a9: folds
42603520: folds
c4b83867: calls $0.45
*** FLOP *** [6h Jc 2h]
c4b83867: checks
5fbf153f: bets $0.95
c4b83867: folds
Uncalled bet ($0.95) returned to 5fbf153f
*** SHOWDOWN ***
5fbf153f collected $1.38 from pot
*** SUMMARY ***
Total pot $1.45 | Rake $0.07 | Jackpot $0 | Bingo $0 | Fortune $0 | Tax $0
Board [6h Jc 2h]
Seat 1: Hero folded before Flop (didn't bet)
Seat 2: 5fbf153f (button) won ($1.38)
Seat 3: 2a5466a9 (small blind) folded before Flop
Seat 4: 42603520 (big blind) folded before Flop
Seat 5: c4b83867 folded on the Flop
Seat 6: b09f1b9 folded before Flop (didn't bet)


Poker Hand #HD1780634530: Hold'em No Limit ($0.05/$0.1) - 2024/05/20 17:21:45
Table 'NLHRed42' 6-max Seat #1 is the button
Seat 1: Hero ($10 in chips)
Seat 2: 5fbf153f ($14.4 in chips)
Seat 3: 2a5466a9 ($13.22 in chips)
Seat 4: 42603520 ($15.55 in chips)
Seat 5: c4b83867 ($5.96 in chips)
Seat 6: b09f1b9 ($17.43 in chips)
5fbf153f: posts small blind $0.05
2a5466a9: posts big blind $0.1
*** HOLE CARDS ***
Dealt to Hero [3s 9s]
Dealt to 5fbf153f 
Dealt to 2a5466a9 
Dealt to 42603520 
Dealt to c4b83867 
Dealt to b09f1b9 
42603520: folds
c4b83867: raises $0.1 to $0.2
b09f1b9: folds
Hero: folds
5fbf153f: folds
2a5466a9: folds
Uncalled bet ($0.1) returned to c4b83867
*** SHOWDOWN ***
c4b83867 collected $0.25 from pot
*** SUMMARY ***
Total pot $0.25 | Rake $0 | Jackpot $0 | Bingo $0 | Fortune $0 | Tax $0
Seat 1: Hero (button) folded before Flop (didn't bet)
Seat 2: 5fbf153f (small blind) folded before Flop
Seat 3: 2a5466a9 (big blind) folded before Flop
Seat 4: 42603520 folded before Flop (didn't bet)
Seat 5: c4b83867 collected ($0.25)
Seat 6: b09f1b9 folded before Flop (didn't bet)


Poker Hand #HD1780634284: Hold'em No Limit ($0.05/$0.1) - 2024/05/20 17:19:44
Table 'NLHRed42' 6-max Seat #6 is the button
Seat 1: Hero ($10 in chips)
Seat 2: 5fbf153f ($14.5 in chips)
Seat 3: 2a5466a9 ($13.22 in chips)
Seat 4: 42603520 ($15.55 in chips)
Seat 5: c4b83867 ($10.08 in chips)
Seat 6: b09f1b9 ($13.67 in chips)
Hero: posts small blind $0.05
5fbf153f: posts big blind $0.1
*** HOLE CARDS ***
Dealt to Hero [4s Kc]
Dealt to 5fbf153f 
Dealt to 2a5466a9 
Dealt to 42603520 
Dealt to c4b83867 
Dealt to b09f1b9 
2a5466a9: folds
42603520: folds
c4b83867: raises $0.1 to $0.2
b09f1b9: raises $0.19 to $0.39
Hero: folds
5fbf153f: folds
c4b83867: raises $0.31 to $0.7
b09f1b9: calls $0.31
*** FLOP *** [2h Qh Th]
c4b83867: checks
b09f1b9: checks
*** TURN *** [2h Qh Th] [Js]
c4b83867: bets $0.9
b09f1b9: calls $0.9
*** RIVER *** [2h Qh Th Js] [Td]
c4b83867: checks
b09f1b9: bets $2.52
c4b83867: calls $2.52
b09f1b9: shows [Kh Ah] (Ace High Flush)
c4b83867: shows [Ac As] (Pair of Aces and Pair of Tens)
*** SHOWDOWN ***
b09f1b9 collected $7.88 from pot
*** SUMMARY ***
Total pot $8.39 | Rake $0.41 | Jackpot $0.1 | Bingo $0 | Fortune $0 | Tax $0
Board [2h Qh Th Js Td]
Seat 1: Hero (small blind) folded before Flop
Seat 2: 5fbf153f (big blind) folded before Flop
Seat 3: 2a5466a9 folded before Flop (didn't bet)
Seat 4: 42603520 folded before Flop (didn't bet)
Seat 5: c4b83867 showed [Ac As] and lost with Pair of Aces and Pair of Tens
Seat 6: b09f1b9 (button) showed [Kh Ah] and won ($7.88) with Ace High Flush


Poker Hand #HD1780634203: Hold'em No Limit ($0.05/$0.1) - 2024/05/20 17:19:09
Table 'NLHRed42' 6-max Seat #5 is the button
Seat 1: Hero ($10 in chips)
Seat 2: 5fbf153f ($14.5 in chips)
Seat 3: 2a5466a9 ($13.22 in chips)
Seat 4: 42603520 ($15.55 in chips)
Seat 5: c4b83867 ($9.85 in chips)
Seat 6: b09f1b9 ($13.72 in chips)
b09f1b9: posts small blind $0.05
Hero: posts big blind $0.1
*** HOLE CARDS ***
Dealt to Hero [9h Ad]
Dealt to 5fbf153f 
Dealt to 2a5466a9 
Dealt to 42603520 
Dealt to c4b83867 
Dealt to b09f1b9 
5fbf153f: folds
2a5466a9: folds
42603520: folds
c4b83867: raises $0.1 to $0.2
b09f1b9: folds
Hero: calls $0.1
*** FLOP *** [2h 5c Td]
Hero: checks
c4b83867: bets $0.15
Hero: folds
Uncalled bet ($0.15) returned to c4b83867
*** SHOWDOWN ***
c4b83867 collected $0.43 from pot
*** SUMMARY ***
Total pot $0.45 | Rake $0.02 | Jackpot $0 | Bingo $0 | Fortune $0 | Tax $0
Board [2h 5c Td]
Seat 1: Hero (big blind) folded on the Flop
Seat 2: 5fbf153f folded before Flop (didn't bet)
Seat 3: 2a5466a9 folded before Flop (didn't bet)
Seat 4: 42603520 folded before Flop (didn't bet)
Seat 5: c4b83867 (button) won ($0.43)
Seat 6: b09f1b9 (small blind) folded before Flop


Poker Hand #HD1780634161: Hold'em No Limit ($0.05/$0.1) - 2024/05/20 17:18:52
Table 'NLHRed42' 6-max Seat #4 is the button
Seat 1: Hero ($10 in chips)
Seat 2: 5fbf153f ($14.5 in chips)
Seat 3: 2a5466a9 ($13.22 in chips)
Seat 4: 42603520 ($15.55 in chips)
Seat 5: c4b83867 ($9.9 in chips)
Seat 6: b09f1b9 ($13.67 in chips)
c4b83867: posts small blind $0.05
b09f1b9: posts big blind $0.1
*** HOLE CARDS ***
Dealt to Hero [Qd 7d]
Dealt to 5fbf153f 
Dealt to 2a5466a9 
Dealt to 42603520 
Dealt to c4b83867 
Dealt to b09f1b9 
Hero: folds
5fbf153f: folds
2a5466a9: folds
42603520: folds
c4b83867: folds
Uncalled bet ($0.05) returned to b09f1b9
*** SHOWDOWN ***
b09f1b9 collected $0.1 from pot
*** SUMMARY ***
Total pot $0.1 | Rake $0 | Jackpot $0 | Bingo $0 | Fortune $0 | Tax $0
Seat 1: Hero folded before Flop (didn't bet)
Seat 2: 5fbf153f folded before Flop (didn't bet)
Seat 3: 2a5466a9 folded before Flop (didn't bet)
Seat 4: 42603520 (button) folded before Flop (didn't bet)
Seat 5: c4b83867 (small blind) folded before Flop
Seat 6: b09f1b9 (big blind) collected ($0.1)


Poker Hand #HD1780634114: Hold'em No Limit ($0.05/$0.1) - 2024/05/20 17:18:36
Table 'NLHRed42' 6-max Seat #3 is the button
Seat 1: Hero ($10 in chips)
Seat 2: 5fbf153f ($14.5 in chips)
Seat 3: 2a5466a9 ($13.22 in chips)
Seat 4: 42603520 ($15.6 in chips)
Seat 5: c4b83867 ($10 in chips)
Seat 6: b09f1b9 ($13.52 in chips)
42603520: posts small blind $0.05
c4b83867: posts big blind $0.1
*** HOLE CARDS ***
Dealt to Hero [6s Td]
Dealt to 5fbf153f 
Dealt to 2a5466a9 
Dealt to 42603520 
Dealt to c4b83867 
Dealt to b09f1b9 
b09f1b9: raises $0.1 to $0.2
Hero: folds
5fbf153f: folds
2a5466a9: folds
42603520: folds
c4b83867: folds
Uncalled bet ($0.1) returned to b09f1b9
*** SHOWDOWN ***
b09f1b9 collected $0.25 from pot
*** SUMMARY ***
Total pot $0.25 | Rake $0 | Jackpot $0 | Bingo $0 | Fortune $0 | Tax $0
Seat 1: Hero folded before Flop (didn't bet)
Seat 2: 5fbf153f folded before Flop (didn't bet)
Seat 3: 2a5466a9 (button) folded before Flop (didn't bet)
Seat 4: 42603520 (small blind) folded before Flop
Seat 5: c4b83867 (big blind) folded before Flop
Seat 6: b09f1b9 collected ($0.25)


Poker Hand #HD1780633983: Hold'em No Limit ($0.05/$0.1) - 2024/05/20 17:17:32
Table 'NLHRed42' 6-max Seat #2 is the button
Seat 1: Hero ($10 in chips)
Seat 2: 5fbf153f ($14.5 in chips)
Seat 3: 2a5466a9 ($12.13 in chips)
Seat 4: 42603520 ($15.7 in chips)
Seat 6: b09f1b9 ($13.52 in chips)
2a5466a9: posts small blind $0.05
42603520: posts big blind $0.1
*** HOLE CARDS ***
Dealt to Hero [Ks Js]
Dealt to 5fbf153f 
Dealt to 2a5466a9 
Dealt to 42603520 
Dealt to b09f1b9 
b09f1b9: folds
Hero: raises $0.14 to $0.24
5fbf153f: folds
2a5466a9: raises $0.86 to $1.1
42603520: folds
Hero: calls $0.86
*** FLOP *** [Ad Qh Kd]
2a5466a9: bets $1.4
Hero: folds
Uncalled bet ($1.4) returned to 2a5466a9
*** SHOWDOWN ***
2a5466a9 collected $2.19 from pot
*** SUMMARY ***
Total pot $2.3 | Rake $0.11 | Jackpot $0 | Bingo $0 | Fortune $0 | Tax $0
Board [Ad Qh Kd]
Seat 1: Hero folded on the Flop
Seat 2: 5fbf153f (button) folded before Flop (didn't bet)
Seat 3: 2a5466a9 (small blind) won ($2.19)
Seat 4: 42603520 (big blind) folded before Flop
Seat 6: b09f1b9 folded before Flop (didn't bet)


Poker Hand #HD1780633877: Hold'em No Limit ($0.05/$0.1) - 2024/05/20 17:16:33
Table 'NLHRed42' 6-max Seat #1 is the button
Seat 1: Hero ($10 in chips)
Seat 2: 5fbf153f ($14.55 in chips)
Seat 3: 2a5466a9 ($11.27 in chips)
Seat 4: 42603520 ($16.6 in chips)
Seat 5: beec8296 ($10 in chips)
Seat 6: b09f1b9 ($13.52 in chips)
5fbf153f: posts small blind $0.05
2a5466a9: posts big blind $0.1
*** HOLE CARDS ***
Dealt to Hero [Qs 5c]
Dealt to 5fbf153f 
Dealt to 2a5466a9 
Dealt to 42603520 
Dealt to beec8296 
Dealt to b09f1b9 
42603520: raises $0.1 to $0.2
beec8296: folds
b09f1b9: folds
Hero: folds
5fbf153f: folds
2a5466a9: raises $0.7 to $0.9
42603520: calls $0.7
*** FLOP *** [6c 7h 4d]
2a5466a9: bets $1.3
42603520: folds
Uncalled bet ($1.3) returned to 2a5466a9
*** SHOWDOWN ***
2a5466a9 collected $1.76 from pot
*** SUMMARY ***
Total pot $1.85 | Rake $0.09 | Jackpot $0 | Bingo $0 | Fortune $0 | Tax $0
Board [6c 7h 4d]
Seat 1: Hero (button) folded before Flop (didn't bet)
Seat 2: 5fbf153f (small blind) folded before Flop
Seat 3: 2a5466a9 (big blind) won ($1.76)
Seat 4: 42603520 folded on the Flop
Seat 5: beec8296 folded before Flop (didn't bet)
Seat 6: b09f1b9 folded before Flop (didn't bet)


Poker Hand #HD1780633768: Hold'em No Limit ($0.05/$0.1) - 2024/05/20 17:15:41
Table 'NLHRed42' 6-max Seat #6 is the button
Seat 1: Hero ($10 in chips)
Seat 2: 5fbf153f ($14.65 in chips)
Seat 3: 2a5466a9 ($11.27 in chips)
Seat 4: 42603520 ($16.6 in chips)
Seat 5: beec8296 ($10 in chips)
Seat 6: b09f1b9 ($12.89 in chips)
Hero: posts small blind $0.05
5fbf153f: posts big blind $0.1
*** HOLE CARDS ***
Dealt to Hero [2s 4s]
Dealt to 5fbf153f 
Dealt to 2a5466a9 
Dealt to 42603520 
Dealt to beec8296 
Dealt to b09f1b9 
2a5466a9: folds
42603520: folds
beec8296: raises $0.13 to $0.23
b09f1b9: raises $0.31 to $0.54
Hero: folds
5fbf153f: folds
beec8296: calls $0.31
*** FLOP *** [Jc 5d Kc]
beec8296: checks
b09f1b9: bets $0.41
beec8296: folds
Uncalled bet ($0.41) returned to b09f1b9
b09f1b9: shows [Kd]
*** SHOWDOWN ***
b09f1b9 collected $1.17 from pot
*** SUMMARY ***
Total pot $1.23 | Rake $0.06 | Jackpot $0 | Bingo $0 | Fortune $0 | Tax $0
Board [Jc 5d Kc]
Seat 1: Hero (small blind) folded before Flop
Seat 2: 5fbf153f (big blind) folded before Flop
Seat 3: 2a5466a9 folded before Flop (didn't bet)
Seat 4: 42603520 folded before Flop (didn't bet)
Seat 5: beec8296 folded on the Flop
Seat 6: b09f1b9 (button) showed [Kd] and won ($1.17)


Poker Hand #HD1780633637: Hold'em No Limit ($0.05/$0.1) - 2024/05/20 17:14:32
Table 'NLHRed42' 6-max Seat #5 is the button
Seat 1: Hero ($10 in chips)
Seat 2: 5fbf153f ($14.65 in chips)
Seat 3: 2a5466a9 ($11.27 in chips)
Seat 4: 42603520 ($16.97 in chips)
Seat 5: beec8296 ($10 in chips)
Seat 6: b09f1b9 ($12.46 in chips)
b09f1b9: posts small blind $0.05
Hero: posts big blind $0.1
*** HOLE CARDS ***
Dealt to Hero [8h As]
Dealt to 5fbf153f 
Dealt to 2a5466a9 
Dealt to 42603520 
Dealt to beec8296 
Dealt to b09f1b9 
5fbf153f: folds
2a5466a9: folds
42603520: raises $0.1 to $0.2
beec8296: folds
b09f1b9: raises $0.17 to $0.37
Hero: folds
42603520: calls $0.17
*** FLOP *** [Js 9h 9d]
b09f1b9: checks
42603520: checks
*** TURN *** [Js 9h 9d] [2s]
b09f1b9: bets $0.28
42603520: folds
Uncalled bet ($0.28) returned to b09f1b9
*** SHOWDOWN ***
b09f1b9 collected $0.8 from pot
*** SUMMARY ***
Total pot $0.84 | Rake $0.04 | Jackpot $0 | Bingo $0 | Fortune $0 | Tax $0
Board [Js 9h 9d 2s]
Seat 1: Hero (big blind) folded before Flop
Seat 2: 5fbf153f folded before Flop (didn't bet)
Seat 3: 2a5466a9 folded before Flop (didn't bet)
Seat 4: 42603520 folded on the Turn
Seat 5: beec8296 (button) folded before Flop (didn't bet)
Seat 6: b09f1b9 (small blind) won ($0.8)


Poker Hand #HD1780633382: Hold'em No Limit ($0.05/$0.1) - 2024/05/20 17:12:27
Table 'NLHRed42' 6-max Seat #4 is the button
Seat 1: Hero ($12.15 in chips)
Seat 2: 5fbf153f ($10.37 in chips)
Seat 3: 2a5466a9 ($11.27 in chips)
Seat 4: 42603520 ($17.57 in chips)
Seat 5: beec8296 ($10 in chips)
Seat 6: b09f1b9 ($12.56 in chips)
beec8296: posts small blind $0.05
b09f1b9: posts big blind $0.1
*** HOLE CARDS ***
Dealt to Hero [Jd Jh]
Dealt to 5fbf153f 
Dealt to 2a5466a9 
Dealt to 42603520 
Dealt to beec8296 
Dealt to b09f1b9 
Hero: raises $0.1 to $0.2
5fbf153f: raises $0.4 to $0.6
2a5466a9: folds
42603520: calls $0.6
beec8296: folds
b09f1b9: folds
Hero: raises $2.1 to $2.7
5fbf153f: calls $2.1
42603520: folds
*** FLOP *** [6c 6s 2c]
Hero: checks
5fbf153f: checks
*** TURN *** [6c 6s 2c] [Kh]
Hero: checks
5fbf153f: bets $1.36
Hero: calls $1.36
*** RIVER *** [6c 6s 2c Kh] [8h]
Hero: checks
5fbf153f: bets $6.31 and is all-in
Hero: folds
Uncalled bet ($6.31) returned to 5fbf153f
*** SHOWDOWN ***
5fbf153f collected $8.34 from pot
*** SUMMARY ***
Total pot $8.87 | Rake $0.43 | Jackpot $0.1 | Bingo $0 | Fortune $0 | Tax $0
Board [6c 6s 2c Kh 8h]
Seat 1: Hero folded on the River
Seat 2: 5fbf153f won ($8.34)
Seat 3: 2a5466a9 folded before Flop (didn't bet)
Seat 4: 42603520 (button) folded before Flop
Seat 5: beec8296 (small blind) folded before Flop
Seat 6: b09f1b9 (big blind) folded before Flop


Poker Hand #HD1780633274: Hold'em No Limit ($0.05/$0.1) - 2024/05/20 17:11:42
Table 'NLHRed42' 6-max Seat #3 is the button
Seat 1: Hero ($12.15 in chips)
Seat 2: 5fbf153f ($10.37 in chips)
Seat 3: 2a5466a9 ($11.27 in chips)
Seat 4: 42603520 ($17.48 in chips)
Seat 5: beec8296 ($10 in chips)
Seat 6: b09f1b9 ($12.56 in chips)
42603520: posts small blind $0.05
beec8296: posts big blind $0.1
*** HOLE CARDS ***
Dealt to Hero [Ad 2h]
Dealt to 5fbf153f 
Dealt to 2a5466a9 
Dealt to 42603520 
Dealt to beec8296 
Dealt to b09f1b9 
b09f1b9: folds
Hero: folds
5fbf153f: folds
2a5466a9: folds
42603520: calls $0.05
beec8296: checks
*** FLOP *** [Jh 5d 8c]
42603520: checks
beec8296: checks
*** TURN *** [Jh 5d 8c] [8d]
42603520: checks
beec8296: checks
*** RIVER *** [Jh 5d 8c 8d] [Tc]
42603520: checks
beec8296: checks
42603520: shows [5h Qc] (Pair of Eights and Pair of Fives)
beec8296: shows [Kd 4h] (Pair of Eights)
*** SHOWDOWN ***
42603520 collected $0.19 from pot
*** SUMMARY ***
Total pot $0.2 | Rake $0.01 | Jackpot $0 | Bingo $0 | Fortune $0 | Tax $0
Board [Jh 5d 8c 8d Tc]
Seat 1: Hero folded before Flop (didn't bet)
Seat 2: 5fbf153f folded before Flop (didn't bet)
Seat 3: 2a5466a9 (button) folded before Flop (didn't bet)
Seat 4: 42603520 (small blind) showed [5h Qc] and won ($0.19) with Pair of Eights and Pair of Fives
Seat 5: beec8296 (big blind) showed [Kd 4h] and lost with Pair of Eights
Seat 6: b09f1b9 folded before Flop (didn't bet)


Poker Hand #HD1780633191: Hold'em No Limit ($0.05/$0.1) - 2024/05/20 17:11:07
Table 'NLHRed42' 6-max Seat #2 is the button
Seat 1: Hero ($11.88 in chips)
Seat 2: 5fbf153f ($10.37 in chips)
Seat 3: 2a5466a9 ($11.32 in chips)
Seat 4: 42603520 ($17.72 in chips)
Seat 5: beec8296 ($10 in chips)
Seat 6: b09f1b9 ($12.56 in chips)
2a5466a9: posts small blind $0.05
42603520: posts big blind $0.1
*** HOLE CARDS ***
Dealt to Hero [Jc Th]
Dealt to 5fbf153f 
Dealt to 2a5466a9 
Dealt to 42603520 
Dealt to beec8296 
Dealt to b09f1b9 
beec8296: folds
b09f1b9: folds
Hero: raises $0.14 to $0.24
5fbf153f: folds
2a5466a9: folds
42603520: calls $0.14
*** FLOP *** [Kd 3c Jh]
42603520: checks
Hero: bets $0.2
42603520: folds
Uncalled bet ($0.2) returned to Hero
*** SHOWDOWN ***
Hero collected $0.51 from pot
*** SUMMARY ***
Total pot $0.53 | Rake $0.02 | Jackpot $0 | Bingo $0 | Fortune $0 | Tax $0
Board [Kd 3c Jh]
Seat 1: Hero won ($0.51)
Seat 2: 5fbf153f (button) folded before Flop (didn't bet)
Seat 3: 2a5466a9 (small blind) folded before Flop
Seat 4: 42603520 (big blind) folded on the Flop
Seat 5: beec8296 folded before Flop (didn't bet)
Seat 6: b09f1b9 folded before Flop (didn't bet)


Poker Hand #HD1780633140: Hold'em No Limit ($0.05/$0.1) - 2024/05/20 17:10:45
Table 'NLHRed42' 6-max Seat #1 is the button
Seat 1: Hero ($11.88 in chips)
Seat 2: 5fbf153f ($10.42 in chips)
Seat 3: 2a5466a9 ($11.27 in chips)
Seat 4: 42603520 ($17.72 in chips)
Seat 5: beec8296 ($10 in chips)
Seat 6: b09f1b9 ($12.56 in chips)
5fbf153f: posts small blind $0.05
2a5466a9: posts big blind $0.1
*** HOLE CARDS ***
Dealt to Hero [Ac 5h]
Dealt to 5fbf153f 
Dealt to 2a5466a9 
Dealt to 42603520 
Dealt to beec8296 
Dealt to b09f1b9 
42603520: folds
beec8296: folds
b09f1b9: folds
Hero: folds
5fbf153f: folds
Uncalled bet ($0.05) returned to 2a5466a9
*** SHOWDOWN ***
2a5466a9 collected $0.1 from pot
*** SUMMARY ***
Total pot $0.1 | Rake $0 | Jackpot $0 | Bingo $0 | Fortune $0 | Tax $0
Seat 1: Hero (button) folded before Flop (didn't bet)
Seat 2: 5fbf153f (small blind) folded before Flop
Seat 3: 2a5466a9 (big blind) collected ($0.1)
Seat 4: 42603520 folded before Flop (didn't bet)
Seat 5: beec8296 folded before Flop (didn't bet)
Seat 6: b09f1b9 folded before Flop (didn't bet)


Poker Hand #HD1780633108: Hold'em No Limit ($0.05/$0.1) - 2024/05/20 17:10:32
Table 'NLHRed42' 6-max Seat #6 is the button
Seat 1: Hero ($11.93 in chips)
Seat 2: 5fbf153f ($10.52 in chips)
Seat 3: 2a5466a9 ($11.27 in chips)
Seat 4: 42603520 ($17.72 in chips)
Seat 5: beec8296 ($10 in chips)
Seat 6: b09f1b9 ($12.41 in chips)
Hero: posts small blind $0.05
5fbf153f: posts big blind $0.1
*** HOLE CARDS ***
Dealt to Hero [6s 3h]
Dealt to 5fbf153f 
Dealt to 2a5466a9 
Dealt to 42603520 
Dealt to beec8296 
Dealt to b09f1b9 
2a5466a9: folds
42603520: folds
beec8296: folds
b09f1b9: raises $0.1 to $0.2
Hero: folds
5fbf153f: folds
Uncalled bet ($0.1) returned to b09f1b9
*** SHOWDOWN ***
b09f1b9 collected $0.25 from pot
*** SUMMARY ***
Total pot $0.25 | Rake $0 | Jackpot $0 | Bingo $0 | Fortune $0 | Tax $0
Seat 1: Hero (small blind) folded before Flop
Seat 2: 5fbf153f (big blind) folded before Flop
Seat 3: 2a5466a9 folded before Flop (didn't bet)
Seat 4: 42603520 folded before Flop (didn't bet)
Seat 5: beec8296 folded before Flop (didn't bet)
Seat 6: b09f1b9 (button) collected ($0.25)


Poker Hand #HD1780633076: Hold'em No Limit ($0.05/$0.1) - 2024/05/20 17:10:15
Table 'NLHRed42' 6-max Seat #5 is the button
Seat 1: Hero ($12.03 in chips)
Seat 2: 5fbf153f ($10.52 in chips)
Seat 3: 2a5466a9 ($11.27 in chips)
Seat 4: 42603520 ($17.57 in chips)
Seat 5: beec8296 ($10 in chips)
Seat 6: b09f1b9 ($12.46 in chips)
b09f1b9: posts small blind $0.05
Hero: posts big blind $0.1
*** HOLE CARDS ***
Dealt to Hero [4h Kc]
Dealt to 5fbf153f 
Dealt to 2a5466a9 
Dealt to 42603520 
Dealt to beec8296 
Dealt to b09f1b9 
5fbf153f: folds
2a5466a9: folds
42603520: raises $0.1 to $0.2
beec8296: folds
b09f1b9: folds
Hero: folds
Uncalled bet ($0.1) returned to 42603520
*** SHOWDOWN ***
42603520 collected $0.25 from pot
*** SUMMARY ***
Total pot $0.25 | Rake $0 | Jackpot $0 | Bingo $0 | Fortune $0 | Tax $0
Seat 1: Hero (big blind) folded before Flop
Seat 2: 5fbf153f folded before Flop (didn't bet)
Seat 3: 2a5466a9 folded before Flop (didn't bet)
Seat 4: 42603520 collected ($0.25)
Seat 5: beec8296 (button) folded before Flop (didn't bet)
Seat 6: b09f1b9 (small blind) folded before Flop


Poker Hand #HD1780632951: Hold'em No Limit ($0.05/$0.1) - 2024/05/20 17:09:17
Table 'NLHRed42' 6-max Seat #4 is the button
Seat 1: Hero ($12.03 in chips)
Seat 2: 5fbf153f ($10.15 in chips)
Seat 3: 2a5466a9 ($11.27 in chips)
Seat 4: 42603520 ($17.82 in chips)
Seat 5: beec8296 ($10 in chips)
Seat 6: b09f1b9 ($12.56 in chips)
beec8296: posts small blind $0.05
b09f1b9: posts big blind $0.1
*** HOLE CARDS ***
Dealt to Hero [6d Qc]
Dealt to 5fbf153f 
Dealt to 2a5466a9 
Dealt to 42603520 
Dealt to beec8296 
Dealt to b09f1b9 
Hero: folds
5fbf153f: raises $0.15 to $0.25
2a5466a9: folds
42603520: calls $0.25
beec8296: folds
b09f1b9: folds
*** FLOP *** [Td 4h Kc]
5fbf153f: checks
42603520: checks
*** TURN *** [Td 4h Kc] [5s]
5fbf153f: bets $0.43
42603520: folds
Uncalled bet ($0.43) returned to 5fbf153f
*** SHOWDOWN ***
5fbf153f collected $0.62 from pot
*** SUMMARY ***
Total pot $0.65 | Rake $0.03 | Jackpot $0 | Bingo $0 | Fortune $0 | Tax $0
Board [Td 4h Kc 5s]
Seat 1: Hero folded before Flop (didn't bet)
Seat 2: 5fbf153f won ($0.62)
Seat 3: 2a5466a9 folded before Flop (didn't bet)
Seat 4: 42603520 (button) folded on the Turn
Seat 5: beec8296 (small blind) folded before Flop
Seat 6: b09f1b9 (big blind) folded before Flop


Poker Hand #HD1780632842: Hold'em No Limit ($0.05/$0.1) - 2024/05/20 17:08:28
Table 'NLHRed42' 6-max Seat #3 is the button
Seat 1: Hero ($12.03 in chips)
Seat 2: 5fbf153f ($10.15 in chips)
Seat 3: 2a5466a9 ($10 in chips)
Seat 4: 42603520 ($17.87 in chips)
Seat 5: beec8296 ($10.1 in chips)
Seat 6: b09f1b9 ($13.81 in chips)
42603520: posts small blind $0.05
beec8296: posts big blind $0.1
*** HOLE CARDS ***
Dealt to Hero [8c Qh]
Dealt to 5fbf153f 
Dealt to 2a5466a9 
Dealt to 42603520 
Dealt to beec8296 
Dealt to b09f1b9 
b09f1b9: raises $0.1 to $0.2
Hero: folds
5fbf153f: folds
2a5466a9: raises $0.52 to $0.72
42603520: folds
beec8296: folds
b09f1b9: calls $0.52
*** FLOP *** [6h Th Tc]
b09f1b9: checks
2a5466a9: checks
*** TURN *** [6h Th Tc] [8h]
b09f1b9: bets $0.53
2a5466a9: calls $0.53
*** RIVER *** [6h Th Tc 8h] [Ah]
b09f1b9: checks
2a5466a9: bets $1.1
b09f1b9: folds
Uncalled bet ($1.1) returned to 2a5466a9
*** SHOWDOWN ***
2a5466a9 collected $2.52 from pot
*** SUMMARY ***
Total pot $2.65 | Rake $0.13 | Jackpot $0 | Bingo $0 | Fortune $0 | Tax $0
Board [6h Th Tc 8h Ah]
Seat 1: Hero folded before Flop (didn't bet)
Seat 2: 5fbf153f folded before Flop (didn't bet)
Seat 3: 2a5466a9 (button) won ($2.52)
Seat 4: 42603520 (small blind) folded before Flop
Seat 5: beec8296 (big blind) folded before Flop
Seat 6: b09f1b9 folded on the River


Poker Hand #HD1780632603: Hold'em No Limit ($0.05/$0.1) - 2024/05/20 17:06:28
Table 'NLHRed42' 6-max Seat #2 is the button
Seat 1: Hero ($12.03 in chips)
Seat 2: 5fbf153f ($10.15 in chips)
Seat 3: 2a5466a9 ($10.2 in chips)
Seat 4: 42603520 ($15.64 in chips)
Seat 5: beec8296 ($10.1 in chips)
Seat 6: b09f1b9 ($13.81 in chips)
2a5466a9: posts small blind $0.05
42603520: posts big blind $0.1
*** HOLE CARDS ***
Dealt to Hero [9h Ts]
Dealt to 5fbf153f 
Dealt to 2a5466a9 
Dealt to 42603520 
Dealt to beec8296 
Dealt to b09f1b9 
beec8296: folds
b09f1b9: folds
Hero: folds
5fbf153f: folds
2a5466a9: raises $0.2 to $0.3
42603520: raises $0.6 to $0.9
2a5466a9: calls $0.6
*** FLOP *** [Kc Ah 6h]
2a5466a9: checks
42603520: bets $0.65
2a5466a9: calls $0.65
*** TURN *** [Kc Ah 6h] [Ks]
2a5466a9: checks
42603520: checks
*** RIVER *** [Kc Ah 6h Ks] [Jh]
2a5466a9: bets $1.03
42603520: calls $1.03
2a5466a9: shows [Ac Tc] (Pair of Aces and Pair of Kings)
42603520: shows [Qh Ad] (Pair of Aces and Pair of Kings)
*** SHOWDOWN ***
42603520 collected $4.81 from pot
*** SUMMARY ***
Total pot $5.16 | Rake $0.25 | Jackpot $0.1 | Bingo $0 | Fortune $0 | Tax $0
Board [Kc Ah 6h Ks Jh]
Seat 1: Hero folded before Flop (didn't bet)
Seat 2: 5fbf153f (button) folded before Flop (didn't bet)
Seat 3: 2a5466a9 (small blind) showed [Ac Tc] and lost with Pair of Aces and Pair of Kings
Seat 4: 42603520 (big blind) showed [Qh Ad] and won ($4.81) with Pair of Aces and Pair of Kings
Seat 5: beec8296 folded before Flop (didn't bet)
Seat 6: b09f1b9 folded before Flop (didn't bet)


Poker Hand #HD1780632571: Hold'em No Limit ($0.05/$0.1) - 2024/05/20 17:06:17
Table 'NLHRed42' 6-max Seat #1 is the button
Seat 1: Hero ($12.03 in chips)
Seat 2: 5fbf153f ($10.2 in chips)
Seat 3: 2a5466a9 ($10.15 in chips)
Seat 4: 42603520 ($15.64 in chips)
Seat 5: beec8296 ($10.1 in chips)
5fbf153f: posts small blind $0.05
2a5466a9: posts big blind $0.1
*** HOLE CARDS ***
Dealt to Hero [5d 8s]
Dealt to 5fbf153f 
Dealt to 2a5466a9 
Dealt to 42603520 
Dealt to beec8296 
42603520: folds
beec8296: folds
Hero: folds
5fbf153f: folds
Uncalled bet ($0.05) returned to 2a5466a9
*** SHOWDOWN ***
2a5466a9 collected $0.1 from pot
*** SUMMARY ***
Total pot $0.1 | Rake $0 | Jackpot $0 | Bingo $0 | Fortune $0 | Tax $0
Seat 1: Hero (button) folded before Flop (didn't bet)
Seat 2: 5fbf153f (small blind) folded before Flop
Seat 3: 2a5466a9 (big blind) collected ($0.1)
Seat 4: 42603520 folded before Flop (didn't bet)
Seat 5: beec8296 folded before Flop (didn't bet)


Poker Hand #HD1780632512: Hold'em No Limit ($0.05/$0.1) - 2024/05/20 17:05:49
Table 'NLHRed42' 6-max Seat #6 is the button
Seat 1: Hero ($12.08 in chips)
Seat 2: 5fbf153f ($10.3 in chips)
Seat 3: 2a5466a9 ($10 in chips)
Seat 4: 42603520 ($15.64 in chips)
Seat 5: beec8296 ($10.1 in chips)
Seat 6: b09f1b9 ($13.81 in chips)
Hero: posts small blind $0.05
5fbf153f: posts big blind $0.1
*** HOLE CARDS ***
Dealt to Hero [Tc 5d]
Dealt to 5fbf153f 
Dealt to 2a5466a9 
Dealt to 42603520 
Dealt to beec8296 
Dealt to b09f1b9 
2a5466a9: raises $0.12 to $0.22
42603520: folds
beec8296: folds
b09f1b9: folds
Hero: folds
5fbf153f: folds
Uncalled bet ($0.12) returned to 2a5466a9
*** SHOWDOWN ***
2a5466a9 collected $0.25 from pot
*** SUMMARY ***
Total pot $0.25 | Rake $0 | Jackpot $0 | Bingo $0 | Fortune $0 | Tax $0
Seat 1: Hero (small blind) folded before Flop
Seat 2: 5fbf153f (big blind) folded before Flop
Seat 3: 2a5466a9 collected ($0.25)
Seat 4: 42603520 folded before Flop (didn't bet)
Seat 5: beec8296 folded before Flop (didn't bet)
Seat 6: b09f1b9 (button) folded before Flop (didn't bet)


Poker Hand #HD1780632465: Hold'em No Limit ($0.05/$0.1) - 2024/05/20 17:05:30
Table 'NLHRed42' 6-max Seat #5 is the button
Seat 1: Hero ($12.18 in chips)
Seat 2: 5fbf153f ($10.15 in chips)
Seat 3: 2a5466a9 ($10 in chips)
Seat 4: 42603520 ($15.64 in chips)
Seat 5: beec8296 ($10.1 in chips)
Seat 6: b09f1b9 ($13.86 in chips)
b09f1b9: posts small blind $0.05
Hero: posts big blind $0.1
*** HOLE CARDS ***
Dealt to Hero [6c 5h]
Dealt to 5fbf153f 
Dealt to 2a5466a9 
Dealt to 42603520 
Dealt to beec8296 
Dealt to b09f1b9 
5fbf153f: raises $0.15 to $0.25
2a5466a9: folds
42603520: folds
beec8296: folds
b09f1b9: folds
Hero: folds
Uncalled bet ($0.15) returned to 5fbf153f
*** SHOWDOWN ***
5fbf153f collected $0.25 from pot
*** SUMMARY ***
Total pot $0.25 | Rake $0 | Jackpot $0 | Bingo $0 | Fortune $0 | Tax $0
Seat 1: Hero (big blind) folded before Flop
Seat 2: 5fbf153f collected ($0.25)
Seat 3: 2a5466a9 folded before Flop (didn't bet)
Seat 4: 42603520 folded before Flop (didn't bet)
Seat 5: beec8296 (button) folded before Flop (didn't bet)
Seat 6: b09f1b9 (small blind) folded before Flop


Poker Hand #HD1780632422: Hold'em No Limit ($0.05/$0.1) - 2024/05/20 17:05:11
Table 'NLHRed42' 6-max Seat #4 is the button
Seat 1: Hero ($12.18 in chips)
Seat 2: 5fbf153f ($10.15 in chips)
Seat 3: 2a5466a9 ($10 in chips)
Seat 4: 42603520 ($15.64 in chips)
Seat 5: beec8296 ($10.15 in chips)
Seat 6: b09f1b9 ($13.81 in chips)
beec8296: posts small blind $0.05
b09f1b9: posts big blind $0.1
*** HOLE CARDS ***
Dealt to Hero [Tc Kd]
Dealt to 5fbf153f 
Dealt to 2a5466a9 
Dealt to 42603520 
Dealt to beec8296 
Dealt to b09f1b9 
Hero: folds
5fbf153f: folds
2a5466a9: folds
42603520: folds
beec8296: folds
Uncalled bet ($0.05) returned to b09f1b9
*** SHOWDOWN ***
b09f1b9 collected $0.1 from pot
*** SUMMARY ***
Total pot $0.1 | Rake $0 | Jackpot $0 | Bingo $0 | Fortune $0 | Tax $0
Seat 1: Hero folded before Flop (didn't bet)
Seat 2: 5fbf153f folded before Flop (didn't bet)
Seat 3: 2a5466a9 folded before Flop (didn't bet)
Seat 4: 42603520 (button) folded before Flop (didn't bet)
Seat 5: beec8296 (small blind) folded before Flop
Seat 6: b09f1b9 (big blind) collected ($0.1)


Poker Hand #HD1780632295: Hold'em No Limit ($0.05/$0.1) - 2024/05/20 17:04:09
Table 'NLHRed42' 6-max Seat #3 is the button
Seat 1: Hero ($12.18 in chips)
Seat 2: 5fbf153f ($10.15 in chips)
Seat 3: 2a5466a9 ($10 in chips)
Seat 4: 42603520 ($15.74 in chips)
Seat 5: beec8296 ($10.65 in chips)
Seat 6: b09f1b9 ($13.26 in chips)
42603520: posts small blind $0.05
beec8296: posts big blind $0.1
*** HOLE CARDS ***
Dealt to Hero [3s Td]
Dealt to 5fbf153f 
Dealt to 2a5466a9 
Dealt to 42603520 
Dealt to beec8296 
Dealt to b09f1b9 
b09f1b9: calls $0.1
Hero: folds
5fbf153f: folds
2a5466a9: folds
42603520: calls $0.05
beec8296: raises $0.4 to $0.5
b09f1b9: calls $0.4
42603520: folds
*** FLOP *** [2d Tc 8c]
beec8296: checks
b09f1b9: checks
*** TURN *** [2d Tc 8c] [Qs]
beec8296: checks
b09f1b9: bets $0.55
beec8296: folds
Uncalled bet ($0.55) returned to b09f1b9
*** SHOWDOWN ***
b09f1b9 collected $1.05 from pot
*** SUMMARY ***
Total pot $1.1 | Rake $0.05 | Jackpot $0 | Bingo $0 | Fortune $0 | Tax $0
Board [2d Tc 8c Qs]
Seat 1: Hero folded before Flop (didn't bet)
Seat 2: 5fbf153f folded before Flop (didn't bet)
Seat 3: 2a5466a9 (button) folded before Flop (didn't bet)
Seat 4: 42603520 (small blind) folded before Flop
Seat 5: beec8296 (big blind) folded on the Turn
Seat 6: b09f1b9 won ($1.05)


Poker Hand #HD1780632215: Hold'em No Limit ($0.05/$0.1) - 2024/05/20 17:03:33
Table 'NLHRed42' 6-max Seat #2 is the button
Seat 1: Hero ($12.18 in chips)
Seat 2: 5fbf153f ($10 in chips)
Seat 3: 2a5466a9 ($10.05 in chips)
Seat 4: 42603520 ($15.84 in chips)
Seat 5: beec8296 ($10.65 in chips)
Seat 6: b09f1b9 ($13.26 in chips)
2a5466a9: posts small blind $0.05
42603520: posts big blind $0.1
*** HOLE CARDS ***
Dealt to Hero [8c Qd]
Dealt to 5fbf153f 
Dealt to 2a5466a9 
Dealt to 42603520 
Dealt to beec8296 
Dealt to b09f1b9 
beec8296: folds
b09f1b9: folds
Hero: folds
5fbf153f: raises $0.15 to $0.25
2a5466a9: folds
42603520: folds
Uncalled bet ($0.15) returned to 5fbf153f
*** SHOWDOWN ***
5fbf153f collected $0.25 from pot
*** SUMMARY ***
Total pot $0.25 | Rake $0 | Jackpot $0 | Bingo $0 | Fortune $0 | Tax $0
Seat 1: Hero folded before Flop (didn't bet)
Seat 2: 5fbf153f (button) collected ($0.25)
Seat 3: 2a5466a9 (small blind) folded before Flop
Seat 4: 42603520 (big blind) folded before Flop
Seat 5: beec8296 folded before Flop (didn't bet)
Seat 6: b09f1b9 folded before Flop (didn't bet)


Poker Hand #HD1780632186: Hold'em No Limit ($0.05/$0.1) - 2024/05/20 17:03:19
Table 'NLHRed42' 6-max Seat #1 is the button
Seat 1: Hero ($12.18 in chips)
Seat 2: 5fbf153f ($10 in chips)
Seat 3: 2a5466a9 ($10 in chips)
Seat 4: 42603520 ($15.84 in chips)
Seat 5: beec8296 ($10.65 in chips)
Seat 6: b09f1b9 ($13.26 in chips)
5fbf153f: posts small blind $0.05
2a5466a9: posts big blind $0.1
*** HOLE CARDS ***
Dealt to Hero [3h 4s]
Dealt to 5fbf153f 
Dealt to 2a5466a9 
Dealt to 42603520 
Dealt to beec8296 
Dealt to b09f1b9 
42603520: folds
beec8296: folds
b09f1b9: folds
Hero: folds
5fbf153f: folds
Uncalled bet ($0.05) returned to 2a5466a9
*** SHOWDOWN ***
2a5466a9 collected $0.1 from pot
*** SUMMARY ***
Total pot $0.1 | Rake $0 | Jackpot $0 | Bingo $0 | Fortune $0 | Tax $0
Seat 1: Hero (button) folded before Flop (didn't bet)
Seat 2: 5fbf153f (small blind) folded before Flop
Seat 3: 2a5466a9 (big blind) collected ($0.1)
Seat 4: 42603520 folded before Flop (didn't bet)
Seat 5: beec8296 folded before Flop (didn't bet)
Seat 6: b09f1b9 folded before Flop (didn't bet)


Poker Hand #HD1780631982: Hold'em No Limit ($0.05/$0.1) - 2024/05/20 17:01:40
Table 'NLHRed42' 6-max Seat #6 is the button
Seat 1: Hero ($10.38 in chips)
Seat 2: 5fbf153f ($11.41 in chips)
Seat 4: 42603520 ($15.84 in chips)
Seat 5: beec8296 ($10.65 in chips)
Seat 6: b09f1b9 ($13.26 in chips)
Hero: posts small blind $0.05
5fbf153f: posts big blind $0.1
*** HOLE CARDS ***
Dealt to Hero [Ah 7h]
Dealt to 5fbf153f 
Dealt to 42603520 
Dealt to beec8296 
Dealt to b09f1b9 
42603520: folds
beec8296: folds
b09f1b9: folds
Hero: raises $0.2 to $0.3
5fbf153f: calls $0.2
*** FLOP *** [Js 7d 2d]
Hero: checks
5fbf153f: bets $0.3
Hero: calls $0.3
*** TURN *** [Js 7d 2d] [As]
Hero: checks
5fbf153f: checks
*** RIVER *** [Js 7d 2d As] [Td]
Hero: bets $0.3
5fbf153f: raises $1.2 to $1.5
Hero: calls $1.2
5fbf153f: shows [Kc Jc] (Pair of Jacks)
Hero: shows [Ah 7h] (Pair of Aces and Pair of Sevens)
*** SHOWDOWN ***
Hero collected $3.9 from pot
*** SUMMARY ***
Total pot $4.2 | Rake $0.2 | Jackpot $0.1 | Bingo $0 | Fortune $0 | Tax $0
Board [Js 7d 2d As Td]
Seat 1: Hero (small blind) showed [Ah 7h] and won ($3.9) with Pair of Aces and Pair of Sevens
Seat 2: 5fbf153f (big blind) showed [Kc Jc] and lost with Pair of Jacks
Seat 4: 42603520 folded before Flop (didn't bet)
Seat 5: beec8296 folded before Flop (didn't bet)
Seat 6: b09f1b9 (button) folded before Flop (didn't bet)


Poker Hand #HD1780631837: Hold'em No Limit ($0.05/$0.1) - 2024/05/20 17:00:35
Table 'NLHRed42' 6-max Seat #5 is the button
Seat 1: Hero ($11 in chips)
Seat 2: 5fbf153f ($11.41 in chips)
Seat 4: 42603520 ($15.84 in chips)
Seat 5: beec8296 ($10.04 in chips)
Seat 6: b09f1b9 ($13.31 in chips)
b09f1b9: posts small blind $0.05
Hero: posts big blind $0.1
*** HOLE CARDS ***
Dealt to Hero [Jh 9h]
Dealt to 5fbf153f 
Dealt to 42603520 
Dealt to beec8296 
Dealt to b09f1b9 
5fbf153f: folds
42603520: folds
beec8296: raises $0.13 to $0.23
b09f1b9: folds
Hero: calls $0.13
*** FLOP *** [8h Kc Ts]
Hero: checks
beec8296: bets $0.39
Hero: calls $0.39
*** TURN *** [8h Kc Ts] [5s]
Hero: checks
beec8296: bets $1.5
Hero: folds
Uncalled bet ($1.5) returned to beec8296
*** SHOWDOWN ***
beec8296 collected $1.23 from pot
*** SUMMARY ***
Total pot $1.29 | Rake $0.06 | Jackpot $0 | Bingo $0 | Fortune $0 | Tax $0
Board [8h Kc Ts 5s]
Seat 1: Hero (big blind) folded on the Turn
Seat 2: 5fbf153f folded before Flop (didn't bet)
Seat 4: 42603520 folded before Flop (didn't bet)
Seat 5: beec8296 (button) won ($1.23)
Seat 6: b09f1b9 (small blind) folded before Flop


Poker Hand #HD1780631807: Hold'em No Limit ($0.05/$0.1) - 2024/05/20 17:00:19
Table 'NLHRed42' 6-max Seat #4 is the button
Seat 1: Hero ($10.85 in chips)
Seat 2: 5fbf153f ($11.41 in chips)
Seat 4: 42603520 ($15.84 in chips)
Seat 5: beec8296 ($10.09 in chips)
Seat 6: b09f1b9 ($13.41 in chips)
beec8296: posts small blind $0.05
b09f1b9: posts big blind $0.1
*** HOLE CARDS ***
Dealt to Hero [Ac Ah]
Dealt to 5fbf153f 
Dealt to 42603520 
Dealt to beec8296 
Dealt to b09f1b9 
Hero: raises $0.1 to $0.2
5fbf153f: folds
42603520: folds
beec8296: folds
b09f1b9: folds
Uncalled bet ($0.1) returned to Hero
*** SHOWDOWN ***
Hero collected $0.25 from pot
*** SUMMARY ***
Total pot $0.25 | Rake $0 | Jackpot $0 | Bingo $0 | Fortune $0 | Tax $0
Seat 1: Hero collected ($0.25)
Seat 2: 5fbf153f folded before Flop (didn't bet)
Seat 4: 42603520 (button) folded before Flop (didn't bet)
Seat 5: beec8296 (small blind) folded before Flop
Seat 6: b09f1b9 (big blind) folded before Flop


Poker Hand #HD1780631695: Hold'em No Limit ($0.05/$0.1) - 2024/05/20 16:59:21
Table 'NLHRed42' 6-max Seat #2 is the button
Seat 1: Hero ($10.85 in chips)
Seat 2: 5fbf153f ($11.41 in chips)
Seat 4: 42603520 ($15.94 in chips)
Seat 5: beec8296 ($10 in chips)
Seat 6: b09f1b9 ($13.41 in chips)
42603520: posts small blind $0.05
beec8296: posts big blind $0.1
*** HOLE CARDS ***
Dealt to Hero [Th 8s]
Dealt to 5fbf153f 
Dealt to 42603520 
Dealt to beec8296 
Dealt to b09f1b9 
b09f1b9: folds
Hero: folds
5fbf153f: folds
42603520: calls $0.05
beec8296: checks
*** FLOP *** [5h 4h 3h]
42603520: checks
beec8296: checks
*** TURN *** [5h 4h 3h] [7d]
42603520: checks
beec8296: bets $0.13
42603520: folds
Uncalled bet ($0.13) returned to beec8296
*** SHOWDOWN ***
beec8296 collected $0.19 from pot
*** SUMMARY ***
Total pot $0.2 | Rake $0.01 | Jackpot $0 | Bingo $0 | Fortune $0 | Tax $0
Board [5h 4h 3h 7d]
Seat 1: Hero folded before Flop (didn't bet)
Seat 2: 5fbf153f (button) folded before Flop (didn't bet)
Seat 4: 42603520 (small blind) folded on the Turn
Seat 5: beec8296 (big blind) won ($0.19)
Seat 6: b09f1b9 folded before Flop (didn't bet)


Poker Hand #HD1780631664: Hold'em No Limit ($0.05/$0.1) - 2024/05/20 16:59:07
Table 'NLHRed42' 6-max Seat #1 is the button
Seat 1: Hero ($10.85 in chips)
Seat 2: 5fbf153f ($11.31 in chips)
Seat 4: 42603520 ($16.04 in chips)
Seat 5: beec8296 ($10 in chips)
Seat 6: b09f1b9 ($13.41 in chips)
5fbf153f: posts small blind $0.05
42603520: posts big blind $0.1
*** HOLE CARDS ***
Dealt to Hero [Ts 8c]
Dealt to 5fbf153f 
Dealt to 42603520 
Dealt to beec8296 
Dealt to b09f1b9 
beec8296: folds
b09f1b9: folds
Hero: folds
5fbf153f: raises $0.2 to $0.3
42603520: folds
Uncalled bet ($0.2) returned to 5fbf153f
*** SHOWDOWN ***
5fbf153f collected $0.2 from pot
*** SUMMARY ***
Total pot $0.2 | Rake $0 | Jackpot $0 | Bingo $0 | Fortune $0 | Tax $0
Seat 1: Hero (button) folded before Flop (didn't bet)
Seat 2: 5fbf153f (small blind) collected ($0.2)
Seat 4: 42603520 (big blind) folded before Flop
Seat 5: beec8296 folded before Flop (didn't bet)
Seat 6: b09f1b9 folded before Flop (didn't bet)


Poker Hand #HD1780631587: Hold'em No Limit ($0.05/$0.1) - 2024/05/20 16:58:36
Table 'NLHRed42' 6-max Seat #6 is the button
Seat 1: Hero ($10.9 in chips)
Seat 2: 5fbf153f ($11.08 in chips)
Seat 4: 42603520 ($16.04 in chips)
Seat 5: beec8296 ($10 in chips)
Seat 6: b09f1b9 ($13.61 in chips)
Hero: posts small blind $0.05
5fbf153f: posts big blind $0.1
*** HOLE CARDS ***
Dealt to Hero [8s Ts]
Dealt to 5fbf153f 
Dealt to 42603520 
Dealt to beec8296 
Dealt to b09f1b9 
42603520: folds
beec8296: folds
b09f1b9: raises $0.1 to $0.2
Hero: folds
5fbf153f: calls $0.1
*** FLOP *** [2d 4c Kc]
5fbf153f: checks
b09f1b9: checks
*** TURN *** [2d 4c Kc] [Ks]
5fbf153f: bets $0.35
b09f1b9: folds
Uncalled bet ($0.35) returned to 5fbf153f
*** SHOWDOWN ***
5fbf153f collected $0.43 from pot
*** SUMMARY ***
Total pot $0.45 | Rake $0.02 | Jackpot $0 | Bingo $0 | Fortune $0 | Tax $0
Board [2d 4c Kc Ks]
Seat 1: Hero (small blind) folded before Flop
Seat 2: 5fbf153f (big blind) won ($0.43)
Seat 4: 42603520 folded before Flop (didn't bet)
Seat 5: beec8296 folded before Flop (didn't bet)
Seat 6: b09f1b9 (button) folded on the Turn


Poker Hand #HD1780631538: Hold'em No Limit ($0.05/$0.1) - 2024/05/20 16:58:14
Table 'NLHRed42' 6-max Seat #5 is the button
Seat 1: Hero ($11 in chips)
Seat 2: 5fbf153f ($11.08 in chips)
Seat 4: 42603520 ($16.04 in chips)
Seat 5: beec8296 ($10 in chips)
Seat 6: b09f1b9 ($13.51 in chips)
b09f1b9: posts small blind $0.05
Hero: posts big blind $0.1
*** HOLE CARDS ***
Dealt to Hero [9s 2s]
Dealt to 5fbf153f 
Dealt to 42603520 
Dealt to beec8296 
Dealt to b09f1b9 
5fbf153f: folds
42603520: folds
beec8296: folds
b09f1b9: raises $0.1 to $0.2
Hero: folds
Uncalled bet ($0.1) returned to b09f1b9
*** SHOWDOWN ***
b09f1b9 collected $0.2 from pot
*** SUMMARY ***
Total pot $0.2 | Rake $0 | Jackpot $0 | Bingo $0 | Fortune $0 | Tax $0
Seat 1: Hero (big blind) folded before Flop
Seat 2: 5fbf153f folded before Flop (didn't bet)
Seat 4: 42603520 folded before Flop (didn't bet)
Seat 5: beec8296 (button) folded before Flop (didn't bet)
Seat 6: b09f1b9 (small blind) collected ($0.2)


Poker Hand #HD1780631499: Hold'em No Limit ($0.05/$0.1) - 2024/05/20 16:57:55
Table 'NLHRed42' 6-max Seat #4 is the button
Seat 1: Hero ($11 in chips)
Seat 2: 5fbf153f ($11.08 in chips)
Seat 4: 42603520 ($16.04 in chips)
Seat 5: beec8296 ($10.05 in chips)
Seat 6: b09f1b9 ($13.46 in chips)
beec8296: posts small blind $0.05
b09f1b9: posts big blind $0.1
*** HOLE CARDS ***
Dealt to Hero [Jc 8c]
Dealt to 5fbf153f 
Dealt to 42603520 
Dealt to beec8296 
Dealt to b09f1b9 
Hero: folds
5fbf153f: folds
42603520: folds
beec8296: folds
Uncalled bet ($0.05) returned to b09f1b9
*** SHOWDOWN ***
b09f1b9 collected $0.1 from pot
*** SUMMARY ***
Total pot $0.1 | Rake $0 | Jackpot $0 | Bingo $0 | Fortune $0 | Tax $0
Seat 1: Hero folded before Flop (didn't bet)
Seat 2: 5fbf153f folded before Flop (didn't bet)
Seat 4: 42603520 (button) folded before Flop (didn't bet)
Seat 5: beec8296 (small blind) folded before Flop
Seat 6: b09f1b9 (big blind) collected ($0.1)


Poker Hand #HD1780631435: Hold'em No Limit ($0.05/$0.1) - 2024/05/20 16:57:27
Table 'NLHRed42' 6-max Seat #2 is the button
Seat 1: Hero ($11 in chips)
Seat 2: 5fbf153f ($11.08 in chips)
Seat 4: 42603520 ($16.09 in chips)
Seat 5: beec8296 ($10 in chips)
Seat 6: b09f1b9 ($13.46 in chips)
42603520: posts small blind $0.05
beec8296: posts big blind $0.1
*** HOLE CARDS ***
Dealt to Hero [Ac 8h]
Dealt to 5fbf153f 
Dealt to 42603520 
Dealt to beec8296 
Dealt to b09f1b9 
b09f1b9: folds
Hero: folds
5fbf153f: folds
42603520: folds
Uncalled bet ($0.05) returned to beec8296
*** SHOWDOWN ***
beec8296 collected $0.1 from pot
*** SUMMARY ***
Total pot $0.1 | Rake $0 | Jackpot $0 | Bingo $0 | Fortune $0 | Tax $0
Seat 1: Hero folded before Flop (didn't bet)
Seat 2: 5fbf153f (button) folded before Flop (didn't bet)
Seat 4: 42603520 (small blind) folded before Flop
Seat 5: beec8296 (big blind) collected ($0.1)
Seat 6: b09f1b9 folded before Flop (didn't bet)


Poker Hand #HD1780631409: Hold'em No Limit ($0.05/$0.1) - 2024/05/20 16:57:16
Table 'NLHRed42' 6-max Seat #1 is the button
Seat 1: Hero ($11 in chips)
Seat 2: 5fbf153f ($11.13 in chips)
Seat 4: 42603520 ($16.04 in chips)
Seat 5: beec8296 ($10 in chips)
Seat 6: b09f1b9 ($13.46 in chips)
5fbf153f: posts small blind $0.05
42603520: posts big blind $0.1
*** HOLE CARDS ***
Dealt to Hero [2c Qc]
Dealt to 5fbf153f 
Dealt to 42603520 
Dealt to beec8296 
Dealt to b09f1b9 
beec8296: folds
b09f1b9: folds
Hero: folds
5fbf153f: folds
Uncalled bet ($0.05) returned to 42603520
*** SHOWDOWN ***
42603520 collected $0.1 from pot
*** SUMMARY ***
Total pot $0.1 | Rake $0 | Jackpot $0 | Bingo $0 | Fortune $0 | Tax $0
Seat 1: Hero (button) folded before Flop (didn't bet)
Seat 2: 5fbf153f (small blind) folded before Flop
Seat 4: 42603520 (big blind) collected ($0.1)
Seat 5: beec8296 folded before Flop (didn't bet)
Seat 6: b09f1b9 folded before Flop (didn't bet)


Poker Hand #HD1780631285: Hold'em No Limit ($0.05/$0.1) - 2024/05/20 16:56:18
Table 'NLHRed42' 6-max Seat #6 is the button
Seat 1: Hero ($10 in chips)
Seat 2: 5fbf153f ($11.23 in chips)
Seat 4: 42603520 ($16.04 in chips)
Seat 5: beec8296 ($10.22 in chips)
Seat 6: b09f1b9 ($13.46 in chips)
Hero: posts small blind $0.05
5fbf153f: posts big blind $0.1
*** HOLE CARDS ***
Dealt to Hero [Ac Ah]
Dealt to 5fbf153f 
Dealt to 42603520 
Dealt to beec8296 
Dealt to b09f1b9 
42603520: folds
beec8296: raises $0.13 to $0.23
b09f1b9: folds
Hero: raises $0.77 to $1
5fbf153f: folds
beec8296: calls $0.77
*** FLOP *** [4d Ks 5s]
Hero: bets $0.9
beec8296: folds
Uncalled bet ($0.9) returned to Hero
*** SHOWDOWN ***
Hero collected $2 from pot
*** SUMMARY ***
Total pot $2.1 | Rake $0.1 | Jackpot $0 | Bingo $0 | Fortune $0 | Tax $0
Board [4d Ks 5s]
Seat 1: Hero (small blind) won ($2)
Seat 2: 5fbf153f (big blind) folded before Flop
Seat 4: 42603520 folded before Flop (didn't bet)
Seat 5: beec8296 folded on the Flop
Seat 6: b09f1b9 (button) folded before Flop (didn't bet)


Poker Hand #HD1780631176: Hold'em No Limit ($0.05/$0.1) - 2024/05/20 16:55:28
Table 'NLHRed42' 6-max Seat #5 is the button
Seat 1: Hero ($10 in chips)
Seat 2: 5fbf153f ($11.23 in chips)
Seat 3: 2a5466a9 ($10 in chips)
Seat 4: 42603520 ($16.04 in chips)
Seat 5: beec8296 ($10.45 in chips)
Seat 6: b09f1b9 ($13.15 in chips)
b09f1b9: posts small blind $0.05
Hero: posts big blind $0.1
*** HOLE CARDS ***
Dealt to Hero [8s Ac]
Dealt to 5fbf153f 
Dealt to 2a5466a9 
Dealt to 42603520 
Dealt to beec8296 
Dealt to b09f1b9 
5fbf153f: folds
2a5466a9: folds
42603520: folds
beec8296: raises $0.13 to $0.23
b09f1b9: calls $0.18
Hero: folds
*** FLOP *** [5s 2h Jh]
b09f1b9: checks
beec8296: checks
*** TURN *** [5s 2h Jh] [2s]
b09f1b9: bets $0.19
beec8296: folds
Uncalled bet ($0.19) returned to b09f1b9
*** SHOWDOWN ***
b09f1b9 collected $0.54 from pot
*** SUMMARY ***
Total pot $0.56 | Rake $0.02 | Jackpot $0 | Bingo $0 | Fortune $0 | Tax $0
Board [5s 2h Jh 2s]
Seat 1: Hero (big blind) folded before Flop
Seat 2: 5fbf153f folded before Flop (didn't bet)
Seat 3: 2a5466a9 folded before Flop (didn't bet)
Seat 4: 42603520 folded before Flop (didn't bet)
Seat 5: beec8296 (button) folded on the Turn
Seat 6: b09f1b9 (small blind) won ($0.54)


Poker Hand #HD1780630987: Hold'em No Limit ($0.05/$0.1) - 2024/05/20 16:53:58
Table 'NLHRed42' 6-max Seat #4 is the button
Seat 1: Hero ($10 in chips)
Seat 3: 2a5466a9 ($10 in chips)
Seat 4: 42603520 ($14.87 in chips)
Seat 5: beec8296 ($10.5 in chips)
Seat 6: b09f1b9 ($13.25 in chips)
beec8296: posts small blind $0.05
b09f1b9: posts big blind $0.1
*** HOLE CARDS ***
Dealt to Hero [Qd Ah]
Dealt to 2a5466a9 
Dealt to 42603520 
Dealt to beec8296 
Dealt to b09f1b9 
Hero: raises $0.1 to $0.2
2a5466a9: folds
42603520: calls $0.2
beec8296: folds
b09f1b9: folds
*** FLOP *** [7c Td 5c]
Hero: checks
42603520: bets $0.19
Hero: calls $0.19
*** TURN *** [7c Td 5c] [Qh]
Hero: checks
42603520: bets $0.75
Hero: calls $0.75
*** RIVER *** [7c Td 5c Qh] [Kc]
Hero: checks
42603520: checks
Hero: shows [Qd Ah] (Pair of Queens)
42603520: shows [Tc Ts] (Three Tens)
*** SHOWDOWN ***
42603520 collected $2.31 from pot
*** SUMMARY ***
Total pot $2.43 | Rake $0.12 | Jackpot $0 | Bingo $0 | Fortune $0 | Tax $0
Board [7c Td 5c Qh Kc]
Seat 1: Hero showed [Qd Ah] and lost with Pair of Queens
Seat 3: 2a5466a9 folded before Flop (didn't bet)
Seat 4: 42603520 (button) showed [Tc Ts] and won ($2.31) with Three Tens
Seat 5: beec8296 (small blind) folded before Flop
Seat 6: b09f1b9 (big blind) folded before Flop


Poker Hand #HD1780630948: Hold'em No Limit ($0.05/$0.1) - 2024/05/20 16:53:42
Table 'NLHRed42' 6-max Seat #3 is the button
Seat 1: Hero ($10 in chips)
Seat 3: 2a5466a9 ($10 in chips)
Seat 4: 42603520 ($14.92 in chips)
Seat 5: beec8296 ($10.45 in chips)
Seat 6: b09f1b9 ($13.25 in chips)
42603520: posts small blind $0.05
beec8296: posts big blind $0.1
*** HOLE CARDS ***
Dealt to Hero [Js 2h]
Dealt to 2a5466a9 
Dealt to 42603520 
Dealt to beec8296 
Dealt to b09f1b9 
b09f1b9: folds
Hero: folds
2a5466a9: folds
42603520: folds
Uncalled bet ($0.05) returned to beec8296
*** SHOWDOWN ***
beec8296 collected $0.1 from pot
*** SUMMARY ***
Total pot $0.1 | Rake $0 | Jackpot $0 | Bingo $0 | Fortune $0 | Tax $0
Seat 1: Hero folded before Flop (didn't bet)
Seat 3: 2a5466a9 (button) folded before Flop (didn't bet)
Seat 4: 42603520 (small blind) folded before Flop
Seat 5: beec8296 (big blind) collected ($0.1)
Seat 6: b09f1b9 folded before Flop (didn't bet)


Poker Hand #HD1780630847: Hold'em No Limit ($0.05/$0.1) - 2024/05/20 16:52:56
Table 'NLHRed42' 6-max Seat #2 is the button
Seat 1: Hero ($10 in chips)
Seat 2: 5fbf153f ($11.23 in chips)
Seat 3: 2a5466a9 ($10 in chips)
Seat 4: 42603520 ($14.65 in chips)
Seat 5: beec8296 ($10.45 in chips)
Seat 6: b09f1b9 ($13.25 in chips)
2a5466a9: posts small blind $0.05
42603520: posts big blind $0.1
*** HOLE CARDS ***
Dealt to Hero [9s As]
Dealt to 5fbf153f 
Dealt to 2a5466a9 
Dealt to 42603520 
Dealt to beec8296 
Dealt to b09f1b9 
beec8296: folds
b09f1b9: folds
Hero: raises $0.14 to $0.24
5fbf153f: folds
2a5466a9: folds
42603520: raises $0.86 to $1.1
Hero: folds
Uncalled bet ($0.86) returned to 42603520
*** SHOWDOWN ***
42603520 collected $0.51 from pot
*** SUMMARY ***
Total pot $0.53 | Rake $0.02 | Jackpot $0 | Bingo $0 | Fortune $0 | Tax $0
Seat 1: Hero folded before Flop
Seat 2: 5fbf153f (button) folded before Flop (didn't bet)
Seat 3: 2a5466a9 (small blind) folded before Flop
Seat 4: 42603520 (big blind) collected ($0.51)
Seat 5: beec8296 folded before Flop (didn't bet)
Seat 6: b09f1b9 folded before Flop (didn't bet)


Poker Hand #HD1780630730: Hold'em No Limit ($0.05/$0.1) - 2024/05/20 16:52:02
Table 'NLHRed42' 6-max Seat #1 is the button
Seat 1: Hero ($10 in chips)
Seat 2: 5fbf153f ($11.28 in chips)
Seat 3: 2a5466a9 ($10 in chips)
Seat 4: 42603520 ($14.65 in chips)
Seat 5: beec8296 ($10.45 in chips)
Seat 6: b09f1b9 ($12.16 in chips)
5fbf153f: posts small blind $0.05
2a5466a9: posts big blind $0.1
*** HOLE CARDS ***
Dealt to Hero [Ah Kc]
Dealt to 5fbf153f 
Dealt to 2a5466a9 
Dealt to 42603520 
Dealt to beec8296 
Dealt to b09f1b9 
42603520: folds
beec8296: folds
b09f1b9: raises $0.1 to $0.2
Hero: raises $0.4 to $0.6
5fbf153f: folds
2a5466a9: folds
b09f1b9: calls $0.4
*** FLOP *** [2s 9s 6c]
b09f1b9: checks
Hero: checks
*** TURN *** [2s 9s 6c] [4d]
b09f1b9: bets $0.45
Hero: calls $0.45
*** RIVER *** [2s 9s 6c 4d] [4s]
b09f1b9: bets $1.13
Hero: folds
Uncalled bet ($1.13) returned to b09f1b9
*** SHOWDOWN ***
b09f1b9 collected $2.14 from pot
*** SUMMARY ***
Total pot $2.25 | Rake $0.11 | Jackpot $0 | Bingo $0 | Fortune $0 | Tax $0
Board [2s 9s 6c 4d 4s]
Seat 1: Hero (button) folded on the River
Seat 2: 5fbf153f (small blind) folded before Flop
Seat 3: 2a5466a9 (big blind) folded before Flop
Seat 4: 42603520 folded before Flop (didn't bet)
Seat 5: beec8296 folded before Flop (didn't bet)
Seat 6: b09f1b9 won ($2.14)


Poker Hand #HD1780630633: Hold'em No Limit ($0.05/$0.1) - 2024/05/20 16:51:20
Table 'NLHRed42' 6-max Seat #6 is the button
Seat 1: Hero ($10 in chips)
Seat 2: 5fbf153f ($11.38 in chips)
Seat 3: 2a5466a9 ($10 in chips)
Seat 4: 42603520 ($14.65 in chips)
Seat 5: beec8296 ($10.1 in chips)
Seat 6: b09f1b9 ($12.39 in chips)
Hero: posts small blind $0.05
5fbf153f: posts big blind $0.1
*** HOLE CARDS ***
Dealt to Hero [2c 6c]
Dealt to 5fbf153f 
Dealt to 2a5466a9 
Dealt to 42603520 
Dealt to beec8296 
Dealt to b09f1b9 
2a5466a9: folds
42603520: folds
beec8296: raises $0.13 to $0.23
b09f1b9: calls $0.23
Hero: folds
5fbf153f: folds
*** FLOP *** [2s Jh 8s]
beec8296: bets $0.22
b09f1b9: folds
Uncalled bet ($0.22) returned to beec8296
*** SHOWDOWN ***
beec8296 collected $0.58 from pot
*** SUMMARY ***
Total pot $0.61 | Rake $0.03 | Jackpot $0 | Bingo $0 | Fortune $0 | Tax $0
Board [2s Jh 8s]
Seat 1: Hero (small blind) folded before Flop
Seat 2: 5fbf153f (big blind) folded before Flop
Seat 3: 2a5466a9 folded before Flop (didn't bet)
Seat 4: 42603520 folded before Flop (didn't bet)
Seat 5: beec8296 won ($0.58)
Seat 6: b09f1b9 (button) folded on the Flop


Poker Hand #HD1780630591: Hold'em No Limit ($0.05/$0.1) - 2024/05/20 16:51:00
Table 'NLHRed42' 6-max Seat #5 is the button
Seat 1: Hero ($10 in chips)
Seat 2: 5fbf153f ($11.38 in chips)
Seat 3: 2a5466a9 ($10 in chips)
Seat 4: 42603520 ($14.5 in chips)
Seat 5: beec8296 ($10.1 in chips)
Seat 6: b09f1b9 ($12.44 in chips)
b09f1b9: posts small blind $0.05
Hero: posts big blind $0.1
*** HOLE CARDS ***
Dealt to Hero [8d Qs]
Dealt to 5fbf153f 
Dealt to 2a5466a9 
Dealt to 42603520 
Dealt to beec8296 
Dealt to b09f1b9 
5fbf153f: folds
2a5466a9: folds
42603520: raises $0.1 to $0.2
beec8296: folds
b09f1b9: folds
Hero: folds
Uncalled bet ($0.1) returned to 42603520
*** SHOWDOWN ***
42603520 collected $0.25 from pot
*** SUMMARY ***
Total pot $0.25 | Rake $0 | Jackpot $0 | Bingo $0 | Fortune $0 | Tax $0
Seat 1: Hero (big blind) folded before Flop
Seat 2: 5fbf153f folded before Flop (didn't bet)
Seat 3: 2a5466a9 folded before Flop (didn't bet)
Seat 4: 42603520 collected ($0.25)
Seat 5: beec8296 (button) folded before Flop (didn't bet)
Seat 6: b09f1b9 (small blind) folded before Flop


Poker Hand #HD1780630550: Hold'em No Limit ($0.05/$0.1) - 2024/05/20 16:50:41
Table 'NLHRed42' 6-max Seat #4 is the button
Seat 1: Hero ($10 in chips)
Seat 2: 5fbf153f ($11.38 in chips)
Seat 3: 2a5466a9 ($10 in chips)
Seat 4: 42603520 ($14.5 in chips)
Seat 5: beec8296 ($10 in chips)
Seat 6: b09f1b9 ($12.54 in chips)
beec8296: posts small blind $0.05
b09f1b9: posts big blind $0.1
*** HOLE CARDS ***
Dealt to Hero [3d Ks]
Dealt to 5fbf153f 
Dealt to 2a5466a9 
Dealt to 42603520 
Dealt to beec8296 
Dealt to b09f1b9 
Hero: folds
5fbf153f: folds
2a5466a9: folds
42603520: folds
beec8296: raises $0.2 to $0.3
b09f1b9: folds
Uncalled bet ($0.2) returned to beec8296
*** SHOWDOWN ***
beec8296 collected $0.2 from pot
*** SUMMARY ***
Total pot $0.2 | Rake $0 | Jackpot $0 | Bingo $0 | Fortune $0 | Tax $0
Seat 1: Hero folded before Flop (didn't bet)
Seat 2: 5fbf153f folded before Flop (didn't bet)
Seat 3: 2a5466a9 folded before Flop (didn't bet)
Seat 4: 42603520 (button) folded before Flop (didn't bet)
Seat 5: beec8296 (small blind) collected ($0.2)
Seat 6: b09f1b9 (big blind) folded before Flop


Poker Hand #HD1780630426: Hold'em No Limit ($0.05/$0.1) - 2024/05/20 16:49:49
Table 'NLHRed42' 6-max Seat #3 is the button
Seat 1: Hero ($10 in chips)
Seat 2: 5fbf153f ($12.86 in chips)
Seat 3: 2a5466a9 ($10 in chips)
Seat 4: 42603520 ($14.55 in chips)
Seat 5: beec8296 ($10 in chips)
Seat 6: b09f1b9 ($11.16 in chips)
42603520: posts small blind $0.05
beec8296: posts big blind $0.1
*** HOLE CARDS ***
Dealt to Hero [Kd Td]
Dealt to 5fbf153f 
Dealt to 2a5466a9 
Dealt to 42603520 
Dealt to beec8296 
Dealt to b09f1b9 
b09f1b9: raises $0.1 to $0.2
Hero: folds
5fbf153f: raises $0.5 to $0.7
2a5466a9: folds
42603520: folds
beec8296: folds
b09f1b9: calls $0.5
*** FLOP *** [8s 9h 7c]
b09f1b9: checks
5fbf153f: bets $0.78
b09f1b9: calls $0.78
*** TURN *** [8s 9h 7c] [Jc]
b09f1b9: checks
5fbf153f: checks
*** RIVER *** [8s 9h 7c Jc] [8h]
b09f1b9: bets $3.11
5fbf153f: folds
Uncalled bet ($3.11) returned to b09f1b9
*** SHOWDOWN ***
b09f1b9 collected $2.86 from pot
*** SUMMARY ***
Total pot $3.11 | Rake $0.15 | Jackpot $0.1 | Bingo $0 | Fortune $0 | Tax $0
Board [8s 9h 7c Jc 8h]
Seat 1: Hero folded before Flop (didn't bet)
Seat 2: 5fbf153f folded on the River
Seat 3: 2a5466a9 (button) folded before Flop (didn't bet)
Seat 4: 42603520 (small blind) folded before Flop
Seat 5: beec8296 (big blind) folded before Flop
Seat 6: b09f1b9 won ($2.86)


Poker Hand #HD1780630289: Hold'em No Limit ($0.05/$0.1) - 2024/05/20 16:48:48
Table 'NLHRed42' 6-max Seat #2 is the button
Seat 1: Hero ($10.33 in chips)
Seat 2: 5fbf153f ($12.86 in chips)
Seat 3: 2a5466a9 ($10 in chips)
Seat 4: 42603520 ($14.65 in chips)
Seat 5: beec8296 ($10 in chips)
Seat 6: b09f1b9 ($10.37 in chips)
2a5466a9: posts small blind $0.05
42603520: posts big blind $0.1
*** HOLE CARDS ***
Dealt to Hero [Qd Ac]
Dealt to 5fbf153f 
Dealt to 2a5466a9 
Dealt to 42603520 
Dealt to beec8296 
Dealt to b09f1b9 
beec8296: folds
b09f1b9: calls $0.1
Hero: raises $0.3 to $0.4
5fbf153f: folds
2a5466a9: folds
42603520: folds
b09f1b9: calls $0.3
*** FLOP *** [8c Jd 4s]
b09f1b9: checks
Hero: checks
*** TURN *** [8c Jd 4s] [8h]
b09f1b9: bets $0.32
Hero: calls $0.32
*** RIVER *** [8c Jd 4s 8h] [6c]
b09f1b9: bets $1.59
Hero: folds
Uncalled bet ($1.59) returned to b09f1b9
*** SHOWDOWN ***
b09f1b9 collected $1.51 from pot
*** SUMMARY ***
Total pot $1.59 | Rake $0.08 | Jackpot $0 | Bingo $0 | Fortune $0 | Tax $0
Board [8c Jd 4s 8h 6c]
Seat 1: Hero folded on the River
Seat 2: 5fbf153f (button) folded before Flop (didn't bet)
Seat 3: 2a5466a9 (small blind) folded before Flop
Seat 4: 42603520 (big blind) folded before Flop
Seat 5: beec8296 folded before Flop (didn't bet)
Seat 6: b09f1b9 won ($1.51)


Poker Hand #HD1780630165: Hold'em No Limit ($0.05/$0.1) - 2024/05/20 16:47:49
Table 'NLHRed42' 6-max Seat #1 is the button
Seat 1: Hero ($10 in chips)
Seat 2: 5fbf153f ($12.91 in chips)
Seat 3: 2a5466a9 ($10 in chips)
Seat 4: 42603520 ($14.65 in chips)
Seat 5: beec8296 ($10 in chips)
Seat 6: b09f1b9 ($10.57 in chips)
5fbf153f: posts small blind $0.05
2a5466a9: posts big blind $0.1
*** HOLE CARDS ***
Dealt to Hero [Js Kc]
Dealt to 5fbf153f 
Dealt to 2a5466a9 
Dealt to 42603520 
Dealt to beec8296 
Dealt to b09f1b9 
42603520: folds
beec8296: folds
b09f1b9: raises $0.1 to $0.2
Hero: raises $0.4 to $0.6
5fbf153f: folds
2a5466a9: folds
b09f1b9: folds
Uncalled bet ($0.4) returned to Hero
*** SHOWDOWN ***
Hero collected $0.53 from pot
*** SUMMARY ***
Total pot $0.55 | Rake $0.02 | Jackpot $0 | Bingo $0 | Fortune $0 | Tax $0
Seat 1: Hero (button) collected ($0.53)
Seat 2: 5fbf153f (small blind) folded before Flop
Seat 3: 2a5466a9 (big blind) folded before Flop
Seat 4: 42603520 folded before Flop (didn't bet)
Seat 5: beec8296 folded before Flop (didn't bet)
Seat 6: b09f1b9 folded before Flop


Poker Hand #HD1780630139: Hold'em No Limit ($0.05/$0.1) - 2024/05/20 16:47:38
Table 'NLHRed42' 6-max Seat #6 is the button
Seat 1: Hero ($10 in chips)
Seat 2: 5fbf153f ($12.86 in chips)
Seat 3: 2a5466a9 ($10 in chips)
Seat 4: 42603520 ($14.65 in chips)
Seat 5: beec8296 ($10 in chips)
Seat 6: b09f1b9 ($10.57 in chips)
Hero: posts small blind $0.05
5fbf153f: posts big blind $0.1
*** HOLE CARDS ***
Dealt to Hero [Qd 3d]
Dealt to 5fbf153f 
Dealt to 2a5466a9 
Dealt to 42603520 
Dealt to beec8296 
Dealt to b09f1b9 
2a5466a9: folds
42603520: folds
beec8296: folds
b09f1b9: folds
Hero: folds
Uncalled bet ($0.05) returned to 5fbf153f
*** SHOWDOWN ***
5fbf153f collected $0.1 from pot
*** SUMMARY ***
Total pot $0.1 | Rake $0 | Jackpot $0 | Bingo $0 | Fortune $0 | Tax $0
Seat 1: Hero (small blind) folded before Flop
Seat 2: 5fbf153f (big blind) collected ($0.1)
Seat 3: 2a5466a9 folded before Flop (didn't bet)
Seat 4: 42603520 folded before Flop (didn't bet)
Seat 5: beec8296 folded before Flop (didn't bet)
Seat 6: b09f1b9 (button) folded before Flop (didn't bet)


Poker Hand #HD1780630105: Hold'em No Limit ($0.05/$0.1) - 2024/05/20 16:47:19
Table 'NLHRed42' 6-max Seat #5 is the button
Seat 1: Hero ($10 in chips)
Seat 2: 5fbf153f ($12.71 in chips)
Seat 3: 2a5466a9 ($10 in chips)
Seat 4: 42603520 ($14.65 in chips)
Seat 5: beec8296 ($10 in chips)
Seat 6: b09f1b9 ($10.62 in chips)
b09f1b9: posts small blind $0.05
Hero: posts big blind $0.1
*** HOLE CARDS ***
Dealt to Hero [4d 7h]
Dealt to 5fbf153f 
Dealt to 2a5466a9 
Dealt to 42603520 
Dealt to beec8296 
Dealt to b09f1b9 
5fbf153f: raises $0.15 to $0.25
2a5466a9: folds
42603520: folds
beec8296: folds
b09f1b9: folds
Hero: folds
Uncalled bet ($0.15) returned to 5fbf153f
*** SHOWDOWN ***
5fbf153f collected $0.25 from pot
*** SUMMARY ***
Total pot $0.25 | Rake $0 | Jackpot $0 | Bingo $0 | Fortune $0 | Tax $0
Seat 1: Hero (big blind) folded before Flop
Seat 2: 5fbf153f collected ($0.25)
Seat 3: 2a5466a9 folded before Flop (didn't bet)
Seat 4: 42603520 folded before Flop (didn't bet)
Seat 5: beec8296 (button) folded before Flop (didn't bet)
Seat 6: b09f1b9 (small blind) folded before Flop


