Poker Hand #HD1768556596: Hold'em No Limit ($0.05/$0.1) - 2024/05/11 21:20:40
Table 'NLHRed10' 6-max Seat #6 is the button
Seat 2: 809cdcc2 ($10 in chips)
Seat 5: Hero ($10.33 in chips)
Seat 6: 5ad9d095 ($10.41 in chips)
809cdcc2: posts small blind $0.05
Hero: posts big blind $0.1
*** HOLE CARDS ***
Dealt to 809cdcc2 
Dealt to Hero [3d 4s]
Dealt to 5ad9d095 
5ad9d095: raises $0.2 to $0.3
809cdcc2: folds
Hero: folds
Uncalled bet ($0.2) returned to 5ad9d095
*** SHOWDOWN ***
5ad9d095 collected $0.25 from pot
*** SUMMARY ***
Total pot $0.25 | Rake $0 | Jackpot $0 | Bingo $0 | Fortune $0 | Tax $0
Seat 2: 809cdcc2 (small blind) folded before Flop
Seat 5: Hero (big blind) folded before Flop
Seat 6: 5ad9d095 (button) collected ($0.25)


Poker Hand #HD1768556540: Hold'em No Limit ($0.05/$0.1) - 2024/05/11 21:20:12
Table 'NLHRed10' 6-max Seat #5 is the button
Seat 2: 809cdcc2 ($10 in chips)
Seat 4: b5fd7a41 ($10.34 in chips)
Seat 5: Hero ($10.33 in chips)
Seat 6: 5ad9d095 ($10.31 in chips)
5ad9d095: posts small blind $0.05
809cdcc2: posts big blind $0.1
*** HOLE CARDS ***
Dealt to 809cdcc2 
Dealt to b5fd7a41 
Dealt to Hero [3s 6s]
Dealt to 5ad9d095 
b5fd7a41: folds
Hero: folds
5ad9d095: raises $0.2 to $0.3
809cdcc2: folds
Uncalled bet ($0.2) returned to 5ad9d095
*** SHOWDOWN ***
5ad9d095 collected $0.2 from pot
*** SUMMARY ***
Total pot $0.2 | Rake $0 | Jackpot $0 | Bingo $0 | Fortune $0 | Tax $0
Seat 2: 809cdcc2 (big blind) folded before Flop
Seat 4: b5fd7a41 folded before Flop (didn't bet)
Seat 5: Hero (button) folded before Flop (didn't bet)
Seat 6: 5ad9d095 (small blind) collected ($0.2)


Poker Hand #HD1768556468: Hold'em No Limit ($0.05/$0.1) - 2024/05/11 21:19:33
Table 'NLHRed10' 6-max Seat #4 is the button
Seat 1: 9c7e3614 ($11.31 in chips)
Seat 2: 809cdcc2 ($10 in chips)
Seat 4: b5fd7a41 ($10 in chips)
Seat 5: Hero ($10.38 in chips)
Seat 6: 5ad9d095 ($10.41 in chips)
Hero: posts small blind $0.05
5ad9d095: posts big blind $0.1
*** HOLE CARDS ***
Dealt to 9c7e3614 
Dealt to 809cdcc2 
Dealt to b5fd7a41 
Dealt to Hero [5d 5s]
Dealt to 5ad9d095 
9c7e3614: folds
809cdcc2: raises $0.12 to $0.22
b5fd7a41: raises $0.48 to $0.7
Hero: folds
5ad9d095: folds
809cdcc2: folds
Uncalled bet ($0.48) returned to b5fd7a41
*** SHOWDOWN ***
b5fd7a41 collected $0.56 from pot
*** SUMMARY ***
Total pot $0.59 | Rake $0.03 | Jackpot $0 | Bingo $0 | Fortune $0 | Tax $0
Seat 1: 9c7e3614 folded before Flop (didn't bet)
Seat 2: 809cdcc2 folded before Flop
Seat 4: b5fd7a41 (button) collected ($0.56)
Seat 5: Hero (small blind) folded before Flop
Seat 6: 5ad9d095 (big blind) folded before Flop


Poker Hand #HD1768556417: Hold'em No Limit ($0.05/$0.1) - 2024/05/11 21:19:06
Table 'NLHRed10' 6-max Seat #3 is the button
Seat 1: 9c7e3614 ($11.31 in chips)
Seat 2: 809cdcc2 ($10 in chips)
Seat 3: ed85bd1d ($20.74 in chips)
Seat 4: b5fd7a41 ($10.05 in chips)
Seat 5: Hero ($10.33 in chips)
Seat 6: 5ad9d095 ($10.41 in chips)
b5fd7a41: posts small blind $0.05
Hero: posts big blind $0.1
*** HOLE CARDS ***
Dealt to 9c7e3614 
Dealt to 809cdcc2 
Dealt to ed85bd1d 
Dealt to b5fd7a41 
Dealt to Hero [4h 4d]
Dealt to 5ad9d095 
5ad9d095: folds
9c7e3614: folds
809cdcc2: folds
ed85bd1d: folds
b5fd7a41: folds
Uncalled bet ($0.05) returned to Hero
*** SHOWDOWN ***
Hero collected $0.1 from pot
*** SUMMARY ***
Total pot $0.1 | Rake $0 | Jackpot $0 | Bingo $0 | Fortune $0 | Tax $0
Seat 1: 9c7e3614 folded before Flop (didn't bet)
Seat 2: 809cdcc2 folded before Flop (didn't bet)
Seat 3: ed85bd1d (button) folded before Flop (didn't bet)
Seat 4: b5fd7a41 (small blind) folded before Flop
Seat 5: Hero (big blind) collected ($0.1)
Seat 6: 5ad9d095 folded before Flop (didn't bet)


Poker Hand #HD1768556388: Hold'em No Limit ($0.05/$0.1) - 2024/05/11 21:18:50
Table 'NLHRed10' 6-max Seat #2 is the button
Seat 1: 9c7e3614 ($11.31 in chips)
Seat 2: 809cdcc2 ($10 in chips)
Seat 3: ed85bd1d ($20.79 in chips)
Seat 4: b5fd7a41 ($10 in chips)
Seat 5: Hero ($10.33 in chips)
Seat 6: 5ad9d095 ($10.41 in chips)
ed85bd1d: posts small blind $0.05
b5fd7a41: posts big blind $0.1
*** HOLE CARDS ***
Dealt to 9c7e3614 
Dealt to 809cdcc2 
Dealt to ed85bd1d 
Dealt to b5fd7a41 
Dealt to Hero [Tc 8h]
Dealt to 5ad9d095 
Hero: folds
5ad9d095: folds
9c7e3614: folds
809cdcc2: folds
ed85bd1d: folds
Uncalled bet ($0.05) returned to b5fd7a41
*** SHOWDOWN ***
b5fd7a41 collected $0.1 from pot
*** SUMMARY ***
Total pot $0.1 | Rake $0 | Jackpot $0 | Bingo $0 | Fortune $0 | Tax $0
Seat 1: 9c7e3614 folded before Flop (didn't bet)
Seat 2: 809cdcc2 (button) folded before Flop (didn't bet)
Seat 3: ed85bd1d (small blind) folded before Flop
Seat 4: b5fd7a41 (big blind) collected ($0.1)
Seat 5: Hero folded before Flop (didn't bet)
Seat 6: 5ad9d095 folded before Flop (didn't bet)


Poker Hand #HD1768556241: Hold'em No Limit ($0.05/$0.1) - 2024/05/11 21:17:32
Table 'NLHRed10' 6-max Seat #1 is the button
Seat 1: 9c7e3614 ($10.54 in chips)
Seat 2: 809cdcc2 ($10 in chips)
Seat 3: ed85bd1d ($21.59 in chips)
Seat 4: b5fd7a41 ($10 in chips)
Seat 5: Hero ($10.33 in chips)
Seat 6: 5ad9d095 ($10.41 in chips)
809cdcc2: posts small blind $0.05
ed85bd1d: posts big blind $0.1
*** HOLE CARDS ***
Dealt to 9c7e3614 
Dealt to 809cdcc2 
Dealt to ed85bd1d 
Dealt to b5fd7a41 
Dealt to Hero [3s 9s]
Dealt to 5ad9d095 
b5fd7a41: folds
Hero: folds
5ad9d095: folds
9c7e3614: raises $0.15 to $0.25
809cdcc2: folds
ed85bd1d: calls $0.15
*** FLOP *** [5d Ac Td]
ed85bd1d: checks
9c7e3614: bets $0.2
ed85bd1d: calls $0.2
*** TURN *** [5d Ac Td] [4h]
ed85bd1d: checks
9c7e3614: bets $0.35
ed85bd1d: calls $0.35
*** RIVER *** [5d Ac Td 4h] [Ks]
ed85bd1d: checks
9c7e3614: checks
ed85bd1d: shows [5s 8h] (Pair of Fives)
9c7e3614: shows [9h Ts] (Pair of Tens)
*** SHOWDOWN ***
9c7e3614 collected $1.57 from pot
*** SUMMARY ***
Total pot $1.65 | Rake $0.08 | Jackpot $0 | Bingo $0 | Fortune $0 | Tax $0
Board [5d Ac Td 4h Ks]
Seat 1: 9c7e3614 (button) showed [9h Ts] and won ($1.57) with Pair of Tens
Seat 2: 809cdcc2 (small blind) folded before Flop
Seat 3: ed85bd1d (big blind) showed [5s 8h] and lost with Pair of Fives
Seat 4: b5fd7a41 folded before Flop (didn't bet)
Seat 5: Hero folded before Flop (didn't bet)
Seat 6: 5ad9d095 folded before Flop (didn't bet)


Poker Hand #HD1768556164: Hold'em No Limit ($0.05/$0.1) - 2024/05/11 21:16:52
Table 'NLHRed10' 6-max Seat #6 is the button
Seat 1: 9c7e3614 ($10.59 in chips)
Seat 2: 809cdcc2 ($10 in chips)
Seat 3: ed85bd1d ($21.79 in chips)
Seat 4: b5fd7a41 ($10 in chips)
Seat 5: Hero ($10 in chips)
Seat 6: 5ad9d095 ($10.41 in chips)
9c7e3614: posts small blind $0.05
809cdcc2: posts big blind $0.1
*** HOLE CARDS ***
Dealt to 9c7e3614 
Dealt to 809cdcc2 
Dealt to ed85bd1d 
Dealt to b5fd7a41 
Dealt to Hero [As Ac]
Dealt to 5ad9d095 
ed85bd1d: raises $0.1 to $0.2
b5fd7a41: folds
Hero: raises $0.5 to $0.7
5ad9d095: folds
9c7e3614: folds
809cdcc2: folds
ed85bd1d: folds
Uncalled bet ($0.5) returned to Hero
*** SHOWDOWN ***
Hero collected $0.53 from pot
*** SUMMARY ***
Total pot $0.55 | Rake $0.02 | Jackpot $0 | Bingo $0 | Fortune $0 | Tax $0
Seat 1: 9c7e3614 (small blind) folded before Flop
Seat 2: 809cdcc2 (big blind) folded before Flop
Seat 3: ed85bd1d folded before Flop
Seat 4: b5fd7a41 folded before Flop (didn't bet)
Seat 5: Hero collected ($0.53)
Seat 6: 5ad9d095 (button) folded before Flop (didn't bet)


Poker Hand #HD1768556078: Hold'em No Limit ($0.05/$0.1) - 2024/05/11 21:16:03
Table 'NLHRed10' 6-max Seat #5 is the button
Seat 1: 9c7e3614 ($10.32 in chips)
Seat 3: ed85bd1d ($21.79 in chips)
Seat 4: b5fd7a41 ($10 in chips)
Seat 5: Hero ($10 in chips)
Seat 6: 5ad9d095 ($10.71 in chips)
5ad9d095: posts small blind $0.05
9c7e3614: posts big blind $0.1
*** HOLE CARDS ***
Dealt to 9c7e3614 
Dealt to ed85bd1d 
Dealt to b5fd7a41 
Dealt to Hero [9c 5h]
Dealt to 5ad9d095 
ed85bd1d: folds
b5fd7a41: folds
Hero: folds
5ad9d095: raises $0.2 to $0.3
9c7e3614: raises $0.6 to $0.9
5ad9d095: folds
Uncalled bet ($0.6) returned to 9c7e3614
*** SHOWDOWN ***
9c7e3614 collected $0.57 from pot
*** SUMMARY ***
Total pot $0.6 | Rake $0.03 | Jackpot $0 | Bingo $0 | Fortune $0 | Tax $0
Seat 1: 9c7e3614 (big blind) collected ($0.57)
Seat 3: ed85bd1d folded before Flop (didn't bet)
Seat 4: b5fd7a41 folded before Flop (didn't bet)
Seat 5: Hero (button) folded before Flop (didn't bet)
Seat 6: 5ad9d095 (small blind) folded before Flop


Poker Hand #HD1768555962: Hold'em No Limit ($0.05/$0.1) - 2024/05/11 21:15:02
Table 'NLHRed10' 6-max Seat #4 is the button
Seat 1: 9c7e3614 ($10.32 in chips)
Seat 3: ed85bd1d ($22.89 in chips)
Seat 4: b5fd7a41 ($10 in chips)
Seat 5: Hero ($10 in chips)
Seat 6: 5ad9d095 ($9.67 in chips)
Hero: posts small blind $0.05
5ad9d095: posts big blind $0.1
*** HOLE CARDS ***
Dealt to 9c7e3614 
Dealt to ed85bd1d 
Dealt to b5fd7a41 
Dealt to Hero [8h 2h]
Dealt to 5ad9d095 
9c7e3614: folds
ed85bd1d: raises $0.1 to $0.2
b5fd7a41: folds
Hero: folds
5ad9d095: calls $0.1
*** FLOP *** [3s 4d 5c]
5ad9d095: checks
ed85bd1d: bets $0.45
5ad9d095: calls $0.45
*** TURN *** [3s 4d 5c] [Ks]
5ad9d095: checks
ed85bd1d: bets $0.45
5ad9d095: raises $0.9 to $1.35
ed85bd1d: folds
Uncalled bet ($0.9) returned to 5ad9d095
*** SHOWDOWN ***
5ad9d095 collected $2.14 from pot
*** SUMMARY ***
Total pot $2.25 | Rake $0.11 | Jackpot $0 | Bingo $0 | Fortune $0 | Tax $0
Board [3s 4d 5c Ks]
Seat 1: 9c7e3614 folded before Flop (didn't bet)
Seat 3: ed85bd1d folded on the Turn
Seat 4: b5fd7a41 (button) folded before Flop (didn't bet)
Seat 5: Hero (small blind) folded before Flop
Seat 6: 5ad9d095 (big blind) won ($2.14)


Poker Hand #HD1768555922: Hold'em No Limit ($0.05/$0.1) - 2024/05/11 21:14:34
Table 'NLHRed10' 6-max Seat #3 is the button
Seat 1: 9c7e3614 ($10.32 in chips)
Seat 3: ed85bd1d ($22.74 in chips)
Seat 4: b5fd7a41 ($10 in chips)
Seat 5: Hero ($10 in chips)
Seat 6: 5ad9d095 ($9.67 in chips)
b5fd7a41: posts small blind $0.05
Hero: posts big blind $0.1
*** HOLE CARDS ***
Dealt to 9c7e3614 
Dealt to ed85bd1d 
Dealt to b5fd7a41 
Dealt to Hero [6s 7s]
Dealt to 5ad9d095 
5ad9d095: folds
9c7e3614: folds
ed85bd1d: raises $0.2 to $0.3
b5fd7a41: folds
Hero: folds
Uncalled bet ($0.2) returned to ed85bd1d
*** SHOWDOWN ***
ed85bd1d collected $0.25 from pot
*** SUMMARY ***
Total pot $0.25 | Rake $0 | Jackpot $0 | Bingo $0 | Fortune $0 | Tax $0
Seat 1: 9c7e3614 folded before Flop (didn't bet)
Seat 3: ed85bd1d (button) collected ($0.25)
Seat 4: b5fd7a41 (small blind) folded before Flop
Seat 5: Hero (big blind) folded before Flop
Seat 6: 5ad9d095 folded before Flop (didn't bet)


Poker Hand #HD1768555840: Hold'em No Limit ($0.05/$0.1) - 2024/05/11 21:13:48
Table 'NLHRed10' 6-max Seat #1 is the button
Seat 1: 9c7e3614 ($10 in chips)
Seat 3: ed85bd1d ($22.99 in chips)
Seat 4: b5fd7a41 ($10 in chips)
Seat 5: Hero ($10 in chips)
Seat 6: 5ad9d095 ($9.67 in chips)
ed85bd1d: posts small blind $0.05
b5fd7a41: posts big blind $0.1
*** HOLE CARDS ***
Dealt to 9c7e3614 
Dealt to ed85bd1d 
Dealt to b5fd7a41 
Dealt to Hero [4d 2c]
Dealt to 5ad9d095 
Hero: folds
5ad9d095: folds
9c7e3614: raises $0.15 to $0.25
ed85bd1d: calls $0.2
b5fd7a41: folds
*** FLOP *** [8s 7d Kh]
ed85bd1d: checks
9c7e3614: bets $0.2
ed85bd1d: folds
Uncalled bet ($0.2) returned to 9c7e3614
*** SHOWDOWN ***
9c7e3614 collected $0.57 from pot
*** SUMMARY ***
Total pot $0.6 | Rake $0.03 | Jackpot $0 | Bingo $0 | Fortune $0 | Tax $0
Board [8s 7d Kh]
Seat 1: 9c7e3614 (button) won ($0.57)
Seat 3: ed85bd1d (small blind) folded on the Flop
Seat 4: b5fd7a41 (big blind) folded before Flop
Seat 5: Hero folded before Flop (didn't bet)
Seat 6: 5ad9d095 folded before Flop (didn't bet)


Poker Hand #HD1768555691: Hold'em No Limit ($0.05/$0.1) - 2024/05/11 21:12:23
Table 'NLHRed10' 6-max Seat #6 is the button
Seat 1: 9c7e3614 ($10 in chips)
Seat 3: ed85bd1d ($22.17 in chips)
Seat 4: b5fd7a41 ($10.02 in chips)
Seat 5: Hero ($10 in chips)
Seat 6: 5ad9d095 ($9.67 in chips)
9c7e3614: posts small blind $0.05
ed85bd1d: posts big blind $0.1
*** HOLE CARDS ***
Dealt to 9c7e3614 
Dealt to ed85bd1d 
Dealt to b5fd7a41 
Dealt to Hero [6d Ks]
Dealt to 5ad9d095 
b5fd7a41: raises $0.4 to $0.5
Hero: folds
5ad9d095: folds
9c7e3614: folds
ed85bd1d: calls $0.4
*** FLOP *** [9c Jd 7c]
ed85bd1d: checks
b5fd7a41: bets $0.35
ed85bd1d: calls $0.35
*** TURN *** [9c Jd 7c] [7h]
ed85bd1d: checks
b5fd7a41: checks
*** RIVER *** [9c Jd 7c 7h] [Ac]
ed85bd1d: bets $1.75
b5fd7a41: folds
Uncalled bet ($1.75) returned to ed85bd1d
*** SHOWDOWN ***
ed85bd1d collected $1.67 from pot
*** SUMMARY ***
Total pot $1.75 | Rake $0.08 | Jackpot $0 | Bingo $0 | Fortune $0 | Tax $0
Board [9c Jd 7c 7h Ac]
Seat 1: 9c7e3614 (small blind) folded before Flop
Seat 3: ed85bd1d (big blind) won ($1.67)
Seat 4: b5fd7a41 folded on the River
Seat 5: Hero folded before Flop (didn't bet)
Seat 6: 5ad9d095 (button) folded before Flop (didn't bet)


Poker Hand #HD1768555656: Hold'em No Limit ($0.05/$0.1) - 2024/05/11 21:12:07
Table 'NLHRed10' 6-max Seat #5 is the button
Seat 1: 9c7e3614 ($10.06 in chips)
Seat 3: ed85bd1d ($22.02 in chips)
Seat 4: b5fd7a41 ($10.02 in chips)
Seat 5: Hero ($10 in chips)
Seat 6: 5ad9d095 ($9.72 in chips)
5ad9d095: posts small blind $0.05
9c7e3614: posts big blind $0.1
*** HOLE CARDS ***
Dealt to 9c7e3614 
Dealt to ed85bd1d 
Dealt to b5fd7a41 
Dealt to Hero [2c 3h]
Dealt to 5ad9d095 
ed85bd1d: raises $0.1 to $0.2
b5fd7a41: folds
Hero: folds
5ad9d095: folds
9c7e3614: folds
Uncalled bet ($0.1) returned to ed85bd1d
*** SHOWDOWN ***
ed85bd1d collected $0.25 from pot
*** SUMMARY ***
Total pot $0.25 | Rake $0 | Jackpot $0 | Bingo $0 | Fortune $0 | Tax $0
Seat 1: 9c7e3614 (big blind) folded before Flop
Seat 3: ed85bd1d collected ($0.25)
Seat 4: b5fd7a41 folded before Flop (didn't bet)
Seat 5: Hero (button) folded before Flop (didn't bet)
Seat 6: 5ad9d095 (small blind) folded before Flop


Poker Hand #HD1768465465: Hold'em No Limit ($0.05/$0.1) - 2024/05/11 21:10:25
Table 'NLHRed10' 6-max Seat #4 is the button
Seat 1: 9c7e3614 ($10 in chips)
Seat 2: a85a06d0 ($12.63 in chips)
Seat 3: ed85bd1d ($21.97 in chips)
Seat 4: b5fd7a41 ($10.02 in chips)
Seat 5: Hero ($10 in chips)
Seat 6: 5ad9d095 ($9.82 in chips)
Hero: posts small blind $0.05
5ad9d095: posts big blind $0.1
*** HOLE CARDS ***
Dealt to 9c7e3614 
Dealt to a85a06d0 
Dealt to ed85bd1d 
Dealt to b5fd7a41 
Dealt to Hero [4s 5c]
Dealt to 5ad9d095 
9c7e3614: raises $0.2 to $0.3
a85a06d0: folds
ed85bd1d: calls $0.3
b5fd7a41: folds
Hero: folds
5ad9d095: folds
*** FLOP *** [2c Qc 4h]
9c7e3614: bets $0.1
ed85bd1d: calls $0.1
*** TURN *** [2c Qc 4h] [3c]
9c7e3614: bets $0.1
ed85bd1d: calls $0.1
*** RIVER *** [2c Qc 4h 3c] [Td]
9c7e3614: checks
ed85bd1d: checks
9c7e3614: shows [Ac Js] (Ace-High)
ed85bd1d: shows [Jc Ah] (Ace-High)
*** SHOWDOWN ***
9c7e3614 collected $0.56 from pot
ed85bd1d collected $0.55 from pot
*** SUMMARY ***
Total pot $1.15 | Rake $0.04 | Jackpot $0 | Bingo $0 | Fortune $0 | Tax $0
Board [2c Qc 4h 3c Td]
Seat 1: 9c7e3614 showed [Ac Js] and won ($0.56) with Ace-High
Seat 2: a85a06d0 folded before Flop (didn't bet)
Seat 3: ed85bd1d showed [Jc Ah] and won ($0.55) with Ace-High
Seat 4: b5fd7a41 (button) folded before Flop (didn't bet)
Seat 5: Hero (small blind) folded before Flop
Seat 6: 5ad9d095 (big blind) folded before Flop


Poker Hand #HD1768465318: Hold'em No Limit ($0.05/$0.1) - 2024/05/11 21:09:12
Table 'NLHRed10' 6-max Seat #3 is the button
Seat 1: 9c7e3614 ($10 in chips)
Seat 2: a85a06d0 ($11.57 in chips)
Seat 3: ed85bd1d ($22.99 in chips)
Seat 4: b5fd7a41 ($10.07 in chips)
Seat 5: Hero ($10.01 in chips)
b5fd7a41: posts small blind $0.05
Hero: posts big blind $0.1
*** HOLE CARDS ***
Dealt to 9c7e3614 
Dealt to a85a06d0 
Dealt to ed85bd1d 
Dealt to b5fd7a41 
Dealt to Hero [2c 5s]
9c7e3614: folds
a85a06d0: raises $0.15 to $0.25
ed85bd1d: calls $0.25
b5fd7a41: folds
Hero: folds
*** FLOP *** [Qd 6c 4s]
a85a06d0: checks
ed85bd1d: bets $0.33
a85a06d0: calls $0.33
*** TURN *** [Qd 6c 4s] [Th]
a85a06d0: checks
ed85bd1d: bets $0.44
a85a06d0: calls $0.44
*** RIVER *** [Qd 6c 4s Th] [Jc]
a85a06d0: checks
ed85bd1d: checks
a85a06d0: shows [Qs Kh] (Pair of Queens)
ed85bd1d: shows [6h Ks] (Pair of Sixes)
*** SHOWDOWN ***
a85a06d0 collected $2.08 from pot
*** SUMMARY ***
Total pot $2.19 | Rake $0.11 | Jackpot $0 | Bingo $0 | Fortune $0 | Tax $0
Board [Qd 6c 4s Th Jc]
Seat 1: 9c7e3614 folded before Flop (didn't bet)
Seat 2: a85a06d0 showed [Qs Kh] and won ($2.08) with Pair of Queens
Seat 3: ed85bd1d (button) showed [6h Ks] and lost with Pair of Sixes
Seat 4: b5fd7a41 (small blind) folded before Flop
Seat 5: Hero (big blind) folded before Flop


Poker Hand #HD1768465262: Hold'em No Limit ($0.05/$0.1) - 2024/05/11 21:08:40
Table 'NLHRed10' 6-max Seat #2 is the button
Seat 1: 9c7e3614 ($10 in chips)
Seat 2: a85a06d0 ($11.57 in chips)
Seat 3: ed85bd1d ($22.89 in chips)
Seat 4: b5fd7a41 ($10.17 in chips)
Seat 5: Hero ($10.01 in chips)
ed85bd1d: posts small blind $0.05
b5fd7a41: posts big blind $0.1
*** HOLE CARDS ***
Dealt to 9c7e3614 
Dealt to a85a06d0 
Dealt to ed85bd1d 
Dealt to b5fd7a41 
Dealt to Hero [Ah 6s]
Hero: folds
9c7e3614: folds
a85a06d0: folds
ed85bd1d: raises $0.2 to $0.3
b5fd7a41: folds
Uncalled bet ($0.2) returned to ed85bd1d
*** SHOWDOWN ***
ed85bd1d collected $0.2 from pot
*** SUMMARY ***
Total pot $0.2 | Rake $0 | Jackpot $0 | Bingo $0 | Fortune $0 | Tax $0
Seat 1: 9c7e3614 folded before Flop (didn't bet)
Seat 2: a85a06d0 (button) folded before Flop (didn't bet)
Seat 3: ed85bd1d (small blind) collected ($0.2)
Seat 4: b5fd7a41 (big blind) folded before Flop
Seat 5: Hero folded before Flop (didn't bet)


Poker Hand #HD1768465191: Hold'em No Limit ($0.05/$0.1) - 2024/05/11 21:07:57
Table 'NLHRed10' 6-max Seat #1 is the button
Seat 1: 9c7e3614 ($10 in chips)
Seat 2: a85a06d0 ($11.62 in chips)
Seat 3: ed85bd1d ($22.84 in chips)
Seat 4: b5fd7a41 ($10.17 in chips)
Seat 5: Hero ($10.01 in chips)
Seat 6: 5ad9d095 ($9.82 in chips)
a85a06d0: posts small blind $0.05
ed85bd1d: posts big blind $0.1
*** HOLE CARDS ***
Dealt to 9c7e3614 
Dealt to a85a06d0 
Dealt to ed85bd1d 
Dealt to b5fd7a41 
Dealt to Hero [6s 2c]
Dealt to 5ad9d095 
b5fd7a41: folds
Hero: folds
5ad9d095: folds
9c7e3614: folds
a85a06d0: folds
Uncalled bet ($0.05) returned to ed85bd1d
*** SHOWDOWN ***
ed85bd1d collected $0.1 from pot
*** SUMMARY ***
Total pot $0.1 | Rake $0 | Jackpot $0 | Bingo $0 | Fortune $0 | Tax $0
Seat 1: 9c7e3614 (button) folded before Flop (didn't bet)
Seat 2: a85a06d0 (small blind) folded before Flop
Seat 3: ed85bd1d (big blind) collected ($0.1)
Seat 4: b5fd7a41 folded before Flop (didn't bet)
Seat 5: Hero folded before Flop (didn't bet)
Seat 6: 5ad9d095 folded before Flop (didn't bet)


Poker Hand #HD1768465074: Hold'em No Limit ($0.05/$0.1) - 2024/05/11 21:06:56
Table 'NLHRed10' 6-max Seat #6 is the button
Seat 1: 9c7e3614 ($10 in chips)
Seat 2: a85a06d0 ($10.22 in chips)
Seat 3: ed85bd1d ($22.94 in chips)
Seat 4: b5fd7a41 ($11.67 in chips)
Seat 5: Hero ($10.01 in chips)
Seat 6: 5ad9d095 ($9.82 in chips)
9c7e3614: posts small blind $0.05
a85a06d0: posts big blind $0.1
*** HOLE CARDS ***
Dealt to 9c7e3614 
Dealt to a85a06d0 
Dealt to ed85bd1d 
Dealt to b5fd7a41 
Dealt to Hero [Jh 3d]
Dealt to 5ad9d095 
ed85bd1d: calls $0.1
b5fd7a41: raises $0.4 to $0.5
Hero: folds
5ad9d095: folds
9c7e3614: folds
a85a06d0: raises $1 to $1.5
ed85bd1d: folds
b5fd7a41: calls $1
*** FLOP *** [8d Tc 9s]
a85a06d0: bets $1.9
b5fd7a41: folds
Uncalled bet ($1.9) returned to a85a06d0
*** SHOWDOWN ***
a85a06d0 collected $2.9 from pot
*** SUMMARY ***
Total pot $3.15 | Rake $0.15 | Jackpot $0.1 | Bingo $0 | Fortune $0 | Tax $0
Board [8d Tc 9s]
Seat 1: 9c7e3614 (small blind) folded before Flop
Seat 2: a85a06d0 (big blind) won ($2.9)
Seat 3: ed85bd1d folded before Flop
Seat 4: b5fd7a41 folded on the Flop
Seat 5: Hero folded before Flop (didn't bet)
Seat 6: 5ad9d095 (button) folded before Flop (didn't bet)


Poker Hand #HD1768464779: Hold'em No Limit ($0.05/$0.1) - 2024/05/11 21:04:21
Table 'NLHRed10' 6-max Seat #5 is the button
Seat 1: 9c7e3614 ($13.67 in chips)
Seat 2: a85a06d0 ($10.22 in chips)
Seat 3: ed85bd1d ($19.07 in chips)
Seat 4: b5fd7a41 ($11.67 in chips)
Seat 5: Hero ($10.01 in chips)
Seat 6: 5ad9d095 ($9.87 in chips)
5ad9d095: posts small blind $0.05
9c7e3614: posts big blind $0.1
*** HOLE CARDS ***
Dealt to 9c7e3614 
Dealt to a85a06d0 
Dealt to ed85bd1d 
Dealt to b5fd7a41 
Dealt to Hero [9c 7s]
Dealt to 5ad9d095 
a85a06d0: folds
ed85bd1d: raises $0.1 to $0.2
b5fd7a41: folds
Hero: folds
5ad9d095: folds
9c7e3614: raises $0.7 to $0.9
ed85bd1d: calls $0.7
*** FLOP *** [4d 4h 2d]
9c7e3614: bets $0.65
ed85bd1d: calls $0.65
*** TURN *** [4d 4h 2d] [Qs]
9c7e3614: bets $1.05
ed85bd1d: calls $1.05
*** RIVER *** [4d 4h 2d Qs] [5h]
9c7e3614: bets $1.75
ed85bd1d: calls $1.75
9c7e3614: shows [Kh As] (Pair of Fours)
ed85bd1d: shows [8d Qd] (Pair of Queens and Pair of Fours)
*** SHOWDOWN ***
ed85bd1d collected $8.22 from pot
*** SUMMARY ***
Total pot $8.75 | Rake $0.43 | Jackpot $0.1 | Bingo $0 | Fortune $0 | Tax $0
Board [4d 4h 2d Qs 5h]
Seat 1: 9c7e3614 (big blind) showed [Kh As] and lost with Pair of Fours
Seat 2: a85a06d0 folded before Flop (didn't bet)
Seat 3: ed85bd1d showed [8d Qd] and won ($8.22) with Pair of Queens and Pair of Fours
Seat 4: b5fd7a41 folded before Flop (didn't bet)
Seat 5: Hero (button) folded before Flop (didn't bet)
Seat 6: 5ad9d095 (small blind) folded before Flop


Poker Hand #HD1768464736: Hold'em No Limit ($0.05/$0.1) - 2024/05/11 21:04:02
Table 'NLHRed10' 6-max Seat #4 is the button
Seat 1: 9c7e3614 ($13.67 in chips)
Seat 2: a85a06d0 ($10.22 in chips)
Seat 3: ed85bd1d ($19.07 in chips)
Seat 4: b5fd7a41 ($11.67 in chips)
Seat 5: Hero ($10.06 in chips)
Seat 6: 5ad9d095 ($9.82 in chips)
Hero: posts small blind $0.05
5ad9d095: posts big blind $0.1
*** HOLE CARDS ***
Dealt to 9c7e3614 
Dealt to a85a06d0 
Dealt to ed85bd1d 
Dealt to b5fd7a41 
Dealt to Hero [8c 7h]
Dealt to 5ad9d095 
9c7e3614: folds
a85a06d0: folds
ed85bd1d: folds
b5fd7a41: folds
Hero: folds
Uncalled bet ($0.05) returned to 5ad9d095
*** SHOWDOWN ***
5ad9d095 collected $0.1 from pot
*** SUMMARY ***
Total pot $0.1 | Rake $0 | Jackpot $0 | Bingo $0 | Fortune $0 | Tax $0
Seat 1: 9c7e3614 folded before Flop (didn't bet)
Seat 2: a85a06d0 folded before Flop (didn't bet)
Seat 3: ed85bd1d folded before Flop (didn't bet)
Seat 4: b5fd7a41 (button) folded before Flop (didn't bet)
Seat 5: Hero (small blind) folded before Flop
Seat 6: 5ad9d095 (big blind) collected ($0.1)


Poker Hand #HD1768464650: Hold'em No Limit ($0.05/$0.1) - 2024/05/11 21:03:19
Table 'NLHRed10' 6-max Seat #3 is the button
Seat 1: 9c7e3614 ($13.67 in chips)
Seat 2: a85a06d0 ($10.22 in chips)
Seat 3: ed85bd1d ($19.37 in chips)
Seat 4: b5fd7a41 ($11.3 in chips)
Seat 5: Hero ($10.16 in chips)
Seat 6: 5ad9d095 ($9.82 in chips)
b5fd7a41: posts small blind $0.05
Hero: posts big blind $0.1
*** HOLE CARDS ***
Dealt to 9c7e3614 
Dealt to a85a06d0 
Dealt to ed85bd1d 
Dealt to b5fd7a41 
Dealt to Hero [7d 8h]
Dealt to 5ad9d095 
5ad9d095: folds
9c7e3614: folds
a85a06d0: folds
ed85bd1d: raises $0.2 to $0.3
b5fd7a41: raises $0.9 to $1.2
Hero: folds
ed85bd1d: folds
Uncalled bet ($0.9) returned to b5fd7a41
*** SHOWDOWN ***
b5fd7a41 collected $0.67 from pot
*** SUMMARY ***
Total pot $0.7 | Rake $0.03 | Jackpot $0 | Bingo $0 | Fortune $0 | Tax $0
Seat 1: 9c7e3614 folded before Flop (didn't bet)
Seat 2: a85a06d0 folded before Flop (didn't bet)
Seat 3: ed85bd1d (button) folded before Flop
Seat 4: b5fd7a41 (small blind) collected ($0.67)
Seat 5: Hero (big blind) folded before Flop
Seat 6: 5ad9d095 folded before Flop (didn't bet)


Poker Hand #HD1768464593: Hold'em No Limit ($0.05/$0.1) - 2024/05/11 21:02:49
Table 'NLHRed10' 6-max Seat #2 is the button
Seat 1: 9c7e3614 ($13.67 in chips)
Seat 2: a85a06d0 ($10.22 in chips)
Seat 3: ed85bd1d ($19.42 in chips)
Seat 4: b5fd7a41 ($11.4 in chips)
Seat 5: Hero ($10.16 in chips)
Seat 6: 5ad9d095 ($9.67 in chips)
ed85bd1d: posts small blind $0.05
b5fd7a41: posts big blind $0.1
*** HOLE CARDS ***
Dealt to 9c7e3614 
Dealt to a85a06d0 
Dealt to ed85bd1d 
Dealt to b5fd7a41 
Dealt to Hero [5d 9h]
Dealt to 5ad9d095 
Hero: folds
5ad9d095: raises $0.2 to $0.3
9c7e3614: folds
a85a06d0: folds
ed85bd1d: folds
b5fd7a41: folds
Uncalled bet ($0.2) returned to 5ad9d095
*** SHOWDOWN ***
5ad9d095 collected $0.25 from pot
*** SUMMARY ***
Total pot $0.25 | Rake $0 | Jackpot $0 | Bingo $0 | Fortune $0 | Tax $0
Seat 1: 9c7e3614 folded before Flop (didn't bet)
Seat 2: a85a06d0 (button) folded before Flop (didn't bet)
Seat 3: ed85bd1d (small blind) folded before Flop
Seat 4: b5fd7a41 (big blind) folded before Flop
Seat 5: Hero folded before Flop (didn't bet)
Seat 6: 5ad9d095 collected ($0.25)


Poker Hand #HD1768464434: Hold'em No Limit ($0.05/$0.1) - 2024/05/11 21:01:22
Table 'NLHRed10' 6-max Seat #1 is the button
Seat 1: 9c7e3614 ($16.52 in chips)
Seat 2: a85a06d0 ($10.27 in chips)
Seat 3: ed85bd1d ($16.9 in chips)
Seat 4: b5fd7a41 ($11.4 in chips)
Seat 5: Hero ($10.16 in chips)
Seat 6: 5ad9d095 ($9.67 in chips)
a85a06d0: posts small blind $0.05
ed85bd1d: posts big blind $0.1
*** HOLE CARDS ***
Dealt to 9c7e3614 
Dealt to a85a06d0 
Dealt to ed85bd1d 
Dealt to b5fd7a41 
Dealt to Hero [9s Jd]
Dealt to 5ad9d095 
b5fd7a41: folds
Hero: folds
5ad9d095: folds
9c7e3614: raises $0.15 to $0.25
a85a06d0: folds
ed85bd1d: calls $0.15
*** FLOP *** [3d 5s 4s]
ed85bd1d: checks
9c7e3614: bets $0.2
ed85bd1d: calls $0.2
*** TURN *** [3d 5s 4s] [7d]
ed85bd1d: bets $0.95
9c7e3614: raises $1.45 to $2.4
ed85bd1d: raises $14.05 to $16.45 and is all-in
9c7e3614: folds
Uncalled bet ($14.05) returned to ed85bd1d
*** SHOWDOWN ***
ed85bd1d collected $5.37 from pot
*** SUMMARY ***
Total pot $5.75 | Rake $0.28 | Jackpot $0.1 | Bingo $0 | Fortune $0 | Tax $0
Board [3d 5s 4s 7d]
Seat 1: 9c7e3614 (button) folded on the Turn
Seat 2: a85a06d0 (small blind) folded before Flop
Seat 3: ed85bd1d (big blind) won ($5.37)
Seat 4: b5fd7a41 folded before Flop (didn't bet)
Seat 5: Hero folded before Flop (didn't bet)
Seat 6: 5ad9d095 folded before Flop (didn't bet)


Poker Hand #HD1768464362: Hold'em No Limit ($0.05/$0.1) - 2024/05/11 21:00:48
Table 'NLHRed10' 6-max Seat #6 is the button
Seat 1: 9c7e3614 ($16.57 in chips)
Seat 2: a85a06d0 ($10.47 in chips)
Seat 3: ed85bd1d ($16.67 in chips)
Seat 4: b5fd7a41 ($11.4 in chips)
Seat 5: Hero ($10.16 in chips)
Seat 6: 5ad9d095 ($9.67 in chips)
9c7e3614: posts small blind $0.05
a85a06d0: posts big blind $0.1
*** HOLE CARDS ***
Dealt to 9c7e3614 
Dealt to a85a06d0 
Dealt to ed85bd1d 
Dealt to b5fd7a41 
Dealt to Hero [8h Jd]
Dealt to 5ad9d095 
ed85bd1d: raises $0.1 to $0.2
b5fd7a41: folds
Hero: folds
5ad9d095: folds
9c7e3614: folds
a85a06d0: calls $0.1
*** FLOP *** [3h Ac 7d]
a85a06d0: checks
ed85bd1d: bets $0.23
a85a06d0: folds
Uncalled bet ($0.23) returned to ed85bd1d
*** SHOWDOWN ***
ed85bd1d collected $0.43 from pot
*** SUMMARY ***
Total pot $0.45 | Rake $0.02 | Jackpot $0 | Bingo $0 | Fortune $0 | Tax $0
Board [3h Ac 7d]
Seat 1: 9c7e3614 (small blind) folded before Flop
Seat 2: a85a06d0 (big blind) folded on the Flop
Seat 3: ed85bd1d won ($0.43)
Seat 4: b5fd7a41 folded before Flop (didn't bet)
Seat 5: Hero folded before Flop (didn't bet)
Seat 6: 5ad9d095 (button) folded before Flop (didn't bet)


Poker Hand #HD1768464290: Hold'em No Limit ($0.05/$0.1) - 2024/05/11 21:00:11
Table 'NLHRed10' 6-max Seat #5 is the button
Seat 1: 9c7e3614 ($16.67 in chips)
Seat 2: a85a06d0 ($10.47 in chips)
Seat 3: ed85bd1d ($16.52 in chips)
Seat 4: b5fd7a41 ($11.4 in chips)
Seat 5: Hero ($10.16 in chips)
Seat 6: 5ad9d095 ($9.72 in chips)
5ad9d095: posts small blind $0.05
9c7e3614: posts big blind $0.1
*** HOLE CARDS ***
Dealt to 9c7e3614 
Dealt to a85a06d0 
Dealt to ed85bd1d 
Dealt to b5fd7a41 
Dealt to Hero [Qh 6s]
Dealt to 5ad9d095 
a85a06d0: folds
ed85bd1d: raises $0.1 to $0.2
b5fd7a41: folds
Hero: folds
5ad9d095: folds
9c7e3614: folds
Uncalled bet ($0.1) returned to ed85bd1d
*** SHOWDOWN ***
ed85bd1d collected $0.25 from pot
*** SUMMARY ***
Total pot $0.25 | Rake $0 | Jackpot $0 | Bingo $0 | Fortune $0 | Tax $0
Seat 1: 9c7e3614 (big blind) folded before Flop
Seat 2: a85a06d0 folded before Flop (didn't bet)
Seat 3: ed85bd1d collected ($0.25)
Seat 4: b5fd7a41 folded before Flop (didn't bet)
Seat 5: Hero (button) folded before Flop (didn't bet)
Seat 6: 5ad9d095 (small blind) folded before Flop


Poker Hand #HD1768464242: Hold'em No Limit ($0.05/$0.1) - 2024/05/11 20:59:47
Table 'NLHRed10' 6-max Seat #4 is the button
Seat 1: 9c7e3614 ($16.67 in chips)
Seat 2: a85a06d0 ($10.32 in chips)
Seat 3: ed85bd1d ($16.52 in chips)
Seat 4: b5fd7a41 ($11.4 in chips)
Seat 5: Hero ($10.21 in chips)
Seat 6: 5ad9d095 ($9.82 in chips)
Hero: posts small blind $0.05
5ad9d095: posts big blind $0.1
*** HOLE CARDS ***
Dealt to 9c7e3614 
Dealt to a85a06d0 
Dealt to ed85bd1d 
Dealt to b5fd7a41 
Dealt to Hero [Qs 7s]
Dealt to 5ad9d095 
9c7e3614: folds
a85a06d0: raises $0.15 to $0.25
ed85bd1d: folds
b5fd7a41: folds
Hero: folds
5ad9d095: folds
Uncalled bet ($0.15) returned to a85a06d0
*** SHOWDOWN ***
a85a06d0 collected $0.25 from pot
*** SUMMARY ***
Total pot $0.25 | Rake $0 | Jackpot $0 | Bingo $0 | Fortune $0 | Tax $0
Seat 1: 9c7e3614 folded before Flop (didn't bet)
Seat 2: a85a06d0 collected ($0.25)
Seat 3: ed85bd1d folded before Flop (didn't bet)
Seat 4: b5fd7a41 (button) folded before Flop (didn't bet)
Seat 5: Hero (small blind) folded before Flop
Seat 6: 5ad9d095 (big blind) folded before Flop


Poker Hand #HD1768464176: Hold'em No Limit ($0.05/$0.1) - 2024/05/11 20:59:10
Table 'NLHRed10' 6-max Seat #3 is the button
Seat 1: 9c7e3614 ($16.67 in chips)
Seat 2: a85a06d0 ($10.32 in chips)
Seat 3: ed85bd1d ($16.2 in chips)
Seat 4: b5fd7a41 ($11.45 in chips)
Seat 5: Hero ($10.51 in chips)
Seat 6: 5ad9d095 ($9.82 in chips)
b5fd7a41: posts small blind $0.05
Hero: posts big blind $0.1
*** HOLE CARDS ***
Dealt to 9c7e3614 
Dealt to a85a06d0 
Dealt to ed85bd1d 
Dealt to b5fd7a41 
Dealt to Hero [7h 7d]
Dealt to 5ad9d095 
5ad9d095: folds
9c7e3614: folds
a85a06d0: folds
ed85bd1d: raises $0.2 to $0.3
b5fd7a41: folds
Hero: calls $0.2
*** FLOP *** [2h Tc Ac]
Hero: checks
ed85bd1d: bets $0.33
Hero: folds
Uncalled bet ($0.33) returned to ed85bd1d
*** SHOWDOWN ***
ed85bd1d collected $0.62 from pot
*** SUMMARY ***
Total pot $0.65 | Rake $0.03 | Jackpot $0 | Bingo $0 | Fortune $0 | Tax $0
Board [2h Tc Ac]
Seat 1: 9c7e3614 folded before Flop (didn't bet)
Seat 2: a85a06d0 folded before Flop (didn't bet)
Seat 3: ed85bd1d (button) won ($0.62)
Seat 4: b5fd7a41 (small blind) folded before Flop
Seat 5: Hero (big blind) folded on the Flop
Seat 6: 5ad9d095 folded before Flop (didn't bet)


Poker Hand #HD1768464071: Hold'em No Limit ($0.05/$0.1) - 2024/05/11 20:58:15
Table 'NLHRed10' 6-max Seat #2 is the button
Seat 1: 9c7e3614 ($16.67 in chips)
Seat 2: a85a06d0 ($10.32 in chips)
Seat 3: ed85bd1d ($16.4 in chips)
Seat 4: b5fd7a41 ($11.55 in chips)
Seat 5: Hero ($10.23 in chips)
Seat 6: 5ad9d095 ($9.82 in chips)
ed85bd1d: posts small blind $0.05
b5fd7a41: posts big blind $0.1
*** HOLE CARDS ***
Dealt to 9c7e3614 
Dealt to a85a06d0 
Dealt to ed85bd1d 
Dealt to b5fd7a41 
Dealt to Hero [Jh Th]
Dealt to 5ad9d095 
Hero: raises $0.1 to $0.2
5ad9d095: folds
9c7e3614: folds
a85a06d0: folds
ed85bd1d: calls $0.15
b5fd7a41: folds
*** FLOP *** [8h Ad 8s]
ed85bd1d: checks
Hero: bets $0.2
ed85bd1d: folds
Uncalled bet ($0.2) returned to Hero
*** SHOWDOWN ***
Hero collected $0.48 from pot
*** SUMMARY ***
Total pot $0.5 | Rake $0.02 | Jackpot $0 | Bingo $0 | Fortune $0 | Tax $0
Board [8h Ad 8s]
Seat 1: 9c7e3614 folded before Flop (didn't bet)
Seat 2: a85a06d0 (button) folded before Flop (didn't bet)
Seat 3: ed85bd1d (small blind) folded on the Flop
Seat 4: b5fd7a41 (big blind) folded before Flop
Seat 5: Hero won ($0.48)
Seat 6: 5ad9d095 folded before Flop (didn't bet)


Poker Hand #HD1768464035: Hold'em No Limit ($0.05/$0.1) - 2024/05/11 20:58:02
Table 'NLHRed10' 6-max Seat #1 is the button
Seat 1: 9c7e3614 ($16.67 in chips)
Seat 2: a85a06d0 ($10.37 in chips)
Seat 3: ed85bd1d ($16.35 in chips)
Seat 4: b5fd7a41 ($11.55 in chips)
Seat 5: Hero ($10.23 in chips)
Seat 6: 5ad9d095 ($9.82 in chips)
a85a06d0: posts small blind $0.05
ed85bd1d: posts big blind $0.1
*** HOLE CARDS ***
Dealt to 9c7e3614 
Dealt to a85a06d0 
Dealt to ed85bd1d 
Dealt to b5fd7a41 
Dealt to Hero [Qd 7h]
Dealt to 5ad9d095 
b5fd7a41: folds
Hero: folds
5ad9d095: folds
9c7e3614: folds
a85a06d0: folds
Uncalled bet ($0.05) returned to ed85bd1d
*** SHOWDOWN ***
ed85bd1d collected $0.1 from pot
*** SUMMARY ***
Total pot $0.1 | Rake $0 | Jackpot $0 | Bingo $0 | Fortune $0 | Tax $0
Seat 1: 9c7e3614 (button) folded before Flop (didn't bet)
Seat 2: a85a06d0 (small blind) folded before Flop
Seat 3: ed85bd1d (big blind) collected ($0.1)
Seat 4: b5fd7a41 folded before Flop (didn't bet)
Seat 5: Hero folded before Flop (didn't bet)
Seat 6: 5ad9d095 folded before Flop (didn't bet)


Poker Hand #HD1768463902: Hold'em No Limit ($0.05/$0.1) - 2024/05/11 20:57:02
Table 'NLHRed10' 6-max Seat #6 is the button
Seat 1: 9c7e3614 ($16.72 in chips)
Seat 2: a85a06d0 ($10.1 in chips)
Seat 3: ed85bd1d ($16.35 in chips)
Seat 4: b5fd7a41 ($11.55 in chips)
Seat 5: Hero ($10.47 in chips)
Seat 6: 5ad9d095 ($9.82 in chips)
9c7e3614: posts small blind $0.05
a85a06d0: posts big blind $0.1
*** HOLE CARDS ***
Dealt to 9c7e3614 
Dealt to a85a06d0 
Dealt to ed85bd1d 
Dealt to b5fd7a41 
Dealt to Hero [7c Jc]
Dealt to 5ad9d095 
ed85bd1d: folds
b5fd7a41: folds
Hero: raises $0.14 to $0.24
5ad9d095: folds
9c7e3614: folds
a85a06d0: calls $0.14
*** FLOP *** [Kd 2c 7d]
a85a06d0: checks
Hero: checks
*** TURN *** [Kd 2c 7d] [Qh]
a85a06d0: checks
Hero: checks
*** RIVER *** [Kd 2c 7d Qh] [Tc]
a85a06d0: checks
Hero: checks
a85a06d0: shows [9h Th] (Pair of Tens)
Hero: shows [7c Jc] (Pair of Sevens)
*** SHOWDOWN ***
a85a06d0 collected $0.51 from pot
*** SUMMARY ***
Total pot $0.53 | Rake $0.02 | Jackpot $0 | Bingo $0 | Fortune $0 | Tax $0
Board [Kd 2c 7d Qh Tc]
Seat 1: 9c7e3614 (small blind) folded before Flop
Seat 2: a85a06d0 (big blind) showed [9h Th] and won ($0.51) with Pair of Tens
Seat 3: ed85bd1d folded before Flop (didn't bet)
Seat 4: b5fd7a41 folded before Flop (didn't bet)
Seat 5: Hero showed [7c Jc] and lost with Pair of Sevens
Seat 6: 5ad9d095 (button) folded before Flop (didn't bet)


Poker Hand #HD1768463803: Hold'em No Limit ($0.05/$0.1) - 2024/05/11 20:56:14
Table 'NLHRed10' 6-max Seat #5 is the button
Seat 1: 9c7e3614 ($16.82 in chips)
Seat 2: a85a06d0 ($10.1 in chips)
Seat 3: ed85bd1d ($16.69 in chips)
Seat 4: b5fd7a41 ($11.55 in chips)
Seat 5: Hero ($10.02 in chips)
Seat 6: 5ad9d095 ($9.87 in chips)
5ad9d095: posts small blind $0.05
9c7e3614: posts big blind $0.1
*** HOLE CARDS ***
Dealt to 9c7e3614 
Dealt to a85a06d0 
Dealt to ed85bd1d 
Dealt to b5fd7a41 
Dealt to Hero [Th 9h]
Dealt to 5ad9d095 
a85a06d0: folds
ed85bd1d: calls $0.1
b5fd7a41: folds
Hero: raises $0.24 to $0.34
5ad9d095: folds
9c7e3614: folds
ed85bd1d: calls $0.24
*** FLOP *** [9c 9s 6h]
ed85bd1d: checks
Hero: bets $0.3
ed85bd1d: folds
Uncalled bet ($0.3) returned to Hero
*** SHOWDOWN ***
Hero collected $0.79 from pot
*** SUMMARY ***
Total pot $0.83 | Rake $0.04 | Jackpot $0 | Bingo $0 | Fortune $0 | Tax $0
Board [9c 9s 6h]
Seat 1: 9c7e3614 (big blind) folded before Flop
Seat 2: a85a06d0 folded before Flop (didn't bet)
Seat 3: ed85bd1d folded on the Flop
Seat 4: b5fd7a41 folded before Flop (didn't bet)
Seat 5: Hero (button) won ($0.79)
Seat 6: 5ad9d095 (small blind) folded before Flop


Poker Hand #HD1768463745: Hold'em No Limit ($0.05/$0.1) - 2024/05/11 20:55:42
Table 'NLHRed10' 6-max Seat #4 is the button
Seat 1: 9c7e3614 ($16.82 in chips)
Seat 2: a85a06d0 ($10.1 in chips)
Seat 3: ed85bd1d ($16.79 in chips)
Seat 4: b5fd7a41 ($11.55 in chips)
Seat 5: Hero ($10.07 in chips)
Seat 6: 5ad9d095 ($9.72 in chips)
Hero: posts small blind $0.05
5ad9d095: posts big blind $0.1
*** HOLE CARDS ***
Dealt to 9c7e3614 
Dealt to a85a06d0 
Dealt to ed85bd1d 
Dealt to b5fd7a41 
Dealt to Hero [Qd 3s]
Dealt to 5ad9d095 
9c7e3614: folds
a85a06d0: folds
ed85bd1d: calls $0.1
b5fd7a41: folds
Hero: folds
5ad9d095: raises $0.35 to $0.45
ed85bd1d: folds
Uncalled bet ($0.35) returned to 5ad9d095
*** SHOWDOWN ***
5ad9d095 collected $0.25 from pot
*** SUMMARY ***
Total pot $0.25 | Rake $0 | Jackpot $0 | Bingo $0 | Fortune $0 | Tax $0
Seat 1: 9c7e3614 folded before Flop (didn't bet)
Seat 2: a85a06d0 folded before Flop (didn't bet)
Seat 3: ed85bd1d folded before Flop
Seat 4: b5fd7a41 (button) folded before Flop (didn't bet)
Seat 5: Hero (small blind) folded before Flop
Seat 6: 5ad9d095 (big blind) collected ($0.25)


Poker Hand #HD1768463686: Hold'em No Limit ($0.05/$0.1) - 2024/05/11 20:55:15
Table 'NLHRed10' 6-max Seat #3 is the button
Seat 1: 9c7e3614 ($16.82 in chips)
Seat 2: a85a06d0 ($10.1 in chips)
Seat 3: ed85bd1d ($16.64 in chips)
Seat 4: b5fd7a41 ($11.6 in chips)
Seat 5: Hero ($10.17 in chips)
Seat 6: 5ad9d095 ($9.72 in chips)
b5fd7a41: posts small blind $0.05
Hero: posts big blind $0.1
*** HOLE CARDS ***
Dealt to 9c7e3614 
Dealt to a85a06d0 
Dealt to ed85bd1d 
Dealt to b5fd7a41 
Dealt to Hero [3h As]
Dealt to 5ad9d095 
5ad9d095: folds
9c7e3614: folds
a85a06d0: folds
ed85bd1d: raises $0.1 to $0.2
b5fd7a41: folds
Hero: folds
Uncalled bet ($0.1) returned to ed85bd1d
*** SHOWDOWN ***
ed85bd1d collected $0.25 from pot
*** SUMMARY ***
Total pot $0.25 | Rake $0 | Jackpot $0 | Bingo $0 | Fortune $0 | Tax $0
Seat 1: 9c7e3614 folded before Flop (didn't bet)
Seat 2: a85a06d0 folded before Flop (didn't bet)
Seat 3: ed85bd1d (button) collected ($0.25)
Seat 4: b5fd7a41 (small blind) folded before Flop
Seat 5: Hero (big blind) folded before Flop
Seat 6: 5ad9d095 folded before Flop (didn't bet)


Poker Hand #HD1768463494: Hold'em No Limit ($0.05/$0.1) - 2024/05/11 20:53:38
Table 'NLHRed10' 6-max Seat #2 is the button
Seat 1: 9c7e3614 ($20.37 in chips)
Seat 2: a85a06d0 ($10.1 in chips)
Seat 3: ed85bd1d ($13.44 in chips)
Seat 4: b5fd7a41 ($11.7 in chips)
Seat 5: Hero ($10.17 in chips)
Seat 6: 5ad9d095 ($9.72 in chips)
ed85bd1d: posts small blind $0.05
b5fd7a41: posts big blind $0.1
*** HOLE CARDS ***
Dealt to 9c7e3614 
Dealt to a85a06d0 
Dealt to ed85bd1d 
Dealt to b5fd7a41 
Dealt to Hero [2c 2s]
Dealt to 5ad9d095 
Hero: folds
5ad9d095: folds
9c7e3614: raises $0.15 to $0.25
a85a06d0: folds
ed85bd1d: raises $0.6 to $0.85
b5fd7a41: folds
9c7e3614: calls $0.6
*** FLOP *** [Qs 6c Qc]
ed85bd1d: bets $0.9
9c7e3614: calls $0.9
*** TURN *** [Qs 6c Qc] [3h]
ed85bd1d: bets $1.8
9c7e3614: calls $1.8
*** RIVER *** [Qs 6c Qc 3h] [8c]
ed85bd1d: checks
9c7e3614: checks
ed85bd1d: shows [Ts Th] (Pair of Queens and Pair of Tens)
9c7e3614: shows [9s 9h] (Pair of Queens and Pair of Nines)
*** SHOWDOWN ***
ed85bd1d collected $6.75 from pot
*** SUMMARY ***
Total pot $7.2 | Rake $0.35 | Jackpot $0.1 | Bingo $0 | Fortune $0 | Tax $0
Board [Qs 6c Qc 3h 8c]
Seat 1: 9c7e3614 showed [9s 9h] and lost with Pair of Queens and Pair of Nines
Seat 2: a85a06d0 (button) folded before Flop (didn't bet)
Seat 3: ed85bd1d (small blind) showed [Ts Th] and won ($6.75) with Pair of Queens and Pair of Tens
Seat 4: b5fd7a41 (big blind) folded before Flop
Seat 5: Hero folded before Flop (didn't bet)
Seat 6: 5ad9d095 folded before Flop (didn't bet)


Poker Hand #HD1768463456: Hold'em No Limit ($0.05/$0.1) - 2024/05/11 20:53:16
Table 'NLHRed10' 6-max Seat #1 is the button
Seat 1: 9c7e3614 ($20.37 in chips)
Seat 2: a85a06d0 ($10 in chips)
Seat 3: ed85bd1d ($13.54 in chips)
Seat 4: b5fd7a41 ($11.7 in chips)
Seat 5: Hero ($10.17 in chips)
Seat 6: 5ad9d095 ($9.72 in chips)
a85a06d0: posts small blind $0.05
ed85bd1d: posts big blind $0.1
*** HOLE CARDS ***
Dealt to 9c7e3614 
Dealt to a85a06d0 
Dealt to ed85bd1d 
Dealt to b5fd7a41 
Dealt to Hero [Kd 3c]
Dealt to 5ad9d095 
b5fd7a41: folds
Hero: folds
5ad9d095: folds
9c7e3614: folds
a85a06d0: raises $0.2 to $0.3
ed85bd1d: folds
Uncalled bet ($0.2) returned to a85a06d0
*** SHOWDOWN ***
a85a06d0 collected $0.2 from pot
*** SUMMARY ***
Total pot $0.2 | Rake $0 | Jackpot $0 | Bingo $0 | Fortune $0 | Tax $0
Seat 1: 9c7e3614 (button) folded before Flop (didn't bet)
Seat 2: a85a06d0 (small blind) collected ($0.2)
Seat 3: ed85bd1d (big blind) folded before Flop
Seat 4: b5fd7a41 folded before Flop (didn't bet)
Seat 5: Hero folded before Flop (didn't bet)
Seat 6: 5ad9d095 folded before Flop (didn't bet)


Poker Hand #HD1768463322: Hold'em No Limit ($0.05/$0.1) - 2024/05/11 20:52:10
Table 'NLHRed10' 6-max Seat #6 is the button
Seat 1: 9c7e3614 ($20.42 in chips)
Seat 2: a85a06d0 ($11.19 in chips)
Seat 3: ed85bd1d ($13.54 in chips)
Seat 4: b5fd7a41 ($10.57 in chips)
Seat 5: Hero ($10.17 in chips)
Seat 6: 5ad9d095 ($9.72 in chips)
9c7e3614: posts small blind $0.05
a85a06d0: posts big blind $0.1
*** HOLE CARDS ***
Dealt to 9c7e3614 
Dealt to a85a06d0 
Dealt to ed85bd1d 
Dealt to b5fd7a41 
Dealt to Hero [Jd 8h]
Dealt to 5ad9d095 
ed85bd1d: folds
b5fd7a41: raises $0.1 to $0.2
Hero: folds
5ad9d095: folds
9c7e3614: folds
a85a06d0: calls $0.1
*** FLOP *** [3c As Ks]
a85a06d0: checks
b5fd7a41: bets $0.12
a85a06d0: calls $0.12
*** TURN *** [3c As Ks] [5c]
a85a06d0: checks
b5fd7a41: bets $0.88
a85a06d0: calls $0.88
*** RIVER *** [3c As Ks 5c] [Td]
a85a06d0: checks
b5fd7a41: checks
a85a06d0: shows [7s 8s] (Ace-High)
b5fd7a41: shows [Ac 2c] (Pair of Aces)
*** SHOWDOWN ***
b5fd7a41 collected $2.33 from pot
*** SUMMARY ***
Total pot $2.45 | Rake $0.12 | Jackpot $0 | Bingo $0 | Fortune $0 | Tax $0
Board [3c As Ks 5c Td]
Seat 1: 9c7e3614 (small blind) folded before Flop
Seat 2: a85a06d0 (big blind) showed [7s 8s] and lost with Ace-High
Seat 3: ed85bd1d folded before Flop (didn't bet)
Seat 4: b5fd7a41 showed [Ac 2c] and won ($2.33) with Pair of Aces
Seat 5: Hero folded before Flop (didn't bet)
Seat 6: 5ad9d095 (button) folded before Flop (didn't bet)


Poker Hand #HD1768463241: Hold'em No Limit ($0.05/$0.1) - 2024/05/11 20:51:29
Table 'NLHRed10' 6-max Seat #5 is the button
Seat 1: 9c7e3614 ($20.15 in chips)
Seat 2: a85a06d0 ($11.19 in chips)
Seat 3: ed85bd1d ($13.54 in chips)
Seat 4: b5fd7a41 ($10.57 in chips)
Seat 5: Hero ($10.17 in chips)
Seat 6: 5ad9d095 ($10.02 in chips)
5ad9d095: posts small blind $0.05
9c7e3614: posts big blind $0.1
*** HOLE CARDS ***
Dealt to 9c7e3614 
Dealt to a85a06d0 
Dealt to ed85bd1d 
Dealt to b5fd7a41 
Dealt to Hero [9s 4c]
Dealt to 5ad9d095 
a85a06d0: folds
ed85bd1d: folds
b5fd7a41: folds
Hero: folds
5ad9d095: raises $0.2 to $0.3
9c7e3614: raises $0.6 to $0.9
5ad9d095: folds
Uncalled bet ($0.6) returned to 9c7e3614
*** SHOWDOWN ***
9c7e3614 collected $0.57 from pot
*** SUMMARY ***
Total pot $0.6 | Rake $0.03 | Jackpot $0 | Bingo $0 | Fortune $0 | Tax $0
Seat 1: 9c7e3614 (big blind) collected ($0.57)
Seat 2: a85a06d0 folded before Flop (didn't bet)
Seat 3: ed85bd1d folded before Flop (didn't bet)
Seat 4: b5fd7a41 folded before Flop (didn't bet)
Seat 5: Hero (button) folded before Flop (didn't bet)
Seat 6: 5ad9d095 (small blind) folded before Flop


Poker Hand #HD1768463137: Hold'em No Limit ($0.05/$0.1) - 2024/05/11 20:50:33
Table 'NLHRed10' 6-max Seat #4 is the button
Seat 1: 9c7e3614 ($20.15 in chips)
Seat 2: a85a06d0 ($11.19 in chips)
Seat 3: ed85bd1d ($13.53 in chips)
Seat 4: b5fd7a41 ($10.57 in chips)
Seat 5: Hero ($10.22 in chips)
Seat 6: 5ad9d095 ($10 in chips)
Hero: posts small blind $0.05
5ad9d095: posts big blind $0.1
*** HOLE CARDS ***
Dealt to 9c7e3614 
Dealt to a85a06d0 
Dealt to ed85bd1d 
Dealt to b5fd7a41 
Dealt to Hero [5c Kd]
Dealt to 5ad9d095 
9c7e3614: folds
a85a06d0: folds
ed85bd1d: calls $0.1
b5fd7a41: folds
Hero: folds
5ad9d095: checks
*** FLOP *** [6s 6c 2d]
5ad9d095: checks
ed85bd1d: checks
*** TURN *** [6s 6c 2d] [6d]
5ad9d095: bets $0.1
ed85bd1d: calls $0.1
*** RIVER *** [6s 6c 2d 6d] [2s]
5ad9d095: bets $0.1
ed85bd1d: calls $0.1
5ad9d095: shows [4s 9h] (Sixes Full over Twos)
ed85bd1d: shows [8h Qd] (Sixes Full over Twos)
*** SHOWDOWN ***
5ad9d095 collected $0.32 from pot
ed85bd1d collected $0.31 from pot
*** SUMMARY ***
Total pot $0.65 | Rake $0.02 | Jackpot $0 | Bingo $0 | Fortune $0 | Tax $0
Board [6s 6c 2d 6d 2s]
Seat 1: 9c7e3614 folded before Flop (didn't bet)
Seat 2: a85a06d0 folded before Flop (didn't bet)
Seat 3: ed85bd1d showed [8h Qd] and won ($0.31) with Sixes Full over Twos
Seat 4: b5fd7a41 (button) folded before Flop (didn't bet)
Seat 5: Hero (small blind) folded before Flop
Seat 6: 5ad9d095 (big blind) showed [4s 9h] and won ($0.32) with Sixes Full over Twos


Poker Hand #HD1768462970: Hold'em No Limit ($0.05/$0.1) - 2024/05/11 20:49:10
Table 'NLHRed10' 6-max Seat #3 is the button
Seat 1: 9c7e3614 ($20.15 in chips)
Seat 2: a85a06d0 ($11.19 in chips)
Seat 3: ed85bd1d ($12.64 in chips)
Seat 4: b5fd7a41 ($10.62 in chips)
Seat 5: Hero ($10.32 in chips)
Seat 6: 5ad9d095 ($8.86 in chips)
b5fd7a41: posts small blind $0.05
Hero: posts big blind $0.1
*** HOLE CARDS ***
Dealt to 9c7e3614 
Dealt to a85a06d0 
Dealt to ed85bd1d 
Dealt to b5fd7a41 
Dealt to Hero [2c 7d]
Dealt to 5ad9d095 
5ad9d095: raises $0.15 to $0.25
9c7e3614: folds
a85a06d0: folds
ed85bd1d: calls $0.25
b5fd7a41: folds
Hero: folds
*** FLOP *** [4c Ah Kd]
5ad9d095: checks
ed85bd1d: bets $0.22
5ad9d095: calls $0.22
*** TURN *** [4c Ah Kd] [7s]
5ad9d095: checks
ed85bd1d: bets $0.36
5ad9d095: calls $0.36
*** RIVER *** [4c Ah Kd 7s] [6c]
5ad9d095: checks
ed85bd1d: checks
5ad9d095: shows [Ks 9s] (Pair of Kings)
ed85bd1d: shows [Kc Jh] (Pair of Kings)
*** SHOWDOWN ***
ed85bd1d collected $1.72 from pot
*** SUMMARY ***
Total pot $1.81 | Rake $0.09 | Jackpot $0 | Bingo $0 | Fortune $0 | Tax $0
Board [4c Ah Kd 7s 6c]
Seat 1: 9c7e3614 folded before Flop (didn't bet)
Seat 2: a85a06d0 folded before Flop (didn't bet)
Seat 3: ed85bd1d (button) showed [Kc Jh] and won ($1.72) with Pair of Kings
Seat 4: b5fd7a41 (small blind) folded before Flop
Seat 5: Hero (big blind) folded before Flop
Seat 6: 5ad9d095 showed [Ks 9s] and lost with Pair of Kings


Poker Hand #HD1768462857: Hold'em No Limit ($0.05/$0.1) - 2024/05/11 20:48:16
Table 'NLHRed10' 6-max Seat #2 is the button
Seat 1: 9c7e3614 ($19.78 in chips)
Seat 2: a85a06d0 ($11.19 in chips)
Seat 3: ed85bd1d ($12.94 in chips)
Seat 4: b5fd7a41 ($10.72 in chips)
Seat 5: Hero ($10.32 in chips)
Seat 6: 5ad9d095 ($8.86 in chips)
ed85bd1d: posts small blind $0.05
b5fd7a41: posts big blind $0.1
*** HOLE CARDS ***
Dealt to 9c7e3614 
Dealt to a85a06d0 
Dealt to ed85bd1d 
Dealt to b5fd7a41 
Dealt to Hero [7s 9h]
Dealt to 5ad9d095 
Hero: folds
5ad9d095: folds
9c7e3614: raises $0.2 to $0.3
a85a06d0: folds
ed85bd1d: calls $0.25
b5fd7a41: folds
*** FLOP *** [2c Kh 3s]
ed85bd1d: checks
9c7e3614: bets $0.25
ed85bd1d: folds
Uncalled bet ($0.25) returned to 9c7e3614
*** SHOWDOWN ***
9c7e3614 collected $0.67 from pot
*** SUMMARY ***
Total pot $0.7 | Rake $0.03 | Jackpot $0 | Bingo $0 | Fortune $0 | Tax $0
Board [2c Kh 3s]
Seat 1: 9c7e3614 won ($0.67)
Seat 2: a85a06d0 (button) folded before Flop (didn't bet)
Seat 3: ed85bd1d (small blind) folded on the Flop
Seat 4: b5fd7a41 (big blind) folded before Flop
Seat 5: Hero folded before Flop (didn't bet)
Seat 6: 5ad9d095 folded before Flop (didn't bet)


Poker Hand #HD1768462781: Hold'em No Limit ($0.05/$0.1) - 2024/05/11 20:47:34
Table 'NLHRed10' 6-max Seat #1 is the button
Seat 1: 9c7e3614 ($19.78 in chips)
Seat 2: a85a06d0 ($11.24 in chips)
Seat 3: ed85bd1d ($12.67 in chips)
Seat 4: b5fd7a41 ($10.72 in chips)
Seat 5: Hero ($10.56 in chips)
a85a06d0: posts small blind $0.05
ed85bd1d: posts big blind $0.1
*** HOLE CARDS ***
Dealt to 9c7e3614 
Dealt to a85a06d0 
Dealt to ed85bd1d 
Dealt to b5fd7a41 
Dealt to Hero [Ks Ad]
b5fd7a41: folds
Hero: raises $0.14 to $0.24
9c7e3614: folds
a85a06d0: folds
ed85bd1d: calls $0.14
*** FLOP *** [8h 8c 6c]
ed85bd1d: checks
Hero: checks
*** TURN *** [8h 8c 6c] [2h]
ed85bd1d: bets $0.53
Hero: folds
Uncalled bet ($0.53) returned to ed85bd1d
*** SHOWDOWN ***
ed85bd1d collected $0.51 from pot
*** SUMMARY ***
Total pot $0.53 | Rake $0.02 | Jackpot $0 | Bingo $0 | Fortune $0 | Tax $0
Board [8h 8c 6c 2h]
Seat 1: 9c7e3614 (button) folded before Flop (didn't bet)
Seat 2: a85a06d0 (small blind) folded before Flop
Seat 3: ed85bd1d (big blind) won ($0.51)
Seat 4: b5fd7a41 folded before Flop (didn't bet)
Seat 5: Hero folded on the Turn


Poker Hand #HD1768462624: Hold'em No Limit ($0.05/$0.1) - 2024/05/11 20:46:13
Table 'NLHRed10' 6-max Seat #6 is the button
Seat 1: 9c7e3614 ($19.83 in chips)
Seat 2: a85a06d0 ($11.34 in chips)
Seat 3: ed85bd1d ($11.95 in chips)
Seat 4: b5fd7a41 ($10.72 in chips)
Seat 5: Hero ($10.56 in chips)
Seat 6: 5ad9d095 ($9.5 in chips)
9c7e3614: posts small blind $0.05
a85a06d0: posts big blind $0.1
*** HOLE CARDS ***
Dealt to 9c7e3614 
Dealt to a85a06d0 
Dealt to ed85bd1d 
Dealt to b5fd7a41 
Dealt to Hero [2h 4d]
Dealt to 5ad9d095 
ed85bd1d: calls $0.1
b5fd7a41: folds
Hero: folds
5ad9d095: raises $0.3 to $0.4
9c7e3614: folds
a85a06d0: folds
ed85bd1d: calls $0.3
*** FLOP *** [Th Qc 5d]
ed85bd1d: checks
5ad9d095: bets $0.24
ed85bd1d: calls $0.24
*** TURN *** [Th Qc 5d] [Td]
ed85bd1d: checks
5ad9d095: checks
*** RIVER *** [Th Qc 5d Td] [4c]
ed85bd1d: bets $0.48
5ad9d095: folds
Uncalled bet ($0.48) returned to ed85bd1d
*** SHOWDOWN ***
ed85bd1d collected $1.36 from pot
*** SUMMARY ***
Total pot $1.43 | Rake $0.07 | Jackpot $0 | Bingo $0 | Fortune $0 | Tax $0
Board [Th Qc 5d Td 4c]
Seat 1: 9c7e3614 (small blind) folded before Flop
Seat 2: a85a06d0 (big blind) folded before Flop
Seat 3: ed85bd1d won ($1.36)
Seat 4: b5fd7a41 folded before Flop (didn't bet)
Seat 5: Hero folded before Flop (didn't bet)
Seat 6: 5ad9d095 (button) folded on the River


Poker Hand #HD1768462572: Hold'em No Limit ($0.05/$0.1) - 2024/05/11 20:45:44
Table 'NLHRed10' 6-max Seat #5 is the button
Seat 1: 9c7e3614 ($19.93 in chips)
Seat 2: a85a06d0 ($11.19 in chips)
Seat 3: ed85bd1d ($11.95 in chips)
Seat 4: b5fd7a41 ($10.72 in chips)
Seat 5: Hero ($10.56 in chips)
Seat 6: 5ad9d095 ($9.55 in chips)
5ad9d095: posts small blind $0.05
9c7e3614: posts big blind $0.1
*** HOLE CARDS ***
Dealt to 9c7e3614 
Dealt to a85a06d0 
Dealt to ed85bd1d 
Dealt to b5fd7a41 
Dealt to Hero [7d Qh]
Dealt to 5ad9d095 
a85a06d0: raises $0.15 to $0.25
ed85bd1d: folds
b5fd7a41: folds
Hero: folds
5ad9d095: folds
9c7e3614: folds
Uncalled bet ($0.15) returned to a85a06d0
*** SHOWDOWN ***
a85a06d0 collected $0.25 from pot
*** SUMMARY ***
Total pot $0.25 | Rake $0 | Jackpot $0 | Bingo $0 | Fortune $0 | Tax $0
Seat 1: 9c7e3614 (big blind) folded before Flop
Seat 2: a85a06d0 collected ($0.25)
Seat 3: ed85bd1d folded before Flop (didn't bet)
Seat 4: b5fd7a41 folded before Flop (didn't bet)
Seat 5: Hero (button) folded before Flop (didn't bet)
Seat 6: 5ad9d095 (small blind) folded before Flop


Poker Hand #HD1768462393: Hold'em No Limit ($0.05/$0.1) - 2024/05/11 20:44:14
Table 'NLHRed10' 6-max Seat #4 is the button
Seat 1: 9c7e3614 ($19.93 in chips)
Seat 2: a85a06d0 ($11.19 in chips)
Seat 3: ed85bd1d ($10.94 in chips)
Seat 4: b5fd7a41 ($10.72 in chips)
Seat 5: Hero ($10.61 in chips)
Seat 6: 5ad9d095 ($10.62 in chips)
Hero: posts small blind $0.05
5ad9d095: posts big blind $0.1
*** HOLE CARDS ***
Dealt to 9c7e3614 
Dealt to a85a06d0 
Dealt to ed85bd1d 
Dealt to b5fd7a41 
Dealt to Hero [Tc 2d]
Dealt to 5ad9d095 
9c7e3614: folds
a85a06d0: folds
ed85bd1d: raises $0.2 to $0.3
b5fd7a41: folds
Hero: folds
5ad9d095: calls $0.2
*** FLOP *** [Jh 3d 5h]
5ad9d095: checks
ed85bd1d: bets $0.33
5ad9d095: calls $0.33
*** TURN *** [Jh 3d 5h] [Js]
5ad9d095: checks
ed85bd1d: bets $0.44
5ad9d095: calls $0.44
*** RIVER *** [Jh 3d 5h Js] [Qh]
5ad9d095: checks
ed85bd1d: checks
5ad9d095: shows [6d 7d] (Pair of Jacks)
ed85bd1d: shows [Qc 7c] (Pair of Queens and Pair of Jacks)
*** SHOWDOWN ***
ed85bd1d collected $2.08 from pot
*** SUMMARY ***
Total pot $2.19 | Rake $0.11 | Jackpot $0 | Bingo $0 | Fortune $0 | Tax $0
Board [Jh 3d 5h Js Qh]
Seat 1: 9c7e3614 folded before Flop (didn't bet)
Seat 2: a85a06d0 folded before Flop (didn't bet)
Seat 3: ed85bd1d showed [Qc 7c] and won ($2.08) with Pair of Queens and Pair of Jacks
Seat 4: b5fd7a41 (button) folded before Flop (didn't bet)
Seat 5: Hero (small blind) folded before Flop
Seat 6: 5ad9d095 (big blind) showed [6d 7d] and lost with Pair of Jacks


Poker Hand #HD1768462366: Hold'em No Limit ($0.05/$0.1) - 2024/05/11 20:43:58
Table 'NLHRed10' 6-max Seat #3 is the button
Seat 1: 9c7e3614 ($19.93 in chips)
Seat 2: a85a06d0 ($11.19 in chips)
Seat 3: ed85bd1d ($10.94 in chips)
Seat 4: b5fd7a41 ($10.77 in chips)
Seat 5: Hero ($10.56 in chips)
b5fd7a41: posts small blind $0.05
Hero: posts big blind $0.1
*** HOLE CARDS ***
Dealt to 9c7e3614 
Dealt to a85a06d0 
Dealt to ed85bd1d 
Dealt to b5fd7a41 
Dealt to Hero [2h Kd]
9c7e3614: folds
a85a06d0: folds
ed85bd1d: folds
b5fd7a41: folds
Uncalled bet ($0.05) returned to Hero
*** SHOWDOWN ***
Hero collected $0.1 from pot
*** SUMMARY ***
Total pot $0.1 | Rake $0 | Jackpot $0 | Bingo $0 | Fortune $0 | Tax $0
Seat 1: 9c7e3614 folded before Flop (didn't bet)
Seat 2: a85a06d0 folded before Flop (didn't bet)
Seat 3: ed85bd1d (button) folded before Flop (didn't bet)
Seat 4: b5fd7a41 (small blind) folded before Flop
Seat 5: Hero (big blind) collected ($0.1)


Poker Hand #HD1768462312: Hold'em No Limit ($0.05/$0.1) - 2024/05/11 20:43:24
Table 'NLHRed10' 6-max Seat #2 is the button
Seat 1: 9c7e3614 ($19.93 in chips)
Seat 2: a85a06d0 ($11.44 in chips)
Seat 3: ed85bd1d ($11.19 in chips)
Seat 4: b5fd7a41 ($10.3 in chips)
Seat 5: Hero ($10.56 in chips)
ed85bd1d: posts small blind $0.05
b5fd7a41: posts big blind $0.1
*** HOLE CARDS ***
Dealt to 9c7e3614 
Dealt to a85a06d0 
Dealt to ed85bd1d 
Dealt to b5fd7a41 
Dealt to Hero [5s 7d]
Hero: folds
9c7e3614: folds
a85a06d0: raises $0.15 to $0.25
ed85bd1d: calls $0.2
b5fd7a41: raises $1.25 to $1.5
a85a06d0: folds
ed85bd1d: folds
Uncalled bet ($1.25) returned to b5fd7a41
*** SHOWDOWN ***
b5fd7a41 collected $0.72 from pot
*** SUMMARY ***
Total pot $0.75 | Rake $0.03 | Jackpot $0 | Bingo $0 | Fortune $0 | Tax $0
Seat 1: 9c7e3614 folded before Flop (didn't bet)
Seat 2: a85a06d0 (button) folded before Flop
Seat 3: ed85bd1d (small blind) folded before Flop
Seat 4: b5fd7a41 (big blind) collected ($0.72)
Seat 5: Hero folded before Flop (didn't bet)


Poker Hand #HD1768462248: Hold'em No Limit ($0.05/$0.1) - 2024/05/11 20:42:50
Table 'NLHRed10' 6-max Seat #1 is the button
Seat 1: 9c7e3614 ($19.93 in chips)
Seat 2: a85a06d0 ($11.12 in chips)
Seat 3: ed85bd1d ($11.29 in chips)
Seat 4: b5fd7a41 ($10.3 in chips)
Seat 5: Hero ($10.8 in chips)
a85a06d0: posts small blind $0.05
ed85bd1d: posts big blind $0.1
*** HOLE CARDS ***
Dealt to 9c7e3614 
Dealt to a85a06d0 
Dealt to ed85bd1d 
Dealt to b5fd7a41 
Dealt to Hero [Ac 8d]
b5fd7a41: folds
Hero: raises $0.14 to $0.24
9c7e3614: folds
a85a06d0: raises $0.96 to $1.2
ed85bd1d: folds
Hero: folds
Uncalled bet ($0.96) returned to a85a06d0
*** SHOWDOWN ***
a85a06d0 collected $0.56 from pot
*** SUMMARY ***
Total pot $0.58 | Rake $0.02 | Jackpot $0 | Bingo $0 | Fortune $0 | Tax $0
Seat 1: 9c7e3614 (button) folded before Flop (didn't bet)
Seat 2: a85a06d0 (small blind) collected ($0.56)
Seat 3: ed85bd1d (big blind) folded before Flop
Seat 4: b5fd7a41 folded before Flop (didn't bet)
Seat 5: Hero folded before Flop


Poker Hand #HD1768462223: Hold'em No Limit ($0.05/$0.1) - 2024/05/11 20:42:39
Table 'NLHRed10' 6-max Seat #5 is the button
Seat 1: 9c7e3614 ($19.98 in chips)
Seat 2: a85a06d0 ($11.22 in chips)
Seat 3: ed85bd1d ($11.29 in chips)
Seat 4: b5fd7a41 ($10.15 in chips)
Seat 5: Hero ($10.8 in chips)
9c7e3614: posts small blind $0.05
a85a06d0: posts big blind $0.1
*** HOLE CARDS ***
Dealt to 9c7e3614 
Dealt to a85a06d0 
Dealt to ed85bd1d 
Dealt to b5fd7a41 
Dealt to Hero [7h 6s]
ed85bd1d: folds
b5fd7a41: raises $0.1 to $0.2
Hero: folds
9c7e3614: folds
a85a06d0: folds
Uncalled bet ($0.1) returned to b5fd7a41
*** SHOWDOWN ***
b5fd7a41 collected $0.25 from pot
*** SUMMARY ***
Total pot $0.25 | Rake $0 | Jackpot $0 | Bingo $0 | Fortune $0 | Tax $0
Seat 1: 9c7e3614 (small blind) folded before Flop
Seat 2: a85a06d0 (big blind) folded before Flop
Seat 3: ed85bd1d folded before Flop (didn't bet)
Seat 4: b5fd7a41 collected ($0.25)
Seat 5: Hero (button) folded before Flop (didn't bet)


Poker Hand #HD1768462183: Hold'em No Limit ($0.05/$0.1) - 2024/05/11 20:42:19
Table 'NLHRed10' 6-max Seat #4 is the button
Seat 1: 9c7e3614 ($20.08 in chips)
Seat 2: a85a06d0 ($11.22 in chips)
Seat 3: ed85bd1d ($11.29 in chips)
Seat 4: b5fd7a41 ($10 in chips)
Seat 5: Hero ($10.85 in chips)
Hero: posts small blind $0.05
9c7e3614: posts big blind $0.1
*** HOLE CARDS ***
Dealt to 9c7e3614 
Dealt to a85a06d0 
Dealt to ed85bd1d 
Dealt to b5fd7a41 
Dealt to Hero [Qh 6s]
a85a06d0: folds
ed85bd1d: folds
b5fd7a41: raises $0.2 to $0.3
Hero: folds
9c7e3614: folds
Uncalled bet ($0.2) returned to b5fd7a41
*** SHOWDOWN ***
b5fd7a41 collected $0.25 from pot
*** SUMMARY ***
Total pot $0.25 | Rake $0 | Jackpot $0 | Bingo $0 | Fortune $0 | Tax $0
Seat 1: 9c7e3614 (big blind) folded before Flop
Seat 2: a85a06d0 folded before Flop (didn't bet)
Seat 3: ed85bd1d folded before Flop (didn't bet)
Seat 4: b5fd7a41 (button) collected ($0.25)
Seat 5: Hero (small blind) folded before Flop


Poker Hand #HD1768462092: Hold'em No Limit ($0.05/$0.1) - 2024/05/11 20:41:38
Table 'NLHRed10' 6-max Seat #3 is the button
Seat 1: 9c7e3614 ($20.08 in chips)
Seat 2: a85a06d0 ($11.07 in chips)
Seat 3: ed85bd1d ($11.29 in chips)
Seat 4: b5fd7a41 ($10 in chips)
Seat 5: Hero ($10.95 in chips)
Seat 6: 5ad9d095 ($10.62 in chips)
b5fd7a41: posts small blind $0.05
Hero: posts big blind $0.1
*** HOLE CARDS ***
Dealt to 9c7e3614 
Dealt to a85a06d0 
Dealt to ed85bd1d 
Dealt to b5fd7a41 
Dealt to Hero [2s 6s]
Dealt to 5ad9d095 
5ad9d095: folds
9c7e3614: folds
a85a06d0: raises $0.15 to $0.25
ed85bd1d: folds
b5fd7a41: folds
Hero: folds
Uncalled bet ($0.15) returned to a85a06d0
*** SHOWDOWN ***
a85a06d0 collected $0.25 from pot
*** SUMMARY ***
Total pot $0.25 | Rake $0 | Jackpot $0 | Bingo $0 | Fortune $0 | Tax $0
Seat 1: 9c7e3614 folded before Flop (didn't bet)
Seat 2: a85a06d0 collected ($0.25)
Seat 3: ed85bd1d (button) folded before Flop (didn't bet)
Seat 4: b5fd7a41 (small blind) folded before Flop
Seat 5: Hero (big blind) folded before Flop
Seat 6: 5ad9d095 folded before Flop (didn't bet)


Poker Hand #HD1768462041: Hold'em No Limit ($0.05/$0.1) - 2024/05/11 20:41:11
Table 'NLHRed10' 6-max Seat #2 is the button
Seat 1: 9c7e3614 ($20.08 in chips)
Seat 2: a85a06d0 ($11.07 in chips)
Seat 3: ed85bd1d ($11.19 in chips)
Seat 4: b5fd7a41 ($10 in chips)
Seat 5: Hero ($10.95 in chips)
Seat 6: 5ad9d095 ($10.62 in chips)
ed85bd1d: posts small blind $0.05
b5fd7a41: posts big blind $0.1
*** HOLE CARDS ***
Dealt to 9c7e3614 
Dealt to a85a06d0 
Dealt to ed85bd1d 
Dealt to b5fd7a41 
Dealt to Hero [Ks 9c]
Dealt to 5ad9d095 
Hero: folds
5ad9d095: folds
9c7e3614: folds
a85a06d0: folds
ed85bd1d: raises $0.2 to $0.3
b5fd7a41: folds
Uncalled bet ($0.2) returned to ed85bd1d
*** SHOWDOWN ***
ed85bd1d collected $0.2 from pot
*** SUMMARY ***
Total pot $0.2 | Rake $0 | Jackpot $0 | Bingo $0 | Fortune $0 | Tax $0
Seat 1: 9c7e3614 folded before Flop (didn't bet)
Seat 2: a85a06d0 (button) folded before Flop (didn't bet)
Seat 3: ed85bd1d (small blind) collected ($0.2)
Seat 4: b5fd7a41 (big blind) folded before Flop
Seat 5: Hero folded before Flop (didn't bet)
Seat 6: 5ad9d095 folded before Flop (didn't bet)


Poker Hand #HD1768461832: Hold'em No Limit ($0.05/$0.1) - 2024/05/11 20:39:22
Table 'NLHRed10' 6-max Seat #1 is the button
Seat 1: 9c7e3614 ($20.08 in chips)
Seat 2: a85a06d0 ($11.12 in chips)
Seat 3: ed85bd1d ($12.19 in chips)
Seat 4: b5fd7a41 ($10 in chips)
Seat 5: Hero ($10 in chips)
Seat 6: 5ad9d095 ($10.62 in chips)
a85a06d0: posts small blind $0.05
ed85bd1d: posts big blind $0.1
*** HOLE CARDS ***
Dealt to 9c7e3614 
Dealt to a85a06d0 
Dealt to ed85bd1d 
Dealt to b5fd7a41 
Dealt to Hero [Kh Qd]
Dealt to 5ad9d095 
b5fd7a41: folds
Hero: raises $0.1 to $0.2
5ad9d095: folds
9c7e3614: folds
a85a06d0: folds
ed85bd1d: calls $0.1
*** FLOP *** [7c Ah Td]
ed85bd1d: checks
Hero: bets $0.2
ed85bd1d: calls $0.2
*** TURN *** [7c Ah Td] [9h]
ed85bd1d: checks
Hero: bets $0.6
ed85bd1d: calls $0.6
*** RIVER *** [7c Ah Td 9h] [Js]
ed85bd1d: checks
Hero: bets $9 and is all-in
ed85bd1d: folds
Uncalled bet ($9) returned to Hero
*** SHOWDOWN ***
Hero collected $1.95 from pot
*** SUMMARY ***
Total pot $2.05 | Rake $0.1 | Jackpot $0 | Bingo $0 | Fortune $0 | Tax $0
Board [7c Ah Td 9h Js]
Seat 1: 9c7e3614 (button) folded before Flop (didn't bet)
Seat 2: a85a06d0 (small blind) folded before Flop
Seat 3: ed85bd1d (big blind) folded on the River
Seat 4: b5fd7a41 folded before Flop (didn't bet)
Seat 5: Hero won ($1.95)
Seat 6: 5ad9d095 folded before Flop (didn't bet)


Poker Hand #HD1768461757: Hold'em No Limit ($0.05/$0.1) - 2024/05/11 20:38:45
Table 'NLHRed10' 6-max Seat #6 is the button
Seat 1: 9c7e3614 ($20.13 in chips)
Seat 2: a85a06d0 ($10.97 in chips)
Seat 3: ed85bd1d ($12.29 in chips)
Seat 4: b5fd7a41 ($10 in chips)
Seat 5: Hero ($10 in chips)
Seat 6: 5ad9d095 ($10.62 in chips)
9c7e3614: posts small blind $0.05
a85a06d0: posts big blind $0.1
*** HOLE CARDS ***
Dealt to 9c7e3614 
Dealt to a85a06d0 
Dealt to ed85bd1d 
Dealt to b5fd7a41 
Dealt to Hero [8d 2s]
Dealt to 5ad9d095 
ed85bd1d: calls $0.1
b5fd7a41: folds
Hero: folds
5ad9d095: folds
9c7e3614: folds
a85a06d0: raises $0.4 to $0.5
ed85bd1d: folds
Uncalled bet ($0.4) returned to a85a06d0
*** SHOWDOWN ***
a85a06d0 collected $0.25 from pot
*** SUMMARY ***
Total pot $0.25 | Rake $0 | Jackpot $0 | Bingo $0 | Fortune $0 | Tax $0
Seat 1: 9c7e3614 (small blind) folded before Flop
Seat 2: a85a06d0 (big blind) collected ($0.25)
Seat 3: ed85bd1d folded before Flop
Seat 4: b5fd7a41 folded before Flop (didn't bet)
Seat 5: Hero folded before Flop (didn't bet)
Seat 6: 5ad9d095 (button) folded before Flop (didn't bet)


Poker Hand #HD1768461719: Hold'em No Limit ($0.05/$0.1) - 2024/05/11 20:38:26
Table 'NLHRed10' 6-max Seat #5 is the button
Seat 1: 9c7e3614 ($20.23 in chips)
Seat 2: a85a06d0 ($10.82 in chips)
Seat 3: ed85bd1d ($12.29 in chips)
Seat 4: b5fd7a41 ($10 in chips)
Seat 5: Hero ($10 in chips)
Seat 6: 5ad9d095 ($10.67 in chips)
5ad9d095: posts small blind $0.05
9c7e3614: posts big blind $0.1
*** HOLE CARDS ***
Dealt to 9c7e3614 
Dealt to a85a06d0 
Dealt to ed85bd1d 
Dealt to b5fd7a41 
Dealt to Hero [2d 2h]
Dealt to 5ad9d095 
a85a06d0: raises $0.15 to $0.25
ed85bd1d: folds
b5fd7a41: folds
Hero: folds
5ad9d095: folds
9c7e3614: folds
Uncalled bet ($0.15) returned to a85a06d0
*** SHOWDOWN ***
a85a06d0 collected $0.25 from pot
*** SUMMARY ***
Total pot $0.25 | Rake $0 | Jackpot $0 | Bingo $0 | Fortune $0 | Tax $0
Seat 1: 9c7e3614 (big blind) folded before Flop
Seat 2: a85a06d0 collected ($0.25)
Seat 3: ed85bd1d folded before Flop (didn't bet)
Seat 4: b5fd7a41 folded before Flop (didn't bet)
Seat 5: Hero (button) folded before Flop (didn't bet)
Seat 6: 5ad9d095 (small blind) folded before Flop


Poker Hand #HD1768461675: Hold'em No Limit ($0.05/$0.1) - 2024/05/11 20:38:03
Table 'NLHRed10' 6-max Seat #4 is the button
Seat 1: 9c7e3614 ($20.23 in chips)
Seat 2: a85a06d0 ($10.82 in chips)
Seat 3: ed85bd1d ($12.14 in chips)
Seat 4: b5fd7a41 ($10 in chips)
Seat 5: Hero ($10 in chips)
Seat 6: 5ad9d095 ($10.77 in chips)
Hero: posts small blind $0.05
5ad9d095: posts big blind $0.1
*** HOLE CARDS ***
Dealt to 9c7e3614 
Dealt to a85a06d0 
Dealt to ed85bd1d 
Dealt to b5fd7a41 
Dealt to Hero [Th 6s]
Dealt to 5ad9d095 
9c7e3614: folds
a85a06d0: folds
ed85bd1d: raises $0.2 to $0.3
b5fd7a41: folds
Hero: folds
5ad9d095: folds
Uncalled bet ($0.2) returned to ed85bd1d
*** SHOWDOWN ***
ed85bd1d collected $0.25 from pot
*** SUMMARY ***
Total pot $0.25 | Rake $0 | Jackpot $0 | Bingo $0 | Fortune $0 | Tax $0
Seat 1: 9c7e3614 folded before Flop (didn't bet)
Seat 2: a85a06d0 folded before Flop (didn't bet)
Seat 3: ed85bd1d collected ($0.25)
Seat 4: b5fd7a41 (button) folded before Flop (didn't bet)
Seat 5: Hero (small blind) folded before Flop
Seat 6: 5ad9d095 (big blind) folded before Flop


Poker Hand #HD1768461597: Hold'em No Limit ($0.05/$0.1) - 2024/05/11 20:37:25
Table 'NLHRed10' 6-max Seat #3 is the button
Seat 1: 9c7e3614 ($20.08 in chips)
Seat 2: a85a06d0 ($10.82 in chips)
Seat 3: ed85bd1d ($12.14 in chips)
Seat 4: b5fd7a41 ($10 in chips)
Seat 5: Hero ($10 in chips)
Seat 6: 5ad9d095 ($10.77 in chips)
b5fd7a41: posts small blind $0.05
Hero: posts big blind $0.1
*** HOLE CARDS ***
Dealt to 9c7e3614 
Dealt to a85a06d0 
Dealt to ed85bd1d 
Dealt to b5fd7a41 
Dealt to Hero [4h Kc]
Dealt to 5ad9d095 
5ad9d095: folds
9c7e3614: raises $0.2 to $0.3
a85a06d0: folds
ed85bd1d: folds
b5fd7a41: folds
Hero: folds
Uncalled bet ($0.2) returned to 9c7e3614
*** SHOWDOWN ***
9c7e3614 collected $0.25 from pot
*** SUMMARY ***
Total pot $0.25 | Rake $0 | Jackpot $0 | Bingo $0 | Fortune $0 | Tax $0
Seat 1: 9c7e3614 collected ($0.25)
Seat 2: a85a06d0 folded before Flop (didn't bet)
Seat 3: ed85bd1d (button) folded before Flop (didn't bet)
Seat 4: b5fd7a41 (small blind) folded before Flop
Seat 5: Hero (big blind) folded before Flop
Seat 6: 5ad9d095 folded before Flop (didn't bet)


