Poker Hand #HD1762937303: Hold'em No Limit ($0.05/$0.1) - 2024/05/07 20:44:38
Table 'NLHRed44' 6-max Seat #3 is the button
Seat 1: 76baf9e ($9.95 in chips)
Seat 2: 26bcbd92 ($10 in chips)
Seat 3: 6c1e889f ($11.43 in chips)
Seat 4: 7e3709 ($24.77 in chips)
Seat 5: f7f483c7 ($10.65 in chips)
Seat 6: Hero ($15.28 in chips)
7e3709: posts small blind $0.05
f7f483c7: posts big blind $0.1
*** HOLE CARDS ***
Dealt to 76baf9e 
Dealt to 26bcbd92 
Dealt to 6c1e889f 
Dealt to 7e3709 
Dealt to f7f483c7 
Dealt to Hero [2h Ks]
Hero: folds
76baf9e: folds
26bcbd92: folds
6c1e889f: folds
7e3709: raises $0.2 to $0.3
f7f483c7: calls $0.2
*** FLOP *** [Kc 6s 8c]
7e3709: bets $0.2
f7f483c7: calls $0.2
*** TURN *** [Kc 6s 8c] [2c]
7e3709: checks
f7f483c7: bets $0.35
7e3709: calls $0.35
*** RIVER *** [Kc 6s 8c 2c] [Qc]
7e3709: checks
f7f483c7: checks
7e3709: shows [8s Ah] (Pair of Eights)
f7f483c7: shows [Kh Jc] (King High Flush)
*** SHOWDOWN ***
f7f483c7 collected $1.62 from pot
*** SUMMARY ***
Total pot $1.7 | Rake $0.08 | Jackpot $0 | Bingo $0 | Fortune $0 | Tax $0
Board [Kc 6s 8c 2c Qc]
Seat 1: 76baf9e folded before Flop (didn't bet)
Seat 2: 26bcbd92 folded before Flop (didn't bet)
Seat 3: 6c1e889f (button) folded before Flop (didn't bet)
Seat 4: 7e3709 (small blind) showed [8s Ah] and lost with Pair of Eights
Seat 5: f7f483c7 (big blind) showed [Kh Jc] and won ($1.62) with King High Flush
Seat 6: Hero folded before Flop (didn't bet)


Poker Hand #HD1762937263: Hold'em No Limit ($0.05/$0.1) - 2024/05/07 20:44:19
Table 'NLHRed44' 6-max Seat #2 is the button
Seat 1: 76baf9e ($9.95 in chips)
Seat 2: 26bcbd92 ($10 in chips)
Seat 3: 6c1e889f ($11.48 in chips)
Seat 4: 7e3709 ($24.72 in chips)
Seat 5: f7f483c7 ($10.65 in chips)
Seat 6: Hero ($15.28 in chips)
6c1e889f: posts small blind $0.05
7e3709: posts big blind $0.1
*** HOLE CARDS ***
Dealt to 76baf9e 
Dealt to 26bcbd92 
Dealt to 6c1e889f 
Dealt to 7e3709 
Dealt to f7f483c7 
Dealt to Hero [4c 9d]
f7f483c7: folds
Hero: folds
76baf9e: folds
26bcbd92: folds
6c1e889f: folds
Uncalled bet ($0.05) returned to 7e3709
*** SHOWDOWN ***
7e3709 collected $0.1 from pot
*** SUMMARY ***
Total pot $0.1 | Rake $0 | Jackpot $0 | Bingo $0 | Fortune $0 | Tax $0
Seat 1: 76baf9e folded before Flop (didn't bet)
Seat 2: 26bcbd92 (button) folded before Flop (didn't bet)
Seat 3: 6c1e889f (small blind) folded before Flop
Seat 4: 7e3709 (big blind) collected ($0.1)
Seat 5: f7f483c7 folded before Flop (didn't bet)
Seat 6: Hero folded before Flop (didn't bet)


Poker Hand #HD1762937234: Hold'em No Limit ($0.05/$0.1) - 2024/05/07 20:44:04
Table 'NLHRed44' 6-max Seat #1 is the button
Seat 1: 76baf9e ($9.95 in chips)
Seat 2: 26bcbd92 ($10.05 in chips)
Seat 3: 6c1e889f ($11.43 in chips)
Seat 4: 7e3709 ($24.72 in chips)
Seat 5: f7f483c7 ($10.65 in chips)
Seat 6: Hero ($15.28 in chips)
26bcbd92: posts small blind $0.05
6c1e889f: posts big blind $0.1
*** HOLE CARDS ***
Dealt to 76baf9e 
Dealt to 26bcbd92 
Dealt to 6c1e889f 
Dealt to 7e3709 
Dealt to f7f483c7 
Dealt to Hero [4h 8d]
7e3709: folds
f7f483c7: folds
Hero: folds
76baf9e: folds
26bcbd92: folds
Uncalled bet ($0.05) returned to 6c1e889f
*** SHOWDOWN ***
6c1e889f collected $0.1 from pot
*** SUMMARY ***
Total pot $0.1 | Rake $0 | Jackpot $0 | Bingo $0 | Fortune $0 | Tax $0
Seat 1: 76baf9e (button) folded before Flop (didn't bet)
Seat 2: 26bcbd92 (small blind) folded before Flop
Seat 3: 6c1e889f (big blind) collected ($0.1)
Seat 4: 7e3709 folded before Flop (didn't bet)
Seat 5: f7f483c7 folded before Flop (didn't bet)
Seat 6: Hero folded before Flop (didn't bet)


Poker Hand #HD1762937178: Hold'em No Limit ($0.05/$0.1) - 2024/05/07 20:43:41
Table 'NLHRed44' 6-max Seat #6 is the button
Seat 1: 76baf9e ($10 in chips)
Seat 2: 26bcbd92 ($10.15 in chips)
Seat 3: 6c1e889f ($11.28 in chips)
Seat 4: 7e3709 ($24.72 in chips)
Seat 5: f7f483c7 ($10.65 in chips)
Seat 6: Hero ($15.28 in chips)
76baf9e: posts small blind $0.05
26bcbd92: posts big blind $0.1
*** HOLE CARDS ***
Dealt to 76baf9e 
Dealt to 26bcbd92 
Dealt to 6c1e889f 
Dealt to 7e3709 
Dealt to f7f483c7 
Dealt to Hero [Th 5s]
6c1e889f: raises $0.1 to $0.2
7e3709: folds
f7f483c7: folds
Hero: folds
76baf9e: folds
26bcbd92: folds
Uncalled bet ($0.1) returned to 6c1e889f
*** SHOWDOWN ***
6c1e889f collected $0.25 from pot
*** SUMMARY ***
Total pot $0.25 | Rake $0 | Jackpot $0 | Bingo $0 | Fortune $0 | Tax $0
Seat 1: 76baf9e (small blind) folded before Flop
Seat 2: 26bcbd92 (big blind) folded before Flop
Seat 3: 6c1e889f collected ($0.25)
Seat 4: 7e3709 folded before Flop (didn't bet)
Seat 5: f7f483c7 folded before Flop (didn't bet)
Seat 6: Hero (button) folded before Flop (didn't bet)


Poker Hand #HD1762937065: Hold'em No Limit ($0.05/$0.1) - 2024/05/07 20:42:47
Table 'NLHRed44' 6-max Seat #5 is the button
Seat 1: 76baf9e ($9.8 in chips)
Seat 2: 26bcbd92 ($10.15 in chips)
Seat 3: 6c1e889f ($11.28 in chips)
Seat 4: 7e3709 ($24.72 in chips)
Seat 5: f7f483c7 ($10.65 in chips)
Seat 6: Hero ($14.11 in chips)
Hero: posts small blind $0.05
76baf9e: posts big blind $0.1
*** HOLE CARDS ***
Dealt to 76baf9e 
Dealt to 26bcbd92 
Dealt to 6c1e889f 
Dealt to 7e3709 
Dealt to f7f483c7 
Dealt to Hero [Kd Jc]
26bcbd92: folds
6c1e889f: folds
7e3709: folds
f7f483c7: folds
Hero: raises $0.2 to $0.3
76baf9e: calls $0.2
*** FLOP *** [Kc 5s 6s]
Hero: bets $0.3
76baf9e: raises $0.7 to $1
Hero: calls $0.7
*** TURN *** [Kc 5s 6s] [Jd]
Hero: checks
76baf9e: checks
*** RIVER *** [Kc 5s 6s Jd] [4d]
Hero: checks
76baf9e: checks
Hero: shows [Kd Jc] (Pair of Kings and Pair of Jacks)
76baf9e: shows [9c 8c] (King-High)
*** SHOWDOWN ***
Hero collected $2.47 from pot
*** SUMMARY ***
Total pot $2.6 | Rake $0.13 | Jackpot $0 | Bingo $0 | Fortune $0 | Tax $0
Board [Kc 5s 6s Jd 4d]
Seat 1: 76baf9e (big blind) showed [9c 8c] and lost with King-High
Seat 2: 26bcbd92 folded before Flop (didn't bet)
Seat 3: 6c1e889f folded before Flop (didn't bet)
Seat 4: 7e3709 folded before Flop (didn't bet)
Seat 5: f7f483c7 (button) folded before Flop (didn't bet)
Seat 6: Hero (small blind) showed [Kd Jc] and won ($2.47) with Pair of Kings and Pair of Jacks


Poker Hand #HD1762937002: Hold'em No Limit ($0.05/$0.1) - 2024/05/07 20:42:16
Table 'NLHRed44' 6-max Seat #4 is the button
Seat 1: 76baf9e ($9.8 in chips)
Seat 2: 26bcbd92 ($10.15 in chips)
Seat 3: 6c1e889f ($12.18 in chips)
Seat 4: 7e3709 ($24.72 in chips)
Seat 5: f7f483c7 ($10.7 in chips)
Seat 6: Hero ($13.25 in chips)
f7f483c7: posts small blind $0.05
Hero: posts big blind $0.1
*** HOLE CARDS ***
Dealt to 76baf9e 
Dealt to 26bcbd92 
Dealt to 6c1e889f 
Dealt to 7e3709 
Dealt to f7f483c7 
Dealt to Hero [Qh Kh]
76baf9e: folds
26bcbd92: folds
6c1e889f: raises $0.1 to $0.2
7e3709: folds
f7f483c7: folds
Hero: raises $0.7 to $0.9
6c1e889f: calls $0.7
*** FLOP *** [4h Ks 5d]
Hero: bets $0.62
6c1e889f: folds
Uncalled bet ($0.62) returned to Hero
*** SHOWDOWN ***
Hero collected $1.76 from pot
*** SUMMARY ***
Total pot $1.85 | Rake $0.09 | Jackpot $0 | Bingo $0 | Fortune $0 | Tax $0
Board [4h Ks 5d]
Seat 1: 76baf9e folded before Flop (didn't bet)
Seat 2: 26bcbd92 folded before Flop (didn't bet)
Seat 3: 6c1e889f folded on the Flop
Seat 4: 7e3709 (button) folded before Flop (didn't bet)
Seat 5: f7f483c7 (small blind) folded before Flop
Seat 6: Hero (big blind) won ($1.76)


Poker Hand #HD1762936964: Hold'em No Limit ($0.05/$0.1) - 2024/05/07 20:42:00
Table 'NLHRed44' 6-max Seat #3 is the button
Seat 1: 76baf9e ($9.8 in chips)
Seat 2: 26bcbd92 ($10 in chips)
Seat 3: 6c1e889f ($12.18 in chips)
Seat 4: 7e3709 ($24.77 in chips)
Seat 5: f7f483c7 ($10.8 in chips)
Seat 6: Hero ($13.25 in chips)
7e3709: posts small blind $0.05
f7f483c7: posts big blind $0.1
*** HOLE CARDS ***
Dealt to 76baf9e 
Dealt to 26bcbd92 
Dealt to 6c1e889f 
Dealt to 7e3709 
Dealt to f7f483c7 
Dealt to Hero [9h Ts]
Hero: folds
76baf9e: folds
26bcbd92: raises $0.2 to $0.3
6c1e889f: folds
7e3709: folds
f7f483c7: folds
Uncalled bet ($0.2) returned to 26bcbd92
*** SHOWDOWN ***
26bcbd92 collected $0.25 from pot
*** SUMMARY ***
Total pot $0.25 | Rake $0 | Jackpot $0 | Bingo $0 | Fortune $0 | Tax $0
Seat 1: 76baf9e folded before Flop (didn't bet)
Seat 2: 26bcbd92 collected ($0.25)
Seat 3: 6c1e889f (button) folded before Flop (didn't bet)
Seat 4: 7e3709 (small blind) folded before Flop
Seat 5: f7f483c7 (big blind) folded before Flop
Seat 6: Hero folded before Flop (didn't bet)


Poker Hand #HD1762936924: Hold'em No Limit ($0.05/$0.1) - 2024/05/07 20:41:42
Table 'NLHRed44' 6-max Seat #2 is the button
Seat 1: 76baf9e ($9.8 in chips)
Seat 2: 26bcbd92 ($10 in chips)
Seat 3: 6c1e889f ($12.23 in chips)
Seat 4: 7e3709 ($24.87 in chips)
Seat 5: f7f483c7 ($10.65 in chips)
Seat 6: Hero ($13.25 in chips)
6c1e889f: posts small blind $0.05
7e3709: posts big blind $0.1
*** HOLE CARDS ***
Dealt to 76baf9e 
Dealt to 26bcbd92 
Dealt to 6c1e889f 
Dealt to 7e3709 
Dealt to f7f483c7 
Dealt to Hero [6c 8s]
f7f483c7: raises $0.2 to $0.3
Hero: folds
76baf9e: folds
26bcbd92: folds
6c1e889f: folds
7e3709: folds
Uncalled bet ($0.2) returned to f7f483c7
*** SHOWDOWN ***
f7f483c7 collected $0.25 from pot
*** SUMMARY ***
Total pot $0.25 | Rake $0 | Jackpot $0 | Bingo $0 | Fortune $0 | Tax $0
Seat 1: 76baf9e folded before Flop (didn't bet)
Seat 2: 26bcbd92 (button) folded before Flop (didn't bet)
Seat 3: 6c1e889f (small blind) folded before Flop
Seat 4: 7e3709 (big blind) folded before Flop
Seat 5: f7f483c7 collected ($0.25)
Seat 6: Hero folded before Flop (didn't bet)


Poker Hand #HD1762936872: Hold'em No Limit ($0.05/$0.1) - 2024/05/07 20:41:20
Table 'NLHRed44' 6-max Seat #1 is the button
Seat 1: 76baf9e ($9.8 in chips)
Seat 2: 26bcbd92 ($10.05 in chips)
Seat 3: 6c1e889f ($12.18 in chips)
Seat 4: 7e3709 ($24.87 in chips)
Seat 5: f7f483c7 ($10.65 in chips)
Seat 6: Hero ($13.25 in chips)
26bcbd92: posts small blind $0.05
6c1e889f: posts big blind $0.1
*** HOLE CARDS ***
Dealt to 76baf9e 
Dealt to 26bcbd92 
Dealt to 6c1e889f 
Dealt to 7e3709 
Dealt to f7f483c7 
Dealt to Hero [6s Ah]
7e3709: folds
f7f483c7: folds
Hero: folds
76baf9e: folds
26bcbd92: folds
Uncalled bet ($0.05) returned to 6c1e889f
*** SHOWDOWN ***
6c1e889f collected $0.1 from pot
*** SUMMARY ***
Total pot $0.1 | Rake $0 | Jackpot $0 | Bingo $0 | Fortune $0 | Tax $0
Seat 1: 76baf9e (button) folded before Flop (didn't bet)
Seat 2: 26bcbd92 (small blind) folded before Flop
Seat 3: 6c1e889f (big blind) collected ($0.1)
Seat 4: 7e3709 folded before Flop (didn't bet)
Seat 5: f7f483c7 folded before Flop (didn't bet)
Seat 6: Hero folded before Flop (didn't bet)


Poker Hand #HD1762936834: Hold'em No Limit ($0.05/$0.1) - 2024/05/07 20:41:03
Table 'NLHRed44' 6-max Seat #6 is the button
Seat 1: 76baf9e ($9.85 in chips)
Seat 2: 26bcbd92 ($10 in chips)
Seat 3: 6c1e889f ($12.18 in chips)
Seat 4: 7e3709 ($24.87 in chips)
Seat 5: f7f483c7 ($10.65 in chips)
Seat 6: Hero ($13.25 in chips)
76baf9e: posts small blind $0.05
26bcbd92: posts big blind $0.1
*** HOLE CARDS ***
Dealt to 76baf9e 
Dealt to 26bcbd92 
Dealt to 6c1e889f 
Dealt to 7e3709 
Dealt to f7f483c7 
Dealt to Hero [Kh 6c]
6c1e889f: folds
7e3709: folds
f7f483c7: folds
Hero: folds
76baf9e: folds
Uncalled bet ($0.05) returned to 26bcbd92
*** SHOWDOWN ***
26bcbd92 collected $0.1 from pot
*** SUMMARY ***
Total pot $0.1 | Rake $0 | Jackpot $0 | Bingo $0 | Fortune $0 | Tax $0
Seat 1: 76baf9e (small blind) folded before Flop
Seat 2: 26bcbd92 (big blind) collected ($0.1)
Seat 3: 6c1e889f folded before Flop (didn't bet)
Seat 4: 7e3709 folded before Flop (didn't bet)
Seat 5: f7f483c7 folded before Flop (didn't bet)
Seat 6: Hero (button) folded before Flop (didn't bet)


Poker Hand #HD1762936819: Hold'em No Limit ($0.05/$0.1) - 2024/05/07 20:40:54
Table 'NLHRed44' 6-max Seat #5 is the button
Seat 1: 76baf9e ($9.95 in chips)
Seat 3: 6c1e889f ($12.18 in chips)
Seat 4: 7e3709 ($24.87 in chips)
Seat 5: f7f483c7 ($10.5 in chips)
Seat 6: Hero ($13.3 in chips)
Hero: posts small blind $0.05
76baf9e: posts big blind $0.1
*** HOLE CARDS ***
Dealt to 76baf9e 
Dealt to 6c1e889f 
Dealt to 7e3709 
Dealt to f7f483c7 
Dealt to Hero [5d Jc]
6c1e889f: folds
7e3709: folds
f7f483c7: raises $0.2 to $0.3
Hero: folds
76baf9e: folds
Uncalled bet ($0.2) returned to f7f483c7
*** SHOWDOWN ***
f7f483c7 collected $0.25 from pot
*** SUMMARY ***
Total pot $0.25 | Rake $0 | Jackpot $0 | Bingo $0 | Fortune $0 | Tax $0
Seat 1: 76baf9e (big blind) folded before Flop
Seat 3: 6c1e889f folded before Flop (didn't bet)
Seat 4: 7e3709 folded before Flop (didn't bet)
Seat 5: f7f483c7 (button) collected ($0.25)
Seat 6: Hero (small blind) folded before Flop


Poker Hand #HD1762936793: Hold'em No Limit ($0.05/$0.1) - 2024/05/07 20:40:41
Table 'NLHRed44' 6-max Seat #4 is the button
Seat 1: 76baf9e ($9.95 in chips)
Seat 3: 6c1e889f ($12.03 in chips)
Seat 4: 7e3709 ($24.87 in chips)
Seat 5: f7f483c7 ($10.55 in chips)
Seat 6: Hero ($13.4 in chips)
f7f483c7: posts small blind $0.05
Hero: posts big blind $0.1
*** HOLE CARDS ***
Dealt to 76baf9e 
Dealt to 6c1e889f 
Dealt to 7e3709 
Dealt to f7f483c7 
Dealt to Hero [2d Js]
76baf9e: folds
6c1e889f: raises $0.1 to $0.2
7e3709: folds
f7f483c7: folds
Hero: folds
Uncalled bet ($0.1) returned to 6c1e889f
*** SHOWDOWN ***
6c1e889f collected $0.25 from pot
*** SUMMARY ***
Total pot $0.25 | Rake $0 | Jackpot $0 | Bingo $0 | Fortune $0 | Tax $0
Seat 1: 76baf9e folded before Flop (didn't bet)
Seat 3: 6c1e889f collected ($0.25)
Seat 4: 7e3709 (button) folded before Flop (didn't bet)
Seat 5: f7f483c7 (small blind) folded before Flop
Seat 6: Hero (big blind) folded before Flop


Poker Hand #HD1762936731: Hold'em No Limit ($0.05/$0.1) - 2024/05/07 20:40:15
Table 'NLHRed44' 6-max Seat #3 is the button
Seat 1: 76baf9e ($9.95 in chips)
Seat 3: 6c1e889f ($12.23 in chips)
Seat 4: 7e3709 ($24.92 in chips)
Seat 5: f7f483c7 ($10.32 in chips)
Seat 6: Hero ($13.4 in chips)
7e3709: posts small blind $0.05
f7f483c7: posts big blind $0.1
*** HOLE CARDS ***
Dealt to 76baf9e 
Dealt to 6c1e889f 
Dealt to 7e3709 
Dealt to f7f483c7 
Dealt to Hero [2d 7h]
Hero: folds
76baf9e: folds
6c1e889f: raises $0.1 to $0.2
7e3709: folds
f7f483c7: raises $0.7 to $0.9
6c1e889f: folds
Uncalled bet ($0.7) returned to f7f483c7
*** SHOWDOWN ***
f7f483c7 collected $0.43 from pot
*** SUMMARY ***
Total pot $0.45 | Rake $0.02 | Jackpot $0 | Bingo $0 | Fortune $0 | Tax $0
Seat 1: 76baf9e folded before Flop (didn't bet)
Seat 3: 6c1e889f (button) folded before Flop
Seat 4: 7e3709 (small blind) folded before Flop
Seat 5: f7f483c7 (big blind) collected ($0.43)
Seat 6: Hero folded before Flop (didn't bet)


Poker Hand #HD1762936706: Hold'em No Limit ($0.05/$0.1) - 2024/05/07 20:40:03
Table 'NLHRed44' 6-max Seat #1 is the button
Seat 1: 76baf9e ($9.95 in chips)
Seat 3: 6c1e889f ($12.13 in chips)
Seat 4: 7e3709 ($25.02 in chips)
Seat 5: f7f483c7 ($10.32 in chips)
Seat 6: Hero ($13.4 in chips)
6c1e889f: posts small blind $0.05
7e3709: posts big blind $0.1
*** HOLE CARDS ***
Dealt to 76baf9e 
Dealt to 6c1e889f 
Dealt to 7e3709 
Dealt to f7f483c7 
Dealt to Hero [4d Qh]
f7f483c7: folds
Hero: folds
76baf9e: folds
6c1e889f: raises $0.2 to $0.3
7e3709: folds
Uncalled bet ($0.2) returned to 6c1e889f
*** SHOWDOWN ***
6c1e889f collected $0.2 from pot
*** SUMMARY ***
Total pot $0.2 | Rake $0 | Jackpot $0 | Bingo $0 | Fortune $0 | Tax $0
Seat 1: 76baf9e (button) folded before Flop (didn't bet)
Seat 3: 6c1e889f (small blind) collected ($0.2)
Seat 4: 7e3709 (big blind) folded before Flop
Seat 5: f7f483c7 folded before Flop (didn't bet)
Seat 6: Hero folded before Flop (didn't bet)


Poker Hand #HD1762936670: Hold'em No Limit ($0.05/$0.1) - 2024/05/07 20:39:44
Table 'NLHRed44' 6-max Seat #6 is the button
Seat 1: 76baf9e ($9.85 in chips)
Seat 3: 6c1e889f ($12.23 in chips)
Seat 4: 7e3709 ($25.02 in chips)
Seat 5: f7f483c7 ($10.32 in chips)
Seat 6: Hero ($13.4 in chips)
76baf9e: posts small blind $0.05
6c1e889f: posts big blind $0.1
*** HOLE CARDS ***
Dealt to 76baf9e 
Dealt to 6c1e889f 
Dealt to 7e3709 
Dealt to f7f483c7 
Dealt to Hero [2d Qs]
7e3709: folds
f7f483c7: folds
Hero: folds
76baf9e: raises $0.15 to $0.25
6c1e889f: folds
Uncalled bet ($0.15) returned to 76baf9e
*** SHOWDOWN ***
76baf9e collected $0.2 from pot
*** SUMMARY ***
Total pot $0.2 | Rake $0 | Jackpot $0 | Bingo $0 | Fortune $0 | Tax $0
Seat 1: 76baf9e (small blind) collected ($0.2)
Seat 3: 6c1e889f (big blind) folded before Flop
Seat 4: 7e3709 folded before Flop (didn't bet)
Seat 5: f7f483c7 folded before Flop (didn't bet)
Seat 6: Hero (button) folded before Flop (didn't bet)


Poker Hand #HD1762936598: Hold'em No Limit ($0.05/$0.1) - 2024/05/07 20:39:12
Table 'NLHRed44' 6-max Seat #5 is the button
Seat 1: 76baf9e ($10.15 in chips)
Seat 3: 6c1e889f ($12.23 in chips)
Seat 4: 7e3709 ($25.02 in chips)
Seat 5: f7f483c7 ($10 in chips)
Seat 6: Hero ($13.45 in chips)
Hero: posts small blind $0.05
76baf9e: posts big blind $0.1
*** HOLE CARDS ***
Dealt to 76baf9e 
Dealt to 6c1e889f 
Dealt to 7e3709 
Dealt to f7f483c7 
Dealt to Hero [3c 5s]
6c1e889f: folds
7e3709: folds
f7f483c7: raises $0.2 to $0.3
Hero: folds
76baf9e: calls $0.2
*** FLOP *** [4h Qd 2s]
76baf9e: checks
f7f483c7: bets $0.25
76baf9e: folds
Uncalled bet ($0.25) returned to f7f483c7
*** SHOWDOWN ***
f7f483c7 collected $0.62 from pot
*** SUMMARY ***
Total pot $0.65 | Rake $0.03 | Jackpot $0 | Bingo $0 | Fortune $0 | Tax $0
Board [4h Qd 2s]
Seat 1: 76baf9e (big blind) folded on the Flop
Seat 3: 6c1e889f folded before Flop (didn't bet)
Seat 4: 7e3709 folded before Flop (didn't bet)
Seat 5: f7f483c7 (button) won ($0.62)
Seat 6: Hero (small blind) folded before Flop


Poker Hand #HD1762936584: Hold'em No Limit ($0.05/$0.1) - 2024/05/07 20:39:03
Table 'NLHRed44' 6-max Seat #4 is the button
Seat 1: 76baf9e ($10.15 in chips)
Seat 3: 6c1e889f ($12.08 in chips)
Seat 4: 7e3709 ($25.02 in chips)
Seat 5: f7f483c7 ($10 in chips)
Seat 6: Hero ($13.55 in chips)
f7f483c7: posts small blind $0.05
Hero: posts big blind $0.1
*** HOLE CARDS ***
Dealt to 76baf9e 
Dealt to 6c1e889f 
Dealt to 7e3709 
Dealt to f7f483c7 
Dealt to Hero [2d 8d]
76baf9e: folds
6c1e889f: raises $0.1 to $0.2
7e3709: folds
f7f483c7: folds
Hero: folds
Uncalled bet ($0.1) returned to 6c1e889f
*** SHOWDOWN ***
6c1e889f collected $0.25 from pot
*** SUMMARY ***
Total pot $0.25 | Rake $0 | Jackpot $0 | Bingo $0 | Fortune $0 | Tax $0
Seat 1: 76baf9e folded before Flop (didn't bet)
Seat 3: 6c1e889f collected ($0.25)
Seat 4: 7e3709 (button) folded before Flop (didn't bet)
Seat 5: f7f483c7 (small blind) folded before Flop
Seat 6: Hero (big blind) folded before Flop


Poker Hand #HD1762936557: Hold'em No Limit ($0.05/$0.1) - 2024/05/07 20:38:51
Table 'NLHRed44' 6-max Seat #3 is the button
Seat 1: 76baf9e ($10 in chips)
Seat 3: 6c1e889f ($12.08 in chips)
Seat 4: 7e3709 ($25.07 in chips)
Seat 5: f7f483c7 ($10 in chips)
Seat 6: Hero ($13.55 in chips)
7e3709: posts small blind $0.05
f7f483c7: posts big blind $0.1
*** HOLE CARDS ***
Dealt to 76baf9e 
Dealt to 6c1e889f 
Dealt to 7e3709 
Dealt to f7f483c7 
Dealt to Hero [5c 3d]
Hero: folds
76baf9e: raises $0.15 to $0.25
6c1e889f: folds
7e3709: folds
f7f483c7: folds
Uncalled bet ($0.15) returned to 76baf9e
*** SHOWDOWN ***
76baf9e collected $0.25 from pot
*** SUMMARY ***
Total pot $0.25 | Rake $0 | Jackpot $0 | Bingo $0 | Fortune $0 | Tax $0
Seat 1: 76baf9e collected ($0.25)
Seat 3: 6c1e889f (button) folded before Flop (didn't bet)
Seat 4: 7e3709 (small blind) folded before Flop
Seat 5: f7f483c7 (big blind) folded before Flop
Seat 6: Hero folded before Flop (didn't bet)


Poker Hand #HD1762936418: Hold'em No Limit ($0.05/$0.1) - 2024/05/07 20:37:44
Table 'NLHRed44' 6-max Seat #2 is the button
Seat 1: 76baf9e ($10 in chips)
Seat 2: c300725a ($9.75 in chips)
Seat 3: 6c1e889f ($12.58 in chips)
Seat 4: 7e3709 ($15.91 in chips)
Seat 5: f7f483c7 ($10 in chips)
Seat 6: Hero ($13.55 in chips)
6c1e889f: posts small blind $0.05
7e3709: posts big blind $0.1
*** HOLE CARDS ***
Dealt to 76baf9e 
Dealt to c300725a 
Dealt to 6c1e889f 
Dealt to 7e3709 
Dealt to f7f483c7 
Dealt to Hero [Jh 6h]
f7f483c7: folds
Hero: folds
76baf9e: folds
c300725a: calls $0.1
6c1e889f: calls $0.05
7e3709: raises $0.4 to $0.5
c300725a: calls $0.4
6c1e889f: calls $0.4
*** FLOP *** [3s Ad Jc]
6c1e889f: checks
7e3709: bets $0.45
c300725a: calls $0.45
6c1e889f: folds
*** TURN *** [3s Ad Jc] [6s]
7e3709: bets $1.52
c300725a: calls $1.52
*** RIVER *** [3s Ad Jc 6s] [Jd]
7e3709: bets $8.16
c300725a: calls $7.28 and is all-in
Uncalled bet ($0.88) returned to 7e3709
7e3709: shows [3h 3d] (Treys Full over Jacks)
c300725a: shows [8h As] (Pair of Aces and Pair of Jacks)
*** SHOWDOWN ***
7e3709 collected $18.91 from pot
*** SUMMARY ***
Total pot $20 | Rake $0.99 | Jackpot $0.1 | Bingo $0 | Fortune $0 | Tax $0
Board [3s Ad Jc 6s Jd]
Seat 1: 76baf9e folded before Flop (didn't bet)
Seat 2: c300725a (button) showed [8h As] and lost with Pair of Aces and Pair of Jacks
Seat 3: 6c1e889f (small blind) folded on the Flop
Seat 4: 7e3709 (big blind) showed [3h 3d] and won ($18.91) with Treys Full over Jacks
Seat 5: f7f483c7 folded before Flop (didn't bet)
Seat 6: Hero folded before Flop (didn't bet)


Poker Hand #HD1762936344: Hold'em No Limit ($0.05/$0.1) - 2024/05/07 20:37:04
Table 'NLHRed44' 6-max Seat #1 is the button
Seat 1: 76baf9e ($9.55 in chips)
Seat 2: c300725a ($9.8 in chips)
Seat 3: 6c1e889f ($12.68 in chips)
Seat 4: 7e3709 ($15.91 in chips)
Seat 5: f7f483c7 ($10 in chips)
Seat 6: Hero ($12.7 in chips)
c300725a: posts small blind $0.05
6c1e889f: posts big blind $0.1
*** HOLE CARDS ***
Dealt to 76baf9e 
Dealt to c300725a 
Dealt to 6c1e889f 
Dealt to 7e3709 
Dealt to f7f483c7 
Dealt to Hero [Kh Jh]
7e3709: folds
f7f483c7: folds
Hero: raises $0.14 to $0.24
76baf9e: raises $0.54 to $0.78
c300725a: folds
6c1e889f: folds
Hero: calls $0.54
*** FLOP *** [2s 8h 4h]
Hero: checks
76baf9e: checks
*** TURN *** [2s 8h 4h] [4c]
Hero: bets $0.97
76baf9e: folds
Uncalled bet ($0.97) returned to Hero
*** SHOWDOWN ***
Hero collected $1.63 from pot
*** SUMMARY ***
Total pot $1.71 | Rake $0.08 | Jackpot $0 | Bingo $0 | Fortune $0 | Tax $0
Board [2s 8h 4h 4c]
Seat 1: 76baf9e (button) folded on the Turn
Seat 2: c300725a (small blind) folded before Flop
Seat 3: 6c1e889f (big blind) folded before Flop
Seat 4: 7e3709 folded before Flop (didn't bet)
Seat 5: f7f483c7 folded before Flop (didn't bet)
Seat 6: Hero won ($1.63)


Poker Hand #HD1762936290: Hold'em No Limit ($0.05/$0.1) - 2024/05/07 20:36:40
Table 'NLHRed44' 6-max Seat #6 is the button
Seat 1: 76baf9e ($9.6 in chips)
Seat 2: c300725a ($10 in chips)
Seat 3: 6c1e889f ($12.45 in chips)
Seat 4: 7e3709 ($15.91 in chips)
Seat 5: f7f483c7 ($10 in chips)
Seat 6: Hero ($12.7 in chips)
76baf9e: posts small blind $0.05
c300725a: posts big blind $0.1
*** HOLE CARDS ***
Dealt to 76baf9e 
Dealt to c300725a 
Dealt to 6c1e889f 
Dealt to 7e3709 
Dealt to f7f483c7 
Dealt to Hero [Kc 4s]
6c1e889f: raises $0.1 to $0.2
7e3709: folds
f7f483c7: folds
Hero: folds
76baf9e: folds
c300725a: calls $0.1
*** FLOP *** [2s Jh 4c]
c300725a: checks
6c1e889f: bets $0.23
c300725a: folds
Uncalled bet ($0.23) returned to 6c1e889f
*** SHOWDOWN ***
6c1e889f collected $0.43 from pot
*** SUMMARY ***
Total pot $0.45 | Rake $0.02 | Jackpot $0 | Bingo $0 | Fortune $0 | Tax $0
Board [2s Jh 4c]
Seat 1: 76baf9e (small blind) folded before Flop
Seat 2: c300725a (big blind) folded on the Flop
Seat 3: 6c1e889f won ($0.43)
Seat 4: 7e3709 folded before Flop (didn't bet)
Seat 5: f7f483c7 folded before Flop (didn't bet)
Seat 6: Hero (button) folded before Flop (didn't bet)


Poker Hand #HD1762936013: Hold'em No Limit ($0.05/$0.1) - 2024/05/07 20:34:26
Table 'NLHRed44' 6-max Seat #5 is the button
Seat 1: 76baf9e ($9.7 in chips)
Seat 2: 699245df ($12.53 in chips)
Seat 3: 6c1e889f ($12.45 in chips)
Seat 4: 7e3709 ($13.67 in chips)
Seat 5: f7f483c7 ($10 in chips)
Seat 6: Hero ($12.75 in chips)
Hero: posts small blind $0.05
76baf9e: posts big blind $0.1
*** HOLE CARDS ***
Dealt to 76baf9e 
Dealt to 699245df 
Dealt to 6c1e889f 
Dealt to 7e3709 
Dealt to f7f483c7 
Dealt to Hero [3h Td]
699245df: folds
6c1e889f: folds
7e3709: raises $0.15 to $0.25
f7f483c7: raises $0.65 to $0.9
Hero: folds
76baf9e: folds
7e3709: raises $1.53 to $2.43
f7f483c7: calls $1.53
*** FLOP *** [5c 2h 7d]
7e3709: checks
f7f483c7: checks
*** TURN *** [5c 2h 7d] [7c]
7e3709: checks
f7f483c7: checks
*** RIVER *** [5c 2h 7d 7c] [Ad]
7e3709: checks
f7f483c7: checks
7e3709: shows [Kh As] (Pair of Aces and Pair of Sevens)
f7f483c7: shows [Qc Ah] (Pair of Aces and Pair of Sevens)
*** SHOWDOWN ***
7e3709 collected $4.67 from pot
*** SUMMARY ***
Total pot $5.01 | Rake $0.24 | Jackpot $0.1 | Bingo $0 | Fortune $0 | Tax $0
Board [5c 2h 7d 7c Ad]
Seat 1: 76baf9e (big blind) folded before Flop
Seat 2: 699245df folded before Flop (didn't bet)
Seat 3: 6c1e889f folded before Flop (didn't bet)
Seat 4: 7e3709 showed [Kh As] and won ($4.67) with Pair of Aces and Pair of Sevens
Seat 5: f7f483c7 (button) showed [Qc Ah] and lost with Pair of Aces and Pair of Sevens
Seat 6: Hero (small blind) folded before Flop


Poker Hand #HD1762935929: Hold'em No Limit ($0.05/$0.1) - 2024/05/07 20:33:48
Table 'NLHRed44' 6-max Seat #4 is the button
Seat 1: 76baf9e ($9.7 in chips)
Seat 2: 699245df ($12.53 in chips)
Seat 3: 6c1e889f ($12.22 in chips)
Seat 4: 7e3709 ($13.67 in chips)
Seat 5: f7f483c7 ($10 in chips)
Seat 6: Hero ($12.95 in chips)
f7f483c7: posts small blind $0.05
Hero: posts big blind $0.1
*** HOLE CARDS ***
Dealt to 76baf9e 
Dealt to 699245df 
Dealt to 6c1e889f 
Dealt to 7e3709 
Dealt to f7f483c7 
Dealt to Hero [Kd 9s]
76baf9e: folds
699245df: folds
6c1e889f: raises $0.1 to $0.2
7e3709: folds
f7f483c7: folds
Hero: calls $0.1
*** FLOP *** [7d 2s 6h]
Hero: checks
6c1e889f: bets $0.23
Hero: folds
Uncalled bet ($0.23) returned to 6c1e889f
*** SHOWDOWN ***
6c1e889f collected $0.43 from pot
*** SUMMARY ***
Total pot $0.45 | Rake $0.02 | Jackpot $0 | Bingo $0 | Fortune $0 | Tax $0
Board [7d 2s 6h]
Seat 1: 76baf9e folded before Flop (didn't bet)
Seat 2: 699245df folded before Flop (didn't bet)
Seat 3: 6c1e889f won ($0.43)
Seat 4: 7e3709 (button) folded before Flop (didn't bet)
Seat 5: f7f483c7 (small blind) folded before Flop
Seat 6: Hero (big blind) folded on the Flop


Poker Hand #HD1762845424: Hold'em No Limit ($0.05/$0.1) - 2024/05/07 20:29:55
Table 'NLHRed44' 6-max Seat #2 is the button
Seat 1: 76baf9e ($9.7 in chips)
Seat 2: 699245df ($16.2 in chips)
Seat 3: 6c1e889f ($12.37 in chips)
Seat 4: 7e3709 ($10 in chips)
Seat 5: f7f483c7 ($10.33 in chips)
Seat 6: Hero ($12.95 in chips)
6c1e889f: posts small blind $0.05
7e3709: posts big blind $0.1
*** HOLE CARDS ***
Dealt to 76baf9e 
Dealt to 699245df 
Dealt to 6c1e889f 
Dealt to 7e3709 
Dealt to f7f483c7 
Dealt to Hero [6s 5c]
f7f483c7: folds
Hero: folds
76baf9e: folds
699245df: folds
6c1e889f: raises $0.2 to $0.3
7e3709: calls $0.2
*** FLOP *** [2h 7h Ah]
6c1e889f: checks
7e3709: bets $0.2
6c1e889f: folds
Uncalled bet ($0.2) returned to 7e3709
*** SHOWDOWN ***
7e3709 collected $0.57 from pot
*** SUMMARY ***
Total pot $0.6 | Rake $0.03 | Jackpot $0 | Bingo $0 | Fortune $0 | Tax $0
Board [2h 7h Ah]
Seat 1: 76baf9e folded before Flop (didn't bet)
Seat 2: 699245df (button) folded before Flop (didn't bet)
Seat 3: 6c1e889f (small blind) folded on the Flop
Seat 4: 7e3709 (big blind) won ($0.57)
Seat 5: f7f483c7 folded before Flop (didn't bet)
Seat 6: Hero folded before Flop (didn't bet)


Poker Hand #HD1762845401: Hold'em No Limit ($0.05/$0.1) - 2024/05/07 20:29:44
Table 'NLHRed44' 6-max Seat #1 is the button
Seat 1: 76baf9e ($9.7 in chips)
Seat 2: 699245df ($16.25 in chips)
Seat 3: 6c1e889f ($12.32 in chips)
Seat 4: 7e3709 ($10 in chips)
Seat 5: f7f483c7 ($10.33 in chips)
Seat 6: Hero ($12.95 in chips)
699245df: posts small blind $0.05
6c1e889f: posts big blind $0.1
*** HOLE CARDS ***
Dealt to 76baf9e 
Dealt to 699245df 
Dealt to 6c1e889f 
Dealt to 7e3709 
Dealt to f7f483c7 
Dealt to Hero [5d 7s]
7e3709: folds
f7f483c7: folds
Hero: folds
76baf9e: folds
699245df: folds
Uncalled bet ($0.05) returned to 6c1e889f
*** SHOWDOWN ***
6c1e889f collected $0.1 from pot
*** SUMMARY ***
Total pot $0.1 | Rake $0 | Jackpot $0 | Bingo $0 | Fortune $0 | Tax $0
Seat 1: 76baf9e (button) folded before Flop (didn't bet)
Seat 2: 699245df (small blind) folded before Flop
Seat 3: 6c1e889f (big blind) collected ($0.1)
Seat 4: 7e3709 folded before Flop (didn't bet)
Seat 5: f7f483c7 folded before Flop (didn't bet)
Seat 6: Hero folded before Flop (didn't bet)


Poker Hand #HD1762845356: Hold'em No Limit ($0.05/$0.1) - 2024/05/07 20:29:23
Table 'NLHRed44' 6-max Seat #6 is the button
Seat 1: 76baf9e ($9.6 in chips)
Seat 2: 699245df ($16.35 in chips)
Seat 3: 6c1e889f ($12.32 in chips)
Seat 4: 7e3709 ($10 in chips)
Seat 5: f7f483c7 ($10.33 in chips)
Seat 6: Hero ($12.95 in chips)
76baf9e: posts small blind $0.05
699245df: posts big blind $0.1
*** HOLE CARDS ***
Dealt to 76baf9e 
Dealt to 699245df 
Dealt to 6c1e889f 
Dealt to 7e3709 
Dealt to f7f483c7 
Dealt to Hero [3h Js]
6c1e889f: folds
7e3709: folds
f7f483c7: folds
Hero: folds
76baf9e: raises $0.15 to $0.25
699245df: folds
Uncalled bet ($0.15) returned to 76baf9e
*** SHOWDOWN ***
76baf9e collected $0.2 from pot
*** SUMMARY ***
Total pot $0.2 | Rake $0 | Jackpot $0 | Bingo $0 | Fortune $0 | Tax $0
Seat 1: 76baf9e (small blind) collected ($0.2)
Seat 2: 699245df (big blind) folded before Flop
Seat 3: 6c1e889f folded before Flop (didn't bet)
Seat 4: 7e3709 folded before Flop (didn't bet)
Seat 5: f7f483c7 folded before Flop (didn't bet)
Seat 6: Hero (button) folded before Flop (didn't bet)


Poker Hand #HD1762845332: Hold'em No Limit ($0.05/$0.1) - 2024/05/07 20:29:10
Table 'NLHRed44' 6-max Seat #5 is the button
Seat 1: 76baf9e ($9.7 in chips)
Seat 2: 699245df ($16.35 in chips)
Seat 3: 6c1e889f ($12.32 in chips)
Seat 4: 7e3709 ($10 in chips)
Seat 5: f7f483c7 ($10.18 in chips)
Seat 6: Hero ($13 in chips)
Hero: posts small blind $0.05
76baf9e: posts big blind $0.1
*** HOLE CARDS ***
Dealt to 76baf9e 
Dealt to 699245df 
Dealt to 6c1e889f 
Dealt to 7e3709 
Dealt to f7f483c7 
Dealt to Hero [Jc 9h]
699245df: folds
6c1e889f: folds
7e3709: folds
f7f483c7: raises $0.2 to $0.3
Hero: folds
76baf9e: folds
Uncalled bet ($0.2) returned to f7f483c7
*** SHOWDOWN ***
f7f483c7 collected $0.25 from pot
*** SUMMARY ***
Total pot $0.25 | Rake $0 | Jackpot $0 | Bingo $0 | Fortune $0 | Tax $0
Seat 1: 76baf9e (big blind) folded before Flop
Seat 2: 699245df folded before Flop (didn't bet)
Seat 3: 6c1e889f folded before Flop (didn't bet)
Seat 4: 7e3709 folded before Flop (didn't bet)
Seat 5: f7f483c7 (button) collected ($0.25)
Seat 6: Hero (small blind) folded before Flop


Poker Hand #HD1762845272: Hold'em No Limit ($0.05/$0.1) - 2024/05/07 20:28:43
Table 'NLHRed44' 6-max Seat #4 is the button
Seat 1: 76baf9e ($9.7 in chips)
Seat 2: 699245df ($16.07 in chips)
Seat 3: 6c1e889f ($12.32 in chips)
Seat 4: 7e3709 ($10 in chips)
Seat 5: f7f483c7 ($10.23 in chips)
Seat 6: Hero ($13.25 in chips)
f7f483c7: posts small blind $0.05
Hero: posts big blind $0.1
*** HOLE CARDS ***
Dealt to 76baf9e 
Dealt to 699245df 
Dealt to 6c1e889f 
Dealt to 7e3709 
Dealt to f7f483c7 
Dealt to Hero [3d 3h]
76baf9e: folds
699245df: raises $0.15 to $0.25
6c1e889f: folds
7e3709: folds
f7f483c7: folds
Hero: calls $0.15
*** FLOP *** [Js 4h Ah]
Hero: checks
699245df: bets $0.3
Hero: folds
Uncalled bet ($0.3) returned to 699245df
*** SHOWDOWN ***
699245df collected $0.53 from pot
*** SUMMARY ***
Total pot $0.55 | Rake $0.02 | Jackpot $0 | Bingo $0 | Fortune $0 | Tax $0
Board [Js 4h Ah]
Seat 1: 76baf9e folded before Flop (didn't bet)
Seat 2: 699245df won ($0.53)
Seat 3: 6c1e889f folded before Flop (didn't bet)
Seat 4: 7e3709 (button) folded before Flop (didn't bet)
Seat 5: f7f483c7 (small blind) folded before Flop
Seat 6: Hero (big blind) folded on the Flop


Poker Hand #HD1762845222: Hold'em No Limit ($0.05/$0.1) - 2024/05/07 20:28:21
Table 'NLHRed44' 6-max Seat #3 is the button
Seat 1: 76baf9e ($9.7 in chips)
Seat 2: 699245df ($16.07 in chips)
Seat 3: 6c1e889f ($12.52 in chips)
Seat 4: 7e3709 ($10 in chips)
Seat 5: f7f483c7 ($10 in chips)
Seat 6: Hero ($13.25 in chips)
7e3709: posts small blind $0.05
f7f483c7: posts big blind $0.1
*** HOLE CARDS ***
Dealt to 76baf9e 
Dealt to 699245df 
Dealt to 6c1e889f 
Dealt to 7e3709 
Dealt to f7f483c7 
Dealt to Hero [3c Jc]
Hero: folds
76baf9e: folds
699245df: folds
6c1e889f: raises $0.1 to $0.2
7e3709: folds
f7f483c7: raises $0.7 to $0.9
6c1e889f: folds
Uncalled bet ($0.7) returned to f7f483c7
*** SHOWDOWN ***
f7f483c7 collected $0.43 from pot
*** SUMMARY ***
Total pot $0.45 | Rake $0.02 | Jackpot $0 | Bingo $0 | Fortune $0 | Tax $0
Seat 1: 76baf9e folded before Flop (didn't bet)
Seat 2: 699245df folded before Flop (didn't bet)
Seat 3: 6c1e889f (button) folded before Flop
Seat 4: 7e3709 (small blind) folded before Flop
Seat 5: f7f483c7 (big blind) collected ($0.43)
Seat 6: Hero folded before Flop (didn't bet)


Poker Hand #HD1762845160: Hold'em No Limit ($0.05/$0.1) - 2024/05/07 20:27:50
Table 'NLHRed44' 6-max Seat #2 is the button
Seat 1: 76baf9e ($9.7 in chips)
Seat 2: 699245df ($16.07 in chips)
Seat 3: 6c1e889f ($12.57 in chips)
Seat 4: 7e3709 ($10 in chips)
Seat 5: f7f483c7 ($10 in chips)
Seat 6: Hero ($13.02 in chips)
6c1e889f: posts small blind $0.05
7e3709: posts big blind $0.1
*** HOLE CARDS ***
Dealt to 76baf9e 
Dealt to 699245df 
Dealt to 6c1e889f 
Dealt to 7e3709 
Dealt to f7f483c7 
Dealt to Hero [As 4s]
f7f483c7: folds
Hero: raises $0.1 to $0.2
76baf9e: folds
699245df: folds
6c1e889f: folds
7e3709: calls $0.1
*** FLOP *** [Ts 8c 8s]
7e3709: checks
Hero: bets $0.3
7e3709: folds
Uncalled bet ($0.3) returned to Hero
*** SHOWDOWN ***
Hero collected $0.43 from pot
*** SUMMARY ***
Total pot $0.45 | Rake $0.02 | Jackpot $0 | Bingo $0 | Fortune $0 | Tax $0
Board [Ts 8c 8s]
Seat 1: 76baf9e folded before Flop (didn't bet)
Seat 2: 699245df (button) folded before Flop (didn't bet)
Seat 3: 6c1e889f (small blind) folded before Flop
Seat 4: 7e3709 (big blind) folded on the Flop
Seat 5: f7f483c7 folded before Flop (didn't bet)
Seat 6: Hero won ($0.43)


Poker Hand #HD1762845125: Hold'em No Limit ($0.05/$0.1) - 2024/05/07 20:27:33
Table 'NLHRed44' 6-max Seat #1 is the button
Seat 1: 76baf9e ($9.7 in chips)
Seat 2: 699245df ($16.12 in chips)
Seat 3: 6c1e889f ($12.52 in chips)
Seat 4: 7e3709 ($10 in chips)
Seat 5: f7f483c7 ($10 in chips)
Seat 6: Hero ($13.02 in chips)
699245df: posts small blind $0.05
6c1e889f: posts big blind $0.1
*** HOLE CARDS ***
Dealt to 76baf9e 
Dealt to 699245df 
Dealt to 6c1e889f 
Dealt to 7e3709 
Dealt to f7f483c7 
Dealt to Hero [Kh 7h]
7e3709: folds
f7f483c7: folds
Hero: folds
76baf9e: folds
699245df: folds
Uncalled bet ($0.05) returned to 6c1e889f
*** SHOWDOWN ***
6c1e889f collected $0.1 from pot
*** SUMMARY ***
Total pot $0.1 | Rake $0 | Jackpot $0 | Bingo $0 | Fortune $0 | Tax $0
Seat 1: 76baf9e (button) folded before Flop (didn't bet)
Seat 2: 699245df (small blind) folded before Flop
Seat 3: 6c1e889f (big blind) collected ($0.1)
Seat 4: 7e3709 folded before Flop (didn't bet)
Seat 5: f7f483c7 folded before Flop (didn't bet)
Seat 6: Hero folded before Flop (didn't bet)


Poker Hand #HD1762845081: Hold'em No Limit ($0.05/$0.1) - 2024/05/07 20:27:15
Table 'NLHRed44' 6-max Seat #6 is the button
Seat 1: 76baf9e ($9.75 in chips)
Seat 2: 699245df ($16.07 in chips)
Seat 3: 6c1e889f ($12.52 in chips)
Seat 4: 7e3709 ($10 in chips)
Seat 5: f7f483c7 ($10 in chips)
Seat 6: Hero ($13.02 in chips)
76baf9e: posts small blind $0.05
699245df: posts big blind $0.1
*** HOLE CARDS ***
Dealt to 76baf9e 
Dealt to 699245df 
Dealt to 6c1e889f 
Dealt to 7e3709 
Dealt to f7f483c7 
Dealt to Hero [2s 6s]
6c1e889f: folds
7e3709: folds
f7f483c7: folds
Hero: folds
76baf9e: folds
Uncalled bet ($0.05) returned to 699245df
*** SHOWDOWN ***
699245df collected $0.1 from pot
*** SUMMARY ***
Total pot $0.1 | Rake $0 | Jackpot $0 | Bingo $0 | Fortune $0 | Tax $0
Seat 1: 76baf9e (small blind) folded before Flop
Seat 2: 699245df (big blind) collected ($0.1)
Seat 3: 6c1e889f folded before Flop (didn't bet)
Seat 4: 7e3709 folded before Flop (didn't bet)
Seat 5: f7f483c7 folded before Flop (didn't bet)
Seat 6: Hero (button) folded before Flop (didn't bet)


Poker Hand #HD1762845054: Hold'em No Limit ($0.05/$0.1) - 2024/05/07 20:26:58
Table 'NLHRed44' 6-max Seat #5 is the button
Seat 1: 76baf9e ($9.85 in chips)
Seat 2: 699245df ($15.92 in chips)
Seat 3: 6c1e889f ($12.52 in chips)
Seat 4: 7e3709 ($10 in chips)
Seat 5: f7f483c7 ($10 in chips)
Seat 6: Hero ($13.07 in chips)
Hero: posts small blind $0.05
76baf9e: posts big blind $0.1
*** HOLE CARDS ***
Dealt to 76baf9e 
Dealt to 699245df 
Dealt to 6c1e889f 
Dealt to 7e3709 
Dealt to f7f483c7 
Dealt to Hero [6d 5c]
699245df: raises $0.15 to $0.25
6c1e889f: folds
7e3709: folds
f7f483c7: folds
Hero: folds
76baf9e: folds
Uncalled bet ($0.15) returned to 699245df
*** SHOWDOWN ***
699245df collected $0.25 from pot
*** SUMMARY ***
Total pot $0.25 | Rake $0 | Jackpot $0 | Bingo $0 | Fortune $0 | Tax $0
Seat 1: 76baf9e (big blind) folded before Flop
Seat 2: 699245df collected ($0.25)
Seat 3: 6c1e889f folded before Flop (didn't bet)
Seat 4: 7e3709 folded before Flop (didn't bet)
Seat 5: f7f483c7 (button) folded before Flop (didn't bet)
Seat 6: Hero (small blind) folded before Flop


Poker Hand #HD1762844934: Hold'em No Limit ($0.05/$0.1) - 2024/05/07 20:26:07
Table 'NLHRed44' 6-max Seat #4 is the button
Seat 1: 76baf9e ($9.85 in chips)
Seat 2: 699245df ($15.92 in chips)
Seat 3: 6c1e889f ($12.87 in chips)
Seat 4: 7e3709 ($10 in chips)
Seat 5: f7f483c7 ($10 in chips)
Seat 6: Hero ($12.7 in chips)
f7f483c7: posts small blind $0.05
Hero: posts big blind $0.1
*** HOLE CARDS ***
Dealt to 76baf9e 
Dealt to 699245df 
Dealt to 6c1e889f 
Dealt to 7e3709 
Dealt to f7f483c7 
Dealt to Hero [Jc Qc]
76baf9e: folds
699245df: folds
6c1e889f: raises $0.1 to $0.2
7e3709: folds
f7f483c7: folds
Hero: calls $0.1
*** FLOP *** [4h Jd 3h]
Hero: checks
6c1e889f: bets $0.15
Hero: calls $0.15
*** TURN *** [4h Jd 3h] [6s]
Hero: checks
6c1e889f: checks
*** RIVER *** [4h Jd 3h 6s] [9s]
Hero: bets $0.6
6c1e889f: folds
Uncalled bet ($0.6) returned to Hero
*** SHOWDOWN ***
Hero collected $0.72 from pot
*** SUMMARY ***
Total pot $0.75 | Rake $0.03 | Jackpot $0 | Bingo $0 | Fortune $0 | Tax $0
Board [4h Jd 3h 6s 9s]
Seat 1: 76baf9e folded before Flop (didn't bet)
Seat 2: 699245df folded before Flop (didn't bet)
Seat 3: 6c1e889f folded on the River
Seat 4: 7e3709 (button) folded before Flop (didn't bet)
Seat 5: f7f483c7 (small blind) folded before Flop
Seat 6: Hero (big blind) won ($0.72)


Poker Hand #HD1762844902: Hold'em No Limit ($0.05/$0.1) - 2024/05/07 20:25:45
Table 'NLHRed44' 6-max Seat #3 is the button
Seat 1: 76baf9e ($9.85 in chips)
Seat 2: 699245df ($15.77 in chips)
Seat 3: 6c1e889f ($12.87 in chips)
Seat 4: 7e3709 ($10 in chips)
Seat 5: f7f483c7 ($10 in chips)
Seat 6: Hero ($12.7 in chips)
7e3709: posts small blind $0.05
f7f483c7: posts big blind $0.1
*** HOLE CARDS ***
Dealt to 76baf9e 
Dealt to 699245df 
Dealt to 6c1e889f 
Dealt to 7e3709 
Dealt to f7f483c7 
Dealt to Hero [Qs 5d]
Hero: folds
76baf9e: folds
699245df: raises $0.15 to $0.25
6c1e889f: folds
7e3709: folds
f7f483c7: folds
Uncalled bet ($0.15) returned to 699245df
*** SHOWDOWN ***
699245df collected $0.25 from pot
*** SUMMARY ***
Total pot $0.25 | Rake $0 | Jackpot $0 | Bingo $0 | Fortune $0 | Tax $0
Seat 1: 76baf9e folded before Flop (didn't bet)
Seat 2: 699245df collected ($0.25)
Seat 3: 6c1e889f (button) folded before Flop (didn't bet)
Seat 4: 7e3709 (small blind) folded before Flop
Seat 5: f7f483c7 (big blind) folded before Flop
Seat 6: Hero folded before Flop (didn't bet)


Poker Hand #HD1762844763: Hold'em No Limit ($0.05/$0.1) - 2024/05/07 20:24:45
Table 'NLHRed44' 6-max Seat #2 is the button
Seat 1: 76baf9e ($9.85 in chips)
Seat 2: 699245df ($15.3 in chips)
Seat 3: 6c1e889f ($13.07 in chips)
Seat 4: 7e3709 ($10 in chips)
Seat 5: f7f483c7 ($10 in chips)
Seat 6: Hero ($12.9 in chips)
6c1e889f: posts small blind $0.05
7e3709: posts big blind $0.1
*** HOLE CARDS ***
Dealt to 76baf9e 
Dealt to 699245df 
Dealt to 6c1e889f 
Dealt to 7e3709 
Dealt to f7f483c7 
Dealt to Hero [Kc Qs]
f7f483c7: folds
Hero: raises $0.1 to $0.2
76baf9e: folds
699245df: calls $0.2
6c1e889f: calls $0.15
7e3709: folds
*** FLOP *** [6c 5h 4h]
6c1e889f: checks
Hero: checks
699245df: checks
*** TURN *** [6c 5h 4h] [2s]
6c1e889f: checks
Hero: checks
699245df: bets $0.2
6c1e889f: folds
Hero: folds
Uncalled bet ($0.2) returned to 699245df
*** SHOWDOWN ***
699245df collected $0.67 from pot
*** SUMMARY ***
Total pot $0.7 | Rake $0.03 | Jackpot $0 | Bingo $0 | Fortune $0 | Tax $0
Board [6c 5h 4h 2s]
Seat 1: 76baf9e folded before Flop (didn't bet)
Seat 2: 699245df (button) won ($0.67)
Seat 3: 6c1e889f (small blind) folded on the Turn
Seat 4: 7e3709 (big blind) folded before Flop
Seat 5: f7f483c7 folded before Flop (didn't bet)
Seat 6: Hero folded on the Turn


Poker Hand #HD1762844668: Hold'em No Limit ($0.05/$0.1) - 2024/05/07 20:24:02
Table 'NLHRed44' 6-max Seat #1 is the button
Seat 1: 76baf9e ($9.85 in chips)
Seat 2: 699245df ($14.45 in chips)
Seat 3: 6c1e889f ($13.17 in chips)
Seat 4: 7e3709 ($10 in chips)
Seat 5: f7f483c7 ($10 in chips)
Seat 6: Hero ($12.9 in chips)
699245df: posts small blind $0.05
6c1e889f: posts big blind $0.1
*** HOLE CARDS ***
Dealt to 76baf9e 
Dealt to 699245df 
Dealt to 6c1e889f 
Dealt to 7e3709 
Dealt to f7f483c7 
Dealt to Hero [3c 7s]
7e3709: folds
f7f483c7: raises $0.2 to $0.3
Hero: folds
76baf9e: folds
699245df: raises $0.53 to $0.83
6c1e889f: folds
f7f483c7: calls $0.53
*** FLOP *** [7c 3s Jd]
699245df: bets $0.5
f7f483c7: folds
Uncalled bet ($0.5) returned to 699245df
*** SHOWDOWN ***
699245df collected $1.68 from pot
*** SUMMARY ***
Total pot $1.76 | Rake $0.08 | Jackpot $0 | Bingo $0 | Fortune $0 | Tax $0
Board [7c 3s Jd]
Seat 1: 76baf9e (button) folded before Flop (didn't bet)
Seat 2: 699245df (small blind) won ($1.68)
Seat 3: 6c1e889f (big blind) folded before Flop
Seat 4: 7e3709 folded before Flop (didn't bet)
Seat 5: f7f483c7 folded on the Flop
Seat 6: Hero folded before Flop (didn't bet)


Poker Hand #HD1762844556: Hold'em No Limit ($0.05/$0.1) - 2024/05/07 20:23:10
Table 'NLHRed44' 6-max Seat #6 is the button
Seat 1: 76baf9e ($9.9 in chips)
Seat 2: 699245df ($14.13 in chips)
Seat 3: 6c1e889f ($13.17 in chips)
Seat 4: 7e3709 ($10 in chips)
Seat 5: f7f483c7 ($10 in chips)
Seat 6: Hero ($12.9 in chips)
76baf9e: posts small blind $0.05
699245df: posts big blind $0.1
*** HOLE CARDS ***
Dealt to 76baf9e 
Dealt to 699245df 
Dealt to 6c1e889f 
Dealt to 7e3709 
Dealt to f7f483c7 
Dealt to Hero [3d Jc]
6c1e889f: folds
7e3709: folds
f7f483c7: raises $0.2 to $0.3
Hero: folds
76baf9e: folds
699245df: calls $0.2
*** FLOP *** [5d 9d 4h]
699245df: checks
f7f483c7: checks
*** TURN *** [5d 9d 4h] [Kc]
699245df: bets $0.3
f7f483c7: folds
Uncalled bet ($0.3) returned to 699245df
*** SHOWDOWN ***
699245df collected $0.62 from pot
*** SUMMARY ***
Total pot $0.65 | Rake $0.03 | Jackpot $0 | Bingo $0 | Fortune $0 | Tax $0
Board [5d 9d 4h Kc]
Seat 1: 76baf9e (small blind) folded before Flop
Seat 2: 699245df (big blind) won ($0.62)
Seat 3: 6c1e889f folded before Flop (didn't bet)
Seat 4: 7e3709 folded before Flop (didn't bet)
Seat 5: f7f483c7 folded on the Turn
Seat 6: Hero (button) folded before Flop (didn't bet)


Poker Hand #HD1762844528: Hold'em No Limit ($0.05/$0.1) - 2024/05/07 20:22:58
Table 'NLHRed44' 6-max Seat #5 is the button
Seat 1: 76baf9e ($10 in chips)
Seat 2: 699245df ($14.13 in chips)
Seat 3: 6c1e889f ($13.02 in chips)
Seat 4: 7e3709 ($10 in chips)
Seat 5: f7f483c7 ($10 in chips)
Seat 6: Hero ($12.95 in chips)
Hero: posts small blind $0.05
76baf9e: posts big blind $0.1
*** HOLE CARDS ***
Dealt to 76baf9e 
Dealt to 699245df 
Dealt to 6c1e889f 
Dealt to 7e3709 
Dealt to f7f483c7 
Dealt to Hero [9h 8s]
699245df: folds
6c1e889f: raises $0.1 to $0.2
7e3709: folds
f7f483c7: folds
Hero: folds
76baf9e: folds
Uncalled bet ($0.1) returned to 6c1e889f
*** SHOWDOWN ***
6c1e889f collected $0.25 from pot
*** SUMMARY ***
Total pot $0.25 | Rake $0 | Jackpot $0 | Bingo $0 | Fortune $0 | Tax $0
Seat 1: 76baf9e (big blind) folded before Flop
Seat 2: 699245df folded before Flop (didn't bet)
Seat 3: 6c1e889f collected ($0.25)
Seat 4: 7e3709 folded before Flop (didn't bet)
Seat 5: f7f483c7 (button) folded before Flop (didn't bet)
Seat 6: Hero (small blind) folded before Flop


Poker Hand #HD1762844482: Hold'em No Limit ($0.05/$0.1) - 2024/05/07 20:22:32
Table 'NLHRed44' 6-max Seat #4 is the button
Seat 3: 6c1e889f ($13.02 in chips)
Seat 4: 7e3709 ($10 in chips)
Seat 5: f7f483c7 ($10 in chips)
Seat 6: Hero ($12.9 in chips)
f7f483c7: posts small blind $0.05
Hero: posts big blind $0.1
*** HOLE CARDS ***
Dealt to 6c1e889f 
Dealt to 7e3709 
Dealt to f7f483c7 
Dealt to Hero [3s Tc]
6c1e889f: folds
7e3709: folds
f7f483c7: folds
Uncalled bet ($0.05) returned to Hero
*** SHOWDOWN ***
Hero collected $0.1 from pot
*** SUMMARY ***
Total pot $0.1 | Rake $0 | Jackpot $0 | Bingo $0 | Fortune $0 | Tax $0
Seat 3: 6c1e889f folded before Flop (didn't bet)
Seat 4: 7e3709 (button) folded before Flop (didn't bet)
Seat 5: f7f483c7 (small blind) folded before Flop
Seat 6: Hero (big blind) collected ($0.1)


Poker Hand #HD1762844428: Hold'em No Limit ($0.05/$0.1) - 2024/05/07 20:22:09
Table 'NLHRed44' 6-max Seat #3 is the button
Seat 3: 6c1e889f ($12.87 in chips)
Seat 4: 7e3709 ($10 in chips)
Seat 5: f7f483c7 ($10 in chips)
Seat 6: Hero ($12.9 in chips)
7e3709: posts small blind $0.05
f7f483c7: posts big blind $0.1
*** HOLE CARDS ***
Dealt to 6c1e889f 
Dealt to 7e3709 
Dealt to f7f483c7 
Dealt to Hero [8s Js]
Hero: folds
6c1e889f: raises $0.1 to $0.2
7e3709: folds
f7f483c7: folds
Uncalled bet ($0.1) returned to 6c1e889f
*** SHOWDOWN ***
6c1e889f collected $0.25 from pot
*** SUMMARY ***
Total pot $0.25 | Rake $0 | Jackpot $0 | Bingo $0 | Fortune $0 | Tax $0
Seat 3: 6c1e889f (button) collected ($0.25)
Seat 4: 7e3709 (small blind) folded before Flop
Seat 5: f7f483c7 (big blind) folded before Flop
Seat 6: Hero folded before Flop (didn't bet)


Poker Hand #HD1762844215: Hold'em No Limit ($0.05/$0.1) - 2024/05/07 20:20:26
Table 'NLHRed44' 6-max Seat #2 is the button
Seat 2: 699245df ($14.13 in chips)
Seat 3: 6c1e889f ($9.98 in chips)
Seat 4: 7e3709 ($10 in chips)
Seat 5: b7912369 ($40.51 in chips)
Seat 6: Hero ($12.9 in chips)
6c1e889f: posts small blind $0.05
7e3709: posts big blind $0.1
*** HOLE CARDS ***
Dealt to 699245df 
Dealt to 6c1e889f 
Dealt to 7e3709 
Dealt to b7912369 
Dealt to Hero [2d Qc]
b7912369: folds
Hero: folds
699245df: folds
6c1e889f: raises $0.2 to $0.3
7e3709: raises $0.67 to $0.97
6c1e889f: raises $0.67 to $1.64
7e3709: raises $0.67 to $2.31
6c1e889f: calls $0.67
*** FLOP *** [Ks Jc Ad]
6c1e889f: checks
7e3709: bets $1
6c1e889f: calls $1
*** TURN *** [Ks Jc Ad] [Th]
6c1e889f: checks
7e3709: checks
*** RIVER *** [Ks Jc Ad Th] [9s]
6c1e889f: bets $6.67 and is all-in
7e3709: folds
Uncalled bet ($6.67) returned to 6c1e889f
*** SHOWDOWN ***
6c1e889f collected $6.2 from pot
*** SUMMARY ***
Total pot $6.62 | Rake $0.32 | Jackpot $0.1 | Bingo $0 | Fortune $0 | Tax $0
Board [Ks Jc Ad Th 9s]
Seat 2: 699245df (button) folded before Flop (didn't bet)
Seat 3: 6c1e889f (small blind) won ($6.2)
Seat 4: 7e3709 (big blind) folded on the River
Seat 5: b7912369 folded before Flop (didn't bet)
Seat 6: Hero folded before Flop (didn't bet)


Poker Hand #HD1762844143: Hold'em No Limit ($0.05/$0.1) - 2024/05/07 20:19:46
Table 'NLHRed44' 6-max Seat #6 is the button
Seat 2: 699245df ($14.18 in chips)
Seat 3: 6c1e889f ($10.37 in chips)
Seat 4: 7e3709 ($10 in chips)
Seat 5: b7912369 ($40.11 in chips)
Seat 6: Hero ($12.9 in chips)
699245df: posts small blind $0.05
6c1e889f: posts big blind $0.1
*** HOLE CARDS ***
Dealt to 699245df 
Dealt to 6c1e889f 
Dealt to 7e3709 
Dealt to b7912369 
Dealt to Hero [Th 2s]
7e3709: folds
b7912369: raises $0.15 to $0.25
Hero: folds
699245df: folds
6c1e889f: calls $0.15
*** FLOP *** [7c Tc Ks]
6c1e889f: checks
b7912369: bets $0.14
6c1e889f: calls $0.14
*** TURN *** [7c Tc Ks] [Jh]
6c1e889f: checks
b7912369: bets $0.63
6c1e889f: folds
Uncalled bet ($0.63) returned to b7912369
*** SHOWDOWN ***
b7912369 collected $0.79 from pot
*** SUMMARY ***
Total pot $0.83 | Rake $0.04 | Jackpot $0 | Bingo $0 | Fortune $0 | Tax $0
Board [7c Tc Ks Jh]
Seat 2: 699245df (small blind) folded before Flop
Seat 3: 6c1e889f (big blind) folded on the Turn
Seat 4: 7e3709 folded before Flop (didn't bet)
Seat 5: b7912369 won ($0.79)
Seat 6: Hero (button) folded before Flop (didn't bet)


Poker Hand #HD1762844095: Hold'em No Limit ($0.05/$0.1) - 2024/05/07 20:19:23
Table 'NLHRed44' 6-max Seat #5 is the button
Seat 2: 699245df ($13.91 in chips)
Seat 3: 6c1e889f ($10.37 in chips)
Seat 4: 7e3709 ($10 in chips)
Seat 5: b7912369 ($40.11 in chips)
Seat 6: Hero ($13.2 in chips)
Hero: posts small blind $0.05
699245df: posts big blind $0.1
*** HOLE CARDS ***
Dealt to 699245df 
Dealt to 6c1e889f 
Dealt to 7e3709 
Dealt to b7912369 
Dealt to Hero [Ad 2s]
6c1e889f: folds
7e3709: folds
b7912369: folds
Hero: raises $0.2 to $0.3
699245df: raises $0.45 to $0.75
Hero: folds
Uncalled bet ($0.45) returned to 699245df
*** SHOWDOWN ***
699245df collected $0.57 from pot
*** SUMMARY ***
Total pot $0.6 | Rake $0.03 | Jackpot $0 | Bingo $0 | Fortune $0 | Tax $0
Seat 2: 699245df (big blind) collected ($0.57)
Seat 3: 6c1e889f folded before Flop (didn't bet)
Seat 4: 7e3709 folded before Flop (didn't bet)
Seat 5: b7912369 (button) folded before Flop (didn't bet)
Seat 6: Hero (small blind) folded before Flop


Poker Hand #HD1762844019: Hold'em No Limit ($0.05/$0.1) - 2024/05/07 20:18:42
Table 'NLHRed44' 6-max Seat #4 is the button
Seat 1: 8e1351e8 ($9.58 in chips)
Seat 2: 699245df ($14.16 in chips)
Seat 3: 6c1e889f ($10 in chips)
Seat 4: 7e3709 ($10 in chips)
Seat 5: b7912369 ($40.16 in chips)
Seat 6: Hero ($13.3 in chips)
b7912369: posts small blind $0.05
Hero: posts big blind $0.1
*** HOLE CARDS ***
Dealt to 8e1351e8 
Dealt to 699245df 
Dealt to 6c1e889f 
Dealt to 7e3709 
Dealt to b7912369 
Dealt to Hero [Ks Td]
8e1351e8: folds
699245df: raises $0.15 to $0.25
6c1e889f: raises $0.49 to $0.74
7e3709: folds
b7912369: folds
Hero: folds
699245df: folds
Uncalled bet ($0.49) returned to 6c1e889f
*** SHOWDOWN ***
6c1e889f collected $0.62 from pot
*** SUMMARY ***
Total pot $0.65 | Rake $0.03 | Jackpot $0 | Bingo $0 | Fortune $0 | Tax $0
Seat 1: 8e1351e8 folded before Flop (didn't bet)
Seat 2: 699245df folded before Flop
Seat 3: 6c1e889f collected ($0.62)
Seat 4: 7e3709 (button) folded before Flop (didn't bet)
Seat 5: b7912369 (small blind) folded before Flop
Seat 6: Hero (big blind) folded before Flop


Poker Hand #HD1762843903: Hold'em No Limit ($0.05/$0.1) - 2024/05/07 20:17:45
Table 'NLHRed44' 6-max Seat #3 is the button
Seat 1: 8e1351e8 ($9.3 in chips)
Seat 2: 699245df ($14.16 in chips)
Seat 3: 6c1e889f ($10 in chips)
Seat 4: 7e3709 ($10 in chips)
Seat 5: b7912369 ($40.41 in chips)
Seat 6: Hero ($13.3 in chips)
7e3709: posts small blind $0.05
b7912369: posts big blind $0.1
*** HOLE CARDS ***
Dealt to 8e1351e8 
Dealt to 699245df 
Dealt to 6c1e889f 
Dealt to 7e3709 
Dealt to b7912369 
Dealt to Hero [Qd 9h]
Hero: folds
8e1351e8: raises $0.15 to $0.25
699245df: folds
6c1e889f: folds
7e3709: folds
b7912369: calls $0.15
*** FLOP *** [5d 8s Th]
b7912369: checks
8e1351e8: bets $0.2
b7912369: folds
Uncalled bet ($0.2) returned to 8e1351e8
*** SHOWDOWN ***
8e1351e8 collected $0.53 from pot
*** SUMMARY ***
Total pot $0.55 | Rake $0.02 | Jackpot $0 | Bingo $0 | Fortune $0 | Tax $0
Board [5d 8s Th]
Seat 1: 8e1351e8 won ($0.53)
Seat 2: 699245df folded before Flop (didn't bet)
Seat 3: 6c1e889f (button) folded before Flop (didn't bet)
Seat 4: 7e3709 (small blind) folded before Flop
Seat 5: b7912369 (big blind) folded on the Flop
Seat 6: Hero folded before Flop (didn't bet)


Poker Hand #HD1762843841: Hold'em No Limit ($0.05/$0.1) - 2024/05/07 20:17:16
Table 'NLHRed44' 6-max Seat #2 is the button
Seat 1: 8e1351e8 ($9.3 in chips)
Seat 2: 699245df ($13.79 in chips)
Seat 3: 6c1e889f ($10.05 in chips)
Seat 4: 7e3709 ($10 in chips)
Seat 5: b7912369 ($40.66 in chips)
Seat 6: Hero ($13.3 in chips)
6c1e889f: posts small blind $0.05
7e3709: posts big blind $0.1
*** HOLE CARDS ***
Dealt to 8e1351e8 
Dealt to 699245df 
Dealt to 6c1e889f 
Dealt to 7e3709 
Dealt to b7912369 
Dealt to Hero [Qd 9s]
b7912369: raises $0.15 to $0.25
Hero: folds
8e1351e8: folds
699245df: raises $0.49 to $0.74
6c1e889f: folds
7e3709: folds
b7912369: folds
Uncalled bet ($0.49) returned to 699245df
*** SHOWDOWN ***
699245df collected $0.62 from pot
*** SUMMARY ***
Total pot $0.65 | Rake $0.03 | Jackpot $0 | Bingo $0 | Fortune $0 | Tax $0
Seat 1: 8e1351e8 folded before Flop (didn't bet)
Seat 2: 699245df (button) collected ($0.62)
Seat 3: 6c1e889f (small blind) folded before Flop
Seat 4: 7e3709 (big blind) folded before Flop
Seat 5: b7912369 folded before Flop
Seat 6: Hero folded before Flop (didn't bet)


Poker Hand #HD1762843697: Hold'em No Limit ($0.05/$0.1) - 2024/05/07 20:15:59
Table 'NLHRed44' 6-max Seat #1 is the button
Seat 1: 8e1351e8 ($9.3 in chips)
Seat 2: 699245df ($11.36 in chips)
Seat 3: 6c1e889f ($10.15 in chips)
Seat 4: 7e3709 ($10.05 in chips)
Seat 5: b7912369 ($40.66 in chips)
Seat 6: Hero ($13.3 in chips)
699245df: posts small blind $0.05
6c1e889f: posts big blind $0.1
*** HOLE CARDS ***
Dealt to 8e1351e8 
Dealt to 699245df 
Dealt to 6c1e889f 
Dealt to 7e3709 
Dealt to b7912369 
Dealt to Hero [Kh Tc]
7e3709: raises $0.15 to $0.25
b7912369: folds
Hero: folds
8e1351e8: folds
699245df: raises $0.45 to $0.7
6c1e889f: folds
7e3709: calls $0.45
*** FLOP *** [6s 2h 3s]
699245df: bets $0.75
7e3709: raises $1.25 to $2
699245df: raises $8.66 to $10.66 and is all-in
7e3709: folds
Uncalled bet ($8.66) returned to 699245df
*** SHOWDOWN ***
699245df collected $5.13 from pot
*** SUMMARY ***
Total pot $5.5 | Rake $0.27 | Jackpot $0.1 | Bingo $0 | Fortune $0 | Tax $0
Board [6s 2h 3s]
Seat 1: 8e1351e8 (button) folded before Flop (didn't bet)
Seat 2: 699245df (small blind) won ($5.13)
Seat 3: 6c1e889f (big blind) folded before Flop
Seat 4: 7e3709 folded on the Flop
Seat 5: b7912369 folded before Flop (didn't bet)
Seat 6: Hero folded before Flop (didn't bet)


Poker Hand #HD1762843646: Hold'em No Limit ($0.05/$0.1) - 2024/05/07 20:15:36
Table 'NLHRed44' 6-max Seat #6 is the button
Seat 1: 8e1351e8 ($9.35 in chips)
Seat 2: 699245df ($11.46 in chips)
Seat 3: 6c1e889f ($10.15 in chips)
Seat 4: 7e3709 ($10.05 in chips)
Seat 5: b7912369 ($40.51 in chips)
Seat 6: Hero ($13.3 in chips)
8e1351e8: posts small blind $0.05
699245df: posts big blind $0.1
*** HOLE CARDS ***
Dealt to 8e1351e8 
Dealt to 699245df 
Dealt to 6c1e889f 
Dealt to 7e3709 
Dealt to b7912369 
Dealt to Hero [5d 9h]
6c1e889f: folds
7e3709: folds
b7912369: raises $0.15 to $0.25
Hero: folds
8e1351e8: folds
699245df: folds
Uncalled bet ($0.15) returned to b7912369
*** SHOWDOWN ***
b7912369 collected $0.25 from pot
*** SUMMARY ***
Total pot $0.25 | Rake $0 | Jackpot $0 | Bingo $0 | Fortune $0 | Tax $0
Seat 1: 8e1351e8 (small blind) folded before Flop
Seat 2: 699245df (big blind) folded before Flop
Seat 3: 6c1e889f folded before Flop (didn't bet)
Seat 4: 7e3709 folded before Flop (didn't bet)
Seat 5: b7912369 collected ($0.25)
Seat 6: Hero (button) folded before Flop (didn't bet)


Poker Hand #HD1762843597: Hold'em No Limit ($0.05/$0.1) - 2024/05/07 20:15:09
Table 'NLHRed44' 6-max Seat #5 is the button
Seat 1: 8e1351e8 ($9.45 in chips)
Seat 2: 699245df ($11.46 in chips)
Seat 3: 6c1e889f ($10 in chips)
Seat 4: 7e3709 ($10.05 in chips)
Seat 5: b7912369 ($40.51 in chips)
Seat 6: Hero ($13.35 in chips)
Hero: posts small blind $0.05
8e1351e8: posts big blind $0.1
6c1e889f: posts big blind $0.1
*** HOLE CARDS ***
Dealt to 8e1351e8 
Dealt to 699245df 
Dealt to 6c1e889f 
Dealt to 7e3709 
Dealt to b7912369 
Dealt to Hero [Jd 3c]
699245df: folds
6c1e889f: raises $0.1 to $0.2
7e3709: folds
b7912369: folds
Hero: folds
8e1351e8: folds
Uncalled bet ($0.1) returned to 6c1e889f
*** SHOWDOWN ***
6c1e889f collected $0.25 from pot
*** SUMMARY ***
Total pot $0.25 | Rake $0 | Jackpot $0 | Bingo $0 | Fortune $0 | Tax $0
Seat 1: 8e1351e8 (big blind) folded before Flop
Seat 2: 699245df folded before Flop (didn't bet)
Seat 3: 6c1e889f collected ($0.25)
Seat 4: 7e3709 folded before Flop (didn't bet)
Seat 5: b7912369 (button) folded before Flop (didn't bet)
Seat 6: Hero (small blind) folded before Flop


Poker Hand #HD1762843397: Hold'em No Limit ($0.05/$0.1) - 2024/05/07 20:13:35
Table 'NLHRed44' 6-max Seat #4 is the button
Seat 2: 699245df ($9.45 in chips)
Seat 4: 7e3709 ($10.05 in chips)
Seat 5: b7912369 ($40.56 in chips)
Seat 6: Hero ($15.63 in chips)
b7912369: posts small blind $0.05
Hero: posts big blind $0.1
*** HOLE CARDS ***
Dealt to 699245df 
Dealt to 7e3709 
Dealt to b7912369 
Dealt to Hero [As Jc]
699245df: raises $0.15 to $0.25
7e3709: folds
b7912369: folds
Hero: raises $0.75 to $1
699245df: calls $0.75
*** FLOP *** [7d 7c 6c]
Hero: checks
699245df: checks
*** TURN *** [7d 7c 6c] [3c]
Hero: bets $1.28
699245df: calls $1.28
*** RIVER *** [7d 7c 6c 3c] [Kd]
Hero: checks
699245df: checks
Hero: shows [As Jc] (Pair of Sevens)
699245df: shows [Ah Qh] (Pair of Sevens)
*** SHOWDOWN ***
699245df collected $4.29 from pot
*** SUMMARY ***
Total pot $4.61 | Rake $0.22 | Jackpot $0.1 | Bingo $0 | Fortune $0 | Tax $0
Board [7d 7c 6c 3c Kd]
Seat 2: 699245df showed [Ah Qh] and won ($4.29) with Pair of Sevens
Seat 4: 7e3709 (button) folded before Flop (didn't bet)
Seat 5: b7912369 (small blind) folded before Flop
Seat 6: Hero (big blind) showed [As Jc] and lost with Pair of Sevens


Poker Hand #HD1762843302: Hold'em No Limit ($0.05/$0.1) - 2024/05/07 20:12:47
Table 'NLHRed44' 6-max Seat #3 is the button
Seat 2: 699245df ($10.07 in chips)
Seat 3: 5a2b081e ($11.25 in chips)
Seat 4: 7e3709 ($10.1 in chips)
Seat 5: b7912369 ($40.66 in chips)
Seat 6: Hero ($14.93 in chips)
7e3709: posts small blind $0.05
b7912369: posts big blind $0.1
*** HOLE CARDS ***
Dealt to 699245df 
Dealt to 5a2b081e 
Dealt to 7e3709 
Dealt to b7912369 
Dealt to Hero [Ah As]
Hero: raises $0.1 to $0.2
699245df: raises $0.42 to $0.62
5a2b081e: folds
7e3709: folds
b7912369: folds
Hero: raises $1.49 to $2.11
699245df: folds
Uncalled bet ($1.49) returned to Hero
*** SHOWDOWN ***
Hero collected $1.32 from pot
*** SUMMARY ***
Total pot $1.39 | Rake $0.07 | Jackpot $0 | Bingo $0 | Fortune $0 | Tax $0
Seat 2: 699245df folded before Flop
Seat 3: 5a2b081e (button) folded before Flop (didn't bet)
Seat 4: 7e3709 (small blind) folded before Flop
Seat 5: b7912369 (big blind) folded before Flop
Seat 6: Hero collected ($1.32)


Poker Hand #HD1762843257: Hold'em No Limit ($0.05/$0.1) - 2024/05/07 20:12:23
Table 'NLHRed44' 6-max Seat #2 is the button
Seat 2: 699245df ($9.74 in chips)
Seat 3: 5a2b081e ($11.3 in chips)
Seat 4: 7e3709 ($10.2 in chips)
Seat 5: b7912369 ($40.66 in chips)
Seat 6: Hero ($15.13 in chips)
5a2b081e: posts small blind $0.05
7e3709: posts big blind $0.1
*** HOLE CARDS ***
Dealt to 699245df 
Dealt to 5a2b081e 
Dealt to 7e3709 
Dealt to b7912369 
Dealt to Hero [Qs Jh]
b7912369: folds
Hero: raises $0.1 to $0.2
699245df: raises $0.42 to $0.62
5a2b081e: folds
7e3709: folds
Hero: folds
Uncalled bet ($0.42) returned to 699245df
*** SHOWDOWN ***
699245df collected $0.53 from pot
*** SUMMARY ***
Total pot $0.55 | Rake $0.02 | Jackpot $0 | Bingo $0 | Fortune $0 | Tax $0
Seat 2: 699245df (button) collected ($0.53)
Seat 3: 5a2b081e (small blind) folded before Flop
Seat 4: 7e3709 (big blind) folded before Flop
Seat 5: b7912369 folded before Flop (didn't bet)
Seat 6: Hero folded before Flop


Poker Hand #HD1762843217: Hold'em No Limit ($0.05/$0.1) - 2024/05/07 20:12:07
Table 'NLHRed44' 6-max Seat #6 is the button
Seat 2: 699245df ($9.64 in chips)
Seat 3: 5a2b081e ($11.4 in chips)
Seat 4: 7e3709 ($10.2 in chips)
Seat 5: b7912369 ($40.66 in chips)
Seat 6: Hero ($15.13 in chips)
699245df: posts small blind $0.05
5a2b081e: posts big blind $0.1
*** HOLE CARDS ***
Dealt to 699245df 
Dealt to 5a2b081e 
Dealt to 7e3709 
Dealt to b7912369 
Dealt to Hero [Qs 6h]
7e3709: folds
b7912369: folds
Hero: folds
699245df: raises $0.15 to $0.25
5a2b081e: folds
Uncalled bet ($0.15) returned to 699245df
*** SHOWDOWN ***
699245df collected $0.2 from pot
*** SUMMARY ***
Total pot $0.2 | Rake $0 | Jackpot $0 | Bingo $0 | Fortune $0 | Tax $0
Seat 2: 699245df (small blind) collected ($0.2)
Seat 3: 5a2b081e (big blind) folded before Flop
Seat 4: 7e3709 folded before Flop (didn't bet)
Seat 5: b7912369 folded before Flop (didn't bet)
Seat 6: Hero (button) folded before Flop (didn't bet)


Poker Hand #HD1762843183: Hold'em No Limit ($0.05/$0.1) - 2024/05/07 20:11:55
Table 'NLHRed44' 6-max Seat #5 is the button
Seat 2: 699245df ($9.59 in chips)
Seat 3: 5a2b081e ($11.4 in chips)
Seat 4: 7e3709 ($10.2 in chips)
Seat 5: b7912369 ($40.66 in chips)
Seat 6: Hero ($15.18 in chips)
Hero: posts small blind $0.05
699245df: posts big blind $0.1
*** HOLE CARDS ***
Dealt to 699245df 
Dealt to 5a2b081e 
Dealt to 7e3709 
Dealt to b7912369 
Dealt to Hero [4c 7c]
5a2b081e: folds
7e3709: folds
b7912369: folds
Hero: folds
Uncalled bet ($0.05) returned to 699245df
*** SHOWDOWN ***
699245df collected $0.1 from pot
*** SUMMARY ***
Total pot $0.1 | Rake $0 | Jackpot $0 | Bingo $0 | Fortune $0 | Tax $0
Seat 2: 699245df (big blind) collected ($0.1)
Seat 3: 5a2b081e folded before Flop (didn't bet)
Seat 4: 7e3709 folded before Flop (didn't bet)
Seat 5: b7912369 (button) folded before Flop (didn't bet)
Seat 6: Hero (small blind) folded before Flop


Poker Hand #HD1762843167: Hold'em No Limit ($0.05/$0.1) - 2024/05/07 20:11:47
Table 'NLHRed44' 6-max Seat #4 is the button
Seat 2: 699245df ($9.59 in chips)
Seat 3: 5a2b081e ($11.4 in chips)
Seat 4: 7e3709 ($10.2 in chips)
Seat 5: b7912369 ($40.71 in chips)
Seat 6: Hero ($15.13 in chips)
b7912369: posts small blind $0.05
Hero: posts big blind $0.1
*** HOLE CARDS ***
Dealt to 699245df 
Dealt to 5a2b081e 
Dealt to 7e3709 
Dealt to b7912369 
Dealt to Hero [Qd 9h]
699245df: folds
5a2b081e: folds
7e3709: folds
b7912369: folds
Uncalled bet ($0.05) returned to Hero
*** SHOWDOWN ***
Hero collected $0.1 from pot
*** SUMMARY ***
Total pot $0.1 | Rake $0 | Jackpot $0 | Bingo $0 | Fortune $0 | Tax $0
Seat 2: 699245df folded before Flop (didn't bet)
Seat 3: 5a2b081e folded before Flop (didn't bet)
Seat 4: 7e3709 (button) folded before Flop (didn't bet)
Seat 5: b7912369 (small blind) folded before Flop
Seat 6: Hero (big blind) collected ($0.1)


Poker Hand #HD1762842995: Hold'em No Limit ($0.05/$0.1) - 2024/05/07 20:10:21
Table 'NLHRed44' 6-max Seat #3 is the button
Seat 2: 699245df ($9.59 in chips)
Seat 3: 5a2b081e ($32.28 in chips)
Seat 4: 7e3709 ($10.25 in chips)
Seat 5: b7912369 ($20.88 in chips)
Seat 6: Hero ($15.13 in chips)
7e3709: posts small blind $0.05
b7912369: posts big blind $0.1
*** HOLE CARDS ***
Dealt to 699245df 
Dealt to 5a2b081e 
Dealt to 7e3709 
Dealt to b7912369 
Dealt to Hero [8d 9s]
Hero: folds
699245df: folds
5a2b081e: raises $0.15 to $0.25
7e3709: folds
b7912369: raises $0.85 to $1.1
5a2b081e: calls $0.85
*** FLOP *** [3d 8s Jc]
b7912369: checks
5a2b081e: bets $1
b7912369: calls $1
*** TURN *** [3d 8s Jc] [As]
b7912369: checks
5a2b081e: bets $2.7
b7912369: raises $2.7 to $5.4
5a2b081e: raises $24.78 to $30.18 and is all-in
b7912369: calls $13.38 and is all-in
Uncalled bet ($11.4) returned to 5a2b081e
5a2b081e: shows [Js Ad] (Pair of Aces and Pair of Jacks)
b7912369: shows [Ac Ah] (Three Aces)
*** RIVER *** [3d 8s Jc As] [5c]
*** SHOWDOWN ***
b7912369 collected $40.71 from pot
*** SUMMARY ***
Total pot $41.81 | Rake $1 | Jackpot $0.1 | Bingo $0 | Fortune $0 | Tax $0
Board [3d 8s Jc As 5c]
Seat 2: 699245df folded before Flop (didn't bet)
Seat 3: 5a2b081e (button) showed [Js Ad] and lost with Pair of Aces and Pair of Jacks
Seat 4: 7e3709 (small blind) folded before Flop
Seat 5: b7912369 (big blind) showed [Ac Ah] and won ($40.71) with Three Aces
Seat 6: Hero folded before Flop (didn't bet)


Poker Hand #HD1762842957: Hold'em No Limit ($0.05/$0.1) - 2024/05/07 20:10:01
Table 'NLHRed44' 6-max Seat #2 is the button
Seat 2: 699245df ($9.69 in chips)
Seat 3: 5a2b081e ($32.33 in chips)
Seat 4: 7e3709 ($10.1 in chips)
Seat 5: b7912369 ($20.88 in chips)
Seat 6: Hero ($15.13 in chips)
5a2b081e: posts small blind $0.05
7e3709: posts big blind $0.1
*** HOLE CARDS ***
Dealt to 699245df 
Dealt to 5a2b081e 
Dealt to 7e3709 
Dealt to b7912369 
Dealt to Hero [2c 3h]
b7912369: folds
Hero: folds
699245df: calls $0.1
5a2b081e: folds
7e3709: raises $0.4 to $0.5
699245df: folds
Uncalled bet ($0.4) returned to 7e3709
*** SHOWDOWN ***
7e3709 collected $0.25 from pot
*** SUMMARY ***
Total pot $0.25 | Rake $0 | Jackpot $0 | Bingo $0 | Fortune $0 | Tax $0
Seat 2: 699245df (button) folded before Flop
Seat 3: 5a2b081e (small blind) folded before Flop
Seat 4: 7e3709 (big blind) collected ($0.25)
Seat 5: b7912369 folded before Flop (didn't bet)
Seat 6: Hero folded before Flop (didn't bet)


Poker Hand #HD1762842846: Hold'em No Limit ($0.05/$0.1) - 2024/05/07 20:09:09
Table 'NLHRed44' 6-max Seat #6 is the button
Seat 2: 699245df ($9.23 in chips)
Seat 3: 5a2b081e ($32.43 in chips)
Seat 4: 7e3709 ($10.1 in chips)
Seat 5: b7912369 ($21.28 in chips)
Seat 6: Hero ($15.13 in chips)
699245df: posts small blind $0.05
5a2b081e: posts big blind $0.1
*** HOLE CARDS ***
Dealt to 699245df 
Dealt to 5a2b081e 
Dealt to 7e3709 
Dealt to b7912369 
Dealt to Hero [8d 5c]
7e3709: folds
b7912369: raises $0.15 to $0.25
Hero: folds
699245df: calls $0.2
5a2b081e: folds
*** FLOP *** [Qd 2d Jd]
699245df: checks
b7912369: bets $0.15
699245df: calls $0.15
*** TURN *** [Qd 2d Jd] [8c]
699245df: checks
b7912369: checks
*** RIVER *** [Qd 2d Jd 8c] [Qh]
699245df: bets $0.3
b7912369: folds
Uncalled bet ($0.3) returned to 699245df
*** SHOWDOWN ***
699245df collected $0.86 from pot
*** SUMMARY ***
Total pot $0.9 | Rake $0.04 | Jackpot $0 | Bingo $0 | Fortune $0 | Tax $0
Board [Qd 2d Jd 8c Qh]
Seat 2: 699245df (small blind) won ($0.86)
Seat 3: 5a2b081e (big blind) folded before Flop
Seat 4: 7e3709 folded before Flop (didn't bet)
Seat 5: b7912369 folded on the River
Seat 6: Hero (button) folded before Flop (didn't bet)


Poker Hand #HD1762842805: Hold'em No Limit ($0.05/$0.1) - 2024/05/07 20:08:49
Table 'NLHRed44' 6-max Seat #5 is the button
Seat 2: 699245df ($9.33 in chips)
Seat 3: 5a2b081e ($32.73 in chips)
Seat 4: 7e3709 ($10.1 in chips)
Seat 5: b7912369 ($20.86 in chips)
Seat 6: Hero ($15.18 in chips)
Hero: posts small blind $0.05
699245df: posts big blind $0.1
*** HOLE CARDS ***
Dealt to 699245df 
Dealt to 5a2b081e 
Dealt to 7e3709 
Dealt to b7912369 
Dealt to Hero [Qc 7c]
5a2b081e: raises $0.2 to $0.3
7e3709: folds
b7912369: raises $0.57 to $0.87
Hero: folds
699245df: folds
5a2b081e: folds
Uncalled bet ($0.57) returned to b7912369
*** SHOWDOWN ***
b7912369 collected $0.72 from pot
*** SUMMARY ***
Total pot $0.75 | Rake $0.03 | Jackpot $0 | Bingo $0 | Fortune $0 | Tax $0
Seat 2: 699245df (big blind) folded before Flop
Seat 3: 5a2b081e folded before Flop
Seat 4: 7e3709 folded before Flop (didn't bet)
Seat 5: b7912369 (button) collected ($0.72)
Seat 6: Hero (small blind) folded before Flop


Poker Hand #HD1762842714: Hold'em No Limit ($0.05/$0.1) - 2024/05/07 20:08:06
Table 'NLHRed44' 6-max Seat #4 is the button
Seat 2: 699245df ($8.92 in chips)
Seat 3: 5a2b081e ($32.73 in chips)
Seat 4: 7e3709 ($10.1 in chips)
Seat 5: b7912369 ($20.91 in chips)
Seat 6: Hero ($15.58 in chips)
b7912369: posts small blind $0.05
Hero: posts big blind $0.1
*** HOLE CARDS ***
Dealt to 699245df 
Dealt to 5a2b081e 
Dealt to 7e3709 
Dealt to b7912369 
Dealt to Hero [9s 9c]
699245df: raises $0.1 to $0.2
5a2b081e: folds
7e3709: folds
b7912369: folds
Hero: calls $0.1
*** FLOP *** [Ah 4s 3d]
Hero: checks
699245df: bets $0.2
Hero: calls $0.2
*** TURN *** [Ah 4s 3d] [7s]
Hero: checks
699245df: bets $0.25
Hero: folds
Uncalled bet ($0.25) returned to 699245df
*** SHOWDOWN ***
699245df collected $0.81 from pot
*** SUMMARY ***
Total pot $0.85 | Rake $0.04 | Jackpot $0 | Bingo $0 | Fortune $0 | Tax $0
Board [Ah 4s 3d 7s]
Seat 2: 699245df won ($0.81)
Seat 3: 5a2b081e folded before Flop (didn't bet)
Seat 4: 7e3709 (button) folded before Flop (didn't bet)
Seat 5: b7912369 (small blind) folded before Flop
Seat 6: Hero (big blind) folded on the Turn


Poker Hand #HD1762842681: Hold'em No Limit ($0.05/$0.1) - 2024/05/07 20:07:52
Table 'NLHRed44' 6-max Seat #3 is the button
Seat 2: 699245df ($8.92 in chips)
Seat 3: 5a2b081e ($32.58 in chips)
Seat 4: 7e3709 ($10.15 in chips)
Seat 5: b7912369 ($21.01 in chips)
Seat 6: Hero ($15.58 in chips)
7e3709: posts small blind $0.05
b7912369: posts big blind $0.1
*** HOLE CARDS ***
Dealt to 699245df 
Dealt to 5a2b081e 
Dealt to 7e3709 
Dealt to b7912369 
Dealt to Hero [6s Ac]
Hero: folds
699245df: folds
5a2b081e: raises $0.15 to $0.25
7e3709: folds
b7912369: folds
Uncalled bet ($0.15) returned to 5a2b081e
*** SHOWDOWN ***
5a2b081e collected $0.25 from pot
*** SUMMARY ***
Total pot $0.25 | Rake $0 | Jackpot $0 | Bingo $0 | Fortune $0 | Tax $0
Seat 2: 699245df folded before Flop (didn't bet)
Seat 3: 5a2b081e (button) collected ($0.25)
Seat 4: 7e3709 (small blind) folded before Flop
Seat 5: b7912369 (big blind) folded before Flop
Seat 6: Hero folded before Flop (didn't bet)


Poker Hand #HD1762842620: Hold'em No Limit ($0.05/$0.1) - 2024/05/07 20:07:25
Table 'NLHRed44' 6-max Seat #2 is the button
Seat 1: 8e1351e8 ($9.45 in chips)
Seat 2: 699245df ($8.92 in chips)
Seat 3: 5a2b081e ($32.63 in chips)
Seat 4: 7e3709 ($10.1 in chips)
Seat 5: b7912369 ($21.01 in chips)
Seat 6: Hero ($15.58 in chips)
5a2b081e: posts small blind $0.05
7e3709: posts big blind $0.1
*** HOLE CARDS ***
Dealt to 8e1351e8 
Dealt to 699245df 
Dealt to 5a2b081e 
Dealt to 7e3709 
Dealt to b7912369 
Dealt to Hero [Qs 7d]
b7912369: folds
Hero: folds
8e1351e8: folds
699245df: folds
5a2b081e: folds
Uncalled bet ($0.05) returned to 7e3709
*** SHOWDOWN ***
7e3709 collected $0.1 from pot
*** SUMMARY ***
Total pot $0.1 | Rake $0 | Jackpot $0 | Bingo $0 | Fortune $0 | Tax $0
Seat 1: 8e1351e8 folded before Flop (didn't bet)
Seat 2: 699245df (button) folded before Flop (didn't bet)
Seat 3: 5a2b081e (small blind) folded before Flop
Seat 4: 7e3709 (big blind) collected ($0.1)
Seat 5: b7912369 folded before Flop (didn't bet)
Seat 6: Hero folded before Flop (didn't bet)


Poker Hand #HD1762842598: Hold'em No Limit ($0.05/$0.1) - 2024/05/07 20:07:15
Table 'NLHRed44' 6-max Seat #1 is the button
Seat 1: 8e1351e8 ($9.45 in chips)
Seat 2: 699245df ($8.97 in chips)
Seat 3: 5a2b081e ($32.58 in chips)
Seat 4: 7e3709 ($10.1 in chips)
Seat 5: b7912369 ($21.01 in chips)
Seat 6: Hero ($15.58 in chips)
699245df: posts small blind $0.05
5a2b081e: posts big blind $0.1
*** HOLE CARDS ***
Dealt to 8e1351e8 
Dealt to 699245df 
Dealt to 5a2b081e 
Dealt to 7e3709 
Dealt to b7912369 
Dealt to Hero [Qc 4s]
7e3709: folds
b7912369: folds
Hero: folds
8e1351e8: folds
699245df: folds
Uncalled bet ($0.05) returned to 5a2b081e
*** SHOWDOWN ***
5a2b081e collected $0.1 from pot
*** SUMMARY ***
Total pot $0.1 | Rake $0 | Jackpot $0 | Bingo $0 | Fortune $0 | Tax $0
Seat 1: 8e1351e8 (button) folded before Flop (didn't bet)
Seat 2: 699245df (small blind) folded before Flop
Seat 3: 5a2b081e (big blind) collected ($0.1)
Seat 4: 7e3709 folded before Flop (didn't bet)
Seat 5: b7912369 folded before Flop (didn't bet)
Seat 6: Hero folded before Flop (didn't bet)


Poker Hand #HD1762842562: Hold'em No Limit ($0.05/$0.1) - 2024/05/07 20:06:57
Table 'NLHRed44' 6-max Seat #6 is the button
Seat 1: 8e1351e8 ($9.5 in chips)
Seat 2: 699245df ($9.07 in chips)
Seat 3: 5a2b081e ($32.58 in chips)
Seat 4: 7e3709 ($10.1 in chips)
Seat 5: b7912369 ($21.01 in chips)
Seat 6: Hero ($15.43 in chips)
8e1351e8: posts small blind $0.05
699245df: posts big blind $0.1
*** HOLE CARDS ***
Dealt to 8e1351e8 
Dealt to 699245df 
Dealt to 5a2b081e 
Dealt to 7e3709 
Dealt to b7912369 
Dealt to Hero [Ad 8d]
5a2b081e: folds
7e3709: folds
b7912369: folds
Hero: raises $0.14 to $0.24
8e1351e8: folds
699245df: folds
Uncalled bet ($0.14) returned to Hero
*** SHOWDOWN ***
Hero collected $0.25 from pot
*** SUMMARY ***
Total pot $0.25 | Rake $0 | Jackpot $0 | Bingo $0 | Fortune $0 | Tax $0
Seat 1: 8e1351e8 (small blind) folded before Flop
Seat 2: 699245df (big blind) folded before Flop
Seat 3: 5a2b081e folded before Flop (didn't bet)
Seat 4: 7e3709 folded before Flop (didn't bet)
Seat 5: b7912369 folded before Flop (didn't bet)
Seat 6: Hero (button) collected ($0.25)


Poker Hand #HD1762842388: Hold'em No Limit ($0.05/$0.1) - 2024/05/07 20:05:39
Table 'NLHRed44' 6-max Seat #5 is the button
Seat 1: 8e1351e8 ($9.6 in chips)
Seat 2: 699245df ($11.64 in chips)
Seat 3: 5a2b081e ($32.58 in chips)
Seat 4: 7e3709 ($10.1 in chips)
Seat 5: b7912369 ($18.65 in chips)
Seat 6: Hero ($15.48 in chips)
Hero: posts small blind $0.05
8e1351e8: posts big blind $0.1
*** HOLE CARDS ***
Dealt to 8e1351e8 
Dealt to 699245df 
Dealt to 5a2b081e 
Dealt to 7e3709 
Dealt to b7912369 
Dealt to Hero [5s Jh]
699245df: raises $0.15 to $0.25
5a2b081e: folds
7e3709: folds
b7912369: calls $0.25
Hero: folds
8e1351e8: folds
*** FLOP *** [2s 7d 8s]
699245df: bets $0.2
b7912369: raises $0.53 to $0.73
699245df: calls $0.53
*** TURN *** [2s 7d 8s] [Jc]
699245df: checks
b7912369: bets $1.59
699245df: calls $1.59
*** RIVER *** [2s 7d 8s Jc] [4d]
699245df: checks
b7912369: checks
699245df: shows [3s 6s] (Jack-High)
b7912369: shows [Js Qd] (Pair of Jacks)
*** SHOWDOWN ***
b7912369 collected $4.93 from pot
*** SUMMARY ***
Total pot $5.29 | Rake $0.26 | Jackpot $0.1 | Bingo $0 | Fortune $0 | Tax $0
Board [2s 7d 8s Jc 4d]
Seat 1: 8e1351e8 (big blind) folded before Flop
Seat 2: 699245df showed [3s 6s] and lost with Jack-High
Seat 3: 5a2b081e folded before Flop (didn't bet)
Seat 4: 7e3709 folded before Flop (didn't bet)
Seat 5: b7912369 (button) showed [Js Qd] and won ($4.93) with Pair of Jacks
Seat 6: Hero (small blind) folded before Flop


Poker Hand #HD1762842358: Hold'em No Limit ($0.05/$0.1) - 2024/05/07 20:05:23
Table 'NLHRed44' 6-max Seat #4 is the button
Seat 1: 8e1351e8 ($9.6 in chips)
Seat 2: 699245df ($11.64 in chips)
Seat 3: 5a2b081e ($32.58 in chips)
Seat 4: 7e3709 ($10.1 in chips)
Seat 5: b7912369 ($18.7 in chips)
Seat 6: Hero ($15.43 in chips)
b7912369: posts small blind $0.05
Hero: posts big blind $0.1
*** HOLE CARDS ***
Dealt to 8e1351e8 
Dealt to 699245df 
Dealt to 5a2b081e 
Dealt to 7e3709 
Dealt to b7912369 
Dealt to Hero [9c Qh]
8e1351e8: folds
699245df: folds
5a2b081e: folds
7e3709: folds
b7912369: folds
Uncalled bet ($0.05) returned to Hero
*** SHOWDOWN ***
Hero collected $0.1 from pot
*** SUMMARY ***
Total pot $0.1 | Rake $0 | Jackpot $0 | Bingo $0 | Fortune $0 | Tax $0
Seat 1: 8e1351e8 folded before Flop (didn't bet)
Seat 2: 699245df folded before Flop (didn't bet)
Seat 3: 5a2b081e folded before Flop (didn't bet)
Seat 4: 7e3709 (button) folded before Flop (didn't bet)
Seat 5: b7912369 (small blind) folded before Flop
Seat 6: Hero (big blind) collected ($0.1)


Poker Hand #HD1762842329: Hold'em No Limit ($0.05/$0.1) - 2024/05/07 20:05:07
Table 'NLHRed44' 6-max Seat #3 is the button
Seat 1: 8e1351e8 ($9.6 in chips)
Seat 2: 699245df ($11.64 in chips)
Seat 3: 5a2b081e ($32.43 in chips)
Seat 4: 7e3709 ($10.15 in chips)
Seat 5: b7912369 ($18.8 in chips)
Seat 6: Hero ($15.43 in chips)
7e3709: posts small blind $0.05
b7912369: posts big blind $0.1
*** HOLE CARDS ***
Dealt to 8e1351e8 
Dealt to 699245df 
Dealt to 5a2b081e 
Dealt to 7e3709 
Dealt to b7912369 
Dealt to Hero [6d 2d]
Hero: folds
8e1351e8: folds
699245df: folds
5a2b081e: raises $0.15 to $0.25
7e3709: folds
b7912369: folds
Uncalled bet ($0.15) returned to 5a2b081e
*** SHOWDOWN ***
5a2b081e collected $0.25 from pot
*** SUMMARY ***
Total pot $0.25 | Rake $0 | Jackpot $0 | Bingo $0 | Fortune $0 | Tax $0
Seat 1: 8e1351e8 folded before Flop (didn't bet)
Seat 2: 699245df folded before Flop (didn't bet)
Seat 3: 5a2b081e (button) collected ($0.25)
Seat 4: 7e3709 (small blind) folded before Flop
Seat 5: b7912369 (big blind) folded before Flop
Seat 6: Hero folded before Flop (didn't bet)


Poker Hand #HD1762842316: Hold'em No Limit ($0.05/$0.1) - 2024/05/07 20:05:00
Table 'NLHRed44' 6-max Seat #2 is the button
Seat 1: 8e1351e8 ($9.6 in chips)
Seat 2: 699245df ($11.64 in chips)
Seat 3: 5a2b081e ($32.48 in chips)
Seat 4: 7e3709 ($10.1 in chips)
Seat 5: b7912369 ($18.8 in chips)
Seat 6: Hero ($15.43 in chips)
5a2b081e: posts small blind $0.05
7e3709: posts big blind $0.1
*** HOLE CARDS ***
Dealt to 8e1351e8 
Dealt to 699245df 
Dealt to 5a2b081e 
Dealt to 7e3709 
Dealt to b7912369 
Dealt to Hero [Qd 5c]
b7912369: folds
Hero: folds
8e1351e8: folds
699245df: folds
5a2b081e: folds
Uncalled bet ($0.05) returned to 7e3709
*** SHOWDOWN ***
7e3709 collected $0.1 from pot
*** SUMMARY ***
Total pot $0.1 | Rake $0 | Jackpot $0 | Bingo $0 | Fortune $0 | Tax $0
Seat 1: 8e1351e8 folded before Flop (didn't bet)
Seat 2: 699245df (button) folded before Flop (didn't bet)
Seat 3: 5a2b081e (small blind) folded before Flop
Seat 4: 7e3709 (big blind) collected ($0.1)
Seat 5: b7912369 folded before Flop (didn't bet)
Seat 6: Hero folded before Flop (didn't bet)


Poker Hand #HD1762842230: Hold'em No Limit ($0.05/$0.1) - 2024/05/07 20:04:19
Table 'NLHRed44' 6-max Seat #1 is the button
Seat 1: 8e1351e8 ($9.85 in chips)
Seat 2: 699245df ($11.32 in chips)
Seat 3: 5a2b081e ($32.58 in chips)
Seat 4: 7e3709 ($10.1 in chips)
Seat 5: b7912369 ($18.8 in chips)
Seat 6: Hero ($15.43 in chips)
699245df: posts small blind $0.05
5a2b081e: posts big blind $0.1
*** HOLE CARDS ***
Dealt to 8e1351e8 
Dealt to 699245df 
Dealt to 5a2b081e 
Dealt to 7e3709 
Dealt to b7912369 
Dealt to Hero [7h 3s]
7e3709: folds
b7912369: folds
Hero: folds
8e1351e8: raises $0.15 to $0.25
699245df: calls $0.2
5a2b081e: folds
*** FLOP *** [4d 6d 8h]
699245df: checks
8e1351e8: checks
*** TURN *** [4d 6d 8h] [3d]
699245df: bets $0.3
8e1351e8: folds
Uncalled bet ($0.3) returned to 699245df
*** SHOWDOWN ***
699245df collected $0.57 from pot
*** SUMMARY ***
Total pot $0.6 | Rake $0.03 | Jackpot $0 | Bingo $0 | Fortune $0 | Tax $0
Board [4d 6d 8h 3d]
Seat 1: 8e1351e8 (button) folded on the Turn
Seat 2: 699245df (small blind) won ($0.57)
Seat 3: 5a2b081e (big blind) folded before Flop
Seat 4: 7e3709 folded before Flop (didn't bet)
Seat 5: b7912369 folded before Flop (didn't bet)
Seat 6: Hero folded before Flop (didn't bet)


Poker Hand #HD1762842184: Hold'em No Limit ($0.05/$0.1) - 2024/05/07 20:03:54
Table 'NLHRed44' 6-max Seat #6 is the button
Seat 1: 8e1351e8 ($9.9 in chips)
Seat 2: 699245df ($11.05 in chips)
Seat 3: 5a2b081e ($32.58 in chips)
Seat 4: 7e3709 ($10.1 in chips)
Seat 5: b7912369 ($18.8 in chips)
Seat 6: Hero ($15.67 in chips)
8e1351e8: posts small blind $0.05
699245df: posts big blind $0.1
*** HOLE CARDS ***
Dealt to 8e1351e8 
Dealt to 699245df 
Dealt to 5a2b081e 
Dealt to 7e3709 
Dealt to b7912369 
Dealt to Hero [Ks 7s]
5a2b081e: folds
7e3709: folds
b7912369: folds
Hero: raises $0.14 to $0.24
8e1351e8: folds
699245df: raises $0.53 to $0.77
Hero: folds
Uncalled bet ($0.53) returned to 699245df
*** SHOWDOWN ***
699245df collected $0.51 from pot
*** SUMMARY ***
Total pot $0.53 | Rake $0.02 | Jackpot $0 | Bingo $0 | Fortune $0 | Tax $0
Seat 1: 8e1351e8 (small blind) folded before Flop
Seat 2: 699245df (big blind) collected ($0.51)
Seat 3: 5a2b081e folded before Flop (didn't bet)
Seat 4: 7e3709 folded before Flop (didn't bet)
Seat 5: b7912369 folded before Flop (didn't bet)
Seat 6: Hero (button) folded before Flop


Poker Hand #HD1762842115: Hold'em No Limit ($0.05/$0.1) - 2024/05/07 20:03:21
Table 'NLHRed44' 6-max Seat #5 is the button
Seat 1: 8e1351e8 ($10 in chips)
Seat 2: 699245df ($11.05 in chips)
Seat 3: 5a2b081e ($32.58 in chips)
Seat 4: 7e3709 ($10.1 in chips)
Seat 5: b7912369 ($19.05 in chips)
Seat 6: Hero ($15.35 in chips)
Hero: posts small blind $0.05
8e1351e8: posts big blind $0.1
*** HOLE CARDS ***
Dealt to 8e1351e8 
Dealt to 699245df 
Dealt to 5a2b081e 
Dealt to 7e3709 
Dealt to b7912369 
Dealt to Hero [Kh Qd]
699245df: folds
5a2b081e: folds
7e3709: folds
b7912369: raises $0.15 to $0.25
Hero: raises $0.85 to $1.1
8e1351e8: folds
b7912369: folds
Uncalled bet ($0.85) returned to Hero
*** SHOWDOWN ***
Hero collected $0.57 from pot
*** SUMMARY ***
Total pot $0.6 | Rake $0.03 | Jackpot $0 | Bingo $0 | Fortune $0 | Tax $0
Seat 1: 8e1351e8 (big blind) folded before Flop
Seat 2: 699245df folded before Flop (didn't bet)
Seat 3: 5a2b081e folded before Flop (didn't bet)
Seat 4: 7e3709 folded before Flop (didn't bet)
Seat 5: b7912369 (button) folded before Flop
Seat 6: Hero (small blind) collected ($0.57)


Poker Hand #HD1762841966: Hold'em No Limit ($0.05/$0.1) - 2024/05/07 20:02:13
Table 'NLHRed44' 6-max Seat #4 is the button
Seat 1: 8e1351e8 ($10 in chips)
Seat 2: 699245df ($10.58 in chips)
Seat 3: 5a2b081e ($32.58 in chips)
Seat 4: 7e3709 ($10.1 in chips)
Seat 5: b7912369 ($19.3 in chips)
Seat 6: Hero ($15.6 in chips)
b7912369: posts small blind $0.05
Hero: posts big blind $0.1
*** HOLE CARDS ***
Dealt to 8e1351e8 
Dealt to 699245df 
Dealt to 5a2b081e 
Dealt to 7e3709 
Dealt to b7912369 
Dealt to Hero [7s 7h]
8e1351e8: folds
699245df: raises $0.15 to $0.25
5a2b081e: folds
7e3709: folds
b7912369: calls $0.2
Hero: calls $0.15
*** FLOP *** [3h 3s Jh]
b7912369: checks
Hero: checks
699245df: bets $0.2
b7912369: folds
Hero: folds
Uncalled bet ($0.2) returned to 699245df
*** SHOWDOWN ***
699245df collected $0.72 from pot
*** SUMMARY ***
Total pot $0.75 | Rake $0.03 | Jackpot $0 | Bingo $0 | Fortune $0 | Tax $0
Board [3h 3s Jh]
Seat 1: 8e1351e8 folded before Flop (didn't bet)
Seat 2: 699245df won ($0.72)
Seat 3: 5a2b081e folded before Flop (didn't bet)
Seat 4: 7e3709 (button) folded before Flop (didn't bet)
Seat 5: b7912369 (small blind) folded on the Flop
Seat 6: Hero (big blind) folded on the Flop


Poker Hand #HD1762841887: Hold'em No Limit ($0.05/$0.1) - 2024/05/07 20:01:32
Table 'NLHRed44' 6-max Seat #3 is the button
Seat 1: 8e1351e8 ($10 in chips)
Seat 2: 699245df ($10.58 in chips)
Seat 3: 5a2b081e ($32.58 in chips)
Seat 4: 7e3709 ($10 in chips)
Seat 5: b7912369 ($19.4 in chips)
Seat 6: Hero ($15.6 in chips)
7e3709: posts small blind $0.05
b7912369: posts big blind $0.1
*** HOLE CARDS ***
Dealt to 8e1351e8 
Dealt to 699245df 
Dealt to 5a2b081e 
Dealt to 7e3709 
Dealt to b7912369 
Dealt to Hero [6h 2d]
Hero: folds
8e1351e8: folds
699245df: folds
5a2b081e: folds
7e3709: raises $0.2 to $0.3
b7912369: folds
Uncalled bet ($0.2) returned to 7e3709
*** SHOWDOWN ***
7e3709 collected $0.2 from pot
*** SUMMARY ***
Total pot $0.2 | Rake $0 | Jackpot $0 | Bingo $0 | Fortune $0 | Tax $0
Seat 1: 8e1351e8 folded before Flop (didn't bet)
Seat 2: 699245df folded before Flop (didn't bet)
Seat 3: 5a2b081e (button) folded before Flop (didn't bet)
Seat 4: 7e3709 (small blind) collected ($0.2)
Seat 5: b7912369 (big blind) folded before Flop
Seat 6: Hero folded before Flop (didn't bet)


Poker Hand #HD1762841756: Hold'em No Limit ($0.05/$0.1) - 2024/05/07 20:00:18
Table 'NLHRed44' 6-max Seat #2 is the button
Seat 1: 8e1351e8 ($10 in chips)
Seat 2: 699245df ($10.12 in chips)
Seat 3: 5a2b081e ($32.63 in chips)
Seat 4: 7e3709 ($10.1 in chips)
Seat 5: b7912369 ($19.4 in chips)
Seat 6: Hero ($15.95 in chips)
5a2b081e: posts small blind $0.05
7e3709: posts big blind $0.1
*** HOLE CARDS ***
Dealt to 8e1351e8 
Dealt to 699245df 
Dealt to 5a2b081e 
Dealt to 7e3709 
Dealt to b7912369 
Dealt to Hero [3h Ah]
b7912369: folds
Hero: raises $0.1 to $0.2
8e1351e8: folds
699245df: calls $0.2
5a2b081e: folds
7e3709: folds
*** FLOP *** [3c 2s Jh]
Hero: checks
699245df: checks
*** TURN *** [3c 2s Jh] [9s]
Hero: checks
699245df: bets $0.15
Hero: calls $0.15
*** RIVER *** [3c 2s Jh 9s] [Qd]
Hero: checks
699245df: bets $0.43
Hero: folds
Uncalled bet ($0.43) returned to 699245df
*** SHOWDOWN ***
699245df collected $0.81 from pot
*** SUMMARY ***
Total pot $0.85 | Rake $0.04 | Jackpot $0 | Bingo $0 | Fortune $0 | Tax $0
Board [3c 2s Jh 9s Qd]
Seat 1: 8e1351e8 folded before Flop (didn't bet)
Seat 2: 699245df (button) won ($0.81)
Seat 3: 5a2b081e (small blind) folded before Flop
Seat 4: 7e3709 (big blind) folded before Flop
Seat 5: b7912369 folded before Flop (didn't bet)
Seat 6: Hero folded on the River


Poker Hand #HD1762841732: Hold'em No Limit ($0.05/$0.1) - 2024/05/07 20:00:04
Table 'NLHRed44' 6-max Seat #1 is the button
Seat 1: 8e1351e8 ($9.85 in chips)
Seat 2: 699245df ($10.17 in chips)
Seat 3: 5a2b081e ($32.73 in chips)
Seat 4: 7e3709 ($10.1 in chips)
Seat 5: b7912369 ($19.4 in chips)
Seat 6: Hero ($15.95 in chips)
699245df: posts small blind $0.05
5a2b081e: posts big blind $0.1
*** HOLE CARDS ***
Dealt to 8e1351e8 
Dealt to 699245df 
Dealt to 5a2b081e 
Dealt to 7e3709 
Dealt to b7912369 
Dealt to Hero [4d 2c]
7e3709: folds
b7912369: folds
Hero: folds
8e1351e8: raises $0.15 to $0.25
699245df: folds
5a2b081e: folds
Uncalled bet ($0.15) returned to 8e1351e8
*** SHOWDOWN ***
8e1351e8 collected $0.25 from pot
*** SUMMARY ***
Total pot $0.25 | Rake $0 | Jackpot $0 | Bingo $0 | Fortune $0 | Tax $0
Seat 1: 8e1351e8 (button) collected ($0.25)
Seat 2: 699245df (small blind) folded before Flop
Seat 3: 5a2b081e (big blind) folded before Flop
Seat 4: 7e3709 folded before Flop (didn't bet)
Seat 5: b7912369 folded before Flop (didn't bet)
Seat 6: Hero folded before Flop (didn't bet)


Poker Hand #HD1762841459: Hold'em No Limit ($0.05/$0.1) - 2024/05/07 19:57:30
Table 'NLHRed44' 6-max Seat #6 is the button
Seat 1: 8e1351e8 ($9.9 in chips)
Seat 2: 699245df ($14.09 in chips)
Seat 3: 5a2b081e ($32.98 in chips)
Seat 4: 7e3709 ($10.1 in chips)
Seat 5: b7912369 ($19.4 in chips)
Seat 6: Hero ($12.23 in chips)
8e1351e8: posts small blind $0.05
699245df: posts big blind $0.1
*** HOLE CARDS ***
Dealt to 8e1351e8 
Dealt to 699245df 
Dealt to 5a2b081e 
Dealt to 7e3709 
Dealt to b7912369 
Dealt to Hero [Ah Th]
5a2b081e: raises $0.15 to $0.25
7e3709: folds
b7912369: folds
Hero: raises $0.65 to $0.9
8e1351e8: folds
699245df: calls $0.8
5a2b081e: folds
*** FLOP *** [9s Jc 8d]
699245df: checks
Hero: bets $1.1
699245df: calls $1.1
*** TURN *** [9s Jc 8d] [Qh]
699245df: checks
Hero: bets $1.92
699245df: calls $1.92
*** RIVER *** [9s Jc 8d Qh] [3h]
699245df: checks
Hero: bets $8.31 and is all-in
699245df: folds
Uncalled bet ($8.31) returned to Hero
*** SHOWDOWN ***
Hero collected $7.64 from pot
*** SUMMARY ***
Total pot $8.14 | Rake $0.4 | Jackpot $0.1 | Bingo $0 | Fortune $0 | Tax $0
Board [9s Jc 8d Qh 3h]
Seat 1: 8e1351e8 (small blind) folded before Flop
Seat 2: 699245df (big blind) folded on the River
Seat 3: 5a2b081e folded before Flop
Seat 4: 7e3709 folded before Flop (didn't bet)
Seat 5: b7912369 folded before Flop (didn't bet)
Seat 6: Hero (button) won ($7.64)


Poker Hand #HD1762841428: Hold'em No Limit ($0.05/$0.1) - 2024/05/07 19:57:17
Table 'NLHRed44' 6-max Seat #5 is the button
Seat 1: 8e1351e8 ($10 in chips)
Seat 2: 699245df ($14.09 in chips)
Seat 3: 5a2b081e ($32.98 in chips)
Seat 4: 7e3709 ($10.1 in chips)
Seat 5: b7912369 ($19.25 in chips)
Seat 6: Hero ($12.28 in chips)
Hero: posts small blind $0.05
8e1351e8: posts big blind $0.1
*** HOLE CARDS ***
Dealt to 8e1351e8 
Dealt to 699245df 
Dealt to 5a2b081e 
Dealt to 7e3709 
Dealt to b7912369 
Dealt to Hero [Kd 9h]
699245df: folds
5a2b081e: folds
7e3709: folds
b7912369: raises $0.15 to $0.25
Hero: folds
8e1351e8: folds
Uncalled bet ($0.15) returned to b7912369
*** SHOWDOWN ***
b7912369 collected $0.25 from pot
*** SUMMARY ***
Total pot $0.25 | Rake $0 | Jackpot $0 | Bingo $0 | Fortune $0 | Tax $0
Seat 1: 8e1351e8 (big blind) folded before Flop
Seat 2: 699245df folded before Flop (didn't bet)
Seat 3: 5a2b081e folded before Flop (didn't bet)
Seat 4: 7e3709 folded before Flop (didn't bet)
Seat 5: b7912369 (button) collected ($0.25)
Seat 6: Hero (small blind) folded before Flop


Poker Hand #HD1762841393: Hold'em No Limit ($0.05/$0.1) - 2024/05/07 19:57:00
Table 'NLHRed44' 6-max Seat #4 is the button
Seat 1: 8e1351e8 ($10 in chips)
Seat 2: 699245df ($14.09 in chips)
Seat 3: 5a2b081e ($32.98 in chips)
Seat 4: 7e3709 ($10.1 in chips)
Seat 5: b7912369 ($19.15 in chips)
Seat 6: Hero ($12.38 in chips)
b7912369: posts small blind $0.05
Hero: posts big blind $0.1
*** HOLE CARDS ***
Dealt to 8e1351e8 
Dealt to 699245df 
Dealt to 5a2b081e 
Dealt to 7e3709 
Dealt to b7912369 
Dealt to Hero [Ad 3s]
8e1351e8: folds
699245df: folds
5a2b081e: folds
7e3709: folds
b7912369: raises $0.25 to $0.35
Hero: folds
Uncalled bet ($0.25) returned to b7912369
*** SHOWDOWN ***
b7912369 collected $0.2 from pot
*** SUMMARY ***
Total pot $0.2 | Rake $0 | Jackpot $0 | Bingo $0 | Fortune $0 | Tax $0
Seat 1: 8e1351e8 folded before Flop (didn't bet)
Seat 2: 699245df folded before Flop (didn't bet)
Seat 3: 5a2b081e folded before Flop (didn't bet)
Seat 4: 7e3709 (button) folded before Flop (didn't bet)
Seat 5: b7912369 (small blind) collected ($0.2)
Seat 6: Hero (big blind) folded before Flop


Poker Hand #HD1762841345: Hold'em No Limit ($0.05/$0.1) - 2024/05/07 19:56:42
Table 'NLHRed44' 6-max Seat #3 is the button
Seat 1: 8e1351e8 ($10 in chips)
Seat 2: 699245df ($14.09 in chips)
Seat 3: 5a2b081e ($32.98 in chips)
Seat 4: 7e3709 ($10 in chips)
Seat 5: b7912369 ($19.25 in chips)
Seat 6: Hero ($12.38 in chips)
7e3709: posts small blind $0.05
b7912369: posts big blind $0.1
*** HOLE CARDS ***
Dealt to 8e1351e8 
Dealt to 699245df 
Dealt to 5a2b081e 
Dealt to 7e3709 
Dealt to b7912369 
Dealt to Hero [4h 5d]
Hero: folds
8e1351e8: folds
699245df: folds
5a2b081e: folds
7e3709: raises $0.2 to $0.3
b7912369: folds
Uncalled bet ($0.2) returned to 7e3709
*** SHOWDOWN ***
7e3709 collected $0.2 from pot
*** SUMMARY ***
Total pot $0.2 | Rake $0 | Jackpot $0 | Bingo $0 | Fortune $0 | Tax $0
Seat 1: 8e1351e8 folded before Flop (didn't bet)
Seat 2: 699245df folded before Flop (didn't bet)
Seat 3: 5a2b081e (button) folded before Flop (didn't bet)
Seat 4: 7e3709 (small blind) collected ($0.2)
Seat 5: b7912369 (big blind) folded before Flop
Seat 6: Hero folded before Flop (didn't bet)


Poker Hand #HD1762841212: Hold'em No Limit ($0.05/$0.1) - 2024/05/07 19:55:32
Table 'NLHRed44' 6-max Seat #2 is the button
Seat 1: 8e1351e8 ($9.85 in chips)
Seat 2: 699245df ($14.09 in chips)
Seat 3: 5a2b081e ($33.03 in chips)
Seat 4: 7e3709 ($10 in chips)
Seat 5: b7912369 ($19.25 in chips)
Seat 6: Hero ($11.08 in chips)
5a2b081e: posts small blind $0.05
7e3709: posts big blind $0.1
*** HOLE CARDS ***
Dealt to 8e1351e8 
Dealt to 699245df 
Dealt to 5a2b081e 
Dealt to 7e3709 
Dealt to b7912369 
Dealt to Hero [8h 8c]
b7912369: folds
Hero: raises $0.1 to $0.2
8e1351e8: raises $0.4 to $0.6
699245df: folds
5a2b081e: folds
7e3709: folds
Hero: calls $0.4
*** FLOP *** [Kh Th 9d]
Hero: checks
8e1351e8: checks
*** TURN *** [Kh Th 9d] [Kc]
Hero: checks
8e1351e8: bets $0.68
Hero: calls $0.68
*** RIVER *** [Kh Th 9d Kc] [6s]
Hero: checks
8e1351e8: checks
Hero: shows [8h 8c] (Pair of Kings and Pair of Eights)
8e1351e8: shows [5c 5h] (Pair of Kings and Pair of Fives)
*** SHOWDOWN ***
Hero collected $2.58 from pot
*** SUMMARY ***
Total pot $2.71 | Rake $0.13 | Jackpot $0 | Bingo $0 | Fortune $0 | Tax $0
Board [Kh Th 9d Kc 6s]
Seat 1: 8e1351e8 showed [5c 5h] and lost with Pair of Kings and Pair of Fives
Seat 2: 699245df (button) folded before Flop (didn't bet)
Seat 3: 5a2b081e (small blind) folded before Flop
Seat 4: 7e3709 (big blind) folded before Flop
Seat 5: b7912369 folded before Flop (didn't bet)
Seat 6: Hero showed [8h 8c] and won ($2.58) with Pair of Kings and Pair of Eights


Poker Hand #HD1762841131: Hold'em No Limit ($0.05/$0.1) - 2024/05/07 19:54:53
Table 'NLHRed44' 6-max Seat #1 is the button
Seat 1: 8e1351e8 ($9.85 in chips)
Seat 2: 699245df ($14.33 in chips)
Seat 3: 5a2b081e ($33.13 in chips)
Seat 5: b7912369 ($19.25 in chips)
Seat 6: Hero ($10.76 in chips)
699245df: posts small blind $0.05
5a2b081e: posts big blind $0.1
*** HOLE CARDS ***
Dealt to 8e1351e8 
Dealt to 699245df 
Dealt to 5a2b081e 
Dealt to b7912369 
Dealt to Hero [9d Ah]
b7912369: folds
Hero: raises $0.14 to $0.24
8e1351e8: folds
699245df: calls $0.19
5a2b081e: folds
*** FLOP *** [8h 2h As]
699245df: checks
Hero: bets $0.3
699245df: folds
Uncalled bet ($0.3) returned to Hero
*** SHOWDOWN ***
Hero collected $0.56 from pot
*** SUMMARY ***
Total pot $0.58 | Rake $0.02 | Jackpot $0 | Bingo $0 | Fortune $0 | Tax $0
Board [8h 2h As]
Seat 1: 8e1351e8 (button) folded before Flop (didn't bet)
Seat 2: 699245df (small blind) folded on the Flop
Seat 3: 5a2b081e (big blind) folded before Flop
Seat 5: b7912369 folded before Flop (didn't bet)
Seat 6: Hero won ($0.56)


Poker Hand #HD1762841100: Hold'em No Limit ($0.05/$0.1) - 2024/05/07 19:54:41
Table 'NLHRed44' 6-max Seat #6 is the button
Seat 1: 8e1351e8 ($9.9 in chips)
Seat 2: 699245df ($14.28 in chips)
Seat 3: 5a2b081e ($33.13 in chips)
Seat 5: b7912369 ($19.25 in chips)
Seat 6: Hero ($10.76 in chips)
8e1351e8: posts small blind $0.05
699245df: posts big blind $0.1
*** HOLE CARDS ***
Dealt to 8e1351e8 
Dealt to 699245df 
Dealt to 5a2b081e 
Dealt to b7912369 
Dealt to Hero [2c Jc]
5a2b081e: folds
b7912369: folds
Hero: folds
8e1351e8: folds
Uncalled bet ($0.05) returned to 699245df
*** SHOWDOWN ***
699245df collected $0.1 from pot
*** SUMMARY ***
Total pot $0.1 | Rake $0 | Jackpot $0 | Bingo $0 | Fortune $0 | Tax $0
Seat 1: 8e1351e8 (small blind) folded before Flop
Seat 2: 699245df (big blind) collected ($0.1)
Seat 3: 5a2b081e folded before Flop (didn't bet)
Seat 5: b7912369 folded before Flop (didn't bet)
Seat 6: Hero (button) folded before Flop (didn't bet)


Poker Hand #HD1762841056: Hold'em No Limit ($0.05/$0.1) - 2024/05/07 19:54:20
Table 'NLHRed44' 6-max Seat #5 is the button
Seat 1: 8e1351e8 ($10 in chips)
Seat 2: 699245df ($14.28 in chips)
Seat 3: 5a2b081e ($33.13 in chips)
Seat 5: b7912369 ($19.5 in chips)
Seat 6: Hero ($10.44 in chips)
Hero: posts small blind $0.05
8e1351e8: posts big blind $0.1
*** HOLE CARDS ***
Dealt to 8e1351e8 
Dealt to 699245df 
Dealt to 5a2b081e 
Dealt to b7912369 
Dealt to Hero [Kh Jd]
699245df: folds
5a2b081e: folds
b7912369: raises $0.15 to $0.25
Hero: raises $0.85 to $1.1
8e1351e8: folds
b7912369: folds
Uncalled bet ($0.85) returned to Hero
*** SHOWDOWN ***
Hero collected $0.57 from pot
*** SUMMARY ***
Total pot $0.6 | Rake $0.03 | Jackpot $0 | Bingo $0 | Fortune $0 | Tax $0
Seat 1: 8e1351e8 (big blind) folded before Flop
Seat 2: 699245df folded before Flop (didn't bet)
Seat 3: 5a2b081e folded before Flop (didn't bet)
Seat 5: b7912369 (button) folded before Flop
Seat 6: Hero (small blind) collected ($0.57)


Poker Hand #HD1762840990: Hold'em No Limit ($0.05/$0.1) - 2024/05/07 19:53:52
Table 'NLHRed44' 6-max Seat #3 is the button
Seat 1: 8e1351e8 ($10 in chips)
Seat 2: 699245df ($14.13 in chips)
Seat 3: 5a2b081e ($33.13 in chips)
Seat 5: b7912369 ($19.55 in chips)
Seat 6: Hero ($10.54 in chips)
b7912369: posts small blind $0.05
Hero: posts big blind $0.1
*** HOLE CARDS ***
Dealt to 8e1351e8 
Dealt to 699245df 
Dealt to 5a2b081e 
Dealt to b7912369 
Dealt to Hero [Jd 3d]
8e1351e8: folds
699245df: raises $0.15 to $0.25
5a2b081e: folds
b7912369: folds
Hero: folds
Uncalled bet ($0.15) returned to 699245df
*** SHOWDOWN ***
699245df collected $0.25 from pot
*** SUMMARY ***
Total pot $0.25 | Rake $0 | Jackpot $0 | Bingo $0 | Fortune $0 | Tax $0
Seat 1: 8e1351e8 folded before Flop (didn't bet)
Seat 2: 699245df collected ($0.25)
Seat 3: 5a2b081e (button) folded before Flop (didn't bet)
Seat 5: b7912369 (small blind) folded before Flop
Seat 6: Hero (big blind) folded before Flop


Poker Hand #HD1762840927: Hold'em No Limit ($0.05/$0.1) - 2024/05/07 19:53:18
Table 'NLHRed44' 6-max Seat #2 is the button
Seat 1: 8e1351e8 ($10 in chips)
Seat 2: 699245df ($14.13 in chips)
Seat 3: 5a2b081e ($32.86 in chips)
Seat 5: b7912369 ($19.85 in chips)
Seat 6: Hero ($10.54 in chips)
5a2b081e: posts small blind $0.05
b7912369: posts big blind $0.1
*** HOLE CARDS ***
Dealt to 8e1351e8 
Dealt to 699245df 
Dealt to 5a2b081e 
Dealt to b7912369 
Dealt to Hero [2h 5d]
Hero: folds
8e1351e8: folds
699245df: folds
5a2b081e: raises $0.2 to $0.3
b7912369: calls $0.2
*** FLOP *** [9c Ac Jh]
5a2b081e: bets $0.3
b7912369: folds
Uncalled bet ($0.3) returned to 5a2b081e
*** SHOWDOWN ***
5a2b081e collected $0.57 from pot
*** SUMMARY ***
Total pot $0.6 | Rake $0.03 | Jackpot $0 | Bingo $0 | Fortune $0 | Tax $0
Board [9c Ac Jh]
Seat 1: 8e1351e8 folded before Flop (didn't bet)
Seat 2: 699245df (button) folded before Flop (didn't bet)
Seat 3: 5a2b081e (small blind) won ($0.57)
Seat 5: b7912369 (big blind) folded on the Flop
Seat 6: Hero folded before Flop (didn't bet)


Poker Hand #HD1762840762: Hold'em No Limit ($0.05/$0.1) - 2024/05/07 19:52:00
Table 'NLHRed44' 6-max Seat #1 is the button
Seat 1: 8e1351e8 ($10 in chips)
Seat 2: 699245df ($13.23 in chips)
Seat 3: 5a2b081e ($33.86 in chips)
Seat 5: b7912369 ($19.85 in chips)
Seat 6: Hero ($10.54 in chips)
699245df: posts small blind $0.05
5a2b081e: posts big blind $0.1
*** HOLE CARDS ***
Dealt to 8e1351e8 
Dealt to 699245df 
Dealt to 5a2b081e 
Dealt to b7912369 
Dealt to Hero [8d 3h]
b7912369: folds
Hero: folds
8e1351e8: folds
699245df: calls $0.05
5a2b081e: raises $0.3 to $0.4
699245df: calls $0.3
*** FLOP *** [5c 9c 7c]
699245df: checks
5a2b081e: bets $0.6
699245df: calls $0.6
*** TURN *** [5c 9c 7c] [Qh]
699245df: checks
5a2b081e: checks
*** RIVER *** [5c 9c 7c Qh] [Ac]
699245df: bets $0.75
5a2b081e: folds
Uncalled bet ($0.75) returned to 699245df
*** SHOWDOWN ***
699245df collected $1.9 from pot
*** SUMMARY ***
Total pot $2 | Rake $0.1 | Jackpot $0 | Bingo $0 | Fortune $0 | Tax $0
Board [5c 9c 7c Qh Ac]
Seat 1: 8e1351e8 (button) folded before Flop (didn't bet)
Seat 2: 699245df (small blind) won ($1.9)
Seat 3: 5a2b081e (big blind) folded on the River
Seat 5: b7912369 folded before Flop (didn't bet)
Seat 6: Hero folded before Flop (didn't bet)


Poker Hand #HD1762840571: Hold'em No Limit ($0.05/$0.1) - 2024/05/07 19:50:38
Table 'NLHRed44' 6-max Seat #6 is the button
Seat 1: 8e1351e8 ($10.05 in chips)
Seat 2: 699245df ($13.77 in chips)
Seat 3: 5a2b081e ($33.86 in chips)
Seat 5: b7912369 ($19.85 in chips)
Seat 6: Hero ($10 in chips)
8e1351e8: posts small blind $0.05
699245df: posts big blind $0.1
*** HOLE CARDS ***
Dealt to 8e1351e8 
Dealt to 699245df 
Dealt to 5a2b081e 
Dealt to b7912369 
Dealt to Hero [9c Qd]
5a2b081e: folds
b7912369: folds
Hero: raises $0.14 to $0.24
8e1351e8: folds
699245df: calls $0.14
*** FLOP *** [Jd 3c 4h]
699245df: checks
Hero: checks
*** TURN *** [Jd 3c 4h] [Ah]
699245df: checks
Hero: bets $0.3
699245df: calls $0.3
*** RIVER *** [Jd 3c 4h Ah] [Ad]
699245df: checks
Hero: bets $0.95
699245df: folds
Uncalled bet ($0.95) returned to Hero
*** SHOWDOWN ***
Hero collected $1.08 from pot
*** SUMMARY ***
Total pot $1.13 | Rake $0.05 | Jackpot $0 | Bingo $0 | Fortune $0 | Tax $0
Board [Jd 3c 4h Ah Ad]
Seat 1: 8e1351e8 (small blind) folded before Flop
Seat 2: 699245df (big blind) folded on the River
Seat 3: 5a2b081e folded before Flop (didn't bet)
Seat 5: b7912369 folded before Flop (didn't bet)
Seat 6: Hero (button) won ($1.08)


Poker Hand #HD1762840549: Hold'em No Limit ($0.05/$0.1) - 2024/05/07 19:50:28
Table 'NLHRed44' 6-max Seat #5 is the button
Seat 1: 8e1351e8 ($10 in chips)
Seat 2: 699245df ($13.77 in chips)
Seat 3: 5a2b081e ($33.86 in chips)
Seat 5: b7912369 ($19.85 in chips)
Seat 6: Hero ($10 in chips)
Hero: posts small blind $0.05
8e1351e8: posts big blind $0.1
*** HOLE CARDS ***
Dealt to 8e1351e8 
Dealt to 699245df 
Dealt to 5a2b081e 
Dealt to b7912369 
Dealt to Hero [6d 7h]
699245df: folds
5a2b081e: folds
b7912369: folds
Hero: folds
Uncalled bet ($0.05) returned to 8e1351e8
*** SHOWDOWN ***
8e1351e8 collected $0.1 from pot
*** SUMMARY ***
Total pot $0.1 | Rake $0 | Jackpot $0 | Bingo $0 | Fortune $0 | Tax $0
Seat 1: 8e1351e8 (big blind) collected ($0.1)
Seat 2: 699245df folded before Flop (didn't bet)
Seat 3: 5a2b081e folded before Flop (didn't bet)
Seat 5: b7912369 (button) folded before Flop (didn't bet)
Seat 6: Hero (small blind) folded before Flop


Poker Hand #HD1762840518: Hold'em No Limit ($0.05/$0.1) - 2024/05/07 19:50:12
Table 'NLHRed44' 6-max Seat #3 is the button
Seat 2: 699245df ($13.62 in chips)
Seat 3: 5a2b081e ($33.86 in chips)
Seat 5: b7912369 ($19.9 in chips)
Seat 6: Hero ($10 in chips)
b7912369: posts small blind $0.05
Hero: posts big blind $0.1
*** HOLE CARDS ***
Dealt to 699245df 
Dealt to 5a2b081e 
Dealt to b7912369 
Dealt to Hero [9c 6h]
699245df: raises $0.15 to $0.25
5a2b081e: folds
b7912369: folds
Hero: folds
Uncalled bet ($0.15) returned to 699245df
*** SHOWDOWN ***
699245df collected $0.25 from pot
*** SUMMARY ***
Total pot $0.25 | Rake $0 | Jackpot $0 | Bingo $0 | Fortune $0 | Tax $0
Seat 2: 699245df collected ($0.25)
Seat 3: 5a2b081e (button) folded before Flop (didn't bet)
Seat 5: b7912369 (small blind) folded before Flop
Seat 6: Hero (big blind) folded before Flop


Poker Hand #HD1762840501: Hold'em No Limit ($0.05/$0.1) - 2024/05/07 19:50:05
Table 'NLHRed44' 6-max Seat #2 is the button
Seat 2: 699245df ($13.62 in chips)
Seat 3: 5a2b081e ($33.91 in chips)
Seat 5: b7912369 ($19.85 in chips)
Seat 6: Hero ($10 in chips)
5a2b081e: posts small blind $0.05
b7912369: posts big blind $0.1
*** HOLE CARDS ***
Dealt to 699245df 
Dealt to 5a2b081e 
Dealt to b7912369 
Dealt to Hero [2h 5c]
Hero: folds
699245df: folds
5a2b081e: folds
Uncalled bet ($0.05) returned to b7912369
*** SHOWDOWN ***
b7912369 collected $0.1 from pot
*** SUMMARY ***
Total pot $0.1 | Rake $0 | Jackpot $0 | Bingo $0 | Fortune $0 | Tax $0
Seat 2: 699245df (button) folded before Flop (didn't bet)
Seat 3: 5a2b081e (small blind) folded before Flop
Seat 5: b7912369 (big blind) collected ($0.1)
Seat 6: Hero folded before Flop (didn't bet)


Poker Hand #HD1762840467: Hold'em No Limit ($0.05/$0.1) - 2024/05/07 19:49:49
Table 'NLHRed44' 6-max Seat #6 is the button
Seat 2: 699245df ($13.52 in chips)
Seat 3: 5a2b081e ($34.01 in chips)
Seat 4: a71a98a1 ($10 in chips)
Seat 5: b7912369 ($19.85 in chips)
Seat 6: Hero ($10 in chips)
699245df: posts small blind $0.05
5a2b081e: posts big blind $0.1
*** HOLE CARDS ***
Dealt to 699245df 
Dealt to 5a2b081e 
Dealt to a71a98a1 
Dealt to b7912369 
Dealt to Hero [6c 7h]
a71a98a1: folds
b7912369: folds
Hero: folds
699245df: raises $0.15 to $0.25
5a2b081e: folds
Uncalled bet ($0.15) returned to 699245df
*** SHOWDOWN ***
699245df collected $0.2 from pot
*** SUMMARY ***
Total pot $0.2 | Rake $0 | Jackpot $0 | Bingo $0 | Fortune $0 | Tax $0
Seat 2: 699245df (small blind) collected ($0.2)
Seat 3: 5a2b081e (big blind) folded before Flop
Seat 4: a71a98a1 folded before Flop (didn't bet)
Seat 5: b7912369 folded before Flop (didn't bet)
Seat 6: Hero (button) folded before Flop (didn't bet)


Poker Hand #HD1762840408: Hold'em No Limit ($0.05/$0.1) - 2024/05/07 19:49:19
Table 'NLHRed44' 6-max Seat #5 is the button
Seat 1: 8e1351e8 ($9.1 in chips)
Seat 2: 699245df ($13.37 in chips)
Seat 3: 5a2b081e ($34.01 in chips)
Seat 4: a71a98a1 ($10 in chips)
Seat 5: b7912369 ($19.85 in chips)
Seat 6: Hero ($10 in chips)
Hero: posts small blind $0.05
8e1351e8: posts big blind $0.1
*** HOLE CARDS ***
Dealt to 8e1351e8 
Dealt to 699245df 
Dealt to 5a2b081e 
Dealt to a71a98a1 
Dealt to b7912369 
Dealt to Hero [5c 9h]
699245df: raises $0.15 to $0.25
5a2b081e: folds
a71a98a1: folds
b7912369: folds
Hero: folds
8e1351e8: folds
Uncalled bet ($0.15) returned to 699245df
*** SHOWDOWN ***
699245df collected $0.25 from pot
*** SUMMARY ***
Total pot $0.25 | Rake $0 | Jackpot $0 | Bingo $0 | Fortune $0 | Tax $0
Seat 1: 8e1351e8 (big blind) folded before Flop
Seat 2: 699245df collected ($0.25)
Seat 3: 5a2b081e folded before Flop (didn't bet)
Seat 4: a71a98a1 folded before Flop (didn't bet)
Seat 5: b7912369 (button) folded before Flop (didn't bet)
Seat 6: Hero (small blind) folded before Flop


Poker Hand #HD1762840301: Hold'em No Limit ($0.05/$0.1) - 2024/05/07 19:48:31
Table 'NLHRed44' 6-max Seat #4 is the button
Seat 1: 8e1351e8 ($9.1 in chips)
Seat 2: 699245df ($13 in chips)
Seat 3: 5a2b081e ($34.26 in chips)
Seat 4: a71a98a1 ($10 in chips)
Seat 5: b7912369 ($19.9 in chips)
Seat 6: Hero ($10 in chips)
b7912369: posts small blind $0.05
Hero: posts big blind $0.1
*** HOLE CARDS ***
Dealt to 8e1351e8 
Dealt to 699245df 
Dealt to 5a2b081e 
Dealt to a71a98a1 
Dealt to b7912369 
Dealt to Hero [5h 2d]
8e1351e8: folds
699245df: raises $0.15 to $0.25
5a2b081e: calls $0.25
a71a98a1: folds
b7912369: folds
Hero: folds
*** FLOP *** [Kc 2c Ad]
699245df: checks
5a2b081e: checks
*** TURN *** [Kc 2c Ad] [4h]
699245df: bets $0.2
5a2b081e: folds
Uncalled bet ($0.2) returned to 699245df
*** SHOWDOWN ***
699245df collected $0.62 from pot
*** SUMMARY ***
Total pot $0.65 | Rake $0.03 | Jackpot $0 | Bingo $0 | Fortune $0 | Tax $0
Board [Kc 2c Ad 4h]
Seat 1: 8e1351e8 folded before Flop (didn't bet)
Seat 2: 699245df won ($0.62)
Seat 3: 5a2b081e folded on the Turn
Seat 4: a71a98a1 (button) folded before Flop (didn't bet)
Seat 5: b7912369 (small blind) folded before Flop
Seat 6: Hero (big blind) folded before Flop


Poker Hand #HD1762840281: Hold'em No Limit ($0.05/$0.1) - 2024/05/07 19:48:20
Table 'NLHRed44' 6-max Seat #3 is the button
Seat 1: 8e1351e8 ($9.1 in chips)
Seat 2: 699245df ($13 in chips)
Seat 3: 5a2b081e ($34.26 in chips)
Seat 4: a71a98a1 ($10 in chips)
Seat 5: b7912369 ($19.85 in chips)
Seat 6: Hero ($10 in chips)
a71a98a1: posts small blind $0.05
b7912369: posts big blind $0.1
*** HOLE CARDS ***
Dealt to 8e1351e8 
Dealt to 699245df 
Dealt to 5a2b081e 
Dealt to a71a98a1 
Dealt to b7912369 
Dealt to Hero [4h 7h]
Hero: folds
8e1351e8: folds
699245df: folds
5a2b081e: folds
a71a98a1: folds
Uncalled bet ($0.05) returned to b7912369
*** SHOWDOWN ***
b7912369 collected $0.1 from pot
*** SUMMARY ***
Total pot $0.1 | Rake $0 | Jackpot $0 | Bingo $0 | Fortune $0 | Tax $0
Seat 1: 8e1351e8 folded before Flop (didn't bet)
Seat 2: 699245df folded before Flop (didn't bet)
Seat 3: 5a2b081e (button) folded before Flop (didn't bet)
Seat 4: a71a98a1 (small blind) folded before Flop
Seat 5: b7912369 (big blind) collected ($0.1)
Seat 6: Hero folded before Flop (didn't bet)


Poker Hand #HD1762840221: Hold'em No Limit ($0.05/$0.1) - 2024/05/07 19:47:45
Table 'NLHRed44' 6-max Seat #2 is the button
Seat 1: 8e1351e8 ($9.1 in chips)
Seat 2: 699245df ($13 in chips)
Seat 3: 5a2b081e ($34.31 in chips)
Seat 4: a71a98a1 ($10 in chips)
Seat 5: b7912369 ($19.57 in chips)
Seat 6: Hero ($10 in chips)
5a2b081e: posts small blind $0.05
a71a98a1: posts big blind $0.1
*** HOLE CARDS ***
Dealt to 8e1351e8 
Dealt to 699245df 
Dealt to 5a2b081e 
Dealt to a71a98a1 
Dealt to b7912369 
Dealt to Hero [9s Ac]
b7912369: raises $0.15 to $0.25
Hero: folds
8e1351e8: folds
699245df: folds
5a2b081e: folds
a71a98a1: calls $0.15
*** FLOP *** [Ah Ts 3h]
a71a98a1: checks
b7912369: bets $0.14
a71a98a1: folds
Uncalled bet ($0.14) returned to b7912369
*** SHOWDOWN ***
b7912369 collected $0.53 from pot
*** SUMMARY ***
Total pot $0.55 | Rake $0.02 | Jackpot $0 | Bingo $0 | Fortune $0 | Tax $0
Board [Ah Ts 3h]
Seat 1: 8e1351e8 folded before Flop (didn't bet)
Seat 2: 699245df (button) folded before Flop (didn't bet)
Seat 3: 5a2b081e (small blind) folded before Flop
Seat 4: a71a98a1 (big blind) folded on the Flop
Seat 5: b7912369 won ($0.53)
Seat 6: Hero folded before Flop (didn't bet)


Poker Hand #HD1762840158: Hold'em No Limit ($0.05/$0.1) - 2024/05/07 19:47:19
Table 'NLHRed44' 6-max Seat #1 is the button
Seat 1: 8e1351e8 ($9.35 in chips)
Seat 2: 699245df ($12.68 in chips)
Seat 3: 5a2b081e ($34.41 in chips)
Seat 4: a71a98a1 ($10 in chips)
Seat 5: b7912369 ($19.57 in chips)
Seat 6: Hero ($10 in chips)
699245df: posts small blind $0.05
5a2b081e: posts big blind $0.1
*** HOLE CARDS ***
Dealt to 8e1351e8 
Dealt to 699245df 
Dealt to 5a2b081e 
Dealt to a71a98a1 
Dealt to b7912369 
Dealt to Hero [8d Ac]
a71a98a1: folds
b7912369: folds
Hero: folds
8e1351e8: raises $0.15 to $0.25
699245df: raises $0.45 to $0.7
5a2b081e: folds
8e1351e8: folds
Uncalled bet ($0.45) returned to 699245df
*** SHOWDOWN ***
699245df collected $0.57 from pot
*** SUMMARY ***
Total pot $0.6 | Rake $0.03 | Jackpot $0 | Bingo $0 | Fortune $0 | Tax $0
Seat 1: 8e1351e8 (button) folded before Flop
Seat 2: 699245df (small blind) collected ($0.57)
Seat 3: 5a2b081e (big blind) folded before Flop
Seat 4: a71a98a1 folded before Flop (didn't bet)
Seat 5: b7912369 folded before Flop (didn't bet)
Seat 6: Hero folded before Flop (didn't bet)


Poker Hand #HD1762840039: Hold'em No Limit ($0.05/$0.1) - 2024/05/07 19:46:25
Table 'NLHRed44' 6-max Seat #6 is the button
Seat 1: 8e1351e8 ($9.4 in chips)
Seat 2: 699245df ($13.07 in chips)
Seat 3: 5a2b081e ($34.41 in chips)
Seat 4: a71a98a1 ($10 in chips)
Seat 5: b7912369 ($19.17 in chips)
Seat 6: Hero ($10 in chips)
8e1351e8: posts small blind $0.05
699245df: posts big blind $0.1
*** HOLE CARDS ***
Dealt to 8e1351e8 
Dealt to 699245df 
Dealt to 5a2b081e 
Dealt to a71a98a1 
Dealt to b7912369 
Dealt to Hero [3s 4s]
5a2b081e: folds
a71a98a1: folds
b7912369: raises $0.15 to $0.25
Hero: folds
8e1351e8: folds
699245df: calls $0.15
*** FLOP *** [Ad 9s Kh]
699245df: checks
b7912369: bets $0.14
699245df: calls $0.14
*** TURN *** [Ad 9s Kh] [Kd]
699245df: checks
b7912369: bets $0.63
699245df: folds
Uncalled bet ($0.63) returned to b7912369
*** SHOWDOWN ***
b7912369 collected $0.79 from pot
*** SUMMARY ***
Total pot $0.83 | Rake $0.04 | Jackpot $0 | Bingo $0 | Fortune $0 | Tax $0
Board [Ad 9s Kh Kd]
Seat 1: 8e1351e8 (small blind) folded before Flop
Seat 2: 699245df (big blind) folded on the Turn
Seat 3: 5a2b081e folded before Flop (didn't bet)
Seat 4: a71a98a1 folded before Flop (didn't bet)
Seat 5: b7912369 won ($0.79)
Seat 6: Hero (button) folded before Flop (didn't bet)


Poker Hand #HD1762839966: Hold'em No Limit ($0.05/$0.1) - 2024/05/07 19:45:49
Table 'NLHRed44' 6-max Seat #5 is the button
Seat 1: 8e1351e8 ($9.5 in chips)
Seat 2: 699245df ($13.32 in chips)
Seat 3: 5a2b081e ($34.04 in chips)
Seat 4: a71a98a1 ($10 in chips)
Seat 5: b7912369 ($19.17 in chips)
Seat 6: Hero ($10.05 in chips)
Hero: posts small blind $0.05
8e1351e8: posts big blind $0.1
*** HOLE CARDS ***
Dealt to 8e1351e8 
Dealt to 699245df 
Dealt to 5a2b081e 
Dealt to a71a98a1 
Dealt to b7912369 
Dealt to Hero [5c 2s]
699245df: raises $0.15 to $0.25
5a2b081e: raises $0.75 to $1
a71a98a1: folds
b7912369: folds
Hero: folds
8e1351e8: folds
699245df: folds
Uncalled bet ($0.75) returned to 5a2b081e
*** SHOWDOWN ***
5a2b081e collected $0.62 from pot
*** SUMMARY ***
Total pot $0.65 | Rake $0.03 | Jackpot $0 | Bingo $0 | Fortune $0 | Tax $0
Seat 1: 8e1351e8 (big blind) folded before Flop
Seat 2: 699245df folded before Flop
Seat 3: 5a2b081e collected ($0.62)
Seat 4: a71a98a1 folded before Flop (didn't bet)
Seat 5: b7912369 (button) folded before Flop (didn't bet)
Seat 6: Hero (small blind) folded before Flop


Poker Hand #HD1762839938: Hold'em No Limit ($0.05/$0.1) - 2024/05/07 19:45:40
Table 'NLHRed44' 6-max Seat #4 is the button
Seat 2: 699245df ($13.32 in chips)
Seat 3: 5a2b081e ($34.04 in chips)
Seat 4: a71a98a1 ($10 in chips)
Seat 5: b7912369 ($19.22 in chips)
Seat 6: Hero ($10 in chips)
b7912369: posts small blind $0.05
Hero: posts big blind $0.1
*** HOLE CARDS ***
Dealt to 699245df 
Dealt to 5a2b081e 
Dealt to a71a98a1 
Dealt to b7912369 
Dealt to Hero [Th 9c]
699245df: folds
5a2b081e: folds
a71a98a1: folds
b7912369: folds
Uncalled bet ($0.05) returned to Hero
*** SHOWDOWN ***
Hero collected $0.1 from pot
*** SUMMARY ***
Total pot $0.1 | Rake $0 | Jackpot $0 | Bingo $0 | Fortune $0 | Tax $0
Seat 2: 699245df folded before Flop (didn't bet)
Seat 3: 5a2b081e folded before Flop (didn't bet)
Seat 4: a71a98a1 (button) folded before Flop (didn't bet)
Seat 5: b7912369 (small blind) folded before Flop
Seat 6: Hero (big blind) collected ($0.1)


Poker Hand #HD1762839890: Hold'em No Limit ($0.05/$0.1) - 2024/05/07 19:45:17
Table 'NLHRed44' 6-max Seat #3 is the button
Seat 2: 699245df ($13.32 in chips)
Seat 3: 5a2b081e ($34.04 in chips)
Seat 4: a71a98a1 ($10 in chips)
Seat 5: b7912369 ($18.99 in chips)
Seat 6: Hero ($10 in chips)
a71a98a1: posts small blind $0.05
b7912369: posts big blind $0.1
*** HOLE CARDS ***
Dealt to 699245df 
Dealt to 5a2b081e 
Dealt to a71a98a1 
Dealt to b7912369 
Dealt to Hero [Ks 9s]
Hero: raises $0.1 to $0.2
699245df: folds
5a2b081e: folds
a71a98a1: folds
b7912369: raises $0.6 to $0.8
Hero: folds
Uncalled bet ($0.6) returned to b7912369
*** SHOWDOWN ***
b7912369 collected $0.43 from pot
*** SUMMARY ***
Total pot $0.45 | Rake $0.02 | Jackpot $0 | Bingo $0 | Fortune $0 | Tax $0
Seat 2: 699245df folded before Flop (didn't bet)
Seat 3: 5a2b081e (button) folded before Flop (didn't bet)
Seat 4: a71a98a1 (small blind) folded before Flop
Seat 5: b7912369 (big blind) collected ($0.43)
Seat 6: Hero folded before Flop


Poker Hand #HD1762839722: Hold'em No Limit ($0.05/$0.1) - 2024/05/07 19:43:56
Table 'NLHRed44' 6-max Seat #2 is the button
Seat 1: 8e1351e8 ($9.5 in chips)
Seat 2: 699245df ($10.87 in chips)
Seat 3: 5a2b081e ($34.09 in chips)
Seat 4: a71a98a1 ($10 in chips)
Seat 5: b7912369 ($18.99 in chips)
Seat 6: Hero ($10 in chips)
5a2b081e: posts small blind $0.05
a71a98a1: posts big blind $0.1
*** HOLE CARDS ***
Dealt to 8e1351e8 
Dealt to 699245df 
Dealt to 5a2b081e 
Dealt to a71a98a1 
Dealt to b7912369 
Dealt to Hero [4d 3s]
b7912369: folds
Hero: folds
8e1351e8: folds
699245df: raises $0.15 to $0.25
5a2b081e: folds
a71a98a1: calls $0.15
*** FLOP *** [2s Th 7s]
a71a98a1: checks
699245df: bets $0.28
a71a98a1: calls $0.28
*** TURN *** [2s Th 7s] [7c]
a71a98a1: checks
699245df: bets $0.56
a71a98a1: raises $1.68 to $2.24
699245df: raises $8.1 to $10.34 and is all-in
a71a98a1: folds
Uncalled bet ($8.1) returned to 699245df
*** SHOWDOWN ***
699245df collected $5.22 from pot
*** SUMMARY ***
Total pot $5.59 | Rake $0.27 | Jackpot $0.1 | Bingo $0 | Fortune $0 | Tax $0
Board [2s Th 7s 7c]
Seat 1: 8e1351e8 folded before Flop (didn't bet)
Seat 2: 699245df (button) won ($5.22)
Seat 3: 5a2b081e (small blind) folded before Flop
Seat 4: a71a98a1 (big blind) folded on the Turn
Seat 5: b7912369 folded before Flop (didn't bet)
Seat 6: Hero folded before Flop (didn't bet)


Poker Hand #HD1762839575: Hold'em No Limit ($0.05/$0.1) - 2024/05/07 19:42:40
Table 'NLHRed44' 6-max Seat #1 is the button
Seat 1: 8e1351e8 ($9.5 in chips)
Seat 2: 699245df ($14.97 in chips)
Seat 3: 5a2b081e ($34.19 in chips)
Seat 4: a71a98a1 ($10 in chips)
Seat 5: b7912369 ($14.44 in chips)
Seat 6: Hero ($10 in chips)
699245df: posts small blind $0.05
5a2b081e: posts big blind $0.1
*** HOLE CARDS ***
Dealt to 8e1351e8 
Dealt to 699245df 
Dealt to 5a2b081e 
Dealt to a71a98a1 
Dealt to b7912369 
Dealt to Hero [Ks Qh]
a71a98a1: folds
b7912369: raises $0.15 to $0.25
Hero: raises $0.65 to $0.9
8e1351e8: folds
699245df: calls $0.85
5a2b081e: folds
b7912369: calls $0.65
*** FLOP *** [6h 3h 5d]
699245df: checks
b7912369: checks
Hero: checks
*** TURN *** [6h 3h 5d] [Td]
699245df: bets $0.9
b7912369: calls $0.9
Hero: folds
*** RIVER *** [6h 3h 5d Td] [3s]
699245df: bets $2.3
b7912369: calls $2.3
699245df: shows [7d 7c] (Pair of Sevens and Pair of Treys)
b7912369: shows [8c 8d] (Pair of Eights and Pair of Treys)
*** SHOWDOWN ***
b7912369 collected $8.65 from pot
*** SUMMARY ***
Total pot $9.2 | Rake $0.45 | Jackpot $0.1 | Bingo $0 | Fortune $0 | Tax $0
Board [6h 3h 5d Td 3s]
Seat 1: 8e1351e8 (button) folded before Flop (didn't bet)
Seat 2: 699245df (small blind) showed [7d 7c] and lost with Pair of Sevens and Pair of Treys
Seat 3: 5a2b081e (big blind) folded before Flop
Seat 4: a71a98a1 folded before Flop (didn't bet)
Seat 5: b7912369 showed [8c 8d] and won ($8.65) with Pair of Eights and Pair of Treys
Seat 6: Hero folded on the Turn


Poker Hand #HD1762839482: Hold'em No Limit ($0.05/$0.1) - 2024/05/07 19:41:54
Table 'NLHRed44' 6-max Seat #6 is the button
Seat 1: 8e1351e8 ($9.12 in chips)
Seat 2: 699245df ($15.39 in chips)
Seat 3: 5a2b081e ($34.19 in chips)
Seat 4: a71a98a1 ($10 in chips)
Seat 5: b7912369 ($14.44 in chips)
Seat 6: Hero ($10 in chips)
8e1351e8: posts small blind $0.05
699245df: posts big blind $0.1
*** HOLE CARDS ***
Dealt to 8e1351e8 
Dealt to 699245df 
Dealt to 5a2b081e 
Dealt to a71a98a1 
Dealt to b7912369 
Dealt to Hero [7d Jh]
5a2b081e: folds
a71a98a1: folds
b7912369: folds
Hero: folds
8e1351e8: raises $0.15 to $0.25
699245df: calls $0.15
*** FLOP *** [Tc 9c 3d]
8e1351e8: bets $0.17
699245df: calls $0.17
*** TURN *** [Tc 9c 3d] [2s]
8e1351e8: bets $0.63
699245df: folds
Uncalled bet ($0.63) returned to 8e1351e8
*** SHOWDOWN ***
8e1351e8 collected $0.8 from pot
*** SUMMARY ***
Total pot $0.84 | Rake $0.04 | Jackpot $0 | Bingo $0 | Fortune $0 | Tax $0
Board [Tc 9c 3d 2s]
Seat 1: 8e1351e8 (small blind) won ($0.8)
Seat 2: 699245df (big blind) folded on the Turn
Seat 3: 5a2b081e folded before Flop (didn't bet)
Seat 4: a71a98a1 folded before Flop (didn't bet)
Seat 5: b7912369 folded before Flop (didn't bet)
Seat 6: Hero (button) folded before Flop (didn't bet)


Poker Hand #HD1762839436: Hold'em No Limit ($0.05/$0.1) - 2024/05/07 19:41:33
Table 'NLHRed44' 6-max Seat #5 is the button
Seat 1: 8e1351e8 ($9.22 in chips)
Seat 2: 699245df ($15.24 in chips)
Seat 3: 5a2b081e ($34.19 in chips)
Seat 4: a71a98a1 ($10 in chips)
Seat 5: b7912369 ($14.44 in chips)
Seat 6: Hero ($10 in chips)
Hero: posts small blind $0.05
8e1351e8: posts big blind $0.1
*** HOLE CARDS ***
Dealt to 8e1351e8 
Dealt to 699245df 
Dealt to 5a2b081e 
Dealt to a71a98a1 
Dealt to b7912369 
Dealt to Hero [8h 5s]
699245df: raises $0.15 to $0.25
5a2b081e: folds
a71a98a1: folds
b7912369: folds
Hero: folds
8e1351e8: folds
Uncalled bet ($0.15) returned to 699245df
*** SHOWDOWN ***
699245df collected $0.25 from pot
*** SUMMARY ***
Total pot $0.25 | Rake $0 | Jackpot $0 | Bingo $0 | Fortune $0 | Tax $0
Seat 1: 8e1351e8 (big blind) folded before Flop
Seat 2: 699245df collected ($0.25)
Seat 3: 5a2b081e folded before Flop (didn't bet)
Seat 4: a71a98a1 folded before Flop (didn't bet)
Seat 5: b7912369 (button) folded before Flop (didn't bet)
Seat 6: Hero (small blind) folded before Flop


Poker Hand #HD1762839377: Hold'em No Limit ($0.05/$0.1) - 2024/05/07 19:41:05
Table 'NLHRed44' 6-max Seat #4 is the button
Seat 1: 8e1351e8 ($9.47 in chips)
Seat 2: 699245df ($15.24 in chips)
Seat 3: 5a2b081e ($34.19 in chips)
Seat 4: a71a98a1 ($10 in chips)
Seat 5: b7912369 ($14.12 in chips)
Seat 6: Hero ($10 in chips)
b7912369: posts small blind $0.05
Hero: posts big blind $0.1
*** HOLE CARDS ***
Dealt to 8e1351e8 
Dealt to 699245df 
Dealt to 5a2b081e 
Dealt to a71a98a1 
Dealt to b7912369 
Dealt to Hero [6c 3h]
8e1351e8: raises $0.15 to $0.25
699245df: folds
5a2b081e: folds
a71a98a1: folds
b7912369: raises $0.85 to $1.1
Hero: folds
8e1351e8: folds
Uncalled bet ($0.85) returned to b7912369
*** SHOWDOWN ***
b7912369 collected $0.57 from pot
*** SUMMARY ***
Total pot $0.6 | Rake $0.03 | Jackpot $0 | Bingo $0 | Fortune $0 | Tax $0
Seat 1: 8e1351e8 folded before Flop
Seat 2: 699245df folded before Flop (didn't bet)
Seat 3: 5a2b081e folded before Flop (didn't bet)
Seat 4: a71a98a1 (button) folded before Flop (didn't bet)
Seat 5: b7912369 (small blind) collected ($0.57)
Seat 6: Hero (big blind) folded before Flop


Poker Hand #HD1762839255: Hold'em No Limit ($0.05/$0.1) - 2024/05/07 19:40:09
Table 'NLHRed44' 6-max Seat #3 is the button
Seat 1: 8e1351e8 ($9.47 in chips)
Seat 2: 699245df ($15.24 in chips)
Seat 3: 5a2b081e ($34.19 in chips)
Seat 4: a71a98a1 ($10 in chips)
Seat 5: b7912369 ($13.75 in chips)
Seat 6: Hero ($10.03 in chips)
a71a98a1: posts small blind $0.05
b7912369: posts big blind $0.1
*** HOLE CARDS ***
Dealt to 8e1351e8 
Dealt to 699245df 
Dealt to 5a2b081e 
Dealt to a71a98a1 
Dealt to b7912369 
Dealt to Hero [Ad Ts]
Hero: raises $0.1 to $0.2
8e1351e8: folds
699245df: folds
5a2b081e: folds
a71a98a1: folds
b7912369: calls $0.1
*** FLOP *** [7d Js 2d]
b7912369: checks
Hero: bets $0.15
b7912369: raises $0.38 to $0.53
Hero: folds
Uncalled bet ($0.38) returned to b7912369
*** SHOWDOWN ***
b7912369 collected $0.72 from pot
*** SUMMARY ***
Total pot $0.75 | Rake $0.03 | Jackpot $0 | Bingo $0 | Fortune $0 | Tax $0
Board [7d Js 2d]
Seat 1: 8e1351e8 folded before Flop (didn't bet)
Seat 2: 699245df folded before Flop (didn't bet)
Seat 3: 5a2b081e (button) folded before Flop (didn't bet)
Seat 4: a71a98a1 (small blind) folded before Flop
Seat 5: b7912369 (big blind) won ($0.72)
Seat 6: Hero folded on the Flop


Poker Hand #HD1762839177: Hold'em No Limit ($0.05/$0.1) - 2024/05/07 19:39:31
Table 'NLHRed44' 6-max Seat #2 is the button
Seat 1: 8e1351e8 ($10.21 in chips)
Seat 2: 699245df ($14.43 in chips)
Seat 3: 5a2b081e ($34.24 in chips)
Seat 4: a71a98a1 ($10 in chips)
Seat 5: b7912369 ($13.75 in chips)
Seat 6: Hero ($10.03 in chips)
5a2b081e: posts small blind $0.05
a71a98a1: posts big blind $0.1
*** HOLE CARDS ***
Dealt to 8e1351e8 
Dealt to 699245df 
Dealt to 5a2b081e 
Dealt to a71a98a1 
Dealt to b7912369 
Dealt to Hero [6h 8d]
b7912369: folds
Hero: folds
8e1351e8: raises $0.15 to $0.25
699245df: raises $0.49 to $0.74
5a2b081e: folds
a71a98a1: folds
8e1351e8: calls $0.49
*** FLOP *** [5d Kd 9s]
8e1351e8: checks
699245df: bets $0.45
8e1351e8: folds
Uncalled bet ($0.45) returned to 699245df
*** SHOWDOWN ***
699245df collected $1.55 from pot
*** SUMMARY ***
Total pot $1.63 | Rake $0.08 | Jackpot $0 | Bingo $0 | Fortune $0 | Tax $0
Board [5d Kd 9s]
Seat 1: 8e1351e8 folded on the Flop
Seat 2: 699245df (button) won ($1.55)
Seat 3: 5a2b081e (small blind) folded before Flop
Seat 4: a71a98a1 (big blind) folded before Flop
Seat 5: b7912369 folded before Flop (didn't bet)
Seat 6: Hero folded before Flop (didn't bet)


Poker Hand #HD1762839113: Hold'em No Limit ($0.05/$0.1) - 2024/05/07 19:39:02
Table 'NLHRed44' 6-max Seat #1 is the button
Seat 1: 8e1351e8 ($9.85 in chips)
Seat 2: 699245df ($14.48 in chips)
Seat 3: 5a2b081e ($34.34 in chips)
Seat 4: a71a98a1 ($10 in chips)
Seat 5: b7912369 ($13.75 in chips)
Seat 6: Hero ($10.27 in chips)
699245df: posts small blind $0.05
5a2b081e: posts big blind $0.1
*** HOLE CARDS ***
Dealt to 8e1351e8 
Dealt to 699245df 
Dealt to 5a2b081e 
Dealt to a71a98a1 
Dealt to b7912369 
Dealt to Hero [Kh Qd]
a71a98a1: folds
b7912369: folds
Hero: raises $0.14 to $0.24
8e1351e8: raises $0.54 to $0.78
699245df: folds
5a2b081e: folds
Hero: folds
Uncalled bet ($0.54) returned to 8e1351e8
*** SHOWDOWN ***
8e1351e8 collected $0.6 from pot
*** SUMMARY ***
Total pot $0.63 | Rake $0.03 | Jackpot $0 | Bingo $0 | Fortune $0 | Tax $0
Seat 1: 8e1351e8 (button) collected ($0.6)
Seat 2: 699245df (small blind) folded before Flop
Seat 3: 5a2b081e (big blind) folded before Flop
Seat 4: a71a98a1 folded before Flop (didn't bet)
Seat 5: b7912369 folded before Flop (didn't bet)
Seat 6: Hero folded before Flop


Poker Hand #HD1762839062: Hold'em No Limit ($0.05/$0.1) - 2024/05/07 19:38:38
Table 'NLHRed44' 6-max Seat #6 is the button
Seat 1: 8e1351e8 ($9.9 in chips)
Seat 2: 699245df ($14.58 in chips)
Seat 3: 5a2b081e ($34.34 in chips)
Seat 4: a71a98a1 ($10 in chips)
Seat 5: b7912369 ($13.6 in chips)
Seat 6: Hero ($10.27 in chips)
8e1351e8: posts small blind $0.05
699245df: posts big blind $0.1
*** HOLE CARDS ***
Dealt to 8e1351e8 
Dealt to 699245df 
Dealt to 5a2b081e 
Dealt to a71a98a1 
Dealt to b7912369 
Dealt to Hero [Qh 5s]
5a2b081e: folds
a71a98a1: folds
b7912369: raises $0.15 to $0.25
Hero: folds
8e1351e8: folds
699245df: folds
Uncalled bet ($0.15) returned to b7912369
*** SHOWDOWN ***
b7912369 collected $0.25 from pot
*** SUMMARY ***
Total pot $0.25 | Rake $0 | Jackpot $0 | Bingo $0 | Fortune $0 | Tax $0
Seat 1: 8e1351e8 (small blind) folded before Flop
Seat 2: 699245df (big blind) folded before Flop
Seat 3: 5a2b081e folded before Flop (didn't bet)
Seat 4: a71a98a1 folded before Flop (didn't bet)
Seat 5: b7912369 collected ($0.25)
Seat 6: Hero (button) folded before Flop (didn't bet)


Poker Hand #HD1762838977: Hold'em No Limit ($0.05/$0.1) - 2024/05/07 19:38:00
Table 'NLHRed44' 6-max Seat #5 is the button
Seat 1: 8e1351e8 ($10 in chips)
Seat 2: 699245df ($14.21 in chips)
Seat 3: 5a2b081e ($34.34 in chips)
Seat 4: a71a98a1 ($10 in chips)
Seat 5: b7912369 ($13.6 in chips)
Seat 6: Hero ($10.32 in chips)
Hero: posts small blind $0.05
8e1351e8: posts big blind $0.1
*** HOLE CARDS ***
Dealt to 8e1351e8 
Dealt to 699245df 
Dealt to 5a2b081e 
Dealt to a71a98a1 
Dealt to b7912369 
Dealt to Hero [Kh Ts]
699245df: raises $0.15 to $0.25
5a2b081e: folds
a71a98a1: calls $0.25
b7912369: folds
Hero: folds
8e1351e8: folds
*** FLOP *** [8c Jd 9s]
699245df: bets $0.2
a71a98a1: folds
Uncalled bet ($0.2) returned to 699245df
*** SHOWDOWN ***
699245df collected $0.62 from pot
*** SUMMARY ***
Total pot $0.65 | Rake $0.03 | Jackpot $0 | Bingo $0 | Fortune $0 | Tax $0
Board [8c Jd 9s]
Seat 1: 8e1351e8 (big blind) folded before Flop
Seat 2: 699245df won ($0.62)
Seat 3: 5a2b081e folded before Flop (didn't bet)
Seat 4: a71a98a1 folded on the Flop
Seat 5: b7912369 (button) folded before Flop (didn't bet)
Seat 6: Hero (small blind) folded before Flop


Poker Hand #HD1762838916: Hold'em No Limit ($0.05/$0.1) - 2024/05/07 19:37:29
Table 'NLHRed44' 6-max Seat #4 is the button
Seat 2: 699245df ($14.21 in chips)
Seat 3: 5a2b081e ($34.34 in chips)
Seat 4: a71a98a1 ($10 in chips)
Seat 5: b7912369 ($13.95 in chips)
Seat 6: Hero ($10 in chips)
b7912369: posts small blind $0.05
Hero: posts big blind $0.1
*** HOLE CARDS ***
Dealt to 699245df 
Dealt to 5a2b081e 
Dealt to a71a98a1 
Dealt to b7912369 
Dealt to Hero [Ks Qs]
699245df: folds
5a2b081e: folds
a71a98a1: folds
b7912369: raises $0.25 to $0.35
Hero: raises $0.85 to $1.2
b7912369: folds
Uncalled bet ($0.85) returned to Hero
*** SHOWDOWN ***
Hero collected $0.67 from pot
*** SUMMARY ***
Total pot $0.7 | Rake $0.03 | Jackpot $0 | Bingo $0 | Fortune $0 | Tax $0
Seat 2: 699245df folded before Flop (didn't bet)
Seat 3: 5a2b081e folded before Flop (didn't bet)
Seat 4: a71a98a1 (button) folded before Flop (didn't bet)
Seat 5: b7912369 (small blind) folded before Flop
Seat 6: Hero (big blind) collected ($0.67)


Poker Hand #HD1762838883: Hold'em No Limit ($0.05/$0.1) - 2024/05/07 19:37:13
Table 'NLHRed44' 6-max Seat #3 is the button
Seat 2: 699245df ($14.21 in chips)
Seat 3: 5a2b081e ($34.34 in chips)
Seat 4: a71a98a1 ($10.05 in chips)
Seat 5: b7912369 ($13.9 in chips)
Seat 6: Hero ($10 in chips)
a71a98a1: posts small blind $0.05
b7912369: posts big blind $0.1
*** HOLE CARDS ***
Dealt to 699245df 
Dealt to 5a2b081e 
Dealt to a71a98a1 
Dealt to b7912369 
Dealt to Hero [7c Jc]
Hero: folds
699245df: folds
5a2b081e: folds
a71a98a1: folds
Uncalled bet ($0.05) returned to b7912369
*** SHOWDOWN ***
b7912369 collected $0.1 from pot
*** SUMMARY ***
Total pot $0.1 | Rake $0 | Jackpot $0 | Bingo $0 | Fortune $0 | Tax $0
Seat 2: 699245df folded before Flop (didn't bet)
Seat 3: 5a2b081e (button) folded before Flop (didn't bet)
Seat 4: a71a98a1 (small blind) folded before Flop
Seat 5: b7912369 (big blind) collected ($0.1)
Seat 6: Hero folded before Flop (didn't bet)


Poker Hand #HD1762838849: Hold'em No Limit ($0.05/$0.1) - 2024/05/07 19:36:57
Table 'NLHRed44' 6-max Seat #2 is the button
Seat 2: 699245df ($14.21 in chips)
Seat 3: 5a2b081e ($34.39 in chips)
Seat 4: a71a98a1 ($10 in chips)
Seat 5: b7912369 ($13.9 in chips)
Seat 6: Hero ($10 in chips)
5a2b081e: posts small blind $0.05
a71a98a1: posts big blind $0.1
*** HOLE CARDS ***
Dealt to 699245df 
Dealt to 5a2b081e 
Dealt to a71a98a1 
Dealt to b7912369 
Dealt to Hero [2d 8s]
b7912369: folds
Hero: folds
699245df: folds
5a2b081e: folds
Uncalled bet ($0.05) returned to a71a98a1
*** SHOWDOWN ***
a71a98a1 collected $0.1 from pot
*** SUMMARY ***
Total pot $0.1 | Rake $0 | Jackpot $0 | Bingo $0 | Fortune $0 | Tax $0
Seat 2: 699245df (button) folded before Flop (didn't bet)
Seat 3: 5a2b081e (small blind) folded before Flop
Seat 4: a71a98a1 (big blind) collected ($0.1)
Seat 5: b7912369 folded before Flop (didn't bet)
Seat 6: Hero folded before Flop (didn't bet)


Poker Hand #HD1762838691: Hold'em No Limit ($0.05/$0.1) - 2024/05/07 19:35:41
Table 'NLHRed44' 6-max Seat #6 is the button
Seat 2: 699245df ($15.21 in chips)
Seat 3: 5a2b081e ($33.49 in chips)
Seat 4: a71a98a1 ($10 in chips)
Seat 5: b7912369 ($13.9 in chips)
Seat 6: Hero ($10 in chips)
699245df: posts small blind $0.05
5a2b081e: posts big blind $0.1
*** HOLE CARDS ***
Dealt to 699245df 
Dealt to 5a2b081e 
Dealt to a71a98a1 
Dealt to b7912369 
Dealt to Hero [4s 9d]
a71a98a1: folds
b7912369: folds
Hero: folds
699245df: calls $0.05
5a2b081e: raises $0.3 to $0.4
699245df: calls $0.3
*** FLOP *** [Ac 2c Th]
699245df: checks
5a2b081e: bets $0.6
699245df: calls $0.6
*** TURN *** [Ac 2c Th] [9s]
699245df: checks
5a2b081e: bets $1.6
699245df: folds
Uncalled bet ($1.6) returned to 5a2b081e
*** SHOWDOWN ***
5a2b081e collected $1.9 from pot
*** SUMMARY ***
Total pot $2 | Rake $0.1 | Jackpot $0 | Bingo $0 | Fortune $0 | Tax $0
Board [Ac 2c Th 9s]
Seat 2: 699245df (small blind) folded on the Turn
Seat 3: 5a2b081e (big blind) won ($1.9)
Seat 4: a71a98a1 folded before Flop (didn't bet)
Seat 5: b7912369 folded before Flop (didn't bet)
Seat 6: Hero (button) folded before Flop (didn't bet)


Poker Hand #HD1762838659: Hold'em No Limit ($0.05/$0.1) - 2024/05/07 19:35:25
Table 'NLHRed44' 6-max Seat #5 is the button
Seat 2: 699245df ($15.16 in chips)
Seat 3: 5a2b081e ($33.49 in chips)
Seat 4: a71a98a1 ($10 in chips)
Seat 5: b7912369 ($13.9 in chips)
Seat 6: Hero ($10 in chips)
Hero: posts small blind $0.05
699245df: posts big blind $0.1
*** HOLE CARDS ***
Dealt to 699245df 
Dealt to 5a2b081e 
Dealt to a71a98a1 
Dealt to b7912369 
Dealt to Hero [Js 3d]
5a2b081e: folds
a71a98a1: folds
b7912369: folds
Hero: folds
Uncalled bet ($0.05) returned to 699245df
*** SHOWDOWN ***
699245df collected $0.1 from pot
*** SUMMARY ***
Total pot $0.1 | Rake $0 | Jackpot $0 | Bingo $0 | Fortune $0 | Tax $0
Seat 2: 699245df (big blind) collected ($0.1)
Seat 3: 5a2b081e folded before Flop (didn't bet)
Seat 4: a71a98a1 folded before Flop (didn't bet)
Seat 5: b7912369 (button) folded before Flop (didn't bet)
Seat 6: Hero (small blind) folded before Flop


Poker Hand #HD1762838604: Hold'em No Limit ($0.05/$0.1) - 2024/05/07 19:35:02
Table 'NLHRed44' 6-max Seat #4 is the button
Seat 1: 48387a63 ($11.68 in chips)
Seat 2: 699245df ($15.16 in chips)
Seat 3: 5a2b081e ($33.49 in chips)
Seat 4: a71a98a1 ($10 in chips)
Seat 5: b7912369 ($13.8 in chips)
Seat 6: Hero ($10.1 in chips)
b7912369: posts small blind $0.05
Hero: posts big blind $0.1
*** HOLE CARDS ***
Dealt to 48387a63 
Dealt to 699245df 
Dealt to 5a2b081e 
Dealt to a71a98a1 
Dealt to b7912369 
Dealt to Hero [5d 9h]
48387a63: folds
699245df: folds
5a2b081e: folds
a71a98a1: folds
b7912369: raises $0.25 to $0.35
Hero: folds
Uncalled bet ($0.25) returned to b7912369
*** SHOWDOWN ***
b7912369 collected $0.2 from pot
*** SUMMARY ***
Total pot $0.2 | Rake $0 | Jackpot $0 | Bingo $0 | Fortune $0 | Tax $0
Seat 1: 48387a63 folded before Flop (didn't bet)
Seat 2: 699245df folded before Flop (didn't bet)
Seat 3: 5a2b081e folded before Flop (didn't bet)
Seat 4: a71a98a1 (button) folded before Flop (didn't bet)
Seat 5: b7912369 (small blind) collected ($0.2)
Seat 6: Hero (big blind) folded before Flop


Poker Hand #HD1762838537: Hold'em No Limit ($0.05/$0.1) - 2024/05/07 19:34:34
Table 'NLHRed44' 6-max Seat #3 is the button
Seat 1: 48387a63 ($11.68 in chips)
Seat 2: 699245df ($15.16 in chips)
Seat 3: 5a2b081e ($33.49 in chips)
Seat 4: a71a98a1 ($10.41 in chips)
Seat 5: b7912369 ($13.26 in chips)
Seat 6: Hero ($10.1 in chips)
a71a98a1: posts small blind $0.05
b7912369: posts big blind $0.1
*** HOLE CARDS ***
Dealt to 48387a63 
Dealt to 699245df 
Dealt to 5a2b081e 
Dealt to a71a98a1 
Dealt to b7912369 
Dealt to Hero [5c 7d]
Hero: folds
48387a63: folds
699245df: folds
5a2b081e: folds
a71a98a1: raises $0.2 to $0.3
b7912369: calls $0.2
*** FLOP *** [8c Qc 2h]
a71a98a1: bets $0.3
b7912369: raises $0.6 to $0.9
a71a98a1: folds
Uncalled bet ($0.6) returned to b7912369
*** SHOWDOWN ***
b7912369 collected $1.14 from pot
*** SUMMARY ***
Total pot $1.2 | Rake $0.06 | Jackpot $0 | Bingo $0 | Fortune $0 | Tax $0
Board [8c Qc 2h]
Seat 1: 48387a63 folded before Flop (didn't bet)
Seat 2: 699245df folded before Flop (didn't bet)
Seat 3: 5a2b081e (button) folded before Flop (didn't bet)
Seat 4: a71a98a1 (small blind) folded on the Flop
Seat 5: b7912369 (big blind) won ($1.14)
Seat 6: Hero folded before Flop (didn't bet)


Poker Hand #HD1762838437: Hold'em No Limit ($0.05/$0.1) - 2024/05/07 19:33:46
Table 'NLHRed44' 6-max Seat #2 is the button
Seat 1: 48387a63 ($11.68 in chips)
Seat 2: 699245df ($15.56 in chips)
Seat 3: 5a2b081e ($33.54 in chips)
Seat 4: a71a98a1 ($10 in chips)
Seat 5: b7912369 ($13.26 in chips)
Seat 6: Hero ($10.1 in chips)
5a2b081e: posts small blind $0.05
a71a98a1: posts big blind $0.1
*** HOLE CARDS ***
Dealt to 48387a63 
Dealt to 699245df 
Dealt to 5a2b081e 
Dealt to a71a98a1 
Dealt to b7912369 
Dealt to Hero [Tc Qs]
b7912369: folds
Hero: folds
48387a63: folds
699245df: raises $0.15 to $0.25
5a2b081e: folds
a71a98a1: calls $0.15
*** FLOP *** [3d 5s 4s]
a71a98a1: checks
699245df: bets $0.15
a71a98a1: raises $0.43 to $0.58
699245df: folds
Uncalled bet ($0.43) returned to a71a98a1
*** SHOWDOWN ***
a71a98a1 collected $0.81 from pot
*** SUMMARY ***
Total pot $0.85 | Rake $0.04 | Jackpot $0 | Bingo $0 | Fortune $0 | Tax $0
Board [3d 5s 4s]
Seat 1: 48387a63 folded before Flop (didn't bet)
Seat 2: 699245df (button) folded on the Flop
Seat 3: 5a2b081e (small blind) folded before Flop
Seat 4: a71a98a1 (big blind) won ($0.81)
Seat 5: b7912369 folded before Flop (didn't bet)
Seat 6: Hero folded before Flop (didn't bet)


Poker Hand #HD1762838316: Hold'em No Limit ($0.05/$0.1) - 2024/05/07 19:32:52
Table 'NLHRed44' 6-max Seat #1 is the button
Seat 1: 48387a63 ($11.68 in chips)
Seat 2: 699245df ($16.56 in chips)
Seat 3: 5a2b081e ($32.64 in chips)
Seat 5: b7912369 ($13.26 in chips)
Seat 6: Hero ($10.1 in chips)
699245df: posts small blind $0.05
5a2b081e: posts big blind $0.1
*** HOLE CARDS ***
Dealt to 48387a63 
Dealt to 699245df 
Dealt to 5a2b081e 
Dealt to b7912369 
Dealt to Hero [4s Th]
b7912369: folds
Hero: folds
48387a63: folds
699245df: calls $0.05
5a2b081e: raises $0.4 to $0.5
699245df: calls $0.4
*** FLOP *** [Td Jd 2c]
699245df: checks
5a2b081e: bets $0.5
699245df: calls $0.5
*** TURN *** [Td Jd 2c] [4d]
699245df: checks
5a2b081e: bets $1
699245df: folds
Uncalled bet ($1) returned to 5a2b081e
*** SHOWDOWN ***
5a2b081e collected $1.9 from pot
*** SUMMARY ***
Total pot $2 | Rake $0.1 | Jackpot $0 | Bingo $0 | Fortune $0 | Tax $0
Board [Td Jd 2c 4d]
Seat 1: 48387a63 (button) folded before Flop (didn't bet)
Seat 2: 699245df (small blind) folded on the Turn
Seat 3: 5a2b081e (big blind) won ($1.9)
Seat 5: b7912369 folded before Flop (didn't bet)
Seat 6: Hero folded before Flop (didn't bet)


Poker Hand #HD1762838286: Hold'em No Limit ($0.05/$0.1) - 2024/05/07 19:32:39
Table 'NLHRed44' 6-max Seat #6 is the button
Seat 1: 48387a63 ($11.73 in chips)
Seat 2: 699245df ($16.66 in chips)
Seat 3: 5a2b081e ($32.49 in chips)
Seat 5: b7912369 ($13.26 in chips)
Seat 6: Hero ($10.1 in chips)
48387a63: posts small blind $0.05
699245df: posts big blind $0.1
*** HOLE CARDS ***
Dealt to 48387a63 
Dealt to 699245df 
Dealt to 5a2b081e 
Dealt to b7912369 
Dealt to Hero [Jc 2h]
5a2b081e: raises $0.15 to $0.25
b7912369: folds
Hero: folds
48387a63: folds
699245df: folds
Uncalled bet ($0.15) returned to 5a2b081e
*** SHOWDOWN ***
5a2b081e collected $0.25 from pot
*** SUMMARY ***
Total pot $0.25 | Rake $0 | Jackpot $0 | Bingo $0 | Fortune $0 | Tax $0
Seat 1: 48387a63 (small blind) folded before Flop
Seat 2: 699245df (big blind) folded before Flop
Seat 3: 5a2b081e collected ($0.25)
Seat 5: b7912369 folded before Flop (didn't bet)
Seat 6: Hero (button) folded before Flop (didn't bet)


Poker Hand #HD1762838244: Hold'em No Limit ($0.05/$0.1) - 2024/05/07 19:32:19
Table 'NLHRed44' 6-max Seat #5 is the button
Seat 1: 48387a63 ($11.83 in chips)
Seat 2: 699245df ($16.66 in chips)
Seat 3: 5a2b081e ($32.49 in chips)
Seat 5: b7912369 ($13.26 in chips)
Seat 6: Hero ($10 in chips)
Hero: posts small blind $0.05
48387a63: posts big blind $0.1
*** HOLE CARDS ***
Dealt to 48387a63 
Dealt to 699245df 
Dealt to 5a2b081e 
Dealt to b7912369 
Dealt to Hero [Ac 5s]
699245df: folds
5a2b081e: folds
b7912369: folds
Hero: raises $0.2 to $0.3
48387a63: folds
Uncalled bet ($0.2) returned to Hero
*** SHOWDOWN ***
Hero collected $0.2 from pot
*** SUMMARY ***
Total pot $0.2 | Rake $0 | Jackpot $0 | Bingo $0 | Fortune $0 | Tax $0
Seat 1: 48387a63 (big blind) folded before Flop
Seat 2: 699245df folded before Flop (didn't bet)
Seat 3: 5a2b081e folded before Flop (didn't bet)
Seat 5: b7912369 (button) folded before Flop (didn't bet)
Seat 6: Hero (small blind) collected ($0.2)


Poker Hand #HD1762838195: Hold'em No Limit ($0.05/$0.1) - 2024/05/07 19:31:55
Table 'NLHRed44' 6-max Seat #3 is the button
Seat 1: 48387a63 ($11.68 in chips)
Seat 2: 699245df ($16.66 in chips)
Seat 3: 5a2b081e ($32.49 in chips)
Seat 5: b7912369 ($13.31 in chips)
Seat 6: Hero ($10 in chips)
b7912369: posts small blind $0.05
Hero: posts big blind $0.1
*** HOLE CARDS ***
Dealt to 48387a63 
Dealt to 699245df 
Dealt to 5a2b081e 
Dealt to b7912369 
Dealt to Hero [Ah 4c]
48387a63: raises $0.25 to $0.35
699245df: folds
5a2b081e: folds
b7912369: folds
Hero: folds
Uncalled bet ($0.25) returned to 48387a63
*** SHOWDOWN ***
48387a63 collected $0.25 from pot
*** SUMMARY ***
Total pot $0.25 | Rake $0 | Jackpot $0 | Bingo $0 | Fortune $0 | Tax $0
Seat 1: 48387a63 collected ($0.25)
Seat 2: 699245df folded before Flop (didn't bet)
Seat 3: 5a2b081e (button) folded before Flop (didn't bet)
Seat 5: b7912369 (small blind) folded before Flop
Seat 6: Hero (big blind) folded before Flop


Poker Hand #HD1762838187: Hold'em No Limit ($0.05/$0.1) - 2024/05/07 19:31:47
Table 'NLHRed44' 6-max Seat #2 is the button
Seat 1: 48387a63 ($11.68 in chips)
Seat 2: 699245df ($16.66 in chips)
Seat 3: 5a2b081e ($32.54 in chips)
Seat 5: b7912369 ($13.26 in chips)
Seat 6: Hero ($10 in chips)
5a2b081e: posts small blind $0.05
b7912369: posts big blind $0.1
*** HOLE CARDS ***
Dealt to 48387a63 
Dealt to 699245df 
Dealt to 5a2b081e 
Dealt to b7912369 
Dealt to Hero [5c Th]
Hero: folds
48387a63: folds
699245df: folds
5a2b081e: folds
Uncalled bet ($0.05) returned to b7912369
*** SHOWDOWN ***
b7912369 collected $0.1 from pot
*** SUMMARY ***
Total pot $0.1 | Rake $0 | Jackpot $0 | Bingo $0 | Fortune $0 | Tax $0
Seat 1: 48387a63 folded before Flop (didn't bet)
Seat 2: 699245df (button) folded before Flop (didn't bet)
Seat 3: 5a2b081e (small blind) folded before Flop
Seat 5: b7912369 (big blind) collected ($0.1)
Seat 6: Hero folded before Flop (didn't bet)


Poker Hand #HD1762838048: Hold'em No Limit ($0.05/$0.1) - 2024/05/07 19:30:46
Table 'NLHRed44' 6-max Seat #1 is the button
Seat 1: 48387a63 ($11.68 in chips)
Seat 2: 699245df ($15.67 in chips)
Seat 3: 5a2b081e ($33.64 in chips)
Seat 4: 82a74e32 ($10.32 in chips)
Seat 5: b7912369 ($13.26 in chips)
Seat 6: Hero ($10 in chips)
699245df: posts small blind $0.05
5a2b081e: posts big blind $0.1
*** HOLE CARDS ***
Dealt to 48387a63 
Dealt to 699245df 
Dealt to 5a2b081e 
Dealt to 82a74e32 
Dealt to b7912369 
Dealt to Hero [5d 4s]
82a74e32: folds
b7912369: folds
Hero: folds
48387a63: folds
699245df: calls $0.05
5a2b081e: raises $0.3 to $0.4
699245df: calls $0.3
*** FLOP *** [3d 9s Ts]
699245df: checks
5a2b081e: bets $0.4
699245df: calls $0.4
*** TURN *** [3d 9s Ts] [Kh]
699245df: checks
5a2b081e: checks
*** RIVER *** [3d 9s Ts Kh] [Ac]
699245df: bets $0.3
5a2b081e: calls $0.3
699245df: shows [7s As] (Pair of Aces)
5a2b081e: shows [Jc 9h] (Pair of Nines)
*** SHOWDOWN ***
699245df collected $2.09 from pot
*** SUMMARY ***
Total pot $2.2 | Rake $0.11 | Jackpot $0 | Bingo $0 | Fortune $0 | Tax $0
Board [3d 9s Ts Kh Ac]
Seat 1: 48387a63 (button) folded before Flop (didn't bet)
Seat 2: 699245df (small blind) showed [7s As] and won ($2.09) with Pair of Aces
Seat 3: 5a2b081e (big blind) showed [Jc 9h] and lost with Pair of Nines
Seat 4: 82a74e32 folded before Flop (didn't bet)
Seat 5: b7912369 folded before Flop (didn't bet)
Seat 6: Hero folded before Flop (didn't bet)


Poker Hand #HD1762837809: Hold'em No Limit ($0.05/$0.1) - 2024/05/07 19:28:53
Table 'NLHRed44' 6-max Seat #6 is the button
Seat 1: 48387a63 ($10.05 in chips)
Seat 2: 699245df ($17.01 in chips)
Seat 3: 5a2b081e ($33.64 in chips)
Seat 4: 82a74e32 ($10.32 in chips)
Seat 5: b7912369 ($13.26 in chips)
Seat 6: Hero ($10.22 in chips)
48387a63: posts small blind $0.05
699245df: posts big blind $0.1
*** HOLE CARDS ***
Dealt to 48387a63 
Dealt to 699245df 
Dealt to 5a2b081e 
Dealt to 82a74e32 
Dealt to b7912369 
Dealt to Hero [Ah 5d]
5a2b081e: folds
82a74e32: folds
b7912369: folds
Hero: raises $0.14 to $0.24
48387a63: calls $0.19
699245df: calls $0.14
*** FLOP *** [Jh Qd Ts]
48387a63: checks
699245df: checks
Hero: bets $0.3
48387a63: calls $0.3
699245df: calls $0.3
*** TURN *** [Jh Qd Ts] [Td]
48387a63: checks
699245df: checks
Hero: checks
*** RIVER *** [Jh Qd Ts Td] [4s]
48387a63: checks
699245df: bets $0.8
Hero: folds
48387a63: calls $0.8
699245df: shows [9d 2d] (Pair of Tens)
48387a63: shows [Ks Qs] (Pair of Queens and Pair of Tens)
*** SHOWDOWN ***
48387a63 collected $2.97 from pot
*** SUMMARY ***
Total pot $3.22 | Rake $0.15 | Jackpot $0.1 | Bingo $0 | Fortune $0 | Tax $0
Board [Jh Qd Ts Td 4s]
Seat 1: 48387a63 (small blind) showed [Ks Qs] and won ($2.97) with Pair of Queens and Pair of Tens
Seat 2: 699245df (big blind) showed [9d 2d] and lost with Pair of Tens
Seat 3: 5a2b081e folded before Flop (didn't bet)
Seat 4: 82a74e32 folded before Flop (didn't bet)
Seat 5: b7912369 folded before Flop (didn't bet)
Seat 6: Hero (button) folded on the River


Poker Hand #HD1762837757: Hold'em No Limit ($0.05/$0.1) - 2024/05/07 19:28:32
Table 'NLHRed44' 6-max Seat #5 is the button
Seat 1: 48387a63 ($10.15 in chips)
Seat 2: 699245df ($17.01 in chips)
Seat 3: 5a2b081e ($33.64 in chips)
Seat 4: 82a74e32 ($10.17 in chips)
Seat 5: b7912369 ($13.26 in chips)
Seat 6: Hero ($10.27 in chips)
Hero: posts small blind $0.05
48387a63: posts big blind $0.1
*** HOLE CARDS ***
Dealt to 48387a63 
Dealt to 699245df 
Dealt to 5a2b081e 
Dealt to 82a74e32 
Dealt to b7912369 
Dealt to Hero [5d 3c]
699245df: folds
5a2b081e: folds
82a74e32: raises $0.2 to $0.3
b7912369: folds
Hero: folds
48387a63: folds
Uncalled bet ($0.2) returned to 82a74e32
*** SHOWDOWN ***
82a74e32 collected $0.25 from pot
*** SUMMARY ***
Total pot $0.25 | Rake $0 | Jackpot $0 | Bingo $0 | Fortune $0 | Tax $0
Seat 1: 48387a63 (big blind) folded before Flop
Seat 2: 699245df folded before Flop (didn't bet)
Seat 3: 5a2b081e folded before Flop (didn't bet)
Seat 4: 82a74e32 collected ($0.25)
Seat 5: b7912369 (button) folded before Flop (didn't bet)
Seat 6: Hero (small blind) folded before Flop


Poker Hand #HD1762837726: Hold'em No Limit ($0.05/$0.1) - 2024/05/07 19:28:15
Table 'NLHRed44' 6-max Seat #4 is the button
Seat 1: 48387a63 ($10 in chips)
Seat 2: 699245df ($17.01 in chips)
Seat 3: 5a2b081e ($33.64 in chips)
Seat 4: 82a74e32 ($10.17 in chips)
Seat 5: b7912369 ($13.31 in chips)
Seat 6: Hero ($10.37 in chips)
b7912369: posts small blind $0.05
Hero: posts big blind $0.1
*** HOLE CARDS ***
Dealt to 48387a63 
Dealt to 699245df 
Dealt to 5a2b081e 
Dealt to 82a74e32 
Dealt to b7912369 
Dealt to Hero [6s Tc]
48387a63: raises $0.25 to $0.35
699245df: folds
5a2b081e: folds
82a74e32: folds
b7912369: folds
Hero: folds
Uncalled bet ($0.25) returned to 48387a63
*** SHOWDOWN ***
48387a63 collected $0.25 from pot
*** SUMMARY ***
Total pot $0.25 | Rake $0 | Jackpot $0 | Bingo $0 | Fortune $0 | Tax $0
Seat 1: 48387a63 collected ($0.25)
Seat 2: 699245df folded before Flop (didn't bet)
Seat 3: 5a2b081e folded before Flop (didn't bet)
Seat 4: 82a74e32 (button) folded before Flop (didn't bet)
Seat 5: b7912369 (small blind) folded before Flop
Seat 6: Hero (big blind) folded before Flop


Poker Hand #HD1762837576: Hold'em No Limit ($0.05/$0.1) - 2024/05/07 19:27:06
Table 'NLHRed44' 6-max Seat #3 is the button
Seat 1: 48387a63 ($10 in chips)
Seat 2: 699245df ($16.6 in chips)
Seat 3: 5a2b081e ($33.64 in chips)
Seat 4: 82a74e32 ($10.22 in chips)
Seat 5: b7912369 ($13.71 in chips)
Seat 6: Hero ($10.37 in chips)
82a74e32: posts small blind $0.05
b7912369: posts big blind $0.1
*** HOLE CARDS ***
Dealt to 48387a63 
Dealt to 699245df 
Dealt to 5a2b081e 
Dealt to 82a74e32 
Dealt to b7912369 
Dealt to Hero [3h 8c]
Hero: folds
48387a63: folds
699245df: raises $0.15 to $0.25
5a2b081e: folds
82a74e32: folds
b7912369: calls $0.15
*** FLOP *** [Ks Kh 2d]
b7912369: checks
699245df: bets $0.15
b7912369: calls $0.15
*** TURN *** [Ks Kh 2d] [7h]
b7912369: checks
699245df: bets $0.35
b7912369: folds
Uncalled bet ($0.35) returned to 699245df
*** SHOWDOWN ***
699245df collected $0.81 from pot
*** SUMMARY ***
Total pot $0.85 | Rake $0.04 | Jackpot $0 | Bingo $0 | Fortune $0 | Tax $0
Board [Ks Kh 2d 7h]
Seat 1: 48387a63 folded before Flop (didn't bet)
Seat 2: 699245df won ($0.81)
Seat 3: 5a2b081e (button) folded before Flop (didn't bet)
Seat 4: 82a74e32 (small blind) folded before Flop
Seat 5: b7912369 (big blind) folded on the Turn
Seat 6: Hero folded before Flop (didn't bet)


Poker Hand #HD1762837526: Hold'em No Limit ($0.05/$0.1) - 2024/05/07 19:26:40
Table 'NLHRed44' 6-max Seat #2 is the button
Seat 1: 48387a63 ($10 in chips)
Seat 2: 699245df ($16.45 in chips)
Seat 3: 5a2b081e ($33.69 in chips)
Seat 4: 82a74e32 ($10.32 in chips)
Seat 5: b7912369 ($13.71 in chips)
Seat 6: Hero ($10.37 in chips)
5a2b081e: posts small blind $0.05
82a74e32: posts big blind $0.1
*** HOLE CARDS ***
Dealt to 48387a63 
Dealt to 699245df 
Dealt to 5a2b081e 
Dealt to 82a74e32 
Dealt to b7912369 
Dealt to Hero [9c 4d]
b7912369: folds
Hero: folds
48387a63: folds
699245df: raises $0.15 to $0.25
5a2b081e: folds
82a74e32: folds
Uncalled bet ($0.15) returned to 699245df
*** SHOWDOWN ***
699245df collected $0.25 from pot
*** SUMMARY ***
Total pot $0.25 | Rake $0 | Jackpot $0 | Bingo $0 | Fortune $0 | Tax $0
Seat 1: 48387a63 folded before Flop (didn't bet)
Seat 2: 699245df (button) collected ($0.25)
Seat 3: 5a2b081e (small blind) folded before Flop
Seat 4: 82a74e32 (big blind) folded before Flop
Seat 5: b7912369 folded before Flop (didn't bet)
Seat 6: Hero folded before Flop (didn't bet)


Poker Hand #HD1762837438: Hold'em No Limit ($0.05/$0.1) - 2024/05/07 19:25:57
Table 'NLHRed44' 6-max Seat #1 is the button
Seat 1: 48387a63 ($10 in chips)
Seat 2: 699245df ($15.8 in chips)
Seat 3: 5a2b081e ($33.79 in chips)
Seat 4: 82a74e32 ($10.62 in chips)
Seat 5: b7912369 ($13.71 in chips)
Seat 6: Hero ($10.37 in chips)
699245df: posts small blind $0.05
5a2b081e: posts big blind $0.1
*** HOLE CARDS ***
Dealt to 48387a63 
Dealt to 699245df 
Dealt to 5a2b081e 
Dealt to 82a74e32 
Dealt to b7912369 
Dealt to Hero [6s 5h]
82a74e32: raises $0.2 to $0.3
b7912369: folds
Hero: folds
48387a63: calls $0.3
699245df: raises $1 to $1.3
5a2b081e: folds
82a74e32: folds
48387a63: folds
Uncalled bet ($1) returned to 699245df
*** SHOWDOWN ***
699245df collected $0.95 from pot
*** SUMMARY ***
Total pot $1 | Rake $0.05 | Jackpot $0 | Bingo $0 | Fortune $0 | Tax $0
Seat 1: 48387a63 (button) folded before Flop
Seat 2: 699245df (small blind) collected ($0.95)
Seat 3: 5a2b081e (big blind) folded before Flop
Seat 4: 82a74e32 folded before Flop
Seat 5: b7912369 folded before Flop (didn't bet)
Seat 6: Hero folded before Flop (didn't bet)


Poker Hand #HD1762837371: Hold'em No Limit ($0.05/$0.1) - 2024/05/07 19:25:24
Table 'NLHRed44' 6-max Seat #6 is the button
Seat 1: 48387a63 ($10 in chips)
Seat 2: 699245df ($15.9 in chips)
Seat 3: 5a2b081e ($33.64 in chips)
Seat 4: 82a74e32 ($10.62 in chips)
Seat 5: b7912369 ($13.71 in chips)
Seat 6: Hero ($10.37 in chips)
48387a63: posts small blind $0.05
699245df: posts big blind $0.1
*** HOLE CARDS ***
Dealt to 48387a63 
Dealt to 699245df 
Dealt to 5a2b081e 
Dealt to 82a74e32 
Dealt to b7912369 
Dealt to Hero [6s 5s]
5a2b081e: raises $0.2 to $0.3
82a74e32: folds
b7912369: folds
Hero: folds
48387a63: folds
699245df: folds
Uncalled bet ($0.2) returned to 5a2b081e
*** SHOWDOWN ***
5a2b081e collected $0.25 from pot
*** SUMMARY ***
Total pot $0.25 | Rake $0 | Jackpot $0 | Bingo $0 | Fortune $0 | Tax $0
Seat 1: 48387a63 (small blind) folded before Flop
Seat 2: 699245df (big blind) folded before Flop
Seat 3: 5a2b081e collected ($0.25)
Seat 4: 82a74e32 folded before Flop (didn't bet)
Seat 5: b7912369 folded before Flop (didn't bet)
Seat 6: Hero (button) folded before Flop (didn't bet)


Poker Hand #HD1762837317: Hold'em No Limit ($0.05/$0.1) - 2024/05/07 19:25:00
Table 'NLHRed44' 6-max Seat #5 is the button
Seat 1: 48387a63 ($10 in chips)
Seat 2: 699245df ($15.9 in chips)
Seat 3: 5a2b081e ($33.64 in chips)
Seat 4: 82a74e32 ($10.47 in chips)
Seat 5: b7912369 ($13.71 in chips)
Seat 6: Hero ($10.42 in chips)
Hero: posts small blind $0.05
48387a63: posts big blind $0.1
*** HOLE CARDS ***
Dealt to 48387a63 
Dealt to 699245df 
Dealt to 5a2b081e 
Dealt to 82a74e32 
Dealt to b7912369 
Dealt to Hero [6h 6c]
699245df: folds
5a2b081e: folds
82a74e32: raises $0.2 to $0.3
b7912369: folds
Hero: folds
48387a63: folds
Uncalled bet ($0.2) returned to 82a74e32
*** SHOWDOWN ***
82a74e32 collected $0.25 from pot
*** SUMMARY ***
Total pot $0.25 | Rake $0 | Jackpot $0 | Bingo $0 | Fortune $0 | Tax $0
Seat 1: 48387a63 (big blind) folded before Flop
Seat 2: 699245df folded before Flop (didn't bet)
Seat 3: 5a2b081e folded before Flop (didn't bet)
Seat 4: 82a74e32 collected ($0.25)
Seat 5: b7912369 (button) folded before Flop (didn't bet)
Seat 6: Hero (small blind) folded before Flop


Poker Hand #HD1762837262: Hold'em No Limit ($0.05/$0.1) - 2024/05/07 19:24:35
Table 'NLHRed44' 6-max Seat #4 is the button
Seat 1: 48387a63 ($10 in chips)
Seat 2: 699245df ($15.9 in chips)
Seat 3: 5a2b081e ($33.64 in chips)
Seat 4: 82a74e32 ($10.32 in chips)
Seat 5: b7912369 ($13.76 in chips)
Seat 6: Hero ($10.52 in chips)
b7912369: posts small blind $0.05
Hero: posts big blind $0.1
*** HOLE CARDS ***
Dealt to 48387a63 
Dealt to 699245df 
Dealt to 5a2b081e 
Dealt to 82a74e32 
Dealt to b7912369 
Dealt to Hero [4s 9h]
48387a63: folds
699245df: folds
5a2b081e: folds
82a74e32: raises $0.2 to $0.3
b7912369: folds
Hero: folds
Uncalled bet ($0.2) returned to 82a74e32
*** SHOWDOWN ***
82a74e32 collected $0.25 from pot
*** SUMMARY ***
Total pot $0.25 | Rake $0 | Jackpot $0 | Bingo $0 | Fortune $0 | Tax $0
Seat 1: 48387a63 folded before Flop (didn't bet)
Seat 2: 699245df folded before Flop (didn't bet)
Seat 3: 5a2b081e folded before Flop (didn't bet)
Seat 4: 82a74e32 (button) collected ($0.25)
Seat 5: b7912369 (small blind) folded before Flop
Seat 6: Hero (big blind) folded before Flop


Poker Hand #HD1762837213: Hold'em No Limit ($0.05/$0.1) - 2024/05/07 19:24:07
Table 'NLHRed44' 6-max Seat #3 is the button
Seat 1: 48387a63 ($10 in chips)
Seat 2: 699245df ($15.9 in chips)
Seat 3: 5a2b081e ($33.89 in chips)
Seat 4: 82a74e32 ($10 in chips)
Seat 5: b7912369 ($13.86 in chips)
Seat 6: Hero ($10.52 in chips)
82a74e32: posts small blind $0.05
b7912369: posts big blind $0.1
*** HOLE CARDS ***
Dealt to 48387a63 
Dealt to 699245df 
Dealt to 5a2b081e 
Dealt to 82a74e32 
Dealt to b7912369 
Dealt to Hero [8s Qd]
Hero: folds
48387a63: folds
699245df: folds
5a2b081e: raises $0.15 to $0.25
82a74e32: raises $0.7 to $0.95
b7912369: folds
5a2b081e: folds
Uncalled bet ($0.7) returned to 82a74e32
*** SHOWDOWN ***
82a74e32 collected $0.57 from pot
*** SUMMARY ***
Total pot $0.6 | Rake $0.03 | Jackpot $0 | Bingo $0 | Fortune $0 | Tax $0
Seat 1: 48387a63 folded before Flop (didn't bet)
Seat 2: 699245df folded before Flop (didn't bet)
Seat 3: 5a2b081e (button) folded before Flop
Seat 4: 82a74e32 (small blind) collected ($0.57)
Seat 5: b7912369 (big blind) folded before Flop
Seat 6: Hero folded before Flop (didn't bet)


Poker Hand #HD1762837125: Hold'em No Limit ($0.05/$0.1) - 2024/05/07 19:23:32
Table 'NLHRed44' 6-max Seat #2 is the button
Seat 1: 48387a63 ($10 in chips)
Seat 2: 699245df ($15.9 in chips)
Seat 3: 5a2b081e ($33.94 in chips)
Seat 4: 82a74e32 ($10 in chips)
Seat 5: b7912369 ($13.86 in chips)
Seat 6: Hero ($10.37 in chips)
5a2b081e: posts small blind $0.05
82a74e32: posts big blind $0.1
*** HOLE CARDS ***
Dealt to 48387a63 
Dealt to 699245df 
Dealt to 5a2b081e 
Dealt to 82a74e32 
Dealt to b7912369 
Dealt to Hero [Ah Qh]
b7912369: folds
Hero: raises $0.1 to $0.2
48387a63: folds
699245df: folds
5a2b081e: folds
82a74e32: folds
Uncalled bet ($0.1) returned to Hero
*** SHOWDOWN ***
Hero collected $0.25 from pot
*** SUMMARY ***
Total pot $0.25 | Rake $0 | Jackpot $0 | Bingo $0 | Fortune $0 | Tax $0
Seat 1: 48387a63 folded before Flop (didn't bet)
Seat 2: 699245df (button) folded before Flop (didn't bet)
Seat 3: 5a2b081e (small blind) folded before Flop
Seat 4: 82a74e32 (big blind) folded before Flop
Seat 5: b7912369 folded before Flop (didn't bet)
Seat 6: Hero collected ($0.25)


Poker Hand #HD1762837014: Hold'em No Limit ($0.05/$0.1) - 2024/05/07 19:22:45
Table 'NLHRed44' 6-max Seat #1 is the button
Seat 1: 48387a63 ($10 in chips)
Seat 2: 699245df ($16.3 in chips)
Seat 3: 5a2b081e ($33.58 in chips)
Seat 4: 82a74e32 ($10 in chips)
Seat 5: b7912369 ($13.86 in chips)
Seat 6: Hero ($10.37 in chips)
699245df: posts small blind $0.05
5a2b081e: posts big blind $0.1
*** HOLE CARDS ***
Dealt to 48387a63 
Dealt to 699245df 
Dealt to 5a2b081e 
Dealt to 82a74e32 
Dealt to b7912369 
Dealt to Hero [6d 5c]
82a74e32: folds
b7912369: folds
Hero: folds
48387a63: folds
699245df: calls $0.05
5a2b081e: raises $0.3 to $0.4
699245df: calls $0.3
*** FLOP *** [6c 9s Kc]
699245df: checks
5a2b081e: bets $0.4
699245df: folds
Uncalled bet ($0.4) returned to 5a2b081e
*** SHOWDOWN ***
5a2b081e collected $0.76 from pot
*** SUMMARY ***
Total pot $0.8 | Rake $0.04 | Jackpot $0 | Bingo $0 | Fortune $0 | Tax $0
Board [6c 9s Kc]
Seat 1: 48387a63 (button) folded before Flop (didn't bet)
Seat 2: 699245df (small blind) folded on the Flop
Seat 3: 5a2b081e (big blind) won ($0.76)
Seat 4: 82a74e32 folded before Flop (didn't bet)
Seat 5: b7912369 folded before Flop (didn't bet)
Seat 6: Hero folded before Flop (didn't bet)


Poker Hand #HD1762836988: Hold'em No Limit ($0.05/$0.1) - 2024/05/07 19:22:31
Table 'NLHRed44' 6-max Seat #6 is the button
Seat 1: 48387a63 ($10 in chips)
Seat 2: 699245df ($16.25 in chips)
Seat 3: 5a2b081e ($33.58 in chips)
Seat 4: 82a74e32 ($10 in chips)
Seat 5: b7912369 ($13.86 in chips)
Seat 6: Hero ($10.37 in chips)
48387a63: posts small blind $0.05
699245df: posts big blind $0.1
*** HOLE CARDS ***
Dealt to 48387a63 
Dealt to 699245df 
Dealt to 5a2b081e 
Dealt to 82a74e32 
Dealt to b7912369 
Dealt to Hero [6d 3d]
5a2b081e: folds
82a74e32: folds
b7912369: folds
Hero: folds
48387a63: folds
Uncalled bet ($0.05) returned to 699245df
*** SHOWDOWN ***
699245df collected $0.1 from pot
*** SUMMARY ***
Total pot $0.1 | Rake $0 | Jackpot $0 | Bingo $0 | Fortune $0 | Tax $0
Seat 1: 48387a63 (small blind) folded before Flop
Seat 2: 699245df (big blind) collected ($0.1)
Seat 3: 5a2b081e folded before Flop (didn't bet)
Seat 4: 82a74e32 folded before Flop (didn't bet)
Seat 5: b7912369 folded before Flop (didn't bet)
Seat 6: Hero (button) folded before Flop (didn't bet)


Poker Hand #HD1762836901: Hold'em No Limit ($0.05/$0.1) - 2024/05/07 19:21:52
Table 'NLHRed44' 6-max Seat #5 is the button
Seat 1: 48387a63 ($10 in chips)
Seat 2: 699245df ($16.5 in chips)
Seat 3: 5a2b081e ($33.58 in chips)
Seat 4: 82a74e32 ($10 in chips)
Seat 5: b7912369 ($13.86 in chips)
Seat 6: Hero ($10.05 in chips)
Hero: posts small blind $0.05
48387a63: posts big blind $0.1
*** HOLE CARDS ***
Dealt to 48387a63 
Dealt to 699245df 
Dealt to 5a2b081e 
Dealt to 82a74e32 
Dealt to b7912369 
Dealt to Hero [As Ad]
699245df: raises $0.15 to $0.25
5a2b081e: folds
82a74e32: folds
b7912369: folds
Hero: raises $0.8 to $1.05
48387a63: folds
699245df: folds
Uncalled bet ($0.8) returned to Hero
*** SHOWDOWN ***
Hero collected $0.57 from pot
*** SUMMARY ***
Total pot $0.6 | Rake $0.03 | Jackpot $0 | Bingo $0 | Fortune $0 | Tax $0
Seat 1: 48387a63 (big blind) folded before Flop
Seat 2: 699245df folded before Flop
Seat 3: 5a2b081e folded before Flop (didn't bet)
Seat 4: 82a74e32 folded before Flop (didn't bet)
Seat 5: b7912369 (button) folded before Flop (didn't bet)
Seat 6: Hero (small blind) collected ($0.57)


Poker Hand #HD1762836880: Hold'em No Limit ($0.05/$0.1) - 2024/05/07 19:21:43
Table 'NLHRed44' 6-max Seat #4 is the button
Seat 2: 699245df ($16.5 in chips)
Seat 3: 5a2b081e ($33.58 in chips)
Seat 4: 82a74e32 ($10 in chips)
Seat 5: b7912369 ($13.91 in chips)
Seat 6: Hero ($10 in chips)
b7912369: posts small blind $0.05
Hero: posts big blind $0.1
*** HOLE CARDS ***
Dealt to 699245df 
Dealt to 5a2b081e 
Dealt to 82a74e32 
Dealt to b7912369 
Dealt to Hero [Jc Jd]
699245df: folds
5a2b081e: folds
82a74e32: folds
b7912369: folds
Uncalled bet ($0.05) returned to Hero
*** SHOWDOWN ***
Hero collected $0.1 from pot
*** SUMMARY ***
Total pot $0.1 | Rake $0 | Jackpot $0 | Bingo $0 | Fortune $0 | Tax $0
Seat 2: 699245df folded before Flop (didn't bet)
Seat 3: 5a2b081e folded before Flop (didn't bet)
Seat 4: 82a74e32 (button) folded before Flop (didn't bet)
Seat 5: b7912369 (small blind) folded before Flop
Seat 6: Hero (big blind) collected ($0.1)


Poker Hand #HD1762836807: Hold'em No Limit ($0.05/$0.1) - 2024/05/07 19:21:08
Table 'NLHRed44' 6-max Seat #3 is the button
Seat 2: 699245df ($16.22 in chips)
Seat 3: 5a2b081e ($33.58 in chips)
Seat 4: 82a74e32 ($10 in chips)
Seat 5: b7912369 ($14.16 in chips)
Seat 6: Hero ($10 in chips)
82a74e32: posts small blind $0.05
b7912369: posts big blind $0.1
*** HOLE CARDS ***
Dealt to 699245df 
Dealt to 5a2b081e 
Dealt to 82a74e32 
Dealt to b7912369 
Dealt to Hero [3s 7d]
Hero: folds
699245df: raises $0.15 to $0.25
5a2b081e: folds
82a74e32: folds
b7912369: calls $0.15
*** FLOP *** [Kh Ad 9c]
b7912369: checks
699245df: bets $0.2
b7912369: folds
Uncalled bet ($0.2) returned to 699245df
*** SHOWDOWN ***
699245df collected $0.53 from pot
*** SUMMARY ***
Total pot $0.55 | Rake $0.02 | Jackpot $0 | Bingo $0 | Fortune $0 | Tax $0
Board [Kh Ad 9c]
Seat 2: 699245df won ($0.53)
Seat 3: 5a2b081e (button) folded before Flop (didn't bet)
Seat 4: 82a74e32 (small blind) folded before Flop
Seat 5: b7912369 (big blind) folded on the Flop
Seat 6: Hero folded before Flop (didn't bet)


Poker Hand #HD1762836768: Hold'em No Limit ($0.05/$0.1) - 2024/05/07 19:20:50
Table 'NLHRed44' 6-max Seat #2 is the button
Seat 2: 699245df ($16.22 in chips)
Seat 3: 5a2b081e ($33.63 in chips)
Seat 4: 82a74e32 ($10 in chips)
Seat 5: b7912369 ($14.01 in chips)
Seat 6: Hero ($10 in chips)
5a2b081e: posts small blind $0.05
82a74e32: posts big blind $0.1
*** HOLE CARDS ***
Dealt to 699245df 
Dealt to 5a2b081e 
Dealt to 82a74e32 
Dealt to b7912369 
Dealt to Hero [Ah 8d]
b7912369: raises $0.15 to $0.25
Hero: folds
699245df: folds
5a2b081e: folds
82a74e32: folds
Uncalled bet ($0.15) returned to b7912369
*** SHOWDOWN ***
b7912369 collected $0.25 from pot
*** SUMMARY ***
Total pot $0.25 | Rake $0 | Jackpot $0 | Bingo $0 | Fortune $0 | Tax $0
Seat 2: 699245df (button) folded before Flop (didn't bet)
Seat 3: 5a2b081e (small blind) folded before Flop
Seat 4: 82a74e32 (big blind) folded before Flop
Seat 5: b7912369 collected ($0.25)
Seat 6: Hero folded before Flop (didn't bet)


Poker Hand #HD1762836659: Hold'em No Limit ($0.05/$0.1) - 2024/05/07 19:19:54
Table 'NLHRed44' 6-max Seat #6 is the button
Seat 1: 2f6a86d1 ($10.05 in chips)
Seat 2: 699245df ($17.02 in chips)
Seat 3: 5a2b081e ($33.63 in chips)
Seat 4: a652778a ($7.33 in chips)
Seat 5: b7912369 ($13.24 in chips)
Seat 6: Hero ($10 in chips)
2f6a86d1: posts small blind $0.05
699245df: posts big blind $0.1
*** HOLE CARDS ***
Dealt to 2f6a86d1 
Dealt to 699245df 
Dealt to 5a2b081e 
Dealt to a652778a 
Dealt to b7912369 
Dealt to Hero [Tc 6h]
5a2b081e: folds
a652778a: folds
b7912369: raises $0.15 to $0.25
Hero: folds
2f6a86d1: folds
699245df: raises $0.55 to $0.8
b7912369: raises $1.24 to $2.04
699245df: folds
Uncalled bet ($1.24) returned to b7912369
*** SHOWDOWN ***
b7912369 collected $1.57 from pot
*** SUMMARY ***
Total pot $1.65 | Rake $0.08 | Jackpot $0 | Bingo $0 | Fortune $0 | Tax $0
Seat 1: 2f6a86d1 (small blind) folded before Flop
Seat 2: 699245df (big blind) folded before Flop
Seat 3: 5a2b081e folded before Flop (didn't bet)
Seat 4: a652778a folded before Flop (didn't bet)
Seat 5: b7912369 collected ($1.57)
Seat 6: Hero (button) folded before Flop (didn't bet)


Poker Hand #HD1762836625: Hold'em No Limit ($0.05/$0.1) - 2024/05/07 19:19:40
Table 'NLHRed44' 6-max Seat #5 is the button
Seat 1: 2f6a86d1 ($10.15 in chips)
Seat 2: 699245df ($17.02 in chips)
Seat 3: 5a2b081e ($33.48 in chips)
Seat 4: a652778a ($7.33 in chips)
Seat 5: b7912369 ($13.24 in chips)
Seat 6: Hero ($10 in chips)
Hero: posts small blind $0.05
2f6a86d1: posts big blind $0.1
*** HOLE CARDS ***
Dealt to 2f6a86d1 
Dealt to 699245df 
Dealt to 5a2b081e 
Dealt to a652778a 
Dealt to b7912369 
Dealt to Hero [6h 4d]
699245df: folds
5a2b081e: raises $0.2 to $0.3
a652778a: folds
b7912369: folds
Hero: folds
2f6a86d1: folds
Uncalled bet ($0.2) returned to 5a2b081e
*** SHOWDOWN ***
5a2b081e collected $0.25 from pot
*** SUMMARY ***
Total pot $0.25 | Rake $0 | Jackpot $0 | Bingo $0 | Fortune $0 | Tax $0
Seat 1: 2f6a86d1 (big blind) folded before Flop
Seat 2: 699245df folded before Flop (didn't bet)
Seat 3: 5a2b081e collected ($0.25)
Seat 4: a652778a folded before Flop (didn't bet)
Seat 5: b7912369 (button) folded before Flop (didn't bet)
Seat 6: Hero (small blind) folded before Flop


Poker Hand #HD1762836587: Hold'em No Limit ($0.05/$0.1) - 2024/05/07 19:19:24
Table 'NLHRed44' 6-max Seat #4 is the button
Seat 1: 2f6a86d1 ($10.15 in chips)
Seat 2: 699245df ($17.02 in chips)
Seat 3: 5a2b081e ($33.48 in chips)
Seat 4: a652778a ($7.33 in chips)
Seat 5: b7912369 ($13.14 in chips)
Seat 6: Hero ($10 in chips)
b7912369: posts small blind $0.05
Hero: posts big blind $0.1
*** HOLE CARDS ***
Dealt to 2f6a86d1 
Dealt to 699245df 
Dealt to 5a2b081e 
Dealt to a652778a 
Dealt to b7912369 
Dealt to Hero [Kd 8c]
2f6a86d1: folds
699245df: folds
5a2b081e: folds
a652778a: folds
b7912369: raises $0.25 to $0.35
Hero: folds
Uncalled bet ($0.25) returned to b7912369
*** SHOWDOWN ***
b7912369 collected $0.2 from pot
*** SUMMARY ***
Total pot $0.2 | Rake $0 | Jackpot $0 | Bingo $0 | Fortune $0 | Tax $0
Seat 1: 2f6a86d1 folded before Flop (didn't bet)
Seat 2: 699245df folded before Flop (didn't bet)
Seat 3: 5a2b081e folded before Flop (didn't bet)
Seat 4: a652778a (button) folded before Flop (didn't bet)
Seat 5: b7912369 (small blind) collected ($0.2)
Seat 6: Hero (big blind) folded before Flop


