Poker Hand #HD1826864741: Hold'em No Limit ($0.05/$0.1) - 2024/06/22 19:43:19
Table 'NLHRed75' 6-max Seat #3 is the button
Seat 1: Hero ($10.27 in chips)
Seat 2: b7ebda07 ($11.42 in chips)
Seat 3: c3d80d5 ($15.8 in chips)
Seat 4: 4460df71 ($10 in chips)
Seat 5: 1520f982 ($10.14 in chips)
Seat 6: 77dc54d0 ($23.76 in chips)
4460df71: posts small blind $0.05
1520f982: posts big blind $0.1
*** HOLE CARDS ***
Dealt to Hero [3d 5s]
Dealt to b7ebda07 
Dealt to c3d80d5 
Dealt to 4460df71 
Dealt to 1520f982 
Dealt to 77dc54d0 
77dc54d0: folds
Hero: folds
b7ebda07: raises $0.3 to $0.4
c3d80d5: folds
4460df71: folds
1520f982: folds
Uncalled bet ($0.3) returned to b7ebda07
*** SHOWDOWN ***
b7ebda07 collected $0.25 from pot
*** SUMMARY ***
Total pot $0.25 | Rake $0 | Jackpot $0 | Bingo $0 | Fortune $0 | Tax $0
Seat 1: Hero folded before Flop (didn't bet)
Seat 2: b7ebda07 collected ($0.25)
Seat 3: c3d80d5 (button) folded before Flop (didn't bet)
Seat 4: 4460df71 (small blind) folded before Flop
Seat 5: 1520f982 (big blind) folded before Flop
Seat 6: 77dc54d0 folded before Flop (didn't bet)


Poker Hand #HD1826864688: Hold'em No Limit ($0.05/$0.1) - 2024/06/22 19:42:57
Table 'NLHRed75' 6-max Seat #2 is the button
Seat 1: Hero ($10.27 in chips)
Seat 2: b7ebda07 ($11.27 in chips)
Seat 3: c3d80d5 ($15.85 in chips)
Seat 4: 4460df71 ($10 in chips)
Seat 5: 1520f982 ($10.14 in chips)
Seat 6: 77dc54d0 ($23.76 in chips)
c3d80d5: posts small blind $0.05
4460df71: posts big blind $0.1
*** HOLE CARDS ***
Dealt to Hero [3c 5c]
Dealt to b7ebda07 
Dealt to c3d80d5 
Dealt to 4460df71 
Dealt to 1520f982 
Dealt to 77dc54d0 
1520f982: folds
77dc54d0: folds
Hero: folds
b7ebda07: raises $0.2 to $0.3
c3d80d5: folds
4460df71: folds
Uncalled bet ($0.2) returned to b7ebda07
*** SHOWDOWN ***
b7ebda07 collected $0.25 from pot
*** SUMMARY ***
Total pot $0.25 | Rake $0 | Jackpot $0 | Bingo $0 | Fortune $0 | Tax $0
Seat 1: Hero folded before Flop (didn't bet)
Seat 2: b7ebda07 (button) collected ($0.25)
Seat 3: c3d80d5 (small blind) folded before Flop
Seat 4: 4460df71 (big blind) folded before Flop
Seat 5: 1520f982 folded before Flop (didn't bet)
Seat 6: 77dc54d0 folded before Flop (didn't bet)


Poker Hand #HD1826864614: Hold'em No Limit ($0.05/$0.1) - 2024/06/22 19:42:24
Table 'NLHRed75' 6-max Seat #1 is the button
Seat 1: Hero ($10.27 in chips)
Seat 2: b7ebda07 ($10.99 in chips)
Seat 3: c3d80d5 ($15.95 in chips)
Seat 4: 4460df71 ($10 in chips)
Seat 5: 1520f982 ($10.34 in chips)
Seat 6: 77dc54d0 ($23.76 in chips)
b7ebda07: posts small blind $0.05
c3d80d5: posts big blind $0.1
*** HOLE CARDS ***
Dealt to Hero [6s 3s]
Dealt to b7ebda07 
Dealt to c3d80d5 
Dealt to 4460df71 
Dealt to 1520f982 
Dealt to 77dc54d0 
4460df71: folds
1520f982: raises $0.1 to $0.2
77dc54d0: folds
Hero: folds
b7ebda07: raises $0.5 to $0.7
c3d80d5: folds
1520f982: folds
Uncalled bet ($0.5) returned to b7ebda07
*** SHOWDOWN ***
b7ebda07 collected $0.48 from pot
*** SUMMARY ***
Total pot $0.5 | Rake $0.02 | Jackpot $0 | Bingo $0 | Fortune $0 | Tax $0
Seat 1: Hero (button) folded before Flop (didn't bet)
Seat 2: b7ebda07 (small blind) collected ($0.48)
Seat 3: c3d80d5 (big blind) folded before Flop
Seat 4: 4460df71 folded before Flop (didn't bet)
Seat 5: 1520f982 folded before Flop
Seat 6: 77dc54d0 folded before Flop (didn't bet)


Poker Hand #HD1826864506: Hold'em No Limit ($0.05/$0.1) - 2024/06/22 19:41:32
Table 'NLHRed75' 6-max Seat #6 is the button
Seat 1: Hero ($10.32 in chips)
Seat 2: b7ebda07 ($11.24 in chips)
Seat 3: c3d80d5 ($15.95 in chips)
Seat 4: 4460df71 ($10.15 in chips)
Seat 5: 1520f982 ($8.78 in chips)
Seat 6: 77dc54d0 ($23.76 in chips)
Hero: posts small blind $0.05
b7ebda07: posts big blind $0.1
*** HOLE CARDS ***
Dealt to Hero [3c 8c]
Dealt to b7ebda07 
Dealt to c3d80d5 
Dealt to 4460df71 
Dealt to 1520f982 
Dealt to 77dc54d0 
c3d80d5: folds
4460df71: raises $0.15 to $0.25
1520f982: calls $0.25
77dc54d0: folds
Hero: folds
b7ebda07: calls $0.15
*** FLOP *** [Ah 7c 4h]
b7ebda07: checks
4460df71: bets $0.27
1520f982: calls $0.27
b7ebda07: folds
*** TURN *** [Ah 7c 4h] [5c]
4460df71: checks
1520f982: checks
*** RIVER *** [Ah 7c 4h 5c] [5d]
4460df71: checks
1520f982: bets $1
4460df71: calls $1
1520f982: shows [7s 7h] (Sevens Full over Fives)
4460df71: shows [As 6s] (Pair of Aces and Pair of Fives)
*** SHOWDOWN ***
1520f982 collected $3.08 from pot
*** SUMMARY ***
Total pot $3.34 | Rake $0.16 | Jackpot $0.1 | Bingo $0 | Fortune $0 | Tax $0
Board [Ah 7c 4h 5c 5d]
Seat 1: Hero (small blind) folded before Flop
Seat 2: b7ebda07 (big blind) folded on the Flop
Seat 3: c3d80d5 folded before Flop (didn't bet)
Seat 4: 4460df71 showed [As 6s] and lost with Pair of Aces and Pair of Fives
Seat 5: 1520f982 showed [7s 7h] and won ($3.08) with Sevens Full over Fives
Seat 6: 77dc54d0 (button) folded before Flop (didn't bet)


Poker Hand #HD1826864417: Hold'em No Limit ($0.05/$0.1) - 2024/06/22 19:40:55
Table 'NLHRed75' 6-max Seat #5 is the button
Seat 1: Hero ($10.42 in chips)
Seat 2: b7ebda07 ($11.44 in chips)
Seat 3: c3d80d5 ($15.95 in chips)
Seat 4: 4460df71 ($10.15 in chips)
Seat 5: 1520f982 ($8.98 in chips)
Seat 6: 77dc54d0 ($23.3 in chips)
77dc54d0: posts small blind $0.05
Hero: posts big blind $0.1
*** HOLE CARDS ***
Dealt to Hero [Qc Jd]
Dealt to b7ebda07 
Dealt to c3d80d5 
Dealt to 4460df71 
Dealt to 1520f982 
Dealt to 77dc54d0 
b7ebda07: raises $0.1 to $0.2
c3d80d5: folds
4460df71: folds
1520f982: calls $0.2
77dc54d0: raises $1.1 to $1.3
Hero: folds
b7ebda07: folds
1520f982: folds
Uncalled bet ($1.1) returned to 77dc54d0
*** SHOWDOWN ***
77dc54d0 collected $0.66 from pot
*** SUMMARY ***
Total pot $0.7 | Rake $0.04 | Jackpot $0 | Bingo $0 | Fortune $0 | Tax $0
Seat 1: Hero (big blind) folded before Flop
Seat 2: b7ebda07 folded before Flop
Seat 3: c3d80d5 folded before Flop (didn't bet)
Seat 4: 4460df71 folded before Flop (didn't bet)
Seat 5: 1520f982 (button) folded before Flop
Seat 6: 77dc54d0 (small blind) collected ($0.66)


Poker Hand #HD1826864366: Hold'em No Limit ($0.05/$0.1) - 2024/06/22 19:40:35
Table 'NLHRed75' 6-max Seat #4 is the button
Seat 1: Hero ($10.42 in chips)
Seat 2: b7ebda07 ($11.44 in chips)
Seat 3: c3d80d5 ($15.95 in chips)
Seat 4: 4460df71 ($10 in chips)
Seat 5: 1520f982 ($9.03 in chips)
Seat 6: 77dc54d0 ($23.4 in chips)
1520f982: posts small blind $0.05
77dc54d0: posts big blind $0.1
*** HOLE CARDS ***
Dealt to Hero [Jc 7c]
Dealt to b7ebda07 
Dealt to c3d80d5 
Dealt to 4460df71 
Dealt to 1520f982 
Dealt to 77dc54d0 
Hero: folds
b7ebda07: folds
c3d80d5: folds
4460df71: raises $0.15 to $0.25
1520f982: folds
77dc54d0: folds
Uncalled bet ($0.15) returned to 4460df71
*** SHOWDOWN ***
4460df71 collected $0.25 from pot
*** SUMMARY ***
Total pot $0.25 | Rake $0 | Jackpot $0 | Bingo $0 | Fortune $0 | Tax $0
Seat 1: Hero folded before Flop (didn't bet)
Seat 2: b7ebda07 folded before Flop (didn't bet)
Seat 3: c3d80d5 folded before Flop (didn't bet)
Seat 4: 4460df71 (button) collected ($0.25)
Seat 5: 1520f982 (small blind) folded before Flop
Seat 6: 77dc54d0 (big blind) folded before Flop


Poker Hand #HD1826864289: Hold'em No Limit ($0.05/$0.1) - 2024/06/22 19:39:57
Table 'NLHRed75' 6-max Seat #3 is the button
Seat 1: Hero ($10 in chips)
Seat 2: b7ebda07 ($11.64 in chips)
Seat 3: c3d80d5 ($15.95 in chips)
Seat 4: 4460df71 ($10 in chips)
Seat 5: 1520f982 ($9.23 in chips)
Seat 6: 77dc54d0 ($23.4 in chips)
4460df71: posts small blind $0.05
1520f982: posts big blind $0.1
*** HOLE CARDS ***
Dealt to Hero [Ah Ks]
Dealt to b7ebda07 
Dealt to c3d80d5 
Dealt to 4460df71 
Dealt to 1520f982 
Dealt to 77dc54d0 
77dc54d0: folds
Hero: raises $0.1 to $0.2
b7ebda07: calls $0.2
c3d80d5: folds
4460df71: folds
1520f982: calls $0.1
*** FLOP *** [3h 8d Kd]
1520f982: checks
Hero: bets $0.3
b7ebda07: folds
1520f982: folds
Uncalled bet ($0.3) returned to Hero
*** SHOWDOWN ***
Hero collected $0.62 from pot
*** SUMMARY ***
Total pot $0.65 | Rake $0.03 | Jackpot $0 | Bingo $0 | Fortune $0 | Tax $0
Board [3h 8d Kd]
Seat 1: Hero won ($0.62)
Seat 2: b7ebda07 folded on the Flop
Seat 3: c3d80d5 (button) folded before Flop (didn't bet)
Seat 4: 4460df71 (small blind) folded before Flop
Seat 5: 1520f982 (big blind) folded on the Flop
Seat 6: 77dc54d0 folded before Flop (didn't bet)


Poker Hand #HD1826864211: Hold'em No Limit ($0.05/$0.1) - 2024/06/22 19:39:20
Table 'NLHRed75' 6-max Seat #2 is the button
Seat 1: Hero ($10 in chips)
Seat 2: b7ebda07 ($11.5 in chips)
Seat 3: c3d80d5 ($16 in chips)
Seat 4: 4460df71 ($10 in chips)
Seat 5: 1520f982 ($9.23 in chips)
Seat 6: 77dc54d0 ($23.4 in chips)
c3d80d5: posts small blind $0.05
4460df71: posts big blind $0.1
*** HOLE CARDS ***
Dealt to Hero [7s Th]
Dealt to b7ebda07 
Dealt to c3d80d5 
Dealt to 4460df71 
Dealt to 1520f982 
Dealt to 77dc54d0 
1520f982: folds
77dc54d0: folds
Hero: folds
b7ebda07: calls $0.1
c3d80d5: folds
4460df71: checks
*** FLOP *** [4s 3c Qd]
4460df71: checks
b7ebda07: bets $0.19
4460df71: folds
Uncalled bet ($0.19) returned to b7ebda07
*** SHOWDOWN ***
b7ebda07 collected $0.24 from pot
*** SUMMARY ***
Total pot $0.25 | Rake $0.01 | Jackpot $0 | Bingo $0 | Fortune $0 | Tax $0
Board [4s 3c Qd]
Seat 1: Hero folded before Flop (didn't bet)
Seat 2: b7ebda07 (button) won ($0.24)
Seat 3: c3d80d5 (small blind) folded before Flop
Seat 4: 4460df71 (big blind) folded on the Flop
Seat 5: 1520f982 folded before Flop (didn't bet)
Seat 6: 77dc54d0 folded before Flop (didn't bet)


Poker Hand #HD1826864088: Hold'em No Limit ($0.05/$0.1) - 2024/06/22 19:38:24
Table 'NLHRed75' 6-max Seat #1 is the button
Seat 1: Hero ($10 in chips)
Seat 2: b7ebda07 ($11.55 in chips)
Seat 3: c3d80d5 ($14.92 in chips)
Seat 4: 4460df71 ($10.66 in chips)
Seat 5: 1520f982 ($8.09 in chips)
Seat 6: 77dc54d0 ($23.4 in chips)
b7ebda07: posts small blind $0.05
c3d80d5: posts big blind $0.1
*** HOLE CARDS ***
Dealt to Hero [7h 3c]
Dealt to b7ebda07 
Dealt to c3d80d5 
Dealt to 4460df71 
Dealt to 1520f982 
Dealt to 77dc54d0 
4460df71: raises $0.15 to $0.25
1520f982: folds
77dc54d0: folds
Hero: folds
b7ebda07: folds
c3d80d5: calls $0.15
*** FLOP *** [6c Ad 8h]
c3d80d5: checks
4460df71: bets $0.19
c3d80d5: calls $0.19
*** TURN *** [6c Ad 8h] [Jh]
c3d80d5: checks
4460df71: checks
*** RIVER *** [6c Ad 8h Jh] [9d]
c3d80d5: bets $0.7
4460df71: calls $0.7
c3d80d5: shows [9c 8c] (Pair of Nines and Pair of Eights)
4460df71: shows [5s As] (Pair of Aces)
*** SHOWDOWN ***
c3d80d5 collected $2.22 from pot
*** SUMMARY ***
Total pot $2.33 | Rake $0.11 | Jackpot $0 | Bingo $0 | Fortune $0 | Tax $0
Board [6c Ad 8h Jh 9d]
Seat 1: Hero (button) folded before Flop (didn't bet)
Seat 2: b7ebda07 (small blind) folded before Flop
Seat 3: c3d80d5 (big blind) showed [9c 8c] and won ($2.22) with Pair of Nines and Pair of Eights
Seat 4: 4460df71 showed [5s As] and lost with Pair of Aces
Seat 5: 1520f982 folded before Flop (didn't bet)
Seat 6: 77dc54d0 folded before Flop (didn't bet)


Poker Hand #HD1826863965: Hold'em No Limit ($0.05/$0.1) - 2024/06/22 19:37:29
Table 'NLHRed75' 6-max Seat #6 is the button
Seat 1: Hero ($10 in chips)
Seat 2: b7ebda07 ($11.95 in chips)
Seat 3: c3d80d5 ($14.92 in chips)
Seat 4: 4460df71 ($10.66 in chips)
Seat 5: 1520f982 ($8.09 in chips)
Seat 6: 77dc54d0 ($23 in chips)
Hero: posts small blind $0.05
b7ebda07: posts big blind $0.1
*** HOLE CARDS ***
Dealt to Hero [4d 3h]
Dealt to b7ebda07 
Dealt to c3d80d5 
Dealt to 4460df71 
Dealt to 1520f982 
Dealt to 77dc54d0 
c3d80d5: folds
4460df71: folds
1520f982: folds
77dc54d0: raises $0.14 to $0.24
Hero: folds
b7ebda07: calls $0.14
*** FLOP *** [Td Qd Ts]
b7ebda07: checks
77dc54d0: bets $0.16
b7ebda07: calls $0.16
*** TURN *** [Td Qd Ts] [6c]
b7ebda07: checks
77dc54d0: bets $0.64
b7ebda07: folds
Uncalled bet ($0.64) returned to 77dc54d0
*** SHOWDOWN ***
77dc54d0 collected $0.8 from pot
*** SUMMARY ***
Total pot $0.85 | Rake $0.05 | Jackpot $0 | Bingo $0 | Fortune $0 | Tax $0
Board [Td Qd Ts 6c]
Seat 1: Hero (small blind) folded before Flop
Seat 2: b7ebda07 (big blind) folded on the Turn
Seat 3: c3d80d5 folded before Flop (didn't bet)
Seat 4: 4460df71 folded before Flop (didn't bet)
Seat 5: 1520f982 folded before Flop (didn't bet)
Seat 6: 77dc54d0 (button) won ($0.8)


Poker Hand #HD1826863914: Hold'em No Limit ($0.05/$0.1) - 2024/06/22 19:37:10
Table 'NLHRed75' 6-max Seat #5 is the button
Seat 1: Hero ($10 in chips)
Seat 2: b7ebda07 ($11.95 in chips)
Seat 3: c3d80d5 ($14.92 in chips)
Seat 4: 4460df71 ($10.66 in chips)
Seat 5: 1520f982 ($8.09 in chips)
Seat 6: 77dc54d0 ($22.9 in chips)
77dc54d0: posts small blind $0.05
Hero: posts big blind $0.1
*** HOLE CARDS ***
Dealt to Hero [3d 6s]
Dealt to b7ebda07 
Dealt to c3d80d5 
Dealt to 4460df71 
Dealt to 1520f982 
Dealt to 77dc54d0 
b7ebda07: folds
c3d80d5: folds
4460df71: folds
1520f982: folds
77dc54d0: raises $0.16 to $0.26
Hero: folds
Uncalled bet ($0.16) returned to 77dc54d0
*** SHOWDOWN ***
77dc54d0 collected $0.2 from pot
*** SUMMARY ***
Total pot $0.2 | Rake $0 | Jackpot $0 | Bingo $0 | Fortune $0 | Tax $0
Seat 1: Hero (big blind) folded before Flop
Seat 2: b7ebda07 folded before Flop (didn't bet)
Seat 3: c3d80d5 folded before Flop (didn't bet)
Seat 4: 4460df71 folded before Flop (didn't bet)
Seat 5: 1520f982 (button) folded before Flop (didn't bet)
Seat 6: 77dc54d0 (small blind) collected ($0.2)


Poker Hand #HD1826863845: Hold'em No Limit ($0.05/$0.1) - 2024/06/22 19:36:40
Table 'NLHRed75' 6-max Seat #4 is the button
Seat 1: Hero ($10 in chips)
Seat 2: b7ebda07 ($12.15 in chips)
Seat 3: c3d80d5 ($15.12 in chips)
Seat 4: 4460df71 ($10.14 in chips)
Seat 5: 1520f982 ($8.14 in chips)
Seat 6: 77dc54d0 ($23 in chips)
1520f982: posts small blind $0.05
77dc54d0: posts big blind $0.1
*** HOLE CARDS ***
Dealt to Hero [4d 8c]
Dealt to b7ebda07 
Dealt to c3d80d5 
Dealt to 4460df71 
Dealt to 1520f982 
Dealt to 77dc54d0 
Hero: folds
b7ebda07: raises $0.1 to $0.2
c3d80d5: calls $0.2
4460df71: raises $0.7 to $0.9
1520f982: folds
77dc54d0: folds
b7ebda07: folds
c3d80d5: folds
Uncalled bet ($0.7) returned to 4460df71
*** SHOWDOWN ***
4460df71 collected $0.72 from pot
*** SUMMARY ***
Total pot $0.75 | Rake $0.03 | Jackpot $0 | Bingo $0 | Fortune $0 | Tax $0
Seat 1: Hero folded before Flop (didn't bet)
Seat 2: b7ebda07 folded before Flop
Seat 3: c3d80d5 folded before Flop
Seat 4: 4460df71 (button) collected ($0.72)
Seat 5: 1520f982 (small blind) folded before Flop
Seat 6: 77dc54d0 (big blind) folded before Flop


Poker Hand #HD1826863697: Hold'em No Limit ($0.05/$0.1) - 2024/06/22 19:35:41
Table 'NLHRed75' 6-max Seat #3 is the button
Seat 1: Hero ($10 in chips)
Seat 2: b7ebda07 ($11.71 in chips)
Seat 3: c3d80d5 ($15.12 in chips)
Seat 4: 4460df71 ($10.19 in chips)
Seat 5: 1520f982 ($8.57 in chips)
Seat 6: 77dc54d0 ($23 in chips)
4460df71: posts small blind $0.05
1520f982: posts big blind $0.1
*** HOLE CARDS ***
Dealt to Hero [9h 6h]
Dealt to b7ebda07 
Dealt to c3d80d5 
Dealt to 4460df71 
Dealt to 1520f982 
Dealt to 77dc54d0 
77dc54d0: folds
Hero: folds
b7ebda07: raises $0.1 to $0.2
c3d80d5: folds
4460df71: folds
1520f982: calls $0.1
*** FLOP *** [Tc 2h Kc]
1520f982: checks
b7ebda07: bets $0.23
1520f982: calls $0.23
*** TURN *** [Tc 2h Kc] [Qh]
1520f982: checks
b7ebda07: checks
*** RIVER *** [Tc 2h Kc Qh] [8h]
1520f982: checks
b7ebda07: checks
1520f982: shows [Jh 2s] (Pair of Twos)
b7ebda07: shows [Ts 7c] (Pair of Tens)
*** SHOWDOWN ***
b7ebda07 collected $0.87 from pot
*** SUMMARY ***
Total pot $0.91 | Rake $0.04 | Jackpot $0 | Bingo $0 | Fortune $0 | Tax $0
Board [Tc 2h Kc Qh 8h]
Seat 1: Hero folded before Flop (didn't bet)
Seat 2: b7ebda07 showed [Ts 7c] and won ($0.87) with Pair of Tens
Seat 3: c3d80d5 (button) folded before Flop (didn't bet)
Seat 4: 4460df71 (small blind) folded before Flop
Seat 5: 1520f982 (big blind) showed [Jh 2s] and lost with Pair of Twos
Seat 6: 77dc54d0 folded before Flop (didn't bet)


Poker Hand #HD1826863672: Hold'em No Limit ($0.05/$0.1) - 2024/06/22 19:35:29
Table 'NLHRed75' 6-max Seat #2 is the button
Seat 1: Hero ($10 in chips)
Seat 2: b7ebda07 ($11.71 in chips)
Seat 3: c3d80d5 ($15.17 in chips)
Seat 4: 4460df71 ($10.14 in chips)
Seat 5: 1520f982 ($8.57 in chips)
Seat 6: 77dc54d0 ($23 in chips)
c3d80d5: posts small blind $0.05
4460df71: posts big blind $0.1
*** HOLE CARDS ***
Dealt to Hero [5c 7d]
Dealt to b7ebda07 
Dealt to c3d80d5 
Dealt to 4460df71 
Dealt to 1520f982 
Dealt to 77dc54d0 
1520f982: folds
77dc54d0: folds
Hero: folds
b7ebda07: folds
c3d80d5: folds
Uncalled bet ($0.05) returned to 4460df71
*** SHOWDOWN ***
4460df71 collected $0.1 from pot
*** SUMMARY ***
Total pot $0.1 | Rake $0 | Jackpot $0 | Bingo $0 | Fortune $0 | Tax $0
Seat 1: Hero folded before Flop (didn't bet)
Seat 2: b7ebda07 (button) folded before Flop (didn't bet)
Seat 3: c3d80d5 (small blind) folded before Flop
Seat 4: 4460df71 (big blind) collected ($0.1)
Seat 5: 1520f982 folded before Flop (didn't bet)
Seat 6: 77dc54d0 folded before Flop (didn't bet)


Poker Hand #HD1826863593: Hold'em No Limit ($0.05/$0.1) - 2024/06/22 19:34:56
Table 'NLHRed75' 6-max Seat #1 is the button
Seat 1: Hero ($10 in chips)
Seat 2: b7ebda07 ($11.81 in chips)
Seat 3: c3d80d5 ($15.08 in chips)
Seat 4: 4460df71 ($10.14 in chips)
Seat 5: 1520f982 ($8.57 in chips)
Seat 6: 77dc54d0 ($23 in chips)
b7ebda07: posts small blind $0.05
c3d80d5: posts big blind $0.1
*** HOLE CARDS ***
Dealt to Hero [4s 9s]
Dealt to b7ebda07 
Dealt to c3d80d5 
Dealt to 4460df71 
Dealt to 1520f982 
Dealt to 77dc54d0 
4460df71: folds
1520f982: folds
77dc54d0: folds
Hero: folds
b7ebda07: calls $0.05
c3d80d5: checks
*** FLOP *** [Ad 4c Th]
b7ebda07: checks
c3d80d5: bets $0.1
b7ebda07: folds
Uncalled bet ($0.1) returned to c3d80d5
*** SHOWDOWN ***
c3d80d5 collected $0.19 from pot
*** SUMMARY ***
Total pot $0.2 | Rake $0.01 | Jackpot $0 | Bingo $0 | Fortune $0 | Tax $0
Board [Ad 4c Th]
Seat 1: Hero (button) folded before Flop (didn't bet)
Seat 2: b7ebda07 (small blind) folded on the Flop
Seat 3: c3d80d5 (big blind) won ($0.19)
Seat 4: 4460df71 folded before Flop (didn't bet)
Seat 5: 1520f982 folded before Flop (didn't bet)
Seat 6: 77dc54d0 folded before Flop (didn't bet)


Poker Hand #HD1826863518: Hold'em No Limit ($0.05/$0.1) - 2024/06/22 19:34:21
Table 'NLHRed75' 6-max Seat #6 is the button
Seat 1: Hero ($10 in chips)
Seat 2: b7ebda07 ($11.57 in chips)
Seat 3: c3d80d5 ($15.29 in chips)
Seat 4: 4460df71 ($10.14 in chips)
Seat 5: 1520f982 ($8.57 in chips)
Seat 6: 77dc54d0 ($23 in chips)
Hero: posts small blind $0.05
b7ebda07: posts big blind $0.1
*** HOLE CARDS ***
Dealt to Hero [Qs 3s]
Dealt to b7ebda07 
Dealt to c3d80d5 
Dealt to 4460df71 
Dealt to 1520f982 
Dealt to 77dc54d0 
c3d80d5: raises $0.11 to $0.21
4460df71: folds
1520f982: folds
77dc54d0: folds
Hero: folds
b7ebda07: calls $0.11
*** FLOP *** [9c 6h Td]
b7ebda07: bets $0.24
c3d80d5: folds
Uncalled bet ($0.24) returned to b7ebda07
*** SHOWDOWN ***
b7ebda07 collected $0.45 from pot
*** SUMMARY ***
Total pot $0.47 | Rake $0.02 | Jackpot $0 | Bingo $0 | Fortune $0 | Tax $0
Board [9c 6h Td]
Seat 1: Hero (small blind) folded before Flop
Seat 2: b7ebda07 (big blind) won ($0.45)
Seat 3: c3d80d5 folded on the Flop
Seat 4: 4460df71 folded before Flop (didn't bet)
Seat 5: 1520f982 folded before Flop (didn't bet)
Seat 6: 77dc54d0 (button) folded before Flop (didn't bet)


Poker Hand #HD1826863375: Hold'em No Limit ($0.05/$0.1) - 2024/06/22 19:33:13
Table 'NLHRed75' 6-max Seat #5 is the button
Seat 1: Hero ($10 in chips)
Seat 2: b7ebda07 ($16.24 in chips)
Seat 3: c3d80d5 ($11.04 in chips)
Seat 4: 4460df71 ($10.14 in chips)
Seat 5: 1520f982 ($8.57 in chips)
Seat 6: 77dc54d0 ($23.05 in chips)
77dc54d0: posts small blind $0.05
Hero: posts big blind $0.1
*** HOLE CARDS ***
Dealt to Hero [Ad 4h]
Dealt to b7ebda07 
Dealt to c3d80d5 
Dealt to 4460df71 
Dealt to 1520f982 
Dealt to 77dc54d0 
b7ebda07: raises $0.2 to $0.3
c3d80d5: raises $0.57 to $0.87
4460df71: folds
1520f982: folds
77dc54d0: folds
Hero: folds
b7ebda07: calls $0.57
*** FLOP *** [4c 2h 6c]
b7ebda07: bets $0.95
c3d80d5: calls $0.95
*** TURN *** [4c 2h 6c] [6h]
b7ebda07: bets $2.85
c3d80d5: calls $2.85
*** RIVER *** [4c 2h 6c 6h] [7h]
b7ebda07: checks
c3d80d5: checks
b7ebda07: shows [Qd Jh] (Pair of Sixes)
c3d80d5: shows [8c 8s] (Pair of Eights and Pair of Sixes)
*** SHOWDOWN ***
c3d80d5 collected $8.92 from pot
*** SUMMARY ***
Total pot $9.49 | Rake $0.47 | Jackpot $0.1 | Bingo $0 | Fortune $0 | Tax $0
Board [4c 2h 6c 6h 7h]
Seat 1: Hero (big blind) folded before Flop
Seat 2: b7ebda07 showed [Qd Jh] and lost with Pair of Sixes
Seat 3: c3d80d5 showed [8c 8s] and won ($8.92) with Pair of Eights and Pair of Sixes
Seat 4: 4460df71 folded before Flop (didn't bet)
Seat 5: 1520f982 (button) folded before Flop (didn't bet)
Seat 6: 77dc54d0 (small blind) folded before Flop


Poker Hand #HD1826863301: Hold'em No Limit ($0.05/$0.1) - 2024/06/22 19:32:42
Table 'NLHRed75' 6-max Seat #4 is the button
Seat 1: Hero ($10 in chips)
Seat 2: b7ebda07 ($16.44 in chips)
Seat 3: c3d80d5 ($11.04 in chips)
Seat 4: 4460df71 ($10.34 in chips)
Seat 5: 1520f982 ($8.1 in chips)
Seat 6: 77dc54d0 ($23.15 in chips)
1520f982: posts small blind $0.05
77dc54d0: posts big blind $0.1
*** HOLE CARDS ***
Dealt to Hero [9s 8h]
Dealt to b7ebda07 
Dealt to c3d80d5 
Dealt to 4460df71 
Dealt to 1520f982 
Dealt to 77dc54d0 
Hero: folds
b7ebda07: raises $0.1 to $0.2
c3d80d5: folds
4460df71: calls $0.2
1520f982: raises $0.8 to $1
77dc54d0: folds
b7ebda07: folds
4460df71: folds
Uncalled bet ($0.8) returned to 1520f982
*** SHOWDOWN ***
1520f982 collected $0.67 from pot
*** SUMMARY ***
Total pot $0.7 | Rake $0.03 | Jackpot $0 | Bingo $0 | Fortune $0 | Tax $0
Seat 1: Hero folded before Flop (didn't bet)
Seat 2: b7ebda07 folded before Flop
Seat 3: c3d80d5 folded before Flop (didn't bet)
Seat 4: 4460df71 (button) folded before Flop
Seat 5: 1520f982 (small blind) collected ($0.67)
Seat 6: 77dc54d0 (big blind) folded before Flop


Poker Hand #HD1826863206: Hold'em No Limit ($0.05/$0.1) - 2024/06/22 19:32:04
Table 'NLHRed75' 6-max Seat #3 is the button
Seat 1: Hero ($10 in chips)
Seat 2: b7ebda07 ($16.02 in chips)
Seat 3: c3d80d5 ($11.04 in chips)
Seat 4: 4460df71 ($10.39 in chips)
Seat 5: 1520f982 ($8.3 in chips)
Seat 6: 77dc54d0 ($23.15 in chips)
4460df71: posts small blind $0.05
1520f982: posts big blind $0.1
*** HOLE CARDS ***
Dealt to Hero [8h Ah]
Dealt to b7ebda07 
Dealt to c3d80d5 
Dealt to 4460df71 
Dealt to 1520f982 
Dealt to 77dc54d0 
77dc54d0: folds
Hero: raises $0.1 to $0.2
b7ebda07: calls $0.2
c3d80d5: folds
4460df71: folds
1520f982: calls $0.1
*** FLOP *** [6c 9c 5d]
1520f982: checks
Hero: checks
b7ebda07: bets $0.49
1520f982: folds
Hero: folds
Uncalled bet ($0.49) returned to b7ebda07
*** SHOWDOWN ***
b7ebda07 collected $0.62 from pot
*** SUMMARY ***
Total pot $0.65 | Rake $0.03 | Jackpot $0 | Bingo $0 | Fortune $0 | Tax $0
Board [6c 9c 5d]
Seat 1: Hero folded on the Flop
Seat 2: b7ebda07 won ($0.62)
Seat 3: c3d80d5 (button) folded before Flop (didn't bet)
Seat 4: 4460df71 (small blind) folded before Flop
Seat 5: 1520f982 (big blind) folded on the Flop
Seat 6: 77dc54d0 folded before Flop (didn't bet)


Poker Hand #HD1826863166: Hold'em No Limit ($0.05/$0.1) - 2024/06/22 19:31:47
Table 'NLHRed75' 6-max Seat #2 is the button
Seat 1: Hero ($10 in chips)
Seat 2: b7ebda07 ($16.02 in chips)
Seat 3: c3d80d5 ($11.09 in chips)
Seat 4: 4460df71 ($10.49 in chips)
Seat 5: 1520f982 ($8.15 in chips)
Seat 6: 77dc54d0 ($23.15 in chips)
c3d80d5: posts small blind $0.05
4460df71: posts big blind $0.1
*** HOLE CARDS ***
Dealt to Hero [Kd 6h]
Dealt to b7ebda07 
Dealt to c3d80d5 
Dealt to 4460df71 
Dealt to 1520f982 
Dealt to 77dc54d0 
1520f982: raises $0.2 to $0.3
77dc54d0: folds
Hero: folds
b7ebda07: folds
c3d80d5: folds
4460df71: folds
Uncalled bet ($0.2) returned to 1520f982
*** SHOWDOWN ***
1520f982 collected $0.25 from pot
*** SUMMARY ***
Total pot $0.25 | Rake $0 | Jackpot $0 | Bingo $0 | Fortune $0 | Tax $0
Seat 1: Hero folded before Flop (didn't bet)
Seat 2: b7ebda07 (button) folded before Flop (didn't bet)
Seat 3: c3d80d5 (small blind) folded before Flop
Seat 4: 4460df71 (big blind) folded before Flop
Seat 5: 1520f982 collected ($0.25)
Seat 6: 77dc54d0 folded before Flop (didn't bet)


Poker Hand #HD1826863083: Hold'em No Limit ($0.05/$0.1) - 2024/06/22 19:31:10
Table 'NLHRed75' 6-max Seat #1 is the button
Seat 1: Hero ($10 in chips)
Seat 2: b7ebda07 ($16.07 in chips)
Seat 3: c3d80d5 ($10.77 in chips)
Seat 4: 4460df71 ($10.49 in chips)
Seat 5: 1520f982 ($8.45 in chips)
Seat 6: 77dc54d0 ($23.15 in chips)
b7ebda07: posts small blind $0.05
c3d80d5: posts big blind $0.1
*** HOLE CARDS ***
Dealt to Hero [Tc 7d]
Dealt to b7ebda07 
Dealt to c3d80d5 
Dealt to 4460df71 
Dealt to 1520f982 
Dealt to 77dc54d0 
4460df71: folds
1520f982: raises $0.2 to $0.3
77dc54d0: folds
Hero: folds
b7ebda07: folds
c3d80d5: calls $0.2
*** FLOP *** [7c 2c 2s]
c3d80d5: checks
1520f982: checks
*** TURN *** [7c 2c 2s] [4c]
c3d80d5: bets $0.54
1520f982: folds
Uncalled bet ($0.54) returned to c3d80d5
*** SHOWDOWN ***
c3d80d5 collected $0.62 from pot
*** SUMMARY ***
Total pot $0.65 | Rake $0.03 | Jackpot $0 | Bingo $0 | Fortune $0 | Tax $0
Board [7c 2c 2s 4c]
Seat 1: Hero (button) folded before Flop (didn't bet)
Seat 2: b7ebda07 (small blind) folded before Flop
Seat 3: c3d80d5 (big blind) won ($0.62)
Seat 4: 4460df71 folded before Flop (didn't bet)
Seat 5: 1520f982 folded on the Turn
Seat 6: 77dc54d0 folded before Flop (didn't bet)


Poker Hand #HD1826863004: Hold'em No Limit ($0.05/$0.1) - 2024/06/22 19:30:35
Table 'NLHRed75' 6-max Seat #6 is the button
Seat 1: Hero ($10 in chips)
Seat 2: b7ebda07 ($15.56 in chips)
Seat 3: c3d80d5 ($10.77 in chips)
Seat 4: 4460df71 ($10.74 in chips)
Seat 5: 1520f982 ($8.7 in chips)
Seat 6: 77dc54d0 ($23.15 in chips)
Hero: posts small blind $0.05
b7ebda07: posts big blind $0.1
*** HOLE CARDS ***
Dealt to Hero [Td As]
Dealt to b7ebda07 
Dealt to c3d80d5 
Dealt to 4460df71 
Dealt to 1520f982 
Dealt to 77dc54d0 
c3d80d5: folds
4460df71: raises $0.15 to $0.25
1520f982: calls $0.25
77dc54d0: folds
Hero: folds
b7ebda07: calls $0.15
*** FLOP *** [Jc 2c Ks]
b7ebda07: bets $0.6
4460df71: folds
1520f982: folds
Uncalled bet ($0.6) returned to b7ebda07
*** SHOWDOWN ***
b7ebda07 collected $0.76 from pot
*** SUMMARY ***
Total pot $0.8 | Rake $0.04 | Jackpot $0 | Bingo $0 | Fortune $0 | Tax $0
Board [Jc 2c Ks]
Seat 1: Hero (small blind) folded before Flop
Seat 2: b7ebda07 (big blind) won ($0.76)
Seat 3: c3d80d5 folded before Flop (didn't bet)
Seat 4: 4460df71 folded on the Flop
Seat 5: 1520f982 folded on the Flop
Seat 6: 77dc54d0 (button) folded before Flop (didn't bet)


Poker Hand #HD1826862903: Hold'em No Limit ($0.05/$0.1) - 2024/06/22 19:29:51
Table 'NLHRed75' 6-max Seat #5 is the button
Seat 1: Hero ($10 in chips)
Seat 2: b7ebda07 ($15.66 in chips)
Seat 3: c3d80d5 ($11.22 in chips)
Seat 4: 4460df71 ($10.09 in chips)
Seat 5: 1520f982 ($8.7 in chips)
Seat 6: 77dc54d0 ($23.2 in chips)
77dc54d0: posts small blind $0.05
Hero: posts big blind $0.1
*** HOLE CARDS ***
Dealt to Hero [7c 6d]
Dealt to b7ebda07 
Dealt to c3d80d5 
Dealt to 4460df71 
Dealt to 1520f982 
Dealt to 77dc54d0 
b7ebda07: calls $0.1
c3d80d5: raises $0.35 to $0.45
4460df71: raises $1.05 to $1.5
1520f982: folds
77dc54d0: folds
Hero: folds
b7ebda07: folds
c3d80d5: folds
Uncalled bet ($1.05) returned to 4460df71
*** SHOWDOWN ***
4460df71 collected $1.1 from pot
*** SUMMARY ***
Total pot $1.15 | Rake $0.05 | Jackpot $0 | Bingo $0 | Fortune $0 | Tax $0
Seat 1: Hero (big blind) folded before Flop
Seat 2: b7ebda07 folded before Flop
Seat 3: c3d80d5 folded before Flop
Seat 4: 4460df71 collected ($1.1)
Seat 5: 1520f982 (button) folded before Flop (didn't bet)
Seat 6: 77dc54d0 (small blind) folded before Flop


