Poker Hand #HD1741533346: Hold'em No Limit ($0.02/$0.05) - 2024/04/22 14:53:20
Table 'NLHBlue5' 6-max Seat #1 is the button
Seat 1: Hero ($5 in chips)
Seat 2: 5c72975f ($5 in chips)
Seat 3: 4026b09b ($7.78 in chips)
Seat 4: 83aa2c5a ($6.99 in chips)
Seat 5: b695e604 ($4.5 in chips)
Seat 6: fd3d60b4 ($3.49 in chips)
5c72975f: posts small blind $0.02
4026b09b: posts big blind $0.05
*** HOLE CARDS ***
Dealt to Hero [5d 6c]
Dealt to 5c72975f 
Dealt to 4026b09b 
Dealt to 83aa2c5a 
Dealt to b695e604 
Dealt to fd3d60b4 
83aa2c5a: folds
b695e604: folds
fd3d60b4: folds
Hero: folds
5c72975f: raises $0.08 to $0.13
4026b09b: calls $0.08
*** FLOP *** [4s 2s 8h]
5c72975f: bets $0.09
4026b09b: raises $0.15 to $0.24
5c72975f: calls $0.15
*** TURN *** [4s 2s 8h] [2c]
5c72975f: checks
4026b09b: bets $0.37
5c72975f: folds
Uncalled bet ($0.37) returned to 4026b09b
*** SHOWDOWN ***
4026b09b collected $0.71 from pot
*** SUMMARY ***
Total pot $0.74 | Rake $0.03 | Jackpot $0 | Bingo $0 | Fortune $0 | Tax $0
Board [4s 2s 8h 2c]
Seat 1: Hero (button) folded before Flop (didn't bet)
Seat 2: 5c72975f (small blind) folded on the Turn
Seat 3: 4026b09b (big blind) won ($0.71)
Seat 4: 83aa2c5a folded before Flop (didn't bet)
Seat 5: b695e604 folded before Flop (didn't bet)
Seat 6: fd3d60b4 folded before Flop (didn't bet)


Poker Hand #HD1741533311: Hold'em No Limit ($0.02/$0.05) - 2024/04/22 14:52:59
Table 'NLHBlue5' 6-max Seat #6 is the button
Seat 1: Hero ($5 in chips)
Seat 2: 5c72975f ($5 in chips)
Seat 3: 4026b09b ($7.71 in chips)
Seat 4: 83aa2c5a ($6.99 in chips)
Seat 5: b695e604 ($4.5 in chips)
Seat 6: fd3d60b4 ($3.49 in chips)
Hero: posts small blind $0.02
5c72975f: posts big blind $0.05
*** HOLE CARDS ***
Dealt to Hero [4d 7c]
Dealt to 5c72975f 
Dealt to 4026b09b 
Dealt to 83aa2c5a 
Dealt to b695e604 
Dealt to fd3d60b4 
4026b09b: raises $0.09 to $0.14
83aa2c5a: folds
b695e604: folds
fd3d60b4: folds
Hero: folds
5c72975f: folds
Uncalled bet ($0.09) returned to 4026b09b
*** SHOWDOWN ***
4026b09b collected $0.12 from pot
*** SUMMARY ***
Total pot $0.12 | Rake $0 | Jackpot $0 | Bingo $0 | Fortune $0 | Tax $0
Seat 1: Hero (small blind) folded before Flop
Seat 2: 5c72975f (big blind) folded before Flop
Seat 3: 4026b09b collected ($0.12)
Seat 4: 83aa2c5a folded before Flop (didn't bet)
Seat 5: b695e604 folded before Flop (didn't bet)
Seat 6: fd3d60b4 (button) folded before Flop (didn't bet)


Poker Hand #HD1741533192: Hold'em No Limit ($0.02/$0.05) - 2024/04/22 14:51:54
Table 'NLHBlue5' 6-max Seat #5 is the button
Seat 1: Hero ($5 in chips)
Seat 2: 5c72975f ($5 in chips)
Seat 3: 4026b09b ($7.71 in chips)
Seat 4: 83aa2c5a ($6.82 in chips)
Seat 5: b695e604 ($4.5 in chips)
Seat 6: fd3d60b4 ($3.62 in chips)
fd3d60b4: posts small blind $0.02
Hero: posts big blind $0.05
*** HOLE CARDS ***
Dealt to Hero [5s Jh]
Dealt to 5c72975f 
Dealt to 4026b09b 
Dealt to 83aa2c5a 
Dealt to b695e604 
Dealt to fd3d60b4 
5c72975f: folds
4026b09b: folds
83aa2c5a: raises $0.08 to $0.13
b695e604: folds
fd3d60b4: calls $0.11
Hero: folds
*** FLOP *** [4s 2s 9s]
fd3d60b4: checks
83aa2c5a: checks
*** TURN *** [4s 2s 9s] [Ks]
fd3d60b4: checks
83aa2c5a: checks
*** RIVER *** [4s 2s 9s Ks] [6s]
fd3d60b4: checks
83aa2c5a: bets $0.2
fd3d60b4: folds
Uncalled bet ($0.2) returned to 83aa2c5a
*** SHOWDOWN ***
83aa2c5a collected $0.3 from pot
*** SUMMARY ***
Total pot $0.31 | Rake $0.01 | Jackpot $0 | Bingo $0 | Fortune $0 | Tax $0
Board [4s 2s 9s Ks 6s]
Seat 1: Hero (big blind) folded before Flop
Seat 2: 5c72975f folded before Flop (didn't bet)
Seat 3: 4026b09b folded before Flop (didn't bet)
Seat 4: 83aa2c5a won ($0.3)
Seat 5: b695e604 (button) folded before Flop (didn't bet)
Seat 6: fd3d60b4 (small blind) folded on the River


Poker Hand #HD1741533110: Hold'em No Limit ($0.02/$0.05) - 2024/04/22 14:51:16
Table 'NLHBlue5' 6-max Seat #4 is the button
Seat 1: Hero ($5 in chips)
Seat 2: 5c72975f ($5 in chips)
Seat 3: 4026b09b ($7.71 in chips)
Seat 4: 83aa2c5a ($6.82 in chips)
Seat 5: b695e604 ($3.95 in chips)
Seat 6: fd3d60b4 ($3.67 in chips)
b695e604: posts small blind $0.02
fd3d60b4: posts big blind $0.05
*** HOLE CARDS ***
Dealt to Hero [Td 6s]
Dealt to 5c72975f 
Dealt to 4026b09b 
Dealt to 83aa2c5a 
Dealt to b695e604 
Dealt to fd3d60b4 
Hero: folds
5c72975f: raises $0.08 to $0.13
4026b09b: folds
83aa2c5a: folds
b695e604: raises $0.42 to $0.55
fd3d60b4: folds
5c72975f: calls $0.42
*** FLOP *** [6d Jd Ac]
b695e604: bets $0.58
5c72975f: folds
Uncalled bet ($0.58) returned to b695e604
*** SHOWDOWN ***
b695e604 collected $1.1 from pot
*** SUMMARY ***
Total pot $1.15 | Rake $0.05 | Jackpot $0 | Bingo $0 | Fortune $0 | Tax $0
Board [6d Jd Ac]
Seat 1: Hero folded before Flop (didn't bet)
Seat 2: 5c72975f folded on the Flop
Seat 3: 4026b09b folded before Flop (didn't bet)
Seat 4: 83aa2c5a (button) folded before Flop (didn't bet)
Seat 5: b695e604 (small blind) won ($1.1)
Seat 6: fd3d60b4 (big blind) folded before Flop


Poker Hand #HD1741532931: Hold'em No Limit ($0.02/$0.05) - 2024/04/22 14:49:41
Table 'NLHBlue5' 6-max Seat #3 is the button
Seat 1: Hero ($5.57 in chips)
Seat 2: 5c72975f ($5 in chips)
Seat 3: 4026b09b ($7.71 in chips)
Seat 4: 83aa2c5a ($6.84 in chips)
Seat 5: b695e604 ($4 in chips)
Seat 6: fd3d60b4 ($2.45 in chips)
83aa2c5a: posts small blind $0.02
b695e604: posts big blind $0.05
*** HOLE CARDS ***
Dealt to Hero [Ah Kc]
Dealt to 5c72975f 
Dealt to 4026b09b 
Dealt to 83aa2c5a 
Dealt to b695e604 
Dealt to fd3d60b4 
fd3d60b4: raises $0.05 to $0.1
Hero: raises $0.2 to $0.3
5c72975f: folds
4026b09b: folds
83aa2c5a: folds
b695e604: folds
fd3d60b4: calls $0.2
*** FLOP *** [8s Ad 3s]
fd3d60b4: checks
Hero: bets $0.25
fd3d60b4: calls $0.25
*** TURN *** [8s Ad 3s] [Jd]
fd3d60b4: checks
Hero: bets $0.78
fd3d60b4: calls $0.78
*** RIVER *** [8s Ad 3s Jd] [Th]
fd3d60b4: checks
Hero: checks
fd3d60b4: shows [9s 7s] (Jacks-High Straight)
Hero: shows [Ah Kc] (Pair of Aces)
*** SHOWDOWN ***
fd3d60b4 collected $2.55 from pot
*** SUMMARY ***
Total pot $2.73 | Rake $0.13 | Jackpot $0.05 | Bingo $0 | Fortune $0 | Tax $0
Board [8s Ad 3s Jd Th]
Seat 1: Hero showed [Ah Kc] and lost with Pair of Aces
Seat 2: 5c72975f folded before Flop (didn't bet)
Seat 3: 4026b09b (button) folded before Flop (didn't bet)
Seat 4: 83aa2c5a (small blind) folded before Flop
Seat 5: b695e604 (big blind) folded before Flop
Seat 6: fd3d60b4 showed [9s 7s] and won ($2.55) with Jacks-High Straight


Poker Hand #HD1741532885: Hold'em No Limit ($0.02/$0.05) - 2024/04/22 14:49:20
Table 'NLHBlue5' 6-max Seat #2 is the button
Seat 1: Hero ($5.57 in chips)
Seat 2: 5c72975f ($5 in chips)
Seat 3: 4026b09b ($7.73 in chips)
Seat 4: 83aa2c5a ($6.82 in chips)
Seat 6: fd3d60b4 ($2.45 in chips)
4026b09b: posts small blind $0.02
83aa2c5a: posts big blind $0.05
*** HOLE CARDS ***
Dealt to Hero [Th 8d]
Dealt to 5c72975f 
Dealt to 4026b09b 
Dealt to 83aa2c5a 
Dealt to fd3d60b4 
fd3d60b4: folds
Hero: folds
5c72975f: folds
4026b09b: folds
Uncalled bet ($0.03) returned to 83aa2c5a
*** SHOWDOWN ***
83aa2c5a collected $0.04 from pot
*** SUMMARY ***
Total pot $0.04 | Rake $0 | Jackpot $0 | Bingo $0 | Fortune $0 | Tax $0
Seat 1: Hero folded before Flop (didn't bet)
Seat 2: 5c72975f (button) folded before Flop (didn't bet)
Seat 3: 4026b09b (small blind) folded before Flop
Seat 4: 83aa2c5a (big blind) collected ($0.04)
Seat 6: fd3d60b4 folded before Flop (didn't bet)


Poker Hand #HD1741532795: Hold'em No Limit ($0.02/$0.05) - 2024/04/22 14:48:29
Table 'NLHBlue5' 6-max Seat #1 is the button
Seat 1: Hero ($5.57 in chips)
Seat 2: 5c72975f ($5 in chips)
Seat 3: 4026b09b ($7.78 in chips)
Seat 4: 83aa2c5a ($5 in chips)
5c72975f: posts small blind $0.02
4026b09b: posts big blind $0.05
*** HOLE CARDS ***
Dealt to Hero [As 7c]
Dealt to 5c72975f 
Dealt to 4026b09b 
Dealt to 83aa2c5a 
83aa2c5a: raises $0.08 to $0.13
Hero: folds
5c72975f: calls $0.11
4026b09b: folds
*** FLOP *** [Jd 6c Ts]
5c72975f: checks
83aa2c5a: bets $0.16
5c72975f: calls $0.16
*** TURN *** [Jd 6c Ts] [Qc]
5c72975f: checks
83aa2c5a: bets $0.5
5c72975f: calls $0.5
*** RIVER *** [Jd 6c Ts Qc] [Js]
5c72975f: bets $1.23
83aa2c5a: calls $1.23
5c72975f: shows [Jc 9c] (Three Jacks)
83aa2c5a: shows [6h 6d] (Sixes Full over Jacks)
*** SHOWDOWN ***
83aa2c5a collected $3.84 from pot
*** SUMMARY ***
Total pot $4.09 | Rake $0.2 | Jackpot $0.05 | Bingo $0 | Fortune $0 | Tax $0
Board [Jd 6c Ts Qc Js]
Seat 1: Hero (button) folded before Flop (didn't bet)
Seat 2: 5c72975f (small blind) showed [Jc 9c] and lost with Three Jacks
Seat 3: 4026b09b (big blind) folded before Flop
Seat 4: 83aa2c5a showed [6h 6d] and won ($3.84) with Sixes Full over Jacks


Poker Hand #HD1741532579: Hold'em No Limit ($0.02/$0.05) - 2024/04/22 14:46:33
Table 'NLHBlue5' 6-max Seat #4 is the button
Seat 1: Hero ($5.57 in chips)
Seat 2: 5c72975f ($5 in chips)
Seat 3: 4026b09b ($5.09 in chips)
Seat 4: 83aa2c5a ($5 in chips)
Seat 5: d8ed8b16 ($6.82 in chips)
Seat 6: fd3d60b4 ($2.5 in chips)
d8ed8b16: posts small blind $0.02
fd3d60b4: posts big blind $0.05
*** HOLE CARDS ***
Dealt to Hero [9d 4h]
Dealt to 5c72975f 
Dealt to 4026b09b 
Dealt to 83aa2c5a 
Dealt to d8ed8b16 
Dealt to fd3d60b4 
Hero: folds
5c72975f: raises $0.08 to $0.13
4026b09b: raises $0.25 to $0.38
83aa2c5a: folds
d8ed8b16: folds
fd3d60b4: folds
5c72975f: calls $0.25
*** FLOP *** [4c Ts Ad]
5c72975f: checks
4026b09b: bets $0.28
5c72975f: calls $0.28
*** TURN *** [4c Ts Ad] [Ks]
5c72975f: checks
4026b09b: bets $0.5
5c72975f: calls $0.5
*** RIVER *** [4c Ts Ad Ks] [Jd]
5c72975f: bets $1.8
4026b09b: raises $2.13 to $3.93 and is all-in
5c72975f: folds
Uncalled bet ($2.13) returned to 4026b09b
*** SHOWDOWN ***
4026b09b collected $5.65 from pot
*** SUMMARY ***
Total pot $5.99 | Rake $0.29 | Jackpot $0.05 | Bingo $0 | Fortune $0 | Tax $0
Board [4c Ts Ad Ks Jd]
Seat 1: Hero folded before Flop (didn't bet)
Seat 2: 5c72975f folded on the River
Seat 3: 4026b09b won ($5.65)
Seat 4: 83aa2c5a (button) folded before Flop (didn't bet)
Seat 5: d8ed8b16 (small blind) folded before Flop
Seat 6: fd3d60b4 (big blind) folded before Flop


Poker Hand #HD1741532503: Hold'em No Limit ($0.02/$0.05) - 2024/04/22 14:45:57
Table 'NLHBlue5' 6-max Seat #3 is the button
Seat 1: Hero ($5.57 in chips)
Seat 2: 5c72975f ($5 in chips)
Seat 3: 4026b09b ($5.09 in chips)
Seat 4: 83aa2c5a ($5.02 in chips)
Seat 5: d8ed8b16 ($6.68 in chips)
Seat 6: fd3d60b4 ($2.5 in chips)
83aa2c5a: posts small blind $0.02
d8ed8b16: posts big blind $0.05
*** HOLE CARDS ***
Dealt to Hero [8s 2s]
Dealt to 5c72975f 
Dealt to 4026b09b 
Dealt to 83aa2c5a 
Dealt to d8ed8b16 
Dealt to fd3d60b4 
fd3d60b4: folds
Hero: folds
5c72975f: folds
4026b09b: folds
83aa2c5a: calls $0.03
d8ed8b16: raises $0.1 to $0.15
83aa2c5a: calls $0.1
*** FLOP *** [Js Ac 7c]
83aa2c5a: checks
d8ed8b16: bets $0.1
83aa2c5a: folds
Uncalled bet ($0.1) returned to d8ed8b16
*** SHOWDOWN ***
d8ed8b16 collected $0.29 from pot
*** SUMMARY ***
Total pot $0.3 | Rake $0.01 | Jackpot $0 | Bingo $0 | Fortune $0 | Tax $0
Board [Js Ac 7c]
Seat 1: Hero folded before Flop (didn't bet)
Seat 2: 5c72975f folded before Flop (didn't bet)
Seat 3: 4026b09b (button) folded before Flop (didn't bet)
Seat 4: 83aa2c5a (small blind) folded on the Flop
Seat 5: d8ed8b16 (big blind) won ($0.29)
Seat 6: fd3d60b4 folded before Flop (didn't bet)


Poker Hand #HD1741532485: Hold'em No Limit ($0.02/$0.05) - 2024/04/22 14:45:48
Table 'NLHBlue5' 6-max Seat #2 is the button
Seat 1: Hero ($5.57 in chips)
Seat 2: 5c72975f ($5 in chips)
Seat 3: 4026b09b ($5.11 in chips)
Seat 4: 83aa2c5a ($5 in chips)
Seat 5: d8ed8b16 ($6.68 in chips)
Seat 6: fd3d60b4 ($2.5 in chips)
4026b09b: posts small blind $0.02
83aa2c5a: posts big blind $0.05
*** HOLE CARDS ***
Dealt to Hero [8c Qs]
Dealt to 5c72975f 
Dealt to 4026b09b 
Dealt to 83aa2c5a 
Dealt to d8ed8b16 
Dealt to fd3d60b4 
d8ed8b16: folds
fd3d60b4: folds
Hero: folds
5c72975f: folds
4026b09b: folds
Uncalled bet ($0.03) returned to 83aa2c5a
*** SHOWDOWN ***
83aa2c5a collected $0.04 from pot
*** SUMMARY ***
Total pot $0.04 | Rake $0 | Jackpot $0 | Bingo $0 | Fortune $0 | Tax $0
Seat 1: Hero folded before Flop (didn't bet)
Seat 2: 5c72975f (button) folded before Flop (didn't bet)
Seat 3: 4026b09b (small blind) folded before Flop
Seat 4: 83aa2c5a (big blind) collected ($0.04)
Seat 5: d8ed8b16 folded before Flop (didn't bet)
Seat 6: fd3d60b4 folded before Flop (didn't bet)


Poker Hand #HD1741532365: Hold'em No Limit ($0.02/$0.05) - 2024/04/22 14:44:47
Table 'NLHBlue5' 6-max Seat #1 is the button
Seat 1: Hero ($5 in chips)
Seat 2: 5c72975f ($5 in chips)
Seat 3: 4026b09b ($5.16 in chips)
Seat 4: 83aa2c5a ($5 in chips)
Seat 5: d8ed8b16 ($6.78 in chips)
Seat 6: fd3d60b4 ($2.95 in chips)
5c72975f: posts small blind $0.02
4026b09b: posts big blind $0.05
*** HOLE CARDS ***
Dealt to Hero [Js Ac]
Dealt to 5c72975f 
Dealt to 4026b09b 
Dealt to 83aa2c5a 
Dealt to d8ed8b16 
Dealt to fd3d60b4 
83aa2c5a: folds
d8ed8b16: raises $0.05 to $0.1
fd3d60b4: calls $0.1
Hero: raises $0.35 to $0.45
5c72975f: folds
4026b09b: folds
d8ed8b16: folds
fd3d60b4: calls $0.35
*** FLOP *** [Qc Ks 7d]
fd3d60b4: checks
Hero: bets $0.45
fd3d60b4: folds
Uncalled bet ($0.45) returned to Hero
*** SHOWDOWN ***
Hero collected $1.02 from pot
*** SUMMARY ***
Total pot $1.07 | Rake $0.05 | Jackpot $0 | Bingo $0 | Fortune $0 | Tax $0
Board [Qc Ks 7d]
Seat 1: Hero (button) won ($1.02)
Seat 2: 5c72975f (small blind) folded before Flop
Seat 3: 4026b09b (big blind) folded before Flop
Seat 4: 83aa2c5a folded before Flop (didn't bet)
Seat 5: d8ed8b16 folded before Flop
Seat 6: fd3d60b4 folded on the Flop


Poker Hand #HD1741532283: Hold'em No Limit ($0.02/$0.05) - 2024/04/22 14:44:02
Table 'NLHBlue5' 6-max Seat #6 is the button
Seat 1: Hero ($5 in chips)
Seat 2: 5c72975f ($5 in chips)
Seat 3: 4026b09b ($5.16 in chips)
Seat 4: 83aa2c5a ($5 in chips)
Seat 5: d8ed8b16 ($6.62 in chips)
Seat 6: fd3d60b4 ($3.05 in chips)
Hero: posts small blind $0.02
5c72975f: posts big blind $0.05
*** HOLE CARDS ***
Dealt to Hero [8d Jc]
Dealt to 5c72975f 
Dealt to 4026b09b 
Dealt to 83aa2c5a 
Dealt to d8ed8b16 
Dealt to fd3d60b4 
4026b09b: folds
83aa2c5a: folds
d8ed8b16: raises $0.05 to $0.1
fd3d60b4: calls $0.1
Hero: folds
5c72975f: folds
*** FLOP *** [9h Th Ac]
d8ed8b16: bets $0.09
fd3d60b4: folds
Uncalled bet ($0.09) returned to d8ed8b16
*** SHOWDOWN ***
d8ed8b16 collected $0.26 from pot
*** SUMMARY ***
Total pot $0.27 | Rake $0.01 | Jackpot $0 | Bingo $0 | Fortune $0 | Tax $0
Board [9h Th Ac]
Seat 1: Hero (small blind) folded before Flop
Seat 2: 5c72975f (big blind) folded before Flop
Seat 3: 4026b09b folded before Flop (didn't bet)
Seat 4: 83aa2c5a folded before Flop (didn't bet)
Seat 5: d8ed8b16 won ($0.26)
Seat 6: fd3d60b4 (button) folded on the Flop


Poker Hand #HD1741532169: Hold'em No Limit ($0.02/$0.05) - 2024/04/22 14:43:18
Table 'NLHBlue5' 6-max Seat #5 is the button
Seat 1: Hero ($5 in chips)
Seat 3: 4026b09b ($5 in chips)
Seat 4: 83aa2c5a ($5 in chips)
Seat 5: d8ed8b16 ($6.62 in chips)
Seat 6: fd3d60b4 ($3.17 in chips)
fd3d60b4: posts small blind $0.02
Hero: posts big blind $0.05
*** HOLE CARDS ***
Dealt to Hero [6s Tc]
Dealt to 4026b09b 
Dealt to 83aa2c5a 
Dealt to d8ed8b16 
Dealt to fd3d60b4 
4026b09b: raises $0.07 to $0.12
83aa2c5a: folds
d8ed8b16: folds
fd3d60b4: calls $0.1
Hero: folds
*** FLOP *** [6c As Kh]
fd3d60b4: checks
4026b09b: bets $0.1
fd3d60b4: folds
Uncalled bet ($0.1) returned to 4026b09b
*** SHOWDOWN ***
4026b09b collected $0.28 from pot
*** SUMMARY ***
Total pot $0.29 | Rake $0.01 | Jackpot $0 | Bingo $0 | Fortune $0 | Tax $0
Board [6c As Kh]
Seat 1: Hero (big blind) folded before Flop
Seat 3: 4026b09b won ($0.28)
Seat 4: 83aa2c5a folded before Flop (didn't bet)
Seat 5: d8ed8b16 (button) folded before Flop (didn't bet)
Seat 6: fd3d60b4 (small blind) folded on the Flop


Poker Hand #HD1741532134: Hold'em No Limit ($0.02/$0.05) - 2024/04/22 14:42:59
Table 'NLHBlue5' 6-max Seat #4 is the button
Seat 1: Hero ($5 in chips)
Seat 3: 4026b09b ($5 in chips)
Seat 4: 83aa2c5a ($5 in chips)
Seat 5: d8ed8b16 ($6.57 in chips)
Seat 6: fd3d60b4 ($3.22 in chips)
d8ed8b16: posts small blind $0.02
fd3d60b4: posts big blind $0.05
*** HOLE CARDS ***
Dealt to Hero [Kh 6c]
Dealt to 4026b09b 
Dealt to 83aa2c5a 
Dealt to d8ed8b16 
Dealt to fd3d60b4 
Hero: folds
4026b09b: folds
83aa2c5a: folds
d8ed8b16: raises $0.1 to $0.15
fd3d60b4: folds
Uncalled bet ($0.1) returned to d8ed8b16
*** SHOWDOWN ***
d8ed8b16 collected $0.1 from pot
*** SUMMARY ***
Total pot $0.1 | Rake $0 | Jackpot $0 | Bingo $0 | Fortune $0 | Tax $0
Seat 1: Hero folded before Flop (didn't bet)
Seat 3: 4026b09b folded before Flop (didn't bet)
Seat 4: 83aa2c5a (button) folded before Flop (didn't bet)
Seat 5: d8ed8b16 (small blind) collected ($0.1)
Seat 6: fd3d60b4 (big blind) folded before Flop


Poker Hand #HD1741532108: Hold'em No Limit ($0.02/$0.05) - 2024/04/22 14:42:49
Table 'NLHBlue5' 6-max Seat #3 is the button
Seat 1: Hero ($5 in chips)
Seat 3: 4026b09b ($5 in chips)
Seat 4: 83aa2c5a ($5.02 in chips)
Seat 5: d8ed8b16 ($6.55 in chips)
Seat 6: fd3d60b4 ($3.22 in chips)
83aa2c5a: posts small blind $0.02
d8ed8b16: posts big blind $0.05
*** HOLE CARDS ***
Dealt to Hero [2d Kc]
Dealt to 4026b09b 
Dealt to 83aa2c5a 
Dealt to d8ed8b16 
Dealt to fd3d60b4 
fd3d60b4: folds
Hero: folds
4026b09b: folds
83aa2c5a: folds
Uncalled bet ($0.03) returned to d8ed8b16
*** SHOWDOWN ***
d8ed8b16 collected $0.04 from pot
*** SUMMARY ***
Total pot $0.04 | Rake $0 | Jackpot $0 | Bingo $0 | Fortune $0 | Tax $0
Seat 1: Hero folded before Flop (didn't bet)
Seat 3: 4026b09b (button) folded before Flop (didn't bet)
Seat 4: 83aa2c5a (small blind) folded before Flop
Seat 5: d8ed8b16 (big blind) collected ($0.04)
Seat 6: fd3d60b4 folded before Flop (didn't bet)


Poker Hand #HD1741531899: Hold'em No Limit ($0.02/$0.05) - 2024/04/22 14:41:01
Table 'NLHBlue5' 6-max Seat #1 is the button
Seat 1: Hero ($5 in chips)
Seat 3: 4026b09b ($5.02 in chips)
Seat 4: 83aa2c5a ($5.12 in chips)
Seat 5: d8ed8b16 ($6.55 in chips)
Seat 6: fd3d60b4 ($3.11 in chips)
4026b09b: posts small blind $0.02
83aa2c5a: posts big blind $0.05
*** HOLE CARDS ***
Dealt to Hero [Tc 7d]
Dealt to 4026b09b 
Dealt to 83aa2c5a 
Dealt to d8ed8b16 
Dealt to fd3d60b4 
d8ed8b16: folds
fd3d60b4: raises $0.05 to $0.1
Hero: folds
4026b09b: folds
83aa2c5a: calls $0.05
*** FLOP *** [9c Qc 4c]
83aa2c5a: checks
fd3d60b4: checks
*** TURN *** [9c Qc 4c] [Jd]
83aa2c5a: checks
fd3d60b4: checks
*** RIVER *** [9c Qc 4c Jd] [4h]
83aa2c5a: checks
fd3d60b4: bets $0.08
83aa2c5a: folds
Uncalled bet ($0.08) returned to fd3d60b4
*** SHOWDOWN ***
fd3d60b4 collected $0.21 from pot
*** SUMMARY ***
Total pot $0.22 | Rake $0.01 | Jackpot $0 | Bingo $0 | Fortune $0 | Tax $0
Board [9c Qc 4c Jd 4h]
Seat 1: Hero (button) folded before Flop (didn't bet)
Seat 3: 4026b09b (small blind) folded before Flop
Seat 4: 83aa2c5a (big blind) folded on the River
Seat 5: d8ed8b16 folded before Flop (didn't bet)
Seat 6: fd3d60b4 won ($0.21)


Poker Hand #HD1741531878: Hold'em No Limit ($0.02/$0.05) - 2024/04/22 14:40:52
Table 'NLHBlue5' 6-max Seat #6 is the button
Seat 1: Hero ($5 in chips)
Seat 3: 4026b09b ($5 in chips)
Seat 4: 83aa2c5a ($5.12 in chips)
Seat 5: d8ed8b16 ($6.55 in chips)
Seat 6: fd3d60b4 ($3.11 in chips)
Hero: posts small blind $0.02
4026b09b: posts big blind $0.05
*** HOLE CARDS ***
Dealt to Hero [9s 5d]
Dealt to 4026b09b 
Dealt to 83aa2c5a 
Dealt to d8ed8b16 
Dealt to fd3d60b4 
83aa2c5a: folds
d8ed8b16: folds
fd3d60b4: folds
Hero: folds
Uncalled bet ($0.03) returned to 4026b09b
*** SHOWDOWN ***
4026b09b collected $0.04 from pot
*** SUMMARY ***
Total pot $0.04 | Rake $0 | Jackpot $0 | Bingo $0 | Fortune $0 | Tax $0
Seat 1: Hero (small blind) folded before Flop
Seat 3: 4026b09b (big blind) collected ($0.04)
Seat 4: 83aa2c5a folded before Flop (didn't bet)
Seat 5: d8ed8b16 folded before Flop (didn't bet)
Seat 6: fd3d60b4 (button) folded before Flop (didn't bet)


Poker Hand #HD1741531820: Hold'em No Limit ($0.02/$0.05) - 2024/04/22 14:40:22
Table 'NLHBlue5' 6-max Seat #5 is the button
Seat 1: Hero ($5 in chips)
Seat 2: 6ad7d9aa ($6.6 in chips)
Seat 3: 4026b09b ($5 in chips)
Seat 4: 83aa2c5a ($5.12 in chips)
Seat 5: d8ed8b16 ($6.55 in chips)
Seat 6: fd3d60b4 ($3.26 in chips)
fd3d60b4: posts small blind $0.02
Hero: posts big blind $0.05
*** HOLE CARDS ***
Dealt to Hero [5s Qc]
Dealt to 6ad7d9aa 
Dealt to 4026b09b 
Dealt to 83aa2c5a 
Dealt to d8ed8b16 
Dealt to fd3d60b4 
6ad7d9aa: raises $0.1 to $0.15
4026b09b: folds
83aa2c5a: folds
d8ed8b16: folds
fd3d60b4: calls $0.13
Hero: folds
*** FLOP *** [6h 2d Jh]
fd3d60b4: checks
6ad7d9aa: bets $0.21
fd3d60b4: folds
Uncalled bet ($0.21) returned to 6ad7d9aa
*** SHOWDOWN ***
6ad7d9aa collected $0.34 from pot
*** SUMMARY ***
Total pot $0.35 | Rake $0.01 | Jackpot $0 | Bingo $0 | Fortune $0 | Tax $0
Board [6h 2d Jh]
Seat 1: Hero (big blind) folded before Flop
Seat 2: 6ad7d9aa won ($0.34)
Seat 3: 4026b09b folded before Flop (didn't bet)
Seat 4: 83aa2c5a folded before Flop (didn't bet)
Seat 5: d8ed8b16 (button) folded before Flop (didn't bet)
Seat 6: fd3d60b4 (small blind) folded on the Flop


Poker Hand #HD1741531778: Hold'em No Limit ($0.02/$0.05) - 2024/04/22 14:40:01
Table 'NLHBlue5' 6-max Seat #4 is the button
Seat 1: Hero ($5 in chips)
Seat 2: 6ad7d9aa ($6.6 in chips)
Seat 3: 4026b09b ($5 in chips)
Seat 4: 83aa2c5a ($5.12 in chips)
Seat 5: d8ed8b16 ($6.5 in chips)
Seat 6: fd3d60b4 ($3.31 in chips)
d8ed8b16: posts small blind $0.02
fd3d60b4: posts big blind $0.05
*** HOLE CARDS ***
Dealt to Hero [8s Td]
Dealt to 6ad7d9aa 
Dealt to 4026b09b 
Dealt to 83aa2c5a 
Dealt to d8ed8b16 
Dealt to fd3d60b4 
Hero: folds
6ad7d9aa: folds
4026b09b: folds
83aa2c5a: folds
d8ed8b16: raises $0.1 to $0.15
fd3d60b4: folds
Uncalled bet ($0.1) returned to d8ed8b16
*** SHOWDOWN ***
d8ed8b16 collected $0.1 from pot
*** SUMMARY ***
Total pot $0.1 | Rake $0 | Jackpot $0 | Bingo $0 | Fortune $0 | Tax $0
Seat 1: Hero folded before Flop (didn't bet)
Seat 2: 6ad7d9aa folded before Flop (didn't bet)
Seat 3: 4026b09b folded before Flop (didn't bet)
Seat 4: 83aa2c5a (button) folded before Flop (didn't bet)
Seat 5: d8ed8b16 (small blind) collected ($0.1)
Seat 6: fd3d60b4 (big blind) folded before Flop


Poker Hand #HD1741531631: Hold'em No Limit ($0.02/$0.05) - 2024/04/22 14:38:46
Table 'NLHBlue5' 6-max Seat #3 is the button
Seat 1: Hero ($5 in chips)
Seat 2: 6ad7d9aa ($6.6 in chips)
Seat 3: 4026b09b ($5 in chips)
Seat 4: 83aa2c5a ($5.14 in chips)
Seat 5: d8ed8b16 ($4.85 in chips)
Seat 6: fd3d60b4 ($3.55 in chips)
83aa2c5a: posts small blind $0.02
d8ed8b16: posts big blind $0.05
fd3d60b4: posts big blind $0.05
*** HOLE CARDS ***
Dealt to Hero [2c Th]
Dealt to 6ad7d9aa 
Dealt to 4026b09b 
Dealt to 83aa2c5a 
Dealt to d8ed8b16 
Dealt to fd3d60b4 
fd3d60b4: checks
Hero: folds
6ad7d9aa: folds
4026b09b: raises $0.19 to $0.24
83aa2c5a: folds
d8ed8b16: calls $0.19
fd3d60b4: calls $0.19
*** FLOP *** [5d Qh Qd]
d8ed8b16: checks
fd3d60b4: checks
4026b09b: bets $0.25
d8ed8b16: raises $0.62 to $0.87
fd3d60b4: folds
4026b09b: calls $0.62
*** TURN *** [5d Qh Qd] [5c]
d8ed8b16: checks
4026b09b: bets $0.5
d8ed8b16: raises $1.15 to $1.65
4026b09b: folds
Uncalled bet ($1.15) returned to d8ed8b16
*** SHOWDOWN ***
d8ed8b16 collected $3.26 from pot
*** SUMMARY ***
Total pot $3.48 | Rake $0.17 | Jackpot $0.05 | Bingo $0 | Fortune $0 | Tax $0
Board [5d Qh Qd 5c]
Seat 1: Hero folded before Flop (didn't bet)
Seat 2: 6ad7d9aa folded before Flop (didn't bet)
Seat 3: 4026b09b (button) folded on the Turn
Seat 4: 83aa2c5a (small blind) folded before Flop
Seat 5: d8ed8b16 (big blind) won ($3.26)
Seat 6: fd3d60b4 folded on the Flop


Poker Hand #HD1741531565: Hold'em No Limit ($0.02/$0.05) - 2024/04/22 14:38:09
Table 'NLHBlue5' 6-max Seat #2 is the button
Seat 1: Hero ($5 in chips)
Seat 2: 6ad7d9aa ($6.6 in chips)
Seat 3: 4026b09b ($5.14 in chips)
Seat 4: 83aa2c5a ($5 in chips)
Seat 5: d8ed8b16 ($4.85 in chips)
4026b09b: posts small blind $0.02
83aa2c5a: posts big blind $0.05
*** HOLE CARDS ***
Dealt to Hero [Kd 2d]
Dealt to 6ad7d9aa 
Dealt to 4026b09b 
Dealt to 83aa2c5a 
Dealt to d8ed8b16 
d8ed8b16: folds
Hero: folds
6ad7d9aa: folds
4026b09b: raises $0.1 to $0.15
83aa2c5a: calls $0.1
*** FLOP *** [Ac Jc 9s]
4026b09b: checks
83aa2c5a: bets $0.12
4026b09b: folds
Uncalled bet ($0.12) returned to 83aa2c5a
*** SHOWDOWN ***
83aa2c5a collected $0.29 from pot
*** SUMMARY ***
Total pot $0.3 | Rake $0.01 | Jackpot $0 | Bingo $0 | Fortune $0 | Tax $0
Board [Ac Jc 9s]
Seat 1: Hero folded before Flop (didn't bet)
Seat 2: 6ad7d9aa (button) folded before Flop (didn't bet)
Seat 3: 4026b09b (small blind) folded on the Flop
Seat 4: 83aa2c5a (big blind) won ($0.29)
Seat 5: d8ed8b16 folded before Flop (didn't bet)


Poker Hand #HD1741531533: Hold'em No Limit ($0.02/$0.05) - 2024/04/22 14:37:54
Table 'NLHBlue5' 6-max Seat #1 is the button
Seat 1: Hero ($5 in chips)
Seat 2: 6ad7d9aa ($6.62 in chips)
Seat 3: 4026b09b ($5.12 in chips)
Seat 4: 83aa2c5a ($5 in chips)
Seat 5: d8ed8b16 ($4.85 in chips)
6ad7d9aa: posts small blind $0.02
4026b09b: posts big blind $0.05
*** HOLE CARDS ***
Dealt to Hero [7s Ah]
Dealt to 6ad7d9aa 
Dealt to 4026b09b 
Dealt to 83aa2c5a 
Dealt to d8ed8b16 
83aa2c5a: folds
d8ed8b16: folds
Hero: folds
6ad7d9aa: folds
Uncalled bet ($0.03) returned to 4026b09b
*** SHOWDOWN ***
4026b09b collected $0.04 from pot
*** SUMMARY ***
Total pot $0.04 | Rake $0 | Jackpot $0 | Bingo $0 | Fortune $0 | Tax $0
Seat 1: Hero (button) folded before Flop (didn't bet)
Seat 2: 6ad7d9aa (small blind) folded before Flop
Seat 3: 4026b09b (big blind) collected ($0.04)
Seat 4: 83aa2c5a folded before Flop (didn't bet)
Seat 5: d8ed8b16 folded before Flop (didn't bet)


Poker Hand #HD1741531464: Hold'em No Limit ($0.02/$0.05) - 2024/04/22 14:37:23
Table 'NLHBlue5' 6-max Seat #5 is the button
Seat 1: Hero ($5 in chips)
Seat 2: 6ad7d9aa ($6.62 in chips)
Seat 3: 4026b09b ($5.05 in chips)
Seat 4: 83aa2c5a ($5 in chips)
Seat 5: d8ed8b16 ($4.85 in chips)
Seat 6: a0d569d6 ($5.52 in chips)
a0d569d6: posts small blind $0.02
Hero: posts big blind $0.05
*** HOLE CARDS ***
Dealt to Hero [Td 4d]
Dealt to 6ad7d9aa 
Dealt to 4026b09b 
Dealt to 83aa2c5a 
Dealt to d8ed8b16 
Dealt to a0d569d6 
6ad7d9aa: folds
4026b09b: raises $0.09 to $0.14
83aa2c5a: folds
d8ed8b16: folds
a0d569d6: folds
Hero: folds
Uncalled bet ($0.09) returned to 4026b09b
*** SHOWDOWN ***
4026b09b collected $0.12 from pot
*** SUMMARY ***
Total pot $0.12 | Rake $0 | Jackpot $0 | Bingo $0 | Fortune $0 | Tax $0
Seat 1: Hero (big blind) folded before Flop
Seat 2: 6ad7d9aa folded before Flop (didn't bet)
Seat 3: 4026b09b collected ($0.12)
Seat 4: 83aa2c5a folded before Flop (didn't bet)
Seat 5: d8ed8b16 (button) folded before Flop (didn't bet)
Seat 6: a0d569d6 (small blind) folded before Flop


Poker Hand #HD1741531317: Hold'em No Limit ($0.02/$0.05) - 2024/04/22 14:36:04
Table 'NLHBlue5' 6-max Seat #4 is the button
Seat 1: Hero ($5 in chips)
Seat 2: 6ad7d9aa ($7.04 in chips)
Seat 3: 4026b09b ($5.05 in chips)
Seat 4: 83aa2c5a ($5 in chips)
Seat 5: d8ed8b16 ($4.52 in chips)
Seat 6: a0d569d6 ($5 in chips)
d8ed8b16: posts small blind $0.02
a0d569d6: posts big blind $0.05
*** HOLE CARDS ***
Dealt to Hero [9s 5d]
Dealt to 6ad7d9aa 
Dealt to 4026b09b 
Dealt to 83aa2c5a 
Dealt to d8ed8b16 
Dealt to a0d569d6 
Hero: folds
6ad7d9aa: raises $0.1 to $0.15
4026b09b: folds
83aa2c5a: folds
d8ed8b16: calls $0.13
a0d569d6: calls $0.1
*** FLOP *** [6h 7d Js]
d8ed8b16: checks
a0d569d6: checks
6ad7d9aa: bets $0.27
d8ed8b16: folds
a0d569d6: calls $0.27
*** TURN *** [6h 7d Js] [Jc]
a0d569d6: checks
6ad7d9aa: checks
*** RIVER *** [6h 7d Js Jc] [Jh]
a0d569d6: checks
6ad7d9aa: checks
a0d569d6: shows [As 6s] (Jacks Full over Sixes)
6ad7d9aa: shows [Qh Kh] (Three Jacks)
*** SHOWDOWN ***
a0d569d6 collected $0.94 from pot
*** SUMMARY ***
Total pot $0.99 | Rake $0.05 | Jackpot $0 | Bingo $0 | Fortune $0 | Tax $0
Board [6h 7d Js Jc Jh]
Seat 1: Hero folded before Flop (didn't bet)
Seat 2: 6ad7d9aa showed [Qh Kh] and lost with Three Jacks
Seat 3: 4026b09b folded before Flop (didn't bet)
Seat 4: 83aa2c5a (button) folded before Flop (didn't bet)
Seat 5: d8ed8b16 (small blind) folded on the Flop
Seat 6: a0d569d6 (big blind) showed [As 6s] and won ($0.94) with Jacks Full over Sixes


Poker Hand #HD1741531288: Hold'em No Limit ($0.02/$0.05) - 2024/04/22 14:35:52
Table 'NLHBlue5' 6-max Seat #3 is the button
Seat 1: Hero ($5 in chips)
Seat 2: 6ad7d9aa ($6.97 in chips)
Seat 3: 4026b09b ($5.05 in chips)
Seat 4: 83aa2c5a ($5 in chips)
Seat 5: d8ed8b16 ($4.57 in chips)
83aa2c5a: posts small blind $0.02
d8ed8b16: posts big blind $0.05
*** HOLE CARDS ***
Dealt to Hero [8d Kh]
Dealt to 6ad7d9aa 
Dealt to 4026b09b 
Dealt to 83aa2c5a 
Dealt to d8ed8b16 
Hero: folds
6ad7d9aa: raises $0.08 to $0.13
4026b09b: folds
83aa2c5a: folds
d8ed8b16: folds
Uncalled bet ($0.08) returned to 6ad7d9aa
*** SHOWDOWN ***
6ad7d9aa collected $0.12 from pot
*** SUMMARY ***
Total pot $0.12 | Rake $0 | Jackpot $0 | Bingo $0 | Fortune $0 | Tax $0
Seat 1: Hero folded before Flop (didn't bet)
Seat 2: 6ad7d9aa collected ($0.12)
Seat 3: 4026b09b (button) folded before Flop (didn't bet)
Seat 4: 83aa2c5a (small blind) folded before Flop
Seat 5: d8ed8b16 (big blind) folded before Flop


Poker Hand #HD1741531225: Hold'em No Limit ($0.02/$0.05) - 2024/04/22 14:35:18
Table 'NLHBlue5' 6-max Seat #2 is the button
Seat 1: Hero ($5 in chips)
Seat 2: 6ad7d9aa ($6.56 in chips)
Seat 3: 4026b09b ($5.07 in chips)
Seat 4: 83aa2c5a ($5 in chips)
Seat 5: d8ed8b16 ($4.95 in chips)
4026b09b: posts small blind $0.02
83aa2c5a: posts big blind $0.05
*** HOLE CARDS ***
Dealt to Hero [5c 3d]
Dealt to 6ad7d9aa 
Dealt to 4026b09b 
Dealt to 83aa2c5a 
Dealt to d8ed8b16 
d8ed8b16: raises $0.05 to $0.1
Hero: folds
6ad7d9aa: raises $0.28 to $0.38
4026b09b: folds
83aa2c5a: folds
d8ed8b16: calls $0.28
*** FLOP *** [9d Kc Kd]
d8ed8b16: checks
6ad7d9aa: bets $0.64
d8ed8b16: folds
Uncalled bet ($0.64) returned to 6ad7d9aa
*** SHOWDOWN ***
6ad7d9aa collected $0.79 from pot
*** SUMMARY ***
Total pot $0.83 | Rake $0.04 | Jackpot $0 | Bingo $0 | Fortune $0 | Tax $0
Board [9d Kc Kd]
Seat 1: Hero folded before Flop (didn't bet)
Seat 2: 6ad7d9aa (button) won ($0.79)
Seat 3: 4026b09b (small blind) folded before Flop
Seat 4: 83aa2c5a (big blind) folded before Flop
Seat 5: d8ed8b16 folded on the Flop


Poker Hand #HD1741531172: Hold'em No Limit ($0.02/$0.05) - 2024/04/22 14:34:48
Table 'NLHBlue5' 6-max Seat #1 is the button
Seat 1: Hero ($5 in chips)
Seat 2: 6ad7d9aa ($6.58 in chips)
Seat 3: 4026b09b ($5 in chips)
Seat 5: d8ed8b16 ($5 in chips)
6ad7d9aa: posts small blind $0.02
4026b09b: posts big blind $0.05
d8ed8b16: posts big blind $0.05
*** HOLE CARDS ***
Dealt to Hero [5c 5h]
Dealt to 6ad7d9aa 
Dealt to 4026b09b 
Dealt to d8ed8b16 
d8ed8b16: checks
Hero: folds
6ad7d9aa: folds
4026b09b: raises $0.15 to $0.2
d8ed8b16: folds
Uncalled bet ($0.15) returned to 4026b09b
*** SHOWDOWN ***
4026b09b collected $0.12 from pot
*** SUMMARY ***
Total pot $0.12 | Rake $0 | Jackpot $0 | Bingo $0 | Fortune $0 | Tax $0
Seat 1: Hero (button) folded before Flop (didn't bet)
Seat 2: 6ad7d9aa (small blind) folded before Flop
Seat 3: 4026b09b (big blind) collected ($0.12)
Seat 5: d8ed8b16 folded before Flop


Poker Hand #HD1741531065: Hold'em No Limit ($0.02/$0.05) - 2024/04/22 14:33:59
Table 'NLHBlue5' 6-max Seat #3 is the button
Seat 1: Hero ($5 in chips)
Seat 2: 6ad7d9aa ($5.47 in chips)
Seat 3: 4026b09b ($5 in chips)
Hero: posts small blind $0.02
6ad7d9aa: posts big blind $0.05
*** HOLE CARDS ***
Dealt to Hero [Ad Td]
Dealt to 6ad7d9aa 
Dealt to 4026b09b 
4026b09b: folds
Hero: raises $0.1 to $0.15
6ad7d9aa: raises $0.31 to $0.46
Hero: calls $0.31
*** FLOP *** [5c 4s 9c]
Hero: checks
6ad7d9aa: checks
*** TURN *** [5c 4s 9c] [2s]
Hero: bets $0.31
6ad7d9aa: calls $0.31
*** RIVER *** [5c 4s 9c 2s] [Ah]
Hero: bets $0.51
6ad7d9aa: calls $0.51
Hero: shows [Ad Td] (Pair of Aces)
6ad7d9aa: shows [As Js] (Pair of Aces)
*** SHOWDOWN ***
6ad7d9aa collected $2.39 from pot
*** SUMMARY ***
Total pot $2.56 | Rake $0.12 | Jackpot $0.05 | Bingo $0 | Fortune $0 | Tax $0
Board [5c 4s 9c 2s Ah]
Seat 1: Hero (small blind) showed [Ad Td] and lost with Pair of Aces
Seat 2: 6ad7d9aa (big blind) showed [As Js] and won ($2.39) with Pair of Aces
Seat 3: 4026b09b (button) folded before Flop (didn't bet)


Poker Hand #HD1741531050: Hold'em No Limit ($0.02/$0.05) - 2024/04/22 14:33:51
Table 'NLHBlue5' 6-max Seat #2 is the button
Seat 1: Hero ($5 in chips)
Seat 2: 6ad7d9aa ($5.47 in chips)
Seat 3: 4026b09b ($5 in chips)
Seat 5: fd9ecc19 ($7.79 in chips)
4026b09b: posts small blind $0.02
fd9ecc19: posts big blind $0.05
*** HOLE CARDS ***
Dealt to Hero [Tc 4d]
Dealt to 6ad7d9aa 
Dealt to 4026b09b 
Dealt to fd9ecc19 
Hero: folds
6ad7d9aa: folds
4026b09b: folds
Uncalled bet ($0.03) returned to fd9ecc19
*** SHOWDOWN ***
fd9ecc19 collected $0.04 from pot
*** SUMMARY ***
Total pot $0.04 | Rake $0 | Jackpot $0 | Bingo $0 | Fortune $0 | Tax $0
Seat 1: Hero folded before Flop (didn't bet)
Seat 2: 6ad7d9aa (button) folded before Flop (didn't bet)
Seat 3: 4026b09b (small blind) folded before Flop
Seat 5: fd9ecc19 (big blind) collected ($0.04)


Poker Hand #HD1741530986: Hold'em No Limit ($0.02/$0.05) - 2024/04/22 14:33:21
Table 'NLHBlue5' 6-max Seat #1 is the button
Seat 1: Hero ($5 in chips)
Seat 2: 6ad7d9aa ($5.49 in chips)
Seat 3: 4026b09b ($5 in chips)
Seat 5: fd9ecc19 ($7.68 in chips)
Seat 6: f8190316 ($5.09 in chips)
6ad7d9aa: posts small blind $0.02
4026b09b: posts big blind $0.05
*** HOLE CARDS ***
Dealt to Hero [8s 3d]
Dealt to 6ad7d9aa 
Dealt to 4026b09b 
Dealt to fd9ecc19 
Dealt to f8190316 
fd9ecc19: raises $0.05 to $0.1
f8190316: folds
Hero: folds
6ad7d9aa: folds
4026b09b: calls $0.05
*** FLOP *** [9d Tc Ad]
4026b09b: checks
fd9ecc19: bets $0.08
4026b09b: folds
Uncalled bet ($0.08) returned to fd9ecc19
*** SHOWDOWN ***
fd9ecc19 collected $0.21 from pot
*** SUMMARY ***
Total pot $0.22 | Rake $0.01 | Jackpot $0 | Bingo $0 | Fortune $0 | Tax $0
Board [9d Tc Ad]
Seat 1: Hero (button) folded before Flop (didn't bet)
Seat 2: 6ad7d9aa (small blind) folded before Flop
Seat 3: 4026b09b (big blind) folded on the Flop
Seat 5: fd9ecc19 won ($0.21)
Seat 6: f8190316 folded before Flop (didn't bet)


Poker Hand #HD1741530887: Hold'em No Limit ($0.02/$0.05) - 2024/04/22 14:32:28
Table 'NLHBlue5' 6-max Seat #6 is the button
Seat 1: Hero ($5 in chips)
Seat 2: 6ad7d9aa ($5.21 in chips)
Seat 4: 22b6ce00 ($0.28 in chips)
Seat 5: fd9ecc19 ($7.68 in chips)
Seat 6: f8190316 ($5.09 in chips)
Hero: posts small blind $0.02
6ad7d9aa: posts big blind $0.05
*** HOLE CARDS ***
Dealt to Hero [5h 8c]
Dealt to 6ad7d9aa 
Dealt to 22b6ce00 
Dealt to fd9ecc19 
Dealt to f8190316 
22b6ce00: calls $0.05
fd9ecc19: folds
f8190316: folds
Hero: folds
6ad7d9aa: raises $0.25 to $0.3
22b6ce00: calls $0.23 and is all-in
Uncalled bet ($0.02) returned to 6ad7d9aa
6ad7d9aa: shows [Jh Ac]
22b6ce00: shows [6s 5d]
*** FLOP *** [9d 4d Td]
*** TURN *** [9d 4d Td] [As]
*** RIVER *** [9d 4d Td As] [Kc]
*** SHOWDOWN ***
6ad7d9aa collected $0.56 from pot
*** SUMMARY ***
Total pot $0.58 | Rake $0.02 | Jackpot $0 | Bingo $0 | Fortune $0 | Tax $0
Board [9d 4d Td As Kc]
Seat 1: Hero (small blind) folded before Flop
Seat 2: 6ad7d9aa (big blind) showed [Jh Ac] and won ($0.56) with Pair of Aces
Seat 4: 22b6ce00 showed [6s 5d] and lost with Ace-High
Seat 5: fd9ecc19 folded before Flop (didn't bet)
Seat 6: f8190316 (button) folded before Flop (didn't bet)


Poker Hand #HD1741530821: Hold'em No Limit ($0.02/$0.05) - 2024/04/22 14:31:56
Table 'NLHBlue5' 6-max Seat #5 is the button
Seat 1: Hero ($5 in chips)
Seat 2: 6ad7d9aa ($5 in chips)
Seat 4: 22b6ce00 ($0.43 in chips)
Seat 5: fd9ecc19 ($7.68 in chips)
Seat 6: f8190316 ($5.11 in chips)
f8190316: posts small blind $0.02
Hero: posts big blind $0.05
*** HOLE CARDS ***
Dealt to Hero [2h Qs]
Dealt to 6ad7d9aa 
Dealt to 22b6ce00 
Dealt to fd9ecc19 
Dealt to f8190316 
6ad7d9aa: raises $0.1 to $0.15
22b6ce00: calls $0.15
fd9ecc19: folds
f8190316: folds
Hero: folds
*** FLOP *** [9h 4h 3c]
6ad7d9aa: bets $0.29
22b6ce00: folds
Uncalled bet ($0.29) returned to 6ad7d9aa
*** SHOWDOWN ***
6ad7d9aa collected $0.36 from pot
*** SUMMARY ***
Total pot $0.37 | Rake $0.01 | Jackpot $0 | Bingo $0 | Fortune $0 | Tax $0
Board [9h 4h 3c]
Seat 1: Hero (big blind) folded before Flop
Seat 2: 6ad7d9aa won ($0.36)
Seat 4: 22b6ce00 folded on the Flop
Seat 5: fd9ecc19 (button) folded before Flop (didn't bet)
Seat 6: f8190316 (small blind) folded before Flop


Poker Hand #HD1741530707: Hold'em No Limit ($0.02/$0.05) - 2024/04/22 14:30:58
Table 'NLHBlue5' 6-max Seat #4 is the button
Seat 1: Hero ($5 in chips)
Seat 2: 6ad7d9aa ($5 in chips)
Seat 4: 22b6ce00 ($2.08 in chips)
Seat 5: fd9ecc19 ($5.81 in chips)
Seat 6: f8190316 ($5.16 in chips)
fd9ecc19: posts small blind $0.02
f8190316: posts big blind $0.05
*** HOLE CARDS ***
Dealt to Hero [Qc 5d]
Dealt to 6ad7d9aa 
Dealt to 22b6ce00 
Dealt to fd9ecc19 
Dealt to f8190316 
Hero: folds
6ad7d9aa: raises $0.08 to $0.13
22b6ce00: calls $0.13
fd9ecc19: calls $0.11
f8190316: folds
*** FLOP *** [4s Ks Ah]
fd9ecc19: checks
6ad7d9aa: bets $0.27
22b6ce00: calls $0.27
fd9ecc19: calls $0.27
*** TURN *** [4s Ks Ah] [Qd]
fd9ecc19: checks
6ad7d9aa: checks
22b6ce00: checks
*** RIVER *** [4s Ks Ah Qd] [9c]
fd9ecc19: bets $1.25
6ad7d9aa: folds
22b6ce00: calls $1.25
fd9ecc19: shows [4d 4h] (Three Fours)
22b6ce00: shows [Ac 3d] (Pair of Aces)
*** SHOWDOWN ***
fd9ecc19 collected $3.52 from pot
*** SUMMARY ***
Total pot $3.75 | Rake $0.18 | Jackpot $0.05 | Bingo $0 | Fortune $0 | Tax $0
Board [4s Ks Ah Qd 9c]
Seat 1: Hero folded before Flop (didn't bet)
Seat 2: 6ad7d9aa folded on the River
Seat 4: 22b6ce00 (button) showed [Ac 3d] and lost with Pair of Aces
Seat 5: fd9ecc19 (small blind) showed [4d 4h] and won ($3.52) with Three Fours
Seat 6: f8190316 (big blind) folded before Flop


Poker Hand #HD1741530657: Hold'em No Limit ($0.02/$0.05) - 2024/04/22 14:30:30
Table 'NLHBlue5' 6-max Seat #3 is the button
Seat 1: Hero ($5 in chips)
Seat 2: 6ad7d9aa ($5 in chips)
Seat 3: 66e9436c ($11.77 in chips)
Seat 4: 22b6ce00 ($2.03 in chips)
Seat 5: fd9ecc19 ($5.86 in chips)
Seat 6: f8190316 ($5.16 in chips)
22b6ce00: posts small blind $0.02
fd9ecc19: posts big blind $0.05
*** HOLE CARDS ***
Dealt to Hero [Ts Qd]
Dealt to 6ad7d9aa 
Dealt to 66e9436c 
Dealt to 22b6ce00 
Dealt to fd9ecc19 
Dealt to f8190316 
f8190316: folds
Hero: folds
6ad7d9aa: folds
66e9436c: folds
22b6ce00: calls $0.03
fd9ecc19: checks
*** FLOP *** [Qs 5h 5d]
22b6ce00: checks
fd9ecc19: checks
*** TURN *** [Qs 5h 5d] [3d]
22b6ce00: checks
fd9ecc19: checks
*** RIVER *** [Qs 5h 5d 3d] [6c]
22b6ce00: bets $0.1
fd9ecc19: folds
Uncalled bet ($0.1) returned to 22b6ce00
*** SHOWDOWN ***
22b6ce00 collected $0.1 from pot
*** SUMMARY ***
Total pot $0.1 | Rake $0 | Jackpot $0 | Bingo $0 | Fortune $0 | Tax $0
Board [Qs 5h 5d 3d 6c]
Seat 1: Hero folded before Flop (didn't bet)
Seat 2: 6ad7d9aa folded before Flop (didn't bet)
Seat 3: 66e9436c (button) folded before Flop (didn't bet)
Seat 4: 22b6ce00 (small blind) won ($0.1)
Seat 5: fd9ecc19 (big blind) folded on the River
Seat 6: f8190316 folded before Flop (didn't bet)


Poker Hand #HD1741530552: Hold'em No Limit ($0.02/$0.05) - 2024/04/22 14:29:40
Table 'NLHBlue5' 6-max Seat #2 is the button
Seat 1: Hero ($5 in chips)
Seat 2: 6ad7d9aa ($6.64 in chips)
Seat 3: 66e9436c ($9.8 in chips)
Seat 4: 22b6ce00 ($2.08 in chips)
Seat 5: fd9ecc19 ($5.86 in chips)
Seat 6: f8190316 ($5.16 in chips)
66e9436c: posts small blind $0.02
22b6ce00: posts big blind $0.05
*** HOLE CARDS ***
Dealt to Hero [8s Jc]
Dealt to 6ad7d9aa 
Dealt to 66e9436c 
Dealt to 22b6ce00 
Dealt to fd9ecc19 
Dealt to f8190316 
fd9ecc19: folds
f8190316: folds
Hero: folds
6ad7d9aa: raises $0.08 to $0.13
66e9436c: raises $0.32 to $0.45
22b6ce00: folds
6ad7d9aa: calls $0.32
*** FLOP *** [9s 7s 4s]
66e9436c: bets $0.32
6ad7d9aa: calls $0.32
*** TURN *** [9s 7s 4s] [Th]
66e9436c: bets $0.53
6ad7d9aa: calls $0.53
*** RIVER *** [9s 7s 4s Th] [4c]
66e9436c: bets $0.88
6ad7d9aa: calls $0.88
66e9436c: shows [Qs Qd] (Pair of Queens and Pair of Fours)
6ad7d9aa: shows [6h 6s] (Pair of Sixes and Pair of Fours)
*** SHOWDOWN ***
66e9436c collected $4.15 from pot
*** SUMMARY ***
Total pot $4.41 | Rake $0.21 | Jackpot $0.05 | Bingo $0 | Fortune $0 | Tax $0
Board [9s 7s 4s Th 4c]
Seat 1: Hero folded before Flop (didn't bet)
Seat 2: 6ad7d9aa (button) showed [6h 6s] and lost with Pair of Sixes and Pair of Fours
Seat 3: 66e9436c (small blind) showed [Qs Qd] and won ($4.15) with Pair of Queens and Pair of Fours
Seat 4: 22b6ce00 (big blind) folded before Flop
Seat 5: fd9ecc19 folded before Flop (didn't bet)
Seat 6: f8190316 folded before Flop (didn't bet)


Poker Hand #HD1741530441: Hold'em No Limit ($0.02/$0.05) - 2024/04/22 14:28:46
Table 'NLHBlue5' 6-max Seat #1 is the button
Seat 1: Hero ($5 in chips)
Seat 2: 6ad7d9aa ($5.02 in chips)
Seat 3: 66e9436c ($9.85 in chips)
Seat 4: 22b6ce00 ($3.88 in chips)
Seat 5: fd9ecc19 ($5.86 in chips)
Seat 6: f8190316 ($5.16 in chips)
6ad7d9aa: posts small blind $0.02
66e9436c: posts big blind $0.05
*** HOLE CARDS ***
Dealt to Hero [4c 2c]
Dealt to 6ad7d9aa 
Dealt to 66e9436c 
Dealt to 22b6ce00 
Dealt to fd9ecc19 
Dealt to f8190316 
22b6ce00: calls $0.05
fd9ecc19: folds
f8190316: folds
Hero: folds
6ad7d9aa: raises $0.25 to $0.3
66e9436c: folds
22b6ce00: calls $0.25
*** FLOP *** [8c Kh 6d]
6ad7d9aa: bets $0.39
22b6ce00: calls $0.39
*** TURN *** [8c Kh 6d] [4s]
6ad7d9aa: checks
22b6ce00: checks
*** RIVER *** [8c Kh 6d 4s] [5h]
6ad7d9aa: bets $1.11
22b6ce00: calls $1.11
6ad7d9aa: shows [7c 7h] (Eights-High Straight)
22b6ce00: shows [Qd Qs] (Pair of Queens)
*** SHOWDOWN ***
6ad7d9aa collected $3.42 from pot
*** SUMMARY ***
Total pot $3.65 | Rake $0.18 | Jackpot $0.05 | Bingo $0 | Fortune $0 | Tax $0
Board [8c Kh 6d 4s 5h]
Seat 1: Hero (button) folded before Flop (didn't bet)
Seat 2: 6ad7d9aa (small blind) showed [7c 7h] and won ($3.42) with Eights-High Straight
Seat 3: 66e9436c (big blind) folded before Flop
Seat 4: 22b6ce00 showed [Qd Qs] and lost with Pair of Queens
Seat 5: fd9ecc19 folded before Flop (didn't bet)
Seat 6: f8190316 folded before Flop (didn't bet)


Poker Hand #HD1741530348: Hold'em No Limit ($0.02/$0.05) - 2024/04/22 14:27:57
Table 'NLHBlue5' 6-max Seat #6 is the button
Seat 1: Hero ($5 in chips)
Seat 2: 6ad7d9aa ($5.07 in chips)
Seat 4: 22b6ce00 ($3.81 in chips)
Seat 5: fd9ecc19 ($5.86 in chips)
Seat 6: f8190316 ($5.16 in chips)
Hero: posts small blind $0.02
6ad7d9aa: posts big blind $0.05
*** HOLE CARDS ***
Dealt to Hero [6d Qh]
Dealt to 6ad7d9aa 
Dealt to 22b6ce00 
Dealt to fd9ecc19 
Dealt to f8190316 
22b6ce00: calls $0.05
fd9ecc19: folds
f8190316: folds
Hero: folds
6ad7d9aa: checks
*** FLOP *** [Tc Td 7s]
6ad7d9aa: checks
22b6ce00: checks
*** TURN *** [Tc Td 7s] [Kc]
6ad7d9aa: checks
22b6ce00: bets $0.12
6ad7d9aa: folds
Uncalled bet ($0.12) returned to 22b6ce00
*** SHOWDOWN ***
22b6ce00 collected $0.12 from pot
*** SUMMARY ***
Total pot $0.12 | Rake $0 | Jackpot $0 | Bingo $0 | Fortune $0 | Tax $0
Board [Tc Td 7s Kc]
Seat 1: Hero (small blind) folded before Flop
Seat 2: 6ad7d9aa (big blind) folded on the Turn
Seat 4: 22b6ce00 won ($0.12)
Seat 5: fd9ecc19 folded before Flop (didn't bet)
Seat 6: f8190316 (button) folded before Flop (didn't bet)


Poker Hand #HD1741530198: Hold'em No Limit ($0.02/$0.05) - 2024/04/22 14:26:48
Table 'NLHBlue5' 6-max Seat #5 is the button
Seat 1: Hero ($5 in chips)
Seat 4: 22b6ce00 ($3.54 in chips)
Seat 5: fd9ecc19 ($6.08 in chips)
Seat 6: f8190316 ($5.18 in chips)
f8190316: posts small blind $0.02
Hero: posts big blind $0.05
*** HOLE CARDS ***
Dealt to Hero [7h 3h]
Dealt to 22b6ce00 
Dealt to fd9ecc19 
Dealt to f8190316 
22b6ce00: calls $0.05
fd9ecc19: raises $0.17 to $0.22
f8190316: folds
Hero: folds
22b6ce00: calls $0.17
*** FLOP *** [Kh 3s Kd]
22b6ce00: checks
fd9ecc19: checks
*** TURN *** [Kh 3s Kd] [Jd]
22b6ce00: checks
fd9ecc19: checks
*** RIVER *** [Kh 3s Kd Jd] [9d]
22b6ce00: checks
fd9ecc19: checks
22b6ce00: shows [Td Ah] (Pair of Kings)
fd9ecc19: shows [8c Qc] (Pair of Kings)
*** SHOWDOWN ***
22b6ce00 collected $0.49 from pot
*** SUMMARY ***
Total pot $0.51 | Rake $0.02 | Jackpot $0 | Bingo $0 | Fortune $0 | Tax $0
Board [Kh 3s Kd Jd 9d]
Seat 1: Hero (big blind) folded before Flop
Seat 4: 22b6ce00 showed [Td Ah] and won ($0.49) with Pair of Kings
Seat 5: fd9ecc19 (button) showed [8c Qc] and lost with Pair of Kings
Seat 6: f8190316 (small blind) folded before Flop


Poker Hand #HD1741530153: Hold'em No Limit ($0.02/$0.05) - 2024/04/22 14:26:25
Table 'NLHBlue5' 6-max Seat #4 is the button
Seat 1: Hero ($5 in chips)
Seat 4: 22b6ce00 ($3.47 in chips)
Seat 5: fd9ecc19 ($6.1 in chips)
Seat 6: f8190316 ($5.23 in chips)
fd9ecc19: posts small blind $0.02
f8190316: posts big blind $0.05
*** HOLE CARDS ***
Dealt to Hero [3s Jc]
Dealt to 22b6ce00 
Dealt to fd9ecc19 
Dealt to f8190316 
Hero: folds
22b6ce00: calls $0.05
fd9ecc19: folds
f8190316: checks
*** FLOP *** [Ac Qd 6d]
f8190316: checks
22b6ce00: bets $0.12
f8190316: folds
Uncalled bet ($0.12) returned to 22b6ce00
*** SHOWDOWN ***
22b6ce00 collected $0.12 from pot
*** SUMMARY ***
Total pot $0.12 | Rake $0 | Jackpot $0 | Bingo $0 | Fortune $0 | Tax $0
Board [Ac Qd 6d]
Seat 1: Hero folded before Flop (didn't bet)
Seat 4: 22b6ce00 (button) won ($0.12)
Seat 5: fd9ecc19 (small blind) folded before Flop
Seat 6: f8190316 (big blind) folded on the Flop


Poker Hand #HD1741530051: Hold'em No Limit ($0.02/$0.05) - 2024/04/22 14:25:31
Table 'NLHBlue5' 6-max Seat #1 is the button
Seat 1: Hero ($5 in chips)
Seat 4: 22b6ce00 ($3.6 in chips)
Seat 5: fd9ecc19 ($5.86 in chips)
Seat 6: f8190316 ($5.36 in chips)
22b6ce00: posts small blind $0.02
fd9ecc19: posts big blind $0.05
*** HOLE CARDS ***
Dealt to Hero [2d 3h]
Dealt to 22b6ce00 
Dealt to fd9ecc19 
Dealt to f8190316 
f8190316: raises $0.08 to $0.13
Hero: folds
22b6ce00: calls $0.11
fd9ecc19: calls $0.08
*** FLOP *** [4s 5s 3s]
22b6ce00: checks
fd9ecc19: checks
f8190316: checks
*** TURN *** [4s 5s 3s] [Kh]
22b6ce00: checks
fd9ecc19: checks
f8190316: checks
*** RIVER *** [4s 5s 3s Kh] [9h]
22b6ce00: checks
fd9ecc19: bets $0.3
f8190316: folds
22b6ce00: folds
Uncalled bet ($0.3) returned to fd9ecc19
*** SHOWDOWN ***
fd9ecc19 collected $0.37 from pot
*** SUMMARY ***
Total pot $0.39 | Rake $0.02 | Jackpot $0 | Bingo $0 | Fortune $0 | Tax $0
Board [4s 5s 3s Kh 9h]
Seat 1: Hero (button) folded before Flop (didn't bet)
Seat 4: 22b6ce00 (small blind) folded on the River
Seat 5: fd9ecc19 (big blind) won ($0.37)
Seat 6: f8190316 folded on the River


Poker Hand #HD1741529934: Hold'em No Limit ($0.02/$0.05) - 2024/04/22 14:24:33
Table 'NLHBlue5' 6-max Seat #6 is the button
Seat 1: Hero ($5.45 in chips)
Seat 4: 22b6ce00 ($4.05 in chips)
Seat 5: fd9ecc19 ($5.02 in chips)
Seat 6: f8190316 ($5.36 in chips)
Hero: posts small blind $0.02
22b6ce00: posts big blind $0.05
*** HOLE CARDS ***
Dealt to Hero [5d Ad]
Dealt to 22b6ce00 
Dealt to fd9ecc19 
Dealt to f8190316 
fd9ecc19: raises $0.05 to $0.1
f8190316: folds
Hero: raises $0.35 to $0.45
22b6ce00: calls $0.4
fd9ecc19: calls $0.35
*** FLOP *** [4d 6c Ac]
Hero: checks
22b6ce00: checks
fd9ecc19: checks
*** TURN *** [4d 6c Ac] [8h]
Hero: checks
22b6ce00: checks
fd9ecc19: bets $0.45
Hero: folds
22b6ce00: folds
Uncalled bet ($0.45) returned to fd9ecc19
*** SHOWDOWN ***
fd9ecc19 collected $1.29 from pot
*** SUMMARY ***
Total pot $1.35 | Rake $0.06 | Jackpot $0 | Bingo $0 | Fortune $0 | Tax $0
Board [4d 6c Ac 8h]
Seat 1: Hero (small blind) folded on the Turn
Seat 4: 22b6ce00 (big blind) folded on the Turn
Seat 5: fd9ecc19 won ($1.29)
Seat 6: f8190316 (button) folded before Flop (didn't bet)


Poker Hand #HD1741529904: Hold'em No Limit ($0.02/$0.05) - 2024/04/22 14:24:21
Table 'NLHBlue5' 6-max Seat #5 is the button
Seat 1: Hero ($5.5 in chips)
Seat 4: 22b6ce00 ($4.05 in chips)
Seat 5: fd9ecc19 ($5.02 in chips)
Seat 6: f8190316 ($5.31 in chips)
f8190316: posts small blind $0.02
Hero: posts big blind $0.05
*** HOLE CARDS ***
Dealt to Hero [3d 5c]
Dealt to 22b6ce00 
Dealt to fd9ecc19 
Dealt to f8190316 
22b6ce00: folds
fd9ecc19: folds
f8190316: raises $0.1 to $0.15
Hero: folds
Uncalled bet ($0.1) returned to f8190316
*** SHOWDOWN ***
f8190316 collected $0.1 from pot
*** SUMMARY ***
Total pot $0.1 | Rake $0 | Jackpot $0 | Bingo $0 | Fortune $0 | Tax $0
Seat 1: Hero (big blind) folded before Flop
Seat 4: 22b6ce00 folded before Flop (didn't bet)
Seat 5: fd9ecc19 (button) folded before Flop (didn't bet)
Seat 6: f8190316 (small blind) collected ($0.1)


Poker Hand #HD1741529802: Hold'em No Limit ($0.02/$0.05) - 2024/04/22 14:23:26
Table 'NLHBlue5' 6-max Seat #4 is the button
Seat 1: Hero ($5.5 in chips)
Seat 4: 22b6ce00 ($4.37 in chips)
Seat 5: fd9ecc19 ($5.04 in chips)
Seat 6: f8190316 ($5 in chips)
fd9ecc19: posts small blind $0.02
f8190316: posts big blind $0.05
*** HOLE CARDS ***
Dealt to Hero [Qc 7s]
Dealt to 22b6ce00 
Dealt to fd9ecc19 
Dealt to f8190316 
Hero: folds
22b6ce00: raises $0.05 to $0.1
fd9ecc19: folds
f8190316: calls $0.05
*** FLOP *** [3h Td 4c]
f8190316: checks
22b6ce00: bets $0.22
f8190316: calls $0.22
*** TURN *** [3h Td 4c] [Th]
f8190316: checks
22b6ce00: checks
*** RIVER *** [3h Td 4c Th] [6d]
f8190316: bets $0.55
22b6ce00: folds
Uncalled bet ($0.55) returned to f8190316
*** SHOWDOWN ***
f8190316 collected $0.63 from pot
*** SUMMARY ***
Total pot $0.66 | Rake $0.03 | Jackpot $0 | Bingo $0 | Fortune $0 | Tax $0
Board [3h Td 4c Th 6d]
Seat 1: Hero folded before Flop (didn't bet)
Seat 4: 22b6ce00 (button) folded on the River
Seat 5: fd9ecc19 (small blind) folded before Flop
Seat 6: f8190316 (big blind) won ($0.63)


Poker Hand #HD1741529753: Hold'em No Limit ($0.02/$0.05) - 2024/04/22 14:23:03
Table 'NLHBlue5' 6-max Seat #1 is the button
Seat 1: Hero ($5.5 in chips)
Seat 4: 22b6ce00 ($4.32 in chips)
Seat 5: fd9ecc19 ($5.09 in chips)
22b6ce00: posts small blind $0.02
fd9ecc19: posts big blind $0.05
*** HOLE CARDS ***
Dealt to Hero [2s 9c]
Dealt to 22b6ce00 
Dealt to fd9ecc19 
Hero: folds
22b6ce00: calls $0.03
fd9ecc19: checks
*** FLOP *** [2c 3h Kd]
22b6ce00: checks
fd9ecc19: checks
*** TURN *** [2c 3h Kd] [5c]
22b6ce00: bets $0.05
fd9ecc19: folds
Uncalled bet ($0.05) returned to 22b6ce00
*** SHOWDOWN ***
22b6ce00 collected $0.1 from pot
*** SUMMARY ***
Total pot $0.1 | Rake $0 | Jackpot $0 | Bingo $0 | Fortune $0 | Tax $0
Board [2c 3h Kd 5c]
Seat 1: Hero (button) folded before Flop (didn't bet)
Seat 4: 22b6ce00 (small blind) won ($0.1)
Seat 5: fd9ecc19 (big blind) folded on the Turn


Poker Hand #HD1741529663: Hold'em No Limit ($0.02/$0.05) - 2024/04/22 14:22:15
Table 'NLHBlue5' 6-max Seat #5 is the button
Seat 1: Hero ($5.52 in chips)
Seat 4: 22b6ce00 ($4.53 in chips)
Seat 5: fd9ecc19 ($4.88 in chips)
Hero: posts small blind $0.02
22b6ce00: posts big blind $0.05
*** HOLE CARDS ***
Dealt to Hero [7h 8c]
Dealt to 22b6ce00 
Dealt to fd9ecc19 
fd9ecc19: raises $0.05 to $0.1
Hero: folds
22b6ce00: calls $0.05
*** FLOP *** [8s 3h Qh]
22b6ce00: checks
fd9ecc19: checks
*** TURN *** [8s 3h Qh] [5h]
22b6ce00: checks
fd9ecc19: bets $0.11
22b6ce00: calls $0.11
*** RIVER *** [8s 3h Qh 5h] [9s]
22b6ce00: checks
fd9ecc19: checks
22b6ce00: shows [Jd 4h] (Queen-High)
fd9ecc19: shows [6c 9c] (Pair of Nines)
*** SHOWDOWN ***
fd9ecc19 collected $0.42 from pot
*** SUMMARY ***
Total pot $0.44 | Rake $0.02 | Jackpot $0 | Bingo $0 | Fortune $0 | Tax $0
Board [8s 3h Qh 5h 9s]
Seat 1: Hero (small blind) folded before Flop
Seat 4: 22b6ce00 (big blind) showed [Jd 4h] and lost with Queen-High
Seat 5: fd9ecc19 (button) showed [6c 9c] and won ($0.42) with Pair of Nines


Poker Hand #HD1741529636: Hold'em No Limit ($0.02/$0.05) - 2024/04/22 14:22:02
Table 'NLHBlue5' 6-max Seat #4 is the button
Seat 1: Hero ($5.57 in chips)
Seat 2: 6ad7d9aa ($5 in chips)
Seat 4: 22b6ce00 ($4.53 in chips)
Seat 5: fd9ecc19 ($4.9 in chips)
fd9ecc19: posts small blind $0.02
Hero: posts big blind $0.05
*** HOLE CARDS ***
Dealt to Hero [7s 9c]
Dealt to 6ad7d9aa 
Dealt to 22b6ce00 
Dealt to fd9ecc19 
6ad7d9aa: raises $0.1 to $0.15
22b6ce00: folds
fd9ecc19: folds
Hero: folds
Uncalled bet ($0.1) returned to 6ad7d9aa
*** SHOWDOWN ***
6ad7d9aa collected $0.12 from pot
*** SUMMARY ***
Total pot $0.12 | Rake $0 | Jackpot $0 | Bingo $0 | Fortune $0 | Tax $0
Seat 1: Hero (big blind) folded before Flop
Seat 2: 6ad7d9aa collected ($0.12)
Seat 4: 22b6ce00 (button) folded before Flop (didn't bet)
Seat 5: fd9ecc19 (small blind) folded before Flop


Poker Hand #HD1741529575: Hold'em No Limit ($0.02/$0.05) - 2024/04/22 14:21:27
Table 'NLHBlue5' 6-max Seat #2 is the button
Seat 1: Hero ($5.27 in chips)
Seat 2: 6ad7d9aa ($5.15 in chips)
Seat 4: 22b6ce00 ($4.55 in chips)
Seat 5: fd9ecc19 ($4.95 in chips)
22b6ce00: posts small blind $0.02
fd9ecc19: posts big blind $0.05
*** HOLE CARDS ***
Dealt to Hero [7s 9s]
Dealt to 6ad7d9aa 
Dealt to 22b6ce00 
Dealt to fd9ecc19 
Hero: raises $0.05 to $0.1
6ad7d9aa: calls $0.1
22b6ce00: folds
fd9ecc19: folds
*** FLOP *** [As 7c 9d]
Hero: bets $0.15
6ad7d9aa: calls $0.15
*** TURN *** [As 7c 9d] [4h]
Hero: bets $0.35
6ad7d9aa: folds
Uncalled bet ($0.35) returned to Hero
*** SHOWDOWN ***
Hero collected $0.55 from pot
*** SUMMARY ***
Total pot $0.57 | Rake $0.02 | Jackpot $0 | Bingo $0 | Fortune $0 | Tax $0
Board [As 7c 9d 4h]
Seat 1: Hero won ($0.55)
Seat 2: 6ad7d9aa (button) folded on the Turn
Seat 4: 22b6ce00 (small blind) folded before Flop
Seat 5: fd9ecc19 (big blind) folded before Flop


Poker Hand #HD1741529489: Hold'em No Limit ($0.02/$0.05) - 2024/04/22 14:20:45
Table 'NLHBlue5' 6-max Seat #1 is the button
Seat 1: Hero ($5.27 in chips)
Seat 2: 6ad7d9aa ($5.05 in chips)
Seat 3: 66e9436c ($9.9 in chips)
Seat 4: 22b6ce00 ($4.55 in chips)
Seat 5: fd9ecc19 ($5 in chips)
6ad7d9aa: posts small blind $0.02
66e9436c: posts big blind $0.05
fd9ecc19: posts big blind $0.05
*** HOLE CARDS ***
Dealt to Hero [4s 6c]
Dealt to 6ad7d9aa 
Dealt to 66e9436c 
Dealt to 22b6ce00 
Dealt to fd9ecc19 
22b6ce00: folds
fd9ecc19: checks
Hero: folds
6ad7d9aa: raises $0.25 to $0.3
66e9436c: folds
fd9ecc19: folds
Uncalled bet ($0.25) returned to 6ad7d9aa
*** SHOWDOWN ***
6ad7d9aa collected $0.15 from pot
*** SUMMARY ***
Total pot $0.15 | Rake $0 | Jackpot $0 | Bingo $0 | Fortune $0 | Tax $0
Seat 1: Hero (button) folded before Flop (didn't bet)
Seat 2: 6ad7d9aa (small blind) collected ($0.15)
Seat 3: 66e9436c (big blind) folded before Flop
Seat 4: 22b6ce00 folded before Flop (didn't bet)
Seat 5: fd9ecc19 folded before Flop


Poker Hand #HD1741529420: Hold'em No Limit ($0.02/$0.05) - 2024/04/22 14:20:09
Table 'NLHBlue5' 6-max Seat #4 is the button
Seat 1: Hero ($5.29 in chips)
Seat 2: 6ad7d9aa ($5.1 in chips)
Seat 3: 66e9436c ($9.83 in chips)
Seat 4: 22b6ce00 ($4.55 in chips)
Hero: posts small blind $0.02
6ad7d9aa: posts big blind $0.05
*** HOLE CARDS ***
Dealt to Hero [As 9d]
Dealt to 6ad7d9aa 
Dealt to 66e9436c 
Dealt to 22b6ce00 
66e9436c: raises $0.05 to $0.1
22b6ce00: folds
Hero: folds
6ad7d9aa: folds
Uncalled bet ($0.05) returned to 66e9436c
*** SHOWDOWN ***
66e9436c collected $0.12 from pot
*** SUMMARY ***
Total pot $0.12 | Rake $0 | Jackpot $0 | Bingo $0 | Fortune $0 | Tax $0
Seat 1: Hero (small blind) folded before Flop
Seat 2: 6ad7d9aa (big blind) folded before Flop
Seat 3: 66e9436c collected ($0.12)
Seat 4: 22b6ce00 (button) folded before Flop (didn't bet)


Poker Hand #HD1741529382: Hold'em No Limit ($0.02/$0.05) - 2024/04/22 14:19:53
Table 'NLHBlue5' 6-max Seat #3 is the button
Seat 1: Hero ($5.29 in chips)
Seat 3: 66e9436c ($9.83 in chips)
Seat 4: 22b6ce00 ($4.5 in chips)
Seat 5: 3e6e24ce ($5.48 in chips)
22b6ce00: posts small blind $0.02
3e6e24ce: posts big blind $0.05
*** HOLE CARDS ***
Dealt to Hero [2c 4s]
Dealt to 66e9436c 
Dealt to 22b6ce00 
Dealt to 3e6e24ce 
Hero: folds
66e9436c: folds
22b6ce00: calls $0.03
3e6e24ce: checks
*** FLOP *** [4d Th Td]
22b6ce00: checks
3e6e24ce: checks
*** TURN *** [4d Th Td] [3c]
22b6ce00: bets $0.1
3e6e24ce: folds
Uncalled bet ($0.1) returned to 22b6ce00
*** SHOWDOWN ***
22b6ce00 collected $0.1 from pot
*** SUMMARY ***
Total pot $0.1 | Rake $0 | Jackpot $0 | Bingo $0 | Fortune $0 | Tax $0
Board [4d Th Td 3c]
Seat 1: Hero folded before Flop (didn't bet)
Seat 3: 66e9436c (button) folded before Flop (didn't bet)
Seat 4: 22b6ce00 (small blind) won ($0.1)
Seat 5: 3e6e24ce (big blind) folded on the Turn


Poker Hand #HD1741529311: Hold'em No Limit ($0.02/$0.05) - 2024/04/22 14:19:15
Table 'NLHBlue5' 6-max Seat #1 is the button
Seat 1: Hero ($5.29 in chips)
Seat 3: 66e9436c ($9.85 in chips)
Seat 4: 22b6ce00 ($4.63 in chips)
Seat 5: 3e6e24ce ($5.34 in chips)
66e9436c: posts small blind $0.02
22b6ce00: posts big blind $0.05
*** HOLE CARDS ***
Dealt to Hero [3c 7h]
Dealt to 66e9436c 
Dealt to 22b6ce00 
Dealt to 3e6e24ce 
3e6e24ce: raises $0.08 to $0.13
Hero: folds
66e9436c: folds
22b6ce00: calls $0.08
*** FLOP *** [3s 9c 7s]
22b6ce00: checks
3e6e24ce: bets $0.21
22b6ce00: folds
Uncalled bet ($0.21) returned to 3e6e24ce
*** SHOWDOWN ***
3e6e24ce collected $0.27 from pot
*** SUMMARY ***
Total pot $0.28 | Rake $0.01 | Jackpot $0 | Bingo $0 | Fortune $0 | Tax $0
Board [3s 9c 7s]
Seat 1: Hero (button) folded before Flop (didn't bet)
Seat 3: 66e9436c (small blind) folded before Flop
Seat 4: 22b6ce00 (big blind) folded on the Flop
Seat 5: 3e6e24ce won ($0.27)


Poker Hand #HD1741529258: Hold'em No Limit ($0.02/$0.05) - 2024/04/22 14:18:41
Table 'NLHBlue5' 6-max Seat #5 is the button
Seat 1: Hero ($5.31 in chips)
Seat 3: 66e9436c ($9.95 in chips)
Seat 4: 22b6ce00 ($4.52 in chips)
Seat 5: 3e6e24ce ($5.34 in chips)
Hero: posts small blind $0.02
66e9436c: posts big blind $0.05
*** HOLE CARDS ***
Dealt to Hero [Jh 4h]
Dealt to 66e9436c 
Dealt to 22b6ce00 
Dealt to 3e6e24ce 
22b6ce00: raises $0.05 to $0.1
3e6e24ce: folds
Hero: folds
66e9436c: calls $0.05
*** FLOP *** [Js 6c 7h]
66e9436c: checks
22b6ce00: checks
*** TURN *** [Js 6c 7h] [Ts]
66e9436c: checks
22b6ce00: checks
*** RIVER *** [Js 6c 7h Ts] [Qh]
66e9436c: checks
22b6ce00: bets $0.22
66e9436c: folds
Uncalled bet ($0.22) returned to 22b6ce00
*** SHOWDOWN ***
22b6ce00 collected $0.21 from pot
*** SUMMARY ***
Total pot $0.22 | Rake $0.01 | Jackpot $0 | Bingo $0 | Fortune $0 | Tax $0
Board [Js 6c 7h Ts Qh]
Seat 1: Hero (small blind) folded before Flop
Seat 3: 66e9436c (big blind) folded on the River
Seat 4: 22b6ce00 won ($0.21)
Seat 5: 3e6e24ce (button) folded before Flop (didn't bet)


Poker Hand #HD1741529208: Hold'em No Limit ($0.02/$0.05) - 2024/04/22 14:18:15
Table 'NLHBlue5' 6-max Seat #4 is the button
Seat 1: Hero ($5.24 in chips)
Seat 2: 6ad7d9aa ($5.1 in chips)
Seat 4: 22b6ce00 ($4.57 in chips)
Seat 5: 3e6e24ce ($5.36 in chips)
3e6e24ce: posts small blind $0.02
Hero: posts big blind $0.05
*** HOLE CARDS ***
Dealt to Hero [Ks 2c]
Dealt to 6ad7d9aa 
Dealt to 22b6ce00 
Dealt to 3e6e24ce 
6ad7d9aa: folds
22b6ce00: calls $0.05
3e6e24ce: folds
Hero: checks
*** FLOP *** [Kc 7s Qs]
Hero: checks
22b6ce00: checks
*** TURN *** [Kc 7s Qs] [Js]
Hero: bets $0.1
22b6ce00: folds
Uncalled bet ($0.1) returned to Hero
*** SHOWDOWN ***
Hero collected $0.12 from pot
*** SUMMARY ***
Total pot $0.12 | Rake $0 | Jackpot $0 | Bingo $0 | Fortune $0 | Tax $0
Board [Kc 7s Qs Js]
Seat 1: Hero (big blind) won ($0.12)
Seat 2: 6ad7d9aa folded before Flop (didn't bet)
Seat 4: 22b6ce00 (button) folded on the Turn
Seat 5: 3e6e24ce (small blind) folded before Flop


Poker Hand #HD1741529073: Hold'em No Limit ($0.02/$0.05) - 2024/04/22 14:17:06
Table 'NLHBlue5' 6-max Seat #3 is the button
Seat 1: Hero ($5.05 in chips)
Seat 2: 6ad7d9aa ($5.1 in chips)
Seat 3: 66e9436c ($9.95 in chips)
Seat 4: 22b6ce00 ($4.67 in chips)
Seat 5: 3e6e24ce ($5.46 in chips)
Seat 6: f8190316 ($5 in chips)
22b6ce00: posts small blind $0.02
3e6e24ce: posts big blind $0.05
*** HOLE CARDS ***
Dealt to Hero [8d 9d]
Dealt to 6ad7d9aa 
Dealt to 66e9436c 
Dealt to 22b6ce00 
Dealt to 3e6e24ce 
Dealt to f8190316 
f8190316: folds
Hero: raises $0.05 to $0.1
6ad7d9aa: folds
66e9436c: folds
22b6ce00: calls $0.08
3e6e24ce: calls $0.05
*** FLOP *** [Kd Js Ah]
22b6ce00: checks
3e6e24ce: checks
Hero: checks
*** TURN *** [Kd Js Ah] [Td]
22b6ce00: checks
3e6e24ce: checks
Hero: bets $0.15
22b6ce00: folds
3e6e24ce: folds
Uncalled bet ($0.15) returned to Hero
*** SHOWDOWN ***
Hero collected $0.29 from pot
*** SUMMARY ***
Total pot $0.3 | Rake $0.01 | Jackpot $0 | Bingo $0 | Fortune $0 | Tax $0
Board [Kd Js Ah Td]
Seat 1: Hero won ($0.29)
Seat 2: 6ad7d9aa folded before Flop (didn't bet)
Seat 3: 66e9436c (button) folded before Flop (didn't bet)
Seat 4: 22b6ce00 (small blind) folded on the Turn
Seat 5: 3e6e24ce (big blind) folded on the Turn
Seat 6: f8190316 folded before Flop (didn't bet)


Poker Hand #HD1741529057: Hold'em No Limit ($0.02/$0.05) - 2024/04/22 14:16:56
Table 'NLHBlue5' 6-max Seat #2 is the button
Seat 1: Hero ($5.05 in chips)
Seat 2: 6ad7d9aa ($5.1 in chips)
Seat 3: 66e9436c ($9.97 in chips)
Seat 4: 22b6ce00 ($4.65 in chips)
Seat 5: 3e6e24ce ($5.46 in chips)
Seat 6: f8190316 ($5 in chips)
66e9436c: posts small blind $0.02
22b6ce00: posts big blind $0.05
*** HOLE CARDS ***
Dealt to Hero [9c 6s]
Dealt to 6ad7d9aa 
Dealt to 66e9436c 
Dealt to 22b6ce00 
Dealt to 3e6e24ce 
Dealt to f8190316 
3e6e24ce: folds
f8190316: folds
Hero: folds
6ad7d9aa: folds
66e9436c: folds
Uncalled bet ($0.03) returned to 22b6ce00
*** SHOWDOWN ***
22b6ce00 collected $0.04 from pot
*** SUMMARY ***
Total pot $0.04 | Rake $0 | Jackpot $0 | Bingo $0 | Fortune $0 | Tax $0
Seat 1: Hero folded before Flop (didn't bet)
Seat 2: 6ad7d9aa (button) folded before Flop (didn't bet)
Seat 3: 66e9436c (small blind) folded before Flop
Seat 4: 22b6ce00 (big blind) collected ($0.04)
Seat 5: 3e6e24ce folded before Flop (didn't bet)
Seat 6: f8190316 folded before Flop (didn't bet)


Poker Hand #HD1741528976: Hold'em No Limit ($0.02/$0.05) - 2024/04/22 14:16:16
Table 'NLHBlue5' 6-max Seat #1 is the button
Seat 1: Hero ($5.05 in chips)
Seat 2: 6ad7d9aa ($5 in chips)
Seat 3: 66e9436c ($10.02 in chips)
Seat 4: 22b6ce00 ($4.7 in chips)
Seat 5: 3e6e24ce ($5.46 in chips)
Seat 6: f8190316 ($5 in chips)
6ad7d9aa: posts small blind $0.02
66e9436c: posts big blind $0.05
*** HOLE CARDS ***
Dealt to Hero [8d Ks]
Dealt to 6ad7d9aa 
Dealt to 66e9436c 
Dealt to 22b6ce00 
Dealt to 3e6e24ce 
Dealt to f8190316 
22b6ce00: calls $0.05
3e6e24ce: folds
f8190316: folds
Hero: folds
6ad7d9aa: raises $0.25 to $0.3
66e9436c: folds
22b6ce00: folds
Uncalled bet ($0.25) returned to 6ad7d9aa
*** SHOWDOWN ***
6ad7d9aa collected $0.15 from pot
*** SUMMARY ***
Total pot $0.15 | Rake $0 | Jackpot $0 | Bingo $0 | Fortune $0 | Tax $0
Seat 1: Hero (button) folded before Flop (didn't bet)
Seat 2: 6ad7d9aa (small blind) collected ($0.15)
Seat 3: 66e9436c (big blind) folded before Flop
Seat 4: 22b6ce00 folded before Flop
Seat 5: 3e6e24ce folded before Flop (didn't bet)
Seat 6: f8190316 folded before Flop (didn't bet)


Poker Hand #HD1741528872: Hold'em No Limit ($0.02/$0.05) - 2024/04/22 14:15:17
Table 'NLHBlue5' 6-max Seat #6 is the button
Seat 1: Hero ($5.07 in chips)
Seat 2: 6ad7d9aa ($5 in chips)
Seat 3: 66e9436c ($10.02 in chips)
Seat 4: 22b6ce00 ($4.13 in chips)
Seat 5: 3e6e24ce ($5.46 in chips)
Seat 6: f8190316 ($5.17 in chips)
Hero: posts small blind $0.02
6ad7d9aa: posts big blind $0.05
*** HOLE CARDS ***
Dealt to Hero [6c 8s]
Dealt to 6ad7d9aa 
Dealt to 66e9436c 
Dealt to 22b6ce00 
Dealt to 3e6e24ce 
Dealt to f8190316 
66e9436c: folds
22b6ce00: calls $0.05
3e6e24ce: folds
f8190316: raises $0.2 to $0.25
Hero: folds
6ad7d9aa: folds
22b6ce00: calls $0.2
*** FLOP *** [6h Qd 3h]
22b6ce00: checks
f8190316: bets $0.3
22b6ce00: calls $0.3
*** TURN *** [6h Qd 3h] [8c]
22b6ce00: checks
f8190316: checks
*** RIVER *** [6h Qd 3h 8c] [2h]
22b6ce00: checks
f8190316: checks
22b6ce00: shows [9d Qh] (Pair of Queens)
f8190316: shows [Ah Kc] (Ace-High)
*** SHOWDOWN ***
22b6ce00 collected $1.12 from pot
*** SUMMARY ***
Total pot $1.17 | Rake $0.05 | Jackpot $0 | Bingo $0 | Fortune $0 | Tax $0
Board [6h Qd 3h 8c 2h]
Seat 1: Hero (small blind) folded before Flop
Seat 2: 6ad7d9aa (big blind) folded before Flop
Seat 3: 66e9436c folded before Flop (didn't bet)
Seat 4: 22b6ce00 showed [9d Qh] and won ($1.12) with Pair of Queens
Seat 5: 3e6e24ce folded before Flop (didn't bet)
Seat 6: f8190316 (button) showed [Ah Kc] and lost with Ace-High


Poker Hand #HD1741528796: Hold'em No Limit ($0.02/$0.05) - 2024/04/22 14:14:35
Table 'NLHBlue5' 6-max Seat #5 is the button
Seat 1: Hero ($5 in chips)
Seat 2: 6ad7d9aa ($5 in chips)
Seat 3: 66e9436c ($10.02 in chips)
Seat 4: 22b6ce00 ($4.18 in chips)
Seat 5: 3e6e24ce ($5.46 in chips)
Seat 6: f8190316 ($5.19 in chips)
f8190316: posts small blind $0.02
Hero: posts big blind $0.05
*** HOLE CARDS ***
Dealt to Hero [5h 4c]
Dealt to 6ad7d9aa 
Dealt to 66e9436c 
Dealt to 22b6ce00 
Dealt to 3e6e24ce 
Dealt to f8190316 
6ad7d9aa: folds
66e9436c: folds
22b6ce00: calls $0.05
3e6e24ce: folds
f8190316: folds
Hero: checks
*** FLOP *** [2s Kh 5s]
Hero: checks
22b6ce00: checks
*** TURN *** [2s Kh 5s] [Ks]
Hero: checks
22b6ce00: checks
*** RIVER *** [2s Kh 5s Ks] [9c]
Hero: checks
22b6ce00: checks
Hero: shows [5h 4c] (Pair of Kings and Pair of Fives)
22b6ce00: shows [4h 4d] (Pair of Kings and Pair of Fours)
*** SHOWDOWN ***
Hero collected $0.12 from pot
*** SUMMARY ***
Total pot $0.12 | Rake $0 | Jackpot $0 | Bingo $0 | Fortune $0 | Tax $0
Board [2s Kh 5s Ks 9c]
Seat 1: Hero (big blind) showed [5h 4c] and won ($0.12) with Pair of Kings and Pair of Fives
Seat 2: 6ad7d9aa folded before Flop (didn't bet)
Seat 3: 66e9436c folded before Flop (didn't bet)
Seat 4: 22b6ce00 showed [4h 4d] and lost with Pair of Kings and Pair of Fours
Seat 5: 3e6e24ce (button) folded before Flop (didn't bet)
Seat 6: f8190316 (small blind) folded before Flop


