Poker Hand #HD1779102847: Hold'em No Limit ($0.05/$0.1) - 2024/05/19 13:58:50
Table 'NLHRed15' 6-max Seat #6 is the button
Seat 1: 4bdd108d ($13.3 in chips)
Seat 2: Hero ($10 in chips)
Seat 3: b766de4f ($15.56 in chips)
Seat 4: 6040c64a ($10.61 in chips)
Seat 6: c2c9b959 ($9.1 in chips)
4bdd108d: posts small blind $0.05
Hero: posts big blind $0.1
*** HOLE CARDS ***
Dealt to 4bdd108d 
Dealt to Hero [5d 3h]
Dealt to b766de4f 
Dealt to 6040c64a 
Dealt to c2c9b959 
b766de4f: folds
6040c64a: folds
c2c9b959: calls $0.1
4bdd108d: folds
Hero: checks
*** FLOP *** [Jh Ah 2h]
Hero: checks
c2c9b959: checks
*** TURN *** [Jh Ah 2h] [Kc]
Hero: checks
c2c9b959: bets $0.1
Hero: calls $0.1
*** RIVER *** [Jh Ah 2h Kc] [Qh]
Hero: checks
c2c9b959: bets $0.2
Hero: folds
Uncalled bet ($0.2) returned to c2c9b959
*** SHOWDOWN ***
c2c9b959 collected $0.43 from pot
*** SUMMARY ***
Total pot $0.45 | Rake $0.02 | Jackpot $0 | Bingo $0 | Fortune $0 | Tax $0
Board [Jh Ah 2h Kc Qh]
Seat 1: 4bdd108d (small blind) folded before Flop
Seat 2: Hero (big blind) folded on the River
Seat 3: b766de4f folded before Flop (didn't bet)
Seat 4: 6040c64a folded before Flop (didn't bet)
Seat 6: c2c9b959 (button) won ($0.43)


Poker Hand #HD1779102769: Hold'em No Limit ($0.05/$0.1) - 2024/05/19 13:58:01
Table 'NLHRed15' 6-max Seat #4 is the button
Seat 1: 4bdd108d ($13.4 in chips)
Seat 2: Hero ($10.04 in chips)
Seat 3: b766de4f ($15.56 in chips)
Seat 4: 6040c64a ($10.28 in chips)
Seat 6: c2c9b959 ($9.15 in chips)
c2c9b959: posts small blind $0.05
4bdd108d: posts big blind $0.1
*** HOLE CARDS ***
Dealt to 4bdd108d 
Dealt to Hero [Ac Qs]
Dealt to b766de4f 
Dealt to 6040c64a 
Dealt to c2c9b959 
Hero: raises $0.1 to $0.2
b766de4f: folds
6040c64a: raises $0.5 to $0.7
c2c9b959: folds
4bdd108d: folds
Hero: folds
Uncalled bet ($0.5) returned to 6040c64a
*** SHOWDOWN ***
6040c64a collected $0.53 from pot
*** SUMMARY ***
Total pot $0.55 | Rake $0.02 | Jackpot $0 | Bingo $0 | Fortune $0 | Tax $0
Seat 1: 4bdd108d (big blind) folded before Flop
Seat 2: Hero folded before Flop
Seat 3: b766de4f folded before Flop (didn't bet)
Seat 4: 6040c64a (button) collected ($0.53)
Seat 6: c2c9b959 (small blind) folded before Flop


Poker Hand #HD1779102756: Hold'em No Limit ($0.05/$0.1) - 2024/05/19 13:57:51
Table 'NLHRed15' 6-max Seat #3 is the button
Seat 1: 4bdd108d ($13.4 in chips)
Seat 2: Hero ($10.04 in chips)
Seat 3: b766de4f ($15.41 in chips)
Seat 4: 6040c64a ($10.33 in chips)
Seat 6: c2c9b959 ($9.25 in chips)
6040c64a: posts small blind $0.05
c2c9b959: posts big blind $0.1
*** HOLE CARDS ***
Dealt to 4bdd108d 
Dealt to Hero [Th 7c]
Dealt to b766de4f 
Dealt to 6040c64a 
Dealt to c2c9b959 
4bdd108d: folds
Hero: folds
b766de4f: raises $0.1 to $0.2
6040c64a: folds
c2c9b959: folds
Uncalled bet ($0.1) returned to b766de4f
*** SHOWDOWN ***
b766de4f collected $0.25 from pot
*** SUMMARY ***
Total pot $0.25 | Rake $0 | Jackpot $0 | Bingo $0 | Fortune $0 | Tax $0
Seat 1: 4bdd108d folded before Flop (didn't bet)
Seat 2: Hero folded before Flop (didn't bet)
Seat 3: b766de4f (button) collected ($0.25)
Seat 4: 6040c64a (small blind) folded before Flop
Seat 6: c2c9b959 (big blind) folded before Flop


Poker Hand #HD1779102737: Hold'em No Limit ($0.05/$0.1) - 2024/05/19 13:57:42
Table 'NLHRed15' 6-max Seat #2 is the button
Seat 1: 4bdd108d ($13.4 in chips)
Seat 2: Hero ($10.04 in chips)
Seat 3: b766de4f ($15.46 in chips)
Seat 4: 6040c64a ($10.28 in chips)
Seat 6: c2c9b959 ($9.25 in chips)
b766de4f: posts small blind $0.05
6040c64a: posts big blind $0.1
*** HOLE CARDS ***
Dealt to 4bdd108d 
Dealt to Hero [Qh 2c]
Dealt to b766de4f 
Dealt to 6040c64a 
Dealt to c2c9b959 
c2c9b959: folds
4bdd108d: folds
Hero: folds
b766de4f: folds
Uncalled bet ($0.05) returned to 6040c64a
*** SHOWDOWN ***
6040c64a collected $0.1 from pot
*** SUMMARY ***
Total pot $0.1 | Rake $0 | Jackpot $0 | Bingo $0 | Fortune $0 | Tax $0
Seat 1: 4bdd108d folded before Flop (didn't bet)
Seat 2: Hero (button) folded before Flop (didn't bet)
Seat 3: b766de4f (small blind) folded before Flop
Seat 4: 6040c64a (big blind) collected ($0.1)
Seat 6: c2c9b959 folded before Flop (didn't bet)


Poker Hand #HD1779102635: Hold'em No Limit ($0.05/$0.1) - 2024/05/19 13:56:42
Table 'NLHRed15' 6-max Seat #1 is the button
Seat 1: 4bdd108d ($12.71 in chips)
Seat 2: Hero ($10.09 in chips)
Seat 3: b766de4f ($16.06 in chips)
Seat 4: 6040c64a ($10.28 in chips)
Seat 6: c2c9b959 ($9.35 in chips)
Hero: posts small blind $0.05
b766de4f: posts big blind $0.1
*** HOLE CARDS ***
Dealt to 4bdd108d 
Dealt to Hero [4c Kh]
Dealt to b766de4f 
Dealt to 6040c64a 
Dealt to c2c9b959 
6040c64a: folds
c2c9b959: calls $0.1
4bdd108d: raises $0.5 to $0.6
Hero: folds
b766de4f: calls $0.5
c2c9b959: folds
*** FLOP *** [Qs Qc 3d]
b766de4f: checks
4bdd108d: checks
*** TURN *** [Qs Qc 3d] [4d]
b766de4f: checks
4bdd108d: bets $0.68
b766de4f: folds
Uncalled bet ($0.68) returned to 4bdd108d
*** SHOWDOWN ***
4bdd108d collected $1.29 from pot
*** SUMMARY ***
Total pot $1.35 | Rake $0.06 | Jackpot $0 | Bingo $0 | Fortune $0 | Tax $0
Board [Qs Qc 3d 4d]
Seat 1: 4bdd108d (button) won ($1.29)
Seat 2: Hero (small blind) folded before Flop
Seat 3: b766de4f (big blind) folded on the Turn
Seat 4: 6040c64a folded before Flop (didn't bet)
Seat 6: c2c9b959 folded before Flop


Poker Hand #HD1779102598: Hold'em No Limit ($0.05/$0.1) - 2024/05/19 13:56:21
Table 'NLHRed15' 6-max Seat #6 is the button
Seat 1: 4bdd108d ($12.76 in chips)
Seat 2: Hero ($10.19 in chips)
Seat 3: b766de4f ($16.06 in chips)
Seat 4: 6040c64a ($10.13 in chips)
Seat 6: c2c9b959 ($9.35 in chips)
4bdd108d: posts small blind $0.05
Hero: posts big blind $0.1
*** HOLE CARDS ***
Dealt to 4bdd108d 
Dealt to Hero [8d 9s]
Dealt to b766de4f 
Dealt to 6040c64a 
Dealt to c2c9b959 
b766de4f: folds
6040c64a: raises $0.15 to $0.25
c2c9b959: folds
4bdd108d: folds
Hero: folds
Uncalled bet ($0.15) returned to 6040c64a
*** SHOWDOWN ***
6040c64a collected $0.25 from pot
*** SUMMARY ***
Total pot $0.25 | Rake $0 | Jackpot $0 | Bingo $0 | Fortune $0 | Tax $0
Seat 1: 4bdd108d (small blind) folded before Flop
Seat 2: Hero (big blind) folded before Flop
Seat 3: b766de4f folded before Flop (didn't bet)
Seat 4: 6040c64a collected ($0.25)
Seat 6: c2c9b959 (button) folded before Flop (didn't bet)


Poker Hand #HD1779102504: Hold'em No Limit ($0.05/$0.1) - 2024/05/19 13:55:24
Table 'NLHRed15' 6-max Seat #4 is the button
Seat 1: 4bdd108d ($13.01 in chips)
Seat 2: Hero ($10.19 in chips)
Seat 3: b766de4f ($16.06 in chips)
Seat 4: 6040c64a ($9.85 in chips)
Seat 6: c2c9b959 ($9.4 in chips)
c2c9b959: posts small blind $0.05
4bdd108d: posts big blind $0.1
*** HOLE CARDS ***
Dealt to 4bdd108d 
Dealt to Hero [Qs 3h]
Dealt to b766de4f 
Dealt to 6040c64a 
Dealt to c2c9b959 
Hero: folds
b766de4f: folds
6040c64a: raises $0.15 to $0.25
c2c9b959: folds
4bdd108d: calls $0.15
*** FLOP *** [2h Qc 4d]
4bdd108d: checks
6040c64a: bets $0.2
4bdd108d: folds
Uncalled bet ($0.2) returned to 6040c64a
*** SHOWDOWN ***
6040c64a collected $0.53 from pot
*** SUMMARY ***
Total pot $0.55 | Rake $0.02 | Jackpot $0 | Bingo $0 | Fortune $0 | Tax $0
Board [2h Qc 4d]
Seat 1: 4bdd108d (big blind) folded on the Flop
Seat 2: Hero folded before Flop (didn't bet)
Seat 3: b766de4f folded before Flop (didn't bet)
Seat 4: 6040c64a (button) won ($0.53)
Seat 6: c2c9b959 (small blind) folded before Flop


Poker Hand #HD1779102445: Hold'em No Limit ($0.05/$0.1) - 2024/05/19 13:54:47
Table 'NLHRed15' 6-max Seat #3 is the button
Seat 1: 4bdd108d ($13.01 in chips)
Seat 2: Hero ($10.19 in chips)
Seat 3: b766de4f ($15.83 in chips)
Seat 4: 6040c64a ($9.9 in chips)
Seat 6: c2c9b959 ($9.6 in chips)
6040c64a: posts small blind $0.05
c2c9b959: posts big blind $0.1
*** HOLE CARDS ***
Dealt to 4bdd108d 
Dealt to Hero [9s Kc]
Dealt to b766de4f 
Dealt to 6040c64a 
Dealt to c2c9b959 
4bdd108d: folds
Hero: folds
b766de4f: raises $0.1 to $0.2
6040c64a: folds
c2c9b959: calls $0.1
*** FLOP *** [Js 8c 5c]
c2c9b959: checks
b766de4f: checks
*** TURN *** [Js 8c 5c] [9d]
c2c9b959: checks
b766de4f: bets $0.34
c2c9b959: folds
Uncalled bet ($0.34) returned to b766de4f
*** SHOWDOWN ***
b766de4f collected $0.43 from pot
*** SUMMARY ***
Total pot $0.45 | Rake $0.02 | Jackpot $0 | Bingo $0 | Fortune $0 | Tax $0
Board [Js 8c 5c 9d]
Seat 1: 4bdd108d folded before Flop (didn't bet)
Seat 2: Hero folded before Flop (didn't bet)
Seat 3: b766de4f (button) won ($0.43)
Seat 4: 6040c64a (small blind) folded before Flop
Seat 6: c2c9b959 (big blind) folded on the Turn


Poker Hand #HD1779102379: Hold'em No Limit ($0.05/$0.1) - 2024/05/19 13:54:12
Table 'NLHRed15' 6-max Seat #2 is the button
Seat 1: 4bdd108d ($13.01 in chips)
Seat 2: Hero ($10.19 in chips)
Seat 3: b766de4f ($15.37 in chips)
Seat 4: 6040c64a ($10 in chips)
Seat 6: c2c9b959 ($10 in chips)
b766de4f: posts small blind $0.05
6040c64a: posts big blind $0.1
c2c9b959: posts big blind $0.1
*** HOLE CARDS ***
Dealt to 4bdd108d 
Dealt to Hero [5s Ac]
Dealt to b766de4f 
Dealt to 6040c64a 
Dealt to c2c9b959 
c2c9b959: checks
4bdd108d: folds
Hero: folds
b766de4f: raises $0.3 to $0.4
6040c64a: folds
c2c9b959: calls $0.3
*** FLOP *** [5d 2c 7s]
b766de4f: checks
c2c9b959: checks
*** TURN *** [5d 2c 7s] [Kc]
b766de4f: checks
c2c9b959: checks
*** RIVER *** [5d 2c 7s Kc] [8h]
b766de4f: checks
c2c9b959: checks
b766de4f: shows [Qh Js] (King-High)
c2c9b959: shows [Ts Qd] (King-High)
*** SHOWDOWN ***
b766de4f collected $0.86 from pot
*** SUMMARY ***
Total pot $0.9 | Rake $0.04 | Jackpot $0 | Bingo $0 | Fortune $0 | Tax $0
Board [5d 2c 7s Kc 8h]
Seat 1: 4bdd108d folded before Flop (didn't bet)
Seat 2: Hero (button) folded before Flop (didn't bet)
Seat 3: b766de4f (small blind) showed [Qh Js] and won ($0.86) with King-High
Seat 4: 6040c64a (big blind) folded before Flop
Seat 6: c2c9b959 showed [Ts Qd] and lost with King-High


Poker Hand #HD1779102322: Hold'em No Limit ($0.05/$0.1) - 2024/05/19 13:53:36
Table 'NLHRed15' 6-max Seat #1 is the button
Seat 1: 4bdd108d ($12.86 in chips)
Seat 2: Hero ($10.24 in chips)
Seat 3: b766de4f ($15.47 in chips)
Hero: posts small blind $0.05
b766de4f: posts big blind $0.1
*** HOLE CARDS ***
Dealt to 4bdd108d 
Dealt to Hero [5d 5c]
Dealt to b766de4f 
4bdd108d: raises $0.2 to $0.3
Hero: folds
b766de4f: folds
Uncalled bet ($0.2) returned to 4bdd108d
*** SHOWDOWN ***
4bdd108d collected $0.25 from pot
*** SUMMARY ***
Total pot $0.25 | Rake $0 | Jackpot $0 | Bingo $0 | Fortune $0 | Tax $0
Seat 1: 4bdd108d (button) collected ($0.25)
Seat 2: Hero (small blind) folded before Flop
Seat 3: b766de4f (big blind) folded before Flop


Poker Hand #HD1779102232: Hold'em No Limit ($0.05/$0.1) - 2024/05/19 13:52:43
Table 'NLHRed15' 6-max Seat #3 is the button
Seat 1: 4bdd108d ($12.96 in chips)
Seat 2: Hero ($14.29 in chips)
Seat 3: b766de4f ($10.24 in chips)
Seat 6: 339daec3 ($1.65 in chips)
339daec3: posts small blind $0.05
4bdd108d: posts big blind $0.1
*** HOLE CARDS ***
Dealt to 4bdd108d 
Dealt to Hero [Jd 9d]
Dealt to b766de4f 
Dealt to 339daec3 
Hero: raises $0.1 to $0.2
b766de4f: calls $0.2
339daec3: calls $0.15
4bdd108d: folds
*** FLOP *** [Jc Ad 9s]
339daec3: bets $1.45 and is all-in
Hero: calls $1.45
b766de4f: calls $1.45
*** TURN *** [Jc Ad 9s] [5d]
Hero: checks
b766de4f: bets $2.4
Hero: calls $2.4
*** RIVER *** [Jc Ad 9s 5d] [5s]
Hero: checks
b766de4f: bets $6.19 and is all-in
Hero: folds
Uncalled bet ($6.19) returned to b766de4f
b766de4f: shows [Jh Js] (Jacks Full over Fives)
339daec3: shows [7c Th] (Pair of Fives)
Hero: shows [Jd 9d] (Pair of Jacks and Pair of Nines)
*** SHOWDOWN ***
b766de4f collected $4.75 from pot
b766de4f collected $4.53 from pot
*** SUMMARY ***
Total pot $9.85 | Rake $0.47 | Jackpot $0.1 | Bingo $0 | Fortune $0 | Tax $0
Board [Jc Ad 9s 5d 5s]
Seat 1: 4bdd108d (big blind) folded before Flop
Seat 2: Hero folded on the River
Seat 3: b766de4f (button) showed [Jh Js] and won ($9.28) with Jacks Full over Fives
Seat 6: 339daec3 (small blind) showed [7c Th] and lost with Pair of Fives


Poker Hand #HD1779102146: Hold'em No Limit ($0.05/$0.1) - 2024/05/19 13:51:51
Table 'NLHRed15' 6-max Seat #2 is the button
Seat 1: 4bdd108d ($12.68 in chips)
Seat 2: Hero ($14.29 in chips)
Seat 3: b766de4f ($10.29 in chips)
Seat 6: 339daec3 ($1.9 in chips)
b766de4f: posts small blind $0.05
339daec3: posts big blind $0.1
*** HOLE CARDS ***
Dealt to 4bdd108d 
Dealt to Hero [7c Kh]
Dealt to b766de4f 
Dealt to 339daec3 
4bdd108d: raises $0.15 to $0.25
Hero: folds
b766de4f: folds
339daec3: calls $0.15
*** FLOP *** [2c 4s Ts]
339daec3: checks
4bdd108d: bets $0.28
339daec3: folds
Uncalled bet ($0.28) returned to 4bdd108d
*** SHOWDOWN ***
4bdd108d collected $0.53 from pot
*** SUMMARY ***
Total pot $0.55 | Rake $0.02 | Jackpot $0 | Bingo $0 | Fortune $0 | Tax $0
Board [2c 4s Ts]
Seat 1: 4bdd108d won ($0.53)
Seat 2: Hero (button) folded before Flop (didn't bet)
Seat 3: b766de4f (small blind) folded before Flop
Seat 6: 339daec3 (big blind) folded on the Flop


Poker Hand #HD1779102048: Hold'em No Limit ($0.05/$0.1) - 2024/05/19 13:50:56
Table 'NLHRed15' 6-max Seat #1 is the button
Seat 1: 4bdd108d ($12.68 in chips)
Seat 2: Hero ($14.34 in chips)
Seat 3: b766de4f ($10.15 in chips)
Seat 6: 339daec3 ($2 in chips)
Hero: posts small blind $0.05
b766de4f: posts big blind $0.1
339daec3: posts big blind $0.1
*** HOLE CARDS ***
Dealt to 4bdd108d 
Dealt to Hero [6h 5c]
Dealt to b766de4f 
Dealt to 339daec3 
339daec3: checks
4bdd108d: folds
Hero: folds
b766de4f: checks
*** FLOP *** [9d 5d Qs]
b766de4f: checks
339daec3: checks
*** TURN *** [9d 5d Qs] [Ah]
b766de4f: checks
339daec3: checks
*** RIVER *** [9d 5d Qs Ah] [4d]
b766de4f: checks
339daec3: checks
b766de4f: shows [6s 5h] (Pair of Fives)
339daec3: shows [Kh 2d] (Ace-High)
*** SHOWDOWN ***
b766de4f collected $0.24 from pot
*** SUMMARY ***
Total pot $0.25 | Rake $0.01 | Jackpot $0 | Bingo $0 | Fortune $0 | Tax $0
Board [9d 5d Qs Ah 4d]
Seat 1: 4bdd108d (button) folded before Flop (didn't bet)
Seat 2: Hero (small blind) folded before Flop
Seat 3: b766de4f (big blind) showed [6s 5h] and won ($0.24) with Pair of Fives
Seat 6: 339daec3 showed [Kh 2d] and lost with Ace-High


Poker Hand #HD1779102019: Hold'em No Limit ($0.05/$0.1) - 2024/05/19 13:50:41
Table 'NLHRed15' 6-max Seat #4 is the button
Seat 1: 4bdd108d ($12.73 in chips)
Seat 2: Hero ($14.29 in chips)
Seat 3: b766de4f ($10.15 in chips)
Seat 4: 1b34296e ($10.15 in chips)
4bdd108d: posts small blind $0.05
Hero: posts big blind $0.1
*** HOLE CARDS ***
Dealt to 4bdd108d 
Dealt to Hero [Js Qd]
Dealt to b766de4f 
Dealt to 1b34296e 
b766de4f: folds
1b34296e: folds
4bdd108d: folds
Uncalled bet ($0.05) returned to Hero
*** SHOWDOWN ***
Hero collected $0.1 from pot
*** SUMMARY ***
Total pot $0.1 | Rake $0 | Jackpot $0 | Bingo $0 | Fortune $0 | Tax $0
Seat 1: 4bdd108d (small blind) folded before Flop
Seat 2: Hero (big blind) collected ($0.1)
Seat 3: b766de4f folded before Flop (didn't bet)
Seat 4: 1b34296e (button) folded before Flop (didn't bet)


Poker Hand #HD1779101982: Hold'em No Limit ($0.05/$0.1) - 2024/05/19 13:50:15
Table 'NLHRed15' 6-max Seat #3 is the button
Seat 1: 4bdd108d ($12.83 in chips)
Seat 2: Hero ($14.29 in chips)
Seat 3: b766de4f ($10.15 in chips)
Seat 4: 1b34296e ($10.05 in chips)
1b34296e: posts small blind $0.05
4bdd108d: posts big blind $0.1
*** HOLE CARDS ***
Dealt to 4bdd108d 
Dealt to Hero [Qs 3d]
Dealt to b766de4f 
Dealt to 1b34296e 
Hero: folds
b766de4f: folds
1b34296e: raises $0.2 to $0.3
4bdd108d: folds
Uncalled bet ($0.2) returned to 1b34296e
*** SHOWDOWN ***
1b34296e collected $0.2 from pot
*** SUMMARY ***
Total pot $0.2 | Rake $0 | Jackpot $0 | Bingo $0 | Fortune $0 | Tax $0
Seat 1: 4bdd108d (big blind) folded before Flop
Seat 2: Hero folded before Flop (didn't bet)
Seat 3: b766de4f (button) folded before Flop (didn't bet)
Seat 4: 1b34296e (small blind) collected ($0.2)


Poker Hand #HD1779101947: Hold'em No Limit ($0.05/$0.1) - 2024/05/19 13:49:56
Table 'NLHRed15' 6-max Seat #2 is the button
Seat 1: 4bdd108d ($12.68 in chips)
Seat 2: Hero ($14.29 in chips)
Seat 3: b766de4f ($10.2 in chips)
Seat 4: 1b34296e ($10.15 in chips)
Seat 6: 5b6c5dac ($10 in chips)
b766de4f: posts small blind $0.05
1b34296e: posts big blind $0.1
*** HOLE CARDS ***
Dealt to 4bdd108d 
Dealt to Hero [9h Tc]
Dealt to b766de4f 
Dealt to 1b34296e 
Dealt to 5b6c5dac 
5b6c5dac: folds
4bdd108d: raises $0.15 to $0.25
Hero: folds
b766de4f: folds
1b34296e: folds
Uncalled bet ($0.15) returned to 4bdd108d
*** SHOWDOWN ***
4bdd108d collected $0.25 from pot
*** SUMMARY ***
Total pot $0.25 | Rake $0 | Jackpot $0 | Bingo $0 | Fortune $0 | Tax $0
Seat 1: 4bdd108d collected ($0.25)
Seat 2: Hero (button) folded before Flop (didn't bet)
Seat 3: b766de4f (small blind) folded before Flop
Seat 4: 1b34296e (big blind) folded before Flop
Seat 6: 5b6c5dac folded before Flop (didn't bet)


Poker Hand #HD1779101906: Hold'em No Limit ($0.05/$0.1) - 2024/05/19 13:49:32
Table 'NLHRed15' 6-max Seat #1 is the button
Seat 1: 4bdd108d ($12.53 in chips)
Seat 2: Hero ($14.34 in chips)
Seat 3: b766de4f ($10.3 in chips)
Seat 4: 1b34296e ($10.15 in chips)
Seat 6: 5b6c5dac ($10 in chips)
Hero: posts small blind $0.05
b766de4f: posts big blind $0.1
*** HOLE CARDS ***
Dealt to 4bdd108d 
Dealt to Hero [Td 3c]
Dealt to b766de4f 
Dealt to 1b34296e 
Dealt to 5b6c5dac 
1b34296e: folds
5b6c5dac: folds
4bdd108d: raises $0.2 to $0.3
Hero: folds
b766de4f: folds
Uncalled bet ($0.2) returned to 4bdd108d
*** SHOWDOWN ***
4bdd108d collected $0.25 from pot
*** SUMMARY ***
Total pot $0.25 | Rake $0 | Jackpot $0 | Bingo $0 | Fortune $0 | Tax $0
Seat 1: 4bdd108d (button) collected ($0.25)
Seat 2: Hero (small blind) folded before Flop
Seat 3: b766de4f (big blind) folded before Flop
Seat 4: 1b34296e folded before Flop (didn't bet)
Seat 6: 5b6c5dac folded before Flop (didn't bet)


Poker Hand #HD1779101796: Hold'em No Limit ($0.05/$0.1) - 2024/05/19 13:48:26
Table 'NLHRed15' 6-max Seat #6 is the button
Seat 1: 4bdd108d ($13.08 in chips)
Seat 2: Hero ($14.89 in chips)
Seat 3: b766de4f ($10.3 in chips)
Seat 4: 1b34296e ($10.15 in chips)
Seat 6: 5b6c5dac ($10 in chips)
4bdd108d: posts small blind $0.05
Hero: posts big blind $0.1
*** HOLE CARDS ***
Dealt to 4bdd108d 
Dealt to Hero [Qc Qh]
Dealt to b766de4f 
Dealt to 1b34296e 
Dealt to 5b6c5dac 
b766de4f: folds
1b34296e: folds
5b6c5dac: folds
4bdd108d: raises $0.2 to $0.3
Hero: raises $0.6 to $0.9
4bdd108d: raises $1.8 to $2.7
Hero: raises $12.19 to $14.89 and is all-in
4bdd108d: calls $10.38 and is all-in
Uncalled bet ($1.81) returned to Hero
Hero: shows [Qc Qh]
4bdd108d: shows [Ah Kh]
*** FIRST FLOP *** [Jc 7c 8h]
*** FIRST TURN *** [Jc 7c 8h] [3d]
*** FIRST RIVER *** [Jc 7c 8h 3d] [Js]
*** SECOND FLOP *** [3c 7s Ad]
*** SECOND TURN *** [3c 7s Ad] [5d]
*** SECOND RIVER *** [3c 7s Ad 5d] [Kd]
*** FIRST SHOWDOWN ***
Hero collected $12.53 from pot
*** SECOND SHOWDOWN ***
4bdd108d collected $12.53 from pot
*** SUMMARY ***
Total pot $26.16 | Rake $1 | Jackpot $0.1 | Bingo $0 | Fortune $0 | Tax $0
Hand was run two times
FIRST Board [Jc 7c 8h 3d Js]
SECOND Board [3c 7s Ad 5d Kd]
Seat 1: 4bdd108d (small blind) showed [Ah Kh] and lost with Pair of Jacks, and won ($12.53) with Pair of Aces and Pair of Kings
Seat 2: Hero (big blind) showed [Qc Qh] and won ($12.53) with Pair of Queens and Pair of Jacks, and lost with Pair of Queens
Seat 3: b766de4f folded before Flop (didn't bet)
Seat 4: 1b34296e folded before Flop (didn't bet)
Seat 6: 5b6c5dac (button) folded before Flop (didn't bet)


Poker Hand #HD1779101770: Hold'em No Limit ($0.05/$0.1) - 2024/05/19 13:48:10
Table 'NLHRed15' 6-max Seat #4 is the button
Seat 1: 4bdd108d ($13.18 in chips)
Seat 2: Hero ($14.89 in chips)
Seat 3: b766de4f ($10.15 in chips)
Seat 4: 1b34296e ($10.15 in chips)
Seat 6: 5b6c5dac ($10 in chips)
5b6c5dac: posts small blind $0.05
4bdd108d: posts big blind $0.1
*** HOLE CARDS ***
Dealt to 4bdd108d 
Dealt to Hero [3s 5c]
Dealt to b766de4f 
Dealt to 1b34296e 
Dealt to 5b6c5dac 
Hero: folds
b766de4f: raises $0.1 to $0.2
1b34296e: folds
5b6c5dac: folds
4bdd108d: folds
Uncalled bet ($0.1) returned to b766de4f
*** SHOWDOWN ***
b766de4f collected $0.25 from pot
*** SUMMARY ***
Total pot $0.25 | Rake $0 | Jackpot $0 | Bingo $0 | Fortune $0 | Tax $0
Seat 1: 4bdd108d (big blind) folded before Flop
Seat 2: Hero folded before Flop (didn't bet)
Seat 3: b766de4f collected ($0.25)
Seat 4: 1b34296e (button) folded before Flop (didn't bet)
Seat 6: 5b6c5dac (small blind) folded before Flop


Poker Hand #HD1779101745: Hold'em No Limit ($0.05/$0.1) - 2024/05/19 13:47:57
Table 'NLHRed15' 6-max Seat #3 is the button
Seat 1: 4bdd108d ($13.03 in chips)
Seat 2: Hero ($14.89 in chips)
Seat 3: b766de4f ($10.15 in chips)
Seat 4: 1b34296e ($10.2 in chips)
Seat 6: 5b6c5dac ($10 in chips)
1b34296e: posts small blind $0.05
5b6c5dac: posts big blind $0.1
*** HOLE CARDS ***
Dealt to 4bdd108d 
Dealt to Hero [Kd 8s]
Dealt to b766de4f 
Dealt to 1b34296e 
Dealt to 5b6c5dac 
4bdd108d: raises $0.15 to $0.25
Hero: folds
b766de4f: folds
1b34296e: folds
5b6c5dac: folds
Uncalled bet ($0.15) returned to 4bdd108d
*** SHOWDOWN ***
4bdd108d collected $0.25 from pot
*** SUMMARY ***
Total pot $0.25 | Rake $0 | Jackpot $0 | Bingo $0 | Fortune $0 | Tax $0
Seat 1: 4bdd108d collected ($0.25)
Seat 2: Hero folded before Flop (didn't bet)
Seat 3: b766de4f (button) folded before Flop (didn't bet)
Seat 4: 1b34296e (small blind) folded before Flop
Seat 6: 5b6c5dac (big blind) folded before Flop


Poker Hand #HD1779101728: Hold'em No Limit ($0.05/$0.1) - 2024/05/19 13:47:46
Table 'NLHRed15' 6-max Seat #2 is the button
Seat 1: 4bdd108d ($13.03 in chips)
Seat 2: Hero ($14.89 in chips)
Seat 3: b766de4f ($10.2 in chips)
Seat 4: 1b34296e ($10.15 in chips)
Seat 6: 5b6c5dac ($10 in chips)
b766de4f: posts small blind $0.05
1b34296e: posts big blind $0.1
*** HOLE CARDS ***
Dealt to 4bdd108d 
Dealt to Hero [2s 6d]
Dealt to b766de4f 
Dealt to 1b34296e 
Dealt to 5b6c5dac 
5b6c5dac: folds
4bdd108d: folds
Hero: folds
b766de4f: folds
Uncalled bet ($0.05) returned to 1b34296e
*** SHOWDOWN ***
1b34296e collected $0.1 from pot
*** SUMMARY ***
Total pot $0.1 | Rake $0 | Jackpot $0 | Bingo $0 | Fortune $0 | Tax $0
Seat 1: 4bdd108d folded before Flop (didn't bet)
Seat 2: Hero (button) folded before Flop (didn't bet)
Seat 3: b766de4f (small blind) folded before Flop
Seat 4: 1b34296e (big blind) collected ($0.1)
Seat 6: 5b6c5dac folded before Flop (didn't bet)


Poker Hand #HD1779101701: Hold'em No Limit ($0.05/$0.1) - 2024/05/19 13:47:31
Table 'NLHRed15' 6-max Seat #1 is the button
Seat 1: 4bdd108d ($12.88 in chips)
Seat 2: Hero ($14.94 in chips)
Seat 3: b766de4f ($10.3 in chips)
Seat 4: 1b34296e ($10.15 in chips)
Seat 6: 5b6c5dac ($10 in chips)
Hero: posts small blind $0.05
b766de4f: posts big blind $0.1
*** HOLE CARDS ***
Dealt to 4bdd108d 
Dealt to Hero [Jd 5h]
Dealt to b766de4f 
Dealt to 1b34296e 
Dealt to 5b6c5dac 
1b34296e: folds
5b6c5dac: folds
4bdd108d: raises $0.2 to $0.3
Hero: folds
b766de4f: folds
Uncalled bet ($0.2) returned to 4bdd108d
*** SHOWDOWN ***
4bdd108d collected $0.25 from pot
*** SUMMARY ***
Total pot $0.25 | Rake $0 | Jackpot $0 | Bingo $0 | Fortune $0 | Tax $0
Seat 1: 4bdd108d (button) collected ($0.25)
Seat 2: Hero (small blind) folded before Flop
Seat 3: b766de4f (big blind) folded before Flop
Seat 4: 1b34296e folded before Flop (didn't bet)
Seat 6: 5b6c5dac folded before Flop (didn't bet)


Poker Hand #HD1779101683: Hold'em No Limit ($0.05/$0.1) - 2024/05/19 13:47:14
Table 'NLHRed15' 6-max Seat #6 is the button
Seat 1: 4bdd108d ($12.93 in chips)
Seat 2: Hero ($15.04 in chips)
Seat 3: b766de4f ($10.15 in chips)
Seat 4: 1b34296e ($10.15 in chips)
Seat 6: 5b6c5dac ($10 in chips)
4bdd108d: posts small blind $0.05
Hero: posts big blind $0.1
*** HOLE CARDS ***
Dealt to 4bdd108d 
Dealt to Hero [5c Qs]
Dealt to b766de4f 
Dealt to 1b34296e 
Dealt to 5b6c5dac 
b766de4f: raises $0.2 to $0.3
1b34296e: folds
5b6c5dac: folds
4bdd108d: folds
Hero: folds
Uncalled bet ($0.2) returned to b766de4f
*** SHOWDOWN ***
b766de4f collected $0.25 from pot
*** SUMMARY ***
Total pot $0.25 | Rake $0 | Jackpot $0 | Bingo $0 | Fortune $0 | Tax $0
Seat 1: 4bdd108d (small blind) folded before Flop
Seat 2: Hero (big blind) folded before Flop
Seat 3: b766de4f collected ($0.25)
Seat 4: 1b34296e folded before Flop (didn't bet)
Seat 6: 5b6c5dac (button) folded before Flop (didn't bet)


Poker Hand #HD1779101642: Hold'em No Limit ($0.05/$0.1) - 2024/05/19 13:46:53
Table 'NLHRed15' 6-max Seat #4 is the button
Seat 1: 4bdd108d ($13.03 in chips)
Seat 2: Hero ($15.04 in chips)
Seat 3: b766de4f ($10 in chips)
Seat 4: 1b34296e ($10.15 in chips)
Seat 6: 5b6c5dac ($10 in chips)
5b6c5dac: posts small blind $0.05
4bdd108d: posts big blind $0.1
*** HOLE CARDS ***
Dealt to 4bdd108d 
Dealt to Hero [7c 2d]
Dealt to b766de4f 
Dealt to 1b34296e 
Dealt to 5b6c5dac 
Hero: folds
b766de4f: raises $0.1 to $0.2
1b34296e: folds
5b6c5dac: folds
4bdd108d: folds
Uncalled bet ($0.1) returned to b766de4f
*** SHOWDOWN ***
b766de4f collected $0.25 from pot
*** SUMMARY ***
Total pot $0.25 | Rake $0 | Jackpot $0 | Bingo $0 | Fortune $0 | Tax $0
Seat 1: 4bdd108d (big blind) folded before Flop
Seat 2: Hero folded before Flop (didn't bet)
Seat 3: b766de4f collected ($0.25)
Seat 4: 1b34296e (button) folded before Flop (didn't bet)
Seat 6: 5b6c5dac (small blind) folded before Flop


Poker Hand #HD1779101610: Hold'em No Limit ($0.05/$0.1) - 2024/05/19 13:46:29
Table 'NLHRed15' 6-max Seat #3 is the button
Seat 1: 4bdd108d ($12.88 in chips)
Seat 2: Hero ($15.04 in chips)
Seat 3: b766de4f ($10 in chips)
Seat 4: 1b34296e ($10.2 in chips)
Seat 6: 5b6c5dac ($10 in chips)
1b34296e: posts small blind $0.05
5b6c5dac: posts big blind $0.1
*** HOLE CARDS ***
Dealt to 4bdd108d 
Dealt to Hero [5c Qd]
Dealt to b766de4f 
Dealt to 1b34296e 
Dealt to 5b6c5dac 
4bdd108d: raises $0.15 to $0.25
Hero: folds
b766de4f: folds
1b34296e: folds
5b6c5dac: folds
Uncalled bet ($0.15) returned to 4bdd108d
*** SHOWDOWN ***
4bdd108d collected $0.25 from pot
*** SUMMARY ***
Total pot $0.25 | Rake $0 | Jackpot $0 | Bingo $0 | Fortune $0 | Tax $0
Seat 1: 4bdd108d collected ($0.25)
Seat 2: Hero folded before Flop (didn't bet)
Seat 3: b766de4f (button) folded before Flop (didn't bet)
Seat 4: 1b34296e (small blind) folded before Flop
Seat 6: 5b6c5dac (big blind) folded before Flop


Poker Hand #HD1779101596: Hold'em No Limit ($0.05/$0.1) - 2024/05/19 13:46:17
Table 'NLHRed15' 6-max Seat #2 is the button
Seat 1: 4bdd108d ($12.88 in chips)
Seat 2: Hero ($15.04 in chips)
Seat 3: b766de4f ($10 in chips)
Seat 4: 1b34296e ($10.15 in chips)
Seat 6: 5b6c5dac ($10 in chips)
b766de4f: posts small blind $0.05
1b34296e: posts big blind $0.1
*** HOLE CARDS ***
Dealt to 4bdd108d 
Dealt to Hero [4s 6d]
Dealt to b766de4f 
Dealt to 1b34296e 
Dealt to 5b6c5dac 
5b6c5dac: folds
4bdd108d: folds
Hero: folds
b766de4f: folds
Uncalled bet ($0.05) returned to 1b34296e
*** SHOWDOWN ***
1b34296e collected $0.1 from pot
*** SUMMARY ***
Total pot $0.1 | Rake $0 | Jackpot $0 | Bingo $0 | Fortune $0 | Tax $0
Seat 1: 4bdd108d folded before Flop (didn't bet)
Seat 2: Hero (button) folded before Flop (didn't bet)
Seat 3: b766de4f (small blind) folded before Flop
Seat 4: 1b34296e (big blind) collected ($0.1)
Seat 6: 5b6c5dac folded before Flop (didn't bet)


Poker Hand #HD1779101568: Hold'em No Limit ($0.05/$0.1) - 2024/05/19 13:46:00
Table 'NLHRed15' 6-max Seat #1 is the button
Seat 1: 4bdd108d ($12.73 in chips)
Seat 2: Hero ($15.09 in chips)
Seat 3: b766de4f ($10 in chips)
Seat 4: 1b34296e ($10.15 in chips)
Seat 6: 5b6c5dac ($10 in chips)
Hero: posts small blind $0.05
b766de4f: posts big blind $0.1
*** HOLE CARDS ***
Dealt to 4bdd108d 
Dealt to Hero [Ks 4s]
Dealt to b766de4f 
Dealt to 1b34296e 
Dealt to 5b6c5dac 
1b34296e: folds
5b6c5dac: folds
4bdd108d: raises $0.2 to $0.3
Hero: folds
b766de4f: folds
Uncalled bet ($0.2) returned to 4bdd108d
*** SHOWDOWN ***
4bdd108d collected $0.25 from pot
*** SUMMARY ***
Total pot $0.25 | Rake $0 | Jackpot $0 | Bingo $0 | Fortune $0 | Tax $0
Seat 1: 4bdd108d (button) collected ($0.25)
Seat 2: Hero (small blind) folded before Flop
Seat 3: b766de4f (big blind) folded before Flop
Seat 4: 1b34296e folded before Flop (didn't bet)
Seat 6: 5b6c5dac folded before Flop (didn't bet)


Poker Hand #HD1779101462: Hold'em No Limit ($0.05/$0.1) - 2024/05/19 13:44:58
Table 'NLHRed15' 6-max Seat #6 is the button
Seat 1: 4bdd108d ($12.83 in chips)
Seat 2: Hero ($12.93 in chips)
Seat 3: b766de4f ($10 in chips)
Seat 4: 1b34296e ($10.15 in chips)
Seat 5: 382f0027 ($2.4 in chips)
Seat 6: 5b6c5dac ($10 in chips)
4bdd108d: posts small blind $0.05
Hero: posts big blind $0.1
382f0027: posts big blind $0.1
*** HOLE CARDS ***
Dealt to 4bdd108d 
Dealt to Hero [7h Qh]
Dealt to b766de4f 
Dealt to 1b34296e 
Dealt to 382f0027 
Dealt to 5b6c5dac 
b766de4f: folds
1b34296e: folds
382f0027: checks
5b6c5dac: folds
4bdd108d: calls $0.05
Hero: checks
*** FLOP *** [5h Qs Jc]
4bdd108d: checks
Hero: checks
382f0027: bets $0.1
4bdd108d: folds
Hero: calls $0.1
*** TURN *** [5h Qs Jc] [7s]
Hero: checks
382f0027: bets $0.1
Hero: raises $0.34 to $0.44
382f0027: calls $0.34
*** RIVER *** [5h Qs Jc 7s] [8c]
Hero: bets $1.78
382f0027: calls $1.76 and is all-in
Uncalled bet ($0.02) returned to Hero
Hero: shows [7h Qh] (Pair of Queens and Pair of Sevens)
382f0027: shows [5s 3s] (Pair of Fives)
*** SHOWDOWN ***
Hero collected $4.56 from pot
*** SUMMARY ***
Total pot $4.9 | Rake $0.24 | Jackpot $0.1 | Bingo $0 | Fortune $0 | Tax $0
Board [5h Qs Jc 7s 8c]
Seat 1: 4bdd108d (small blind) folded on the Flop
Seat 2: Hero (big blind) showed [7h Qh] and won ($4.56) with Pair of Queens and Pair of Sevens
Seat 3: b766de4f folded before Flop (didn't bet)
Seat 4: 1b34296e folded before Flop (didn't bet)
Seat 5: 382f0027 showed [5s 3s] and lost with Pair of Fives
Seat 6: 5b6c5dac (button) folded before Flop (didn't bet)


Poker Hand #HD1779101399: Hold'em No Limit ($0.05/$0.1) - 2024/05/19 13:44:22
Table 'NLHRed15' 6-max Seat #4 is the button
Seat 1: 4bdd108d ($12.1 in chips)
Seat 2: Hero ($12.93 in chips)
Seat 3: b766de4f ($10 in chips)
Seat 4: 1b34296e ($10.15 in chips)
Seat 6: 5b6c5dac ($10 in chips)
5b6c5dac: posts small blind $0.05
4bdd108d: posts big blind $0.1
*** HOLE CARDS ***
Dealt to 4bdd108d 
Dealt to Hero [3c 6s]
Dealt to b766de4f 
Dealt to 1b34296e 
Dealt to 5b6c5dac 
Hero: folds
b766de4f: raises $0.1 to $0.2
1b34296e: folds
5b6c5dac: raises $0.4 to $0.6
4bdd108d: raises $1.2 to $1.8
b766de4f: folds
5b6c5dac: folds
Uncalled bet ($1.2) returned to 4bdd108d
*** SHOWDOWN ***
4bdd108d collected $1.33 from pot
*** SUMMARY ***
Total pot $1.4 | Rake $0.07 | Jackpot $0 | Bingo $0 | Fortune $0 | Tax $0
Seat 1: 4bdd108d (big blind) collected ($1.33)
Seat 2: Hero folded before Flop (didn't bet)
Seat 3: b766de4f folded before Flop
Seat 4: 1b34296e (button) folded before Flop (didn't bet)
Seat 6: 5b6c5dac (small blind) folded before Flop


Poker Hand #HD1779101332: Hold'em No Limit ($0.05/$0.1) - 2024/05/19 13:43:42
Table 'NLHRed15' 6-max Seat #3 is the button
Seat 1: 4bdd108d ($11.73 in chips)
Seat 2: Hero ($12.93 in chips)
Seat 3: b766de4f ($10 in chips)
Seat 4: 1b34296e ($10.2 in chips)
Seat 6: 5b6c5dac ($10 in chips)
1b34296e: posts small blind $0.05
5b6c5dac: posts big blind $0.1
*** HOLE CARDS ***
Dealt to 4bdd108d 
Dealt to Hero [2s Jc]
Dealt to b766de4f 
Dealt to 1b34296e 
Dealt to 5b6c5dac 
4bdd108d: raises $0.15 to $0.25
Hero: folds
b766de4f: calls $0.25
1b34296e: folds
5b6c5dac: folds
*** FLOP *** [9d 2c Qs]
4bdd108d: bets $0.15
b766de4f: folds
Uncalled bet ($0.15) returned to 4bdd108d
*** SHOWDOWN ***
4bdd108d collected $0.62 from pot
*** SUMMARY ***
Total pot $0.65 | Rake $0.03 | Jackpot $0 | Bingo $0 | Fortune $0 | Tax $0
Board [9d 2c Qs]
Seat 1: 4bdd108d won ($0.62)
Seat 2: Hero folded before Flop (didn't bet)
Seat 3: b766de4f (button) folded on the Flop
Seat 4: 1b34296e (small blind) folded before Flop
Seat 6: 5b6c5dac (big blind) folded before Flop


Poker Hand #HD1779101297: Hold'em No Limit ($0.05/$0.1) - 2024/05/19 13:43:27
Table 'NLHRed15' 6-max Seat #2 is the button
Seat 1: 4bdd108d ($11.73 in chips)
Seat 2: Hero ($12.93 in chips)
Seat 3: b766de4f ($10 in chips)
Seat 4: 1b34296e ($10.15 in chips)
Seat 6: 5b6c5dac ($10 in chips)
b766de4f: posts small blind $0.05
1b34296e: posts big blind $0.1
*** HOLE CARDS ***
Dealt to 4bdd108d 
Dealt to Hero [6d 6s]
Dealt to b766de4f 
Dealt to 1b34296e 
Dealt to 5b6c5dac 
5b6c5dac: folds
4bdd108d: folds
Hero: folds
b766de4f: folds
Uncalled bet ($0.05) returned to 1b34296e
*** SHOWDOWN ***
1b34296e collected $0.1 from pot
*** SUMMARY ***
Total pot $0.1 | Rake $0 | Jackpot $0 | Bingo $0 | Fortune $0 | Tax $0
Seat 1: 4bdd108d folded before Flop (didn't bet)
Seat 2: Hero (button) folded before Flop (didn't bet)
Seat 3: b766de4f (small blind) folded before Flop
Seat 4: 1b34296e (big blind) collected ($0.1)
Seat 6: 5b6c5dac folded before Flop (didn't bet)


Poker Hand #HD1779101257: Hold'em No Limit ($0.05/$0.1) - 2024/05/19 13:43:03
Table 'NLHRed15' 6-max Seat #1 is the button
Seat 1: 4bdd108d ($12.03 in chips)
Seat 2: Hero ($12.56 in chips)
Seat 3: b766de4f ($10 in chips)
Seat 4: 1b34296e ($10.15 in chips)
Seat 6: 5b6c5dac ($10 in chips)
Hero: posts small blind $0.05
b766de4f: posts big blind $0.1
*** HOLE CARDS ***
Dealt to 4bdd108d 
Dealt to Hero [9h Ah]
Dealt to b766de4f 
Dealt to 1b34296e 
Dealt to 5b6c5dac 
1b34296e: folds
5b6c5dac: folds
4bdd108d: raises $0.2 to $0.3
Hero: raises $0.9 to $1.2
b766de4f: folds
4bdd108d: folds
Uncalled bet ($0.9) returned to Hero
*** SHOWDOWN ***
Hero collected $0.67 from pot
*** SUMMARY ***
Total pot $0.7 | Rake $0.03 | Jackpot $0 | Bingo $0 | Fortune $0 | Tax $0
Seat 1: 4bdd108d (button) folded before Flop
Seat 2: Hero (small blind) collected ($0.67)
Seat 3: b766de4f (big blind) folded before Flop
Seat 4: 1b34296e folded before Flop (didn't bet)
Seat 6: 5b6c5dac folded before Flop (didn't bet)


Poker Hand #HD1779101230: Hold'em No Limit ($0.05/$0.1) - 2024/05/19 13:42:47
Table 'NLHRed15' 6-max Seat #6 is the button
Seat 1: 4bdd108d ($12.08 in chips)
Seat 2: Hero ($12.66 in chips)
Seat 4: 1b34296e ($10 in chips)
Seat 6: 5b6c5dac ($10 in chips)
4bdd108d: posts small blind $0.05
Hero: posts big blind $0.1
*** HOLE CARDS ***
Dealt to 4bdd108d 
Dealt to Hero [Ts 6s]
Dealt to 1b34296e 
Dealt to 5b6c5dac 
1b34296e: raises $0.2 to $0.3
5b6c5dac: folds
4bdd108d: folds
Hero: folds
Uncalled bet ($0.2) returned to 1b34296e
*** SHOWDOWN ***
1b34296e collected $0.25 from pot
*** SUMMARY ***
Total pot $0.25 | Rake $0 | Jackpot $0 | Bingo $0 | Fortune $0 | Tax $0
Seat 1: 4bdd108d (small blind) folded before Flop
Seat 2: Hero (big blind) folded before Flop
Seat 4: 1b34296e collected ($0.25)
Seat 6: 5b6c5dac (button) folded before Flop (didn't bet)


Poker Hand #HD1779101198: Hold'em No Limit ($0.05/$0.1) - 2024/05/19 13:42:26
Table 'NLHRed15' 6-max Seat #4 is the button
Seat 1: 4bdd108d ($12.03 in chips)
Seat 2: Hero ($12.66 in chips)
Seat 4: 1b34296e ($10 in chips)
Seat 6: 5b6c5dac ($10 in chips)
5b6c5dac: posts small blind $0.05
4bdd108d: posts big blind $0.1
*** HOLE CARDS ***
Dealt to 4bdd108d 
Dealt to Hero [6d 8c]
Dealt to 1b34296e 
Dealt to 5b6c5dac 
Hero: folds
1b34296e: folds
5b6c5dac: folds
Uncalled bet ($0.05) returned to 4bdd108d
*** SHOWDOWN ***
4bdd108d collected $0.1 from pot
*** SUMMARY ***
Total pot $0.1 | Rake $0 | Jackpot $0 | Bingo $0 | Fortune $0 | Tax $0
Seat 1: 4bdd108d (big blind) collected ($0.1)
Seat 2: Hero folded before Flop (didn't bet)
Seat 4: 1b34296e (button) folded before Flop (didn't bet)
Seat 6: 5b6c5dac (small blind) folded before Flop


Poker Hand #HD1779101157: Hold'em No Limit ($0.05/$0.1) - 2024/05/19 13:42:03
Table 'NLHRed15' 6-max Seat #2 is the button
Seat 1: 4bdd108d ($11.88 in chips)
Seat 2: Hero ($12.66 in chips)
Seat 4: 1b34296e ($10.05 in chips)
Seat 6: 5b6c5dac ($10 in chips)
1b34296e: posts small blind $0.05
5b6c5dac: posts big blind $0.1
*** HOLE CARDS ***
Dealt to 4bdd108d 
Dealt to Hero [Kh 2h]
Dealt to 1b34296e 
Dealt to 5b6c5dac 
4bdd108d: raises $0.15 to $0.25
Hero: folds
1b34296e: folds
5b6c5dac: folds
Uncalled bet ($0.15) returned to 4bdd108d
*** SHOWDOWN ***
4bdd108d collected $0.25 from pot
*** SUMMARY ***
Total pot $0.25 | Rake $0 | Jackpot $0 | Bingo $0 | Fortune $0 | Tax $0
Seat 1: 4bdd108d collected ($0.25)
Seat 2: Hero (button) folded before Flop (didn't bet)
Seat 4: 1b34296e (small blind) folded before Flop
Seat 6: 5b6c5dac (big blind) folded before Flop


Poker Hand #HD1779101146: Hold'em No Limit ($0.05/$0.1) - 2024/05/19 13:41:55
Table 'NLHRed15' 6-max Seat #1 is the button
Seat 1: 4bdd108d ($11.88 in chips)
Seat 2: Hero ($12.71 in chips)
Seat 4: 1b34296e ($10 in chips)
Seat 6: 5b6c5dac ($10 in chips)
Hero: posts small blind $0.05
1b34296e: posts big blind $0.1
*** HOLE CARDS ***
Dealt to 4bdd108d 
Dealt to Hero [4s 2c]
Dealt to 1b34296e 
Dealt to 5b6c5dac 
5b6c5dac: folds
4bdd108d: folds
Hero: folds
Uncalled bet ($0.05) returned to 1b34296e
*** SHOWDOWN ***
1b34296e collected $0.1 from pot
*** SUMMARY ***
Total pot $0.1 | Rake $0 | Jackpot $0 | Bingo $0 | Fortune $0 | Tax $0
Seat 1: 4bdd108d (button) folded before Flop (didn't bet)
Seat 2: Hero (small blind) folded before Flop
Seat 4: 1b34296e (big blind) collected ($0.1)
Seat 6: 5b6c5dac folded before Flop (didn't bet)


Poker Hand #HD1779101117: Hold'em No Limit ($0.05/$0.1) - 2024/05/19 13:41:40
Table 'NLHRed15' 6-max Seat #6 is the button
Seat 1: 4bdd108d ($11.93 in chips)
Seat 2: Hero ($12.81 in chips)
Seat 3: 38d48841 ($14.77 in chips)
Seat 6: 5b6c5dac ($10 in chips)
4bdd108d: posts small blind $0.05
Hero: posts big blind $0.1
*** HOLE CARDS ***
Dealt to 4bdd108d 
Dealt to Hero [Jh 3s]
Dealt to 38d48841 
Dealt to 5b6c5dac 
38d48841: raises $0.1 to $0.2
5b6c5dac: folds
4bdd108d: folds
Hero: folds
Uncalled bet ($0.1) returned to 38d48841
*** SHOWDOWN ***
38d48841 collected $0.25 from pot
*** SUMMARY ***
Total pot $0.25 | Rake $0 | Jackpot $0 | Bingo $0 | Fortune $0 | Tax $0
Seat 1: 4bdd108d (small blind) folded before Flop
Seat 2: Hero (big blind) folded before Flop
Seat 3: 38d48841 collected ($0.25)
Seat 6: 5b6c5dac (button) folded before Flop (didn't bet)


Poker Hand #HD1779101046: Hold'em No Limit ($0.05/$0.1) - 2024/05/19 13:40:54
Table 'NLHRed15' 6-max Seat #3 is the button
Seat 1: 4bdd108d ($11.12 in chips)
Seat 2: Hero ($12.81 in chips)
Seat 3: 38d48841 ($14.77 in chips)
Seat 6: 5b6c5dac ($10 in chips)
5b6c5dac: posts small blind $0.05
4bdd108d: posts big blind $0.1
*** HOLE CARDS ***
Dealt to 4bdd108d 
Dealt to Hero [2h 9h]
Dealt to 38d48841 
Dealt to 5b6c5dac 
Hero: folds
38d48841: folds
5b6c5dac: raises $0.2 to $0.3
4bdd108d: raises $0.6 to $0.9
5b6c5dac: calls $0.6
*** FLOP *** [Kd 7d Jh]
5b6c5dac: checks
4bdd108d: bets $0.5
5b6c5dac: folds
Uncalled bet ($0.5) returned to 4bdd108d
*** SHOWDOWN ***
4bdd108d collected $1.71 from pot
*** SUMMARY ***
Total pot $1.8 | Rake $0.09 | Jackpot $0 | Bingo $0 | Fortune $0 | Tax $0
Board [Kd 7d Jh]
Seat 1: 4bdd108d (big blind) won ($1.71)
Seat 2: Hero folded before Flop (didn't bet)
Seat 3: 38d48841 (button) folded before Flop (didn't bet)
Seat 6: 5b6c5dac (small blind) folded on the Flop


Poker Hand #HD1779101021: Hold'em No Limit ($0.05/$0.1) - 2024/05/19 13:40:40
Table 'NLHRed15' 6-max Seat #2 is the button
Seat 1: 4bdd108d ($11.12 in chips)
Seat 2: Hero ($12.81 in chips)
Seat 3: 38d48841 ($14.67 in chips)
Seat 6: 5b6c5dac ($10 in chips)
38d48841: posts small blind $0.05
5b6c5dac: posts big blind $0.1
*** HOLE CARDS ***
Dealt to 4bdd108d 
Dealt to Hero [6d 8h]
Dealt to 38d48841 
Dealt to 5b6c5dac 
4bdd108d: folds
Hero: folds
38d48841: raises $0.15 to $0.25
5b6c5dac: folds
Uncalled bet ($0.15) returned to 38d48841
*** SHOWDOWN ***
38d48841 collected $0.2 from pot
*** SUMMARY ***
Total pot $0.2 | Rake $0 | Jackpot $0 | Bingo $0 | Fortune $0 | Tax $0
Seat 1: 4bdd108d folded before Flop (didn't bet)
Seat 2: Hero (button) folded before Flop (didn't bet)
Seat 3: 38d48841 (small blind) collected ($0.2)
Seat 6: 5b6c5dac (big blind) folded before Flop


Poker Hand #HD1779100997: Hold'em No Limit ($0.05/$0.1) - 2024/05/19 13:40:24
Table 'NLHRed15' 6-max Seat #1 is the button
Seat 1: 4bdd108d ($11.12 in chips)
Seat 2: Hero ($12.71 in chips)
Seat 3: 38d48841 ($14.77 in chips)
Seat 6: 5b6c5dac ($10 in chips)
Hero: posts small blind $0.05
38d48841: posts big blind $0.1
*** HOLE CARDS ***
Dealt to 4bdd108d 
Dealt to Hero [Tc Kd]
Dealt to 38d48841 
Dealt to 5b6c5dac 
5b6c5dac: folds
4bdd108d: folds
Hero: raises $0.2 to $0.3
38d48841: folds
Uncalled bet ($0.2) returned to Hero
*** SHOWDOWN ***
Hero collected $0.2 from pot
*** SUMMARY ***
Total pot $0.2 | Rake $0 | Jackpot $0 | Bingo $0 | Fortune $0 | Tax $0
Seat 1: 4bdd108d (button) folded before Flop (didn't bet)
Seat 2: Hero (small blind) collected ($0.2)
Seat 3: 38d48841 (big blind) folded before Flop
Seat 6: 5b6c5dac folded before Flop (didn't bet)


Poker Hand #HD1779100974: Hold'em No Limit ($0.05/$0.1) - 2024/05/19 13:40:13
Table 'NLHRed15' 6-max Seat #6 is the button
Seat 1: 4bdd108d ($11.02 in chips)
Seat 2: Hero ($12.81 in chips)
Seat 3: 38d48841 ($14.77 in chips)
Seat 4: 50683e5a ($9.76 in chips)
Seat 6: 5b6c5dac ($10 in chips)
4bdd108d: posts small blind $0.05
Hero: posts big blind $0.1
*** HOLE CARDS ***
Dealt to 4bdd108d 
Dealt to Hero [5s 6h]
Dealt to 38d48841 
Dealt to 50683e5a 
Dealt to 5b6c5dac 
38d48841: folds
50683e5a: folds
5b6c5dac: folds
4bdd108d: raises $0.2 to $0.3
Hero: folds
Uncalled bet ($0.2) returned to 4bdd108d
*** SHOWDOWN ***
4bdd108d collected $0.2 from pot
*** SUMMARY ***
Total pot $0.2 | Rake $0 | Jackpot $0 | Bingo $0 | Fortune $0 | Tax $0
Seat 1: 4bdd108d (small blind) collected ($0.2)
Seat 2: Hero (big blind) folded before Flop
Seat 3: 38d48841 folded before Flop (didn't bet)
Seat 4: 50683e5a folded before Flop (didn't bet)
Seat 6: 5b6c5dac (button) folded before Flop (didn't bet)


Poker Hand #HD1779100953: Hold'em No Limit ($0.05/$0.1) - 2024/05/19 13:39:58
Table 'NLHRed15' 6-max Seat #4 is the button
Seat 1: 4bdd108d ($11.12 in chips)
Seat 2: Hero ($12.81 in chips)
Seat 3: 38d48841 ($14.62 in chips)
Seat 4: 50683e5a ($9.76 in chips)
Seat 6: 5b6c5dac ($10 in chips)
5b6c5dac: posts small blind $0.05
4bdd108d: posts big blind $0.1
*** HOLE CARDS ***
Dealt to 4bdd108d 
Dealt to Hero [9d 8h]
Dealt to 38d48841 
Dealt to 50683e5a 
Dealt to 5b6c5dac 
Hero: folds
38d48841: raises $0.2 to $0.3
50683e5a: folds
5b6c5dac: folds
4bdd108d: folds
Uncalled bet ($0.2) returned to 38d48841
*** SHOWDOWN ***
38d48841 collected $0.25 from pot
*** SUMMARY ***
Total pot $0.25 | Rake $0 | Jackpot $0 | Bingo $0 | Fortune $0 | Tax $0
Seat 1: 4bdd108d (big blind) folded before Flop
Seat 2: Hero folded before Flop (didn't bet)
Seat 3: 38d48841 collected ($0.25)
Seat 4: 50683e5a (button) folded before Flop (didn't bet)
Seat 6: 5b6c5dac (small blind) folded before Flop


Poker Hand #HD1779100920: Hold'em No Limit ($0.05/$0.1) - 2024/05/19 13:39:41
Table 'NLHRed15' 6-max Seat #3 is the button
Seat 1: 4bdd108d ($11.12 in chips)
Seat 2: Hero ($12.81 in chips)
Seat 3: 38d48841 ($14.62 in chips)
Seat 4: 50683e5a ($9.66 in chips)
Seat 6: 5b6c5dac ($10 in chips)
50683e5a: posts small blind $0.05
5b6c5dac: posts big blind $0.1
*** HOLE CARDS ***
Dealt to 4bdd108d 
Dealt to Hero [Kd 4s]
Dealt to 38d48841 
Dealt to 50683e5a 
Dealt to 5b6c5dac 
4bdd108d: folds
Hero: folds
38d48841: folds
50683e5a: raises $0.2 to $0.3
5b6c5dac: folds
Uncalled bet ($0.2) returned to 50683e5a
*** SHOWDOWN ***
50683e5a collected $0.2 from pot
*** SUMMARY ***
Total pot $0.2 | Rake $0 | Jackpot $0 | Bingo $0 | Fortune $0 | Tax $0
Seat 1: 4bdd108d folded before Flop (didn't bet)
Seat 2: Hero folded before Flop (didn't bet)
Seat 3: 38d48841 (button) folded before Flop (didn't bet)
Seat 4: 50683e5a (small blind) collected ($0.2)
Seat 6: 5b6c5dac (big blind) folded before Flop


Poker Hand #HD1779100891: Hold'em No Limit ($0.05/$0.1) - 2024/05/19 13:39:28
Table 'NLHRed15' 6-max Seat #2 is the button
Seat 1: 4bdd108d ($11.12 in chips)
Seat 2: Hero ($12.81 in chips)
Seat 3: 38d48841 ($14.67 in chips)
Seat 4: 50683e5a ($9.61 in chips)
38d48841: posts small blind $0.05
50683e5a: posts big blind $0.1
*** HOLE CARDS ***
Dealt to 4bdd108d 
Dealt to Hero [2h 3h]
Dealt to 38d48841 
Dealt to 50683e5a 
4bdd108d: folds
Hero: folds
38d48841: folds
Uncalled bet ($0.05) returned to 50683e5a
*** SHOWDOWN ***
50683e5a collected $0.1 from pot
*** SUMMARY ***
Total pot $0.1 | Rake $0 | Jackpot $0 | Bingo $0 | Fortune $0 | Tax $0
Seat 1: 4bdd108d folded before Flop (didn't bet)
Seat 2: Hero (button) folded before Flop (didn't bet)
Seat 3: 38d48841 (small blind) folded before Flop
Seat 4: 50683e5a (big blind) collected ($0.1)


Poker Hand #HD1779100847: Hold'em No Limit ($0.05/$0.1) - 2024/05/19 13:39:00
Table 'NLHRed15' 6-max Seat #1 is the button
Seat 1: 4bdd108d ($11.12 in chips)
Seat 2: Hero ($12.86 in chips)
Seat 3: 38d48841 ($14.53 in chips)
Seat 4: 50683e5a ($9.71 in chips)
Hero: posts small blind $0.05
38d48841: posts big blind $0.1
*** HOLE CARDS ***
Dealt to 4bdd108d 
Dealt to Hero [Tc 6s]
Dealt to 38d48841 
Dealt to 50683e5a 
50683e5a: calls $0.1
4bdd108d: folds
Hero: folds
38d48841: checks
*** FLOP *** [As Jh 2s]
38d48841: checks
50683e5a: checks
*** TURN *** [As Jh 2s] [5s]
38d48841: bets $0.15
50683e5a: folds
Uncalled bet ($0.15) returned to 38d48841
*** SHOWDOWN ***
38d48841 collected $0.24 from pot
*** SUMMARY ***
Total pot $0.25 | Rake $0.01 | Jackpot $0 | Bingo $0 | Fortune $0 | Tax $0
Board [As Jh 2s 5s]
Seat 1: 4bdd108d (button) folded before Flop (didn't bet)
Seat 2: Hero (small blind) folded before Flop
Seat 3: 38d48841 (big blind) won ($0.24)
Seat 4: 50683e5a folded on the Turn


Poker Hand #HD1779100828: Hold'em No Limit ($0.05/$0.1) - 2024/05/19 13:38:48
Table 'NLHRed15' 6-max Seat #4 is the button
Seat 1: 4bdd108d ($11.17 in chips)
Seat 2: Hero ($12.96 in chips)
Seat 3: 38d48841 ($14.38 in chips)
Seat 4: 50683e5a ($9.71 in chips)
4bdd108d: posts small blind $0.05
Hero: posts big blind $0.1
*** HOLE CARDS ***
Dealt to 4bdd108d 
Dealt to Hero [4h Ts]
Dealt to 38d48841 
Dealt to 50683e5a 
38d48841: raises $0.1 to $0.2
50683e5a: folds
4bdd108d: folds
Hero: folds
Uncalled bet ($0.1) returned to 38d48841
*** SHOWDOWN ***
38d48841 collected $0.25 from pot
*** SUMMARY ***
Total pot $0.25 | Rake $0 | Jackpot $0 | Bingo $0 | Fortune $0 | Tax $0
Seat 1: 4bdd108d (small blind) folded before Flop
Seat 2: Hero (big blind) folded before Flop
Seat 3: 38d48841 collected ($0.25)
Seat 4: 50683e5a (button) folded before Flop (didn't bet)


Poker Hand #HD1779100748: Hold'em No Limit ($0.05/$0.1) - 2024/05/19 13:38:00
Table 'NLHRed15' 6-max Seat #3 is the button
Seat 1: 4bdd108d ($11.17 in chips)
Seat 2: Hero ($13.2 in chips)
Seat 3: 38d48841 ($12.4 in chips)
Seat 4: 50683e5a ($9.76 in chips)
Seat 5: f395e66c ($2 in chips)
50683e5a: posts small blind $0.05
f395e66c: posts big blind $0.1
*** HOLE CARDS ***
Dealt to 4bdd108d 
Dealt to Hero [8c Qc]
Dealt to 38d48841 
Dealt to 50683e5a 
Dealt to f395e66c 
4bdd108d: folds
Hero: raises $0.14 to $0.24
38d48841: raises $0.48 to $0.72
50683e5a: folds
f395e66c: calls $0.62
Hero: folds
*** FLOP *** [8d 9h 9c]
f395e66c: checks
38d48841: bets $1.3
f395e66c: calls $1.28 and is all-in
Uncalled bet ($0.02) returned to 38d48841
38d48841: shows [Ac Tc] (Pair of Nines)
f395e66c: shows [Qh Kc] (Pair of Nines)
*** TURN *** [8d 9h 9c] [7d]
*** RIVER *** [8d 9h 9c 7d] [5s]
*** SHOWDOWN ***
38d48841 collected $3.98 from pot
*** SUMMARY ***
Total pot $4.29 | Rake $0.21 | Jackpot $0.1 | Bingo $0 | Fortune $0 | Tax $0
Board [8d 9h 9c 7d 5s]
Seat 1: 4bdd108d folded before Flop (didn't bet)
Seat 2: Hero folded before Flop
Seat 3: 38d48841 (button) showed [Ac Tc] and won ($3.98) with Pair of Nines
Seat 4: 50683e5a (small blind) folded before Flop
Seat 5: f395e66c (big blind) showed [Qh Kc] and lost with Pair of Nines


Poker Hand #HD1779100731: Hold'em No Limit ($0.05/$0.1) - 2024/05/19 13:37:47
Table 'NLHRed15' 6-max Seat #2 is the button
Seat 1: 4bdd108d ($11.02 in chips)
Seat 2: Hero ($13.2 in chips)
Seat 3: 38d48841 ($12.45 in chips)
Seat 4: 50683e5a ($9.86 in chips)
38d48841: posts small blind $0.05
50683e5a: posts big blind $0.1
*** HOLE CARDS ***
Dealt to 4bdd108d 
Dealt to Hero [Jh Td]
Dealt to 38d48841 
Dealt to 50683e5a 
4bdd108d: raises $0.15 to $0.25
Hero: folds
38d48841: folds
50683e5a: folds
Uncalled bet ($0.15) returned to 4bdd108d
*** SHOWDOWN ***
4bdd108d collected $0.25 from pot
*** SUMMARY ***
Total pot $0.25 | Rake $0 | Jackpot $0 | Bingo $0 | Fortune $0 | Tax $0
Seat 1: 4bdd108d collected ($0.25)
Seat 2: Hero (button) folded before Flop (didn't bet)
Seat 3: 38d48841 (small blind) folded before Flop
Seat 4: 50683e5a (big blind) folded before Flop


Poker Hand #HD1779100663: Hold'em No Limit ($0.05/$0.1) - 2024/05/19 13:36:58
Table 'NLHRed15' 6-max Seat #1 is the button
Seat 1: 4bdd108d ($11.52 in chips)
Seat 2: Hero ($13.25 in chips)
Seat 3: 38d48841 ($12.55 in chips)
Seat 4: 50683e5a ($9.26 in chips)
Hero: posts small blind $0.05
38d48841: posts big blind $0.1
*** HOLE CARDS ***
Dealt to 4bdd108d 
Dealt to Hero [6d 5d]
Dealt to 38d48841 
Dealt to 50683e5a 
50683e5a: calls $0.1
4bdd108d: raises $0.4 to $0.5
Hero: folds
38d48841: folds
50683e5a: calls $0.4
*** FLOP *** [7h Qs 4h]
50683e5a: checks
4bdd108d: checks
*** TURN *** [7h Qs 4h] [7c]
50683e5a: bets $0.5
4bdd108d: folds
Uncalled bet ($0.5) returned to 50683e5a
50683e5a: shows [Ah Tc] (Pair of Sevens)
*** SHOWDOWN ***
50683e5a collected $1.1 from pot
*** SUMMARY ***
Total pot $1.15 | Rake $0.05 | Jackpot $0 | Bingo $0 | Fortune $0 | Tax $0
Board [7h Qs 4h 7c]
Seat 1: 4bdd108d (button) folded on the Turn
Seat 2: Hero (small blind) folded before Flop
Seat 3: 38d48841 (big blind) folded before Flop
Seat 4: 50683e5a showed [Ah Tc] and won ($1.1)


Poker Hand #HD1779100631: Hold'em No Limit ($0.05/$0.1) - 2024/05/19 13:36:41
Table 'NLHRed15' 6-max Seat #5 is the button
Seat 1: 4bdd108d ($11.57 in chips)
Seat 2: Hero ($13.2 in chips)
Seat 3: 38d48841 ($12.55 in chips)
Seat 4: 50683e5a ($9.26 in chips)
Seat 5: 6c4b4576 ($10 in chips)
4bdd108d: posts small blind $0.05
Hero: posts big blind $0.1
*** HOLE CARDS ***
Dealt to 4bdd108d 
Dealt to Hero [9d Tc]
Dealt to 38d48841 
Dealt to 50683e5a 
Dealt to 6c4b4576 
38d48841: folds
50683e5a: folds
6c4b4576: folds
4bdd108d: folds
Uncalled bet ($0.05) returned to Hero
*** SHOWDOWN ***
Hero collected $0.1 from pot
*** SUMMARY ***
Total pot $0.1 | Rake $0 | Jackpot $0 | Bingo $0 | Fortune $0 | Tax $0
Seat 1: 4bdd108d (small blind) folded before Flop
Seat 2: Hero (big blind) collected ($0.1)
Seat 3: 38d48841 folded before Flop (didn't bet)
Seat 4: 50683e5a folded before Flop (didn't bet)
Seat 5: 6c4b4576 (button) folded before Flop (didn't bet)


Poker Hand #HD1779100537: Hold'em No Limit ($0.05/$0.1) - 2024/05/19 13:35:36
Table 'NLHRed15' 6-max Seat #4 is the button
Seat 1: 4bdd108d ($11.16 in chips)
Seat 2: Hero ($13.2 in chips)
Seat 3: 38d48841 ($12.55 in chips)
Seat 4: 50683e5a ($9.26 in chips)
Seat 5: 6c4b4576 ($10 in chips)
Seat 6: f4eb0bdc ($20.17 in chips)
6c4b4576: posts small blind $0.05
f4eb0bdc: posts big blind $0.1
*** HOLE CARDS ***
Dealt to 4bdd108d 
Dealt to Hero [7s Kd]
Dealt to 38d48841 
Dealt to 50683e5a 
Dealt to 6c4b4576 
Dealt to f4eb0bdc 
4bdd108d: raises $0.15 to $0.25
Hero: folds
38d48841: folds
50683e5a: folds
6c4b4576: folds
f4eb0bdc: calls $0.15
*** FLOP *** [Ts 5s 3d]
f4eb0bdc: checks
4bdd108d: bets $0.15
f4eb0bdc: calls $0.15
*** TURN *** [Ts 5s 3d] [4c]
f4eb0bdc: checks
4bdd108d: checks
*** RIVER *** [Ts 5s 3d 4c] [3h]
f4eb0bdc: checks
4bdd108d: bets $0.43
f4eb0bdc: folds
Uncalled bet ($0.43) returned to 4bdd108d
*** SHOWDOWN ***
4bdd108d collected $0.81 from pot
*** SUMMARY ***
Total pot $0.85 | Rake $0.04 | Jackpot $0 | Bingo $0 | Fortune $0 | Tax $0
Board [Ts 5s 3d 4c 3h]
Seat 1: 4bdd108d won ($0.81)
Seat 2: Hero folded before Flop (didn't bet)
Seat 3: 38d48841 folded before Flop (didn't bet)
Seat 4: 50683e5a (button) folded before Flop (didn't bet)
Seat 5: 6c4b4576 (small blind) folded before Flop
Seat 6: f4eb0bdc (big blind) folded on the River


Poker Hand #HD1779100499: Hold'em No Limit ($0.05/$0.1) - 2024/05/19 13:35:12
Table 'NLHRed15' 6-max Seat #3 is the button
Seat 1: 4bdd108d ($11.16 in chips)
Seat 2: Hero ($13.2 in chips)
Seat 3: 38d48841 ($12.55 in chips)
Seat 4: 50683e5a ($9.56 in chips)
Seat 5: 6c4b4576 ($10 in chips)
Seat 6: f4eb0bdc ($19.8 in chips)
50683e5a: posts small blind $0.05
6c4b4576: posts big blind $0.1
*** HOLE CARDS ***
Dealt to 4bdd108d 
Dealt to Hero [9d 7d]
Dealt to 38d48841 
Dealt to 50683e5a 
Dealt to 6c4b4576 
Dealt to f4eb0bdc 
f4eb0bdc: raises $0.2 to $0.3
4bdd108d: folds
Hero: folds
38d48841: folds
50683e5a: calls $0.25
6c4b4576: folds
*** FLOP *** [3s 5d Jd]
50683e5a: checks
f4eb0bdc: bets $0.24
50683e5a: folds
Uncalled bet ($0.24) returned to f4eb0bdc
*** SHOWDOWN ***
f4eb0bdc collected $0.67 from pot
*** SUMMARY ***
Total pot $0.7 | Rake $0.03 | Jackpot $0 | Bingo $0 | Fortune $0 | Tax $0
Board [3s 5d Jd]
Seat 1: 4bdd108d folded before Flop (didn't bet)
Seat 2: Hero folded before Flop (didn't bet)
Seat 3: 38d48841 (button) folded before Flop (didn't bet)
Seat 4: 50683e5a (small blind) folded on the Flop
Seat 5: 6c4b4576 (big blind) folded before Flop
Seat 6: f4eb0bdc won ($0.67)


Poker Hand #HD1779100460: Hold'em No Limit ($0.05/$0.1) - 2024/05/19 13:34:44
Table 'NLHRed15' 6-max Seat #2 is the button
Seat 1: 4bdd108d ($11.16 in chips)
Seat 2: Hero ($13.2 in chips)
Seat 3: 38d48841 ($12.28 in chips)
Seat 4: 50683e5a ($9.86 in chips)
Seat 5: 6c4b4576 ($10 in chips)
Seat 6: f4eb0bdc ($19.8 in chips)
38d48841: posts small blind $0.05
50683e5a: posts big blind $0.1
*** HOLE CARDS ***
Dealt to 4bdd108d 
Dealt to Hero [4d 8h]
Dealt to 38d48841 
Dealt to 50683e5a 
Dealt to 6c4b4576 
Dealt to f4eb0bdc 
6c4b4576: folds
f4eb0bdc: folds
4bdd108d: folds
Hero: folds
38d48841: raises $0.2 to $0.3
50683e5a: calls $0.2
*** FLOP *** [7d Jc Qd]
38d48841: bets $0.2
50683e5a: folds
Uncalled bet ($0.2) returned to 38d48841
50683e5a: shows [3d 3h] (Pair of Treys)
*** SHOWDOWN ***
38d48841 collected $0.57 from pot
*** SUMMARY ***
Total pot $0.6 | Rake $0.03 | Jackpot $0 | Bingo $0 | Fortune $0 | Tax $0
Board [7d Jc Qd]
Seat 1: 4bdd108d folded before Flop (didn't bet)
Seat 2: Hero (button) folded before Flop (didn't bet)
Seat 3: 38d48841 (small blind) won ($0.57)
Seat 4: 50683e5a (big blind) folded on the Flop
Seat 5: 6c4b4576 folded before Flop (didn't bet)
Seat 6: f4eb0bdc folded before Flop (didn't bet)


Poker Hand #HD1779100414: Hold'em No Limit ($0.05/$0.1) - 2024/05/19 13:34:12
Table 'NLHRed15' 6-max Seat #1 is the button
Seat 1: 4bdd108d ($11.16 in chips)
Seat 2: Hero ($13.25 in chips)
Seat 3: 38d48841 ($11.83 in chips)
Seat 4: 50683e5a ($10.3 in chips)
Seat 5: 6c4b4576 ($10 in chips)
Seat 6: f4eb0bdc ($19.8 in chips)
Hero: posts small blind $0.05
38d48841: posts big blind $0.1
*** HOLE CARDS ***
Dealt to 4bdd108d 
Dealt to Hero [6h 3d]
Dealt to 38d48841 
Dealt to 50683e5a 
Dealt to 6c4b4576 
Dealt to f4eb0bdc 
50683e5a: calls $0.1
6c4b4576: folds
f4eb0bdc: folds
4bdd108d: folds
Hero: folds
38d48841: checks
*** FLOP *** [7d 5s Td]
38d48841: checks
50683e5a: checks
*** TURN *** [7d 5s Td] [Ts]
38d48841: bets $0.15
50683e5a: calls $0.15
*** RIVER *** [7d 5s Td Ts] [Jc]
38d48841: bets $0.19
50683e5a: calls $0.19
38d48841: shows [7h Ad] (Pair of Tens and Pair of Sevens)
50683e5a: shows [Ac 5h] (Pair of Tens and Pair of Fives)
*** SHOWDOWN ***
38d48841 collected $0.89 from pot
*** SUMMARY ***
Total pot $0.93 | Rake $0.04 | Jackpot $0 | Bingo $0 | Fortune $0 | Tax $0
Board [7d 5s Td Ts Jc]
Seat 1: 4bdd108d (button) folded before Flop (didn't bet)
Seat 2: Hero (small blind) folded before Flop
Seat 3: 38d48841 (big blind) showed [7h Ad] and won ($0.89) with Pair of Tens and Pair of Sevens
Seat 4: 50683e5a showed [Ac 5h] and lost with Pair of Tens and Pair of Fives
Seat 5: 6c4b4576 folded before Flop (didn't bet)
Seat 6: f4eb0bdc folded before Flop (didn't bet)


Poker Hand #HD1779100283: Hold'em No Limit ($0.05/$0.1) - 2024/05/19 13:32:49
Table 'NLHRed15' 6-max Seat #6 is the button
Seat 1: 4bdd108d ($11.76 in chips)
Seat 2: Hero ($13.35 in chips)
Seat 3: 38d48841 ($11.83 in chips)
Seat 4: 50683e5a ($7.93 in chips)
Seat 5: 6c4b4576 ($10.22 in chips)
Seat 6: f4eb0bdc ($19.8 in chips)
4bdd108d: posts small blind $0.05
Hero: posts big blind $0.1
*** HOLE CARDS ***
Dealt to 4bdd108d 
Dealt to Hero [Th 6h]
Dealt to 38d48841 
Dealt to 50683e5a 
Dealt to 6c4b4576 
Dealt to f4eb0bdc 
38d48841: folds
50683e5a: calls $0.1
6c4b4576: raises $0.2 to $0.3
f4eb0bdc: folds
4bdd108d: calls $0.25
Hero: folds
50683e5a: raises $0.3 to $0.6
6c4b4576: calls $0.3
4bdd108d: calls $0.3
*** FLOP *** [9h 2s 7h]
4bdd108d: checks
50683e5a: bets $0.63
6c4b4576: raises $0.77 to $1.4
4bdd108d: folds
50683e5a: raises $0.77 to $2.17
6c4b4576: folds
Uncalled bet ($0.77) returned to 50683e5a
*** SHOWDOWN ***
50683e5a collected $4.37 from pot
*** SUMMARY ***
Total pot $4.7 | Rake $0.23 | Jackpot $0.1 | Bingo $0 | Fortune $0 | Tax $0
Board [9h 2s 7h]
Seat 1: 4bdd108d (small blind) folded on the Flop
Seat 2: Hero (big blind) folded before Flop
Seat 3: 38d48841 folded before Flop (didn't bet)
Seat 4: 50683e5a won ($4.37)
Seat 5: 6c4b4576 folded on the Flop
Seat 6: f4eb0bdc (button) folded before Flop (didn't bet)


Poker Hand #HD1779100213: Hold'em No Limit ($0.05/$0.1) - 2024/05/19 13:32:09
Table 'NLHRed15' 6-max Seat #5 is the button
Seat 1: 4bdd108d ($12.26 in chips)
Seat 2: Hero ($13.35 in chips)
Seat 3: 38d48841 ($11.83 in chips)
Seat 4: 50683e5a ($8.18 in chips)
Seat 5: 6c4b4576 ($10.22 in chips)
Seat 6: f4eb0bdc ($19.11 in chips)
f4eb0bdc: posts small blind $0.05
4bdd108d: posts big blind $0.1
*** HOLE CARDS ***
Dealt to 4bdd108d 
Dealt to Hero [Qc 8s]
Dealt to 38d48841 
Dealt to 50683e5a 
Dealt to 6c4b4576 
Dealt to f4eb0bdc 
Hero: folds
38d48841: folds
50683e5a: calls $0.1
6c4b4576: folds
f4eb0bdc: raises $0.15 to $0.25
4bdd108d: calls $0.15
50683e5a: calls $0.15
*** FLOP *** [Ks Kc 3c]
f4eb0bdc: bets $0.25
4bdd108d: calls $0.25
50683e5a: folds
*** TURN *** [Ks Kc 3c] [Tc]
f4eb0bdc: bets $0.42
4bdd108d: folds
Uncalled bet ($0.42) returned to f4eb0bdc
*** SHOWDOWN ***
f4eb0bdc collected $1.19 from pot
*** SUMMARY ***
Total pot $1.25 | Rake $0.06 | Jackpot $0 | Bingo $0 | Fortune $0 | Tax $0
Board [Ks Kc 3c Tc]
Seat 1: 4bdd108d (big blind) folded on the Turn
Seat 2: Hero folded before Flop (didn't bet)
Seat 3: 38d48841 folded before Flop (didn't bet)
Seat 4: 50683e5a folded on the Flop
Seat 5: 6c4b4576 (button) folded before Flop (didn't bet)
Seat 6: f4eb0bdc (small blind) won ($1.19)


Poker Hand #HD1779100162: Hold'em No Limit ($0.05/$0.1) - 2024/05/19 13:31:34
Table 'NLHRed15' 6-max Seat #4 is the button
Seat 1: 4bdd108d ($11.89 in chips)
Seat 2: Hero ($13.35 in chips)
Seat 3: 38d48841 ($11.83 in chips)
Seat 4: 50683e5a ($8.43 in chips)
Seat 5: 6c4b4576 ($10.27 in chips)
Seat 6: f4eb0bdc ($19.21 in chips)
6c4b4576: posts small blind $0.05
f4eb0bdc: posts big blind $0.1
*** HOLE CARDS ***
Dealt to 4bdd108d 
Dealt to Hero [4c 4h]
Dealt to 38d48841 
Dealt to 50683e5a 
Dealt to 6c4b4576 
Dealt to f4eb0bdc 
4bdd108d: raises $0.15 to $0.25
Hero: folds
38d48841: folds
50683e5a: calls $0.25
6c4b4576: folds
f4eb0bdc: folds
*** FLOP *** [Kc Kh 9s]
4bdd108d: checks
50683e5a: checks
*** TURN *** [Kc Kh 9s] [Kd]
4bdd108d: bets $0.33
50683e5a: folds
Uncalled bet ($0.33) returned to 4bdd108d
*** SHOWDOWN ***
4bdd108d collected $0.62 from pot
*** SUMMARY ***
Total pot $0.65 | Rake $0.03 | Jackpot $0 | Bingo $0 | Fortune $0 | Tax $0
Board [Kc Kh 9s Kd]
Seat 1: 4bdd108d won ($0.62)
Seat 2: Hero folded before Flop (didn't bet)
Seat 3: 38d48841 folded before Flop (didn't bet)
Seat 4: 50683e5a (button) folded on the Turn
Seat 5: 6c4b4576 (small blind) folded before Flop
Seat 6: f4eb0bdc (big blind) folded before Flop


Poker Hand #HD1779100112: Hold'em No Limit ($0.05/$0.1) - 2024/05/19 13:31:04
Table 'NLHRed15' 6-max Seat #3 is the button
Seat 1: 4bdd108d ($11.89 in chips)
Seat 2: Hero ($13.35 in chips)
Seat 3: 38d48841 ($11.83 in chips)
Seat 4: 50683e5a ($8.73 in chips)
Seat 5: 6c4b4576 ($10 in chips)
Seat 6: f4eb0bdc ($19.21 in chips)
50683e5a: posts small blind $0.05
6c4b4576: posts big blind $0.1
*** HOLE CARDS ***
Dealt to 4bdd108d 
Dealt to Hero [6s 7c]
Dealt to 38d48841 
Dealt to 50683e5a 
Dealt to 6c4b4576 
Dealt to f4eb0bdc 
f4eb0bdc: folds
4bdd108d: folds
Hero: folds
38d48841: folds
50683e5a: calls $0.05
6c4b4576: raises $0.2 to $0.3
50683e5a: calls $0.2
*** FLOP *** [5c Ah 6c]
50683e5a: checks
6c4b4576: bets $0.2
50683e5a: folds
Uncalled bet ($0.2) returned to 6c4b4576
*** SHOWDOWN ***
6c4b4576 collected $0.57 from pot
*** SUMMARY ***
Total pot $0.6 | Rake $0.03 | Jackpot $0 | Bingo $0 | Fortune $0 | Tax $0
Board [5c Ah 6c]
Seat 1: 4bdd108d folded before Flop (didn't bet)
Seat 2: Hero folded before Flop (didn't bet)
Seat 3: 38d48841 (button) folded before Flop (didn't bet)
Seat 4: 50683e5a (small blind) folded on the Flop
Seat 5: 6c4b4576 (big blind) won ($0.57)
Seat 6: f4eb0bdc folded before Flop (didn't bet)


Poker Hand #HD1779100056: Hold'em No Limit ($0.05/$0.1) - 2024/05/19 13:30:26
Table 'NLHRed15' 6-max Seat #2 is the button
Seat 1: 4bdd108d ($11.89 in chips)
Seat 2: Hero ($12.92 in chips)
Seat 3: 38d48841 ($11.88 in chips)
Seat 4: 50683e5a ($9.15 in chips)
Seat 5: 6c4b4576 ($10 in chips)
Seat 6: f4eb0bdc ($19.21 in chips)
38d48841: posts small blind $0.05
50683e5a: posts big blind $0.1
*** HOLE CARDS ***
Dealt to 4bdd108d 
Dealt to Hero [6h 8h]
Dealt to 38d48841 
Dealt to 50683e5a 
Dealt to 6c4b4576 
Dealt to f4eb0bdc 
6c4b4576: folds
f4eb0bdc: folds
4bdd108d: folds
Hero: raises $0.14 to $0.24
38d48841: folds
50683e5a: calls $0.14
*** FLOP *** [Td 8s 8c]
50683e5a: checks
Hero: bets $0.18
50683e5a: calls $0.18
*** TURN *** [Td 8s 8c] [5h]
50683e5a: checks
Hero: bets $0.6
50683e5a: folds
Uncalled bet ($0.6) returned to Hero
*** SHOWDOWN ***
Hero collected $0.85 from pot
*** SUMMARY ***
Total pot $0.89 | Rake $0.04 | Jackpot $0 | Bingo $0 | Fortune $0 | Tax $0
Board [Td 8s 8c 5h]
Seat 1: 4bdd108d folded before Flop (didn't bet)
Seat 2: Hero (button) won ($0.85)
Seat 3: 38d48841 (small blind) folded before Flop
Seat 4: 50683e5a (big blind) folded on the Turn
Seat 5: 6c4b4576 folded before Flop (didn't bet)
Seat 6: f4eb0bdc folded before Flop (didn't bet)


Poker Hand #HD1779100005: Hold'em No Limit ($0.05/$0.1) - 2024/05/19 13:29:50
Table 'NLHRed15' 6-max Seat #1 is the button
Seat 1: 4bdd108d ($11.89 in chips)
Seat 2: Hero ($12.97 in chips)
Seat 3: 38d48841 ($11.98 in chips)
Seat 4: 50683e5a ($9.01 in chips)
Seat 5: 6c4b4576 ($10 in chips)
Seat 6: f4eb0bdc ($19.21 in chips)
Hero: posts small blind $0.05
38d48841: posts big blind $0.1
*** HOLE CARDS ***
Dealt to 4bdd108d 
Dealt to Hero [Jc 8s]
Dealt to 38d48841 
Dealt to 50683e5a 
Dealt to 6c4b4576 
Dealt to f4eb0bdc 
50683e5a: calls $0.1
6c4b4576: folds
f4eb0bdc: folds
4bdd108d: folds
Hero: folds
38d48841: checks
*** FLOP *** [Qc Qd Kc]
38d48841: checks
50683e5a: checks
*** TURN *** [Qc Qd Kc] [2s]
38d48841: checks
50683e5a: bets $0.1
38d48841: folds
Uncalled bet ($0.1) returned to 50683e5a
*** SHOWDOWN ***
50683e5a collected $0.24 from pot
*** SUMMARY ***
Total pot $0.25 | Rake $0.01 | Jackpot $0 | Bingo $0 | Fortune $0 | Tax $0
Board [Qc Qd Kc 2s]
Seat 1: 4bdd108d (button) folded before Flop (didn't bet)
Seat 2: Hero (small blind) folded before Flop
Seat 3: 38d48841 (big blind) folded on the Turn
Seat 4: 50683e5a won ($0.24)
Seat 5: 6c4b4576 folded before Flop (didn't bet)
Seat 6: f4eb0bdc folded before Flop (didn't bet)


Poker Hand #HD1779099914: Hold'em No Limit ($0.05/$0.1) - 2024/05/19 13:28:57
Table 'NLHRed15' 6-max Seat #6 is the button
Seat 1: 4bdd108d ($11.94 in chips)
Seat 2: Hero ($13.07 in chips)
Seat 3: 38d48841 ($11.98 in chips)
Seat 4: 50683e5a ($9.11 in chips)
Seat 5: 6c4b4576 ($10.51 in chips)
Seat 6: f4eb0bdc ($18.31 in chips)
4bdd108d: posts small blind $0.05
Hero: posts big blind $0.1
*** HOLE CARDS ***
Dealt to 4bdd108d 
Dealt to Hero [6d Kh]
Dealt to 38d48841 
Dealt to 50683e5a 
Dealt to 6c4b4576 
Dealt to f4eb0bdc 
38d48841: folds
50683e5a: calls $0.1
6c4b4576: raises $0.2 to $0.3
f4eb0bdc: raises $0.43 to $0.73
4bdd108d: folds
Hero: folds
50683e5a: folds
6c4b4576: calls $0.43
*** FLOP *** [Ks As Ad]
6c4b4576: checks
f4eb0bdc: checks
*** TURN *** [Ks As Ad] [6h]
6c4b4576: checks
f4eb0bdc: checks
*** RIVER *** [Ks As Ad 6h] [Kd]
6c4b4576: checks
f4eb0bdc: bets $1.29
6c4b4576: folds
Uncalled bet ($1.29) returned to f4eb0bdc
f4eb0bdc: shows [Ac Kc] (Aces Full over Kings)
*** SHOWDOWN ***
f4eb0bdc collected $1.63 from pot
*** SUMMARY ***
Total pot $1.71 | Rake $0.08 | Jackpot $0 | Bingo $0 | Fortune $0 | Tax $0
Board [Ks As Ad 6h Kd]
Seat 1: 4bdd108d (small blind) folded before Flop
Seat 2: Hero (big blind) folded before Flop
Seat 3: 38d48841 folded before Flop (didn't bet)
Seat 4: 50683e5a folded before Flop
Seat 5: 6c4b4576 folded on the River
Seat 6: f4eb0bdc (button) showed [Ac Kc] and won ($1.63)


Poker Hand #HD1779099877: Hold'em No Limit ($0.05/$0.1) - 2024/05/19 13:28:37
Table 'NLHRed15' 6-max Seat #5 is the button
Seat 1: 4bdd108d ($12.04 in chips)
Seat 2: Hero ($13.07 in chips)
Seat 3: 38d48841 ($11.98 in chips)
Seat 4: 50683e5a ($9.11 in chips)
Seat 5: 6c4b4576 ($10.36 in chips)
Seat 6: f4eb0bdc ($18.36 in chips)
f4eb0bdc: posts small blind $0.05
4bdd108d: posts big blind $0.1
*** HOLE CARDS ***
Dealt to 4bdd108d 
Dealt to Hero [6s Qc]
Dealt to 38d48841 
Dealt to 50683e5a 
Dealt to 6c4b4576 
Dealt to f4eb0bdc 
Hero: folds
38d48841: folds
50683e5a: folds
6c4b4576: raises $0.2 to $0.3
f4eb0bdc: folds
4bdd108d: folds
Uncalled bet ($0.2) returned to 6c4b4576
*** SHOWDOWN ***
6c4b4576 collected $0.25 from pot
*** SUMMARY ***
Total pot $0.25 | Rake $0 | Jackpot $0 | Bingo $0 | Fortune $0 | Tax $0
Seat 1: 4bdd108d (big blind) folded before Flop
Seat 2: Hero folded before Flop (didn't bet)
Seat 3: 38d48841 folded before Flop (didn't bet)
Seat 4: 50683e5a folded before Flop (didn't bet)
Seat 5: 6c4b4576 (button) collected ($0.25)
Seat 6: f4eb0bdc (small blind) folded before Flop


Poker Hand #HD1779099860: Hold'em No Limit ($0.05/$0.1) - 2024/05/19 13:28:26
Table 'NLHRed15' 6-max Seat #4 is the button
Seat 1: 4bdd108d ($12.04 in chips)
Seat 2: Hero ($13.07 in chips)
Seat 3: 38d48841 ($11.98 in chips)
Seat 4: 50683e5a ($8.96 in chips)
Seat 5: 6c4b4576 ($10.41 in chips)
Seat 6: f4eb0bdc ($18.46 in chips)
6c4b4576: posts small blind $0.05
f4eb0bdc: posts big blind $0.1
*** HOLE CARDS ***
Dealt to 4bdd108d 
Dealt to Hero [9s 4s]
Dealt to 38d48841 
Dealt to 50683e5a 
Dealt to 6c4b4576 
Dealt to f4eb0bdc 
4bdd108d: folds
Hero: folds
38d48841: folds
50683e5a: raises $0.2 to $0.3
6c4b4576: folds
f4eb0bdc: folds
Uncalled bet ($0.2) returned to 50683e5a
*** SHOWDOWN ***
50683e5a collected $0.25 from pot
*** SUMMARY ***
Total pot $0.25 | Rake $0 | Jackpot $0 | Bingo $0 | Fortune $0 | Tax $0
Seat 1: 4bdd108d folded before Flop (didn't bet)
Seat 2: Hero folded before Flop (didn't bet)
Seat 3: 38d48841 folded before Flop (didn't bet)
Seat 4: 50683e5a (button) collected ($0.25)
Seat 5: 6c4b4576 (small blind) folded before Flop
Seat 6: f4eb0bdc (big blind) folded before Flop


Poker Hand #HD1779099809: Hold'em No Limit ($0.05/$0.1) - 2024/05/19 13:27:50
Table 'NLHRed15' 6-max Seat #3 is the button
Seat 1: 4bdd108d ($11.72 in chips)
Seat 2: Hero ($13.07 in chips)
Seat 3: 38d48841 ($11.98 in chips)
Seat 4: 50683e5a ($9.21 in chips)
Seat 5: 6c4b4576 ($10.51 in chips)
Seat 6: f4eb0bdc ($18.46 in chips)
50683e5a: posts small blind $0.05
6c4b4576: posts big blind $0.1
*** HOLE CARDS ***
Dealt to 4bdd108d 
Dealt to Hero [2s 7d]
Dealt to 38d48841 
Dealt to 50683e5a 
Dealt to 6c4b4576 
Dealt to f4eb0bdc 
f4eb0bdc: folds
4bdd108d: raises $0.15 to $0.25
Hero: folds
38d48841: folds
50683e5a: calls $0.2
6c4b4576: folds
*** FLOP *** [4h Kd Th]
50683e5a: checks
4bdd108d: bets $0.15
50683e5a: folds
Uncalled bet ($0.15) returned to 4bdd108d
*** SHOWDOWN ***
4bdd108d collected $0.57 from pot
*** SUMMARY ***
Total pot $0.6 | Rake $0.03 | Jackpot $0 | Bingo $0 | Fortune $0 | Tax $0
Board [4h Kd Th]
Seat 1: 4bdd108d won ($0.57)
Seat 2: Hero folded before Flop (didn't bet)
Seat 3: 38d48841 (button) folded before Flop (didn't bet)
Seat 4: 50683e5a (small blind) folded on the Flop
Seat 5: 6c4b4576 (big blind) folded before Flop
Seat 6: f4eb0bdc folded before Flop (didn't bet)


Poker Hand #HD1779099780: Hold'em No Limit ($0.05/$0.1) - 2024/05/19 13:27:31
Table 'NLHRed15' 6-max Seat #2 is the button
Seat 1: 4bdd108d ($11.72 in chips)
Seat 2: Hero ($13.07 in chips)
Seat 3: 38d48841 ($12.03 in chips)
Seat 4: 50683e5a ($9.31 in chips)
Seat 5: 6c4b4576 ($10.51 in chips)
Seat 6: f4eb0bdc ($18.31 in chips)
38d48841: posts small blind $0.05
50683e5a: posts big blind $0.1
*** HOLE CARDS ***
Dealt to 4bdd108d 
Dealt to Hero [7d Jd]
Dealt to 38d48841 
Dealt to 50683e5a 
Dealt to 6c4b4576 
Dealt to f4eb0bdc 
6c4b4576: folds
f4eb0bdc: raises $0.2 to $0.3
4bdd108d: folds
Hero: folds
38d48841: folds
50683e5a: folds
Uncalled bet ($0.2) returned to f4eb0bdc
*** SHOWDOWN ***
f4eb0bdc collected $0.25 from pot
*** SUMMARY ***
Total pot $0.25 | Rake $0 | Jackpot $0 | Bingo $0 | Fortune $0 | Tax $0
Seat 1: 4bdd108d folded before Flop (didn't bet)
Seat 2: Hero (button) folded before Flop (didn't bet)
Seat 3: 38d48841 (small blind) folded before Flop
Seat 4: 50683e5a (big blind) folded before Flop
Seat 5: 6c4b4576 folded before Flop (didn't bet)
Seat 6: f4eb0bdc collected ($0.25)


Poker Hand #HD1779099733: Hold'em No Limit ($0.05/$0.1) - 2024/05/19 13:27:02
Table 'NLHRed15' 6-max Seat #1 is the button
Seat 1: 4bdd108d ($11.48 in chips)
Seat 2: Hero ($13.12 in chips)
Seat 3: 38d48841 ($12.13 in chips)
Seat 4: 50683e5a ($9.41 in chips)
Seat 5: 6c4b4576 ($10.51 in chips)
Seat 6: f4eb0bdc ($18.31 in chips)
Hero: posts small blind $0.05
38d48841: posts big blind $0.1
*** HOLE CARDS ***
Dealt to 4bdd108d 
Dealt to Hero [6s Th]
Dealt to 38d48841 
Dealt to 50683e5a 
Dealt to 6c4b4576 
Dealt to f4eb0bdc 
50683e5a: calls $0.1
6c4b4576: folds
f4eb0bdc: folds
4bdd108d: raises $0.4 to $0.5
Hero: folds
38d48841: folds
50683e5a: folds
Uncalled bet ($0.4) returned to 4bdd108d
*** SHOWDOWN ***
4bdd108d collected $0.34 from pot
*** SUMMARY ***
Total pot $0.35 | Rake $0.01 | Jackpot $0 | Bingo $0 | Fortune $0 | Tax $0
Seat 1: 4bdd108d (button) collected ($0.34)
Seat 2: Hero (small blind) folded before Flop
Seat 3: 38d48841 (big blind) folded before Flop
Seat 4: 50683e5a folded before Flop
Seat 5: 6c4b4576 folded before Flop (didn't bet)
Seat 6: f4eb0bdc folded before Flop (didn't bet)


Poker Hand #HD1779099673: Hold'em No Limit ($0.05/$0.1) - 2024/05/19 13:26:23
Table 'NLHRed15' 6-max Seat #6 is the button
Seat 1: 4bdd108d ($11.53 in chips)
Seat 2: Hero ($13.22 in chips)
Seat 3: 38d48841 ($12.13 in chips)
Seat 4: 50683e5a ($9.08 in chips)
Seat 5: 6c4b4576 ($10.51 in chips)
Seat 6: f4eb0bdc ($18.51 in chips)
4bdd108d: posts small blind $0.05
Hero: posts big blind $0.1
*** HOLE CARDS ***
Dealt to 4bdd108d 
Dealt to Hero [6s Qc]
Dealt to 38d48841 
Dealt to 50683e5a 
Dealt to 6c4b4576 
Dealt to f4eb0bdc 
38d48841: folds
50683e5a: raises $0.1 to $0.2
6c4b4576: folds
f4eb0bdc: calls $0.2
4bdd108d: folds
Hero: folds
*** FLOP *** [Ad Qh 3d]
50683e5a: bets $0.55
f4eb0bdc: folds
Uncalled bet ($0.55) returned to 50683e5a
*** SHOWDOWN ***
50683e5a collected $0.53 from pot
*** SUMMARY ***
Total pot $0.55 | Rake $0.02 | Jackpot $0 | Bingo $0 | Fortune $0 | Tax $0
Board [Ad Qh 3d]
Seat 1: 4bdd108d (small blind) folded before Flop
Seat 2: Hero (big blind) folded before Flop
Seat 3: 38d48841 folded before Flop (didn't bet)
Seat 4: 50683e5a won ($0.53)
Seat 5: 6c4b4576 folded before Flop (didn't bet)
Seat 6: f4eb0bdc (button) folded on the Flop


Poker Hand #HD1779099607: Hold'em No Limit ($0.05/$0.1) - 2024/05/19 13:25:40
Table 'NLHRed15' 6-max Seat #5 is the button
Seat 1: 4bdd108d ($11.63 in chips)
Seat 2: Hero ($13.22 in chips)
Seat 3: 38d48841 ($12.13 in chips)
Seat 4: 50683e5a ($9.48 in chips)
Seat 5: 6c4b4576 ($10 in chips)
Seat 6: f4eb0bdc ($18.56 in chips)
f4eb0bdc: posts small blind $0.05
4bdd108d: posts big blind $0.1
*** HOLE CARDS ***
Dealt to 4bdd108d 
Dealt to Hero [4c 5s]
Dealt to 38d48841 
Dealt to 50683e5a 
Dealt to 6c4b4576 
Dealt to f4eb0bdc 
Hero: folds
38d48841: folds
50683e5a: calls $0.1
6c4b4576: raises $0.3 to $0.4
f4eb0bdc: folds
4bdd108d: folds
50683e5a: calls $0.3
*** FLOP *** [9c Ts 3c]
50683e5a: checks
6c4b4576: bets $0.63
50683e5a: folds
Uncalled bet ($0.63) returned to 6c4b4576
*** SHOWDOWN ***
6c4b4576 collected $0.91 from pot
*** SUMMARY ***
Total pot $0.95 | Rake $0.04 | Jackpot $0 | Bingo $0 | Fortune $0 | Tax $0
Board [9c Ts 3c]
Seat 1: 4bdd108d (big blind) folded before Flop
Seat 2: Hero folded before Flop (didn't bet)
Seat 3: 38d48841 folded before Flop (didn't bet)
Seat 4: 50683e5a folded on the Flop
Seat 5: 6c4b4576 (button) won ($0.91)
Seat 6: f4eb0bdc (small blind) folded before Flop


Poker Hand #HD1779099525: Hold'em No Limit ($0.05/$0.1) - 2024/05/19 13:24:50
Table 'NLHRed15' 6-max Seat #4 is the button
Seat 1: 4bdd108d ($11.63 in chips)
Seat 2: Hero ($13.22 in chips)
Seat 3: 38d48841 ($12.13 in chips)
Seat 4: 50683e5a ($8.65 in chips)
Seat 5: 6c4b4576 ($10 in chips)
Seat 6: f4eb0bdc ($19.16 in chips)
6c4b4576: posts small blind $0.05
f4eb0bdc: posts big blind $0.1
*** HOLE CARDS ***
Dealt to 4bdd108d 
Dealt to Hero [9d 5h]
Dealt to 38d48841 
Dealt to 50683e5a 
Dealt to 6c4b4576 
Dealt to f4eb0bdc 
4bdd108d: folds
Hero: folds
38d48841: folds
50683e5a: calls $0.1
6c4b4576: raises $0.2 to $0.3
f4eb0bdc: calls $0.2
50683e5a: calls $0.2
*** FLOP *** [As 8c Tc]
6c4b4576: checks
f4eb0bdc: checks
50683e5a: bets $0.3
6c4b4576: folds
f4eb0bdc: calls $0.3
*** TURN *** [As 8c Tc] [2h]
f4eb0bdc: checks
50683e5a: bets $0.3
f4eb0bdc: folds
Uncalled bet ($0.3) returned to 50683e5a
*** SHOWDOWN ***
50683e5a collected $1.43 from pot
*** SUMMARY ***
Total pot $1.5 | Rake $0.07 | Jackpot $0 | Bingo $0 | Fortune $0 | Tax $0
Board [As 8c Tc 2h]
Seat 1: 4bdd108d folded before Flop (didn't bet)
Seat 2: Hero folded before Flop (didn't bet)
Seat 3: 38d48841 folded before Flop (didn't bet)
Seat 4: 50683e5a (button) won ($1.43)
Seat 5: 6c4b4576 (small blind) folded on the Flop
Seat 6: f4eb0bdc (big blind) folded on the Turn


Poker Hand #HD1779099457: Hold'em No Limit ($0.05/$0.1) - 2024/05/19 13:24:06
Table 'NLHRed15' 6-max Seat #3 is the button
Seat 1: 4bdd108d ($11.63 in chips)
Seat 2: Hero ($13.22 in chips)
Seat 3: 38d48841 ($12.13 in chips)
Seat 4: 50683e5a ($7.66 in chips)
Seat 5: 6c4b4576 ($10.33 in chips)
Seat 6: f4eb0bdc ($19.16 in chips)
50683e5a: posts small blind $0.05
6c4b4576: posts big blind $0.1
*** HOLE CARDS ***
Dealt to 4bdd108d 
Dealt to Hero [3c Qc]
Dealt to 38d48841 
Dealt to 50683e5a 
Dealt to 6c4b4576 
Dealt to f4eb0bdc 
f4eb0bdc: folds
4bdd108d: folds
Hero: folds
38d48841: folds
50683e5a: calls $0.05
6c4b4576: raises $0.2 to $0.3
50683e5a: calls $0.2
*** FLOP *** [Jd Qs Ks]
50683e5a: checks
6c4b4576: bets $0.4
50683e5a: calls $0.4
*** TURN *** [Jd Qs Ks] [9c]
50683e5a: checks
6c4b4576: bets $0.4
50683e5a: calls $0.4
*** RIVER *** [Jd Qs Ks 9c] [9h]
50683e5a: checks
6c4b4576: checks
50683e5a: shows [Th Kc] (Kings-High Straight)
6c4b4576: shows [5s As] (Pair of Nines)
*** SHOWDOWN ***
50683e5a collected $2.09 from pot
*** SUMMARY ***
Total pot $2.2 | Rake $0.11 | Jackpot $0 | Bingo $0 | Fortune $0 | Tax $0
Board [Jd Qs Ks 9c 9h]
Seat 1: 4bdd108d folded before Flop (didn't bet)
Seat 2: Hero folded before Flop (didn't bet)
Seat 3: 38d48841 (button) folded before Flop (didn't bet)
Seat 4: 50683e5a (small blind) showed [Th Kc] and won ($2.09) with Kings-High Straight
Seat 5: 6c4b4576 (big blind) showed [5s As] and lost with Pair of Nines
Seat 6: f4eb0bdc folded before Flop (didn't bet)


Poker Hand #HD1779099354: Hold'em No Limit ($0.05/$0.1) - 2024/05/19 13:23:04
Table 'NLHRed15' 6-max Seat #2 is the button
Seat 1: 4bdd108d ($11.63 in chips)
Seat 2: Hero ($12.95 in chips)
Seat 3: 38d48841 ($12.18 in chips)
Seat 4: 50683e5a ($7.9 in chips)
Seat 5: 6c4b4576 ($10.33 in chips)
Seat 6: f4eb0bdc ($19.16 in chips)
38d48841: posts small blind $0.05
50683e5a: posts big blind $0.1
*** HOLE CARDS ***
Dealt to 4bdd108d 
Dealt to Hero [7s Ac]
Dealt to 38d48841 
Dealt to 50683e5a 
Dealt to 6c4b4576 
Dealt to f4eb0bdc 
6c4b4576: folds
f4eb0bdc: folds
4bdd108d: folds
Hero: raises $0.14 to $0.24
38d48841: folds
50683e5a: calls $0.14
*** FLOP *** [8h 9s 3s]
50683e5a: checks
Hero: checks
*** TURN *** [8h 9s 3s] [9d]
50683e5a: checks
Hero: checks
*** RIVER *** [8h 9s 3s 9d] [Kh]
50683e5a: checks
Hero: checks
50683e5a: shows [5c 6d] (Pair of Nines)
Hero: shows [7s Ac] (Pair of Nines)
*** SHOWDOWN ***
Hero collected $0.51 from pot
*** SUMMARY ***
Total pot $0.53 | Rake $0.02 | Jackpot $0 | Bingo $0 | Fortune $0 | Tax $0
Board [8h 9s 3s 9d Kh]
Seat 1: 4bdd108d folded before Flop (didn't bet)
Seat 2: Hero (button) showed [7s Ac] and won ($0.51) with Pair of Nines
Seat 3: 38d48841 (small blind) folded before Flop
Seat 4: 50683e5a (big blind) showed [5c 6d] and lost with Pair of Nines
Seat 5: 6c4b4576 folded before Flop (didn't bet)
Seat 6: f4eb0bdc folded before Flop (didn't bet)


Poker Hand #HD1779099291: Hold'em No Limit ($0.05/$0.1) - 2024/05/19 13:22:25
Table 'NLHRed15' 6-max Seat #1 is the button
Seat 1: 4bdd108d ($11.63 in chips)
Seat 2: Hero ($13.35 in chips)
Seat 3: 38d48841 ($12.28 in chips)
Seat 4: 50683e5a ($7.44 in chips)
Seat 5: 6c4b4576 ($10.33 in chips)
Seat 6: f4eb0bdc ($19.16 in chips)
Hero: posts small blind $0.05
38d48841: posts big blind $0.1
*** HOLE CARDS ***
Dealt to 4bdd108d 
Dealt to Hero [Qh Jd]
Dealt to 38d48841 
Dealt to 50683e5a 
Dealt to 6c4b4576 
Dealt to f4eb0bdc 
50683e5a: calls $0.1
6c4b4576: folds
f4eb0bdc: folds
4bdd108d: folds
Hero: raises $0.3 to $0.4
38d48841: folds
50683e5a: calls $0.3
*** FLOP *** [5c 9s 4s]
Hero: checks
50683e5a: bets $0.45
Hero: folds
Uncalled bet ($0.45) returned to 50683e5a
*** SHOWDOWN ***
50683e5a collected $0.86 from pot
*** SUMMARY ***
Total pot $0.9 | Rake $0.04 | Jackpot $0 | Bingo $0 | Fortune $0 | Tax $0
Board [5c 9s 4s]
Seat 1: 4bdd108d (button) folded before Flop (didn't bet)
Seat 2: Hero (small blind) folded on the Flop
Seat 3: 38d48841 (big blind) folded before Flop
Seat 4: 50683e5a won ($0.86)
Seat 5: 6c4b4576 folded before Flop (didn't bet)
Seat 6: f4eb0bdc folded before Flop (didn't bet)


Poker Hand #HD1779099229: Hold'em No Limit ($0.05/$0.1) - 2024/05/19 13:21:42
Table 'NLHRed15' 6-max Seat #6 is the button
Seat 1: 4bdd108d ($11.68 in chips)
Seat 2: Hero ($13.45 in chips)
Seat 3: 38d48841 ($12.28 in chips)
Seat 4: 50683e5a ($8.56 in chips)
Seat 5: 6c4b4576 ($10.33 in chips)
Seat 6: f4eb0bdc ($18.01 in chips)
4bdd108d: posts small blind $0.05
Hero: posts big blind $0.1
*** HOLE CARDS ***
Dealt to 4bdd108d 
Dealt to Hero [9d Ks]
Dealt to 38d48841 
Dealt to 50683e5a 
Dealt to 6c4b4576 
Dealt to f4eb0bdc 
38d48841: folds
50683e5a: calls $0.1
6c4b4576: folds
f4eb0bdc: raises $0.18 to $0.28
4bdd108d: folds
Hero: folds
50683e5a: calls $0.18
*** FLOP *** [7h 5d 6c]
50683e5a: checks
f4eb0bdc: checks
*** TURN *** [7h 5d 6c] [Js]
50683e5a: checks
f4eb0bdc: bets $0.36
50683e5a: calls $0.36
*** RIVER *** [7h 5d 6c Js] [6d]
50683e5a: checks
f4eb0bdc: bets $0.48
50683e5a: calls $0.48
f4eb0bdc: shows [Kh Jh] (Pair of Jacks and Pair of Sixes)
50683e5a: shows [Jc 3c] (Pair of Jacks and Pair of Sixes)
*** SHOWDOWN ***
f4eb0bdc collected $2.27 from pot
*** SUMMARY ***
Total pot $2.39 | Rake $0.12 | Jackpot $0 | Bingo $0 | Fortune $0 | Tax $0
Board [7h 5d 6c Js 6d]
Seat 1: 4bdd108d (small blind) folded before Flop
Seat 2: Hero (big blind) folded before Flop
Seat 3: 38d48841 folded before Flop (didn't bet)
Seat 4: 50683e5a showed [Jc 3c] and lost with Pair of Jacks and Pair of Sixes
Seat 5: 6c4b4576 folded before Flop (didn't bet)
Seat 6: f4eb0bdc (button) showed [Kh Jh] and won ($2.27) with Pair of Jacks and Pair of Sixes


Poker Hand #HD1779099201: Hold'em No Limit ($0.05/$0.1) - 2024/05/19 13:21:16
Table 'NLHRed15' 6-max Seat #5 is the button
Seat 1: 4bdd108d ($11.78 in chips)
Seat 2: Hero ($13.45 in chips)
Seat 3: 38d48841 ($12.48 in chips)
Seat 4: 50683e5a ($8.56 in chips)
Seat 5: 6c4b4576 ($10 in chips)
Seat 6: f4eb0bdc ($18.06 in chips)
f4eb0bdc: posts small blind $0.05
4bdd108d: posts big blind $0.1
*** HOLE CARDS ***
Dealt to 4bdd108d 
Dealt to Hero [Jc 8h]
Dealt to 38d48841 
Dealt to 50683e5a 
Dealt to 6c4b4576 
Dealt to f4eb0bdc 
Hero: folds
38d48841: raises $0.1 to $0.2
50683e5a: folds
6c4b4576: raises $0.8 to $1
f4eb0bdc: folds
4bdd108d: folds
38d48841: folds
Uncalled bet ($0.8) returned to 6c4b4576
*** SHOWDOWN ***
6c4b4576 collected $0.53 from pot
*** SUMMARY ***
Total pot $0.55 | Rake $0.02 | Jackpot $0 | Bingo $0 | Fortune $0 | Tax $0
Seat 1: 4bdd108d (big blind) folded before Flop
Seat 2: Hero folded before Flop (didn't bet)
Seat 3: 38d48841 folded before Flop
Seat 4: 50683e5a folded before Flop (didn't bet)
Seat 5: 6c4b4576 (button) collected ($0.53)
Seat 6: f4eb0bdc (small blind) folded before Flop


Poker Hand #HD1779099178: Hold'em No Limit ($0.05/$0.1) - 2024/05/19 13:21:04
Table 'NLHRed15' 6-max Seat #4 is the button
Seat 1: 4bdd108d ($11.78 in chips)
Seat 2: Hero ($13.45 in chips)
Seat 3: 38d48841 ($12.48 in chips)
Seat 4: 50683e5a ($8.56 in chips)
Seat 5: 6c4b4576 ($10 in chips)
Seat 6: f4eb0bdc ($18.01 in chips)
6c4b4576: posts small blind $0.05
f4eb0bdc: posts big blind $0.1
*** HOLE CARDS ***
Dealt to 4bdd108d 
Dealt to Hero [Js 4s]
Dealt to 38d48841 
Dealt to 50683e5a 
Dealt to 6c4b4576 
Dealt to f4eb0bdc 
4bdd108d: folds
Hero: folds
38d48841: folds
50683e5a: folds
6c4b4576: folds
Uncalled bet ($0.05) returned to f4eb0bdc
*** SHOWDOWN ***
f4eb0bdc collected $0.1 from pot
*** SUMMARY ***
Total pot $0.1 | Rake $0 | Jackpot $0 | Bingo $0 | Fortune $0 | Tax $0
Seat 1: 4bdd108d folded before Flop (didn't bet)
Seat 2: Hero folded before Flop (didn't bet)
Seat 3: 38d48841 folded before Flop (didn't bet)
Seat 4: 50683e5a (button) folded before Flop (didn't bet)
Seat 5: 6c4b4576 (small blind) folded before Flop
Seat 6: f4eb0bdc (big blind) collected ($0.1)


Poker Hand #HD1779099097: Hold'em No Limit ($0.05/$0.1) - 2024/05/19 13:20:09
Table 'NLHRed15' 6-max Seat #3 is the button
Seat 1: 4bdd108d ($11.78 in chips)
Seat 2: Hero ($13.46 in chips)
Seat 3: 38d48841 ($12.48 in chips)
Seat 4: 50683e5a ($8.61 in chips)
Seat 5: 6c4b4576 ($10 in chips)
Seat 6: f4eb0bdc ($18.01 in chips)
50683e5a: posts small blind $0.05
6c4b4576: posts big blind $0.1
*** HOLE CARDS ***
Dealt to 4bdd108d 
Dealt to Hero [Qh Th]
Dealt to 38d48841 
Dealt to 50683e5a 
Dealt to 6c4b4576 
Dealt to f4eb0bdc 
f4eb0bdc: folds
4bdd108d: folds
Hero: raises $0.14 to $0.24
38d48841: folds
50683e5a: folds
6c4b4576: calls $0.14
*** FLOP *** [5d 5s 3s]
6c4b4576: checks
Hero: checks
*** TURN *** [5d 5s 3s] [Ts]
6c4b4576: bets $0.35
Hero: calls $0.35
*** RIVER *** [5d 5s 3s Ts] [As]
6c4b4576: checks
Hero: checks
6c4b4576: shows [Tc Jd] (Pair of Tens and Pair of Fives)
Hero: shows [Qh Th] (Pair of Tens and Pair of Fives)
*** SHOWDOWN ***
6c4b4576 collected $0.59 from pot
Hero collected $0.58 from pot
*** SUMMARY ***
Total pot $1.23 | Rake $0.06 | Jackpot $0 | Bingo $0 | Fortune $0 | Tax $0
Board [5d 5s 3s Ts As]
Seat 1: 4bdd108d folded before Flop (didn't bet)
Seat 2: Hero showed [Qh Th] and won ($0.58) with Pair of Tens and Pair of Fives
Seat 3: 38d48841 (button) folded before Flop (didn't bet)
Seat 4: 50683e5a (small blind) folded before Flop
Seat 5: 6c4b4576 (big blind) showed [Tc Jd] and won ($0.59) with Pair of Tens and Pair of Fives
Seat 6: f4eb0bdc folded before Flop (didn't bet)


Poker Hand #HD1779099054: Hold'em No Limit ($0.05/$0.1) - 2024/05/19 13:19:41
Table 'NLHRed15' 6-max Seat #2 is the button
Seat 1: 4bdd108d ($11.5 in chips)
Seat 2: Hero ($13.46 in chips)
Seat 3: 38d48841 ($12.53 in chips)
Seat 4: 50683e5a ($8.86 in chips)
Seat 5: 6c4b4576 ($10 in chips)
Seat 6: f4eb0bdc ($18.01 in chips)
38d48841: posts small blind $0.05
50683e5a: posts big blind $0.1
*** HOLE CARDS ***
Dealt to 4bdd108d 
Dealt to Hero [6s 4s]
Dealt to 38d48841 
Dealt to 50683e5a 
Dealt to 6c4b4576 
Dealt to f4eb0bdc 
6c4b4576: folds
f4eb0bdc: folds
4bdd108d: raises $0.15 to $0.25
Hero: folds
38d48841: folds
50683e5a: calls $0.15
*** FLOP *** [3d Ah 3c]
50683e5a: checks
4bdd108d: bets $0.15
50683e5a: folds
Uncalled bet ($0.15) returned to 4bdd108d
*** SHOWDOWN ***
4bdd108d collected $0.53 from pot
*** SUMMARY ***
Total pot $0.55 | Rake $0.02 | Jackpot $0 | Bingo $0 | Fortune $0 | Tax $0
Board [3d Ah 3c]
Seat 1: 4bdd108d won ($0.53)
Seat 2: Hero (button) folded before Flop (didn't bet)
Seat 3: 38d48841 (small blind) folded before Flop
Seat 4: 50683e5a (big blind) folded on the Flop
Seat 5: 6c4b4576 folded before Flop (didn't bet)
Seat 6: f4eb0bdc folded before Flop (didn't bet)


Poker Hand #HD1779098904: Hold'em No Limit ($0.05/$0.1) - 2024/05/19 13:18:00
Table 'NLHRed15' 6-max Seat #1 is the button
Seat 1: 4bdd108d ($14.17 in chips)
Seat 2: Hero ($13.51 in chips)
Seat 3: 38d48841 ($10.17 in chips)
Seat 4: 50683e5a ($8.86 in chips)
Seat 5: 6c4b4576 ($10 in chips)
Seat 6: f4eb0bdc ($18.01 in chips)
Hero: posts small blind $0.05
38d48841: posts big blind $0.1
*** HOLE CARDS ***
Dealt to 4bdd108d 
Dealt to Hero [9s 3h]
Dealt to 38d48841 
Dealt to 50683e5a 
Dealt to 6c4b4576 
Dealt to f4eb0bdc 
50683e5a: folds
6c4b4576: folds
f4eb0bdc: folds
4bdd108d: raises $0.2 to $0.3
Hero: folds
38d48841: calls $0.2
*** FLOP *** [9d Ac 4d]
38d48841: checks
4bdd108d: bets $0.15
38d48841: raises $0.6 to $0.75
4bdd108d: calls $0.6
*** TURN *** [9d Ac 4d] [Qh]
38d48841: bets $1.62
4bdd108d: calls $1.62
*** RIVER *** [9d Ac 4d Qh] [Th]
38d48841: checks
4bdd108d: checks
38d48841: shows [4c 4h] (Three Fours)
4bdd108d: shows [Qd Jd] (Pair of Queens)
*** SHOWDOWN ***
38d48841 collected $5.03 from pot
*** SUMMARY ***
Total pot $5.39 | Rake $0.26 | Jackpot $0.1 | Bingo $0 | Fortune $0 | Tax $0
Board [9d Ac 4d Qh Th]
Seat 1: 4bdd108d (button) showed [Qd Jd] and lost with Pair of Queens
Seat 2: Hero (small blind) folded before Flop
Seat 3: 38d48841 (big blind) showed [4c 4h] and won ($5.03) with Three Fours
Seat 4: 50683e5a folded before Flop (didn't bet)
Seat 5: 6c4b4576 folded before Flop (didn't bet)
Seat 6: f4eb0bdc folded before Flop (didn't bet)


Poker Hand #HD1779098847: Hold'em No Limit ($0.05/$0.1) - 2024/05/19 13:17:18
Table 'NLHRed15' 6-max Seat #6 is the button
Seat 1: 4bdd108d ($14.22 in chips)
Seat 2: Hero ($13.71 in chips)
Seat 3: 38d48841 ($10.37 in chips)
Seat 4: 50683e5a ($8.44 in chips)
Seat 5: 6c4b4576 ($10 in chips)
Seat 6: f4eb0bdc ($18.01 in chips)
4bdd108d: posts small blind $0.05
Hero: posts big blind $0.1
*** HOLE CARDS ***
Dealt to 4bdd108d 
Dealt to Hero [Jd 8d]
Dealt to 38d48841 
Dealt to 50683e5a 
Dealt to 6c4b4576 
Dealt to f4eb0bdc 
38d48841: raises $0.1 to $0.2
50683e5a: calls $0.2
6c4b4576: folds
f4eb0bdc: folds
4bdd108d: folds
Hero: calls $0.1
*** FLOP *** [Th 7h 2h]
Hero: checks
38d48841: checks
50683e5a: checks
*** TURN *** [Th 7h 2h] [3s]
Hero: checks
38d48841: checks
50683e5a: checks
*** RIVER *** [Th 7h 2h 3s] [3d]
Hero: checks
38d48841: checks
50683e5a: checks
Hero: shows [Jd 8d] (Pair of Treys)
38d48841: shows [Qc Jc] (Pair of Treys)
50683e5a: shows [Ah 9d] (Pair of Treys)
*** SHOWDOWN ***
50683e5a collected $0.62 from pot
*** SUMMARY ***
Total pot $0.65 | Rake $0.03 | Jackpot $0 | Bingo $0 | Fortune $0 | Tax $0
Board [Th 7h 2h 3s 3d]
Seat 1: 4bdd108d (small blind) folded before Flop
Seat 2: Hero (big blind) showed [Jd 8d] and lost with Pair of Treys
Seat 3: 38d48841 showed [Qc Jc] and lost with Pair of Treys
Seat 4: 50683e5a showed [Ah 9d] and won ($0.62) with Pair of Treys
Seat 5: 6c4b4576 folded before Flop (didn't bet)
Seat 6: f4eb0bdc (button) folded before Flop (didn't bet)


Poker Hand #HD1779098789: Hold'em No Limit ($0.05/$0.1) - 2024/05/19 13:16:36
Table 'NLHRed15' 6-max Seat #5 is the button
Seat 1: 4bdd108d ($14.32 in chips)
Seat 2: Hero ($13.71 in chips)
Seat 3: 38d48841 ($10.37 in chips)
Seat 4: 50683e5a ($7.2 in chips)
Seat 5: 6c4b4576 ($10.96 in chips)
Seat 6: f4eb0bdc ($18.06 in chips)
f4eb0bdc: posts small blind $0.05
4bdd108d: posts big blind $0.1
*** HOLE CARDS ***
Dealt to 4bdd108d 
Dealt to Hero [5c 7d]
Dealt to 38d48841 
Dealt to 50683e5a 
Dealt to 6c4b4576 
Dealt to f4eb0bdc 
Hero: folds
38d48841: folds
50683e5a: raises $0.2 to $0.3
6c4b4576: raises $0.4 to $0.7
f4eb0bdc: folds
4bdd108d: folds
50683e5a: calls $0.4
*** FLOP *** [5s 6s 8c]
50683e5a: bets $0.52
6c4b4576: calls $0.52
*** TURN *** [5s 6s 8c] [Td]
50683e5a: bets $0.86
6c4b4576: folds
Uncalled bet ($0.86) returned to 50683e5a
*** SHOWDOWN ***
50683e5a collected $2.46 from pot
*** SUMMARY ***
Total pot $2.59 | Rake $0.13 | Jackpot $0 | Bingo $0 | Fortune $0 | Tax $0
Board [5s 6s 8c Td]
Seat 1: 4bdd108d (big blind) folded before Flop
Seat 2: Hero folded before Flop (didn't bet)
Seat 3: 38d48841 folded before Flop (didn't bet)
Seat 4: 50683e5a won ($2.46)
Seat 5: 6c4b4576 (button) folded on the Turn
Seat 6: f4eb0bdc (small blind) folded before Flop


Poker Hand #HD1779098766: Hold'em No Limit ($0.05/$0.1) - 2024/05/19 13:16:22
Table 'NLHRed15' 6-max Seat #4 is the button
Seat 1: 4bdd108d ($14.32 in chips)
Seat 2: Hero ($13.56 in chips)
Seat 3: 38d48841 ($10.37 in chips)
Seat 4: 50683e5a ($7.2 in chips)
Seat 5: 6c4b4576 ($11.01 in chips)
Seat 6: f4eb0bdc ($18.16 in chips)
6c4b4576: posts small blind $0.05
f4eb0bdc: posts big blind $0.1
*** HOLE CARDS ***
Dealt to 4bdd108d 
Dealt to Hero [As Js]
Dealt to 38d48841 
Dealt to 50683e5a 
Dealt to 6c4b4576 
Dealt to f4eb0bdc 
4bdd108d: folds
Hero: raises $0.1 to $0.2
38d48841: folds
50683e5a: folds
6c4b4576: folds
f4eb0bdc: folds
Uncalled bet ($0.1) returned to Hero
*** SHOWDOWN ***
Hero collected $0.25 from pot
*** SUMMARY ***
Total pot $0.25 | Rake $0 | Jackpot $0 | Bingo $0 | Fortune $0 | Tax $0
Seat 1: 4bdd108d folded before Flop (didn't bet)
Seat 2: Hero collected ($0.25)
Seat 3: 38d48841 folded before Flop (didn't bet)
Seat 4: 50683e5a (button) folded before Flop (didn't bet)
Seat 5: 6c4b4576 (small blind) folded before Flop
Seat 6: f4eb0bdc (big blind) folded before Flop


Poker Hand #HD1779098679: Hold'em No Limit ($0.05/$0.1) - 2024/05/19 13:15:27
Table 'NLHRed15' 6-max Seat #3 is the button
Seat 1: 4bdd108d ($14.32 in chips)
Seat 2: Hero ($13.56 in chips)
Seat 3: 38d48841 ($10.37 in chips)
Seat 4: 50683e5a ($7.25 in chips)
Seat 5: 6c4b4576 ($10.78 in chips)
Seat 6: f4eb0bdc ($18.36 in chips)
50683e5a: posts small blind $0.05
6c4b4576: posts big blind $0.1
*** HOLE CARDS ***
Dealt to 4bdd108d 
Dealt to Hero [9s 5c]
Dealt to 38d48841 
Dealt to 50683e5a 
Dealt to 6c4b4576 
Dealt to f4eb0bdc 
f4eb0bdc: raises $0.1 to $0.2
4bdd108d: folds
Hero: folds
38d48841: folds
50683e5a: folds
6c4b4576: raises $0.6 to $0.8
f4eb0bdc: folds
Uncalled bet ($0.6) returned to 6c4b4576
*** SHOWDOWN ***
6c4b4576 collected $0.43 from pot
*** SUMMARY ***
Total pot $0.45 | Rake $0.02 | Jackpot $0 | Bingo $0 | Fortune $0 | Tax $0
Seat 1: 4bdd108d folded before Flop (didn't bet)
Seat 2: Hero folded before Flop (didn't bet)
Seat 3: 38d48841 (button) folded before Flop (didn't bet)
Seat 4: 50683e5a (small blind) folded before Flop
Seat 5: 6c4b4576 (big blind) collected ($0.43)
Seat 6: f4eb0bdc folded before Flop


Poker Hand #HD1779098579: Hold'em No Limit ($0.05/$0.1) - 2024/05/19 13:14:19
Table 'NLHRed15' 6-max Seat #2 is the button
Seat 1: 4bdd108d ($13.34 in chips)
Seat 2: Hero ($13.56 in chips)
Seat 3: 38d48841 ($10.42 in chips)
Seat 4: 50683e5a ($8.28 in chips)
Seat 5: 6c4b4576 ($10.78 in chips)
Seat 6: f4eb0bdc ($18.36 in chips)
38d48841: posts small blind $0.05
50683e5a: posts big blind $0.1
*** HOLE CARDS ***
Dealt to 4bdd108d 
Dealt to Hero [9s 6s]
Dealt to 38d48841 
Dealt to 50683e5a 
Dealt to 6c4b4576 
Dealt to f4eb0bdc 
6c4b4576: folds
f4eb0bdc: folds
4bdd108d: raises $0.15 to $0.25
Hero: folds
38d48841: folds
50683e5a: calls $0.15
*** FLOP *** [Ks 3d 6h]
50683e5a: bets $0.3
4bdd108d: calls $0.3
*** TURN *** [Ks 3d 6h] [4s]
50683e5a: bets $0.38
4bdd108d: calls $0.38
*** RIVER *** [Ks 3d 6h 4s] [7s]
50683e5a: bets $0.1
4bdd108d: calls $0.1
50683e5a: shows [3s Ah] (Pair of Treys)
4bdd108d: shows [Td Kh] (Pair of Kings)
*** SHOWDOWN ***
4bdd108d collected $2.01 from pot
*** SUMMARY ***
Total pot $2.11 | Rake $0.1 | Jackpot $0 | Bingo $0 | Fortune $0 | Tax $0
Board [Ks 3d 6h 4s 7s]
Seat 1: 4bdd108d showed [Td Kh] and won ($2.01) with Pair of Kings
Seat 2: Hero (button) folded before Flop (didn't bet)
Seat 3: 38d48841 (small blind) folded before Flop
Seat 4: 50683e5a (big blind) showed [3s Ah] and lost with Pair of Treys
Seat 5: 6c4b4576 folded before Flop (didn't bet)
Seat 6: f4eb0bdc folded before Flop (didn't bet)


Poker Hand #HD1779098539: Hold'em No Limit ($0.05/$0.1) - 2024/05/19 13:13:44
Table 'NLHRed15' 6-max Seat #1 is the button
Seat 1: 4bdd108d ($13.34 in chips)
Seat 2: Hero ($13.61 in chips)
Seat 3: 38d48841 ($10.52 in chips)
Seat 4: 50683e5a ($7.95 in chips)
Seat 5: 6c4b4576 ($10.78 in chips)
Seat 6: f4eb0bdc ($18.56 in chips)
Hero: posts small blind $0.05
38d48841: posts big blind $0.1
*** HOLE CARDS ***
Dealt to 4bdd108d 
Dealt to Hero [3h 7c]
Dealt to 38d48841 
Dealt to 50683e5a 
Dealt to 6c4b4576 
Dealt to f4eb0bdc 
50683e5a: calls $0.1
6c4b4576: folds
f4eb0bdc: calls $0.1
4bdd108d: folds
Hero: folds
38d48841: checks
*** FLOP *** [6h 9s Qs]
38d48841: checks
50683e5a: bets $0.1
f4eb0bdc: calls $0.1
38d48841: folds
*** TURN *** [6h 9s Qs] [7d]
50683e5a: bets $0.42
f4eb0bdc: folds
Uncalled bet ($0.42) returned to 50683e5a
*** SHOWDOWN ***
50683e5a collected $0.53 from pot
*** SUMMARY ***
Total pot $0.55 | Rake $0.02 | Jackpot $0 | Bingo $0 | Fortune $0 | Tax $0
Board [6h 9s Qs 7d]
Seat 1: 4bdd108d (button) folded before Flop (didn't bet)
Seat 2: Hero (small blind) folded before Flop
Seat 3: 38d48841 (big blind) folded on the Flop
Seat 4: 50683e5a won ($0.53)
Seat 5: 6c4b4576 folded before Flop (didn't bet)
Seat 6: f4eb0bdc folded on the Turn


Poker Hand #HD1779098468: Hold'em No Limit ($0.05/$0.1) - 2024/05/19 13:12:57
Table 'NLHRed15' 6-max Seat #6 is the button
Seat 1: 4bdd108d ($13.07 in chips)
Seat 2: Hero ($13.91 in chips)
Seat 3: 38d48841 ($10.52 in chips)
Seat 4: 50683e5a ($7.95 in chips)
Seat 5: 6c4b4576 ($10.78 in chips)
Seat 6: f4eb0bdc ($18.56 in chips)
4bdd108d: posts small blind $0.05
Hero: posts big blind $0.1
*** HOLE CARDS ***
Dealt to 4bdd108d 
Dealt to Hero [4s 4c]
Dealt to 38d48841 
Dealt to 50683e5a 
Dealt to 6c4b4576 
Dealt to f4eb0bdc 
38d48841: folds
50683e5a: folds
6c4b4576: folds
f4eb0bdc: folds
4bdd108d: raises $0.2 to $0.3
Hero: calls $0.2
*** FLOP *** [8s Ks 5d]
4bdd108d: bets $0.15
Hero: folds
Uncalled bet ($0.15) returned to 4bdd108d
*** SHOWDOWN ***
4bdd108d collected $0.57 from pot
*** SUMMARY ***
Total pot $0.6 | Rake $0.03 | Jackpot $0 | Bingo $0 | Fortune $0 | Tax $0
Board [8s Ks 5d]
Seat 1: 4bdd108d (small blind) won ($0.57)
Seat 2: Hero (big blind) folded on the Flop
Seat 3: 38d48841 folded before Flop (didn't bet)
Seat 4: 50683e5a folded before Flop (didn't bet)
Seat 5: 6c4b4576 folded before Flop (didn't bet)
Seat 6: f4eb0bdc (button) folded before Flop (didn't bet)


Poker Hand #HD1779098446: Hold'em No Limit ($0.05/$0.1) - 2024/05/19 13:12:42
Table 'NLHRed15' 6-max Seat #5 is the button
Seat 1: 4bdd108d ($13.17 in chips)
Seat 2: Hero ($13.91 in chips)
Seat 3: 38d48841 ($10.37 in chips)
Seat 4: 50683e5a ($7.95 in chips)
Seat 5: 6c4b4576 ($10.78 in chips)
Seat 6: f4eb0bdc ($18.61 in chips)
f4eb0bdc: posts small blind $0.05
4bdd108d: posts big blind $0.1
*** HOLE CARDS ***
Dealt to 4bdd108d 
Dealt to Hero [Qs 3d]
Dealt to 38d48841 
Dealt to 50683e5a 
Dealt to 6c4b4576 
Dealt to f4eb0bdc 
Hero: folds
38d48841: raises $0.1 to $0.2
50683e5a: folds
6c4b4576: folds
f4eb0bdc: folds
4bdd108d: folds
Uncalled bet ($0.1) returned to 38d48841
*** SHOWDOWN ***
38d48841 collected $0.25 from pot
*** SUMMARY ***
Total pot $0.25 | Rake $0 | Jackpot $0 | Bingo $0 | Fortune $0 | Tax $0
Seat 1: 4bdd108d (big blind) folded before Flop
Seat 2: Hero folded before Flop (didn't bet)
Seat 3: 38d48841 collected ($0.25)
Seat 4: 50683e5a folded before Flop (didn't bet)
Seat 5: 6c4b4576 (button) folded before Flop (didn't bet)
Seat 6: f4eb0bdc (small blind) folded before Flop


Poker Hand #HD1779098375: Hold'em No Limit ($0.05/$0.1) - 2024/05/19 13:12:02
Table 'NLHRed15' 6-max Seat #4 is the button
Seat 1: 4bdd108d ($13.17 in chips)
Seat 2: Hero ($13.91 in chips)
Seat 3: 38d48841 ($10.37 in chips)
Seat 4: 50683e5a ($8.25 in chips)
Seat 5: 6c4b4576 ($10.41 in chips)
Seat 6: f4eb0bdc ($18.71 in chips)
6c4b4576: posts small blind $0.05
f4eb0bdc: posts big blind $0.1
*** HOLE CARDS ***
Dealt to 4bdd108d 
Dealt to Hero [5d 8h]
Dealt to 38d48841 
Dealt to 50683e5a 
Dealt to 6c4b4576 
Dealt to f4eb0bdc 
4bdd108d: folds
Hero: folds
38d48841: folds
50683e5a: calls $0.1
6c4b4576: raises $0.2 to $0.3
f4eb0bdc: folds
50683e5a: calls $0.2
*** FLOP *** [Th 2c 2h]
6c4b4576: bets $0.24
50683e5a: folds
Uncalled bet ($0.24) returned to 6c4b4576
*** SHOWDOWN ***
6c4b4576 collected $0.67 from pot
*** SUMMARY ***
Total pot $0.7 | Rake $0.03 | Jackpot $0 | Bingo $0 | Fortune $0 | Tax $0
Board [Th 2c 2h]
Seat 1: 4bdd108d folded before Flop (didn't bet)
Seat 2: Hero folded before Flop (didn't bet)
Seat 3: 38d48841 folded before Flop (didn't bet)
Seat 4: 50683e5a (button) folded on the Flop
Seat 5: 6c4b4576 (small blind) won ($0.67)
Seat 6: f4eb0bdc (big blind) folded before Flop


Poker Hand #HD1779098334: Hold'em No Limit ($0.05/$0.1) - 2024/05/19 13:11:31
Table 'NLHRed15' 6-max Seat #3 is the button
Seat 1: 4bdd108d ($13.17 in chips)
Seat 2: Hero ($13.91 in chips)
Seat 3: 38d48841 ($10.09 in chips)
Seat 4: 50683e5a ($8.3 in chips)
Seat 5: 6c4b4576 ($10.66 in chips)
Seat 6: f4eb0bdc ($18.71 in chips)
50683e5a: posts small blind $0.05
6c4b4576: posts big blind $0.1
*** HOLE CARDS ***
Dealt to 4bdd108d 
Dealt to Hero [4h 5c]
Dealt to 38d48841 
Dealt to 50683e5a 
Dealt to 6c4b4576 
Dealt to f4eb0bdc 
f4eb0bdc: folds
4bdd108d: folds
Hero: folds
38d48841: raises $0.15 to $0.25
50683e5a: folds
6c4b4576: calls $0.15
*** FLOP *** [Tc 2d 2c]
6c4b4576: checks
38d48841: bets $0.19
6c4b4576: folds
Uncalled bet ($0.19) returned to 38d48841
*** SHOWDOWN ***
38d48841 collected $0.53 from pot
*** SUMMARY ***
Total pot $0.55 | Rake $0.02 | Jackpot $0 | Bingo $0 | Fortune $0 | Tax $0
Board [Tc 2d 2c]
Seat 1: 4bdd108d folded before Flop (didn't bet)
Seat 2: Hero folded before Flop (didn't bet)
Seat 3: 38d48841 (button) won ($0.53)
Seat 4: 50683e5a (small blind) folded before Flop
Seat 5: 6c4b4576 (big blind) folded on the Flop
Seat 6: f4eb0bdc folded before Flop (didn't bet)


Poker Hand #HD1779098292: Hold'em No Limit ($0.05/$0.1) - 2024/05/19 13:11:06
Table 'NLHRed15' 6-max Seat #2 is the button
Seat 1: 4bdd108d ($13.17 in chips)
Seat 2: Hero ($13.91 in chips)
Seat 3: 38d48841 ($10.14 in chips)
Seat 4: 50683e5a ($8.4 in chips)
Seat 5: 6c4b4576 ($10.66 in chips)
Seat 6: f4eb0bdc ($18.56 in chips)
38d48841: posts small blind $0.05
50683e5a: posts big blind $0.1
*** HOLE CARDS ***
Dealt to 4bdd108d 
Dealt to Hero [2s Tc]
Dealt to 38d48841 
Dealt to 50683e5a 
Dealt to 6c4b4576 
Dealt to f4eb0bdc 
6c4b4576: folds
f4eb0bdc: raises $0.2 to $0.3
4bdd108d: folds
Hero: folds
38d48841: folds
50683e5a: folds
Uncalled bet ($0.2) returned to f4eb0bdc
*** SHOWDOWN ***
f4eb0bdc collected $0.25 from pot
*** SUMMARY ***
Total pot $0.25 | Rake $0 | Jackpot $0 | Bingo $0 | Fortune $0 | Tax $0
Seat 1: 4bdd108d folded before Flop (didn't bet)
Seat 2: Hero (button) folded before Flop (didn't bet)
Seat 3: 38d48841 (small blind) folded before Flop
Seat 4: 50683e5a (big blind) folded before Flop
Seat 5: 6c4b4576 folded before Flop (didn't bet)
Seat 6: f4eb0bdc collected ($0.25)


Poker Hand #HD1779098238: Hold'em No Limit ($0.05/$0.1) - 2024/05/19 13:10:31
Table 'NLHRed15' 6-max Seat #1 is the button
Seat 1: 4bdd108d ($13.17 in chips)
Seat 2: Hero ($13.96 in chips)
Seat 3: 38d48841 ($10 in chips)
Seat 4: 50683e5a ($8.4 in chips)
Seat 5: 6c4b4576 ($10.66 in chips)
Seat 6: f4eb0bdc ($18.66 in chips)
Hero: posts small blind $0.05
38d48841: posts big blind $0.1
*** HOLE CARDS ***
Dealt to 4bdd108d 
Dealt to Hero [Kc 2c]
Dealt to 38d48841 
Dealt to 50683e5a 
Dealt to 6c4b4576 
Dealt to f4eb0bdc 
50683e5a: folds
6c4b4576: folds
f4eb0bdc: calls $0.1
4bdd108d: folds
Hero: folds
38d48841: checks
*** FLOP *** [8c 8d Kh]
38d48841: checks
f4eb0bdc: checks
*** TURN *** [8c 8d Kh] [6h]
38d48841: checks
f4eb0bdc: checks
*** RIVER *** [8c 8d Kh 6h] [5d]
38d48841: bets $0.1
f4eb0bdc: folds
Uncalled bet ($0.1) returned to 38d48841
*** SHOWDOWN ***
38d48841 collected $0.24 from pot
*** SUMMARY ***
Total pot $0.25 | Rake $0.01 | Jackpot $0 | Bingo $0 | Fortune $0 | Tax $0
Board [8c 8d Kh 6h 5d]
Seat 1: 4bdd108d (button) folded before Flop (didn't bet)
Seat 2: Hero (small blind) folded before Flop
Seat 3: 38d48841 (big blind) won ($0.24)
Seat 4: 50683e5a folded before Flop (didn't bet)
Seat 5: 6c4b4576 folded before Flop (didn't bet)
Seat 6: f4eb0bdc folded on the River


Poker Hand #HD1779098213: Hold'em No Limit ($0.05/$0.1) - 2024/05/19 13:10:13
Table 'NLHRed15' 6-max Seat #6 is the button
Seat 1: 4bdd108d ($13.22 in chips)
Seat 2: Hero ($14.06 in chips)
Seat 3: 38d48841 ($10 in chips)
Seat 4: 50683e5a ($8.5 in chips)
Seat 5: 6c4b4576 ($10.42 in chips)
Seat 6: f4eb0bdc ($18.66 in chips)
4bdd108d: posts small blind $0.05
Hero: posts big blind $0.1
*** HOLE CARDS ***
Dealt to 4bdd108d 
Dealt to Hero [4d 7h]
Dealt to 38d48841 
Dealt to 50683e5a 
Dealt to 6c4b4576 
Dealt to f4eb0bdc 
38d48841: folds
50683e5a: calls $0.1
6c4b4576: raises $0.35 to $0.45
f4eb0bdc: folds
4bdd108d: folds
Hero: folds
50683e5a: folds
Uncalled bet ($0.35) returned to 6c4b4576
*** SHOWDOWN ***
6c4b4576 collected $0.34 from pot
*** SUMMARY ***
Total pot $0.35 | Rake $0.01 | Jackpot $0 | Bingo $0 | Fortune $0 | Tax $0
Seat 1: 4bdd108d (small blind) folded before Flop
Seat 2: Hero (big blind) folded before Flop
Seat 3: 38d48841 folded before Flop (didn't bet)
Seat 4: 50683e5a folded before Flop
Seat 5: 6c4b4576 collected ($0.34)
Seat 6: f4eb0bdc (button) folded before Flop (didn't bet)


Poker Hand #HD1779098178: Hold'em No Limit ($0.05/$0.1) - 2024/05/19 13:09:50
Table 'NLHRed15' 6-max Seat #5 is the button
Seat 1: 4bdd108d ($13.32 in chips)
Seat 2: Hero ($14.06 in chips)
Seat 3: 38d48841 ($10 in chips)
Seat 4: 50683e5a ($8.8 in chips)
Seat 5: 6c4b4576 ($10 in chips)
Seat 6: f4eb0bdc ($18.71 in chips)
f4eb0bdc: posts small blind $0.05
4bdd108d: posts big blind $0.1
*** HOLE CARDS ***
Dealt to 4bdd108d 
Dealt to Hero [Jd 7h]
Dealt to 38d48841 
Dealt to 50683e5a 
Dealt to 6c4b4576 
Dealt to f4eb0bdc 
Hero: folds
38d48841: folds
50683e5a: calls $0.1
6c4b4576: raises $0.2 to $0.3
f4eb0bdc: folds
4bdd108d: folds
50683e5a: calls $0.2
*** FLOP *** [Td 5d 2s]
50683e5a: checks
6c4b4576: bets $0.5
50683e5a: folds
Uncalled bet ($0.5) returned to 6c4b4576
*** SHOWDOWN ***
6c4b4576 collected $0.72 from pot
*** SUMMARY ***
Total pot $0.75 | Rake $0.03 | Jackpot $0 | Bingo $0 | Fortune $0 | Tax $0
Board [Td 5d 2s]
Seat 1: 4bdd108d (big blind) folded before Flop
Seat 2: Hero folded before Flop (didn't bet)
Seat 3: 38d48841 folded before Flop (didn't bet)
Seat 4: 50683e5a folded on the Flop
Seat 5: 6c4b4576 (button) won ($0.72)
Seat 6: f4eb0bdc (small blind) folded before Flop


Poker Hand #HD1779098083: Hold'em No Limit ($0.05/$0.1) - 2024/05/19 13:08:45
Table 'NLHRed15' 6-max Seat #4 is the button
Seat 1: 4bdd108d ($13.32 in chips)
Seat 2: Hero ($14.06 in chips)
Seat 3: 38d48841 ($10 in chips)
Seat 4: 50683e5a ($9.2 in chips)
Seat 5: 6c4b4576 ($10 in chips)
Seat 6: f4eb0bdc ($17.97 in chips)
6c4b4576: posts small blind $0.05
f4eb0bdc: posts big blind $0.1
*** HOLE CARDS ***
Dealt to 4bdd108d 
Dealt to Hero [5h Qs]
Dealt to 38d48841 
Dealt to 50683e5a 
Dealt to 6c4b4576 
Dealt to f4eb0bdc 
4bdd108d: folds
Hero: folds
38d48841: folds
50683e5a: calls $0.1
6c4b4576: raises $0.3 to $0.4
f4eb0bdc: calls $0.3
50683e5a: calls $0.3
*** FLOP *** [5s 6h 6s]
6c4b4576: checks
f4eb0bdc: checks
50683e5a: checks
*** TURN *** [5s 6h 6s] [9d]
6c4b4576: checks
f4eb0bdc: checks
50683e5a: checks
*** RIVER *** [5s 6h 6s 9d] [8c]
6c4b4576: checks
f4eb0bdc: bets $0.6
50683e5a: folds
6c4b4576: folds
Uncalled bet ($0.6) returned to f4eb0bdc
*** SHOWDOWN ***
f4eb0bdc collected $1.14 from pot
*** SUMMARY ***
Total pot $1.2 | Rake $0.06 | Jackpot $0 | Bingo $0 | Fortune $0 | Tax $0
Board [5s 6h 6s 9d 8c]
Seat 1: 4bdd108d folded before Flop (didn't bet)
Seat 2: Hero folded before Flop (didn't bet)
Seat 3: 38d48841 folded before Flop (didn't bet)
Seat 4: 50683e5a (button) folded on the River
Seat 5: 6c4b4576 (small blind) folded on the River
Seat 6: f4eb0bdc (big blind) won ($1.14)


Poker Hand #HD1779098056: Hold'em No Limit ($0.05/$0.1) - 2024/05/19 13:08:28
Table 'NLHRed15' 6-max Seat #3 is the button
Seat 1: 4bdd108d ($13.32 in chips)
Seat 2: Hero ($14.06 in chips)
Seat 3: 38d48841 ($10 in chips)
Seat 4: 50683e5a ($9.1 in chips)
Seat 5: 6c4b4576 ($10.03 in chips)
Seat 6: f4eb0bdc ($17.97 in chips)
50683e5a: posts small blind $0.05
6c4b4576: posts big blind $0.1
*** HOLE CARDS ***
Dealt to 4bdd108d 
Dealt to Hero [Qh 3s]
Dealt to 38d48841 
Dealt to 50683e5a 
Dealt to 6c4b4576 
Dealt to f4eb0bdc 
f4eb0bdc: folds
4bdd108d: folds
Hero: folds
38d48841: folds
50683e5a: raises $0.1 to $0.2
6c4b4576: folds
Uncalled bet ($0.1) returned to 50683e5a
*** SHOWDOWN ***
50683e5a collected $0.2 from pot
*** SUMMARY ***
Total pot $0.2 | Rake $0 | Jackpot $0 | Bingo $0 | Fortune $0 | Tax $0
Seat 1: 4bdd108d folded before Flop (didn't bet)
Seat 2: Hero folded before Flop (didn't bet)
Seat 3: 38d48841 (button) folded before Flop (didn't bet)
Seat 4: 50683e5a (small blind) collected ($0.2)
Seat 5: 6c4b4576 (big blind) folded before Flop
Seat 6: f4eb0bdc folded before Flop (didn't bet)


Poker Hand #HD1779097980: Hold'em No Limit ($0.05/$0.1) - 2024/05/19 13:07:43
Table 'NLHRed15' 6-max Seat #2 is the button
Seat 1: 4bdd108d ($13.32 in chips)
Seat 2: Hero ($14.06 in chips)
Seat 3: 38d48841 ($10 in chips)
Seat 4: 50683e5a ($8.87 in chips)
Seat 5: 6c4b4576 ($10.03 in chips)
Seat 6: f4eb0bdc ($17.97 in chips)
38d48841: posts small blind $0.05
50683e5a: posts big blind $0.1
*** HOLE CARDS ***
Dealt to 4bdd108d 
Dealt to Hero [7d 5h]
Dealt to 38d48841 
Dealt to 50683e5a 
Dealt to 6c4b4576 
Dealt to f4eb0bdc 
6c4b4576: folds
f4eb0bdc: folds
4bdd108d: folds
Hero: folds
38d48841: raises $0.15 to $0.25
50683e5a: calls $0.15
*** FLOP *** [Kh 9s 2s]
38d48841: checks
50683e5a: checks
*** TURN *** [Kh 9s 2s] [6d]
38d48841: checks
50683e5a: checks
*** RIVER *** [Kh 9s 2s 6d] [Tc]
38d48841: checks
50683e5a: bets $0.25
38d48841: folds
Uncalled bet ($0.25) returned to 50683e5a
*** SHOWDOWN ***
50683e5a collected $0.48 from pot
*** SUMMARY ***
Total pot $0.5 | Rake $0.02 | Jackpot $0 | Bingo $0 | Fortune $0 | Tax $0
Board [Kh 9s 2s 6d Tc]
Seat 1: 4bdd108d folded before Flop (didn't bet)
Seat 2: Hero (button) folded before Flop (didn't bet)
Seat 3: 38d48841 (small blind) folded on the River
Seat 4: 50683e5a (big blind) won ($0.48)
Seat 5: 6c4b4576 folded before Flop (didn't bet)
Seat 6: f4eb0bdc folded before Flop (didn't bet)


Poker Hand #HD1779097940: Hold'em No Limit ($0.05/$0.1) - 2024/05/19 13:07:11
Table 'NLHRed15' 6-max Seat #1 is the button
Seat 1: 4bdd108d ($13.32 in chips)
Seat 2: Hero ($14.11 in chips)
Seat 3: 38d48841 ($10 in chips)
Seat 4: 50683e5a ($8.73 in chips)
Seat 5: 6c4b4576 ($10.03 in chips)
Seat 6: f4eb0bdc ($17.97 in chips)
Hero: posts small blind $0.05
38d48841: posts big blind $0.1
*** HOLE CARDS ***
Dealt to 4bdd108d 
Dealt to Hero [7d 2s]
Dealt to 38d48841 
Dealt to 50683e5a 
Dealt to 6c4b4576 
Dealt to f4eb0bdc 
50683e5a: calls $0.1
6c4b4576: folds
f4eb0bdc: folds
4bdd108d: folds
Hero: folds
38d48841: checks
*** FLOP *** [Kc Jc 9c]
38d48841: checks
50683e5a: checks
*** TURN *** [Kc Jc 9c] [3h]
38d48841: checks
50683e5a: checks
*** RIVER *** [Kc Jc 9c 3h] [Kd]
38d48841: checks
50683e5a: checks
38d48841: shows [4h 5h] (Pair of Kings)
50683e5a: shows [As Jh] (Pair of Kings and Pair of Jacks)
*** SHOWDOWN ***
50683e5a collected $0.24 from pot
*** SUMMARY ***
Total pot $0.25 | Rake $0.01 | Jackpot $0 | Bingo $0 | Fortune $0 | Tax $0
Board [Kc Jc 9c 3h Kd]
Seat 1: 4bdd108d (button) folded before Flop (didn't bet)
Seat 2: Hero (small blind) folded before Flop
Seat 3: 38d48841 (big blind) showed [4h 5h] and lost with Pair of Kings
Seat 4: 50683e5a showed [As Jh] and won ($0.24) with Pair of Kings and Pair of Jacks
Seat 5: 6c4b4576 folded before Flop (didn't bet)
Seat 6: f4eb0bdc folded before Flop (didn't bet)


Poker Hand #HD1779097918: Hold'em No Limit ($0.05/$0.1) - 2024/05/19 13:06:53
Table 'NLHRed15' 6-max Seat #6 is the button
Seat 1: 4bdd108d ($13.37 in chips)
Seat 2: Hero ($14.21 in chips)
Seat 4: 50683e5a ($8.73 in chips)
Seat 5: 6c4b4576 ($10.03 in chips)
Seat 6: f4eb0bdc ($17.82 in chips)
4bdd108d: posts small blind $0.05
Hero: posts big blind $0.1
*** HOLE CARDS ***
Dealt to 4bdd108d 
Dealt to Hero [6s 4c]
Dealt to 50683e5a 
Dealt to 6c4b4576 
Dealt to f4eb0bdc 
50683e5a: folds
6c4b4576: folds
f4eb0bdc: raises $0.2 to $0.3
4bdd108d: folds
Hero: folds
Uncalled bet ($0.2) returned to f4eb0bdc
*** SHOWDOWN ***
f4eb0bdc collected $0.25 from pot
*** SUMMARY ***
Total pot $0.25 | Rake $0 | Jackpot $0 | Bingo $0 | Fortune $0 | Tax $0
Seat 1: 4bdd108d (small blind) folded before Flop
Seat 2: Hero (big blind) folded before Flop
Seat 4: 50683e5a folded before Flop (didn't bet)
Seat 5: 6c4b4576 folded before Flop (didn't bet)
Seat 6: f4eb0bdc (button) collected ($0.25)


Poker Hand #HD1779097854: Hold'em No Limit ($0.05/$0.1) - 2024/05/19 13:06:15
Table 'NLHRed15' 6-max Seat #5 is the button
Seat 1: 4bdd108d ($13.47 in chips)
Seat 2: Hero ($14.21 in chips)
Seat 4: 50683e5a ($8.73 in chips)
Seat 5: 6c4b4576 ($10.03 in chips)
Seat 6: f4eb0bdc ($17.72 in chips)
f4eb0bdc: posts small blind $0.05
4bdd108d: posts big blind $0.1
*** HOLE CARDS ***
Dealt to 4bdd108d 
Dealt to Hero [8h Th]
Dealt to 50683e5a 
Dealt to 6c4b4576 
Dealt to f4eb0bdc 
Hero: folds
50683e5a: folds
6c4b4576: folds
f4eb0bdc: raises $0.2 to $0.3
4bdd108d: folds
Uncalled bet ($0.2) returned to f4eb0bdc
*** SHOWDOWN ***
f4eb0bdc collected $0.2 from pot
*** SUMMARY ***
Total pot $0.2 | Rake $0 | Jackpot $0 | Bingo $0 | Fortune $0 | Tax $0
Seat 1: 4bdd108d (big blind) folded before Flop
Seat 2: Hero folded before Flop (didn't bet)
Seat 4: 50683e5a folded before Flop (didn't bet)
Seat 5: 6c4b4576 (button) folded before Flop (didn't bet)
Seat 6: f4eb0bdc (small blind) collected ($0.2)


Poker Hand #HD1779097840: Hold'em No Limit ($0.05/$0.1) - 2024/05/19 13:06:06
Table 'NLHRed15' 6-max Seat #4 is the button
Seat 1: 4bdd108d ($13.47 in chips)
Seat 2: Hero ($14.21 in chips)
Seat 4: 50683e5a ($8.73 in chips)
Seat 5: 6c4b4576 ($10.08 in chips)
Seat 6: f4eb0bdc ($17.67 in chips)
6c4b4576: posts small blind $0.05
f4eb0bdc: posts big blind $0.1
*** HOLE CARDS ***
Dealt to 4bdd108d 
Dealt to Hero [7c 3d]
Dealt to 50683e5a 
Dealt to 6c4b4576 
Dealt to f4eb0bdc 
4bdd108d: folds
Hero: folds
50683e5a: folds
6c4b4576: folds
Uncalled bet ($0.05) returned to f4eb0bdc
*** SHOWDOWN ***
f4eb0bdc collected $0.1 from pot
*** SUMMARY ***
Total pot $0.1 | Rake $0 | Jackpot $0 | Bingo $0 | Fortune $0 | Tax $0
Seat 1: 4bdd108d folded before Flop (didn't bet)
Seat 2: Hero folded before Flop (didn't bet)
Seat 4: 50683e5a (button) folded before Flop (didn't bet)
Seat 5: 6c4b4576 (small blind) folded before Flop
Seat 6: f4eb0bdc (big blind) collected ($0.1)


Poker Hand #HD1779097759: Hold'em No Limit ($0.05/$0.1) - 2024/05/19 13:05:12
Table 'NLHRed15' 6-max Seat #2 is the button
Seat 1: 4bdd108d ($12.26 in chips)
Seat 2: Hero ($14.21 in chips)
Seat 3: a4f6a3bb ($3.67 in chips)
Seat 4: 50683e5a ($8.83 in chips)
Seat 5: 6c4b4576 ($10.68 in chips)
Seat 6: f4eb0bdc ($17.67 in chips)
a4f6a3bb: posts small blind $0.05
50683e5a: posts big blind $0.1
*** HOLE CARDS ***
Dealt to 4bdd108d 
Dealt to Hero [Kh 9c]
Dealt to a4f6a3bb 
Dealt to 50683e5a 
Dealt to 6c4b4576 
Dealt to f4eb0bdc 
6c4b4576: raises $0.1 to $0.2
f4eb0bdc: folds
4bdd108d: raises $0.4 to $0.6
Hero: folds
a4f6a3bb: calls $0.55
50683e5a: folds
6c4b4576: calls $0.4
*** FLOP *** [Ac 6c 7d]
a4f6a3bb: checks
6c4b4576: checks
4bdd108d: bets $0.95
a4f6a3bb: folds
6c4b4576: folds
Uncalled bet ($0.95) returned to 4bdd108d
*** SHOWDOWN ***
4bdd108d collected $1.81 from pot
*** SUMMARY ***
Total pot $1.9 | Rake $0.09 | Jackpot $0 | Bingo $0 | Fortune $0 | Tax $0
Board [Ac 6c 7d]
Seat 1: 4bdd108d won ($1.81)
Seat 2: Hero (button) folded before Flop (didn't bet)
Seat 3: a4f6a3bb (small blind) folded on the Flop
Seat 4: 50683e5a (big blind) folded before Flop
Seat 5: 6c4b4576 folded on the Flop
Seat 6: f4eb0bdc folded before Flop (didn't bet)


Poker Hand #HD1779097687: Hold'em No Limit ($0.05/$0.1) - 2024/05/19 13:04:26
Table 'NLHRed15' 6-max Seat #1 is the button
Seat 1: 4bdd108d ($12.26 in chips)
Seat 2: Hero ($14.26 in chips)
Seat 3: a4f6a3bb ($5 in chips)
Seat 4: 50683e5a ($9.11 in chips)
Seat 5: 6c4b4576 ($10.68 in chips)
Seat 6: f4eb0bdc ($16.16 in chips)
Hero: posts small blind $0.05
a4f6a3bb: posts big blind $0.1
*** HOLE CARDS ***
Dealt to 4bdd108d 
Dealt to Hero [7s 7c]
Dealt to a4f6a3bb 
Dealt to 50683e5a 
Dealt to 6c4b4576 
Dealt to f4eb0bdc 
50683e5a: calls $0.1
6c4b4576: folds
f4eb0bdc: raises $0.18 to $0.28
4bdd108d: folds
Hero: folds
a4f6a3bb: calls $0.18
50683e5a: calls $0.18
*** FLOP *** [Jc 5d Qs]
a4f6a3bb: checks
50683e5a: checks
f4eb0bdc: checks
*** TURN *** [Jc 5d Qs] [Ah]
a4f6a3bb: checks
50683e5a: checks
f4eb0bdc: bets $0.45
a4f6a3bb: calls $0.45
50683e5a: folds
*** RIVER *** [Jc 5d Qs Ah] [4h]
a4f6a3bb: checks
f4eb0bdc: bets $0.6
a4f6a3bb: calls $0.6
f4eb0bdc: shows [Ks As] (Pair of Aces)
a4f6a3bb: shows [Ts Ad] (Pair of Aces)
*** SHOWDOWN ***
f4eb0bdc collected $2.84 from pot
*** SUMMARY ***
Total pot $2.99 | Rake $0.15 | Jackpot $0 | Bingo $0 | Fortune $0 | Tax $0
Board [Jc 5d Qs Ah 4h]
Seat 1: 4bdd108d (button) folded before Flop (didn't bet)
Seat 2: Hero (small blind) folded before Flop
Seat 3: a4f6a3bb (big blind) showed [Ts Ad] and lost with Pair of Aces
Seat 4: 50683e5a folded on the Turn
Seat 5: 6c4b4576 folded before Flop (didn't bet)
Seat 6: f4eb0bdc showed [Ks As] and won ($2.84) with Pair of Aces


Poker Hand #HD1779097654: Hold'em No Limit ($0.05/$0.1) - 2024/05/19 13:04:04
Table 'NLHRed15' 6-max Seat #6 is the button
Seat 1: 4bdd108d ($12.16 in chips)
Seat 2: Hero ($14.36 in chips)
Seat 4: 50683e5a ($9.11 in chips)
Seat 5: 6c4b4576 ($10.68 in chips)
Seat 6: f4eb0bdc ($16.16 in chips)
4bdd108d: posts small blind $0.05
Hero: posts big blind $0.1
*** HOLE CARDS ***
Dealt to 4bdd108d 
Dealt to Hero [3s Ac]
Dealt to 50683e5a 
Dealt to 6c4b4576 
Dealt to f4eb0bdc 
50683e5a: folds
6c4b4576: folds
f4eb0bdc: folds
4bdd108d: raises $0.2 to $0.3
Hero: folds
Uncalled bet ($0.2) returned to 4bdd108d
*** SHOWDOWN ***
4bdd108d collected $0.2 from pot
*** SUMMARY ***
Total pot $0.2 | Rake $0 | Jackpot $0 | Bingo $0 | Fortune $0 | Tax $0
Seat 1: 4bdd108d (small blind) collected ($0.2)
Seat 2: Hero (big blind) folded before Flop
Seat 4: 50683e5a folded before Flop (didn't bet)
Seat 5: 6c4b4576 folded before Flop (didn't bet)
Seat 6: f4eb0bdc (button) folded before Flop (didn't bet)


Poker Hand #HD1779097541: Hold'em No Limit ($0.05/$0.1) - 2024/05/19 13:02:55
Table 'NLHRed15' 6-max Seat #5 is the button
Seat 1: 4bdd108d ($10.18 in chips)
Seat 2: Hero ($14.36 in chips)
Seat 3: a4f6a3bb ($1.4 in chips)
Seat 4: 50683e5a ($9.51 in chips)
Seat 5: 6c4b4576 ($11.08 in chips)
Seat 6: f4eb0bdc ($16.21 in chips)
f4eb0bdc: posts small blind $0.05
4bdd108d: posts big blind $0.1
*** HOLE CARDS ***
Dealt to 4bdd108d 
Dealt to Hero [Kc 8s]
Dealt to a4f6a3bb 
Dealt to 50683e5a 
Dealt to 6c4b4576 
Dealt to f4eb0bdc 
Hero: folds
a4f6a3bb: calls $0.1
50683e5a: calls $0.1
6c4b4576: raises $0.3 to $0.4
f4eb0bdc: folds
4bdd108d: calls $0.3
a4f6a3bb: calls $0.3
50683e5a: calls $0.3
*** FLOP *** [9s 6h 4d]
4bdd108d: checks
a4f6a3bb: bets $1 and is all-in
50683e5a: folds
6c4b4576: folds
4bdd108d: calls $1
a4f6a3bb: shows [4c Qc] (Pair of Fours)
4bdd108d: shows [6s 6c] (Three Sixes)
*** TURN *** [9s 6h 4d] [5d]
*** RIVER *** [9s 6h 4d 5d] [Kd]
*** SHOWDOWN ***
4bdd108d collected $3.38 from pot
*** SUMMARY ***
Total pot $3.65 | Rake $0.17 | Jackpot $0.1 | Bingo $0 | Fortune $0 | Tax $0
Board [9s 6h 4d 5d Kd]
Seat 1: 4bdd108d (big blind) showed [6s 6c] and won ($3.38) with Three Sixes
Seat 2: Hero folded before Flop (didn't bet)
Seat 3: a4f6a3bb showed [4c Qc] and lost with Pair of Fours
Seat 4: 50683e5a folded on the Flop
Seat 5: 6c4b4576 (button) folded on the Flop
Seat 6: f4eb0bdc (small blind) folded before Flop


Poker Hand #HD1779097482: Hold'em No Limit ($0.05/$0.1) - 2024/05/19 13:02:07
Table 'NLHRed15' 6-max Seat #4 is the button
Seat 1: 4bdd108d ($10.18 in chips)
Seat 2: Hero ($14.36 in chips)
Seat 3: a4f6a3bb ($3.64 in chips)
Seat 4: 50683e5a ($9.51 in chips)
Seat 5: 6c4b4576 ($11.28 in chips)
Seat 6: f4eb0bdc ($14.09 in chips)
6c4b4576: posts small blind $0.05
f4eb0bdc: posts big blind $0.1
*** HOLE CARDS ***
Dealt to 4bdd108d 
Dealt to Hero [Jd 6d]
Dealt to a4f6a3bb 
Dealt to 50683e5a 
Dealt to 6c4b4576 
Dealt to f4eb0bdc 
4bdd108d: folds
Hero: folds
a4f6a3bb: raises $0.1 to $0.2
50683e5a: folds
6c4b4576: calls $0.15
f4eb0bdc: calls $0.1
*** FLOP *** [6s 8d Qh]
6c4b4576: checks
f4eb0bdc: bets $0.2
a4f6a3bb: raises $0.2 to $0.4
6c4b4576: folds
f4eb0bdc: calls $0.2
*** TURN *** [6s 8d Qh] [9d]
f4eb0bdc: bets $0.47
a4f6a3bb: calls $0.47
*** RIVER *** [6s 8d Qh 9d] [5h]
f4eb0bdc: bets $1.17
a4f6a3bb: calls $1.17
f4eb0bdc: shows [Qc 9c] (Pair of Queens and Pair of Nines)
a4f6a3bb: shows [Ks Qs] (Pair of Queens)
*** SHOWDOWN ***
f4eb0bdc collected $4.36 from pot
*** SUMMARY ***
Total pot $4.68 | Rake $0.22 | Jackpot $0.1 | Bingo $0 | Fortune $0 | Tax $0
Board [6s 8d Qh 9d 5h]
Seat 1: 4bdd108d folded before Flop (didn't bet)
Seat 2: Hero folded before Flop (didn't bet)
Seat 3: a4f6a3bb showed [Ks Qs] and lost with Pair of Queens
Seat 4: 50683e5a (button) folded before Flop (didn't bet)
Seat 5: 6c4b4576 (small blind) folded on the Flop
Seat 6: f4eb0bdc (big blind) showed [Qc 9c] and won ($4.36) with Pair of Queens and Pair of Nines


Poker Hand #HD1779097430: Hold'em No Limit ($0.05/$0.1) - 2024/05/19 13:01:37
Table 'NLHRed15' 6-max Seat #3 is the button
Seat 1: 4bdd108d ($10.18 in chips)
Seat 2: Hero ($14.36 in chips)
Seat 3: a4f6a3bb ($3.49 in chips)
Seat 4: 50683e5a ($9.56 in chips)
Seat 5: 6c4b4576 ($11.38 in chips)
Seat 6: f4eb0bdc ($14.09 in chips)
50683e5a: posts small blind $0.05
6c4b4576: posts big blind $0.1
*** HOLE CARDS ***
Dealt to 4bdd108d 
Dealt to Hero [Qs 6c]
Dealt to a4f6a3bb 
Dealt to 50683e5a 
Dealt to 6c4b4576 
Dealt to f4eb0bdc 
f4eb0bdc: folds
4bdd108d: folds
Hero: folds
a4f6a3bb: raises $0.3 to $0.4
50683e5a: folds
6c4b4576: folds
Uncalled bet ($0.3) returned to a4f6a3bb
*** SHOWDOWN ***
a4f6a3bb collected $0.25 from pot
*** SUMMARY ***
Total pot $0.25 | Rake $0 | Jackpot $0 | Bingo $0 | Fortune $0 | Tax $0
Seat 1: 4bdd108d folded before Flop (didn't bet)
Seat 2: Hero folded before Flop (didn't bet)
Seat 3: a4f6a3bb (button) collected ($0.25)
Seat 4: 50683e5a (small blind) folded before Flop
Seat 5: 6c4b4576 (big blind) folded before Flop
Seat 6: f4eb0bdc folded before Flop (didn't bet)


Poker Hand #HD1779097403: Hold'em No Limit ($0.05/$0.1) - 2024/05/19 13:01:21
Table 'NLHRed15' 6-max Seat #2 is the button
Seat 1: 4bdd108d ($10.18 in chips)
Seat 2: Hero ($14.36 in chips)
Seat 3: a4f6a3bb ($3.54 in chips)
Seat 4: 50683e5a ($9.66 in chips)
Seat 5: 6c4b4576 ($11.23 in chips)
Seat 6: f4eb0bdc ($14.09 in chips)
a4f6a3bb: posts small blind $0.05
50683e5a: posts big blind $0.1
*** HOLE CARDS ***
Dealt to 4bdd108d 
Dealt to Hero [2d 2h]
Dealt to a4f6a3bb 
Dealt to 50683e5a 
Dealt to 6c4b4576 
Dealt to f4eb0bdc 
6c4b4576: raises $0.35 to $0.45
f4eb0bdc: folds
4bdd108d: folds
Hero: folds
a4f6a3bb: folds
50683e5a: folds
Uncalled bet ($0.35) returned to 6c4b4576
*** SHOWDOWN ***
6c4b4576 collected $0.25 from pot
*** SUMMARY ***
Total pot $0.25 | Rake $0 | Jackpot $0 | Bingo $0 | Fortune $0 | Tax $0
Seat 1: 4bdd108d folded before Flop (didn't bet)
Seat 2: Hero (button) folded before Flop (didn't bet)
Seat 3: a4f6a3bb (small blind) folded before Flop
Seat 4: 50683e5a (big blind) folded before Flop
Seat 5: 6c4b4576 collected ($0.25)
Seat 6: f4eb0bdc folded before Flop (didn't bet)


Poker Hand #HD1779097348: Hold'em No Limit ($0.05/$0.1) - 2024/05/19 13:00:48
Table 'NLHRed15' 6-max Seat #1 is the button
Seat 1: 4bdd108d ($10.18 in chips)
Seat 2: Hero ($14.41 in chips)
Seat 3: a4f6a3bb ($3.79 in chips)
Seat 4: 50683e5a ($9.66 in chips)
Seat 5: 6c4b4576 ($11.48 in chips)
Seat 6: f4eb0bdc ($13.58 in chips)
Hero: posts small blind $0.05
a4f6a3bb: posts big blind $0.1
*** HOLE CARDS ***
Dealt to 4bdd108d 
Dealt to Hero [8c Kc]
Dealt to a4f6a3bb 
Dealt to 50683e5a 
Dealt to 6c4b4576 
Dealt to f4eb0bdc 
50683e5a: folds
6c4b4576: raises $0.15 to $0.25
f4eb0bdc: calls $0.25
4bdd108d: folds
Hero: folds
a4f6a3bb: calls $0.15
*** FLOP *** [Ah 8h 2h]
a4f6a3bb: checks
6c4b4576: checks
f4eb0bdc: bets $0.4
a4f6a3bb: folds
6c4b4576: folds
Uncalled bet ($0.4) returned to f4eb0bdc
f4eb0bdc: shows [2c]
*** SHOWDOWN ***
f4eb0bdc collected $0.76 from pot
*** SUMMARY ***
Total pot $0.8 | Rake $0.04 | Jackpot $0 | Bingo $0 | Fortune $0 | Tax $0
Board [Ah 8h 2h]
Seat 1: 4bdd108d (button) folded before Flop (didn't bet)
Seat 2: Hero (small blind) folded before Flop
Seat 3: a4f6a3bb (big blind) folded on the Flop
Seat 4: 50683e5a folded before Flop (didn't bet)
Seat 5: 6c4b4576 folded on the Flop
Seat 6: f4eb0bdc showed [2c] and won ($0.76)


Poker Hand #HD1779097270: Hold'em No Limit ($0.05/$0.1) - 2024/05/19 12:59:54
Table 'NLHRed15' 6-max Seat #6 is the button
Seat 1: 4bdd108d ($10.23 in chips)
Seat 2: Hero ($14.9 in chips)
Seat 3: a4f6a3bb ($5.27 in chips)
Seat 4: 50683e5a ($7.91 in chips)
Seat 5: 6c4b4576 ($11.48 in chips)
Seat 6: f4eb0bdc ($13.58 in chips)
4bdd108d: posts small blind $0.05
Hero: posts big blind $0.1
*** HOLE CARDS ***
Dealt to 4bdd108d 
Dealt to Hero [9s Kh]
Dealt to a4f6a3bb 
Dealt to 50683e5a 
Dealt to 6c4b4576 
Dealt to f4eb0bdc 
a4f6a3bb: raises $0.2 to $0.3
50683e5a: calls $0.3
6c4b4576: folds
f4eb0bdc: folds
4bdd108d: folds
Hero: calls $0.2
*** FLOP *** [Ac 9c 4d]
Hero: checks
a4f6a3bb: checks
50683e5a: checks
*** TURN *** [Ac 9c 4d] [8d]
Hero: bets $0.19
a4f6a3bb: raises $0.29 to $0.48
50683e5a: calls $0.48
Hero: folds
*** RIVER *** [Ac 9c 4d 8d] [Tc]
a4f6a3bb: checks
50683e5a: bets $0.7
a4f6a3bb: calls $0.7
50683e5a: shows [8c Ad] (Pair of Aces and Pair of Eights)
a4f6a3bb: shows [4h 8s] (Pair of Eights and Pair of Fours)
*** SHOWDOWN ***
50683e5a collected $3.23 from pot
*** SUMMARY ***
Total pot $3.5 | Rake $0.17 | Jackpot $0.1 | Bingo $0 | Fortune $0 | Tax $0
Board [Ac 9c 4d 8d Tc]
Seat 1: 4bdd108d (small blind) folded before Flop
Seat 2: Hero (big blind) folded on the Turn
Seat 3: a4f6a3bb showed [4h 8s] and lost with Pair of Eights and Pair of Fours
Seat 4: 50683e5a showed [8c Ad] and won ($3.23) with Pair of Aces and Pair of Eights
Seat 5: 6c4b4576 folded before Flop (didn't bet)
Seat 6: f4eb0bdc (button) folded before Flop (didn't bet)


Poker Hand #HD1779097190: Hold'em No Limit ($0.05/$0.1) - 2024/05/19 12:59:07
Table 'NLHRed15' 6-max Seat #5 is the button
Seat 1: 4bdd108d ($10 in chips)
Seat 2: Hero ($14.9 in chips)
Seat 3: a4f6a3bb ($5.27 in chips)
Seat 4: 50683e5a ($8.11 in chips)
Seat 5: 6c4b4576 ($11.48 in chips)
Seat 6: f4eb0bdc ($13.63 in chips)
f4eb0bdc: posts small blind $0.05
4bdd108d: posts big blind $0.1
*** HOLE CARDS ***
Dealt to 4bdd108d 
Dealt to Hero [6d 5s]
Dealt to a4f6a3bb 
Dealt to 50683e5a 
Dealt to 6c4b4576 
Dealt to f4eb0bdc 
Hero: folds
a4f6a3bb: folds
50683e5a: calls $0.1
6c4b4576: folds
f4eb0bdc: folds
4bdd108d: checks
*** FLOP *** [9c Jh 2c]
4bdd108d: checks
50683e5a: checks
*** TURN *** [9c Jh 2c] [Jc]
4bdd108d: checks
50683e5a: checks
*** RIVER *** [9c Jh 2c Jc] [5c]
4bdd108d: bets $0.1
50683e5a: calls $0.1
4bdd108d: shows [Qs Tc] (Jack High Flush)
50683e5a: shows [As 3s] (Pair of Jacks)
*** SHOWDOWN ***
4bdd108d collected $0.43 from pot
*** SUMMARY ***
Total pot $0.45 | Rake $0.02 | Jackpot $0 | Bingo $0 | Fortune $0 | Tax $0
Board [9c Jh 2c Jc 5c]
Seat 1: 4bdd108d (big blind) showed [Qs Tc] and won ($0.43) with Jack High Flush
Seat 2: Hero folded before Flop (didn't bet)
Seat 3: a4f6a3bb folded before Flop (didn't bet)
Seat 4: 50683e5a showed [As 3s] and lost with Pair of Jacks
Seat 5: 6c4b4576 (button) folded before Flop (didn't bet)
Seat 6: f4eb0bdc (small blind) folded before Flop


Poker Hand #HD1779097148: Hold'em No Limit ($0.05/$0.1) - 2024/05/19 12:58:34
Table 'NLHRed15' 6-max Seat #4 is the button
Seat 2: Hero ($14.9 in chips)
Seat 3: a4f6a3bb ($5.27 in chips)
Seat 4: 50683e5a ($7.61 in chips)
Seat 5: 6c4b4576 ($11.53 in chips)
Seat 6: f4eb0bdc ($14.13 in chips)
6c4b4576: posts small blind $0.05
f4eb0bdc: posts big blind $0.1
*** HOLE CARDS ***
Dealt to Hero [6s 3h]
Dealt to a4f6a3bb 
Dealt to 50683e5a 
Dealt to 6c4b4576 
Dealt to f4eb0bdc 
Hero: folds
a4f6a3bb: folds
50683e5a: calls $0.1
6c4b4576: folds
f4eb0bdc: raises $0.19 to $0.29
50683e5a: calls $0.19
*** FLOP *** [5h 2c 9s]
f4eb0bdc: checks
50683e5a: checks
*** TURN *** [5h 2c 9s] [5c]
f4eb0bdc: checks
50683e5a: checks
*** RIVER *** [5h 2c 9s 5c] [3s]
f4eb0bdc: bets $0.21
50683e5a: calls $0.21
f4eb0bdc: shows [Jd Qc] (Pair of Fives)
50683e5a: shows [Jc Kd] (Pair of Fives)
*** SHOWDOWN ***
50683e5a collected $1 from pot
*** SUMMARY ***
Total pot $1.05 | Rake $0.05 | Jackpot $0 | Bingo $0 | Fortune $0 | Tax $0
Board [5h 2c 9s 5c 3s]
Seat 2: Hero folded before Flop (didn't bet)
Seat 3: a4f6a3bb folded before Flop (didn't bet)
Seat 4: 50683e5a (button) showed [Jc Kd] and won ($1) with Pair of Fives
Seat 5: 6c4b4576 (small blind) folded before Flop
Seat 6: f4eb0bdc (big blind) showed [Jd Qc] and lost with Pair of Fives


Poker Hand #HD1779097039: Hold'em No Limit ($0.05/$0.1) - 2024/05/19 12:57:23
Table 'NLHRed15' 6-max Seat #3 is the button
Seat 2: Hero ($15.44 in chips)
Seat 3: a4f6a3bb ($4.64 in chips)
Seat 4: 50683e5a ($7.66 in chips)
Seat 5: 6c4b4576 ($11.63 in chips)
Seat 6: f4eb0bdc ($14.13 in chips)
50683e5a: posts small blind $0.05
6c4b4576: posts big blind $0.1
*** HOLE CARDS ***
Dealt to Hero [9c 8c]
Dealt to a4f6a3bb 
Dealt to 50683e5a 
Dealt to 6c4b4576 
Dealt to f4eb0bdc 
f4eb0bdc: folds
Hero: raises $0.14 to $0.24
a4f6a3bb: calls $0.24
50683e5a: folds
6c4b4576: folds
*** FLOP *** [5h Ks Qs]
Hero: checks
a4f6a3bb: checks
*** TURN *** [5h Ks Qs] [6c]
Hero: bets $0.3
a4f6a3bb: calls $0.3
*** RIVER *** [5h Ks Qs 6c] [Td]
Hero: checks
a4f6a3bb: bets $1.23
Hero: folds
Uncalled bet ($1.23) returned to a4f6a3bb
*** SHOWDOWN ***
a4f6a3bb collected $1.17 from pot
*** SUMMARY ***
Total pot $1.23 | Rake $0.06 | Jackpot $0 | Bingo $0 | Fortune $0 | Tax $0
Board [5h Ks Qs 6c Td]
Seat 2: Hero folded on the River
Seat 3: a4f6a3bb (button) won ($1.17)
Seat 4: 50683e5a (small blind) folded before Flop
Seat 5: 6c4b4576 (big blind) folded before Flop
Seat 6: f4eb0bdc folded before Flop (didn't bet)


Poker Hand #HD1779096994: Hold'em No Limit ($0.05/$0.1) - 2024/05/19 12:56:56
Table 'NLHRed15' 6-max Seat #2 is the button
Seat 2: Hero ($15.44 in chips)
Seat 3: a4f6a3bb ($4.37 in chips)
Seat 4: 50683e5a ($7.96 in chips)
Seat 5: 6c4b4576 ($11.63 in chips)
Seat 6: f4eb0bdc ($14.13 in chips)
a4f6a3bb: posts small blind $0.05
50683e5a: posts big blind $0.1
*** HOLE CARDS ***
Dealt to Hero [Kh 4d]
Dealt to a4f6a3bb 
Dealt to 50683e5a 
Dealt to 6c4b4576 
Dealt to f4eb0bdc 
6c4b4576: folds
f4eb0bdc: folds
Hero: folds
a4f6a3bb: raises $0.1 to $0.2
50683e5a: calls $0.1
*** FLOP *** [9d 8d Jc]
a4f6a3bb: bets $0.1
50683e5a: calls $0.1
*** TURN *** [9d 8d Jc] [Ks]
a4f6a3bb: bets $0.2
50683e5a: folds
Uncalled bet ($0.2) returned to a4f6a3bb
*** SHOWDOWN ***
a4f6a3bb collected $0.57 from pot
*** SUMMARY ***
Total pot $0.6 | Rake $0.03 | Jackpot $0 | Bingo $0 | Fortune $0 | Tax $0
Board [9d 8d Jc Ks]
Seat 2: Hero (button) folded before Flop (didn't bet)
Seat 3: a4f6a3bb (small blind) won ($0.57)
Seat 4: 50683e5a (big blind) folded on the Turn
Seat 5: 6c4b4576 folded before Flop (didn't bet)
Seat 6: f4eb0bdc folded before Flop (didn't bet)


Poker Hand #HD1779096949: Hold'em No Limit ($0.05/$0.1) - 2024/05/19 12:56:31
Table 'NLHRed15' 6-max Seat #6 is the button
Seat 2: Hero ($14.98 in chips)
Seat 3: a4f6a3bb ($4.47 in chips)
Seat 4: 50683e5a ($8.36 in chips)
Seat 5: 6c4b4576 ($11.63 in chips)
Seat 6: f4eb0bdc ($14.13 in chips)
Hero: posts small blind $0.05
a4f6a3bb: posts big blind $0.1
*** HOLE CARDS ***
Dealt to Hero [8d 8s]
Dealt to a4f6a3bb 
Dealt to 50683e5a 
Dealt to 6c4b4576 
Dealt to f4eb0bdc 
50683e5a: calls $0.1
6c4b4576: folds
f4eb0bdc: folds
Hero: raises $0.3 to $0.4
a4f6a3bb: folds
50683e5a: calls $0.3
*** FLOP *** [Kd 9s Kh]
Hero: bets $0.3
50683e5a: folds
Uncalled bet ($0.3) returned to Hero
*** SHOWDOWN ***
Hero collected $0.86 from pot
*** SUMMARY ***
Total pot $0.9 | Rake $0.04 | Jackpot $0 | Bingo $0 | Fortune $0 | Tax $0
Board [Kd 9s Kh]
Seat 2: Hero (small blind) won ($0.86)
Seat 3: a4f6a3bb (big blind) folded before Flop
Seat 4: 50683e5a folded on the Flop
Seat 5: 6c4b4576 folded before Flop (didn't bet)
Seat 6: f4eb0bdc (button) folded before Flop (didn't bet)


Poker Hand #HD1779096898: Hold'em No Limit ($0.05/$0.1) - 2024/05/19 12:56:00
Table 'NLHRed15' 6-max Seat #5 is the button
Seat 2: Hero ($15.08 in chips)
Seat 3: a4f6a3bb ($4.47 in chips)
Seat 4: 50683e5a ($8.86 in chips)
Seat 5: 6c4b4576 ($12.13 in chips)
Seat 6: f4eb0bdc ($13.11 in chips)
f4eb0bdc: posts small blind $0.05
Hero: posts big blind $0.1
*** HOLE CARDS ***
Dealt to Hero [Kd 3h]
Dealt to a4f6a3bb 
Dealt to 50683e5a 
Dealt to 6c4b4576 
Dealt to f4eb0bdc 
a4f6a3bb: folds
50683e5a: calls $0.1
6c4b4576: raises $0.2 to $0.3
f4eb0bdc: raises $0.2 to $0.5
Hero: folds
50683e5a: calls $0.4
6c4b4576: calls $0.2
*** FLOP *** [Jh Ks 9s]
f4eb0bdc: bets $0.8
50683e5a: folds
6c4b4576: folds
Uncalled bet ($0.8) returned to f4eb0bdc
*** SHOWDOWN ***
f4eb0bdc collected $1.52 from pot
*** SUMMARY ***
Total pot $1.6 | Rake $0.08 | Jackpot $0 | Bingo $0 | Fortune $0 | Tax $0
Board [Jh Ks 9s]
Seat 2: Hero (big blind) folded before Flop
Seat 3: a4f6a3bb folded before Flop (didn't bet)
Seat 4: 50683e5a folded on the Flop
Seat 5: 6c4b4576 (button) folded on the Flop
Seat 6: f4eb0bdc (small blind) won ($1.52)


Poker Hand #HD1779096873: Hold'em No Limit ($0.05/$0.1) - 2024/05/19 12:55:46
Table 'NLHRed15' 6-max Seat #4 is the button
Seat 1: 45428c3f ($18.62 in chips)
Seat 2: Hero ($15.08 in chips)
Seat 3: a4f6a3bb ($4.32 in chips)
Seat 4: 50683e5a ($8.86 in chips)
Seat 5: 6c4b4576 ($12.18 in chips)
Seat 6: f4eb0bdc ($13.21 in chips)
6c4b4576: posts small blind $0.05
f4eb0bdc: posts big blind $0.1
*** HOLE CARDS ***
Dealt to 45428c3f 
Dealt to Hero [4c 4h]
Dealt to a4f6a3bb 
Dealt to 50683e5a 
Dealt to 6c4b4576 
Dealt to f4eb0bdc 
45428c3f: folds
Hero: folds
a4f6a3bb: raises $0.1 to $0.2
50683e5a: folds
6c4b4576: folds
f4eb0bdc: folds
Uncalled bet ($0.1) returned to a4f6a3bb
*** SHOWDOWN ***
a4f6a3bb collected $0.25 from pot
*** SUMMARY ***
Total pot $0.25 | Rake $0 | Jackpot $0 | Bingo $0 | Fortune $0 | Tax $0
Seat 1: 45428c3f folded before Flop (didn't bet)
Seat 2: Hero folded before Flop (didn't bet)
Seat 3: a4f6a3bb collected ($0.25)
Seat 4: 50683e5a (button) folded before Flop (didn't bet)
Seat 5: 6c4b4576 (small blind) folded before Flop
Seat 6: f4eb0bdc (big blind) folded before Flop


Poker Hand #HD1779096790: Hold'em No Limit ($0.05/$0.1) - 2024/05/19 12:54:51
Table 'NLHRed15' 6-max Seat #3 is the button
Seat 1: 45428c3f ($18.62 in chips)
Seat 2: Hero ($15.08 in chips)
Seat 3: a4f6a3bb ($4.65 in chips)
Seat 4: 50683e5a ($8.46 in chips)
Seat 5: 6c4b4576 ($12.28 in chips)
Seat 6: f4eb0bdc ($13.21 in chips)
50683e5a: posts small blind $0.05
6c4b4576: posts big blind $0.1
*** HOLE CARDS ***
Dealt to 45428c3f 
Dealt to Hero [6h 8s]
Dealt to a4f6a3bb 
Dealt to 50683e5a 
Dealt to 6c4b4576 
Dealt to f4eb0bdc 
f4eb0bdc: folds
45428c3f: folds
Hero: folds
a4f6a3bb: calls $0.1
50683e5a: calls $0.05
6c4b4576: checks
*** FLOP *** [7c 7d 8c]
50683e5a: checks
6c4b4576: checks
a4f6a3bb: bets $0.23
50683e5a: calls $0.23
6c4b4576: folds
*** TURN *** [7c 7d 8c] [2h]
50683e5a: checks
a4f6a3bb: checks
*** RIVER *** [7c 7d 8c 2h] [8h]
50683e5a: bets $0.76
a4f6a3bb: folds
Uncalled bet ($0.76) returned to 50683e5a
*** SHOWDOWN ***
50683e5a collected $0.73 from pot
*** SUMMARY ***
Total pot $0.76 | Rake $0.03 | Jackpot $0 | Bingo $0 | Fortune $0 | Tax $0
Board [7c 7d 8c 2h 8h]
Seat 1: 45428c3f folded before Flop (didn't bet)
Seat 2: Hero folded before Flop (didn't bet)
Seat 3: a4f6a3bb (button) folded on the River
Seat 4: 50683e5a (small blind) won ($0.73)
Seat 5: 6c4b4576 (big blind) folded on the Flop
Seat 6: f4eb0bdc folded before Flop (didn't bet)


Poker Hand #HD1779096746: Hold'em No Limit ($0.05/$0.1) - 2024/05/19 12:54:19
Table 'NLHRed15' 6-max Seat #2 is the button
Seat 1: 45428c3f ($18.62 in chips)
Seat 2: Hero ($15.08 in chips)
Seat 3: a4f6a3bb ($4.9 in chips)
Seat 4: 50683e5a ($8.71 in chips)
Seat 5: 6c4b4576 ($12.53 in chips)
Seat 6: f4eb0bdc ($12.51 in chips)
a4f6a3bb: posts small blind $0.05
50683e5a: posts big blind $0.1
*** HOLE CARDS ***
Dealt to 45428c3f 
Dealt to Hero [Tc Ad]
Dealt to a4f6a3bb 
Dealt to 50683e5a 
Dealt to 6c4b4576 
Dealt to f4eb0bdc 
6c4b4576: raises $0.15 to $0.25
f4eb0bdc: calls $0.25
45428c3f: folds
Hero: folds
a4f6a3bb: calls $0.2
50683e5a: calls $0.15
*** FLOP *** [8h Qd Td]
a4f6a3bb: checks
50683e5a: checks
6c4b4576: checks
f4eb0bdc: bets $0.5
a4f6a3bb: folds
50683e5a: folds
6c4b4576: folds
Uncalled bet ($0.5) returned to f4eb0bdc
*** SHOWDOWN ***
f4eb0bdc collected $0.95 from pot
*** SUMMARY ***
Total pot $1 | Rake $0.05 | Jackpot $0 | Bingo $0 | Fortune $0 | Tax $0
Board [8h Qd Td]
Seat 1: 45428c3f folded before Flop (didn't bet)
Seat 2: Hero (button) folded before Flop (didn't bet)
Seat 3: a4f6a3bb (small blind) folded on the Flop
Seat 4: 50683e5a (big blind) folded on the Flop
Seat 5: 6c4b4576 folded on the Flop
Seat 6: f4eb0bdc won ($0.95)


Poker Hand #HD1779096696: Hold'em No Limit ($0.05/$0.1) - 2024/05/19 12:53:49
Table 'NLHRed15' 6-max Seat #1 is the button
Seat 1: 45428c3f ($18.62 in chips)
Seat 2: Hero ($15.13 in chips)
Seat 3: a4f6a3bb ($5 in chips)
Seat 4: 50683e5a ($8.57 in chips)
Seat 5: 6c4b4576 ($12.53 in chips)
Seat 6: f4eb0bdc ($12.51 in chips)
Hero: posts small blind $0.05
a4f6a3bb: posts big blind $0.1
*** HOLE CARDS ***
Dealt to 45428c3f 
Dealt to Hero [5d Jc]
Dealt to a4f6a3bb 
Dealt to 50683e5a 
Dealt to 6c4b4576 
Dealt to f4eb0bdc 
50683e5a: calls $0.1
6c4b4576: folds
f4eb0bdc: folds
45428c3f: folds
Hero: folds
a4f6a3bb: checks
*** FLOP *** [2h Jh Qd]
a4f6a3bb: checks
50683e5a: checks
*** TURN *** [2h Jh Qd] [4d]
a4f6a3bb: checks
50683e5a: checks
*** RIVER *** [2h Jh Qd 4d] [6d]
a4f6a3bb: checks
50683e5a: checks
a4f6a3bb: shows [As 3h] (Ace-High)
50683e5a: shows [Ah 7s] (Ace-High)
*** SHOWDOWN ***
50683e5a collected $0.24 from pot
*** SUMMARY ***
Total pot $0.25 | Rake $0.01 | Jackpot $0 | Bingo $0 | Fortune $0 | Tax $0
Board [2h Jh Qd 4d 6d]
Seat 1: 45428c3f (button) folded before Flop (didn't bet)
Seat 2: Hero (small blind) folded before Flop
Seat 3: a4f6a3bb (big blind) showed [As 3h] and lost with Ace-High
Seat 4: 50683e5a showed [Ah 7s] and won ($0.24) with Ace-High
Seat 5: 6c4b4576 folded before Flop (didn't bet)
Seat 6: f4eb0bdc folded before Flop (didn't bet)


Poker Hand #HD1779096678: Hold'em No Limit ($0.05/$0.1) - 2024/05/19 12:53:38
Table 'NLHRed15' 6-max Seat #6 is the button
Seat 1: 45428c3f ($18.67 in chips)
Seat 2: Hero ($15.08 in chips)
Seat 4: 50683e5a ($8.57 in chips)
Seat 5: 6c4b4576 ($12.53 in chips)
Seat 6: f4eb0bdc ($12.51 in chips)
45428c3f: posts small blind $0.05
Hero: posts big blind $0.1
*** HOLE CARDS ***
Dealt to 45428c3f 
Dealt to Hero [2d Ac]
Dealt to 50683e5a 
Dealt to 6c4b4576 
Dealt to f4eb0bdc 
50683e5a: folds
6c4b4576: folds
f4eb0bdc: folds
45428c3f: folds
Uncalled bet ($0.05) returned to Hero
*** SHOWDOWN ***
Hero collected $0.1 from pot
*** SUMMARY ***
Total pot $0.1 | Rake $0 | Jackpot $0 | Bingo $0 | Fortune $0 | Tax $0
Seat 1: 45428c3f (small blind) folded before Flop
Seat 2: Hero (big blind) collected ($0.1)
Seat 4: 50683e5a folded before Flop (didn't bet)
Seat 5: 6c4b4576 folded before Flop (didn't bet)
Seat 6: f4eb0bdc (button) folded before Flop (didn't bet)


Poker Hand #HD1779096607: Hold'em No Limit ($0.05/$0.1) - 2024/05/19 12:52:56
Table 'NLHRed15' 6-max Seat #5 is the button
Seat 1: 45428c3f ($18.77 in chips)
Seat 2: Hero ($15.08 in chips)
Seat 4: 50683e5a ($8.67 in chips)
Seat 5: 6c4b4576 ($10.04 in chips)
Seat 6: f4eb0bdc ($15.17 in chips)
f4eb0bdc: posts small blind $0.05
45428c3f: posts big blind $0.1
*** HOLE CARDS ***
Dealt to 45428c3f 
Dealt to Hero [7s 2h]
Dealt to 50683e5a 
Dealt to 6c4b4576 
Dealt to f4eb0bdc 
Hero: folds
50683e5a: calls $0.1
6c4b4576: raises $0.2 to $0.3
f4eb0bdc: raises $0.2 to $0.5
45428c3f: folds
50683e5a: folds
6c4b4576: calls $0.2
*** FLOP *** [4d Th 2c]
f4eb0bdc: bets $0.4
6c4b4576: calls $0.4
*** TURN *** [4d Th 2c] [7d]
f4eb0bdc: bets $0.66
6c4b4576: calls $0.66
*** RIVER *** [4d Th 2c 7d] [6s]
f4eb0bdc: bets $1.1
6c4b4576: calls $1.1
f4eb0bdc: shows [Ac Qd] (Ace-High)
6c4b4576: shows [Kh Tc] (Pair of Tens)
*** SHOWDOWN ***
6c4b4576 collected $5.15 from pot
*** SUMMARY ***
Total pot $5.52 | Rake $0.27 | Jackpot $0.1 | Bingo $0 | Fortune $0 | Tax $0
Board [4d Th 2c 7d 6s]
Seat 1: 45428c3f (big blind) folded before Flop
Seat 2: Hero folded before Flop (didn't bet)
Seat 4: 50683e5a folded before Flop
Seat 5: 6c4b4576 (button) showed [Kh Tc] and won ($5.15) with Pair of Tens
Seat 6: f4eb0bdc (small blind) showed [Ac Qd] and lost with Ace-High


Poker Hand #HD1779096596: Hold'em No Limit ($0.05/$0.1) - 2024/05/19 12:52:46
Table 'NLHRed15' 6-max Seat #4 is the button
Seat 1: 45428c3f ($18.77 in chips)
Seat 2: Hero ($15.08 in chips)
Seat 4: 50683e5a ($8.67 in chips)
Seat 5: 6c4b4576 ($10.09 in chips)
Seat 6: f4eb0bdc ($15.12 in chips)
6c4b4576: posts small blind $0.05
f4eb0bdc: posts big blind $0.1
*** HOLE CARDS ***
Dealt to 45428c3f 
Dealt to Hero [9c Kd]
Dealt to 50683e5a 
Dealt to 6c4b4576 
Dealt to f4eb0bdc 
45428c3f: folds
Hero: folds
50683e5a: folds
6c4b4576: folds
Uncalled bet ($0.05) returned to f4eb0bdc
*** SHOWDOWN ***
f4eb0bdc collected $0.1 from pot
*** SUMMARY ***
Total pot $0.1 | Rake $0 | Jackpot $0 | Bingo $0 | Fortune $0 | Tax $0
Seat 1: 45428c3f folded before Flop (didn't bet)
Seat 2: Hero folded before Flop (didn't bet)
Seat 4: 50683e5a (button) folded before Flop (didn't bet)
Seat 5: 6c4b4576 (small blind) folded before Flop
Seat 6: f4eb0bdc (big blind) collected ($0.1)


Poker Hand #HD1779096496: Hold'em No Limit ($0.05/$0.1) - 2024/05/19 12:51:47
Table 'NLHRed15' 6-max Seat #3 is the button
Seat 1: 45428c3f ($18.77 in chips)
Seat 2: Hero ($10.23 in chips)
Seat 3: 1ae56af0 ($5.13 in chips)
Seat 4: 50683e5a ($8.91 in chips)
Seat 5: 6c4b4576 ($10.19 in chips)
Seat 6: f4eb0bdc ($15.12 in chips)
50683e5a: posts small blind $0.05
6c4b4576: posts big blind $0.1
*** HOLE CARDS ***
Dealt to 45428c3f 
Dealt to Hero [Ks Kh]
Dealt to 1ae56af0 
Dealt to 50683e5a 
Dealt to 6c4b4576 
Dealt to f4eb0bdc 
f4eb0bdc: folds
45428c3f: folds
Hero: raises $0.14 to $0.24
1ae56af0: calls $0.24
50683e5a: calls $0.19
6c4b4576: folds
*** FLOP *** [Jd 2c Th]
50683e5a: checks
Hero: bets $0.4
1ae56af0: calls $0.4
50683e5a: folds
*** TURN *** [Jd 2c Th] [Kc]
Hero: bets $1.1
1ae56af0: calls $1.1
*** RIVER *** [Jd 2c Th Kc] [Jh]
Hero: bets $8.49 and is all-in
1ae56af0: calls $3.39 and is all-in
Uncalled bet ($5.1) returned to Hero
Hero: shows [Ks Kh] (Kings Full over Jacks)
1ae56af0: shows [Qc Jc] (Three Jacks)
*** SHOWDOWN ***
Hero collected $9.98 from pot
*** SUMMARY ***
Total pot $10.6 | Rake $0.52 | Jackpot $0.1 | Bingo $0 | Fortune $0 | Tax $0
Board [Jd 2c Th Kc Jh]
Seat 1: 45428c3f folded before Flop (didn't bet)
Seat 2: Hero showed [Ks Kh] and won ($9.98) with Kings Full over Jacks
Seat 3: 1ae56af0 (button) showed [Qc Jc] and lost with Three Jacks
Seat 4: 50683e5a (small blind) folded on the Flop
Seat 5: 6c4b4576 (big blind) folded before Flop
Seat 6: f4eb0bdc folded before Flop (didn't bet)


Poker Hand #HD1779096389: Hold'em No Limit ($0.05/$0.1) - 2024/05/19 12:50:41
Table 'NLHRed15' 6-max Seat #2 is the button
Seat 1: 45428c3f ($17.88 in chips)
Seat 2: Hero ($10.23 in chips)
Seat 3: 1ae56af0 ($5.18 in chips)
Seat 4: 50683e5a ($9.84 in chips)
Seat 5: 6c4b4576 ($10.19 in chips)
Seat 6: f4eb0bdc ($15.12 in chips)
1ae56af0: posts small blind $0.05
50683e5a: posts big blind $0.1
*** HOLE CARDS ***
Dealt to 45428c3f 
Dealt to Hero [As 2s]
Dealt to 1ae56af0 
Dealt to 50683e5a 
Dealt to 6c4b4576 
Dealt to f4eb0bdc 
6c4b4576: folds
f4eb0bdc: folds
45428c3f: raises $0.15 to $0.25
Hero: folds
1ae56af0: folds
50683e5a: calls $0.15
*** FLOP *** [7h Td 3c]
50683e5a: bets $0.2
45428c3f: raises $0.48 to $0.68
50683e5a: calls $0.48
*** TURN *** [7h Td 3c] [7d]
50683e5a: checks
45428c3f: checks
*** RIVER *** [7h Td 3c 7d] [4c]
50683e5a: checks
45428c3f: bets $1.44
50683e5a: folds
Uncalled bet ($1.44) returned to 45428c3f
*** SHOWDOWN ***
45428c3f collected $1.82 from pot
*** SUMMARY ***
Total pot $1.91 | Rake $0.09 | Jackpot $0 | Bingo $0 | Fortune $0 | Tax $0
Board [7h Td 3c 7d 4c]
Seat 1: 45428c3f won ($1.82)
Seat 2: Hero (button) folded before Flop (didn't bet)
Seat 3: 1ae56af0 (small blind) folded before Flop
Seat 4: 50683e5a (big blind) folded on the River
Seat 5: 6c4b4576 folded before Flop (didn't bet)
Seat 6: f4eb0bdc folded before Flop (didn't bet)


Poker Hand #HD1779096363: Hold'em No Limit ($0.05/$0.1) - 2024/05/19 12:50:28
Table 'NLHRed15' 6-max Seat #1 is the button
Seat 1: 45428c3f ($17.88 in chips)
Seat 2: Hero ($10.28 in chips)
Seat 3: 1ae56af0 ($5.28 in chips)
Seat 4: 50683e5a ($9.84 in chips)
Seat 5: 6c4b4576 ($10.04 in chips)
Seat 6: f4eb0bdc ($15.12 in chips)
Hero: posts small blind $0.05
1ae56af0: posts big blind $0.1
*** HOLE CARDS ***
Dealt to 45428c3f 
Dealt to Hero [9d 3h]
Dealt to 1ae56af0 
Dealt to 50683e5a 
Dealt to 6c4b4576 
Dealt to f4eb0bdc 
50683e5a: folds
6c4b4576: raises $0.25 to $0.35
f4eb0bdc: folds
45428c3f: folds
Hero: folds
1ae56af0: folds
Uncalled bet ($0.25) returned to 6c4b4576
*** SHOWDOWN ***
6c4b4576 collected $0.25 from pot
*** SUMMARY ***
Total pot $0.25 | Rake $0 | Jackpot $0 | Bingo $0 | Fortune $0 | Tax $0
Seat 1: 45428c3f (button) folded before Flop (didn't bet)
Seat 2: Hero (small blind) folded before Flop
Seat 3: 1ae56af0 (big blind) folded before Flop
Seat 4: 50683e5a folded before Flop (didn't bet)
Seat 5: 6c4b4576 collected ($0.25)
Seat 6: f4eb0bdc folded before Flop (didn't bet)


Poker Hand #HD1779096297: Hold'em No Limit ($0.05/$0.1) - 2024/05/19 12:49:51
Table 'NLHRed15' 6-max Seat #6 is the button
Seat 1: 45428c3f ($17.93 in chips)
Seat 2: Hero ($10 in chips)
Seat 3: 1ae56af0 ($5.28 in chips)
Seat 4: 50683e5a ($9.84 in chips)
Seat 5: 6c4b4576 ($10.29 in chips)
Seat 6: f4eb0bdc ($15.12 in chips)
45428c3f: posts small blind $0.05
Hero: posts big blind $0.1
*** HOLE CARDS ***
Dealt to 45428c3f 
Dealt to Hero [Ks 9s]
Dealt to 1ae56af0 
Dealt to 50683e5a 
Dealt to 6c4b4576 
Dealt to f4eb0bdc 
1ae56af0: folds
50683e5a: folds
6c4b4576: raises $0.15 to $0.25
f4eb0bdc: folds
45428c3f: folds
Hero: calls $0.15
*** FLOP *** [2h 3h 4h]
Hero: checks
6c4b4576: checks
*** TURN *** [2h 3h 4h] [8s]
Hero: checks
6c4b4576: checks
*** RIVER *** [2h 3h 4h 8s] [Ts]
Hero: bets $0.3
6c4b4576: folds
Uncalled bet ($0.3) returned to Hero
*** SHOWDOWN ***
Hero collected $0.53 from pot
*** SUMMARY ***
Total pot $0.55 | Rake $0.02 | Jackpot $0 | Bingo $0 | Fortune $0 | Tax $0
Board [2h 3h 4h 8s Ts]
Seat 1: 45428c3f (small blind) folded before Flop
Seat 2: Hero (big blind) won ($0.53)
Seat 3: 1ae56af0 folded before Flop (didn't bet)
Seat 4: 50683e5a folded before Flop (didn't bet)
Seat 5: 6c4b4576 folded on the River
Seat 6: f4eb0bdc (button) folded before Flop (didn't bet)


Poker Hand #HD1779096254: Hold'em No Limit ($0.05/$0.1) - 2024/05/19 12:49:24
Table 'NLHRed15' 6-max Seat #5 is the button
Seat 1: 45428c3f ($17.32 in chips)
Seat 2: Hero ($10 in chips)
Seat 3: 1ae56af0 ($5.58 in chips)
Seat 4: 50683e5a ($10.14 in chips)
Seat 5: 6c4b4576 ($10.29 in chips)
Seat 6: f4eb0bdc ($15.17 in chips)
f4eb0bdc: posts small blind $0.05
45428c3f: posts big blind $0.1
*** HOLE CARDS ***
Dealt to 45428c3f 
Dealt to Hero [4d Qd]
Dealt to 1ae56af0 
Dealt to 50683e5a 
Dealt to 6c4b4576 
Dealt to f4eb0bdc 
Hero: folds
1ae56af0: raises $0.2 to $0.3
50683e5a: calls $0.3
6c4b4576: folds
f4eb0bdc: folds
45428c3f: raises $1.43 to $1.73
1ae56af0: folds
50683e5a: folds
Uncalled bet ($1.43) returned to 45428c3f
*** SHOWDOWN ***
45428c3f collected $0.91 from pot
*** SUMMARY ***
Total pot $0.95 | Rake $0.04 | Jackpot $0 | Bingo $0 | Fortune $0 | Tax $0
Seat 1: 45428c3f (big blind) collected ($0.91)
Seat 2: Hero folded before Flop (didn't bet)
Seat 3: 1ae56af0 folded before Flop
Seat 4: 50683e5a folded before Flop
Seat 5: 6c4b4576 (button) folded before Flop (didn't bet)
Seat 6: f4eb0bdc (small blind) folded before Flop


Poker Hand #HD1779096229: Hold'em No Limit ($0.05/$0.1) - 2024/05/19 12:49:10
Table 'NLHRed15' 6-max Seat #4 is the button
Seat 1: 45428c3f ($17.32 in chips)
Seat 2: Hero ($10 in chips)
Seat 3: 1ae56af0 ($5.58 in chips)
Seat 4: 50683e5a ($10.14 in chips)
Seat 5: 6c4b4576 ($10.19 in chips)
Seat 6: f4eb0bdc ($15.27 in chips)
6c4b4576: posts small blind $0.05
f4eb0bdc: posts big blind $0.1
*** HOLE CARDS ***
Dealt to 45428c3f 
Dealt to Hero [5h 2s]
Dealt to 1ae56af0 
Dealt to 50683e5a 
Dealt to 6c4b4576 
Dealt to f4eb0bdc 
45428c3f: folds
Hero: folds
1ae56af0: folds
50683e5a: folds
6c4b4576: raises $0.15 to $0.25
f4eb0bdc: folds
Uncalled bet ($0.15) returned to 6c4b4576
*** SHOWDOWN ***
6c4b4576 collected $0.2 from pot
*** SUMMARY ***
Total pot $0.2 | Rake $0 | Jackpot $0 | Bingo $0 | Fortune $0 | Tax $0
Seat 1: 45428c3f folded before Flop (didn't bet)
Seat 2: Hero folded before Flop (didn't bet)
Seat 3: 1ae56af0 folded before Flop (didn't bet)
Seat 4: 50683e5a (button) folded before Flop (didn't bet)
Seat 5: 6c4b4576 (small blind) collected ($0.2)
Seat 6: f4eb0bdc (big blind) folded before Flop


Poker Hand #HD1779096177: Hold'em No Limit ($0.05/$0.1) - 2024/05/19 12:48:39
Table 'NLHRed15' 6-max Seat #3 is the button
Seat 1: 45428c3f ($17.32 in chips)
Seat 2: Hero ($10 in chips)
Seat 3: 1ae56af0 ($5.58 in chips)
Seat 4: 50683e5a ($10.24 in chips)
Seat 5: 6c4b4576 ($10 in chips)
Seat 6: f4eb0bdc ($15.37 in chips)
50683e5a: posts small blind $0.05
6c4b4576: posts big blind $0.1
*** HOLE CARDS ***
Dealt to 45428c3f 
Dealt to Hero [Tc Jh]
Dealt to 1ae56af0 
Dealt to 50683e5a 
Dealt to 6c4b4576 
Dealt to f4eb0bdc 
f4eb0bdc: calls $0.1
45428c3f: folds
Hero: folds
1ae56af0: folds
50683e5a: calls $0.05
6c4b4576: checks
*** FLOP *** [6h 8h 4d]
50683e5a: checks
6c4b4576: bets $0.23
f4eb0bdc: folds
50683e5a: folds
Uncalled bet ($0.23) returned to 6c4b4576
*** SHOWDOWN ***
6c4b4576 collected $0.29 from pot
*** SUMMARY ***
Total pot $0.3 | Rake $0.01 | Jackpot $0 | Bingo $0 | Fortune $0 | Tax $0
Board [6h 8h 4d]
Seat 1: 45428c3f folded before Flop (didn't bet)
Seat 2: Hero folded before Flop (didn't bet)
Seat 3: 1ae56af0 (button) folded before Flop (didn't bet)
Seat 4: 50683e5a (small blind) folded on the Flop
Seat 5: 6c4b4576 (big blind) won ($0.29)
Seat 6: f4eb0bdc folded on the Flop


Poker Hand #HD1779096076: Hold'em No Limit ($0.05/$0.1) - 2024/05/19 12:47:40
Table 'NLHRed15' 6-max Seat #2 is the button
Seat 1: 45428c3f ($17.32 in chips)
Seat 2: Hero ($10 in chips)
Seat 3: 1ae56af0 ($5.63 in chips)
Seat 4: 50683e5a ($8.72 in chips)
Seat 5: 6c4b4576 ($10 in chips)
Seat 6: f4eb0bdc ($15.37 in chips)
1ae56af0: posts small blind $0.05
50683e5a: posts big blind $0.1
*** HOLE CARDS ***
Dealt to 45428c3f 
Dealt to Hero [Ks Qd]
Dealt to 1ae56af0 
Dealt to 50683e5a 
Dealt to 6c4b4576 
Dealt to f4eb0bdc 
6c4b4576: raises $0.2 to $0.3
f4eb0bdc: folds
45428c3f: folds
Hero: calls $0.3
1ae56af0: folds
50683e5a: calls $0.2
*** FLOP *** [9h As 4c]
50683e5a: checks
6c4b4576: checks
Hero: checks
*** TURN *** [9h As 4c] [Qh]
50683e5a: bets $0.48
6c4b4576: folds
Hero: calls $0.48
*** RIVER *** [9h As 4c Qh] [9s]
50683e5a: bets $0.64
Hero: calls $0.64
50683e5a: shows [Ad Js] (Pair of Aces and Pair of Nines)
Hero: shows [Ks Qd] (Pair of Queens and Pair of Nines)
*** SHOWDOWN ***
50683e5a collected $2.94 from pot
*** SUMMARY ***
Total pot $3.19 | Rake $0.15 | Jackpot $0.1 | Bingo $0 | Fortune $0 | Tax $0
Board [9h As 4c Qh 9s]
Seat 1: 45428c3f folded before Flop (didn't bet)
Seat 2: Hero (button) showed [Ks Qd] and lost with Pair of Queens and Pair of Nines
Seat 3: 1ae56af0 (small blind) folded before Flop
Seat 4: 50683e5a (big blind) showed [Ad Js] and won ($2.94) with Pair of Aces and Pair of Nines
Seat 5: 6c4b4576 folded on the Turn
Seat 6: f4eb0bdc folded before Flop (didn't bet)


Poker Hand #HD1779095999: Hold'em No Limit ($0.05/$0.1) - 2024/05/19 12:46:50
Table 'NLHRed15' 6-max Seat #1 is the button
Seat 1: 45428c3f ($17.32 in chips)
Seat 2: Hero ($10 in chips)
Seat 3: 1ae56af0 ($6.25 in chips)
Seat 4: 50683e5a ($4.3 in chips)
Seat 5: 6c4b4576 ($10 in chips)
Seat 6: f4eb0bdc ($15.37 in chips)
Hero: posts small blind $0.05
1ae56af0: posts big blind $0.1
*** HOLE CARDS ***
Dealt to 45428c3f 
Dealt to Hero [Th 9d]
Dealt to 1ae56af0 
Dealt to 50683e5a 
Dealt to 6c4b4576 
Dealt to f4eb0bdc 
50683e5a: raises $0.1 to $0.2
6c4b4576: raises $0.42 to $0.62
f4eb0bdc: folds
45428c3f: folds
Hero: folds
1ae56af0: calls $0.52
50683e5a: calls $0.42
*** FLOP *** [6c 5c As]
1ae56af0: checks
50683e5a: bets $0.64
6c4b4576: calls $0.64
1ae56af0: folds
*** TURN *** [6c 5c As] [Qc]
50683e5a: checks
6c4b4576: bets $3.19
50683e5a: calls $3.04 and is all-in
Uncalled bet ($0.15) returned to 6c4b4576
6c4b4576: shows [Ad Jh] (Pair of Aces)
50683e5a: shows [7c Ac] (Ace High Flush)
*** RIVER *** [6c 5c As Qc] [6d]
*** SHOWDOWN ***
50683e5a collected $8.72 from pot
*** SUMMARY ***
Total pot $9.27 | Rake $0.45 | Jackpot $0.1 | Bingo $0 | Fortune $0 | Tax $0
Board [6c 5c As Qc 6d]
Seat 1: 45428c3f (button) folded before Flop (didn't bet)
Seat 2: Hero (small blind) folded before Flop
Seat 3: 1ae56af0 (big blind) folded on the Flop
Seat 4: 50683e5a showed [7c Ac] and won ($8.72) with Ace High Flush
Seat 5: 6c4b4576 showed [Ad Jh] and lost with Pair of Aces and Pair of Sixes
Seat 6: f4eb0bdc folded before Flop (didn't bet)


Poker Hand #HD1779095950: Hold'em No Limit ($0.05/$0.1) - 2024/05/19 12:46:17
Table 'NLHRed15' 6-max Seat #6 is the button
Seat 1: 45428c3f ($17.13 in chips)
Seat 2: Hero ($10 in chips)
Seat 3: 1ae56af0 ($6.25 in chips)
Seat 4: 50683e5a ($4.4 in chips)
Seat 5: 6c4b4576 ($10 in chips)
Seat 6: f4eb0bdc ($15.37 in chips)
45428c3f: posts small blind $0.05
Hero: posts big blind $0.1
*** HOLE CARDS ***
Dealt to 45428c3f 
Dealt to Hero [Jc Qs]
Dealt to 1ae56af0 
Dealt to 50683e5a 
Dealt to 6c4b4576 
Dealt to f4eb0bdc 
1ae56af0: folds
50683e5a: calls $0.1
6c4b4576: folds
f4eb0bdc: folds
45428c3f: raises $0.45 to $0.55
Hero: folds
50683e5a: folds
Uncalled bet ($0.45) returned to 45428c3f
*** SHOWDOWN ***
45428c3f collected $0.29 from pot
*** SUMMARY ***
Total pot $0.3 | Rake $0.01 | Jackpot $0 | Bingo $0 | Fortune $0 | Tax $0
Seat 1: 45428c3f (small blind) collected ($0.29)
Seat 2: Hero (big blind) folded before Flop
Seat 3: 1ae56af0 folded before Flop (didn't bet)
Seat 4: 50683e5a folded before Flop
Seat 5: 6c4b4576 folded before Flop (didn't bet)
Seat 6: f4eb0bdc (button) folded before Flop (didn't bet)


Poker Hand #HD1779095892: Hold'em No Limit ($0.05/$0.1) - 2024/05/19 12:45:34
Table 'NLHRed15' 6-max Seat #5 is the button
Seat 1: 45428c3f ($17.23 in chips)
Seat 2: Hero ($10 in chips)
Seat 3: 1ae56af0 ($5.47 in chips)
Seat 4: 50683e5a ($4.4 in chips)
Seat 5: 6c4b4576 ($10 in chips)
Seat 6: f4eb0bdc ($15.42 in chips)
f4eb0bdc: posts small blind $0.05
45428c3f: posts big blind $0.1
*** HOLE CARDS ***
Dealt to 45428c3f 
Dealt to Hero [Qh Js]
Dealt to 1ae56af0 
Dealt to 50683e5a 
Dealt to 6c4b4576 
Dealt to f4eb0bdc 
Hero: raises $0.1 to $0.2
1ae56af0: calls $0.2
50683e5a: folds
6c4b4576: folds
f4eb0bdc: folds
45428c3f: folds
*** FLOP *** [Ad Jc Jh]
Hero: checks
1ae56af0: checks
*** TURN *** [Ad Jc Jh] [7d]
Hero: bets $0.19
1ae56af0: calls $0.19
*** RIVER *** [Ad Jc Jh 7d] [Ac]
Hero: bets $0.31
1ae56af0: raises $1.55 to $1.86
Hero: folds
Uncalled bet ($1.55) returned to 1ae56af0
*** SHOWDOWN ***
1ae56af0 collected $1.48 from pot
*** SUMMARY ***
Total pot $1.55 | Rake $0.07 | Jackpot $0 | Bingo $0 | Fortune $0 | Tax $0
Board [Ad Jc Jh 7d Ac]
Seat 1: 45428c3f (big blind) folded before Flop
Seat 2: Hero folded on the River
Seat 3: 1ae56af0 won ($1.48)
Seat 4: 50683e5a folded before Flop (didn't bet)
Seat 5: 6c4b4576 (button) folded before Flop (didn't bet)
Seat 6: f4eb0bdc (small blind) folded before Flop


Poker Hand #HD1779095815: Hold'em No Limit ($0.05/$0.1) - 2024/05/19 12:44:50
Table 'NLHRed15' 6-max Seat #4 is the button
Seat 1: 45428c3f ($17.23 in chips)
Seat 2: Hero ($10 in chips)
Seat 3: 1ae56af0 ($5.47 in chips)
Seat 4: 50683e5a ($3.4 in chips)
Seat 5: 6c4b4576 ($10.26 in chips)
Seat 6: f4eb0bdc ($15.52 in chips)
6c4b4576: posts small blind $0.05
f4eb0bdc: posts big blind $0.1
*** HOLE CARDS ***
Dealt to 45428c3f 
Dealt to Hero [Tc 5h]
Dealt to 1ae56af0 
Dealt to 50683e5a 
Dealt to 6c4b4576 
Dealt to f4eb0bdc 
45428c3f: folds
Hero: folds
1ae56af0: folds
50683e5a: raises $0.2 to $0.3
6c4b4576: calls $0.25
f4eb0bdc: folds
*** FLOP *** [7d Ks Ah]
6c4b4576: checks
50683e5a: checks
*** TURN *** [7d Ks Ah] [4c]
6c4b4576: checks
50683e5a: checks
*** RIVER *** [7d Ks Ah 4c] [7s]
6c4b4576: checks
50683e5a: bets $0.7
6c4b4576: calls $0.7
50683e5a: shows [Kd Ac] (Pair of Aces and Pair of Kings)
6c4b4576: shows [Kh Td] (Pair of Kings and Pair of Sevens)
*** SHOWDOWN ***
50683e5a collected $2 from pot
*** SUMMARY ***
Total pot $2.1 | Rake $0.1 | Jackpot $0 | Bingo $0 | Fortune $0 | Tax $0
Board [7d Ks Ah 4c 7s]
Seat 1: 45428c3f folded before Flop (didn't bet)
Seat 2: Hero folded before Flop (didn't bet)
Seat 3: 1ae56af0 folded before Flop (didn't bet)
Seat 4: 50683e5a (button) showed [Kd Ac] and won ($2) with Pair of Aces and Pair of Kings
Seat 5: 6c4b4576 (small blind) showed [Kh Td] and lost with Pair of Kings and Pair of Sevens
Seat 6: f4eb0bdc (big blind) folded before Flop


Poker Hand #HD1779095769: Hold'em No Limit ($0.05/$0.1) - 2024/05/19 12:44:17
Table 'NLHRed15' 6-max Seat #3 is the button
Seat 1: 45428c3f ($17.23 in chips)
Seat 2: Hero ($10 in chips)
Seat 3: 1ae56af0 ($5.47 in chips)
Seat 4: 50683e5a ($3.7 in chips)
Seat 5: 6c4b4576 ($10.36 in chips)
Seat 6: f4eb0bdc ($15.15 in chips)
50683e5a: posts small blind $0.05
6c4b4576: posts big blind $0.1
*** HOLE CARDS ***
Dealt to 45428c3f 
Dealt to Hero [Kc 6c]
Dealt to 1ae56af0 
Dealt to 50683e5a 
Dealt to 6c4b4576 
Dealt to f4eb0bdc 
f4eb0bdc: raises $0.2 to $0.3
45428c3f: folds
Hero: folds
1ae56af0: folds
50683e5a: calls $0.25
6c4b4576: folds
*** FLOP *** [2d 5s 3c]
50683e5a: checks
f4eb0bdc: checks
*** TURN *** [2d 5s 3c] [7s]
50683e5a: checks
f4eb0bdc: checks
*** RIVER *** [2d 5s 3c 7s] [5c]
50683e5a: checks
f4eb0bdc: checks
50683e5a: shows [Jd Qd] (Pair of Fives)
f4eb0bdc: shows [Ah Tc] (Pair of Fives)
*** SHOWDOWN ***
f4eb0bdc collected $0.67 from pot
*** SUMMARY ***
Total pot $0.7 | Rake $0.03 | Jackpot $0 | Bingo $0 | Fortune $0 | Tax $0
Board [2d 5s 3c 7s 5c]
Seat 1: 45428c3f folded before Flop (didn't bet)
Seat 2: Hero folded before Flop (didn't bet)
Seat 3: 1ae56af0 (button) folded before Flop (didn't bet)
Seat 4: 50683e5a (small blind) showed [Jd Qd] and lost with Pair of Fives
Seat 5: 6c4b4576 (big blind) folded before Flop
Seat 6: f4eb0bdc showed [Ah Tc] and won ($0.67) with Pair of Fives


Poker Hand #HD1779095714: Hold'em No Limit ($0.05/$0.1) - 2024/05/19 12:43:40
Table 'NLHRed15' 6-max Seat #2 is the button
Seat 1: 45428c3f ($17.23 in chips)
Seat 2: Hero ($10 in chips)
Seat 3: 1ae56af0 ($6.07 in chips)
Seat 4: 50683e5a ($3.16 in chips)
Seat 5: 6c4b4576 ($10.36 in chips)
Seat 6: f4eb0bdc ($15.15 in chips)
1ae56af0: posts small blind $0.05
50683e5a: posts big blind $0.1
*** HOLE CARDS ***
Dealt to 45428c3f 
Dealt to Hero [7h Qd]
Dealt to 1ae56af0 
Dealt to 50683e5a 
Dealt to 6c4b4576 
Dealt to f4eb0bdc 
6c4b4576: folds
f4eb0bdc: folds
45428c3f: folds
Hero: folds
1ae56af0: raises $0.2 to $0.3
50683e5a: calls $0.2
*** FLOP *** [8s 8d 2c]
1ae56af0: bets $0.3
50683e5a: calls $0.3
*** TURN *** [8s 8d 2c] [2h]
1ae56af0: checks
50683e5a: bets $0.3
1ae56af0: folds
Uncalled bet ($0.3) returned to 50683e5a
*** SHOWDOWN ***
50683e5a collected $1.14 from pot
*** SUMMARY ***
Total pot $1.2 | Rake $0.06 | Jackpot $0 | Bingo $0 | Fortune $0 | Tax $0
Board [8s 8d 2c 2h]
Seat 1: 45428c3f folded before Flop (didn't bet)
Seat 2: Hero (button) folded before Flop (didn't bet)
Seat 3: 1ae56af0 (small blind) folded on the Turn
Seat 4: 50683e5a (big blind) won ($1.14)
Seat 5: 6c4b4576 folded before Flop (didn't bet)
Seat 6: f4eb0bdc folded before Flop (didn't bet)


Poker Hand #HD1779005562: Hold'em No Limit ($0.05/$0.1) - 2024/05/19 12:42:03
Table 'NLHRed15' 6-max Seat #1 is the button
Seat 1: 45428c3f ($14.42 in chips)
Seat 2: Hero ($10 in chips)
Seat 3: 1ae56af0 ($6.17 in chips)
Seat 4: 50683e5a ($6.23 in chips)
Seat 5: 6c4b4576 ($10.36 in chips)
Seat 6: f4eb0bdc ($15.15 in chips)
Hero: posts small blind $0.05
1ae56af0: posts big blind $0.1
*** HOLE CARDS ***
Dealt to 45428c3f 
Dealt to Hero [Js 2h]
Dealt to 1ae56af0 
Dealt to 50683e5a 
Dealt to 6c4b4576 
Dealt to f4eb0bdc 
50683e5a: calls $0.1
6c4b4576: folds
f4eb0bdc: folds
45428c3f: raises $0.18 to $0.28
Hero: folds
1ae56af0: folds
50683e5a: calls $0.18
*** FLOP *** [7s 3h 6c]
50683e5a: bets $0.3
45428c3f: calls $0.3
*** TURN *** [7s 3h 6c] [6h]
50683e5a: bets $0.3
45428c3f: calls $0.3
*** RIVER *** [7s 3h 6c 6h] [9s]
50683e5a: bets $0.3
45428c3f: raises $1.89 to $2.19
50683e5a: calls $1.89
45428c3f: shows [6d 5d] (Three Sixes)
50683e5a: shows [3s Qs] (Pair of Sixes and Pair of Treys)
*** SHOWDOWN ***
45428c3f collected $5.88 from pot
*** SUMMARY ***
Total pot $6.29 | Rake $0.31 | Jackpot $0.1 | Bingo $0 | Fortune $0 | Tax $0
Board [7s 3h 6c 6h 9s]
Seat 1: 45428c3f (button) showed [6d 5d] and won ($5.88) with Three Sixes
Seat 2: Hero (small blind) folded before Flop
Seat 3: 1ae56af0 (big blind) folded before Flop
Seat 4: 50683e5a showed [3s Qs] and lost with Pair of Sixes and Pair of Treys
Seat 5: 6c4b4576 folded before Flop (didn't bet)
Seat 6: f4eb0bdc folded before Flop (didn't bet)


Poker Hand #HD1779005505: Hold'em No Limit ($0.05/$0.1) - 2024/05/19 12:41:24
Table 'NLHRed15' 6-max Seat #6 is the button
Seat 1: 45428c3f ($14.47 in chips)
Seat 2: Hero ($10 in chips)
Seat 3: 1ae56af0 ($6.17 in chips)
Seat 4: 50683e5a ($7.38 in chips)
Seat 5: 6c4b4576 ($10.36 in chips)
Seat 6: f4eb0bdc ($13.78 in chips)
45428c3f: posts small blind $0.05
Hero: posts big blind $0.1
*** HOLE CARDS ***
Dealt to 45428c3f 
Dealt to Hero [Ah 3h]
Dealt to 1ae56af0 
Dealt to 50683e5a 
Dealt to 6c4b4576 
Dealt to f4eb0bdc 
1ae56af0: folds
50683e5a: raises $0.2 to $0.3
6c4b4576: folds
f4eb0bdc: calls $0.3
45428c3f: folds
Hero: calls $0.2
*** FLOP *** [Ts 6c 7c]
Hero: checks
50683e5a: checks
f4eb0bdc: bets $0.32
Hero: folds
50683e5a: calls $0.32
*** TURN *** [Ts 6c 7c] [Qd]
50683e5a: checks
f4eb0bdc: bets $0.53
50683e5a: calls $0.53
*** RIVER *** [Ts 6c 7c Qd] [4h]
50683e5a: checks
f4eb0bdc: checks
50683e5a: shows [Kc Ad] (Ace-High)
f4eb0bdc: shows [5c 5h] (Pair of Fives)
*** SHOWDOWN ***
f4eb0bdc collected $2.52 from pot
*** SUMMARY ***
Total pot $2.65 | Rake $0.13 | Jackpot $0 | Bingo $0 | Fortune $0 | Tax $0
Board [Ts 6c 7c Qd 4h]
Seat 1: 45428c3f (small blind) folded before Flop
Seat 2: Hero (big blind) folded on the Flop
Seat 3: 1ae56af0 folded before Flop (didn't bet)
Seat 4: 50683e5a showed [Kc Ad] and lost with Ace-High
Seat 5: 6c4b4576 folded before Flop (didn't bet)
Seat 6: f4eb0bdc (button) showed [5c 5h] and won ($2.52) with Pair of Fives


