Poker Hand #HD1768578293: Hold'em No Limit ($0.05/$0.1) - 2024/05/11 21:48:03
Table 'NLHRed43' 6-max Seat #4 is the button
Seat 1: 399bf327 ($12.7 in chips)
Seat 2: Hero ($10.09 in chips)
Seat 3: a07c4b44 ($12.42 in chips)
Seat 4: 6ce93580 ($15 in chips)
Seat 5: 484b3111 ($4.02 in chips)
Seat 6: 49f107a8 ($11.13 in chips)
484b3111: posts small blind $0.05
49f107a8: posts big blind $0.1
*** HOLE CARDS ***
Dealt to 399bf327 
Dealt to Hero [6h Jd]
Dealt to a07c4b44 
Dealt to 6ce93580 
Dealt to 484b3111 
Dealt to 49f107a8 
399bf327: folds
Hero: folds
a07c4b44: raises $0.15 to $0.25
6ce93580: folds
484b3111: calls $0.2
49f107a8: calls $0.15
*** FLOP *** [7d Ah Jh]
484b3111: checks
49f107a8: bets $0.35
a07c4b44: folds
484b3111: calls $0.35
*** TURN *** [7d Ah Jh] [5s]
484b3111: checks
49f107a8: bets $0.97
484b3111: calls $0.97
*** RIVER *** [7d Ah Jh 5s] [9h]
484b3111: checks
49f107a8: bets $1.12
484b3111: folds
Uncalled bet ($1.12) returned to 49f107a8
*** SHOWDOWN ***
49f107a8 collected $3.13 from pot
*** SUMMARY ***
Total pot $3.39 | Rake $0.16 | Jackpot $0.1 | Bingo $0 | Fortune $0 | Tax $0
Board [7d Ah Jh 5s 9h]
Seat 1: 399bf327 folded before Flop (didn't bet)
Seat 2: Hero folded before Flop (didn't bet)
Seat 3: a07c4b44 folded on the Flop
Seat 4: 6ce93580 (button) folded before Flop (didn't bet)
Seat 5: 484b3111 (small blind) folded on the River
Seat 6: 49f107a8 (big blind) won ($3.13)


Poker Hand #HD1768578257: Hold'em No Limit ($0.05/$0.1) - 2024/05/11 21:47:42
Table 'NLHRed43' 6-max Seat #3 is the button
Seat 1: 399bf327 ($12.7 in chips)
Seat 2: Hero ($10.33 in chips)
Seat 3: a07c4b44 ($12.06 in chips)
Seat 4: 6ce93580 ($15.05 in chips)
Seat 5: 484b3111 ($4.12 in chips)
Seat 6: 49f107a8 ($11.13 in chips)
6ce93580: posts small blind $0.05
484b3111: posts big blind $0.1
*** HOLE CARDS ***
Dealt to 399bf327 
Dealt to Hero [Jc Kd]
Dealt to a07c4b44 
Dealt to 6ce93580 
Dealt to 484b3111 
Dealt to 49f107a8 
49f107a8: folds
399bf327: folds
Hero: raises $0.14 to $0.24
a07c4b44: raises $0.32 to $0.56
6ce93580: folds
484b3111: folds
Hero: folds
Uncalled bet ($0.32) returned to a07c4b44
*** SHOWDOWN ***
a07c4b44 collected $0.6 from pot
*** SUMMARY ***
Total pot $0.63 | Rake $0.03 | Jackpot $0 | Bingo $0 | Fortune $0 | Tax $0
Seat 1: 399bf327 folded before Flop (didn't bet)
Seat 2: Hero folded before Flop
Seat 3: a07c4b44 (button) collected ($0.6)
Seat 4: 6ce93580 (small blind) folded before Flop
Seat 5: 484b3111 (big blind) folded before Flop
Seat 6: 49f107a8 folded before Flop (didn't bet)


Poker Hand #HD1768578214: Hold'em No Limit ($0.05/$0.1) - 2024/05/11 21:47:25
Table 'NLHRed43' 6-max Seat #2 is the button
Seat 1: 399bf327 ($12.7 in chips)
Seat 2: Hero ($10.33 in chips)
Seat 3: a07c4b44 ($12.11 in chips)
Seat 4: 6ce93580 ($14.9 in chips)
Seat 5: 484b3111 ($4.22 in chips)
Seat 6: 49f107a8 ($11.13 in chips)
a07c4b44: posts small blind $0.05
6ce93580: posts big blind $0.1
*** HOLE CARDS ***
Dealt to 399bf327 
Dealt to Hero [8s Kd]
Dealt to a07c4b44 
Dealt to 6ce93580 
Dealt to 484b3111 
Dealt to 49f107a8 
484b3111: calls $0.1
49f107a8: folds
399bf327: folds
Hero: folds
a07c4b44: folds
6ce93580: raises $0.32 to $0.42
484b3111: folds
Uncalled bet ($0.32) returned to 6ce93580
*** SHOWDOWN ***
6ce93580 collected $0.25 from pot
*** SUMMARY ***
Total pot $0.25 | Rake $0 | Jackpot $0 | Bingo $0 | Fortune $0 | Tax $0
Seat 1: 399bf327 folded before Flop (didn't bet)
Seat 2: Hero (button) folded before Flop (didn't bet)
Seat 3: a07c4b44 (small blind) folded before Flop
Seat 4: 6ce93580 (big blind) collected ($0.25)
Seat 5: 484b3111 folded before Flop
Seat 6: 49f107a8 folded before Flop (didn't bet)


Poker Hand #HD1768578151: Hold'em No Limit ($0.05/$0.1) - 2024/05/11 21:46:56
Table 'NLHRed43' 6-max Seat #1 is the button
Seat 1: 399bf327 ($12.7 in chips)
Seat 2: Hero ($10.38 in chips)
Seat 3: a07c4b44 ($12.21 in chips)
Seat 4: 6ce93580 ($14.9 in chips)
Seat 5: 484b3111 ($4.08 in chips)
Seat 6: 49f107a8 ($11.13 in chips)
Hero: posts small blind $0.05
a07c4b44: posts big blind $0.1
*** HOLE CARDS ***
Dealt to 399bf327 
Dealt to Hero [3s 7s]
Dealt to a07c4b44 
Dealt to 6ce93580 
Dealt to 484b3111 
Dealt to 49f107a8 
6ce93580: folds
484b3111: calls $0.1
49f107a8: folds
399bf327: folds
Hero: folds
a07c4b44: checks
*** FLOP *** [Kh 5c 4c]
a07c4b44: checks
484b3111: bets $0.1
a07c4b44: folds
Uncalled bet ($0.1) returned to 484b3111
*** SHOWDOWN ***
484b3111 collected $0.24 from pot
*** SUMMARY ***
Total pot $0.25 | Rake $0.01 | Jackpot $0 | Bingo $0 | Fortune $0 | Tax $0
Board [Kh 5c 4c]
Seat 1: 399bf327 (button) folded before Flop (didn't bet)
Seat 2: Hero (small blind) folded before Flop
Seat 3: a07c4b44 (big blind) folded on the Flop
Seat 4: 6ce93580 folded before Flop (didn't bet)
Seat 5: 484b3111 won ($0.24)
Seat 6: 49f107a8 folded before Flop (didn't bet)


Poker Hand #HD1768578121: Hold'em No Limit ($0.05/$0.1) - 2024/05/11 21:46:44
Table 'NLHRed43' 6-max Seat #6 is the button
Seat 1: 399bf327 ($12.75 in chips)
Seat 2: Hero ($10.33 in chips)
Seat 3: a07c4b44 ($12.21 in chips)
Seat 4: 6ce93580 ($14.9 in chips)
Seat 5: 484b3111 ($4.08 in chips)
Seat 6: 49f107a8 ($11.13 in chips)
399bf327: posts small blind $0.05
Hero: posts big blind $0.1
*** HOLE CARDS ***
Dealt to 399bf327 
Dealt to Hero [Ad Ts]
Dealt to a07c4b44 
Dealt to 6ce93580 
Dealt to 484b3111 
Dealt to 49f107a8 
a07c4b44: folds
6ce93580: folds
484b3111: folds
49f107a8: folds
399bf327: folds
Uncalled bet ($0.05) returned to Hero
*** SHOWDOWN ***
Hero collected $0.1 from pot
*** SUMMARY ***
Total pot $0.1 | Rake $0 | Jackpot $0 | Bingo $0 | Fortune $0 | Tax $0
Seat 1: 399bf327 (small blind) folded before Flop
Seat 2: Hero (big blind) collected ($0.1)
Seat 3: a07c4b44 folded before Flop (didn't bet)
Seat 4: 6ce93580 folded before Flop (didn't bet)
Seat 5: 484b3111 folded before Flop (didn't bet)
Seat 6: 49f107a8 (button) folded before Flop (didn't bet)


Poker Hand #HD1768578094: Hold'em No Limit ($0.05/$0.1) - 2024/05/11 21:46:31
Table 'NLHRed43' 6-max Seat #5 is the button
Seat 1: 399bf327 ($12.85 in chips)
Seat 2: Hero ($10.33 in chips)
Seat 3: a07c4b44 ($12.21 in chips)
Seat 4: 6ce93580 ($14.75 in chips)
Seat 5: 484b3111 ($4.08 in chips)
Seat 6: 49f107a8 ($11.18 in chips)
49f107a8: posts small blind $0.05
399bf327: posts big blind $0.1
*** HOLE CARDS ***
Dealt to 399bf327 
Dealt to Hero [6d 9h]
Dealt to a07c4b44 
Dealt to 6ce93580 
Dealt to 484b3111 
Dealt to 49f107a8 
Hero: folds
a07c4b44: folds
6ce93580: raises $0.15 to $0.25
484b3111: folds
49f107a8: folds
399bf327: folds
Uncalled bet ($0.15) returned to 6ce93580
*** SHOWDOWN ***
6ce93580 collected $0.25 from pot
*** SUMMARY ***
Total pot $0.25 | Rake $0 | Jackpot $0 | Bingo $0 | Fortune $0 | Tax $0
Seat 1: 399bf327 (big blind) folded before Flop
Seat 2: Hero folded before Flop (didn't bet)
Seat 3: a07c4b44 folded before Flop (didn't bet)
Seat 4: 6ce93580 collected ($0.25)
Seat 5: 484b3111 (button) folded before Flop (didn't bet)
Seat 6: 49f107a8 (small blind) folded before Flop


Poker Hand #HD1768578032: Hold'em No Limit ($0.05/$0.1) - 2024/05/11 21:46:05
Table 'NLHRed43' 6-max Seat #4 is the button
Seat 1: 399bf327 ($12.85 in chips)
Seat 2: Hero ($10.33 in chips)
Seat 3: a07c4b44 ($12.21 in chips)
Seat 4: 6ce93580 ($14.47 in chips)
Seat 5: 484b3111 ($4.13 in chips)
Seat 6: 49f107a8 ($11.43 in chips)
484b3111: posts small blind $0.05
49f107a8: posts big blind $0.1
*** HOLE CARDS ***
Dealt to 399bf327 
Dealt to Hero [Qd 2d]
Dealt to a07c4b44 
Dealt to 6ce93580 
Dealt to 484b3111 
Dealt to 49f107a8 
399bf327: folds
Hero: folds
a07c4b44: folds
6ce93580: raises $0.15 to $0.25
484b3111: folds
49f107a8: calls $0.15
*** FLOP *** [Js 6d Kh]
49f107a8: checks
6ce93580: bets $0.3
49f107a8: folds
Uncalled bet ($0.3) returned to 6ce93580
*** SHOWDOWN ***
6ce93580 collected $0.53 from pot
*** SUMMARY ***
Total pot $0.55 | Rake $0.02 | Jackpot $0 | Bingo $0 | Fortune $0 | Tax $0
Board [Js 6d Kh]
Seat 1: 399bf327 folded before Flop (didn't bet)
Seat 2: Hero folded before Flop (didn't bet)
Seat 3: a07c4b44 folded before Flop (didn't bet)
Seat 4: 6ce93580 (button) won ($0.53)
Seat 5: 484b3111 (small blind) folded before Flop
Seat 6: 49f107a8 (big blind) folded on the Flop


Poker Hand #HD1768577995: Hold'em No Limit ($0.05/$0.1) - 2024/05/11 21:45:50
Table 'NLHRed43' 6-max Seat #3 is the button
Seat 1: 399bf327 ($12.7 in chips)
Seat 2: Hero ($10.33 in chips)
Seat 3: a07c4b44 ($12.21 in chips)
Seat 4: 6ce93580 ($14.52 in chips)
Seat 5: 484b3111 ($4.23 in chips)
Seat 6: 49f107a8 ($11.43 in chips)
6ce93580: posts small blind $0.05
484b3111: posts big blind $0.1
*** HOLE CARDS ***
Dealt to 399bf327 
Dealt to Hero [3c 3h]
Dealt to a07c4b44 
Dealt to 6ce93580 
Dealt to 484b3111 
Dealt to 49f107a8 
49f107a8: folds
399bf327: raises $0.1 to $0.2
Hero: folds
a07c4b44: folds
6ce93580: folds
484b3111: folds
Uncalled bet ($0.1) returned to 399bf327
*** SHOWDOWN ***
399bf327 collected $0.25 from pot
*** SUMMARY ***
Total pot $0.25 | Rake $0 | Jackpot $0 | Bingo $0 | Fortune $0 | Tax $0
Seat 1: 399bf327 collected ($0.25)
Seat 2: Hero folded before Flop (didn't bet)
Seat 3: a07c4b44 (button) folded before Flop (didn't bet)
Seat 4: 6ce93580 (small blind) folded before Flop
Seat 5: 484b3111 (big blind) folded before Flop
Seat 6: 49f107a8 folded before Flop (didn't bet)


Poker Hand #HD1768577907: Hold'em No Limit ($0.05/$0.1) - 2024/05/11 21:45:05
Table 'NLHRed43' 6-max Seat #2 is the button
Seat 1: 399bf327 ($10.2 in chips)
Seat 2: Hero ($10.33 in chips)
Seat 3: a07c4b44 ($12.26 in chips)
Seat 4: 6ce93580 ($14.62 in chips)
Seat 5: 484b3111 ($6.95 in chips)
Seat 6: 49f107a8 ($11.43 in chips)
a07c4b44: posts small blind $0.05
6ce93580: posts big blind $0.1
*** HOLE CARDS ***
Dealt to 399bf327 
Dealt to Hero [Ts 9s]
Dealt to a07c4b44 
Dealt to 6ce93580 
Dealt to 484b3111 
Dealt to 49f107a8 
484b3111: raises $0.1 to $0.2
49f107a8: folds
399bf327: raises $0.5 to $0.7
Hero: folds
a07c4b44: folds
6ce93580: folds
484b3111: calls $0.5
*** FLOP *** [2s 4s 8s]
484b3111: checks
399bf327: bets $2.02
484b3111: calls $2.02
*** TURN *** [2s 4s 8s] [9h]
484b3111: checks
399bf327: bets $7.27
484b3111: folds
Uncalled bet ($7.27) returned to 399bf327
484b3111: shows [As] (Ace-High)
*** SHOWDOWN ***
399bf327 collected $5.22 from pot
*** SUMMARY ***
Total pot $5.59 | Rake $0.27 | Jackpot $0.1 | Bingo $0 | Fortune $0 | Tax $0
Board [2s 4s 8s 9h]
Seat 1: 399bf327 won ($5.22)
Seat 2: Hero (button) folded before Flop (didn't bet)
Seat 3: a07c4b44 (small blind) folded before Flop
Seat 4: 6ce93580 (big blind) folded before Flop
Seat 5: 484b3111 folded on the Turn
Seat 6: 49f107a8 folded before Flop (didn't bet)


Poker Hand #HD1768577877: Hold'em No Limit ($0.05/$0.1) - 2024/05/11 21:44:53
Table 'NLHRed43' 6-max Seat #1 is the button
Seat 1: 399bf327 ($10.2 in chips)
Seat 2: Hero ($10.38 in chips)
Seat 3: a07c4b44 ($12.36 in chips)
Seat 4: 6ce93580 ($14.47 in chips)
Seat 5: 484b3111 ($6.95 in chips)
Seat 6: 49f107a8 ($11.43 in chips)
Hero: posts small blind $0.05
a07c4b44: posts big blind $0.1
*** HOLE CARDS ***
Dealt to 399bf327 
Dealt to Hero [Jc 4c]
Dealt to a07c4b44 
Dealt to 6ce93580 
Dealt to 484b3111 
Dealt to 49f107a8 
6ce93580: raises $0.15 to $0.25
484b3111: folds
49f107a8: folds
399bf327: folds
Hero: folds
a07c4b44: folds
Uncalled bet ($0.15) returned to 6ce93580
*** SHOWDOWN ***
6ce93580 collected $0.25 from pot
*** SUMMARY ***
Total pot $0.25 | Rake $0 | Jackpot $0 | Bingo $0 | Fortune $0 | Tax $0
Seat 1: 399bf327 (button) folded before Flop (didn't bet)
Seat 2: Hero (small blind) folded before Flop
Seat 3: a07c4b44 (big blind) folded before Flop
Seat 4: 6ce93580 collected ($0.25)
Seat 5: 484b3111 folded before Flop (didn't bet)
Seat 6: 49f107a8 folded before Flop (didn't bet)


Poker Hand #HD1768577851: Hold'em No Limit ($0.05/$0.1) - 2024/05/11 21:44:40
Table 'NLHRed43' 6-max Seat #6 is the button
Seat 1: 399bf327 ($10.25 in chips)
Seat 2: Hero ($10.33 in chips)
Seat 3: a07c4b44 ($12.36 in chips)
Seat 4: 6ce93580 ($14.47 in chips)
Seat 5: 484b3111 ($6.95 in chips)
Seat 6: 49f107a8 ($11.43 in chips)
399bf327: posts small blind $0.05
Hero: posts big blind $0.1
*** HOLE CARDS ***
Dealt to 399bf327 
Dealt to Hero [Qh 6h]
Dealt to a07c4b44 
Dealt to 6ce93580 
Dealt to 484b3111 
Dealt to 49f107a8 
a07c4b44: folds
6ce93580: folds
484b3111: folds
49f107a8: folds
399bf327: folds
Uncalled bet ($0.05) returned to Hero
*** SHOWDOWN ***
Hero collected $0.1 from pot
*** SUMMARY ***
Total pot $0.1 | Rake $0 | Jackpot $0 | Bingo $0 | Fortune $0 | Tax $0
Seat 1: 399bf327 (small blind) folded before Flop
Seat 2: Hero (big blind) collected ($0.1)
Seat 3: a07c4b44 folded before Flop (didn't bet)
Seat 4: 6ce93580 folded before Flop (didn't bet)
Seat 5: 484b3111 folded before Flop (didn't bet)
Seat 6: 49f107a8 (button) folded before Flop (didn't bet)


Poker Hand #HD1768577824: Hold'em No Limit ($0.05/$0.1) - 2024/05/11 21:44:32
Table 'NLHRed43' 6-max Seat #5 is the button
Seat 1: 399bf327 ($10.2 in chips)
Seat 2: Hero ($10.33 in chips)
Seat 3: a07c4b44 ($12.36 in chips)
Seat 4: 6ce93580 ($14.47 in chips)
Seat 5: 484b3111 ($6.95 in chips)
Seat 6: 49f107a8 ($11.48 in chips)
49f107a8: posts small blind $0.05
399bf327: posts big blind $0.1
*** HOLE CARDS ***
Dealt to 399bf327 
Dealt to Hero [7c Ah]
Dealt to a07c4b44 
Dealt to 6ce93580 
Dealt to 484b3111 
Dealt to 49f107a8 
Hero: folds
a07c4b44: folds
6ce93580: folds
484b3111: folds
49f107a8: folds
Uncalled bet ($0.05) returned to 399bf327
*** SHOWDOWN ***
399bf327 collected $0.1 from pot
*** SUMMARY ***
Total pot $0.1 | Rake $0 | Jackpot $0 | Bingo $0 | Fortune $0 | Tax $0
Seat 1: 399bf327 (big blind) collected ($0.1)
Seat 2: Hero folded before Flop (didn't bet)
Seat 3: a07c4b44 folded before Flop (didn't bet)
Seat 4: 6ce93580 folded before Flop (didn't bet)
Seat 5: 484b3111 (button) folded before Flop (didn't bet)
Seat 6: 49f107a8 (small blind) folded before Flop


Poker Hand #HD1768577786: Hold'em No Limit ($0.05/$0.1) - 2024/05/11 21:44:17
Table 'NLHRed43' 6-max Seat #4 is the button
Seat 1: 399bf327 ($10.2 in chips)
Seat 2: Hero ($10.33 in chips)
Seat 3: a07c4b44 ($12.36 in chips)
Seat 4: 6ce93580 ($14.47 in chips)
Seat 5: 484b3111 ($7 in chips)
Seat 6: 49f107a8 ($11.43 in chips)
484b3111: posts small blind $0.05
49f107a8: posts big blind $0.1
*** HOLE CARDS ***
Dealt to 399bf327 
Dealt to Hero [Tc 8c]
Dealt to a07c4b44 
Dealt to 6ce93580 
Dealt to 484b3111 
Dealt to 49f107a8 
399bf327: folds
Hero: folds
a07c4b44: folds
6ce93580: folds
484b3111: folds
Uncalled bet ($0.05) returned to 49f107a8
*** SHOWDOWN ***
49f107a8 collected $0.1 from pot
*** SUMMARY ***
Total pot $0.1 | Rake $0 | Jackpot $0 | Bingo $0 | Fortune $0 | Tax $0
Seat 1: 399bf327 folded before Flop (didn't bet)
Seat 2: Hero folded before Flop (didn't bet)
Seat 3: a07c4b44 folded before Flop (didn't bet)
Seat 4: 6ce93580 (button) folded before Flop (didn't bet)
Seat 5: 484b3111 (small blind) folded before Flop
Seat 6: 49f107a8 (big blind) collected ($0.1)


Poker Hand #HD1768577775: Hold'em No Limit ($0.05/$0.1) - 2024/05/11 21:44:08
Table 'NLHRed43' 6-max Seat #3 is the button
Seat 1: 399bf327 ($10.2 in chips)
Seat 2: Hero ($10.33 in chips)
Seat 3: a07c4b44 ($12.36 in chips)
Seat 4: 6ce93580 ($14.52 in chips)
Seat 5: 484b3111 ($6.95 in chips)
Seat 6: 49f107a8 ($11.43 in chips)
6ce93580: posts small blind $0.05
484b3111: posts big blind $0.1
*** HOLE CARDS ***
Dealt to 399bf327 
Dealt to Hero [8d 2h]
Dealt to a07c4b44 
Dealt to 6ce93580 
Dealt to 484b3111 
Dealt to 49f107a8 
49f107a8: folds
399bf327: folds
Hero: folds
a07c4b44: folds
6ce93580: folds
Uncalled bet ($0.05) returned to 484b3111
*** SHOWDOWN ***
484b3111 collected $0.1 from pot
*** SUMMARY ***
Total pot $0.1 | Rake $0 | Jackpot $0 | Bingo $0 | Fortune $0 | Tax $0
Seat 1: 399bf327 folded before Flop (didn't bet)
Seat 2: Hero folded before Flop (didn't bet)
Seat 3: a07c4b44 (button) folded before Flop (didn't bet)
Seat 4: 6ce93580 (small blind) folded before Flop
Seat 5: 484b3111 (big blind) collected ($0.1)
Seat 6: 49f107a8 folded before Flop (didn't bet)


Poker Hand #HD1768577729: Hold'em No Limit ($0.05/$0.1) - 2024/05/11 21:43:48
Table 'NLHRed43' 6-max Seat #2 is the button
Seat 1: 399bf327 ($10.4 in chips)
Seat 2: Hero ($10 in chips)
Seat 3: a07c4b44 ($12.41 in chips)
Seat 4: 6ce93580 ($14.62 in chips)
Seat 5: 484b3111 ($6.95 in chips)
Seat 6: 49f107a8 ($11.43 in chips)
a07c4b44: posts small blind $0.05
6ce93580: posts big blind $0.1
*** HOLE CARDS ***
Dealt to 399bf327 
Dealt to Hero [Jh Ah]
Dealt to a07c4b44 
Dealt to 6ce93580 
Dealt to 484b3111 
Dealt to 49f107a8 
484b3111: folds
49f107a8: folds
399bf327: raises $0.1 to $0.2
Hero: raises $0.5 to $0.7
a07c4b44: folds
6ce93580: folds
399bf327: folds
Uncalled bet ($0.5) returned to Hero
*** SHOWDOWN ***
Hero collected $0.53 from pot
*** SUMMARY ***
Total pot $0.55 | Rake $0.02 | Jackpot $0 | Bingo $0 | Fortune $0 | Tax $0
Seat 1: 399bf327 folded before Flop
Seat 2: Hero (button) collected ($0.53)
Seat 3: a07c4b44 (small blind) folded before Flop
Seat 4: 6ce93580 (big blind) folded before Flop
Seat 5: 484b3111 folded before Flop (didn't bet)
Seat 6: 49f107a8 folded before Flop (didn't bet)


Poker Hand #HD1768577684: Hold'em No Limit ($0.05/$0.1) - 2024/05/11 21:43:30
Table 'NLHRed43' 6-max Seat #1 is the button
Seat 1: 399bf327 ($10.4 in chips)
Seat 2: Hero ($10 in chips)
Seat 3: a07c4b44 ($12.51 in chips)
Seat 4: 6ce93580 ($14.62 in chips)
Seat 5: 484b3111 ($7.05 in chips)
Seat 6: 49f107a8 ($11.19 in chips)
Hero: posts small blind $0.05
a07c4b44: posts big blind $0.1
*** HOLE CARDS ***
Dealt to 399bf327 
Dealt to Hero [9h 7h]
Dealt to a07c4b44 
Dealt to 6ce93580 
Dealt to 484b3111 
Dealt to 49f107a8 
6ce93580: folds
484b3111: calls $0.1
49f107a8: raises $0.3 to $0.4
399bf327: folds
Hero: folds
a07c4b44: folds
484b3111: folds
Uncalled bet ($0.3) returned to 49f107a8
*** SHOWDOWN ***
49f107a8 collected $0.34 from pot
*** SUMMARY ***
Total pot $0.35 | Rake $0.01 | Jackpot $0 | Bingo $0 | Fortune $0 | Tax $0
Seat 1: 399bf327 (button) folded before Flop (didn't bet)
Seat 2: Hero (small blind) folded before Flop
Seat 3: a07c4b44 (big blind) folded before Flop
Seat 4: 6ce93580 folded before Flop (didn't bet)
Seat 5: 484b3111 folded before Flop
Seat 6: 49f107a8 collected ($0.34)


Poker Hand #HD1768577620: Hold'em No Limit ($0.05/$0.1) - 2024/05/11 21:43:04
Table 'NLHRed43' 6-max Seat #6 is the button
Seat 1: 399bf327 ($10.45 in chips)
Seat 2: Hero ($10 in chips)
Seat 3: a07c4b44 ($12.51 in chips)
Seat 4: 6ce93580 ($14.25 in chips)
Seat 5: 484b3111 ($7.3 in chips)
Seat 6: 49f107a8 ($11.19 in chips)
399bf327: posts small blind $0.05
Hero: posts big blind $0.1
*** HOLE CARDS ***
Dealt to 399bf327 
Dealt to Hero [4d Qd]
Dealt to a07c4b44 
Dealt to 6ce93580 
Dealt to 484b3111 
Dealt to 49f107a8 
a07c4b44: folds
6ce93580: raises $0.15 to $0.25
484b3111: calls $0.25
49f107a8: folds
399bf327: folds
Hero: folds
*** FLOP *** [Th 4c Kh]
6ce93580: checks
484b3111: checks
*** TURN *** [Th 4c Kh] [Ac]
6ce93580: bets $0.33
484b3111: folds
Uncalled bet ($0.33) returned to 6ce93580
*** SHOWDOWN ***
6ce93580 collected $0.62 from pot
*** SUMMARY ***
Total pot $0.65 | Rake $0.03 | Jackpot $0 | Bingo $0 | Fortune $0 | Tax $0
Board [Th 4c Kh Ac]
Seat 1: 399bf327 (small blind) folded before Flop
Seat 2: Hero (big blind) folded before Flop
Seat 3: a07c4b44 folded before Flop (didn't bet)
Seat 4: 6ce93580 won ($0.62)
Seat 5: 484b3111 folded on the Turn
Seat 6: 49f107a8 (button) folded before Flop (didn't bet)


Poker Hand #HD1768577548: Hold'em No Limit ($0.05/$0.1) - 2024/05/11 21:42:27
Table 'NLHRed43' 6-max Seat #5 is the button
Seat 1: 399bf327 ($10 in chips)
Seat 2: Hero ($10 in chips)
Seat 3: a07c4b44 ($12.51 in chips)
Seat 4: 6ce93580 ($14.69 in chips)
Seat 5: 484b3111 ($7.3 in chips)
Seat 6: 49f107a8 ($11.24 in chips)
49f107a8: posts small blind $0.05
399bf327: posts big blind $0.1
*** HOLE CARDS ***
Dealt to 399bf327 
Dealt to Hero [3d 2h]
Dealt to a07c4b44 
Dealt to 6ce93580 
Dealt to 484b3111 
Dealt to 49f107a8 
Hero: folds
a07c4b44: folds
6ce93580: raises $0.15 to $0.25
484b3111: folds
49f107a8: folds
399bf327: calls $0.15
*** FLOP *** [5s 4c 6d]
399bf327: bets $0.19
6ce93580: calls $0.19
*** TURN *** [5s 4c 6d] [Td]
399bf327: bets $0.7
6ce93580: folds
Uncalled bet ($0.7) returned to 399bf327
*** SHOWDOWN ***
399bf327 collected $0.89 from pot
*** SUMMARY ***
Total pot $0.93 | Rake $0.04 | Jackpot $0 | Bingo $0 | Fortune $0 | Tax $0
Board [5s 4c 6d Td]
Seat 1: 399bf327 (big blind) won ($0.89)
Seat 2: Hero folded before Flop (didn't bet)
Seat 3: a07c4b44 folded before Flop (didn't bet)
Seat 4: 6ce93580 folded on the Turn
Seat 5: 484b3111 (button) folded before Flop (didn't bet)
Seat 6: 49f107a8 (small blind) folded before Flop


Poker Hand #HD1768577461: Hold'em No Limit ($0.05/$0.1) - 2024/05/11 21:41:48
Table 'NLHRed43' 6-max Seat #4 is the button
Seat 1: 399bf327 ($10 in chips)
Seat 2: Hero ($10 in chips)
Seat 3: a07c4b44 ($12.51 in chips)
Seat 4: 6ce93580 ($14.89 in chips)
Seat 5: 484b3111 ($7.35 in chips)
Seat 6: 49f107a8 ($10.82 in chips)
484b3111: posts small blind $0.05
49f107a8: posts big blind $0.1
*** HOLE CARDS ***
Dealt to 399bf327 
Dealt to Hero [Tc Ks]
Dealt to a07c4b44 
Dealt to 6ce93580 
Dealt to 484b3111 
Dealt to 49f107a8 
399bf327: folds
Hero: raises $0.1 to $0.2
a07c4b44: folds
6ce93580: calls $0.2
484b3111: folds
49f107a8: calls $0.1
*** FLOP *** [8h 3d 7c]
49f107a8: checks
Hero: checks
6ce93580: checks
*** TURN *** [8h 3d 7c] [Jd]
49f107a8: bets $0.3
Hero: folds
6ce93580: folds
Uncalled bet ($0.3) returned to 49f107a8
*** SHOWDOWN ***
49f107a8 collected $0.62 from pot
*** SUMMARY ***
Total pot $0.65 | Rake $0.03 | Jackpot $0 | Bingo $0 | Fortune $0 | Tax $0
Board [8h 3d 7c Jd]
Seat 1: 399bf327 folded before Flop (didn't bet)
Seat 2: Hero folded on the Turn
Seat 3: a07c4b44 folded before Flop (didn't bet)
Seat 4: 6ce93580 (button) folded on the Turn
Seat 5: 484b3111 (small blind) folded before Flop
Seat 6: 49f107a8 (big blind) won ($0.62)


Poker Hand #HD1768577390: Hold'em No Limit ($0.05/$0.1) - 2024/05/11 21:41:16
Table 'NLHRed43' 6-max Seat #3 is the button
Seat 1: 399bf327 ($10 in chips)
Seat 2: Hero ($10 in chips)
Seat 3: a07c4b44 ($12.14 in chips)
Seat 4: 6ce93580 ($14.94 in chips)
Seat 5: 484b3111 ($7.45 in chips)
Seat 6: 49f107a8 ($11.07 in chips)
6ce93580: posts small blind $0.05
484b3111: posts big blind $0.1
*** HOLE CARDS ***
Dealt to 399bf327 
Dealt to Hero [5s 8h]
Dealt to a07c4b44 
Dealt to 6ce93580 
Dealt to 484b3111 
Dealt to 49f107a8 
49f107a8: raises $0.15 to $0.25
399bf327: folds
Hero: folds
a07c4b44: calls $0.25
6ce93580: folds
484b3111: folds
*** FLOP *** [Td 4c 9c]
49f107a8: checks
a07c4b44: bets $0.49
49f107a8: folds
Uncalled bet ($0.49) returned to a07c4b44
*** SHOWDOWN ***
a07c4b44 collected $0.62 from pot
*** SUMMARY ***
Total pot $0.65 | Rake $0.03 | Jackpot $0 | Bingo $0 | Fortune $0 | Tax $0
Board [Td 4c 9c]
Seat 1: 399bf327 folded before Flop (didn't bet)
Seat 2: Hero folded before Flop (didn't bet)
Seat 3: a07c4b44 (button) won ($0.62)
Seat 4: 6ce93580 (small blind) folded before Flop
Seat 5: 484b3111 (big blind) folded before Flop
Seat 6: 49f107a8 folded on the Flop


Poker Hand #HD1768577353: Hold'em No Limit ($0.05/$0.1) - 2024/05/11 21:41:02
Table 'NLHRed43' 6-max Seat #2 is the button
Seat 1: 399bf327 ($10 in chips)
Seat 2: Hero ($10 in chips)
Seat 3: a07c4b44 ($12.19 in chips)
Seat 4: 6ce93580 ($15.04 in chips)
Seat 5: 484b3111 ($7.45 in chips)
Seat 6: 49f107a8 ($10.92 in chips)
a07c4b44: posts small blind $0.05
6ce93580: posts big blind $0.1
*** HOLE CARDS ***
Dealt to 399bf327 
Dealt to Hero [4d 2s]
Dealt to a07c4b44 
Dealt to 6ce93580 
Dealt to 484b3111 
Dealt to 49f107a8 
484b3111: folds
49f107a8: raises $0.15 to $0.25
399bf327: folds
Hero: folds
a07c4b44: folds
6ce93580: folds
Uncalled bet ($0.15) returned to 49f107a8
*** SHOWDOWN ***
49f107a8 collected $0.25 from pot
*** SUMMARY ***
Total pot $0.25 | Rake $0 | Jackpot $0 | Bingo $0 | Fortune $0 | Tax $0
Seat 1: 399bf327 folded before Flop (didn't bet)
Seat 2: Hero (button) folded before Flop (didn't bet)
Seat 3: a07c4b44 (small blind) folded before Flop
Seat 4: 6ce93580 (big blind) folded before Flop
Seat 5: 484b3111 folded before Flop (didn't bet)
Seat 6: 49f107a8 collected ($0.25)


Poker Hand #HD1768577330: Hold'em No Limit ($0.05/$0.1) - 2024/05/11 21:40:52
Table 'NLHRed43' 6-max Seat #1 is the button
Seat 1: 399bf327 ($10 in chips)
Seat 2: Hero ($10 in chips)
Seat 3: a07c4b44 ($12.14 in chips)
Seat 4: 6ce93580 ($15.04 in chips)
Seat 5: 484b3111 ($7.45 in chips)
Seat 6: 49f107a8 ($10.92 in chips)
Hero: posts small blind $0.05
a07c4b44: posts big blind $0.1
*** HOLE CARDS ***
Dealt to 399bf327 
Dealt to Hero [9d Kh]
Dealt to a07c4b44 
Dealt to 6ce93580 
Dealt to 484b3111 
Dealt to 49f107a8 
6ce93580: folds
484b3111: folds
49f107a8: folds
399bf327: folds
Hero: folds
Uncalled bet ($0.05) returned to a07c4b44
*** SHOWDOWN ***
a07c4b44 collected $0.1 from pot
*** SUMMARY ***
Total pot $0.1 | Rake $0 | Jackpot $0 | Bingo $0 | Fortune $0 | Tax $0
Seat 1: 399bf327 (button) folded before Flop (didn't bet)
Seat 2: Hero (small blind) folded before Flop
Seat 3: a07c4b44 (big blind) collected ($0.1)
Seat 4: 6ce93580 folded before Flop (didn't bet)
Seat 5: 484b3111 folded before Flop (didn't bet)
Seat 6: 49f107a8 folded before Flop (didn't bet)


Poker Hand #HD1768577304: Hold'em No Limit ($0.05/$0.1) - 2024/05/11 21:40:38
Table 'NLHRed43' 6-max Seat #6 is the button
Seat 1: 399bf327 ($10 in chips)
Seat 2: Hero ($10 in chips)
Seat 3: a07c4b44 ($12.14 in chips)
Seat 4: 6ce93580 ($14.89 in chips)
Seat 5: 484b3111 ($7.45 in chips)
Seat 6: 49f107a8 ($10.92 in chips)
399bf327: posts small blind $0.05
Hero: posts big blind $0.1
*** HOLE CARDS ***
Dealt to 399bf327 
Dealt to Hero [3s 6s]
Dealt to a07c4b44 
Dealt to 6ce93580 
Dealt to 484b3111 
Dealt to 49f107a8 
a07c4b44: folds
6ce93580: raises $0.15 to $0.25
484b3111: folds
49f107a8: folds
399bf327: folds
Hero: folds
Uncalled bet ($0.15) returned to 6ce93580
*** SHOWDOWN ***
6ce93580 collected $0.25 from pot
*** SUMMARY ***
Total pot $0.25 | Rake $0 | Jackpot $0 | Bingo $0 | Fortune $0 | Tax $0
Seat 1: 399bf327 (small blind) folded before Flop
Seat 2: Hero (big blind) folded before Flop
Seat 3: a07c4b44 folded before Flop (didn't bet)
Seat 4: 6ce93580 collected ($0.25)
Seat 5: 484b3111 folded before Flop (didn't bet)
Seat 6: 49f107a8 (button) folded before Flop (didn't bet)


Poker Hand #HD1768577197: Hold'em No Limit ($0.05/$0.1) - 2024/05/11 21:39:49
Table 'NLHRed43' 6-max Seat #5 is the button
Seat 1: 399bf327 ($10.15 in chips)
Seat 2: Hero ($10 in chips)
Seat 3: a07c4b44 ($12.14 in chips)
Seat 4: 6ce93580 ($14.89 in chips)
Seat 5: 484b3111 ($7.22 in chips)
Seat 6: 49f107a8 ($10.97 in chips)
49f107a8: posts small blind $0.05
399bf327: posts big blind $0.1
*** HOLE CARDS ***
Dealt to 399bf327 
Dealt to Hero [6s 3c]
Dealt to a07c4b44 
Dealt to 6ce93580 
Dealt to 484b3111 
Dealt to 49f107a8 
Hero: folds
a07c4b44: folds
6ce93580: folds
484b3111: calls $0.1
49f107a8: folds
399bf327: checks
*** FLOP *** [5h 9h 2c]
399bf327: checks
484b3111: checks
*** TURN *** [5h 9h 2c] [Jh]
399bf327: checks
484b3111: bets $0.1
399bf327: calls $0.1
*** RIVER *** [5h 9h 2c Jh] [Kh]
399bf327: checks
484b3111: checks
399bf327: shows [Ad 5s] (Pair of Fives)
484b3111: shows [Tc Jd] (Pair of Jacks)
*** SHOWDOWN ***
484b3111 collected $0.43 from pot
*** SUMMARY ***
Total pot $0.45 | Rake $0.02 | Jackpot $0 | Bingo $0 | Fortune $0 | Tax $0
Board [5h 9h 2c Jh Kh]
Seat 1: 399bf327 (big blind) showed [Ad 5s] and lost with Pair of Fives
Seat 2: Hero folded before Flop (didn't bet)
Seat 3: a07c4b44 folded before Flop (didn't bet)
Seat 4: 6ce93580 folded before Flop (didn't bet)
Seat 5: 484b3111 (button) showed [Tc Jd] and won ($0.43) with Pair of Jacks
Seat 6: 49f107a8 (small blind) folded before Flop


Poker Hand #HD1768577167: Hold'em No Limit ($0.05/$0.1) - 2024/05/11 21:39:35
Table 'NLHRed43' 6-max Seat #4 is the button
Seat 1: 399bf327 ($10 in chips)
Seat 2: Hero ($10 in chips)
Seat 3: a07c4b44 ($12.14 in chips)
Seat 4: 6ce93580 ($14.89 in chips)
Seat 5: 484b3111 ($7.27 in chips)
Seat 6: 49f107a8 ($11.07 in chips)
484b3111: posts small blind $0.05
49f107a8: posts big blind $0.1
*** HOLE CARDS ***
Dealt to 399bf327 
Dealt to Hero [6h Qd]
Dealt to a07c4b44 
Dealt to 6ce93580 
Dealt to 484b3111 
Dealt to 49f107a8 
399bf327: raises $0.1 to $0.2
Hero: folds
a07c4b44: folds
6ce93580: folds
484b3111: folds
49f107a8: folds
Uncalled bet ($0.1) returned to 399bf327
*** SHOWDOWN ***
399bf327 collected $0.25 from pot
*** SUMMARY ***
Total pot $0.25 | Rake $0 | Jackpot $0 | Bingo $0 | Fortune $0 | Tax $0
Seat 1: 399bf327 collected ($0.25)
Seat 2: Hero folded before Flop (didn't bet)
Seat 3: a07c4b44 folded before Flop (didn't bet)
Seat 4: 6ce93580 (button) folded before Flop (didn't bet)
Seat 5: 484b3111 (small blind) folded before Flop
Seat 6: 49f107a8 (big blind) folded before Flop


Poker Hand #HD1768577024: Hold'em No Limit ($0.05/$0.1) - 2024/05/11 21:38:22
Table 'NLHRed43' 6-max Seat #3 is the button
Seat 1: 399bf327 ($10 in chips)
Seat 2: Hero ($12.62 in chips)
Seat 3: a07c4b44 ($12.14 in chips)
Seat 4: 6ce93580 ($14.94 in chips)
Seat 5: 484b3111 ($3.85 in chips)
Seat 6: 49f107a8 ($11.07 in chips)
6ce93580: posts small blind $0.05
484b3111: posts big blind $0.1
*** HOLE CARDS ***
Dealt to 399bf327 
Dealt to Hero [Jd Jc]
Dealt to a07c4b44 
Dealt to 6ce93580 
Dealt to 484b3111 
Dealt to 49f107a8 
49f107a8: folds
399bf327: folds
Hero: raises $0.14 to $0.24
a07c4b44: folds
6ce93580: folds
484b3111: calls $0.14
*** FLOP *** [Qc Jh Kh]
484b3111: bets $0.3
Hero: calls $0.3
*** TURN *** [Qc Jh Kh] [3s]
484b3111: bets $0.3
Hero: raises $0.58 to $0.88
484b3111: calls $0.58
*** RIVER *** [Qc Jh Kh 3s] [2c]
484b3111: checks
Hero: bets $2.51
484b3111: calls $2.43 and is all-in
Uncalled bet ($0.08) returned to Hero
Hero: shows [Jd Jc] (Three Jacks)
484b3111: shows [9c Tc] (Kings-High Straight)
*** SHOWDOWN ***
484b3111 collected $7.27 from pot
*** SUMMARY ***
Total pot $7.75 | Rake $0.38 | Jackpot $0.1 | Bingo $0 | Fortune $0 | Tax $0
Board [Qc Jh Kh 3s 2c]
Seat 1: 399bf327 folded before Flop (didn't bet)
Seat 2: Hero showed [Jd Jc] and lost with Three Jacks
Seat 3: a07c4b44 (button) folded before Flop (didn't bet)
Seat 4: 6ce93580 (small blind) folded before Flop
Seat 5: 484b3111 (big blind) showed [9c Tc] and won ($7.27) with Kings-High Straight
Seat 6: 49f107a8 folded before Flop (didn't bet)


Poker Hand #HD1768576960: Hold'em No Limit ($0.05/$0.1) - 2024/05/11 21:37:52
Table 'NLHRed43' 6-max Seat #2 is the button
Seat 1: 399bf327 ($10 in chips)
Seat 2: Hero ($12.29 in chips)
Seat 3: a07c4b44 ($12.19 in chips)
Seat 4: 6ce93580 ($15.04 in chips)
Seat 5: 484b3111 ($3.85 in chips)
Seat 6: 49f107a8 ($11.07 in chips)
a07c4b44: posts small blind $0.05
6ce93580: posts big blind $0.1
*** HOLE CARDS ***
Dealt to 399bf327 
Dealt to Hero [Ah Ad]
Dealt to a07c4b44 
Dealt to 6ce93580 
Dealt to 484b3111 
Dealt to 49f107a8 
484b3111: folds
49f107a8: folds
399bf327: raises $0.1 to $0.2
Hero: raises $0.5 to $0.7
a07c4b44: folds
6ce93580: folds
399bf327: folds
Uncalled bet ($0.5) returned to Hero
*** SHOWDOWN ***
Hero collected $0.53 from pot
*** SUMMARY ***
Total pot $0.55 | Rake $0.02 | Jackpot $0 | Bingo $0 | Fortune $0 | Tax $0
Seat 1: 399bf327 folded before Flop
Seat 2: Hero (button) collected ($0.53)
Seat 3: a07c4b44 (small blind) folded before Flop
Seat 4: 6ce93580 (big blind) folded before Flop
Seat 5: 484b3111 folded before Flop (didn't bet)
Seat 6: 49f107a8 folded before Flop (didn't bet)


Poker Hand #HD1768576895: Hold'em No Limit ($0.05/$0.1) - 2024/05/11 21:37:18
Table 'NLHRed43' 6-max Seat #1 is the button
Seat 1: 399bf327 ($10 in chips)
Seat 2: Hero ($12.34 in chips)
Seat 3: a07c4b44 ($11.88 in chips)
Seat 4: 6ce93580 ($15.04 in chips)
Seat 5: 484b3111 ($4.14 in chips)
Seat 6: 49f107a8 ($11.07 in chips)
Hero: posts small blind $0.05
a07c4b44: posts big blind $0.1
*** HOLE CARDS ***
Dealt to 399bf327 
Dealt to Hero [9c 3h]
Dealt to a07c4b44 
Dealt to 6ce93580 
Dealt to 484b3111 
Dealt to 49f107a8 
6ce93580: folds
484b3111: calls $0.1
49f107a8: folds
399bf327: folds
Hero: folds
a07c4b44: checks
*** FLOP *** [7c 4d 8s]
a07c4b44: bets $0.19
484b3111: calls $0.19
*** TURN *** [7c 4d 8s] [8d]
a07c4b44: checks
484b3111: checks
*** RIVER *** [7c 4d 8s 8d] [Qc]
a07c4b44: bets $0.63
484b3111: folds
Uncalled bet ($0.63) returned to a07c4b44
*** SHOWDOWN ***
a07c4b44 collected $0.6 from pot
*** SUMMARY ***
Total pot $0.63 | Rake $0.03 | Jackpot $0 | Bingo $0 | Fortune $0 | Tax $0
Board [7c 4d 8s 8d Qc]
Seat 1: 399bf327 (button) folded before Flop (didn't bet)
Seat 2: Hero (small blind) folded before Flop
Seat 3: a07c4b44 (big blind) won ($0.6)
Seat 4: 6ce93580 folded before Flop (didn't bet)
Seat 5: 484b3111 folded on the River
Seat 6: 49f107a8 folded before Flop (didn't bet)


Poker Hand #HD1768576859: Hold'em No Limit ($0.05/$0.1) - 2024/05/11 21:37:03
Table 'NLHRed43' 6-max Seat #6 is the button
Seat 1: 399bf327 ($10 in chips)
Seat 2: Hero ($12.44 in chips)
Seat 3: a07c4b44 ($11.88 in chips)
Seat 4: 6ce93580 ($14.89 in chips)
Seat 5: 484b3111 ($4.14 in chips)
Seat 6: 49f107a8 ($11.07 in chips)
399bf327: posts small blind $0.05
Hero: posts big blind $0.1
*** HOLE CARDS ***
Dealt to 399bf327 
Dealt to Hero [2c 9h]
Dealt to a07c4b44 
Dealt to 6ce93580 
Dealt to 484b3111 
Dealt to 49f107a8 
a07c4b44: folds
6ce93580: raises $0.15 to $0.25
484b3111: folds
49f107a8: folds
399bf327: folds
Hero: folds
Uncalled bet ($0.15) returned to 6ce93580
*** SHOWDOWN ***
6ce93580 collected $0.25 from pot
*** SUMMARY ***
Total pot $0.25 | Rake $0 | Jackpot $0 | Bingo $0 | Fortune $0 | Tax $0
Seat 1: 399bf327 (small blind) folded before Flop
Seat 2: Hero (big blind) folded before Flop
Seat 3: a07c4b44 folded before Flop (didn't bet)
Seat 4: 6ce93580 collected ($0.25)
Seat 5: 484b3111 folded before Flop (didn't bet)
Seat 6: 49f107a8 (button) folded before Flop (didn't bet)


Poker Hand #HD1768576788: Hold'em No Limit ($0.05/$0.1) - 2024/05/11 21:36:32
Table 'NLHRed43' 6-max Seat #5 is the button
Seat 1: 399bf327 ($10 in chips)
Seat 2: Hero ($12.44 in chips)
Seat 3: a07c4b44 ($11.88 in chips)
Seat 4: 6ce93580 ($14.89 in chips)
Seat 5: 484b3111 ($4.14 in chips)
Seat 6: 49f107a8 ($10.57 in chips)
49f107a8: posts small blind $0.05
399bf327: posts big blind $0.1
*** HOLE CARDS ***
Dealt to 399bf327 
Dealt to Hero [3d 3s]
Dealt to a07c4b44 
Dealt to 6ce93580 
Dealt to 484b3111 
Dealt to 49f107a8 
Hero: folds
a07c4b44: folds
6ce93580: folds
484b3111: folds
49f107a8: raises $0.15 to $0.25
399bf327: calls $0.15
*** FLOP *** [5h 7h 6s]
49f107a8: bets $0.3
399bf327: calls $0.3
*** TURN *** [5h 7h 6s] [2s]
49f107a8: bets $0.86
399bf327: folds
Uncalled bet ($0.86) returned to 49f107a8
*** SHOWDOWN ***
49f107a8 collected $1.05 from pot
*** SUMMARY ***
Total pot $1.1 | Rake $0.05 | Jackpot $0 | Bingo $0 | Fortune $0 | Tax $0
Board [5h 7h 6s 2s]
Seat 1: 399bf327 (big blind) folded on the Turn
Seat 2: Hero folded before Flop (didn't bet)
Seat 3: a07c4b44 folded before Flop (didn't bet)
Seat 4: 6ce93580 folded before Flop (didn't bet)
Seat 5: 484b3111 (button) folded before Flop (didn't bet)
Seat 6: 49f107a8 (small blind) won ($1.05)


Poker Hand #HD1768576701: Hold'em No Limit ($0.05/$0.1) - 2024/05/11 21:35:46
Table 'NLHRed43' 6-max Seat #4 is the button
Seat 1: 399bf327 ($10 in chips)
Seat 2: Hero ($12.44 in chips)
Seat 3: a07c4b44 ($11.88 in chips)
Seat 4: 6ce93580 ($14.2 in chips)
Seat 5: 484b3111 ($4.39 in chips)
Seat 6: 49f107a8 ($11.07 in chips)
484b3111: posts small blind $0.05
49f107a8: posts big blind $0.1
*** HOLE CARDS ***
Dealt to 399bf327 
Dealt to Hero [2h Ks]
Dealt to a07c4b44 
Dealt to 6ce93580 
Dealt to 484b3111 
Dealt to 49f107a8 
399bf327: folds
Hero: folds
a07c4b44: folds
6ce93580: raises $0.15 to $0.25
484b3111: calls $0.2
49f107a8: calls $0.15
*** FLOP *** [2s Kc 4d]
484b3111: checks
49f107a8: checks
6ce93580: checks
*** TURN *** [2s Kc 4d] [7s]
484b3111: checks
49f107a8: checks
6ce93580: checks
*** RIVER *** [2s Kc 4d 7s] [Ad]
484b3111: checks
49f107a8: bets $0.25
6ce93580: calls $0.25
484b3111: folds
49f107a8: shows [Jd 6d] (Ace-High)
6ce93580: shows [Ah 9c] (Pair of Aces)
*** SHOWDOWN ***
6ce93580 collected $1.19 from pot
*** SUMMARY ***
Total pot $1.25 | Rake $0.06 | Jackpot $0 | Bingo $0 | Fortune $0 | Tax $0
Board [2s Kc 4d 7s Ad]
Seat 1: 399bf327 folded before Flop (didn't bet)
Seat 2: Hero folded before Flop (didn't bet)
Seat 3: a07c4b44 folded before Flop (didn't bet)
Seat 4: 6ce93580 (button) showed [Ah 9c] and won ($1.19) with Pair of Aces
Seat 5: 484b3111 (small blind) folded on the River
Seat 6: 49f107a8 (big blind) showed [Jd 6d] and lost with Ace-High


Poker Hand #HD1768576676: Hold'em No Limit ($0.05/$0.1) - 2024/05/11 21:35:34
Table 'NLHRed43' 6-max Seat #3 is the button
Seat 1: 399bf327 ($10 in chips)
Seat 2: Hero ($12.44 in chips)
Seat 3: a07c4b44 ($11.88 in chips)
Seat 4: 6ce93580 ($14.25 in chips)
Seat 5: 484b3111 ($4.34 in chips)
Seat 6: 49f107a8 ($11.07 in chips)
6ce93580: posts small blind $0.05
484b3111: posts big blind $0.1
*** HOLE CARDS ***
Dealt to 399bf327 
Dealt to Hero [Ad 2h]
Dealt to a07c4b44 
Dealt to 6ce93580 
Dealt to 484b3111 
Dealt to 49f107a8 
49f107a8: folds
399bf327: folds
Hero: folds
a07c4b44: folds
6ce93580: folds
Uncalled bet ($0.05) returned to 484b3111
*** SHOWDOWN ***
484b3111 collected $0.1 from pot
*** SUMMARY ***
Total pot $0.1 | Rake $0 | Jackpot $0 | Bingo $0 | Fortune $0 | Tax $0
Seat 1: 399bf327 folded before Flop (didn't bet)
Seat 2: Hero folded before Flop (didn't bet)
Seat 3: a07c4b44 (button) folded before Flop (didn't bet)
Seat 4: 6ce93580 (small blind) folded before Flop
Seat 5: 484b3111 (big blind) collected ($0.1)
Seat 6: 49f107a8 folded before Flop (didn't bet)


Poker Hand #HD1768576572: Hold'em No Limit ($0.05/$0.1) - 2024/05/11 21:34:56
Table 'NLHRed43' 6-max Seat #2 is the button
Seat 1: 399bf327 ($10.15 in chips)
Seat 2: Hero ($12.44 in chips)
Seat 3: a07c4b44 ($12.08 in chips)
Seat 4: 6ce93580 ($13.7 in chips)
Seat 5: 484b3111 ($4.34 in chips)
Seat 6: 49f107a8 ($11.07 in chips)
a07c4b44: posts small blind $0.05
6ce93580: posts big blind $0.1
*** HOLE CARDS ***
Dealt to 399bf327 
Dealt to Hero [Ac 3h]
Dealt to a07c4b44 
Dealt to 6ce93580 
Dealt to 484b3111 
Dealt to 49f107a8 
484b3111: folds
49f107a8: folds
399bf327: raises $0.1 to $0.2
Hero: folds
a07c4b44: calls $0.15
6ce93580: calls $0.1
*** FLOP *** [4s 8s Kh]
a07c4b44: checks
6ce93580: checks
399bf327: bets $0.2
a07c4b44: folds
6ce93580: raises $0.75 to $0.95
399bf327: folds
Uncalled bet ($0.75) returned to 6ce93580
*** SHOWDOWN ***
6ce93580 collected $0.95 from pot
*** SUMMARY ***
Total pot $1 | Rake $0.05 | Jackpot $0 | Bingo $0 | Fortune $0 | Tax $0
Board [4s 8s Kh]
Seat 1: 399bf327 folded on the Flop
Seat 2: Hero (button) folded before Flop (didn't bet)
Seat 3: a07c4b44 (small blind) folded on the Flop
Seat 4: 6ce93580 (big blind) won ($0.95)
Seat 5: 484b3111 folded before Flop (didn't bet)
Seat 6: 49f107a8 folded before Flop (didn't bet)


Poker Hand #HD1768576553: Hold'em No Limit ($0.05/$0.1) - 2024/05/11 21:34:45
Table 'NLHRed43' 6-max Seat #1 is the button
Seat 1: 399bf327 ($10.15 in chips)
Seat 2: Hero ($12.34 in chips)
Seat 3: a07c4b44 ($12.18 in chips)
Seat 4: 6ce93580 ($13.7 in chips)
Seat 5: 484b3111 ($4.34 in chips)
Seat 6: 49f107a8 ($11.07 in chips)
Hero: posts small blind $0.05
a07c4b44: posts big blind $0.1
*** HOLE CARDS ***
Dealt to 399bf327 
Dealt to Hero [Qh Qd]
Dealt to a07c4b44 
Dealt to 6ce93580 
Dealt to 484b3111 
Dealt to 49f107a8 
6ce93580: folds
484b3111: folds
49f107a8: folds
399bf327: folds
Hero: raises $0.2 to $0.3
a07c4b44: folds
Uncalled bet ($0.2) returned to Hero
*** SHOWDOWN ***
Hero collected $0.2 from pot
*** SUMMARY ***
Total pot $0.2 | Rake $0 | Jackpot $0 | Bingo $0 | Fortune $0 | Tax $0
Seat 1: 399bf327 (button) folded before Flop (didn't bet)
Seat 2: Hero (small blind) collected ($0.2)
Seat 3: a07c4b44 (big blind) folded before Flop
Seat 4: 6ce93580 folded before Flop (didn't bet)
Seat 5: 484b3111 folded before Flop (didn't bet)
Seat 6: 49f107a8 folded before Flop (didn't bet)


Poker Hand #HD1768576422: Hold'em No Limit ($0.05/$0.1) - 2024/05/11 21:33:48
Table 'NLHRed43' 6-max Seat #6 is the button
Seat 1: 399bf327 ($10.2 in chips)
Seat 2: Hero ($12.54 in chips)
Seat 3: a07c4b44 ($12.38 in chips)
Seat 4: 6ce93580 ($13.7 in chips)
Seat 5: 484b3111 ($3.92 in chips)
Seat 6: 49f107a8 ($11.07 in chips)
399bf327: posts small blind $0.05
Hero: posts big blind $0.1
*** HOLE CARDS ***
Dealt to 399bf327 
Dealt to Hero [Td 9h]
Dealt to a07c4b44 
Dealt to 6ce93580 
Dealt to 484b3111 
Dealt to 49f107a8 
a07c4b44: raises $0.1 to $0.2
6ce93580: folds
484b3111: calls $0.2
49f107a8: folds
399bf327: folds
Hero: calls $0.1
*** FLOP *** [Qd 5h 3c]
Hero: checks
a07c4b44: checks
484b3111: bets $0.1
Hero: folds
a07c4b44: folds
Uncalled bet ($0.1) returned to 484b3111
*** SHOWDOWN ***
484b3111 collected $0.62 from pot
*** SUMMARY ***
Total pot $0.65 | Rake $0.03 | Jackpot $0 | Bingo $0 | Fortune $0 | Tax $0
Board [Qd 5h 3c]
Seat 1: 399bf327 (small blind) folded before Flop
Seat 2: Hero (big blind) folded on the Flop
Seat 3: a07c4b44 folded on the Flop
Seat 4: 6ce93580 folded before Flop (didn't bet)
Seat 5: 484b3111 won ($0.62)
Seat 6: 49f107a8 (button) folded before Flop (didn't bet)


Poker Hand #HD1768576403: Hold'em No Limit ($0.05/$0.1) - 2024/05/11 21:33:41
Table 'NLHRed43' 6-max Seat #5 is the button
Seat 1: 399bf327 ($10.15 in chips)
Seat 2: Hero ($12.54 in chips)
Seat 3: a07c4b44 ($12.38 in chips)
Seat 4: 6ce93580 ($13.7 in chips)
Seat 5: 484b3111 ($3.92 in chips)
Seat 6: 49f107a8 ($11.12 in chips)
49f107a8: posts small blind $0.05
399bf327: posts big blind $0.1
*** HOLE CARDS ***
Dealt to 399bf327 
Dealt to Hero [Jh 8d]
Dealt to a07c4b44 
Dealt to 6ce93580 
Dealt to 484b3111 
Dealt to 49f107a8 
Hero: folds
a07c4b44: folds
6ce93580: folds
484b3111: folds
49f107a8: folds
Uncalled bet ($0.05) returned to 399bf327
*** SHOWDOWN ***
399bf327 collected $0.1 from pot
*** SUMMARY ***
Total pot $0.1 | Rake $0 | Jackpot $0 | Bingo $0 | Fortune $0 | Tax $0
Seat 1: 399bf327 (big blind) collected ($0.1)
Seat 2: Hero folded before Flop (didn't bet)
Seat 3: a07c4b44 folded before Flop (didn't bet)
Seat 4: 6ce93580 folded before Flop (didn't bet)
Seat 5: 484b3111 (button) folded before Flop (didn't bet)
Seat 6: 49f107a8 (small blind) folded before Flop


Poker Hand #HD1768576366: Hold'em No Limit ($0.05/$0.1) - 2024/05/11 21:33:21
Table 'NLHRed43' 6-max Seat #4 is the button
Seat 1: 399bf327 ($10.15 in chips)
Seat 2: Hero ($12.78 in chips)
Seat 3: a07c4b44 ($12.38 in chips)
Seat 4: 6ce93580 ($13.34 in chips)
Seat 5: 484b3111 ($3.97 in chips)
Seat 6: 49f107a8 ($11.22 in chips)
484b3111: posts small blind $0.05
49f107a8: posts big blind $0.1
*** HOLE CARDS ***
Dealt to 399bf327 
Dealt to Hero [Ts Qc]
Dealt to a07c4b44 
Dealt to 6ce93580 
Dealt to 484b3111 
Dealt to 49f107a8 
399bf327: folds
Hero: raises $0.14 to $0.24
a07c4b44: folds
6ce93580: raises $0.48 to $0.72
484b3111: folds
49f107a8: folds
Hero: folds
Uncalled bet ($0.48) returned to 6ce93580
*** SHOWDOWN ***
6ce93580 collected $0.6 from pot
*** SUMMARY ***
Total pot $0.63 | Rake $0.03 | Jackpot $0 | Bingo $0 | Fortune $0 | Tax $0
Seat 1: 399bf327 folded before Flop (didn't bet)
Seat 2: Hero folded before Flop
Seat 3: a07c4b44 folded before Flop (didn't bet)
Seat 4: 6ce93580 (button) collected ($0.6)
Seat 5: 484b3111 (small blind) folded before Flop
Seat 6: 49f107a8 (big blind) folded before Flop


Poker Hand #HD1768576341: Hold'em No Limit ($0.05/$0.1) - 2024/05/11 21:33:11
Table 'NLHRed43' 6-max Seat #3 is the button
Seat 1: 399bf327 ($10 in chips)
Seat 2: Hero ($12.78 in chips)
Seat 3: a07c4b44 ($12.38 in chips)
Seat 4: 6ce93580 ($13.39 in chips)
Seat 5: 484b3111 ($4.07 in chips)
Seat 6: 49f107a8 ($11.22 in chips)
6ce93580: posts small blind $0.05
484b3111: posts big blind $0.1
*** HOLE CARDS ***
Dealt to 399bf327 
Dealt to Hero [2h 2c]
Dealt to a07c4b44 
Dealt to 6ce93580 
Dealt to 484b3111 
Dealt to 49f107a8 
49f107a8: folds
399bf327: raises $0.1 to $0.2
Hero: folds
a07c4b44: folds
6ce93580: folds
484b3111: folds
Uncalled bet ($0.1) returned to 399bf327
*** SHOWDOWN ***
399bf327 collected $0.25 from pot
*** SUMMARY ***
Total pot $0.25 | Rake $0 | Jackpot $0 | Bingo $0 | Fortune $0 | Tax $0
Seat 1: 399bf327 collected ($0.25)
Seat 2: Hero folded before Flop (didn't bet)
Seat 3: a07c4b44 (button) folded before Flop (didn't bet)
Seat 4: 6ce93580 (small blind) folded before Flop
Seat 5: 484b3111 (big blind) folded before Flop
Seat 6: 49f107a8 folded before Flop (didn't bet)


Poker Hand #HD1768576307: Hold'em No Limit ($0.05/$0.1) - 2024/05/11 21:32:58
Table 'NLHRed43' 6-max Seat #2 is the button
Seat 1: 399bf327 ($10 in chips)
Seat 2: Hero ($12.78 in chips)
Seat 3: a07c4b44 ($12.43 in chips)
Seat 4: 6ce93580 ($13.34 in chips)
Seat 5: 484b3111 ($4.07 in chips)
Seat 6: 49f107a8 ($11.22 in chips)
a07c4b44: posts small blind $0.05
6ce93580: posts big blind $0.1
*** HOLE CARDS ***
Dealt to 399bf327 
Dealt to Hero [9c 2h]
Dealt to a07c4b44 
Dealt to 6ce93580 
Dealt to 484b3111 
Dealt to 49f107a8 
484b3111: folds
49f107a8: folds
399bf327: folds
Hero: folds
a07c4b44: folds
Uncalled bet ($0.05) returned to 6ce93580
*** SHOWDOWN ***
6ce93580 collected $0.1 from pot
*** SUMMARY ***
Total pot $0.1 | Rake $0 | Jackpot $0 | Bingo $0 | Fortune $0 | Tax $0
Seat 1: 399bf327 folded before Flop (didn't bet)
Seat 2: Hero (button) folded before Flop (didn't bet)
Seat 3: a07c4b44 (small blind) folded before Flop
Seat 4: 6ce93580 (big blind) collected ($0.1)
Seat 5: 484b3111 folded before Flop (didn't bet)
Seat 6: 49f107a8 folded before Flop (didn't bet)


Poker Hand #HD1768576213: Hold'em No Limit ($0.05/$0.1) - 2024/05/11 21:32:17
Table 'NLHRed43' 6-max Seat #1 is the button
Seat 1: 399bf327 ($10 in chips)
Seat 2: Hero ($12.83 in chips)
Seat 3: a07c4b44 ($12.15 in chips)
Seat 4: 6ce93580 ($13.34 in chips)
Seat 5: 484b3111 ($4.07 in chips)
Seat 6: 49f107a8 ($11.22 in chips)
Hero: posts small blind $0.05
a07c4b44: posts big blind $0.1
*** HOLE CARDS ***
Dealt to 399bf327 
Dealt to Hero [8c 5s]
Dealt to a07c4b44 
Dealt to 6ce93580 
Dealt to 484b3111 
Dealt to 49f107a8 
6ce93580: folds
484b3111: folds
49f107a8: folds
399bf327: raises $0.15 to $0.25
Hero: folds
a07c4b44: calls $0.15
*** FLOP *** [Ts 5h Jd]
a07c4b44: checks
399bf327: checks
*** TURN *** [Ts 5h Jd] [Kc]
a07c4b44: bets $0.42
399bf327: folds
Uncalled bet ($0.42) returned to a07c4b44
*** SHOWDOWN ***
a07c4b44 collected $0.53 from pot
*** SUMMARY ***
Total pot $0.55 | Rake $0.02 | Jackpot $0 | Bingo $0 | Fortune $0 | Tax $0
Board [Ts 5h Jd Kc]
Seat 1: 399bf327 (button) folded on the Turn
Seat 2: Hero (small blind) folded before Flop
Seat 3: a07c4b44 (big blind) won ($0.53)
Seat 4: 6ce93580 folded before Flop (didn't bet)
Seat 5: 484b3111 folded before Flop (didn't bet)
Seat 6: 49f107a8 folded before Flop (didn't bet)


Poker Hand #HD1768576148: Hold'em No Limit ($0.05/$0.1) - 2024/05/11 21:31:46
Table 'NLHRed43' 6-max Seat #6 is the button
Seat 1: 399bf327 ($10 in chips)
Seat 2: Hero ($13.08 in chips)
Seat 3: a07c4b44 ($11.87 in chips)
Seat 4: 6ce93580 ($13.34 in chips)
Seat 5: 484b3111 ($4.07 in chips)
Seat 6: 49f107a8 ($11.22 in chips)
399bf327: posts small blind $0.05
Hero: posts big blind $0.1
*** HOLE CARDS ***
Dealt to 399bf327 
Dealt to Hero [7d 6d]
Dealt to a07c4b44 
Dealt to 6ce93580 
Dealt to 484b3111 
Dealt to 49f107a8 
a07c4b44: raises $0.15 to $0.25
6ce93580: folds
484b3111: folds
49f107a8: folds
399bf327: folds
Hero: calls $0.15
*** FLOP *** [5c Jc 7c]
Hero: checks
a07c4b44: checks
*** TURN *** [5c Jc 7c] [8h]
Hero: checks
a07c4b44: bets $0.28
Hero: folds
Uncalled bet ($0.28) returned to a07c4b44
*** SHOWDOWN ***
a07c4b44 collected $0.53 from pot
*** SUMMARY ***
Total pot $0.55 | Rake $0.02 | Jackpot $0 | Bingo $0 | Fortune $0 | Tax $0
Board [5c Jc 7c 8h]
Seat 1: 399bf327 (small blind) folded before Flop
Seat 2: Hero (big blind) folded on the Turn
Seat 3: a07c4b44 won ($0.53)
Seat 4: 6ce93580 folded before Flop (didn't bet)
Seat 5: 484b3111 folded before Flop (didn't bet)
Seat 6: 49f107a8 (button) folded before Flop (didn't bet)


Poker Hand #HD1768576085: Hold'em No Limit ($0.05/$0.1) - 2024/05/11 21:31:19
Table 'NLHRed43' 6-max Seat #5 is the button
Seat 1: 399bf327 ($10 in chips)
Seat 2: Hero ($13.08 in chips)
Seat 3: a07c4b44 ($11.87 in chips)
Seat 4: 6ce93580 ($12.97 in chips)
Seat 5: 484b3111 ($4.32 in chips)
Seat 6: 49f107a8 ($11.27 in chips)
49f107a8: posts small blind $0.05
399bf327: posts big blind $0.1
*** HOLE CARDS ***
Dealt to 399bf327 
Dealt to Hero [3c 5d]
Dealt to a07c4b44 
Dealt to 6ce93580 
Dealt to 484b3111 
Dealt to 49f107a8 
Hero: folds
a07c4b44: folds
6ce93580: raises $0.15 to $0.25
484b3111: calls $0.25
49f107a8: folds
399bf327: folds
*** FLOP *** [Kd 5c 4s]
6ce93580: checks
484b3111: checks
*** TURN *** [Kd 5c 4s] [6h]
6ce93580: bets $0.33
484b3111: folds
Uncalled bet ($0.33) returned to 6ce93580
*** SHOWDOWN ***
6ce93580 collected $0.62 from pot
*** SUMMARY ***
Total pot $0.65 | Rake $0.03 | Jackpot $0 | Bingo $0 | Fortune $0 | Tax $0
Board [Kd 5c 4s 6h]
Seat 1: 399bf327 (big blind) folded before Flop
Seat 2: Hero folded before Flop (didn't bet)
Seat 3: a07c4b44 folded before Flop (didn't bet)
Seat 4: 6ce93580 won ($0.62)
Seat 5: 484b3111 (button) folded on the Turn
Seat 6: 49f107a8 (small blind) folded before Flop


Poker Hand #HD1768576007: Hold'em No Limit ($0.05/$0.1) - 2024/05/11 21:30:35
Table 'NLHRed43' 6-max Seat #4 is the button
Seat 1: 399bf327 ($10 in chips)
Seat 2: Hero ($13.08 in chips)
Seat 3: a07c4b44 ($10.41 in chips)
Seat 4: 6ce93580 ($14.53 in chips)
Seat 5: 484b3111 ($4.37 in chips)
Seat 6: 49f107a8 ($11.37 in chips)
484b3111: posts small blind $0.05
49f107a8: posts big blind $0.1
*** HOLE CARDS ***
Dealt to 399bf327 
Dealt to Hero [2c 5c]
Dealt to a07c4b44 
Dealt to 6ce93580 
Dealt to 484b3111 
Dealt to 49f107a8 
399bf327: folds
Hero: folds
a07c4b44: raises $0.15 to $0.25
6ce93580: raises $0.49 to $0.74
484b3111: folds
49f107a8: folds
a07c4b44: raises $0.82 to $1.56
6ce93580: calls $0.82
*** FLOP *** [3h Ks 4d]
a07c4b44: checks
6ce93580: checks
*** TURN *** [3h Ks 4d] [3c]
a07c4b44: bets $3.27
6ce93580: folds
Uncalled bet ($3.27) returned to a07c4b44
*** SHOWDOWN ***
a07c4b44 collected $3.02 from pot
*** SUMMARY ***
Total pot $3.27 | Rake $0.15 | Jackpot $0.1 | Bingo $0 | Fortune $0 | Tax $0
Board [3h Ks 4d 3c]
Seat 1: 399bf327 folded before Flop (didn't bet)
Seat 2: Hero folded before Flop (didn't bet)
Seat 3: a07c4b44 won ($3.02)
Seat 4: 6ce93580 (button) folded on the Turn
Seat 5: 484b3111 (small blind) folded before Flop
Seat 6: 49f107a8 (big blind) folded before Flop


Poker Hand #HD1768575900: Hold'em No Limit ($0.05/$0.1) - 2024/05/11 21:29:46
Table 'NLHRed43' 6-max Seat #3 is the button
Seat 1: 399bf327 ($10 in chips)
Seat 2: Hero ($12.71 in chips)
Seat 3: a07c4b44 ($10.41 in chips)
Seat 4: 6ce93580 ($14.58 in chips)
Seat 5: 484b3111 ($4.47 in chips)
Seat 6: 49f107a8 ($11.62 in chips)
6ce93580: posts small blind $0.05
484b3111: posts big blind $0.1
*** HOLE CARDS ***
Dealt to 399bf327 
Dealt to Hero [Kh Ad]
Dealt to a07c4b44 
Dealt to 6ce93580 
Dealt to 484b3111 
Dealt to 49f107a8 
49f107a8: raises $0.15 to $0.25
399bf327: folds
Hero: raises $0.75 to $1
a07c4b44: folds
6ce93580: folds
484b3111: folds
49f107a8: folds
Uncalled bet ($0.75) returned to Hero
*** SHOWDOWN ***
Hero collected $0.62 from pot
*** SUMMARY ***
Total pot $0.65 | Rake $0.03 | Jackpot $0 | Bingo $0 | Fortune $0 | Tax $0
Seat 1: 399bf327 folded before Flop (didn't bet)
Seat 2: Hero collected ($0.62)
Seat 3: a07c4b44 (button) folded before Flop (didn't bet)
Seat 4: 6ce93580 (small blind) folded before Flop
Seat 5: 484b3111 (big blind) folded before Flop
Seat 6: 49f107a8 folded before Flop


Poker Hand #HD1768575801: Hold'em No Limit ($0.05/$0.1) - 2024/05/11 21:29:04
Table 'NLHRed43' 6-max Seat #2 is the button
Seat 1: 399bf327 ($10 in chips)
Seat 2: Hero ($12.71 in chips)
Seat 3: a07c4b44 ($10.46 in chips)
Seat 4: 6ce93580 ($10.15 in chips)
Seat 5: 484b3111 ($9.44 in chips)
Seat 6: 49f107a8 ($11.62 in chips)
a07c4b44: posts small blind $0.05
6ce93580: posts big blind $0.1
*** HOLE CARDS ***
Dealt to 399bf327 
Dealt to Hero [Qd 4s]
Dealt to a07c4b44 
Dealt to 6ce93580 
Dealt to 484b3111 
Dealt to 49f107a8 
484b3111: calls $0.1
49f107a8: folds
399bf327: folds
Hero: folds
a07c4b44: folds
6ce93580: checks
*** FLOP *** [5s 9c Ts]
6ce93580: checks
484b3111: bets $0.1
6ce93580: raises $0.57 to $0.67
484b3111: calls $0.57
*** TURN *** [5s 9c Ts] [3d]
6ce93580: bets $1.2
484b3111: calls $1.2
*** RIVER *** [5s 9c Ts 3d] [2d]
6ce93580: bets $3
484b3111: calls $3
6ce93580: shows [Td 5d] (Pair of Tens and Pair of Fives)
484b3111: shows [Jh Jc] (Pair of Jacks)
*** SHOWDOWN ***
6ce93580 collected $9.4 from pot
*** SUMMARY ***
Total pot $9.99 | Rake $0.49 | Jackpot $0.1 | Bingo $0 | Fortune $0 | Tax $0
Board [5s 9c Ts 3d 2d]
Seat 1: 399bf327 folded before Flop (didn't bet)
Seat 2: Hero (button) folded before Flop (didn't bet)
Seat 3: a07c4b44 (small blind) folded before Flop
Seat 4: 6ce93580 (big blind) showed [Td 5d] and won ($9.4) with Pair of Tens and Pair of Fives
Seat 5: 484b3111 showed [Jh Jc] and lost with Pair of Jacks
Seat 6: 49f107a8 folded before Flop (didn't bet)


Poker Hand #HD1768575768: Hold'em No Limit ($0.05/$0.1) - 2024/05/11 21:28:45
Table 'NLHRed43' 6-max Seat #1 is the button
Seat 1: 399bf327 ($10 in chips)
Seat 2: Hero ($12.76 in chips)
Seat 3: a07c4b44 ($10.56 in chips)
Seat 4: 6ce93580 ($10 in chips)
Seat 5: 484b3111 ($9.44 in chips)
Seat 6: 49f107a8 ($11.62 in chips)
Hero: posts small blind $0.05
a07c4b44: posts big blind $0.1
*** HOLE CARDS ***
Dealt to 399bf327 
Dealt to Hero [4c 5c]
Dealt to a07c4b44 
Dealt to 6ce93580 
Dealt to 484b3111 
Dealt to 49f107a8 
6ce93580: raises $0.15 to $0.25
484b3111: folds
49f107a8: folds
399bf327: folds
Hero: folds
a07c4b44: folds
Uncalled bet ($0.15) returned to 6ce93580
*** SHOWDOWN ***
6ce93580 collected $0.25 from pot
*** SUMMARY ***
Total pot $0.25 | Rake $0 | Jackpot $0 | Bingo $0 | Fortune $0 | Tax $0
Seat 1: 399bf327 (button) folded before Flop (didn't bet)
Seat 2: Hero (small blind) folded before Flop
Seat 3: a07c4b44 (big blind) folded before Flop
Seat 4: 6ce93580 collected ($0.25)
Seat 5: 484b3111 folded before Flop (didn't bet)
Seat 6: 49f107a8 folded before Flop (didn't bet)


Poker Hand #HD1768575702: Hold'em No Limit ($0.05/$0.1) - 2024/05/11 21:28:12
Table 'NLHRed43' 6-max Seat #6 is the button
Seat 1: 399bf327 ($10 in chips)
Seat 2: Hero ($12.86 in chips)
Seat 3: a07c4b44 ($10.56 in chips)
Seat 4: 6ce93580 ($10 in chips)
Seat 5: 484b3111 ($9.3 in chips)
Seat 6: 49f107a8 ($11.62 in chips)
399bf327: posts small blind $0.05
Hero: posts big blind $0.1
*** HOLE CARDS ***
Dealt to 399bf327 
Dealt to Hero [Kc 6h]
Dealt to a07c4b44 
Dealt to 6ce93580 
Dealt to 484b3111 
Dealt to 49f107a8 
a07c4b44: folds
6ce93580: folds
484b3111: calls $0.1
49f107a8: folds
399bf327: folds
Hero: checks
*** FLOP *** [4h 9c Qc]
Hero: checks
484b3111: checks
*** TURN *** [4h 9c Qc] [2h]
Hero: checks
484b3111: checks
*** RIVER *** [4h 9c Qc 2h] [Ad]
Hero: checks
484b3111: checks
Hero: shows [Kc 6h] (Ace-High)
484b3111: shows [Jc Kd] (Ace-High)
*** SHOWDOWN ***
484b3111 collected $0.24 from pot
*** SUMMARY ***
Total pot $0.25 | Rake $0.01 | Jackpot $0 | Bingo $0 | Fortune $0 | Tax $0
Board [4h 9c Qc 2h Ad]
Seat 1: 399bf327 (small blind) folded before Flop
Seat 2: Hero (big blind) showed [Kc 6h] and lost with Ace-High
Seat 3: a07c4b44 folded before Flop (didn't bet)
Seat 4: 6ce93580 folded before Flop (didn't bet)
Seat 5: 484b3111 showed [Jc Kd] and won ($0.24) with Ace-High
Seat 6: 49f107a8 (button) folded before Flop (didn't bet)


Poker Hand #HD1768575667: Hold'em No Limit ($0.05/$0.1) - 2024/05/11 21:27:55
Table 'NLHRed43' 6-max Seat #5 is the button
Seat 1: 399bf327 ($10.07 in chips)
Seat 2: Hero ($12.86 in chips)
Seat 3: a07c4b44 ($10.56 in chips)
Seat 4: 6ce93580 ($10 in chips)
Seat 5: 484b3111 ($9.3 in chips)
Seat 6: 49f107a8 ($11.52 in chips)
49f107a8: posts small blind $0.05
399bf327: posts big blind $0.1
*** HOLE CARDS ***
Dealt to 399bf327 
Dealt to Hero [9d Ks]
Dealt to a07c4b44 
Dealt to 6ce93580 
Dealt to 484b3111 
Dealt to 49f107a8 
Hero: folds
a07c4b44: folds
6ce93580: folds
484b3111: folds
49f107a8: raises $0.15 to $0.25
399bf327: folds
Uncalled bet ($0.15) returned to 49f107a8
*** SHOWDOWN ***
49f107a8 collected $0.2 from pot
*** SUMMARY ***
Total pot $0.2 | Rake $0 | Jackpot $0 | Bingo $0 | Fortune $0 | Tax $0
Seat 1: 399bf327 (big blind) folded before Flop
Seat 2: Hero folded before Flop (didn't bet)
Seat 3: a07c4b44 folded before Flop (didn't bet)
Seat 4: 6ce93580 folded before Flop (didn't bet)
Seat 5: 484b3111 (button) folded before Flop (didn't bet)
Seat 6: 49f107a8 (small blind) collected ($0.2)


Poker Hand #HD1768495562: Hold'em No Limit ($0.05/$0.1) - 2024/05/11 21:27:05
Table 'NLHRed43' 6-max Seat #4 is the button
Seat 1: 399bf327 ($10.07 in chips)
Seat 2: Hero ($13.06 in chips)
Seat 3: a07c4b44 ($10 in chips)
Seat 4: 6ce93580 ($10 in chips)
Seat 5: 484b3111 ($9.5 in chips)
Seat 6: 49f107a8 ($11.72 in chips)
484b3111: posts small blind $0.05
49f107a8: posts big blind $0.1
*** HOLE CARDS ***
Dealt to 399bf327 
Dealt to Hero [9c Ac]
Dealt to a07c4b44 
Dealt to 6ce93580 
Dealt to 484b3111 
Dealt to 49f107a8 
399bf327: folds
Hero: raises $0.1 to $0.2
a07c4b44: calls $0.2
6ce93580: folds
484b3111: calls $0.15
49f107a8: calls $0.1
*** FLOP *** [Td Ks 3d]
484b3111: checks
49f107a8: checks
Hero: checks
a07c4b44: checks
*** TURN *** [Td Ks 3d] [Qd]
484b3111: checks
49f107a8: checks
Hero: checks
a07c4b44: bets $0.6
484b3111: folds
49f107a8: folds
Hero: folds
Uncalled bet ($0.6) returned to a07c4b44
*** SHOWDOWN ***
a07c4b44 collected $0.76 from pot
*** SUMMARY ***
Total pot $0.8 | Rake $0.04 | Jackpot $0 | Bingo $0 | Fortune $0 | Tax $0
Board [Td Ks 3d Qd]
Seat 1: 399bf327 folded before Flop (didn't bet)
Seat 2: Hero folded on the Turn
Seat 3: a07c4b44 won ($0.76)
Seat 4: 6ce93580 (button) folded before Flop (didn't bet)
Seat 5: 484b3111 (small blind) folded on the Turn
Seat 6: 49f107a8 (big blind) folded on the Turn


Poker Hand #HD1768495543: Hold'em No Limit ($0.05/$0.1) - 2024/05/11 21:26:56
Table 'NLHRed43' 6-max Seat #3 is the button
Seat 1: 399bf327 ($10.07 in chips)
Seat 2: Hero ($13.06 in chips)
Seat 3: a07c4b44 ($7.1 in chips)
Seat 4: 6ce93580 ($10 in chips)
Seat 5: 484b3111 ($9.6 in chips)
Seat 6: 49f107a8 ($11.57 in chips)
6ce93580: posts small blind $0.05
484b3111: posts big blind $0.1
*** HOLE CARDS ***
Dealt to 399bf327 
Dealt to Hero [3c 7s]
Dealt to a07c4b44 
Dealt to 6ce93580 
Dealt to 484b3111 
Dealt to 49f107a8 
49f107a8: raises $0.15 to $0.25
399bf327: folds
Hero: folds
a07c4b44: folds
6ce93580: folds
484b3111: folds
Uncalled bet ($0.15) returned to 49f107a8
*** SHOWDOWN ***
49f107a8 collected $0.25 from pot
*** SUMMARY ***
Total pot $0.25 | Rake $0 | Jackpot $0 | Bingo $0 | Fortune $0 | Tax $0
Seat 1: 399bf327 folded before Flop (didn't bet)
Seat 2: Hero folded before Flop (didn't bet)
Seat 3: a07c4b44 (button) folded before Flop (didn't bet)
Seat 4: 6ce93580 (small blind) folded before Flop
Seat 5: 484b3111 (big blind) folded before Flop
Seat 6: 49f107a8 collected ($0.25)


Poker Hand #HD1768495394: Hold'em No Limit ($0.05/$0.1) - 2024/05/11 21:25:46
Table 'NLHRed43' 6-max Seat #2 is the button
Seat 1: 399bf327 ($10.07 in chips)
Seat 2: Hero ($10.13 in chips)
Seat 3: a07c4b44 ($9.4 in chips)
Seat 4: 6ce93580 ($10 in chips)
Seat 5: 484b3111 ($9.6 in chips)
Seat 6: 49f107a8 ($12.47 in chips)
a07c4b44: posts small blind $0.05
6ce93580: posts big blind $0.1
*** HOLE CARDS ***
Dealt to 399bf327 
Dealt to Hero [Th Ts]
Dealt to a07c4b44 
Dealt to 6ce93580 
Dealt to 484b3111 
Dealt to 49f107a8 
484b3111: folds
49f107a8: raises $0.15 to $0.25
399bf327: folds
Hero: raises $0.65 to $0.9
a07c4b44: calls $0.85
6ce93580: folds
49f107a8: calls $0.65
*** FLOP *** [8c 8h 6c]
a07c4b44: checks
49f107a8: checks
Hero: checks
*** TURN *** [8c 8h 6c] [Td]
a07c4b44: bets $1.4
49f107a8: folds
Hero: raises $1.85 to $3.25
a07c4b44: folds
Uncalled bet ($1.85) returned to Hero
*** SHOWDOWN ***
Hero collected $5.23 from pot
*** SUMMARY ***
Total pot $5.6 | Rake $0.27 | Jackpot $0.1 | Bingo $0 | Fortune $0 | Tax $0
Board [8c 8h 6c Td]
Seat 1: 399bf327 folded before Flop (didn't bet)
Seat 2: Hero (button) won ($5.23)
Seat 3: a07c4b44 (small blind) folded on the Turn
Seat 4: 6ce93580 (big blind) folded before Flop
Seat 5: 484b3111 folded before Flop (didn't bet)
Seat 6: 49f107a8 folded on the Turn


Poker Hand #HD1768495366: Hold'em No Limit ($0.05/$0.1) - 2024/05/11 21:25:32
Table 'NLHRed43' 6-max Seat #1 is the button
Seat 1: 399bf327 ($10.07 in chips)
Seat 2: Hero ($10.18 in chips)
Seat 3: a07c4b44 ($9.5 in chips)
Seat 4: 6ce93580 ($10 in chips)
Seat 5: 484b3111 ($9.45 in chips)
Seat 6: 49f107a8 ($12.47 in chips)
Hero: posts small blind $0.05
a07c4b44: posts big blind $0.1
*** HOLE CARDS ***
Dealt to 399bf327 
Dealt to Hero [7h 8d]
Dealt to a07c4b44 
Dealt to 6ce93580 
Dealt to 484b3111 
Dealt to 49f107a8 
6ce93580: folds
484b3111: raises $0.1 to $0.2
49f107a8: folds
399bf327: folds
Hero: folds
a07c4b44: folds
Uncalled bet ($0.1) returned to 484b3111
*** SHOWDOWN ***
484b3111 collected $0.25 from pot
*** SUMMARY ***
Total pot $0.25 | Rake $0 | Jackpot $0 | Bingo $0 | Fortune $0 | Tax $0
Seat 1: 399bf327 (button) folded before Flop (didn't bet)
Seat 2: Hero (small blind) folded before Flop
Seat 3: a07c4b44 (big blind) folded before Flop
Seat 4: 6ce93580 folded before Flop (didn't bet)
Seat 5: 484b3111 collected ($0.25)
Seat 6: 49f107a8 folded before Flop (didn't bet)


Poker Hand #HD1768495309: Hold'em No Limit ($0.05/$0.1) - 2024/05/11 21:25:10
Table 'NLHRed43' 6-max Seat #6 is the button
Seat 1: 399bf327 ($10.12 in chips)
Seat 2: Hero ($10.28 in chips)
Seat 3: a07c4b44 ($9.5 in chips)
Seat 4: 6ce93580 ($10 in chips)
Seat 5: 484b3111 ($9.55 in chips)
Seat 6: 49f107a8 ($12.23 in chips)
399bf327: posts small blind $0.05
Hero: posts big blind $0.1
*** HOLE CARDS ***
Dealt to 399bf327 
Dealt to Hero [Js 9s]
Dealt to a07c4b44 
Dealt to 6ce93580 
Dealt to 484b3111 
Dealt to 49f107a8 
a07c4b44: folds
6ce93580: folds
484b3111: calls $0.1
49f107a8: raises $0.3 to $0.4
399bf327: folds
Hero: folds
484b3111: folds
Uncalled bet ($0.3) returned to 49f107a8
*** SHOWDOWN ***
49f107a8 collected $0.34 from pot
*** SUMMARY ***
Total pot $0.35 | Rake $0.01 | Jackpot $0 | Bingo $0 | Fortune $0 | Tax $0
Seat 1: 399bf327 (small blind) folded before Flop
Seat 2: Hero (big blind) folded before Flop
Seat 3: a07c4b44 folded before Flop (didn't bet)
Seat 4: 6ce93580 folded before Flop (didn't bet)
Seat 5: 484b3111 folded before Flop
Seat 6: 49f107a8 (button) collected ($0.34)


Poker Hand #HD1768495264: Hold'em No Limit ($0.05/$0.1) - 2024/05/11 21:24:50
Table 'NLHRed43' 6-max Seat #5 is the button
Seat 1: 399bf327 ($10.22 in chips)
Seat 2: Hero ($10.28 in chips)
Seat 3: a07c4b44 ($9.5 in chips)
Seat 4: 6ce93580 ($10 in chips)
Seat 5: 484b3111 ($9.55 in chips)
Seat 6: 49f107a8 ($12.13 in chips)
49f107a8: posts small blind $0.05
399bf327: posts big blind $0.1
*** HOLE CARDS ***
Dealt to 399bf327 
Dealt to Hero [3h As]
Dealt to a07c4b44 
Dealt to 6ce93580 
Dealt to 484b3111 
Dealt to 49f107a8 
Hero: folds
a07c4b44: folds
6ce93580: folds
484b3111: folds
49f107a8: raises $0.2 to $0.3
399bf327: folds
Uncalled bet ($0.2) returned to 49f107a8
*** SHOWDOWN ***
49f107a8 collected $0.2 from pot
*** SUMMARY ***
Total pot $0.2 | Rake $0 | Jackpot $0 | Bingo $0 | Fortune $0 | Tax $0
Seat 1: 399bf327 (big blind) folded before Flop
Seat 2: Hero folded before Flop (didn't bet)
Seat 3: a07c4b44 folded before Flop (didn't bet)
Seat 4: 6ce93580 folded before Flop (didn't bet)
Seat 5: 484b3111 (button) folded before Flop (didn't bet)
Seat 6: 49f107a8 (small blind) collected ($0.2)


Poker Hand #HD1768495182: Hold'em No Limit ($0.05/$0.1) - 2024/05/11 21:24:12
Table 'NLHRed43' 6-max Seat #4 is the button
Seat 1: 399bf327 ($10.22 in chips)
Seat 2: Hero ($10.28 in chips)
Seat 3: a07c4b44 ($9.5 in chips)
Seat 4: 6ce93580 ($10 in chips)
Seat 5: 484b3111 ($9.6 in chips)
Seat 6: 49f107a8 ($10.8 in chips)
484b3111: posts small blind $0.05
49f107a8: posts big blind $0.1
*** HOLE CARDS ***
Dealt to 399bf327 
Dealt to Hero [8h 5h]
Dealt to a07c4b44 
Dealt to 6ce93580 
Dealt to 484b3111 
Dealt to 49f107a8 
399bf327: folds
Hero: folds
a07c4b44: folds
6ce93580: raises $0.15 to $0.25
484b3111: folds
49f107a8: calls $0.15
*** FLOP *** [5c 6s Jd]
49f107a8: checks
6ce93580: checks
*** TURN *** [5c 6s Jd] [Ks]
49f107a8: checks
6ce93580: bets $0.3
49f107a8: calls $0.3
*** RIVER *** [5c 6s Jd Ks] [3d]
49f107a8: bets $0.87
6ce93580: calls $0.87
49f107a8: shows [Jc 3c] (Pair of Jacks and Pair of Treys)
6ce93580: shows [9h Kd] (Pair of Kings)
*** SHOWDOWN ***
49f107a8 collected $2.75 from pot
*** SUMMARY ***
Total pot $2.89 | Rake $0.14 | Jackpot $0 | Bingo $0 | Fortune $0 | Tax $0
Board [5c 6s Jd Ks 3d]
Seat 1: 399bf327 folded before Flop (didn't bet)
Seat 2: Hero folded before Flop (didn't bet)
Seat 3: a07c4b44 folded before Flop (didn't bet)
Seat 4: 6ce93580 (button) showed [9h Kd] and lost with Pair of Kings
Seat 5: 484b3111 (small blind) folded before Flop
Seat 6: 49f107a8 (big blind) showed [Jc 3c] and won ($2.75) with Pair of Jacks and Pair of Treys


Poker Hand #HD1768495133: Hold'em No Limit ($0.05/$0.1) - 2024/05/11 21:23:49
Table 'NLHRed43' 6-max Seat #3 is the button
Seat 1: 399bf327 ($10.22 in chips)
Seat 2: Hero ($10.28 in chips)
Seat 3: a07c4b44 ($9.5 in chips)
Seat 4: 6ce93580 ($10 in chips)
Seat 5: 484b3111 ($9.55 in chips)
Seat 6: 49f107a8 ($10.8 in chips)
6ce93580: posts small blind $0.05
484b3111: posts big blind $0.1
*** HOLE CARDS ***
Dealt to 399bf327 
Dealt to Hero [Ts 8h]
Dealt to a07c4b44 
Dealt to 6ce93580 
Dealt to 484b3111 
Dealt to 49f107a8 
49f107a8: folds
399bf327: folds
Hero: folds
a07c4b44: folds
6ce93580: folds
Uncalled bet ($0.05) returned to 484b3111
*** SHOWDOWN ***
484b3111 collected $0.1 from pot
*** SUMMARY ***
Total pot $0.1 | Rake $0 | Jackpot $0 | Bingo $0 | Fortune $0 | Tax $0
Seat 1: 399bf327 folded before Flop (didn't bet)
Seat 2: Hero folded before Flop (didn't bet)
Seat 3: a07c4b44 (button) folded before Flop (didn't bet)
Seat 4: 6ce93580 (small blind) folded before Flop
Seat 5: 484b3111 (big blind) collected ($0.1)
Seat 6: 49f107a8 folded before Flop (didn't bet)


Poker Hand #HD1768495081: Hold'em No Limit ($0.05/$0.1) - 2024/05/11 21:23:30
Table 'NLHRed43' 6-max Seat #2 is the button
Seat 1: 399bf327 ($10.22 in chips)
Seat 2: Hero ($10.28 in chips)
Seat 3: a07c4b44 ($9.55 in chips)
Seat 4: 6ce93580 ($10 in chips)
Seat 5: 484b3111 ($9.41 in chips)
Seat 6: 49f107a8 ($10.8 in chips)
a07c4b44: posts small blind $0.05
6ce93580: posts big blind $0.1
*** HOLE CARDS ***
Dealt to 399bf327 
Dealt to Hero [Ks 5c]
Dealt to a07c4b44 
Dealt to 6ce93580 
Dealt to 484b3111 
Dealt to 49f107a8 
484b3111: calls $0.1
49f107a8: folds
399bf327: folds
Hero: folds
a07c4b44: folds
6ce93580: checks
*** FLOP *** [2h 3s Qs]
6ce93580: checks
484b3111: bets $0.1
6ce93580: folds
Uncalled bet ($0.1) returned to 484b3111
*** SHOWDOWN ***
484b3111 collected $0.24 from pot
*** SUMMARY ***
Total pot $0.25 | Rake $0.01 | Jackpot $0 | Bingo $0 | Fortune $0 | Tax $0
Board [2h 3s Qs]
Seat 1: 399bf327 folded before Flop (didn't bet)
Seat 2: Hero (button) folded before Flop (didn't bet)
Seat 3: a07c4b44 (small blind) folded before Flop
Seat 4: 6ce93580 (big blind) folded on the Flop
Seat 5: 484b3111 won ($0.24)
Seat 6: 49f107a8 folded before Flop (didn't bet)


Poker Hand #HD1768495020: Hold'em No Limit ($0.05/$0.1) - 2024/05/11 21:23:00
Table 'NLHRed43' 6-max Seat #1 is the button
Seat 1: 399bf327 ($10.22 in chips)
Seat 2: Hero ($10.09 in chips)
Seat 3: a07c4b44 ($9.65 in chips)
Seat 4: 6ce93580 ($10 in chips)
Seat 5: 484b3111 ($9.51 in chips)
Seat 6: 49f107a8 ($10.8 in chips)
Hero: posts small blind $0.05
a07c4b44: posts big blind $0.1
*** HOLE CARDS ***
Dealt to 399bf327 
Dealt to Hero [Th Qc]
Dealt to a07c4b44 
Dealt to 6ce93580 
Dealt to 484b3111 
Dealt to 49f107a8 
6ce93580: folds
484b3111: calls $0.1
49f107a8: folds
399bf327: folds
Hero: raises $0.3 to $0.4
a07c4b44: folds
484b3111: folds
Uncalled bet ($0.3) returned to Hero
*** SHOWDOWN ***
Hero collected $0.29 from pot
*** SUMMARY ***
Total pot $0.3 | Rake $0.01 | Jackpot $0 | Bingo $0 | Fortune $0 | Tax $0
Seat 1: 399bf327 (button) folded before Flop (didn't bet)
Seat 2: Hero (small blind) collected ($0.29)
Seat 3: a07c4b44 (big blind) folded before Flop
Seat 4: 6ce93580 folded before Flop (didn't bet)
Seat 5: 484b3111 folded before Flop
Seat 6: 49f107a8 folded before Flop (didn't bet)


Poker Hand #HD1768494961: Hold'em No Limit ($0.05/$0.1) - 2024/05/11 21:22:39
Table 'NLHRed43' 6-max Seat #6 is the button
Seat 1: 399bf327 ($10.03 in chips)
Seat 2: Hero ($10.19 in chips)
Seat 3: a07c4b44 ($9.65 in chips)
Seat 4: 6ce93580 ($10 in chips)
Seat 5: 484b3111 ($9.61 in chips)
Seat 6: 49f107a8 ($10.8 in chips)
399bf327: posts small blind $0.05
Hero: posts big blind $0.1
*** HOLE CARDS ***
Dealt to 399bf327 
Dealt to Hero [3d 3h]
Dealt to a07c4b44 
Dealt to 6ce93580 
Dealt to 484b3111 
Dealt to 49f107a8 
a07c4b44: folds
6ce93580: folds
484b3111: calls $0.1
49f107a8: folds
399bf327: raises $0.4 to $0.5
Hero: folds
484b3111: folds
Uncalled bet ($0.4) returned to 399bf327
*** SHOWDOWN ***
399bf327 collected $0.29 from pot
*** SUMMARY ***
Total pot $0.3 | Rake $0.01 | Jackpot $0 | Bingo $0 | Fortune $0 | Tax $0
Seat 1: 399bf327 (small blind) collected ($0.29)
Seat 2: Hero (big blind) folded before Flop
Seat 3: a07c4b44 folded before Flop (didn't bet)
Seat 4: 6ce93580 folded before Flop (didn't bet)
Seat 5: 484b3111 folded before Flop
Seat 6: 49f107a8 (button) folded before Flop (didn't bet)


Poker Hand #HD1768494911: Hold'em No Limit ($0.05/$0.1) - 2024/05/11 21:22:09
Table 'NLHRed43' 6-max Seat #5 is the button
Seat 1: 399bf327 ($10.13 in chips)
Seat 2: Hero ($10.19 in chips)
Seat 3: a07c4b44 ($9.65 in chips)
Seat 4: 6ce93580 ($10 in chips)
Seat 5: 484b3111 ($9.47 in chips)
Seat 6: 49f107a8 ($10.85 in chips)
49f107a8: posts small blind $0.05
399bf327: posts big blind $0.1
*** HOLE CARDS ***
Dealt to 399bf327 
Dealt to Hero [8s 6h]
Dealt to a07c4b44 
Dealt to 6ce93580 
Dealt to 484b3111 
Dealt to 49f107a8 
Hero: folds
a07c4b44: folds
6ce93580: folds
484b3111: calls $0.1
49f107a8: folds
399bf327: checks
*** FLOP *** [Kd Tc Ah]
399bf327: checks
484b3111: checks
*** TURN *** [Kd Tc Ah] [9c]
399bf327: checks
484b3111: checks
*** RIVER *** [Kd Tc Ah 9c] [2h]
399bf327: checks
484b3111: checks
399bf327: shows [9d 8d] (Pair of Nines)
484b3111: shows [3d Td] (Pair of Tens)
*** SHOWDOWN ***
484b3111 collected $0.24 from pot
*** SUMMARY ***
Total pot $0.25 | Rake $0.01 | Jackpot $0 | Bingo $0 | Fortune $0 | Tax $0
Board [Kd Tc Ah 9c 2h]
Seat 1: 399bf327 (big blind) showed [9d 8d] and lost with Pair of Nines
Seat 2: Hero folded before Flop (didn't bet)
Seat 3: a07c4b44 folded before Flop (didn't bet)
Seat 4: 6ce93580 folded before Flop (didn't bet)
Seat 5: 484b3111 (button) showed [3d Td] and won ($0.24) with Pair of Tens
Seat 6: 49f107a8 (small blind) folded before Flop


Poker Hand #HD1768494800: Hold'em No Limit ($0.05/$0.1) - 2024/05/11 21:21:28
Table 'NLHRed43' 6-max Seat #4 is the button
Seat 1: 399bf327 ($10.13 in chips)
Seat 2: Hero ($10.19 in chips)
Seat 3: a07c4b44 ($9.65 in chips)
Seat 4: 6ce93580 ($10 in chips)
Seat 5: 484b3111 ($9.29 in chips)
Seat 6: 49f107a8 ($11.05 in chips)
484b3111: posts small blind $0.05
49f107a8: posts big blind $0.1
*** HOLE CARDS ***
Dealt to 399bf327 
Dealt to Hero [Jc 9d]
Dealt to a07c4b44 
Dealt to 6ce93580 
Dealt to 484b3111 
Dealt to 49f107a8 
399bf327: folds
Hero: folds
a07c4b44: folds
6ce93580: folds
484b3111: calls $0.05
49f107a8: checks
*** FLOP *** [Qd 5c Ts]
484b3111: bets $0.1
49f107a8: calls $0.1
*** TURN *** [Qd 5c Ts] [3d]
484b3111: bets $0.2
49f107a8: folds
Uncalled bet ($0.2) returned to 484b3111
*** SHOWDOWN ***
484b3111 collected $0.38 from pot
*** SUMMARY ***
Total pot $0.4 | Rake $0.02 | Jackpot $0 | Bingo $0 | Fortune $0 | Tax $0
Board [Qd 5c Ts 3d]
Seat 1: 399bf327 folded before Flop (didn't bet)
Seat 2: Hero folded before Flop (didn't bet)
Seat 3: a07c4b44 folded before Flop (didn't bet)
Seat 4: 6ce93580 (button) folded before Flop (didn't bet)
Seat 5: 484b3111 (small blind) won ($0.38)
Seat 6: 49f107a8 (big blind) folded on the Turn


Poker Hand #HD1768494714: Hold'em No Limit ($0.05/$0.1) - 2024/05/11 21:20:49
Table 'NLHRed43' 6-max Seat #3 is the button
Seat 1: 399bf327 ($10.13 in chips)
Seat 2: Hero ($10.19 in chips)
Seat 3: a07c4b44 ($9.65 in chips)
Seat 4: 6ce93580 ($10.05 in chips)
Seat 5: 484b3111 ($8.74 in chips)
Seat 6: 49f107a8 ($11.6 in chips)
6ce93580: posts small blind $0.05
484b3111: posts big blind $0.1
*** HOLE CARDS ***
Dealt to 399bf327 
Dealt to Hero [3h 9s]
Dealt to a07c4b44 
Dealt to 6ce93580 
Dealt to 484b3111 
Dealt to 49f107a8 
49f107a8: raises $0.15 to $0.25
399bf327: folds
Hero: folds
a07c4b44: folds
6ce93580: folds
484b3111: calls $0.15
*** FLOP *** [Ks 7c Ts]
484b3111: checks
49f107a8: checks
*** TURN *** [Ks 7c Ts] [Kh]
484b3111: checks
49f107a8: bets $0.3
484b3111: calls $0.3
*** RIVER *** [Ks 7c Ts Kh] [8c]
484b3111: checks
49f107a8: checks
484b3111: shows [8s 6s] (Pair of Kings and Pair of Eights)
49f107a8: shows [Ad 5d] (Pair of Kings)
*** SHOWDOWN ***
484b3111 collected $1.1 from pot
*** SUMMARY ***
Total pot $1.15 | Rake $0.05 | Jackpot $0 | Bingo $0 | Fortune $0 | Tax $0
Board [Ks 7c Ts Kh 8c]
Seat 1: 399bf327 folded before Flop (didn't bet)
Seat 2: Hero folded before Flop (didn't bet)
Seat 3: a07c4b44 (button) folded before Flop (didn't bet)
Seat 4: 6ce93580 (small blind) folded before Flop
Seat 5: 484b3111 (big blind) showed [8s 6s] and won ($1.1) with Pair of Kings and Pair of Eights
Seat 6: 49f107a8 showed [Ad 5d] and lost with Pair of Kings


Poker Hand #HD1768494683: Hold'em No Limit ($0.05/$0.1) - 2024/05/11 21:20:40
Table 'NLHRed43' 6-max Seat #2 is the button
Seat 1: 399bf327 ($10.13 in chips)
Seat 2: Hero ($10.19 in chips)
Seat 3: a07c4b44 ($9.7 in chips)
Seat 4: 6ce93580 ($10 in chips)
Seat 5: 484b3111 ($8.74 in chips)
Seat 6: 49f107a8 ($11.6 in chips)
a07c4b44: posts small blind $0.05
6ce93580: posts big blind $0.1
*** HOLE CARDS ***
Dealt to 399bf327 
Dealt to Hero [9d 5c]
Dealt to a07c4b44 
Dealt to 6ce93580 
Dealt to 484b3111 
Dealt to 49f107a8 
484b3111: folds
49f107a8: folds
399bf327: folds
Hero: folds
a07c4b44: folds
Uncalled bet ($0.05) returned to 6ce93580
*** SHOWDOWN ***
6ce93580 collected $0.1 from pot
*** SUMMARY ***
Total pot $0.1 | Rake $0 | Jackpot $0 | Bingo $0 | Fortune $0 | Tax $0
Seat 1: 399bf327 folded before Flop (didn't bet)
Seat 2: Hero (button) folded before Flop (didn't bet)
Seat 3: a07c4b44 (small blind) folded before Flop
Seat 4: 6ce93580 (big blind) collected ($0.1)
Seat 5: 484b3111 folded before Flop (didn't bet)
Seat 6: 49f107a8 folded before Flop (didn't bet)


Poker Hand #HD1768494635: Hold'em No Limit ($0.05/$0.1) - 2024/05/11 21:20:17
Table 'NLHRed43' 6-max Seat #1 is the button
Seat 1: 399bf327 ($10.13 in chips)
Seat 2: Hero ($10 in chips)
Seat 3: a07c4b44 ($9.8 in chips)
Seat 5: 484b3111 ($8.84 in chips)
Seat 6: 49f107a8 ($11.6 in chips)
Hero: posts small blind $0.05
a07c4b44: posts big blind $0.1
*** HOLE CARDS ***
Dealt to 399bf327 
Dealt to Hero [Th 8h]
Dealt to a07c4b44 
Dealt to 484b3111 
Dealt to 49f107a8 
484b3111: calls $0.1
49f107a8: folds
399bf327: folds
Hero: raises $0.2 to $0.3
a07c4b44: folds
484b3111: folds
Uncalled bet ($0.2) returned to Hero
*** SHOWDOWN ***
Hero collected $0.29 from pot
*** SUMMARY ***
Total pot $0.3 | Rake $0.01 | Jackpot $0 | Bingo $0 | Fortune $0 | Tax $0
Seat 1: 399bf327 (button) folded before Flop (didn't bet)
Seat 2: Hero (small blind) collected ($0.29)
Seat 3: a07c4b44 (big blind) folded before Flop
Seat 5: 484b3111 folded before Flop
Seat 6: 49f107a8 folded before Flop (didn't bet)


Poker Hand #HD1768494566: Hold'em No Limit ($0.05/$0.1) - 2024/05/11 21:19:45
Table 'NLHRed43' 6-max Seat #6 is the button
Seat 1: 399bf327 ($10.18 in chips)
Seat 2: Hero ($10 in chips)
Seat 3: a07c4b44 ($10 in chips)
Seat 5: 484b3111 ($8.51 in chips)
Seat 6: 49f107a8 ($11.6 in chips)
399bf327: posts small blind $0.05
Hero: posts big blind $0.1
a07c4b44: posts big blind $0.1
*** HOLE CARDS ***
Dealt to 399bf327 
Dealt to Hero [7s Kh]
Dealt to a07c4b44 
Dealt to 484b3111 
Dealt to 49f107a8 
a07c4b44: checks
484b3111: raises $0.1 to $0.2
49f107a8: folds
399bf327: folds
Hero: folds
a07c4b44: calls $0.1
*** FLOP *** [Jh Qs 5s]
a07c4b44: checks
484b3111: checks
*** TURN *** [Jh Qs 5s] [Qh]
a07c4b44: checks
484b3111: checks
*** RIVER *** [Jh Qs 5s Qh] [7c]
a07c4b44: checks
484b3111: checks
a07c4b44: shows [2c 2d] (Pair of Queens and Pair of Twos)
484b3111: shows [Ad Jd] (Pair of Queens and Pair of Jacks)
*** SHOWDOWN ***
484b3111 collected $0.53 from pot
*** SUMMARY ***
Total pot $0.55 | Rake $0.02 | Jackpot $0 | Bingo $0 | Fortune $0 | Tax $0
Board [Jh Qs 5s Qh 7c]
Seat 1: 399bf327 (small blind) folded before Flop
Seat 2: Hero (big blind) folded before Flop
Seat 3: a07c4b44 showed [2c 2d] and lost with Pair of Queens and Pair of Twos
Seat 5: 484b3111 showed [Ad Jd] and won ($0.53) with Pair of Queens and Pair of Jacks
Seat 6: 49f107a8 (button) folded before Flop (didn't bet)


Poker Hand #HD1768494508: Hold'em No Limit ($0.05/$0.1) - 2024/05/11 21:19:22
Table 'NLHRed43' 6-max Seat #5 is the button
Seat 1: 399bf327 ($10.28 in chips)
Seat 2: Hero ($10 in chips)
Seat 5: 484b3111 ($8.61 in chips)
Seat 6: 49f107a8 ($11.41 in chips)
49f107a8: posts small blind $0.05
399bf327: posts big blind $0.1
*** HOLE CARDS ***
Dealt to 399bf327 
Dealt to Hero [7c 6h]
Dealt to 484b3111 
Dealt to 49f107a8 
Hero: folds
484b3111: calls $0.1
49f107a8: raises $0.3 to $0.4
399bf327: folds
484b3111: folds
Uncalled bet ($0.3) returned to 49f107a8
*** SHOWDOWN ***
49f107a8 collected $0.29 from pot
*** SUMMARY ***
Total pot $0.3 | Rake $0.01 | Jackpot $0 | Bingo $0 | Fortune $0 | Tax $0
Seat 1: 399bf327 (big blind) folded before Flop
Seat 2: Hero folded before Flop (didn't bet)
Seat 5: 484b3111 (button) folded before Flop
Seat 6: 49f107a8 (small blind) collected ($0.29)


Poker Hand #HD1768494453: Hold'em No Limit ($0.05/$0.1) - 2024/05/11 21:18:57
Table 'NLHRed43' 6-max Seat #4 is the button
Seat 1: 399bf327 ($10.28 in chips)
Seat 2: Hero ($10 in chips)
Seat 4: 4fb0405f ($6.53 in chips)
Seat 5: 484b3111 ($8.52 in chips)
Seat 6: 49f107a8 ($11.51 in chips)
484b3111: posts small blind $0.05
49f107a8: posts big blind $0.1
*** HOLE CARDS ***
Dealt to 399bf327 
Dealt to Hero [3c Kh]
Dealt to 4fb0405f 
Dealt to 484b3111 
Dealt to 49f107a8 
399bf327: folds
Hero: folds
4fb0405f: folds
484b3111: calls $0.05
49f107a8: checks
*** FLOP *** [Ac Ah 9d]
484b3111: checks
49f107a8: checks
*** TURN *** [Ac Ah 9d] [7d]
484b3111: checks
49f107a8: checks
*** RIVER *** [Ac Ah 9d 7d] [8h]
484b3111: bets $0.3
49f107a8: folds
Uncalled bet ($0.3) returned to 484b3111
*** SHOWDOWN ***
484b3111 collected $0.19 from pot
*** SUMMARY ***
Total pot $0.2 | Rake $0.01 | Jackpot $0 | Bingo $0 | Fortune $0 | Tax $0
Board [Ac Ah 9d 7d 8h]
Seat 1: 399bf327 folded before Flop (didn't bet)
Seat 2: Hero folded before Flop (didn't bet)
Seat 4: 4fb0405f (button) folded before Flop (didn't bet)
Seat 5: 484b3111 (small blind) won ($0.19)
Seat 6: 49f107a8 (big blind) folded on the River


Poker Hand #HD1768494352: Hold'em No Limit ($0.05/$0.1) - 2024/05/11 21:18:10
Table 'NLHRed43' 6-max Seat #3 is the button
Seat 1: 399bf327 ($10.28 in chips)
Seat 2: Hero ($10 in chips)
Seat 3: c3617a12 ($2.17 in chips)
Seat 4: 4fb0405f ($5 in chips)
Seat 5: 484b3111 ($8.62 in chips)
Seat 6: 49f107a8 ($11.76 in chips)
4fb0405f: posts small blind $0.05
484b3111: posts big blind $0.1
*** HOLE CARDS ***
Dealt to 399bf327 
Dealt to Hero [Jd 6h]
Dealt to c3617a12 
Dealt to 4fb0405f 
Dealt to 484b3111 
Dealt to 49f107a8 
49f107a8: raises $0.15 to $0.25
399bf327: folds
Hero: folds
c3617a12: raises $1.92 to $2.17 and is all-in
4fb0405f: calls $2.12
484b3111: folds
49f107a8: folds
c3617a12: shows [Ad Qs]
4fb0405f: shows [Ks Qc]
*** FLOP *** [6s 5h Kd]
4fb0405f: Chooses to EV Cashout 
*** TURN *** [6s 5h Kd] [Qd]
*** RIVER *** [6s 5h Kd Qd] [Tc]
4fb0405f: Pays Cashout Risk ($0.66)
*** SHOWDOWN ***
4fb0405f collected $4.36 from pot
*** SUMMARY ***
Total pot $4.69 | Rake $0.23 | Jackpot $0.1 | Bingo $0 | Fortune $0 | Tax $0
Board [6s 5h Kd Qd Tc]
Seat 1: 399bf327 folded before Flop (didn't bet)
Seat 2: Hero folded before Flop (didn't bet)
Seat 3: c3617a12 (button) showed [Ad Qs] and lost with Pair of Queens
Seat 4: 4fb0405f (small blind) showed [Ks Qc] and won ($4.36) with Pair of Kings and Pair of Queens, Cashout Risk ($0.66)
Seat 5: 484b3111 (big blind) folded before Flop
Seat 6: 49f107a8 folded before Flop


Poker Hand #HD1768494262: Hold'em No Limit ($0.05/$0.1) - 2024/05/11 21:17:28
Table 'NLHRed43' 6-max Seat #2 is the button
Seat 1: 399bf327 ($10 in chips)
Seat 2: Hero ($10 in chips)
Seat 3: c3617a12 ($2.37 in chips)
Seat 4: 4fb0405f ($5.1 in chips)
Seat 5: 484b3111 ($8.62 in chips)
Seat 6: 49f107a8 ($11.76 in chips)
c3617a12: posts small blind $0.05
4fb0405f: posts big blind $0.1
*** HOLE CARDS ***
Dealt to 399bf327 
Dealt to Hero [Td Jh]
Dealt to c3617a12 
Dealt to 4fb0405f 
Dealt to 484b3111 
Dealt to 49f107a8 
484b3111: folds
49f107a8: folds
399bf327: raises $0.1 to $0.2
Hero: folds
c3617a12: calls $0.15
4fb0405f: folds
*** FLOP *** [6d Kd 7c]
c3617a12: checks
399bf327: checks
*** TURN *** [6d Kd 7c] [9s]
c3617a12: checks
399bf327: checks
*** RIVER *** [6d Kd 7c 9s] [4c]
c3617a12: checks
399bf327: checks
c3617a12: shows [3s Jd] (King-High)
399bf327: shows [4h Ah] (Pair of Fours)
*** SHOWDOWN ***
399bf327 collected $0.48 from pot
*** SUMMARY ***
Total pot $0.5 | Rake $0.02 | Jackpot $0 | Bingo $0 | Fortune $0 | Tax $0
Board [6d Kd 7c 9s 4c]
Seat 1: 399bf327 showed [4h Ah] and won ($0.48) with Pair of Fours
Seat 2: Hero (button) folded before Flop (didn't bet)
Seat 3: c3617a12 (small blind) showed [3s Jd] and lost with King-High
Seat 4: 4fb0405f (big blind) folded before Flop
Seat 5: 484b3111 folded before Flop (didn't bet)
Seat 6: 49f107a8 folded before Flop (didn't bet)


Poker Hand #HD1768494189: Hold'em No Limit ($0.05/$0.1) - 2024/05/11 21:16:49
Table 'NLHRed43' 6-max Seat #1 is the button
Seat 1: 399bf327 ($10 in chips)
Seat 2: Hero ($10 in chips)
Seat 3: c3617a12 ($2.77 in chips)
Seat 5: 484b3111 ($7.88 in chips)
Seat 6: 49f107a8 ($11.76 in chips)
Hero: posts small blind $0.05
c3617a12: posts big blind $0.1
*** HOLE CARDS ***
Dealt to 399bf327 
Dealt to Hero [As Td]
Dealt to c3617a12 
Dealt to 484b3111 
Dealt to 49f107a8 
484b3111: calls $0.1
49f107a8: folds
399bf327: folds
Hero: raises $0.3 to $0.4
c3617a12: calls $0.3
484b3111: calls $0.3
*** FLOP *** [8h Kc 2d]
Hero: checks
c3617a12: checks
484b3111: checks
*** TURN *** [8h Kc 2d] [2s]
Hero: checks
c3617a12: checks
484b3111: checks
*** RIVER *** [8h Kc 2d 2s] [Jd]
Hero: checks
c3617a12: checks
484b3111: checks
Hero: shows [As Td] (Pair of Twos)
c3617a12: shows [5d 7c] (Pair of Twos)
484b3111: shows [Jc Ah] (Pair of Jacks and Pair of Twos)
*** SHOWDOWN ***
484b3111 collected $1.14 from pot
*** SUMMARY ***
Total pot $1.2 | Rake $0.06 | Jackpot $0 | Bingo $0 | Fortune $0 | Tax $0
Board [8h Kc 2d 2s Jd]
Seat 1: 399bf327 (button) folded before Flop (didn't bet)
Seat 2: Hero (small blind) showed [As Td] and lost with Pair of Twos
Seat 3: c3617a12 (big blind) showed [5d 7c] and lost with Pair of Twos
Seat 5: 484b3111 showed [Jc Ah] and won ($1.14) with Pair of Jacks and Pair of Twos
Seat 6: 49f107a8 folded before Flop (didn't bet)


Poker Hand #HD1768494116: Hold'em No Limit ($0.05/$0.1) - 2024/05/11 21:16:16
Table 'NLHRed43' 6-max Seat #6 is the button
Seat 1: 399bf327 ($10 in chips)
Seat 2: Hero ($10 in chips)
Seat 3: c3617a12 ($2.44 in chips)
Seat 5: 484b3111 ($8.08 in chips)
Seat 6: 49f107a8 ($11.76 in chips)
399bf327: posts small blind $0.05
Hero: posts big blind $0.1
*** HOLE CARDS ***
Dealt to 399bf327 
Dealt to Hero [7s Jc]
Dealt to c3617a12 
Dealt to 484b3111 
Dealt to 49f107a8 
c3617a12: raises $0.1 to $0.2
484b3111: calls $0.2
49f107a8: folds
399bf327: folds
Hero: folds
*** FLOP *** [Kd 7h 6s]
c3617a12: checks
484b3111: checks
*** TURN *** [Kd 7h 6s] [8s]
c3617a12: bets $0.42
484b3111: folds
Uncalled bet ($0.42) returned to c3617a12
484b3111: shows [Td As] (Ace-High)
*** SHOWDOWN ***
c3617a12 collected $0.53 from pot
*** SUMMARY ***
Total pot $0.55 | Rake $0.02 | Jackpot $0 | Bingo $0 | Fortune $0 | Tax $0
Board [Kd 7h 6s 8s]
Seat 1: 399bf327 (small blind) folded before Flop
Seat 2: Hero (big blind) folded before Flop
Seat 3: c3617a12 won ($0.53)
Seat 5: 484b3111 folded on the Turn
Seat 6: 49f107a8 (button) folded before Flop (didn't bet)


