Poker Hand #HD1761139169: Hold'em No Limit ($0.05/$0.1) - 2024/05/06 16:47:22
Table 'NLHRed2' 6-max Seat #3 is the button
Seat 2: 1cb210e7 ($11.76 in chips)
Seat 3: Hero ($10.05 in chips)
Seat 4: 4675810a ($10.94 in chips)
Seat 5: 22393c4b ($11.86 in chips)
Seat 6: 8013eff5 ($7.6 in chips)
4675810a: posts small blind $0.05
22393c4b: posts big blind $0.1
*** HOLE CARDS ***
Dealt to 1cb210e7 
Dealt to Hero [6d 2h]
Dealt to 4675810a 
Dealt to 22393c4b 
Dealt to 8013eff5 
8013eff5: folds
1cb210e7: folds
Hero: folds
4675810a: folds
Uncalled bet ($0.05) returned to 22393c4b
*** SHOWDOWN ***
22393c4b collected $0.1 from pot
*** SUMMARY ***
Total pot $0.1 | Rake $0 | Jackpot $0 | Bingo $0 | Fortune $0 | Tax $0
Seat 2: 1cb210e7 folded before Flop (didn't bet)
Seat 3: Hero (button) folded before Flop (didn't bet)
Seat 4: 4675810a (small blind) folded before Flop
Seat 5: 22393c4b (big blind) collected ($0.1)
Seat 6: 8013eff5 folded before Flop (didn't bet)


Poker Hand #HD1761139088: Hold'em No Limit ($0.05/$0.1) - 2024/05/06 16:46:57
Table 'NLHRed2' 6-max Seat #2 is the button
Seat 2: 1cb210e7 ($11.61 in chips)
Seat 3: Hero ($10.1 in chips)
Seat 4: 4675810a ($11.04 in chips)
Seat 5: 22393c4b ($11.86 in chips)
Seat 6: 8013eff5 ($7.6 in chips)
Hero: posts small blind $0.05
4675810a: posts big blind $0.1
*** HOLE CARDS ***
Dealt to 1cb210e7 
Dealt to Hero [Qd 7s]
Dealt to 4675810a 
Dealt to 22393c4b 
Dealt to 8013eff5 
22393c4b: folds
8013eff5: folds
1cb210e7: raises $0.1 to $0.2
Hero: folds
4675810a: folds
Uncalled bet ($0.1) returned to 1cb210e7
*** SHOWDOWN ***
1cb210e7 collected $0.25 from pot
*** SUMMARY ***
Total pot $0.25 | Rake $0 | Jackpot $0 | Bingo $0 | Fortune $0 | Tax $0
Seat 2: 1cb210e7 (button) collected ($0.25)
Seat 3: Hero (small blind) folded before Flop
Seat 4: 4675810a (big blind) folded before Flop
Seat 5: 22393c4b folded before Flop (didn't bet)
Seat 6: 8013eff5 folded before Flop (didn't bet)


Poker Hand #HD1761139060: Hold'em No Limit ($0.05/$0.1) - 2024/05/06 16:46:47
Table 'NLHRed2' 6-max Seat #1 is the button
Seat 1: dd1c5eba ($5.76 in chips)
Seat 2: 1cb210e7 ($11.51 in chips)
Seat 3: Hero ($10.2 in chips)
Seat 4: 4675810a ($11.04 in chips)
Seat 5: 22393c4b ($11.86 in chips)
Seat 6: 8013eff5 ($7.6 in chips)
1cb210e7: posts small blind $0.05
Hero: posts big blind $0.1
*** HOLE CARDS ***
Dealt to dd1c5eba 
Dealt to 1cb210e7 
Dealt to Hero [8d 9s]
Dealt to 4675810a 
Dealt to 22393c4b 
Dealt to 8013eff5 
4675810a: folds
22393c4b: folds
8013eff5: folds
dd1c5eba: folds
1cb210e7: raises $0.1 to $0.2
Hero: folds
Uncalled bet ($0.1) returned to 1cb210e7
*** SHOWDOWN ***
1cb210e7 collected $0.2 from pot
*** SUMMARY ***
Total pot $0.2 | Rake $0 | Jackpot $0 | Bingo $0 | Fortune $0 | Tax $0
Seat 1: dd1c5eba (button) folded before Flop (didn't bet)
Seat 2: 1cb210e7 (small blind) collected ($0.2)
Seat 3: Hero (big blind) folded before Flop
Seat 4: 4675810a folded before Flop (didn't bet)
Seat 5: 22393c4b folded before Flop (didn't bet)
Seat 6: 8013eff5 folded before Flop (didn't bet)


Poker Hand #HD1761138949: Hold'em No Limit ($0.05/$0.1) - 2024/05/06 16:46:00
Table 'NLHRed2' 6-max Seat #6 is the button
Seat 1: dd1c5eba ($5.39 in chips)
Seat 2: 1cb210e7 ($11.71 in chips)
Seat 3: Hero ($10.2 in chips)
Seat 4: 4675810a ($11.04 in chips)
Seat 5: 22393c4b ($12.06 in chips)
Seat 6: 8013eff5 ($7.6 in chips)
dd1c5eba: posts small blind $0.05
1cb210e7: posts big blind $0.1
*** HOLE CARDS ***
Dealt to dd1c5eba 
Dealt to 1cb210e7 
Dealt to Hero [Kh 9c]
Dealt to 4675810a 
Dealt to 22393c4b 
Dealt to 8013eff5 
Hero: folds
4675810a: folds
22393c4b: raises $0.1 to $0.2
8013eff5: folds
dd1c5eba: calls $0.15
1cb210e7: calls $0.1
*** FLOP *** [Ks 9d Td]
dd1c5eba: checks
1cb210e7: checks
22393c4b: checks
*** TURN *** [Ks 9d Td] [Ts]
dd1c5eba: checks
1cb210e7: checks
22393c4b: checks
*** RIVER *** [Ks 9d Td Ts] [2d]
dd1c5eba: bets $0.45
1cb210e7: folds
22393c4b: folds
Uncalled bet ($0.45) returned to dd1c5eba
*** SHOWDOWN ***
dd1c5eba collected $0.57 from pot
*** SUMMARY ***
Total pot $0.6 | Rake $0.03 | Jackpot $0 | Bingo $0 | Fortune $0 | Tax $0
Board [Ks 9d Td Ts 2d]
Seat 1: dd1c5eba (small blind) won ($0.57)
Seat 2: 1cb210e7 (big blind) folded on the River
Seat 3: Hero folded before Flop (didn't bet)
Seat 4: 4675810a folded before Flop (didn't bet)
Seat 5: 22393c4b folded on the River
Seat 6: 8013eff5 (button) folded before Flop (didn't bet)


Poker Hand #HD1761138888: Hold'em No Limit ($0.05/$0.1) - 2024/05/06 16:45:40
Table 'NLHRed2' 6-max Seat #5 is the button
Seat 1: dd1c5eba ($5.49 in chips)
Seat 2: 1cb210e7 ($11.71 in chips)
Seat 3: Hero ($10.05 in chips)
Seat 4: 4675810a ($11.04 in chips)
Seat 5: 22393c4b ($12.06 in chips)
Seat 6: 8013eff5 ($7.65 in chips)
8013eff5: posts small blind $0.05
dd1c5eba: posts big blind $0.1
*** HOLE CARDS ***
Dealt to dd1c5eba 
Dealt to 1cb210e7 
Dealt to Hero [Ts Ac]
Dealt to 4675810a 
Dealt to 22393c4b 
Dealt to 8013eff5 
1cb210e7: folds
Hero: raises $0.1 to $0.2
4675810a: folds
22393c4b: folds
8013eff5: folds
dd1c5eba: folds
Uncalled bet ($0.1) returned to Hero
*** SHOWDOWN ***
Hero collected $0.25 from pot
*** SUMMARY ***
Total pot $0.25 | Rake $0 | Jackpot $0 | Bingo $0 | Fortune $0 | Tax $0
Seat 1: dd1c5eba (big blind) folded before Flop
Seat 2: 1cb210e7 folded before Flop (didn't bet)
Seat 3: Hero collected ($0.25)
Seat 4: 4675810a folded before Flop (didn't bet)
Seat 5: 22393c4b (button) folded before Flop (didn't bet)
Seat 6: 8013eff5 (small blind) folded before Flop


Poker Hand #HD1761138847: Hold'em No Limit ($0.05/$0.1) - 2024/05/06 16:45:27
Table 'NLHRed2' 6-max Seat #4 is the button
Seat 1: dd1c5eba ($5.34 in chips)
Seat 2: 1cb210e7 ($11.71 in chips)
Seat 3: Hero ($10.05 in chips)
Seat 4: 4675810a ($11.04 in chips)
Seat 5: 22393c4b ($12.11 in chips)
Seat 6: 8013eff5 ($7.75 in chips)
22393c4b: posts small blind $0.05
8013eff5: posts big blind $0.1
*** HOLE CARDS ***
Dealt to dd1c5eba 
Dealt to 1cb210e7 
Dealt to Hero [4s 5h]
Dealt to 4675810a 
Dealt to 22393c4b 
Dealt to 8013eff5 
dd1c5eba: raises $0.1 to $0.2
1cb210e7: folds
Hero: folds
4675810a: folds
22393c4b: folds
8013eff5: folds
Uncalled bet ($0.1) returned to dd1c5eba
*** SHOWDOWN ***
dd1c5eba collected $0.25 from pot
*** SUMMARY ***
Total pot $0.25 | Rake $0 | Jackpot $0 | Bingo $0 | Fortune $0 | Tax $0
Seat 1: dd1c5eba collected ($0.25)
Seat 2: 1cb210e7 folded before Flop (didn't bet)
Seat 3: Hero folded before Flop (didn't bet)
Seat 4: 4675810a (button) folded before Flop (didn't bet)
Seat 5: 22393c4b (small blind) folded before Flop
Seat 6: 8013eff5 (big blind) folded before Flop


Poker Hand #HD1761138765: Hold'em No Limit ($0.05/$0.1) - 2024/05/06 16:44:51
Table 'NLHRed2' 6-max Seat #3 is the button
Seat 1: dd1c5eba ($5.34 in chips)
Seat 3: Hero ($10.05 in chips)
Seat 4: 4675810a ($10.04 in chips)
Seat 5: 22393c4b ($12.21 in chips)
Seat 6: 8013eff5 ($8.75 in chips)
4675810a: posts small blind $0.05
22393c4b: posts big blind $0.1
*** HOLE CARDS ***
Dealt to dd1c5eba 
Dealt to Hero [6d 9c]
Dealt to 4675810a 
Dealt to 22393c4b 
Dealt to 8013eff5 
8013eff5: raises $0.12 to $0.22
dd1c5eba: folds
Hero: folds
4675810a: raises $0.78 to $1
22393c4b: folds
8013eff5: calls $0.78
*** FLOP *** [8d 9s Ad]
4675810a: bets $0.76
8013eff5: folds
Uncalled bet ($0.76) returned to 4675810a
*** SHOWDOWN ***
4675810a collected $2 from pot
*** SUMMARY ***
Total pot $2.1 | Rake $0.1 | Jackpot $0 | Bingo $0 | Fortune $0 | Tax $0
Board [8d 9s Ad]
Seat 1: dd1c5eba folded before Flop (didn't bet)
Seat 3: Hero (button) folded before Flop (didn't bet)
Seat 4: 4675810a (small blind) won ($2)
Seat 5: 22393c4b (big blind) folded before Flop
Seat 6: 8013eff5 folded on the Flop


Poker Hand #HD1761138707: Hold'em No Limit ($0.05/$0.1) - 2024/05/06 16:44:29
Table 'NLHRed2' 6-max Seat #1 is the button
Seat 1: dd1c5eba ($5.34 in chips)
Seat 2: 1cb210e7 ($11.76 in chips)
Seat 3: Hero ($10 in chips)
Seat 4: 4675810a ($10.04 in chips)
Seat 5: 22393c4b ($12.21 in chips)
Seat 6: 8013eff5 ($8.75 in chips)
1cb210e7: posts small blind $0.05
Hero: posts big blind $0.1
*** HOLE CARDS ***
Dealt to dd1c5eba 
Dealt to 1cb210e7 
Dealt to Hero [9s Ks]
Dealt to 4675810a 
Dealt to 22393c4b 
Dealt to 8013eff5 
4675810a: folds
22393c4b: folds
8013eff5: folds
dd1c5eba: folds
1cb210e7: folds
Uncalled bet ($0.05) returned to Hero
*** SHOWDOWN ***
Hero collected $0.1 from pot
*** SUMMARY ***
Total pot $0.1 | Rake $0 | Jackpot $0 | Bingo $0 | Fortune $0 | Tax $0
Seat 1: dd1c5eba (button) folded before Flop (didn't bet)
Seat 2: 1cb210e7 (small blind) folded before Flop
Seat 3: Hero (big blind) collected ($0.1)
Seat 4: 4675810a folded before Flop (didn't bet)
Seat 5: 22393c4b folded before Flop (didn't bet)
Seat 6: 8013eff5 folded before Flop (didn't bet)


Poker Hand #HD1761138584: Hold'em No Limit ($0.05/$0.1) - 2024/05/06 16:43:43
Table 'NLHRed2' 6-max Seat #6 is the button
Seat 1: dd1c5eba ($4.85 in chips)
Seat 2: 1cb210e7 ($11.86 in chips)
Seat 3: Hero ($10 in chips)
Seat 4: 4675810a ($10.04 in chips)
Seat 5: 22393c4b ($12.21 in chips)
Seat 6: 8013eff5 ($9.2 in chips)
dd1c5eba: posts small blind $0.05
1cb210e7: posts big blind $0.1
*** HOLE CARDS ***
Dealt to dd1c5eba 
Dealt to 1cb210e7 
Dealt to Hero [Kc 4h]
Dealt to 4675810a 
Dealt to 22393c4b 
Dealt to 8013eff5 
Hero: folds
4675810a: folds
22393c4b: folds
8013eff5: raises $0.15 to $0.25
dd1c5eba: calls $0.2
1cb210e7: folds
*** FLOP *** [3h 8s Qs]
dd1c5eba: checks
8013eff5: bets $0.2
dd1c5eba: calls $0.2
*** TURN *** [3h 8s Qs] [4s]
dd1c5eba: checks
8013eff5: checks
*** RIVER *** [3h 8s Qs 4s] [2d]
dd1c5eba: bets $1
8013eff5: folds
Uncalled bet ($1) returned to dd1c5eba
*** SHOWDOWN ***
dd1c5eba collected $0.94 from pot
*** SUMMARY ***
Total pot $1 | Rake $0.06 | Jackpot $0 | Bingo $0 | Fortune $0 | Tax $0
Board [3h 8s Qs 4s 2d]
Seat 1: dd1c5eba (small blind) won ($0.94)
Seat 2: 1cb210e7 (big blind) folded before Flop
Seat 3: Hero folded before Flop (didn't bet)
Seat 4: 4675810a folded before Flop (didn't bet)
Seat 5: 22393c4b folded before Flop (didn't bet)
Seat 6: 8013eff5 (button) folded on the River


Poker Hand #HD1761138551: Hold'em No Limit ($0.05/$0.1) - 2024/05/06 16:43:29
Table 'NLHRed2' 6-max Seat #5 is the button
Seat 1: dd1c5eba ($4.95 in chips)
Seat 2: 1cb210e7 ($11.71 in chips)
Seat 3: Hero ($10 in chips)
Seat 4: 4675810a ($10.04 in chips)
Seat 5: 22393c4b ($12.21 in chips)
Seat 6: 8013eff5 ($9.25 in chips)
8013eff5: posts small blind $0.05
dd1c5eba: posts big blind $0.1
*** HOLE CARDS ***
Dealt to dd1c5eba 
Dealt to 1cb210e7 
Dealt to Hero [Qh Ts]
Dealt to 4675810a 
Dealt to 22393c4b 
Dealt to 8013eff5 
1cb210e7: raises $0.1 to $0.2
Hero: folds
4675810a: folds
22393c4b: folds
8013eff5: folds
dd1c5eba: folds
Uncalled bet ($0.1) returned to 1cb210e7
*** SHOWDOWN ***
1cb210e7 collected $0.25 from pot
*** SUMMARY ***
Total pot $0.25 | Rake $0 | Jackpot $0 | Bingo $0 | Fortune $0 | Tax $0
Seat 1: dd1c5eba (big blind) folded before Flop
Seat 2: 1cb210e7 collected ($0.25)
Seat 3: Hero folded before Flop (didn't bet)
Seat 4: 4675810a folded before Flop (didn't bet)
Seat 5: 22393c4b (button) folded before Flop (didn't bet)
Seat 6: 8013eff5 (small blind) folded before Flop


Poker Hand #HD1761138482: Hold'em No Limit ($0.05/$0.1) - 2024/05/06 16:43:05
Table 'NLHRed2' 6-max Seat #4 is the button
Seat 1: dd1c5eba ($4.95 in chips)
Seat 2: 1cb210e7 ($11.71 in chips)
Seat 3: Hero ($10 in chips)
Seat 4: 4675810a ($10.29 in chips)
Seat 5: 22393c4b ($11.89 in chips)
Seat 6: 8013eff5 ($9.35 in chips)
22393c4b: posts small blind $0.05
8013eff5: posts big blind $0.1
*** HOLE CARDS ***
Dealt to dd1c5eba 
Dealt to 1cb210e7 
Dealt to Hero [9s 2s]
Dealt to 4675810a 
Dealt to 22393c4b 
Dealt to 8013eff5 
dd1c5eba: folds
1cb210e7: folds
Hero: folds
4675810a: raises $0.15 to $0.25
22393c4b: raises $0.95 to $1.2
8013eff5: folds
4675810a: folds
Uncalled bet ($0.95) returned to 22393c4b
*** SHOWDOWN ***
22393c4b collected $0.57 from pot
*** SUMMARY ***
Total pot $0.6 | Rake $0.03 | Jackpot $0 | Bingo $0 | Fortune $0 | Tax $0
Seat 1: dd1c5eba folded before Flop (didn't bet)
Seat 2: 1cb210e7 folded before Flop (didn't bet)
Seat 3: Hero folded before Flop (didn't bet)
Seat 4: 4675810a (button) folded before Flop
Seat 5: 22393c4b (small blind) collected ($0.57)
Seat 6: 8013eff5 (big blind) folded before Flop


Poker Hand #HD1761138364: Hold'em No Limit ($0.05/$0.1) - 2024/05/06 16:42:12
Table 'NLHRed2' 6-max Seat #3 is the button
Seat 1: dd1c5eba ($4.95 in chips)
Seat 2: 1cb210e7 ($11.71 in chips)
Seat 3: Hero ($10 in chips)
Seat 4: 4675810a ($10.34 in chips)
Seat 5: 22393c4b ($10.94 in chips)
Seat 6: 8013eff5 ($10.35 in chips)
4675810a: posts small blind $0.05
22393c4b: posts big blind $0.1
*** HOLE CARDS ***
Dealt to dd1c5eba 
Dealt to 1cb210e7 
Dealt to Hero [9s Qd]
Dealt to 4675810a 
Dealt to 22393c4b 
Dealt to 8013eff5 
8013eff5: raises $0.12 to $0.22
dd1c5eba: folds
1cb210e7: folds
Hero: folds
4675810a: folds
22393c4b: raises $0.78 to $1
8013eff5: calls $0.78
*** FLOP *** [7s 2d 3s]
22393c4b: bets $1.55
8013eff5: folds
Uncalled bet ($1.55) returned to 22393c4b
*** SHOWDOWN ***
22393c4b collected $1.95 from pot
*** SUMMARY ***
Total pot $2.05 | Rake $0.1 | Jackpot $0 | Bingo $0 | Fortune $0 | Tax $0
Board [7s 2d 3s]
Seat 1: dd1c5eba folded before Flop (didn't bet)
Seat 2: 1cb210e7 folded before Flop (didn't bet)
Seat 3: Hero (button) folded before Flop (didn't bet)
Seat 4: 4675810a (small blind) folded before Flop
Seat 5: 22393c4b (big blind) won ($1.95)
Seat 6: 8013eff5 folded on the Flop


Poker Hand #HD1761138328: Hold'em No Limit ($0.05/$0.1) - 2024/05/06 16:41:59
Table 'NLHRed2' 6-max Seat #2 is the button
Seat 1: dd1c5eba ($4.95 in chips)
Seat 2: 1cb210e7 ($11.56 in chips)
Seat 3: Hero ($10 in chips)
Seat 4: 4675810a ($10.44 in chips)
Seat 5: 22393c4b ($10.94 in chips)
Seat 6: 8013eff5 ($10.35 in chips)
Hero: posts small blind $0.05
4675810a: posts big blind $0.1
*** HOLE CARDS ***
Dealt to dd1c5eba 
Dealt to 1cb210e7 
Dealt to Hero [5s 2c]
Dealt to 4675810a 
Dealt to 22393c4b 
Dealt to 8013eff5 
22393c4b: folds
8013eff5: folds
dd1c5eba: folds
1cb210e7: raises $0.1 to $0.2
Hero: folds
4675810a: folds
Uncalled bet ($0.1) returned to 1cb210e7
*** SHOWDOWN ***
1cb210e7 collected $0.25 from pot
*** SUMMARY ***
Total pot $0.25 | Rake $0 | Jackpot $0 | Bingo $0 | Fortune $0 | Tax $0
Seat 1: dd1c5eba folded before Flop (didn't bet)
Seat 2: 1cb210e7 (button) collected ($0.25)
Seat 3: Hero (small blind) folded before Flop
Seat 4: 4675810a (big blind) folded before Flop
Seat 5: 22393c4b folded before Flop (didn't bet)
Seat 6: 8013eff5 folded before Flop (didn't bet)


Poker Hand #HD1761138283: Hold'em No Limit ($0.05/$0.1) - 2024/05/06 16:41:41
Table 'NLHRed2' 6-max Seat #1 is the button
Seat 1: dd1c5eba ($4.8 in chips)
Seat 2: 1cb210e7 ($11.61 in chips)
Seat 3: Hero ($10 in chips)
Seat 4: 4675810a ($10.44 in chips)
Seat 5: 22393c4b ($10.94 in chips)
Seat 6: 8013eff5 ($10.35 in chips)
1cb210e7: posts small blind $0.05
Hero: posts big blind $0.1
*** HOLE CARDS ***
Dealt to dd1c5eba 
Dealt to 1cb210e7 
Dealt to Hero [6h 3h]
Dealt to 4675810a 
Dealt to 22393c4b 
Dealt to 8013eff5 
4675810a: folds
22393c4b: folds
8013eff5: folds
dd1c5eba: raises $0.1 to $0.2
1cb210e7: folds
Hero: folds
Uncalled bet ($0.1) returned to dd1c5eba
*** SHOWDOWN ***
dd1c5eba collected $0.25 from pot
*** SUMMARY ***
Total pot $0.25 | Rake $0 | Jackpot $0 | Bingo $0 | Fortune $0 | Tax $0
Seat 1: dd1c5eba (button) collected ($0.25)
Seat 2: 1cb210e7 (small blind) folded before Flop
Seat 3: Hero (big blind) folded before Flop
Seat 4: 4675810a folded before Flop (didn't bet)
Seat 5: 22393c4b folded before Flop (didn't bet)
Seat 6: 8013eff5 folded before Flop (didn't bet)


Poker Hand #HD1761138247: Hold'em No Limit ($0.05/$0.1) - 2024/05/06 16:41:27
Table 'NLHRed2' 6-max Seat #6 is the button
Seat 1: dd1c5eba ($4.85 in chips)
Seat 2: 1cb210e7 ($11.56 in chips)
Seat 3: Hero ($10 in chips)
Seat 4: 4675810a ($10.44 in chips)
Seat 5: 22393c4b ($10.94 in chips)
Seat 6: 8013eff5 ($10.35 in chips)
dd1c5eba: posts small blind $0.05
1cb210e7: posts big blind $0.1
*** HOLE CARDS ***
Dealt to dd1c5eba 
Dealt to 1cb210e7 
Dealt to Hero [2c 3d]
Dealt to 4675810a 
Dealt to 22393c4b 
Dealt to 8013eff5 
Hero: folds
4675810a: folds
22393c4b: folds
8013eff5: folds
dd1c5eba: folds
Uncalled bet ($0.05) returned to 1cb210e7
*** SHOWDOWN ***
1cb210e7 collected $0.1 from pot
*** SUMMARY ***
Total pot $0.1 | Rake $0 | Jackpot $0 | Bingo $0 | Fortune $0 | Tax $0
Seat 1: dd1c5eba (small blind) folded before Flop
Seat 2: 1cb210e7 (big blind) collected ($0.1)
Seat 3: Hero folded before Flop (didn't bet)
Seat 4: 4675810a folded before Flop (didn't bet)
Seat 5: 22393c4b folded before Flop (didn't bet)
Seat 6: 8013eff5 (button) folded before Flop (didn't bet)


Poker Hand #HD1761138149: Hold'em No Limit ($0.05/$0.1) - 2024/05/06 16:40:46
Table 'NLHRed2' 6-max Seat #5 is the button
Seat 1: dd1c5eba ($5.15 in chips)
Seat 2: 1cb210e7 ($11.56 in chips)
Seat 3: Hero ($10 in chips)
Seat 4: 4675810a ($10.44 in chips)
Seat 5: 22393c4b ($10.94 in chips)
Seat 6: 8013eff5 ($10.08 in chips)
8013eff5: posts small blind $0.05
dd1c5eba: posts big blind $0.1
*** HOLE CARDS ***
Dealt to dd1c5eba 
Dealt to 1cb210e7 
Dealt to Hero [Qs 6c]
Dealt to 4675810a 
Dealt to 22393c4b 
Dealt to 8013eff5 
1cb210e7: folds
Hero: folds
4675810a: folds
22393c4b: folds
8013eff5: raises $0.2 to $0.3
dd1c5eba: calls $0.2
*** FLOP *** [2d Ts 4s]
8013eff5: bets $0.45
dd1c5eba: folds
Uncalled bet ($0.45) returned to 8013eff5
*** SHOWDOWN ***
8013eff5 collected $0.57 from pot
*** SUMMARY ***
Total pot $0.6 | Rake $0.03 | Jackpot $0 | Bingo $0 | Fortune $0 | Tax $0
Board [2d Ts 4s]
Seat 1: dd1c5eba (big blind) folded on the Flop
Seat 2: 1cb210e7 folded before Flop (didn't bet)
Seat 3: Hero folded before Flop (didn't bet)
Seat 4: 4675810a folded before Flop (didn't bet)
Seat 5: 22393c4b (button) folded before Flop (didn't bet)
Seat 6: 8013eff5 (small blind) won ($0.57)


Poker Hand #HD1761138120: Hold'em No Limit ($0.05/$0.1) - 2024/05/06 16:40:33
Table 'NLHRed2' 6-max Seat #4 is the button
Seat 1: dd1c5eba ($5 in chips)
Seat 2: 1cb210e7 ($11.56 in chips)
Seat 3: Hero ($10 in chips)
Seat 4: 4675810a ($10.44 in chips)
Seat 5: 22393c4b ($10.99 in chips)
Seat 6: 8013eff5 ($10.18 in chips)
22393c4b: posts small blind $0.05
8013eff5: posts big blind $0.1
*** HOLE CARDS ***
Dealt to dd1c5eba 
Dealt to 1cb210e7 
Dealt to Hero [6h 3c]
Dealt to 4675810a 
Dealt to 22393c4b 
Dealt to 8013eff5 
dd1c5eba: raises $0.3 to $0.4
1cb210e7: folds
Hero: folds
4675810a: folds
22393c4b: folds
8013eff5: folds
Uncalled bet ($0.3) returned to dd1c5eba
*** SHOWDOWN ***
dd1c5eba collected $0.25 from pot
*** SUMMARY ***
Total pot $0.25 | Rake $0 | Jackpot $0 | Bingo $0 | Fortune $0 | Tax $0
Seat 1: dd1c5eba collected ($0.25)
Seat 2: 1cb210e7 folded before Flop (didn't bet)
Seat 3: Hero folded before Flop (didn't bet)
Seat 4: 4675810a (button) folded before Flop (didn't bet)
Seat 5: 22393c4b (small blind) folded before Flop
Seat 6: 8013eff5 (big blind) folded before Flop


Poker Hand #HD1761138088: Hold'em No Limit ($0.05/$0.1) - 2024/05/06 16:40:19
Table 'NLHRed2' 6-max Seat #3 is the button
Seat 1: dd1c5eba ($5 in chips)
Seat 2: 1cb210e7 ($11.56 in chips)
Seat 3: Hero ($10 in chips)
Seat 4: 4675810a ($10.49 in chips)
Seat 5: 22393c4b ($10.94 in chips)
Seat 6: 8013eff5 ($10.18 in chips)
4675810a: posts small blind $0.05
22393c4b: posts big blind $0.1
*** HOLE CARDS ***
Dealt to dd1c5eba 
Dealt to 1cb210e7 
Dealt to Hero [7h 4h]
Dealt to 4675810a 
Dealt to 22393c4b 
Dealt to 8013eff5 
8013eff5: folds
dd1c5eba: folds
1cb210e7: folds
Hero: folds
4675810a: folds
Uncalled bet ($0.05) returned to 22393c4b
*** SHOWDOWN ***
22393c4b collected $0.1 from pot
*** SUMMARY ***
Total pot $0.1 | Rake $0 | Jackpot $0 | Bingo $0 | Fortune $0 | Tax $0
Seat 1: dd1c5eba folded before Flop (didn't bet)
Seat 2: 1cb210e7 folded before Flop (didn't bet)
Seat 3: Hero (button) folded before Flop (didn't bet)
Seat 4: 4675810a (small blind) folded before Flop
Seat 5: 22393c4b (big blind) collected ($0.1)
Seat 6: 8013eff5 folded before Flop (didn't bet)


Poker Hand #HD1761138042: Hold'em No Limit ($0.05/$0.1) - 2024/05/06 16:40:00
Table 'NLHRed2' 6-max Seat #2 is the button
Seat 1: dd1c5eba ($4.86 in chips)
Seat 2: 1cb210e7 ($11.56 in chips)
Seat 3: Hero ($10.05 in chips)
Seat 4: 4675810a ($10.59 in chips)
Seat 5: 22393c4b ($10.94 in chips)
Seat 6: 8013eff5 ($10.18 in chips)
Hero: posts small blind $0.05
4675810a: posts big blind $0.1
dd1c5eba: posts big blind $0.1
*** HOLE CARDS ***
Dealt to dd1c5eba 
Dealt to 1cb210e7 
Dealt to Hero [9s Ad]
Dealt to 4675810a 
Dealt to 22393c4b 
Dealt to 8013eff5 
22393c4b: folds
8013eff5: folds
dd1c5eba: checks
1cb210e7: folds
Hero: folds
4675810a: checks
*** FLOP *** [8h Jc Kd]
4675810a: checks
dd1c5eba: bets $0.13
4675810a: folds
Uncalled bet ($0.13) returned to dd1c5eba
*** SHOWDOWN ***
dd1c5eba collected $0.24 from pot
*** SUMMARY ***
Total pot $0.25 | Rake $0.01 | Jackpot $0 | Bingo $0 | Fortune $0 | Tax $0
Board [8h Jc Kd]
Seat 1: dd1c5eba won ($0.24)
Seat 2: 1cb210e7 (button) folded before Flop (didn't bet)
Seat 3: Hero (small blind) folded before Flop
Seat 4: 4675810a (big blind) folded on the Flop
Seat 5: 22393c4b folded before Flop (didn't bet)
Seat 6: 8013eff5 folded before Flop (didn't bet)


Poker Hand #HD1761138010: Hold'em No Limit ($0.05/$0.1) - 2024/05/06 16:39:46
Table 'NLHRed2' 6-max Seat #6 is the button
Seat 2: 1cb210e7 ($11.61 in chips)
Seat 3: Hero ($10 in chips)
Seat 4: 4675810a ($10.59 in chips)
Seat 5: 22393c4b ($10.94 in chips)
Seat 6: 8013eff5 ($10.18 in chips)
1cb210e7: posts small blind $0.05
Hero: posts big blind $0.1
*** HOLE CARDS ***
Dealt to 1cb210e7 
Dealt to Hero [7s Qs]
Dealt to 4675810a 
Dealt to 22393c4b 
Dealt to 8013eff5 
4675810a: folds
22393c4b: folds
8013eff5: folds
1cb210e7: folds
Uncalled bet ($0.05) returned to Hero
*** SHOWDOWN ***
Hero collected $0.1 from pot
*** SUMMARY ***
Total pot $0.1 | Rake $0 | Jackpot $0 | Bingo $0 | Fortune $0 | Tax $0
Seat 2: 1cb210e7 (small blind) folded before Flop
Seat 3: Hero (big blind) collected ($0.1)
Seat 4: 4675810a folded before Flop (didn't bet)
Seat 5: 22393c4b folded before Flop (didn't bet)
Seat 6: 8013eff5 (button) folded before Flop (didn't bet)


Poker Hand #HD1761137941: Hold'em No Limit ($0.05/$0.1) - 2024/05/06 16:39:18
Table 'NLHRed2' 6-max Seat #5 is the button
Seat 2: 1cb210e7 ($11.71 in chips)
Seat 3: Hero ($10.15 in chips)
Seat 4: 4675810a ($10.59 in chips)
Seat 5: 22393c4b ($10.94 in chips)
Seat 6: 8013eff5 ($9.9 in chips)
8013eff5: posts small blind $0.05
1cb210e7: posts big blind $0.1
*** HOLE CARDS ***
Dealt to 1cb210e7 
Dealt to Hero [Js Qd]
Dealt to 4675810a 
Dealt to 22393c4b 
Dealt to 8013eff5 
Hero: raises $0.1 to $0.2
4675810a: folds
22393c4b: folds
8013eff5: raises $0.7 to $0.9
1cb210e7: folds
Hero: folds
Uncalled bet ($0.7) returned to 8013eff5
*** SHOWDOWN ***
8013eff5 collected $0.48 from pot
*** SUMMARY ***
Total pot $0.5 | Rake $0.02 | Jackpot $0 | Bingo $0 | Fortune $0 | Tax $0
Seat 2: 1cb210e7 (big blind) folded before Flop
Seat 3: Hero folded before Flop
Seat 4: 4675810a folded before Flop (didn't bet)
Seat 5: 22393c4b (button) folded before Flop (didn't bet)
Seat 6: 8013eff5 (small blind) collected ($0.48)


Poker Hand #HD1761137904: Hold'em No Limit ($0.05/$0.1) - 2024/05/06 16:39:04
Table 'NLHRed2' 6-max Seat #4 is the button
Seat 1: 483ea5e ($13.21 in chips)
Seat 2: 1cb210e7 ($11.71 in chips)
Seat 3: Hero ($10.15 in chips)
Seat 4: 4675810a ($10.44 in chips)
Seat 5: 22393c4b ($10.99 in chips)
Seat 6: 8013eff5 ($10 in chips)
22393c4b: posts small blind $0.05
8013eff5: posts big blind $0.1
*** HOLE CARDS ***
Dealt to 483ea5e 
Dealt to 1cb210e7 
Dealt to Hero [9c 2c]
Dealt to 4675810a 
Dealt to 22393c4b 
Dealt to 8013eff5 
483ea5e: folds
1cb210e7: folds
Hero: folds
4675810a: raises $0.15 to $0.25
22393c4b: folds
8013eff5: folds
Uncalled bet ($0.15) returned to 4675810a
*** SHOWDOWN ***
4675810a collected $0.25 from pot
*** SUMMARY ***
Total pot $0.25 | Rake $0 | Jackpot $0 | Bingo $0 | Fortune $0 | Tax $0
Seat 1: 483ea5e folded before Flop (didn't bet)
Seat 2: 1cb210e7 folded before Flop (didn't bet)
Seat 3: Hero folded before Flop (didn't bet)
Seat 4: 4675810a (button) collected ($0.25)
Seat 5: 22393c4b (small blind) folded before Flop
Seat 6: 8013eff5 (big blind) folded before Flop


Poker Hand #HD1761137862: Hold'em No Limit ($0.05/$0.1) - 2024/05/06 16:38:50
Table 'NLHRed2' 6-max Seat #3 is the button
Seat 1: 483ea5e ($13.21 in chips)
Seat 2: 1cb210e7 ($11.71 in chips)
Seat 3: Hero ($10 in chips)
Seat 4: 4675810a ($10.49 in chips)
Seat 5: 22393c4b ($11.09 in chips)
4675810a: posts small blind $0.05
22393c4b: posts big blind $0.1
*** HOLE CARDS ***
Dealt to 483ea5e 
Dealt to 1cb210e7 
Dealt to Hero [6h Ah]
Dealt to 4675810a 
Dealt to 22393c4b 
483ea5e: folds
1cb210e7: folds
Hero: raises $0.14 to $0.24
4675810a: folds
22393c4b: folds
Uncalled bet ($0.14) returned to Hero
*** SHOWDOWN ***
Hero collected $0.25 from pot
*** SUMMARY ***
Total pot $0.25 | Rake $0 | Jackpot $0 | Bingo $0 | Fortune $0 | Tax $0
Seat 1: 483ea5e folded before Flop (didn't bet)
Seat 2: 1cb210e7 folded before Flop (didn't bet)
Seat 3: Hero (button) collected ($0.25)
Seat 4: 4675810a (small blind) folded before Flop
Seat 5: 22393c4b (big blind) folded before Flop


Poker Hand #HD1761137806: Hold'em No Limit ($0.05/$0.1) - 2024/05/06 16:38:28
Table 'NLHRed2' 6-max Seat #2 is the button
Seat 1: 483ea5e ($13.21 in chips)
Seat 2: 1cb210e7 ($11.56 in chips)
Seat 3: Hero ($10 in chips)
Seat 4: 4675810a ($10.59 in chips)
Seat 5: 22393c4b ($11.09 in chips)
Hero: posts small blind $0.05
4675810a: posts big blind $0.1
*** HOLE CARDS ***
Dealt to 483ea5e 
Dealt to 1cb210e7 
Dealt to Hero [6h 7h]
Dealt to 4675810a 
Dealt to 22393c4b 
22393c4b: folds
483ea5e: folds
1cb210e7: raises $0.1 to $0.2
Hero: folds
4675810a: folds
Uncalled bet ($0.1) returned to 1cb210e7
*** SHOWDOWN ***
1cb210e7 collected $0.25 from pot
*** SUMMARY ***
Total pot $0.25 | Rake $0 | Jackpot $0 | Bingo $0 | Fortune $0 | Tax $0
Seat 1: 483ea5e folded before Flop (didn't bet)
Seat 2: 1cb210e7 (button) collected ($0.25)
Seat 3: Hero (small blind) folded before Flop
Seat 4: 4675810a (big blind) folded before Flop
Seat 5: 22393c4b folded before Flop (didn't bet)


Poker Hand #HD1761137672: Hold'em No Limit ($0.05/$0.1) - 2024/05/06 16:37:29
Table 'NLHRed2' 6-max Seat #1 is the button
Seat 1: 483ea5e ($12.8 in chips)
Seat 2: 1cb210e7 ($11.61 in chips)
Seat 3: Hero ($10 in chips)
Seat 4: 4675810a ($10.59 in chips)
Seat 5: 22393c4b ($11.09 in chips)
1cb210e7: posts small blind $0.05
Hero: posts big blind $0.1
*** HOLE CARDS ***
Dealt to 483ea5e 
Dealt to 1cb210e7 
Dealt to Hero [9d Qs]
Dealt to 4675810a 
Dealt to 22393c4b 
4675810a: folds
22393c4b: folds
483ea5e: raises $0.15 to $0.25
1cb210e7: folds
Hero: calls $0.15
*** FLOP *** [Ks 9c 4d]
Hero: checks
483ea5e: bets $0.15
Hero: calls $0.15
*** TURN *** [Ks 9c 4d] [7d]
Hero: checks
483ea5e: bets $0.6
Hero: folds
Uncalled bet ($0.6) returned to 483ea5e
*** SHOWDOWN ***
483ea5e collected $0.81 from pot
*** SUMMARY ***
Total pot $0.85 | Rake $0.04 | Jackpot $0 | Bingo $0 | Fortune $0 | Tax $0
Board [Ks 9c 4d 7d]
Seat 1: 483ea5e (button) won ($0.81)
Seat 2: 1cb210e7 (small blind) folded before Flop
Seat 3: Hero (big blind) folded on the Turn
Seat 4: 4675810a folded before Flop (didn't bet)
Seat 5: 22393c4b folded before Flop (didn't bet)


Poker Hand #HD1761137627: Hold'em No Limit ($0.05/$0.1) - 2024/05/06 16:37:16
Table 'NLHRed2' 6-max Seat #5 is the button
Seat 1: 483ea5e ($12.7 in chips)
Seat 2: 1cb210e7 ($11.71 in chips)
Seat 3: Hero ($10 in chips)
Seat 4: 4675810a ($10.59 in chips)
Seat 5: 22393c4b ($11.09 in chips)
483ea5e: posts small blind $0.05
1cb210e7: posts big blind $0.1
*** HOLE CARDS ***
Dealt to 483ea5e 
Dealt to 1cb210e7 
Dealt to Hero [4h 2c]
Dealt to 4675810a 
Dealt to 22393c4b 
Hero: folds
4675810a: folds
22393c4b: folds
483ea5e: raises $0.2 to $0.3
1cb210e7: folds
Uncalled bet ($0.2) returned to 483ea5e
*** SHOWDOWN ***
483ea5e collected $0.2 from pot
*** SUMMARY ***
Total pot $0.2 | Rake $0 | Jackpot $0 | Bingo $0 | Fortune $0 | Tax $0
Seat 1: 483ea5e (small blind) collected ($0.2)
Seat 2: 1cb210e7 (big blind) folded before Flop
Seat 3: Hero folded before Flop (didn't bet)
Seat 4: 4675810a folded before Flop (didn't bet)
Seat 5: 22393c4b (button) folded before Flop (didn't bet)


Poker Hand #HD1761137552: Hold'em No Limit ($0.05/$0.1) - 2024/05/06 16:36:42
Table 'NLHRed2' 6-max Seat #4 is the button
Seat 1: 483ea5e ($13 in chips)
Seat 2: 1cb210e7 ($11.71 in chips)
Seat 3: Hero ($10 in chips)
Seat 4: 4675810a ($10.59 in chips)
Seat 5: 22393c4b ($10.82 in chips)
22393c4b: posts small blind $0.05
483ea5e: posts big blind $0.1
*** HOLE CARDS ***
Dealt to 483ea5e 
Dealt to 1cb210e7 
Dealt to Hero [Kd 7s]
Dealt to 4675810a 
Dealt to 22393c4b 
1cb210e7: folds
Hero: folds
4675810a: folds
22393c4b: raises $0.2 to $0.3
483ea5e: calls $0.2
*** FLOP *** [Jc Ah 3d]
22393c4b: checks
483ea5e: checks
*** TURN *** [Jc Ah 3d] [6c]
22393c4b: bets $0.45
483ea5e: folds
Uncalled bet ($0.45) returned to 22393c4b
*** SHOWDOWN ***
22393c4b collected $0.57 from pot
*** SUMMARY ***
Total pot $0.6 | Rake $0.03 | Jackpot $0 | Bingo $0 | Fortune $0 | Tax $0
Board [Jc Ah 3d 6c]
Seat 1: 483ea5e (big blind) folded on the Turn
Seat 2: 1cb210e7 folded before Flop (didn't bet)
Seat 3: Hero folded before Flop (didn't bet)
Seat 4: 4675810a (button) folded before Flop (didn't bet)
Seat 5: 22393c4b (small blind) won ($0.57)


Poker Hand #HD1761137358: Hold'em No Limit ($0.05/$0.1) - 2024/05/06 16:35:22
Table 'NLHRed2' 6-max Seat #3 is the button
Seat 1: 483ea5e ($13 in chips)
Seat 2: 1cb210e7 ($11.71 in chips)
Seat 3: Hero ($10 in chips)
Seat 4: 4675810a ($10.64 in chips)
Seat 5: 22393c4b ($10.94 in chips)
Seat 6: addc576c ($5.03 in chips)
4675810a: posts small blind $0.05
22393c4b: posts big blind $0.1
*** HOLE CARDS ***
Dealt to 483ea5e 
Dealt to 1cb210e7 
Dealt to Hero [3s As]
Dealt to 4675810a 
Dealt to 22393c4b 
Dealt to addc576c 
addc576c: folds
483ea5e: folds
1cb210e7: folds
Hero: raises $0.14 to $0.24
4675810a: folds
22393c4b: calls $0.14
*** FLOP *** [Ac Qs 5c]
22393c4b: checks
Hero: bets $0.3
22393c4b: calls $0.3
*** TURN *** [Ac Qs 5c] [5d]
22393c4b: checks
Hero: checks
*** RIVER *** [Ac Qs 5c 5d] [Ah]
22393c4b: checks
Hero: bets $0.4
22393c4b: raises $1.13 to $1.53
Hero: calls $1.13
22393c4b: shows [Ad 9d] (Aces Full over Fives)
Hero: shows [3s As] (Aces Full over Fives)
*** SHOWDOWN ***
22393c4b collected $1.95 from pot
Hero collected $1.94 from pot
*** SUMMARY ***
Total pot $4.19 | Rake $0.2 | Jackpot $0.1 | Bingo $0 | Fortune $0 | Tax $0
Board [Ac Qs 5c 5d Ah]
Seat 1: 483ea5e folded before Flop (didn't bet)
Seat 2: 1cb210e7 folded before Flop (didn't bet)
Seat 3: Hero (button) showed [3s As] and won ($1.94) with Aces Full over Fives
Seat 4: 4675810a (small blind) folded before Flop
Seat 5: 22393c4b (big blind) showed [Ad 9d] and won ($1.95) with Aces Full over Fives
Seat 6: addc576c folded before Flop (didn't bet)


Poker Hand #HD1761137256: Hold'em No Limit ($0.05/$0.1) - 2024/05/06 16:34:34
Table 'NLHRed2' 6-max Seat #2 is the button
Seat 1: 483ea5e ($13 in chips)
Seat 2: 1cb210e7 ($10 in chips)
Seat 3: Hero ($10 in chips)
Seat 4: 4675810a ($10.74 in chips)
Seat 5: 22393c4b ($10.94 in chips)
Seat 6: addc576c ($6.87 in chips)
Hero: posts small blind $0.05
4675810a: posts big blind $0.1
*** HOLE CARDS ***
Dealt to 483ea5e 
Dealt to 1cb210e7 
Dealt to Hero [3s 7h]
Dealt to 4675810a 
Dealt to 22393c4b 
Dealt to addc576c 
22393c4b: folds
addc576c: raises $0.13 to $0.23
483ea5e: folds
1cb210e7: raises $0.46 to $0.69
Hero: folds
4675810a: folds
addc576c: calls $0.46
*** FLOP *** [As Td Jc]
addc576c: checks
1cb210e7: checks
*** TURN *** [As Td Jc] [8c]
addc576c: bets $1.15
1cb210e7: calls $1.15
*** RIVER *** [As Td Jc 8c] [2d]
addc576c: checks
1cb210e7: checks
addc576c: shows [Js Qs] (Pair of Jacks)
1cb210e7: shows [Ac Qd] (Pair of Aces)
*** SHOWDOWN ***
1cb210e7 collected $3.55 from pot
*** SUMMARY ***
Total pot $3.83 | Rake $0.18 | Jackpot $0.1 | Bingo $0 | Fortune $0 | Tax $0
Board [As Td Jc 8c 2d]
Seat 1: 483ea5e folded before Flop (didn't bet)
Seat 2: 1cb210e7 (button) showed [Ac Qd] and won ($3.55) with Pair of Aces
Seat 3: Hero (small blind) folded before Flop
Seat 4: 4675810a (big blind) folded before Flop
Seat 5: 22393c4b folded before Flop (didn't bet)
Seat 6: addc576c showed [Js Qs] and lost with Pair of Jacks


Poker Hand #HD1761137203: Hold'em No Limit ($0.05/$0.1) - 2024/05/06 16:34:14
Table 'NLHRed2' 6-max Seat #1 is the button
Seat 1: 483ea5e ($12.85 in chips)
Seat 2: 1cb210e7 ($10.05 in chips)
Seat 3: Hero ($10 in chips)
Seat 4: 4675810a ($10.74 in chips)
Seat 5: 22393c4b ($10.94 in chips)
Seat 6: addc576c ($6.87 in chips)
1cb210e7: posts small blind $0.05
Hero: posts big blind $0.1
*** HOLE CARDS ***
Dealt to 483ea5e 
Dealt to 1cb210e7 
Dealt to Hero [3d 5h]
Dealt to 4675810a 
Dealt to 22393c4b 
Dealt to addc576c 
4675810a: folds
22393c4b: folds
addc576c: folds
483ea5e: raises $0.15 to $0.25
1cb210e7: folds
Hero: folds
Uncalled bet ($0.15) returned to 483ea5e
*** SHOWDOWN ***
483ea5e collected $0.25 from pot
*** SUMMARY ***
Total pot $0.25 | Rake $0 | Jackpot $0 | Bingo $0 | Fortune $0 | Tax $0
Seat 1: 483ea5e (button) collected ($0.25)
Seat 2: 1cb210e7 (small blind) folded before Flop
Seat 3: Hero (big blind) folded before Flop
Seat 4: 4675810a folded before Flop (didn't bet)
Seat 5: 22393c4b folded before Flop (didn't bet)
Seat 6: addc576c folded before Flop (didn't bet)


Poker Hand #HD1761137162: Hold'em No Limit ($0.05/$0.1) - 2024/05/06 16:33:58
Table 'NLHRed2' 6-max Seat #6 is the button
Seat 1: 483ea5e ($12.9 in chips)
Seat 2: 1cb210e7 ($10 in chips)
Seat 3: Hero ($10 in chips)
Seat 4: 4675810a ($10.74 in chips)
Seat 5: 22393c4b ($10.94 in chips)
Seat 6: addc576c ($6.87 in chips)
483ea5e: posts small blind $0.05
1cb210e7: posts big blind $0.1
*** HOLE CARDS ***
Dealt to 483ea5e 
Dealt to 1cb210e7 
Dealt to Hero [9s 2d]
Dealt to 4675810a 
Dealt to 22393c4b 
Dealt to addc576c 
Hero: folds
4675810a: folds
22393c4b: folds
addc576c: folds
483ea5e: folds
Uncalled bet ($0.05) returned to 1cb210e7
*** SHOWDOWN ***
1cb210e7 collected $0.1 from pot
*** SUMMARY ***
Total pot $0.1 | Rake $0 | Jackpot $0 | Bingo $0 | Fortune $0 | Tax $0
Seat 1: 483ea5e (small blind) folded before Flop
Seat 2: 1cb210e7 (big blind) collected ($0.1)
Seat 3: Hero folded before Flop (didn't bet)
Seat 4: 4675810a folded before Flop (didn't bet)
Seat 5: 22393c4b folded before Flop (didn't bet)
Seat 6: addc576c (button) folded before Flop (didn't bet)


Poker Hand #HD1761137068: Hold'em No Limit ($0.05/$0.1) - 2024/05/06 16:33:18
Table 'NLHRed2' 6-max Seat #5 is the button
Seat 1: 483ea5e ($12.13 in chips)
Seat 3: Hero ($10 in chips)
Seat 4: 4675810a ($10.74 in chips)
Seat 5: 22393c4b ($11.74 in chips)
Seat 6: addc576c ($6.92 in chips)
addc576c: posts small blind $0.05
483ea5e: posts big blind $0.1
*** HOLE CARDS ***
Dealt to 483ea5e 
Dealt to Hero [Qc 4s]
Dealt to 4675810a 
Dealt to 22393c4b 
Dealt to addc576c 
Hero: folds
4675810a: folds
22393c4b: raises $0.2 to $0.3
addc576c: folds
483ea5e: calls $0.2
*** FLOP *** [Ah 7c 2c]
483ea5e: checks
22393c4b: checks
*** TURN *** [Ah 7c 2c] [6d]
483ea5e: bets $0.5
22393c4b: calls $0.5
*** RIVER *** [Ah 7c 2c 6d] [4c]
483ea5e: bets $1.24
22393c4b: folds
Uncalled bet ($1.24) returned to 483ea5e
*** SHOWDOWN ***
483ea5e collected $1.57 from pot
*** SUMMARY ***
Total pot $1.65 | Rake $0.08 | Jackpot $0 | Bingo $0 | Fortune $0 | Tax $0
Board [Ah 7c 2c 6d 4c]
Seat 1: 483ea5e (big blind) won ($1.57)
Seat 3: Hero folded before Flop (didn't bet)
Seat 4: 4675810a folded before Flop (didn't bet)
Seat 5: 22393c4b (button) folded on the River
Seat 6: addc576c (small blind) folded before Flop


Poker Hand #HD1761137023: Hold'em No Limit ($0.05/$0.1) - 2024/05/06 16:33:01
Table 'NLHRed2' 6-max Seat #4 is the button
Seat 1: 483ea5e ($12.13 in chips)
Seat 3: Hero ($10 in chips)
Seat 4: 4675810a ($10.74 in chips)
Seat 5: 22393c4b ($11.79 in chips)
Seat 6: addc576c ($6.87 in chips)
22393c4b: posts small blind $0.05
addc576c: posts big blind $0.1
*** HOLE CARDS ***
Dealt to 483ea5e 
Dealt to Hero [2d 7s]
Dealt to 4675810a 
Dealt to 22393c4b 
Dealt to addc576c 
483ea5e: folds
Hero: folds
4675810a: folds
22393c4b: folds
Uncalled bet ($0.05) returned to addc576c
*** SHOWDOWN ***
addc576c collected $0.1 from pot
*** SUMMARY ***
Total pot $0.1 | Rake $0 | Jackpot $0 | Bingo $0 | Fortune $0 | Tax $0
Seat 1: 483ea5e folded before Flop (didn't bet)
Seat 3: Hero folded before Flop (didn't bet)
Seat 4: 4675810a (button) folded before Flop (didn't bet)
Seat 5: 22393c4b (small blind) folded before Flop
Seat 6: addc576c (big blind) collected ($0.1)


Poker Hand #HD1761136996: Hold'em No Limit ($0.05/$0.1) - 2024/05/06 16:32:48
Table 'NLHRed2' 6-max Seat #3 is the button
Seat 1: 483ea5e ($12.13 in chips)
Seat 3: Hero ($10 in chips)
Seat 4: 4675810a ($10.79 in chips)
Seat 5: 22393c4b ($11.74 in chips)
Seat 6: addc576c ($6.87 in chips)
4675810a: posts small blind $0.05
22393c4b: posts big blind $0.1
*** HOLE CARDS ***
Dealt to 483ea5e 
Dealt to Hero [Js 6s]
Dealt to 4675810a 
Dealt to 22393c4b 
Dealt to addc576c 
addc576c: folds
483ea5e: folds
Hero: folds
4675810a: folds
Uncalled bet ($0.05) returned to 22393c4b
*** SHOWDOWN ***
22393c4b collected $0.1 from pot
*** SUMMARY ***
Total pot $0.1 | Rake $0 | Jackpot $0 | Bingo $0 | Fortune $0 | Tax $0
Seat 1: 483ea5e folded before Flop (didn't bet)
Seat 3: Hero (button) folded before Flop (didn't bet)
Seat 4: 4675810a (small blind) folded before Flop
Seat 5: 22393c4b (big blind) collected ($0.1)
Seat 6: addc576c folded before Flop (didn't bet)


Poker Hand #HD1761136960: Hold'em No Limit ($0.05/$0.1) - 2024/05/06 16:32:34
Table 'NLHRed2' 6-max Seat #1 is the button
Seat 1: 483ea5e ($12.13 in chips)
Seat 3: Hero ($10.05 in chips)
Seat 4: 4675810a ($10.74 in chips)
Seat 5: 22393c4b ($11.74 in chips)
Seat 6: addc576c ($6.87 in chips)
Hero: posts small blind $0.05
4675810a: posts big blind $0.1
*** HOLE CARDS ***
Dealt to 483ea5e 
Dealt to Hero [2s Kc]
Dealt to 4675810a 
Dealt to 22393c4b 
Dealt to addc576c 
22393c4b: folds
addc576c: folds
483ea5e: folds
Hero: folds
Uncalled bet ($0.05) returned to 4675810a
*** SHOWDOWN ***
4675810a collected $0.1 from pot
*** SUMMARY ***
Total pot $0.1 | Rake $0 | Jackpot $0 | Bingo $0 | Fortune $0 | Tax $0
Seat 1: 483ea5e (button) folded before Flop (didn't bet)
Seat 3: Hero (small blind) folded before Flop
Seat 4: 4675810a (big blind) collected ($0.1)
Seat 5: 22393c4b folded before Flop (didn't bet)
Seat 6: addc576c folded before Flop (didn't bet)


Poker Hand #HD1761136925: Hold'em No Limit ($0.05/$0.1) - 2024/05/06 16:32:21
Table 'NLHRed2' 6-max Seat #6 is the button
Seat 1: 483ea5e ($12.18 in chips)
Seat 3: Hero ($10 in chips)
Seat 4: 4675810a ($10.74 in chips)
Seat 5: 22393c4b ($11.74 in chips)
Seat 6: addc576c ($6.87 in chips)
483ea5e: posts small blind $0.05
Hero: posts big blind $0.1
*** HOLE CARDS ***
Dealt to 483ea5e 
Dealt to Hero [4d Kc]
Dealt to 4675810a 
Dealt to 22393c4b 
Dealt to addc576c 
4675810a: folds
22393c4b: folds
addc576c: folds
483ea5e: folds
Uncalled bet ($0.05) returned to Hero
*** SHOWDOWN ***
Hero collected $0.1 from pot
*** SUMMARY ***
Total pot $0.1 | Rake $0 | Jackpot $0 | Bingo $0 | Fortune $0 | Tax $0
Seat 1: 483ea5e (small blind) folded before Flop
Seat 3: Hero (big blind) collected ($0.1)
Seat 4: 4675810a folded before Flop (didn't bet)
Seat 5: 22393c4b folded before Flop (didn't bet)
Seat 6: addc576c (button) folded before Flop (didn't bet)


Poker Hand #HD1761136894: Hold'em No Limit ($0.05/$0.1) - 2024/05/06 16:32:08
Table 'NLHRed2' 6-max Seat #5 is the button
Seat 1: 483ea5e ($12.13 in chips)
Seat 3: Hero ($10 in chips)
Seat 4: 4675810a ($10.74 in chips)
Seat 5: 22393c4b ($11.74 in chips)
Seat 6: addc576c ($6.92 in chips)
addc576c: posts small blind $0.05
483ea5e: posts big blind $0.1
*** HOLE CARDS ***
Dealt to 483ea5e 
Dealt to Hero [3d 8s]
Dealt to 4675810a 
Dealt to 22393c4b 
Dealt to addc576c 
Hero: folds
4675810a: folds
22393c4b: folds
addc576c: folds
Uncalled bet ($0.05) returned to 483ea5e
*** SHOWDOWN ***
483ea5e collected $0.1 from pot
*** SUMMARY ***
Total pot $0.1 | Rake $0 | Jackpot $0 | Bingo $0 | Fortune $0 | Tax $0
Seat 1: 483ea5e (big blind) collected ($0.1)
Seat 3: Hero folded before Flop (didn't bet)
Seat 4: 4675810a folded before Flop (didn't bet)
Seat 5: 22393c4b (button) folded before Flop (didn't bet)
Seat 6: addc576c (small blind) folded before Flop


Poker Hand #HD1761136721: Hold'em No Limit ($0.05/$0.1) - 2024/05/06 16:30:56
Table 'NLHRed2' 6-max Seat #4 is the button
Seat 1: 483ea5e ($12.13 in chips)
Seat 2: af365c7a ($6.16 in chips)
Seat 3: Hero ($10 in chips)
Seat 4: 4675810a ($10.74 in chips)
Seat 5: 22393c4b ($10.48 in chips)
Seat 6: addc576c ($8.42 in chips)
22393c4b: posts small blind $0.05
addc576c: posts big blind $0.1
*** HOLE CARDS ***
Dealt to 483ea5e 
Dealt to af365c7a 
Dealt to Hero [4d Qs]
Dealt to 4675810a 
Dealt to 22393c4b 
Dealt to addc576c 
483ea5e: folds
af365c7a: folds
Hero: folds
4675810a: folds
22393c4b: raises $0.2 to $0.3
addc576c: raises $0.6 to $0.9
22393c4b: calls $0.6
*** FLOP *** [Ts 4h Td]
22393c4b: checks
addc576c: bets $0.6
22393c4b: calls $0.6
*** TURN *** [Ts 4h Td] [2h]
22393c4b: checks
addc576c: checks
*** RIVER *** [Ts 4h Td 2h] [3d]
22393c4b: checks
addc576c: checks
22393c4b: shows [4s 5s] (Pair of Tens and Pair of Fours)
addc576c: shows [Kd Ac] (Pair of Tens)
*** SHOWDOWN ***
22393c4b collected $2.76 from pot
*** SUMMARY ***
Total pot $3 | Rake $0.14 | Jackpot $0.1 | Bingo $0 | Fortune $0 | Tax $0
Board [Ts 4h Td 2h 3d]
Seat 1: 483ea5e folded before Flop (didn't bet)
Seat 2: af365c7a folded before Flop (didn't bet)
Seat 3: Hero folded before Flop (didn't bet)
Seat 4: 4675810a (button) folded before Flop (didn't bet)
Seat 5: 22393c4b (small blind) showed [4s 5s] and won ($2.76) with Pair of Tens and Pair of Fours
Seat 6: addc576c (big blind) showed [Kd Ac] and lost with Pair of Tens


Poker Hand #HD1761136668: Hold'em No Limit ($0.05/$0.1) - 2024/05/06 16:30:34
Table 'NLHRed2' 6-max Seat #3 is the button
Seat 1: 483ea5e ($12.13 in chips)
Seat 2: af365c7a ($6.16 in chips)
Seat 3: Hero ($10 in chips)
Seat 4: 4675810a ($10.64 in chips)
Seat 5: 22393c4b ($10.58 in chips)
Seat 6: addc576c ($8.42 in chips)
4675810a: posts small blind $0.05
22393c4b: posts big blind $0.1
*** HOLE CARDS ***
Dealt to 483ea5e 
Dealt to af365c7a 
Dealt to Hero [3h 4c]
Dealt to 4675810a 
Dealt to 22393c4b 
Dealt to addc576c 
addc576c: folds
483ea5e: folds
af365c7a: folds
Hero: folds
4675810a: raises $0.2 to $0.3
22393c4b: folds
Uncalled bet ($0.2) returned to 4675810a
*** SHOWDOWN ***
4675810a collected $0.2 from pot
*** SUMMARY ***
Total pot $0.2 | Rake $0 | Jackpot $0 | Bingo $0 | Fortune $0 | Tax $0
Seat 1: 483ea5e folded before Flop (didn't bet)
Seat 2: af365c7a folded before Flop (didn't bet)
Seat 3: Hero (button) folded before Flop (didn't bet)
Seat 4: 4675810a (small blind) collected ($0.2)
Seat 5: 22393c4b (big blind) folded before Flop
Seat 6: addc576c folded before Flop (didn't bet)


Poker Hand #HD1761136627: Hold'em No Limit ($0.05/$0.1) - 2024/05/06 16:30:17
Table 'NLHRed2' 6-max Seat #2 is the button
Seat 1: 483ea5e ($12.13 in chips)
Seat 2: af365c7a ($6.16 in chips)
Seat 3: Hero ($10 in chips)
Seat 4: 4675810a ($10.59 in chips)
Seat 5: 22393c4b ($10.58 in chips)
Seat 6: addc576c ($8.42 in chips)
Hero: posts small blind $0.05
4675810a: posts big blind $0.1
*** HOLE CARDS ***
Dealt to 483ea5e 
Dealt to af365c7a 
Dealt to Hero [Ts 8c]
Dealt to 4675810a 
Dealt to 22393c4b 
Dealt to addc576c 
22393c4b: folds
addc576c: folds
483ea5e: folds
af365c7a: folds
Hero: folds
Uncalled bet ($0.05) returned to 4675810a
*** SHOWDOWN ***
4675810a collected $0.1 from pot
*** SUMMARY ***
Total pot $0.1 | Rake $0 | Jackpot $0 | Bingo $0 | Fortune $0 | Tax $0
Seat 1: 483ea5e folded before Flop (didn't bet)
Seat 2: af365c7a (button) folded before Flop (didn't bet)
Seat 3: Hero (small blind) folded before Flop
Seat 4: 4675810a (big blind) collected ($0.1)
Seat 5: 22393c4b folded before Flop (didn't bet)
Seat 6: addc576c folded before Flop (didn't bet)


Poker Hand #HD1761136582: Hold'em No Limit ($0.05/$0.1) - 2024/05/06 16:30:00
Table 'NLHRed2' 6-max Seat #1 is the button
Seat 1: 483ea5e ($12.13 in chips)
Seat 2: af365c7a ($6.21 in chips)
Seat 3: Hero ($10 in chips)
Seat 4: 4675810a ($10.44 in chips)
Seat 5: 22393c4b ($10.58 in chips)
Seat 6: addc576c ($8.42 in chips)
af365c7a: posts small blind $0.05
Hero: posts big blind $0.1
*** HOLE CARDS ***
Dealt to 483ea5e 
Dealt to af365c7a 
Dealt to Hero [4s 9s]
Dealt to 4675810a 
Dealt to 22393c4b 
Dealt to addc576c 
4675810a: raises $0.15 to $0.25
22393c4b: folds
addc576c: folds
483ea5e: folds
af365c7a: folds
Hero: folds
Uncalled bet ($0.15) returned to 4675810a
*** SHOWDOWN ***
4675810a collected $0.25 from pot
*** SUMMARY ***
Total pot $0.25 | Rake $0 | Jackpot $0 | Bingo $0 | Fortune $0 | Tax $0
Seat 1: 483ea5e (button) folded before Flop (didn't bet)
Seat 2: af365c7a (small blind) folded before Flop
Seat 3: Hero (big blind) folded before Flop
Seat 4: 4675810a collected ($0.25)
Seat 5: 22393c4b folded before Flop (didn't bet)
Seat 6: addc576c folded before Flop (didn't bet)


Poker Hand #HD1761136416: Hold'em No Limit ($0.05/$0.1) - 2024/05/06 16:28:46
Table 'NLHRed2' 6-max Seat #6 is the button
Seat 1: 483ea5e ($16.56 in chips)
Seat 2: af365c7a ($6.31 in chips)
Seat 3: Hero ($10 in chips)
Seat 4: 4675810a ($10.44 in chips)
Seat 5: 22393c4b ($10.58 in chips)
Seat 6: addc576c ($4.43 in chips)
483ea5e: posts small blind $0.05
af365c7a: posts big blind $0.1
*** HOLE CARDS ***
Dealt to 483ea5e 
Dealt to af365c7a 
Dealt to Hero [9d 3c]
Dealt to 4675810a 
Dealt to 22393c4b 
Dealt to addc576c 
Hero: folds
4675810a: folds
22393c4b: folds
addc576c: raises $0.13 to $0.23
483ea5e: raises $0.77 to $1
af365c7a: folds
addc576c: calls $0.77
*** FLOP *** [9s Qd Jd]
483ea5e: bets $1.05
addc576c: raises $2.38 to $3.43 and is all-in
483ea5e: calls $2.38
addc576c: shows [Ah Js] (Pair of Jacks)
483ea5e: shows [Ad Kd] (Ace-High)
*** TURN *** [9s Qd Jd] [2c]
*** RIVER *** [9s Qd Jd 2c] [8s]
*** SHOWDOWN ***
addc576c collected $8.42 from pot
*** SUMMARY ***
Total pot $8.96 | Rake $0.44 | Jackpot $0.1 | Bingo $0 | Fortune $0 | Tax $0
Board [9s Qd Jd 2c 8s]
Seat 1: 483ea5e (small blind) showed [Ad Kd] and lost with Ace-High
Seat 2: af365c7a (big blind) folded before Flop
Seat 3: Hero folded before Flop (didn't bet)
Seat 4: 4675810a folded before Flop (didn't bet)
Seat 5: 22393c4b folded before Flop (didn't bet)
Seat 6: addc576c (button) showed [Ah Js] and won ($8.42) with Pair of Jacks


Poker Hand #HD1761136286: Hold'em No Limit ($0.05/$0.1) - 2024/05/06 16:27:50
Table 'NLHRed2' 6-max Seat #5 is the button
Seat 1: 483ea5e ($16.66 in chips)
Seat 2: af365c7a ($6.31 in chips)
Seat 3: Hero ($10 in chips)
Seat 4: 4675810a ($10.44 in chips)
Seat 5: 22393c4b ($10.88 in chips)
Seat 6: addc576c ($4.06 in chips)
addc576c: posts small blind $0.05
483ea5e: posts big blind $0.1
*** HOLE CARDS ***
Dealt to 483ea5e 
Dealt to af365c7a 
Dealt to Hero [7d 3h]
Dealt to 4675810a 
Dealt to 22393c4b 
Dealt to addc576c 
af365c7a: folds
Hero: folds
4675810a: folds
22393c4b: raises $0.2 to $0.3
addc576c: calls $0.25
483ea5e: folds
*** FLOP *** [5c 7s 6d]
addc576c: checks
22393c4b: checks
*** TURN *** [5c 7s 6d] [8c]
addc576c: checks
22393c4b: checks
*** RIVER *** [5c 7s 6d 8c] [Tc]
addc576c: bets $0.53
22393c4b: folds
Uncalled bet ($0.53) returned to addc576c
*** SHOWDOWN ***
addc576c collected $0.67 from pot
*** SUMMARY ***
Total pot $0.7 | Rake $0.03 | Jackpot $0 | Bingo $0 | Fortune $0 | Tax $0
Board [5c 7s 6d 8c Tc]
Seat 1: 483ea5e (big blind) folded before Flop
Seat 2: af365c7a folded before Flop (didn't bet)
Seat 3: Hero folded before Flop (didn't bet)
Seat 4: 4675810a folded before Flop (didn't bet)
Seat 5: 22393c4b (button) folded on the River
Seat 6: addc576c (small blind) won ($0.67)


Poker Hand #HD1761136130: Hold'em No Limit ($0.05/$0.1) - 2024/05/06 16:26:36
Table 'NLHRed2' 6-max Seat #4 is the button
Seat 2: af365c7a ($6.31 in chips)
Seat 3: Hero ($10 in chips)
Seat 4: 4675810a ($10.44 in chips)
Seat 5: 22393c4b ($11.14 in chips)
Seat 6: addc576c ($4.32 in chips)
22393c4b: posts small blind $0.05
addc576c: posts big blind $0.1
*** HOLE CARDS ***
Dealt to af365c7a 
Dealt to Hero [9d 2s]
Dealt to 4675810a 
Dealt to 22393c4b 
Dealt to addc576c 
af365c7a: folds
Hero: folds
4675810a: folds
22393c4b: raises $0.2 to $0.3
addc576c: raises $0.6 to $0.9
22393c4b: raises $1.3 to $2.2
addc576c: calls $1.3
*** FLOP *** [6h 3d Qs]
22393c4b: checks
addc576c: checks
*** TURN *** [6h 3d Qs] [Kh]
22393c4b: bets $1.15
addc576c: raises $0.97 to $2.12 and is all-in
22393c4b: calls $0.97
addc576c: shows [5s 4s] (King-High)
22393c4b: shows [Qc Qh] (Three Queens)
*** FIRST RIVER *** [6h 3d Qs Kh] [Kd]
*** SECOND RIVER *** [6h 3d Qs Kh] [7s]
*** FIRST SHOWDOWN ***
22393c4b collected $4.06 from pot
*** SECOND SHOWDOWN ***
addc576c collected $4.06 from pot
*** SUMMARY ***
Total pot $8.64 | Rake $0.42 | Jackpot $0.1 | Bingo $0 | Fortune $0 | Tax $0
Hand was run two times
FIRST Board [6h 3d Qs Kh Kd]
SECOND Board [7s]
Seat 2: af365c7a folded before Flop (didn't bet)
Seat 3: Hero folded before Flop (didn't bet)
Seat 4: 4675810a (button) folded before Flop (didn't bet)
Seat 5: 22393c4b (small blind) showed [Qc Qh] and won ($4.06) with Queens Full over Kings, and lost
Seat 6: addc576c (big blind) showed [5s 4s] and lost with Pair of Kings, and won ($4.06)


Poker Hand #HD1761136057: Hold'em No Limit ($0.05/$0.1) - 2024/05/06 16:26:04
Table 'NLHRed2' 6-max Seat #3 is the button
Seat 2: af365c7a ($6.31 in chips)
Seat 3: Hero ($10 in chips)
Seat 4: 4675810a ($10.74 in chips)
Seat 5: 22393c4b ($10.87 in chips)
Seat 6: addc576c ($4.32 in chips)
4675810a: posts small blind $0.05
22393c4b: posts big blind $0.1
*** HOLE CARDS ***
Dealt to af365c7a 
Dealt to Hero [8c 6h]
Dealt to 4675810a 
Dealt to 22393c4b 
Dealt to addc576c 
addc576c: folds
af365c7a: folds
Hero: folds
4675810a: raises $0.2 to $0.3
22393c4b: calls $0.2
*** FLOP *** [2c 4s 9c]
4675810a: checks
22393c4b: bets $0.2
4675810a: folds
Uncalled bet ($0.2) returned to 22393c4b
*** SHOWDOWN ***
22393c4b collected $0.57 from pot
*** SUMMARY ***
Total pot $0.6 | Rake $0.03 | Jackpot $0 | Bingo $0 | Fortune $0 | Tax $0
Board [2c 4s 9c]
Seat 2: af365c7a folded before Flop (didn't bet)
Seat 3: Hero (button) folded before Flop (didn't bet)
Seat 4: 4675810a (small blind) folded on the Flop
Seat 5: 22393c4b (big blind) won ($0.57)
Seat 6: addc576c folded before Flop (didn't bet)


Poker Hand #HD1761135885: Hold'em No Limit ($0.05/$0.1) - 2024/05/06 16:24:52
Table 'NLHRed2' 6-max Seat #2 is the button
Seat 2: af365c7a ($6.71 in chips)
Seat 3: Hero ($10.05 in chips)
Seat 4: 4675810a ($10 in chips)
Seat 5: 22393c4b ($10.87 in chips)
Seat 6: addc576c ($4.32 in chips)
Hero: posts small blind $0.05
4675810a: posts big blind $0.1
*** HOLE CARDS ***
Dealt to af365c7a 
Dealt to Hero [Kc Qs]
Dealt to 4675810a 
Dealt to 22393c4b 
Dealt to addc576c 
22393c4b: folds
addc576c: folds
af365c7a: calls $0.1
Hero: raises $0.3 to $0.4
4675810a: calls $0.3
af365c7a: calls $0.3
*** FLOP *** [7h 7d 2c]
Hero: checks
4675810a: checks
af365c7a: checks
*** TURN *** [7h 7d 2c] [4d]
Hero: checks
4675810a: bets $0.83
af365c7a: folds
Hero: folds
Uncalled bet ($0.83) returned to 4675810a
*** SHOWDOWN ***
4675810a collected $1.14 from pot
*** SUMMARY ***
Total pot $1.2 | Rake $0.06 | Jackpot $0 | Bingo $0 | Fortune $0 | Tax $0
Board [7h 7d 2c 4d]
Seat 2: af365c7a (button) folded on the Turn
Seat 3: Hero (small blind) folded on the Turn
Seat 4: 4675810a (big blind) won ($1.14)
Seat 5: 22393c4b folded before Flop (didn't bet)
Seat 6: addc576c folded before Flop (didn't bet)


Poker Hand #HD1761135817: Hold'em No Limit ($0.05/$0.1) - 2024/05/06 16:24:23
Table 'NLHRed2' 6-max Seat #6 is the button
Seat 2: af365c7a ($6.4 in chips)
Seat 3: Hero ($10.15 in chips)
Seat 4: 4675810a ($10 in chips)
Seat 5: 22393c4b ($10.87 in chips)
Seat 6: addc576c ($4.55 in chips)
af365c7a: posts small blind $0.05
Hero: posts big blind $0.1
*** HOLE CARDS ***
Dealt to af365c7a 
Dealt to Hero [4h 2h]
Dealt to 4675810a 
Dealt to 22393c4b 
Dealt to addc576c 
4675810a: folds
22393c4b: folds
addc576c: raises $0.13 to $0.23
af365c7a: calls $0.18
Hero: folds
*** FLOP *** [6s 8h Ts]
af365c7a: bets $0.28
addc576c: folds
Uncalled bet ($0.28) returned to af365c7a
*** SHOWDOWN ***
af365c7a collected $0.54 from pot
*** SUMMARY ***
Total pot $0.56 | Rake $0.02 | Jackpot $0 | Bingo $0 | Fortune $0 | Tax $0
Board [6s 8h Ts]
Seat 2: af365c7a (small blind) won ($0.54)
Seat 3: Hero (big blind) folded before Flop
Seat 4: 4675810a folded before Flop (didn't bet)
Seat 5: 22393c4b folded before Flop (didn't bet)
Seat 6: addc576c (button) folded on the Flop


Poker Hand #HD1761135693: Hold'em No Limit ($0.05/$0.1) - 2024/05/06 16:23:29
Table 'NLHRed2' 6-max Seat #5 is the button
Seat 2: af365c7a ($6.31 in chips)
Seat 3: Hero ($10.15 in chips)
Seat 4: 4675810a ($10 in chips)
Seat 5: 22393c4b ($10.87 in chips)
Seat 6: addc576c ($4.65 in chips)
addc576c: posts small blind $0.05
af365c7a: posts big blind $0.1
*** HOLE CARDS ***
Dealt to af365c7a 
Dealt to Hero [3s Kc]
Dealt to 4675810a 
Dealt to 22393c4b 
Dealt to addc576c 
Hero: folds
4675810a: folds
22393c4b: folds
addc576c: calls $0.05
af365c7a: checks
*** FLOP *** [Ad 4c 2c]
addc576c: checks
af365c7a: checks
*** TURN *** [Ad 4c 2c] [5d]
addc576c: checks
af365c7a: checks
*** RIVER *** [Ad 4c 2c 5d] [2d]
addc576c: checks
af365c7a: checks
addc576c: shows [9c Jd] (Pair of Twos)
af365c7a: shows [Ks Js] (Pair of Twos)
*** SHOWDOWN ***
af365c7a collected $0.19 from pot
*** SUMMARY ***
Total pot $0.2 | Rake $0.01 | Jackpot $0 | Bingo $0 | Fortune $0 | Tax $0
Board [Ad 4c 2c 5d 2d]
Seat 2: af365c7a (big blind) showed [Ks Js] and won ($0.19) with Pair of Twos
Seat 3: Hero folded before Flop (didn't bet)
Seat 4: 4675810a folded before Flop (didn't bet)
Seat 5: 22393c4b (button) folded before Flop (didn't bet)
Seat 6: addc576c (small blind) showed [9c Jd] and lost with Pair of Twos


Poker Hand #HD1761045630: Hold'em No Limit ($0.05/$0.1) - 2024/05/06 16:23:04
Table 'NLHRed2' 6-max Seat #4 is the button
Seat 1: 483ea5e ($16.66 in chips)
Seat 3: Hero ($10 in chips)
Seat 4: 4675810a ($10 in chips)
Seat 5: 22393c4b ($10.92 in chips)
Seat 6: addc576c ($4.75 in chips)
22393c4b: posts small blind $0.05
addc576c: posts big blind $0.1
*** HOLE CARDS ***
Dealt to 483ea5e 
Dealt to Hero [9s 9d]
Dealt to 4675810a 
Dealt to 22393c4b 
Dealt to addc576c 
483ea5e: folds
Hero: raises $0.14 to $0.24
4675810a: folds
22393c4b: folds
addc576c: folds
Uncalled bet ($0.14) returned to Hero
*** SHOWDOWN ***
Hero collected $0.25 from pot
*** SUMMARY ***
Total pot $0.25 | Rake $0 | Jackpot $0 | Bingo $0 | Fortune $0 | Tax $0
Seat 1: 483ea5e folded before Flop (didn't bet)
Seat 3: Hero collected ($0.25)
Seat 4: 4675810a (button) folded before Flop (didn't bet)
Seat 5: 22393c4b (small blind) folded before Flop
Seat 6: addc576c (big blind) folded before Flop


Poker Hand #HD1761045603: Hold'em No Limit ($0.05/$0.1) - 2024/05/06 16:22:51
Table 'NLHRed2' 6-max Seat #3 is the button
Seat 1: 483ea5e ($16.66 in chips)
Seat 3: Hero ($10 in chips)
Seat 4: 4675810a ($10 in chips)
Seat 5: 22393c4b ($11.02 in chips)
Seat 6: addc576c ($4.6 in chips)
4675810a: posts small blind $0.05
22393c4b: posts big blind $0.1
*** HOLE CARDS ***
Dealt to 483ea5e 
Dealt to Hero [6s 3c]
Dealt to 4675810a 
Dealt to 22393c4b 
Dealt to addc576c 
addc576c: raises $0.13 to $0.23
483ea5e: folds
Hero: folds
4675810a: folds
22393c4b: folds
Uncalled bet ($0.13) returned to addc576c
*** SHOWDOWN ***
addc576c collected $0.25 from pot
*** SUMMARY ***
Total pot $0.25 | Rake $0 | Jackpot $0 | Bingo $0 | Fortune $0 | Tax $0
Seat 1: 483ea5e folded before Flop (didn't bet)
Seat 3: Hero (button) folded before Flop (didn't bet)
Seat 4: 4675810a (small blind) folded before Flop
Seat 5: 22393c4b (big blind) folded before Flop
Seat 6: addc576c collected ($0.25)


Poker Hand #HD1761045547: Hold'em No Limit ($0.05/$0.1) - 2024/05/06 16:22:29
Table 'NLHRed2' 6-max Seat #1 is the button
Seat 1: 483ea5e ($16.51 in chips)
Seat 3: Hero ($10 in chips)
Seat 4: 4675810a ($10 in chips)
Seat 5: 22393c4b ($11.02 in chips)
Seat 6: addc576c ($4.6 in chips)
Hero: posts small blind $0.05
4675810a: posts big blind $0.1
*** HOLE CARDS ***
Dealt to 483ea5e 
Dealt to Hero [7d 4h]
Dealt to 4675810a 
Dealt to 22393c4b 
Dealt to addc576c 
22393c4b: folds
addc576c: folds
483ea5e: raises $0.15 to $0.25
Hero: folds
4675810a: folds
Uncalled bet ($0.15) returned to 483ea5e
*** SHOWDOWN ***
483ea5e collected $0.25 from pot
*** SUMMARY ***
Total pot $0.25 | Rake $0 | Jackpot $0 | Bingo $0 | Fortune $0 | Tax $0
Seat 1: 483ea5e (button) collected ($0.25)
Seat 3: Hero (small blind) folded before Flop
Seat 4: 4675810a (big blind) folded before Flop
Seat 5: 22393c4b folded before Flop (didn't bet)
Seat 6: addc576c folded before Flop (didn't bet)


Poker Hand #HD1761045476: Hold'em No Limit ($0.05/$0.1) - 2024/05/06 16:21:58
Table 'NLHRed2' 6-max Seat #6 is the button
Seat 1: 483ea5e ($16.41 in chips)
Seat 2: af365c7a ($6.41 in chips)
Seat 3: Hero ($10 in chips)
Seat 5: 22393c4b ($11.02 in chips)
Seat 6: addc576c ($4.6 in chips)
483ea5e: posts small blind $0.05
af365c7a: posts big blind $0.1
*** HOLE CARDS ***
Dealt to 483ea5e 
Dealt to af365c7a 
Dealt to Hero [6h 8c]
Dealt to 22393c4b 
Dealt to addc576c 
Hero: folds
22393c4b: folds
addc576c: folds
483ea5e: raises $0.2 to $0.3
af365c7a: folds
Uncalled bet ($0.2) returned to 483ea5e
*** SHOWDOWN ***
483ea5e collected $0.2 from pot
*** SUMMARY ***
Total pot $0.2 | Rake $0 | Jackpot $0 | Bingo $0 | Fortune $0 | Tax $0
Seat 1: 483ea5e (small blind) collected ($0.2)
Seat 2: af365c7a (big blind) folded before Flop
Seat 3: Hero folded before Flop (didn't bet)
Seat 5: 22393c4b folded before Flop (didn't bet)
Seat 6: addc576c (button) folded before Flop (didn't bet)


Poker Hand #HD1761045342: Hold'em No Limit ($0.05/$0.1) - 2024/05/06 16:21:02
Table 'NLHRed2' 6-max Seat #5 is the button
Seat 1: 483ea5e ($16.51 in chips)
Seat 2: af365c7a ($6.41 in chips)
Seat 3: Hero ($10 in chips)
Seat 4: 86f104af ($11.1 in chips)
Seat 5: 22393c4b ($10.1 in chips)
Seat 6: addc576c ($5.3 in chips)
addc576c: posts small blind $0.05
483ea5e: posts big blind $0.1
*** HOLE CARDS ***
Dealt to 483ea5e 
Dealt to af365c7a 
Dealt to Hero [8c 7c]
Dealt to 86f104af 
Dealt to 22393c4b 
Dealt to addc576c 
af365c7a: folds
Hero: raises $0.1 to $0.2
86f104af: folds
22393c4b: raises $0.5 to $0.7
addc576c: calls $0.65
483ea5e: folds
Hero: folds
*** FLOP *** [Ac Qs 2c]
addc576c: checks
22393c4b: bets $0.55
addc576c: folds
Uncalled bet ($0.55) returned to 22393c4b
*** SHOWDOWN ***
22393c4b collected $1.62 from pot
*** SUMMARY ***
Total pot $1.7 | Rake $0.08 | Jackpot $0 | Bingo $0 | Fortune $0 | Tax $0
Board [Ac Qs 2c]
Seat 1: 483ea5e (big blind) folded before Flop
Seat 2: af365c7a folded before Flop (didn't bet)
Seat 3: Hero folded before Flop
Seat 4: 86f104af folded before Flop (didn't bet)
Seat 5: 22393c4b (button) won ($1.62)
Seat 6: addc576c (small blind) folded on the Flop


Poker Hand #HD1761045269: Hold'em No Limit ($0.05/$0.1) - 2024/05/06 16:20:28
Table 'NLHRed2' 6-max Seat #4 is the button
Seat 1: 483ea5e ($16.51 in chips)
Seat 2: af365c7a ($6.41 in chips)
Seat 3: Hero ($10 in chips)
Seat 4: 86f104af ($10.78 in chips)
Seat 5: 22393c4b ($10.15 in chips)
Seat 6: addc576c ($5.6 in chips)
22393c4b: posts small blind $0.05
addc576c: posts big blind $0.1
*** HOLE CARDS ***
Dealt to 483ea5e 
Dealt to af365c7a 
Dealt to Hero [5c 6d]
Dealt to 86f104af 
Dealt to 22393c4b 
Dealt to addc576c 
483ea5e: folds
af365c7a: folds
Hero: folds
86f104af: raises $0.2 to $0.3
22393c4b: folds
addc576c: calls $0.2
*** FLOP *** [3d Qc As]
addc576c: checks
86f104af: bets $0.8
addc576c: folds
Uncalled bet ($0.8) returned to 86f104af
*** SHOWDOWN ***
86f104af collected $0.62 from pot
*** SUMMARY ***
Total pot $0.65 | Rake $0.03 | Jackpot $0 | Bingo $0 | Fortune $0 | Tax $0
Board [3d Qc As]
Seat 1: 483ea5e folded before Flop (didn't bet)
Seat 2: af365c7a folded before Flop (didn't bet)
Seat 3: Hero folded before Flop (didn't bet)
Seat 4: 86f104af (button) won ($0.62)
Seat 5: 22393c4b (small blind) folded before Flop
Seat 6: addc576c (big blind) folded on the Flop


Poker Hand #HD1761045237: Hold'em No Limit ($0.05/$0.1) - 2024/05/06 16:20:16
Table 'NLHRed2' 6-max Seat #3 is the button
Seat 1: 483ea5e ($16.51 in chips)
Seat 2: af365c7a ($6.41 in chips)
Seat 3: Hero ($10 in chips)
Seat 4: 86f104af ($10.68 in chips)
Seat 5: 22393c4b ($10.25 in chips)
Seat 6: addc576c ($5.6 in chips)
86f104af: posts small blind $0.05
22393c4b: posts big blind $0.1
*** HOLE CARDS ***
Dealt to 483ea5e 
Dealt to af365c7a 
Dealt to Hero [6d 4c]
Dealt to 86f104af 
Dealt to 22393c4b 
Dealt to addc576c 
addc576c: folds
483ea5e: folds
af365c7a: folds
Hero: folds
86f104af: raises $0.1 to $0.2
22393c4b: folds
Uncalled bet ($0.1) returned to 86f104af
*** SHOWDOWN ***
86f104af collected $0.2 from pot
*** SUMMARY ***
Total pot $0.2 | Rake $0 | Jackpot $0 | Bingo $0 | Fortune $0 | Tax $0
Seat 1: 483ea5e folded before Flop (didn't bet)
Seat 2: af365c7a folded before Flop (didn't bet)
Seat 3: Hero (button) folded before Flop (didn't bet)
Seat 4: 86f104af (small blind) collected ($0.2)
Seat 5: 22393c4b (big blind) folded before Flop
Seat 6: addc576c folded before Flop (didn't bet)


Poker Hand #HD1761045161: Hold'em No Limit ($0.05/$0.1) - 2024/05/06 16:19:41
Table 'NLHRed2' 6-max Seat #2 is the button
Seat 1: 483ea5e ($16.51 in chips)
Seat 2: af365c7a ($6.41 in chips)
Seat 3: Hero ($10 in chips)
Seat 4: 86f104af ($10.23 in chips)
Seat 5: 22393c4b ($10.25 in chips)
Seat 6: addc576c ($5.6 in chips)
Hero: posts small blind $0.05
86f104af: posts big blind $0.1
*** HOLE CARDS ***
Dealt to 483ea5e 
Dealt to af365c7a 
Dealt to Hero [8d Jd]
Dealt to 86f104af 
Dealt to 22393c4b 
Dealt to addc576c 
22393c4b: folds
addc576c: folds
483ea5e: folds
af365c7a: folds
Hero: raises $0.2 to $0.3
86f104af: raises $0.2 to $0.5
Hero: calls $0.2
*** FLOP *** [6c 4d Ts]
Hero: checks
86f104af: bets $1.7
Hero: folds
Uncalled bet ($1.7) returned to 86f104af
*** SHOWDOWN ***
86f104af collected $0.95 from pot
*** SUMMARY ***
Total pot $1 | Rake $0.05 | Jackpot $0 | Bingo $0 | Fortune $0 | Tax $0
Board [6c 4d Ts]
Seat 1: 483ea5e folded before Flop (didn't bet)
Seat 2: af365c7a (button) folded before Flop (didn't bet)
Seat 3: Hero (small blind) folded on the Flop
Seat 4: 86f104af (big blind) won ($0.95)
Seat 5: 22393c4b folded before Flop (didn't bet)
Seat 6: addc576c folded before Flop (didn't bet)


Poker Hand #HD1761045040: Hold'em No Limit ($0.05/$0.1) - 2024/05/06 16:18:55
Table 'NLHRed2' 6-max Seat #1 is the button
Seat 1: 483ea5e ($16.51 in chips)
Seat 2: af365c7a ($6.1 in chips)
Seat 3: Hero ($10 in chips)
Seat 4: 86f104af ($10.23 in chips)
Seat 5: 22393c4b ($10.25 in chips)
Seat 6: addc576c ($5.6 in chips)
af365c7a: posts small blind $0.05
Hero: posts big blind $0.1
*** HOLE CARDS ***
Dealt to 483ea5e 
Dealt to af365c7a 
Dealt to Hero [Qs 9c]
Dealt to 86f104af 
Dealt to 22393c4b 
Dealt to addc576c 
86f104af: folds
22393c4b: folds
addc576c: folds
483ea5e: folds
af365c7a: raises $0.1 to $0.2
Hero: calls $0.1
*** FLOP *** [Ad 3c Qh]
af365c7a: bets $0.14
Hero: calls $0.14
*** TURN *** [Ad 3c Qh] [6c]
af365c7a: checks
Hero: checks
*** RIVER *** [Ad 3c Qh 6c] [5s]
af365c7a: bets $0.23
Hero: folds
Uncalled bet ($0.23) returned to af365c7a
*** SHOWDOWN ***
af365c7a collected $0.65 from pot
*** SUMMARY ***
Total pot $0.68 | Rake $0.03 | Jackpot $0 | Bingo $0 | Fortune $0 | Tax $0
Board [Ad 3c Qh 6c 5s]
Seat 1: 483ea5e (button) folded before Flop (didn't bet)
Seat 2: af365c7a (small blind) won ($0.65)
Seat 3: Hero (big blind) folded on the River
Seat 4: 86f104af folded before Flop (didn't bet)
Seat 5: 22393c4b folded before Flop (didn't bet)
Seat 6: addc576c folded before Flop (didn't bet)


Poker Hand #HD1761044871: Hold'em No Limit ($0.05/$0.1) - 2024/05/06 16:17:40
Table 'NLHRed2' 6-max Seat #5 is the button
Seat 1: 483ea5e ($16.66 in chips)
Seat 3: Hero ($10 in chips)
Seat 4: 86f104af ($10.38 in chips)
Seat 5: 22393c4b ($10.1 in chips)
Seat 6: addc576c ($5.75 in chips)
addc576c: posts small blind $0.05
483ea5e: posts big blind $0.1
*** HOLE CARDS ***
Dealt to 483ea5e 
Dealt to Hero [3s 4h]
Dealt to 86f104af 
Dealt to 22393c4b 
Dealt to addc576c 
Hero: folds
86f104af: calls $0.1
22393c4b: folds
addc576c: raises $0.13 to $0.23
483ea5e: folds
86f104af: calls $0.13
*** FLOP *** [4s Ad 8d]
addc576c: checks
86f104af: checks
*** TURN *** [4s Ad 8d] [Ks]
addc576c: bets $0.42
86f104af: calls $0.42
*** RIVER *** [4s Ad 8d Ks] [9c]
addc576c: bets $1.05
86f104af: raises $1.45 to $2.5
addc576c: calls $1.45
86f104af: shows [2h Ah] (Pair of Aces)
addc576c: shows [7c Ac] (Pair of Aces)
*** SHOWDOWN ***
addc576c collected $3 from pot
86f104af collected $3 from pot
*** SUMMARY ***
Total pot $6.4 | Rake $0.3 | Jackpot $0.1 | Bingo $0 | Fortune $0 | Tax $0
Board [4s Ad 8d Ks 9c]
Seat 1: 483ea5e (big blind) folded before Flop
Seat 3: Hero folded before Flop (didn't bet)
Seat 4: 86f104af showed [2h Ah] and won ($3) with Pair of Aces
Seat 5: 22393c4b (button) folded before Flop (didn't bet)
Seat 6: addc576c (small blind) showed [7c Ac] and won ($3) with Pair of Aces


Poker Hand #HD1761044839: Hold'em No Limit ($0.05/$0.1) - 2024/05/06 16:17:27
Table 'NLHRed2' 6-max Seat #4 is the button
Seat 1: 483ea5e ($16.66 in chips)
Seat 3: Hero ($10 in chips)
Seat 4: 86f104af ($10.38 in chips)
Seat 5: 22393c4b ($10 in chips)
Seat 6: addc576c ($5.85 in chips)
22393c4b: posts small blind $0.05
addc576c: posts big blind $0.1
*** HOLE CARDS ***
Dealt to 483ea5e 
Dealt to Hero [6d 7s]
Dealt to 86f104af 
Dealt to 22393c4b 
Dealt to addc576c 
483ea5e: folds
Hero: folds
86f104af: folds
22393c4b: raises $0.2 to $0.3
addc576c: folds
Uncalled bet ($0.2) returned to 22393c4b
*** SHOWDOWN ***
22393c4b collected $0.2 from pot
*** SUMMARY ***
Total pot $0.2 | Rake $0 | Jackpot $0 | Bingo $0 | Fortune $0 | Tax $0
Seat 1: 483ea5e folded before Flop (didn't bet)
Seat 3: Hero folded before Flop (didn't bet)
Seat 4: 86f104af (button) folded before Flop (didn't bet)
Seat 5: 22393c4b (small blind) collected ($0.2)
Seat 6: addc576c (big blind) folded before Flop


Poker Hand #HD1761044705: Hold'em No Limit ($0.05/$0.1) - 2024/05/06 16:16:28
Table 'NLHRed2' 6-max Seat #3 is the button
Seat 1: 483ea5e ($16.66 in chips)
Seat 3: Hero ($10 in chips)
Seat 4: 86f104af ($7.69 in chips)
Seat 5: 22393c4b ($10 in chips)
Seat 6: addc576c ($8.83 in chips)
86f104af: posts small blind $0.05
22393c4b: posts big blind $0.1
*** HOLE CARDS ***
Dealt to 483ea5e 
Dealt to Hero [8d Ah]
Dealt to 86f104af 
Dealt to 22393c4b 
Dealt to addc576c 
addc576c: raises $0.13 to $0.23
483ea5e: folds
Hero: folds
86f104af: raises $0.13 to $0.36
22393c4b: folds
addc576c: calls $0.13
*** FLOP *** [4d Jc 6h]
86f104af: bets $0.8
addc576c: calls $0.8
*** TURN *** [4d Jc 6h] [Ac]
86f104af: checks
addc576c: bets $1.82
86f104af: raises $1.82 to $3.64
addc576c: folds
Uncalled bet ($1.82) returned to 86f104af
*** SHOWDOWN ***
86f104af collected $5.67 from pot
*** SUMMARY ***
Total pot $6.06 | Rake $0.29 | Jackpot $0.1 | Bingo $0 | Fortune $0 | Tax $0
Board [4d Jc 6h Ac]
Seat 1: 483ea5e folded before Flop (didn't bet)
Seat 3: Hero (button) folded before Flop (didn't bet)
Seat 4: 86f104af (small blind) won ($5.67)
Seat 5: 22393c4b (big blind) folded before Flop
Seat 6: addc576c folded on the Turn


Poker Hand #HD1761044614: Hold'em No Limit ($0.05/$0.1) - 2024/05/06 16:15:50
Table 'NLHRed2' 6-max Seat #1 is the button
Seat 1: 483ea5e ($16.66 in chips)
Seat 3: Hero ($10.05 in chips)
Seat 4: 86f104af ($7.26 in chips)
Seat 6: addc576c ($9.06 in chips)
Hero: posts small blind $0.05
86f104af: posts big blind $0.1
*** HOLE CARDS ***
Dealt to 483ea5e 
Dealt to Hero [Ah 9h]
Dealt to 86f104af 
Dealt to addc576c 
addc576c: raises $0.13 to $0.23
483ea5e: folds
Hero: calls $0.18
86f104af: raises $1.67 to $1.9
addc576c: folds
Hero: folds
Uncalled bet ($1.67) returned to 86f104af
*** SHOWDOWN ***
86f104af collected $0.66 from pot
*** SUMMARY ***
Total pot $0.69 | Rake $0.03 | Jackpot $0 | Bingo $0 | Fortune $0 | Tax $0
Seat 1: 483ea5e (button) folded before Flop (didn't bet)
Seat 3: Hero (small blind) folded before Flop
Seat 4: 86f104af (big blind) collected ($0.66)
Seat 6: addc576c folded before Flop


Poker Hand #HD1761044593: Hold'em No Limit ($0.05/$0.1) - 2024/05/06 16:15:41
Table 'NLHRed2' 6-max Seat #6 is the button
Seat 1: 483ea5e ($16.71 in chips)
Seat 3: Hero ($10 in chips)
Seat 4: 86f104af ($7.26 in chips)
Seat 6: addc576c ($9.06 in chips)
483ea5e: posts small blind $0.05
Hero: posts big blind $0.1
*** HOLE CARDS ***
Dealt to 483ea5e 
Dealt to Hero [Kh 9d]
Dealt to 86f104af 
Dealt to addc576c 
86f104af: folds
addc576c: folds
483ea5e: folds
Uncalled bet ($0.05) returned to Hero
*** SHOWDOWN ***
Hero collected $0.1 from pot
*** SUMMARY ***
Total pot $0.1 | Rake $0 | Jackpot $0 | Bingo $0 | Fortune $0 | Tax $0
Seat 1: 483ea5e (small blind) folded before Flop
Seat 3: Hero (big blind) collected ($0.1)
Seat 4: 86f104af folded before Flop (didn't bet)
Seat 6: addc576c (button) folded before Flop (didn't bet)


Poker Hand #HD1761044454: Hold'em No Limit ($0.05/$0.1) - 2024/05/06 16:14:40
Table 'NLHRed2' 6-max Seat #4 is the button
Seat 1: 483ea5e ($16.13 in chips)
Seat 3: Hero ($10 in chips)
Seat 4: 86f104af ($7.26 in chips)
Seat 6: addc576c ($9.7 in chips)
addc576c: posts small blind $0.05
483ea5e: posts big blind $0.1
*** HOLE CARDS ***
Dealt to 483ea5e 
Dealt to Hero [Js 5d]
Dealt to 86f104af 
Dealt to addc576c 
Hero: folds
86f104af: folds
addc576c: raises $0.13 to $0.23
483ea5e: calls $0.13
*** FLOP *** [Ts Qh Qs]
addc576c: bets $0.16
483ea5e: calls $0.16
*** TURN *** [Ts Qh Qs] [Kd]
addc576c: checks
483ea5e: bets $0.25
addc576c: calls $0.25
*** RIVER *** [Ts Qh Qs Kd] [4h]
addc576c: checks
483ea5e: checks
addc576c: shows [9h 7h] (Pair of Queens)
483ea5e: shows [Ac 7s] (Pair of Queens)
*** SHOWDOWN ***
483ea5e collected $1.22 from pot
*** SUMMARY ***
Total pot $1.28 | Rake $0.06 | Jackpot $0 | Bingo $0 | Fortune $0 | Tax $0
Board [Ts Qh Qs Kd 4h]
Seat 1: 483ea5e (big blind) showed [Ac 7s] and won ($1.22) with Pair of Queens
Seat 3: Hero folded before Flop (didn't bet)
Seat 4: 86f104af (button) folded before Flop (didn't bet)
Seat 6: addc576c (small blind) showed [9h 7h] and lost with Pair of Queens


Poker Hand #HD1761044362: Hold'em No Limit ($0.05/$0.1) - 2024/05/06 16:14:05
Table 'NLHRed2' 6-max Seat #3 is the button
Seat 1: 483ea5e ($16.13 in chips)
Seat 2: 1bf37a80 ($22.32 in chips)
Seat 3: Hero ($10 in chips)
Seat 4: 86f104af ($6.7 in chips)
Seat 6: addc576c ($10 in chips)
86f104af: posts small blind $0.05
addc576c: posts big blind $0.1
*** HOLE CARDS ***
Dealt to 483ea5e 
Dealt to 1bf37a80 
Dealt to Hero [9s 4s]
Dealt to 86f104af 
Dealt to addc576c 
483ea5e: folds
1bf37a80: raises $0.2 to $0.3
Hero: folds
86f104af: calls $0.25
addc576c: calls $0.2
*** FLOP *** [Td 8h 3s]
86f104af: bets $0.8
addc576c: folds
1bf37a80: folds
Uncalled bet ($0.8) returned to 86f104af
*** SHOWDOWN ***
86f104af collected $0.86 from pot
*** SUMMARY ***
Total pot $0.9 | Rake $0.04 | Jackpot $0 | Bingo $0 | Fortune $0 | Tax $0
Board [Td 8h 3s]
Seat 1: 483ea5e folded before Flop (didn't bet)
Seat 2: 1bf37a80 folded on the Flop
Seat 3: Hero (button) folded before Flop (didn't bet)
Seat 4: 86f104af (small blind) won ($0.86)
Seat 6: addc576c (big blind) folded on the Flop


Poker Hand #HD1761044261: Hold'em No Limit ($0.05/$0.1) - 2024/05/06 16:13:17
Table 'NLHRed2' 6-max Seat #2 is the button
Seat 1: 483ea5e ($14.99 in chips)
Seat 2: 1bf37a80 ($22.32 in chips)
Seat 3: Hero ($10 in chips)
Seat 4: 86f104af ($6.8 in chips)
Seat 5: e4920cf1 ($1.1 in chips)
Hero: posts small blind $0.05
86f104af: posts big blind $0.1
*** HOLE CARDS ***
Dealt to 483ea5e 
Dealt to 1bf37a80 
Dealt to Hero [Kh Th]
Dealt to 86f104af 
Dealt to e4920cf1 
e4920cf1: raises $1 to $1.1 and is all-in
483ea5e: raises $1 to $2.1
1bf37a80: folds
Hero: folds
86f104af: folds
Uncalled bet ($1) returned to 483ea5e
483ea5e: shows [Jd Jc]
e4920cf1: shows [Ac 8d]
*** FLOP *** [5h Qs 3h]
*** TURN *** [5h Qs 3h] [4c]
*** RIVER *** [5h Qs 3h 4c] [4s]
1bf37a80: shows [2d] (Pair of Fours)
*** SHOWDOWN ***
483ea5e collected $2.24 from pot
*** SUMMARY ***
Total pot $2.35 | Rake $0.11 | Jackpot $0 | Bingo $0 | Fortune $0 | Tax $0
Board [5h Qs 3h 4c 4s]
Seat 1: 483ea5e showed [Jd Jc] and won ($2.24) with Pair of Jacks and Pair of Fours
Seat 2: 1bf37a80 (button) folded before Flop (didn't bet)
Seat 3: Hero (small blind) folded before Flop
Seat 4: 86f104af (big blind) folded before Flop
Seat 5: e4920cf1 showed [Ac 8d] and lost with Pair of Fours


Poker Hand #HD1761044186: Hold'em No Limit ($0.05/$0.1) - 2024/05/06 16:12:46
Table 'NLHRed2' 6-max Seat #1 is the button
Seat 1: 483ea5e ($14.71 in chips)
Seat 2: 1bf37a80 ($22.37 in chips)
Seat 3: Hero ($10 in chips)
Seat 5: e4920cf1 ($1.1 in chips)
Seat 6: f6d9acb6 ($18.61 in chips)
1bf37a80: posts small blind $0.05
Hero: posts big blind $0.1
*** HOLE CARDS ***
Dealt to 483ea5e 
Dealt to 1bf37a80 
Dealt to Hero [8s 7d]
Dealt to e4920cf1 
Dealt to f6d9acb6 
e4920cf1: folds
f6d9acb6: folds
483ea5e: raises $0.15 to $0.25
1bf37a80: folds
Hero: calls $0.15
*** FLOP *** [Ad 4c Ts]
Hero: checks
483ea5e: bets $0.15
Hero: folds
Uncalled bet ($0.15) returned to 483ea5e
*** SHOWDOWN ***
483ea5e collected $0.53 from pot
*** SUMMARY ***
Total pot $0.55 | Rake $0.02 | Jackpot $0 | Bingo $0 | Fortune $0 | Tax $0
Board [Ad 4c Ts]
Seat 1: 483ea5e (button) won ($0.53)
Seat 2: 1bf37a80 (small blind) folded before Flop
Seat 3: Hero (big blind) folded on the Flop
Seat 5: e4920cf1 folded before Flop (didn't bet)
Seat 6: f6d9acb6 folded before Flop (didn't bet)


