Poker Hand #HD1726032218: Hold'em No Limit ($0.02/$0.05) - 2024/04/11 19:30:45
Table 'NLHBlue24' 6-max Seat #3 is the button
Seat 1: cb6f7485 ($5.33 in chips)
Seat 3: a889cdb5 ($5 in chips)
Seat 4: 37c88a0c ($5 in chips)
Seat 6: Hero ($13.19 in chips)
37c88a0c: posts small blind $0.02
Hero: posts big blind $0.05
*** HOLE CARDS ***
Dealt to cb6f7485 
Dealt to a889cdb5 
Dealt to 37c88a0c 
Dealt to Hero [Ts 5h]
cb6f7485: raises $0.1 to $0.15
a889cdb5: folds
37c88a0c: folds
Hero: folds
Uncalled bet ($0.1) returned to cb6f7485
*** SHOWDOWN ***
cb6f7485 collected $0.12 from pot
*** SUMMARY ***
Total pot $0.12 | Rake $0 | Jackpot $0 | Bingo $0 | Fortune $0 | Tax $0
Seat 1: cb6f7485 collected ($0.12)
Seat 3: a889cdb5 (button) folded before Flop (didn't bet)
Seat 4: 37c88a0c (small blind) folded before Flop
Seat 6: Hero (big blind) folded before Flop


Poker Hand #HD1726032199: Hold'em No Limit ($0.02/$0.05) - 2024/04/11 19:30:34
Table 'NLHBlue24' 6-max Seat #1 is the button
Seat 1: cb6f7485 ($5.26 in chips)
Seat 3: a889cdb5 ($5.02 in chips)
Seat 4: 37c88a0c ($5 in chips)
Seat 6: Hero ($13.19 in chips)
a889cdb5: posts small blind $0.02
37c88a0c: posts big blind $0.05
*** HOLE CARDS ***
Dealt to cb6f7485 
Dealt to a889cdb5 
Dealt to 37c88a0c 
Dealt to Hero [Qc 6d]
Hero: folds
cb6f7485: raises $0.08 to $0.13
a889cdb5: folds
37c88a0c: folds
Uncalled bet ($0.08) returned to cb6f7485
*** SHOWDOWN ***
cb6f7485 collected $0.12 from pot
*** SUMMARY ***
Total pot $0.12 | Rake $0 | Jackpot $0 | Bingo $0 | Fortune $0 | Tax $0
Seat 1: cb6f7485 (button) collected ($0.12)
Seat 3: a889cdb5 (small blind) folded before Flop
Seat 4: 37c88a0c (big blind) folded before Flop
Seat 6: Hero folded before Flop (didn't bet)


Poker Hand #HD1726032169: Hold'em No Limit ($0.02/$0.05) - 2024/04/11 19:30:20
Table 'NLHBlue24' 6-max Seat #6 is the button
Seat 1: cb6f7485 ($5.28 in chips)
Seat 3: a889cdb5 ($5 in chips)
Seat 4: 37c88a0c ($5 in chips)
Seat 6: Hero ($13.19 in chips)
cb6f7485: posts small blind $0.02
a889cdb5: posts big blind $0.05
*** HOLE CARDS ***
Dealt to cb6f7485 
Dealt to a889cdb5 
Dealt to 37c88a0c 
Dealt to Hero [5h Qd]
37c88a0c: folds
Hero: folds
cb6f7485: folds
Uncalled bet ($0.03) returned to a889cdb5
*** SHOWDOWN ***
a889cdb5 collected $0.04 from pot
*** SUMMARY ***
Total pot $0.04 | Rake $0 | Jackpot $0 | Bingo $0 | Fortune $0 | Tax $0
Seat 1: cb6f7485 (small blind) folded before Flop
Seat 3: a889cdb5 (big blind) collected ($0.04)
Seat 4: 37c88a0c folded before Flop (didn't bet)
Seat 6: Hero (button) folded before Flop (didn't bet)


Poker Hand #HD1726032156: Hold'em No Limit ($0.02/$0.05) - 2024/04/11 19:30:13
Table 'NLHBlue24' 6-max Seat #4 is the button
Seat 1: cb6f7485 ($5.26 in chips)
Seat 2: b6f4f408 ($13.74 in chips)
Seat 3: a889cdb5 ($5 in chips)
Seat 4: 37c88a0c ($5 in chips)
Seat 6: Hero ($13.21 in chips)
Hero: posts small blind $0.02
cb6f7485: posts big blind $0.05
*** HOLE CARDS ***
Dealt to cb6f7485 
Dealt to b6f4f408 
Dealt to a889cdb5 
Dealt to 37c88a0c 
Dealt to Hero [3h Th]
b6f4f408: folds
a889cdb5: folds
37c88a0c: folds
Hero: folds
Uncalled bet ($0.03) returned to cb6f7485
*** SHOWDOWN ***
cb6f7485 collected $0.04 from pot
*** SUMMARY ***
Total pot $0.04 | Rake $0 | Jackpot $0 | Bingo $0 | Fortune $0 | Tax $0
Seat 1: cb6f7485 (big blind) collected ($0.04)
Seat 2: b6f4f408 folded before Flop (didn't bet)
Seat 3: a889cdb5 folded before Flop (didn't bet)
Seat 4: 37c88a0c (button) folded before Flop (didn't bet)
Seat 6: Hero (small blind) folded before Flop


Poker Hand #HD1726032133: Hold'em No Limit ($0.02/$0.05) - 2024/04/11 19:30:01
Table 'NLHBlue24' 6-max Seat #3 is the button
Seat 1: cb6f7485 ($5.26 in chips)
Seat 2: b6f4f408 ($13.74 in chips)
Seat 3: a889cdb5 ($5 in chips)
Seat 4: 37c88a0c ($5 in chips)
Seat 6: Hero ($13.19 in chips)
37c88a0c: posts small blind $0.02
Hero: posts big blind $0.05
*** HOLE CARDS ***
Dealt to cb6f7485 
Dealt to b6f4f408 
Dealt to a889cdb5 
Dealt to 37c88a0c 
Dealt to Hero [9c Kh]
cb6f7485: folds
b6f4f408: folds
a889cdb5: folds
37c88a0c: folds
Uncalled bet ($0.03) returned to Hero
*** SHOWDOWN ***
Hero collected $0.04 from pot
*** SUMMARY ***
Total pot $0.04 | Rake $0 | Jackpot $0 | Bingo $0 | Fortune $0 | Tax $0
Seat 1: cb6f7485 folded before Flop (didn't bet)
Seat 2: b6f4f408 folded before Flop (didn't bet)
Seat 3: a889cdb5 (button) folded before Flop (didn't bet)
Seat 4: 37c88a0c (small blind) folded before Flop
Seat 6: Hero (big blind) collected ($0.04)


Poker Hand #HD1726032075: Hold'em No Limit ($0.02/$0.05) - 2024/04/11 19:29:33
Table 'NLHBlue24' 6-max Seat #2 is the button
Seat 1: cb6f7485 ($5.26 in chips)
Seat 2: b6f4f408 ($13.67 in chips)
Seat 3: a889cdb5 ($5.02 in chips)
Seat 4: 37c88a0c ($5 in chips)
Seat 6: Hero ($13.19 in chips)
a889cdb5: posts small blind $0.02
37c88a0c: posts big blind $0.05
*** HOLE CARDS ***
Dealt to cb6f7485 
Dealt to b6f4f408 
Dealt to a889cdb5 
Dealt to 37c88a0c 
Dealt to Hero [2c 2s]
Hero: folds
cb6f7485: folds
b6f4f408: raises $0.05 to $0.1
a889cdb5: folds
37c88a0c: folds
Uncalled bet ($0.05) returned to b6f4f408
*** SHOWDOWN ***
b6f4f408 collected $0.12 from pot
*** SUMMARY ***
Total pot $0.12 | Rake $0 | Jackpot $0 | Bingo $0 | Fortune $0 | Tax $0
Seat 1: cb6f7485 folded before Flop (didn't bet)
Seat 2: b6f4f408 (button) collected ($0.12)
Seat 3: a889cdb5 (small blind) folded before Flop
Seat 4: 37c88a0c (big blind) folded before Flop
Seat 6: Hero folded before Flop (didn't bet)


Poker Hand #HD1726032055: Hold'em No Limit ($0.02/$0.05) - 2024/04/11 19:29:25
Table 'NLHBlue24' 6-max Seat #1 is the button
Seat 1: cb6f7485 ($5.26 in chips)
Seat 2: b6f4f408 ($13.69 in chips)
Seat 3: a889cdb5 ($5 in chips)
Seat 6: Hero ($13.19 in chips)
b6f4f408: posts small blind $0.02
a889cdb5: posts big blind $0.05
*** HOLE CARDS ***
Dealt to cb6f7485 
Dealt to b6f4f408 
Dealt to a889cdb5 
Dealt to Hero [5h Th]
Hero: folds
cb6f7485: folds
b6f4f408: folds
Uncalled bet ($0.03) returned to a889cdb5
*** SHOWDOWN ***
a889cdb5 collected $0.04 from pot
*** SUMMARY ***
Total pot $0.04 | Rake $0 | Jackpot $0 | Bingo $0 | Fortune $0 | Tax $0
Seat 1: cb6f7485 (button) folded before Flop (didn't bet)
Seat 2: b6f4f408 (small blind) folded before Flop
Seat 3: a889cdb5 (big blind) collected ($0.04)
Seat 6: Hero folded before Flop (didn't bet)


Poker Hand #HD1726031965: Hold'em No Limit ($0.02/$0.05) - 2024/04/11 19:28:43
Table 'NLHBlue24' 6-max Seat #6 is the button
Seat 1: cb6f7485 ($5.28 in chips)
Seat 2: b6f4f408 ($13.55 in chips)
Seat 3: a889cdb5 ($5 in chips)
Seat 6: Hero ($13.32 in chips)
cb6f7485: posts small blind $0.02
b6f4f408: posts big blind $0.05
*** HOLE CARDS ***
Dealt to cb6f7485 
Dealt to b6f4f408 
Dealt to a889cdb5 
Dealt to Hero [3c 3s]
a889cdb5: folds
Hero: raises $0.08 to $0.13
cb6f7485: folds
b6f4f408: raises $0.38 to $0.51
Hero: folds
Uncalled bet ($0.38) returned to b6f4f408
*** SHOWDOWN ***
b6f4f408 collected $0.27 from pot
*** SUMMARY ***
Total pot $0.28 | Rake $0.01 | Jackpot $0 | Bingo $0 | Fortune $0 | Tax $0
Seat 1: cb6f7485 (small blind) folded before Flop
Seat 2: b6f4f408 (big blind) collected ($0.27)
Seat 3: a889cdb5 folded before Flop (didn't bet)
Seat 6: Hero (button) folded before Flop


Poker Hand #HD1726031938: Hold'em No Limit ($0.02/$0.05) - 2024/04/11 19:28:31
Table 'NLHBlue24' 6-max Seat #3 is the button
Seat 1: cb6f7485 ($5.26 in chips)
Seat 2: b6f4f408 ($13.55 in chips)
Seat 3: a889cdb5 ($5 in chips)
Seat 6: Hero ($13.34 in chips)
Hero: posts small blind $0.02
cb6f7485: posts big blind $0.05
*** HOLE CARDS ***
Dealt to cb6f7485 
Dealt to b6f4f408 
Dealt to a889cdb5 
Dealt to Hero [Js 2d]
b6f4f408: folds
a889cdb5: folds
Hero: folds
Uncalled bet ($0.03) returned to cb6f7485
*** SHOWDOWN ***
cb6f7485 collected $0.04 from pot
*** SUMMARY ***
Total pot $0.04 | Rake $0 | Jackpot $0 | Bingo $0 | Fortune $0 | Tax $0
Seat 1: cb6f7485 (big blind) collected ($0.04)
Seat 2: b6f4f408 folded before Flop (didn't bet)
Seat 3: a889cdb5 (button) folded before Flop (didn't bet)
Seat 6: Hero (small blind) folded before Flop


Poker Hand #HD1726031897: Hold'em No Limit ($0.02/$0.05) - 2024/04/11 19:28:09
Table 'NLHBlue24' 6-max Seat #2 is the button
Seat 1: cb6f7485 ($5.26 in chips)
Seat 2: b6f4f408 ($13.55 in chips)
Seat 3: a889cdb5 ($5 in chips)
Seat 6: Hero ($13.32 in chips)
a889cdb5: posts small blind $0.02
Hero: posts big blind $0.05
*** HOLE CARDS ***
Dealt to cb6f7485 
Dealt to b6f4f408 
Dealt to a889cdb5 
Dealt to Hero [9s 4h]
cb6f7485: folds
b6f4f408: folds
a889cdb5: folds
Uncalled bet ($0.03) returned to Hero
*** SHOWDOWN ***
Hero collected $0.04 from pot
*** SUMMARY ***
Total pot $0.04 | Rake $0 | Jackpot $0 | Bingo $0 | Fortune $0 | Tax $0
Seat 1: cb6f7485 folded before Flop (didn't bet)
Seat 2: b6f4f408 (button) folded before Flop (didn't bet)
Seat 3: a889cdb5 (small blind) folded before Flop
Seat 6: Hero (big blind) collected ($0.04)


Poker Hand #HD1726031814: Hold'em No Limit ($0.02/$0.05) - 2024/04/11 19:27:31
Table 'NLHBlue24' 6-max Seat #1 is the button
Seat 1: cb6f7485 ($5.26 in chips)
Seat 2: b6f4f408 ($13.46 in chips)
Seat 3: a889cdb5 ($5 in chips)
Seat 4: c81d51e1 ($19.42 in chips)
Seat 6: Hero ($13.32 in chips)
b6f4f408: posts small blind $0.02
a889cdb5: posts big blind $0.05
*** HOLE CARDS ***
Dealt to cb6f7485 
Dealt to b6f4f408 
Dealt to a889cdb5 
Dealt to c81d51e1 
Dealt to Hero [9s 4d]
c81d51e1: folds
Hero: folds
cb6f7485: folds
b6f4f408: raises $0.05 to $0.1
a889cdb5: calls $0.05
*** FLOP *** [9h 8s 7c]
b6f4f408: checks
a889cdb5: checks
*** TURN *** [9h 8s 7c] [Qc]
b6f4f408: bets $0.1
a889cdb5: folds
Uncalled bet ($0.1) returned to b6f4f408
*** SHOWDOWN ***
b6f4f408 collected $0.19 from pot
*** SUMMARY ***
Total pot $0.2 | Rake $0.01 | Jackpot $0 | Bingo $0 | Fortune $0 | Tax $0
Board [9h 8s 7c Qc]
Seat 1: cb6f7485 (button) folded before Flop (didn't bet)
Seat 2: b6f4f408 (small blind) won ($0.19)
Seat 3: a889cdb5 (big blind) folded on the Turn
Seat 4: c81d51e1 folded before Flop (didn't bet)
Seat 6: Hero folded before Flop (didn't bet)


Poker Hand #HD1726031788: Hold'em No Limit ($0.02/$0.05) - 2024/04/11 19:27:19
Table 'NLHBlue24' 6-max Seat #6 is the button
Seat 1: cb6f7485 ($5.28 in chips)
Seat 2: b6f4f408 ($13.51 in chips)
Seat 4: c81d51e1 ($19.35 in chips)
Seat 6: Hero ($13.32 in chips)
cb6f7485: posts small blind $0.02
b6f4f408: posts big blind $0.05
*** HOLE CARDS ***
Dealt to cb6f7485 
Dealt to b6f4f408 
Dealt to c81d51e1 
Dealt to Hero [3s 9h]
c81d51e1: raises $0.08 to $0.13
Hero: folds
cb6f7485: folds
b6f4f408: folds
Uncalled bet ($0.08) returned to c81d51e1
*** SHOWDOWN ***
c81d51e1 collected $0.12 from pot
*** SUMMARY ***
Total pot $0.12 | Rake $0 | Jackpot $0 | Bingo $0 | Fortune $0 | Tax $0
Seat 1: cb6f7485 (small blind) folded before Flop
Seat 2: b6f4f408 (big blind) folded before Flop
Seat 4: c81d51e1 collected ($0.12)
Seat 6: Hero (button) folded before Flop (didn't bet)


Poker Hand #HD1726031757: Hold'em No Limit ($0.02/$0.05) - 2024/04/11 19:27:04
Table 'NLHBlue24' 6-max Seat #4 is the button
Seat 1: cb6f7485 ($5.33 in chips)
Seat 2: b6f4f408 ($13.44 in chips)
Seat 4: c81d51e1 ($19.35 in chips)
Seat 6: Hero ($13.34 in chips)
Hero: posts small blind $0.02
cb6f7485: posts big blind $0.05
*** HOLE CARDS ***
Dealt to cb6f7485 
Dealt to b6f4f408 
Dealt to c81d51e1 
Dealt to Hero [4s 9d]
b6f4f408: raises $0.05 to $0.1
c81d51e1: folds
Hero: folds
cb6f7485: folds
Uncalled bet ($0.05) returned to b6f4f408
*** SHOWDOWN ***
b6f4f408 collected $0.12 from pot
*** SUMMARY ***
Total pot $0.12 | Rake $0 | Jackpot $0 | Bingo $0 | Fortune $0 | Tax $0
Seat 1: cb6f7485 (big blind) folded before Flop
Seat 2: b6f4f408 collected ($0.12)
Seat 4: c81d51e1 (button) folded before Flop (didn't bet)
Seat 6: Hero (small blind) folded before Flop


Poker Hand #HD1726031642: Hold'em No Limit ($0.02/$0.05) - 2024/04/11 19:26:11
Table 'NLHBlue24' 6-max Seat #2 is the button
Seat 1: cb6f7485 ($5 in chips)
Seat 2: b6f4f408 ($13.73 in chips)
Seat 4: c81d51e1 ($19.37 in chips)
Seat 6: Hero ($13.39 in chips)
c81d51e1: posts small blind $0.02
Hero: posts big blind $0.05
*** HOLE CARDS ***
Dealt to cb6f7485 
Dealt to b6f4f408 
Dealt to c81d51e1 
Dealt to Hero [Td 6h]
cb6f7485: raises $0.1 to $0.15
b6f4f408: calls $0.15
c81d51e1: folds
Hero: folds
*** FLOP *** [5h Qc Js]
cb6f7485: bets $0.14
b6f4f408: calls $0.14
*** TURN *** [5h Qc Js] [9s]
cb6f7485: bets $0.22
b6f4f408: folds
Uncalled bet ($0.22) returned to cb6f7485
*** SHOWDOWN ***
cb6f7485 collected $0.62 from pot
*** SUMMARY ***
Total pot $0.65 | Rake $0.03 | Jackpot $0 | Bingo $0 | Fortune $0 | Tax $0
Board [5h Qc Js 9s]
Seat 1: cb6f7485 won ($0.62)
Seat 2: b6f4f408 (button) folded on the Turn
Seat 4: c81d51e1 (small blind) folded before Flop
Seat 6: Hero (big blind) folded before Flop


Poker Hand #HD1726031557: Hold'em No Limit ($0.02/$0.05) - 2024/04/11 19:25:36
Table 'NLHBlue24' 6-max Seat #1 is the button
Seat 1: cb6f7485 ($5 in chips)
Seat 2: b6f4f408 ($13.45 in chips)
Seat 4: c81d51e1 ($19.42 in chips)
Seat 6: Hero ($13.39 in chips)
b6f4f408: posts small blind $0.02
c81d51e1: posts big blind $0.05
*** HOLE CARDS ***
Dealt to cb6f7485 
Dealt to b6f4f408 
Dealt to c81d51e1 
Dealt to Hero [7h 2d]
Hero: folds
cb6f7485: raises $0.08 to $0.13
b6f4f408: calls $0.11
c81d51e1: folds
*** FLOP *** [Kc 9h 6h]
b6f4f408: checks
cb6f7485: bets $0.12
b6f4f408: calls $0.12
*** TURN *** [Kc 9h 6h] [Js]
b6f4f408: checks
cb6f7485: checks
*** RIVER *** [Kc 9h 6h Js] [6s]
b6f4f408: checks
cb6f7485: checks
b6f4f408: shows [5h 5s] (Pair of Sixes and Pair of Fives)
cb6f7485: shows [Ad 3d] (Pair of Sixes)
*** SHOWDOWN ***
b6f4f408 collected $0.53 from pot
*** SUMMARY ***
Total pot $0.55 | Rake $0.02 | Jackpot $0 | Bingo $0 | Fortune $0 | Tax $0
Board [Kc 9h 6h Js 6s]
Seat 1: cb6f7485 (button) showed [Ad 3d] and lost with Pair of Sixes
Seat 2: b6f4f408 (small blind) showed [5h 5s] and won ($0.53) with Pair of Sixes and Pair of Fives
Seat 4: c81d51e1 (big blind) folded before Flop
Seat 6: Hero folded before Flop (didn't bet)


Poker Hand #HD1726031537: Hold'em No Limit ($0.02/$0.05) - 2024/04/11 19:25:28
Table 'NLHBlue24' 6-max Seat #6 is the button
Seat 1: cb6f7485 ($5 in chips)
Seat 2: b6f4f408 ($13.43 in chips)
Seat 3: a121d15b ($5.07 in chips)
Seat 4: c81d51e1 ($19.42 in chips)
Seat 6: Hero ($13.39 in chips)
cb6f7485: posts small blind $0.02
b6f4f408: posts big blind $0.05
*** HOLE CARDS ***
Dealt to cb6f7485 
Dealt to b6f4f408 
Dealt to a121d15b 
Dealt to c81d51e1 
Dealt to Hero [Js 4s]
a121d15b: folds
c81d51e1: folds
Hero: folds
cb6f7485: folds
Uncalled bet ($0.03) returned to b6f4f408
*** SHOWDOWN ***
b6f4f408 collected $0.04 from pot
*** SUMMARY ***
Total pot $0.04 | Rake $0 | Jackpot $0 | Bingo $0 | Fortune $0 | Tax $0
Seat 1: cb6f7485 (small blind) folded before Flop
Seat 2: b6f4f408 (big blind) collected ($0.04)
Seat 3: a121d15b folded before Flop (didn't bet)
Seat 4: c81d51e1 folded before Flop (didn't bet)
Seat 6: Hero (button) folded before Flop (didn't bet)


Poker Hand #HD1726031479: Hold'em No Limit ($0.02/$0.05) - 2024/04/11 19:25:00
Table 'NLHBlue24' 6-max Seat #4 is the button
Seat 1: cb6f7485 ($5 in chips)
Seat 2: b6f4f408 ($13.43 in chips)
Seat 3: a121d15b ($5.07 in chips)
Seat 4: c81d51e1 ($19.55 in chips)
Seat 6: Hero ($13.22 in chips)
Hero: posts small blind $0.02
cb6f7485: posts big blind $0.05
*** HOLE CARDS ***
Dealt to cb6f7485 
Dealt to b6f4f408 
Dealt to a121d15b 
Dealt to c81d51e1 
Dealt to Hero [As 6s]
b6f4f408: folds
a121d15b: folds
c81d51e1: raises $0.08 to $0.13
Hero: raises $0.37 to $0.5
cb6f7485: folds
c81d51e1: folds
Uncalled bet ($0.37) returned to Hero
*** SHOWDOWN ***
Hero collected $0.3 from pot
*** SUMMARY ***
Total pot $0.31 | Rake $0.01 | Jackpot $0 | Bingo $0 | Fortune $0 | Tax $0
Seat 1: cb6f7485 (big blind) folded before Flop
Seat 2: b6f4f408 folded before Flop (didn't bet)
Seat 3: a121d15b folded before Flop (didn't bet)
Seat 4: c81d51e1 (button) folded before Flop
Seat 6: Hero (small blind) collected ($0.3)


Poker Hand #HD1726031455: Hold'em No Limit ($0.02/$0.05) - 2024/04/11 19:24:44
Table 'NLHBlue24' 6-max Seat #3 is the button
Seat 2: b6f4f408 ($13.53 in chips)
Seat 3: a121d15b ($5.07 in chips)
Seat 4: c81d51e1 ($19.41 in chips)
Seat 6: Hero ($13.27 in chips)
c81d51e1: posts small blind $0.02
Hero: posts big blind $0.05
*** HOLE CARDS ***
Dealt to b6f4f408 
Dealt to a121d15b 
Dealt to c81d51e1 
Dealt to Hero [Ah 7c]
b6f4f408: raises $0.05 to $0.1
a121d15b: folds
c81d51e1: raises $0.36 to $0.46
Hero: folds
b6f4f408: folds
Uncalled bet ($0.36) returned to c81d51e1
*** SHOWDOWN ***
c81d51e1 collected $0.24 from pot
*** SUMMARY ***
Total pot $0.25 | Rake $0.01 | Jackpot $0 | Bingo $0 | Fortune $0 | Tax $0
Seat 2: b6f4f408 folded before Flop
Seat 3: a121d15b (button) folded before Flop (didn't bet)
Seat 4: c81d51e1 (small blind) collected ($0.24)
Seat 6: Hero (big blind) folded before Flop


Poker Hand #HD1726031423: Hold'em No Limit ($0.02/$0.05) - 2024/04/11 19:24:30
Table 'NLHBlue24' 6-max Seat #2 is the button
Seat 2: b6f4f408 ($13.53 in chips)
Seat 3: a121d15b ($5.09 in chips)
Seat 4: c81d51e1 ($19.39 in chips)
Seat 5: 3e1837f3 ($33.08 in chips)
Seat 6: Hero ($13.27 in chips)
a121d15b: posts small blind $0.02
c81d51e1: posts big blind $0.05
*** HOLE CARDS ***
Dealt to b6f4f408 
Dealt to a121d15b 
Dealt to c81d51e1 
Dealt to 3e1837f3 
Dealt to Hero [5s 7s]
3e1837f3: folds
Hero: folds
b6f4f408: folds
a121d15b: folds
Uncalled bet ($0.03) returned to c81d51e1
*** SHOWDOWN ***
c81d51e1 collected $0.04 from pot
*** SUMMARY ***
Total pot $0.04 | Rake $0 | Jackpot $0 | Bingo $0 | Fortune $0 | Tax $0
Seat 2: b6f4f408 (button) folded before Flop (didn't bet)
Seat 3: a121d15b (small blind) folded before Flop
Seat 4: c81d51e1 (big blind) collected ($0.04)
Seat 5: 3e1837f3 folded before Flop (didn't bet)
Seat 6: Hero folded before Flop (didn't bet)


Poker Hand #HD1726031192: Hold'em No Limit ($0.02/$0.05) - 2024/04/11 19:22:43
Table 'NLHBlue24' 6-max Seat #1 is the button
Seat 1: f14b3c50 ($16.64 in chips)
Seat 2: b6f4f408 ($13.55 in chips)
Seat 3: a121d15b ($5.14 in chips)
Seat 4: c81d51e1 ($19.39 in chips)
Seat 5: 3e1837f3 ($16.92 in chips)
Seat 6: Hero ($13.27 in chips)
b6f4f408: posts small blind $0.02
a121d15b: posts big blind $0.05
*** HOLE CARDS ***
Dealt to f14b3c50 
Dealt to b6f4f408 
Dealt to a121d15b 
Dealt to c81d51e1 
Dealt to 3e1837f3 
Dealt to Hero [6d 5s]
c81d51e1: folds
3e1837f3: raises $0.07 to $0.12
Hero: folds
f14b3c50: raises $16.52 to $16.64 and is all-in
b6f4f408: folds
a121d15b: folds
3e1837f3: calls $16.52
f14b3c50: shows [6c 3c]
3e1837f3: shows [Kd Kh]
*** FLOP *** [5c 5h Ad]
*** TURN *** [5c 5h Ad] [7h]
*** RIVER *** [5c 5h Ad 7h] [2c]
c81d51e1: shows [4d] (Pair of Fives)
a121d15b: shows [4c Ac] (Pair of Aces and Pair of Fives)
*** SHOWDOWN ***
3e1837f3 collected $32.8 from pot
*** SUMMARY ***
Total pot $33.35 | Rake $0.5 | Jackpot $0.05 | Bingo $0 | Fortune $0 | Tax $0
Board [5c 5h Ad 7h 2c]
Seat 1: f14b3c50 (button) showed [6c 3c] and lost with Pair of Fives
Seat 2: b6f4f408 (small blind) folded before Flop
Seat 3: a121d15b (big blind) folded before Flop
Seat 4: c81d51e1 folded before Flop (didn't bet)
Seat 5: 3e1837f3 showed [Kd Kh] and won ($32.8) with Pair of Kings and Pair of Fives
Seat 6: Hero folded before Flop (didn't bet)


Poker Hand #HD1726031159: Hold'em No Limit ($0.02/$0.05) - 2024/04/11 19:22:31
Table 'NLHBlue24' 6-max Seat #6 is the button
Seat 1: f14b3c50 ($16.59 in chips)
Seat 2: b6f4f408 ($13.6 in chips)
Seat 3: a121d15b ($5.14 in chips)
Seat 4: c81d51e1 ($19.39 in chips)
Seat 5: 3e1837f3 ($16.92 in chips)
Seat 6: Hero ($13.27 in chips)
f14b3c50: posts small blind $0.02
b6f4f408: posts big blind $0.05
*** HOLE CARDS ***
Dealt to f14b3c50 
Dealt to b6f4f408 
Dealt to a121d15b 
Dealt to c81d51e1 
Dealt to 3e1837f3 
Dealt to Hero [7c 5h]
a121d15b: folds
c81d51e1: folds
3e1837f3: folds
Hero: folds
f14b3c50: raises $16.54 to $16.59 and is all-in
b6f4f408: folds
Uncalled bet ($16.54) returned to f14b3c50
*** SHOWDOWN ***
f14b3c50 collected $0.1 from pot
*** SUMMARY ***
Total pot $0.1 | Rake $0 | Jackpot $0 | Bingo $0 | Fortune $0 | Tax $0
Seat 1: f14b3c50 (small blind) collected ($0.1)
Seat 2: b6f4f408 (big blind) folded before Flop
Seat 3: a121d15b folded before Flop (didn't bet)
Seat 4: c81d51e1 folded before Flop (didn't bet)
Seat 5: 3e1837f3 folded before Flop (didn't bet)
Seat 6: Hero (button) folded before Flop (didn't bet)


Poker Hand #HD1726031138: Hold'em No Limit ($0.02/$0.05) - 2024/04/11 19:22:22
Table 'NLHBlue24' 6-max Seat #5 is the button
Seat 1: f14b3c50 ($16.57 in chips)
Seat 2: b6f4f408 ($13.6 in chips)
Seat 3: a121d15b ($5.14 in chips)
Seat 4: c81d51e1 ($19.39 in chips)
Seat 5: 3e1837f3 ($16.92 in chips)
Seat 6: Hero ($13.29 in chips)
Hero: posts small blind $0.02
f14b3c50: posts big blind $0.05
*** HOLE CARDS ***
Dealt to f14b3c50 
Dealt to b6f4f408 
Dealt to a121d15b 
Dealt to c81d51e1 
Dealt to 3e1837f3 
Dealt to Hero [4h Kc]
b6f4f408: folds
a121d15b: folds
c81d51e1: folds
3e1837f3: folds
Hero: folds
Uncalled bet ($0.03) returned to f14b3c50
*** SHOWDOWN ***
f14b3c50 collected $0.04 from pot
*** SUMMARY ***
Total pot $0.04 | Rake $0 | Jackpot $0 | Bingo $0 | Fortune $0 | Tax $0
Seat 1: f14b3c50 (big blind) collected ($0.04)
Seat 2: b6f4f408 folded before Flop (didn't bet)
Seat 3: a121d15b folded before Flop (didn't bet)
Seat 4: c81d51e1 folded before Flop (didn't bet)
Seat 5: 3e1837f3 (button) folded before Flop (didn't bet)
Seat 6: Hero (small blind) folded before Flop


Poker Hand #HD1726031026: Hold'em No Limit ($0.02/$0.05) - 2024/04/11 19:21:33
Table 'NLHBlue24' 6-max Seat #4 is the button
Seat 1: f14b3c50 ($23.48 in chips)
Seat 2: b6f4f408 ($13.6 in chips)
Seat 3: a121d15b ($5.14 in chips)
Seat 4: c81d51e1 ($19.39 in chips)
Seat 5: 3e1837f3 ($16.94 in chips)
Seat 6: Hero ($6.91 in chips)
3e1837f3: posts small blind $0.02
Hero: posts big blind $0.05
*** HOLE CARDS ***
Dealt to f14b3c50 
Dealt to b6f4f408 
Dealt to a121d15b 
Dealt to c81d51e1 
Dealt to 3e1837f3 
Dealt to Hero [Ad Kh]
f14b3c50: raises $23.43 to $23.48 and is all-in
b6f4f408: folds
a121d15b: folds
c81d51e1: folds
3e1837f3: folds
Hero: calls $6.86 and is all-in
Uncalled bet ($16.57) returned to f14b3c50
f14b3c50: shows [7c Th]
Hero: shows [Ad Kh]
*** FLOP *** [2d 8d 5c]
*** TURN *** [2d 8d 5c] [Jd]
*** RIVER *** [2d 8d 5c Jd] [4d]
*** SHOWDOWN ***
Hero collected $13.29 from pot
*** SUMMARY ***
Total pot $13.84 | Rake $0.5 | Jackpot $0.05 | Bingo $0 | Fortune $0 | Tax $0
Board [2d 8d 5c Jd 4d]
Seat 1: f14b3c50 showed [7c Th] and lost with Jack-High
Seat 2: b6f4f408 folded before Flop (didn't bet)
Seat 3: a121d15b folded before Flop (didn't bet)
Seat 4: c81d51e1 (button) folded before Flop (didn't bet)
Seat 5: 3e1837f3 (small blind) folded before Flop
Seat 6: Hero (big blind) showed [Ad Kh] and won ($13.29) with Ace High Flush


Poker Hand #HD1726030997: Hold'em No Limit ($0.02/$0.05) - 2024/04/11 19:21:20
Table 'NLHBlue24' 6-max Seat #3 is the button
Seat 1: f14b3c50 ($23.41 in chips)
Seat 2: b6f4f408 ($13.6 in chips)
Seat 3: a121d15b ($5.14 in chips)
Seat 4: c81d51e1 ($19.41 in chips)
Seat 5: 3e1837f3 ($16.99 in chips)
Seat 6: Hero ($6.91 in chips)
c81d51e1: posts small blind $0.02
3e1837f3: posts big blind $0.05
*** HOLE CARDS ***
Dealt to f14b3c50 
Dealt to b6f4f408 
Dealt to a121d15b 
Dealt to c81d51e1 
Dealt to 3e1837f3 
Dealt to Hero [8s Jd]
Hero: folds
f14b3c50: raises $23.36 to $23.41 and is all-in
b6f4f408: folds
a121d15b: folds
c81d51e1: folds
3e1837f3: folds
Uncalled bet ($23.36) returned to f14b3c50
*** SHOWDOWN ***
f14b3c50 collected $0.12 from pot
*** SUMMARY ***
Total pot $0.12 | Rake $0 | Jackpot $0 | Bingo $0 | Fortune $0 | Tax $0
Seat 1: f14b3c50 collected ($0.12)
Seat 2: b6f4f408 folded before Flop (didn't bet)
Seat 3: a121d15b (button) folded before Flop (didn't bet)
Seat 4: c81d51e1 (small blind) folded before Flop
Seat 5: 3e1837f3 (big blind) folded before Flop
Seat 6: Hero folded before Flop (didn't bet)


Poker Hand #HD1726030968: Hold'em No Limit ($0.02/$0.05) - 2024/04/11 19:21:05
Table 'NLHBlue24' 6-max Seat #2 is the button
Seat 1: f14b3c50 ($23.34 in chips)
Seat 2: b6f4f408 ($13.6 in chips)
Seat 3: a121d15b ($5.16 in chips)
Seat 4: c81d51e1 ($19.46 in chips)
Seat 5: 3e1837f3 ($16.99 in chips)
Seat 6: Hero ($6.91 in chips)
a121d15b: posts small blind $0.02
c81d51e1: posts big blind $0.05
*** HOLE CARDS ***
Dealt to f14b3c50 
Dealt to b6f4f408 
Dealt to a121d15b 
Dealt to c81d51e1 
Dealt to 3e1837f3 
Dealt to Hero [2s 7d]
3e1837f3: folds
Hero: folds
f14b3c50: raises $23.29 to $23.34 and is all-in
b6f4f408: folds
a121d15b: folds
c81d51e1: folds
Uncalled bet ($23.29) returned to f14b3c50
*** SHOWDOWN ***
f14b3c50 collected $0.12 from pot
*** SUMMARY ***
Total pot $0.12 | Rake $0 | Jackpot $0 | Bingo $0 | Fortune $0 | Tax $0
Seat 1: f14b3c50 collected ($0.12)
Seat 2: b6f4f408 (button) folded before Flop (didn't bet)
Seat 3: a121d15b (small blind) folded before Flop
Seat 4: c81d51e1 (big blind) folded before Flop
Seat 5: 3e1837f3 folded before Flop (didn't bet)
Seat 6: Hero folded before Flop (didn't bet)


Poker Hand #HD1726030930: Hold'em No Limit ($0.02/$0.05) - 2024/04/11 19:20:52
Table 'NLHBlue24' 6-max Seat #1 is the button
Seat 1: f14b3c50 ($23.27 in chips)
Seat 2: b6f4f408 ($13.62 in chips)
Seat 3: a121d15b ($5.21 in chips)
Seat 4: c81d51e1 ($19.46 in chips)
Seat 5: 3e1837f3 ($16.99 in chips)
Seat 6: Hero ($6.91 in chips)
b6f4f408: posts small blind $0.02
a121d15b: posts big blind $0.05
*** HOLE CARDS ***
Dealt to f14b3c50 
Dealt to b6f4f408 
Dealt to a121d15b 
Dealt to c81d51e1 
Dealt to 3e1837f3 
Dealt to Hero [8s 3c]
c81d51e1: folds
3e1837f3: folds
Hero: folds
f14b3c50: raises $23.22 to $23.27 and is all-in
b6f4f408: folds
a121d15b: folds
Uncalled bet ($23.22) returned to f14b3c50
*** SHOWDOWN ***
f14b3c50 collected $0.12 from pot
*** SUMMARY ***
Total pot $0.12 | Rake $0 | Jackpot $0 | Bingo $0 | Fortune $0 | Tax $0
Seat 1: f14b3c50 (button) collected ($0.12)
Seat 2: b6f4f408 (small blind) folded before Flop
Seat 3: a121d15b (big blind) folded before Flop
Seat 4: c81d51e1 folded before Flop (didn't bet)
Seat 5: 3e1837f3 folded before Flop (didn't bet)
Seat 6: Hero folded before Flop (didn't bet)


Poker Hand #HD1726030907: Hold'em No Limit ($0.02/$0.05) - 2024/04/11 19:20:41
Table 'NLHBlue24' 6-max Seat #6 is the button
Seat 1: f14b3c50 ($23.22 in chips)
Seat 2: b6f4f408 ($13.67 in chips)
Seat 3: a121d15b ($5.21 in chips)
Seat 4: c81d51e1 ($19.46 in chips)
Seat 5: 3e1837f3 ($16.99 in chips)
Seat 6: Hero ($6.91 in chips)
f14b3c50: posts small blind $0.02
b6f4f408: posts big blind $0.05
*** HOLE CARDS ***
Dealt to f14b3c50 
Dealt to b6f4f408 
Dealt to a121d15b 
Dealt to c81d51e1 
Dealt to 3e1837f3 
Dealt to Hero [8h 4s]
a121d15b: folds
c81d51e1: folds
3e1837f3: folds
Hero: folds
f14b3c50: raises $23.17 to $23.22 and is all-in
b6f4f408: folds
Uncalled bet ($23.17) returned to f14b3c50
*** SHOWDOWN ***
f14b3c50 collected $0.1 from pot
*** SUMMARY ***
Total pot $0.1 | Rake $0 | Jackpot $0 | Bingo $0 | Fortune $0 | Tax $0
Seat 1: f14b3c50 (small blind) collected ($0.1)
Seat 2: b6f4f408 (big blind) folded before Flop
Seat 3: a121d15b folded before Flop (didn't bet)
Seat 4: c81d51e1 folded before Flop (didn't bet)
Seat 5: 3e1837f3 folded before Flop (didn't bet)
Seat 6: Hero (button) folded before Flop (didn't bet)


Poker Hand #HD1726030868: Hold'em No Limit ($0.02/$0.05) - 2024/04/11 19:20:20
Table 'NLHBlue24' 6-max Seat #5 is the button
Seat 1: f14b3c50 ($23.08 in chips)
Seat 2: b6f4f408 ($13.67 in chips)
Seat 3: a121d15b ($5.21 in chips)
Seat 4: c81d51e1 ($19.59 in chips)
Seat 5: 3e1837f3 ($16.99 in chips)
Seat 6: Hero ($6.93 in chips)
Hero: posts small blind $0.02
f14b3c50: posts big blind $0.05
*** HOLE CARDS ***
Dealt to f14b3c50 
Dealt to b6f4f408 
Dealt to a121d15b 
Dealt to c81d51e1 
Dealt to 3e1837f3 
Dealt to Hero [4h 3s]
b6f4f408: folds
a121d15b: folds
c81d51e1: raises $0.08 to $0.13
3e1837f3: folds
Hero: folds
f14b3c50: raises $22.95 to $23.08 and is all-in
c81d51e1: folds
Uncalled bet ($22.95) returned to f14b3c50
f14b3c50: shows [Jc]
*** SHOWDOWN ***
f14b3c50 collected $0.27 from pot
*** SUMMARY ***
Total pot $0.28 | Rake $0.01 | Jackpot $0 | Bingo $0 | Fortune $0 | Tax $0
Seat 1: f14b3c50 (big blind) showed [Jc] and collected ($0.27)
Seat 2: b6f4f408 folded before Flop (didn't bet)
Seat 3: a121d15b folded before Flop (didn't bet)
Seat 4: c81d51e1 folded before Flop
Seat 5: 3e1837f3 (button) folded before Flop (didn't bet)
Seat 6: Hero (small blind) folded before Flop


Poker Hand #HD1726030810: Hold'em No Limit ($0.02/$0.05) - 2024/04/11 19:19:51
Table 'NLHBlue24' 6-max Seat #4 is the button
Seat 1: f14b3c50 ($23.01 in chips)
Seat 2: b6f4f408 ($13.67 in chips)
Seat 3: a121d15b ($5.21 in chips)
Seat 4: c81d51e1 ($19.59 in chips)
Seat 5: 3e1837f3 ($17.01 in chips)
Seat 6: Hero ($6.98 in chips)
3e1837f3: posts small blind $0.02
Hero: posts big blind $0.05
*** HOLE CARDS ***
Dealt to f14b3c50 
Dealt to b6f4f408 
Dealt to a121d15b 
Dealt to c81d51e1 
Dealt to 3e1837f3 
Dealt to Hero [6d 9h]
f14b3c50: raises $22.96 to $23.01 and is all-in
b6f4f408: folds
a121d15b: folds
c81d51e1: folds
3e1837f3: folds
Hero: folds
Uncalled bet ($22.96) returned to f14b3c50
*** SHOWDOWN ***
f14b3c50 collected $0.12 from pot
*** SUMMARY ***
Total pot $0.12 | Rake $0 | Jackpot $0 | Bingo $0 | Fortune $0 | Tax $0
Seat 1: f14b3c50 collected ($0.12)
Seat 2: b6f4f408 folded before Flop (didn't bet)
Seat 3: a121d15b folded before Flop (didn't bet)
Seat 4: c81d51e1 (button) folded before Flop (didn't bet)
Seat 5: 3e1837f3 (small blind) folded before Flop
Seat 6: Hero (big blind) folded before Flop


Poker Hand #HD1726030780: Hold'em No Limit ($0.02/$0.05) - 2024/04/11 19:19:36
Table 'NLHBlue24' 6-max Seat #3 is the button
Seat 1: f14b3c50 ($22.94 in chips)
Seat 2: b6f4f408 ($13.67 in chips)
Seat 3: a121d15b ($5.21 in chips)
Seat 4: c81d51e1 ($19.61 in chips)
Seat 5: 3e1837f3 ($17.06 in chips)
Seat 6: Hero ($6.98 in chips)
c81d51e1: posts small blind $0.02
3e1837f3: posts big blind $0.05
*** HOLE CARDS ***
Dealt to f14b3c50 
Dealt to b6f4f408 
Dealt to a121d15b 
Dealt to c81d51e1 
Dealt to 3e1837f3 
Dealt to Hero [2h 8h]
Hero: folds
f14b3c50: raises $22.89 to $22.94 and is all-in
b6f4f408: folds
a121d15b: folds
c81d51e1: folds
3e1837f3: folds
Uncalled bet ($22.89) returned to f14b3c50
*** SHOWDOWN ***
f14b3c50 collected $0.12 from pot
*** SUMMARY ***
Total pot $0.12 | Rake $0 | Jackpot $0 | Bingo $0 | Fortune $0 | Tax $0
Seat 1: f14b3c50 collected ($0.12)
Seat 2: b6f4f408 folded before Flop (didn't bet)
Seat 3: a121d15b (button) folded before Flop (didn't bet)
Seat 4: c81d51e1 (small blind) folded before Flop
Seat 5: 3e1837f3 (big blind) folded before Flop
Seat 6: Hero folded before Flop (didn't bet)


Poker Hand #HD1726030649: Hold'em No Limit ($0.02/$0.05) - 2024/04/11 19:18:37
Table 'NLHBlue24' 6-max Seat #2 is the button
Seat 1: f14b3c50 ($31.71 in chips)
Seat 2: b6f4f408 ($13.67 in chips)
Seat 3: a121d15b ($5.23 in chips)
Seat 4: c81d51e1 ($19.66 in chips)
Seat 5: 3e1837f3 ($8.77 in chips)
Seat 6: Hero ($6.98 in chips)
a121d15b: posts small blind $0.02
c81d51e1: posts big blind $0.05
*** HOLE CARDS ***
Dealt to f14b3c50 
Dealt to b6f4f408 
Dealt to a121d15b 
Dealt to c81d51e1 
Dealt to 3e1837f3 
Dealt to Hero [9d Ad]
3e1837f3: raises $0.07 to $0.12
Hero: folds
f14b3c50: calls $0.12
b6f4f408: folds
a121d15b: folds
c81d51e1: folds
*** FLOP *** [Qs Jh Kc]
3e1837f3: checks
f14b3c50: bets $0.31
3e1837f3: calls $0.31
*** TURN *** [Qs Jh Kc] [8h]
3e1837f3: checks
f14b3c50: bets $0.93
3e1837f3: calls $0.93
*** RIVER *** [Qs Jh Kc 8h] [Kd]
3e1837f3: checks
f14b3c50: bets $21.86
3e1837f3: calls $7.41 and is all-in
Uncalled bet ($14.45) returned to f14b3c50
f14b3c50: shows [4h Ts] (Pair of Kings)
3e1837f3: shows [Qc 9c] (Pair of Kings and Pair of Queens)
*** SHOWDOWN ***
3e1837f3 collected $17.06 from pot
*** SUMMARY ***
Total pot $17.61 | Rake $0.5 | Jackpot $0.05 | Bingo $0 | Fortune $0 | Tax $0
Board [Qs Jh Kc 8h Kd]
Seat 1: f14b3c50 showed [4h Ts] and lost with Pair of Kings
Seat 2: b6f4f408 (button) folded before Flop (didn't bet)
Seat 3: a121d15b (small blind) folded before Flop
Seat 4: c81d51e1 (big blind) folded before Flop
Seat 5: 3e1837f3 showed [Qc 9c] and won ($17.06) with Pair of Kings and Pair of Queens
Seat 6: Hero folded before Flop (didn't bet)


Poker Hand #HD1726030620: Hold'em No Limit ($0.02/$0.05) - 2024/04/11 19:18:23
Table 'NLHBlue24' 6-max Seat #1 is the button
Seat 1: f14b3c50 ($31.64 in chips)
Seat 2: b6f4f408 ($13.69 in chips)
Seat 3: a121d15b ($5.28 in chips)
Seat 4: c81d51e1 ($19.66 in chips)
Seat 5: 3e1837f3 ($8.77 in chips)
Seat 6: Hero ($6.98 in chips)
b6f4f408: posts small blind $0.02
a121d15b: posts big blind $0.05
*** HOLE CARDS ***
Dealt to f14b3c50 
Dealt to b6f4f408 
Dealt to a121d15b 
Dealt to c81d51e1 
Dealt to 3e1837f3 
Dealt to Hero [6h Qd]
c81d51e1: folds
3e1837f3: folds
Hero: folds
f14b3c50: raises $9.33 to $9.38
b6f4f408: folds
a121d15b: folds
Uncalled bet ($9.33) returned to f14b3c50
*** SHOWDOWN ***
f14b3c50 collected $0.12 from pot
*** SUMMARY ***
Total pot $0.12 | Rake $0 | Jackpot $0 | Bingo $0 | Fortune $0 | Tax $0
Seat 1: f14b3c50 (button) collected ($0.12)
Seat 2: b6f4f408 (small blind) folded before Flop
Seat 3: a121d15b (big blind) folded before Flop
Seat 4: c81d51e1 folded before Flop (didn't bet)
Seat 5: 3e1837f3 folded before Flop (didn't bet)
Seat 6: Hero folded before Flop (didn't bet)


Poker Hand #HD1726030584: Hold'em No Limit ($0.02/$0.05) - 2024/04/11 19:18:09
Table 'NLHBlue24' 6-max Seat #6 is the button
Seat 1: f14b3c50 ($31.59 in chips)
Seat 2: b6f4f408 ($13.74 in chips)
Seat 3: a121d15b ($5.28 in chips)
Seat 4: c81d51e1 ($19.66 in chips)
Seat 5: 3e1837f3 ($8.77 in chips)
Seat 6: Hero ($6.98 in chips)
f14b3c50: posts small blind $0.02
b6f4f408: posts big blind $0.05
*** HOLE CARDS ***
Dealt to f14b3c50 
Dealt to b6f4f408 
Dealt to a121d15b 
Dealt to c81d51e1 
Dealt to 3e1837f3 
Dealt to Hero [5s Ks]
a121d15b: folds
c81d51e1: folds
3e1837f3: folds
Hero: folds
f14b3c50: raises $31.54 to $31.59 and is all-in
b6f4f408: folds
Uncalled bet ($31.54) returned to f14b3c50
*** SHOWDOWN ***
f14b3c50 collected $0.1 from pot
*** SUMMARY ***
Total pot $0.1 | Rake $0 | Jackpot $0 | Bingo $0 | Fortune $0 | Tax $0
Seat 1: f14b3c50 (small blind) collected ($0.1)
Seat 2: b6f4f408 (big blind) folded before Flop
Seat 3: a121d15b folded before Flop (didn't bet)
Seat 4: c81d51e1 folded before Flop (didn't bet)
Seat 5: 3e1837f3 folded before Flop (didn't bet)
Seat 6: Hero (button) folded before Flop (didn't bet)


Poker Hand #HD1726030539: Hold'em No Limit ($0.02/$0.05) - 2024/04/11 19:17:46
Table 'NLHBlue24' 6-max Seat #5 is the button
Seat 1: f14b3c50 ($31.28 in chips)
Seat 2: b6f4f408 ($14.06 in chips)
Seat 3: a121d15b ($5.28 in chips)
Seat 4: c81d51e1 ($19.66 in chips)
Seat 5: 3e1837f3 ($8.77 in chips)
Seat 6: Hero ($7 in chips)
Hero: posts small blind $0.02
f14b3c50: posts big blind $0.05
*** HOLE CARDS ***
Dealt to f14b3c50 
Dealt to b6f4f408 
Dealt to a121d15b 
Dealt to c81d51e1 
Dealt to 3e1837f3 
Dealt to Hero [2h 7c]
b6f4f408: raises $0.05 to $0.1
a121d15b: folds
c81d51e1: folds
3e1837f3: folds
Hero: folds
f14b3c50: raises $0.22 to $0.32
b6f4f408: calls $0.22
*** FLOP *** [Tc As Qd]
f14b3c50: bets $0.66
b6f4f408: folds
Uncalled bet ($0.66) returned to f14b3c50
f14b3c50: shows [Ts]
*** SHOWDOWN ***
f14b3c50 collected $0.63 from pot
*** SUMMARY ***
Total pot $0.66 | Rake $0.03 | Jackpot $0 | Bingo $0 | Fortune $0 | Tax $0
Board [Tc As Qd]
Seat 1: f14b3c50 (big blind) showed [Ts] and won ($0.63)
Seat 2: b6f4f408 folded on the Flop
Seat 3: a121d15b folded before Flop (didn't bet)
Seat 4: c81d51e1 folded before Flop (didn't bet)
Seat 5: 3e1837f3 (button) folded before Flop (didn't bet)
Seat 6: Hero (small blind) folded before Flop


Poker Hand #HD1726030486: Hold'em No Limit ($0.02/$0.05) - 2024/04/11 19:17:20
Table 'NLHBlue24' 6-max Seat #4 is the button
Seat 1: f14b3c50 ($30.41 in chips)
Seat 2: b6f4f408 ($14.06 in chips)
Seat 3: a121d15b ($5.45 in chips)
Seat 4: c81d51e1 ($19.66 in chips)
Seat 5: 3e1837f3 ($9.55 in chips)
Seat 6: Hero ($7.05 in chips)
3e1837f3: posts small blind $0.02
Hero: posts big blind $0.05
*** HOLE CARDS ***
Dealt to f14b3c50 
Dealt to b6f4f408 
Dealt to a121d15b 
Dealt to c81d51e1 
Dealt to 3e1837f3 
Dealt to Hero [Jh Ad]
f14b3c50: raises $0.12 to $0.17
b6f4f408: folds
a121d15b: calls $0.17
c81d51e1: folds
3e1837f3: raises $0.61 to $0.78
Hero: folds
f14b3c50: raises $29.63 to $30.41 and is all-in
a121d15b: folds
3e1837f3: folds
Uncalled bet ($29.63) returned to f14b3c50
f14b3c50: shows [Ah]
*** SHOWDOWN ***
f14b3c50 collected $1.65 from pot
*** SUMMARY ***
Total pot $1.78 | Rake $0.08 | Jackpot $0.05 | Bingo $0 | Fortune $0 | Tax $0
Seat 1: f14b3c50 showed [Ah] and collected ($1.65)
Seat 2: b6f4f408 folded before Flop (didn't bet)
Seat 3: a121d15b folded before Flop
Seat 4: c81d51e1 (button) folded before Flop (didn't bet)
Seat 5: 3e1837f3 (small blind) folded before Flop
Seat 6: Hero (big blind) folded before Flop


Poker Hand #HD1726030329: Hold'em No Limit ($0.02/$0.05) - 2024/04/11 19:16:07
Table 'NLHBlue24' 6-max Seat #3 is the button
Seat 1: f14b3c50 ($35.41 in chips)
Seat 2: b6f4f408 ($14.11 in chips)
Seat 3: a121d15b ($5.45 in chips)
Seat 4: c81d51e1 ($19.71 in chips)
Seat 5: 3e1837f3 ($5 in chips)
Seat 6: Hero ($7.05 in chips)
c81d51e1: posts small blind $0.02
3e1837f3: posts big blind $0.05
*** HOLE CARDS ***
Dealt to f14b3c50 
Dealt to b6f4f408 
Dealt to a121d15b 
Dealt to c81d51e1 
Dealt to 3e1837f3 
Dealt to Hero [4c 3s]
Hero: folds
f14b3c50: calls $0.05
b6f4f408: calls $0.05
a121d15b: folds
c81d51e1: calls $0.03
3e1837f3: raises $0.27 to $0.32
f14b3c50: calls $0.27
b6f4f408: folds
c81d51e1: folds
*** FLOP *** [Ks Jc Kd]
3e1837f3: bets $0.26
f14b3c50: calls $0.26
*** TURN *** [Ks Jc Kd] [7h]
3e1837f3: checks
f14b3c50: bets $1.26
3e1837f3: calls $1.26
*** RIVER *** [Ks Jc Kd 7h] [Jd]
3e1837f3: checks
f14b3c50: bets $3.78
3e1837f3: calls $3.16 and is all-in
Uncalled bet ($0.62) returned to f14b3c50
f14b3c50: shows [2d 5s] (Pair of Kings and Pair of Jacks)
3e1837f3: shows [Ah 8c] (Pair of Kings and Pair of Jacks)
c81d51e1: shows [Jh] (Jacks Full over Kings)
*** SHOWDOWN ***
3e1837f3 collected $9.55 from pot
*** SUMMARY ***
Total pot $10.1 | Rake $0.5 | Jackpot $0.05 | Bingo $0 | Fortune $0 | Tax $0
Board [Ks Jc Kd 7h Jd]
Seat 1: f14b3c50 showed [2d 5s] and lost with Pair of Kings and Pair of Jacks
Seat 2: b6f4f408 folded before Flop
Seat 3: a121d15b (button) folded before Flop (didn't bet)
Seat 4: c81d51e1 (small blind) folded before Flop
Seat 5: 3e1837f3 (big blind) showed [Ah 8c] and won ($9.55) with Pair of Kings and Pair of Jacks
Seat 6: Hero folded before Flop (didn't bet)


Poker Hand #HD1726030287: Hold'em No Limit ($0.02/$0.05) - 2024/04/11 19:15:51
Table 'NLHBlue24' 6-max Seat #2 is the button
Seat 1: f14b3c50 ($35.34 in chips)
Seat 2: b6f4f408 ($14.11 in chips)
Seat 3: a121d15b ($5.47 in chips)
Seat 4: c81d51e1 ($19.76 in chips)
Seat 5: 3e1837f3 ($5 in chips)
Seat 6: Hero ($7.05 in chips)
a121d15b: posts small blind $0.02
c81d51e1: posts big blind $0.05
*** HOLE CARDS ***
Dealt to f14b3c50 
Dealt to b6f4f408 
Dealt to a121d15b 
Dealt to c81d51e1 
Dealt to 3e1837f3 
Dealt to Hero [2c 6d]
3e1837f3: folds
Hero: folds
f14b3c50: raises $35.29 to $35.34 and is all-in
b6f4f408: folds
a121d15b: folds
c81d51e1: folds
Uncalled bet ($35.29) returned to f14b3c50
*** SHOWDOWN ***
f14b3c50 collected $0.12 from pot
*** SUMMARY ***
Total pot $0.12 | Rake $0 | Jackpot $0 | Bingo $0 | Fortune $0 | Tax $0
Seat 1: f14b3c50 collected ($0.12)
Seat 2: b6f4f408 (button) folded before Flop (didn't bet)
Seat 3: a121d15b (small blind) folded before Flop
Seat 4: c81d51e1 (big blind) folded before Flop
Seat 5: 3e1837f3 folded before Flop (didn't bet)
Seat 6: Hero folded before Flop (didn't bet)


Poker Hand #HD1726030166: Hold'em No Limit ($0.02/$0.05) - 2024/04/11 19:14:47
Table 'NLHBlue24' 6-max Seat #1 is the button
Seat 1: f14b3c50 ($35.39 in chips)
Seat 2: b6f4f408 ($14.16 in chips)
Seat 3: a121d15b ($5.37 in chips)
Seat 4: c81d51e1 ($19.76 in chips)
Seat 5: 3e1837f3 ($5 in chips)
Seat 6: Hero ($7.05 in chips)
b6f4f408: posts small blind $0.02
a121d15b: posts big blind $0.05
*** HOLE CARDS ***
Dealt to f14b3c50 
Dealt to b6f4f408 
Dealt to a121d15b 
Dealt to c81d51e1 
Dealt to 3e1837f3 
Dealt to Hero [9c 7d]
c81d51e1: folds
3e1837f3: folds
Hero: folds
f14b3c50: calls $0.05
b6f4f408: calls $0.03
a121d15b: checks
*** FLOP *** [Qh 9s Ac]
b6f4f408: checks
a121d15b: checks
f14b3c50: checks
*** TURN *** [Qh 9s Ac] [Jh]
b6f4f408: checks
a121d15b: checks
f14b3c50: checks
*** RIVER *** [Qh 9s Ac Jh] [Js]
b6f4f408: checks
a121d15b: checks
f14b3c50: checks
b6f4f408: shows [4s Ts] (Pair of Jacks)
a121d15b: shows [9d Th] (Pair of Jacks and Pair of Nines)
f14b3c50: shows [7h 3s] (Pair of Jacks)
*** SHOWDOWN ***
a121d15b collected $0.15 from pot
*** SUMMARY ***
Total pot $0.15 | Rake $0 | Jackpot $0 | Bingo $0 | Fortune $0 | Tax $0
Board [Qh 9s Ac Jh Js]
Seat 1: f14b3c50 (button) showed [7h 3s] and lost with Pair of Jacks
Seat 2: b6f4f408 (small blind) showed [4s Ts] and lost with Pair of Jacks
Seat 3: a121d15b (big blind) showed [9d Th] and won ($0.15) with Pair of Jacks and Pair of Nines
Seat 4: c81d51e1 folded before Flop (didn't bet)
Seat 5: 3e1837f3 folded before Flop (didn't bet)
Seat 6: Hero folded before Flop (didn't bet)


Poker Hand #HD1726030021: Hold'em No Limit ($0.02/$0.05) - 2024/04/11 19:13:50
Table 'NLHBlue24' 6-max Seat #6 is the button
Seat 1: f14b3c50 ($45.52 in chips)
Seat 2: b6f4f408 ($14.21 in chips)
Seat 3: a121d15b ($5.37 in chips)
Seat 4: c81d51e1 ($10.13 in chips)
Seat 5: 3e1837f3 ($5 in chips)
Seat 6: Hero ($7.05 in chips)
f14b3c50: posts small blind $0.02
b6f4f408: posts big blind $0.05
*** HOLE CARDS ***
Dealt to f14b3c50 
Dealt to b6f4f408 
Dealt to a121d15b 
Dealt to c81d51e1 
Dealt to 3e1837f3 
Dealt to Hero [8s 6d]
a121d15b: folds
c81d51e1: raises $0.1 to $0.15
3e1837f3: folds
Hero: folds
f14b3c50: raises $0.35 to $0.5
b6f4f408: folds
c81d51e1: raises $9.63 to $10.13 and is all-in
f14b3c50: calls $9.63
c81d51e1: shows [Js Jd]
f14b3c50: shows [4s Ks]
*** FIRST FLOP *** [3d 5d 4h]
*** FIRST TURN *** [3d 5d 4h] [Jh]
*** FIRST RIVER *** [3d 5d 4h Jh] [Kd]
*** SECOND FLOP *** [9c Ts 5c]
*** SECOND TURN *** [9c Ts 5c] [5s]
*** SECOND RIVER *** [9c Ts 5c 5s] [Td]
*** FIRST SHOWDOWN ***
c81d51e1 collected $9.88 from pot
*** SECOND SHOWDOWN ***
c81d51e1 collected $9.88 from pot
*** SUMMARY ***
Total pot $20.31 | Rake $0.5 | Jackpot $0.05 | Bingo $0 | Fortune $0 | Tax $0
Hand was run two times
FIRST Board [3d 5d 4h Jh Kd]
SECOND Board [9c Ts 5c 5s Td]
Seat 1: f14b3c50 (small blind) showed [4s Ks] and lost with Pair of Kings and Pair of Fours, and lost with Pair of Tens and Pair of Fives
Seat 2: b6f4f408 (big blind) folded before Flop
Seat 3: a121d15b folded before Flop (didn't bet)
Seat 4: c81d51e1 showed [Js Jd] and won ($9.88) with Three Jacks, and won ($9.88) with Pair of Jacks and Pair of Tens
Seat 5: 3e1837f3 folded before Flop (didn't bet)
Seat 6: Hero (button) folded before Flop (didn't bet)


Poker Hand #HD1726029876: Hold'em No Limit ($0.02/$0.05) - 2024/04/11 19:12:43
Table 'NLHBlue24' 6-max Seat #5 is the button
Seat 1: f14b3c50 ($46.5 in chips)
Seat 2: b6f4f408 ($13.35 in chips)
Seat 3: a121d15b ($5.37 in chips)
Seat 4: c81d51e1 ($10.13 in chips)
Seat 5: 3e1837f3 ($5 in chips)
Seat 6: Hero ($7.07 in chips)
Hero: posts small blind $0.02
f14b3c50: posts big blind $0.05
*** HOLE CARDS ***
Dealt to f14b3c50 
Dealt to b6f4f408 
Dealt to a121d15b 
Dealt to c81d51e1 
Dealt to 3e1837f3 
Dealt to Hero [5d 4s]
b6f4f408: raises $0.05 to $0.1
a121d15b: folds
c81d51e1: folds
3e1837f3: folds
Hero: folds
f14b3c50: raises $0.22 to $0.32
b6f4f408: calls $0.22
*** FLOP *** [9h 8h 8c]
f14b3c50: checks
b6f4f408: checks
*** TURN *** [9h 8h 8c] [Jd]
f14b3c50: checks
b6f4f408: checks
*** RIVER *** [9h 8h 8c Jd] [As]
f14b3c50: bets $0.66
b6f4f408: calls $0.66
f14b3c50: shows [3c 6h] (Pair of Eights)
b6f4f408: shows [7c 7s] (Pair of Eights and Pair of Sevens)
*** SHOWDOWN ***
b6f4f408 collected $1.84 from pot
*** SUMMARY ***
Total pot $1.98 | Rake $0.09 | Jackpot $0.05 | Bingo $0 | Fortune $0 | Tax $0
Board [9h 8h 8c Jd As]
Seat 1: f14b3c50 (big blind) showed [3c 6h] and lost with Pair of Eights
Seat 2: b6f4f408 showed [7c 7s] and won ($1.84) with Pair of Eights and Pair of Sevens
Seat 3: a121d15b folded before Flop (didn't bet)
Seat 4: c81d51e1 folded before Flop (didn't bet)
Seat 5: 3e1837f3 (button) folded before Flop (didn't bet)
Seat 6: Hero (small blind) folded before Flop


Poker Hand #HD1726029772: Hold'em No Limit ($0.02/$0.05) - 2024/04/11 19:11:49
Table 'NLHBlue24' 6-max Seat #4 is the button
Seat 1: f14b3c50 ($46.55 in chips)
Seat 2: b6f4f408 ($13.35 in chips)
Seat 3: a121d15b ($5.37 in chips)
Seat 4: c81d51e1 ($10.13 in chips)
Seat 5: 3e1837f3 ($5 in chips)
Seat 6: Hero ($7 in chips)
3e1837f3: posts small blind $0.02
Hero: posts big blind $0.05
*** HOLE CARDS ***
Dealt to f14b3c50 
Dealt to b6f4f408 
Dealt to a121d15b 
Dealt to c81d51e1 
Dealt to 3e1837f3 
Dealt to Hero [Jc 8h]
f14b3c50: calls $0.05
b6f4f408: folds
a121d15b: folds
c81d51e1: folds
3e1837f3: folds
Hero: checks
*** FLOP *** [5s Tc Jh]
Hero: checks
f14b3c50: checks
*** TURN *** [5s Tc Jh] [Qs]
Hero: bets $0.1
f14b3c50: folds
Uncalled bet ($0.1) returned to Hero
*** SHOWDOWN ***
Hero collected $0.12 from pot
*** SUMMARY ***
Total pot $0.12 | Rake $0 | Jackpot $0 | Bingo $0 | Fortune $0 | Tax $0
Board [5s Tc Jh Qs]
Seat 1: f14b3c50 folded on the Turn
Seat 2: b6f4f408 folded before Flop (didn't bet)
Seat 3: a121d15b folded before Flop (didn't bet)
Seat 4: c81d51e1 (button) folded before Flop (didn't bet)
Seat 5: 3e1837f3 (small blind) folded before Flop
Seat 6: Hero (big blind) won ($0.12)


Poker Hand #HD1726029700: Hold'em No Limit ($0.02/$0.05) - 2024/04/11 19:11:16
Table 'NLHBlue24' 6-max Seat #3 is the button
Seat 1: f14b3c50 ($46.72 in chips)
Seat 2: b6f4f408 ($13.13 in chips)
Seat 3: a121d15b ($5.37 in chips)
Seat 4: c81d51e1 ($10.15 in chips)
Seat 5: 3e1837f3 ($5 in chips)
Seat 6: Hero ($7 in chips)
c81d51e1: posts small blind $0.02
3e1837f3: posts big blind $0.05
*** HOLE CARDS ***
Dealt to f14b3c50 
Dealt to b6f4f408 
Dealt to a121d15b 
Dealt to c81d51e1 
Dealt to 3e1837f3 
Dealt to Hero [3s 7c]
Hero: folds
f14b3c50: raises $0.12 to $0.17
b6f4f408: calls $0.17
a121d15b: folds
c81d51e1: folds
3e1837f3: folds
*** FLOP *** [6h 2h 2s]
f14b3c50: checks
b6f4f408: bets $0.31
f14b3c50: folds
Uncalled bet ($0.31) returned to b6f4f408
*** SHOWDOWN ***
b6f4f408 collected $0.39 from pot
*** SUMMARY ***
Total pot $0.41 | Rake $0.02 | Jackpot $0 | Bingo $0 | Fortune $0 | Tax $0
Board [6h 2h 2s]
Seat 1: f14b3c50 folded on the Flop
Seat 2: b6f4f408 won ($0.39)
Seat 3: a121d15b (button) folded before Flop (didn't bet)
Seat 4: c81d51e1 (small blind) folded before Flop
Seat 5: 3e1837f3 (big blind) folded before Flop
Seat 6: Hero folded before Flop (didn't bet)


Poker Hand #HD1726029606: Hold'em No Limit ($0.02/$0.05) - 2024/04/11 19:10:32
Table 'NLHBlue24' 6-max Seat #2 is the button
Seat 1: f14b3c50 ($52.06 in chips)
Seat 2: b6f4f408 ($13.13 in chips)
Seat 3: a121d15b ($5.39 in chips)
Seat 4: c81d51e1 ($5.34 in chips)
Seat 5: 3e1837f3 ($5 in chips)
Seat 6: Hero ($7 in chips)
a121d15b: posts small blind $0.02
c81d51e1: posts big blind $0.05
*** HOLE CARDS ***
Dealt to f14b3c50 
Dealt to b6f4f408 
Dealt to a121d15b 
Dealt to c81d51e1 
Dealt to 3e1837f3 
Dealt to Hero [6d 7h]
3e1837f3: folds
Hero: folds
f14b3c50: calls $0.05
b6f4f408: folds
a121d15b: folds
c81d51e1: checks
*** FLOP *** [8c 7s Qs]
c81d51e1: checks
f14b3c50: bets $0.12
c81d51e1: raises $0.27 to $0.39
f14b3c50: calls $0.27
*** TURN *** [8c 7s Qs] [Kd]
c81d51e1: bets $1.28
f14b3c50: calls $1.28
*** RIVER *** [8c 7s Qs Kd] [Kc]
c81d51e1: bets $3.62 and is all-in
f14b3c50: calls $3.62
c81d51e1: shows [8s Qd] (Pair of Kings and Pair of Queens)
f14b3c50: shows [9c 8d] (Pair of Kings and Pair of Eights)
a121d15b: shows [8h] (Pair of Kings and Pair of Eights)
*** SHOWDOWN ***
c81d51e1 collected $10.15 from pot
*** SUMMARY ***
Total pot $10.7 | Rake $0.5 | Jackpot $0.05 | Bingo $0 | Fortune $0 | Tax $0
Board [8c 7s Qs Kd Kc]
Seat 1: f14b3c50 showed [9c 8d] and lost with Pair of Kings and Pair of Eights
Seat 2: b6f4f408 (button) folded before Flop (didn't bet)
Seat 3: a121d15b (small blind) folded before Flop
Seat 4: c81d51e1 (big blind) showed [8s Qd] and won ($10.15) with Pair of Kings and Pair of Queens
Seat 5: 3e1837f3 folded before Flop (didn't bet)
Seat 6: Hero folded before Flop (didn't bet)


Poker Hand #HD1726029464: Hold'em No Limit ($0.02/$0.05) - 2024/04/11 19:09:26
Table 'NLHBlue24' 6-max Seat #1 is the button
Seat 1: f14b3c50 ($52.06 in chips)
Seat 2: b6f4f408 ($13.15 in chips)
Seat 3: a121d15b ($5.52 in chips)
Seat 4: c81d51e1 ($5.34 in chips)
Seat 5: 3e1837f3 ($5 in chips)
Seat 6: Hero ($6.86 in chips)
b6f4f408: posts small blind $0.02
a121d15b: posts big blind $0.05
*** HOLE CARDS ***
Dealt to f14b3c50 
Dealt to b6f4f408 
Dealt to a121d15b 
Dealt to c81d51e1 
Dealt to 3e1837f3 
Dealt to Hero [3d 3h]
c81d51e1: folds
3e1837f3: folds
Hero: raises $0.08 to $0.13
f14b3c50: folds
b6f4f408: folds
a121d15b: calls $0.08
*** FLOP *** [Td Qd 8h]
a121d15b: checks
Hero: checks
*** TURN *** [Td Qd 8h] [As]
a121d15b: checks
Hero: bets $0.15
a121d15b: folds
Uncalled bet ($0.15) returned to Hero
*** SHOWDOWN ***
Hero collected $0.27 from pot
*** SUMMARY ***
Total pot $0.28 | Rake $0.01 | Jackpot $0 | Bingo $0 | Fortune $0 | Tax $0
Board [Td Qd 8h As]
Seat 1: f14b3c50 (button) folded before Flop (didn't bet)
Seat 2: b6f4f408 (small blind) folded before Flop
Seat 3: a121d15b (big blind) folded on the Turn
Seat 4: c81d51e1 folded before Flop (didn't bet)
Seat 5: 3e1837f3 folded before Flop (didn't bet)
Seat 6: Hero won ($0.27)


Poker Hand #HD1726029281: Hold'em No Limit ($0.02/$0.05) - 2024/04/11 19:08:03
Table 'NLHBlue24' 6-max Seat #6 is the button
Seat 1: f14b3c50 ($41.02 in chips)
Seat 2: b6f4f408 ($13.2 in chips)
Seat 3: a121d15b ($5.52 in chips)
Seat 4: c81d51e1 ($5.34 in chips)
Seat 5: 3e1837f3 ($14.69 in chips)
Seat 6: Hero ($6.86 in chips)
f14b3c50: posts small blind $0.02
b6f4f408: posts big blind $0.05
*** HOLE CARDS ***
Dealt to f14b3c50 
Dealt to b6f4f408 
Dealt to a121d15b 
Dealt to c81d51e1 
Dealt to 3e1837f3 
Dealt to Hero [4h 2h]
a121d15b: folds
c81d51e1: folds
3e1837f3: raises $0.07 to $0.12
Hero: folds
f14b3c50: raises $0.29 to $0.41
b6f4f408: folds
3e1837f3: raises $0.87 to $1.28
f14b3c50: raises $2.61 to $3.89
3e1837f3: calls $2.61
*** FLOP *** [9h Js 6c]
f14b3c50: bets $37.13 and is all-in
3e1837f3: calls $10.8 and is all-in
Uncalled bet ($26.33) returned to f14b3c50
f14b3c50: shows [Kh Kd] (Pair of Kings)
3e1837f3: shows [Qh Qc] (Pair of Queens)
f14b3c50: Chooses to EV Cashout 
*** TURN *** [9h Js 6c] [2c]
*** RIVER *** [9h Js 6c 2c] [Jd]
f14b3c50: Pays Cashout Risk ($3.15)
a121d15b: shows [Jc] (Three Jacks)
*** SHOWDOWN ***
f14b3c50 collected $28.88 from pot
*** SUMMARY ***
Total pot $29.43 | Rake $0.5 | Jackpot $0.05 | Bingo $0 | Fortune $0 | Tax $0
Board [9h Js 6c 2c Jd]
Seat 1: f14b3c50 (small blind) showed [Kh Kd] and won ($28.88) with Pair of Kings and Pair of Jacks, Cashout Risk ($3.15)
Seat 2: b6f4f408 (big blind) folded before Flop
Seat 3: a121d15b folded before Flop (didn't bet)
Seat 4: c81d51e1 folded before Flop (didn't bet)
Seat 5: 3e1837f3 showed [Qh Qc] and lost with Pair of Queens and Pair of Jacks
Seat 6: Hero (button) folded before Flop (didn't bet)


Poker Hand #HD1726029211: Hold'em No Limit ($0.02/$0.05) - 2024/04/11 19:07:33
Table 'NLHBlue24' 6-max Seat #5 is the button
Seat 1: f14b3c50 ($41.29 in chips)
Seat 2: b6f4f408 ($13.2 in chips)
Seat 3: a121d15b ($5.52 in chips)
Seat 4: c81d51e1 ($5.07 in chips)
Seat 5: 3e1837f3 ($14.69 in chips)
Seat 6: Hero ($6.88 in chips)
Hero: posts small blind $0.02
f14b3c50: posts big blind $0.05
*** HOLE CARDS ***
Dealt to f14b3c50 
Dealt to b6f4f408 
Dealt to a121d15b 
Dealt to c81d51e1 
Dealt to 3e1837f3 
Dealt to Hero [Th 8c]
b6f4f408: folds
a121d15b: folds
c81d51e1: raises $0.08 to $0.13
3e1837f3: folds
Hero: folds
f14b3c50: calls $0.08
*** FLOP *** [7s Kd 7c]
f14b3c50: checks
c81d51e1: checks
*** TURN *** [7s Kd 7c] [4s]
f14b3c50: checks
c81d51e1: bets $0.14
f14b3c50: calls $0.14
*** RIVER *** [7s Kd 7c 4s] [Qh]
f14b3c50: checks
c81d51e1: bets $0.42
f14b3c50: folds
Uncalled bet ($0.42) returned to c81d51e1
*** SHOWDOWN ***
c81d51e1 collected $0.54 from pot
*** SUMMARY ***
Total pot $0.56 | Rake $0.02 | Jackpot $0 | Bingo $0 | Fortune $0 | Tax $0
Board [7s Kd 7c 4s Qh]
Seat 1: f14b3c50 (big blind) folded on the River
Seat 2: b6f4f408 folded before Flop (didn't bet)
Seat 3: a121d15b folded before Flop (didn't bet)
Seat 4: c81d51e1 won ($0.54)
Seat 5: 3e1837f3 (button) folded before Flop (didn't bet)
Seat 6: Hero (small blind) folded before Flop


Poker Hand #HD1726029164: Hold'em No Limit ($0.02/$0.05) - 2024/04/11 19:07:12
Table 'NLHBlue24' 6-max Seat #4 is the button
Seat 1: f14b3c50 ($41.29 in chips)
Seat 2: b6f4f408 ($13.2 in chips)
Seat 3: a121d15b ($5.52 in chips)
Seat 4: c81d51e1 ($5 in chips)
Seat 5: 3e1837f3 ($14.71 in chips)
Seat 6: Hero ($6.93 in chips)
3e1837f3: posts small blind $0.02
Hero: posts big blind $0.05
*** HOLE CARDS ***
Dealt to f14b3c50 
Dealt to b6f4f408 
Dealt to a121d15b 
Dealt to c81d51e1 
Dealt to 3e1837f3 
Dealt to Hero [Ah 2c]
f14b3c50: folds
b6f4f408: folds
a121d15b: folds
c81d51e1: raises $0.08 to $0.13
3e1837f3: folds
Hero: folds
Uncalled bet ($0.08) returned to c81d51e1
*** SHOWDOWN ***
c81d51e1 collected $0.12 from pot
*** SUMMARY ***
Total pot $0.12 | Rake $0 | Jackpot $0 | Bingo $0 | Fortune $0 | Tax $0
Seat 1: f14b3c50 folded before Flop (didn't bet)
Seat 2: b6f4f408 folded before Flop (didn't bet)
Seat 3: a121d15b folded before Flop (didn't bet)
Seat 4: c81d51e1 (button) collected ($0.12)
Seat 5: 3e1837f3 (small blind) folded before Flop
Seat 6: Hero (big blind) folded before Flop


Poker Hand #HD1726028994: Hold'em No Limit ($0.02/$0.05) - 2024/04/11 19:05:59
Table 'NLHBlue24' 6-max Seat #3 is the button
Seat 1: f14b3c50 ($41.34 in chips)
Seat 2: b6f4f408 ($13.2 in chips)
Seat 3: a121d15b ($5.52 in chips)
Seat 4: c81d51e1 ($5 in chips)
Seat 5: 3e1837f3 ($14.64 in chips)
Seat 6: Hero ($6.93 in chips)
c81d51e1: posts small blind $0.02
3e1837f3: posts big blind $0.05
*** HOLE CARDS ***
Dealt to f14b3c50 
Dealt to b6f4f408 
Dealt to a121d15b 
Dealt to c81d51e1 
Dealt to 3e1837f3 
Dealt to Hero [8s 2c]
Hero: folds
f14b3c50: calls $0.05
b6f4f408: folds
a121d15b: folds
c81d51e1: folds
3e1837f3: checks
*** FLOP *** [2h 9s Tc]
3e1837f3: checks
f14b3c50: checks
*** TURN *** [2h 9s Tc] [9c]
3e1837f3: checks
f14b3c50: checks
*** RIVER *** [2h 9s Tc 9c] [Qh]
3e1837f3: checks
f14b3c50: checks
3e1837f3: shows [6s Kc] (Pair of Nines)
f14b3c50: shows [3s 4d] (Pair of Nines)
*** SHOWDOWN ***
3e1837f3 collected $0.12 from pot
*** SUMMARY ***
Total pot $0.12 | Rake $0 | Jackpot $0 | Bingo $0 | Fortune $0 | Tax $0
Board [2h 9s Tc 9c Qh]
Seat 1: f14b3c50 showed [3s 4d] and lost with Pair of Nines
Seat 2: b6f4f408 folded before Flop (didn't bet)
Seat 3: a121d15b (button) folded before Flop (didn't bet)
Seat 4: c81d51e1 (small blind) folded before Flop
Seat 5: 3e1837f3 (big blind) showed [6s Kc] and won ($0.12) with Pair of Nines
Seat 6: Hero folded before Flop (didn't bet)


Poker Hand #HD1726028944: Hold'em No Limit ($0.02/$0.05) - 2024/04/11 19:05:33
Table 'NLHBlue24' 6-max Seat #2 is the button
Seat 1: f14b3c50 ($41.27 in chips)
Seat 2: b6f4f408 ($13.2 in chips)
Seat 3: a121d15b ($5.54 in chips)
Seat 4: c81d51e1 ($5 in chips)
Seat 5: 3e1837f3 ($14.64 in chips)
Seat 6: Hero ($6.93 in chips)
a121d15b: posts small blind $0.02
c81d51e1: posts big blind $0.05
*** HOLE CARDS ***
Dealt to f14b3c50 
Dealt to b6f4f408 
Dealt to a121d15b 
Dealt to c81d51e1 
Dealt to 3e1837f3 
Dealt to Hero [Qc 7d]
3e1837f3: folds
Hero: folds
f14b3c50: raises $0.12 to $0.17
b6f4f408: folds
a121d15b: folds
c81d51e1: folds
Uncalled bet ($0.12) returned to f14b3c50
*** SHOWDOWN ***
f14b3c50 collected $0.12 from pot
*** SUMMARY ***
Total pot $0.12 | Rake $0 | Jackpot $0 | Bingo $0 | Fortune $0 | Tax $0
Seat 1: f14b3c50 collected ($0.12)
Seat 2: b6f4f408 (button) folded before Flop (didn't bet)
Seat 3: a121d15b (small blind) folded before Flop
Seat 4: c81d51e1 (big blind) folded before Flop
Seat 5: 3e1837f3 folded before Flop (didn't bet)
Seat 6: Hero folded before Flop (didn't bet)


Poker Hand #HD1726028809: Hold'em No Limit ($0.02/$0.05) - 2024/04/11 19:04:28
Table 'NLHBlue24' 6-max Seat #1 is the button
Seat 1: f14b3c50 ($41.47 in chips)
Seat 2: b6f4f408 ($12.97 in chips)
Seat 3: a121d15b ($5.59 in chips)
Seat 4: c81d51e1 ($5 in chips)
Seat 5: 3e1837f3 ($14.64 in chips)
Seat 6: Hero ($6.93 in chips)
b6f4f408: posts small blind $0.02
a121d15b: posts big blind $0.05
*** HOLE CARDS ***
Dealt to f14b3c50 
Dealt to b6f4f408 
Dealt to a121d15b 
Dealt to c81d51e1 
Dealt to 3e1837f3 
Dealt to Hero [Kh 3h]
c81d51e1: folds
3e1837f3: folds
Hero: folds
f14b3c50: calls $0.05
b6f4f408: calls $0.03
a121d15b: checks
*** FLOP *** [9d 4h 8s]
b6f4f408: checks
a121d15b: checks
f14b3c50: checks
*** TURN *** [9d 4h 8s] [5s]
b6f4f408: checks
a121d15b: checks
f14b3c50: bets $0.15
b6f4f408: calls $0.15
a121d15b: folds
*** RIVER *** [9d 4h 8s 5s] [6h]
b6f4f408: checks
f14b3c50: checks
b6f4f408: shows [8h Jh] (Pair of Eights)
f14b3c50: shows [6c Ts] (Pair of Sixes)
*** SHOWDOWN ***
b6f4f408 collected $0.43 from pot
*** SUMMARY ***
Total pot $0.45 | Rake $0.02 | Jackpot $0 | Bingo $0 | Fortune $0 | Tax $0
Board [9d 4h 8s 5s 6h]
Seat 1: f14b3c50 (button) showed [6c Ts] and lost with Pair of Sixes
Seat 2: b6f4f408 (small blind) showed [8h Jh] and won ($0.43) with Pair of Eights
Seat 3: a121d15b (big blind) folded on the Turn
Seat 4: c81d51e1 folded before Flop (didn't bet)
Seat 5: 3e1837f3 folded before Flop (didn't bet)
Seat 6: Hero folded before Flop (didn't bet)


Poker Hand #HD1726028758: Hold'em No Limit ($0.02/$0.05) - 2024/04/11 19:04:07
Table 'NLHBlue24' 6-max Seat #6 is the button
Seat 1: f14b3c50 ($41.42 in chips)
Seat 2: b6f4f408 ($13.02 in chips)
Seat 4: c81d51e1 ($5 in chips)
Seat 5: 3e1837f3 ($14.64 in chips)
Seat 6: Hero ($6.93 in chips)
f14b3c50: posts small blind $0.02
b6f4f408: posts big blind $0.05
*** HOLE CARDS ***
Dealt to f14b3c50 
Dealt to b6f4f408 
Dealt to c81d51e1 
Dealt to 3e1837f3 
Dealt to Hero [Kh 3s]
c81d51e1: folds
3e1837f3: folds
Hero: folds
f14b3c50: raises $34.19 to $34.24
b6f4f408: folds
Uncalled bet ($34.19) returned to f14b3c50
*** SHOWDOWN ***
f14b3c50 collected $0.1 from pot
*** SUMMARY ***
Total pot $0.1 | Rake $0 | Jackpot $0 | Bingo $0 | Fortune $0 | Tax $0
Seat 1: f14b3c50 (small blind) collected ($0.1)
Seat 2: b6f4f408 (big blind) folded before Flop
Seat 4: c81d51e1 folded before Flop (didn't bet)
Seat 5: 3e1837f3 folded before Flop (didn't bet)
Seat 6: Hero (button) folded before Flop (didn't bet)


Poker Hand #HD1726028693: Hold'em No Limit ($0.02/$0.05) - 2024/04/11 19:03:34
Table 'NLHBlue24' 6-max Seat #5 is the button
Seat 1: f14b3c50 ($41.19 in chips)
Seat 2: b6f4f408 ($13.02 in chips)
Seat 4: c81d51e1 ($5 in chips)
Seat 5: 3e1837f3 ($14.64 in chips)
Seat 6: Hero ($6.95 in chips)
Hero: posts small blind $0.02
f14b3c50: posts big blind $0.05
*** HOLE CARDS ***
Dealt to f14b3c50 
Dealt to b6f4f408 
Dealt to c81d51e1 
Dealt to 3e1837f3 
Dealt to Hero [Jc 5h]
b6f4f408: folds
c81d51e1: raises $0.08 to $0.13
3e1837f3: folds
Hero: folds
f14b3c50: calls $0.08
*** FLOP *** [7c Ah As]
f14b3c50: checks
c81d51e1: bets $0.1
f14b3c50: calls $0.1
*** TURN *** [7c Ah As] [5d]
f14b3c50: checks
c81d51e1: checks
*** RIVER *** [7c Ah As 5d] [Th]
f14b3c50: checks
c81d51e1: checks
f14b3c50: shows [Kh 4d] (Pair of Aces)
c81d51e1: shows [4c Qc] (Pair of Aces)
*** SHOWDOWN ***
f14b3c50 collected $0.46 from pot
*** SUMMARY ***
Total pot $0.48 | Rake $0.02 | Jackpot $0 | Bingo $0 | Fortune $0 | Tax $0
Board [7c Ah As 5d Th]
Seat 1: f14b3c50 (big blind) showed [Kh 4d] and won ($0.46) with Pair of Aces
Seat 2: b6f4f408 folded before Flop (didn't bet)
Seat 4: c81d51e1 showed [4c Qc] and lost with Pair of Aces
Seat 5: 3e1837f3 (button) folded before Flop (didn't bet)
Seat 6: Hero (small blind) folded before Flop


Poker Hand #HD1726028515: Hold'em No Limit ($0.02/$0.05) - 2024/04/11 19:02:19
Table 'NLHBlue24' 6-max Seat #4 is the button
Seat 1: f14b3c50 ($41.19 in chips)
Seat 2: b6f4f408 ($13.02 in chips)
Seat 4: c81d51e1 ($5 in chips)
Seat 5: 3e1837f3 ($14.66 in chips)
Seat 6: Hero ($6.95 in chips)
3e1837f3: posts small blind $0.02
Hero: posts big blind $0.05
*** HOLE CARDS ***
Dealt to f14b3c50 
Dealt to b6f4f408 
Dealt to c81d51e1 
Dealt to 3e1837f3 
Dealt to Hero [4s As]
f14b3c50: folds
b6f4f408: raises $0.05 to $0.1
c81d51e1: folds
3e1837f3: folds
Hero: calls $0.05
*** FLOP *** [2d 6c 7s]
Hero: checks
b6f4f408: checks
*** TURN *** [2d 6c 7s] [Ac]
Hero: checks
b6f4f408: bets $0.11
Hero: calls $0.11
*** RIVER *** [2d 6c 7s Ac] [6d]
Hero: checks
b6f4f408: checks
Hero: shows [4s As] (Pair of Aces and Pair of Sixes)
b6f4f408: shows [Ad 4d] (Pair of Aces and Pair of Sixes)
f14b3c50: shows [4h] (Pair of Sixes)
*** SHOWDOWN ***
Hero collected $0.21 from pot
b6f4f408 collected $0.21 from pot
*** SUMMARY ***
Total pot $0.44 | Rake $0.02 | Jackpot $0 | Bingo $0 | Fortune $0 | Tax $0
Board [2d 6c 7s Ac 6d]
Seat 1: f14b3c50 folded before Flop (didn't bet)
Seat 2: b6f4f408 showed [Ad 4d] and won ($0.21) with Pair of Aces and Pair of Sixes
Seat 4: c81d51e1 (button) folded before Flop (didn't bet)
Seat 5: 3e1837f3 (small blind) folded before Flop
Seat 6: Hero (big blind) showed [4s As] and won ($0.21) with Pair of Aces and Pair of Sixes


Poker Hand #HD1726028473: Hold'em No Limit ($0.02/$0.05) - 2024/04/11 19:01:59
Table 'NLHBlue24' 6-max Seat #2 is the button
Seat 1: f14b3c50 ($41.12 in chips)
Seat 2: b6f4f408 ($13.02 in chips)
Seat 4: c81d51e1 ($5 in chips)
Seat 5: 3e1837f3 ($14.71 in chips)
Seat 6: Hero ($6.95 in chips)
c81d51e1: posts small blind $0.02
3e1837f3: posts big blind $0.05
*** HOLE CARDS ***
Dealt to f14b3c50 
Dealt to b6f4f408 
Dealt to c81d51e1 
Dealt to 3e1837f3 
Dealt to Hero [Td 8h]
Hero: folds
f14b3c50: raises $0.12 to $0.17
b6f4f408: folds
c81d51e1: folds
3e1837f3: folds
Uncalled bet ($0.12) returned to f14b3c50
*** SHOWDOWN ***
f14b3c50 collected $0.12 from pot
*** SUMMARY ***
Total pot $0.12 | Rake $0 | Jackpot $0 | Bingo $0 | Fortune $0 | Tax $0
Seat 1: f14b3c50 collected ($0.12)
Seat 2: b6f4f408 (button) folded before Flop (didn't bet)
Seat 4: c81d51e1 (small blind) folded before Flop
Seat 5: 3e1837f3 (big blind) folded before Flop
Seat 6: Hero folded before Flop (didn't bet)


Poker Hand #HD1726028403: Hold'em No Limit ($0.02/$0.05) - 2024/04/11 19:01:26
Table 'NLHBlue24' 6-max Seat #1 is the button
Seat 1: f14b3c50 ($41.12 in chips)
Seat 2: b6f4f408 ($13.04 in chips)
Seat 4: c81d51e1 ($5 in chips)
Seat 5: 3e1837f3 ($14.71 in chips)
Seat 6: Hero ($6.88 in chips)
b6f4f408: posts small blind $0.02
c81d51e1: posts big blind $0.05
*** HOLE CARDS ***
Dealt to f14b3c50 
Dealt to b6f4f408 
Dealt to c81d51e1 
Dealt to 3e1837f3 
Dealt to Hero [Tc Ah]
3e1837f3: folds
Hero: raises $0.08 to $0.13
f14b3c50: folds
b6f4f408: folds
c81d51e1: folds
Uncalled bet ($0.08) returned to Hero
*** SHOWDOWN ***
Hero collected $0.12 from pot
*** SUMMARY ***
Total pot $0.12 | Rake $0 | Jackpot $0 | Bingo $0 | Fortune $0 | Tax $0
Seat 1: f14b3c50 (button) folded before Flop (didn't bet)
Seat 2: b6f4f408 (small blind) folded before Flop
Seat 4: c81d51e1 (big blind) folded before Flop
Seat 5: 3e1837f3 folded before Flop (didn't bet)
Seat 6: Hero collected ($0.12)


Poker Hand #HD1726028272: Hold'em No Limit ($0.02/$0.05) - 2024/04/11 19:00:28
Table 'NLHBlue24' 6-max Seat #6 is the button
Seat 1: f14b3c50 ($34.94 in chips)
Seat 2: b6f4f408 ($13.09 in chips)
Seat 3: a121d15b ($5.59 in chips)
Seat 4: c81d51e1 ($6.68 in chips)
Seat 5: 3e1837f3 ($14.71 in chips)
Seat 6: Hero ($6.88 in chips)
f14b3c50: posts small blind $0.02
b6f4f408: posts big blind $0.05
*** HOLE CARDS ***
Dealt to f14b3c50 
Dealt to b6f4f408 
Dealt to a121d15b 
Dealt to c81d51e1 
Dealt to 3e1837f3 
Dealt to Hero [Ts Kh]
a121d15b: folds
c81d51e1: raises $0.08 to $0.13
3e1837f3: folds
Hero: folds
f14b3c50: raises $0.31 to $0.44
b6f4f408: folds
c81d51e1: calls $0.31
*** FLOP *** [5d Th Js]
f14b3c50: bets $0.7
c81d51e1: calls $0.7
*** TURN *** [5d Th Js] [6c]
f14b3c50: bets $2.33
c81d51e1: raises $3.21 to $5.54 and is all-in
f14b3c50: calls $3.21
c81d51e1: shows [Ah Jh] (Pair of Jacks)
f14b3c50: shows [Tc 5c] (Pair of Tens and Pair of Fives)
*** FIRST RIVER *** [5d Th Js 6c] [3h]
*** SECOND RIVER *** [5d Th Js 6c] [7c]
*** FIRST SHOWDOWN ***
f14b3c50 collected $6.43 from pot
*** SECOND SHOWDOWN ***
f14b3c50 collected $6.43 from pot
*** SUMMARY ***
Total pot $13.41 | Rake $0.5 | Jackpot $0.05 | Bingo $0 | Fortune $0 | Tax $0
Hand was run two times
FIRST Board [5d Th Js 6c 3h]
SECOND Board [7c]
Seat 1: f14b3c50 (small blind) showed [Tc 5c] and won ($6.43) with Pair of Tens and Pair of Fives, and won ($6.43)
Seat 2: b6f4f408 (big blind) folded before Flop
Seat 3: a121d15b folded before Flop (didn't bet)
Seat 4: c81d51e1 showed [Ah Jh] and lost with Pair of Jacks, and lost
Seat 5: 3e1837f3 folded before Flop (didn't bet)
Seat 6: Hero (button) folded before Flop (didn't bet)


Poker Hand #HD1726028152: Hold'em No Limit ($0.02/$0.05) - 2024/04/11 18:59:33
Table 'NLHBlue24' 6-max Seat #5 is the button
Seat 1: f14b3c50 ($36.73 in chips)
Seat 2: b6f4f408 ($13.19 in chips)
Seat 3: a121d15b ($5.59 in chips)
Seat 4: c81d51e1 ($5 in chips)
Seat 5: 3e1837f3 ($14.71 in chips)
Seat 6: Hero ($6.9 in chips)
Hero: posts small blind $0.02
f14b3c50: posts big blind $0.05
*** HOLE CARDS ***
Dealt to f14b3c50 
Dealt to b6f4f408 
Dealt to a121d15b 
Dealt to c81d51e1 
Dealt to 3e1837f3 
Dealt to Hero [Kc 5s]
b6f4f408: raises $0.05 to $0.1
a121d15b: folds
c81d51e1: calls $0.1
3e1837f3: folds
Hero: folds
f14b3c50: calls $0.05
*** FLOP *** [8s Kd Kh]
f14b3c50: checks
b6f4f408: checks
c81d51e1: checks
*** TURN *** [8s Kd Kh] [6s]
f14b3c50: checks
b6f4f408: checks
c81d51e1: checks
*** RIVER *** [8s Kd Kh 6s] [3s]
f14b3c50: bets $0.32
b6f4f408: folds
c81d51e1: raises $1.37 to $1.69
f14b3c50: calls $1.37
c81d51e1: shows [9s Qs] (Queen High Flush)
f14b3c50: shows [6h 9c] (Pair of Kings and Pair of Sixes)
*** SHOWDOWN ***
c81d51e1 collected $3.47 from pot
*** SUMMARY ***
Total pot $3.7 | Rake $0.18 | Jackpot $0.05 | Bingo $0 | Fortune $0 | Tax $0
Board [8s Kd Kh 6s 3s]
Seat 1: f14b3c50 (big blind) showed [6h 9c] and lost with Pair of Kings and Pair of Sixes
Seat 2: b6f4f408 folded on the River
Seat 3: a121d15b folded before Flop (didn't bet)
Seat 4: c81d51e1 showed [9s Qs] and won ($3.47) with Queen High Flush
Seat 5: 3e1837f3 (button) folded before Flop (didn't bet)
Seat 6: Hero (small blind) folded before Flop


Poker Hand #HD1726028102: Hold'em No Limit ($0.02/$0.05) - 2024/04/11 18:59:09
Table 'NLHBlue24' 6-max Seat #4 is the button
Seat 1: f14b3c50 ($36.66 in chips)
Seat 2: b6f4f408 ($13.19 in chips)
Seat 3: a121d15b ($5.59 in chips)
Seat 4: c81d51e1 ($5 in chips)
Seat 5: 3e1837f3 ($14.73 in chips)
Seat 6: Hero ($6.95 in chips)
3e1837f3: posts small blind $0.02
Hero: posts big blind $0.05
*** HOLE CARDS ***
Dealt to f14b3c50 
Dealt to b6f4f408 
Dealt to a121d15b 
Dealt to c81d51e1 
Dealt to 3e1837f3 
Dealt to Hero [Ts 3h]
f14b3c50: calls $0.05
b6f4f408: folds
a121d15b: folds
c81d51e1: folds
3e1837f3: folds
Hero: checks
*** FLOP *** [Ks 6s 8h]
Hero: checks
f14b3c50: checks
*** TURN *** [Ks 6s 8h] [6h]
Hero: checks
f14b3c50: bets $0.12
Hero: folds
Uncalled bet ($0.12) returned to f14b3c50
*** SHOWDOWN ***
f14b3c50 collected $0.12 from pot
*** SUMMARY ***
Total pot $0.12 | Rake $0 | Jackpot $0 | Bingo $0 | Fortune $0 | Tax $0
Board [Ks 6s 8h 6h]
Seat 1: f14b3c50 won ($0.12)
Seat 2: b6f4f408 folded before Flop (didn't bet)
Seat 3: a121d15b folded before Flop (didn't bet)
Seat 4: c81d51e1 (button) folded before Flop (didn't bet)
Seat 5: 3e1837f3 (small blind) folded before Flop
Seat 6: Hero (big blind) folded on the Turn


Poker Hand #HD1726027990: Hold'em No Limit ($0.02/$0.05) - 2024/04/11 18:58:23
Table 'NLHBlue24' 6-max Seat #3 is the button
Seat 1: f14b3c50 ($36.48 in chips)
Seat 2: b6f4f408 ($13.19 in chips)
Seat 3: a121d15b ($5.59 in chips)
Seat 4: c81d51e1 ($5 in chips)
Seat 5: 3e1837f3 ($14.9 in chips)
Seat 6: Hero ($6.95 in chips)
c81d51e1: posts small blind $0.02
3e1837f3: posts big blind $0.05
*** HOLE CARDS ***
Dealt to f14b3c50 
Dealt to b6f4f408 
Dealt to a121d15b 
Dealt to c81d51e1 
Dealt to 3e1837f3 
Dealt to Hero [Ac 6s]
Hero: folds
f14b3c50: raises $0.12 to $0.17
b6f4f408: folds
a121d15b: folds
c81d51e1: folds
3e1837f3: calls $0.12
*** FLOP *** [4h Kd 3s]
3e1837f3: checks
f14b3c50: checks
*** TURN *** [4h Kd 3s] [7c]
3e1837f3: checks
f14b3c50: bets $0.27
3e1837f3: folds
Uncalled bet ($0.27) returned to f14b3c50
f14b3c50: shows [Ah] (Ace-High)
*** SHOWDOWN ***
f14b3c50 collected $0.35 from pot
*** SUMMARY ***
Total pot $0.36 | Rake $0.01 | Jackpot $0 | Bingo $0 | Fortune $0 | Tax $0
Board [4h Kd 3s 7c]
Seat 1: f14b3c50 showed [Ah] and won ($0.35)
Seat 2: b6f4f408 folded before Flop (didn't bet)
Seat 3: a121d15b (button) folded before Flop (didn't bet)
Seat 4: c81d51e1 (small blind) folded before Flop
Seat 5: 3e1837f3 (big blind) folded on the Turn
Seat 6: Hero folded before Flop (didn't bet)


Poker Hand #HD1726027908: Hold'em No Limit ($0.02/$0.05) - 2024/04/11 18:57:50
Table 'NLHBlue24' 6-max Seat #2 is the button
Seat 1: f14b3c50 ($36.41 in chips)
Seat 2: b6f4f408 ($13.19 in chips)
Seat 3: a121d15b ($5.61 in chips)
Seat 4: c81d51e1 ($5 in chips)
Seat 5: 3e1837f3 ($14.9 in chips)
Seat 6: Hero ($6.95 in chips)
a121d15b: posts small blind $0.02
c81d51e1: posts big blind $0.05
*** HOLE CARDS ***
Dealt to f14b3c50 
Dealt to b6f4f408 
Dealt to a121d15b 
Dealt to c81d51e1 
Dealt to 3e1837f3 
Dealt to Hero [8h Tc]
3e1837f3: folds
Hero: folds
f14b3c50: raises $0.51 to $0.56
b6f4f408: folds
a121d15b: folds
c81d51e1: folds
Uncalled bet ($0.51) returned to f14b3c50
*** SHOWDOWN ***
f14b3c50 collected $0.12 from pot
*** SUMMARY ***
Total pot $0.12 | Rake $0 | Jackpot $0 | Bingo $0 | Fortune $0 | Tax $0
Seat 1: f14b3c50 collected ($0.12)
Seat 2: b6f4f408 (button) folded before Flop (didn't bet)
Seat 3: a121d15b (small blind) folded before Flop
Seat 4: c81d51e1 (big blind) folded before Flop
Seat 5: 3e1837f3 folded before Flop (didn't bet)
Seat 6: Hero folded before Flop (didn't bet)


Poker Hand #HD1726027834: Hold'em No Limit ($0.02/$0.05) - 2024/04/11 18:57:20
Table 'NLHBlue24' 6-max Seat #1 is the button
Seat 1: f14b3c50 ($36.34 in chips)
Seat 2: b6f4f408 ($13.21 in chips)
Seat 3: a121d15b ($5.66 in chips)
Seat 4: c81d51e1 ($5 in chips)
Seat 5: 3e1837f3 ($14.9 in chips)
Seat 6: Hero ($6.95 in chips)
b6f4f408: posts small blind $0.02
a121d15b: posts big blind $0.05
*** HOLE CARDS ***
Dealt to f14b3c50 
Dealt to b6f4f408 
Dealt to a121d15b 
Dealt to c81d51e1 
Dealt to 3e1837f3 
Dealt to Hero [8h Tc]
c81d51e1: folds
3e1837f3: folds
Hero: folds
f14b3c50: calls $0.05
b6f4f408: folds
a121d15b: checks
*** FLOP *** [2h 3c As]
a121d15b: checks
f14b3c50: bets $0.4
a121d15b: folds
Uncalled bet ($0.4) returned to f14b3c50
*** SHOWDOWN ***
f14b3c50 collected $0.12 from pot
*** SUMMARY ***
Total pot $0.12 | Rake $0 | Jackpot $0 | Bingo $0 | Fortune $0 | Tax $0
Board [2h 3c As]
Seat 1: f14b3c50 (button) won ($0.12)
Seat 2: b6f4f408 (small blind) folded before Flop
Seat 3: a121d15b (big blind) folded on the Flop
Seat 4: c81d51e1 folded before Flop (didn't bet)
Seat 5: 3e1837f3 folded before Flop (didn't bet)
Seat 6: Hero folded before Flop (didn't bet)


Poker Hand #HD1726027744: Hold'em No Limit ($0.02/$0.05) - 2024/04/11 18:56:42
Table 'NLHBlue24' 6-max Seat #6 is the button
Seat 1: f14b3c50 ($35.96 in chips)
Seat 2: b6f4f408 ($13.26 in chips)
Seat 3: a121d15b ($5.66 in chips)
Seat 4: c81d51e1 ($5 in chips)
Seat 5: 3e1837f3 ($14.9 in chips)
Seat 6: Hero ($6.95 in chips)
f14b3c50: posts small blind $0.02
b6f4f408: posts big blind $0.05
*** HOLE CARDS ***
Dealt to f14b3c50 
Dealt to b6f4f408 
Dealt to a121d15b 
Dealt to c81d51e1 
Dealt to 3e1837f3 
Dealt to Hero [Th 6s]
a121d15b: folds
c81d51e1: raises $0.08 to $0.13
3e1837f3: folds
Hero: folds
f14b3c50: raises $0.24 to $0.37
b6f4f408: folds
c81d51e1: calls $0.24
*** FLOP *** [4s 2h 9c]
f14b3c50: checks
c81d51e1: checks
*** TURN *** [4s 2h 9c] [9d]
f14b3c50: checks
c81d51e1: checks
*** RIVER *** [4s 2h 9c 9d] [2c]
f14b3c50: bets $35.59 and is all-in
c81d51e1: folds
Uncalled bet ($35.59) returned to f14b3c50
*** SHOWDOWN ***
f14b3c50 collected $0.75 from pot
*** SUMMARY ***
Total pot $0.79 | Rake $0.04 | Jackpot $0 | Bingo $0 | Fortune $0 | Tax $0
Board [4s 2h 9c 9d 2c]
Seat 1: f14b3c50 (small blind) won ($0.75)
Seat 2: b6f4f408 (big blind) folded before Flop
Seat 3: a121d15b folded before Flop (didn't bet)
Seat 4: c81d51e1 folded on the River
Seat 5: 3e1837f3 folded before Flop (didn't bet)
Seat 6: Hero (button) folded before Flop (didn't bet)


Poker Hand #HD1726027590: Hold'em No Limit ($0.02/$0.05) - 2024/04/11 18:55:32
Table 'NLHBlue24' 6-max Seat #5 is the button
Seat 1: f14b3c50 ($35.82 in chips)
Seat 2: b6f4f408 ($13.26 in chips)
Seat 3: a121d15b ($5.66 in chips)
Seat 4: c81d51e1 ($5 in chips)
Seat 5: 3e1837f3 ($14.9 in chips)
Seat 6: Hero ($7.1 in chips)
Hero: posts small blind $0.02
f14b3c50: posts big blind $0.05
*** HOLE CARDS ***
Dealt to f14b3c50 
Dealt to b6f4f408 
Dealt to a121d15b 
Dealt to c81d51e1 
Dealt to 3e1837f3 
Dealt to Hero [9h 4h]
b6f4f408: folds
a121d15b: folds
c81d51e1: folds
3e1837f3: folds
Hero: raises $0.1 to $0.15
f14b3c50: calls $0.1
*** FLOP *** [4s Ts Ad]
Hero: checks
f14b3c50: checks
*** TURN *** [4s Ts Ad] [7s]
Hero: checks
f14b3c50: checks
*** RIVER *** [4s Ts Ad 7s] [9s]
Hero: checks
f14b3c50: bets $0.23
Hero: folds
Uncalled bet ($0.23) returned to f14b3c50
f14b3c50: shows [2d Jd] (Ace-High)
*** SHOWDOWN ***
f14b3c50 collected $0.29 from pot
*** SUMMARY ***
Total pot $0.3 | Rake $0.01 | Jackpot $0 | Bingo $0 | Fortune $0 | Tax $0
Board [4s Ts Ad 7s 9s]
Seat 1: f14b3c50 (big blind) showed [2d Jd] and won ($0.29)
Seat 2: b6f4f408 folded before Flop (didn't bet)
Seat 3: a121d15b folded before Flop (didn't bet)
Seat 4: c81d51e1 folded before Flop (didn't bet)
Seat 5: 3e1837f3 (button) folded before Flop (didn't bet)
Seat 6: Hero (small blind) folded on the River


Poker Hand #HD1726027422: Hold'em No Limit ($0.02/$0.05) - 2024/04/11 18:54:24
Table 'NLHBlue24' 6-max Seat #4 is the button
Seat 1: f14b3c50 ($23.95 in chips)
Seat 2: b6f4f408 ($13.26 in chips)
Seat 3: a121d15b ($5.66 in chips)
Seat 4: c81d51e1 ($5 in chips)
Seat 5: 3e1837f3 ($12.37 in chips)
Seat 6: Hero ($7.15 in chips)
3e1837f3: posts small blind $0.02
Hero: posts big blind $0.05
*** HOLE CARDS ***
Dealt to f14b3c50 
Dealt to b6f4f408 
Dealt to a121d15b 
Dealt to c81d51e1 
Dealt to 3e1837f3 
Dealt to Hero [2c Js]
f14b3c50: raises $23.9 to $23.95 and is all-in
b6f4f408: folds
a121d15b: folds
c81d51e1: folds
3e1837f3: calls $12.35 and is all-in
Hero: folds
Uncalled bet ($11.58) returned to f14b3c50
f14b3c50: shows [8c 4s]
3e1837f3: shows [Th Ah]
*** FLOP *** [6c 5d Jd]
*** TURN *** [6c 5d Jd] [Kc]
*** RIVER *** [6c 5d Jd Kc] [4h]
3e1837f3: Receives Cashout ($14.9)
*** SHOWDOWN ***
f14b3c50 collected $24.24 from pot
*** SUMMARY ***
Total pot $24.79 | Rake $0.5 | Jackpot $0.05 | Bingo $0 | Fortune $0 | Tax $0
Board [6c 5d Jd Kc 4h]
Seat 1: f14b3c50 showed [8c 4s] and won ($24.24) with Pair of Fours
Seat 2: b6f4f408 folded before Flop (didn't bet)
Seat 3: a121d15b folded before Flop (didn't bet)
Seat 4: c81d51e1 (button) folded before Flop (didn't bet)
Seat 5: 3e1837f3 (small blind) showed [Th Ah] and lost with Ace-High, EV Cashout ($14.9)
Seat 6: Hero (big blind) folded before Flop


Poker Hand #HD1726027281: Hold'em No Limit ($0.02/$0.05) - 2024/04/11 18:53:20
Table 'NLHBlue24' 6-max Seat #3 is the button
Seat 1: f14b3c50 ($27.78 in chips)
Seat 2: b6f4f408 ($9.79 in chips)
Seat 3: a121d15b ($5.66 in chips)
Seat 4: c81d51e1 ($5 in chips)
Seat 5: 3e1837f3 ($12.42 in chips)
Seat 6: Hero ($7.15 in chips)
c81d51e1: posts small blind $0.02
3e1837f3: posts big blind $0.05
*** HOLE CARDS ***
Dealt to f14b3c50 
Dealt to b6f4f408 
Dealt to a121d15b 
Dealt to c81d51e1 
Dealt to 3e1837f3 
Dealt to Hero [7d 4d]
Hero: folds
f14b3c50: raises $0.12 to $0.17
b6f4f408: calls $0.17
a121d15b: folds
c81d51e1: folds
3e1837f3: folds
*** FLOP *** [Tc 9s 3d]
f14b3c50: bets $0.41
b6f4f408: calls $0.41
*** TURN *** [Tc 9s 3d] [3h]
f14b3c50: bets $0.93
b6f4f408: calls $0.93
*** RIVER *** [Tc 9s 3d 3h] [6d]
f14b3c50: bets $2.32
b6f4f408: calls $2.32
f14b3c50: shows [Ac 8s] (Pair of Treys)
b6f4f408: shows [9d 8d] (Pair of Nines and Pair of Treys)
*** SHOWDOWN ***
b6f4f408 collected $7.3 from pot
*** SUMMARY ***
Total pot $7.73 | Rake $0.38 | Jackpot $0.05 | Bingo $0 | Fortune $0 | Tax $0
Board [Tc 9s 3d 3h 6d]
Seat 1: f14b3c50 showed [Ac 8s] and lost with Pair of Treys
Seat 2: b6f4f408 showed [9d 8d] and won ($7.3) with Pair of Nines and Pair of Treys
Seat 3: a121d15b (button) folded before Flop (didn't bet)
Seat 4: c81d51e1 (small blind) folded before Flop
Seat 5: 3e1837f3 (big blind) folded before Flop
Seat 6: Hero folded before Flop (didn't bet)


Poker Hand #HD1726027109: Hold'em No Limit ($0.02/$0.05) - 2024/04/11 18:52:08
Table 'NLHBlue24' 6-max Seat #2 is the button
Seat 1: f14b3c50 ($34.23 in chips)
Seat 2: b6f4f408 ($9.79 in chips)
Seat 3: a121d15b ($5.68 in chips)
Seat 4: c81d51e1 ($5 in chips)
Seat 5: 3e1837f3 ($6.45 in chips)
Seat 6: Hero ($7.15 in chips)
a121d15b: posts small blind $0.02
c81d51e1: posts big blind $0.05
*** HOLE CARDS ***
Dealt to f14b3c50 
Dealt to b6f4f408 
Dealt to a121d15b 
Dealt to c81d51e1 
Dealt to 3e1837f3 
Dealt to Hero [As 7d]
3e1837f3: raises $0.05 to $0.1
Hero: folds
f14b3c50: calls $0.1
b6f4f408: folds
a121d15b: folds
c81d51e1: folds
*** FLOP *** [3h Td 2h]
3e1837f3: checks
f14b3c50: bets $0.27
3e1837f3: calls $0.27
*** TURN *** [3h Td 2h] [Kh]
3e1837f3: checks
f14b3c50: bets $0.81
3e1837f3: calls $0.81
*** RIVER *** [3h Td 2h Kh] [6c]
3e1837f3: checks
f14b3c50: bets $1.83
3e1837f3: raises $3.44 to $5.27 and is all-in
f14b3c50: calls $3.44
3e1837f3: shows [Kc 2c] (Pair of Kings and Pair of Twos)
f14b3c50: shows [Ts 8d] (Pair of Tens)
*** SHOWDOWN ***
3e1837f3 collected $12.42 from pot
*** SUMMARY ***
Total pot $12.97 | Rake $0.5 | Jackpot $0.05 | Bingo $0 | Fortune $0 | Tax $0
Board [3h Td 2h Kh 6c]
Seat 1: f14b3c50 showed [Ts 8d] and lost with Pair of Tens
Seat 2: b6f4f408 (button) folded before Flop (didn't bet)
Seat 3: a121d15b (small blind) folded before Flop
Seat 4: c81d51e1 (big blind) folded before Flop
Seat 5: 3e1837f3 showed [Kc 2c] and won ($12.42) with Pair of Kings and Pair of Twos
Seat 6: Hero folded before Flop (didn't bet)


Poker Hand #HD1726026923: Hold'em No Limit ($0.02/$0.05) - 2024/04/11 18:50:36
Table 'NLHBlue24' 6-max Seat #1 is the button
Seat 1: f14b3c50 ($28.29 in chips)
Seat 2: b6f4f408 ($9.81 in chips)
Seat 3: a121d15b ($5.73 in chips)
Seat 4: c81d51e1 ($5 in chips)
Seat 5: 3e1837f3 ($12.87 in chips)
Seat 6: Hero ($7.15 in chips)
b6f4f408: posts small blind $0.02
a121d15b: posts big blind $0.05
*** HOLE CARDS ***
Dealt to f14b3c50 
Dealt to b6f4f408 
Dealt to a121d15b 
Dealt to c81d51e1 
Dealt to 3e1837f3 
Dealt to Hero [6h 6d]
c81d51e1: folds
3e1837f3: raises $0.07 to $0.12
Hero: folds
f14b3c50: raises $0.31 to $0.43
b6f4f408: folds
a121d15b: folds
3e1837f3: raises $0.93 to $1.36
f14b3c50: calls $0.93
*** FLOP *** [Js 3c 3d]
3e1837f3: bets $0.94
f14b3c50: calls $0.94
*** TURN *** [Js 3c 3d] [Jd]
3e1837f3: checks
f14b3c50: bets $1.55
3e1837f3: calls $1.55
*** RIVER *** [Js 3c 3d Jd] [5c]
3e1837f3: checks
f14b3c50: bets $2.57
3e1837f3: calls $2.57
f14b3c50: shows [3s 4s] (Treys Full over Jacks)
3e1837f3: shows [2h Ah] (Pair of Jacks and Pair of Treys)
*** SHOWDOWN ***
f14b3c50 collected $12.36 from pot
*** SUMMARY ***
Total pot $12.91 | Rake $0.5 | Jackpot $0.05 | Bingo $0 | Fortune $0 | Tax $0
Board [Js 3c 3d Jd 5c]
Seat 1: f14b3c50 (button) showed [3s 4s] and won ($12.36) with Treys Full over Jacks
Seat 2: b6f4f408 (small blind) folded before Flop
Seat 3: a121d15b (big blind) folded before Flop
Seat 4: c81d51e1 folded before Flop (didn't bet)
Seat 5: 3e1837f3 showed [2h Ah] and lost with Pair of Jacks and Pair of Treys
Seat 6: Hero folded before Flop (didn't bet)


Poker Hand #HD1726026888: Hold'em No Limit ($0.02/$0.05) - 2024/04/11 18:50:23
Table 'NLHBlue24' 6-max Seat #6 is the button
Seat 1: f14b3c50 ($28.24 in chips)
Seat 2: b6f4f408 ($9.86 in chips)
Seat 3: a121d15b ($5.73 in chips)
Seat 4: c81d51e1 ($5 in chips)
Seat 5: 3e1837f3 ($12.87 in chips)
Seat 6: Hero ($7.15 in chips)
f14b3c50: posts small blind $0.02
b6f4f408: posts big blind $0.05
*** HOLE CARDS ***
Dealt to f14b3c50 
Dealt to b6f4f408 
Dealt to a121d15b 
Dealt to c81d51e1 
Dealt to 3e1837f3 
Dealt to Hero [3s 8c]
a121d15b: folds
c81d51e1: folds
3e1837f3: folds
Hero: folds
f14b3c50: raises $0.1 to $0.15
b6f4f408: folds
Uncalled bet ($0.1) returned to f14b3c50
*** SHOWDOWN ***
f14b3c50 collected $0.1 from pot
*** SUMMARY ***
Total pot $0.1 | Rake $0 | Jackpot $0 | Bingo $0 | Fortune $0 | Tax $0
Seat 1: f14b3c50 (small blind) collected ($0.1)
Seat 2: b6f4f408 (big blind) folded before Flop
Seat 3: a121d15b folded before Flop (didn't bet)
Seat 4: c81d51e1 folded before Flop (didn't bet)
Seat 5: 3e1837f3 folded before Flop (didn't bet)
Seat 6: Hero (button) folded before Flop (didn't bet)


Poker Hand #HD1726026824: Hold'em No Limit ($0.02/$0.05) - 2024/04/11 18:49:53
Table 'NLHBlue24' 6-max Seat #5 is the button
Seat 1: f14b3c50 ($27.93 in chips)
Seat 2: b6f4f408 ($10.18 in chips)
Seat 3: a121d15b ($5.73 in chips)
Seat 4: c81d51e1 ($5 in chips)
Seat 5: 3e1837f3 ($12.87 in chips)
Seat 6: Hero ($7.17 in chips)
Hero: posts small blind $0.02
f14b3c50: posts big blind $0.05
*** HOLE CARDS ***
Dealt to f14b3c50 
Dealt to b6f4f408 
Dealt to a121d15b 
Dealt to c81d51e1 
Dealt to 3e1837f3 
Dealt to Hero [2c 7h]
b6f4f408: raises $0.05 to $0.1
a121d15b: folds
c81d51e1: folds
3e1837f3: folds
Hero: folds
f14b3c50: raises $0.22 to $0.32
b6f4f408: calls $0.22
*** FLOP *** [2d 9h 8d]
f14b3c50: bets $0.66
b6f4f408: folds
Uncalled bet ($0.66) returned to f14b3c50
*** SHOWDOWN ***
f14b3c50 collected $0.63 from pot
*** SUMMARY ***
Total pot $0.66 | Rake $0.03 | Jackpot $0 | Bingo $0 | Fortune $0 | Tax $0
Board [2d 9h 8d]
Seat 1: f14b3c50 (big blind) won ($0.63)
Seat 2: b6f4f408 folded on the Flop
Seat 3: a121d15b folded before Flop (didn't bet)
Seat 4: c81d51e1 folded before Flop (didn't bet)
Seat 5: 3e1837f3 (button) folded before Flop (didn't bet)
Seat 6: Hero (small blind) folded before Flop


Poker Hand #HD1726026758: Hold'em No Limit ($0.02/$0.05) - 2024/04/11 18:49:26
Table 'NLHBlue24' 6-max Seat #4 is the button
Seat 1: f14b3c50 ($27.75 in chips)
Seat 2: b6f4f408 ($10.18 in chips)
Seat 3: a121d15b ($5.73 in chips)
Seat 4: c81d51e1 ($5 in chips)
Seat 5: 3e1837f3 ($12.89 in chips)
Seat 6: Hero ($7.34 in chips)
3e1837f3: posts small blind $0.02
Hero: posts big blind $0.05
*** HOLE CARDS ***
Dealt to f14b3c50 
Dealt to b6f4f408 
Dealt to a121d15b 
Dealt to c81d51e1 
Dealt to 3e1837f3 
Dealt to Hero [Ah Ts]
f14b3c50: raises $0.12 to $0.17
b6f4f408: folds
a121d15b: folds
c81d51e1: folds
3e1837f3: folds
Hero: calls $0.12
*** FLOP *** [4c 3s 6c]
Hero: checks
f14b3c50: bets $27.58 and is all-in
Hero: folds
Uncalled bet ($27.58) returned to f14b3c50
f14b3c50: shows [7s]
*** SHOWDOWN ***
f14b3c50 collected $0.35 from pot
*** SUMMARY ***
Total pot $0.36 | Rake $0.01 | Jackpot $0 | Bingo $0 | Fortune $0 | Tax $0
Board [4c 3s 6c]
Seat 1: f14b3c50 showed [7s] and won ($0.35)
Seat 2: b6f4f408 folded before Flop (didn't bet)
Seat 3: a121d15b folded before Flop (didn't bet)
Seat 4: c81d51e1 (button) folded before Flop (didn't bet)
Seat 5: 3e1837f3 (small blind) folded before Flop
Seat 6: Hero (big blind) folded on the Flop


Poker Hand #HD1726026725: Hold'em No Limit ($0.02/$0.05) - 2024/04/11 18:49:13
Table 'NLHBlue24' 6-max Seat #3 is the button
Seat 1: f14b3c50 ($27.68 in chips)
Seat 2: b6f4f408 ($10.18 in chips)
Seat 3: a121d15b ($5.73 in chips)
Seat 4: c81d51e1 ($5 in chips)
Seat 5: 3e1837f3 ($12.94 in chips)
Seat 6: Hero ($7.34 in chips)
c81d51e1: posts small blind $0.02
3e1837f3: posts big blind $0.05
*** HOLE CARDS ***
Dealt to f14b3c50 
Dealt to b6f4f408 
Dealt to a121d15b 
Dealt to c81d51e1 
Dealt to 3e1837f3 
Dealt to Hero [3d Qh]
Hero: folds
f14b3c50: raises $0.12 to $0.17
b6f4f408: folds
a121d15b: folds
c81d51e1: folds
3e1837f3: folds
Uncalled bet ($0.12) returned to f14b3c50
*** SHOWDOWN ***
f14b3c50 collected $0.12 from pot
*** SUMMARY ***
Total pot $0.12 | Rake $0 | Jackpot $0 | Bingo $0 | Fortune $0 | Tax $0
Seat 1: f14b3c50 collected ($0.12)
Seat 2: b6f4f408 folded before Flop (didn't bet)
Seat 3: a121d15b (button) folded before Flop (didn't bet)
Seat 4: c81d51e1 (small blind) folded before Flop
Seat 5: 3e1837f3 (big blind) folded before Flop
Seat 6: Hero folded before Flop (didn't bet)


Poker Hand #HD1726026536: Hold'em No Limit ($0.02/$0.05) - 2024/04/11 18:47:46
Table 'NLHBlue24' 6-max Seat #2 is the button
Seat 1: f14b3c50 ($34.39 in chips)
Seat 2: b6f4f408 ($10.18 in chips)
Seat 3: a121d15b ($5.75 in chips)
Seat 4: c81d51e1 ($5 in chips)
Seat 5: 3e1837f3 ($6.71 in chips)
Seat 6: Hero ($7.34 in chips)
a121d15b: posts small blind $0.02
c81d51e1: posts big blind $0.05
*** HOLE CARDS ***
Dealt to f14b3c50 
Dealt to b6f4f408 
Dealt to a121d15b 
Dealt to c81d51e1 
Dealt to 3e1837f3 
Dealt to Hero [9c 8s]
3e1837f3: raises $0.07 to $0.12
Hero: folds
f14b3c50: raises $0.31 to $0.43
b6f4f408: folds
a121d15b: folds
c81d51e1: folds
3e1837f3: raises $0.93 to $1.36
f14b3c50: calls $0.93
*** FLOP *** [5c 4h 6h]
3e1837f3: bets $0.94
f14b3c50: raises $32.09 to $33.03 and is all-in
3e1837f3: calls $4.41 and is all-in
Uncalled bet ($27.68) returned to f14b3c50
f14b3c50: shows [Kc 4c] (Pair of Fours)
3e1837f3: shows [Ah Jc] (Ace-High)
*** TURN *** [5c 4h 6h] [2s]
*** RIVER *** [5c 4h 6h 2s] [Js]
*** SHOWDOWN ***
3e1837f3 collected $12.94 from pot
*** SUMMARY ***
Total pot $13.49 | Rake $0.5 | Jackpot $0.05 | Bingo $0 | Fortune $0 | Tax $0
Board [5c 4h 6h 2s Js]
Seat 1: f14b3c50 showed [Kc 4c] and lost with Pair of Fours
Seat 2: b6f4f408 (button) folded before Flop (didn't bet)
Seat 3: a121d15b (small blind) folded before Flop
Seat 4: c81d51e1 (big blind) folded before Flop
Seat 5: 3e1837f3 showed [Ah Jc] and won ($12.94) with Pair of Jacks
Seat 6: Hero folded before Flop (didn't bet)


Poker Hand #HD1726026456: Hold'em No Limit ($0.02/$0.05) - 2024/04/11 18:47:13
Table 'NLHBlue24' 6-max Seat #1 is the button
Seat 1: f14b3c50 ($35.03 in chips)
Seat 2: b6f4f408 ($9.55 in chips)
Seat 3: a121d15b ($5.8 in chips)
Seat 5: 3e1837f3 ($6.71 in chips)
Seat 6: Hero ($7.34 in chips)
b6f4f408: posts small blind $0.02
a121d15b: posts big blind $0.05
*** HOLE CARDS ***
Dealt to f14b3c50 
Dealt to b6f4f408 
Dealt to a121d15b 
Dealt to 3e1837f3 
Dealt to Hero [5h Qs]
3e1837f3: folds
Hero: folds
f14b3c50: raises $0.12 to $0.17
b6f4f408: raises $0.47 to $0.64
a121d15b: folds
f14b3c50: calls $0.47
*** FLOP *** [3d 8h 9c]
b6f4f408: bets $0.67
f14b3c50: folds
Uncalled bet ($0.67) returned to b6f4f408
*** SHOWDOWN ***
b6f4f408 collected $1.27 from pot
*** SUMMARY ***
Total pot $1.33 | Rake $0.06 | Jackpot $0 | Bingo $0 | Fortune $0 | Tax $0
Board [3d 8h 9c]
Seat 1: f14b3c50 (button) folded on the Flop
Seat 2: b6f4f408 (small blind) won ($1.27)
Seat 3: a121d15b (big blind) folded before Flop
Seat 5: 3e1837f3 folded before Flop (didn't bet)
Seat 6: Hero folded before Flop (didn't bet)


Poker Hand #HD1726026373: Hold'em No Limit ($0.02/$0.05) - 2024/04/11 18:46:39
Table 'NLHBlue24' 6-max Seat #6 is the button
Seat 1: f14b3c50 ($35.15 in chips)
Seat 2: b6f4f408 ($9.6 in chips)
Seat 3: a121d15b ($5.8 in chips)
Seat 5: 3e1837f3 ($6.55 in chips)
Seat 6: Hero ($7.34 in chips)
f14b3c50: posts small blind $0.02
b6f4f408: posts big blind $0.05
*** HOLE CARDS ***
Dealt to f14b3c50 
Dealt to b6f4f408 
Dealt to a121d15b 
Dealt to 3e1837f3 
Dealt to Hero [Qs Th]
a121d15b: folds
3e1837f3: raises $0.07 to $0.12
Hero: folds
f14b3c50: calls $0.1
b6f4f408: folds
*** FLOP *** [8h Js Ks]
f14b3c50: checks
3e1837f3: bets $0.2
f14b3c50: folds
Uncalled bet ($0.2) returned to 3e1837f3
f14b3c50: shows [Td]
*** SHOWDOWN ***
3e1837f3 collected $0.28 from pot
*** SUMMARY ***
Total pot $0.29 | Rake $0.01 | Jackpot $0 | Bingo $0 | Fortune $0 | Tax $0
Board [8h Js Ks]
Seat 1: f14b3c50 (small blind) folded on the Flop
Seat 2: b6f4f408 (big blind) folded before Flop
Seat 3: a121d15b folded before Flop (didn't bet)
Seat 5: 3e1837f3 won ($0.28)
Seat 6: Hero (button) folded before Flop (didn't bet)


Poker Hand #HD1726026316: Hold'em No Limit ($0.02/$0.05) - 2024/04/11 18:46:09
Table 'NLHBlue24' 6-max Seat #5 is the button
Seat 1: f14b3c50 ($35.3 in chips)
Seat 2: b6f4f408 ($9.6 in chips)
Seat 3: a121d15b ($5.8 in chips)
Seat 5: 3e1837f3 ($6.55 in chips)
Seat 6: Hero ($7.2 in chips)
Hero: posts small blind $0.02
f14b3c50: posts big blind $0.05
*** HOLE CARDS ***
Dealt to f14b3c50 
Dealt to b6f4f408 
Dealt to a121d15b 
Dealt to 3e1837f3 
Dealt to Hero [Kh Ad]
b6f4f408: folds
a121d15b: folds
3e1837f3: folds
Hero: raises $0.1 to $0.15
f14b3c50: calls $0.1
*** FLOP *** [7s Jh Jc]
Hero: bets $0.15
f14b3c50: folds
Uncalled bet ($0.15) returned to Hero
*** SHOWDOWN ***
Hero collected $0.29 from pot
*** SUMMARY ***
Total pot $0.3 | Rake $0.01 | Jackpot $0 | Bingo $0 | Fortune $0 | Tax $0
Board [7s Jh Jc]
Seat 1: f14b3c50 (big blind) folded on the Flop
Seat 2: b6f4f408 folded before Flop (didn't bet)
Seat 3: a121d15b folded before Flop (didn't bet)
Seat 5: 3e1837f3 (button) folded before Flop (didn't bet)
Seat 6: Hero (small blind) won ($0.29)


Poker Hand #HD1726026278: Hold'em No Limit ($0.02/$0.05) - 2024/04/11 18:45:55
Table 'NLHBlue24' 6-max Seat #3 is the button
Seat 1: f14b3c50 ($35.23 in chips)
Seat 2: b6f4f408 ($9.6 in chips)
Seat 3: a121d15b ($5.8 in chips)
Seat 5: 3e1837f3 ($6.57 in chips)
Seat 6: Hero ($7.25 in chips)
3e1837f3: posts small blind $0.02
Hero: posts big blind $0.05
*** HOLE CARDS ***
Dealt to f14b3c50 
Dealt to b6f4f408 
Dealt to a121d15b 
Dealt to 3e1837f3 
Dealt to Hero [Ad 3s]
f14b3c50: raises $0.12 to $0.17
b6f4f408: folds
a121d15b: folds
3e1837f3: folds
Hero: folds
Uncalled bet ($0.12) returned to f14b3c50
*** SHOWDOWN ***
f14b3c50 collected $0.12 from pot
*** SUMMARY ***
Total pot $0.12 | Rake $0 | Jackpot $0 | Bingo $0 | Fortune $0 | Tax $0
Seat 1: f14b3c50 collected ($0.12)
Seat 2: b6f4f408 folded before Flop (didn't bet)
Seat 3: a121d15b (button) folded before Flop (didn't bet)
Seat 5: 3e1837f3 (small blind) folded before Flop
Seat 6: Hero (big blind) folded before Flop


Poker Hand #HD1726026148: Hold'em No Limit ($0.02/$0.05) - 2024/04/11 18:44:58
Table 'NLHBlue24' 6-max Seat #2 is the button
Seat 1: f14b3c50 ($36.87 in chips)
Seat 2: b6f4f408 ($9.6 in chips)
Seat 3: a121d15b ($5.82 in chips)
Seat 4: 8d191a0f ($5 in chips)
Seat 5: 3e1837f3 ($5 in chips)
Seat 6: Hero ($7.25 in chips)
a121d15b: posts small blind $0.02
8d191a0f: posts big blind $0.05
*** HOLE CARDS ***
Dealt to f14b3c50 
Dealt to b6f4f408 
Dealt to a121d15b 
Dealt to 8d191a0f 
Dealt to 3e1837f3 
Dealt to Hero [9c Ks]
3e1837f3: raises $0.07 to $0.12
Hero: folds
f14b3c50: calls $0.12
b6f4f408: folds
a121d15b: folds
8d191a0f: calls $0.07
*** FLOP *** [2c 9h 7c]
8d191a0f: checks
3e1837f3: checks
f14b3c50: checks
*** TURN *** [2c 9h 7c] [Tc]
8d191a0f: checks
3e1837f3: checks
f14b3c50: bets $0.38
8d191a0f: folds
3e1837f3: calls $0.38
*** RIVER *** [2c 9h 7c Tc] [6s]
3e1837f3: checks
f14b3c50: bets $1.14
3e1837f3: calls $1.14
f14b3c50: shows [5c As] (Ace-High)
3e1837f3: shows [Ad Kh] (Ace-High)
*** SHOWDOWN ***
3e1837f3 collected $3.21 from pot
*** SUMMARY ***
Total pot $3.42 | Rake $0.16 | Jackpot $0.05 | Bingo $0 | Fortune $0 | Tax $0
Board [2c 9h 7c Tc 6s]
Seat 1: f14b3c50 showed [5c As] and lost with Ace-High
Seat 2: b6f4f408 (button) folded before Flop (didn't bet)
Seat 3: a121d15b (small blind) folded before Flop
Seat 4: 8d191a0f (big blind) folded on the Turn
Seat 5: 3e1837f3 showed [Ad Kh] and won ($3.21) with Ace-High
Seat 6: Hero folded before Flop (didn't bet)


Poker Hand #HD1726025990: Hold'em No Limit ($0.02/$0.05) - 2024/04/11 18:43:53
Table 'NLHBlue24' 6-max Seat #1 is the button
Seat 1: f14b3c50 ($36.8 in chips)
Seat 2: b6f4f408 ($9.62 in chips)
Seat 3: a121d15b ($5.87 in chips)
Seat 4: 8d191a0f ($5 in chips)
Seat 5: 3e1837f3 ($5 in chips)
Seat 6: Hero ($7.25 in chips)
b6f4f408: posts small blind $0.02
a121d15b: posts big blind $0.05
*** HOLE CARDS ***
Dealt to f14b3c50 
Dealt to b6f4f408 
Dealt to a121d15b 
Dealt to 8d191a0f 
Dealt to 3e1837f3 
Dealt to Hero [4c Kd]
8d191a0f: folds
3e1837f3: folds
Hero: folds
f14b3c50: calls $0.05
b6f4f408: folds
a121d15b: checks
*** FLOP *** [Kc 3c 2c]
a121d15b: checks
f14b3c50: checks
*** TURN *** [Kc 3c 2c] [3s]
a121d15b: checks
f14b3c50: bets $0.12
a121d15b: folds
Uncalled bet ($0.12) returned to f14b3c50
*** SHOWDOWN ***
f14b3c50 collected $0.12 from pot
*** SUMMARY ***
Total pot $0.12 | Rake $0 | Jackpot $0 | Bingo $0 | Fortune $0 | Tax $0
Board [Kc 3c 2c 3s]
Seat 1: f14b3c50 (button) won ($0.12)
Seat 2: b6f4f408 (small blind) folded before Flop
Seat 3: a121d15b (big blind) folded on the Turn
Seat 4: 8d191a0f folded before Flop (didn't bet)
Seat 5: 3e1837f3 folded before Flop (didn't bet)
Seat 6: Hero folded before Flop (didn't bet)


Poker Hand #HD1726025856: Hold'em No Limit ($0.02/$0.05) - 2024/04/11 18:42:59
Table 'NLHBlue24' 6-max Seat #6 is the button
Seat 1: f14b3c50 ($31.62 in chips)
Seat 2: b6f4f408 ($9.67 in chips)
Seat 3: a121d15b ($5.87 in chips)
Seat 4: 8d191a0f ($5 in chips)
Seat 5: 3e1837f3 ($9.55 in chips)
Seat 6: Hero ($7.25 in chips)
f14b3c50: posts small blind $0.02
b6f4f408: posts big blind $0.05
*** HOLE CARDS ***
Dealt to f14b3c50 
Dealt to b6f4f408 
Dealt to a121d15b 
Dealt to 8d191a0f 
Dealt to 3e1837f3 
Dealt to Hero [4s 4h]
a121d15b: folds
8d191a0f: raises $0.05 to $0.1
3e1837f3: raises $0.22 to $0.32
Hero: folds
f14b3c50: calls $0.3
b6f4f408: folds
8d191a0f: calls $0.22
*** FLOP *** [7s Qh 5h]
f14b3c50: checks
8d191a0f: checks
3e1837f3: bets $0.52
f14b3c50: calls $0.52
8d191a0f: folds
*** TURN *** [7s Qh 5h] [Ts]
f14b3c50: checks
3e1837f3: bets $1.36
f14b3c50: calls $1.36
*** RIVER *** [7s Qh 5h Ts] [6s]
f14b3c50: checks
3e1837f3: bets $3.16
f14b3c50: calls $3.16
3e1837f3: shows [8h Jh] (Queen-High)
f14b3c50: shows [Ac 5c] (Pair of Fives)
*** SHOWDOWN ***
f14b3c50 collected $10.54 from pot
*** SUMMARY ***
Total pot $11.09 | Rake $0.5 | Jackpot $0.05 | Bingo $0 | Fortune $0 | Tax $0
Board [7s Qh 5h Ts 6s]
Seat 1: f14b3c50 (small blind) showed [Ac 5c] and won ($10.54) with Pair of Fives
Seat 2: b6f4f408 (big blind) folded before Flop
Seat 3: a121d15b folded before Flop (didn't bet)
Seat 4: 8d191a0f folded on the Flop
Seat 5: 3e1837f3 showed [8h Jh] and lost with Queen-High
Seat 6: Hero (button) folded before Flop (didn't bet)


Poker Hand #HD1726025766: Hold'em No Limit ($0.02/$0.05) - 2024/04/11 18:42:23
Table 'NLHBlue24' 6-max Seat #5 is the button
Seat 1: f14b3c50 ($30.98 in chips)
Seat 2: b6f4f408 ($9.67 in chips)
Seat 3: a121d15b ($5.87 in chips)
Seat 4: 8d191a0f ($5 in chips)
Seat 5: 3e1837f3 ($9.55 in chips)
Seat 6: Hero ($7.27 in chips)
Hero: posts small blind $0.02
f14b3c50: posts big blind $0.05
*** HOLE CARDS ***
Dealt to f14b3c50 
Dealt to b6f4f408 
Dealt to a121d15b 
Dealt to 8d191a0f 
Dealt to 3e1837f3 
Dealt to Hero [5h 4h]
b6f4f408: folds
a121d15b: folds
8d191a0f: raises $0.05 to $0.1
3e1837f3: folds
Hero: folds
f14b3c50: calls $0.05
*** FLOP *** [6h Ts Js]
f14b3c50: checks
8d191a0f: bets $0.17
f14b3c50: calls $0.17
*** TURN *** [6h Ts Js] [4c]
f14b3c50: checks
8d191a0f: bets $0.42
f14b3c50: calls $0.42
*** RIVER *** [6h Ts Js 4c] [Ac]
f14b3c50: checks
8d191a0f: checks
f14b3c50: shows [4s 9s] (Pair of Fours)
8d191a0f: shows [9c 8d] (Ace-High)
*** SHOWDOWN ***
f14b3c50 collected $1.33 from pot
*** SUMMARY ***
Total pot $1.4 | Rake $0.07 | Jackpot $0 | Bingo $0 | Fortune $0 | Tax $0
Board [6h Ts Js 4c Ac]
Seat 1: f14b3c50 (big blind) showed [4s 9s] and won ($1.33) with Pair of Fours
Seat 2: b6f4f408 folded before Flop (didn't bet)
Seat 3: a121d15b folded before Flop (didn't bet)
Seat 4: 8d191a0f showed [9c 8d] and lost with Ace-High
Seat 5: 3e1837f3 (button) folded before Flop (didn't bet)
Seat 6: Hero (small blind) folded before Flop


Poker Hand #HD1725935627: Hold'em No Limit ($0.02/$0.05) - 2024/04/11 18:41:24
Table 'NLHBlue24' 6-max Seat #4 is the button
Seat 1: f14b3c50 ($31.03 in chips)
Seat 2: b6f4f408 ($9.67 in chips)
Seat 3: a121d15b ($5.87 in chips)
Seat 4: 8d191a0f ($7.55 in chips)
Seat 5: 3e1837f3 ($5 in chips)
Seat 6: Hero ($7.32 in chips)
3e1837f3: posts small blind $0.02
Hero: posts big blind $0.05
*** HOLE CARDS ***
Dealt to f14b3c50 
Dealt to b6f4f408 
Dealt to a121d15b 
Dealt to 8d191a0f 
Dealt to 3e1837f3 
Dealt to Hero [7s 4s]
f14b3c50: calls $0.05
b6f4f408: folds
a121d15b: folds
8d191a0f: raises $0.09 to $0.14
3e1837f3: raises $0.5 to $0.64
Hero: folds
f14b3c50: folds
8d191a0f: calls $0.5
*** FLOP *** [Jc 6s Tc]
3e1837f3: bets $0.7
8d191a0f: calls $0.7
*** TURN *** [Jc 6s Tc] [3s]
3e1837f3: bets $1.4
8d191a0f: calls $1.4
*** RIVER *** [Jc 6s Tc 3s] [Kc]
3e1837f3: checks
8d191a0f: bets $4.81 and is all-in
3e1837f3: calls $2.26 and is all-in
Uncalled bet ($2.55) returned to 8d191a0f
8d191a0f: shows [Ah Td] (Pair of Tens)
3e1837f3: shows [9h Kh] (Pair of Kings)
f14b3c50: shows [2d 7c] (King-High)
*** SHOWDOWN ***
3e1837f3 collected $9.55 from pot
*** SUMMARY ***
Total pot $10.1 | Rake $0.5 | Jackpot $0.05 | Bingo $0 | Fortune $0 | Tax $0
Board [Jc 6s Tc 3s Kc]
Seat 1: f14b3c50 folded before Flop
Seat 2: b6f4f408 folded before Flop (didn't bet)
Seat 3: a121d15b folded before Flop (didn't bet)
Seat 4: 8d191a0f (button) showed [Ah Td] and lost with Pair of Tens
Seat 5: 3e1837f3 (small blind) showed [9h Kh] and won ($9.55) with Pair of Kings
Seat 6: Hero (big blind) folded before Flop


Poker Hand #HD1725935449: Hold'em No Limit ($0.02/$0.05) - 2024/04/11 18:40:01
Table 'NLHBlue24' 6-max Seat #3 is the button
Seat 1: f14b3c50 ($26.41 in chips)
Seat 2: b6f4f408 ($9.67 in chips)
Seat 3: a121d15b ($5.87 in chips)
Seat 4: 8d191a0f ($7.72 in chips)
Seat 5: 3e1837f3 ($5 in chips)
Seat 6: Hero ($7.32 in chips)
8d191a0f: posts small blind $0.02
3e1837f3: posts big blind $0.05
*** HOLE CARDS ***
Dealt to f14b3c50 
Dealt to b6f4f408 
Dealt to a121d15b 
Dealt to 8d191a0f 
Dealt to 3e1837f3 
Dealt to Hero [4s 7s]
Hero: folds
f14b3c50: raises $0.12 to $0.17
b6f4f408: folds
a121d15b: folds
8d191a0f: calls $0.15
3e1837f3: raises $0.61 to $0.78
f14b3c50: calls $0.61
8d191a0f: folds
*** FLOP *** [Ad 8d 3h]
3e1837f3: bets $0.58
f14b3c50: calls $0.58
*** TURN *** [Ad 8d 3h] [2d]
3e1837f3: bets $1.92
f14b3c50: raises $6.73 to $8.65
3e1837f3: calls $1.72 and is all-in
Uncalled bet ($5.01) returned to f14b3c50
f14b3c50: shows [As 3c] (Pair of Aces and Pair of Treys)
3e1837f3: shows [Kd Qh] (Ace-High)
*** RIVER *** [Ad 8d 3h 2d] [5h]
8d191a0f: shows [Kh] (Ace-High)
a121d15b: shows [8c 5d] (Pair of Eights and Pair of Fives)
*** SHOWDOWN ***
f14b3c50 collected $9.62 from pot
*** SUMMARY ***
Total pot $10.17 | Rake $0.5 | Jackpot $0.05 | Bingo $0 | Fortune $0 | Tax $0
Board [Ad 8d 3h 2d 5h]
Seat 1: f14b3c50 showed [As 3c] and won ($9.62) with Pair of Aces and Pair of Treys
Seat 2: b6f4f408 folded before Flop (didn't bet)
Seat 3: a121d15b (button) folded before Flop (didn't bet)
Seat 4: 8d191a0f (small blind) folded before Flop
Seat 5: 3e1837f3 (big blind) showed [Kd Qh] and lost with Ace-High
Seat 6: Hero folded before Flop (didn't bet)


Poker Hand #HD1725935329: Hold'em No Limit ($0.02/$0.05) - 2024/04/11 18:39:10
Table 'NLHBlue24' 6-max Seat #2 is the button
Seat 1: f14b3c50 ($26.46 in chips)
Seat 2: b6f4f408 ($9.55 in chips)
Seat 3: a121d15b ($5.89 in chips)
Seat 4: 8d191a0f ($7.77 in chips)
Seat 5: 3e1837f3 ($5 in chips)
Seat 6: Hero ($7.32 in chips)
a121d15b: posts small blind $0.02
8d191a0f: posts big blind $0.05
*** HOLE CARDS ***
Dealt to f14b3c50 
Dealt to b6f4f408 
Dealt to a121d15b 
Dealt to 8d191a0f 
Dealt to 3e1837f3 
Dealt to Hero [Kd 3d]
3e1837f3: folds
Hero: folds
f14b3c50: calls $0.05
b6f4f408: calls $0.05
a121d15b: folds
8d191a0f: checks
*** FLOP *** [7d 8s 7h]
8d191a0f: checks
f14b3c50: checks
b6f4f408: bets $0.09
8d191a0f: folds
f14b3c50: folds
Uncalled bet ($0.09) returned to b6f4f408
*** SHOWDOWN ***
b6f4f408 collected $0.17 from pot
*** SUMMARY ***
Total pot $0.17 | Rake $0 | Jackpot $0 | Bingo $0 | Fortune $0 | Tax $0
Board [7d 8s 7h]
Seat 1: f14b3c50 folded on the Flop
Seat 2: b6f4f408 (button) won ($0.17)
Seat 3: a121d15b (small blind) folded before Flop
Seat 4: 8d191a0f (big blind) folded on the Flop
Seat 5: 3e1837f3 folded before Flop (didn't bet)
Seat 6: Hero folded before Flop (didn't bet)


Poker Hand #HD1725935240: Hold'em No Limit ($0.02/$0.05) - 2024/04/11 18:38:38
Table 'NLHBlue24' 6-max Seat #1 is the button
Seat 1: f14b3c50 ($26.28 in chips)
Seat 2: b6f4f408 ($9.57 in chips)
Seat 3: a121d15b ($6.06 in chips)
Seat 4: 8d191a0f ($7.77 in chips)
Seat 5: 3e1837f3 ($5 in chips)
Seat 6: Hero ($7.32 in chips)
b6f4f408: posts small blind $0.02
a121d15b: posts big blind $0.05
*** HOLE CARDS ***
Dealt to f14b3c50 
Dealt to b6f4f408 
Dealt to a121d15b 
Dealt to 8d191a0f 
Dealt to 3e1837f3 
Dealt to Hero [5s 8s]
8d191a0f: folds
3e1837f3: folds
Hero: folds
f14b3c50: raises $0.12 to $0.17
b6f4f408: folds
a121d15b: calls $0.12
*** FLOP *** [5d 4c Qs]
a121d15b: checks
f14b3c50: checks
*** TURN *** [5d 4c Qs] [4h]
a121d15b: checks
f14b3c50: bets $0.27
a121d15b: folds
Uncalled bet ($0.27) returned to f14b3c50
f14b3c50: shows [2d 2c] (Pair of Fours and Pair of Twos)
*** SHOWDOWN ***
f14b3c50 collected $0.35 from pot
*** SUMMARY ***
Total pot $0.36 | Rake $0.01 | Jackpot $0 | Bingo $0 | Fortune $0 | Tax $0
Board [5d 4c Qs 4h]
Seat 1: f14b3c50 (button) showed [2d 2c] and won ($0.35)
Seat 2: b6f4f408 (small blind) folded before Flop
Seat 3: a121d15b (big blind) folded on the Turn
Seat 4: 8d191a0f folded before Flop (didn't bet)
Seat 5: 3e1837f3 folded before Flop (didn't bet)
Seat 6: Hero folded before Flop (didn't bet)


Poker Hand #HD1725935137: Hold'em No Limit ($0.02/$0.05) - 2024/04/11 18:37:52
Table 'NLHBlue24' 6-max Seat #6 is the button
Seat 1: f14b3c50 ($21.68 in chips)
Seat 2: b6f4f408 ($9.62 in chips)
Seat 3: a121d15b ($6.06 in chips)
Seat 4: 8d191a0f ($7.87 in chips)
Seat 5: 3e1837f3 ($5 in chips)
Seat 6: Hero ($7.32 in chips)
f14b3c50: posts small blind $0.02
b6f4f408: posts big blind $0.05
*** HOLE CARDS ***
Dealt to f14b3c50 
Dealt to b6f4f408 
Dealt to a121d15b 
Dealt to 8d191a0f 
Dealt to 3e1837f3 
Dealt to Hero [3c 3h]
a121d15b: folds
8d191a0f: raises $0.05 to $0.1
3e1837f3: raises $0.28 to $0.38
Hero: folds
f14b3c50: raises $0.91 to $1.29
b6f4f408: folds
8d191a0f: folds
3e1837f3: raises $3.71 to $5 and is all-in
f14b3c50: calls $3.71
3e1837f3: shows [Ks Qs]
f14b3c50: shows [As Td]
*** FLOP *** [5c Ad 7s]
*** TURN *** [5c Ad 7s] [9c]
*** RIVER *** [5c Ad 7s 9c] [Jh]
8d191a0f: shows [Kc] (Ace-High)
*** SHOWDOWN ***
f14b3c50 collected $9.6 from pot
*** SUMMARY ***
Total pot $10.15 | Rake $0.5 | Jackpot $0.05 | Bingo $0 | Fortune $0 | Tax $0
Board [5c Ad 7s 9c Jh]
Seat 1: f14b3c50 (small blind) showed [As Td] and won ($9.6) with Pair of Aces
Seat 2: b6f4f408 (big blind) folded before Flop
Seat 3: a121d15b folded before Flop (didn't bet)
Seat 4: 8d191a0f folded before Flop
Seat 5: 3e1837f3 showed [Ks Qs] and lost with Ace-High
Seat 6: Hero (button) folded before Flop (didn't bet)


Poker Hand #HD1725935029: Hold'em No Limit ($0.02/$0.05) - 2024/04/11 18:37:06
Table 'NLHBlue24' 6-max Seat #5 is the button
Seat 1: f14b3c50 ($22.68 in chips)
Seat 2: b6f4f408 ($9.62 in chips)
Seat 3: a121d15b ($6.06 in chips)
Seat 4: 8d191a0f ($6.99 in chips)
Seat 5: 3e1837f3 ($5 in chips)
Seat 6: Hero ($7.34 in chips)
Hero: posts small blind $0.02
f14b3c50: posts big blind $0.05
*** HOLE CARDS ***
Dealt to f14b3c50 
Dealt to b6f4f408 
Dealt to a121d15b 
Dealt to 8d191a0f 
Dealt to 3e1837f3 
Dealt to Hero [Td 6d]
b6f4f408: folds
a121d15b: folds
8d191a0f: raises $0.05 to $0.1
3e1837f3: folds
Hero: folds
f14b3c50: raises $0.17 to $0.27
8d191a0f: raises $0.73 to $1
f14b3c50: calls $0.73
*** FLOP *** [Qs Js Jc]
f14b3c50: checks
8d191a0f: bets $1.01
f14b3c50: folds
Uncalled bet ($1.01) returned to 8d191a0f
8d191a0f: shows [Ad Kh] (Pair of Jacks)
*** SHOWDOWN ***
8d191a0f collected $1.88 from pot
*** SUMMARY ***
Total pot $2.02 | Rake $0.09 | Jackpot $0.05 | Bingo $0 | Fortune $0 | Tax $0
Board [Qs Js Jc]
Seat 1: f14b3c50 (big blind) folded on the Flop
Seat 2: b6f4f408 folded before Flop (didn't bet)
Seat 3: a121d15b folded before Flop (didn't bet)
Seat 4: 8d191a0f showed [Ad Kh] and won ($1.88)
Seat 5: 3e1837f3 (button) folded before Flop (didn't bet)
Seat 6: Hero (small blind) folded before Flop


Poker Hand #HD1725934977: Hold'em No Limit ($0.02/$0.05) - 2024/04/11 18:36:42
Table 'NLHBlue24' 6-max Seat #4 is the button
Seat 1: f14b3c50 ($22.61 in chips)
Seat 2: b6f4f408 ($9.62 in chips)
Seat 3: a121d15b ($6.06 in chips)
Seat 4: 8d191a0f ($6.99 in chips)
Seat 5: 3e1837f3 ($5 in chips)
Seat 6: Hero ($7.39 in chips)
3e1837f3: posts small blind $0.02
Hero: posts big blind $0.05
*** HOLE CARDS ***
Dealt to f14b3c50 
Dealt to b6f4f408 
Dealt to a121d15b 
Dealt to 8d191a0f 
Dealt to 3e1837f3 
Dealt to Hero [7c 3c]
f14b3c50: raises $0.12 to $0.17
b6f4f408: folds
a121d15b: folds
8d191a0f: folds
3e1837f3: folds
Hero: folds
Uncalled bet ($0.12) returned to f14b3c50
*** SHOWDOWN ***
f14b3c50 collected $0.12 from pot
*** SUMMARY ***
Total pot $0.12 | Rake $0 | Jackpot $0 | Bingo $0 | Fortune $0 | Tax $0
Seat 1: f14b3c50 collected ($0.12)
Seat 2: b6f4f408 folded before Flop (didn't bet)
Seat 3: a121d15b folded before Flop (didn't bet)
Seat 4: 8d191a0f (button) folded before Flop (didn't bet)
Seat 5: 3e1837f3 (small blind) folded before Flop
Seat 6: Hero (big blind) folded before Flop


Poker Hand #HD1725934908: Hold'em No Limit ($0.02/$0.05) - 2024/04/11 18:36:11
Table 'NLHBlue24' 6-max Seat #3 is the button
Seat 1: f14b3c50 ($22.54 in chips)
Seat 2: b6f4f408 ($9.62 in chips)
Seat 3: a121d15b ($6.06 in chips)
Seat 4: 8d191a0f ($7.01 in chips)
Seat 5: 3e1837f3 ($5 in chips)
Seat 6: Hero ($7.39 in chips)
8d191a0f: posts small blind $0.02
3e1837f3: posts big blind $0.05
*** HOLE CARDS ***
Dealt to f14b3c50 
Dealt to b6f4f408 
Dealt to a121d15b 
Dealt to 8d191a0f 
Dealt to 3e1837f3 
Dealt to Hero [7c 4d]
Hero: folds
f14b3c50: raises $0.29 to $0.34
b6f4f408: folds
a121d15b: folds
8d191a0f: folds
3e1837f3: folds
Uncalled bet ($0.29) returned to f14b3c50
*** SHOWDOWN ***
f14b3c50 collected $0.12 from pot
*** SUMMARY ***
Total pot $0.12 | Rake $0 | Jackpot $0 | Bingo $0 | Fortune $0 | Tax $0
Seat 1: f14b3c50 collected ($0.12)
Seat 2: b6f4f408 folded before Flop (didn't bet)
Seat 3: a121d15b (button) folded before Flop (didn't bet)
Seat 4: 8d191a0f (small blind) folded before Flop
Seat 5: 3e1837f3 (big blind) folded before Flop
Seat 6: Hero folded before Flop (didn't bet)


Poker Hand #HD1725934792: Hold'em No Limit ($0.02/$0.05) - 2024/04/11 18:35:23
Table 'NLHBlue24' 6-max Seat #2 is the button
Seat 1: f14b3c50 ($23.03 in chips)
Seat 2: b6f4f408 ($9.11 in chips)
Seat 3: a121d15b ($6.08 in chips)
Seat 4: 8d191a0f ($7.06 in chips)
Seat 5: 3e1837f3 ($5 in chips)
Seat 6: Hero ($7.39 in chips)
a121d15b: posts small blind $0.02
8d191a0f: posts big blind $0.05
*** HOLE CARDS ***
Dealt to f14b3c50 
Dealt to b6f4f408 
Dealt to a121d15b 
Dealt to 8d191a0f 
Dealt to 3e1837f3 
Dealt to Hero [8c 2s]
3e1837f3: folds
Hero: folds
f14b3c50: raises $0.12 to $0.17
b6f4f408: raises $0.32 to $0.49
a121d15b: folds
8d191a0f: folds
f14b3c50: calls $0.32
*** FLOP *** [6d 2h Jh]
f14b3c50: checks
b6f4f408: checks
*** TURN *** [6d 2h Jh] [7d]
f14b3c50: checks
b6f4f408: checks
*** RIVER *** [6d 2h Jh 7d] [6s]
f14b3c50: checks
b6f4f408: checks
f14b3c50: shows [Td Kh] (Pair of Sixes)
b6f4f408: shows [As Kd] (Pair of Sixes)
*** SHOWDOWN ***
b6f4f408 collected $1 from pot
*** SUMMARY ***
Total pot $1.05 | Rake $0.05 | Jackpot $0 | Bingo $0 | Fortune $0 | Tax $0
Board [6d 2h Jh 7d 6s]
Seat 1: f14b3c50 showed [Td Kh] and lost with Pair of Sixes
Seat 2: b6f4f408 (button) showed [As Kd] and won ($1) with Pair of Sixes
Seat 3: a121d15b (small blind) folded before Flop
Seat 4: 8d191a0f (big blind) folded before Flop
Seat 5: 3e1837f3 folded before Flop (didn't bet)
Seat 6: Hero folded before Flop (didn't bet)


Poker Hand #HD1725934665: Hold'em No Limit ($0.02/$0.05) - 2024/04/11 18:34:24
Table 'NLHBlue24' 6-max Seat #1 is the button
Seat 1: f14b3c50 ($24.3 in chips)
Seat 2: b6f4f408 ($9.13 in chips)
Seat 3: a121d15b ($6.21 in chips)
Seat 4: 8d191a0f ($7.06 in chips)
Seat 5: 3e1837f3 ($5 in chips)
Seat 6: Hero ($6.15 in chips)
b6f4f408: posts small blind $0.02
a121d15b: posts big blind $0.05
*** HOLE CARDS ***
Dealt to f14b3c50 
Dealt to b6f4f408 
Dealt to a121d15b 
Dealt to 8d191a0f 
Dealt to 3e1837f3 
Dealt to Hero [Ah As]
8d191a0f: folds
3e1837f3: folds
Hero: raises $0.08 to $0.13
f14b3c50: calls $0.13
b6f4f408: folds
a121d15b: calls $0.08
*** FLOP *** [5s 6s Th]
a121d15b: checks
Hero: bets $0.14
f14b3c50: calls $0.14
a121d15b: folds
*** TURN *** [5s 6s Th] [3h]
Hero: bets $0.4
f14b3c50: calls $0.4
*** RIVER *** [5s 6s Th 3h] [7s]
Hero: bets $0.6
f14b3c50: calls $0.6
Hero: shows [Ah As] (Pair of Aces)
f14b3c50: shows [3d 8s] (Pair of Treys)
*** SHOWDOWN ***
Hero collected $2.51 from pot
*** SUMMARY ***
Total pot $2.69 | Rake $0.13 | Jackpot $0.05 | Bingo $0 | Fortune $0 | Tax $0
Board [5s 6s Th 3h 7s]
Seat 1: f14b3c50 (button) showed [3d 8s] and lost with Pair of Treys
Seat 2: b6f4f408 (small blind) folded before Flop
Seat 3: a121d15b (big blind) folded on the Flop
Seat 4: 8d191a0f folded before Flop (didn't bet)
Seat 5: 3e1837f3 folded before Flop (didn't bet)
Seat 6: Hero showed [Ah As] and won ($2.51) with Pair of Aces


Poker Hand #HD1725934616: Hold'em No Limit ($0.02/$0.05) - 2024/04/11 18:34:02
Table 'NLHBlue24' 6-max Seat #6 is the button
Seat 1: f14b3c50 ($24.25 in chips)
Seat 2: b6f4f408 ($9.18 in chips)
Seat 3: a121d15b ($6.21 in chips)
Seat 4: 8d191a0f ($7.06 in chips)
Seat 5: 3e1837f3 ($5 in chips)
Seat 6: Hero ($6.15 in chips)
f14b3c50: posts small blind $0.02
b6f4f408: posts big blind $0.05
*** HOLE CARDS ***
Dealt to f14b3c50 
Dealt to b6f4f408 
Dealt to a121d15b 
Dealt to 8d191a0f 
Dealt to 3e1837f3 
Dealt to Hero [Qd 3d]
a121d15b: folds
8d191a0f: folds
3e1837f3: folds
Hero: folds
f14b3c50: raises $0.1 to $0.15
b6f4f408: folds
Uncalled bet ($0.1) returned to f14b3c50
*** SHOWDOWN ***
f14b3c50 collected $0.1 from pot
*** SUMMARY ***
Total pot $0.1 | Rake $0 | Jackpot $0 | Bingo $0 | Fortune $0 | Tax $0
Seat 1: f14b3c50 (small blind) collected ($0.1)
Seat 2: b6f4f408 (big blind) folded before Flop
Seat 3: a121d15b folded before Flop (didn't bet)
Seat 4: 8d191a0f folded before Flop (didn't bet)
Seat 5: 3e1837f3 folded before Flop (didn't bet)
Seat 6: Hero (button) folded before Flop (didn't bet)


Poker Hand #HD1725934563: Hold'em No Limit ($0.02/$0.05) - 2024/04/11 18:33:42
Table 'NLHBlue24' 6-max Seat #5 is the button
Seat 1: f14b3c50 ($24.23 in chips)
Seat 2: b6f4f408 ($9.18 in chips)
Seat 3: a121d15b ($6.21 in chips)
Seat 4: 8d191a0f ($7.06 in chips)
Seat 5: 3e1837f3 ($5 in chips)
Seat 6: Hero ($6.17 in chips)
Hero: posts small blind $0.02
f14b3c50: posts big blind $0.05
*** HOLE CARDS ***
Dealt to f14b3c50 
Dealt to b6f4f408 
Dealt to a121d15b 
Dealt to 8d191a0f 
Dealt to 3e1837f3 
Dealt to Hero [3c 5d]
b6f4f408: folds
a121d15b: folds
8d191a0f: folds
3e1837f3: folds
Hero: folds
Uncalled bet ($0.03) returned to f14b3c50
*** SHOWDOWN ***
f14b3c50 collected $0.04 from pot
*** SUMMARY ***
Total pot $0.04 | Rake $0 | Jackpot $0 | Bingo $0 | Fortune $0 | Tax $0
Seat 1: f14b3c50 (big blind) collected ($0.04)
Seat 2: b6f4f408 folded before Flop (didn't bet)
Seat 3: a121d15b folded before Flop (didn't bet)
Seat 4: 8d191a0f folded before Flop (didn't bet)
Seat 5: 3e1837f3 (button) folded before Flop (didn't bet)
Seat 6: Hero (small blind) folded before Flop


Poker Hand #HD1725934430: Hold'em No Limit ($0.02/$0.05) - 2024/04/11 18:32:47
Table 'NLHBlue24' 6-max Seat #4 is the button
Seat 1: f14b3c50 ($24.23 in chips)
Seat 2: b6f4f408 ($9.18 in chips)
Seat 3: a121d15b ($6.21 in chips)
Seat 4: 8d191a0f ($7.06 in chips)
Seat 5: 3e1837f3 ($5 in chips)
Seat 6: Hero ($5.51 in chips)
3e1837f3: posts small blind $0.02
Hero: posts big blind $0.05
*** HOLE CARDS ***
Dealt to f14b3c50 
Dealt to b6f4f408 
Dealt to a121d15b 
Dealt to 8d191a0f 
Dealt to 3e1837f3 
Dealt to Hero [8c 8h]
f14b3c50: folds
b6f4f408: folds
a121d15b: folds
8d191a0f: folds
3e1837f3: raises $0.1 to $0.15
Hero: calls $0.1
*** FLOP *** [Kh 7h Kc]
3e1837f3: bets $0.1
Hero: calls $0.1
*** TURN *** [Kh 7h Kc] [Kd]
3e1837f3: bets $0.18
Hero: calls $0.18
*** RIVER *** [Kh 7h Kc Kd] [7d]
3e1837f3: bets $0.3
Hero: calls $0.3
3e1837f3: shows [Qd 4c] (Kings Full over Sevens)
Hero: shows [8c 8h] (Kings Full over Eights)
f14b3c50: shows [Qs] (Kings Full over Sevens)
*** SHOWDOWN ***
Hero collected $1.39 from pot
*** SUMMARY ***
Total pot $1.46 | Rake $0.07 | Jackpot $0 | Bingo $0 | Fortune $0 | Tax $0
Board [Kh 7h Kc Kd 7d]
Seat 1: f14b3c50 folded before Flop (didn't bet)
Seat 2: b6f4f408 folded before Flop (didn't bet)
Seat 3: a121d15b folded before Flop (didn't bet)
Seat 4: 8d191a0f (button) folded before Flop (didn't bet)
Seat 5: 3e1837f3 (small blind) showed [Qd 4c] and lost with Kings Full over Sevens
Seat 6: Hero (big blind) showed [8c 8h] and won ($1.39) with Kings Full over Eights


Poker Hand #HD1725934296: Hold'em No Limit ($0.02/$0.05) - 2024/04/11 18:31:53
Table 'NLHBlue24' 6-max Seat #3 is the button
Seat 1: f14b3c50 ($24.65 in chips)
Seat 2: b6f4f408 ($9.18 in chips)
Seat 3: a121d15b ($6.63 in chips)
Seat 4: 8d191a0f ($6.23 in chips)
Seat 5: 3e1837f3 ($5 in chips)
Seat 6: Hero ($5.51 in chips)
8d191a0f: posts small blind $0.02
3e1837f3: posts big blind $0.05
*** HOLE CARDS ***
Dealt to f14b3c50 
Dealt to b6f4f408 
Dealt to a121d15b 
Dealt to 8d191a0f 
Dealt to 3e1837f3 
Dealt to Hero [6c 4h]
Hero: folds
f14b3c50: calls $0.05
b6f4f408: folds
a121d15b: calls $0.05
8d191a0f: raises $0.15 to $0.2
3e1837f3: folds
f14b3c50: calls $0.15
a121d15b: calls $0.15
*** FLOP *** [2c Jd 6d]
8d191a0f: bets $0.22
f14b3c50: calls $0.22
a121d15b: calls $0.22
*** TURN *** [2c Jd 6d] [Ad]
8d191a0f: checks
f14b3c50: checks
a121d15b: checks
*** RIVER *** [2c Jd 6d Ad] [2s]
8d191a0f: checks
f14b3c50: checks
a121d15b: checks
8d191a0f: shows [Qc Qs] (Pair of Queens and Pair of Twos)
f14b3c50: shows [5d 3c] (Pair of Twos)
a121d15b: shows [Jc 9c] (Pair of Jacks and Pair of Twos)
*** SHOWDOWN ***
8d191a0f collected $1.25 from pot
*** SUMMARY ***
Total pot $1.31 | Rake $0.06 | Jackpot $0 | Bingo $0 | Fortune $0 | Tax $0
Board [2c Jd 6d Ad 2s]
Seat 1: f14b3c50 showed [5d 3c] and lost with Pair of Twos
Seat 2: b6f4f408 folded before Flop (didn't bet)
Seat 3: a121d15b (button) showed [Jc 9c] and lost with Pair of Jacks and Pair of Twos
Seat 4: 8d191a0f (small blind) showed [Qc Qs] and won ($1.25) with Pair of Queens and Pair of Twos
Seat 5: 3e1837f3 (big blind) folded before Flop
Seat 6: Hero folded before Flop (didn't bet)


Poker Hand #HD1725934204: Hold'em No Limit ($0.02/$0.05) - 2024/04/11 18:31:15
Table 'NLHBlue24' 6-max Seat #2 is the button
Seat 1: f14b3c50 ($24.52 in chips)
Seat 2: b6f4f408 ($9.18 in chips)
Seat 3: a121d15b ($6.65 in chips)
Seat 4: 8d191a0f ($6.35 in chips)
Seat 5: 3e1837f3 ($5 in chips)
Seat 6: Hero ($5.51 in chips)
a121d15b: posts small blind $0.02
8d191a0f: posts big blind $0.05
*** HOLE CARDS ***
Dealt to f14b3c50 
Dealt to b6f4f408 
Dealt to a121d15b 
Dealt to 8d191a0f 
Dealt to 3e1837f3 
Dealt to Hero [Qd 6h]
3e1837f3: folds
Hero: folds
f14b3c50: raises $0.07 to $0.12
b6f4f408: folds
a121d15b: folds
8d191a0f: calls $0.07
*** FLOP *** [Qc 5s 9c]
8d191a0f: checks
f14b3c50: checks
*** TURN *** [Qc 5s 9c] [Qs]
8d191a0f: checks
f14b3c50: bets $0.26
8d191a0f: folds
Uncalled bet ($0.26) returned to f14b3c50
f14b3c50: shows [7c] (Pair of Queens)
8d191a0f: shows [3h] (Pair of Queens)
*** SHOWDOWN ***
f14b3c50 collected $0.25 from pot
*** SUMMARY ***
Total pot $0.26 | Rake $0.01 | Jackpot $0 | Bingo $0 | Fortune $0 | Tax $0
Board [Qc 5s 9c Qs]
Seat 1: f14b3c50 showed [7c] and won ($0.25)
Seat 2: b6f4f408 (button) folded before Flop (didn't bet)
Seat 3: a121d15b (small blind) folded before Flop
Seat 4: 8d191a0f (big blind) folded on the Turn
Seat 5: 3e1837f3 folded before Flop (didn't bet)
Seat 6: Hero folded before Flop (didn't bet)


Poker Hand #HD1725934152: Hold'em No Limit ($0.02/$0.05) - 2024/04/11 18:30:50
Table 'NLHBlue24' 6-max Seat #1 is the button
Seat 1: f14b3c50 ($24.89 in chips)
Seat 2: b6f4f408 ($9.2 in chips)
Seat 3: a121d15b ($6.7 in chips)
Seat 4: 8d191a0f ($5.95 in chips)
Seat 5: 3e1837f3 ($5 in chips)
Seat 6: Hero ($5.51 in chips)
b6f4f408: posts small blind $0.02
a121d15b: posts big blind $0.05
*** HOLE CARDS ***
Dealt to f14b3c50 
Dealt to b6f4f408 
Dealt to a121d15b 
Dealt to 8d191a0f 
Dealt to 3e1837f3 
Dealt to Hero [6h 2s]
8d191a0f: raises $0.05 to $0.1
3e1837f3: folds
Hero: folds
f14b3c50: raises $0.27 to $0.37
b6f4f408: folds
a121d15b: folds
8d191a0f: raises $0.68 to $1.05
f14b3c50: folds
Uncalled bet ($0.68) returned to 8d191a0f
*** SHOWDOWN ***
8d191a0f collected $0.77 from pot
*** SUMMARY ***
Total pot $0.81 | Rake $0.04 | Jackpot $0 | Bingo $0 | Fortune $0 | Tax $0
Seat 1: f14b3c50 (button) folded before Flop
Seat 2: b6f4f408 (small blind) folded before Flop
Seat 3: a121d15b (big blind) folded before Flop
Seat 4: 8d191a0f collected ($0.77)
Seat 5: 3e1837f3 folded before Flop (didn't bet)
Seat 6: Hero folded before Flop (didn't bet)


Poker Hand #HD1725934091: Hold'em No Limit ($0.02/$0.05) - 2024/04/11 18:30:30
Table 'NLHBlue24' 6-max Seat #6 is the button
Seat 1: f14b3c50 ($24.75 in chips)
Seat 2: b6f4f408 ($9.35 in chips)
Seat 3: a121d15b ($6.7 in chips)
Seat 4: 8d191a0f ($5.95 in chips)
Seat 5: 3e1837f3 ($5 in chips)
Seat 6: Hero ($5.51 in chips)
f14b3c50: posts small blind $0.02
b6f4f408: posts big blind $0.05
*** HOLE CARDS ***
Dealt to f14b3c50 
Dealt to b6f4f408 
Dealt to a121d15b 
Dealt to 8d191a0f 
Dealt to 3e1837f3 
Dealt to Hero [8h Td]
a121d15b: folds
8d191a0f: folds
3e1837f3: folds
Hero: folds
f14b3c50: raises $0.1 to $0.15
b6f4f408: calls $0.1
*** FLOP *** [9d 7d 3s]
f14b3c50: bets $0.3
b6f4f408: folds
Uncalled bet ($0.3) returned to f14b3c50
f14b3c50: shows [Qh]
*** SHOWDOWN ***
f14b3c50 collected $0.29 from pot
*** SUMMARY ***
Total pot $0.3 | Rake $0.01 | Jackpot $0 | Bingo $0 | Fortune $0 | Tax $0
Board [9d 7d 3s]
Seat 1: f14b3c50 (small blind) showed [Qh] and won ($0.29)
Seat 2: b6f4f408 (big blind) folded on the Flop
Seat 3: a121d15b folded before Flop (didn't bet)
Seat 4: 8d191a0f folded before Flop (didn't bet)
Seat 5: 3e1837f3 folded before Flop (didn't bet)
Seat 6: Hero (button) folded before Flop (didn't bet)


Poker Hand #HD1725933942: Hold'em No Limit ($0.02/$0.05) - 2024/04/11 18:29:33
Table 'NLHBlue24' 6-max Seat #5 is the button
Seat 1: f14b3c50 ($18 in chips)
Seat 2: b6f4f408 ($9.35 in chips)
Seat 3: a121d15b ($6.7 in chips)
Seat 4: 8d191a0f ($5.95 in chips)
Seat 5: 3e1837f3 ($9.9 in chips)
Seat 6: Hero ($5.53 in chips)
Hero: posts small blind $0.02
f14b3c50: posts big blind $0.05
*** HOLE CARDS ***
Dealt to f14b3c50 
Dealt to b6f4f408 
Dealt to a121d15b 
Dealt to 8d191a0f 
Dealt to 3e1837f3 
Dealt to Hero [5s Kd]
b6f4f408: folds
a121d15b: folds
8d191a0f: folds
3e1837f3: raises $0.07 to $0.12
Hero: folds
f14b3c50: raises $0.14 to $0.26
3e1837f3: calls $0.14
*** FLOP *** [Ac 5h Qs]
f14b3c50: bets $0.54
3e1837f3: calls $0.54
*** TURN *** [Ac 5h Qs] [Qc]
f14b3c50: bets $1.62
3e1837f3: calls $1.62
*** RIVER *** [Ac 5h Qs Qc] [7d]
f14b3c50: bets $4.86
3e1837f3: calls $4.86
f14b3c50: shows [As 7s] (Pair of Aces and Pair of Queens)
3e1837f3: shows [Kc Tc] (Pair of Queens)
*** SHOWDOWN ***
f14b3c50 collected $14.03 from pot
*** SUMMARY ***
Total pot $14.58 | Rake $0.5 | Jackpot $0.05 | Bingo $0 | Fortune $0 | Tax $0
Board [Ac 5h Qs Qc 7d]
Seat 1: f14b3c50 (big blind) showed [As 7s] and won ($14.03) with Pair of Aces and Pair of Queens
Seat 2: b6f4f408 folded before Flop (didn't bet)
Seat 3: a121d15b folded before Flop (didn't bet)
Seat 4: 8d191a0f folded before Flop (didn't bet)
Seat 5: 3e1837f3 (button) showed [Kc Tc] and lost with Pair of Queens
Seat 6: Hero (small blind) folded before Flop


Poker Hand #HD1725933921: Hold'em No Limit ($0.02/$0.05) - 2024/04/11 18:29:22
Table 'NLHBlue24' 6-max Seat #4 is the button
Seat 1: f14b3c50 ($17.93 in chips)
Seat 2: b6f4f408 ($9.35 in chips)
Seat 3: a121d15b ($6.7 in chips)
Seat 4: 8d191a0f ($5.95 in chips)
Seat 5: 3e1837f3 ($9.92 in chips)
Seat 6: Hero ($5.58 in chips)
3e1837f3: posts small blind $0.02
Hero: posts big blind $0.05
*** HOLE CARDS ***
Dealt to f14b3c50 
Dealt to b6f4f408 
Dealt to a121d15b 
Dealt to 8d191a0f 
Dealt to 3e1837f3 
Dealt to Hero [Jd Qh]
f14b3c50: raises $17.88 to $17.93 and is all-in
b6f4f408: folds
a121d15b: folds
8d191a0f: folds
3e1837f3: folds
Hero: folds
Uncalled bet ($17.88) returned to f14b3c50
*** SHOWDOWN ***
f14b3c50 collected $0.12 from pot
*** SUMMARY ***
Total pot $0.12 | Rake $0 | Jackpot $0 | Bingo $0 | Fortune $0 | Tax $0
Seat 1: f14b3c50 collected ($0.12)
Seat 2: b6f4f408 folded before Flop (didn't bet)
Seat 3: a121d15b folded before Flop (didn't bet)
Seat 4: 8d191a0f (button) folded before Flop (didn't bet)
Seat 5: 3e1837f3 (small blind) folded before Flop
Seat 6: Hero (big blind) folded before Flop


Poker Hand #HD1725933864: Hold'em No Limit ($0.02/$0.05) - 2024/04/11 18:28:58
Table 'NLHBlue24' 6-max Seat #3 is the button
Seat 1: f14b3c50 ($17.86 in chips)
Seat 2: b6f4f408 ($9.35 in chips)
Seat 3: a121d15b ($6.7 in chips)
Seat 4: 8d191a0f ($5.97 in chips)
Seat 5: 3e1837f3 ($9.97 in chips)
Seat 6: Hero ($5.58 in chips)
8d191a0f: posts small blind $0.02
3e1837f3: posts big blind $0.05
*** HOLE CARDS ***
Dealt to f14b3c50 
Dealt to b6f4f408 
Dealt to a121d15b 
Dealt to 8d191a0f 
Dealt to 3e1837f3 
Dealt to Hero [6h 7h]
Hero: folds
f14b3c50: raises $17.81 to $17.86 and is all-in
b6f4f408: folds
a121d15b: folds
8d191a0f: folds
3e1837f3: folds
Uncalled bet ($17.81) returned to f14b3c50
*** SHOWDOWN ***
f14b3c50 collected $0.12 from pot
*** SUMMARY ***
Total pot $0.12 | Rake $0 | Jackpot $0 | Bingo $0 | Fortune $0 | Tax $0
Seat 1: f14b3c50 collected ($0.12)
Seat 2: b6f4f408 folded before Flop (didn't bet)
Seat 3: a121d15b (button) folded before Flop (didn't bet)
Seat 4: 8d191a0f (small blind) folded before Flop
Seat 5: 3e1837f3 (big blind) folded before Flop
Seat 6: Hero folded before Flop (didn't bet)


Poker Hand #HD1725933673: Hold'em No Limit ($0.02/$0.05) - 2024/04/11 18:27:41
Table 'NLHBlue24' 6-max Seat #2 is the button
Seat 1: f14b3c50 ($22.86 in chips)
Seat 2: b6f4f408 ($9.35 in chips)
Seat 3: a121d15b ($6.72 in chips)
Seat 4: 8d191a0f ($6.47 in chips)
Seat 5: 3e1837f3 ($5 in chips)
Seat 6: Hero ($5.58 in chips)
a121d15b: posts small blind $0.02
8d191a0f: posts big blind $0.05
*** HOLE CARDS ***
Dealt to f14b3c50 
Dealt to b6f4f408 
Dealt to a121d15b 
Dealt to 8d191a0f 
Dealt to 3e1837f3 
Dealt to Hero [2s 8s]
3e1837f3: raises $0.07 to $0.12
Hero: folds
f14b3c50: calls $0.12
b6f4f408: folds
a121d15b: folds
8d191a0f: calls $0.07
*** FLOP *** [5c 8c 9h]
8d191a0f: checks
3e1837f3: checks
f14b3c50: bets $0.38
8d191a0f: calls $0.38
3e1837f3: calls $0.38
*** TURN *** [5c 8c 9h] [Td]
8d191a0f: checks
3e1837f3: checks
f14b3c50: bets $1.52
8d191a0f: folds
3e1837f3: calls $1.52
*** RIVER *** [5c 8c 9h Td] [Ad]
3e1837f3: checks
f14b3c50: bets $4.56
3e1837f3: calls $2.98 and is all-in
Uncalled bet ($1.58) returned to f14b3c50
f14b3c50: shows [Js 6h] (Ace-High)
3e1837f3: shows [Qd 9d] (Pair of Nines)
a121d15b: shows [Jh Tc] (Pair of Tens)
*** SHOWDOWN ***
3e1837f3 collected $9.97 from pot
*** SUMMARY ***
Total pot $10.52 | Rake $0.5 | Jackpot $0.05 | Bingo $0 | Fortune $0 | Tax $0
Board [5c 8c 9h Td Ad]
Seat 1: f14b3c50 showed [Js 6h] and lost with Ace-High
Seat 2: b6f4f408 (button) folded before Flop (didn't bet)
Seat 3: a121d15b (small blind) folded before Flop
Seat 4: 8d191a0f (big blind) folded on the Turn
Seat 5: 3e1837f3 showed [Qd 9d] and won ($9.97) with Pair of Nines
Seat 6: Hero folded before Flop (didn't bet)


Poker Hand #HD1725933575: Hold'em No Limit ($0.02/$0.05) - 2024/04/11 18:26:59
Table 'NLHBlue24' 6-max Seat #1 is the button
Seat 1: f14b3c50 ($24.8 in chips)
Seat 2: b6f4f408 ($9.37 in chips)
Seat 3: a121d15b ($5 in chips)
Seat 4: 8d191a0f ($6.47 in chips)
Seat 5: 3e1837f3 ($5 in chips)
Seat 6: Hero ($5.58 in chips)
b6f4f408: posts small blind $0.02
a121d15b: posts big blind $0.05
*** HOLE CARDS ***
Dealt to f14b3c50 
Dealt to b6f4f408 
Dealt to a121d15b 
Dealt to 8d191a0f 
Dealt to 3e1837f3 
Dealt to Hero [Td 8c]
8d191a0f: folds
3e1837f3: folds
Hero: folds
f14b3c50: raises $0.12 to $0.17
b6f4f408: folds
a121d15b: raises $0.6 to $0.77
f14b3c50: calls $0.6
*** FLOP *** [6s Jd Ks]
a121d15b: checks
f14b3c50: checks
*** TURN *** [6s Jd Ks] [3h]
a121d15b: checks
f14b3c50: bets $1.17
a121d15b: calls $1.17
*** RIVER *** [6s Jd Ks 3h] [5d]
a121d15b: bets $3.06 and is all-in
f14b3c50: folds
Uncalled bet ($3.06) returned to a121d15b
f14b3c50: shows [Ad] (Ace-High)
a121d15b: shows [Qc] (King-High)
*** SHOWDOWN ***
a121d15b collected $3.66 from pot
*** SUMMARY ***
Total pot $3.9 | Rake $0.19 | Jackpot $0.05 | Bingo $0 | Fortune $0 | Tax $0
Board [6s Jd Ks 3h 5d]
Seat 1: f14b3c50 (button) folded on the River
Seat 2: b6f4f408 (small blind) folded before Flop
Seat 3: a121d15b (big blind) showed [Qc] and won ($3.66)
Seat 4: 8d191a0f folded before Flop (didn't bet)
Seat 5: 3e1837f3 folded before Flop (didn't bet)
Seat 6: Hero folded before Flop (didn't bet)


Poker Hand #HD1725933478: Hold'em No Limit ($0.02/$0.05) - 2024/04/11 18:26:20
Table 'NLHBlue24' 6-max Seat #6 is the button
Seat 1: f14b3c50 ($24.9 in chips)
Seat 2: b6f4f408 ($9.18 in chips)
Seat 3: a121d15b ($5 in chips)
Seat 4: 8d191a0f ($6.57 in chips)
Seat 5: 3e1837f3 ($5 in chips)
Seat 6: Hero ($5.58 in chips)
f14b3c50: posts small blind $0.02
b6f4f408: posts big blind $0.05
*** HOLE CARDS ***
Dealt to f14b3c50 
Dealt to b6f4f408 
Dealt to a121d15b 
Dealt to 8d191a0f 
Dealt to 3e1837f3 
Dealt to Hero [Js 6s]
a121d15b: folds
8d191a0f: raises $0.05 to $0.1
3e1837f3: folds
Hero: folds
f14b3c50: calls $0.08
b6f4f408: calls $0.05
*** FLOP *** [9c 9s Kd]
f14b3c50: checks
b6f4f408: checks
8d191a0f: checks
*** TURN *** [9c 9s Kd] [3c]
f14b3c50: checks
b6f4f408: bets $0.15
8d191a0f: folds
f14b3c50: folds
Uncalled bet ($0.15) returned to b6f4f408
f14b3c50: shows [6d] (Pair of Nines)
*** SHOWDOWN ***
b6f4f408 collected $0.29 from pot
*** SUMMARY ***
Total pot $0.3 | Rake $0.01 | Jackpot $0 | Bingo $0 | Fortune $0 | Tax $0
Board [9c 9s Kd 3c]
Seat 1: f14b3c50 (small blind) folded on the Turn
Seat 2: b6f4f408 (big blind) won ($0.29)
Seat 3: a121d15b folded before Flop (didn't bet)
Seat 4: 8d191a0f folded on the Turn
Seat 5: 3e1837f3 folded before Flop (didn't bet)
Seat 6: Hero (button) folded before Flop (didn't bet)


Poker Hand #HD1725933462: Hold'em No Limit ($0.02/$0.05) - 2024/04/11 18:26:11
Table 'NLHBlue24' 6-max Seat #5 is the button
Seat 1: f14b3c50 ($24.88 in chips)
Seat 2: b6f4f408 ($9.18 in chips)
Seat 3: a121d15b ($5 in chips)
Seat 4: 8d191a0f ($6.57 in chips)
Seat 5: 3e1837f3 ($5 in chips)
Seat 6: Hero ($5.6 in chips)
Hero: posts small blind $0.02
f14b3c50: posts big blind $0.05
*** HOLE CARDS ***
Dealt to f14b3c50 
Dealt to b6f4f408 
Dealt to a121d15b 
Dealt to 8d191a0f 
Dealt to 3e1837f3 
Dealt to Hero [3d 6s]
b6f4f408: folds
a121d15b: folds
8d191a0f: folds
3e1837f3: folds
Hero: folds
Uncalled bet ($0.03) returned to f14b3c50
*** SHOWDOWN ***
f14b3c50 collected $0.04 from pot
*** SUMMARY ***
Total pot $0.04 | Rake $0 | Jackpot $0 | Bingo $0 | Fortune $0 | Tax $0
Seat 1: f14b3c50 (big blind) collected ($0.04)
Seat 2: b6f4f408 folded before Flop (didn't bet)
Seat 3: a121d15b folded before Flop (didn't bet)
Seat 4: 8d191a0f folded before Flop (didn't bet)
Seat 5: 3e1837f3 (button) folded before Flop (didn't bet)
Seat 6: Hero (small blind) folded before Flop


Poker Hand #HD1725933389: Hold'em No Limit ($0.02/$0.05) - 2024/04/11 18:25:39
Table 'NLHBlue24' 6-max Seat #4 is the button
Seat 1: f14b3c50 ($25.61 in chips)
Seat 2: b6f4f408 ($9.18 in chips)
Seat 3: a121d15b ($5 in chips)
Seat 4: 8d191a0f ($5.89 in chips)
Seat 5: 3e1837f3 ($5.02 in chips)
Seat 6: Hero ($5.65 in chips)
3e1837f3: posts small blind $0.02
Hero: posts big blind $0.05
*** HOLE CARDS ***
Dealt to f14b3c50 
Dealt to b6f4f408 
Dealt to a121d15b 
Dealt to 8d191a0f 
Dealt to 3e1837f3 
Dealt to Hero [Ks 5s]
f14b3c50: raises $0.12 to $0.17
b6f4f408: folds
a121d15b: folds
8d191a0f: calls $0.17
3e1837f3: folds
Hero: folds
*** FLOP *** [Jc 2h 2c]
f14b3c50: bets $0.1
8d191a0f: calls $0.1
*** TURN *** [Jc 2h 2c] [8c]
f14b3c50: bets $0.46
8d191a0f: raises $1.15 to $1.61
f14b3c50: folds
Uncalled bet ($1.15) returned to 8d191a0f
*** SHOWDOWN ***
8d191a0f collected $1.41 from pot
*** SUMMARY ***
Total pot $1.53 | Rake $0.07 | Jackpot $0.05 | Bingo $0 | Fortune $0 | Tax $0
Board [Jc 2h 2c 8c]
Seat 1: f14b3c50 folded on the Turn
Seat 2: b6f4f408 folded before Flop (didn't bet)
Seat 3: a121d15b folded before Flop (didn't bet)
Seat 4: 8d191a0f (button) won ($1.41)
Seat 5: 3e1837f3 (small blind) folded before Flop
Seat 6: Hero (big blind) folded before Flop


Poker Hand #HD1725933348: Hold'em No Limit ($0.02/$0.05) - 2024/04/11 18:25:24
Table 'NLHBlue24' 6-max Seat #3 is the button
Seat 1: f14b3c50 ($25.61 in chips)
Seat 2: b6f4f408 ($9.18 in chips)
Seat 3: a121d15b ($5 in chips)
Seat 4: 8d191a0f ($5.84 in chips)
Seat 5: 3e1837f3 ($5.07 in chips)
Seat 6: Hero ($5.65 in chips)
8d191a0f: posts small blind $0.02
3e1837f3: posts big blind $0.05
*** HOLE CARDS ***
Dealt to f14b3c50 
Dealt to b6f4f408 
Dealt to a121d15b 
Dealt to 8d191a0f 
Dealt to 3e1837f3 
Dealt to Hero [6c 8d]
Hero: folds
f14b3c50: folds
b6f4f408: folds
a121d15b: folds
8d191a0f: raises $0.05 to $0.1
3e1837f3: folds
Uncalled bet ($0.05) returned to 8d191a0f
*** SHOWDOWN ***
8d191a0f collected $0.1 from pot
*** SUMMARY ***
Total pot $0.1 | Rake $0 | Jackpot $0 | Bingo $0 | Fortune $0 | Tax $0
Seat 1: f14b3c50 folded before Flop (didn't bet)
Seat 2: b6f4f408 folded before Flop (didn't bet)
Seat 3: a121d15b (button) folded before Flop (didn't bet)
Seat 4: 8d191a0f (small blind) collected ($0.1)
Seat 5: 3e1837f3 (big blind) folded before Flop
Seat 6: Hero folded before Flop (didn't bet)


Poker Hand #HD1725933309: Hold'em No Limit ($0.02/$0.05) - 2024/04/11 18:25:10
Table 'NLHBlue24' 6-max Seat #2 is the button
Seat 1: f14b3c50 ($25.61 in chips)
Seat 2: b6f4f408 ($9.18 in chips)
Seat 3: a121d15b ($5 in chips)
Seat 4: 8d191a0f ($5.82 in chips)
Seat 5: 3e1837f3 ($5.07 in chips)
Seat 6: Hero ($5.65 in chips)
a121d15b: posts small blind $0.02
8d191a0f: posts big blind $0.05
*** HOLE CARDS ***
Dealt to f14b3c50 
Dealt to b6f4f408 
Dealt to a121d15b 
Dealt to 8d191a0f 
Dealt to 3e1837f3 
Dealt to Hero [Ac 4d]
3e1837f3: folds
Hero: folds
f14b3c50: folds
b6f4f408: folds
a121d15b: folds
Uncalled bet ($0.03) returned to 8d191a0f
*** SHOWDOWN ***
8d191a0f collected $0.04 from pot
*** SUMMARY ***
Total pot $0.04 | Rake $0 | Jackpot $0 | Bingo $0 | Fortune $0 | Tax $0
Seat 1: f14b3c50 folded before Flop (didn't bet)
Seat 2: b6f4f408 (button) folded before Flop (didn't bet)
Seat 3: a121d15b (small blind) folded before Flop
Seat 4: 8d191a0f (big blind) collected ($0.04)
Seat 5: 3e1837f3 folded before Flop (didn't bet)
Seat 6: Hero folded before Flop (didn't bet)


Poker Hand #HD1725933283: Hold'em No Limit ($0.02/$0.05) - 2024/04/11 18:24:57
Table 'NLHBlue24' 6-max Seat #1 is the button
Seat 1: f14b3c50 ($25.61 in chips)
Seat 2: b6f4f408 ($9.2 in chips)
Seat 3: a121d15b ($5 in chips)
Seat 4: 8d191a0f ($5.82 in chips)
Seat 5: 3e1837f3 ($5 in chips)
Seat 6: Hero ($5.65 in chips)
b6f4f408: posts small blind $0.02
a121d15b: posts big blind $0.05
*** HOLE CARDS ***
Dealt to f14b3c50 
Dealt to b6f4f408 
Dealt to a121d15b 
Dealt to 8d191a0f 
Dealt to 3e1837f3 
Dealt to Hero [3c Qc]
8d191a0f: folds
3e1837f3: raises $0.07 to $0.12
Hero: folds
f14b3c50: folds
b6f4f408: folds
a121d15b: folds
Uncalled bet ($0.07) returned to 3e1837f3
*** SHOWDOWN ***
3e1837f3 collected $0.12 from pot
*** SUMMARY ***
Total pot $0.12 | Rake $0 | Jackpot $0 | Bingo $0 | Fortune $0 | Tax $0
Seat 1: f14b3c50 (button) folded before Flop (didn't bet)
Seat 2: b6f4f408 (small blind) folded before Flop
Seat 3: a121d15b (big blind) folded before Flop
Seat 4: 8d191a0f folded before Flop (didn't bet)
Seat 5: 3e1837f3 collected ($0.12)
Seat 6: Hero folded before Flop (didn't bet)


Poker Hand #HD1725933179: Hold'em No Limit ($0.02/$0.05) - 2024/04/11 18:24:13
Table 'NLHBlue24' 6-max Seat #6 is the button
Seat 1: f14b3c50 ($25.63 in chips)
Seat 2: b6f4f408 ($9.33 in chips)
Seat 3: a121d15b ($5 in chips)
Seat 4: 8d191a0f ($5.82 in chips)
Seat 5: 3e1837f3 ($5 in chips)
Seat 6: Hero ($5.51 in chips)
f14b3c50: posts small blind $0.02
b6f4f408: posts big blind $0.05
*** HOLE CARDS ***
Dealt to f14b3c50 
Dealt to b6f4f408 
Dealt to a121d15b 
Dealt to 8d191a0f 
Dealt to 3e1837f3 
Dealt to Hero [Ah Kh]
a121d15b: folds
8d191a0f: folds
3e1837f3: folds
Hero: raises $0.08 to $0.13
f14b3c50: folds
b6f4f408: calls $0.08
*** FLOP *** [Kd 6c Ad]
b6f4f408: checks
Hero: bets $0.15
b6f4f408: folds
Uncalled bet ($0.15) returned to Hero
*** SHOWDOWN ***
Hero collected $0.27 from pot
*** SUMMARY ***
Total pot $0.28 | Rake $0.01 | Jackpot $0 | Bingo $0 | Fortune $0 | Tax $0
Board [Kd 6c Ad]
Seat 1: f14b3c50 (small blind) folded before Flop
Seat 2: b6f4f408 (big blind) folded on the Flop
Seat 3: a121d15b folded before Flop (didn't bet)
Seat 4: 8d191a0f folded before Flop (didn't bet)
Seat 5: 3e1837f3 folded before Flop (didn't bet)
Seat 6: Hero (button) won ($0.27)


Poker Hand #HD1725933135: Hold'em No Limit ($0.02/$0.05) - 2024/04/11 18:23:55
Table 'NLHBlue24' 6-max Seat #5 is the button
Seat 1: f14b3c50 ($25.68 in chips)
Seat 2: b6f4f408 ($9.33 in chips)
Seat 3: a121d15b ($5 in chips)
Seat 4: 8d191a0f ($5.82 in chips)
Seat 5: 3e1837f3 ($5 in chips)
Seat 6: Hero ($5.46 in chips)
Hero: posts small blind $0.02
f14b3c50: posts big blind $0.05
*** HOLE CARDS ***
Dealt to f14b3c50 
Dealt to b6f4f408 
Dealt to a121d15b 
Dealt to 8d191a0f 
Dealt to 3e1837f3 
Dealt to Hero [As 4s]
b6f4f408: folds
a121d15b: folds
8d191a0f: folds
3e1837f3: folds
Hero: raises $0.1 to $0.15
f14b3c50: folds
Uncalled bet ($0.1) returned to Hero
*** SHOWDOWN ***
Hero collected $0.1 from pot
*** SUMMARY ***
Total pot $0.1 | Rake $0 | Jackpot $0 | Bingo $0 | Fortune $0 | Tax $0
Seat 1: f14b3c50 (big blind) folded before Flop
Seat 2: b6f4f408 folded before Flop (didn't bet)
Seat 3: a121d15b folded before Flop (didn't bet)
Seat 4: 8d191a0f folded before Flop (didn't bet)
Seat 5: 3e1837f3 (button) folded before Flop (didn't bet)
Seat 6: Hero (small blind) collected ($0.1)


Poker Hand #HD1725933027: Hold'em No Limit ($0.02/$0.05) - 2024/04/11 18:23:10
Table 'NLHBlue24' 6-max Seat #4 is the button
Seat 1: f14b3c50 ($23.21 in chips)
Seat 2: b6f4f408 ($9.33 in chips)
Seat 3: a121d15b ($5 in chips)
Seat 4: 8d191a0f ($5.82 in chips)
Seat 5: 3e1837f3 ($7.09 in chips)
Seat 6: Hero ($5.51 in chips)
3e1837f3: posts small blind $0.02
Hero: posts big blind $0.05
*** HOLE CARDS ***
Dealt to f14b3c50 
Dealt to b6f4f408 
Dealt to a121d15b 
Dealt to 8d191a0f 
Dealt to 3e1837f3 
Dealt to Hero [Kc 2s]
f14b3c50: raises $0.12 to $0.17
b6f4f408: folds
a121d15b: calls $0.17
8d191a0f: folds
3e1837f3: raises $0.61 to $0.78
Hero: folds
f14b3c50: raises $1.78 to $2.56
a121d15b: folds
3e1837f3: calls $1.78
*** FLOP *** [9s Ts 3h]
3e1837f3: checks
f14b3c50: bets $20.65 and is all-in
3e1837f3: folds
Uncalled bet ($20.65) returned to f14b3c50
*** SHOWDOWN ***
f14b3c50 collected $5.03 from pot
*** SUMMARY ***
Total pot $5.34 | Rake $0.26 | Jackpot $0.05 | Bingo $0 | Fortune $0 | Tax $0
Board [9s Ts 3h]
Seat 1: f14b3c50 won ($5.03)
Seat 2: b6f4f408 folded before Flop (didn't bet)
Seat 3: a121d15b folded before Flop
Seat 4: 8d191a0f (button) folded before Flop (didn't bet)
Seat 5: 3e1837f3 (small blind) folded on the Flop
Seat 6: Hero (big blind) folded before Flop


Poker Hand #HD1725932965: Hold'em No Limit ($0.02/$0.05) - 2024/04/11 18:22:44
Table 'NLHBlue24' 6-max Seat #3 is the button
Seat 1: f14b3c50 ($23.01 in chips)
Seat 2: b6f4f408 ($9.33 in chips)
Seat 3: a121d15b ($5 in chips)
Seat 4: 8d191a0f ($5.99 in chips)
Seat 5: 3e1837f3 ($7.14 in chips)
Seat 6: Hero ($5.51 in chips)
8d191a0f: posts small blind $0.02
3e1837f3: posts big blind $0.05
*** HOLE CARDS ***
Dealt to f14b3c50 
Dealt to b6f4f408 
Dealt to a121d15b 
Dealt to 8d191a0f 
Dealt to 3e1837f3 
Dealt to Hero [7s Ah]
Hero: folds
f14b3c50: raises $0.12 to $0.17
b6f4f408: folds
a121d15b: folds
8d191a0f: calls $0.15
3e1837f3: folds
*** FLOP *** [Tc 8h 8s]
8d191a0f: checks
f14b3c50: bets $0.39
8d191a0f: folds
Uncalled bet ($0.39) returned to f14b3c50
f14b3c50: shows [Kd]
*** SHOWDOWN ***
f14b3c50 collected $0.37 from pot
*** SUMMARY ***
Total pot $0.39 | Rake $0.02 | Jackpot $0 | Bingo $0 | Fortune $0 | Tax $0
Board [Tc 8h 8s]
Seat 1: f14b3c50 showed [Kd] and won ($0.37)
Seat 2: b6f4f408 folded before Flop (didn't bet)
Seat 3: a121d15b (button) folded before Flop (didn't bet)
Seat 4: 8d191a0f (small blind) folded on the Flop
Seat 5: 3e1837f3 (big blind) folded before Flop
Seat 6: Hero folded before Flop (didn't bet)


Poker Hand #HD1725932929: Hold'em No Limit ($0.02/$0.05) - 2024/04/11 18:22:26
Table 'NLHBlue24' 6-max Seat #2 is the button
Seat 1: f14b3c50 ($22.94 in chips)
Seat 2: b6f4f408 ($9.33 in chips)
Seat 3: a121d15b ($5 in chips)
Seat 4: 8d191a0f ($6.04 in chips)
Seat 5: 3e1837f3 ($7.14 in chips)
Seat 6: Hero ($5.51 in chips)
a121d15b: posts small blind $0.02
8d191a0f: posts big blind $0.05
*** HOLE CARDS ***
Dealt to f14b3c50 
Dealt to b6f4f408 
Dealt to a121d15b 
Dealt to 8d191a0f 
Dealt to 3e1837f3 
Dealt to Hero [2h 6s]
3e1837f3: folds
Hero: folds
f14b3c50: raises $0.12 to $0.17
b6f4f408: folds
a121d15b: folds
8d191a0f: folds
Uncalled bet ($0.12) returned to f14b3c50
*** SHOWDOWN ***
f14b3c50 collected $0.12 from pot
*** SUMMARY ***
Total pot $0.12 | Rake $0 | Jackpot $0 | Bingo $0 | Fortune $0 | Tax $0
Seat 1: f14b3c50 collected ($0.12)
Seat 2: b6f4f408 (button) folded before Flop (didn't bet)
Seat 3: a121d15b (small blind) folded before Flop
Seat 4: 8d191a0f (big blind) folded before Flop
Seat 5: 3e1837f3 folded before Flop (didn't bet)
Seat 6: Hero folded before Flop (didn't bet)


Poker Hand #HD1725932820: Hold'em No Limit ($0.02/$0.05) - 2024/04/11 18:21:40
Table 'NLHBlue24' 6-max Seat #1 is the button
Seat 1: f14b3c50 ($23.07 in chips)
Seat 2: b6f4f408 ($9.35 in chips)
Seat 3: a121d15b ($5 in chips)
Seat 4: 8d191a0f ($6.04 in chips)
Seat 5: 3e1837f3 ($7.14 in chips)
Seat 6: Hero ($5.32 in chips)
b6f4f408: posts small blind $0.02
a121d15b: posts big blind $0.05
*** HOLE CARDS ***
Dealt to f14b3c50 
Dealt to b6f4f408 
Dealt to a121d15b 
Dealt to 8d191a0f 
Dealt to 3e1837f3 
Dealt to Hero [Tc Qc]
8d191a0f: folds
3e1837f3: folds
Hero: raises $0.08 to $0.13
f14b3c50: calls $0.13
b6f4f408: folds
a121d15b: folds
*** FLOP *** [9s 4h 6d]
Hero: checks
f14b3c50: checks
*** TURN *** [9s 4h 6d] [9d]
Hero: checks
f14b3c50: checks
*** RIVER *** [9s 4h 6d 9d] [5c]
Hero: checks
f14b3c50: checks
Hero: shows [Tc Qc] (Pair of Nines)
f14b3c50: shows [Qd 2c] (Pair of Nines)
*** SHOWDOWN ***
Hero collected $0.32 from pot
*** SUMMARY ***
Total pot $0.33 | Rake $0.01 | Jackpot $0 | Bingo $0 | Fortune $0 | Tax $0
Board [9s 4h 6d 9d 5c]
Seat 1: f14b3c50 (button) showed [Qd 2c] and lost with Pair of Nines
Seat 2: b6f4f408 (small blind) folded before Flop
Seat 3: a121d15b (big blind) folded before Flop
Seat 4: 8d191a0f folded before Flop (didn't bet)
Seat 5: 3e1837f3 folded before Flop (didn't bet)
Seat 6: Hero showed [Tc Qc] and won ($0.32) with Pair of Nines


Poker Hand #HD1725932714: Hold'em No Limit ($0.02/$0.05) - 2024/04/11 18:20:55
Table 'NLHBlue24' 6-max Seat #6 is the button
Seat 1: f14b3c50 ($22.88 in chips)
Seat 2: b6f4f408 ($9.45 in chips)
Seat 3: a121d15b ($5 in chips)
Seat 4: 8d191a0f ($6.14 in chips)
Seat 5: 3e1837f3 ($7.14 in chips)
Seat 6: Hero ($5.32 in chips)
f14b3c50: posts small blind $0.02
b6f4f408: posts big blind $0.05
*** HOLE CARDS ***
Dealt to f14b3c50 
Dealt to b6f4f408 
Dealt to a121d15b 
Dealt to 8d191a0f 
Dealt to 3e1837f3 
Dealt to Hero [Th Ks]
a121d15b: folds
8d191a0f: raises $0.05 to $0.1
3e1837f3: folds
Hero: folds
f14b3c50: calls $0.08
b6f4f408: calls $0.05
*** FLOP *** [9h Td 8d]
f14b3c50: checks
b6f4f408: checks
8d191a0f: checks
*** TURN *** [9h Td 8d] [9s]
f14b3c50: bets $0.3
b6f4f408: folds
8d191a0f: folds
Uncalled bet ($0.3) returned to f14b3c50
*** SHOWDOWN ***
f14b3c50 collected $0.29 from pot
*** SUMMARY ***
Total pot $0.3 | Rake $0.01 | Jackpot $0 | Bingo $0 | Fortune $0 | Tax $0
Board [9h Td 8d 9s]
Seat 1: f14b3c50 (small blind) won ($0.29)
Seat 2: b6f4f408 (big blind) folded on the Turn
Seat 3: a121d15b folded before Flop (didn't bet)
Seat 4: 8d191a0f folded on the Turn
Seat 5: 3e1837f3 folded before Flop (didn't bet)
Seat 6: Hero (button) folded before Flop (didn't bet)


Poker Hand #HD1725932608: Hold'em No Limit ($0.02/$0.05) - 2024/04/11 18:20:12
Table 'NLHBlue24' 6-max Seat #5 is the button
Seat 1: f14b3c50 ($23.15 in chips)
Seat 2: b6f4f408 ($9.18 in chips)
Seat 3: a121d15b ($5 in chips)
Seat 4: 8d191a0f ($6.14 in chips)
Seat 5: 3e1837f3 ($7.14 in chips)
Seat 6: Hero ($5.34 in chips)
Hero: posts small blind $0.02
f14b3c50: posts big blind $0.05
*** HOLE CARDS ***
Dealt to f14b3c50 
Dealt to b6f4f408 
Dealt to a121d15b 
Dealt to 8d191a0f 
Dealt to 3e1837f3 
Dealt to Hero [9c Js]
b6f4f408: raises $0.05 to $0.1
a121d15b: folds
8d191a0f: folds
3e1837f3: folds
Hero: folds
f14b3c50: calls $0.05
*** FLOP *** [As 7d Ah]
f14b3c50: checks
b6f4f408: checks
*** TURN *** [As 7d Ah] [4s]
f14b3c50: bets $0.17
b6f4f408: calls $0.17
*** RIVER *** [As 7d Ah 4s] [Td]
f14b3c50: checks
b6f4f408: bets $0.28
f14b3c50: folds
Uncalled bet ($0.28) returned to b6f4f408
*** SHOWDOWN ***
b6f4f408 collected $0.54 from pot
*** SUMMARY ***
Total pot $0.56 | Rake $0.02 | Jackpot $0 | Bingo $0 | Fortune $0 | Tax $0
Board [As 7d Ah 4s Td]
Seat 1: f14b3c50 (big blind) folded on the River
Seat 2: b6f4f408 won ($0.54)
Seat 3: a121d15b folded before Flop (didn't bet)
Seat 4: 8d191a0f folded before Flop (didn't bet)
Seat 5: 3e1837f3 (button) folded before Flop (didn't bet)
Seat 6: Hero (small blind) folded before Flop


Poker Hand #HD1725932574: Hold'em No Limit ($0.02/$0.05) - 2024/04/11 18:19:53
Table 'NLHBlue24' 6-max Seat #4 is the button
Seat 1: f14b3c50 ($23.08 in chips)
Seat 2: b6f4f408 ($9.18 in chips)
Seat 3: a121d15b ($5 in chips)
Seat 4: 8d191a0f ($6.14 in chips)
Seat 5: 3e1837f3 ($7.16 in chips)
Seat 6: Hero ($5.39 in chips)
3e1837f3: posts small blind $0.02
Hero: posts big blind $0.05
*** HOLE CARDS ***
Dealt to f14b3c50 
Dealt to b6f4f408 
Dealt to a121d15b 
Dealt to 8d191a0f 
Dealt to 3e1837f3 
Dealt to Hero [7s Ah]
f14b3c50: raises $23.03 to $23.08 and is all-in
b6f4f408: folds
a121d15b: folds
8d191a0f: folds
3e1837f3: folds
Hero: folds
Uncalled bet ($23.03) returned to f14b3c50
*** SHOWDOWN ***
f14b3c50 collected $0.12 from pot
*** SUMMARY ***
Total pot $0.12 | Rake $0 | Jackpot $0 | Bingo $0 | Fortune $0 | Tax $0
Seat 1: f14b3c50 collected ($0.12)
Seat 2: b6f4f408 folded before Flop (didn't bet)
Seat 3: a121d15b folded before Flop (didn't bet)
Seat 4: 8d191a0f (button) folded before Flop (didn't bet)
Seat 5: 3e1837f3 (small blind) folded before Flop
Seat 6: Hero (big blind) folded before Flop


Poker Hand #HD1725932499: Hold'em No Limit ($0.02/$0.05) - 2024/04/11 18:19:28
Table 'NLHBlue24' 6-max Seat #3 is the button
Seat 1: f14b3c50 ($23.01 in chips)
Seat 2: b6f4f408 ($9.18 in chips)
Seat 3: a121d15b ($5 in chips)
Seat 4: 8d191a0f ($6.16 in chips)
Seat 5: 3e1837f3 ($7.21 in chips)
Seat 6: Hero ($5.39 in chips)
8d191a0f: posts small blind $0.02
3e1837f3: posts big blind $0.05
*** HOLE CARDS ***
Dealt to f14b3c50 
Dealt to b6f4f408 
Dealt to a121d15b 
Dealt to 8d191a0f 
Dealt to 3e1837f3 
Dealt to Hero [4d 9c]
Hero: folds
f14b3c50: raises $22.96 to $23.01 and is all-in
b6f4f408: folds
a121d15b: folds
8d191a0f: folds
3e1837f3: folds
Uncalled bet ($22.96) returned to f14b3c50
*** SHOWDOWN ***
f14b3c50 collected $0.12 from pot
*** SUMMARY ***
Total pot $0.12 | Rake $0 | Jackpot $0 | Bingo $0 | Fortune $0 | Tax $0
Seat 1: f14b3c50 collected ($0.12)
Seat 2: b6f4f408 folded before Flop (didn't bet)
Seat 3: a121d15b (button) folded before Flop (didn't bet)
Seat 4: 8d191a0f (small blind) folded before Flop
Seat 5: 3e1837f3 (big blind) folded before Flop
Seat 6: Hero folded before Flop (didn't bet)


Poker Hand #HD1725932374: Hold'em No Limit ($0.02/$0.05) - 2024/04/11 18:18:27
Table 'NLHBlue24' 6-max Seat #2 is the button
Seat 1: f14b3c50 ($27.83 in chips)
Seat 2: b6f4f408 ($4.82 in chips)
Seat 3: a121d15b ($5 in chips)
Seat 4: 8d191a0f ($6.21 in chips)
Seat 5: 3e1837f3 ($7.21 in chips)
Seat 6: Hero ($5.39 in chips)
a121d15b: posts small blind $0.02
8d191a0f: posts big blind $0.05
*** HOLE CARDS ***
Dealt to f14b3c50 
Dealt to b6f4f408 
Dealt to a121d15b 
Dealt to 8d191a0f 
Dealt to 3e1837f3 
Dealt to Hero [6d Kd]
3e1837f3: folds
Hero: folds
f14b3c50: raises $0.12 to $0.17
b6f4f408: raises $0.37 to $0.54
a121d15b: folds
8d191a0f: folds
f14b3c50: raises $1.15 to $1.69
b6f4f408: raises $3.13 to $4.82 and is all-in
f14b3c50: calls $3.13
b6f4f408: shows [Th Tc]
f14b3c50: shows [Kh Ad]
*** FLOP *** [9c 3d Kc]
*** TURN *** [9c 3d Kc] [Td]
*** RIVER *** [9c 3d Kc Td] [Qc]
*** SHOWDOWN ***
b6f4f408 collected $9.18 from pot
*** SUMMARY ***
Total pot $9.71 | Rake $0.48 | Jackpot $0.05 | Bingo $0 | Fortune $0 | Tax $0
Board [9c 3d Kc Td Qc]
Seat 1: f14b3c50 showed [Kh Ad] and lost with Pair of Kings
Seat 2: b6f4f408 (button) showed [Th Tc] and won ($9.18) with Three Tens
Seat 3: a121d15b (small blind) folded before Flop
Seat 4: 8d191a0f (big blind) folded before Flop
Seat 5: 3e1837f3 folded before Flop (didn't bet)
Seat 6: Hero folded before Flop (didn't bet)


Poker Hand #HD1725932275: Hold'em No Limit ($0.02/$0.05) - 2024/04/11 18:17:50
Table 'NLHBlue24' 6-max Seat #1 is the button
Seat 1: f14b3c50 ($27.54 in chips)
Seat 2: b6f4f408 ($4.95 in chips)
Seat 3: a121d15b ($5 in chips)
Seat 4: 8d191a0f ($6.21 in chips)
Seat 5: 3e1837f3 ($7.21 in chips)
Seat 6: Hero ($5.52 in chips)
b6f4f408: posts small blind $0.02
a121d15b: posts big blind $0.05
*** HOLE CARDS ***
Dealt to f14b3c50 
Dealt to b6f4f408 
Dealt to a121d15b 
Dealt to 8d191a0f 
Dealt to 3e1837f3 
Dealt to Hero [Ac 7c]
8d191a0f: folds
3e1837f3: folds
Hero: raises $0.08 to $0.13
f14b3c50: calls $0.13
b6f4f408: calls $0.11
a121d15b: folds
*** FLOP *** [Jh 9d 4h]
b6f4f408: checks
Hero: checks
f14b3c50: bets $0.44
b6f4f408: folds
Hero: folds
Uncalled bet ($0.44) returned to f14b3c50
f14b3c50: shows [3c 4s] (Pair of Fours)
*** SHOWDOWN ***
f14b3c50 collected $0.42 from pot
*** SUMMARY ***
Total pot $0.44 | Rake $0.02 | Jackpot $0 | Bingo $0 | Fortune $0 | Tax $0
Board [Jh 9d 4h]
Seat 1: f14b3c50 (button) showed [3c 4s] and won ($0.42)
Seat 2: b6f4f408 (small blind) folded on the Flop
Seat 3: a121d15b (big blind) folded before Flop
Seat 4: 8d191a0f folded before Flop (didn't bet)
Seat 5: 3e1837f3 folded before Flop (didn't bet)
Seat 6: Hero folded on the Flop


Poker Hand #HD1725932210: Hold'em No Limit ($0.02/$0.05) - 2024/04/11 18:17:21
Table 'NLHBlue24' 6-max Seat #6 is the button
Seat 1: f14b3c50 ($27.12 in chips)
Seat 2: b6f4f408 ($2.6 in chips)
Seat 3: a121d15b ($5 in chips)
Seat 4: 8d191a0f ($6.21 in chips)
Seat 5: 3e1837f3 ($7.21 in chips)
Seat 6: Hero ($5.52 in chips)
f14b3c50: posts small blind $0.02
b6f4f408: posts big blind $0.05
*** HOLE CARDS ***
Dealt to f14b3c50 
Dealt to b6f4f408 
Dealt to a121d15b 
Dealt to 8d191a0f 
Dealt to 3e1837f3 
Dealt to Hero [8c Ks]
a121d15b: raises $0.07 to $0.12
8d191a0f: folds
3e1837f3: folds
Hero: folds
f14b3c50: raises $0.29 to $0.41
b6f4f408: folds
a121d15b: calls $0.29
*** FLOP *** [Tc 2d 7d]
f14b3c50: bets $0.87
a121d15b: folds
Uncalled bet ($0.87) returned to f14b3c50
*** SHOWDOWN ***
f14b3c50 collected $0.83 from pot
*** SUMMARY ***
Total pot $0.87 | Rake $0.04 | Jackpot $0 | Bingo $0 | Fortune $0 | Tax $0
Board [Tc 2d 7d]
Seat 1: f14b3c50 (small blind) won ($0.83)
Seat 2: b6f4f408 (big blind) folded before Flop
Seat 3: a121d15b folded on the Flop
Seat 4: 8d191a0f folded before Flop (didn't bet)
Seat 5: 3e1837f3 folded before Flop (didn't bet)
Seat 6: Hero (button) folded before Flop (didn't bet)


Poker Hand #HD1725932189: Hold'em No Limit ($0.02/$0.05) - 2024/04/11 18:17:12
Table 'NLHBlue24' 6-max Seat #5 is the button
Seat 1: f14b3c50 ($27.1 in chips)
Seat 2: b6f4f408 ($2.6 in chips)
Seat 3: a121d15b ($5 in chips)
Seat 4: 8d191a0f ($6.21 in chips)
Seat 5: 3e1837f3 ($7.21 in chips)
Seat 6: Hero ($5.54 in chips)
Hero: posts small blind $0.02
f14b3c50: posts big blind $0.05
*** HOLE CARDS ***
Dealt to f14b3c50 
Dealt to b6f4f408 
Dealt to a121d15b 
Dealt to 8d191a0f 
Dealt to 3e1837f3 
Dealt to Hero [3s 8s]
b6f4f408: folds
a121d15b: folds
8d191a0f: folds
3e1837f3: folds
Hero: folds
Uncalled bet ($0.03) returned to f14b3c50
*** SHOWDOWN ***
f14b3c50 collected $0.04 from pot
*** SUMMARY ***
Total pot $0.04 | Rake $0 | Jackpot $0 | Bingo $0 | Fortune $0 | Tax $0
Seat 1: f14b3c50 (big blind) collected ($0.04)
Seat 2: b6f4f408 folded before Flop (didn't bet)
Seat 3: a121d15b folded before Flop (didn't bet)
Seat 4: 8d191a0f folded before Flop (didn't bet)
Seat 5: 3e1837f3 (button) folded before Flop (didn't bet)
Seat 6: Hero (small blind) folded before Flop


Poker Hand #HD1725932053: Hold'em No Limit ($0.02/$0.05) - 2024/04/11 18:16:13
Table 'NLHBlue24' 6-max Seat #4 is the button
Seat 1: f14b3c50 ($27.1 in chips)
Seat 2: b6f4f408 ($2.6 in chips)
Seat 3: a121d15b ($5 in chips)
Seat 4: 8d191a0f ($6.1 in chips)
Seat 5: 3e1837f3 ($7.23 in chips)
Seat 6: Hero ($5.64 in chips)
3e1837f3: posts small blind $0.02
Hero: posts big blind $0.05
*** HOLE CARDS ***
Dealt to f14b3c50 
Dealt to b6f4f408 
Dealt to a121d15b 
Dealt to 8d191a0f 
Dealt to 3e1837f3 
Dealt to Hero [Tc Kc]
f14b3c50: folds
b6f4f408: folds
a121d15b: folds
8d191a0f: raises $0.05 to $0.1
3e1837f3: folds
Hero: calls $0.05
*** FLOP *** [4d 8s 8d]
Hero: checks
8d191a0f: bets $0.11
Hero: folds
Uncalled bet ($0.11) returned to 8d191a0f
*** SHOWDOWN ***
8d191a0f collected $0.21 from pot
*** SUMMARY ***
Total pot $0.22 | Rake $0.01 | Jackpot $0 | Bingo $0 | Fortune $0 | Tax $0
Board [4d 8s 8d]
Seat 1: f14b3c50 folded before Flop (didn't bet)
Seat 2: b6f4f408 folded before Flop (didn't bet)
Seat 3: a121d15b folded before Flop (didn't bet)
Seat 4: 8d191a0f (button) won ($0.21)
Seat 5: 3e1837f3 (small blind) folded before Flop
Seat 6: Hero (big blind) folded on the Flop


Poker Hand #HD1725931988: Hold'em No Limit ($0.02/$0.05) - 2024/04/11 18:15:51
Table 'NLHBlue24' 6-max Seat #3 is the button
Seat 1: f14b3c50 ($26.94 in chips)
Seat 2: b6f4f408 ($2.6 in chips)
Seat 3: a121d15b ($5 in chips)
Seat 4: 8d191a0f ($6.12 in chips)
Seat 5: 3e1837f3 ($7.28 in chips)
Seat 6: Hero ($5.74 in chips)
8d191a0f: posts small blind $0.02
3e1837f3: posts big blind $0.05
*** HOLE CARDS ***
Dealt to f14b3c50 
Dealt to b6f4f408 
Dealt to a121d15b 
Dealt to 8d191a0f 
Dealt to 3e1837f3 
Dealt to Hero [Qs Kh]
Hero: raises $0.05 to $0.1
f14b3c50: raises $26.84 to $26.94 and is all-in
b6f4f408: folds
a121d15b: folds
8d191a0f: folds
3e1837f3: folds
Hero: folds
Uncalled bet ($26.84) returned to f14b3c50
f14b3c50: shows [As]
*** SHOWDOWN ***
f14b3c50 collected $0.26 from pot
*** SUMMARY ***
Total pot $0.27 | Rake $0.01 | Jackpot $0 | Bingo $0 | Fortune $0 | Tax $0
Seat 1: f14b3c50 showed [As] and collected ($0.26)
Seat 2: b6f4f408 folded before Flop (didn't bet)
Seat 3: a121d15b (button) folded before Flop (didn't bet)
Seat 4: 8d191a0f (small blind) folded before Flop
Seat 5: 3e1837f3 (big blind) folded before Flop
Seat 6: Hero folded before Flop


Poker Hand #HD1725931909: Hold'em No Limit ($0.02/$0.05) - 2024/04/11 18:15:18
Table 'NLHBlue24' 6-max Seat #2 is the button
Seat 1: f14b3c50 ($26.73 in chips)
Seat 2: b6f4f408 ($2.6 in chips)
Seat 3: a121d15b ($5 in chips)
Seat 4: 8d191a0f ($6.33 in chips)
Seat 5: 3e1837f3 ($7.28 in chips)
Seat 6: Hero ($5.74 in chips)
a121d15b: posts small blind $0.02
8d191a0f: posts big blind $0.05
*** HOLE CARDS ***
Dealt to f14b3c50 
Dealt to b6f4f408 
Dealt to a121d15b 
Dealt to 8d191a0f 
Dealt to 3e1837f3 
Dealt to Hero [2d 8c]
3e1837f3: folds
Hero: folds
f14b3c50: calls $0.05
b6f4f408: folds
a121d15b: folds
8d191a0f: raises $0.05 to $0.1
f14b3c50: calls $0.05
*** FLOP *** [Ac 6s 3h]
8d191a0f: bets $0.11
f14b3c50: calls $0.11
*** TURN *** [Ac 6s 3h] [5s]
8d191a0f: checks
f14b3c50: bets $0.44
8d191a0f: folds
Uncalled bet ($0.44) returned to f14b3c50
f14b3c50: shows [5h] (Pair of Fives)
*** SHOWDOWN ***
f14b3c50 collected $0.42 from pot
*** SUMMARY ***
Total pot $0.44 | Rake $0.02 | Jackpot $0 | Bingo $0 | Fortune $0 | Tax $0
Board [Ac 6s 3h 5s]
Seat 1: f14b3c50 showed [5h] and won ($0.42)
Seat 2: b6f4f408 (button) folded before Flop (didn't bet)
Seat 3: a121d15b (small blind) folded before Flop
Seat 4: 8d191a0f (big blind) folded on the Turn
Seat 5: 3e1837f3 folded before Flop (didn't bet)
Seat 6: Hero folded before Flop (didn't bet)


Poker Hand #HD1725931866: Hold'em No Limit ($0.02/$0.05) - 2024/04/11 18:14:58
Table 'NLHBlue24' 6-max Seat #1 is the button
Seat 1: f14b3c50 ($26.73 in chips)
Seat 2: b6f4f408 ($2.62 in chips)
Seat 3: a121d15b ($5 in chips)
Seat 4: 8d191a0f ($6.33 in chips)
Seat 5: 3e1837f3 ($7.21 in chips)
Seat 6: Hero ($5.74 in chips)
b6f4f408: posts small blind $0.02
a121d15b: posts big blind $0.05
*** HOLE CARDS ***
Dealt to f14b3c50 
Dealt to b6f4f408 
Dealt to a121d15b 
Dealt to 8d191a0f 
Dealt to 3e1837f3 
Dealt to Hero [2s Ks]
8d191a0f: folds
3e1837f3: raises $0.07 to $0.12
Hero: folds
f14b3c50: folds
b6f4f408: folds
a121d15b: folds
Uncalled bet ($0.07) returned to 3e1837f3
*** SHOWDOWN ***
3e1837f3 collected $0.12 from pot
*** SUMMARY ***
Total pot $0.12 | Rake $0 | Jackpot $0 | Bingo $0 | Fortune $0 | Tax $0
Seat 1: f14b3c50 (button) folded before Flop (didn't bet)
Seat 2: b6f4f408 (small blind) folded before Flop
Seat 3: a121d15b (big blind) folded before Flop
Seat 4: 8d191a0f folded before Flop (didn't bet)
Seat 5: 3e1837f3 collected ($0.12)
Seat 6: Hero folded before Flop (didn't bet)


Poker Hand #HD1725931814: Hold'em No Limit ($0.02/$0.05) - 2024/04/11 18:14:34
Table 'NLHBlue24' 6-max Seat #6 is the button
Seat 1: f14b3c50 ($26.57 in chips)
Seat 2: b6f4f408 ($2.67 in chips)
Seat 3: a121d15b ($5 in chips)
Seat 4: 8d191a0f ($6.33 in chips)
Seat 5: 3e1837f3 ($7.33 in chips)
Seat 6: Hero ($5.74 in chips)
f14b3c50: posts small blind $0.02
b6f4f408: posts big blind $0.05
*** HOLE CARDS ***
Dealt to f14b3c50 
Dealt to b6f4f408 
Dealt to a121d15b 
Dealt to 8d191a0f 
Dealt to 3e1837f3 
Dealt to Hero [Ac 4d]
a121d15b: folds
8d191a0f: folds
3e1837f3: raises $0.07 to $0.12
Hero: folds
f14b3c50: raises $26.45 to $26.57 and is all-in
b6f4f408: folds
3e1837f3: folds
Uncalled bet ($26.45) returned to f14b3c50
f14b3c50: shows [2s]
*** SHOWDOWN ***
f14b3c50 collected $0.28 from pot
*** SUMMARY ***
Total pot $0.29 | Rake $0.01 | Jackpot $0 | Bingo $0 | Fortune $0 | Tax $0
Seat 1: f14b3c50 (small blind) showed [2s] and collected ($0.28)
Seat 2: b6f4f408 (big blind) folded before Flop
Seat 3: a121d15b folded before Flop (didn't bet)
Seat 4: 8d191a0f folded before Flop (didn't bet)
Seat 5: 3e1837f3 folded before Flop
Seat 6: Hero (button) folded before Flop (didn't bet)


Poker Hand #HD1725931499: Hold'em No Limit ($0.02/$0.05) - 2024/04/11 18:12:26
Table 'NLHBlue24' 6-max Seat #5 is the button
Seat 1: f14b3c50 ($27.02 in chips)
Seat 2: b6f4f408 ($4.02 in chips)
Seat 3: a121d15b ($5 in chips)
Seat 4: 8d191a0f ($6.33 in chips)
Seat 5: 3e1837f3 ($5.3 in chips)
Seat 6: Hero ($6.19 in chips)
Hero: posts small blind $0.02
f14b3c50: posts big blind $0.05
*** HOLE CARDS ***
Dealt to f14b3c50 
Dealt to b6f4f408 
Dealt to a121d15b 
Dealt to 8d191a0f 
Dealt to 3e1837f3 
Dealt to Hero [Kd Ac]
b6f4f408: raises $0.05 to $0.1
a121d15b: folds
8d191a0f: folds
3e1837f3: calls $0.1
Hero: raises $0.35 to $0.45
f14b3c50: calls $0.4
b6f4f408: calls $0.35
3e1837f3: calls $0.35
*** FLOP *** [Th 6c 6s]
Hero: checks
f14b3c50: checks
b6f4f408: bets $0.9
3e1837f3: calls $0.9
Hero: folds
f14b3c50: folds
*** TURN *** [Th 6c 6s] [6h]
b6f4f408: checks
3e1837f3: checks
*** RIVER *** [Th 6c 6s 6h] [3h]
b6f4f408: checks
3e1837f3: checks
b6f4f408: shows [5d 5h] (Sixes Full over Fives)
3e1837f3: shows [Td 9d] (Sixes Full over Tens)
*** SHOWDOWN ***
3e1837f3 collected $3.38 from pot
*** SUMMARY ***
Total pot $3.6 | Rake $0.17 | Jackpot $0.05 | Bingo $0 | Fortune $0 | Tax $0
Board [Th 6c 6s 6h 3h]
Seat 1: f14b3c50 (big blind) folded on the Flop
Seat 2: b6f4f408 showed [5d 5h] and lost with Sixes Full over Fives
Seat 3: a121d15b folded before Flop (didn't bet)
Seat 4: 8d191a0f folded before Flop (didn't bet)
Seat 5: 3e1837f3 (button) showed [Td 9d] and won ($3.38) with Sixes Full over Tens
Seat 6: Hero (small blind) folded on the Flop


Poker Hand #HD1725931349: Hold'em No Limit ($0.02/$0.05) - 2024/04/11 18:11:25
Table 'NLHBlue24' 6-max Seat #4 is the button
Seat 1: f14b3c50 ($27.3 in chips)
Seat 2: b6f4f408 ($4.02 in chips)
Seat 3: a121d15b ($5 in chips)
Seat 4: 8d191a0f ($6.33 in chips)
Seat 5: 3e1837f3 ($5 in chips)
Seat 6: Hero ($6.24 in chips)
3e1837f3: posts small blind $0.02
Hero: posts big blind $0.05
*** HOLE CARDS ***
Dealt to f14b3c50 
Dealt to b6f4f408 
Dealt to a121d15b 
Dealt to 8d191a0f 
Dealt to 3e1837f3 
Dealt to Hero [Ah Td]
f14b3c50: calls $0.05
b6f4f408: folds
a121d15b: folds
8d191a0f: folds
3e1837f3: raises $0.23 to $0.28
Hero: folds
f14b3c50: calls $0.23
*** FLOP *** [3d 9h 7c]
3e1837f3: bets $0.62
f14b3c50: folds
Uncalled bet ($0.62) returned to 3e1837f3
*** SHOWDOWN ***
3e1837f3 collected $0.58 from pot
*** SUMMARY ***
Total pot $0.61 | Rake $0.03 | Jackpot $0 | Bingo $0 | Fortune $0 | Tax $0
Board [3d 9h 7c]
Seat 1: f14b3c50 folded on the Flop
Seat 2: b6f4f408 folded before Flop (didn't bet)
Seat 3: a121d15b folded before Flop (didn't bet)
Seat 4: 8d191a0f (button) folded before Flop (didn't bet)
Seat 5: 3e1837f3 (small blind) won ($0.58)
Seat 6: Hero (big blind) folded before Flop


Poker Hand #HD1725931117: Hold'em No Limit ($0.02/$0.05) - 2024/04/11 18:09:43
Table 'NLHBlue24' 6-max Seat #3 is the button
Seat 1: f14b3c50 ($26.95 in chips)
Seat 2: b6f4f408 ($4.02 in chips)
Seat 3: a121d15b ($5 in chips)
Seat 4: 8d191a0f ($6.38 in chips)
Seat 5: 3e1837f3 ($5 in chips)
Seat 6: Hero ($6.24 in chips)
8d191a0f: posts small blind $0.02
3e1837f3: posts big blind $0.05
*** HOLE CARDS ***
Dealt to f14b3c50 
Dealt to b6f4f408 
Dealt to a121d15b 
Dealt to 8d191a0f 
Dealt to 3e1837f3 
Dealt to Hero [3d 6s]
Hero: folds
f14b3c50: calls $0.05
b6f4f408: folds
a121d15b: folds
8d191a0f: calls $0.03
3e1837f3: checks
*** FLOP *** [Qs 4s Jc]
8d191a0f: checks
3e1837f3: checks
f14b3c50: checks
*** TURN *** [Qs 4s Jc] [2c]
8d191a0f: checks
3e1837f3: bets $0.28
f14b3c50: calls $0.28
8d191a0f: folds
*** RIVER *** [Qs 4s Jc 2c] [Qd]
3e1837f3: checks
f14b3c50: checks
3e1837f3: shows [Ad 6c] (Pair of Queens)
f14b3c50: shows [3h 4d] (Pair of Queens and Pair of Fours)
*** SHOWDOWN ***
f14b3c50 collected $0.68 from pot
*** SUMMARY ***
Total pot $0.71 | Rake $0.03 | Jackpot $0 | Bingo $0 | Fortune $0 | Tax $0
Board [Qs 4s Jc 2c Qd]
Seat 1: f14b3c50 showed [3h 4d] and won ($0.68) with Pair of Queens and Pair of Fours
Seat 2: b6f4f408 folded before Flop (didn't bet)
Seat 3: a121d15b (button) folded before Flop (didn't bet)
Seat 4: 8d191a0f (small blind) folded on the Turn
Seat 5: 3e1837f3 (big blind) showed [Ad 6c] and lost with Pair of Queens
Seat 6: Hero folded before Flop (didn't bet)


Poker Hand #HD1725930988: Hold'em No Limit ($0.02/$0.05) - 2024/04/11 18:08:45
Table 'NLHBlue24' 6-max Seat #2 is the button
Seat 1: f14b3c50 ($27.39 in chips)
Seat 2: b6f4f408 ($4.02 in chips)
Seat 3: a121d15b ($5 in chips)
Seat 4: 8d191a0f ($5.96 in chips)
Seat 5: 3e1837f3 ($5 in chips)
Seat 6: Hero ($6.24 in chips)
a121d15b: posts small blind $0.02
8d191a0f: posts big blind $0.05
*** HOLE CARDS ***
Dealt to f14b3c50 
Dealt to b6f4f408 
Dealt to a121d15b 
Dealt to 8d191a0f 
Dealt to 3e1837f3 
Dealt to Hero [5h 2c]
3e1837f3: folds
Hero: folds
f14b3c50: calls $0.05
b6f4f408: folds
a121d15b: folds
8d191a0f: checks
*** FLOP *** [3s Ks 2d]
8d191a0f: checks
f14b3c50: bets $0.12
8d191a0f: calls $0.12
*** TURN *** [3s Ks 2d] [Th]
8d191a0f: checks
f14b3c50: bets $0.27
8d191a0f: calls $0.27
*** RIVER *** [3s Ks 2d Th] [6h]
8d191a0f: checks
f14b3c50: checks
8d191a0f: shows [3h 8c] (Pair of Treys)
f14b3c50: shows [Qs 7s] (King-High)
*** SHOWDOWN ***
8d191a0f collected $0.86 from pot
*** SUMMARY ***
Total pot $0.9 | Rake $0.04 | Jackpot $0 | Bingo $0 | Fortune $0 | Tax $0
Board [3s Ks 2d Th 6h]
Seat 1: f14b3c50 showed [Qs 7s] and lost with King-High
Seat 2: b6f4f408 (button) folded before Flop (didn't bet)
Seat 3: a121d15b (small blind) folded before Flop
Seat 4: 8d191a0f (big blind) showed [3h 8c] and won ($0.86) with Pair of Treys
Seat 5: 3e1837f3 folded before Flop (didn't bet)
Seat 6: Hero folded before Flop (didn't bet)


Poker Hand #HD1725930849: Hold'em No Limit ($0.02/$0.05) - 2024/04/11 18:07:44
Table 'NLHBlue24' 6-max Seat #1 is the button
Seat 1: f14b3c50 ($26.45 in chips)
Seat 2: b6f4f408 ($4.04 in chips)
Seat 3: a121d15b ($5 in chips)
Seat 4: 8d191a0f ($5.96 in chips)
Seat 5: 3e1837f3 ($5 in chips)
Seat 6: Hero ($6.24 in chips)
b6f4f408: posts small blind $0.02
a121d15b: posts big blind $0.05
*** HOLE CARDS ***
Dealt to f14b3c50 
Dealt to b6f4f408 
Dealt to a121d15b 
Dealt to 8d191a0f 
Dealt to 3e1837f3 
Dealt to Hero [4c Jh]
8d191a0f: folds
3e1837f3: folds
Hero: folds
f14b3c50: raises $0.12 to $0.17
b6f4f408: folds
a121d15b: calls $0.12
*** FLOP *** [6s 6c 4s]
a121d15b: checks
f14b3c50: bets $0.36
a121d15b: calls $0.36
*** TURN *** [6s 6c 4s] [6h]
a121d15b: checks
f14b3c50: bets $0.54
a121d15b: calls $0.54
*** RIVER *** [6s 6c 4s 6h] [Th]
a121d15b: checks
f14b3c50: bets $1.62
a121d15b: folds
Uncalled bet ($1.62) returned to f14b3c50
f14b3c50: shows [Ad] (Three Sixes)
*** SHOWDOWN ***
f14b3c50 collected $2.01 from pot
*** SUMMARY ***
Total pot $2.16 | Rake $0.1 | Jackpot $0.05 | Bingo $0 | Fortune $0 | Tax $0
Board [6s 6c 4s 6h Th]
Seat 1: f14b3c50 (button) showed [Ad] and won ($2.01)
Seat 2: b6f4f408 (small blind) folded before Flop
Seat 3: a121d15b (big blind) folded on the River
Seat 4: 8d191a0f folded before Flop (didn't bet)
Seat 5: 3e1837f3 folded before Flop (didn't bet)
Seat 6: Hero folded before Flop (didn't bet)


Poker Hand #HD1725930731: Hold'em No Limit ($0.02/$0.05) - 2024/04/11 18:06:53
Table 'NLHBlue24' 6-max Seat #6 is the button
Seat 1: f14b3c50 ($26.58 in chips)
Seat 2: b6f4f408 ($4.09 in chips)
Seat 4: 8d191a0f ($5.96 in chips)
Seat 5: 3e1837f3 ($5 in chips)
Seat 6: Hero ($6.07 in chips)
f14b3c50: posts small blind $0.02
b6f4f408: posts big blind $0.05
*** HOLE CARDS ***
Dealt to f14b3c50 
Dealt to b6f4f408 
Dealt to 8d191a0f 
Dealt to 3e1837f3 
Dealt to Hero [5d 5h]
8d191a0f: folds
3e1837f3: folds
Hero: raises $0.08 to $0.13
f14b3c50: calls $0.11
b6f4f408: folds
*** FLOP *** [Ac 6c Ts]
f14b3c50: checks
Hero: checks
*** TURN *** [Ac 6c Ts] [3h]
f14b3c50: checks
Hero: checks
*** RIVER *** [Ac 6c Ts 3h] [2s]
f14b3c50: checks
Hero: checks
f14b3c50: shows [2d 8d] (Pair of Twos)
Hero: shows [5d 5h] (Pair of Fives)
*** SHOWDOWN ***
Hero collected $0.3 from pot
*** SUMMARY ***
Total pot $0.31 | Rake $0.01 | Jackpot $0 | Bingo $0 | Fortune $0 | Tax $0
Board [Ac 6c Ts 3h 2s]
Seat 1: f14b3c50 (small blind) showed [2d 8d] and lost with Pair of Twos
Seat 2: b6f4f408 (big blind) folded before Flop
Seat 4: 8d191a0f folded before Flop (didn't bet)
Seat 5: 3e1837f3 folded before Flop (didn't bet)
Seat 6: Hero (button) showed [5d 5h] and won ($0.3) with Pair of Fives


Poker Hand #HD1725930595: Hold'em No Limit ($0.02/$0.05) - 2024/04/11 18:05:55
Table 'NLHBlue24' 6-max Seat #5 is the button
Seat 1: f14b3c50 ($27.67 in chips)
Seat 2: b6f4f408 ($4.09 in chips)
Seat 4: 8d191a0f ($5 in chips)
Seat 5: 3e1837f3 ($5 in chips)
Seat 6: Hero ($6.09 in chips)
Hero: posts small blind $0.02
f14b3c50: posts big blind $0.05
*** HOLE CARDS ***
Dealt to f14b3c50 
Dealt to b6f4f408 
Dealt to 8d191a0f 
Dealt to 3e1837f3 
Dealt to Hero [3s 6d]
b6f4f408: folds
8d191a0f: raises $0.05 to $0.1
3e1837f3: folds
Hero: folds
f14b3c50: calls $0.05
*** FLOP *** [2d Jd Ac]
f14b3c50: checks
8d191a0f: bets $0.11
f14b3c50: calls $0.11
*** TURN *** [2d Jd Ac] [3h]
f14b3c50: checks
8d191a0f: bets $0.33
f14b3c50: calls $0.33
*** RIVER *** [2d Jd Ac 3h] [3c]
f14b3c50: checks
8d191a0f: bets $0.55
f14b3c50: calls $0.55
8d191a0f: shows [Qh Qc] (Pair of Queens and Pair of Treys)
f14b3c50: shows [2s Kc] (Pair of Treys and Pair of Twos)
*** SHOWDOWN ***
8d191a0f collected $2.05 from pot
*** SUMMARY ***
Total pot $2.2 | Rake $0.1 | Jackpot $0.05 | Bingo $0 | Fortune $0 | Tax $0
Board [2d Jd Ac 3h 3c]
Seat 1: f14b3c50 (big blind) showed [2s Kc] and lost with Pair of Treys and Pair of Twos
Seat 2: b6f4f408 folded before Flop (didn't bet)
Seat 4: 8d191a0f showed [Qh Qc] and won ($2.05) with Pair of Queens and Pair of Treys
Seat 5: 3e1837f3 (button) folded before Flop (didn't bet)
Seat 6: Hero (small blind) folded before Flop


Poker Hand #HD1725930509: Hold'em No Limit ($0.02/$0.05) - 2024/04/11 18:05:16
Table 'NLHBlue24' 6-max Seat #4 is the button
Seat 1: f14b3c50 ($26.58 in chips)
Seat 2: b6f4f408 ($4.09 in chips)
Seat 4: 8d191a0f ($5 in chips)
Seat 5: 3e1837f3 ($5 in chips)
Seat 6: Hero ($6.14 in chips)
3e1837f3: posts small blind $0.02
Hero: posts big blind $0.05
*** HOLE CARDS ***
Dealt to f14b3c50 
Dealt to b6f4f408 
Dealt to 8d191a0f 
Dealt to 3e1837f3 
Dealt to Hero [8s 5c]
f14b3c50: calls $0.05
b6f4f408: folds
8d191a0f: raises $0.05 to $0.1
3e1837f3: folds
Hero: folds
f14b3c50: raises $0.27 to $0.37
8d191a0f: calls $0.27
*** FLOP *** [9d 6h Qh]
f14b3c50: bets $0.81
8d191a0f: calls $0.81
*** TURN *** [9d 6h Qh] [Jh]
f14b3c50: bets $2.43
8d191a0f: folds
Uncalled bet ($2.43) returned to f14b3c50
*** SHOWDOWN ***
f14b3c50 collected $2.27 from pot
*** SUMMARY ***
Total pot $2.43 | Rake $0.11 | Jackpot $0.05 | Bingo $0 | Fortune $0 | Tax $0
Board [9d 6h Qh Jh]
Seat 1: f14b3c50 won ($2.27)
Seat 2: b6f4f408 folded before Flop (didn't bet)
Seat 4: 8d191a0f (button) folded on the Turn
Seat 5: 3e1837f3 (small blind) folded before Flop
Seat 6: Hero (big blind) folded before Flop


Poker Hand #HD1725930361: Hold'em No Limit ($0.02/$0.05) - 2024/04/11 18:04:13
Table 'NLHBlue24' 6-max Seat #2 is the button
Seat 1: f14b3c50 ($25.33 in chips)
Seat 2: b6f4f408 ($4.09 in chips)
Seat 3: c4740b91 ($5 in chips)
Seat 4: 8d191a0f ($5.64 in chips)
Seat 5: 3e1837f3 ($5 in chips)
Seat 6: Hero ($6.14 in chips)
c4740b91: posts small blind $0.02
8d191a0f: posts big blind $0.05
*** HOLE CARDS ***
Dealt to f14b3c50 
Dealt to b6f4f408 
Dealt to c4740b91 
Dealt to 8d191a0f 
Dealt to 3e1837f3 
Dealt to Hero [6h 2c]
3e1837f3: raises $0.05 to $0.1
Hero: folds
f14b3c50: calls $0.1
b6f4f408: folds
c4740b91: folds
8d191a0f: calls $0.05
*** FLOP *** [9d 7s 5d]
8d191a0f: checks
3e1837f3: checks
f14b3c50: checks
*** TURN *** [9d 7s 5d] [Ts]
8d191a0f: bets $0.24
3e1837f3: calls $0.24
f14b3c50: raises $0.35 to $0.59
8d191a0f: calls $0.35
3e1837f3: calls $0.35
*** RIVER *** [9d 7s 5d Ts] [7h]
8d191a0f: checks
3e1837f3: checks
f14b3c50: bets $1.05
8d191a0f: folds
3e1837f3: folds
Uncalled bet ($1.05) returned to f14b3c50
f14b3c50: shows [8s] (Pair of Sevens)
*** SHOWDOWN ***
f14b3c50 collected $1.94 from pot
*** SUMMARY ***
Total pot $2.09 | Rake $0.1 | Jackpot $0.05 | Bingo $0 | Fortune $0 | Tax $0
Board [9d 7s 5d Ts 7h]
Seat 1: f14b3c50 showed [8s] and won ($1.94)
Seat 2: b6f4f408 (button) folded before Flop (didn't bet)
Seat 3: c4740b91 (small blind) folded before Flop
Seat 4: 8d191a0f (big blind) folded on the River
Seat 5: 3e1837f3 folded on the River
Seat 6: Hero folded before Flop (didn't bet)


Poker Hand #HD1725930219: Hold'em No Limit ($0.02/$0.05) - 2024/04/11 18:03:10
Table 'NLHBlue24' 6-max Seat #1 is the button
Seat 1: f14b3c50 ($20.84 in chips)
Seat 2: b6f4f408 ($4.11 in chips)
Seat 3: c4740b91 ($5 in chips)
Seat 4: 8d191a0f ($5.64 in chips)
Seat 5: 3e1837f3 ($5 in chips)
Seat 6: Hero ($6.14 in chips)
b6f4f408: posts small blind $0.02
c4740b91: posts big blind $0.05
*** HOLE CARDS ***
Dealt to f14b3c50 
Dealt to b6f4f408 
Dealt to c4740b91 
Dealt to 8d191a0f 
Dealt to 3e1837f3 
Dealt to Hero [4s 5c]
8d191a0f: folds
3e1837f3: folds
Hero: folds
f14b3c50: calls $0.05
b6f4f408: folds
c4740b91: raises $0.25 to $0.3
f14b3c50: calls $0.25
*** FLOP *** [6c 9c Jc]
c4740b91: bets $0.5
f14b3c50: calls $0.5
*** TURN *** [6c 9c Jc] [7h]
c4740b91: bets $1.3
f14b3c50: raises $1.4 to $2.7
c4740b91: raises $1.5 to $4.2 and is all-in
f14b3c50: calls $1.5
c4740b91: shows [Js Kc] (Pair of Jacks)
f14b3c50: shows [6d 6s] (Three Sixes)
*** FIRST RIVER *** [6c 9c Jc 7h] [Qs]
*** SECOND RIVER *** [6c 9c Jc 7h] [7s]
*** FIRST SHOWDOWN ***
f14b3c50 collected $4.75 from pot
*** SECOND SHOWDOWN ***
f14b3c50 collected $4.74 from pot
*** SUMMARY ***
Total pot $10.02 | Rake $0.48 | Jackpot $0.05 | Bingo $0 | Fortune $0 | Tax $0
Hand was run two times
FIRST Board [6c 9c Jc 7h Qs]
SECOND Board [7s]
Seat 1: f14b3c50 (button) showed [6d 6s] and won ($4.75) with Three Sixes, and won ($4.74)
Seat 2: b6f4f408 (small blind) folded before Flop
Seat 3: c4740b91 (big blind) showed [Js Kc] and lost with Pair of Jacks, and lost
Seat 4: 8d191a0f folded before Flop (didn't bet)
Seat 5: 3e1837f3 folded before Flop (didn't bet)
Seat 6: Hero folded before Flop (didn't bet)


Poker Hand #HD1725930152: Hold'em No Limit ($0.02/$0.05) - 2024/04/11 18:02:42
Table 'NLHBlue24' 6-max Seat #6 is the button
Seat 1: f14b3c50 ($20.89 in chips)
Seat 2: b6f4f408 ($4.06 in chips)
Seat 3: c4740b91 ($5 in chips)
Seat 4: 8d191a0f ($5.64 in chips)
Seat 5: 3e1837f3 ($5 in chips)
Seat 6: Hero ($6.14 in chips)
f14b3c50: posts small blind $0.02
b6f4f408: posts big blind $0.05
*** HOLE CARDS ***
Dealt to f14b3c50 
Dealt to b6f4f408 
Dealt to c4740b91 
Dealt to 8d191a0f 
Dealt to 3e1837f3 
Dealt to Hero [Kd 5s]
c4740b91: folds
8d191a0f: folds
3e1837f3: folds
Hero: folds
f14b3c50: calls $0.03
b6f4f408: checks
*** FLOP *** [2c Kc 4s]
f14b3c50: checks
b6f4f408: checks
*** TURN *** [2c Kc 4s] [Ac]
f14b3c50: checks
b6f4f408: bets $0.05
f14b3c50: folds
Uncalled bet ($0.05) returned to b6f4f408
*** SHOWDOWN ***
b6f4f408 collected $0.1 from pot
*** SUMMARY ***
Total pot $0.1 | Rake $0 | Jackpot $0 | Bingo $0 | Fortune $0 | Tax $0
Board [2c Kc 4s Ac]
Seat 1: f14b3c50 (small blind) folded on the Turn
Seat 2: b6f4f408 (big blind) won ($0.1)
Seat 3: c4740b91 folded before Flop (didn't bet)
Seat 4: 8d191a0f folded before Flop (didn't bet)
Seat 5: 3e1837f3 folded before Flop (didn't bet)
Seat 6: Hero (button) folded before Flop (didn't bet)


Poker Hand #HD1725930052: Hold'em No Limit ($0.02/$0.05) - 2024/04/11 18:02:07
Table 'NLHBlue24' 6-max Seat #5 is the button
Seat 1: f14b3c50 ($21.04 in chips)
Seat 2: b6f4f408 ($4.06 in chips)
Seat 3: c4740b91 ($5 in chips)
Seat 4: 8d191a0f ($5.34 in chips)
Seat 5: 3e1837f3 ($5 in chips)
Seat 6: Hero ($6.16 in chips)
Hero: posts small blind $0.02
f14b3c50: posts big blind $0.05
*** HOLE CARDS ***
Dealt to f14b3c50 
Dealt to b6f4f408 
Dealt to c4740b91 
Dealt to 8d191a0f 
Dealt to 3e1837f3 
Dealt to Hero [Jc 4h]
b6f4f408: folds
c4740b91: raises $0.1 to $0.15
8d191a0f: calls $0.15
3e1837f3: folds
Hero: folds
f14b3c50: calls $0.1
*** FLOP *** [7c 3h 2d]
f14b3c50: checks
c4740b91: checks
8d191a0f: bets $0.24
f14b3c50: folds
c4740b91: folds
Uncalled bet ($0.24) returned to 8d191a0f
*** SHOWDOWN ***
8d191a0f collected $0.45 from pot
*** SUMMARY ***
Total pot $0.47 | Rake $0.02 | Jackpot $0 | Bingo $0 | Fortune $0 | Tax $0
Board [7c 3h 2d]
Seat 1: f14b3c50 (big blind) folded on the Flop
Seat 2: b6f4f408 folded before Flop (didn't bet)
Seat 3: c4740b91 folded on the Flop
Seat 4: 8d191a0f won ($0.45)
Seat 5: 3e1837f3 (button) folded before Flop (didn't bet)
Seat 6: Hero (small blind) folded before Flop


Poker Hand #HD1725929878: Hold'em No Limit ($0.02/$0.05) - 2024/04/11 18:00:51
Table 'NLHBlue24' 6-max Seat #4 is the button
Seat 1: f14b3c50 ($15.75 in chips)
Seat 2: b6f4f408 ($4.06 in chips)
Seat 3: c4740b91 ($5 in chips)
Seat 4: 8d191a0f ($5.34 in chips)
Seat 5: 3e1837f3 ($5.79 in chips)
Seat 6: Hero ($6.21 in chips)
3e1837f3: posts small blind $0.02
Hero: posts big blind $0.05
*** HOLE CARDS ***
Dealt to f14b3c50 
Dealt to b6f4f408 
Dealt to c4740b91 
Dealt to 8d191a0f 
Dealt to 3e1837f3 
Dealt to Hero [Kh 8c]
f14b3c50: calls $0.05
b6f4f408: folds
c4740b91: folds
8d191a0f: folds
3e1837f3: raises $0.21 to $0.26
Hero: folds
f14b3c50: calls $0.21
*** FLOP *** [Td 6d 4h]
3e1837f3: bets $0.38
f14b3c50: raises $1.33 to $1.71
3e1837f3: raises $3.82 to $5.53 and is all-in
f14b3c50: calls $3.82
3e1837f3: shows [As Th] (Pair of Tens)
f14b3c50: shows [4d 7d] (Pair of Fours)
*** TURN *** [Td 6d 4h] [8s]
*** RIVER *** [Td 6d 4h 8s] [3d]
*** SHOWDOWN ***
f14b3c50 collected $11.08 from pot
*** SUMMARY ***
Total pot $11.63 | Rake $0.5 | Jackpot $0.05 | Bingo $0 | Fortune $0 | Tax $0
Board [Td 6d 4h 8s 3d]
Seat 1: f14b3c50 showed [4d 7d] and won ($11.08) with Ten High Flush
Seat 2: b6f4f408 folded before Flop (didn't bet)
Seat 3: c4740b91 folded before Flop (didn't bet)
Seat 4: 8d191a0f (button) folded before Flop (didn't bet)
Seat 5: 3e1837f3 (small blind) showed [As Th] and lost with Pair of Tens
Seat 6: Hero (big blind) folded before Flop


Poker Hand #HD1725929781: Hold'em No Limit ($0.02/$0.05) - 2024/04/11 18:00:12
Table 'NLHBlue24' 6-max Seat #3 is the button
Seat 1: f14b3c50 ($15.41 in chips)
Seat 2: b6f4f408 ($4.06 in chips)
Seat 3: c4740b91 ($5 in chips)
Seat 4: 8d191a0f ($5.36 in chips)
Seat 5: 3e1837f3 ($5.84 in chips)
Seat 6: Hero ($6.21 in chips)
8d191a0f: posts small blind $0.02
3e1837f3: posts big blind $0.05
*** HOLE CARDS ***
Dealt to f14b3c50 
Dealt to b6f4f408 
Dealt to c4740b91 
Dealt to 8d191a0f 
Dealt to 3e1837f3 
Dealt to Hero [Qc 8c]
Hero: folds
f14b3c50: calls $0.05
b6f4f408: folds
c4740b91: raises $0.25 to $0.3
8d191a0f: folds
3e1837f3: folds
f14b3c50: calls $0.25
*** FLOP *** [6h 6d 2h]
f14b3c50: checks
c4740b91: checks
*** TURN *** [6h 6d 2h] [5d]
f14b3c50: checks
c4740b91: checks
*** RIVER *** [6h 6d 2h 5d] [Jc]
f14b3c50: bets $0.67
c4740b91: folds
Uncalled bet ($0.67) returned to f14b3c50
*** SHOWDOWN ***
f14b3c50 collected $0.64 from pot
*** SUMMARY ***
Total pot $0.67 | Rake $0.03 | Jackpot $0 | Bingo $0 | Fortune $0 | Tax $0
Board [6h 6d 2h 5d Jc]
Seat 1: f14b3c50 won ($0.64)
Seat 2: b6f4f408 folded before Flop (didn't bet)
Seat 3: c4740b91 (button) folded on the River
Seat 4: 8d191a0f (small blind) folded before Flop
Seat 5: 3e1837f3 (big blind) folded before Flop
Seat 6: Hero folded before Flop (didn't bet)


Poker Hand #HD1725929696: Hold'em No Limit ($0.02/$0.05) - 2024/04/11 17:59:33
Table 'NLHBlue24' 6-max Seat #2 is the button
Seat 1: f14b3c50 ($15.78 in chips)
Seat 2: b6f4f408 ($4.06 in chips)
Seat 3: c4740b91 ($5 in chips)
Seat 4: 8d191a0f ($5 in chips)
Seat 5: 3e1837f3 ($5.84 in chips)
Seat 6: Hero ($6.21 in chips)
c4740b91: posts small blind $0.02
8d191a0f: posts big blind $0.05
*** HOLE CARDS ***
Dealt to f14b3c50 
Dealt to b6f4f408 
Dealt to c4740b91 
Dealt to 8d191a0f 
Dealt to 3e1837f3 
Dealt to Hero [7s 8d]
3e1837f3: folds
Hero: folds
f14b3c50: calls $0.05
b6f4f408: folds
c4740b91: folds
8d191a0f: checks
*** FLOP *** [5d Ts Kc]
8d191a0f: bets $0.09
f14b3c50: calls $0.09
*** TURN *** [5d Ts Kc] [4h]
8d191a0f: bets $0.23
f14b3c50: calls $0.23
*** RIVER *** [5d Ts Kc 4h] [Jd]
8d191a0f: bets $0.76
f14b3c50: folds
Uncalled bet ($0.76) returned to 8d191a0f
f14b3c50: shows [Ad] (Ace-High)
*** SHOWDOWN ***
8d191a0f collected $0.73 from pot
*** SUMMARY ***
Total pot $0.76 | Rake $0.03 | Jackpot $0 | Bingo $0 | Fortune $0 | Tax $0
Board [5d Ts Kc 4h Jd]
Seat 1: f14b3c50 folded on the River
Seat 2: b6f4f408 (button) folded before Flop (didn't bet)
Seat 3: c4740b91 (small blind) folded before Flop
Seat 4: 8d191a0f (big blind) won ($0.73)
Seat 5: 3e1837f3 folded before Flop (didn't bet)
Seat 6: Hero folded before Flop (didn't bet)


Poker Hand #HD1725929581: Hold'em No Limit ($0.02/$0.05) - 2024/04/11 17:58:49
Table 'NLHBlue24' 6-max Seat #1 is the button
Seat 1: f14b3c50 ($15.91 in chips)
Seat 2: b6f4f408 ($4.52 in chips)
Seat 3: c4740b91 ($5 in chips)
Seat 4: 8d191a0f ($5 in chips)
Seat 5: 3e1837f3 ($5.84 in chips)
Seat 6: Hero ($5.62 in chips)
b6f4f408: posts small blind $0.02
c4740b91: posts big blind $0.05
*** HOLE CARDS ***
Dealt to f14b3c50 
Dealt to b6f4f408 
Dealt to c4740b91 
Dealt to 8d191a0f 
Dealt to 3e1837f3 
Dealt to Hero [Ah Kh]
8d191a0f: folds
3e1837f3: folds
Hero: raises $0.08 to $0.13
f14b3c50: calls $0.13
b6f4f408: raises $0.33 to $0.46
c4740b91: folds
Hero: raises $5.16 to $5.62 and is all-in
f14b3c50: folds
b6f4f408: folds
Uncalled bet ($5.16) returned to Hero
*** SHOWDOWN ***
Hero collected $1.05 from pot
*** SUMMARY ***
Total pot $1.1 | Rake $0.05 | Jackpot $0 | Bingo $0 | Fortune $0 | Tax $0
Seat 1: f14b3c50 (button) folded before Flop
Seat 2: b6f4f408 (small blind) folded before Flop
Seat 3: c4740b91 (big blind) folded before Flop
Seat 4: 8d191a0f folded before Flop (didn't bet)
Seat 5: 3e1837f3 folded before Flop (didn't bet)
Seat 6: Hero collected ($1.05)


Poker Hand #HD1725929402: Hold'em No Limit ($0.02/$0.05) - 2024/04/11 17:57:41
Table 'NLHBlue24' 6-max Seat #6 is the button
Seat 1: f14b3c50 ($10.4 in chips)
Seat 2: b6f4f408 ($4.57 in chips)
Seat 3: c4740b91 ($5.86 in chips)
Seat 4: 8d191a0f ($5 in chips)
Seat 5: 3e1837f3 ($5.99 in chips)
Seat 6: Hero ($5.62 in chips)
f14b3c50: posts small blind $0.02
b6f4f408: posts big blind $0.05
*** HOLE CARDS ***
Dealt to f14b3c50 
Dealt to b6f4f408 
Dealt to c4740b91 
Dealt to 8d191a0f 
Dealt to 3e1837f3 
Dealt to Hero [6s 2c]
c4740b91: raises $0.1 to $0.15
8d191a0f: folds
3e1837f3: calls $0.15
Hero: folds
f14b3c50: raises $0.5 to $0.65
b6f4f408: folds
c4740b91: raises $0.75 to $1.4
3e1837f3: folds
f14b3c50: raises $3 to $4.4
c4740b91: raises $1.46 to $5.86 and is all-in
f14b3c50: calls $1.46
c4740b91: shows [Ac Kh]
f14b3c50: shows [Ah Ad]
*** FLOP *** [Tc As 2s]
*** TURN *** [Tc As 2s] [6c]
*** RIVER *** [Tc As 2s 6c] [7c]
*** SHOWDOWN ***
f14b3c50 collected $11.37 from pot
*** SUMMARY ***
Total pot $11.92 | Rake $0.5 | Jackpot $0.05 | Bingo $0 | Fortune $0 | Tax $0
Board [Tc As 2s 6c 7c]
Seat 1: f14b3c50 (small blind) showed [Ah Ad] and won ($11.37) with Three Aces
Seat 2: b6f4f408 (big blind) folded before Flop
Seat 3: c4740b91 showed [Ac Kh] and lost with Pair of Aces
Seat 4: 8d191a0f folded before Flop (didn't bet)
Seat 5: 3e1837f3 folded before Flop
Seat 6: Hero (button) folded before Flop (didn't bet)


Poker Hand #HD1725929320: Hold'em No Limit ($0.02/$0.05) - 2024/04/11 17:57:09
Table 'NLHBlue24' 6-max Seat #5 is the button
Seat 1: f14b3c50 ($10.45 in chips)
Seat 2: b6f4f408 ($4.57 in chips)
Seat 3: c4740b91 ($6.01 in chips)
Seat 4: 8d191a0f ($5 in chips)
Seat 5: 3e1837f3 ($5.99 in chips)
Seat 6: Hero ($5.43 in chips)
Hero: posts small blind $0.02
f14b3c50: posts big blind $0.05
*** HOLE CARDS ***
Dealt to f14b3c50 
Dealt to b6f4f408 
Dealt to c4740b91 
Dealt to 8d191a0f 
Dealt to 3e1837f3 
Dealt to Hero [Ah Qd]
b6f4f408: folds
c4740b91: raises $0.1 to $0.15
8d191a0f: folds
3e1837f3: folds
Hero: raises $0.4 to $0.55
f14b3c50: folds
c4740b91: folds
Uncalled bet ($0.4) returned to Hero
*** SHOWDOWN ***
Hero collected $0.34 from pot
*** SUMMARY ***
Total pot $0.35 | Rake $0.01 | Jackpot $0 | Bingo $0 | Fortune $0 | Tax $0
Seat 1: f14b3c50 (big blind) folded before Flop
Seat 2: b6f4f408 folded before Flop (didn't bet)
Seat 3: c4740b91 folded before Flop
Seat 4: 8d191a0f folded before Flop (didn't bet)
Seat 5: 3e1837f3 (button) folded before Flop (didn't bet)
Seat 6: Hero (small blind) collected ($0.34)


Poker Hand #HD1725929152: Hold'em No Limit ($0.02/$0.05) - 2024/04/11 17:56:02
Table 'NLHBlue24' 6-max Seat #4 is the button
Seat 1: f14b3c50 ($10.67 in chips)
Seat 2: b6f4f408 ($4.57 in chips)
Seat 3: c4740b91 ($6.01 in chips)
Seat 4: 8d191a0f ($5 in chips)
Seat 5: 3e1837f3 ($6.01 in chips)
Seat 6: Hero ($5 in chips)
3e1837f3: posts small blind $0.02
Hero: posts big blind $0.05
*** HOLE CARDS ***
Dealt to f14b3c50 
Dealt to b6f4f408 
Dealt to c4740b91 
Dealt to 8d191a0f 
Dealt to 3e1837f3 
Dealt to Hero [Kc 7c]
f14b3c50: calls $0.05
b6f4f408: folds
c4740b91: folds
8d191a0f: calls $0.05
3e1837f3: folds
Hero: checks
*** FLOP *** [3h 7h 5h]
Hero: checks
f14b3c50: checks
8d191a0f: bets $0.17
Hero: calls $0.17
f14b3c50: calls $0.17
*** TURN *** [3h 7h 5h] [8h]
Hero: checks
f14b3c50: checks
8d191a0f: checks
*** RIVER *** [3h 7h 5h 8h] [Kd]
Hero: checks
f14b3c50: checks
8d191a0f: checks
Hero: shows [Kc 7c] (Pair of Kings and Pair of Sevens)
f14b3c50: shows [4s 8s] (Pair of Eights)
8d191a0f: shows [3c As] (Pair of Treys)
*** SHOWDOWN ***
Hero collected $0.65 from pot
*** SUMMARY ***
Total pot $0.68 | Rake $0.03 | Jackpot $0 | Bingo $0 | Fortune $0 | Tax $0
Board [3h 7h 5h 8h Kd]
Seat 1: f14b3c50 showed [4s 8s] and lost with Pair of Eights
Seat 2: b6f4f408 folded before Flop (didn't bet)
Seat 3: c4740b91 folded before Flop (didn't bet)
Seat 4: 8d191a0f (button) showed [3c As] and lost with Pair of Treys
Seat 5: 3e1837f3 (small blind) folded before Flop
Seat 6: Hero (big blind) showed [Kc 7c] and won ($0.65) with Pair of Kings and Pair of Sevens


