Poker Hand #HD1852607534: Hold'em No Limit ($0.05/$0.1) - 2024/07/11 16:25:45
Table 'NLHRed46' 6-max Seat #2 is the button
Seat 2: Hero ($16.84 in chips)
Seat 3: c9095b1e ($10 in chips)
Seat 4: f36d2fd3 ($12.73 in chips)
Seat 6: 45c45118 ($10 in chips)
c9095b1e: posts small blind $0.05
f36d2fd3: posts big blind $0.1
*** HOLE CARDS ***
Dealt to Hero [6d Td]
Dealt to c9095b1e 
Dealt to f36d2fd3 
Dealt to 45c45118 
45c45118: folds
Hero: folds
c9095b1e: folds
Uncalled bet ($0.05) returned to f36d2fd3
*** SHOWDOWN ***
f36d2fd3 collected $0.1 from pot
*** SUMMARY ***
Total pot $0.1 | Rake $0 | Jackpot $0 | Bingo $0 | Fortune $0 | Tax $0
Seat 2: Hero (button) folded before Flop (didn't bet)
Seat 3: c9095b1e (small blind) folded before Flop
Seat 4: f36d2fd3 (big blind) collected ($0.1)
Seat 6: 45c45118 folded before Flop (didn't bet)


Poker Hand #HD1852607432: Hold'em No Limit ($0.05/$0.1) - 2024/07/11 16:24:49
Table 'NLHRed46' 6-max Seat #6 is the button
Seat 2: Hero ($16.57 in chips)
Seat 3: c9095b1e ($10 in chips)
Seat 4: f36d2fd3 ($12.73 in chips)
Seat 6: 45c45118 ($10 in chips)
Hero: posts small blind $0.05
c9095b1e: posts big blind $0.1
*** HOLE CARDS ***
Dealt to Hero [Th 9h]
Dealt to c9095b1e 
Dealt to f36d2fd3 
Dealt to 45c45118 
f36d2fd3: folds
45c45118: folds
Hero: raises $0.2 to $0.3
c9095b1e: calls $0.2
*** FLOP *** [7c Qd Kh]
Hero: bets $0.4
c9095b1e: folds
Uncalled bet ($0.4) returned to Hero
*** SHOWDOWN ***
Hero collected $0.57 from pot
*** SUMMARY ***
Total pot $0.6 | Rake $0.03 | Jackpot $0 | Bingo $0 | Fortune $0 | Tax $0
Board [7c Qd Kh]
Seat 2: Hero (small blind) won ($0.57)
Seat 3: c9095b1e (big blind) folded on the Flop
Seat 4: f36d2fd3 folded before Flop (didn't bet)
Seat 6: 45c45118 (button) folded before Flop (didn't bet)


Poker Hand #HD1852607303: Hold'em No Limit ($0.05/$0.1) - 2024/07/11 16:23:52
Table 'NLHRed46' 6-max Seat #5 is the button
Seat 2: Hero ($17.49 in chips)
Seat 4: f36d2fd3 ($11.85 in chips)
Seat 5: 6bcd6179 ($11.22 in chips)
Seat 6: 45c45118 ($10 in chips)
45c45118: posts small blind $0.05
Hero: posts big blind $0.1
*** HOLE CARDS ***
Dealt to Hero [As 5d]
Dealt to f36d2fd3 
Dealt to 6bcd6179 
Dealt to 45c45118 
f36d2fd3: raises $0.12 to $0.22
6bcd6179: folds
45c45118: folds
Hero: calls $0.12
*** FLOP *** [Tc 6d 3c]
Hero: checks
f36d2fd3: bets $0.26
Hero: raises $0.44 to $0.7
f36d2fd3: calls $0.44
*** TURN *** [Tc 6d 3c] [3d]
Hero: checks
f36d2fd3: bets $1.01
Hero: folds
Uncalled bet ($1.01) returned to f36d2fd3
*** SHOWDOWN ***
f36d2fd3 collected $1.8 from pot
*** SUMMARY ***
Total pot $1.89 | Rake $0.09 | Jackpot $0 | Bingo $0 | Fortune $0 | Tax $0
Board [Tc 6d 3c 3d]
Seat 2: Hero (big blind) folded on the Turn
Seat 4: f36d2fd3 won ($1.8)
Seat 5: 6bcd6179 (button) folded before Flop (didn't bet)
Seat 6: 45c45118 (small blind) folded before Flop


Poker Hand #HD1852607206: Hold'em No Limit ($0.05/$0.1) - 2024/07/11 16:23:08
Table 'NLHRed46' 6-max Seat #4 is the button
Seat 1: fff019b8 ($11.14 in chips)
Seat 2: Hero ($17.94 in chips)
Seat 4: f36d2fd3 ($11.85 in chips)
Seat 5: 6bcd6179 ($10.72 in chips)
Seat 6: 45c45118 ($10 in chips)
6bcd6179: posts small blind $0.05
45c45118: posts big blind $0.1
*** HOLE CARDS ***
Dealt to fff019b8 
Dealt to Hero [Ah Kh]
Dealt to f36d2fd3 
Dealt to 6bcd6179 
Dealt to 45c45118 
fff019b8: folds
Hero: raises $0.1 to $0.2
f36d2fd3: folds
6bcd6179: calls $0.15
45c45118: folds
*** FLOP *** [3d 2d 5c]
6bcd6179: bets $0.25
Hero: calls $0.25
*** TURN *** [3d 2d 5c] [Jh]
6bcd6179: bets $0.5
Hero: folds
Uncalled bet ($0.5) returned to 6bcd6179
*** SHOWDOWN ***
6bcd6179 collected $0.95 from pot
*** SUMMARY ***
Total pot $1 | Rake $0.05 | Jackpot $0 | Bingo $0 | Fortune $0 | Tax $0
Board [3d 2d 5c Jh]
Seat 1: fff019b8 folded before Flop (didn't bet)
Seat 2: Hero folded on the Turn
Seat 4: f36d2fd3 (button) folded before Flop (didn't bet)
Seat 5: 6bcd6179 (small blind) won ($0.95)
Seat 6: 45c45118 (big blind) folded before Flop


Poker Hand #HD1852607168: Hold'em No Limit ($0.05/$0.1) - 2024/07/11 16:22:49
Table 'NLHRed46' 6-max Seat #3 is the button
Seat 1: fff019b8 ($11.14 in chips)
Seat 2: Hero ($17.94 in chips)
Seat 3: ec205854 ($4.62 in chips)
Seat 4: f36d2fd3 ($11.9 in chips)
Seat 5: 6bcd6179 ($10.67 in chips)
Seat 6: 45c45118 ($10 in chips)
f36d2fd3: posts small blind $0.05
6bcd6179: posts big blind $0.1
*** HOLE CARDS ***
Dealt to fff019b8 
Dealt to Hero [6h 9s]
Dealt to ec205854 
Dealt to f36d2fd3 
Dealt to 6bcd6179 
Dealt to 45c45118 
45c45118: folds
fff019b8: folds
Hero: folds
ec205854: folds
f36d2fd3: folds
Uncalled bet ($0.05) returned to 6bcd6179
*** SHOWDOWN ***
6bcd6179 collected $0.1 from pot
*** SUMMARY ***
Total pot $0.1 | Rake $0 | Jackpot $0 | Bingo $0 | Fortune $0 | Tax $0
Seat 1: fff019b8 folded before Flop (didn't bet)
Seat 2: Hero folded before Flop (didn't bet)
Seat 3: ec205854 (button) folded before Flop (didn't bet)
Seat 4: f36d2fd3 (small blind) folded before Flop
Seat 5: 6bcd6179 (big blind) collected ($0.1)
Seat 6: 45c45118 folded before Flop (didn't bet)


Poker Hand #HD1852607137: Hold'em No Limit ($0.05/$0.1) - 2024/07/11 16:22:35
Table 'NLHRed46' 6-max Seat #2 is the button
Seat 1: fff019b8 ($11.14 in chips)
Seat 2: Hero ($17.94 in chips)
Seat 3: ec205854 ($4.67 in chips)
Seat 4: f36d2fd3 ($12 in chips)
Seat 5: 6bcd6179 ($10.52 in chips)
Seat 6: 45c45118 ($10 in chips)
ec205854: posts small blind $0.05
f36d2fd3: posts big blind $0.1
*** HOLE CARDS ***
Dealt to fff019b8 
Dealt to Hero [As 3h]
Dealt to ec205854 
Dealt to f36d2fd3 
Dealt to 6bcd6179 
Dealt to 45c45118 
6bcd6179: raises $0.2 to $0.3
45c45118: folds
fff019b8: folds
Hero: folds
ec205854: folds
f36d2fd3: folds
Uncalled bet ($0.2) returned to 6bcd6179
*** SHOWDOWN ***
6bcd6179 collected $0.25 from pot
*** SUMMARY ***
Total pot $0.25 | Rake $0 | Jackpot $0 | Bingo $0 | Fortune $0 | Tax $0
Seat 1: fff019b8 folded before Flop (didn't bet)
Seat 2: Hero (button) folded before Flop (didn't bet)
Seat 3: ec205854 (small blind) folded before Flop
Seat 4: f36d2fd3 (big blind) folded before Flop
Seat 5: 6bcd6179 collected ($0.25)
Seat 6: 45c45118 folded before Flop (didn't bet)


Poker Hand #HD1852607107: Hold'em No Limit ($0.05/$0.1) - 2024/07/11 16:22:19
Table 'NLHRed46' 6-max Seat #1 is the button
Seat 1: fff019b8 ($11.14 in chips)
Seat 2: Hero ($17.99 in chips)
Seat 3: ec205854 ($4.62 in chips)
Seat 4: f36d2fd3 ($12 in chips)
Seat 5: 6bcd6179 ($10.52 in chips)
Seat 6: 45c45118 ($10 in chips)
Hero: posts small blind $0.05
ec205854: posts big blind $0.1
*** HOLE CARDS ***
Dealt to fff019b8 
Dealt to Hero [4h 8s]
Dealt to ec205854 
Dealt to f36d2fd3 
Dealt to 6bcd6179 
Dealt to 45c45118 
f36d2fd3: folds
6bcd6179: folds
45c45118: folds
fff019b8: folds
Hero: folds
Uncalled bet ($0.05) returned to ec205854
*** SHOWDOWN ***
ec205854 collected $0.1 from pot
*** SUMMARY ***
Total pot $0.1 | Rake $0 | Jackpot $0 | Bingo $0 | Fortune $0 | Tax $0
Seat 1: fff019b8 (button) folded before Flop (didn't bet)
Seat 2: Hero (small blind) folded before Flop
Seat 3: ec205854 (big blind) collected ($0.1)
Seat 4: f36d2fd3 folded before Flop (didn't bet)
Seat 5: 6bcd6179 folded before Flop (didn't bet)
Seat 6: 45c45118 folded before Flop (didn't bet)


Poker Hand #HD1852606972: Hold'em No Limit ($0.05/$0.1) - 2024/07/11 16:21:18
Table 'NLHRed46' 6-max Seat #6 is the button
Seat 1: fff019b8 ($11.19 in chips)
Seat 2: Hero ($18.09 in chips)
Seat 3: ec205854 ($4.62 in chips)
Seat 4: f36d2fd3 ($12 in chips)
Seat 5: 6bcd6179 ($9.74 in chips)
Seat 6: 45c45118 ($10 in chips)
fff019b8: posts small blind $0.05
Hero: posts big blind $0.1
*** HOLE CARDS ***
Dealt to fff019b8 
Dealt to Hero [5c Qh]
Dealt to ec205854 
Dealt to f36d2fd3 
Dealt to 6bcd6179 
Dealt to 45c45118 
ec205854: folds
f36d2fd3: folds
6bcd6179: raises $0.1 to $0.2
45c45118: raises $0.5 to $0.7
fff019b8: folds
Hero: folds
6bcd6179: calls $0.5
*** FLOP *** [3c As Qs]
6bcd6179: bets $0.78
45c45118: folds
Uncalled bet ($0.78) returned to 6bcd6179
*** SHOWDOWN ***
6bcd6179 collected $1.48 from pot
*** SUMMARY ***
Total pot $1.55 | Rake $0.07 | Jackpot $0 | Bingo $0 | Fortune $0 | Tax $0
Board [3c As Qs]
Seat 1: fff019b8 (small blind) folded before Flop
Seat 2: Hero (big blind) folded before Flop
Seat 3: ec205854 folded before Flop (didn't bet)
Seat 4: f36d2fd3 folded before Flop (didn't bet)
Seat 5: 6bcd6179 won ($1.48)
Seat 6: 45c45118 (button) folded on the Flop


Poker Hand #HD1852606854: Hold'em No Limit ($0.05/$0.1) - 2024/07/11 16:20:17
Table 'NLHRed46' 6-max Seat #5 is the button
Seat 1: fff019b8 ($11.29 in chips)
Seat 2: Hero ($18.09 in chips)
Seat 3: ec205854 ($4.48 in chips)
Seat 4: f36d2fd3 ($12 in chips)
Seat 5: 6bcd6179 ($9.74 in chips)
Seat 6: 45c45118 ($10 in chips)
45c45118: posts small blind $0.05
fff019b8: posts big blind $0.1
*** HOLE CARDS ***
Dealt to fff019b8 
Dealt to Hero [5d 8c]
Dealt to ec205854 
Dealt to f36d2fd3 
Dealt to 6bcd6179 
Dealt to 45c45118 
Hero: folds
ec205854: calls $0.1
f36d2fd3: folds
6bcd6179: folds
45c45118: folds
fff019b8: checks
*** FLOP *** [4s 6d Jh]
fff019b8: checks
ec205854: checks
*** TURN *** [4s 6d Jh] [4h]
fff019b8: checks
ec205854: bets $0.25
fff019b8: folds
Uncalled bet ($0.25) returned to ec205854
*** SHOWDOWN ***
ec205854 collected $0.24 from pot
*** SUMMARY ***
Total pot $0.25 | Rake $0.01 | Jackpot $0 | Bingo $0 | Fortune $0 | Tax $0
Board [4s 6d Jh 4h]
Seat 1: fff019b8 (big blind) folded on the Turn
Seat 2: Hero folded before Flop (didn't bet)
Seat 3: ec205854 won ($0.24)
Seat 4: f36d2fd3 folded before Flop (didn't bet)
Seat 5: 6bcd6179 (button) folded before Flop (didn't bet)
Seat 6: 45c45118 (small blind) folded before Flop


Poker Hand #HD1852606767: Hold'em No Limit ($0.05/$0.1) - 2024/07/11 16:19:38
Table 'NLHRed46' 6-max Seat #4 is the button
Seat 1: fff019b8 ($11.29 in chips)
Seat 2: Hero ($18.09 in chips)
Seat 3: ec205854 ($4.34 in chips)
Seat 4: f36d2fd3 ($12 in chips)
Seat 5: 6bcd6179 ($9.79 in chips)
Seat 6: 45c45118 ($10 in chips)
6bcd6179: posts small blind $0.05
45c45118: posts big blind $0.1
*** HOLE CARDS ***
Dealt to fff019b8 
Dealt to Hero [Td 6d]
Dealt to ec205854 
Dealt to f36d2fd3 
Dealt to 6bcd6179 
Dealt to 45c45118 
fff019b8: folds
Hero: folds
ec205854: calls $0.1
f36d2fd3: folds
6bcd6179: folds
45c45118: checks
*** FLOP *** [7c Ad 4d]
45c45118: checks
ec205854: bets $0.19
45c45118: folds
Uncalled bet ($0.19) returned to ec205854
*** SHOWDOWN ***
ec205854 collected $0.24 from pot
*** SUMMARY ***
Total pot $0.25 | Rake $0.01 | Jackpot $0 | Bingo $0 | Fortune $0 | Tax $0
Board [7c Ad 4d]
Seat 1: fff019b8 folded before Flop (didn't bet)
Seat 2: Hero folded before Flop (didn't bet)
Seat 3: ec205854 won ($0.24)
Seat 4: f36d2fd3 (button) folded before Flop (didn't bet)
Seat 5: 6bcd6179 (small blind) folded before Flop
Seat 6: 45c45118 (big blind) folded on the Flop


Poker Hand #HD1852606645: Hold'em No Limit ($0.05/$0.1) - 2024/07/11 16:18:33
Table 'NLHRed46' 6-max Seat #3 is the button
Seat 1: fff019b8 ($11.29 in chips)
Seat 2: Hero ($18.09 in chips)
Seat 3: ec205854 ($5.34 in chips)
Seat 4: f36d2fd3 ($10.24 in chips)
Seat 5: 6bcd6179 ($10.79 in chips)
Seat 6: cf5b14a ($16.07 in chips)
f36d2fd3: posts small blind $0.05
6bcd6179: posts big blind $0.1
*** HOLE CARDS ***
Dealt to fff019b8 
Dealt to Hero [Kd 2s]
Dealt to ec205854 
Dealt to f36d2fd3 
Dealt to 6bcd6179 
Dealt to cf5b14a 
cf5b14a: folds
fff019b8: folds
Hero: folds
ec205854: calls $0.1
f36d2fd3: raises $0.4 to $0.5
6bcd6179: calls $0.4
ec205854: calls $0.4
*** FLOP *** [Kc 9s As]
f36d2fd3: bets $0.5
6bcd6179: calls $0.5
ec205854: calls $0.5
*** TURN *** [Kc 9s As] [Ad]
f36d2fd3: bets $1.59
6bcd6179: folds
ec205854: folds
Uncalled bet ($1.59) returned to f36d2fd3
*** SHOWDOWN ***
f36d2fd3 collected $2.76 from pot
*** SUMMARY ***
Total pot $3 | Rake $0.14 | Jackpot $0.1 | Bingo $0 | Fortune $0 | Tax $0
Board [Kc 9s As Ad]
Seat 1: fff019b8 folded before Flop (didn't bet)
Seat 2: Hero folded before Flop (didn't bet)
Seat 3: ec205854 (button) folded on the Turn
Seat 4: f36d2fd3 (small blind) won ($2.76)
Seat 5: 6bcd6179 (big blind) folded on the Turn
Seat 6: cf5b14a folded before Flop (didn't bet)


Poker Hand #HD1852606507: Hold'em No Limit ($0.05/$0.1) - 2024/07/11 16:17:28
Table 'NLHRed46' 6-max Seat #2 is the button
Seat 1: fff019b8 ($11.29 in chips)
Seat 2: Hero ($18.09 in chips)
Seat 3: ec205854 ($6.17 in chips)
Seat 4: f36d2fd3 ($10.34 in chips)
Seat 5: 6bcd6179 ($9.94 in chips)
Seat 6: cf5b14a ($16.07 in chips)
ec205854: posts small blind $0.05
f36d2fd3: posts big blind $0.1
*** HOLE CARDS ***
Dealt to fff019b8 
Dealt to Hero [5d 2c]
Dealt to ec205854 
Dealt to f36d2fd3 
Dealt to 6bcd6179 
Dealt to cf5b14a 
6bcd6179: raises $0.2 to $0.3
cf5b14a: folds
fff019b8: folds
Hero: folds
ec205854: calls $0.25
f36d2fd3: folds
*** FLOP *** [6s 2h 8s]
ec205854: checks
6bcd6179: checks
*** TURN *** [6s 2h 8s] [Jh]
ec205854: bets $0.53
6bcd6179: calls $0.53
*** RIVER *** [6s 2h 8s Jh] [Qc]
ec205854: checks
6bcd6179: bets $0.88
ec205854: folds
Uncalled bet ($0.88) returned to 6bcd6179
*** SHOWDOWN ***
6bcd6179 collected $1.68 from pot
*** SUMMARY ***
Total pot $1.76 | Rake $0.08 | Jackpot $0 | Bingo $0 | Fortune $0 | Tax $0
Board [6s 2h 8s Jh Qc]
Seat 1: fff019b8 folded before Flop (didn't bet)
Seat 2: Hero (button) folded before Flop (didn't bet)
Seat 3: ec205854 (small blind) folded on the River
Seat 4: f36d2fd3 (big blind) folded before Flop
Seat 5: 6bcd6179 won ($1.68)
Seat 6: cf5b14a folded before Flop (didn't bet)


Poker Hand #HD1852606458: Hold'em No Limit ($0.05/$0.1) - 2024/07/11 16:17:05
Table 'NLHRed46' 6-max Seat #1 is the button
Seat 1: fff019b8 ($11.29 in chips)
Seat 2: Hero ($18.14 in chips)
Seat 3: ec205854 ($6.27 in chips)
Seat 4: f36d2fd3 ($10.34 in chips)
Seat 5: 6bcd6179 ($9.79 in chips)
Seat 6: cf5b14a ($16.07 in chips)
Hero: posts small blind $0.05
ec205854: posts big blind $0.1
*** HOLE CARDS ***
Dealt to fff019b8 
Dealt to Hero [7c Qs]
Dealt to ec205854 
Dealt to f36d2fd3 
Dealt to 6bcd6179 
Dealt to cf5b14a 
f36d2fd3: folds
6bcd6179: raises $0.2 to $0.3
cf5b14a: folds
fff019b8: folds
Hero: folds
ec205854: folds
Uncalled bet ($0.2) returned to 6bcd6179
*** SHOWDOWN ***
6bcd6179 collected $0.25 from pot
*** SUMMARY ***
Total pot $0.25 | Rake $0 | Jackpot $0 | Bingo $0 | Fortune $0 | Tax $0
Seat 1: fff019b8 (button) folded before Flop (didn't bet)
Seat 2: Hero (small blind) folded before Flop
Seat 3: ec205854 (big blind) folded before Flop
Seat 4: f36d2fd3 folded before Flop (didn't bet)
Seat 5: 6bcd6179 collected ($0.25)
Seat 6: cf5b14a folded before Flop (didn't bet)


Poker Hand #HD1852606328: Hold'em No Limit ($0.05/$0.1) - 2024/07/11 16:15:58
Table 'NLHRed46' 6-max Seat #6 is the button
Seat 1: fff019b8 ($11.34 in chips)
Seat 2: Hero ($18.74 in chips)
Seat 3: ec205854 ($5.68 in chips)
Seat 4: f36d2fd3 ($10.34 in chips)
Seat 5: 6bcd6179 ($9.79 in chips)
Seat 6: cf5b14a ($16.07 in chips)
fff019b8: posts small blind $0.05
Hero: posts big blind $0.1
*** HOLE CARDS ***
Dealt to fff019b8 
Dealt to Hero [7d Qd]
Dealt to ec205854 
Dealt to f36d2fd3 
Dealt to 6bcd6179 
Dealt to cf5b14a 
ec205854: calls $0.1
f36d2fd3: folds
6bcd6179: folds
cf5b14a: folds
fff019b8: folds
Hero: checks
*** FLOP *** [Th 9c Ks]
Hero: checks
ec205854: bets $0.19
Hero: raises $0.31 to $0.5
ec205854: raises $0.94 to $1.44
Hero: folds
Uncalled bet ($0.94) returned to ec205854
*** SHOWDOWN ***
ec205854 collected $1.19 from pot
*** SUMMARY ***
Total pot $1.25 | Rake $0.06 | Jackpot $0 | Bingo $0 | Fortune $0 | Tax $0
Board [Th 9c Ks]
Seat 1: fff019b8 (small blind) folded before Flop
Seat 2: Hero (big blind) folded on the Flop
Seat 3: ec205854 won ($1.19)
Seat 4: f36d2fd3 folded before Flop (didn't bet)
Seat 5: 6bcd6179 folded before Flop (didn't bet)
Seat 6: cf5b14a (button) folded before Flop (didn't bet)


Poker Hand #HD1852606275: Hold'em No Limit ($0.05/$0.1) - 2024/07/11 16:15:30
Table 'NLHRed46' 6-max Seat #5 is the button
Seat 1: fff019b8 ($11.44 in chips)
Seat 2: Hero ($18.74 in chips)
Seat 3: ec205854 ($5.68 in chips)
Seat 4: f36d2fd3 ($10.34 in chips)
Seat 5: 6bcd6179 ($9.79 in chips)
Seat 6: cf5b14a ($15.97 in chips)
cf5b14a: posts small blind $0.05
fff019b8: posts big blind $0.1
*** HOLE CARDS ***
Dealt to fff019b8 
Dealt to Hero [Qd 5d]
Dealt to ec205854 
Dealt to f36d2fd3 
Dealt to 6bcd6179 
Dealt to cf5b14a 
Hero: folds
ec205854: folds
f36d2fd3: folds
6bcd6179: folds
cf5b14a: raises $0.1 to $0.2
fff019b8: folds
Uncalled bet ($0.1) returned to cf5b14a
*** SHOWDOWN ***
cf5b14a collected $0.2 from pot
*** SUMMARY ***
Total pot $0.2 | Rake $0 | Jackpot $0 | Bingo $0 | Fortune $0 | Tax $0
Seat 1: fff019b8 (big blind) folded before Flop
Seat 2: Hero folded before Flop (didn't bet)
Seat 3: ec205854 folded before Flop (didn't bet)
Seat 4: f36d2fd3 folded before Flop (didn't bet)
Seat 5: 6bcd6179 (button) folded before Flop (didn't bet)
Seat 6: cf5b14a (small blind) collected ($0.2)


Poker Hand #HD1852606178: Hold'em No Limit ($0.05/$0.1) - 2024/07/11 16:14:43
Table 'NLHRed46' 6-max Seat #4 is the button
Seat 1: fff019b8 ($11.44 in chips)
Seat 2: Hero ($18.74 in chips)
Seat 3: ec205854 ($5.78 in chips)
Seat 4: f36d2fd3 ($10.1 in chips)
Seat 5: 6bcd6179 ($9.84 in chips)
Seat 6: cf5b14a ($16.07 in chips)
6bcd6179: posts small blind $0.05
cf5b14a: posts big blind $0.1
*** HOLE CARDS ***
Dealt to fff019b8 
Dealt to Hero [Ts 6c]
Dealt to ec205854 
Dealt to f36d2fd3 
Dealt to 6bcd6179 
Dealt to cf5b14a 
fff019b8: folds
Hero: folds
ec205854: calls $0.1
f36d2fd3: raises $0.3 to $0.4
6bcd6179: folds
cf5b14a: folds
ec205854: folds
Uncalled bet ($0.3) returned to f36d2fd3
*** SHOWDOWN ***
f36d2fd3 collected $0.34 from pot
*** SUMMARY ***
Total pot $0.35 | Rake $0.01 | Jackpot $0 | Bingo $0 | Fortune $0 | Tax $0
Seat 1: fff019b8 folded before Flop (didn't bet)
Seat 2: Hero folded before Flop (didn't bet)
Seat 3: ec205854 folded before Flop
Seat 4: f36d2fd3 (button) collected ($0.34)
Seat 5: 6bcd6179 (small blind) folded before Flop
Seat 6: cf5b14a (big blind) folded before Flop


Poker Hand #HD1852606145: Hold'em No Limit ($0.05/$0.1) - 2024/07/11 16:14:28
Table 'NLHRed46' 6-max Seat #3 is the button
Seat 1: fff019b8 ($11.44 in chips)
Seat 2: Hero ($18.74 in chips)
Seat 3: ec205854 ($5.78 in chips)
Seat 4: f36d2fd3 ($10 in chips)
Seat 5: 6bcd6179 ($9.94 in chips)
Seat 6: cf5b14a ($16.07 in chips)
f36d2fd3: posts small blind $0.05
6bcd6179: posts big blind $0.1
*** HOLE CARDS ***
Dealt to fff019b8 
Dealt to Hero [2d 4c]
Dealt to ec205854 
Dealt to f36d2fd3 
Dealt to 6bcd6179 
Dealt to cf5b14a 
cf5b14a: folds
fff019b8: folds
Hero: folds
ec205854: folds
f36d2fd3: raises $0.2 to $0.3
6bcd6179: folds
Uncalled bet ($0.2) returned to f36d2fd3
*** SHOWDOWN ***
f36d2fd3 collected $0.2 from pot
*** SUMMARY ***
Total pot $0.2 | Rake $0 | Jackpot $0 | Bingo $0 | Fortune $0 | Tax $0
Seat 1: fff019b8 folded before Flop (didn't bet)
Seat 2: Hero folded before Flop (didn't bet)
Seat 3: ec205854 (button) folded before Flop (didn't bet)
Seat 4: f36d2fd3 (small blind) collected ($0.2)
Seat 5: 6bcd6179 (big blind) folded before Flop
Seat 6: cf5b14a folded before Flop (didn't bet)


Poker Hand #HD1852605955: Hold'em No Limit ($0.05/$0.1) - 2024/07/11 16:12:44
Table 'NLHRed46' 6-max Seat #2 is the button
Seat 1: fff019b8 ($10 in chips)
Seat 2: Hero ($18.74 in chips)
Seat 3: ec205854 ($7.22 in chips)
Seat 4: f36d2fd3 ($10 in chips)
Seat 5: 6bcd6179 ($9.94 in chips)
Seat 6: cf5b14a ($16.07 in chips)
ec205854: posts small blind $0.05
f36d2fd3: posts big blind $0.1
*** HOLE CARDS ***
Dealt to fff019b8 
Dealt to Hero [2d Ad]
Dealt to ec205854 
Dealt to f36d2fd3 
Dealt to 6bcd6179 
Dealt to cf5b14a 
6bcd6179: folds
cf5b14a: folds
fff019b8: raises $0.15 to $0.25
Hero: folds
ec205854: calls $0.2
f36d2fd3: calls $0.15
*** FLOP *** [3h 7h Qh]
ec205854: checks
f36d2fd3: checks
fff019b8: bets $0.25
ec205854: calls $0.25
f36d2fd3: folds
*** TURN *** [3h 7h Qh] [Qd]
ec205854: bets $0.94
fff019b8: calls $0.94
*** RIVER *** [3h 7h Qh Qd] [8d]
ec205854: checks
fff019b8: bets $8.56 and is all-in
ec205854: folds
Uncalled bet ($8.56) returned to fff019b8
*** SHOWDOWN ***
fff019b8 collected $2.88 from pot
*** SUMMARY ***
Total pot $3.13 | Rake $0.15 | Jackpot $0.1 | Bingo $0 | Fortune $0 | Tax $0
Board [3h 7h Qh Qd 8d]
Seat 1: fff019b8 won ($2.88)
Seat 2: Hero (button) folded before Flop (didn't bet)
Seat 3: ec205854 (small blind) folded on the River
Seat 4: f36d2fd3 (big blind) folded on the Flop
Seat 5: 6bcd6179 folded before Flop (didn't bet)
Seat 6: cf5b14a folded before Flop (didn't bet)


Poker Hand #HD1852605934: Hold'em No Limit ($0.05/$0.1) - 2024/07/11 16:12:31
Table 'NLHRed46' 6-max Seat #1 is the button
Seat 1: fff019b8 ($10 in chips)
Seat 2: Hero ($18.79 in chips)
Seat 3: ec205854 ($7.17 in chips)
Seat 5: 6bcd6179 ($9.94 in chips)
Seat 6: cf5b14a ($16.07 in chips)
Hero: posts small blind $0.05
ec205854: posts big blind $0.1
*** HOLE CARDS ***
Dealt to fff019b8 
Dealt to Hero [Ts 6c]
Dealt to ec205854 
Dealt to 6bcd6179 
Dealt to cf5b14a 
6bcd6179: folds
cf5b14a: folds
fff019b8: folds
Hero: folds
Uncalled bet ($0.05) returned to ec205854
*** SHOWDOWN ***
ec205854 collected $0.1 from pot
*** SUMMARY ***
Total pot $0.1 | Rake $0 | Jackpot $0 | Bingo $0 | Fortune $0 | Tax $0
Seat 1: fff019b8 (button) folded before Flop (didn't bet)
Seat 2: Hero (small blind) folded before Flop
Seat 3: ec205854 (big blind) collected ($0.1)
Seat 5: 6bcd6179 folded before Flop (didn't bet)
Seat 6: cf5b14a folded before Flop (didn't bet)


Poker Hand #HD1852605821: Hold'em No Limit ($0.05/$0.1) - 2024/07/11 16:11:35
Table 'NLHRed46' 6-max Seat #6 is the button
Seat 1: fff019b8 ($10.23 in chips)
Seat 2: Hero ($17.66 in chips)
Seat 3: ec205854 ($7.17 in chips)
Seat 5: 6bcd6179 ($9.94 in chips)
Seat 6: cf5b14a ($16.07 in chips)
fff019b8: posts small blind $0.05
Hero: posts big blind $0.1
*** HOLE CARDS ***
Dealt to fff019b8 
Dealt to Hero [5d Qd]
Dealt to ec205854 
Dealt to 6bcd6179 
Dealt to cf5b14a 
ec205854: folds
6bcd6179: folds
cf5b14a: folds
fff019b8: raises $0.2 to $0.3
Hero: calls $0.2
*** FLOP *** [Qs 7s 7h]
fff019b8: bets $0.2
Hero: calls $0.2
*** TURN *** [Qs 7s 7h] [7c]
fff019b8: bets $0.75
Hero: calls $0.75
*** RIVER *** [Qs 7s 7h 7c] [Kc]
fff019b8: checks
Hero: bets $1
fff019b8: folds
Uncalled bet ($1) returned to Hero
*** SHOWDOWN ***
Hero collected $2.38 from pot
*** SUMMARY ***
Total pot $2.5 | Rake $0.12 | Jackpot $0 | Bingo $0 | Fortune $0 | Tax $0
Board [Qs 7s 7h 7c Kc]
Seat 1: fff019b8 (small blind) folded on the River
Seat 2: Hero (big blind) won ($2.38)
Seat 3: ec205854 folded before Flop (didn't bet)
Seat 5: 6bcd6179 folded before Flop (didn't bet)
Seat 6: cf5b14a (button) folded before Flop (didn't bet)


Poker Hand #HD1852605692: Hold'em No Limit ($0.05/$0.1) - 2024/07/11 16:10:27
Table 'NLHRed46' 6-max Seat #5 is the button
Seat 1: fff019b8 ($10.33 in chips)
Seat 2: Hero ($17.66 in chips)
Seat 3: ec205854 ($7.03 in chips)
Seat 5: 6bcd6179 ($9.94 in chips)
Seat 6: cf5b14a ($16.12 in chips)
cf5b14a: posts small blind $0.05
fff019b8: posts big blind $0.1
*** HOLE CARDS ***
Dealt to fff019b8 
Dealt to Hero [Kc Th]
Dealt to ec205854 
Dealt to 6bcd6179 
Dealt to cf5b14a 
Hero: folds
ec205854: calls $0.1
6bcd6179: folds
cf5b14a: folds
fff019b8: checks
*** FLOP *** [4s 2h 9c]
fff019b8: checks
ec205854: checks
*** TURN *** [4s 2h 9c] [Kh]
fff019b8: checks
ec205854: checks
*** RIVER *** [4s 2h 9c Kh] [9d]
fff019b8: checks
ec205854: bets $0.2
fff019b8: folds
Uncalled bet ($0.2) returned to ec205854
*** SHOWDOWN ***
ec205854 collected $0.24 from pot
*** SUMMARY ***
Total pot $0.25 | Rake $0.01 | Jackpot $0 | Bingo $0 | Fortune $0 | Tax $0
Board [4s 2h 9c Kh 9d]
Seat 1: fff019b8 (big blind) folded on the River
Seat 2: Hero folded before Flop (didn't bet)
Seat 3: ec205854 won ($0.24)
Seat 5: 6bcd6179 (button) folded before Flop (didn't bet)
Seat 6: cf5b14a (small blind) folded before Flop


Poker Hand #HD1852605659: Hold'em No Limit ($0.05/$0.1) - 2024/07/11 16:10:11
Table 'NLHRed46' 6-max Seat #3 is the button
Seat 1: fff019b8 ($10.33 in chips)
Seat 2: Hero ($17.66 in chips)
Seat 3: ec205854 ($7.03 in chips)
Seat 5: 6bcd6179 ($9.99 in chips)
Seat 6: cf5b14a ($16.07 in chips)
6bcd6179: posts small blind $0.05
cf5b14a: posts big blind $0.1
*** HOLE CARDS ***
Dealt to fff019b8 
Dealt to Hero [6c Ts]
Dealt to ec205854 
Dealt to 6bcd6179 
Dealt to cf5b14a 
fff019b8: folds
Hero: folds
ec205854: folds
6bcd6179: folds
Uncalled bet ($0.05) returned to cf5b14a
*** SHOWDOWN ***
cf5b14a collected $0.1 from pot
*** SUMMARY ***
Total pot $0.1 | Rake $0 | Jackpot $0 | Bingo $0 | Fortune $0 | Tax $0
Seat 1: fff019b8 folded before Flop (didn't bet)
Seat 2: Hero folded before Flop (didn't bet)
Seat 3: ec205854 (button) folded before Flop (didn't bet)
Seat 5: 6bcd6179 (small blind) folded before Flop
Seat 6: cf5b14a (big blind) collected ($0.1)


Poker Hand #HD1852515603: Hold'em No Limit ($0.05/$0.1) - 2024/07/11 16:09:41
Table 'NLHRed46' 6-max Seat #2 is the button
Seat 1: fff019b8 ($10 in chips)
Seat 2: Hero ($17.66 in chips)
Seat 3: ec205854 ($7.08 in chips)
Seat 5: 6bcd6179 ($10.09 in chips)
Seat 6: cf5b14a ($16.27 in chips)
ec205854: posts small blind $0.05
6bcd6179: posts big blind $0.1
*** HOLE CARDS ***
Dealt to fff019b8 
Dealt to Hero [9s Ks]
Dealt to ec205854 
Dealt to 6bcd6179 
Dealt to cf5b14a 
cf5b14a: raises $0.1 to $0.2
fff019b8: raises $0.6 to $0.8
Hero: folds
ec205854: folds
6bcd6179: folds
cf5b14a: folds
Uncalled bet ($0.6) returned to fff019b8
*** SHOWDOWN ***
fff019b8 collected $0.53 from pot
*** SUMMARY ***
Total pot $0.55 | Rake $0.02 | Jackpot $0 | Bingo $0 | Fortune $0 | Tax $0
Seat 1: fff019b8 collected ($0.53)
Seat 2: Hero (button) folded before Flop (didn't bet)
Seat 3: ec205854 (small blind) folded before Flop
Seat 5: 6bcd6179 (big blind) folded before Flop
Seat 6: cf5b14a folded before Flop


Poker Hand #HD1852515572: Hold'em No Limit ($0.05/$0.1) - 2024/07/11 16:09:29
Table 'NLHRed46' 6-max Seat #1 is the button
Seat 1: fff019b8 ($10 in chips)
Seat 2: Hero ($17.71 in chips)
Seat 3: ec205854 ($7.18 in chips)
Seat 4: 8b8a15a8 ($11.71 in chips)
Seat 5: 6bcd6179 ($10.09 in chips)
Seat 6: cf5b14a ($16.12 in chips)
Hero: posts small blind $0.05
ec205854: posts big blind $0.1
*** HOLE CARDS ***
Dealt to fff019b8 
Dealt to Hero [4h 2s]
Dealt to ec205854 
Dealt to 8b8a15a8 
Dealt to 6bcd6179 
Dealt to cf5b14a 
8b8a15a8: folds
6bcd6179: folds
cf5b14a: raises $0.1 to $0.2
fff019b8: folds
Hero: folds
ec205854: folds
Uncalled bet ($0.1) returned to cf5b14a
*** SHOWDOWN ***
cf5b14a collected $0.25 from pot
*** SUMMARY ***
Total pot $0.25 | Rake $0 | Jackpot $0 | Bingo $0 | Fortune $0 | Tax $0
Seat 1: fff019b8 (button) folded before Flop (didn't bet)
Seat 2: Hero (small blind) folded before Flop
Seat 3: ec205854 (big blind) folded before Flop
Seat 4: 8b8a15a8 folded before Flop (didn't bet)
Seat 5: 6bcd6179 folded before Flop (didn't bet)
Seat 6: cf5b14a collected ($0.25)


Poker Hand #HD1852515511: Hold'em No Limit ($0.05/$0.1) - 2024/07/11 16:08:54
Table 'NLHRed46' 6-max Seat #6 is the button
Seat 1: fff019b8 ($10 in chips)
Seat 2: Hero ($17.81 in chips)
Seat 3: ec205854 ($7.28 in chips)
Seat 4: 8b8a15a8 ($11.71 in chips)
Seat 5: 6bcd6179 ($9.85 in chips)
Seat 6: cf5b14a ($16.12 in chips)
fff019b8: posts small blind $0.05
Hero: posts big blind $0.1
*** HOLE CARDS ***
Dealt to fff019b8 
Dealt to Hero [8s Ks]
Dealt to ec205854 
Dealt to 8b8a15a8 
Dealt to 6bcd6179 
Dealt to cf5b14a 
ec205854: calls $0.1
8b8a15a8: folds
6bcd6179: raises $0.35 to $0.45
cf5b14a: folds
fff019b8: folds
Hero: folds
ec205854: folds
Uncalled bet ($0.35) returned to 6bcd6179
*** SHOWDOWN ***
6bcd6179 collected $0.34 from pot
*** SUMMARY ***
Total pot $0.35 | Rake $0.01 | Jackpot $0 | Bingo $0 | Fortune $0 | Tax $0
Seat 1: fff019b8 (small blind) folded before Flop
Seat 2: Hero (big blind) folded before Flop
Seat 3: ec205854 folded before Flop
Seat 4: 8b8a15a8 folded before Flop (didn't bet)
Seat 5: 6bcd6179 collected ($0.34)
Seat 6: cf5b14a (button) folded before Flop (didn't bet)


Poker Hand #HD1852515465: Hold'em No Limit ($0.05/$0.1) - 2024/07/11 16:08:29
Table 'NLHRed46' 6-max Seat #5 is the button
Seat 1: fff019b8 ($10 in chips)
Seat 2: Hero ($17.66 in chips)
Seat 3: ec205854 ($7.28 in chips)
Seat 4: 8b8a15a8 ($11.71 in chips)
Seat 5: 6bcd6179 ($9.85 in chips)
Seat 6: cf5b14a ($16.17 in chips)
cf5b14a: posts small blind $0.05
fff019b8: posts big blind $0.1
*** HOLE CARDS ***
Dealt to fff019b8 
Dealt to Hero [Tc Ah]
Dealt to ec205854 
Dealt to 8b8a15a8 
Dealt to 6bcd6179 
Dealt to cf5b14a 
Hero: raises $0.1 to $0.2
ec205854: folds
8b8a15a8: folds
6bcd6179: folds
cf5b14a: folds
fff019b8: folds
Uncalled bet ($0.1) returned to Hero
*** SHOWDOWN ***
Hero collected $0.25 from pot
*** SUMMARY ***
Total pot $0.25 | Rake $0 | Jackpot $0 | Bingo $0 | Fortune $0 | Tax $0
Seat 1: fff019b8 (big blind) folded before Flop
Seat 2: Hero collected ($0.25)
Seat 3: ec205854 folded before Flop (didn't bet)
Seat 4: 8b8a15a8 folded before Flop (didn't bet)
Seat 5: 6bcd6179 (button) folded before Flop (didn't bet)
Seat 6: cf5b14a (small blind) folded before Flop


Poker Hand #HD1852515432: Hold'em No Limit ($0.05/$0.1) - 2024/07/11 16:08:12
Table 'NLHRed46' 6-max Seat #4 is the button
Seat 2: Hero ($17.66 in chips)
Seat 3: ec205854 ($7.28 in chips)
Seat 4: 8b8a15a8 ($11.56 in chips)
Seat 5: 6bcd6179 ($9.9 in chips)
Seat 6: cf5b14a ($16.27 in chips)
6bcd6179: posts small blind $0.05
cf5b14a: posts big blind $0.1
*** HOLE CARDS ***
Dealt to Hero [3d 6d]
Dealt to ec205854 
Dealt to 8b8a15a8 
Dealt to 6bcd6179 
Dealt to cf5b14a 
Hero: folds
ec205854: folds
8b8a15a8: raises $0.15 to $0.25
6bcd6179: folds
cf5b14a: folds
Uncalled bet ($0.15) returned to 8b8a15a8
*** SHOWDOWN ***
8b8a15a8 collected $0.25 from pot
*** SUMMARY ***
Total pot $0.25 | Rake $0 | Jackpot $0 | Bingo $0 | Fortune $0 | Tax $0
Seat 2: Hero folded before Flop (didn't bet)
Seat 3: ec205854 folded before Flop (didn't bet)
Seat 4: 8b8a15a8 (button) collected ($0.25)
Seat 5: 6bcd6179 (small blind) folded before Flop
Seat 6: cf5b14a (big blind) folded before Flop


Poker Hand #HD1852515382: Hold'em No Limit ($0.05/$0.1) - 2024/07/11 16:07:49
Table 'NLHRed46' 6-max Seat #3 is the button
Seat 1: 834587ca ($10 in chips)
Seat 2: Hero ($17.51 in chips)
Seat 3: ec205854 ($7.28 in chips)
Seat 4: 8b8a15a8 ($11.61 in chips)
Seat 5: 6bcd6179 ($10 in chips)
Seat 6: cf5b14a ($16.27 in chips)
8b8a15a8: posts small blind $0.05
6bcd6179: posts big blind $0.1
*** HOLE CARDS ***
Dealt to 834587ca 
Dealt to Hero [Qc Jc]
Dealt to ec205854 
Dealt to 8b8a15a8 
Dealt to 6bcd6179 
Dealt to cf5b14a 
cf5b14a: folds
834587ca: folds
Hero: raises $0.14 to $0.24
ec205854: folds
8b8a15a8: folds
6bcd6179: folds
Uncalled bet ($0.14) returned to Hero
*** SHOWDOWN ***
Hero collected $0.25 from pot
*** SUMMARY ***
Total pot $0.25 | Rake $0 | Jackpot $0 | Bingo $0 | Fortune $0 | Tax $0
Seat 1: 834587ca folded before Flop (didn't bet)
Seat 2: Hero collected ($0.25)
Seat 3: ec205854 (button) folded before Flop (didn't bet)
Seat 4: 8b8a15a8 (small blind) folded before Flop
Seat 5: 6bcd6179 (big blind) folded before Flop
Seat 6: cf5b14a folded before Flop (didn't bet)


Poker Hand #HD1852515289: Hold'em No Limit ($0.05/$0.1) - 2024/07/11 16:07:01
Table 'NLHRed46' 6-max Seat #2 is the button
Seat 1: 834587ca ($10 in chips)
Seat 2: Hero ($17.51 in chips)
Seat 3: ec205854 ($6.88 in chips)
Seat 4: 8b8a15a8 ($11.71 in chips)
Seat 5: 6bcd6179 ($8.8 in chips)
Seat 6: cf5b14a ($16.27 in chips)
ec205854: posts small blind $0.05
8b8a15a8: posts big blind $0.1
834587ca: posts big blind $0.1
*** HOLE CARDS ***
Dealt to 834587ca 
Dealt to Hero [6s Th]
Dealt to ec205854 
Dealt to 8b8a15a8 
Dealt to 6bcd6179 
Dealt to cf5b14a 
6bcd6179: folds
cf5b14a: folds
834587ca: checks
Hero: folds
ec205854: calls $0.05
8b8a15a8: checks
*** FLOP *** [9s 3h 2c]
ec205854: checks
8b8a15a8: checks
834587ca: checks
*** TURN *** [9s 3h 2c] [5s]
ec205854: bets $0.23
8b8a15a8: folds
834587ca: calls $0.23
*** RIVER *** [9s 3h 2c 5s] [Ts]
ec205854: checks
834587ca: checks
ec205854: shows [9d 7h] (Pair of Nines)
834587ca: shows [7s 2h] (Pair of Twos)
*** SHOWDOWN ***
ec205854 collected $0.73 from pot
*** SUMMARY ***
Total pot $0.76 | Rake $0.03 | Jackpot $0 | Bingo $0 | Fortune $0 | Tax $0
Board [9s 3h 2c 5s Ts]
Seat 1: 834587ca showed [7s 2h] and lost with Pair of Twos
Seat 2: Hero (button) folded before Flop (didn't bet)
Seat 3: ec205854 (small blind) showed [9d 7h] and won ($0.73) with Pair of Nines
Seat 4: 8b8a15a8 (big blind) folded on the Turn
Seat 5: 6bcd6179 folded before Flop (didn't bet)
Seat 6: cf5b14a folded before Flop (didn't bet)


Poker Hand #HD1852515118: Hold'em No Limit ($0.05/$0.1) - 2024/07/11 16:05:37
Table 'NLHRed46' 6-max Seat #1 is the button
Seat 1: 6f401dcb ($10 in chips)
Seat 2: Hero ($13.23 in chips)
Seat 3: ec205854 ($10.47 in chips)
Seat 4: 8b8a15a8 ($11.71 in chips)
Seat 5: 6bcd6179 ($10 in chips)
Seat 6: cf5b14a ($16.27 in chips)
Hero: posts small blind $0.05
ec205854: posts big blind $0.1
*** HOLE CARDS ***
Dealt to 6f401dcb 
Dealt to Hero [Ad Ah]
Dealt to ec205854 
Dealt to 8b8a15a8 
Dealt to 6bcd6179 
Dealt to cf5b14a 
8b8a15a8: folds
6bcd6179: raises $0.3 to $0.4
cf5b14a: folds
6f401dcb: folds
Hero: raises $0.8 to $1.2
ec205854: calls $1.1
6bcd6179: calls $0.8
*** FLOP *** [Qc 8s As]
Hero: bets $0.72
ec205854: calls $0.72
6bcd6179: folds
*** TURN *** [Qc 8s As] [Qh]
Hero: checks
ec205854: bets $1.67
Hero: calls $1.67
*** RIVER *** [Qc 8s As Qh] [9d]
Hero: checks
ec205854: checks
Hero: shows [Ad Ah] (Aces Full over Queens)
ec205854: shows [Ac Jh] (Pair of Aces and Pair of Queens)
*** SHOWDOWN ***
Hero collected $7.87 from pot
*** SUMMARY ***
Total pot $8.38 | Rake $0.41 | Jackpot $0.1 | Bingo $0 | Fortune $0 | Tax $0
Board [Qc 8s As Qh 9d]
Seat 1: 6f401dcb (button) folded before Flop (didn't bet)
Seat 2: Hero (small blind) showed [Ad Ah] and won ($7.87) with Aces Full over Queens
Seat 3: ec205854 (big blind) showed [Ac Jh] and lost with Pair of Aces and Pair of Queens
Seat 4: 8b8a15a8 folded before Flop (didn't bet)
Seat 5: 6bcd6179 folded on the Flop
Seat 6: cf5b14a folded before Flop (didn't bet)


Poker Hand #HD1852515082: Hold'em No Limit ($0.05/$0.1) - 2024/07/11 16:05:18
Table 'NLHRed46' 6-max Seat #6 is the button
Seat 1: 6f401dcb ($10 in chips)
Seat 2: Hero ($13.33 in chips)
Seat 3: ec205854 ($10.47 in chips)
Seat 4: 8b8a15a8 ($11.71 in chips)
Seat 5: 6bcd6179 ($10 in chips)
Seat 6: cf5b14a ($16.12 in chips)
6f401dcb: posts small blind $0.05
Hero: posts big blind $0.1
*** HOLE CARDS ***
Dealt to 6f401dcb 
Dealt to Hero [5s Jd]
Dealt to ec205854 
Dealt to 8b8a15a8 
Dealt to 6bcd6179 
Dealt to cf5b14a 
ec205854: folds
8b8a15a8: folds
6bcd6179: folds
cf5b14a: raises $0.1 to $0.2
6f401dcb: folds
Hero: folds
Uncalled bet ($0.1) returned to cf5b14a
*** SHOWDOWN ***
cf5b14a collected $0.25 from pot
*** SUMMARY ***
Total pot $0.25 | Rake $0 | Jackpot $0 | Bingo $0 | Fortune $0 | Tax $0
Seat 1: 6f401dcb (small blind) folded before Flop
Seat 2: Hero (big blind) folded before Flop
Seat 3: ec205854 folded before Flop (didn't bet)
Seat 4: 8b8a15a8 folded before Flop (didn't bet)
Seat 5: 6bcd6179 folded before Flop (didn't bet)
Seat 6: cf5b14a (button) collected ($0.25)


Poker Hand #HD1852514998: Hold'em No Limit ($0.05/$0.1) - 2024/07/11 16:04:37
Table 'NLHRed46' 6-max Seat #5 is the button
Seat 1: 6f401dcb ($10 in chips)
Seat 2: Hero ($13.33 in chips)
Seat 3: ec205854 ($10.57 in chips)
Seat 4: 8b8a15a8 ($11.71 in chips)
Seat 5: 6bcd6179 ($8.35 in chips)
Seat 6: cf5b14a ($16.62 in chips)
cf5b14a: posts small blind $0.05
6f401dcb: posts big blind $0.1
*** HOLE CARDS ***
Dealt to 6f401dcb 
Dealt to Hero [7h 2h]
Dealt to ec205854 
Dealt to 8b8a15a8 
Dealt to 6bcd6179 
Dealt to cf5b14a 
Hero: folds
ec205854: calls $0.1
8b8a15a8: folds
6bcd6179: raises $0.4 to $0.5
cf5b14a: calls $0.45
6f401dcb: folds
ec205854: folds
*** FLOP *** [Jd 9c 5d]
cf5b14a: checks
6bcd6179: bets $0.6
cf5b14a: folds
Uncalled bet ($0.6) returned to 6bcd6179
*** SHOWDOWN ***
6bcd6179 collected $1.14 from pot
*** SUMMARY ***
Total pot $1.2 | Rake $0.06 | Jackpot $0 | Bingo $0 | Fortune $0 | Tax $0
Board [Jd 9c 5d]
Seat 1: 6f401dcb (big blind) folded before Flop
Seat 2: Hero folded before Flop (didn't bet)
Seat 3: ec205854 folded before Flop
Seat 4: 8b8a15a8 folded before Flop (didn't bet)
Seat 5: 6bcd6179 (button) won ($1.14)
Seat 6: cf5b14a (small blind) folded on the Flop


Poker Hand #HD1852514898: Hold'em No Limit ($0.05/$0.1) - 2024/07/11 16:03:40
Table 'NLHRed46' 6-max Seat #4 is the button
Seat 1: 6f401dcb ($11.67 in chips)
Seat 2: Hero ($10.58 in chips)
Seat 3: ec205854 ($10.57 in chips)
Seat 4: 8b8a15a8 ($11.71 in chips)
Seat 5: 6bcd6179 ($8.4 in chips)
Seat 6: cf5b14a ($16.72 in chips)
6bcd6179: posts small blind $0.05
cf5b14a: posts big blind $0.1
*** HOLE CARDS ***
Dealt to 6f401dcb 
Dealt to Hero [Ks Qh]
Dealt to ec205854 
Dealt to 8b8a15a8 
Dealt to 6bcd6179 
Dealt to cf5b14a 
6f401dcb: raises $0.1 to $0.2
Hero: raises $0.4 to $0.6
ec205854: folds
8b8a15a8: folds
6bcd6179: folds
cf5b14a: folds
6f401dcb: calls $0.4
*** FLOP *** [Qd 2d Th]
6f401dcb: checks
Hero: bets $0.7
6f401dcb: calls $0.7
*** TURN *** [Qd 2d Th] [Ts]
6f401dcb: checks
Hero: checks
*** RIVER *** [Qd 2d Th Ts] [7s]
6f401dcb: checks
Hero: bets $1.7
6f401dcb: calls $1.7
Hero: shows [Ks Qh] (Pair of Queens and Pair of Tens)
6f401dcb: shows [9s 9d] (Pair of Tens and Pair of Nines)
*** SHOWDOWN ***
Hero collected $5.75 from pot
*** SUMMARY ***
Total pot $6.15 | Rake $0.3 | Jackpot $0.1 | Bingo $0 | Fortune $0 | Tax $0
Board [Qd 2d Th Ts 7s]
Seat 1: 6f401dcb showed [9s 9d] and lost with Pair of Tens and Pair of Nines
Seat 2: Hero showed [Ks Qh] and won ($5.75) with Pair of Queens and Pair of Tens
Seat 3: ec205854 folded before Flop (didn't bet)
Seat 4: 8b8a15a8 (button) folded before Flop (didn't bet)
Seat 5: 6bcd6179 (small blind) folded before Flop
Seat 6: cf5b14a (big blind) folded before Flop


Poker Hand #HD1852514802: Hold'em No Limit ($0.05/$0.1) - 2024/07/11 16:02:47
Table 'NLHRed46' 6-max Seat #3 is the button
Seat 1: 6f401dcb ($10.63 in chips)
Seat 2: Hero ($10.58 in chips)
Seat 3: ec205854 ($10.57 in chips)
Seat 4: 8b8a15a8 ($11.76 in chips)
Seat 5: 6bcd6179 ($9.5 in chips)
Seat 6: cf5b14a ($16.72 in chips)
8b8a15a8: posts small blind $0.05
6bcd6179: posts big blind $0.1
*** HOLE CARDS ***
Dealt to 6f401dcb 
Dealt to Hero [6c Tc]
Dealt to ec205854 
Dealt to 8b8a15a8 
Dealt to 6bcd6179 
Dealt to cf5b14a 
cf5b14a: folds
6f401dcb: raises $0.25 to $0.35
Hero: folds
ec205854: folds
8b8a15a8: folds
6bcd6179: calls $0.25
*** FLOP *** [Qd 7h Kc]
6bcd6179: checks
6f401dcb: bets $0.75
6bcd6179: calls $0.75
*** TURN *** [Qd 7h Kc] [2h]
6bcd6179: checks
6f401dcb: bets $2.25
6bcd6179: folds
Uncalled bet ($2.25) returned to 6f401dcb
*** SHOWDOWN ***
6f401dcb collected $2.14 from pot
*** SUMMARY ***
Total pot $2.25 | Rake $0.11 | Jackpot $0 | Bingo $0 | Fortune $0 | Tax $0
Board [Qd 7h Kc 2h]
Seat 1: 6f401dcb won ($2.14)
Seat 2: Hero folded before Flop (didn't bet)
Seat 3: ec205854 (button) folded before Flop (didn't bet)
Seat 4: 8b8a15a8 (small blind) folded before Flop
Seat 5: 6bcd6179 (big blind) folded on the Turn
Seat 6: cf5b14a folded before Flop (didn't bet)


Poker Hand #HD1852514663: Hold'em No Limit ($0.05/$0.1) - 2024/07/11 16:01:40
Table 'NLHRed46' 6-max Seat #2 is the button
Seat 1: 6f401dcb ($10.83 in chips)
Seat 2: Hero ($11.58 in chips)
Seat 3: ec205854 ($10.62 in chips)
Seat 4: 8b8a15a8 ($12.76 in chips)
Seat 5: 6bcd6179 ($9.5 in chips)
Seat 6: cf5b14a ($14.72 in chips)
ec205854: posts small blind $0.05
8b8a15a8: posts big blind $0.1
*** HOLE CARDS ***
Dealt to 6f401dcb 
Dealt to Hero [Kd Qh]
Dealt to ec205854 
Dealt to 8b8a15a8 
Dealt to 6bcd6179 
Dealt to cf5b14a 
6bcd6179: folds
cf5b14a: raises $0.1 to $0.2
6f401dcb: calls $0.2
Hero: raises $0.8 to $1
ec205854: folds
8b8a15a8: calls $0.9
cf5b14a: raises $2.3 to $3.3
6f401dcb: folds
Hero: folds
8b8a15a8: folds
Uncalled bet ($2.3) returned to cf5b14a
*** SHOWDOWN ***
cf5b14a collected $3 from pot
*** SUMMARY ***
Total pot $3.25 | Rake $0.15 | Jackpot $0.1 | Bingo $0 | Fortune $0 | Tax $0
Seat 1: 6f401dcb folded before Flop
Seat 2: Hero (button) folded before Flop
Seat 3: ec205854 (small blind) folded before Flop
Seat 4: 8b8a15a8 (big blind) folded before Flop
Seat 5: 6bcd6179 folded before Flop (didn't bet)
Seat 6: cf5b14a collected ($3)


Poker Hand #HD1852514527: Hold'em No Limit ($0.05/$0.1) - 2024/07/11 16:00:21
Table 'NLHRed46' 6-max Seat #1 is the button
Seat 1: 6f401dcb ($10.83 in chips)
Seat 2: Hero ($10.05 in chips)
Seat 3: ec205854 ($10.72 in chips)
Seat 4: 8b8a15a8 ($12.76 in chips)
Seat 5: 6bcd6179 ($9.5 in chips)
Seat 6: cf5b14a ($16.42 in chips)
Hero: posts small blind $0.05
ec205854: posts big blind $0.1
*** HOLE CARDS ***
Dealt to 6f401dcb 
Dealt to Hero [Kc Tc]
Dealt to ec205854 
Dealt to 8b8a15a8 
Dealt to 6bcd6179 
Dealt to cf5b14a 
8b8a15a8: folds
6bcd6179: folds
cf5b14a: raises $0.1 to $0.2
6f401dcb: folds
Hero: raises $0.9 to $1.1
ec205854: folds
cf5b14a: calls $0.9
*** FLOP *** [Qs As Jh]
Hero: bets $0.6
cf5b14a: calls $0.6
*** TURN *** [Qs As Jh] [Jc]
Hero: bets $2
cf5b14a: folds
Uncalled bet ($2) returned to Hero
*** SHOWDOWN ***
Hero collected $3.23 from pot
*** SUMMARY ***
Total pot $3.5 | Rake $0.17 | Jackpot $0.1 | Bingo $0 | Fortune $0 | Tax $0
Board [Qs As Jh Jc]
Seat 1: 6f401dcb (button) folded before Flop (didn't bet)
Seat 2: Hero (small blind) won ($3.23)
Seat 3: ec205854 (big blind) folded before Flop
Seat 4: 8b8a15a8 folded before Flop (didn't bet)
Seat 5: 6bcd6179 folded before Flop (didn't bet)
Seat 6: cf5b14a folded on the Turn


Poker Hand #HD1852514506: Hold'em No Limit ($0.05/$0.1) - 2024/07/11 16:00:09
Table 'NLHRed46' 6-max Seat #6 is the button
Seat 1: 6f401dcb ($10.88 in chips)
Seat 2: Hero ($10 in chips)
Seat 3: ec205854 ($10.72 in chips)
Seat 4: 8b8a15a8 ($12.76 in chips)
Seat 5: 6bcd6179 ($9.5 in chips)
Seat 6: cf5b14a ($16.42 in chips)
6f401dcb: posts small blind $0.05
Hero: posts big blind $0.1
*** HOLE CARDS ***
Dealt to 6f401dcb 
Dealt to Hero [3h Th]
Dealt to ec205854 
Dealt to 8b8a15a8 
Dealt to 6bcd6179 
Dealt to cf5b14a 
ec205854: folds
8b8a15a8: folds
6bcd6179: folds
cf5b14a: folds
6f401dcb: folds
Uncalled bet ($0.05) returned to Hero
*** SHOWDOWN ***
Hero collected $0.1 from pot
*** SUMMARY ***
Total pot $0.1 | Rake $0 | Jackpot $0 | Bingo $0 | Fortune $0 | Tax $0
Seat 1: 6f401dcb (small blind) folded before Flop
Seat 2: Hero (big blind) collected ($0.1)
Seat 3: ec205854 folded before Flop (didn't bet)
Seat 4: 8b8a15a8 folded before Flop (didn't bet)
Seat 5: 6bcd6179 folded before Flop (didn't bet)
Seat 6: cf5b14a (button) folded before Flop (didn't bet)


