Poker Hand #HD1738695358: Hold'em No Limit ($0.02/$0.05) - 2024/04/20 14:10:37
Table 'NLHBlue15' 6-max Seat #3 is the button
Seat 1: 87b89d3b ($4.71 in chips)
Seat 3: 189db647 ($5 in chips)
Seat 4: Hero ($5.27 in chips)
Seat 5: db92fe6e ($7.95 in chips)
Seat 6: 225c2631 ($2.53 in chips)
Hero: posts small blind $0.02
db92fe6e: posts big blind $0.05
*** HOLE CARDS ***
Dealt to 87b89d3b 
Dealt to 189db647 
Dealt to Hero [9d 7h]
Dealt to db92fe6e 
Dealt to 225c2631 
225c2631: folds
87b89d3b: raises $0.06 to $0.11
189db647: folds
Hero: folds
db92fe6e: raises $0.29 to $0.4
87b89d3b: calls $0.29
*** FLOP *** [Kc 4c Kd]
db92fe6e: checks
87b89d3b: bets $0.28
db92fe6e: calls $0.28
*** TURN *** [Kc 4c Kd] [7d]
db92fe6e: checks
87b89d3b: bets $0.69
db92fe6e: calls $0.69
*** RIVER *** [Kc 4c Kd 7d] [8c]
db92fe6e: bets $1.38
87b89d3b: calls $1.38
db92fe6e: shows [Qh Ks] (Three Kings)
87b89d3b: shows [8h Jh] (Pair of Kings and Pair of Eights)
*** SHOWDOWN ***
db92fe6e collected $5.2 from pot
*** SUMMARY ***
Total pot $5.52 | Rake $0.27 | Jackpot $0.05 | Bingo $0 | Fortune $0 | Tax $0
Board [Kc 4c Kd 7d 8c]
Seat 1: 87b89d3b showed [8h Jh] and lost with Pair of Kings and Pair of Eights
Seat 3: 189db647 (button) folded before Flop (didn't bet)
Seat 4: Hero (small blind) folded before Flop
Seat 5: db92fe6e (big blind) showed [Qh Ks] and won ($5.2) with Three Kings
Seat 6: 225c2631 folded before Flop (didn't bet)


Poker Hand #HD1738695321: Hold'em No Limit ($0.02/$0.05) - 2024/04/20 14:10:13
Table 'NLHBlue15' 6-max Seat #1 is the button
Seat 1: 87b89d3b ($4.71 in chips)
Seat 3: 189db647 ($5.02 in chips)
Seat 4: Hero ($5.25 in chips)
Seat 5: db92fe6e ($7.95 in chips)
Seat 6: 225c2631 ($2.53 in chips)
189db647: posts small blind $0.02
Hero: posts big blind $0.05
*** HOLE CARDS ***
Dealt to 87b89d3b 
Dealt to 189db647 
Dealt to Hero [7d 7s]
Dealt to db92fe6e 
Dealt to 225c2631 
db92fe6e: folds
225c2631: folds
87b89d3b: folds
189db647: folds
Uncalled bet ($0.03) returned to Hero
*** SHOWDOWN ***
Hero collected $0.04 from pot
*** SUMMARY ***
Total pot $0.04 | Rake $0 | Jackpot $0 | Bingo $0 | Fortune $0 | Tax $0
Seat 1: 87b89d3b (button) folded before Flop (didn't bet)
Seat 3: 189db647 (small blind) folded before Flop
Seat 4: Hero (big blind) collected ($0.04)
Seat 5: db92fe6e folded before Flop (didn't bet)
Seat 6: 225c2631 folded before Flop (didn't bet)


Poker Hand #HD1738695306: Hold'em No Limit ($0.02/$0.05) - 2024/04/20 14:10:04
Table 'NLHBlue15' 6-max Seat #6 is the button
Seat 1: 87b89d3b ($4.73 in chips)
Seat 3: 189db647 ($5 in chips)
Seat 4: Hero ($5.25 in chips)
Seat 5: db92fe6e ($7.95 in chips)
Seat 6: 225c2631 ($2.53 in chips)
87b89d3b: posts small blind $0.02
189db647: posts big blind $0.05
*** HOLE CARDS ***
Dealt to 87b89d3b 
Dealt to 189db647 
Dealt to Hero [4d Qc]
Dealt to db92fe6e 
Dealt to 225c2631 
Hero: folds
db92fe6e: folds
225c2631: folds
87b89d3b: folds
Uncalled bet ($0.03) returned to 189db647
*** SHOWDOWN ***
189db647 collected $0.04 from pot
*** SUMMARY ***
Total pot $0.04 | Rake $0 | Jackpot $0 | Bingo $0 | Fortune $0 | Tax $0
Seat 1: 87b89d3b (small blind) folded before Flop
Seat 3: 189db647 (big blind) collected ($0.04)
Seat 4: Hero folded before Flop (didn't bet)
Seat 5: db92fe6e folded before Flop (didn't bet)
Seat 6: 225c2631 (button) folded before Flop (didn't bet)


Poker Hand #HD1738695272: Hold'em No Limit ($0.02/$0.05) - 2024/04/20 14:09:39
Table 'NLHBlue15' 6-max Seat #5 is the button
Seat 1: 87b89d3b ($4.48 in chips)
Seat 3: 189db647 ($5 in chips)
Seat 4: Hero ($5.25 in chips)
Seat 5: db92fe6e ($8.07 in chips)
Seat 6: 225c2631 ($2.55 in chips)
225c2631: posts small blind $0.02
87b89d3b: posts big blind $0.05
*** HOLE CARDS ***
Dealt to 87b89d3b 
Dealt to 189db647 
Dealt to Hero [2c 5d]
Dealt to db92fe6e 
Dealt to 225c2631 
189db647: raises $0.07 to $0.12
Hero: folds
db92fe6e: calls $0.12
225c2631: folds
87b89d3b: raises $0.29 to $0.41
189db647: folds
db92fe6e: folds
Uncalled bet ($0.29) returned to 87b89d3b
*** SHOWDOWN ***
87b89d3b collected $0.37 from pot
*** SUMMARY ***
Total pot $0.38 | Rake $0.01 | Jackpot $0 | Bingo $0 | Fortune $0 | Tax $0
Seat 1: 87b89d3b (big blind) collected ($0.37)
Seat 3: 189db647 folded before Flop
Seat 4: Hero folded before Flop (didn't bet)
Seat 5: db92fe6e (button) folded before Flop
Seat 6: 225c2631 (small blind) folded before Flop


Poker Hand #HD1738695245: Hold'em No Limit ($0.02/$0.05) - 2024/04/20 14:09:25
Table 'NLHBlue15' 6-max Seat #4 is the button
Seat 1: 87b89d3b ($4.48 in chips)
Seat 3: 189db647 ($5 in chips)
Seat 4: Hero ($5.25 in chips)
Seat 5: db92fe6e ($8.02 in chips)
Seat 6: 225c2631 ($2.6 in chips)
db92fe6e: posts small blind $0.02
225c2631: posts big blind $0.05
*** HOLE CARDS ***
Dealt to 87b89d3b 
Dealt to 189db647 
Dealt to Hero [4d 8c]
Dealt to db92fe6e 
Dealt to 225c2631 
87b89d3b: folds
189db647: folds
Hero: folds
db92fe6e: raises $0.08 to $0.13
225c2631: folds
Uncalled bet ($0.08) returned to db92fe6e
*** SHOWDOWN ***
db92fe6e collected $0.1 from pot
*** SUMMARY ***
Total pot $0.1 | Rake $0 | Jackpot $0 | Bingo $0 | Fortune $0 | Tax $0
Seat 1: 87b89d3b folded before Flop (didn't bet)
Seat 3: 189db647 folded before Flop (didn't bet)
Seat 4: Hero (button) folded before Flop (didn't bet)
Seat 5: db92fe6e (small blind) collected ($0.1)
Seat 6: 225c2631 (big blind) folded before Flop


Poker Hand #HD1738695191: Hold'em No Limit ($0.02/$0.05) - 2024/04/20 14:08:54
Table 'NLHBlue15' 6-max Seat #3 is the button
Seat 1: 87b89d3b ($4.41 in chips)
Seat 3: 189db647 ($5 in chips)
Seat 4: Hero ($5.27 in chips)
Seat 5: db92fe6e ($8.07 in chips)
Seat 6: 225c2631 ($2.6 in chips)
Hero: posts small blind $0.02
db92fe6e: posts big blind $0.05
*** HOLE CARDS ***
Dealt to 87b89d3b 
Dealt to 189db647 
Dealt to Hero [5h 4h]
Dealt to db92fe6e 
Dealt to 225c2631 
225c2631: folds
87b89d3b: raises $0.06 to $0.11
189db647: folds
Hero: folds
db92fe6e: folds
Uncalled bet ($0.06) returned to 87b89d3b
*** SHOWDOWN ***
87b89d3b collected $0.12 from pot
*** SUMMARY ***
Total pot $0.12 | Rake $0 | Jackpot $0 | Bingo $0 | Fortune $0 | Tax $0
Seat 1: 87b89d3b collected ($0.12)
Seat 3: 189db647 (button) folded before Flop (didn't bet)
Seat 4: Hero (small blind) folded before Flop
Seat 5: db92fe6e (big blind) folded before Flop
Seat 6: 225c2631 folded before Flop (didn't bet)


Poker Hand #HD1738695097: Hold'em No Limit ($0.02/$0.05) - 2024/04/20 14:08:04
Table 'NLHBlue15' 6-max Seat #1 is the button
Seat 1: 87b89d3b ($4.41 in chips)
Seat 2: 2a6a5cbb ($0.23 in chips)
Seat 3: 189db647 ($5 in chips)
Seat 4: Hero ($5.27 in chips)
Seat 5: db92fe6e ($8.07 in chips)
Seat 6: 225c2631 ($2.34 in chips)
2a6a5cbb: posts small blind $0.02
189db647: posts big blind $0.05
*** HOLE CARDS ***
Dealt to 87b89d3b 
Dealt to 2a6a5cbb 
Dealt to 189db647 
Dealt to Hero [8h 5c]
Dealt to db92fe6e 
Dealt to 225c2631 
Hero: folds
db92fe6e: folds
225c2631: raises $0.08 to $0.13
87b89d3b: folds
2a6a5cbb: calls $0.11
189db647: folds
*** FLOP *** [Kc Ts 9c]
2a6a5cbb: checks
225c2631: bets $0.11
2a6a5cbb: calls $0.1 and is all-in
Uncalled bet ($0.01) returned to 225c2631
225c2631: shows [Qs 9s] (Pair of Nines)
2a6a5cbb: shows [As Jc] (Ace-High)
*** TURN *** [Kc Ts 9c] [4c]
*** RIVER *** [Kc Ts 9c 4c] [4h]
*** SHOWDOWN ***
225c2631 collected $0.49 from pot
*** SUMMARY ***
Total pot $0.51 | Rake $0.02 | Jackpot $0 | Bingo $0 | Fortune $0 | Tax $0
Board [Kc Ts 9c 4c 4h]
Seat 1: 87b89d3b (button) folded before Flop (didn't bet)
Seat 2: 2a6a5cbb (small blind) showed [As Jc] and lost with Pair of Fours
Seat 3: 189db647 (big blind) folded before Flop
Seat 4: Hero folded before Flop (didn't bet)
Seat 5: db92fe6e folded before Flop (didn't bet)
Seat 6: 225c2631 showed [Qs 9s] and won ($0.49) with Pair of Nines and Pair of Fours


Poker Hand #HD1738695029: Hold'em No Limit ($0.02/$0.05) - 2024/04/20 14:07:20
Table 'NLHBlue15' 6-max Seat #6 is the button
Seat 1: 87b89d3b ($4.43 in chips)
Seat 2: 2a6a5cbb ($0.5 in chips)
Seat 3: 189db647 ($5 in chips)
Seat 4: Hero ($5 in chips)
Seat 5: db92fe6e ($8.07 in chips)
Seat 6: 225c2631 ($2.34 in chips)
87b89d3b: posts small blind $0.02
2a6a5cbb: posts big blind $0.05
*** HOLE CARDS ***
Dealt to 87b89d3b 
Dealt to 2a6a5cbb 
Dealt to 189db647 
Dealt to Hero [Ks As]
Dealt to db92fe6e 
Dealt to 225c2631 
189db647: folds
Hero: raises $0.07 to $0.12
db92fe6e: folds
225c2631: folds
87b89d3b: folds
2a6a5cbb: calls $0.07
*** FLOP *** [5h Js 4s]
2a6a5cbb: checks
Hero: bets $0.15
2a6a5cbb: calls $0.15
*** TURN *** [5h Js 4s] [Qs]
2a6a5cbb: checks
Hero: checks
*** RIVER *** [5h Js 4s Qs] [Qd]
2a6a5cbb: checks
Hero: bets $0.29
2a6a5cbb: folds
Uncalled bet ($0.29) returned to Hero
*** SHOWDOWN ***
Hero collected $0.54 from pot
*** SUMMARY ***
Total pot $0.56 | Rake $0.02 | Jackpot $0 | Bingo $0 | Fortune $0 | Tax $0
Board [5h Js 4s Qs Qd]
Seat 1: 87b89d3b (small blind) folded before Flop
Seat 2: 2a6a5cbb (big blind) folded on the River
Seat 3: 189db647 folded before Flop (didn't bet)
Seat 4: Hero won ($0.54)
Seat 5: db92fe6e folded before Flop (didn't bet)
Seat 6: 225c2631 (button) folded before Flop (didn't bet)


Poker Hand #HD1738694912: Hold'em No Limit ($0.02/$0.05) - 2024/04/20 14:06:11
Table 'NLHBlue15' 6-max Seat #5 is the button
Seat 1: 87b89d3b ($6.61 in chips)
Seat 2: 2a6a5cbb ($0.61 in chips)
Seat 3: 189db647 ($5 in chips)
Seat 4: Hero ($5 in chips)
Seat 5: db92fe6e ($5.94 in chips)
Seat 6: 225c2631 ($2.45 in chips)
225c2631: posts small blind $0.02
87b89d3b: posts big blind $0.05
*** HOLE CARDS ***
Dealt to 87b89d3b 
Dealt to 2a6a5cbb 
Dealt to 189db647 
Dealt to Hero [Qd 7h]
Dealt to db92fe6e 
Dealt to 225c2631 
2a6a5cbb: calls $0.05
189db647: folds
Hero: folds
db92fe6e: raises $0.06 to $0.11
225c2631: calls $0.09
87b89d3b: calls $0.06
2a6a5cbb: calls $0.06
*** FLOP *** [6d 9s Kc]
225c2631: checks
87b89d3b: checks
2a6a5cbb: checks
db92fe6e: bets $0.15
225c2631: folds
87b89d3b: calls $0.15
2a6a5cbb: folds
*** TURN *** [6d 9s Kc] [8s]
87b89d3b: checks
db92fe6e: bets $0.37
87b89d3b: calls $0.37
*** RIVER *** [6d 9s Kc 8s] [6s]
87b89d3b: bets $0.49
db92fe6e: raises $1.06 to $1.55
87b89d3b: calls $1.06
db92fe6e: shows [Qs Ts] (Queen High Flush)
87b89d3b: shows [Kh 2h] (Pair of Kings and Pair of Sixes)
*** SHOWDOWN ***
db92fe6e collected $4.31 from pot
*** SUMMARY ***
Total pot $4.58 | Rake $0.22 | Jackpot $0.05 | Bingo $0 | Fortune $0 | Tax $0
Board [6d 9s Kc 8s 6s]
Seat 1: 87b89d3b (big blind) showed [Kh 2h] and lost with Pair of Kings and Pair of Sixes
Seat 2: 2a6a5cbb folded on the Flop
Seat 3: 189db647 folded before Flop (didn't bet)
Seat 4: Hero folded before Flop (didn't bet)
Seat 5: db92fe6e (button) showed [Qs Ts] and won ($4.31) with Queen High Flush
Seat 6: 225c2631 (small blind) folded on the Flop


Poker Hand #HD1738694861: Hold'em No Limit ($0.02/$0.05) - 2024/04/20 14:05:36
Table 'NLHBlue15' 6-max Seat #4 is the button
Seat 1: 87b89d3b ($6.61 in chips)
Seat 2: 2a6a5cbb ($0.61 in chips)
Seat 3: 189db647 ($5 in chips)
Seat 4: Hero ($5 in chips)
Seat 5: db92fe6e ($6.07 in chips)
Seat 6: 225c2631 ($2.33 in chips)
db92fe6e: posts small blind $0.02
225c2631: posts big blind $0.05
*** HOLE CARDS ***
Dealt to 87b89d3b 
Dealt to 2a6a5cbb 
Dealt to 189db647 
Dealt to Hero [9s 5h]
Dealt to db92fe6e 
Dealt to 225c2631 
87b89d3b: folds
2a6a5cbb: folds
189db647: folds
Hero: folds
db92fe6e: raises $0.08 to $0.13
225c2631: raises $0.37 to $0.5
db92fe6e: folds
Uncalled bet ($0.37) returned to 225c2631
*** SHOWDOWN ***
225c2631 collected $0.25 from pot
*** SUMMARY ***
Total pot $0.26 | Rake $0.01 | Jackpot $0 | Bingo $0 | Fortune $0 | Tax $0
Seat 1: 87b89d3b folded before Flop (didn't bet)
Seat 2: 2a6a5cbb folded before Flop (didn't bet)
Seat 3: 189db647 folded before Flop (didn't bet)
Seat 4: Hero (button) folded before Flop (didn't bet)
Seat 5: db92fe6e (small blind) folded before Flop
Seat 6: 225c2631 (big blind) collected ($0.25)


Poker Hand #HD1738694818: Hold'em No Limit ($0.02/$0.05) - 2024/04/20 14:05:08
Table 'NLHBlue15' 6-max Seat #3 is the button
Seat 1: 87b89d3b ($6.61 in chips)
Seat 2: 2a6a5cbb ($0.61 in chips)
Seat 3: 189db647 ($5 in chips)
Seat 4: Hero ($5.02 in chips)
Seat 5: db92fe6e ($6.12 in chips)
Seat 6: 225c2631 ($2.26 in chips)
Hero: posts small blind $0.02
db92fe6e: posts big blind $0.05
*** HOLE CARDS ***
Dealt to 87b89d3b 
Dealt to 2a6a5cbb 
Dealt to 189db647 
Dealt to Hero [Ah 6c]
Dealt to db92fe6e 
Dealt to 225c2631 
225c2631: raises $0.08 to $0.13
87b89d3b: folds
2a6a5cbb: folds
189db647: folds
Hero: folds
db92fe6e: folds
Uncalled bet ($0.08) returned to 225c2631
*** SHOWDOWN ***
225c2631 collected $0.12 from pot
*** SUMMARY ***
Total pot $0.12 | Rake $0 | Jackpot $0 | Bingo $0 | Fortune $0 | Tax $0
Seat 1: 87b89d3b folded before Flop (didn't bet)
Seat 2: 2a6a5cbb folded before Flop (didn't bet)
Seat 3: 189db647 (button) folded before Flop (didn't bet)
Seat 4: Hero (small blind) folded before Flop
Seat 5: db92fe6e (big blind) folded before Flop
Seat 6: 225c2631 collected ($0.12)


Poker Hand #HD1738694796: Hold'em No Limit ($0.02/$0.05) - 2024/04/20 14:04:52
Table 'NLHBlue15' 6-max Seat #2 is the button
Seat 1: 87b89d3b ($6.61 in chips)
Seat 2: 2a6a5cbb ($0.61 in chips)
Seat 3: 189db647 ($5 in chips)
Seat 4: Hero ($5 in chips)
Seat 5: db92fe6e ($6.12 in chips)
Seat 6: 225c2631 ($2.26 in chips)
189db647: posts small blind $0.02
Hero: posts big blind $0.05
*** HOLE CARDS ***
Dealt to 87b89d3b 
Dealt to 2a6a5cbb 
Dealt to 189db647 
Dealt to Hero [7h Qs]
Dealt to db92fe6e 
Dealt to 225c2631 
db92fe6e: folds
225c2631: folds
87b89d3b: folds
2a6a5cbb: folds
189db647: folds
Uncalled bet ($0.03) returned to Hero
*** SHOWDOWN ***
Hero collected $0.04 from pot
*** SUMMARY ***
Total pot $0.04 | Rake $0 | Jackpot $0 | Bingo $0 | Fortune $0 | Tax $0
Seat 1: 87b89d3b folded before Flop (didn't bet)
Seat 2: 2a6a5cbb (button) folded before Flop (didn't bet)
Seat 3: 189db647 (small blind) folded before Flop
Seat 4: Hero (big blind) collected ($0.04)
Seat 5: db92fe6e folded before Flop (didn't bet)
Seat 6: 225c2631 folded before Flop (didn't bet)


