Poker Hand #HD1848011866: Hold'em No Limit ($0.05/$0.1) - 2024/07/08 12:00:34
Table 'NLHRed13' 6-max Seat #3 is the button
Seat 2: Hero ($24.18 in chips)
Seat 3: 739327a4 ($11.59 in chips)
Seat 4: 2d07dcfc ($10.97 in chips)
Seat 5: f381475f ($10.15 in chips)
Seat 6: 9de4b3a ($11.48 in chips)
2d07dcfc: posts small blind $0.05
f381475f: posts big blind $0.1
*** HOLE CARDS ***
Dealt to Hero [7d Js]
Dealt to 739327a4 
Dealt to 2d07dcfc 
Dealt to f381475f 
Dealt to 9de4b3a 
9de4b3a: folds
Hero: folds
739327a4: folds
2d07dcfc: raises $0.2 to $0.3
f381475f: folds
Uncalled bet ($0.2) returned to 2d07dcfc
*** SHOWDOWN ***
2d07dcfc collected $0.2 from pot
*** SUMMARY ***
Total pot $0.2 | Rake $0 | Jackpot $0 | Bingo $0 | Fortune $0 | Tax $0
Seat 2: Hero folded before Flop (didn't bet)
Seat 3: 739327a4 (button) folded before Flop (didn't bet)
Seat 4: 2d07dcfc (small blind) collected ($0.2)
Seat 5: f381475f (big blind) folded before Flop
Seat 6: 9de4b3a folded before Flop (didn't bet)


Poker Hand #HD1848011824: Hold'em No Limit ($0.05/$0.1) - 2024/07/08 12:00:05
Table 'NLHRed13' 6-max Seat #2 is the button
Seat 1: d41712a4 ($11.43 in chips)
Seat 2: Hero ($24.18 in chips)
Seat 3: 739327a4 ($11.64 in chips)
Seat 4: 2d07dcfc ($11.07 in chips)
Seat 5: f381475f ($10 in chips)
Seat 6: 9de4b3a ($11.48 in chips)
739327a4: posts small blind $0.05
2d07dcfc: posts big blind $0.1
*** HOLE CARDS ***
Dealt to d41712a4 
Dealt to Hero [4d 5s]
Dealt to 739327a4 
Dealt to 2d07dcfc 
Dealt to f381475f 
Dealt to 9de4b3a 
f381475f: raises $0.2 to $0.3
9de4b3a: folds
d41712a4: folds
Hero: folds
739327a4: folds
2d07dcfc: folds
Uncalled bet ($0.2) returned to f381475f
*** SHOWDOWN ***
f381475f collected $0.25 from pot
*** SUMMARY ***
Total pot $0.25 | Rake $0 | Jackpot $0 | Bingo $0 | Fortune $0 | Tax $0
Seat 1: d41712a4 folded before Flop (didn't bet)
Seat 2: Hero (button) folded before Flop (didn't bet)
Seat 3: 739327a4 (small blind) folded before Flop
Seat 4: 2d07dcfc (big blind) folded before Flop
Seat 5: f381475f collected ($0.25)
Seat 6: 9de4b3a folded before Flop (didn't bet)


Poker Hand #HD1848011702: Hold'em No Limit ($0.05/$0.1) - 2024/07/08 11:58:40
Table 'NLHRed13' 6-max Seat #1 is the button
Seat 1: d41712a4 ($11.43 in chips)
Seat 2: Hero ($25.35 in chips)
Seat 3: 739327a4 ($10.58 in chips)
Seat 4: 2d07dcfc ($11.07 in chips)
Seat 5: f381475f ($10 in chips)
Seat 6: 9de4b3a ($11.48 in chips)
Hero: posts small blind $0.05
739327a4: posts big blind $0.1
*** HOLE CARDS ***
Dealt to d41712a4 
Dealt to Hero [5s Qs]
Dealt to 739327a4 
Dealt to 2d07dcfc 
Dealt to f381475f 
Dealt to 9de4b3a 
2d07dcfc: folds
f381475f: folds
9de4b3a: folds
d41712a4: folds
Hero: raises $0.2 to $0.3
739327a4: calls $0.2
*** FLOP *** [4s 8s 8h]
Hero: bets $0.4
739327a4: calls $0.4
*** TURN *** [4s 8s 8h] [Qh]
Hero: checks
739327a4: checks
*** RIVER *** [4s 8s 8h Qh] [7d]
Hero: bets $0.47
739327a4: raises $2.34 to $2.81
Hero: folds
Uncalled bet ($2.34) returned to 739327a4
*** SHOWDOWN ***
739327a4 collected $2.23 from pot
*** SUMMARY ***
Total pot $2.34 | Rake $0.11 | Jackpot $0 | Bingo $0 | Fortune $0 | Tax $0
Board [4s 8s 8h Qh 7d]
Seat 1: d41712a4 (button) folded before Flop (didn't bet)
Seat 2: Hero (small blind) folded on the River
Seat 3: 739327a4 (big blind) won ($2.23)
Seat 4: 2d07dcfc folded before Flop (didn't bet)
Seat 5: f381475f folded before Flop (didn't bet)
Seat 6: 9de4b3a folded before Flop (didn't bet)


Poker Hand #HD1848011558: Hold'em No Limit ($0.05/$0.1) - 2024/07/08 11:57:06
Table 'NLHRed13' 6-max Seat #6 is the button
Seat 1: d41712a4 ($9.8 in chips)
Seat 2: Hero ($26.94 in chips)
Seat 3: 739327a4 ($10.58 in chips)
Seat 4: 2d07dcfc ($11.07 in chips)
Seat 5: f381475f ($10.24 in chips)
Seat 6: 9de4b3a ($11.48 in chips)
d41712a4: posts small blind $0.05
Hero: posts big blind $0.1
*** HOLE CARDS ***
Dealt to d41712a4 
Dealt to Hero [Ad 7d]
Dealt to 739327a4 
Dealt to 2d07dcfc 
Dealt to f381475f 
Dealt to 9de4b3a 
739327a4: folds
2d07dcfc: folds
f381475f: raises $0.2 to $0.3
9de4b3a: folds
d41712a4: calls $0.25
Hero: calls $0.2
*** FLOP *** [Qh Js 9c]
d41712a4: checks
Hero: checks
f381475f: checks
*** TURN *** [Qh Js 9c] [7s]
d41712a4: checks
Hero: checks
f381475f: checks
*** RIVER *** [Qh Js 9c 7s] [Ac]
d41712a4: bets $0.3
Hero: raises $0.99 to $1.29
f381475f: folds
d41712a4: calls $0.99
Hero: shows [Ad 7d] (Pair of Aces and Pair of Sevens)
d41712a4: shows [Ah Jd] (Pair of Aces and Pair of Jacks)
*** SHOWDOWN ***
d41712a4 collected $3.22 from pot
*** SUMMARY ***
Total pot $3.48 | Rake $0.16 | Jackpot $0.1 | Bingo $0 | Fortune $0 | Tax $0
Board [Qh Js 9c 7s Ac]
Seat 1: d41712a4 (small blind) showed [Ah Jd] and won ($3.22) with Pair of Aces and Pair of Jacks
Seat 2: Hero (big blind) showed [Ad 7d] and lost with Pair of Aces and Pair of Sevens
Seat 3: 739327a4 folded before Flop (didn't bet)
Seat 4: 2d07dcfc folded before Flop (didn't bet)
Seat 5: f381475f folded on the River
Seat 6: 9de4b3a (button) folded before Flop (didn't bet)


Poker Hand #HD1848011534: Hold'em No Limit ($0.05/$0.1) - 2024/07/08 11:56:49
Table 'NLHRed13' 6-max Seat #5 is the button
Seat 1: d41712a4 ($9.9 in chips)
Seat 2: Hero ($26.94 in chips)
Seat 3: 739327a4 ($10.83 in chips)
Seat 4: 2d07dcfc ($10.7 in chips)
Seat 5: f381475f ($10.24 in chips)
Seat 6: 9de4b3a ($11.53 in chips)
9de4b3a: posts small blind $0.05
d41712a4: posts big blind $0.1
*** HOLE CARDS ***
Dealt to d41712a4 
Dealt to Hero [Ts 7d]
Dealt to 739327a4 
Dealt to 2d07dcfc 
Dealt to f381475f 
Dealt to 9de4b3a 
Hero: folds
739327a4: raises $0.15 to $0.25
2d07dcfc: raises $0.55 to $0.8
f381475f: folds
9de4b3a: folds
d41712a4: folds
739327a4: folds
Uncalled bet ($0.55) returned to 2d07dcfc
*** SHOWDOWN ***
2d07dcfc collected $0.62 from pot
*** SUMMARY ***
Total pot $0.65 | Rake $0.03 | Jackpot $0 | Bingo $0 | Fortune $0 | Tax $0
Seat 1: d41712a4 (big blind) folded before Flop
Seat 2: Hero folded before Flop (didn't bet)
Seat 3: 739327a4 folded before Flop
Seat 4: 2d07dcfc collected ($0.62)
Seat 5: f381475f (button) folded before Flop (didn't bet)
Seat 6: 9de4b3a (small blind) folded before Flop


Poker Hand #HD1848011493: Hold'em No Limit ($0.05/$0.1) - 2024/07/08 11:56:22
Table 'NLHRed13' 6-max Seat #4 is the button
Seat 1: d41712a4 ($9.9 in chips)
Seat 2: Hero ($26.94 in chips)
Seat 3: 739327a4 ($10.83 in chips)
Seat 4: 2d07dcfc ($10.92 in chips)
Seat 5: f381475f ($10.29 in chips)
Seat 6: 9de4b3a ($11.28 in chips)
f381475f: posts small blind $0.05
9de4b3a: posts big blind $0.1
*** HOLE CARDS ***
Dealt to d41712a4 
Dealt to Hero [Qd 5s]
Dealt to 739327a4 
Dealt to 2d07dcfc 
Dealt to f381475f 
Dealt to 9de4b3a 
d41712a4: folds
Hero: folds
739327a4: folds
2d07dcfc: raises $0.12 to $0.22
f381475f: folds
9de4b3a: raises $0.98 to $1.2
2d07dcfc: folds
Uncalled bet ($0.98) returned to 9de4b3a
*** SHOWDOWN ***
9de4b3a collected $0.47 from pot
*** SUMMARY ***
Total pot $0.49 | Rake $0.02 | Jackpot $0 | Bingo $0 | Fortune $0 | Tax $0
Seat 1: d41712a4 folded before Flop (didn't bet)
Seat 2: Hero folded before Flop (didn't bet)
Seat 3: 739327a4 folded before Flop (didn't bet)
Seat 4: 2d07dcfc (button) folded before Flop
Seat 5: f381475f (small blind) folded before Flop
Seat 6: 9de4b3a (big blind) collected ($0.47)


Poker Hand #HD1848011467: Hold'em No Limit ($0.05/$0.1) - 2024/07/08 11:56:01
Table 'NLHRed13' 6-max Seat #3 is the button
Seat 1: d41712a4 ($9.9 in chips)
Seat 2: Hero ($26.94 in chips)
Seat 3: 739327a4 ($10.83 in chips)
Seat 4: 2d07dcfc ($10.97 in chips)
Seat 5: f381475f ($10.24 in chips)
Seat 6: 9de4b3a ($11.28 in chips)
2d07dcfc: posts small blind $0.05
f381475f: posts big blind $0.1
*** HOLE CARDS ***
Dealt to d41712a4 
Dealt to Hero [2s 7c]
Dealt to 739327a4 
Dealt to 2d07dcfc 
Dealt to f381475f 
Dealt to 9de4b3a 
9de4b3a: folds
d41712a4: folds
Hero: folds
739327a4: folds
2d07dcfc: folds
Uncalled bet ($0.05) returned to f381475f
*** SHOWDOWN ***
f381475f collected $0.1 from pot
*** SUMMARY ***
Total pot $0.1 | Rake $0 | Jackpot $0 | Bingo $0 | Fortune $0 | Tax $0
Seat 1: d41712a4 folded before Flop (didn't bet)
Seat 2: Hero folded before Flop (didn't bet)
Seat 3: 739327a4 (button) folded before Flop (didn't bet)
Seat 4: 2d07dcfc (small blind) folded before Flop
Seat 5: f381475f (big blind) collected ($0.1)
Seat 6: 9de4b3a folded before Flop (didn't bet)


Poker Hand #HD1848011434: Hold'em No Limit ($0.05/$0.1) - 2024/07/08 11:55:38
Table 'NLHRed13' 6-max Seat #2 is the button
Seat 1: d41712a4 ($10 in chips)
Seat 2: Hero ($26.94 in chips)
Seat 3: 739327a4 ($10.88 in chips)
Seat 4: 2d07dcfc ($11.07 in chips)
Seat 5: f381475f ($10 in chips)
Seat 6: 9de4b3a ($11.28 in chips)
739327a4: posts small blind $0.05
2d07dcfc: posts big blind $0.1
d41712a4: posts big blind $0.1
*** HOLE CARDS ***
Dealt to d41712a4 
Dealt to Hero [Tc 8d]
Dealt to 739327a4 
Dealt to 2d07dcfc 
Dealt to f381475f 
Dealt to 9de4b3a 
f381475f: raises $0.55 to $0.65
9de4b3a: folds
d41712a4: folds
Hero: folds
739327a4: folds
2d07dcfc: folds
Uncalled bet ($0.55) returned to f381475f
*** SHOWDOWN ***
f381475f collected $0.34 from pot
*** SUMMARY ***
Total pot $0.35 | Rake $0.01 | Jackpot $0 | Bingo $0 | Fortune $0 | Tax $0
Seat 1: d41712a4 folded before Flop
Seat 2: Hero (button) folded before Flop (didn't bet)
Seat 3: 739327a4 (small blind) folded before Flop
Seat 4: 2d07dcfc (big blind) folded before Flop
Seat 5: f381475f collected ($0.34)
Seat 6: 9de4b3a folded before Flop (didn't bet)


Poker Hand #HD1848011405: Hold'em No Limit ($0.05/$0.1) - 2024/07/08 11:55:19
Table 'NLHRed13' 6-max Seat #6 is the button
Seat 2: Hero ($26.99 in chips)
Seat 3: 739327a4 ($10.98 in chips)
Seat 4: 2d07dcfc ($11.07 in chips)
Seat 5: f381475f ($10 in chips)
Seat 6: 9de4b3a ($11.13 in chips)
Hero: posts small blind $0.05
739327a4: posts big blind $0.1
*** HOLE CARDS ***
Dealt to Hero [Ah 8c]
Dealt to 739327a4 
Dealt to 2d07dcfc 
Dealt to f381475f 
Dealt to 9de4b3a 
2d07dcfc: folds
f381475f: folds
9de4b3a: raises $0.15 to $0.25
Hero: folds
739327a4: folds
Uncalled bet ($0.15) returned to 9de4b3a
*** SHOWDOWN ***
9de4b3a collected $0.25 from pot
*** SUMMARY ***
Total pot $0.25 | Rake $0 | Jackpot $0 | Bingo $0 | Fortune $0 | Tax $0
Seat 2: Hero (small blind) folded before Flop
Seat 3: 739327a4 (big blind) folded before Flop
Seat 4: 2d07dcfc folded before Flop (didn't bet)
Seat 5: f381475f folded before Flop (didn't bet)
Seat 6: 9de4b3a (button) collected ($0.25)


Poker Hand #HD1848011283: Hold'em No Limit ($0.05/$0.1) - 2024/07/08 11:53:54
Table 'NLHRed13' 6-max Seat #5 is the button
Seat 2: Hero ($27.29 in chips)
Seat 3: 739327a4 ($10.98 in chips)
Seat 4: 2d07dcfc ($11.07 in chips)
Seat 5: f381475f ($10 in chips)
Seat 6: 9de4b3a ($10.86 in chips)
9de4b3a: posts small blind $0.05
Hero: posts big blind $0.1
*** HOLE CARDS ***
Dealt to Hero [As 5s]
Dealt to 739327a4 
Dealt to 2d07dcfc 
Dealt to f381475f 
Dealt to 9de4b3a 
739327a4: folds
2d07dcfc: folds
f381475f: folds
9de4b3a: raises $0.2 to $0.3
Hero: calls $0.2
*** FLOP *** [3h Jc Jd]
9de4b3a: checks
Hero: checks
*** TURN *** [3h Jc Jd] [7d]
9de4b3a: checks
Hero: checks
*** RIVER *** [3h Jc Jd 7d] [8s]
9de4b3a: checks
Hero: checks
9de4b3a: shows [4d 4c] (Pair of Jacks and Pair of Fours)
Hero: shows [As 5s] (Pair of Jacks)
*** SHOWDOWN ***
9de4b3a collected $0.57 from pot
*** SUMMARY ***
Total pot $0.6 | Rake $0.03 | Jackpot $0 | Bingo $0 | Fortune $0 | Tax $0
Board [3h Jc Jd 7d 8s]
Seat 2: Hero (big blind) showed [As 5s] and lost with Pair of Jacks
Seat 3: 739327a4 folded before Flop (didn't bet)
Seat 4: 2d07dcfc folded before Flop (didn't bet)
Seat 5: f381475f (button) folded before Flop (didn't bet)
Seat 6: 9de4b3a (small blind) showed [4d 4c] and won ($0.57) with Pair of Jacks and Pair of Fours


Poker Hand #HD1848011194: Hold'em No Limit ($0.05/$0.1) - 2024/07/08 11:52:45
Table 'NLHRed13' 6-max Seat #4 is the button
Seat 1: cc29f1ff ($10.48 in chips)
Seat 2: Hero ($25.08 in chips)
Seat 3: 739327a4 ($10.98 in chips)
Seat 4: 2d07dcfc ($11.07 in chips)
Seat 5: f381475f ($10.1 in chips)
Seat 6: 9de4b3a ($10.96 in chips)
f381475f: posts small blind $0.05
9de4b3a: posts big blind $0.1
*** HOLE CARDS ***
Dealt to cc29f1ff 
Dealt to Hero [Kc Jc]
Dealt to 739327a4 
Dealt to 2d07dcfc 
Dealt to f381475f 
Dealt to 9de4b3a 
cc29f1ff: folds
Hero: raises $0.1 to $0.2
739327a4: folds
2d07dcfc: folds
f381475f: raises $0.75 to $0.95
9de4b3a: folds
Hero: calls $0.75
*** FLOP *** [7s 4c 2c]
f381475f: bets $1.5
Hero: calls $1.5
*** TURN *** [7s 4c 2c] [9h]
f381475f: checks
Hero: bets $3
f381475f: folds
Uncalled bet ($3) returned to Hero
*** SHOWDOWN ***
Hero collected $4.66 from pot
*** SUMMARY ***
Total pot $5 | Rake $0.24 | Jackpot $0.1 | Bingo $0 | Fortune $0 | Tax $0
Board [7s 4c 2c 9h]
Seat 1: cc29f1ff folded before Flop (didn't bet)
Seat 2: Hero won ($4.66)
Seat 3: 739327a4 folded before Flop (didn't bet)
Seat 4: 2d07dcfc (button) folded before Flop (didn't bet)
Seat 5: f381475f (small blind) folded on the Turn
Seat 6: 9de4b3a (big blind) folded before Flop


Poker Hand #HD1848011144: Hold'em No Limit ($0.05/$0.1) - 2024/07/08 11:52:11
Table 'NLHRed13' 6-max Seat #3 is the button
Seat 1: cc29f1ff ($10.33 in chips)
Seat 2: Hero ($25.08 in chips)
Seat 3: 739327a4 ($10.98 in chips)
Seat 4: 2d07dcfc ($11.12 in chips)
Seat 5: f381475f ($10.2 in chips)
Seat 6: 9de4b3a ($10.96 in chips)
2d07dcfc: posts small blind $0.05
f381475f: posts big blind $0.1
*** HOLE CARDS ***
Dealt to cc29f1ff 
Dealt to Hero [4d Qh]
Dealt to 739327a4 
Dealt to 2d07dcfc 
Dealt to f381475f 
Dealt to 9de4b3a 
9de4b3a: folds
cc29f1ff: raises $0.15 to $0.25
Hero: folds
739327a4: folds
2d07dcfc: folds
f381475f: folds
Uncalled bet ($0.15) returned to cc29f1ff
*** SHOWDOWN ***
cc29f1ff collected $0.25 from pot
*** SUMMARY ***
Total pot $0.25 | Rake $0 | Jackpot $0 | Bingo $0 | Fortune $0 | Tax $0
Seat 1: cc29f1ff collected ($0.25)
Seat 2: Hero folded before Flop (didn't bet)
Seat 3: 739327a4 (button) folded before Flop (didn't bet)
Seat 4: 2d07dcfc (small blind) folded before Flop
Seat 5: f381475f (big blind) folded before Flop
Seat 6: 9de4b3a folded before Flop (didn't bet)


Poker Hand #HD1848011123: Hold'em No Limit ($0.05/$0.1) - 2024/07/08 11:51:55
Table 'NLHRed13' 6-max Seat #2 is the button
Seat 1: cc29f1ff ($10.33 in chips)
Seat 2: Hero ($25.08 in chips)
Seat 3: 739327a4 ($11.03 in chips)
Seat 4: 2d07dcfc ($11.22 in chips)
Seat 5: f381475f ($10.2 in chips)
Seat 6: 9de4b3a ($10.81 in chips)
739327a4: posts small blind $0.05
2d07dcfc: posts big blind $0.1
*** HOLE CARDS ***
Dealt to cc29f1ff 
Dealt to Hero [7c Td]
Dealt to 739327a4 
Dealt to 2d07dcfc 
Dealt to f381475f 
Dealt to 9de4b3a 
f381475f: folds
9de4b3a: raises $0.2 to $0.3
cc29f1ff: folds
Hero: folds
739327a4: folds
2d07dcfc: folds
Uncalled bet ($0.2) returned to 9de4b3a
*** SHOWDOWN ***
9de4b3a collected $0.25 from pot
*** SUMMARY ***
Total pot $0.25 | Rake $0 | Jackpot $0 | Bingo $0 | Fortune $0 | Tax $0
Seat 1: cc29f1ff folded before Flop (didn't bet)
Seat 2: Hero (button) folded before Flop (didn't bet)
Seat 3: 739327a4 (small blind) folded before Flop
Seat 4: 2d07dcfc (big blind) folded before Flop
Seat 5: f381475f folded before Flop (didn't bet)
Seat 6: 9de4b3a collected ($0.25)


Poker Hand #HD1848011092: Hold'em No Limit ($0.05/$0.1) - 2024/07/08 11:51:37
Table 'NLHRed13' 6-max Seat #1 is the button
Seat 1: cc29f1ff ($10.18 in chips)
Seat 2: Hero ($25.13 in chips)
Seat 3: 739327a4 ($11.13 in chips)
Seat 4: 2d07dcfc ($11.22 in chips)
Seat 5: f381475f ($10.2 in chips)
Seat 6: 9de4b3a ($10.81 in chips)
Hero: posts small blind $0.05
739327a4: posts big blind $0.1
*** HOLE CARDS ***
Dealt to cc29f1ff 
Dealt to Hero [Td Jh]
Dealt to 739327a4 
Dealt to 2d07dcfc 
Dealt to f381475f 
Dealt to 9de4b3a 
2d07dcfc: folds
f381475f: folds
9de4b3a: folds
cc29f1ff: raises $0.15 to $0.25
Hero: folds
739327a4: folds
Uncalled bet ($0.15) returned to cc29f1ff
*** SHOWDOWN ***
cc29f1ff collected $0.25 from pot
*** SUMMARY ***
Total pot $0.25 | Rake $0 | Jackpot $0 | Bingo $0 | Fortune $0 | Tax $0
Seat 1: cc29f1ff (button) collected ($0.25)
Seat 2: Hero (small blind) folded before Flop
Seat 3: 739327a4 (big blind) folded before Flop
Seat 4: 2d07dcfc folded before Flop (didn't bet)
Seat 5: f381475f folded before Flop (didn't bet)
Seat 6: 9de4b3a folded before Flop (didn't bet)


Poker Hand #HD1848011062: Hold'em No Limit ($0.05/$0.1) - 2024/07/08 11:51:16
Table 'NLHRed13' 6-max Seat #6 is the button
Seat 1: cc29f1ff ($10.23 in chips)
Seat 2: Hero ($25.23 in chips)
Seat 3: 739327a4 ($11.13 in chips)
Seat 4: 2d07dcfc ($11.07 in chips)
Seat 5: f381475f ($10.2 in chips)
Seat 6: 9de4b3a ($10.81 in chips)
cc29f1ff: posts small blind $0.05
Hero: posts big blind $0.1
*** HOLE CARDS ***
Dealt to cc29f1ff 
Dealt to Hero [4s Jd]
Dealt to 739327a4 
Dealt to 2d07dcfc 
Dealt to f381475f 
Dealt to 9de4b3a 
739327a4: folds
2d07dcfc: raises $0.15 to $0.25
f381475f: folds
9de4b3a: folds
cc29f1ff: folds
Hero: folds
Uncalled bet ($0.15) returned to 2d07dcfc
*** SHOWDOWN ***
2d07dcfc collected $0.25 from pot
*** SUMMARY ***
Total pot $0.25 | Rake $0 | Jackpot $0 | Bingo $0 | Fortune $0 | Tax $0
Seat 1: cc29f1ff (small blind) folded before Flop
Seat 2: Hero (big blind) folded before Flop
Seat 3: 739327a4 folded before Flop (didn't bet)
Seat 4: 2d07dcfc collected ($0.25)
Seat 5: f381475f folded before Flop (didn't bet)
Seat 6: 9de4b3a (button) folded before Flop (didn't bet)


Poker Hand #HD1848010943: Hold'em No Limit ($0.05/$0.1) - 2024/07/08 11:49:50
Table 'NLHRed13' 6-max Seat #5 is the button
Seat 1: cc29f1ff ($10.33 in chips)
Seat 2: Hero ($25.23 in chips)
Seat 3: 739327a4 ($10.04 in chips)
Seat 4: 2d07dcfc ($11.07 in chips)
Seat 5: f381475f ($10.2 in chips)
Seat 6: 9de4b3a ($11.91 in chips)
9de4b3a: posts small blind $0.05
cc29f1ff: posts big blind $0.1
*** HOLE CARDS ***
Dealt to cc29f1ff 
Dealt to Hero [Ac 3s]
Dealt to 739327a4 
Dealt to 2d07dcfc 
Dealt to f381475f 
Dealt to 9de4b3a 
Hero: folds
739327a4: raises $0.15 to $0.25
2d07dcfc: folds
f381475f: folds
9de4b3a: raises $0.85 to $1.1
cc29f1ff: folds
739327a4: raises $8.94 to $10.04 and is all-in
9de4b3a: folds
Uncalled bet ($8.94) returned to 739327a4
*** SHOWDOWN ***
739327a4 collected $2.19 from pot
*** SUMMARY ***
Total pot $2.3 | Rake $0.11 | Jackpot $0 | Bingo $0 | Fortune $0 | Tax $0
Seat 1: cc29f1ff (big blind) folded before Flop
Seat 2: Hero folded before Flop (didn't bet)
Seat 3: 739327a4 collected ($2.19)
Seat 4: 2d07dcfc folded before Flop (didn't bet)
Seat 5: f381475f (button) folded before Flop (didn't bet)
Seat 6: 9de4b3a (small blind) folded before Flop


Poker Hand #HD1848010918: Hold'em No Limit ($0.05/$0.1) - 2024/07/08 11:49:30
Table 'NLHRed13' 6-max Seat #4 is the button
Seat 1: cc29f1ff ($10.33 in chips)
Seat 2: Hero ($25.23 in chips)
Seat 3: 739327a4 ($10.04 in chips)
Seat 4: 2d07dcfc ($11.07 in chips)
Seat 5: f381475f ($10.25 in chips)
Seat 6: 9de4b3a ($11.86 in chips)
f381475f: posts small blind $0.05
9de4b3a: posts big blind $0.1
*** HOLE CARDS ***
Dealt to cc29f1ff 
Dealt to Hero [6d 7s]
Dealt to 739327a4 
Dealt to 2d07dcfc 
Dealt to f381475f 
Dealt to 9de4b3a 
cc29f1ff: folds
Hero: folds
739327a4: folds
2d07dcfc: folds
f381475f: folds
Uncalled bet ($0.05) returned to 9de4b3a
*** SHOWDOWN ***
9de4b3a collected $0.1 from pot
*** SUMMARY ***
Total pot $0.1 | Rake $0 | Jackpot $0 | Bingo $0 | Fortune $0 | Tax $0
Seat 1: cc29f1ff folded before Flop (didn't bet)
Seat 2: Hero folded before Flop (didn't bet)
Seat 3: 739327a4 folded before Flop (didn't bet)
Seat 4: 2d07dcfc (button) folded before Flop (didn't bet)
Seat 5: f381475f (small blind) folded before Flop
Seat 6: 9de4b3a (big blind) collected ($0.1)


Poker Hand #HD1848010899: Hold'em No Limit ($0.05/$0.1) - 2024/07/08 11:49:15
Table 'NLHRed13' 6-max Seat #3 is the button
Seat 1: cc29f1ff ($10.18 in chips)
Seat 2: Hero ($25.23 in chips)
Seat 3: 739327a4 ($10.04 in chips)
Seat 4: 2d07dcfc ($11.12 in chips)
Seat 5: f381475f ($10.35 in chips)
Seat 6: 9de4b3a ($11.86 in chips)
2d07dcfc: posts small blind $0.05
f381475f: posts big blind $0.1
*** HOLE CARDS ***
Dealt to cc29f1ff 
Dealt to Hero [6s 4d]
Dealt to 739327a4 
Dealt to 2d07dcfc 
Dealt to f381475f 
Dealt to 9de4b3a 
9de4b3a: folds
cc29f1ff: raises $0.15 to $0.25
Hero: folds
739327a4: folds
2d07dcfc: folds
f381475f: folds
Uncalled bet ($0.15) returned to cc29f1ff
*** SHOWDOWN ***
cc29f1ff collected $0.25 from pot
*** SUMMARY ***
Total pot $0.25 | Rake $0 | Jackpot $0 | Bingo $0 | Fortune $0 | Tax $0
Seat 1: cc29f1ff collected ($0.25)
Seat 2: Hero folded before Flop (didn't bet)
Seat 3: 739327a4 (button) folded before Flop (didn't bet)
Seat 4: 2d07dcfc (small blind) folded before Flop
Seat 5: f381475f (big blind) folded before Flop
Seat 6: 9de4b3a folded before Flop (didn't bet)


Poker Hand #HD1848010866: Hold'em No Limit ($0.05/$0.1) - 2024/07/08 11:48:52
Table 'NLHRed13' 6-max Seat #2 is the button
Seat 1: cc29f1ff ($10.18 in chips)
Seat 2: Hero ($25.08 in chips)
Seat 3: 739327a4 ($10.09 in chips)
Seat 4: 2d07dcfc ($11.22 in chips)
Seat 5: f381475f ($10.35 in chips)
Seat 6: 9de4b3a ($11.86 in chips)
739327a4: posts small blind $0.05
2d07dcfc: posts big blind $0.1
*** HOLE CARDS ***
Dealt to cc29f1ff 
Dealt to Hero [Td Kh]
Dealt to 739327a4 
Dealt to 2d07dcfc 
Dealt to f381475f 
Dealt to 9de4b3a 
f381475f: folds
9de4b3a: folds
cc29f1ff: folds
Hero: raises $0.14 to $0.24
739327a4: folds
2d07dcfc: folds
Uncalled bet ($0.14) returned to Hero
*** SHOWDOWN ***
Hero collected $0.25 from pot
*** SUMMARY ***
Total pot $0.25 | Rake $0 | Jackpot $0 | Bingo $0 | Fortune $0 | Tax $0
Seat 1: cc29f1ff folded before Flop (didn't bet)
Seat 2: Hero (button) collected ($0.25)
Seat 3: 739327a4 (small blind) folded before Flop
Seat 4: 2d07dcfc (big blind) folded before Flop
Seat 5: f381475f folded before Flop (didn't bet)
Seat 6: 9de4b3a folded before Flop (didn't bet)


Poker Hand #HD1848010844: Hold'em No Limit ($0.05/$0.1) - 2024/07/08 11:48:36
Table 'NLHRed13' 6-max Seat #1 is the button
Seat 1: cc29f1ff ($10.18 in chips)
Seat 2: Hero ($25.13 in chips)
Seat 3: 739327a4 ($10.19 in chips)
Seat 4: 2d07dcfc ($11.07 in chips)
Seat 5: f381475f ($10.35 in chips)
Seat 6: 9de4b3a ($11.86 in chips)
Hero: posts small blind $0.05
739327a4: posts big blind $0.1
*** HOLE CARDS ***
Dealt to cc29f1ff 
Dealt to Hero [Jc 8c]
Dealt to 739327a4 
Dealt to 2d07dcfc 
Dealt to f381475f 
Dealt to 9de4b3a 
2d07dcfc: raises $0.15 to $0.25
f381475f: folds
9de4b3a: folds
cc29f1ff: folds
Hero: folds
739327a4: folds
Uncalled bet ($0.15) returned to 2d07dcfc
*** SHOWDOWN ***
2d07dcfc collected $0.25 from pot
*** SUMMARY ***
Total pot $0.25 | Rake $0 | Jackpot $0 | Bingo $0 | Fortune $0 | Tax $0
Seat 1: cc29f1ff (button) folded before Flop (didn't bet)
Seat 2: Hero (small blind) folded before Flop
Seat 3: 739327a4 (big blind) folded before Flop
Seat 4: 2d07dcfc collected ($0.25)
Seat 5: f381475f folded before Flop (didn't bet)
Seat 6: 9de4b3a folded before Flop (didn't bet)


Poker Hand #HD1848010815: Hold'em No Limit ($0.05/$0.1) - 2024/07/08 11:48:18
Table 'NLHRed13' 6-max Seat #6 is the button
Seat 1: cc29f1ff ($10.23 in chips)
Seat 2: Hero ($25.23 in chips)
Seat 3: 739327a4 ($10.19 in chips)
Seat 4: 2d07dcfc ($11.07 in chips)
Seat 5: f381475f ($10.35 in chips)
Seat 6: 9de4b3a ($11.71 in chips)
cc29f1ff: posts small blind $0.05
Hero: posts big blind $0.1
*** HOLE CARDS ***
Dealt to cc29f1ff 
Dealt to Hero [As 8h]
Dealt to 739327a4 
Dealt to 2d07dcfc 
Dealt to f381475f 
Dealt to 9de4b3a 
739327a4: folds
2d07dcfc: folds
f381475f: folds
9de4b3a: raises $0.15 to $0.25
cc29f1ff: folds
Hero: folds
Uncalled bet ($0.15) returned to 9de4b3a
*** SHOWDOWN ***
9de4b3a collected $0.25 from pot
*** SUMMARY ***
Total pot $0.25 | Rake $0 | Jackpot $0 | Bingo $0 | Fortune $0 | Tax $0
Seat 1: cc29f1ff (small blind) folded before Flop
Seat 2: Hero (big blind) folded before Flop
Seat 3: 739327a4 folded before Flop (didn't bet)
Seat 4: 2d07dcfc folded before Flop (didn't bet)
Seat 5: f381475f folded before Flop (didn't bet)
Seat 6: 9de4b3a (button) collected ($0.25)


Poker Hand #HD1848010772: Hold'em No Limit ($0.05/$0.1) - 2024/07/08 11:47:44
Table 'NLHRed13' 6-max Seat #5 is the button
Seat 1: cc29f1ff ($10 in chips)
Seat 2: Hero ($25.43 in chips)
Seat 3: 739327a4 ($10.19 in chips)
Seat 4: 2d07dcfc ($11.07 in chips)
Seat 5: f381475f ($10.35 in chips)
Seat 6: 9de4b3a ($11.76 in chips)
9de4b3a: posts small blind $0.05
cc29f1ff: posts big blind $0.1
*** HOLE CARDS ***
Dealt to cc29f1ff 
Dealt to Hero [As Kc]
Dealt to 739327a4 
Dealt to 2d07dcfc 
Dealt to f381475f 
Dealt to 9de4b3a 
Hero: raises $0.1 to $0.2
739327a4: folds
2d07dcfc: folds
f381475f: folds
9de4b3a: folds
cc29f1ff: calls $0.1
*** FLOP *** [2c 2d 6s]
cc29f1ff: checks
Hero: checks
*** TURN *** [2c 2d 6s] [5s]
cc29f1ff: bets $0.3
Hero: folds
Uncalled bet ($0.3) returned to cc29f1ff
*** SHOWDOWN ***
cc29f1ff collected $0.43 from pot
*** SUMMARY ***
Total pot $0.45 | Rake $0.02 | Jackpot $0 | Bingo $0 | Fortune $0 | Tax $0
Board [2c 2d 6s 5s]
Seat 1: cc29f1ff (big blind) won ($0.43)
Seat 2: Hero folded on the Turn
Seat 3: 739327a4 folded before Flop (didn't bet)
Seat 4: 2d07dcfc folded before Flop (didn't bet)
Seat 5: f381475f (button) folded before Flop (didn't bet)
Seat 6: 9de4b3a (small blind) folded before Flop


Poker Hand #HD1848010739: Hold'em No Limit ($0.05/$0.1) - 2024/07/08 11:47:17
Table 'NLHRed13' 6-max Seat #4 is the button
Seat 2: Hero ($25.43 in chips)
Seat 3: 739327a4 ($10.19 in chips)
Seat 4: 2d07dcfc ($11.29 in chips)
Seat 5: f381475f ($10.05 in chips)
Seat 6: 9de4b3a ($11.86 in chips)
f381475f: posts small blind $0.05
9de4b3a: posts big blind $0.1
*** HOLE CARDS ***
Dealt to Hero [9h Qs]
Dealt to 739327a4 
Dealt to 2d07dcfc 
Dealt to f381475f 
Dealt to 9de4b3a 
Hero: folds
739327a4: folds
2d07dcfc: raises $0.12 to $0.22
f381475f: raises $0.83 to $1.05
9de4b3a: folds
2d07dcfc: folds
Uncalled bet ($0.83) returned to f381475f
*** SHOWDOWN ***
f381475f collected $0.52 from pot
*** SUMMARY ***
Total pot $0.54 | Rake $0.02 | Jackpot $0 | Bingo $0 | Fortune $0 | Tax $0
Seat 2: Hero folded before Flop (didn't bet)
Seat 3: 739327a4 folded before Flop (didn't bet)
Seat 4: 2d07dcfc (button) folded before Flop
Seat 5: f381475f (small blind) collected ($0.52)
Seat 6: 9de4b3a (big blind) folded before Flop


Poker Hand #HD1848010723: Hold'em No Limit ($0.05/$0.1) - 2024/07/08 11:47:05
Table 'NLHRed13' 6-max Seat #3 is the button
Seat 2: Hero ($25.43 in chips)
Seat 3: 739327a4 ($10.19 in chips)
Seat 4: 2d07dcfc ($11.34 in chips)
Seat 5: f381475f ($10 in chips)
Seat 6: 9de4b3a ($11.86 in chips)
2d07dcfc: posts small blind $0.05
f381475f: posts big blind $0.1
*** HOLE CARDS ***
Dealt to Hero [9h 2h]
Dealt to 739327a4 
Dealt to 2d07dcfc 
Dealt to f381475f 
Dealt to 9de4b3a 
9de4b3a: folds
Hero: folds
739327a4: folds
2d07dcfc: folds
Uncalled bet ($0.05) returned to f381475f
*** SHOWDOWN ***
f381475f collected $0.1 from pot
*** SUMMARY ***
Total pot $0.1 | Rake $0 | Jackpot $0 | Bingo $0 | Fortune $0 | Tax $0
Seat 2: Hero folded before Flop (didn't bet)
Seat 3: 739327a4 (button) folded before Flop (didn't bet)
Seat 4: 2d07dcfc (small blind) folded before Flop
Seat 5: f381475f (big blind) collected ($0.1)
Seat 6: 9de4b3a folded before Flop (didn't bet)


Poker Hand #HD1848010626: Hold'em No Limit ($0.05/$0.1) - 2024/07/08 11:45:52
Table 'NLHRed13' 6-max Seat #2 is the button
Seat 1: b78a5928 ($10 in chips)
Seat 2: Hero ($24.04 in chips)
Seat 3: 739327a4 ($10.24 in chips)
Seat 4: 2d07dcfc ($11.44 in chips)
Seat 5: f381475f ($10 in chips)
Seat 6: 9de4b3a ($11.86 in chips)
739327a4: posts small blind $0.05
2d07dcfc: posts big blind $0.1
*** HOLE CARDS ***
Dealt to b78a5928 
Dealt to Hero [Tc Th]
Dealt to 739327a4 
Dealt to 2d07dcfc 
Dealt to f381475f 
Dealt to 9de4b3a 
f381475f: raises $0.2 to $0.3
9de4b3a: folds
b78a5928: folds
Hero: raises $0.5 to $0.8
739327a4: folds
2d07dcfc: folds
f381475f: calls $0.5
*** FLOP *** [7d Kc 7s]
f381475f: checks
Hero: bets $0.58
f381475f: calls $0.58
*** TURN *** [7d Kc 7s] [4d]
f381475f: checks
Hero: checks
*** RIVER *** [7d Kc 7s 4d] [2c]
f381475f: checks
Hero: bets $1.1
f381475f: folds
Uncalled bet ($1.1) returned to Hero
*** SHOWDOWN ***
Hero collected $2.77 from pot
*** SUMMARY ***
Total pot $2.91 | Rake $0.14 | Jackpot $0 | Bingo $0 | Fortune $0 | Tax $0
Board [7d Kc 7s 4d 2c]
Seat 1: b78a5928 folded before Flop (didn't bet)
Seat 2: Hero (button) won ($2.77)
Seat 3: 739327a4 (small blind) folded before Flop
Seat 4: 2d07dcfc (big blind) folded before Flop
Seat 5: f381475f folded on the River
Seat 6: 9de4b3a folded before Flop (didn't bet)


Poker Hand #HD1848010545: Hold'em No Limit ($0.05/$0.1) - 2024/07/08 11:44:59
Table 'NLHRed13' 6-max Seat #1 is the button
Seat 1: b78a5928 ($10 in chips)
Seat 2: Hero ($24.09 in chips)
Seat 3: 739327a4 ($10.54 in chips)
Seat 4: 2d07dcfc ($11.44 in chips)
Seat 5: f381475f ($10 in chips)
Seat 6: 9de4b3a ($10.97 in chips)
Hero: posts small blind $0.05
739327a4: posts big blind $0.1
*** HOLE CARDS ***
Dealt to b78a5928 
Dealt to Hero [6s Kd]
Dealt to 739327a4 
Dealt to 2d07dcfc 
Dealt to f381475f 
Dealt to 9de4b3a 
2d07dcfc: folds
f381475f: raises $0.2 to $0.3
9de4b3a: calls $0.3
b78a5928: calls $0.3
Hero: folds
739327a4: calls $0.2
*** FLOP *** [Kh 9s 5d]
739327a4: checks
f381475f: checks
9de4b3a: checks
b78a5928: checks
*** TURN *** [Kh 9s 5d] [3s]
739327a4: checks
f381475f: checks
9de4b3a: bets $0.94
b78a5928: folds
739327a4: folds
f381475f: folds
Uncalled bet ($0.94) returned to 9de4b3a
*** SHOWDOWN ***
9de4b3a collected $1.19 from pot
*** SUMMARY ***
Total pot $1.25 | Rake $0.06 | Jackpot $0 | Bingo $0 | Fortune $0 | Tax $0
Board [Kh 9s 5d 3s]
Seat 1: b78a5928 (button) folded on the Turn
Seat 2: Hero (small blind) folded before Flop
Seat 3: 739327a4 (big blind) folded on the Turn
Seat 4: 2d07dcfc folded before Flop (didn't bet)
Seat 5: f381475f folded on the Turn
Seat 6: 9de4b3a won ($1.19)


Poker Hand #HD1848010500: Hold'em No Limit ($0.05/$0.1) - 2024/07/08 11:44:28
Table 'NLHRed13' 6-max Seat #6 is the button
Seat 1: b78a5928 ($10.05 in chips)
Seat 2: Hero ($24.19 in chips)
Seat 3: 739327a4 ($10.79 in chips)
Seat 4: 2d07dcfc ($11.44 in chips)
Seat 5: f381475f ($10 in chips)
Seat 6: 9de4b3a ($10.6 in chips)
b78a5928: posts small blind $0.05
Hero: posts big blind $0.1
*** HOLE CARDS ***
Dealt to b78a5928 
Dealt to Hero [6d 8h]
Dealt to 739327a4 
Dealt to 2d07dcfc 
Dealt to f381475f 
Dealt to 9de4b3a 
739327a4: raises $0.15 to $0.25
2d07dcfc: folds
f381475f: folds
9de4b3a: calls $0.25
b78a5928: folds
Hero: folds
*** FLOP *** [3s As Js]
739327a4: checks
9de4b3a: bets $0.33
739327a4: folds
Uncalled bet ($0.33) returned to 9de4b3a
*** SHOWDOWN ***
9de4b3a collected $0.62 from pot
*** SUMMARY ***
Total pot $0.65 | Rake $0.03 | Jackpot $0 | Bingo $0 | Fortune $0 | Tax $0
Board [3s As Js]
Seat 1: b78a5928 (small blind) folded before Flop
Seat 2: Hero (big blind) folded before Flop
Seat 3: 739327a4 folded on the Flop
Seat 4: 2d07dcfc folded before Flop (didn't bet)
Seat 5: f381475f folded before Flop (didn't bet)
Seat 6: 9de4b3a (button) won ($0.62)


Poker Hand #HD1848010486: Hold'em No Limit ($0.05/$0.1) - 2024/07/08 11:44:20
Table 'NLHRed13' 6-max Seat #5 is the button
Seat 1: b78a5928 ($10 in chips)
Seat 2: Hero ($24.19 in chips)
Seat 3: 739327a4 ($10.79 in chips)
Seat 4: 2d07dcfc ($11.44 in chips)
Seat 5: f381475f ($10 in chips)
Seat 6: 9de4b3a ($10.65 in chips)
9de4b3a: posts small blind $0.05
b78a5928: posts big blind $0.1
*** HOLE CARDS ***
Dealt to b78a5928 
Dealt to Hero [Kh 9d]
Dealt to 739327a4 
Dealt to 2d07dcfc 
Dealt to f381475f 
Dealt to 9de4b3a 
Hero: folds
739327a4: folds
2d07dcfc: folds
f381475f: folds
9de4b3a: folds
Uncalled bet ($0.05) returned to b78a5928
*** SHOWDOWN ***
b78a5928 collected $0.1 from pot
*** SUMMARY ***
Total pot $0.1 | Rake $0 | Jackpot $0 | Bingo $0 | Fortune $0 | Tax $0
Seat 1: b78a5928 (big blind) collected ($0.1)
Seat 2: Hero folded before Flop (didn't bet)
Seat 3: 739327a4 folded before Flop (didn't bet)
Seat 4: 2d07dcfc folded before Flop (didn't bet)
Seat 5: f381475f (button) folded before Flop (didn't bet)
Seat 6: 9de4b3a (small blind) folded before Flop


Poker Hand #HD1848010377: Hold'em No Limit ($0.05/$0.1) - 2024/07/08 11:43:05
Table 'NLHRed13' 6-max Seat #4 is the button
Seat 1: b78a5928 ($10 in chips)
Seat 2: Hero ($24.19 in chips)
Seat 3: 739327a4 ($10.79 in chips)
Seat 4: 2d07dcfc ($11.05 in chips)
Seat 5: f381475f ($10.05 in chips)
Seat 6: 9de4b3a ($11.03 in chips)
f381475f: posts small blind $0.05
9de4b3a: posts big blind $0.1
*** HOLE CARDS ***
Dealt to b78a5928 
Dealt to Hero [Ks Td]
Dealt to 739327a4 
Dealt to 2d07dcfc 
Dealt to f381475f 
Dealt to 9de4b3a 
b78a5928: folds
Hero: folds
739327a4: folds
2d07dcfc: raises $0.12 to $0.22
f381475f: folds
9de4b3a: calls $0.12
*** FLOP *** [Js Qh 3d]
9de4b3a: checks
2d07dcfc: checks
*** TURN *** [Js Qh 3d] [2c]
9de4b3a: checks
2d07dcfc: bets $0.16
9de4b3a: calls $0.16
*** RIVER *** [Js Qh 3d 2c] [3h]
9de4b3a: checks
2d07dcfc: bets $0.41
9de4b3a: folds
Uncalled bet ($0.41) returned to 2d07dcfc
*** SHOWDOWN ***
2d07dcfc collected $0.77 from pot
*** SUMMARY ***
Total pot $0.81 | Rake $0.04 | Jackpot $0 | Bingo $0 | Fortune $0 | Tax $0
Board [Js Qh 3d 2c 3h]
Seat 1: b78a5928 folded before Flop (didn't bet)
Seat 2: Hero folded before Flop (didn't bet)
Seat 3: 739327a4 folded before Flop (didn't bet)
Seat 4: 2d07dcfc (button) won ($0.77)
Seat 5: f381475f (small blind) folded before Flop
Seat 6: 9de4b3a (big blind) folded on the River


Poker Hand #HD1848010340: Hold'em No Limit ($0.05/$0.1) - 2024/07/08 11:42:41
Table 'NLHRed13' 6-max Seat #3 is the button
Seat 1: b78a5928 ($10 in chips)
Seat 2: Hero ($24.04 in chips)
Seat 3: 739327a4 ($10.79 in chips)
Seat 4: 2d07dcfc ($11.1 in chips)
Seat 5: f381475f ($10.15 in chips)
Seat 6: 9de4b3a ($11.03 in chips)
2d07dcfc: posts small blind $0.05
f381475f: posts big blind $0.1
*** HOLE CARDS ***
Dealt to b78a5928 
Dealt to Hero [Qh Ac]
Dealt to 739327a4 
Dealt to 2d07dcfc 
Dealt to f381475f 
Dealt to 9de4b3a 
9de4b3a: folds
b78a5928: folds
Hero: raises $0.14 to $0.24
739327a4: folds
2d07dcfc: folds
f381475f: folds
Uncalled bet ($0.14) returned to Hero
*** SHOWDOWN ***
Hero collected $0.25 from pot
*** SUMMARY ***
Total pot $0.25 | Rake $0 | Jackpot $0 | Bingo $0 | Fortune $0 | Tax $0
Seat 1: b78a5928 folded before Flop (didn't bet)
Seat 2: Hero collected ($0.25)
Seat 3: 739327a4 (button) folded before Flop (didn't bet)
Seat 4: 2d07dcfc (small blind) folded before Flop
Seat 5: f381475f (big blind) folded before Flop
Seat 6: 9de4b3a folded before Flop (didn't bet)


Poker Hand #HD1848010317: Hold'em No Limit ($0.05/$0.1) - 2024/07/08 11:42:24
Table 'NLHRed13' 6-max Seat #2 is the button
Seat 1: b78a5928 ($10 in chips)
Seat 2: Hero ($24.04 in chips)
Seat 3: 739327a4 ($10.84 in chips)
Seat 4: 2d07dcfc ($11.2 in chips)
Seat 5: f381475f ($10 in chips)
Seat 6: 9de4b3a ($11.03 in chips)
739327a4: posts small blind $0.05
2d07dcfc: posts big blind $0.1
*** HOLE CARDS ***
Dealt to b78a5928 
Dealt to Hero [2c 8s]
Dealt to 739327a4 
Dealt to 2d07dcfc 
Dealt to f381475f 
Dealt to 9de4b3a 
f381475f: raises $0.2 to $0.3
9de4b3a: folds
b78a5928: folds
Hero: folds
739327a4: folds
2d07dcfc: folds
Uncalled bet ($0.2) returned to f381475f
*** SHOWDOWN ***
f381475f collected $0.25 from pot
*** SUMMARY ***
Total pot $0.25 | Rake $0 | Jackpot $0 | Bingo $0 | Fortune $0 | Tax $0
Seat 1: b78a5928 folded before Flop (didn't bet)
Seat 2: Hero (button) folded before Flop (didn't bet)
Seat 3: 739327a4 (small blind) folded before Flop
Seat 4: 2d07dcfc (big blind) folded before Flop
Seat 5: f381475f collected ($0.25)
Seat 6: 9de4b3a folded before Flop (didn't bet)


Poker Hand #HD1848010298: Hold'em No Limit ($0.05/$0.1) - 2024/07/08 11:42:13
Table 'NLHRed13' 6-max Seat #1 is the button
Seat 1: b78a5928 ($10 in chips)
Seat 2: Hero ($24.09 in chips)
Seat 3: 739327a4 ($10.79 in chips)
Seat 4: 2d07dcfc ($11.2 in chips)
Seat 5: f381475f ($10 in chips)
Seat 6: 9de4b3a ($11.03 in chips)
Hero: posts small blind $0.05
739327a4: posts big blind $0.1
*** HOLE CARDS ***
Dealt to b78a5928 
Dealt to Hero [Js 4d]
Dealt to 739327a4 
Dealt to 2d07dcfc 
Dealt to f381475f 
Dealt to 9de4b3a 
2d07dcfc: folds
f381475f: folds
9de4b3a: folds
b78a5928: folds
Hero: folds
Uncalled bet ($0.05) returned to 739327a4
*** SHOWDOWN ***
739327a4 collected $0.1 from pot
*** SUMMARY ***
Total pot $0.1 | Rake $0 | Jackpot $0 | Bingo $0 | Fortune $0 | Tax $0
Seat 1: b78a5928 (button) folded before Flop (didn't bet)
Seat 2: Hero (small blind) folded before Flop
Seat 3: 739327a4 (big blind) collected ($0.1)
Seat 4: 2d07dcfc folded before Flop (didn't bet)
Seat 5: f381475f folded before Flop (didn't bet)
Seat 6: 9de4b3a folded before Flop (didn't bet)


Poker Hand #HD1848010215: Hold'em No Limit ($0.05/$0.1) - 2024/07/08 11:41:06
Table 'NLHRed13' 6-max Seat #6 is the button
Seat 1: b78a5928 ($10.05 in chips)
Seat 2: Hero ($23.48 in chips)
Seat 3: 739327a4 ($10.79 in chips)
Seat 4: 2d07dcfc ($11.64 in chips)
Seat 5: f381475f ($10 in chips)
Seat 6: 9de4b3a ($11.03 in chips)
b78a5928: posts small blind $0.05
Hero: posts big blind $0.1
*** HOLE CARDS ***
Dealt to b78a5928 
Dealt to Hero [Jh 9h]
Dealt to 739327a4 
Dealt to 2d07dcfc 
Dealt to f381475f 
Dealt to 9de4b3a 
739327a4: folds
2d07dcfc: raises $0.12 to $0.22
f381475f: folds
9de4b3a: folds
b78a5928: calls $0.17
Hero: calls $0.12
*** FLOP *** [7s Th 8s]
b78a5928: checks
Hero: checks
2d07dcfc: checks
*** TURN *** [7s Th 8s] [Qh]
b78a5928: checks
Hero: bets $0.22
2d07dcfc: calls $0.22
b78a5928: folds
*** RIVER *** [7s Th 8s Qh] [Qs]
Hero: bets $0.6
2d07dcfc: folds
Uncalled bet ($0.6) returned to Hero
*** SHOWDOWN ***
Hero collected $1.05 from pot
*** SUMMARY ***
Total pot $1.1 | Rake $0.05 | Jackpot $0 | Bingo $0 | Fortune $0 | Tax $0
Board [7s Th 8s Qh Qs]
Seat 1: b78a5928 (small blind) folded on the Turn
Seat 2: Hero (big blind) won ($1.05)
Seat 3: 739327a4 folded before Flop (didn't bet)
Seat 4: 2d07dcfc folded on the River
Seat 5: f381475f folded before Flop (didn't bet)
Seat 6: 9de4b3a (button) folded before Flop (didn't bet)


Poker Hand #HD1848010197: Hold'em No Limit ($0.05/$0.1) - 2024/07/08 11:40:52
Table 'NLHRed13' 6-max Seat #5 is the button
Seat 1: b78a5928 ($10 in chips)
Seat 2: Hero ($23.48 in chips)
Seat 3: 739327a4 ($10.79 in chips)
Seat 4: 2d07dcfc ($11.64 in chips)
Seat 5: f381475f ($10 in chips)
Seat 6: 9de4b3a ($11.08 in chips)
9de4b3a: posts small blind $0.05
b78a5928: posts big blind $0.1
*** HOLE CARDS ***
Dealt to b78a5928 
Dealt to Hero [4d Qd]
Dealt to 739327a4 
Dealt to 2d07dcfc 
Dealt to f381475f 
Dealt to 9de4b3a 
Hero: folds
739327a4: folds
2d07dcfc: folds
f381475f: folds
9de4b3a: folds
Uncalled bet ($0.05) returned to b78a5928
*** SHOWDOWN ***
b78a5928 collected $0.1 from pot
*** SUMMARY ***
Total pot $0.1 | Rake $0 | Jackpot $0 | Bingo $0 | Fortune $0 | Tax $0
Seat 1: b78a5928 (big blind) collected ($0.1)
Seat 2: Hero folded before Flop (didn't bet)
Seat 3: 739327a4 folded before Flop (didn't bet)
Seat 4: 2d07dcfc folded before Flop (didn't bet)
Seat 5: f381475f (button) folded before Flop (didn't bet)
Seat 6: 9de4b3a (small blind) folded before Flop


Poker Hand #HD1848010148: Hold'em No Limit ($0.05/$0.1) - 2024/07/08 11:40:17
Table 'NLHRed13' 6-max Seat #4 is the button
Seat 1: b78a5928 ($10 in chips)
Seat 2: Hero ($23.48 in chips)
Seat 3: 739327a4 ($9.66 in chips)
Seat 4: 2d07dcfc ($11.64 in chips)
Seat 5: f381475f ($10 in chips)
Seat 6: 9de4b3a ($11.18 in chips)
f381475f: posts small blind $0.05
9de4b3a: posts big blind $0.1
*** HOLE CARDS ***
Dealt to b78a5928 
Dealt to Hero [Qd 3h]
Dealt to 739327a4 
Dealt to 2d07dcfc 
Dealt to f381475f 
Dealt to 9de4b3a 
b78a5928: folds
Hero: folds
739327a4: raises $0.15 to $0.25
2d07dcfc: folds
f381475f: raises $0.9 to $1.15
9de4b3a: folds
739327a4: raises $8.51 to $9.66 and is all-in
f381475f: folds
Uncalled bet ($8.51) returned to 739327a4
*** SHOWDOWN ***
739327a4 collected $2.28 from pot
*** SUMMARY ***
Total pot $2.4 | Rake $0.12 | Jackpot $0 | Bingo $0 | Fortune $0 | Tax $0
Seat 1: b78a5928 folded before Flop (didn't bet)
Seat 2: Hero folded before Flop (didn't bet)
Seat 3: 739327a4 collected ($2.28)
Seat 4: 2d07dcfc (button) folded before Flop (didn't bet)
Seat 5: f381475f (small blind) folded before Flop
Seat 6: 9de4b3a (big blind) folded before Flop


Poker Hand #HD1848010124: Hold'em No Limit ($0.05/$0.1) - 2024/07/08 11:40:01
Table 'NLHRed13' 6-max Seat #3 is the button
Seat 1: b78a5928 ($10 in chips)
Seat 2: Hero ($23.33 in chips)
Seat 3: 739327a4 ($9.66 in chips)
Seat 4: 2d07dcfc ($11.69 in chips)
Seat 5: f381475f ($10 in chips)
Seat 6: 9de4b3a ($11.18 in chips)
2d07dcfc: posts small blind $0.05
f381475f: posts big blind $0.1
*** HOLE CARDS ***
Dealt to b78a5928 
Dealt to Hero [6c 6s]
Dealt to 739327a4 
Dealt to 2d07dcfc 
Dealt to f381475f 
Dealt to 9de4b3a 
9de4b3a: folds
b78a5928: folds
Hero: raises $0.14 to $0.24
739327a4: folds
2d07dcfc: folds
f381475f: folds
Uncalled bet ($0.14) returned to Hero
*** SHOWDOWN ***
Hero collected $0.25 from pot
*** SUMMARY ***
Total pot $0.25 | Rake $0 | Jackpot $0 | Bingo $0 | Fortune $0 | Tax $0
Seat 1: b78a5928 folded before Flop (didn't bet)
Seat 2: Hero collected ($0.25)
Seat 3: 739327a4 (button) folded before Flop (didn't bet)
Seat 4: 2d07dcfc (small blind) folded before Flop
Seat 5: f381475f (big blind) folded before Flop
Seat 6: 9de4b3a folded before Flop (didn't bet)


Poker Hand #HD1848010106: Hold'em No Limit ($0.05/$0.1) - 2024/07/08 11:39:49
Table 'NLHRed13' 6-max Seat #2 is the button
Seat 1: b78a5928 ($10 in chips)
Seat 2: Hero ($23.33 in chips)
Seat 3: 739327a4 ($9.71 in chips)
Seat 4: 2d07dcfc ($11.64 in chips)
Seat 5: f381475f ($10 in chips)
Seat 6: 9de4b3a ($11.18 in chips)
739327a4: posts small blind $0.05
2d07dcfc: posts big blind $0.1
*** HOLE CARDS ***
Dealt to b78a5928 
Dealt to Hero [4d 6h]
Dealt to 739327a4 
Dealt to 2d07dcfc 
Dealt to f381475f 
Dealt to 9de4b3a 
f381475f: folds
9de4b3a: folds
b78a5928: folds
Hero: folds
739327a4: folds
Uncalled bet ($0.05) returned to 2d07dcfc
*** SHOWDOWN ***
2d07dcfc collected $0.1 from pot
*** SUMMARY ***
Total pot $0.1 | Rake $0 | Jackpot $0 | Bingo $0 | Fortune $0 | Tax $0
Seat 1: b78a5928 folded before Flop (didn't bet)
Seat 2: Hero (button) folded before Flop (didn't bet)
Seat 3: 739327a4 (small blind) folded before Flop
Seat 4: 2d07dcfc (big blind) collected ($0.1)
Seat 5: f381475f folded before Flop (didn't bet)
Seat 6: 9de4b3a folded before Flop (didn't bet)


Poker Hand #HD1848010087: Hold'em No Limit ($0.05/$0.1) - 2024/07/08 11:39:34
Table 'NLHRed13' 6-max Seat #1 is the button
Seat 1: b78a5928 ($10 in chips)
Seat 2: Hero ($23.38 in chips)
Seat 3: 739327a4 ($9.66 in chips)
Seat 4: 2d07dcfc ($11.64 in chips)
Seat 5: f381475f ($10 in chips)
Seat 6: 9de4b3a ($11.18 in chips)
Hero: posts small blind $0.05
739327a4: posts big blind $0.1
*** HOLE CARDS ***
Dealt to b78a5928 
Dealt to Hero [9s 5h]
Dealt to 739327a4 
Dealt to 2d07dcfc 
Dealt to f381475f 
Dealt to 9de4b3a 
2d07dcfc: folds
f381475f: folds
9de4b3a: folds
b78a5928: folds
Hero: folds
Uncalled bet ($0.05) returned to 739327a4
*** SHOWDOWN ***
739327a4 collected $0.1 from pot
*** SUMMARY ***
Total pot $0.1 | Rake $0 | Jackpot $0 | Bingo $0 | Fortune $0 | Tax $0
Seat 1: b78a5928 (button) folded before Flop (didn't bet)
Seat 2: Hero (small blind) folded before Flop
Seat 3: 739327a4 (big blind) collected ($0.1)
Seat 4: 2d07dcfc folded before Flop (didn't bet)
Seat 5: f381475f folded before Flop (didn't bet)
Seat 6: 9de4b3a folded before Flop (didn't bet)


Poker Hand #HD1848010056: Hold'em No Limit ($0.05/$0.1) - 2024/07/08 11:39:15
Table 'NLHRed13' 6-max Seat #6 is the button
Seat 1: b78a5928 ($10 in chips)
Seat 2: Hero ($23.48 in chips)
Seat 3: 739327a4 ($9.51 in chips)
Seat 4: 2d07dcfc ($11.64 in chips)
Seat 5: f381475f ($10 in chips)
Seat 6: 9de4b3a ($11.18 in chips)
b78a5928: posts small blind $0.05
Hero: posts big blind $0.1
*** HOLE CARDS ***
Dealt to b78a5928 
Dealt to Hero [5c Jc]
Dealt to 739327a4 
Dealt to 2d07dcfc 
Dealt to f381475f 
Dealt to 9de4b3a 
739327a4: raises $0.15 to $0.25
2d07dcfc: folds
f381475f: folds
9de4b3a: folds
b78a5928: folds
Hero: folds
Uncalled bet ($0.15) returned to 739327a4
*** SHOWDOWN ***
739327a4 collected $0.25 from pot
*** SUMMARY ***
Total pot $0.25 | Rake $0 | Jackpot $0 | Bingo $0 | Fortune $0 | Tax $0
Seat 1: b78a5928 (small blind) folded before Flop
Seat 2: Hero (big blind) folded before Flop
Seat 3: 739327a4 collected ($0.25)
Seat 4: 2d07dcfc folded before Flop (didn't bet)
Seat 5: f381475f folded before Flop (didn't bet)
Seat 6: 9de4b3a (button) folded before Flop (didn't bet)


Poker Hand #HD1848010032: Hold'em No Limit ($0.05/$0.1) - 2024/07/08 11:38:55
Table 'NLHRed13' 6-max Seat #5 is the button
Seat 1: b78a5928 ($10 in chips)
Seat 2: Hero ($23.48 in chips)
Seat 3: 739327a4 ($9.51 in chips)
Seat 4: 2d07dcfc ($11.64 in chips)
Seat 5: f381475f ($10 in chips)
Seat 6: 9de4b3a ($11.08 in chips)
9de4b3a: posts small blind $0.05
b78a5928: posts big blind $0.1
*** HOLE CARDS ***
Dealt to b78a5928 
Dealt to Hero [Js 2h]
Dealt to 739327a4 
Dealt to 2d07dcfc 
Dealt to f381475f 
Dealt to 9de4b3a 
Hero: folds
739327a4: folds
2d07dcfc: folds
f381475f: folds
9de4b3a: raises $0.2 to $0.3
b78a5928: folds
Uncalled bet ($0.2) returned to 9de4b3a
*** SHOWDOWN ***
9de4b3a collected $0.2 from pot
*** SUMMARY ***
Total pot $0.2 | Rake $0 | Jackpot $0 | Bingo $0 | Fortune $0 | Tax $0
Seat 1: b78a5928 (big blind) folded before Flop
Seat 2: Hero folded before Flop (didn't bet)
Seat 3: 739327a4 folded before Flop (didn't bet)
Seat 4: 2d07dcfc folded before Flop (didn't bet)
Seat 5: f381475f (button) folded before Flop (didn't bet)
Seat 6: 9de4b3a (small blind) collected ($0.2)


Poker Hand #HD1848010007: Hold'em No Limit ($0.05/$0.1) - 2024/07/08 11:38:36
Table 'NLHRed13' 6-max Seat #4 is the button
Seat 1: b78a5928 ($10 in chips)
Seat 2: Hero ($23.48 in chips)
Seat 3: 739327a4 ($9.51 in chips)
Seat 4: 2d07dcfc ($11.49 in chips)
Seat 5: f381475f ($10 in chips)
Seat 6: 9de4b3a ($11.18 in chips)
f381475f: posts small blind $0.05
9de4b3a: posts big blind $0.1
*** HOLE CARDS ***
Dealt to b78a5928 
Dealt to Hero [Th 6s]
Dealt to 739327a4 
Dealt to 2d07dcfc 
Dealt to f381475f 
Dealt to 9de4b3a 
b78a5928: folds
Hero: folds
739327a4: folds
2d07dcfc: raises $0.12 to $0.22
f381475f: folds
9de4b3a: folds
Uncalled bet ($0.12) returned to 2d07dcfc
*** SHOWDOWN ***
2d07dcfc collected $0.25 from pot
*** SUMMARY ***
Total pot $0.25 | Rake $0 | Jackpot $0 | Bingo $0 | Fortune $0 | Tax $0
Seat 1: b78a5928 folded before Flop (didn't bet)
Seat 2: Hero folded before Flop (didn't bet)
Seat 3: 739327a4 folded before Flop (didn't bet)
Seat 4: 2d07dcfc (button) collected ($0.25)
Seat 5: f381475f (small blind) folded before Flop
Seat 6: 9de4b3a (big blind) folded before Flop


Poker Hand #HD1848009978: Hold'em No Limit ($0.05/$0.1) - 2024/07/08 11:38:16
Table 'NLHRed13' 6-max Seat #3 is the button
Seat 1: b78a5928 ($10 in chips)
Seat 2: Hero ($23.48 in chips)
Seat 3: 739327a4 ($9.51 in chips)
Seat 4: 2d07dcfc ($11.39 in chips)
Seat 5: f381475f ($10 in chips)
Seat 6: 9de4b3a ($11.18 in chips)
2d07dcfc: posts small blind $0.05
f381475f: posts big blind $0.1
*** HOLE CARDS ***
Dealt to b78a5928 
Dealt to Hero [6d 8s]
Dealt to 739327a4 
Dealt to 2d07dcfc 
Dealt to f381475f 
Dealt to 9de4b3a 
9de4b3a: folds
b78a5928: folds
Hero: folds
739327a4: folds
2d07dcfc: raises $0.2 to $0.3
f381475f: folds
Uncalled bet ($0.2) returned to 2d07dcfc
*** SHOWDOWN ***
2d07dcfc collected $0.2 from pot
*** SUMMARY ***
Total pot $0.2 | Rake $0 | Jackpot $0 | Bingo $0 | Fortune $0 | Tax $0
Seat 1: b78a5928 folded before Flop (didn't bet)
Seat 2: Hero folded before Flop (didn't bet)
Seat 3: 739327a4 (button) folded before Flop (didn't bet)
Seat 4: 2d07dcfc (small blind) collected ($0.2)
Seat 5: f381475f (big blind) folded before Flop
Seat 6: 9de4b3a folded before Flop (didn't bet)


Poker Hand #HD1848009958: Hold'em No Limit ($0.05/$0.1) - 2024/07/08 11:38:01
Table 'NLHRed13' 6-max Seat #2 is the button
Seat 1: b78a5928 ($10 in chips)
Seat 2: Hero ($23.48 in chips)
Seat 3: 739327a4 ($9.41 in chips)
Seat 4: 2d07dcfc ($11.49 in chips)
Seat 5: f381475f ($10 in chips)
Seat 6: 9de4b3a ($11.18 in chips)
739327a4: posts small blind $0.05
2d07dcfc: posts big blind $0.1
*** HOLE CARDS ***
Dealt to b78a5928 
Dealt to Hero [Jc 4c]
Dealt to 739327a4 
Dealt to 2d07dcfc 
Dealt to f381475f 
Dealt to 9de4b3a 
f381475f: folds
9de4b3a: folds
b78a5928: folds
Hero: folds
739327a4: raises $0.15 to $0.25
2d07dcfc: folds
Uncalled bet ($0.15) returned to 739327a4
*** SHOWDOWN ***
739327a4 collected $0.2 from pot
*** SUMMARY ***
Total pot $0.2 | Rake $0 | Jackpot $0 | Bingo $0 | Fortune $0 | Tax $0
Seat 1: b78a5928 folded before Flop (didn't bet)
Seat 2: Hero (button) folded before Flop (didn't bet)
Seat 3: 739327a4 (small blind) collected ($0.2)
Seat 4: 2d07dcfc (big blind) folded before Flop
Seat 5: f381475f folded before Flop (didn't bet)
Seat 6: 9de4b3a folded before Flop (didn't bet)


Poker Hand #HD1848009932: Hold'em No Limit ($0.05/$0.1) - 2024/07/08 11:37:44
Table 'NLHRed13' 6-max Seat #1 is the button
Seat 1: b78a5928 ($10 in chips)
Seat 2: Hero ($23.53 in chips)
Seat 3: 739327a4 ($9.36 in chips)
Seat 4: 2d07dcfc ($11.49 in chips)
Seat 5: f381475f ($10 in chips)
Seat 6: 9de4b3a ($11.18 in chips)
Hero: posts small blind $0.05
739327a4: posts big blind $0.1
*** HOLE CARDS ***
Dealt to b78a5928 
Dealt to Hero [7s 5h]
Dealt to 739327a4 
Dealt to 2d07dcfc 
Dealt to f381475f 
Dealt to 9de4b3a 
2d07dcfc: folds
f381475f: folds
9de4b3a: folds
b78a5928: folds
Hero: folds
Uncalled bet ($0.05) returned to 739327a4
*** SHOWDOWN ***
739327a4 collected $0.1 from pot
*** SUMMARY ***
Total pot $0.1 | Rake $0 | Jackpot $0 | Bingo $0 | Fortune $0 | Tax $0
Seat 1: b78a5928 (button) folded before Flop (didn't bet)
Seat 2: Hero (small blind) folded before Flop
Seat 3: 739327a4 (big blind) collected ($0.1)
Seat 4: 2d07dcfc folded before Flop (didn't bet)
Seat 5: f381475f folded before Flop (didn't bet)
Seat 6: 9de4b3a folded before Flop (didn't bet)


Poker Hand #HD1848009854: Hold'em No Limit ($0.05/$0.1) - 2024/07/08 11:36:52
Table 'NLHRed13' 6-max Seat #6 is the button
Seat 1: b78a5928 ($10.2 in chips)
Seat 2: Hero ($23.63 in chips)
Seat 3: 739327a4 ($8.63 in chips)
Seat 4: 2d07dcfc ($11.49 in chips)
Seat 5: f381475f ($10 in chips)
Seat 6: 9de4b3a ($11.18 in chips)
b78a5928: posts small blind $0.05
Hero: posts big blind $0.1
*** HOLE CARDS ***
Dealt to b78a5928 
Dealt to Hero [7s 6h]
Dealt to 739327a4 
Dealt to 2d07dcfc 
Dealt to f381475f 
Dealt to 9de4b3a 
739327a4: raises $0.15 to $0.25
2d07dcfc: folds
f381475f: folds
9de4b3a: folds
b78a5928: calls $0.2
Hero: folds
*** FLOP *** [4h Jc Jd]
b78a5928: checks
739327a4: checks
*** TURN *** [4h Jc Jd] [6c]
b78a5928: bets $0.45
739327a4: calls $0.45
*** RIVER *** [4h Jc Jd 6c] [Qc]
b78a5928: checks
739327a4: checks
b78a5928: shows [Ts 8s] (Pair of Jacks)
739327a4: shows [6d 5d] (Pair of Jacks and Pair of Sixes)
*** SHOWDOWN ***
739327a4 collected $1.43 from pot
*** SUMMARY ***
Total pot $1.5 | Rake $0.07 | Jackpot $0 | Bingo $0 | Fortune $0 | Tax $0
Board [4h Jc Jd 6c Qc]
Seat 1: b78a5928 (small blind) showed [Ts 8s] and lost with Pair of Jacks
Seat 2: Hero (big blind) folded before Flop
Seat 3: 739327a4 showed [6d 5d] and won ($1.43) with Pair of Jacks and Pair of Sixes
Seat 4: 2d07dcfc folded before Flop (didn't bet)
Seat 5: f381475f folded before Flop (didn't bet)
Seat 6: 9de4b3a (button) folded before Flop (didn't bet)


Poker Hand #HD1848009825: Hold'em No Limit ($0.05/$0.1) - 2024/07/08 11:36:35
Table 'NLHRed13' 6-max Seat #5 is the button
Seat 1: b78a5928 ($10.3 in chips)
Seat 2: Hero ($23.63 in chips)
Seat 3: 739327a4 ($8.63 in chips)
Seat 4: 2d07dcfc ($11.49 in chips)
Seat 5: f381475f ($10 in chips)
Seat 6: 9de4b3a ($11.08 in chips)
9de4b3a: posts small blind $0.05
b78a5928: posts big blind $0.1
*** HOLE CARDS ***
Dealt to b78a5928 
Dealt to Hero [4c Qs]
Dealt to 739327a4 
Dealt to 2d07dcfc 
Dealt to f381475f 
Dealt to 9de4b3a 
Hero: folds
739327a4: folds
2d07dcfc: folds
f381475f: folds
9de4b3a: raises $0.2 to $0.3
b78a5928: folds
Uncalled bet ($0.2) returned to 9de4b3a
*** SHOWDOWN ***
9de4b3a collected $0.2 from pot
*** SUMMARY ***
Total pot $0.2 | Rake $0 | Jackpot $0 | Bingo $0 | Fortune $0 | Tax $0
Seat 1: b78a5928 (big blind) folded before Flop
Seat 2: Hero folded before Flop (didn't bet)
Seat 3: 739327a4 folded before Flop (didn't bet)
Seat 4: 2d07dcfc folded before Flop (didn't bet)
Seat 5: f381475f (button) folded before Flop (didn't bet)
Seat 6: 9de4b3a (small blind) collected ($0.2)


Poker Hand #HD1848009733: Hold'em No Limit ($0.05/$0.1) - 2024/07/08 11:35:29
Table 'NLHRed13' 6-max Seat #4 is the button
Seat 1: b78a5928 ($10.3 in chips)
Seat 2: Hero ($23.63 in chips)
Seat 3: 739327a4 ($8.63 in chips)
Seat 4: 2d07dcfc ($11.1 in chips)
Seat 5: f381475f ($10 in chips)
Seat 6: 9de4b3a ($11.46 in chips)
f381475f: posts small blind $0.05
9de4b3a: posts big blind $0.1
*** HOLE CARDS ***
Dealt to b78a5928 
Dealt to Hero [8h 4c]
Dealt to 739327a4 
Dealt to 2d07dcfc 
Dealt to f381475f 
Dealt to 9de4b3a 
b78a5928: folds
Hero: folds
739327a4: folds
2d07dcfc: raises $0.12 to $0.22
f381475f: folds
9de4b3a: calls $0.12
*** FLOP *** [Qd 9c Jh]
9de4b3a: checks
2d07dcfc: checks
*** TURN *** [Qd 9c Jh] [4s]
9de4b3a: checks
2d07dcfc: bets $0.16
9de4b3a: calls $0.16
*** RIVER *** [Qd 9c Jh 4s] [Ad]
9de4b3a: checks
2d07dcfc: bets $0.8
9de4b3a: folds
Uncalled bet ($0.8) returned to 2d07dcfc
*** SHOWDOWN ***
2d07dcfc collected $0.77 from pot
*** SUMMARY ***
Total pot $0.81 | Rake $0.04 | Jackpot $0 | Bingo $0 | Fortune $0 | Tax $0
Board [Qd 9c Jh 4s Ad]
Seat 1: b78a5928 folded before Flop (didn't bet)
Seat 2: Hero folded before Flop (didn't bet)
Seat 3: 739327a4 folded before Flop (didn't bet)
Seat 4: 2d07dcfc (button) won ($0.77)
Seat 5: f381475f (small blind) folded before Flop
Seat 6: 9de4b3a (big blind) folded on the River


Poker Hand #HD1848009666: Hold'em No Limit ($0.05/$0.1) - 2024/07/08 11:34:40
Table 'NLHRed13' 6-max Seat #3 is the button
Seat 1: b78a5928 ($10.3 in chips)
Seat 2: Hero ($23.13 in chips)
Seat 3: 739327a4 ($8.87 in chips)
Seat 4: 2d07dcfc ($11.15 in chips)
Seat 5: f381475f ($10.15 in chips)
Seat 6: 9de4b3a ($11.46 in chips)
2d07dcfc: posts small blind $0.05
f381475f: posts big blind $0.1
*** HOLE CARDS ***
Dealt to b78a5928 
Dealt to Hero [4c Ac]
Dealt to 739327a4 
Dealt to 2d07dcfc 
Dealt to f381475f 
Dealt to 9de4b3a 
9de4b3a: folds
b78a5928: folds
Hero: raises $0.14 to $0.24
739327a4: calls $0.24
2d07dcfc: folds
f381475f: calls $0.14
*** FLOP *** [2c 3h 7c]
f381475f: checks
Hero: bets $0.4
739327a4: folds
f381475f: folds
Uncalled bet ($0.4) returned to Hero
*** SHOWDOWN ***
Hero collected $0.74 from pot
*** SUMMARY ***
Total pot $0.77 | Rake $0.03 | Jackpot $0 | Bingo $0 | Fortune $0 | Tax $0
Board [2c 3h 7c]
Seat 1: b78a5928 folded before Flop (didn't bet)
Seat 2: Hero won ($0.74)
Seat 3: 739327a4 (button) folded on the Flop
Seat 4: 2d07dcfc (small blind) folded before Flop
Seat 5: f381475f (big blind) folded on the Flop
Seat 6: 9de4b3a folded before Flop (didn't bet)


Poker Hand #HD1848009637: Hold'em No Limit ($0.05/$0.1) - 2024/07/08 11:34:19
Table 'NLHRed13' 6-max Seat #2 is the button
Seat 1: b78a5928 ($10.3 in chips)
Seat 2: Hero ($23.13 in chips)
Seat 3: 739327a4 ($8.92 in chips)
Seat 4: 2d07dcfc ($11.1 in chips)
Seat 5: f381475f ($10.15 in chips)
Seat 6: 9de4b3a ($11.46 in chips)
739327a4: posts small blind $0.05
2d07dcfc: posts big blind $0.1
*** HOLE CARDS ***
Dealt to b78a5928 
Dealt to Hero [7s 4c]
Dealt to 739327a4 
Dealt to 2d07dcfc 
Dealt to f381475f 
Dealt to 9de4b3a 
f381475f: folds
9de4b3a: folds
b78a5928: folds
Hero: folds
739327a4: folds
Uncalled bet ($0.05) returned to 2d07dcfc
*** SHOWDOWN ***
2d07dcfc collected $0.1 from pot
*** SUMMARY ***
Total pot $0.1 | Rake $0 | Jackpot $0 | Bingo $0 | Fortune $0 | Tax $0
Seat 1: b78a5928 folded before Flop (didn't bet)
Seat 2: Hero (button) folded before Flop (didn't bet)
Seat 3: 739327a4 (small blind) folded before Flop
Seat 4: 2d07dcfc (big blind) collected ($0.1)
Seat 5: f381475f folded before Flop (didn't bet)
Seat 6: 9de4b3a folded before Flop (didn't bet)


Poker Hand #HD1848009566: Hold'em No Limit ($0.05/$0.1) - 2024/07/08 11:33:31
Table 'NLHRed13' 6-max Seat #1 is the button
Seat 1: b78a5928 ($10.3 in chips)
Seat 2: Hero ($22.32 in chips)
Seat 3: 739327a4 ($9.82 in chips)
Seat 4: 2d07dcfc ($11.1 in chips)
Seat 5: f381475f ($10.15 in chips)
Seat 6: 9de4b3a ($11.46 in chips)
Hero: posts small blind $0.05
739327a4: posts big blind $0.1
*** HOLE CARDS ***
Dealt to b78a5928 
Dealt to Hero [6c 6d]
Dealt to 739327a4 
Dealt to 2d07dcfc 
Dealt to f381475f 
Dealt to 9de4b3a 
2d07dcfc: folds
f381475f: folds
9de4b3a: folds
b78a5928: folds
Hero: raises $0.2 to $0.3
739327a4: raises $0.6 to $0.9
Hero: calls $0.6
*** FLOP *** [7d Jd Kd]
Hero: checks
739327a4: checks
*** TURN *** [7d Jd Kd] [4d]
Hero: checks
739327a4: checks
*** RIVER *** [7d Jd Kd 4d] [7c]
Hero: checks
739327a4: checks
Hero: shows [6c 6d] (King High Flush)
739327a4: shows [Jc Ac] (Pair of Jacks and Pair of Sevens)
*** SHOWDOWN ***
Hero collected $1.71 from pot
*** SUMMARY ***
Total pot $1.8 | Rake $0.09 | Jackpot $0 | Bingo $0 | Fortune $0 | Tax $0
Board [7d Jd Kd 4d 7c]
Seat 1: b78a5928 (button) folded before Flop (didn't bet)
Seat 2: Hero (small blind) showed [6c 6d] and won ($1.71) with King High Flush
Seat 3: 739327a4 (big blind) showed [Jc Ac] and lost with Pair of Jacks and Pair of Sevens
Seat 4: 2d07dcfc folded before Flop (didn't bet)
Seat 5: f381475f folded before Flop (didn't bet)
Seat 6: 9de4b3a folded before Flop (didn't bet)


Poker Hand #HD1848009515: Hold'em No Limit ($0.05/$0.1) - 2024/07/08 11:33:01
Table 'NLHRed13' 6-max Seat #6 is the button
Seat 1: b78a5928 ($10.35 in chips)
Seat 2: Hero ($22.57 in chips)
Seat 3: 739327a4 ($9.82 in chips)
Seat 4: 2d07dcfc ($11.1 in chips)
Seat 5: f381475f ($10.15 in chips)
Seat 6: 9de4b3a ($11.18 in chips)
b78a5928: posts small blind $0.05
Hero: posts big blind $0.1
*** HOLE CARDS ***
Dealt to b78a5928 
Dealt to Hero [2c Qc]
Dealt to 739327a4 
Dealt to 2d07dcfc 
Dealt to f381475f 
Dealt to 9de4b3a 
739327a4: folds
2d07dcfc: folds
f381475f: folds
9de4b3a: raises $0.15 to $0.25
b78a5928: folds
Hero: calls $0.15
*** FLOP *** [8h 4h 7s]
Hero: checks
9de4b3a: bets $0.28
Hero: folds
Uncalled bet ($0.28) returned to 9de4b3a
*** SHOWDOWN ***
9de4b3a collected $0.53 from pot
*** SUMMARY ***
Total pot $0.55 | Rake $0.02 | Jackpot $0 | Bingo $0 | Fortune $0 | Tax $0
Board [8h 4h 7s]
Seat 1: b78a5928 (small blind) folded before Flop
Seat 2: Hero (big blind) folded on the Flop
Seat 3: 739327a4 folded before Flop (didn't bet)
Seat 4: 2d07dcfc folded before Flop (didn't bet)
Seat 5: f381475f folded before Flop (didn't bet)
Seat 6: 9de4b3a (button) won ($0.53)


Poker Hand #HD1848009458: Hold'em No Limit ($0.05/$0.1) - 2024/07/08 11:32:17
Table 'NLHRed13' 6-max Seat #5 is the button
Seat 1: b78a5928 ($10.45 in chips)
Seat 2: Hero ($22.08 in chips)
Seat 3: 739327a4 ($9.82 in chips)
Seat 4: 2d07dcfc ($11.48 in chips)
Seat 5: f381475f ($10.15 in chips)
Seat 6: 9de4b3a ($11.23 in chips)
9de4b3a: posts small blind $0.05
b78a5928: posts big blind $0.1
*** HOLE CARDS ***
Dealt to b78a5928 
Dealt to Hero [Jh Th]
Dealt to 739327a4 
Dealt to 2d07dcfc 
Dealt to f381475f 
Dealt to 9de4b3a 
Hero: raises $0.1 to $0.2
739327a4: folds
2d07dcfc: calls $0.2
f381475f: folds
9de4b3a: folds
b78a5928: folds
*** FLOP *** [8s Kh Qs]
Hero: checks
2d07dcfc: bets $0.18
Hero: raises $0.52 to $0.7
2d07dcfc: folds
Uncalled bet ($0.52) returned to Hero
*** SHOWDOWN ***
Hero collected $0.87 from pot
*** SUMMARY ***
Total pot $0.91 | Rake $0.04 | Jackpot $0 | Bingo $0 | Fortune $0 | Tax $0
Board [8s Kh Qs]
Seat 1: b78a5928 (big blind) folded before Flop
Seat 2: Hero won ($0.87)
Seat 3: 739327a4 folded before Flop (didn't bet)
Seat 4: 2d07dcfc folded on the Flop
Seat 5: f381475f (button) folded before Flop (didn't bet)
Seat 6: 9de4b3a (small blind) folded before Flop


Poker Hand #HD1848009368: Hold'em No Limit ($0.05/$0.1) - 2024/07/08 11:31:07
Table 'NLHRed13' 6-max Seat #4 is the button
Seat 1: b78a5928 ($10 in chips)
Seat 2: Hero ($22.08 in chips)
Seat 3: 739327a4 ($9.82 in chips)
Seat 4: 2d07dcfc ($11.48 in chips)
Seat 5: f381475f ($10.2 in chips)
Seat 6: 9de4b3a ($11.67 in chips)
f381475f: posts small blind $0.05
9de4b3a: posts big blind $0.1
*** HOLE CARDS ***
Dealt to b78a5928 
Dealt to Hero [Ad 2c]
Dealt to 739327a4 
Dealt to 2d07dcfc 
Dealt to f381475f 
Dealt to 9de4b3a 
b78a5928: raises $0.15 to $0.25
Hero: folds
739327a4: folds
2d07dcfc: folds
f381475f: folds
9de4b3a: calls $0.15
*** FLOP *** [8d 2s As]
9de4b3a: checks
b78a5928: bets $0.19
9de4b3a: calls $0.19
*** TURN *** [8d 2s As] [Qc]
9de4b3a: checks
b78a5928: bets $1.3
9de4b3a: folds
Uncalled bet ($1.3) returned to b78a5928
*** SHOWDOWN ***
b78a5928 collected $0.89 from pot
*** SUMMARY ***
Total pot $0.93 | Rake $0.04 | Jackpot $0 | Bingo $0 | Fortune $0 | Tax $0
Board [8d 2s As Qc]
Seat 1: b78a5928 won ($0.89)
Seat 2: Hero folded before Flop (didn't bet)
Seat 3: 739327a4 folded before Flop (didn't bet)
Seat 4: 2d07dcfc (button) folded before Flop (didn't bet)
Seat 5: f381475f (small blind) folded before Flop
Seat 6: 9de4b3a (big blind) folded on the Turn


Poker Hand #HD1848009337: Hold'em No Limit ($0.05/$0.1) - 2024/07/08 11:30:41
Table 'NLHRed13' 6-max Seat #3 is the button
Seat 1: b78a5928 ($10 in chips)
Seat 2: Hero ($22.08 in chips)
Seat 3: 739327a4 ($9.82 in chips)
Seat 4: 2d07dcfc ($11.53 in chips)
Seat 5: f381475f ($10.15 in chips)
Seat 6: 9de4b3a ($11.67 in chips)
2d07dcfc: posts small blind $0.05
f381475f: posts big blind $0.1
*** HOLE CARDS ***
Dealt to b78a5928 
Dealt to Hero [8h 2s]
Dealt to 739327a4 
Dealt to 2d07dcfc 
Dealt to f381475f 
Dealt to 9de4b3a 
9de4b3a: folds
b78a5928: folds
Hero: folds
739327a4: folds
2d07dcfc: folds
Uncalled bet ($0.05) returned to f381475f
*** SHOWDOWN ***
f381475f collected $0.1 from pot
*** SUMMARY ***
Total pot $0.1 | Rake $0 | Jackpot $0 | Bingo $0 | Fortune $0 | Tax $0
Seat 1: b78a5928 folded before Flop (didn't bet)
Seat 2: Hero folded before Flop (didn't bet)
Seat 3: 739327a4 (button) folded before Flop (didn't bet)
Seat 4: 2d07dcfc (small blind) folded before Flop
Seat 5: f381475f (big blind) collected ($0.1)
Seat 6: 9de4b3a folded before Flop (didn't bet)


Poker Hand #HD1848009307: Hold'em No Limit ($0.05/$0.1) - 2024/07/08 11:30:21
Table 'NLHRed13' 6-max Seat #2 is the button
Seat 1: b78a5928 ($10 in chips)
Seat 2: Hero ($22.08 in chips)
Seat 3: 739327a4 ($9.72 in chips)
Seat 4: 2d07dcfc ($11.63 in chips)
Seat 5: f381475f ($10.15 in chips)
Seat 6: 9de4b3a ($11.67 in chips)
739327a4: posts small blind $0.05
2d07dcfc: posts big blind $0.1
*** HOLE CARDS ***
Dealt to b78a5928 
Dealt to Hero [4d 8h]
Dealt to 739327a4 
Dealt to 2d07dcfc 
Dealt to f381475f 
Dealt to 9de4b3a 
f381475f: folds
9de4b3a: folds
b78a5928: folds
Hero: folds
739327a4: raises $0.15 to $0.25
2d07dcfc: folds
Uncalled bet ($0.15) returned to 739327a4
*** SHOWDOWN ***
739327a4 collected $0.2 from pot
*** SUMMARY ***
Total pot $0.2 | Rake $0 | Jackpot $0 | Bingo $0 | Fortune $0 | Tax $0
Seat 1: b78a5928 folded before Flop (didn't bet)
Seat 2: Hero (button) folded before Flop (didn't bet)
Seat 3: 739327a4 (small blind) collected ($0.2)
Seat 4: 2d07dcfc (big blind) folded before Flop
Seat 5: f381475f folded before Flop (didn't bet)
Seat 6: 9de4b3a folded before Flop (didn't bet)


Poker Hand #HD1848009281: Hold'em No Limit ($0.05/$0.1) - 2024/07/08 11:30:08
Table 'NLHRed13' 6-max Seat #1 is the button
Seat 1: b78a5928 ($10 in chips)
Seat 2: Hero ($22.13 in chips)
Seat 3: 739327a4 ($9.82 in chips)
Seat 4: 2d07dcfc ($11.63 in chips)
Seat 5: f381475f ($10 in chips)
Seat 6: 9de4b3a ($11.67 in chips)
Hero: posts small blind $0.05
739327a4: posts big blind $0.1
*** HOLE CARDS ***
Dealt to b78a5928 
Dealt to Hero [Qc 5d]
Dealt to 739327a4 
Dealt to 2d07dcfc 
Dealt to f381475f 
Dealt to 9de4b3a 
2d07dcfc: folds
f381475f: raises $0.2 to $0.3
9de4b3a: folds
b78a5928: folds
Hero: folds
739327a4: folds
Uncalled bet ($0.2) returned to f381475f
*** SHOWDOWN ***
f381475f collected $0.25 from pot
*** SUMMARY ***
Total pot $0.25 | Rake $0 | Jackpot $0 | Bingo $0 | Fortune $0 | Tax $0
Seat 1: b78a5928 (button) folded before Flop (didn't bet)
Seat 2: Hero (small blind) folded before Flop
Seat 3: 739327a4 (big blind) folded before Flop
Seat 4: 2d07dcfc folded before Flop (didn't bet)
Seat 5: f381475f collected ($0.25)
Seat 6: 9de4b3a folded before Flop (didn't bet)


Poker Hand #HD1848009216: Hold'em No Limit ($0.05/$0.1) - 2024/07/08 11:29:28
Table 'NLHRed13' 6-max Seat #6 is the button
Seat 1: b78a5928 ($10 in chips)
Seat 2: Hero ($21.9 in chips)
Seat 3: 739327a4 ($9.82 in chips)
Seat 4: 2d07dcfc ($11.63 in chips)
Seat 5: f381475f ($10 in chips)
Seat 6: 9de4b3a ($11.67 in chips)
b78a5928: posts small blind $0.05
Hero: posts big blind $0.1
*** HOLE CARDS ***
Dealt to b78a5928 
Dealt to Hero [Th Kc]
Dealt to 739327a4 
Dealt to 2d07dcfc 
Dealt to f381475f 
Dealt to 9de4b3a 
739327a4: folds
2d07dcfc: folds
f381475f: folds
9de4b3a: folds
b78a5928: raises $0.15 to $0.25
Hero: calls $0.15
*** FLOP *** [Jh 7c Kd]
b78a5928: checks
Hero: bets $0.4
b78a5928: folds
Uncalled bet ($0.4) returned to Hero
*** SHOWDOWN ***
Hero collected $0.48 from pot
*** SUMMARY ***
Total pot $0.5 | Rake $0.02 | Jackpot $0 | Bingo $0 | Fortune $0 | Tax $0
Board [Jh 7c Kd]
Seat 1: b78a5928 (small blind) folded on the Flop
Seat 2: Hero (big blind) won ($0.48)
Seat 3: 739327a4 folded before Flop (didn't bet)
Seat 4: 2d07dcfc folded before Flop (didn't bet)
Seat 5: f381475f folded before Flop (didn't bet)
Seat 6: 9de4b3a (button) folded before Flop (didn't bet)


Poker Hand #HD1848009136: Hold'em No Limit ($0.05/$0.1) - 2024/07/08 11:28:31
Table 'NLHRed13' 6-max Seat #5 is the button
Seat 1: b78a5928 ($10 in chips)
Seat 2: Hero ($21.9 in chips)
Seat 3: 739327a4 ($9.5 in chips)
Seat 4: 2d07dcfc ($11.63 in chips)
Seat 5: f381475f ($10 in chips)
Seat 6: 9de4b3a ($11.92 in chips)
9de4b3a: posts small blind $0.05
b78a5928: posts big blind $0.1
*** HOLE CARDS ***
Dealt to b78a5928 
Dealt to Hero [5h 2c]
Dealt to 739327a4 
Dealt to 2d07dcfc 
Dealt to f381475f 
Dealt to 9de4b3a 
Hero: folds
739327a4: raises $0.15 to $0.25
2d07dcfc: folds
f381475f: folds
9de4b3a: calls $0.2
b78a5928: folds
*** FLOP *** [7h 9d 8h]
9de4b3a: checks
739327a4: checks
*** TURN *** [7h 9d 8h] [Js]
9de4b3a: checks
739327a4: checks
*** RIVER *** [7h 9d 8h Js] [Kh]
9de4b3a: checks
739327a4: checks
9de4b3a: shows [4c 4d] (Pair of Fours)
739327a4: shows [8s As] (Pair of Eights)
*** SHOWDOWN ***
739327a4 collected $0.57 from pot
*** SUMMARY ***
Total pot $0.6 | Rake $0.03 | Jackpot $0 | Bingo $0 | Fortune $0 | Tax $0
Board [7h 9d 8h Js Kh]
Seat 1: b78a5928 (big blind) folded before Flop
Seat 2: Hero folded before Flop (didn't bet)
Seat 3: 739327a4 showed [8s As] and won ($0.57) with Pair of Eights
Seat 4: 2d07dcfc folded before Flop (didn't bet)
Seat 5: f381475f (button) folded before Flop (didn't bet)
Seat 6: 9de4b3a (small blind) showed [4c 4d] and lost with Pair of Fours


Poker Hand #HD1848009085: Hold'em No Limit ($0.05/$0.1) - 2024/07/08 11:27:52
Table 'NLHRed13' 6-max Seat #4 is the button
Seat 1: b78a5928 ($10 in chips)
Seat 2: Hero ($21.53 in chips)
Seat 3: 739327a4 ($9.5 in chips)
Seat 4: 2d07dcfc ($11.63 in chips)
Seat 5: f381475f ($10 in chips)
Seat 6: 9de4b3a ($12.02 in chips)
f381475f: posts small blind $0.05
9de4b3a: posts big blind $0.1
*** HOLE CARDS ***
Dealt to b78a5928 
Dealt to Hero [Ad Td]
Dealt to 739327a4 
Dealt to 2d07dcfc 
Dealt to f381475f 
Dealt to 9de4b3a 
b78a5928: raises $0.15 to $0.25
Hero: raises $0.55 to $0.8
739327a4: folds
2d07dcfc: folds
f381475f: folds
9de4b3a: folds
b78a5928: folds
Uncalled bet ($0.55) returned to Hero
*** SHOWDOWN ***
Hero collected $0.62 from pot
*** SUMMARY ***
Total pot $0.65 | Rake $0.03 | Jackpot $0 | Bingo $0 | Fortune $0 | Tax $0
Seat 1: b78a5928 folded before Flop
Seat 2: Hero collected ($0.62)
Seat 3: 739327a4 folded before Flop (didn't bet)
Seat 4: 2d07dcfc (button) folded before Flop (didn't bet)
Seat 5: f381475f (small blind) folded before Flop
Seat 6: 9de4b3a (big blind) folded before Flop


Poker Hand #HD1848009018: Hold'em No Limit ($0.05/$0.1) - 2024/07/08 11:27:01
Table 'NLHRed13' 6-max Seat #3 is the button
Seat 1: b78a5928 ($10 in chips)
Seat 2: Hero ($21.53 in chips)
Seat 3: 739327a4 ($9.5 in chips)
Seat 4: 2d07dcfc ($11.68 in chips)
Seat 5: f381475f ($10 in chips)
Seat 6: 9de4b3a ($10.98 in chips)
2d07dcfc: posts small blind $0.05
f381475f: posts big blind $0.1
*** HOLE CARDS ***
Dealt to b78a5928 
Dealt to Hero [7d 7c]
Dealt to 739327a4 
Dealt to 2d07dcfc 
Dealt to f381475f 
Dealt to 9de4b3a 
9de4b3a: raises $0.2 to $0.3
b78a5928: calls $0.3
Hero: folds
739327a4: folds
2d07dcfc: folds
f381475f: calls $0.2
*** FLOP *** [7h Jc Jh]
f381475f: checks
9de4b3a: bets $0.48
b78a5928: calls $0.48
f381475f: folds
*** TURN *** [7h Jc Jh] [2h]
9de4b3a: bets $1.44
b78a5928: folds
Uncalled bet ($1.44) returned to 9de4b3a
*** SHOWDOWN ***
9de4b3a collected $1.82 from pot
*** SUMMARY ***
Total pot $1.91 | Rake $0.09 | Jackpot $0 | Bingo $0 | Fortune $0 | Tax $0
Board [7h Jc Jh 2h]
Seat 1: b78a5928 folded on the Turn
Seat 2: Hero folded before Flop (didn't bet)
Seat 3: 739327a4 (button) folded before Flop (didn't bet)
Seat 4: 2d07dcfc (small blind) folded before Flop
Seat 5: f381475f (big blind) folded on the Flop
Seat 6: 9de4b3a won ($1.82)


Poker Hand #HD1848008893: Hold'em No Limit ($0.05/$0.1) - 2024/07/08 11:25:11
Table 'NLHRed13' 6-max Seat #2 is the button
Seat 1: b78a5928 ($10.43 in chips)
Seat 2: Hero ($21.53 in chips)
Seat 3: 739327a4 ($9.55 in chips)
Seat 4: 2d07dcfc ($12.2 in chips)
Seat 5: f381475f ($10 in chips)
Seat 6: 9de4b3a ($10.98 in chips)
739327a4: posts small blind $0.05
2d07dcfc: posts big blind $0.1
*** HOLE CARDS ***
Dealt to b78a5928 
Dealt to Hero [Jh 7c]
Dealt to 739327a4 
Dealt to 2d07dcfc 
Dealt to f381475f 
Dealt to 9de4b3a 
f381475f: folds
9de4b3a: folds
b78a5928: raises $0.15 to $0.25
Hero: folds
739327a4: folds
2d07dcfc: raises $0.8 to $1.05
b78a5928: calls $0.8
*** FLOP *** [4s 8d 6s]
2d07dcfc: checks
b78a5928: bets $0.54
2d07dcfc: calls $0.54
*** TURN *** [4s 8d 6s] [2c]
2d07dcfc: checks
b78a5928: bets $2.43
2d07dcfc: raises $8.18 to $10.61 and is all-in
b78a5928: calls $6.41 and is all-in
Uncalled bet ($1.77) returned to 2d07dcfc
2d07dcfc: shows [Qs Qh] (Pair of Queens)
b78a5928: shows [Qd Qc] (Pair of Queens)
*** RIVER *** [4s 8d 6s 2c] [Ad]
*** SHOWDOWN ***
2d07dcfc collected $9.91 from pot
b78a5928 collected $9.9 from pot
*** SUMMARY ***
Total pot $20.91 | Rake $1 | Jackpot $0.1 | Bingo $0 | Fortune $0 | Tax $0
Board [4s 8d 6s 2c Ad]
Seat 1: b78a5928 showed [Qd Qc] and won ($9.9) with Pair of Queens
Seat 2: Hero (button) folded before Flop (didn't bet)
Seat 3: 739327a4 (small blind) folded before Flop
Seat 4: 2d07dcfc (big blind) showed [Qs Qh] and won ($9.91) with Pair of Queens
Seat 5: f381475f folded before Flop (didn't bet)
Seat 6: 9de4b3a folded before Flop (didn't bet)


Poker Hand #HD1848008869: Hold'em No Limit ($0.05/$0.1) - 2024/07/08 11:24:56
Table 'NLHRed13' 6-max Seat #1 is the button
Seat 1: b78a5928 ($10.43 in chips)
Seat 2: Hero ($21.43 in chips)
Seat 3: 739327a4 ($9.65 in chips)
Seat 4: 2d07dcfc ($12.2 in chips)
Seat 5: f381475f ($10 in chips)
Seat 6: 9de4b3a ($10.98 in chips)
Hero: posts small blind $0.05
739327a4: posts big blind $0.1
*** HOLE CARDS ***
Dealt to b78a5928 
Dealt to Hero [7h 9h]
Dealt to 739327a4 
Dealt to 2d07dcfc 
Dealt to f381475f 
Dealt to 9de4b3a 
2d07dcfc: folds
f381475f: folds
9de4b3a: folds
b78a5928: folds
Hero: raises $0.2 to $0.3
739327a4: folds
Uncalled bet ($0.2) returned to Hero
*** SHOWDOWN ***
Hero collected $0.2 from pot
*** SUMMARY ***
Total pot $0.2 | Rake $0 | Jackpot $0 | Bingo $0 | Fortune $0 | Tax $0
Seat 1: b78a5928 (button) folded before Flop (didn't bet)
Seat 2: Hero (small blind) collected ($0.2)
Seat 3: 739327a4 (big blind) folded before Flop
Seat 4: 2d07dcfc folded before Flop (didn't bet)
Seat 5: f381475f folded before Flop (didn't bet)
Seat 6: 9de4b3a folded before Flop (didn't bet)


Poker Hand #HD1848008820: Hold'em No Limit ($0.05/$0.1) - 2024/07/08 11:24:14
Table 'NLHRed13' 6-max Seat #6 is the button
Seat 1: b78a5928 ($11.41 in chips)
Seat 2: Hero ($21.53 in chips)
Seat 3: 739327a4 ($9.65 in chips)
Seat 4: 2d07dcfc ($11.22 in chips)
Seat 5: f381475f ($10 in chips)
Seat 6: 9de4b3a ($10.98 in chips)
b78a5928: posts small blind $0.05
Hero: posts big blind $0.1
*** HOLE CARDS ***
Dealt to b78a5928 
Dealt to Hero [7d 3s]
Dealt to 739327a4 
Dealt to 2d07dcfc 
Dealt to f381475f 
Dealt to 9de4b3a 
739327a4: folds
2d07dcfc: raises $0.12 to $0.22
f381475f: folds
9de4b3a: folds
b78a5928: raises $0.76 to $0.98
Hero: folds
2d07dcfc: raises $1.37 to $2.35
b78a5928: folds
Uncalled bet ($1.37) returned to 2d07dcfc
*** SHOWDOWN ***
2d07dcfc collected $1.96 from pot
*** SUMMARY ***
Total pot $2.06 | Rake $0.1 | Jackpot $0 | Bingo $0 | Fortune $0 | Tax $0
Seat 1: b78a5928 (small blind) folded before Flop
Seat 2: Hero (big blind) folded before Flop
Seat 3: 739327a4 folded before Flop (didn't bet)
Seat 4: 2d07dcfc collected ($1.96)
Seat 5: f381475f folded before Flop (didn't bet)
Seat 6: 9de4b3a (button) folded before Flop (didn't bet)


Poker Hand #HD1848008747: Hold'em No Limit ($0.05/$0.1) - 2024/07/08 11:23:20
Table 'NLHRed13' 6-max Seat #5 is the button
Seat 1: b78a5928 ($11.51 in chips)
Seat 2: Hero ($21.02 in chips)
Seat 3: 739327a4 ($9.65 in chips)
Seat 4: 2d07dcfc ($11.22 in chips)
Seat 5: f381475f ($10 in chips)
Seat 6: 9de4b3a ($11.03 in chips)
9de4b3a: posts small blind $0.05
b78a5928: posts big blind $0.1
*** HOLE CARDS ***
Dealt to b78a5928 
Dealt to Hero [Qh Ks]
Dealt to 739327a4 
Dealt to 2d07dcfc 
Dealt to f381475f 
Dealt to 9de4b3a 
Hero: raises $0.1 to $0.2
739327a4: folds
2d07dcfc: folds
f381475f: calls $0.2
9de4b3a: folds
b78a5928: folds
*** FLOP *** [9c 3h Ah]
Hero: bets $0.2
f381475f: calls $0.2
*** TURN *** [9c 3h Ah] [Jd]
Hero: checks
f381475f: checks
*** RIVER *** [9c 3h Ah Jd] [5d]
Hero: bets $0.63
f381475f: folds
Uncalled bet ($0.63) returned to Hero
*** SHOWDOWN ***
Hero collected $0.91 from pot
*** SUMMARY ***
Total pot $0.95 | Rake $0.04 | Jackpot $0 | Bingo $0 | Fortune $0 | Tax $0
Board [9c 3h Ah Jd 5d]
Seat 1: b78a5928 (big blind) folded before Flop
Seat 2: Hero won ($0.91)
Seat 3: 739327a4 folded before Flop (didn't bet)
Seat 4: 2d07dcfc folded before Flop (didn't bet)
Seat 5: f381475f (button) folded on the River
Seat 6: 9de4b3a (small blind) folded before Flop


Poker Hand #HD1848008730: Hold'em No Limit ($0.05/$0.1) - 2024/07/08 11:23:07
Table 'NLHRed13' 6-max Seat #4 is the button
Seat 1: b78a5928 ($11.51 in chips)
Seat 2: Hero ($21.02 in chips)
Seat 3: 739327a4 ($9.65 in chips)
Seat 4: 2d07dcfc ($11.22 in chips)
Seat 5: f381475f ($10 in chips)
Seat 6: 9de4b3a ($10.98 in chips)
f381475f: posts small blind $0.05
9de4b3a: posts big blind $0.1
*** HOLE CARDS ***
Dealt to b78a5928 
Dealt to Hero [5d Td]
Dealt to 739327a4 
Dealt to 2d07dcfc 
Dealt to f381475f 
Dealt to 9de4b3a 
b78a5928: folds
Hero: folds
739327a4: folds
2d07dcfc: folds
f381475f: folds
Uncalled bet ($0.05) returned to 9de4b3a
*** SHOWDOWN ***
9de4b3a collected $0.1 from pot
*** SUMMARY ***
Total pot $0.1 | Rake $0 | Jackpot $0 | Bingo $0 | Fortune $0 | Tax $0
Seat 1: b78a5928 folded before Flop (didn't bet)
Seat 2: Hero folded before Flop (didn't bet)
Seat 3: 739327a4 folded before Flop (didn't bet)
Seat 4: 2d07dcfc (button) folded before Flop (didn't bet)
Seat 5: f381475f (small blind) folded before Flop
Seat 6: 9de4b3a (big blind) collected ($0.1)


Poker Hand #HD1848008674: Hold'em No Limit ($0.05/$0.1) - 2024/07/08 11:22:26
Table 'NLHRed13' 6-max Seat #3 is the button
Seat 1: b78a5928 ($11.51 in chips)
Seat 2: Hero ($20.02 in chips)
Seat 3: 739327a4 ($9.65 in chips)
Seat 4: 2d07dcfc ($11.27 in chips)
Seat 5: f381475f ($10 in chips)
Seat 6: 9de4b3a ($10.98 in chips)
2d07dcfc: posts small blind $0.05
f381475f: posts big blind $0.1
*** HOLE CARDS ***
Dealt to b78a5928 
Dealt to Hero [Kc Ad]
Dealt to 739327a4 
Dealt to 2d07dcfc 
Dealt to f381475f 
Dealt to 9de4b3a 
9de4b3a: folds
b78a5928: folds
Hero: raises $0.14 to $0.24
739327a4: folds
2d07dcfc: folds
f381475f: raises $0.81 to $1.05
Hero: raises $1.42 to $2.47
f381475f: folds
Uncalled bet ($1.42) returned to Hero
*** SHOWDOWN ***
Hero collected $2.05 from pot
*** SUMMARY ***
Total pot $2.15 | Rake $0.1 | Jackpot $0 | Bingo $0 | Fortune $0 | Tax $0
Seat 1: b78a5928 folded before Flop (didn't bet)
Seat 2: Hero collected ($2.05)
Seat 3: 739327a4 (button) folded before Flop (didn't bet)
Seat 4: 2d07dcfc (small blind) folded before Flop
Seat 5: f381475f (big blind) folded before Flop
Seat 6: 9de4b3a folded before Flop (didn't bet)


Poker Hand #HD1848008595: Hold'em No Limit ($0.05/$0.1) - 2024/07/08 11:21:28
Table 'NLHRed13' 6-max Seat #2 is the button
Seat 1: b78a5928 ($11.51 in chips)
Seat 2: Hero ($20.02 in chips)
Seat 3: 739327a4 ($9.9 in chips)
Seat 4: 2d07dcfc ($11.04 in chips)
Seat 6: 9de4b3a ($10.98 in chips)
739327a4: posts small blind $0.05
2d07dcfc: posts big blind $0.1
*** HOLE CARDS ***
Dealt to b78a5928 
Dealt to Hero [7s Jd]
Dealt to 739327a4 
Dealt to 2d07dcfc 
Dealt to 9de4b3a 
9de4b3a: folds
b78a5928: folds
Hero: folds
739327a4: raises $0.15 to $0.25
2d07dcfc: calls $0.15
*** FLOP *** [8d Qc 5h]
739327a4: checks
2d07dcfc: checks
*** TURN *** [8d Qc 5h] [6c]
739327a4: checks
2d07dcfc: checks
*** RIVER *** [8d Qc 5h 6c] [2d]
739327a4: checks
2d07dcfc: checks
739327a4: shows [4s As] (Ace-High)
2d07dcfc: shows [Ad 9d] (Ace-High)
*** SHOWDOWN ***
2d07dcfc collected $0.48 from pot
*** SUMMARY ***
Total pot $0.5 | Rake $0.02 | Jackpot $0 | Bingo $0 | Fortune $0 | Tax $0
Board [8d Qc 5h 6c 2d]
Seat 1: b78a5928 folded before Flop (didn't bet)
Seat 2: Hero (button) folded before Flop (didn't bet)
Seat 3: 739327a4 (small blind) showed [4s As] and lost with Ace-High
Seat 4: 2d07dcfc (big blind) showed [Ad 9d] and won ($0.48) with Ace-High
Seat 6: 9de4b3a folded before Flop (didn't bet)


Poker Hand #HD1848008581: Hold'em No Limit ($0.05/$0.1) - 2024/07/08 11:21:17
Table 'NLHRed13' 6-max Seat #1 is the button
Seat 1: b78a5928 ($11.51 in chips)
Seat 2: Hero ($20.07 in chips)
Seat 3: 739327a4 ($10 in chips)
Seat 4: 2d07dcfc ($11.04 in chips)
Seat 6: 9de4b3a ($10.83 in chips)
Hero: posts small blind $0.05
739327a4: posts big blind $0.1
*** HOLE CARDS ***
Dealt to b78a5928 
Dealt to Hero [4d Jd]
Dealt to 739327a4 
Dealt to 2d07dcfc 
Dealt to 9de4b3a 
2d07dcfc: folds
9de4b3a: raises $0.2 to $0.3
b78a5928: folds
Hero: folds
739327a4: folds
Uncalled bet ($0.2) returned to 9de4b3a
*** SHOWDOWN ***
9de4b3a collected $0.25 from pot
*** SUMMARY ***
Total pot $0.25 | Rake $0 | Jackpot $0 | Bingo $0 | Fortune $0 | Tax $0
Seat 1: b78a5928 (button) folded before Flop (didn't bet)
Seat 2: Hero (small blind) folded before Flop
Seat 3: 739327a4 (big blind) folded before Flop
Seat 4: 2d07dcfc folded before Flop (didn't bet)
Seat 6: 9de4b3a collected ($0.25)


Poker Hand #HD1848008564: Hold'em No Limit ($0.05/$0.1) - 2024/07/08 11:21:04
Table 'NLHRed13' 6-max Seat #6 is the button
Seat 1: b78a5928 ($11.56 in chips)
Seat 2: Hero ($20.17 in chips)
Seat 4: 2d07dcfc ($11.04 in chips)
Seat 6: 9de4b3a ($10.68 in chips)
b78a5928: posts small blind $0.05
Hero: posts big blind $0.1
*** HOLE CARDS ***
Dealt to b78a5928 
Dealt to Hero [4h 2h]
Dealt to 2d07dcfc 
Dealt to 9de4b3a 
2d07dcfc: folds
9de4b3a: raises $0.15 to $0.25
b78a5928: folds
Hero: folds
Uncalled bet ($0.15) returned to 9de4b3a
*** SHOWDOWN ***
9de4b3a collected $0.25 from pot
*** SUMMARY ***
Total pot $0.25 | Rake $0 | Jackpot $0 | Bingo $0 | Fortune $0 | Tax $0
Seat 1: b78a5928 (small blind) folded before Flop
Seat 2: Hero (big blind) folded before Flop
Seat 4: 2d07dcfc folded before Flop (didn't bet)
Seat 6: 9de4b3a (button) collected ($0.25)


Poker Hand #HD1848008516: Hold'em No Limit ($0.05/$0.1) - 2024/07/08 11:20:26
Table 'NLHRed13' 6-max Seat #4 is the button
Seat 1: b78a5928 ($11.66 in chips)
Seat 2: Hero ($20.17 in chips)
Seat 4: 2d07dcfc ($10.74 in chips)
Seat 6: 9de4b3a ($10.9 in chips)
9de4b3a: posts small blind $0.05
b78a5928: posts big blind $0.1
*** HOLE CARDS ***
Dealt to b78a5928 
Dealt to Hero [3c Tc]
Dealt to 2d07dcfc 
Dealt to 9de4b3a 
Hero: folds
2d07dcfc: raises $0.12 to $0.22
9de4b3a: calls $0.17
b78a5928: folds
*** FLOP *** [8d 2c As]
9de4b3a: checks
2d07dcfc: bets $0.17
9de4b3a: folds
Uncalled bet ($0.17) returned to 2d07dcfc
*** SHOWDOWN ***
2d07dcfc collected $0.52 from pot
*** SUMMARY ***
Total pot $0.54 | Rake $0.02 | Jackpot $0 | Bingo $0 | Fortune $0 | Tax $0
Board [8d 2c As]
Seat 1: b78a5928 (big blind) folded before Flop
Seat 2: Hero folded before Flop (didn't bet)
Seat 4: 2d07dcfc (button) won ($0.52)
Seat 6: 9de4b3a (small blind) folded on the Flop


Poker Hand #HD1848008505: Hold'em No Limit ($0.05/$0.1) - 2024/07/08 11:20:20
Table 'NLHRed13' 6-max Seat #2 is the button
Seat 1: b78a5928 ($11.51 in chips)
Seat 2: Hero ($20.17 in chips)
Seat 4: 2d07dcfc ($10.79 in chips)
Seat 6: 9de4b3a ($11 in chips)
2d07dcfc: posts small blind $0.05
9de4b3a: posts big blind $0.1
*** HOLE CARDS ***
Dealt to b78a5928 
Dealt to Hero [Kh 9s]
Dealt to 2d07dcfc 
Dealt to 9de4b3a 
b78a5928: raises $0.15 to $0.25
Hero: folds
2d07dcfc: folds
9de4b3a: folds
Uncalled bet ($0.15) returned to b78a5928
*** SHOWDOWN ***
b78a5928 collected $0.25 from pot
*** SUMMARY ***
Total pot $0.25 | Rake $0 | Jackpot $0 | Bingo $0 | Fortune $0 | Tax $0
Seat 1: b78a5928 collected ($0.25)
Seat 2: Hero (button) folded before Flop (didn't bet)
Seat 4: 2d07dcfc (small blind) folded before Flop
Seat 6: 9de4b3a (big blind) folded before Flop


Poker Hand #HD1848008421: Hold'em No Limit ($0.05/$0.1) - 2024/07/08 11:19:11
Table 'NLHRed13' 6-max Seat #1 is the button
Seat 1: b78a5928 ($11.51 in chips)
Seat 2: Hero ($19.9 in chips)
Seat 4: 2d07dcfc ($11.09 in chips)
Seat 5: 746db0ce ($14.68 in chips)
Seat 6: 9de4b3a ($11 in chips)
Hero: posts small blind $0.05
2d07dcfc: posts big blind $0.1
*** HOLE CARDS ***
Dealt to b78a5928 
Dealt to Hero [7c 7s]
Dealt to 2d07dcfc 
Dealt to 746db0ce 
Dealt to 9de4b3a 
746db0ce: folds
9de4b3a: folds
b78a5928: folds
Hero: raises $0.2 to $0.3
2d07dcfc: calls $0.2
*** FLOP *** [Ks 6c 8d]
Hero: checks
2d07dcfc: checks
*** TURN *** [Ks 6c 8d] [Kd]
Hero: checks
2d07dcfc: checks
*** RIVER *** [Ks 6c 8d Kd] [2c]
Hero: checks
2d07dcfc: checks
Hero: shows [7c 7s] (Pair of Kings and Pair of Sevens)
2d07dcfc: shows [As 6s] (Pair of Kings and Pair of Sixes)
*** SHOWDOWN ***
Hero collected $0.57 from pot
*** SUMMARY ***
Total pot $0.6 | Rake $0.03 | Jackpot $0 | Bingo $0 | Fortune $0 | Tax $0
Board [Ks 6c 8d Kd 2c]
Seat 1: b78a5928 (button) folded before Flop (didn't bet)
Seat 2: Hero (small blind) showed [7c 7s] and won ($0.57) with Pair of Kings and Pair of Sevens
Seat 4: 2d07dcfc (big blind) showed [As 6s] and lost with Pair of Kings and Pair of Sixes
Seat 5: 746db0ce folded before Flop (didn't bet)
Seat 6: 9de4b3a folded before Flop (didn't bet)


Poker Hand #HD1848008402: Hold'em No Limit ($0.05/$0.1) - 2024/07/08 11:18:58
Table 'NLHRed13' 6-max Seat #6 is the button
Seat 1: b78a5928 ($11.56 in chips)
Seat 2: Hero ($20 in chips)
Seat 4: 2d07dcfc ($11.09 in chips)
Seat 5: 746db0ce ($14.68 in chips)
Seat 6: 9de4b3a ($10.85 in chips)
b78a5928: posts small blind $0.05
Hero: posts big blind $0.1
*** HOLE CARDS ***
Dealt to b78a5928 
Dealt to Hero [5d Qh]
Dealt to 2d07dcfc 
Dealt to 746db0ce 
Dealt to 9de4b3a 
2d07dcfc: folds
746db0ce: folds
9de4b3a: raises $0.15 to $0.25
b78a5928: folds
Hero: folds
Uncalled bet ($0.15) returned to 9de4b3a
*** SHOWDOWN ***
9de4b3a collected $0.25 from pot
*** SUMMARY ***
Total pot $0.25 | Rake $0 | Jackpot $0 | Bingo $0 | Fortune $0 | Tax $0
Seat 1: b78a5928 (small blind) folded before Flop
Seat 2: Hero (big blind) folded before Flop
Seat 4: 2d07dcfc folded before Flop (didn't bet)
Seat 5: 746db0ce folded before Flop (didn't bet)
Seat 6: 9de4b3a (button) collected ($0.25)


Poker Hand #HD1848008318: Hold'em No Limit ($0.05/$0.1) - 2024/07/08 11:17:52
Table 'NLHRed13' 6-max Seat #5 is the button
Seat 1: b78a5928 ($11.81 in chips)
Seat 2: Hero ($20 in chips)
Seat 4: 2d07dcfc ($11.09 in chips)
Seat 5: 746db0ce ($14.59 in chips)
Seat 6: 9de4b3a ($10.75 in chips)
9de4b3a: posts small blind $0.05
b78a5928: posts big blind $0.1
*** HOLE CARDS ***
Dealt to b78a5928 
Dealt to Hero [5c Ah]
Dealt to 2d07dcfc 
Dealt to 746db0ce 
Dealt to 9de4b3a 
Hero: folds
2d07dcfc: folds
746db0ce: raises $0.15 to $0.25
9de4b3a: calls $0.2
b78a5928: calls $0.15
*** FLOP *** [As Td 2h]
9de4b3a: checks
b78a5928: checks
746db0ce: bets $0.38
9de4b3a: calls $0.38
b78a5928: folds
*** TURN *** [As Td 2h] [3c]
9de4b3a: checks
746db0ce: checks
*** RIVER *** [As Td 2h 3c] [8c]
9de4b3a: checks
746db0ce: checks
9de4b3a: shows [Ts 9s] (Pair of Tens)
746db0ce: shows [Th 9d] (Pair of Tens)
*** SHOWDOWN ***
9de4b3a collected $0.73 from pot
746db0ce collected $0.72 from pot
*** SUMMARY ***
Total pot $1.51 | Rake $0.06 | Jackpot $0 | Bingo $0 | Fortune $0 | Tax $0
Board [As Td 2h 3c 8c]
Seat 1: b78a5928 (big blind) folded on the Flop
Seat 2: Hero folded before Flop (didn't bet)
Seat 4: 2d07dcfc folded before Flop (didn't bet)
Seat 5: 746db0ce (button) showed [Th 9d] and won ($0.72) with Pair of Tens
Seat 6: 9de4b3a (small blind) showed [Ts 9s] and won ($0.73) with Pair of Tens


Poker Hand #HD1848008259: Hold'em No Limit ($0.05/$0.1) - 2024/07/08 11:17:02
Table 'NLHRed13' 6-max Seat #4 is the button
Seat 2: Hero ($20 in chips)
Seat 4: 2d07dcfc ($11.09 in chips)
Seat 5: 746db0ce ($14.84 in chips)
Seat 6: 9de4b3a ($10.52 in chips)
746db0ce: posts small blind $0.05
9de4b3a: posts big blind $0.1
*** HOLE CARDS ***
Dealt to Hero [Td Jh]
Dealt to 2d07dcfc 
Dealt to 746db0ce 
Dealt to 9de4b3a 
Hero: folds
2d07dcfc: folds
746db0ce: raises $0.15 to $0.25
9de4b3a: calls $0.15
*** FLOP *** [Ac 4d 4c]
746db0ce: checks
9de4b3a: checks
*** TURN *** [Ac 4d 4c] [Kc]
746db0ce: checks
9de4b3a: checks
*** RIVER *** [Ac 4d 4c Kc] [3d]
746db0ce: checks
9de4b3a: bets $0.25
746db0ce: folds
Uncalled bet ($0.25) returned to 9de4b3a
*** SHOWDOWN ***
9de4b3a collected $0.48 from pot
*** SUMMARY ***
Total pot $0.5 | Rake $0.02 | Jackpot $0 | Bingo $0 | Fortune $0 | Tax $0
Board [Ac 4d 4c Kc 3d]
Seat 2: Hero folded before Flop (didn't bet)
Seat 4: 2d07dcfc (button) folded before Flop (didn't bet)
Seat 5: 746db0ce (small blind) folded on the River
Seat 6: 9de4b3a (big blind) won ($0.48)


Poker Hand #HD1848008233: Hold'em No Limit ($0.05/$0.1) - 2024/07/08 11:16:39
Table 'NLHRed13' 6-max Seat #2 is the button
Seat 2: Hero ($20 in chips)
Seat 4: 2d07dcfc ($11.14 in chips)
Seat 5: 746db0ce ($14.52 in chips)
Seat 6: 9de4b3a ($10.82 in chips)
2d07dcfc: posts small blind $0.05
746db0ce: posts big blind $0.1
*** HOLE CARDS ***
Dealt to Hero [8s Ah]
Dealt to 2d07dcfc 
Dealt to 746db0ce 
Dealt to 9de4b3a 
9de4b3a: raises $0.2 to $0.3
Hero: folds
2d07dcfc: folds
746db0ce: raises $0.75 to $1.05
9de4b3a: folds
Uncalled bet ($0.75) returned to 746db0ce
*** SHOWDOWN ***
746db0ce collected $0.62 from pot
*** SUMMARY ***
Total pot $0.65 | Rake $0.03 | Jackpot $0 | Bingo $0 | Fortune $0 | Tax $0
Seat 2: Hero (button) folded before Flop (didn't bet)
Seat 4: 2d07dcfc (small blind) folded before Flop
Seat 5: 746db0ce (big blind) collected ($0.62)
Seat 6: 9de4b3a folded before Flop


Poker Hand #HD1848008219: Hold'em No Limit ($0.05/$0.1) - 2024/07/08 11:16:27
Table 'NLHRed13' 6-max Seat #6 is the button
Seat 2: Hero ($20.05 in chips)
Seat 4: 2d07dcfc ($11.09 in chips)
Seat 5: 746db0ce ($14.52 in chips)
Seat 6: 9de4b3a ($10.82 in chips)
Hero: posts small blind $0.05
2d07dcfc: posts big blind $0.1
*** HOLE CARDS ***
Dealt to Hero [3h 8d]
Dealt to 2d07dcfc 
Dealt to 746db0ce 
Dealt to 9de4b3a 
746db0ce: folds
9de4b3a: folds
Hero: folds
Uncalled bet ($0.05) returned to 2d07dcfc
*** SHOWDOWN ***
2d07dcfc collected $0.1 from pot
*** SUMMARY ***
Total pot $0.1 | Rake $0 | Jackpot $0 | Bingo $0 | Fortune $0 | Tax $0
Seat 2: Hero (small blind) folded before Flop
Seat 4: 2d07dcfc (big blind) collected ($0.1)
Seat 5: 746db0ce folded before Flop (didn't bet)
Seat 6: 9de4b3a (button) folded before Flop (didn't bet)


Poker Hand #HD1848008186: Hold'em No Limit ($0.05/$0.1) - 2024/07/08 11:16:06
Table 'NLHRed13' 6-max Seat #5 is the button
Seat 2: Hero ($20.3 in chips)
Seat 4: 2d07dcfc ($11.09 in chips)
Seat 5: 746db0ce ($14.24 in chips)
Seat 6: 9de4b3a ($10.87 in chips)
9de4b3a: posts small blind $0.05
Hero: posts big blind $0.1
*** HOLE CARDS ***
Dealt to Hero [9c As]
Dealt to 2d07dcfc 
Dealt to 746db0ce 
Dealt to 9de4b3a 
2d07dcfc: folds
746db0ce: raises $0.15 to $0.25
9de4b3a: folds
Hero: calls $0.15
*** FLOP *** [Jc 6d 5c]
Hero: checks
746db0ce: bets $0.42
Hero: folds
Uncalled bet ($0.42) returned to 746db0ce
*** SHOWDOWN ***
746db0ce collected $0.53 from pot
*** SUMMARY ***
Total pot $0.55 | Rake $0.02 | Jackpot $0 | Bingo $0 | Fortune $0 | Tax $0
Board [Jc 6d 5c]
Seat 2: Hero (big blind) folded on the Flop
Seat 4: 2d07dcfc folded before Flop (didn't bet)
Seat 5: 746db0ce (button) won ($0.53)
Seat 6: 9de4b3a (small blind) folded before Flop


Poker Hand #HD1848008147: Hold'em No Limit ($0.05/$0.1) - 2024/07/08 11:15:37
Table 'NLHRed13' 6-max Seat #4 is the button
Seat 2: Hero ($20.3 in chips)
Seat 4: 2d07dcfc ($11.09 in chips)
Seat 5: 746db0ce ($15.04 in chips)
Seat 6: 9de4b3a ($10.15 in chips)
746db0ce: posts small blind $0.05
9de4b3a: posts big blind $0.1
*** HOLE CARDS ***
Dealt to Hero [7c Th]
Dealt to 2d07dcfc 
Dealt to 746db0ce 
Dealt to 9de4b3a 
Hero: folds
2d07dcfc: folds
746db0ce: raises $0.15 to $0.25
9de4b3a: raises $0.55 to $0.8
746db0ce: calls $0.55
*** FLOP *** [8h Tc 3h]
746db0ce: checks
9de4b3a: bets $0.8
746db0ce: folds
Uncalled bet ($0.8) returned to 9de4b3a
*** SHOWDOWN ***
9de4b3a collected $1.52 from pot
*** SUMMARY ***
Total pot $1.6 | Rake $0.08 | Jackpot $0 | Bingo $0 | Fortune $0 | Tax $0
Board [8h Tc 3h]
Seat 2: Hero folded before Flop (didn't bet)
Seat 4: 2d07dcfc (button) folded before Flop (didn't bet)
Seat 5: 746db0ce (small blind) folded on the Flop
Seat 6: 9de4b3a (big blind) won ($1.52)


Poker Hand #HD1848008117: Hold'em No Limit ($0.05/$0.1) - 2024/07/08 11:15:16
Table 'NLHRed13' 6-max Seat #3 is the button
Seat 2: Hero ($20.3 in chips)
Seat 3: 34fb5590 ($10.86 in chips)
Seat 4: 2d07dcfc ($11.14 in chips)
Seat 5: 746db0ce ($14.99 in chips)
Seat 6: 9de4b3a ($10.15 in chips)
2d07dcfc: posts small blind $0.05
746db0ce: posts big blind $0.1
*** HOLE CARDS ***
Dealt to Hero [4s 8d]
Dealt to 34fb5590 
Dealt to 2d07dcfc 
Dealt to 746db0ce 
Dealt to 9de4b3a 
9de4b3a: folds
Hero: folds
34fb5590: folds
2d07dcfc: folds
Uncalled bet ($0.05) returned to 746db0ce
*** SHOWDOWN ***
746db0ce collected $0.1 from pot
*** SUMMARY ***
Total pot $0.1 | Rake $0 | Jackpot $0 | Bingo $0 | Fortune $0 | Tax $0
Seat 2: Hero folded before Flop (didn't bet)
Seat 3: 34fb5590 (button) folded before Flop (didn't bet)
Seat 4: 2d07dcfc (small blind) folded before Flop
Seat 5: 746db0ce (big blind) collected ($0.1)
Seat 6: 9de4b3a folded before Flop (didn't bet)


Poker Hand #HD1848008100: Hold'em No Limit ($0.05/$0.1) - 2024/07/08 11:15:03
Table 'NLHRed13' 6-max Seat #2 is the button
Seat 2: Hero ($20.3 in chips)
Seat 3: 34fb5590 ($10.91 in chips)
Seat 4: 2d07dcfc ($11.24 in chips)
Seat 5: 746db0ce ($14.84 in chips)
Seat 6: 9de4b3a ($10.15 in chips)
34fb5590: posts small blind $0.05
2d07dcfc: posts big blind $0.1
*** HOLE CARDS ***
Dealt to Hero [6s Ad]
Dealt to 34fb5590 
Dealt to 2d07dcfc 
Dealt to 746db0ce 
Dealt to 9de4b3a 
746db0ce: raises $0.15 to $0.25
9de4b3a: folds
Hero: folds
34fb5590: folds
2d07dcfc: folds
Uncalled bet ($0.15) returned to 746db0ce
*** SHOWDOWN ***
746db0ce collected $0.25 from pot
*** SUMMARY ***
Total pot $0.25 | Rake $0 | Jackpot $0 | Bingo $0 | Fortune $0 | Tax $0
Seat 2: Hero (button) folded before Flop (didn't bet)
Seat 3: 34fb5590 (small blind) folded before Flop
Seat 4: 2d07dcfc (big blind) folded before Flop
Seat 5: 746db0ce collected ($0.25)
Seat 6: 9de4b3a folded before Flop (didn't bet)


Poker Hand #HD1848008086: Hold'em No Limit ($0.05/$0.1) - 2024/07/08 11:14:50
Table 'NLHRed13' 6-max Seat #6 is the button
Seat 2: Hero ($20.35 in chips)
Seat 3: 34fb5590 ($11.01 in chips)
Seat 4: 2d07dcfc ($11.24 in chips)
Seat 5: 746db0ce ($14.84 in chips)
Seat 6: 9de4b3a ($10 in chips)
Hero: posts small blind $0.05
34fb5590: posts big blind $0.1
*** HOLE CARDS ***
Dealt to Hero [5c 3c]
Dealt to 34fb5590 
Dealt to 2d07dcfc 
Dealt to 746db0ce 
Dealt to 9de4b3a 
2d07dcfc: folds
746db0ce: folds
9de4b3a: raises $0.15 to $0.25
Hero: folds
34fb5590: folds
Uncalled bet ($0.15) returned to 9de4b3a
*** SHOWDOWN ***
9de4b3a collected $0.25 from pot
*** SUMMARY ***
Total pot $0.25 | Rake $0 | Jackpot $0 | Bingo $0 | Fortune $0 | Tax $0
Seat 2: Hero (small blind) folded before Flop
Seat 3: 34fb5590 (big blind) folded before Flop
Seat 4: 2d07dcfc folded before Flop (didn't bet)
Seat 5: 746db0ce folded before Flop (didn't bet)
Seat 6: 9de4b3a (button) collected ($0.25)


Poker Hand #HD1848008032: Hold'em No Limit ($0.05/$0.1) - 2024/07/08 11:14:07
Table 'NLHRed13' 6-max Seat #5 is the button
Seat 2: Hero ($20.45 in chips)
Seat 3: 34fb5590 ($10.59 in chips)
Seat 4: 2d07dcfc ($11.24 in chips)
Seat 5: 746db0ce ($15.14 in chips)
Seat 6: 9de4b3a ($10 in chips)
9de4b3a: posts small blind $0.05
Hero: posts big blind $0.1
*** HOLE CARDS ***
Dealt to Hero [6h 2s]
Dealt to 34fb5590 
Dealt to 2d07dcfc 
Dealt to 746db0ce 
Dealt to 9de4b3a 
34fb5590: raises $0.2 to $0.3
2d07dcfc: folds
746db0ce: calls $0.3
9de4b3a: folds
Hero: folds
*** FLOP *** [8h 6c 2c]
34fb5590: checks
746db0ce: checks
*** TURN *** [8h 6c 2c] [Tc]
34fb5590: checks
746db0ce: checks
*** RIVER *** [8h 6c 2c Tc] [5d]
34fb5590: checks
746db0ce: checks
34fb5590: shows [Ad Td] (Pair of Tens)
746db0ce: shows [Qs Jd] (Queen-High)
*** SHOWDOWN ***
34fb5590 collected $0.72 from pot
*** SUMMARY ***
Total pot $0.75 | Rake $0.03 | Jackpot $0 | Bingo $0 | Fortune $0 | Tax $0
Board [8h 6c 2c Tc 5d]
Seat 2: Hero (big blind) folded before Flop
Seat 3: 34fb5590 showed [Ad Td] and won ($0.72) with Pair of Tens
Seat 4: 2d07dcfc folded before Flop (didn't bet)
Seat 5: 746db0ce (button) showed [Qs Jd] and lost with Queen-High
Seat 6: 9de4b3a (small blind) folded before Flop


Poker Hand #HD1848007895: Hold'em No Limit ($0.05/$0.1) - 2024/07/08 11:12:12
Table 'NLHRed13' 6-max Seat #4 is the button
Seat 2: Hero ($20.45 in chips)
Seat 3: 34fb5590 ($10.59 in chips)
Seat 4: 2d07dcfc ($10.42 in chips)
Seat 5: 746db0ce ($15.81 in chips)
Seat 6: 9de4b3a ($10.15 in chips)
746db0ce: posts small blind $0.05
9de4b3a: posts big blind $0.1
*** HOLE CARDS ***
Dealt to Hero [3h Qc]
Dealt to 34fb5590 
Dealt to 2d07dcfc 
Dealt to 746db0ce 
Dealt to 9de4b3a 
Hero: folds
34fb5590: folds
2d07dcfc: raises $0.12 to $0.22
746db0ce: calls $0.17
9de4b3a: calls $0.12
*** FLOP *** [4c Js 7s]
746db0ce: checks
9de4b3a: checks
2d07dcfc: checks
*** TURN *** [4c Js 7s] [Qh]
746db0ce: checks
9de4b3a: checks
2d07dcfc: bets $0.45
746db0ce: calls $0.45
9de4b3a: folds
*** RIVER *** [4c Js 7s Qh] [5h]
746db0ce: checks
2d07dcfc: bets $1.15
746db0ce: folds
Uncalled bet ($1.15) returned to 2d07dcfc
*** SHOWDOWN ***
2d07dcfc collected $1.49 from pot
*** SUMMARY ***
Total pot $1.56 | Rake $0.07 | Jackpot $0 | Bingo $0 | Fortune $0 | Tax $0
Board [4c Js 7s Qh 5h]
Seat 2: Hero folded before Flop (didn't bet)
Seat 3: 34fb5590 folded before Flop (didn't bet)
Seat 4: 2d07dcfc (button) won ($1.49)
Seat 5: 746db0ce (small blind) folded on the River
Seat 6: 9de4b3a (big blind) folded on the Turn


Poker Hand #HD1848007839: Hold'em No Limit ($0.05/$0.1) - 2024/07/08 11:11:24
Table 'NLHRed13' 6-max Seat #3 is the button
Seat 2: Hero ($20.45 in chips)
Seat 3: 34fb5590 ($11.38 in chips)
Seat 4: 2d07dcfc ($10.47 in chips)
Seat 5: 746db0ce ($15.05 in chips)
Seat 6: 9de4b3a ($10.15 in chips)
2d07dcfc: posts small blind $0.05
746db0ce: posts big blind $0.1
*** HOLE CARDS ***
Dealt to Hero [4s 2h]
Dealt to 34fb5590 
Dealt to 2d07dcfc 
Dealt to 746db0ce 
Dealt to 9de4b3a 
9de4b3a: folds
Hero: folds
34fb5590: raises $0.2 to $0.3
2d07dcfc: folds
746db0ce: calls $0.2
*** FLOP *** [4d Ad Qh]
746db0ce: checks
34fb5590: bets $0.49
746db0ce: raises $1.63 to $2.12
34fb5590: folds
Uncalled bet ($1.63) returned to 746db0ce
*** SHOWDOWN ***
746db0ce collected $1.55 from pot
*** SUMMARY ***
Total pot $1.63 | Rake $0.08 | Jackpot $0 | Bingo $0 | Fortune $0 | Tax $0
Board [4d Ad Qh]
Seat 2: Hero folded before Flop (didn't bet)
Seat 3: 34fb5590 (button) folded on the Flop
Seat 4: 2d07dcfc (small blind) folded before Flop
Seat 5: 746db0ce (big blind) won ($1.55)
Seat 6: 9de4b3a folded before Flop (didn't bet)


Poker Hand #HD1848007821: Hold'em No Limit ($0.05/$0.1) - 2024/07/08 11:11:09
Table 'NLHRed13' 6-max Seat #2 is the button
Seat 1: b78a5928 ($11.81 in chips)
Seat 2: Hero ($20.45 in chips)
Seat 3: 34fb5590 ($11.43 in chips)
Seat 4: 2d07dcfc ($10.42 in chips)
Seat 5: 746db0ce ($15.05 in chips)
Seat 6: 9de4b3a ($10.15 in chips)
34fb5590: posts small blind $0.05
2d07dcfc: posts big blind $0.1
*** HOLE CARDS ***
Dealt to b78a5928 
Dealt to Hero [Ts 4h]
Dealt to 34fb5590 
Dealt to 2d07dcfc 
Dealt to 746db0ce 
Dealt to 9de4b3a 
746db0ce: folds
9de4b3a: folds
b78a5928: folds
Hero: folds
34fb5590: folds
Uncalled bet ($0.05) returned to 2d07dcfc
*** SHOWDOWN ***
2d07dcfc collected $0.1 from pot
*** SUMMARY ***
Total pot $0.1 | Rake $0 | Jackpot $0 | Bingo $0 | Fortune $0 | Tax $0
Seat 1: b78a5928 folded before Flop (didn't bet)
Seat 2: Hero (button) folded before Flop (didn't bet)
Seat 3: 34fb5590 (small blind) folded before Flop
Seat 4: 2d07dcfc (big blind) collected ($0.1)
Seat 5: 746db0ce folded before Flop (didn't bet)
Seat 6: 9de4b3a folded before Flop (didn't bet)


Poker Hand #HD1848007797: Hold'em No Limit ($0.05/$0.1) - 2024/07/08 11:10:48
Table 'NLHRed13' 6-max Seat #1 is the button
Seat 1: b78a5928 ($11.81 in chips)
Seat 2: Hero ($20.5 in chips)
Seat 3: 34fb5590 ($11.53 in chips)
Seat 4: 2d07dcfc ($10.42 in chips)
Seat 5: 746db0ce ($15.05 in chips)
Seat 6: 9de4b3a ($10 in chips)
Hero: posts small blind $0.05
34fb5590: posts big blind $0.1
*** HOLE CARDS ***
Dealt to b78a5928 
Dealt to Hero [9h Td]
Dealt to 34fb5590 
Dealt to 2d07dcfc 
Dealt to 746db0ce 
Dealt to 9de4b3a 
2d07dcfc: folds
746db0ce: folds
9de4b3a: raises $0.2 to $0.3
b78a5928: folds
Hero: folds
34fb5590: folds
Uncalled bet ($0.2) returned to 9de4b3a
*** SHOWDOWN ***
9de4b3a collected $0.25 from pot
*** SUMMARY ***
Total pot $0.25 | Rake $0 | Jackpot $0 | Bingo $0 | Fortune $0 | Tax $0
Seat 1: b78a5928 (button) folded before Flop (didn't bet)
Seat 2: Hero (small blind) folded before Flop
Seat 3: 34fb5590 (big blind) folded before Flop
Seat 4: 2d07dcfc folded before Flop (didn't bet)
Seat 5: 746db0ce folded before Flop (didn't bet)
Seat 6: 9de4b3a collected ($0.25)


Poker Hand #HD1848007751: Hold'em No Limit ($0.05/$0.1) - 2024/07/08 11:10:13
Table 'NLHRed13' 6-max Seat #6 is the button
Seat 1: b78a5928 ($11.86 in chips)
Seat 2: Hero ($20.75 in chips)
Seat 4: 2d07dcfc ($10.42 in chips)
Seat 5: 746db0ce ($14.54 in chips)
Seat 6: 9de4b3a ($10 in chips)
b78a5928: posts small blind $0.05
Hero: posts big blind $0.1
*** HOLE CARDS ***
Dealt to b78a5928 
Dealt to Hero [9s 7s]
Dealt to 2d07dcfc 
Dealt to 746db0ce 
Dealt to 9de4b3a 
2d07dcfc: folds
746db0ce: raises $0.15 to $0.25
9de4b3a: calls $0.25
b78a5928: folds
Hero: calls $0.15
*** FLOP *** [8c Ah 3s]
Hero: checks
746db0ce: bets $0.4
9de4b3a: folds
Hero: folds
Uncalled bet ($0.4) returned to 746db0ce
*** SHOWDOWN ***
746db0ce collected $0.76 from pot
*** SUMMARY ***
Total pot $0.8 | Rake $0.04 | Jackpot $0 | Bingo $0 | Fortune $0 | Tax $0
Board [8c Ah 3s]
Seat 1: b78a5928 (small blind) folded before Flop
Seat 2: Hero (big blind) folded on the Flop
Seat 4: 2d07dcfc folded before Flop (didn't bet)
Seat 5: 746db0ce won ($0.76)
Seat 6: 9de4b3a (button) folded on the Flop


Poker Hand #HD1848007729: Hold'em No Limit ($0.05/$0.1) - 2024/07/08 11:09:48
Table 'NLHRed13' 6-max Seat #5 is the button
Seat 1: b78a5928 ($11.96 in chips)
Seat 2: Hero ($20.75 in chips)
Seat 4: 2d07dcfc ($10.27 in chips)
Seat 5: 746db0ce ($14.54 in chips)
Seat 6: 9de4b3a ($10 in chips)
9de4b3a: posts small blind $0.05
b78a5928: posts big blind $0.1
*** HOLE CARDS ***
Dealt to b78a5928 
Dealt to Hero [6s 2c]
Dealt to 2d07dcfc 
Dealt to 746db0ce 
Dealt to 9de4b3a 
Hero: folds
2d07dcfc: raises $0.12 to $0.22
746db0ce: folds
9de4b3a: folds
b78a5928: folds
Uncalled bet ($0.12) returned to 2d07dcfc
*** SHOWDOWN ***
2d07dcfc collected $0.25 from pot
*** SUMMARY ***
Total pot $0.25 | Rake $0 | Jackpot $0 | Bingo $0 | Fortune $0 | Tax $0
Seat 1: b78a5928 (big blind) folded before Flop
Seat 2: Hero folded before Flop (didn't bet)
Seat 4: 2d07dcfc collected ($0.25)
Seat 5: 746db0ce (button) folded before Flop (didn't bet)
Seat 6: 9de4b3a (small blind) folded before Flop


Poker Hand #HD1848007660: Hold'em No Limit ($0.05/$0.1) - 2024/07/08 11:08:51
Table 'NLHRed13' 6-max Seat #4 is the button
Seat 1: b78a5928 ($11.96 in chips)
Seat 2: Hero ($20.75 in chips)
Seat 4: 2d07dcfc ($10.27 in chips)
Seat 5: 746db0ce ($13.97 in chips)
Seat 6: 9de4b3a ($10 in chips)
746db0ce: posts small blind $0.05
9de4b3a: posts big blind $0.1
*** HOLE CARDS ***
Dealt to b78a5928 
Dealt to Hero [7s Ks]
Dealt to 2d07dcfc 
Dealt to 746db0ce 
Dealt to 9de4b3a 
b78a5928: folds
Hero: folds
2d07dcfc: folds
746db0ce: raises $0.15 to $0.25
9de4b3a: calls $0.15
*** FLOP *** [Ah 4h 2d]
746db0ce: bets $0.38
9de4b3a: calls $0.38
*** TURN *** [Ah 4h 2d] [Ts]
746db0ce: bets $0.95
9de4b3a: folds
Uncalled bet ($0.95) returned to 746db0ce
*** SHOWDOWN ***
746db0ce collected $1.2 from pot
*** SUMMARY ***
Total pot $1.26 | Rake $0.06 | Jackpot $0 | Bingo $0 | Fortune $0 | Tax $0
Board [Ah 4h 2d Ts]
Seat 1: b78a5928 folded before Flop (didn't bet)
Seat 2: Hero folded before Flop (didn't bet)
Seat 4: 2d07dcfc (button) folded before Flop (didn't bet)
Seat 5: 746db0ce (small blind) won ($1.2)
Seat 6: 9de4b3a (big blind) folded on the Turn


Poker Hand #HD1848007627: Hold'em No Limit ($0.05/$0.1) - 2024/07/08 11:08:22
Table 'NLHRed13' 6-max Seat #2 is the button
Seat 1: b78a5928 ($11.81 in chips)
Seat 2: Hero ($20.75 in chips)
Seat 4: 2d07dcfc ($10.32 in chips)
Seat 5: 746db0ce ($14.07 in chips)
Seat 6: 9de4b3a ($10 in chips)
2d07dcfc: posts small blind $0.05
746db0ce: posts big blind $0.1
*** HOLE CARDS ***
Dealt to b78a5928 
Dealt to Hero [5c 8c]
Dealt to 2d07dcfc 
Dealt to 746db0ce 
Dealt to 9de4b3a 
9de4b3a: folds
b78a5928: raises $0.15 to $0.25
Hero: folds
2d07dcfc: folds
746db0ce: folds
Uncalled bet ($0.15) returned to b78a5928
*** SHOWDOWN ***
b78a5928 collected $0.25 from pot
*** SUMMARY ***
Total pot $0.25 | Rake $0 | Jackpot $0 | Bingo $0 | Fortune $0 | Tax $0
Seat 1: b78a5928 collected ($0.25)
Seat 2: Hero (button) folded before Flop (didn't bet)
Seat 4: 2d07dcfc (small blind) folded before Flop
Seat 5: 746db0ce (big blind) folded before Flop
Seat 6: 9de4b3a folded before Flop (didn't bet)


Poker Hand #HD1848007595: Hold'em No Limit ($0.05/$0.1) - 2024/07/08 11:07:58
Table 'NLHRed13' 6-max Seat #1 is the button
Seat 1: b78a5928 ($11.81 in chips)
Seat 2: Hero ($20.8 in chips)
Seat 3: 34fb5590 ($11.63 in chips)
Seat 4: 2d07dcfc ($10.32 in chips)
Seat 5: 746db0ce ($13.92 in chips)
Seat 6: 9de4b3a ($10 in chips)
Hero: posts small blind $0.05
34fb5590: posts big blind $0.1
*** HOLE CARDS ***
Dealt to b78a5928 
Dealt to Hero [5d 5h]
Dealt to 34fb5590 
Dealt to 2d07dcfc 
Dealt to 746db0ce 
Dealt to 9de4b3a 
2d07dcfc: folds
746db0ce: raises $0.15 to $0.25
9de4b3a: folds
b78a5928: folds
Hero: folds
34fb5590: folds
Uncalled bet ($0.15) returned to 746db0ce
*** SHOWDOWN ***
746db0ce collected $0.25 from pot
*** SUMMARY ***
Total pot $0.25 | Rake $0 | Jackpot $0 | Bingo $0 | Fortune $0 | Tax $0
Seat 1: b78a5928 (button) folded before Flop (didn't bet)
Seat 2: Hero (small blind) folded before Flop
Seat 3: 34fb5590 (big blind) folded before Flop
Seat 4: 2d07dcfc folded before Flop (didn't bet)
Seat 5: 746db0ce collected ($0.25)
Seat 6: 9de4b3a folded before Flop (didn't bet)


Poker Hand #HD1848007563: Hold'em No Limit ($0.05/$0.1) - 2024/07/08 11:07:35
Table 'NLHRed13' 6-max Seat #6 is the button
Seat 1: b78a5928 ($11.86 in chips)
Seat 2: Hero ($20.9 in chips)
Seat 3: 34fb5590 ($11.93 in chips)
Seat 4: 2d07dcfc ($10.32 in chips)
Seat 5: 746db0ce ($13.5 in chips)
Seat 6: 9de4b3a ($10 in chips)
b78a5928: posts small blind $0.05
Hero: posts big blind $0.1
*** HOLE CARDS ***
Dealt to b78a5928 
Dealt to Hero [6c Th]
Dealt to 34fb5590 
Dealt to 2d07dcfc 
Dealt to 746db0ce 
Dealt to 9de4b3a 
34fb5590: raises $0.2 to $0.3
2d07dcfc: folds
746db0ce: raises $0.75 to $1.05
9de4b3a: folds
b78a5928: folds
Hero: folds
34fb5590: folds
Uncalled bet ($0.75) returned to 746db0ce
*** SHOWDOWN ***
746db0ce collected $0.72 from pot
*** SUMMARY ***
Total pot $0.75 | Rake $0.03 | Jackpot $0 | Bingo $0 | Fortune $0 | Tax $0
Seat 1: b78a5928 (small blind) folded before Flop
Seat 2: Hero (big blind) folded before Flop
Seat 3: 34fb5590 folded before Flop
Seat 4: 2d07dcfc folded before Flop (didn't bet)
Seat 5: 746db0ce collected ($0.72)
Seat 6: 9de4b3a (button) folded before Flop (didn't bet)


Poker Hand #HD1848007470: Hold'em No Limit ($0.05/$0.1) - 2024/07/08 11:06:15
Table 'NLHRed13' 6-max Seat #5 is the button
Seat 1: b78a5928 ($10 in chips)
Seat 2: Hero ($20.9 in chips)
Seat 3: 34fb5590 ($11.93 in chips)
Seat 4: 2d07dcfc ($10.32 in chips)
Seat 5: 746db0ce ($15.62 in chips)
Seat 6: 9de4b3a ($10.05 in chips)
9de4b3a: posts small blind $0.05
b78a5928: posts big blind $0.1
*** HOLE CARDS ***
Dealt to b78a5928 
Dealt to Hero [6d 2d]
Dealt to 34fb5590 
Dealt to 2d07dcfc 
Dealt to 746db0ce 
Dealt to 9de4b3a 
Hero: folds
34fb5590: folds
2d07dcfc: folds
746db0ce: raises $0.1 to $0.2
9de4b3a: folds
b78a5928: raises $0.63 to $0.83
746db0ce: calls $0.63
*** FLOP *** [7d Jc 8d]
b78a5928: checks
746db0ce: bets $1.29
b78a5928: calls $1.29
*** TURN *** [7d Jc 8d] [Qs]
b78a5928: checks
746db0ce: checks
*** RIVER *** [7d Jc 8d Qs] [6h]
b78a5928: bets $4.15
746db0ce: folds
Uncalled bet ($4.15) returned to b78a5928
*** SHOWDOWN ***
b78a5928 collected $3.98 from pot
*** SUMMARY ***
Total pot $4.29 | Rake $0.21 | Jackpot $0.1 | Bingo $0 | Fortune $0 | Tax $0
Board [7d Jc 8d Qs 6h]
Seat 1: b78a5928 (big blind) won ($3.98)
Seat 2: Hero folded before Flop (didn't bet)
Seat 3: 34fb5590 folded before Flop (didn't bet)
Seat 4: 2d07dcfc folded before Flop (didn't bet)
Seat 5: 746db0ce (button) folded on the River
Seat 6: 9de4b3a (small blind) folded before Flop


Poker Hand #HD1848007440: Hold'em No Limit ($0.05/$0.1) - 2024/07/08 11:05:49
Table 'NLHRed13' 6-max Seat #4 is the button
Seat 2: Hero ($20.9 in chips)
Seat 3: 34fb5590 ($11.93 in chips)
Seat 4: 2d07dcfc ($10.32 in chips)
Seat 5: 746db0ce ($15.67 in chips)
Seat 6: 9de4b3a ($10 in chips)
746db0ce: posts small blind $0.05
9de4b3a: posts big blind $0.1
*** HOLE CARDS ***
Dealt to Hero [9d 8s]
Dealt to 34fb5590 
Dealt to 2d07dcfc 
Dealt to 746db0ce 
Dealt to 9de4b3a 
Hero: folds
34fb5590: folds
2d07dcfc: folds
746db0ce: folds
Uncalled bet ($0.05) returned to 9de4b3a
*** SHOWDOWN ***
9de4b3a collected $0.1 from pot
*** SUMMARY ***
Total pot $0.1 | Rake $0 | Jackpot $0 | Bingo $0 | Fortune $0 | Tax $0
Seat 2: Hero folded before Flop (didn't bet)
Seat 3: 34fb5590 folded before Flop (didn't bet)
Seat 4: 2d07dcfc (button) folded before Flop (didn't bet)
Seat 5: 746db0ce (small blind) folded before Flop
Seat 6: 9de4b3a (big blind) collected ($0.1)


Poker Hand #HD1848007368: Hold'em No Limit ($0.05/$0.1) - 2024/07/08 11:04:50
Table 'NLHRed13' 6-max Seat #3 is the button
Seat 2: Hero ($20.9 in chips)
Seat 3: 34fb5590 ($11.93 in chips)
Seat 4: 2d07dcfc ($10.37 in chips)
Seat 5: 746db0ce ($15.35 in chips)
Seat 6: 9de4b3a ($10.15 in chips)
2d07dcfc: posts small blind $0.05
746db0ce: posts big blind $0.1
*** HOLE CARDS ***
Dealt to Hero [7d 9h]
Dealt to 34fb5590 
Dealt to 2d07dcfc 
Dealt to 746db0ce 
Dealt to 9de4b3a 
9de4b3a: raises $0.2 to $0.3
Hero: folds
34fb5590: folds
2d07dcfc: folds
746db0ce: calls $0.2
*** FLOP *** [5c 3c 7s]
746db0ce: checks
9de4b3a: checks
*** TURN *** [5c 3c 7s] [2s]
746db0ce: checks
9de4b3a: checks
*** RIVER *** [5c 3c 7s 2s] [Th]
746db0ce: bets $0.49
9de4b3a: folds
Uncalled bet ($0.49) returned to 746db0ce
*** SHOWDOWN ***
746db0ce collected $0.62 from pot
*** SUMMARY ***
Total pot $0.65 | Rake $0.03 | Jackpot $0 | Bingo $0 | Fortune $0 | Tax $0
Board [5c 3c 7s 2s Th]
Seat 2: Hero folded before Flop (didn't bet)
Seat 3: 34fb5590 (button) folded before Flop (didn't bet)
Seat 4: 2d07dcfc (small blind) folded before Flop
Seat 5: 746db0ce (big blind) won ($0.62)
Seat 6: 9de4b3a folded on the River


Poker Hand #HD1848007318: Hold'em No Limit ($0.05/$0.1) - 2024/07/08 11:04:09
Table 'NLHRed13' 6-max Seat #2 is the button
Seat 2: Hero ($20.9 in chips)
Seat 3: 34fb5590 ($11.98 in chips)
Seat 4: 2d07dcfc ($10.47 in chips)
Seat 5: 746db0ce ($15.2 in chips)
Seat 6: 9de4b3a ($10.15 in chips)
34fb5590: posts small blind $0.05
2d07dcfc: posts big blind $0.1
*** HOLE CARDS ***
Dealt to Hero [Ts Jd]
Dealt to 34fb5590 
Dealt to 2d07dcfc 
Dealt to 746db0ce 
Dealt to 9de4b3a 
746db0ce: raises $0.15 to $0.25
9de4b3a: folds
Hero: folds
34fb5590: folds
2d07dcfc: folds
Uncalled bet ($0.15) returned to 746db0ce
*** SHOWDOWN ***
746db0ce collected $0.25 from pot
*** SUMMARY ***
Total pot $0.25 | Rake $0 | Jackpot $0 | Bingo $0 | Fortune $0 | Tax $0
Seat 2: Hero (button) folded before Flop (didn't bet)
Seat 3: 34fb5590 (small blind) folded before Flop
Seat 4: 2d07dcfc (big blind) folded before Flop
Seat 5: 746db0ce collected ($0.25)
Seat 6: 9de4b3a folded before Flop (didn't bet)


Poker Hand #HD1848007300: Hold'em No Limit ($0.05/$0.1) - 2024/07/08 11:03:52
Table 'NLHRed13' 6-max Seat #6 is the button
Seat 2: Hero ($20.95 in chips)
Seat 3: 34fb5590 ($12.08 in chips)
Seat 4: 2d07dcfc ($10.32 in chips)
Seat 5: 746db0ce ($15.2 in chips)
Seat 6: 9de4b3a ($10.15 in chips)
Hero: posts small blind $0.05
34fb5590: posts big blind $0.1
*** HOLE CARDS ***
Dealt to Hero [7c 2h]
Dealt to 34fb5590 
Dealt to 2d07dcfc 
Dealt to 746db0ce 
Dealt to 9de4b3a 
2d07dcfc: raises $0.12 to $0.22
746db0ce: folds
9de4b3a: folds
Hero: folds
34fb5590: folds
Uncalled bet ($0.12) returned to 2d07dcfc
*** SHOWDOWN ***
2d07dcfc collected $0.25 from pot
*** SUMMARY ***
Total pot $0.25 | Rake $0 | Jackpot $0 | Bingo $0 | Fortune $0 | Tax $0
Seat 2: Hero (small blind) folded before Flop
Seat 3: 34fb5590 (big blind) folded before Flop
Seat 4: 2d07dcfc collected ($0.25)
Seat 5: 746db0ce folded before Flop (didn't bet)
Seat 6: 9de4b3a (button) folded before Flop (didn't bet)


Poker Hand #HD1848007179: Hold'em No Limit ($0.05/$0.1) - 2024/07/08 11:02:07
Table 'NLHRed13' 6-max Seat #5 is the button
Seat 2: Hero ($18.67 in chips)
Seat 3: 34fb5590 ($12.38 in chips)
Seat 4: 2d07dcfc ($10.32 in chips)
Seat 5: 746db0ce ($17.47 in chips)
Seat 6: 9de4b3a ($10.2 in chips)
9de4b3a: posts small blind $0.05
Hero: posts big blind $0.1
*** HOLE CARDS ***
Dealt to Hero [8d 9d]
Dealt to 34fb5590 
Dealt to 2d07dcfc 
Dealt to 746db0ce 
Dealt to 9de4b3a 
34fb5590: raises $0.2 to $0.3
2d07dcfc: folds
746db0ce: calls $0.3
9de4b3a: folds
Hero: calls $0.2
*** FLOP *** [3c 6d Ad]
Hero: checks
34fb5590: checks
746db0ce: checks
*** TURN *** [3c 6d Ad] [Kd]
Hero: bets $0.5
34fb5590: folds
746db0ce: calls $0.5
*** RIVER *** [3c 6d Ad Kd] [5d]
Hero: checks
746db0ce: bets $1.47
Hero: calls $1.47
746db0ce: shows [9h Kh] (Pair of Kings)
Hero: shows [8d 9d] (Ace High Flush)
*** SHOWDOWN ***
Hero collected $4.55 from pot
*** SUMMARY ***
Total pot $4.89 | Rake $0.24 | Jackpot $0.1 | Bingo $0 | Fortune $0 | Tax $0
Board [3c 6d Ad Kd 5d]
Seat 2: Hero (big blind) showed [8d 9d] and won ($4.55) with Ace High Flush
Seat 3: 34fb5590 folded on the Turn
Seat 4: 2d07dcfc folded before Flop (didn't bet)
Seat 5: 746db0ce (button) showed [9h Kh] and lost with Pair of Kings
Seat 6: 9de4b3a (small blind) folded before Flop


Poker Hand #HD1848007141: Hold'em No Limit ($0.05/$0.1) - 2024/07/08 11:01:38
Table 'NLHRed13' 6-max Seat #4 is the button
Seat 1: 465bd24c ($17.49 in chips)
Seat 2: Hero ($18.67 in chips)
Seat 3: 34fb5590 ($12.38 in chips)
Seat 4: 2d07dcfc ($10.32 in chips)
Seat 5: 746db0ce ($17.52 in chips)
Seat 6: 9de4b3a ($10.15 in chips)
746db0ce: posts small blind $0.05
9de4b3a: posts big blind $0.1
*** HOLE CARDS ***
Dealt to 465bd24c 
Dealt to Hero [Tc 9d]
Dealt to 34fb5590 
Dealt to 2d07dcfc 
Dealt to 746db0ce 
Dealt to 9de4b3a 
465bd24c: folds
Hero: folds
34fb5590: folds
2d07dcfc: folds
746db0ce: folds
Uncalled bet ($0.05) returned to 9de4b3a
*** SHOWDOWN ***
9de4b3a collected $0.1 from pot
*** SUMMARY ***
Total pot $0.1 | Rake $0 | Jackpot $0 | Bingo $0 | Fortune $0 | Tax $0
Seat 1: 465bd24c folded before Flop (didn't bet)
Seat 2: Hero folded before Flop (didn't bet)
Seat 3: 34fb5590 folded before Flop (didn't bet)
Seat 4: 2d07dcfc (button) folded before Flop (didn't bet)
Seat 5: 746db0ce (small blind) folded before Flop
Seat 6: 9de4b3a (big blind) collected ($0.1)


Poker Hand #HD1848007097: Hold'em No Limit ($0.05/$0.1) - 2024/07/08 11:01:06
Table 'NLHRed13' 6-max Seat #3 is the button
Seat 1: 465bd24c ($17.49 in chips)
Seat 2: Hero ($18.67 in chips)
Seat 3: 34fb5590 ($12.38 in chips)
Seat 4: 2d07dcfc ($10.05 in chips)
Seat 5: 746db0ce ($17.82 in chips)
Seat 6: 9de4b3a ($10.15 in chips)
2d07dcfc: posts small blind $0.05
746db0ce: posts big blind $0.1
*** HOLE CARDS ***
Dealt to 465bd24c 
Dealt to Hero [6h 8c]
Dealt to 34fb5590 
Dealt to 2d07dcfc 
Dealt to 746db0ce 
Dealt to 9de4b3a 
9de4b3a: folds
465bd24c: folds
Hero: folds
34fb5590: folds
2d07dcfc: raises $0.2 to $0.3
746db0ce: calls $0.2
*** FLOP *** [7c 6d Ac]
2d07dcfc: bets $0.3
746db0ce: folds
Uncalled bet ($0.3) returned to 2d07dcfc
*** SHOWDOWN ***
2d07dcfc collected $0.57 from pot
*** SUMMARY ***
Total pot $0.6 | Rake $0.03 | Jackpot $0 | Bingo $0 | Fortune $0 | Tax $0
Board [7c 6d Ac]
Seat 1: 465bd24c folded before Flop (didn't bet)
Seat 2: Hero folded before Flop (didn't bet)
Seat 3: 34fb5590 (button) folded before Flop (didn't bet)
Seat 4: 2d07dcfc (small blind) won ($0.57)
Seat 5: 746db0ce (big blind) folded on the Flop
Seat 6: 9de4b3a folded before Flop (didn't bet)


Poker Hand #HD1848007057: Hold'em No Limit ($0.05/$0.1) - 2024/07/08 11:00:36
Table 'NLHRed13' 6-max Seat #2 is the button
Seat 1: 465bd24c ($17.49 in chips)
Seat 2: Hero ($18.3 in chips)
Seat 3: 34fb5590 ($12.43 in chips)
Seat 4: 2d07dcfc ($10.15 in chips)
Seat 5: 746db0ce ($18.07 in chips)
Seat 6: 9de4b3a ($10.15 in chips)
34fb5590: posts small blind $0.05
2d07dcfc: posts big blind $0.1
*** HOLE CARDS ***
Dealt to 465bd24c 
Dealt to Hero [Qh Ah]
Dealt to 34fb5590 
Dealt to 2d07dcfc 
Dealt to 746db0ce 
Dealt to 9de4b3a 
746db0ce: raises $0.15 to $0.25
9de4b3a: folds
465bd24c: folds
Hero: raises $0.55 to $0.8
34fb5590: folds
2d07dcfc: folds
746db0ce: folds
Uncalled bet ($0.55) returned to Hero
*** SHOWDOWN ***
Hero collected $0.62 from pot
*** SUMMARY ***
Total pot $0.65 | Rake $0.03 | Jackpot $0 | Bingo $0 | Fortune $0 | Tax $0
Seat 1: 465bd24c folded before Flop (didn't bet)
Seat 2: Hero (button) collected ($0.62)
Seat 3: 34fb5590 (small blind) folded before Flop
Seat 4: 2d07dcfc (big blind) folded before Flop
Seat 5: 746db0ce folded before Flop
Seat 6: 9de4b3a folded before Flop (didn't bet)


Poker Hand #HD1848007027: Hold'em No Limit ($0.05/$0.1) - 2024/07/08 11:00:11
Table 'NLHRed13' 6-max Seat #1 is the button
Seat 1: 465bd24c ($17.49 in chips)
Seat 2: Hero ($18.35 in chips)
Seat 3: 34fb5590 ($12.53 in chips)
Seat 4: 2d07dcfc ($10.15 in chips)
Seat 5: 746db0ce ($18.07 in chips)
Seat 6: 9de4b3a ($10 in chips)
Hero: posts small blind $0.05
34fb5590: posts big blind $0.1
*** HOLE CARDS ***
Dealt to 465bd24c 
Dealt to Hero [5h 7h]
Dealt to 34fb5590 
Dealt to 2d07dcfc 
Dealt to 746db0ce 
Dealt to 9de4b3a 
2d07dcfc: folds
746db0ce: folds
9de4b3a: raises $0.2 to $0.3
465bd24c: folds
Hero: folds
34fb5590: folds
Uncalled bet ($0.2) returned to 9de4b3a
*** SHOWDOWN ***
9de4b3a collected $0.25 from pot
*** SUMMARY ***
Total pot $0.25 | Rake $0 | Jackpot $0 | Bingo $0 | Fortune $0 | Tax $0
Seat 1: 465bd24c (button) folded before Flop (didn't bet)
Seat 2: Hero (small blind) folded before Flop
Seat 3: 34fb5590 (big blind) folded before Flop
Seat 4: 2d07dcfc folded before Flop (didn't bet)
Seat 5: 746db0ce folded before Flop (didn't bet)
Seat 6: 9de4b3a collected ($0.25)


Poker Hand #HD1848006880: Hold'em No Limit ($0.05/$0.1) - 2024/07/08 10:58:23
Table 'NLHRed13' 6-max Seat #6 is the button
Seat 1: 465bd24c ($17.54 in chips)
Seat 2: Hero ($18.95 in chips)
Seat 3: 34fb5590 ($11.94 in chips)
Seat 4: 2d07dcfc ($10.15 in chips)
Seat 5: 746db0ce ($18.07 in chips)
Seat 6: 9de4b3a ($10 in chips)
465bd24c: posts small blind $0.05
Hero: posts big blind $0.1
*** HOLE CARDS ***
Dealt to 465bd24c 
Dealt to Hero [Th Jc]
Dealt to 34fb5590 
Dealt to 2d07dcfc 
Dealt to 746db0ce 
Dealt to 9de4b3a 
34fb5590: raises $0.2 to $0.3
2d07dcfc: folds
746db0ce: folds
9de4b3a: folds
465bd24c: folds
Hero: calls $0.2
*** FLOP *** [9c Ks 9d]
Hero: bets $0.3
34fb5590: calls $0.3
*** TURN *** [9c Ks 9d] [Js]
Hero: checks
34fb5590: checks
*** RIVER *** [9c Ks 9d Js] [As]
Hero: checks
34fb5590: bets $0.55
Hero: folds
Uncalled bet ($0.55) returned to 34fb5590
*** SHOWDOWN ***
34fb5590 collected $1.19 from pot
*** SUMMARY ***
Total pot $1.25 | Rake $0.06 | Jackpot $0 | Bingo $0 | Fortune $0 | Tax $0
Board [9c Ks 9d Js As]
Seat 1: 465bd24c (small blind) folded before Flop
Seat 2: Hero (big blind) folded on the River
Seat 3: 34fb5590 won ($1.19)
Seat 4: 2d07dcfc folded before Flop (didn't bet)
Seat 5: 746db0ce folded before Flop (didn't bet)
Seat 6: 9de4b3a (button) folded before Flop (didn't bet)


Poker Hand #HD1848006800: Hold'em No Limit ($0.05/$0.1) - 2024/07/08 10:57:21
Table 'NLHRed13' 6-max Seat #5 is the button
Seat 1: 465bd24c ($19.04 in chips)
Seat 2: Hero ($18.95 in chips)
Seat 3: 34fb5590 ($10.35 in chips)
Seat 4: 2d07dcfc ($10.15 in chips)
Seat 5: 746db0ce ($18.37 in chips)
Seat 6: 9de4b3a ($10.03 in chips)
9de4b3a: posts small blind $0.05
465bd24c: posts big blind $0.1
*** HOLE CARDS ***
Dealt to 465bd24c 
Dealt to Hero [4s 2d]
Dealt to 34fb5590 
Dealt to 2d07dcfc 
Dealt to 746db0ce 
Dealt to 9de4b3a 
Hero: folds
34fb5590: raises $0.2 to $0.3
2d07dcfc: folds
746db0ce: calls $0.3
9de4b3a: folds
465bd24c: raises $1.2 to $1.5
34fb5590: raises $2.52 to $4.02
746db0ce: folds
465bd24c: folds
Uncalled bet ($2.52) returned to 34fb5590
*** SHOWDOWN ***
34fb5590 collected $3.09 from pot
*** SUMMARY ***
Total pot $3.35 | Rake $0.16 | Jackpot $0.1 | Bingo $0 | Fortune $0 | Tax $0
Seat 1: 465bd24c (big blind) folded before Flop
Seat 2: Hero folded before Flop (didn't bet)
Seat 3: 34fb5590 collected ($3.09)
Seat 4: 2d07dcfc folded before Flop (didn't bet)
Seat 5: 746db0ce (button) folded before Flop
Seat 6: 9de4b3a (small blind) folded before Flop


Poker Hand #HD1848006782: Hold'em No Limit ($0.05/$0.1) - 2024/07/08 10:57:03
Table 'NLHRed13' 6-max Seat #4 is the button
Seat 1: 465bd24c ($19.04 in chips)
Seat 2: Hero ($18.95 in chips)
Seat 3: 34fb5590 ($10.35 in chips)
Seat 4: 2d07dcfc ($10 in chips)
Seat 5: 746db0ce ($18.42 in chips)
Seat 6: 9de4b3a ($10.13 in chips)
746db0ce: posts small blind $0.05
9de4b3a: posts big blind $0.1
*** HOLE CARDS ***
Dealt to 465bd24c 
Dealt to Hero [2s Td]
Dealt to 34fb5590 
Dealt to 2d07dcfc 
Dealt to 746db0ce 
Dealt to 9de4b3a 
465bd24c: folds
Hero: folds
34fb5590: folds
2d07dcfc: raises $0.12 to $0.22
746db0ce: folds
9de4b3a: folds
Uncalled bet ($0.12) returned to 2d07dcfc
*** SHOWDOWN ***
2d07dcfc collected $0.25 from pot
*** SUMMARY ***
Total pot $0.25 | Rake $0 | Jackpot $0 | Bingo $0 | Fortune $0 | Tax $0
Seat 1: 465bd24c folded before Flop (didn't bet)
Seat 2: Hero folded before Flop (didn't bet)
Seat 3: 34fb5590 folded before Flop (didn't bet)
Seat 4: 2d07dcfc (button) collected ($0.25)
Seat 5: 746db0ce (small blind) folded before Flop
Seat 6: 9de4b3a (big blind) folded before Flop


Poker Hand #HD1848006711: Hold'em No Limit ($0.05/$0.1) - 2024/07/08 10:56:12
Table 'NLHRed13' 6-max Seat #3 is the button
Seat 1: 465bd24c ($19.04 in chips)
Seat 2: Hero ($18.95 in chips)
Seat 3: 34fb5590 ($10.35 in chips)
Seat 4: 2d07dcfc ($10 in chips)
Seat 5: 746db0ce ($18.1 in chips)
Seat 6: 9de4b3a ($10.43 in chips)
2d07dcfc: posts small blind $0.05
746db0ce: posts big blind $0.1
*** HOLE CARDS ***
Dealt to 465bd24c 
Dealt to Hero [3c 2d]
Dealt to 34fb5590 
Dealt to 2d07dcfc 
Dealt to 746db0ce 
Dealt to 9de4b3a 
9de4b3a: raises $0.2 to $0.3
465bd24c: folds
Hero: folds
34fb5590: folds
2d07dcfc: folds
746db0ce: calls $0.2
*** FLOP *** [Ts Js 9c]
746db0ce: bets $0.33
9de4b3a: folds
Uncalled bet ($0.33) returned to 746db0ce
*** SHOWDOWN ***
746db0ce collected $0.62 from pot
*** SUMMARY ***
Total pot $0.65 | Rake $0.03 | Jackpot $0 | Bingo $0 | Fortune $0 | Tax $0
Board [Ts Js 9c]
Seat 1: 465bd24c folded before Flop (didn't bet)
Seat 2: Hero folded before Flop (didn't bet)
Seat 3: 34fb5590 (button) folded before Flop (didn't bet)
Seat 4: 2d07dcfc (small blind) folded before Flop
Seat 5: 746db0ce (big blind) won ($0.62)
Seat 6: 9de4b3a folded on the Flop


Poker Hand #HD1848006694: Hold'em No Limit ($0.05/$0.1) - 2024/07/08 10:55:56
Table 'NLHRed13' 6-max Seat #2 is the button
Seat 1: 465bd24c ($19.04 in chips)
Seat 2: Hero ($18.95 in chips)
Seat 3: 34fb5590 ($10.4 in chips)
Seat 4: 2d07dcfc ($10 in chips)
Seat 5: 746db0ce ($18.1 in chips)
Seat 6: 9de4b3a ($10.28 in chips)
34fb5590: posts small blind $0.05
2d07dcfc: posts big blind $0.1
*** HOLE CARDS ***
Dealt to 465bd24c 
Dealt to Hero [Qh 4c]
Dealt to 34fb5590 
Dealt to 2d07dcfc 
Dealt to 746db0ce 
Dealt to 9de4b3a 
746db0ce: folds
9de4b3a: raises $0.2 to $0.3
465bd24c: folds
Hero: folds
34fb5590: folds
2d07dcfc: folds
Uncalled bet ($0.2) returned to 9de4b3a
*** SHOWDOWN ***
9de4b3a collected $0.25 from pot
*** SUMMARY ***
Total pot $0.25 | Rake $0 | Jackpot $0 | Bingo $0 | Fortune $0 | Tax $0
Seat 1: 465bd24c folded before Flop (didn't bet)
Seat 2: Hero (button) folded before Flop (didn't bet)
Seat 3: 34fb5590 (small blind) folded before Flop
Seat 4: 2d07dcfc (big blind) folded before Flop
Seat 5: 746db0ce folded before Flop (didn't bet)
Seat 6: 9de4b3a collected ($0.25)


Poker Hand #HD1848006606: Hold'em No Limit ($0.05/$0.1) - 2024/07/08 10:54:43
Table 'NLHRed13' 6-max Seat #1 is the button
Seat 1: 465bd24c ($19.24 in chips)
Seat 2: Hero ($19 in chips)
Seat 3: 34fb5590 ($10.17 in chips)
Seat 5: 746db0ce ($18.1 in chips)
Seat 6: 9de4b3a ($10.28 in chips)
Hero: posts small blind $0.05
34fb5590: posts big blind $0.1
*** HOLE CARDS ***
Dealt to 465bd24c 
Dealt to Hero [Kc 5d]
Dealt to 34fb5590 
Dealt to 746db0ce 
Dealt to 9de4b3a 
746db0ce: folds
9de4b3a: folds
465bd24c: raises $0.1 to $0.2
Hero: folds
34fb5590: calls $0.1
*** FLOP *** [9d 7c 4d]
34fb5590: checks
465bd24c: checks
*** TURN *** [9d 7c 4d] [Ts]
34fb5590: bets $1
465bd24c: folds
Uncalled bet ($1) returned to 34fb5590
*** SHOWDOWN ***
34fb5590 collected $0.43 from pot
*** SUMMARY ***
Total pot $0.45 | Rake $0.02 | Jackpot $0 | Bingo $0 | Fortune $0 | Tax $0
Board [9d 7c 4d Ts]
Seat 1: 465bd24c (button) folded on the Turn
Seat 2: Hero (small blind) folded before Flop
Seat 3: 34fb5590 (big blind) won ($0.43)
Seat 5: 746db0ce folded before Flop (didn't bet)
Seat 6: 9de4b3a folded before Flop (didn't bet)


Poker Hand #HD1848006581: Hold'em No Limit ($0.05/$0.1) - 2024/07/08 10:54:30
Table 'NLHRed13' 6-max Seat #6 is the button
Seat 1: 465bd24c ($19.14 in chips)
Seat 2: Hero ($19.1 in chips)
Seat 3: 34fb5590 ($10.17 in chips)
Seat 5: 746db0ce ($18.1 in chips)
Seat 6: 9de4b3a ($10.28 in chips)
465bd24c: posts small blind $0.05
Hero: posts big blind $0.1
*** HOLE CARDS ***
Dealt to 465bd24c 
Dealt to Hero [8c 9h]
Dealt to 34fb5590 
Dealt to 746db0ce 
Dealt to 9de4b3a 
34fb5590: folds
746db0ce: folds
9de4b3a: folds
465bd24c: raises $0.2 to $0.3
Hero: folds
Uncalled bet ($0.2) returned to 465bd24c
*** SHOWDOWN ***
465bd24c collected $0.2 from pot
*** SUMMARY ***
Total pot $0.2 | Rake $0 | Jackpot $0 | Bingo $0 | Fortune $0 | Tax $0
Seat 1: 465bd24c (small blind) collected ($0.2)
Seat 2: Hero (big blind) folded before Flop
Seat 3: 34fb5590 folded before Flop (didn't bet)
Seat 5: 746db0ce folded before Flop (didn't bet)
Seat 6: 9de4b3a (button) folded before Flop (didn't bet)


Poker Hand #HD1848006523: Hold'em No Limit ($0.05/$0.1) - 2024/07/08 10:53:45
Table 'NLHRed13' 6-max Seat #5 is the button
Seat 1: 465bd24c ($19.39 in chips)
Seat 2: Hero ($19.1 in chips)
Seat 3: 34fb5590 ($10.17 in chips)
Seat 5: 746db0ce ($17.82 in chips)
Seat 6: 9de4b3a ($10.33 in chips)
9de4b3a: posts small blind $0.05
465bd24c: posts big blind $0.1
*** HOLE CARDS ***
Dealt to 465bd24c 
Dealt to Hero [7d 6s]
Dealt to 34fb5590 
Dealt to 746db0ce 
Dealt to 9de4b3a 
Hero: folds
34fb5590: folds
746db0ce: raises $0.15 to $0.25
9de4b3a: folds
465bd24c: calls $0.15
*** FLOP *** [8h As 5s]
465bd24c: checks
746db0ce: checks
*** TURN *** [8h As 5s] [6c]
465bd24c: checks
746db0ce: bets $0.28
465bd24c: folds
Uncalled bet ($0.28) returned to 746db0ce
*** SHOWDOWN ***
746db0ce collected $0.53 from pot
*** SUMMARY ***
Total pot $0.55 | Rake $0.02 | Jackpot $0 | Bingo $0 | Fortune $0 | Tax $0
Board [8h As 5s 6c]
Seat 1: 465bd24c (big blind) folded on the Turn
Seat 2: Hero folded before Flop (didn't bet)
Seat 3: 34fb5590 folded before Flop (didn't bet)
Seat 5: 746db0ce (button) won ($0.53)
Seat 6: 9de4b3a (small blind) folded before Flop


Poker Hand #HD1848006460: Hold'em No Limit ($0.05/$0.1) - 2024/07/08 10:52:58
Table 'NLHRed13' 6-max Seat #3 is the button
Seat 1: 465bd24c ($19.39 in chips)
Seat 2: Hero ($19.1 in chips)
Seat 3: 34fb5590 ($9.85 in chips)
Seat 5: 746db0ce ($17.87 in chips)
Seat 6: 9de4b3a ($10.63 in chips)
746db0ce: posts small blind $0.05
9de4b3a: posts big blind $0.1
*** HOLE CARDS ***
Dealt to 465bd24c 
Dealt to Hero [5c Jc]
Dealt to 34fb5590 
Dealt to 746db0ce 
Dealt to 9de4b3a 
465bd24c: folds
Hero: folds
34fb5590: raises $0.2 to $0.3
746db0ce: folds
9de4b3a: calls $0.2
*** FLOP *** [2d 9s 3h]
9de4b3a: checks
34fb5590: bets $0.49
9de4b3a: folds
Uncalled bet ($0.49) returned to 34fb5590
*** SHOWDOWN ***
34fb5590 collected $0.62 from pot
*** SUMMARY ***
Total pot $0.65 | Rake $0.03 | Jackpot $0 | Bingo $0 | Fortune $0 | Tax $0
Board [2d 9s 3h]
Seat 1: 465bd24c folded before Flop (didn't bet)
Seat 2: Hero folded before Flop (didn't bet)
Seat 3: 34fb5590 (button) won ($0.62)
Seat 5: 746db0ce (small blind) folded before Flop
Seat 6: 9de4b3a (big blind) folded on the Flop


Poker Hand #HD1848006416: Hold'em No Limit ($0.05/$0.1) - 2024/07/08 10:52:31
Table 'NLHRed13' 6-max Seat #2 is the button
Seat 1: 465bd24c ($19.39 in chips)
Seat 2: Hero ($19.1 in chips)
Seat 3: 34fb5590 ($9.9 in chips)
Seat 5: 746db0ce ($17.82 in chips)
Seat 6: 9de4b3a ($10.63 in chips)
34fb5590: posts small blind $0.05
746db0ce: posts big blind $0.1
*** HOLE CARDS ***
Dealt to 465bd24c 
Dealt to Hero [9d 6h]
Dealt to 34fb5590 
Dealt to 746db0ce 
Dealt to 9de4b3a 
9de4b3a: folds
465bd24c: folds
Hero: folds
34fb5590: folds
Uncalled bet ($0.05) returned to 746db0ce
*** SHOWDOWN ***
746db0ce collected $0.1 from pot
*** SUMMARY ***
Total pot $0.1 | Rake $0 | Jackpot $0 | Bingo $0 | Fortune $0 | Tax $0
Seat 1: 465bd24c folded before Flop (didn't bet)
Seat 2: Hero (button) folded before Flop (didn't bet)
Seat 3: 34fb5590 (small blind) folded before Flop
Seat 5: 746db0ce (big blind) collected ($0.1)
Seat 6: 9de4b3a folded before Flop (didn't bet)


Poker Hand #HD1848006382: Hold'em No Limit ($0.05/$0.1) - 2024/07/08 10:52:07
Table 'NLHRed13' 6-max Seat #1 is the button
Seat 1: 465bd24c ($19.39 in chips)
Seat 2: Hero ($19.15 in chips)
Seat 3: 34fb5590 ($10 in chips)
Seat 4: 3e00544 ($10 in chips)
Seat 5: 746db0ce ($17.82 in chips)
Seat 6: 9de4b3a ($10.63 in chips)
Hero: posts small blind $0.05
34fb5590: posts big blind $0.1
*** HOLE CARDS ***
Dealt to 465bd24c 
Dealt to Hero [Ac 4d]
Dealt to 34fb5590 
Dealt to 3e00544 
Dealt to 746db0ce 
Dealt to 9de4b3a 
3e00544: raises $0.2 to $0.3
746db0ce: folds
9de4b3a: folds
465bd24c: folds
Hero: folds
34fb5590: folds
Uncalled bet ($0.2) returned to 3e00544
*** SHOWDOWN ***
3e00544 collected $0.25 from pot
*** SUMMARY ***
Total pot $0.25 | Rake $0 | Jackpot $0 | Bingo $0 | Fortune $0 | Tax $0
Seat 1: 465bd24c (button) folded before Flop (didn't bet)
Seat 2: Hero (small blind) folded before Flop
Seat 3: 34fb5590 (big blind) folded before Flop
Seat 4: 3e00544 collected ($0.25)
Seat 5: 746db0ce folded before Flop (didn't bet)
Seat 6: 9de4b3a folded before Flop (didn't bet)


Poker Hand #HD1848006338: Hold'em No Limit ($0.05/$0.1) - 2024/07/08 10:51:37
Table 'NLHRed13' 6-max Seat #6 is the button
Seat 1: 465bd24c ($19.44 in chips)
Seat 2: Hero ($19.25 in chips)
Seat 4: 3e00544 ($10 in chips)
Seat 5: 746db0ce ($17.82 in chips)
Seat 6: 9de4b3a ($10.48 in chips)
465bd24c: posts small blind $0.05
Hero: posts big blind $0.1
*** HOLE CARDS ***
Dealt to 465bd24c 
Dealt to Hero [7d Ah]
Dealt to 3e00544 
Dealt to 746db0ce 
Dealt to 9de4b3a 
3e00544: folds
746db0ce: folds
9de4b3a: raises $0.15 to $0.25
465bd24c: folds
Hero: folds
Uncalled bet ($0.15) returned to 9de4b3a
*** SHOWDOWN ***
9de4b3a collected $0.25 from pot
*** SUMMARY ***
Total pot $0.25 | Rake $0 | Jackpot $0 | Bingo $0 | Fortune $0 | Tax $0
Seat 1: 465bd24c (small blind) folded before Flop
Seat 2: Hero (big blind) folded before Flop
Seat 4: 3e00544 folded before Flop (didn't bet)
Seat 5: 746db0ce folded before Flop (didn't bet)
Seat 6: 9de4b3a (button) collected ($0.25)


Poker Hand #HD1848006321: Hold'em No Limit ($0.05/$0.1) - 2024/07/08 10:51:22
Table 'NLHRed13' 6-max Seat #5 is the button
Seat 1: 465bd24c ($19.54 in chips)
Seat 2: Hero ($19.25 in chips)
Seat 4: 3e00544 ($10 in chips)
Seat 5: 746db0ce ($17.67 in chips)
Seat 6: 9de4b3a ($10.53 in chips)
9de4b3a: posts small blind $0.05
465bd24c: posts big blind $0.1
*** HOLE CARDS ***
Dealt to 465bd24c 
Dealt to Hero [Jc 3s]
Dealt to 3e00544 
Dealt to 746db0ce 
Dealt to 9de4b3a 
Hero: folds
3e00544: folds
746db0ce: raises $0.15 to $0.25
9de4b3a: folds
465bd24c: folds
Uncalled bet ($0.15) returned to 746db0ce
*** SHOWDOWN ***
746db0ce collected $0.25 from pot
*** SUMMARY ***
Total pot $0.25 | Rake $0 | Jackpot $0 | Bingo $0 | Fortune $0 | Tax $0
Seat 1: 465bd24c (big blind) folded before Flop
Seat 2: Hero folded before Flop (didn't bet)
Seat 4: 3e00544 folded before Flop (didn't bet)
Seat 5: 746db0ce (button) collected ($0.25)
Seat 6: 9de4b3a (small blind) folded before Flop


Poker Hand #HD1848006269: Hold'em No Limit ($0.05/$0.1) - 2024/07/08 10:50:37
Table 'NLHRed13' 6-max Seat #4 is the button
Seat 1: 465bd24c ($19.54 in chips)
Seat 2: Hero ($19.25 in chips)
Seat 4: 3e00544 ($10 in chips)
Seat 5: 746db0ce ($17.92 in chips)
Seat 6: 9de4b3a ($10.3 in chips)
746db0ce: posts small blind $0.05
9de4b3a: posts big blind $0.1
*** HOLE CARDS ***
Dealt to 465bd24c 
Dealt to Hero [6d 7s]
Dealt to 3e00544 
Dealt to 746db0ce 
Dealt to 9de4b3a 
465bd24c: folds
Hero: folds
3e00544: folds
746db0ce: raises $0.15 to $0.25
9de4b3a: calls $0.15
*** FLOP *** [Ks 5h 8s]
746db0ce: checks
9de4b3a: checks
*** TURN *** [Ks 5h 8s] [4h]
746db0ce: checks
9de4b3a: bets $0.38
746db0ce: folds
Uncalled bet ($0.38) returned to 9de4b3a
*** SHOWDOWN ***
9de4b3a collected $0.48 from pot
*** SUMMARY ***
Total pot $0.5 | Rake $0.02 | Jackpot $0 | Bingo $0 | Fortune $0 | Tax $0
Board [Ks 5h 8s 4h]
Seat 1: 465bd24c folded before Flop (didn't bet)
Seat 2: Hero folded before Flop (didn't bet)
Seat 4: 3e00544 (button) folded before Flop (didn't bet)
Seat 5: 746db0ce (small blind) folded on the Turn
Seat 6: 9de4b3a (big blind) won ($0.48)


Poker Hand #HD1848006138: Hold'em No Limit ($0.05/$0.1) - 2024/07/08 10:48:51
Table 'NLHRed13' 6-max Seat #2 is the button
Seat 1: 465bd24c ($16.23 in chips)
Seat 2: Hero ($19.25 in chips)
Seat 3: 4c4f7a5a ($3.67 in chips)
Seat 4: 3e00544 ($10 in chips)
Seat 5: 746db0ce ($17.92 in chips)
Seat 6: 9de4b3a ($10.3 in chips)
4c4f7a5a: posts small blind $0.05
3e00544: posts big blind $0.1
*** HOLE CARDS ***
Dealt to 465bd24c 
Dealt to Hero [7c Ac]
Dealt to 4c4f7a5a 
Dealt to 3e00544 
Dealt to 746db0ce 
Dealt to 9de4b3a 
746db0ce: folds
9de4b3a: folds
465bd24c: raises $0.15 to $0.25
Hero: folds
4c4f7a5a: calls $0.2
3e00544: folds
*** FLOP *** [5d Jd 8s]
4c4f7a5a: checks
465bd24c: bets $0.35
4c4f7a5a: calls $0.35
*** TURN *** [5d Jd 8s] [5s]
4c4f7a5a: checks
465bd24c: bets $0.65
4c4f7a5a: calls $0.65
*** RIVER *** [5d Jd 8s 5s] [Ks]
4c4f7a5a: bets $0.86
465bd24c: raises $5.4 to $6.26
4c4f7a5a: calls $1.56 and is all-in
Uncalled bet ($3.84) returned to 465bd24c
465bd24c: shows [5h 5c] (Four Fives)
4c4f7a5a: shows [Js Jc] (Jacks Full over Fives)
*** SHOWDOWN ***
465bd24c collected $6.98 from pot
*** SUMMARY ***
Total pot $7.44 | Rake $0.36 | Jackpot $0.1 | Bingo $0 | Fortune $0 | Tax $0
Board [5d Jd 8s 5s Ks]
Seat 1: 465bd24c showed [5h 5c] and won ($6.98) with Four Fives
Seat 2: Hero (button) folded before Flop (didn't bet)
Seat 3: 4c4f7a5a (small blind) showed [Js Jc] and lost with Jacks Full over Fives
Seat 4: 3e00544 (big blind) folded before Flop
Seat 5: 746db0ce folded before Flop (didn't bet)
Seat 6: 9de4b3a folded before Flop (didn't bet)


Poker Hand #HD1848006107: Hold'em No Limit ($0.05/$0.1) - 2024/07/08 10:48:30
Table 'NLHRed13' 6-max Seat #1 is the button
Seat 1: 465bd24c ($16.23 in chips)
Seat 2: Hero ($19.3 in chips)
Seat 3: 4c4f7a5a ($3.77 in chips)
Seat 4: 3e00544 ($10 in chips)
Seat 5: 746db0ce ($17.77 in chips)
Seat 6: 9de4b3a ($10.3 in chips)
Hero: posts small blind $0.05
4c4f7a5a: posts big blind $0.1
*** HOLE CARDS ***
Dealt to 465bd24c 
Dealt to Hero [As 3d]
Dealt to 4c4f7a5a 
Dealt to 3e00544 
Dealt to 746db0ce 
Dealt to 9de4b3a 
3e00544: folds
746db0ce: raises $0.15 to $0.25
9de4b3a: folds
465bd24c: folds
Hero: folds
4c4f7a5a: folds
Uncalled bet ($0.15) returned to 746db0ce
*** SHOWDOWN ***
746db0ce collected $0.25 from pot
*** SUMMARY ***
Total pot $0.25 | Rake $0 | Jackpot $0 | Bingo $0 | Fortune $0 | Tax $0
Seat 1: 465bd24c (button) folded before Flop (didn't bet)
Seat 2: Hero (small blind) folded before Flop
Seat 3: 4c4f7a5a (big blind) folded before Flop
Seat 4: 3e00544 folded before Flop (didn't bet)
Seat 5: 746db0ce collected ($0.25)
Seat 6: 9de4b3a folded before Flop (didn't bet)


Poker Hand #HD1848006076: Hold'em No Limit ($0.05/$0.1) - 2024/07/08 10:48:07
Table 'NLHRed13' 6-max Seat #6 is the button
Seat 1: 465bd24c ($16.28 in chips)
Seat 2: Hero ($19.4 in chips)
Seat 3: 4c4f7a5a ($3.77 in chips)
Seat 4: 3e00544 ($10 in chips)
Seat 5: 746db0ce ($17.62 in chips)
Seat 6: 9de4b3a ($10.3 in chips)
465bd24c: posts small blind $0.05
Hero: posts big blind $0.1
*** HOLE CARDS ***
Dealt to 465bd24c 
Dealt to Hero [5d 8c]
Dealt to 4c4f7a5a 
Dealt to 3e00544 
Dealt to 746db0ce 
Dealt to 9de4b3a 
4c4f7a5a: folds
3e00544: folds
746db0ce: raises $0.15 to $0.25
9de4b3a: folds
465bd24c: folds
Hero: folds
Uncalled bet ($0.15) returned to 746db0ce
*** SHOWDOWN ***
746db0ce collected $0.25 from pot
*** SUMMARY ***
Total pot $0.25 | Rake $0 | Jackpot $0 | Bingo $0 | Fortune $0 | Tax $0
Seat 1: 465bd24c (small blind) folded before Flop
Seat 2: Hero (big blind) folded before Flop
Seat 3: 4c4f7a5a folded before Flop (didn't bet)
Seat 4: 3e00544 folded before Flop (didn't bet)
Seat 5: 746db0ce collected ($0.25)
Seat 6: 9de4b3a (button) folded before Flop (didn't bet)


Poker Hand #HD1848005936: Hold'em No Limit ($0.05/$0.1) - 2024/07/08 10:46:17
Table 'NLHRed13' 6-max Seat #5 is the button
Seat 1: 465bd24c ($16.38 in chips)
Seat 2: Hero ($10 in chips)
Seat 3: 4c4f7a5a ($13.77 in chips)
Seat 4: 3e00544 ($10 in chips)
Seat 5: 746db0ce ($17.82 in chips)
Seat 6: 9de4b3a ($10.5 in chips)
9de4b3a: posts small blind $0.05
465bd24c: posts big blind $0.1
*** HOLE CARDS ***
Dealt to 465bd24c 
Dealt to Hero [Kc Ah]
Dealt to 4c4f7a5a 
Dealt to 3e00544 
Dealt to 746db0ce 
Dealt to 9de4b3a 
Hero: raises $0.1 to $0.2
4c4f7a5a: calls $0.2
3e00544: folds
746db0ce: calls $0.2
9de4b3a: calls $0.15
465bd24c: folds
*** FLOP *** [Jh Qs Ts]
9de4b3a: checks
Hero: bets $0.5
4c4f7a5a: calls $0.5
746db0ce: folds
9de4b3a: folds
*** TURN *** [Jh Qs Ts] [8c]
Hero: checks
4c4f7a5a: bets $1.9
Hero: calls $1.9
*** RIVER *** [Jh Qs Ts 8c] [8h]
Hero: bets $7.4 and is all-in
4c4f7a5a: calls $7.4
Hero: shows [Kc Ah] (Aces-High Straight)
4c4f7a5a: shows [Js Th] (Pair of Jacks and Pair of Tens)
*** SHOWDOWN ***
Hero collected $19.4 from pot
*** SUMMARY ***
Total pot $20.5 | Rake $1 | Jackpot $0.1 | Bingo $0 | Fortune $0 | Tax $0
Board [Jh Qs Ts 8c 8h]
Seat 1: 465bd24c (big blind) folded before Flop
Seat 2: Hero showed [Kc Ah] and won ($19.4) with Aces-High Straight
Seat 3: 4c4f7a5a showed [Js Th] and lost with Pair of Jacks and Pair of Tens
Seat 4: 3e00544 folded before Flop (didn't bet)
Seat 5: 746db0ce (button) folded on the Flop
Seat 6: 9de4b3a (small blind) folded on the Flop


Poker Hand #HD1848005882: Hold'em No Limit ($0.05/$0.1) - 2024/07/08 10:45:36
Table 'NLHRed13' 6-max Seat #4 is the button
Seat 1: 465bd24c ($16.38 in chips)
Seat 2: Hero ($10 in chips)
Seat 3: 4c4f7a5a ($13.63 in chips)
Seat 4: 3e00544 ($10 in chips)
Seat 5: 746db0ce ($17.87 in chips)
Seat 6: 9de4b3a ($10.6 in chips)
746db0ce: posts small blind $0.05
9de4b3a: posts big blind $0.1
*** HOLE CARDS ***
Dealt to 465bd24c 
Dealt to Hero [2s Jc]
Dealt to 4c4f7a5a 
Dealt to 3e00544 
Dealt to 746db0ce 
Dealt to 9de4b3a 
465bd24c: folds
Hero: folds
4c4f7a5a: calls $0.1
3e00544: folds
746db0ce: folds
9de4b3a: checks
*** FLOP *** [2d Js 8s]
9de4b3a: checks
4c4f7a5a: checks
*** TURN *** [2d Js 8s] [Jh]
9de4b3a: checks
4c4f7a5a: bets $0.13
9de4b3a: folds
Uncalled bet ($0.13) returned to 4c4f7a5a
*** SHOWDOWN ***
4c4f7a5a collected $0.24 from pot
*** SUMMARY ***
Total pot $0.25 | Rake $0.01 | Jackpot $0 | Bingo $0 | Fortune $0 | Tax $0
Board [2d Js 8s Jh]
Seat 1: 465bd24c folded before Flop (didn't bet)
Seat 2: Hero folded before Flop (didn't bet)
Seat 3: 4c4f7a5a won ($0.24)
Seat 4: 3e00544 (button) folded before Flop (didn't bet)
Seat 5: 746db0ce (small blind) folded before Flop
Seat 6: 9de4b3a (big blind) folded on the Turn


Poker Hand #HD1848005794: Hold'em No Limit ($0.05/$0.1) - 2024/07/08 10:44:27
Table 'NLHRed13' 6-max Seat #3 is the button
Seat 1: 465bd24c ($16.38 in chips)
Seat 2: Hero ($10 in chips)
Seat 3: 4c4f7a5a ($11.76 in chips)
Seat 4: 3e00544 ($10 in chips)
Seat 5: 746db0ce ($20 in chips)
Seat 6: 9de4b3a ($10.6 in chips)
3e00544: posts small blind $0.05
746db0ce: posts big blind $0.1
*** HOLE CARDS ***
Dealt to 465bd24c 
Dealt to Hero [Ah 5s]
Dealt to 4c4f7a5a 
Dealt to 3e00544 
Dealt to 746db0ce 
Dealt to 9de4b3a 
9de4b3a: folds
465bd24c: folds
Hero: folds
4c4f7a5a: raises $0.1 to $0.2
3e00544: folds
746db0ce: raises $0.85 to $1.05
4c4f7a5a: calls $0.85
*** FLOP *** [4d 9h 5c]
746db0ce: bets $1.08
4c4f7a5a: calls $1.08
*** TURN *** [4d 9h 5c] [9s]
746db0ce: checks
4c4f7a5a: bets $2.16
746db0ce: folds
Uncalled bet ($2.16) returned to 4c4f7a5a
*** SHOWDOWN ***
4c4f7a5a collected $4 from pot
*** SUMMARY ***
Total pot $4.31 | Rake $0.21 | Jackpot $0.1 | Bingo $0 | Fortune $0 | Tax $0
Board [4d 9h 5c 9s]
Seat 1: 465bd24c folded before Flop (didn't bet)
Seat 2: Hero folded before Flop (didn't bet)
Seat 3: 4c4f7a5a (button) won ($4)
Seat 4: 3e00544 (small blind) folded before Flop
Seat 5: 746db0ce (big blind) folded on the Turn
Seat 6: 9de4b3a folded before Flop (didn't bet)


Poker Hand #HD1848005769: Hold'em No Limit ($0.05/$0.1) - 2024/07/08 10:44:05
Table 'NLHRed13' 6-max Seat #2 is the button
Seat 1: 465bd24c ($16.38 in chips)
Seat 2: Hero ($10 in chips)
Seat 3: 4c4f7a5a ($11.81 in chips)
Seat 4: 3e00544 ($10 in chips)
Seat 5: 746db0ce ($20 in chips)
Seat 6: 9de4b3a ($10.45 in chips)
4c4f7a5a: posts small blind $0.05
3e00544: posts big blind $0.1
*** HOLE CARDS ***
Dealt to 465bd24c 
Dealt to Hero [8d 9h]
Dealt to 4c4f7a5a 
Dealt to 3e00544 
Dealt to 746db0ce 
Dealt to 9de4b3a 
746db0ce: folds
9de4b3a: raises $0.2 to $0.3
465bd24c: folds
Hero: folds
4c4f7a5a: folds
3e00544: folds
Uncalled bet ($0.2) returned to 9de4b3a
*** SHOWDOWN ***
9de4b3a collected $0.25 from pot
*** SUMMARY ***
Total pot $0.25 | Rake $0 | Jackpot $0 | Bingo $0 | Fortune $0 | Tax $0
Seat 1: 465bd24c folded before Flop (didn't bet)
Seat 2: Hero (button) folded before Flop (didn't bet)
Seat 3: 4c4f7a5a (small blind) folded before Flop
Seat 4: 3e00544 (big blind) folded before Flop
Seat 5: 746db0ce folded before Flop (didn't bet)
Seat 6: 9de4b3a collected ($0.25)


Poker Hand #HD1848005727: Hold'em No Limit ($0.05/$0.1) - 2024/07/08 10:43:35
Table 'NLHRed13' 6-max Seat #1 is the button
Seat 1: 465bd24c ($16.38 in chips)
Seat 2: Hero ($10 in chips)
Seat 3: 4c4f7a5a ($11.91 in chips)
Seat 4: 3e00544 ($10 in chips)
Seat 5: 746db0ce ($19.85 in chips)
Seat 6: 9de4b3a ($10.45 in chips)
Hero: posts small blind $0.05
4c4f7a5a: posts big blind $0.1
*** HOLE CARDS ***
Dealt to 465bd24c 
Dealt to Hero [Tc 9s]
Dealt to 4c4f7a5a 
Dealt to 3e00544 
Dealt to 746db0ce 
Dealt to 9de4b3a 
3e00544: folds
746db0ce: raises $0.15 to $0.25
9de4b3a: folds
465bd24c: folds
Hero: folds
4c4f7a5a: folds
Uncalled bet ($0.15) returned to 746db0ce
*** SHOWDOWN ***
746db0ce collected $0.25 from pot
*** SUMMARY ***
Total pot $0.25 | Rake $0 | Jackpot $0 | Bingo $0 | Fortune $0 | Tax $0
Seat 1: 465bd24c (button) folded before Flop (didn't bet)
Seat 2: Hero (small blind) folded before Flop
Seat 3: 4c4f7a5a (big blind) folded before Flop
Seat 4: 3e00544 folded before Flop (didn't bet)
Seat 5: 746db0ce collected ($0.25)
Seat 6: 9de4b3a folded before Flop (didn't bet)


Poker Hand #HD1848005697: Hold'em No Limit ($0.05/$0.1) - 2024/07/08 10:43:16
Table 'NLHRed13' 6-max Seat #6 is the button
Seat 1: 465bd24c ($16.43 in chips)
Seat 2: Hero ($10 in chips)
Seat 3: 4c4f7a5a ($11.91 in chips)
Seat 4: 3e00544 ($10 in chips)
Seat 5: 746db0ce ($19.85 in chips)
Seat 6: 9de4b3a ($10.3 in chips)
465bd24c: posts small blind $0.05
Hero: posts big blind $0.1
*** HOLE CARDS ***
Dealt to 465bd24c 
Dealt to Hero [4c 5d]
Dealt to 4c4f7a5a 
Dealt to 3e00544 
Dealt to 746db0ce 
Dealt to 9de4b3a 
4c4f7a5a: folds
3e00544: folds
746db0ce: folds
9de4b3a: raises $0.2 to $0.3
465bd24c: folds
Hero: folds
Uncalled bet ($0.2) returned to 9de4b3a
*** SHOWDOWN ***
9de4b3a collected $0.25 from pot
*** SUMMARY ***
Total pot $0.25 | Rake $0 | Jackpot $0 | Bingo $0 | Fortune $0 | Tax $0
Seat 1: 465bd24c (small blind) folded before Flop
Seat 2: Hero (big blind) folded before Flop
Seat 3: 4c4f7a5a folded before Flop (didn't bet)
Seat 4: 3e00544 folded before Flop (didn't bet)
Seat 5: 746db0ce folded before Flop (didn't bet)
Seat 6: 9de4b3a (button) collected ($0.25)


