Poker Hand #HD1744945762: Hold'em No Limit ($0.02/$0.05) - 2024/04/24 19:06:21
Table 'NLHBlue2' 6-max Seat #3 is the button
Seat 2: Hero ($5 in chips)
Seat 3: e32c74c6 ($5.56 in chips)
e32c74c6: posts small blind $0.02
Hero: posts big blind $0.05
*** HOLE CARDS ***
Dealt to Hero [Kc 5c]
Dealt to e32c74c6 
e32c74c6: calls $0.03
Hero: checks
*** FLOP *** [3d 6d Jd]
Hero: checks
e32c74c6: checks
*** TURN *** [3d 6d Jd] [5s]
Hero: checks
e32c74c6: bets $0.05
Hero: calls $0.05
*** RIVER *** [3d 6d Jd 5s] [5d]
Hero: checks
e32c74c6: checks
e32c74c6: shows [6h 7c] (Pair of Sixes and Pair of Fives)
Hero: shows [Kc 5c] (Three Fives)
*** SHOWDOWN ***
Hero collected $0.19 from pot
*** SUMMARY ***
Total pot $0.2 | Rake $0.01 | Jackpot $0 | Bingo $0 | Fortune $0 | Tax $0
Board [3d 6d Jd 5s 5d]
Seat 2: Hero (big blind) showed [Kc 5c] and won ($0.19) with Three Fives
Seat 3: e32c74c6 (small blind) showed [6h 7c] and lost with Pair of Sixes and Pair of Fives


Poker Hand #HD1744945744: Hold'em No Limit ($0.02/$0.05) - 2024/04/24 19:06:12
Table 'NLHBlue2' 6-max Seat #2 is the button
Seat 2: Hero ($5 in chips)
Seat 3: e32c74c6 ($5.54 in chips)
Hero: posts small blind $0.02
e32c74c6: posts big blind $0.05
*** HOLE CARDS ***
Dealt to Hero [8h Qd]
Dealt to e32c74c6 
Hero: folds
Uncalled bet ($0.03) returned to e32c74c6
*** SHOWDOWN ***
e32c74c6 collected $0.04 from pot
*** SUMMARY ***
Total pot $0.04 | Rake $0 | Jackpot $0 | Bingo $0 | Fortune $0 | Tax $0
Seat 2: Hero (small blind) folded before Flop
Seat 3: e32c74c6 (big blind) collected ($0.04)


Poker Hand #HD1744945689: Hold'em No Limit ($0.02/$0.05) - 2024/04/24 19:05:47
Table 'NLHBlue2' 6-max Seat #3 is the button
Seat 2: Hero ($5 in chips)
Seat 3: e32c74c6 ($5.49 in chips)
e32c74c6: posts small blind $0.02
Hero: posts big blind $0.05
*** HOLE CARDS ***
Dealt to Hero [3s 8d]
Dealt to e32c74c6 
e32c74c6: calls $0.03
Hero: checks
*** FLOP *** [4s Tc 2h]
Hero: checks
e32c74c6: bets $0.05
Hero: folds
Uncalled bet ($0.05) returned to e32c74c6
*** SHOWDOWN ***
e32c74c6 collected $0.1 from pot
*** SUMMARY ***
Total pot $0.1 | Rake $0 | Jackpot $0 | Bingo $0 | Fortune $0 | Tax $0
Board [4s Tc 2h]
Seat 2: Hero (big blind) folded on the Flop
Seat 3: e32c74c6 (small blind) won ($0.1)


Poker Hand #HD1744945677: Hold'em No Limit ($0.02/$0.05) - 2024/04/24 19:05:42
Table 'NLHBlue2' 6-max Seat #2 is the button
Seat 2: Hero ($5 in chips)
Seat 3: e32c74c6 ($5.47 in chips)
Hero: posts small blind $0.02
e32c74c6: posts big blind $0.05
*** HOLE CARDS ***
Dealt to Hero [4d 2d]
Dealt to e32c74c6 
Hero: folds
Uncalled bet ($0.03) returned to e32c74c6
*** SHOWDOWN ***
e32c74c6 collected $0.04 from pot
*** SUMMARY ***
Total pot $0.04 | Rake $0 | Jackpot $0 | Bingo $0 | Fortune $0 | Tax $0
Seat 2: Hero (small blind) folded before Flop
Seat 3: e32c74c6 (big blind) collected ($0.04)


Poker Hand #HD1744945662: Hold'em No Limit ($0.02/$0.05) - 2024/04/24 19:05:35
Table 'NLHBlue2' 6-max Seat #3 is the button
Seat 2: Hero ($5 in chips)
Seat 3: e32c74c6 ($5.42 in chips)
e32c74c6: posts small blind $0.02
Hero: posts big blind $0.05
*** HOLE CARDS ***
Dealt to Hero [5s 8c]
Dealt to e32c74c6 
e32c74c6: raises $0.08 to $0.13
Hero: folds
Uncalled bet ($0.08) returned to e32c74c6
*** SHOWDOWN ***
e32c74c6 collected $0.1 from pot
*** SUMMARY ***
Total pot $0.1 | Rake $0 | Jackpot $0 | Bingo $0 | Fortune $0 | Tax $0
Seat 2: Hero (big blind) folded before Flop
Seat 3: e32c74c6 (small blind) collected ($0.1)


Poker Hand #HD1744855585: Hold'em No Limit ($0.02/$0.05) - 2024/04/24 19:05:03
Table 'NLHBlue2' 6-max Seat #2 is the button
Seat 2: Hero ($5 in chips)
Seat 3: e32c74c6 ($5.28 in chips)
Hero: posts small blind $0.02
e32c74c6: posts big blind $0.05
*** HOLE CARDS ***
Dealt to Hero [7c 6c]
Dealt to e32c74c6 
Hero: raises $0.1 to $0.15
e32c74c6: calls $0.1
*** FLOP *** [4s Td Js]
e32c74c6: checks
Hero: checks
*** TURN *** [4s Td Js] [As]
e32c74c6: bets $0.15
Hero: folds
Uncalled bet ($0.15) returned to e32c74c6
*** SHOWDOWN ***
e32c74c6 collected $0.29 from pot
*** SUMMARY ***
Total pot $0.3 | Rake $0.01 | Jackpot $0 | Bingo $0 | Fortune $0 | Tax $0
Board [4s Td Js As]
Seat 2: Hero (small blind) folded on the Turn
Seat 3: e32c74c6 (big blind) won ($0.29)


Poker Hand #HD1744855531: Hold'em No Limit ($0.02/$0.05) - 2024/04/24 19:04:39
Table 'NLHBlue2' 6-max Seat #3 is the button
Seat 2: Hero ($5.07 in chips)
Seat 3: e32c74c6 ($5.16 in chips)
e32c74c6: posts small blind $0.02
Hero: posts big blind $0.05
*** HOLE CARDS ***
Dealt to Hero [6d 6h]
Dealt to e32c74c6 
e32c74c6: raises $0.08 to $0.13
Hero: calls $0.08
*** FLOP *** [Ts 8d Ah]
Hero: checks
e32c74c6: bets $0.1
Hero: folds
Uncalled bet ($0.1) returned to e32c74c6
*** SHOWDOWN ***
e32c74c6 collected $0.25 from pot
*** SUMMARY ***
Total pot $0.26 | Rake $0.01 | Jackpot $0 | Bingo $0 | Fortune $0 | Tax $0
Board [Ts 8d Ah]
Seat 2: Hero (big blind) folded on the Flop
Seat 3: e32c74c6 (small blind) won ($0.25)


Poker Hand #HD1744855519: Hold'em No Limit ($0.02/$0.05) - 2024/04/24 19:04:34
Table 'NLHBlue2' 6-max Seat #2 is the button
Seat 2: Hero ($5.09 in chips)
Seat 3: e32c74c6 ($5.14 in chips)
Hero: posts small blind $0.02
e32c74c6: posts big blind $0.05
*** HOLE CARDS ***
Dealt to Hero [Td 6s]
Dealt to e32c74c6 
Hero: folds
Uncalled bet ($0.03) returned to e32c74c6
*** SHOWDOWN ***
e32c74c6 collected $0.04 from pot
*** SUMMARY ***
Total pot $0.04 | Rake $0 | Jackpot $0 | Bingo $0 | Fortune $0 | Tax $0
Seat 2: Hero (small blind) folded before Flop
Seat 3: e32c74c6 (big blind) collected ($0.04)


Poker Hand #HD1744855483: Hold'em No Limit ($0.02/$0.05) - 2024/04/24 19:04:23
Table 'NLHBlue2' 6-max Seat #3 is the button
Seat 1: 832a755d ($3.71 in chips)
Seat 2: Hero ($5.07 in chips)
Seat 3: e32c74c6 ($5.14 in chips)
832a755d: posts small blind $0.02
Hero: posts big blind $0.05
*** HOLE CARDS ***
Dealt to 832a755d 
Dealt to Hero [Kc 7h]
Dealt to e32c74c6 
e32c74c6: folds
832a755d: folds
Uncalled bet ($0.03) returned to Hero
*** SHOWDOWN ***
Hero collected $0.04 from pot
*** SUMMARY ***
Total pot $0.04 | Rake $0 | Jackpot $0 | Bingo $0 | Fortune $0 | Tax $0
Seat 1: 832a755d (small blind) folded before Flop
Seat 2: Hero (big blind) collected ($0.04)
Seat 3: e32c74c6 (button) folded before Flop (didn't bet)


Poker Hand #HD1744855452: Hold'em No Limit ($0.02/$0.05) - 2024/04/24 19:04:11
Table 'NLHBlue2' 6-max Seat #2 is the button
Seat 1: 832a755d ($3.76 in chips)
Seat 2: Hero ($5 in chips)
Seat 3: e32c74c6 ($5.16 in chips)
e32c74c6: posts small blind $0.02
832a755d: posts big blind $0.05
*** HOLE CARDS ***
Dealt to 832a755d 
Dealt to Hero [Jd Qs]
Dealt to e32c74c6 
Hero: raises $0.1 to $0.15
e32c74c6: folds
832a755d: folds
Uncalled bet ($0.1) returned to Hero
*** SHOWDOWN ***
Hero collected $0.12 from pot
*** SUMMARY ***
Total pot $0.12 | Rake $0 | Jackpot $0 | Bingo $0 | Fortune $0 | Tax $0
Seat 1: 832a755d (big blind) folded before Flop
Seat 2: Hero (button) collected ($0.12)
Seat 3: e32c74c6 (small blind) folded before Flop


Poker Hand #HD1744855436: Hold'em No Limit ($0.02/$0.05) - 2024/04/24 19:04:03
Table 'NLHBlue2' 6-max Seat #1 is the button
Seat 1: 832a755d ($3.76 in chips)
Seat 2: Hero ($5.02 in chips)
Seat 3: e32c74c6 ($5.14 in chips)
Seat 4: 2a704fa0 ($5 in chips)
Hero: posts small blind $0.02
e32c74c6: posts big blind $0.05
*** HOLE CARDS ***
Dealt to 832a755d 
Dealt to Hero [9d 3s]
Dealt to e32c74c6 
Dealt to 2a704fa0 
2a704fa0: folds
832a755d: folds
Hero: folds
Uncalled bet ($0.03) returned to e32c74c6
*** SHOWDOWN ***
e32c74c6 collected $0.04 from pot
*** SUMMARY ***
Total pot $0.04 | Rake $0 | Jackpot $0 | Bingo $0 | Fortune $0 | Tax $0
Seat 1: 832a755d (button) folded before Flop (didn't bet)
Seat 2: Hero (small blind) folded before Flop
Seat 3: e32c74c6 (big blind) collected ($0.04)
Seat 4: 2a704fa0 folded before Flop (didn't bet)


Poker Hand #HD1744855395: Hold'em No Limit ($0.02/$0.05) - 2024/04/24 19:03:50
Table 'NLHBlue2' 6-max Seat #4 is the button
Seat 1: 832a755d ($3.78 in chips)
Seat 2: Hero ($5.07 in chips)
Seat 3: e32c74c6 ($5.07 in chips)
Seat 4: 2a704fa0 ($5 in chips)
832a755d: posts small blind $0.02
Hero: posts big blind $0.05
*** HOLE CARDS ***
Dealt to 832a755d 
Dealt to Hero [2h Qc]
Dealt to e32c74c6 
Dealt to 2a704fa0 
e32c74c6: raises $0.08 to $0.13
2a704fa0: folds
832a755d: folds
Hero: folds
Uncalled bet ($0.08) returned to e32c74c6
*** SHOWDOWN ***
e32c74c6 collected $0.12 from pot
*** SUMMARY ***
Total pot $0.12 | Rake $0 | Jackpot $0 | Bingo $0 | Fortune $0 | Tax $0
Seat 1: 832a755d (small blind) folded before Flop
Seat 2: Hero (big blind) folded before Flop
Seat 3: e32c74c6 collected ($0.12)
Seat 4: 2a704fa0 (button) folded before Flop (didn't bet)


Poker Hand #HD1744855360: Hold'em No Limit ($0.02/$0.05) - 2024/04/24 19:03:36
Table 'NLHBlue2' 6-max Seat #3 is the button
Seat 1: 832a755d ($3.83 in chips)
Seat 2: Hero ($5.07 in chips)
Seat 3: e32c74c6 ($5 in chips)
Seat 4: 2a704fa0 ($5 in chips)
2a704fa0: posts small blind $0.02
832a755d: posts big blind $0.05
*** HOLE CARDS ***
Dealt to 832a755d 
Dealt to Hero [7d Qs]
Dealt to e32c74c6 
Dealt to 2a704fa0 
Hero: folds
e32c74c6: raises $0.08 to $0.13
2a704fa0: folds
832a755d: folds
Uncalled bet ($0.08) returned to e32c74c6
*** SHOWDOWN ***
e32c74c6 collected $0.12 from pot
*** SUMMARY ***
Total pot $0.12 | Rake $0 | Jackpot $0 | Bingo $0 | Fortune $0 | Tax $0
Seat 1: 832a755d (big blind) folded before Flop
Seat 2: Hero folded before Flop (didn't bet)
Seat 3: e32c74c6 (button) collected ($0.12)
Seat 4: 2a704fa0 (small blind) folded before Flop


Poker Hand #HD1744855317: Hold'em No Limit ($0.02/$0.05) - 2024/04/24 19:03:18
Table 'NLHBlue2' 6-max Seat #2 is the button
Seat 1: 832a755d ($3.83 in chips)
Seat 2: Hero ($5 in chips)
Seat 3: e32c74c6 ($5 in chips)
Seat 4: 2a704fa0 ($5 in chips)
Seat 6: 2b9e8be9 ($5.9 in chips)
e32c74c6: posts small blind $0.02
2a704fa0: posts big blind $0.05
*** HOLE CARDS ***
Dealt to 832a755d 
Dealt to Hero [7d Kd]
Dealt to e32c74c6 
Dealt to 2a704fa0 
Dealt to 2b9e8be9 
2b9e8be9: folds
832a755d: folds
Hero: raises $0.07 to $0.12
e32c74c6: folds
2a704fa0: folds
Uncalled bet ($0.07) returned to Hero
*** SHOWDOWN ***
Hero collected $0.12 from pot
*** SUMMARY ***
Total pot $0.12 | Rake $0 | Jackpot $0 | Bingo $0 | Fortune $0 | Tax $0
Seat 1: 832a755d folded before Flop (didn't bet)
Seat 2: Hero (button) collected ($0.12)
Seat 3: e32c74c6 (small blind) folded before Flop
Seat 4: 2a704fa0 (big blind) folded before Flop
Seat 6: 2b9e8be9 folded before Flop (didn't bet)


Poker Hand #HD1744855228: Hold'em No Limit ($0.02/$0.05) - 2024/04/24 19:02:38
Table 'NLHBlue2' 6-max Seat #1 is the button
Seat 1: 832a755d ($3.19 in chips)
Seat 2: Hero ($5.02 in chips)
Seat 3: e32c74c6 ($5.07 in chips)
Seat 6: 2b9e8be9 ($5.9 in chips)
Hero: posts small blind $0.02
e32c74c6: posts big blind $0.05
*** HOLE CARDS ***
Dealt to 832a755d 
Dealt to Hero [Jd 2d]
Dealt to e32c74c6 
Dealt to 2b9e8be9 
2b9e8be9: folds
832a755d: calls $0.05
Hero: folds
e32c74c6: raises $0.15 to $0.2
832a755d: calls $0.15
*** FLOP *** [7h 2c Qd]
e32c74c6: bets $0.14
832a755d: calls $0.14
*** TURN *** [7h 2c Qd] [3d]
e32c74c6: bets $0.4
832a755d: calls $0.4
*** RIVER *** [7h 2c Qd 3d] [6h]
e32c74c6: checks
832a755d: checks
e32c74c6: shows [9h As] (Ace-High)
832a755d: shows [7s 8s] (Pair of Sevens)
*** SHOWDOWN ***
832a755d collected $1.38 from pot
*** SUMMARY ***
Total pot $1.5 | Rake $0.07 | Jackpot $0.05 | Bingo $0 | Fortune $0 | Tax $0
Board [7h 2c Qd 3d 6h]
Seat 1: 832a755d (button) showed [7s 8s] and won ($1.38) with Pair of Sevens
Seat 2: Hero (small blind) folded before Flop
Seat 3: e32c74c6 (big blind) showed [9h As] and lost with Ace-High
Seat 6: 2b9e8be9 folded before Flop (didn't bet)


Poker Hand #HD1744855203: Hold'em No Limit ($0.02/$0.05) - 2024/04/24 19:02:28
Table 'NLHBlue2' 6-max Seat #6 is the button
Seat 1: 832a755d ($3.21 in chips)
Seat 2: Hero ($5 in chips)
Seat 3: e32c74c6 ($5.07 in chips)
Seat 6: 2b9e8be9 ($5.9 in chips)
832a755d: posts small blind $0.02
Hero: posts big blind $0.05
*** HOLE CARDS ***
Dealt to 832a755d 
Dealt to Hero [4d Qh]
Dealt to e32c74c6 
Dealt to 2b9e8be9 
e32c74c6: folds
2b9e8be9: folds
832a755d: folds
Uncalled bet ($0.03) returned to Hero
*** SHOWDOWN ***
Hero collected $0.04 from pot
*** SUMMARY ***
Total pot $0.04 | Rake $0 | Jackpot $0 | Bingo $0 | Fortune $0 | Tax $0
Seat 1: 832a755d (small blind) folded before Flop
Seat 2: Hero (big blind) collected ($0.04)
Seat 3: e32c74c6 folded before Flop (didn't bet)
Seat 6: 2b9e8be9 (button) folded before Flop (didn't bet)


Poker Hand #HD1744855104: Hold'em No Limit ($0.02/$0.05) - 2024/04/24 19:01:40
Table 'NLHBlue2' 6-max Seat #5 is the button
Seat 1: 832a755d ($3.26 in chips)
Seat 2: Hero ($5 in chips)
Seat 3: e32c74c6 ($5.92 in chips)
Seat 5: da223dbc ($1.05 in chips)
Seat 6: 2b9e8be9 ($5.13 in chips)
2b9e8be9: posts small blind $0.02
832a755d: posts big blind $0.05
*** HOLE CARDS ***
Dealt to 832a755d 
Dealt to Hero [6d Ks]
Dealt to e32c74c6 
Dealt to da223dbc 
Dealt to 2b9e8be9 
Hero: folds
e32c74c6: raises $0.08 to $0.13
da223dbc: folds
2b9e8be9: raises $0.37 to $0.5
832a755d: folds
e32c74c6: calls $0.37
*** FLOP *** [4c 4h 4d]
2b9e8be9: bets $0.35
e32c74c6: calls $0.35
*** TURN *** [4c 4h 4d] [6c]
2b9e8be9: bets $0.88
e32c74c6: folds
Uncalled bet ($0.88) returned to 2b9e8be9
*** SHOWDOWN ***
2b9e8be9 collected $1.62 from pot
*** SUMMARY ***
Total pot $1.75 | Rake $0.08 | Jackpot $0.05 | Bingo $0 | Fortune $0 | Tax $0
Board [4c 4h 4d 6c]
Seat 1: 832a755d (big blind) folded before Flop
Seat 2: Hero folded before Flop (didn't bet)
Seat 3: e32c74c6 folded on the Turn
Seat 5: da223dbc (button) folded before Flop (didn't bet)
Seat 6: 2b9e8be9 (small blind) won ($1.62)


Poker Hand #HD1744855059: Hold'em No Limit ($0.02/$0.05) - 2024/04/24 19:01:23
Table 'NLHBlue2' 6-max Seat #3 is the button
Seat 1: 832a755d ($3.19 in chips)
Seat 2: Hero ($5 in chips)
Seat 3: e32c74c6 ($5.92 in chips)
Seat 5: da223dbc ($1.07 in chips)
Seat 6: 2b9e8be9 ($5.18 in chips)
da223dbc: posts small blind $0.02
2b9e8be9: posts big blind $0.05
*** HOLE CARDS ***
Dealt to 832a755d 
Dealt to Hero [5s 8d]
Dealt to e32c74c6 
Dealt to da223dbc 
Dealt to 2b9e8be9 
832a755d: raises $0.1 to $0.15
Hero: folds
e32c74c6: folds
da223dbc: folds
2b9e8be9: folds
Uncalled bet ($0.1) returned to 832a755d
*** SHOWDOWN ***
832a755d collected $0.12 from pot
*** SUMMARY ***
Total pot $0.12 | Rake $0 | Jackpot $0 | Bingo $0 | Fortune $0 | Tax $0
Seat 1: 832a755d collected ($0.12)
Seat 2: Hero folded before Flop (didn't bet)
Seat 3: e32c74c6 (button) folded before Flop (didn't bet)
Seat 5: da223dbc (small blind) folded before Flop
Seat 6: 2b9e8be9 (big blind) folded before Flop


Poker Hand #HD1744854944: Hold'em No Limit ($0.02/$0.05) - 2024/04/24 19:00:37
Table 'NLHBlue2' 6-max Seat #2 is the button
Seat 1: 832a755d ($3.01 in chips)
Seat 2: Hero ($5 in chips)
Seat 3: e32c74c6 ($5.94 in chips)
Seat 5: da223dbc ($1.24 in chips)
Seat 6: 2b9e8be9 ($5.18 in chips)
e32c74c6: posts small blind $0.02
da223dbc: posts big blind $0.05
*** HOLE CARDS ***
Dealt to 832a755d 
Dealt to Hero [7s 8d]
Dealt to e32c74c6 
Dealt to da223dbc 
Dealt to 2b9e8be9 
2b9e8be9: folds
832a755d: calls $0.05
Hero: folds
e32c74c6: folds
da223dbc: checks
*** FLOP *** [8h 4s 6s]
da223dbc: checks
832a755d: checks
*** TURN *** [8h 4s 6s] [6c]
da223dbc: bets $0.12
832a755d: calls $0.12
*** RIVER *** [8h 4s 6s 6c] [Ts]
da223dbc: checks
832a755d: checks
da223dbc: shows [Jd As] (Pair of Sixes)
832a755d: shows [4d 5d] (Pair of Sixes and Pair of Fours)
*** SHOWDOWN ***
832a755d collected $0.35 from pot
*** SUMMARY ***
Total pot $0.36 | Rake $0.01 | Jackpot $0 | Bingo $0 | Fortune $0 | Tax $0
Board [8h 4s 6s 6c Ts]
Seat 1: 832a755d showed [4d 5d] and won ($0.35) with Pair of Sixes and Pair of Fours
Seat 2: Hero (button) folded before Flop (didn't bet)
Seat 3: e32c74c6 (small blind) folded before Flop
Seat 5: da223dbc (big blind) showed [Jd As] and lost with Pair of Sixes
Seat 6: 2b9e8be9 folded before Flop (didn't bet)


Poker Hand #HD1744854855: Hold'em No Limit ($0.02/$0.05) - 2024/04/24 18:59:54
Table 'NLHBlue2' 6-max Seat #1 is the button
Seat 1: 832a755d ($2.02 in chips)
Seat 2: Hero ($5.4 in chips)
Seat 3: e32c74c6 ($5.99 in chips)
Seat 5: da223dbc ($1.24 in chips)
Seat 6: 2b9e8be9 ($5.18 in chips)
Hero: posts small blind $0.02
e32c74c6: posts big blind $0.05
*** HOLE CARDS ***
Dealt to 832a755d 
Dealt to Hero [As Kd]
Dealt to e32c74c6 
Dealt to da223dbc 
Dealt to 2b9e8be9 
da223dbc: folds
2b9e8be9: folds
832a755d: raises $0.15 to $0.2
Hero: raises $0.4 to $0.6
e32c74c6: folds
832a755d: calls $0.4
*** FLOP *** [8h Qd 2s]
Hero: bets $0.5
832a755d: raises $0.75 to $1.25
Hero: folds
Uncalled bet ($0.75) returned to 832a755d
*** SHOWDOWN ***
832a755d collected $2.09 from pot
*** SUMMARY ***
Total pot $2.25 | Rake $0.11 | Jackpot $0.05 | Bingo $0 | Fortune $0 | Tax $0
Board [8h Qd 2s]
Seat 1: 832a755d (button) won ($2.09)
Seat 2: Hero (small blind) folded on the Flop
Seat 3: e32c74c6 (big blind) folded before Flop
Seat 5: da223dbc folded before Flop (didn't bet)
Seat 6: 2b9e8be9 folded before Flop (didn't bet)


Poker Hand #HD1744854709: Hold'em No Limit ($0.02/$0.05) - 2024/04/24 18:59:01
Table 'NLHBlue2' 6-max Seat #6 is the button
Seat 1: 832a755d ($1.72 in chips)
Seat 2: Hero ($5.45 in chips)
Seat 3: e32c74c6 ($6.27 in chips)
Seat 5: da223dbc ($1.24 in chips)
Seat 6: 2b9e8be9 ($5.18 in chips)
832a755d: posts small blind $0.02
Hero: posts big blind $0.05
*** HOLE CARDS ***
Dealt to 832a755d 
Dealt to Hero [4c 2s]
Dealt to e32c74c6 
Dealt to da223dbc 
Dealt to 2b9e8be9 
e32c74c6: raises $0.08 to $0.13
da223dbc: folds
2b9e8be9: folds
832a755d: calls $0.11
Hero: folds
*** FLOP *** [8h 6c Qc]
832a755d: checks
e32c74c6: bets $0.15
832a755d: calls $0.15
*** TURN *** [8h 6c Qc] [4d]
832a755d: checks
e32c74c6: checks
*** RIVER *** [8h 6c Qc 4d] [3c]
832a755d: bets $0.46
e32c74c6: folds
Uncalled bet ($0.46) returned to 832a755d
*** SHOWDOWN ***
832a755d collected $0.58 from pot
*** SUMMARY ***
Total pot $0.61 | Rake $0.03 | Jackpot $0 | Bingo $0 | Fortune $0 | Tax $0
Board [8h 6c Qc 4d 3c]
Seat 1: 832a755d (small blind) won ($0.58)
Seat 2: Hero (big blind) folded before Flop
Seat 3: e32c74c6 folded on the River
Seat 5: da223dbc folded before Flop (didn't bet)
Seat 6: 2b9e8be9 (button) folded before Flop (didn't bet)


Poker Hand #HD1744854620: Hold'em No Limit ($0.02/$0.05) - 2024/04/24 18:58:22
Table 'NLHBlue2' 6-max Seat #5 is the button
Seat 1: 832a755d ($1.77 in chips)
Seat 2: Hero ($5.45 in chips)
Seat 3: e32c74c6 ($6.27 in chips)
Seat 5: da223dbc ($1.07 in chips)
Seat 6: 2b9e8be9 ($5.31 in chips)
2b9e8be9: posts small blind $0.02
832a755d: posts big blind $0.05
*** HOLE CARDS ***
Dealt to 832a755d 
Dealt to Hero [Qc 8c]
Dealt to e32c74c6 
Dealt to da223dbc 
Dealt to 2b9e8be9 
Hero: folds
e32c74c6: folds
da223dbc: calls $0.05
2b9e8be9: calls $0.03
832a755d: checks
*** FLOP *** [Ks 9d 5s]
2b9e8be9: checks
832a755d: checks
da223dbc: checks
*** TURN *** [Ks 9d 5s] [2h]
2b9e8be9: checks
832a755d: checks
da223dbc: bets $0.08
2b9e8be9: calls $0.08
832a755d: folds
*** RIVER *** [Ks 9d 5s 2h] [Kh]
2b9e8be9: checks
da223dbc: bets $0.31
2b9e8be9: folds
Uncalled bet ($0.31) returned to da223dbc
*** SHOWDOWN ***
da223dbc collected $0.3 from pot
*** SUMMARY ***
Total pot $0.31 | Rake $0.01 | Jackpot $0 | Bingo $0 | Fortune $0 | Tax $0
Board [Ks 9d 5s 2h Kh]
Seat 1: 832a755d (big blind) folded on the Turn
Seat 2: Hero folded before Flop (didn't bet)
Seat 3: e32c74c6 folded before Flop (didn't bet)
Seat 5: da223dbc (button) won ($0.3)
Seat 6: 2b9e8be9 (small blind) folded on the River


Poker Hand #HD1744854597: Hold'em No Limit ($0.02/$0.05) - 2024/04/24 18:58:13
Table 'NLHBlue2' 6-max Seat #3 is the button
Seat 1: 832a755d ($1.77 in chips)
Seat 2: Hero ($5.45 in chips)
Seat 3: e32c74c6 ($6.27 in chips)
Seat 5: da223dbc ($1.09 in chips)
Seat 6: 2b9e8be9 ($5.29 in chips)
da223dbc: posts small blind $0.02
2b9e8be9: posts big blind $0.05
*** HOLE CARDS ***
Dealt to 832a755d 
Dealt to Hero [Jc 2s]
Dealt to e32c74c6 
Dealt to da223dbc 
Dealt to 2b9e8be9 
832a755d: folds
Hero: folds
e32c74c6: folds
da223dbc: folds
Uncalled bet ($0.03) returned to 2b9e8be9
*** SHOWDOWN ***
2b9e8be9 collected $0.04 from pot
*** SUMMARY ***
Total pot $0.04 | Rake $0 | Jackpot $0 | Bingo $0 | Fortune $0 | Tax $0
Seat 1: 832a755d folded before Flop (didn't bet)
Seat 2: Hero folded before Flop (didn't bet)
Seat 3: e32c74c6 (button) folded before Flop (didn't bet)
Seat 5: da223dbc (small blind) folded before Flop
Seat 6: 2b9e8be9 (big blind) collected ($0.04)


Poker Hand #HD1744854514: Hold'em No Limit ($0.02/$0.05) - 2024/04/24 18:57:37
Table 'NLHBlue2' 6-max Seat #2 is the button
Seat 1: 832a755d ($1.77 in chips)
Seat 2: Hero ($5.45 in chips)
Seat 3: e32c74c6 ($6.22 in chips)
Seat 4: 5447603a ($9.87 in chips)
Seat 5: da223dbc ($1.09 in chips)
Seat 6: 2b9e8be9 ($5.29 in chips)
e32c74c6: posts small blind $0.02
5447603a: posts big blind $0.05
*** HOLE CARDS ***
Dealt to 832a755d 
Dealt to Hero [7h 3c]
Dealt to e32c74c6 
Dealt to 5447603a 
Dealt to da223dbc 
Dealt to 2b9e8be9 
da223dbc: folds
2b9e8be9: folds
832a755d: folds
Hero: folds
e32c74c6: raises $0.08 to $0.13
5447603a: folds
Uncalled bet ($0.08) returned to e32c74c6
*** SHOWDOWN ***
e32c74c6 collected $0.1 from pot
*** SUMMARY ***
Total pot $0.1 | Rake $0 | Jackpot $0 | Bingo $0 | Fortune $0 | Tax $0
Seat 1: 832a755d folded before Flop (didn't bet)
Seat 2: Hero (button) folded before Flop (didn't bet)
Seat 3: e32c74c6 (small blind) collected ($0.1)
Seat 4: 5447603a (big blind) folded before Flop
Seat 5: da223dbc folded before Flop (didn't bet)
Seat 6: 2b9e8be9 folded before Flop (didn't bet)


Poker Hand #HD1744854484: Hold'em No Limit ($0.02/$0.05) - 2024/04/24 18:57:26
Table 'NLHBlue2' 6-max Seat #1 is the button
Seat 1: 832a755d ($1.7 in chips)
Seat 2: Hero ($5.47 in chips)
Seat 3: e32c74c6 ($6.27 in chips)
Seat 5: da223dbc ($1.09 in chips)
Seat 6: 2b9e8be9 ($5.29 in chips)
Hero: posts small blind $0.02
e32c74c6: posts big blind $0.05
*** HOLE CARDS ***
Dealt to 832a755d 
Dealt to Hero [7d 2h]
Dealt to e32c74c6 
Dealt to da223dbc 
Dealt to 2b9e8be9 
da223dbc: folds
2b9e8be9: folds
832a755d: raises $0.1 to $0.15
Hero: folds
e32c74c6: folds
Uncalled bet ($0.1) returned to 832a755d
*** SHOWDOWN ***
832a755d collected $0.12 from pot
*** SUMMARY ***
Total pot $0.12 | Rake $0 | Jackpot $0 | Bingo $0 | Fortune $0 | Tax $0
Seat 1: 832a755d (button) collected ($0.12)
Seat 2: Hero (small blind) folded before Flop
Seat 3: e32c74c6 (big blind) folded before Flop
Seat 5: da223dbc folded before Flop (didn't bet)
Seat 6: 2b9e8be9 folded before Flop (didn't bet)


Poker Hand #HD1744854415: Hold'em No Limit ($0.02/$0.05) - 2024/04/24 18:56:56
Table 'NLHBlue2' 6-max Seat #6 is the button
Seat 1: 832a755d ($1.65 in chips)
Seat 2: Hero ($5.52 in chips)
Seat 3: e32c74c6 ($6.27 in chips)
Seat 5: da223dbc ($1.09 in chips)
Seat 6: 2b9e8be9 ($5.29 in chips)
832a755d: posts small blind $0.02
Hero: posts big blind $0.05
*** HOLE CARDS ***
Dealt to 832a755d 
Dealt to Hero [5h 2s]
Dealt to e32c74c6 
Dealt to da223dbc 
Dealt to 2b9e8be9 
e32c74c6: folds
da223dbc: folds
2b9e8be9: folds
832a755d: calls $0.03
Hero: checks
*** FLOP *** [8s 4d Kh]
832a755d: checks
Hero: checks
*** TURN *** [8s 4d Kh] [As]
832a755d: checks
Hero: checks
*** RIVER *** [8s 4d Kh As] [4h]
832a755d: bets $0.05
Hero: folds
Uncalled bet ($0.05) returned to 832a755d
*** SHOWDOWN ***
832a755d collected $0.1 from pot
*** SUMMARY ***
Total pot $0.1 | Rake $0 | Jackpot $0 | Bingo $0 | Fortune $0 | Tax $0
Board [8s 4d Kh As 4h]
Seat 1: 832a755d (small blind) won ($0.1)
Seat 2: Hero (big blind) folded on the River
Seat 3: e32c74c6 folded before Flop (didn't bet)
Seat 5: da223dbc folded before Flop (didn't bet)
Seat 6: 2b9e8be9 (button) folded before Flop (didn't bet)


Poker Hand #HD1744854376: Hold'em No Limit ($0.02/$0.05) - 2024/04/24 18:56:43
Table 'NLHBlue2' 6-max Seat #5 is the button
Seat 1: 832a755d ($1.7 in chips)
Seat 2: Hero ($5.45 in chips)
Seat 3: e32c74c6 ($6.27 in chips)
Seat 5: da223dbc ($1.09 in chips)
Seat 6: 2b9e8be9 ($5.31 in chips)
2b9e8be9: posts small blind $0.02
832a755d: posts big blind $0.05
*** HOLE CARDS ***
Dealt to 832a755d 
Dealt to Hero [Kh Jd]
Dealt to e32c74c6 
Dealt to da223dbc 
Dealt to 2b9e8be9 
Hero: raises $0.05 to $0.1
e32c74c6: folds
da223dbc: folds
2b9e8be9: folds
832a755d: folds
Uncalled bet ($0.05) returned to Hero
*** SHOWDOWN ***
Hero collected $0.12 from pot
*** SUMMARY ***
Total pot $0.12 | Rake $0 | Jackpot $0 | Bingo $0 | Fortune $0 | Tax $0
Seat 1: 832a755d (big blind) folded before Flop
Seat 2: Hero collected ($0.12)
Seat 3: e32c74c6 folded before Flop (didn't bet)
Seat 5: da223dbc (button) folded before Flop (didn't bet)
Seat 6: 2b9e8be9 (small blind) folded before Flop


Poker Hand #HD1744854272: Hold'em No Limit ($0.02/$0.05) - 2024/04/24 18:55:59
Table 'NLHBlue2' 6-max Seat #3 is the button
Seat 1: 832a755d ($1.7 in chips)
Seat 2: Hero ($5.45 in chips)
Seat 3: e32c74c6 ($6.27 in chips)
Seat 5: da223dbc ($1.09 in chips)
Seat 6: 2b9e8be9 ($5.31 in chips)
da223dbc: posts small blind $0.02
2b9e8be9: posts big blind $0.05
*** HOLE CARDS ***
Dealt to 832a755d 
Dealt to Hero [9s 6h]
Dealt to e32c74c6 
Dealt to da223dbc 
Dealt to 2b9e8be9 
832a755d: folds
Hero: folds
e32c74c6: folds
da223dbc: calls $0.03
2b9e8be9: checks
*** FLOP *** [Kd 7c 7h]
da223dbc: checks
2b9e8be9: checks
*** TURN *** [Kd 7c 7h] [9h]
da223dbc: checks
2b9e8be9: checks
*** RIVER *** [Kd 7c 7h 9h] [Kh]
da223dbc: checks
2b9e8be9: checks
da223dbc: shows [Jd Qs] (Pair of Kings and Pair of Sevens)
2b9e8be9: shows [Qc 8c] (Pair of Kings and Pair of Sevens)
*** SHOWDOWN ***
da223dbc collected $0.05 from pot
2b9e8be9 collected $0.05 from pot
*** SUMMARY ***
Total pot $0.1 | Rake $0 | Jackpot $0 | Bingo $0 | Fortune $0 | Tax $0
Board [Kd 7c 7h 9h Kh]
Seat 1: 832a755d folded before Flop (didn't bet)
Seat 2: Hero folded before Flop (didn't bet)
Seat 3: e32c74c6 (button) folded before Flop (didn't bet)
Seat 5: da223dbc (small blind) showed [Jd Qs] and won ($0.05) with Pair of Kings and Pair of Sevens
Seat 6: 2b9e8be9 (big blind) showed [Qc 8c] and won ($0.05) with Pair of Kings and Pair of Sevens


Poker Hand #HD1744854246: Hold'em No Limit ($0.02/$0.05) - 2024/04/24 18:55:50
Table 'NLHBlue2' 6-max Seat #2 is the button
Seat 1: 832a755d ($1.7 in chips)
Seat 2: Hero ($5.45 in chips)
Seat 3: e32c74c6 ($6.29 in chips)
Seat 5: da223dbc ($1.07 in chips)
Seat 6: 2b9e8be9 ($5.31 in chips)
e32c74c6: posts small blind $0.02
da223dbc: posts big blind $0.05
*** HOLE CARDS ***
Dealt to 832a755d 
Dealt to Hero [5d 7d]
Dealt to e32c74c6 
Dealt to da223dbc 
Dealt to 2b9e8be9 
2b9e8be9: folds
832a755d: folds
Hero: folds
e32c74c6: folds
Uncalled bet ($0.03) returned to da223dbc
*** SHOWDOWN ***
da223dbc collected $0.04 from pot
*** SUMMARY ***
Total pot $0.04 | Rake $0 | Jackpot $0 | Bingo $0 | Fortune $0 | Tax $0
Seat 1: 832a755d folded before Flop (didn't bet)
Seat 2: Hero (button) folded before Flop (didn't bet)
Seat 3: e32c74c6 (small blind) folded before Flop
Seat 5: da223dbc (big blind) collected ($0.04)
Seat 6: 2b9e8be9 folded before Flop (didn't bet)


Poker Hand #HD1744854215: Hold'em No Limit ($0.02/$0.05) - 2024/04/24 18:55:37
Table 'NLHBlue2' 6-max Seat #1 is the button
Seat 1: 832a755d ($1.7 in chips)
Seat 2: Hero ($5.47 in chips)
Seat 3: e32c74c6 ($6.34 in chips)
Seat 5: da223dbc ($1.07 in chips)
Seat 6: 2b9e8be9 ($5.24 in chips)
Hero: posts small blind $0.02
e32c74c6: posts big blind $0.05
*** HOLE CARDS ***
Dealt to 832a755d 
Dealt to Hero [7s 3d]
Dealt to e32c74c6 
Dealt to da223dbc 
Dealt to 2b9e8be9 
da223dbc: folds
2b9e8be9: raises $0.08 to $0.13
832a755d: folds
Hero: folds
e32c74c6: folds
Uncalled bet ($0.08) returned to 2b9e8be9
*** SHOWDOWN ***
2b9e8be9 collected $0.12 from pot
*** SUMMARY ***
Total pot $0.12 | Rake $0 | Jackpot $0 | Bingo $0 | Fortune $0 | Tax $0
Seat 1: 832a755d (button) folded before Flop (didn't bet)
Seat 2: Hero (small blind) folded before Flop
Seat 3: e32c74c6 (big blind) folded before Flop
Seat 5: da223dbc folded before Flop (didn't bet)
Seat 6: 2b9e8be9 collected ($0.12)


Poker Hand #HD1744854151: Hold'em No Limit ($0.02/$0.05) - 2024/04/24 18:55:07
Table 'NLHBlue2' 6-max Seat #6 is the button
Seat 1: 832a755d ($1.72 in chips)
Seat 2: Hero ($5.52 in chips)
Seat 3: e32c74c6 ($6.34 in chips)
Seat 5: da223dbc ($1 in chips)
Seat 6: 2b9e8be9 ($5.24 in chips)
832a755d: posts small blind $0.02
Hero: posts big blind $0.05
da223dbc: posts big blind $0.05
*** HOLE CARDS ***
Dealt to 832a755d 
Dealt to Hero [6c 8d]
Dealt to e32c74c6 
Dealt to da223dbc 
Dealt to 2b9e8be9 
e32c74c6: folds
da223dbc: checks
2b9e8be9: folds
832a755d: folds
Hero: checks
*** FLOP *** [Ac Qs 3s]
Hero: checks
da223dbc: checks
*** TURN *** [Ac Qs 3s] [Ts]
Hero: checks
da223dbc: checks
*** RIVER *** [Ac Qs 3s Ts] [Tc]
Hero: checks
da223dbc: bets $0.12
Hero: folds
Uncalled bet ($0.12) returned to da223dbc
*** SHOWDOWN ***
da223dbc collected $0.12 from pot
*** SUMMARY ***
Total pot $0.12 | Rake $0 | Jackpot $0 | Bingo $0 | Fortune $0 | Tax $0
Board [Ac Qs 3s Ts Tc]
Seat 1: 832a755d (small blind) folded before Flop
Seat 2: Hero (big blind) folded on the River
Seat 3: e32c74c6 folded before Flop (didn't bet)
Seat 5: da223dbc won ($0.12)
Seat 6: 2b9e8be9 (button) folded before Flop (didn't bet)


Poker Hand #HD1744854076: Hold'em No Limit ($0.02/$0.05) - 2024/04/24 18:54:29
Table 'NLHBlue2' 6-max Seat #3 is the button
Seat 1: 832a755d ($1.58 in chips)
Seat 2: Hero ($5.52 in chips)
Seat 3: e32c74c6 ($6.34 in chips)
Seat 6: 2b9e8be9 ($5.39 in chips)
2b9e8be9: posts small blind $0.02
832a755d: posts big blind $0.05
*** HOLE CARDS ***
Dealt to 832a755d 
Dealt to Hero [6c 5c]
Dealt to e32c74c6 
Dealt to 2b9e8be9 
Hero: folds
e32c74c6: folds
2b9e8be9: raises $0.1 to $0.15
832a755d: calls $0.1
*** FLOP *** [3s 3d 4h]
2b9e8be9: checks
832a755d: checks
*** TURN *** [3s 3d 4h] [Js]
2b9e8be9: checks
832a755d: checks
*** RIVER *** [3s 3d 4h Js] [5d]
2b9e8be9: checks
832a755d: bets $0.15
2b9e8be9: folds
Uncalled bet ($0.15) returned to 832a755d
*** SHOWDOWN ***
832a755d collected $0.29 from pot
*** SUMMARY ***
Total pot $0.3 | Rake $0.01 | Jackpot $0 | Bingo $0 | Fortune $0 | Tax $0
Board [3s 3d 4h Js 5d]
Seat 1: 832a755d (big blind) won ($0.29)
Seat 2: Hero folded before Flop (didn't bet)
Seat 3: e32c74c6 (button) folded before Flop (didn't bet)
Seat 6: 2b9e8be9 (small blind) folded on the River


Poker Hand #HD1744853962: Hold'em No Limit ($0.02/$0.05) - 2024/04/24 18:53:41
Table 'NLHBlue2' 6-max Seat #2 is the button
Seat 1: 832a755d ($1.58 in chips)
Seat 2: Hero ($5.36 in chips)
Seat 3: e32c74c6 ($6.36 in chips)
Seat 6: 2b9e8be9 ($5.54 in chips)
e32c74c6: posts small blind $0.02
2b9e8be9: posts big blind $0.05
*** HOLE CARDS ***
Dealt to 832a755d 
Dealt to Hero [Ah Ks]
Dealt to e32c74c6 
Dealt to 2b9e8be9 
832a755d: folds
Hero: raises $0.1 to $0.15
e32c74c6: folds
2b9e8be9: calls $0.1
*** FLOP *** [Jh Js 5s]
2b9e8be9: checks
Hero: checks
*** TURN *** [Jh Js 5s] [3d]
2b9e8be9: checks
Hero: checks
*** RIVER *** [Jh Js 5s 3d] [6d]
2b9e8be9: checks
Hero: checks
2b9e8be9: shows [9d 8d] (Pair of Jacks)
Hero: shows [Ah Ks] (Pair of Jacks)
*** SHOWDOWN ***
Hero collected $0.31 from pot
*** SUMMARY ***
Total pot $0.32 | Rake $0.01 | Jackpot $0 | Bingo $0 | Fortune $0 | Tax $0
Board [Jh Js 5s 3d 6d]
Seat 1: 832a755d folded before Flop (didn't bet)
Seat 2: Hero (button) showed [Ah Ks] and won ($0.31) with Pair of Jacks
Seat 3: e32c74c6 (small blind) folded before Flop
Seat 6: 2b9e8be9 (big blind) showed [9d 8d] and lost with Pair of Jacks


Poker Hand #HD1744853934: Hold'em No Limit ($0.02/$0.05) - 2024/04/24 18:53:29
Table 'NLHBlue2' 6-max Seat #1 is the button
Seat 1: 832a755d ($1.58 in chips)
Seat 2: Hero ($5.38 in chips)
Seat 3: e32c74c6 ($6.34 in chips)
Seat 5: f9b391e9 ($5 in chips)
Seat 6: 2b9e8be9 ($5.54 in chips)
Hero: posts small blind $0.02
e32c74c6: posts big blind $0.05
*** HOLE CARDS ***
Dealt to 832a755d 
Dealt to Hero [3c 2s]
Dealt to e32c74c6 
Dealt to f9b391e9 
Dealt to 2b9e8be9 
f9b391e9: folds
2b9e8be9: folds
832a755d: folds
Hero: folds
Uncalled bet ($0.03) returned to e32c74c6
*** SHOWDOWN ***
e32c74c6 collected $0.04 from pot
*** SUMMARY ***
Total pot $0.04 | Rake $0 | Jackpot $0 | Bingo $0 | Fortune $0 | Tax $0
Seat 1: 832a755d (button) folded before Flop (didn't bet)
Seat 2: Hero (small blind) folded before Flop
Seat 3: e32c74c6 (big blind) collected ($0.04)
Seat 5: f9b391e9 folded before Flop (didn't bet)
Seat 6: 2b9e8be9 folded before Flop (didn't bet)


Poker Hand #HD1744853894: Hold'em No Limit ($0.02/$0.05) - 2024/04/24 18:53:11
Table 'NLHBlue2' 6-max Seat #6 is the button
Seat 1: 832a755d ($1.6 in chips)
Seat 2: Hero ($5.43 in chips)
Seat 3: e32c74c6 ($6.27 in chips)
Seat 4: 5447603a ($9.87 in chips)
Seat 5: f9b391e9 ($5 in chips)
Seat 6: 2b9e8be9 ($5.54 in chips)
832a755d: posts small blind $0.02
Hero: posts big blind $0.05
*** HOLE CARDS ***
Dealt to 832a755d 
Dealt to Hero [4c Qd]
Dealt to e32c74c6 
Dealt to 5447603a 
Dealt to f9b391e9 
Dealt to 2b9e8be9 
e32c74c6: raises $0.08 to $0.13
5447603a: folds
f9b391e9: folds
2b9e8be9: folds
832a755d: folds
Hero: folds
Uncalled bet ($0.08) returned to e32c74c6
*** SHOWDOWN ***
e32c74c6 collected $0.12 from pot
*** SUMMARY ***
Total pot $0.12 | Rake $0 | Jackpot $0 | Bingo $0 | Fortune $0 | Tax $0
Seat 1: 832a755d (small blind) folded before Flop
Seat 2: Hero (big blind) folded before Flop
Seat 3: e32c74c6 collected ($0.12)
Seat 4: 5447603a folded before Flop (didn't bet)
Seat 5: f9b391e9 folded before Flop (didn't bet)
Seat 6: 2b9e8be9 (button) folded before Flop (didn't bet)


Poker Hand #HD1744853855: Hold'em No Limit ($0.02/$0.05) - 2024/04/24 18:52:57
Table 'NLHBlue2' 6-max Seat #5 is the button
Seat 1: 832a755d ($1.65 in chips)
Seat 2: Hero ($5.43 in chips)
Seat 3: e32c74c6 ($6.27 in chips)
Seat 4: 5447603a ($9.87 in chips)
Seat 5: f9b391e9 ($5 in chips)
Seat 6: 2b9e8be9 ($5.49 in chips)
2b9e8be9: posts small blind $0.02
832a755d: posts big blind $0.05
*** HOLE CARDS ***
Dealt to 832a755d 
Dealt to Hero [Kc 5h]
Dealt to e32c74c6 
Dealt to 5447603a 
Dealt to f9b391e9 
Dealt to 2b9e8be9 
Hero: folds
e32c74c6: folds
5447603a: folds
f9b391e9: folds
2b9e8be9: raises $0.1 to $0.15
832a755d: folds
Uncalled bet ($0.1) returned to 2b9e8be9
*** SHOWDOWN ***
2b9e8be9 collected $0.1 from pot
*** SUMMARY ***
Total pot $0.1 | Rake $0 | Jackpot $0 | Bingo $0 | Fortune $0 | Tax $0
Seat 1: 832a755d (big blind) folded before Flop
Seat 2: Hero folded before Flop (didn't bet)
Seat 3: e32c74c6 folded before Flop (didn't bet)
Seat 4: 5447603a folded before Flop (didn't bet)
Seat 5: f9b391e9 (button) folded before Flop (didn't bet)
Seat 6: 2b9e8be9 (small blind) collected ($0.1)


Poker Hand #HD1744853802: Hold'em No Limit ($0.02/$0.05) - 2024/04/24 18:52:33
Table 'NLHBlue2' 6-max Seat #4 is the button
Seat 1: 832a755d ($1.65 in chips)
Seat 2: Hero ($5.53 in chips)
Seat 3: e32c74c6 ($6.27 in chips)
Seat 4: 5447603a ($9.87 in chips)
Seat 5: f9b391e9 ($5 in chips)
Seat 6: 2b9e8be9 ($5.38 in chips)
f9b391e9: posts small blind $0.02
2b9e8be9: posts big blind $0.05
*** HOLE CARDS ***
Dealt to 832a755d 
Dealt to Hero [Qs Ts]
Dealt to e32c74c6 
Dealt to 5447603a 
Dealt to f9b391e9 
Dealt to 2b9e8be9 
832a755d: folds
Hero: raises $0.05 to $0.1
e32c74c6: folds
5447603a: folds
f9b391e9: folds
2b9e8be9: raises $0.42 to $0.52
Hero: folds
Uncalled bet ($0.42) returned to 2b9e8be9
*** SHOWDOWN ***
2b9e8be9 collected $0.21 from pot
*** SUMMARY ***
Total pot $0.22 | Rake $0.01 | Jackpot $0 | Bingo $0 | Fortune $0 | Tax $0
Seat 1: 832a755d folded before Flop (didn't bet)
Seat 2: Hero folded before Flop
Seat 3: e32c74c6 folded before Flop (didn't bet)
Seat 4: 5447603a (button) folded before Flop (didn't bet)
Seat 5: f9b391e9 (small blind) folded before Flop
Seat 6: 2b9e8be9 (big blind) collected ($0.21)


Poker Hand #HD1744853677: Hold'em No Limit ($0.02/$0.05) - 2024/04/24 18:51:39
Table 'NLHBlue2' 6-max Seat #3 is the button
Seat 1: 832a755d ($2.03 in chips)
Seat 2: Hero ($5.53 in chips)
Seat 3: e32c74c6 ($6.27 in chips)
Seat 4: 5447603a ($9.38 in chips)
Seat 5: f9b391e9 ($5 in chips)
Seat 6: 2b9e8be9 ($5.38 in chips)
5447603a: posts small blind $0.02
f9b391e9: posts big blind $0.05
*** HOLE CARDS ***
Dealt to 832a755d 
Dealt to Hero [5d Td]
Dealt to e32c74c6 
Dealt to 5447603a 
Dealt to f9b391e9 
Dealt to 2b9e8be9 
2b9e8be9: folds
832a755d: raises $0.1 to $0.15
Hero: folds
e32c74c6: folds
5447603a: calls $0.13
f9b391e9: calls $0.1
*** FLOP *** [Kh 6c 9h]
5447603a: checks
f9b391e9: checks
832a755d: checks
*** TURN *** [Kh 6c 9h] [Kd]
5447603a: bets $0.23
f9b391e9: folds
832a755d: calls $0.23
*** RIVER *** [Kh 6c 9h Kd] [9c]
5447603a: checks
832a755d: checks
5447603a: shows [Qd Kc] (Kings Full over Nines)
832a755d: shows [7h 7c] (Pair of Kings and Pair of Nines)
*** SHOWDOWN ***
5447603a collected $0.87 from pot
*** SUMMARY ***
Total pot $0.91 | Rake $0.04 | Jackpot $0 | Bingo $0 | Fortune $0 | Tax $0
Board [Kh 6c 9h Kd 9c]
Seat 1: 832a755d showed [7h 7c] and lost with Pair of Kings and Pair of Nines
Seat 2: Hero folded before Flop (didn't bet)
Seat 3: e32c74c6 (button) folded before Flop (didn't bet)
Seat 4: 5447603a (small blind) showed [Qd Kc] and won ($0.87) with Kings Full over Nines
Seat 5: f9b391e9 (big blind) folded on the Turn
Seat 6: 2b9e8be9 folded before Flop (didn't bet)


Poker Hand #HD1744853620: Hold'em No Limit ($0.02/$0.05) - 2024/04/24 18:51:17
Table 'NLHBlue2' 6-max Seat #2 is the button
Seat 1: 832a755d ($2.03 in chips)
Seat 2: Hero ($5.37 in chips)
Seat 3: e32c74c6 ($6.29 in chips)
Seat 4: 5447603a ($9.43 in chips)
Seat 5: f9b391e9 ($5.07 in chips)
Seat 6: 2b9e8be9 ($5.38 in chips)
e32c74c6: posts small blind $0.02
5447603a: posts big blind $0.05
*** HOLE CARDS ***
Dealt to 832a755d 
Dealt to Hero [Ac Kc]
Dealt to e32c74c6 
Dealt to 5447603a 
Dealt to f9b391e9 
Dealt to 2b9e8be9 
f9b391e9: raises $0.05 to $0.1
2b9e8be9: folds
832a755d: folds
Hero: raises $0.25 to $0.35
e32c74c6: folds
5447603a: folds
f9b391e9: folds
Uncalled bet ($0.25) returned to Hero
*** SHOWDOWN ***
Hero collected $0.26 from pot
*** SUMMARY ***
Total pot $0.27 | Rake $0.01 | Jackpot $0 | Bingo $0 | Fortune $0 | Tax $0
Seat 1: 832a755d folded before Flop (didn't bet)
Seat 2: Hero (button) collected ($0.26)
Seat 3: e32c74c6 (small blind) folded before Flop
Seat 4: 5447603a (big blind) folded before Flop
Seat 5: f9b391e9 folded before Flop
Seat 6: 2b9e8be9 folded before Flop (didn't bet)


Poker Hand #HD1744853541: Hold'em No Limit ($0.02/$0.05) - 2024/04/24 18:50:45
Table 'NLHBlue2' 6-max Seat #1 is the button
Seat 1: 832a755d ($2.03 in chips)
Seat 2: Hero ($5.52 in chips)
Seat 3: e32c74c6 ($6.15 in chips)
Seat 5: f9b391e9 ($5.07 in chips)
Seat 6: 2b9e8be9 ($5.38 in chips)
Hero: posts small blind $0.02
e32c74c6: posts big blind $0.05
*** HOLE CARDS ***
Dealt to 832a755d 
Dealt to Hero [6s 8s]
Dealt to e32c74c6 
Dealt to f9b391e9 
Dealt to 2b9e8be9 
f9b391e9: folds
2b9e8be9: folds
832a755d: folds
Hero: raises $0.1 to $0.15
e32c74c6: calls $0.1
*** FLOP *** [3c 2c Td]
Hero: checks
e32c74c6: bets $0.1
Hero: folds
Uncalled bet ($0.1) returned to e32c74c6
*** SHOWDOWN ***
e32c74c6 collected $0.29 from pot
*** SUMMARY ***
Total pot $0.3 | Rake $0.01 | Jackpot $0 | Bingo $0 | Fortune $0 | Tax $0
Board [3c 2c Td]
Seat 1: 832a755d (button) folded before Flop (didn't bet)
Seat 2: Hero (small blind) folded on the Flop
Seat 3: e32c74c6 (big blind) won ($0.29)
Seat 5: f9b391e9 folded before Flop (didn't bet)
Seat 6: 2b9e8be9 folded before Flop (didn't bet)


Poker Hand #HD1744853504: Hold'em No Limit ($0.02/$0.05) - 2024/04/24 18:50:26
Table 'NLHBlue2' 6-max Seat #6 is the button
Seat 1: 832a755d ($2.05 in chips)
Seat 2: Hero ($5.5 in chips)
Seat 3: e32c74c6 ($6.15 in chips)
Seat 4: 5447603a ($9.43 in chips)
Seat 5: f9b391e9 ($5.07 in chips)
Seat 6: 2b9e8be9 ($5.38 in chips)
832a755d: posts small blind $0.02
Hero: posts big blind $0.05
*** HOLE CARDS ***
Dealt to 832a755d 
Dealt to Hero [5c Ad]
Dealt to e32c74c6 
Dealt to 5447603a 
Dealt to f9b391e9 
Dealt to 2b9e8be9 
e32c74c6: folds
5447603a: folds
f9b391e9: folds
2b9e8be9: folds
832a755d: folds
Uncalled bet ($0.03) returned to Hero
*** SHOWDOWN ***
Hero collected $0.04 from pot
*** SUMMARY ***
Total pot $0.04 | Rake $0 | Jackpot $0 | Bingo $0 | Fortune $0 | Tax $0
Seat 1: 832a755d (small blind) folded before Flop
Seat 2: Hero (big blind) collected ($0.04)
Seat 3: e32c74c6 folded before Flop (didn't bet)
Seat 4: 5447603a folded before Flop (didn't bet)
Seat 5: f9b391e9 folded before Flop (didn't bet)
Seat 6: 2b9e8be9 (button) folded before Flop (didn't bet)


Poker Hand #HD1744853455: Hold'em No Limit ($0.02/$0.05) - 2024/04/24 18:50:07
Table 'NLHBlue2' 6-max Seat #5 is the button
Seat 1: 832a755d ($2.1 in chips)
Seat 2: Hero ($5.5 in chips)
Seat 3: e32c74c6 ($6.15 in chips)
Seat 4: 5447603a ($9.43 in chips)
Seat 5: f9b391e9 ($5.07 in chips)
Seat 6: 2b9e8be9 ($5.33 in chips)
2b9e8be9: posts small blind $0.02
832a755d: posts big blind $0.05
*** HOLE CARDS ***
Dealt to 832a755d 
Dealt to Hero [4c Ad]
Dealt to e32c74c6 
Dealt to 5447603a 
Dealt to f9b391e9 
Dealt to 2b9e8be9 
Hero: folds
e32c74c6: folds
5447603a: folds
f9b391e9: folds
2b9e8be9: raises $0.1 to $0.15
832a755d: folds
Uncalled bet ($0.1) returned to 2b9e8be9
*** SHOWDOWN ***
2b9e8be9 collected $0.1 from pot
*** SUMMARY ***
Total pot $0.1 | Rake $0 | Jackpot $0 | Bingo $0 | Fortune $0 | Tax $0
Seat 1: 832a755d (big blind) folded before Flop
Seat 2: Hero folded before Flop (didn't bet)
Seat 3: e32c74c6 folded before Flop (didn't bet)
Seat 4: 5447603a folded before Flop (didn't bet)
Seat 5: f9b391e9 (button) folded before Flop (didn't bet)
Seat 6: 2b9e8be9 (small blind) collected ($0.1)


Poker Hand #HD1744853411: Hold'em No Limit ($0.02/$0.05) - 2024/04/24 18:49:50
Table 'NLHBlue2' 6-max Seat #4 is the button
Seat 1: 832a755d ($2.1 in chips)
Seat 2: Hero ($5.5 in chips)
Seat 3: e32c74c6 ($6.15 in chips)
Seat 4: 5447603a ($9.43 in chips)
Seat 5: f9b391e9 ($5.02 in chips)
Seat 6: 2b9e8be9 ($5.38 in chips)
f9b391e9: posts small blind $0.02
2b9e8be9: posts big blind $0.05
*** HOLE CARDS ***
Dealt to 832a755d 
Dealt to Hero [4h Ad]
Dealt to e32c74c6 
Dealt to 5447603a 
Dealt to f9b391e9 
Dealt to 2b9e8be9 
832a755d: folds
Hero: folds
e32c74c6: folds
5447603a: folds
f9b391e9: raises $0.1 to $0.15
2b9e8be9: folds
Uncalled bet ($0.1) returned to f9b391e9
*** SHOWDOWN ***
f9b391e9 collected $0.1 from pot
*** SUMMARY ***
Total pot $0.1 | Rake $0 | Jackpot $0 | Bingo $0 | Fortune $0 | Tax $0
Seat 1: 832a755d folded before Flop (didn't bet)
Seat 2: Hero folded before Flop (didn't bet)
Seat 3: e32c74c6 folded before Flop (didn't bet)
Seat 4: 5447603a (button) folded before Flop (didn't bet)
Seat 5: f9b391e9 (small blind) collected ($0.1)
Seat 6: 2b9e8be9 (big blind) folded before Flop


Poker Hand #HD1744853364: Hold'em No Limit ($0.02/$0.05) - 2024/04/24 18:49:31
Table 'NLHBlue2' 6-max Seat #3 is the button
Seat 1: 832a755d ($2.1 in chips)
Seat 2: Hero ($5.5 in chips)
Seat 3: e32c74c6 ($6.15 in chips)
Seat 4: 5447603a ($9.45 in chips)
Seat 5: f9b391e9 ($5 in chips)
Seat 6: 2b9e8be9 ($5.38 in chips)
5447603a: posts small blind $0.02
f9b391e9: posts big blind $0.05
*** HOLE CARDS ***
Dealt to 832a755d 
Dealt to Hero [Kd 6h]
Dealt to e32c74c6 
Dealt to 5447603a 
Dealt to f9b391e9 
Dealt to 2b9e8be9 
2b9e8be9: folds
832a755d: folds
Hero: folds
e32c74c6: folds
5447603a: folds
Uncalled bet ($0.03) returned to f9b391e9
*** SHOWDOWN ***
f9b391e9 collected $0.04 from pot
*** SUMMARY ***
Total pot $0.04 | Rake $0 | Jackpot $0 | Bingo $0 | Fortune $0 | Tax $0
Seat 1: 832a755d folded before Flop (didn't bet)
Seat 2: Hero folded before Flop (didn't bet)
Seat 3: e32c74c6 (button) folded before Flop (didn't bet)
Seat 4: 5447603a (small blind) folded before Flop
Seat 5: f9b391e9 (big blind) collected ($0.04)
Seat 6: 2b9e8be9 folded before Flop (didn't bet)


Poker Hand #HD1744853086: Hold'em No Limit ($0.02/$0.05) - 2024/04/24 18:47:49
Table 'NLHBlue2' 6-max Seat #2 is the button
Seat 1: 832a755d ($1.87 in chips)
Seat 2: Hero ($5.5 in chips)
Seat 3: e32c74c6 ($6.17 in chips)
Seat 4: 5447603a ($9.68 in chips)
Seat 5: f9b391e9 ($5 in chips)
Seat 6: 2b9e8be9 ($5.38 in chips)
e32c74c6: posts small blind $0.02
5447603a: posts big blind $0.05
*** HOLE CARDS ***
Dealt to 832a755d 
Dealt to Hero [6s 3c]
Dealt to e32c74c6 
Dealt to 5447603a 
Dealt to f9b391e9 
Dealt to 2b9e8be9 
f9b391e9: folds
2b9e8be9: folds
832a755d: calls $0.05
Hero: folds
e32c74c6: folds
5447603a: checks
*** FLOP *** [Ks Kc Js]
5447603a: checks
832a755d: bets $0.06
5447603a: calls $0.06
*** TURN *** [Ks Kc Js] [5h]
5447603a: checks
832a755d: bets $0.12
5447603a: calls $0.12
*** RIVER *** [Ks Kc Js 5h] [5d]
5447603a: checks
832a755d: bets $0.48
5447603a: folds
Uncalled bet ($0.48) returned to 832a755d
*** SHOWDOWN ***
832a755d collected $0.46 from pot
*** SUMMARY ***
Total pot $0.48 | Rake $0.02 | Jackpot $0 | Bingo $0 | Fortune $0 | Tax $0
Board [Ks Kc Js 5h 5d]
Seat 1: 832a755d won ($0.46)
Seat 2: Hero (button) folded before Flop (didn't bet)
Seat 3: e32c74c6 (small blind) folded before Flop
Seat 4: 5447603a (big blind) folded on the River
Seat 5: f9b391e9 folded before Flop (didn't bet)
Seat 6: 2b9e8be9 folded before Flop (didn't bet)


Poker Hand #HD1744853029: Hold'em No Limit ($0.02/$0.05) - 2024/04/24 18:47:24
Table 'NLHBlue2' 6-max Seat #1 is the button
Seat 1: 832a755d ($1.8 in chips)
Seat 2: Hero ($5.52 in chips)
Seat 3: e32c74c6 ($6.22 in chips)
Seat 4: 5447603a ($9.68 in chips)
Seat 5: f9b391e9 ($5 in chips)
Seat 6: 2b9e8be9 ($5.38 in chips)
Hero: posts small blind $0.02
e32c74c6: posts big blind $0.05
*** HOLE CARDS ***
Dealt to 832a755d 
Dealt to Hero [6s Kd]
Dealt to e32c74c6 
Dealt to 5447603a 
Dealt to f9b391e9 
Dealt to 2b9e8be9 
5447603a: folds
f9b391e9: folds
2b9e8be9: folds
832a755d: raises $0.1 to $0.15
Hero: folds
e32c74c6: folds
Uncalled bet ($0.1) returned to 832a755d
*** SHOWDOWN ***
832a755d collected $0.12 from pot
*** SUMMARY ***
Total pot $0.12 | Rake $0 | Jackpot $0 | Bingo $0 | Fortune $0 | Tax $0
Seat 1: 832a755d (button) collected ($0.12)
Seat 2: Hero (small blind) folded before Flop
Seat 3: e32c74c6 (big blind) folded before Flop
Seat 4: 5447603a folded before Flop (didn't bet)
Seat 5: f9b391e9 folded before Flop (didn't bet)
Seat 6: 2b9e8be9 folded before Flop (didn't bet)


Poker Hand #HD1744852911: Hold'em No Limit ($0.02/$0.05) - 2024/04/24 18:46:40
Table 'NLHBlue2' 6-max Seat #6 is the button
Seat 1: 832a755d ($1.82 in chips)
Seat 2: Hero ($5.57 in chips)
Seat 3: e32c74c6 ($6.2 in chips)
Seat 4: 5447603a ($9.68 in chips)
Seat 5: f9b391e9 ($5 in chips)
Seat 6: 2b9e8be9 ($5.37 in chips)
832a755d: posts small blind $0.02
Hero: posts big blind $0.05
*** HOLE CARDS ***
Dealt to 832a755d 
Dealt to Hero [3c Th]
Dealt to e32c74c6 
Dealt to 5447603a 
Dealt to f9b391e9 
Dealt to 2b9e8be9 
e32c74c6: raises $0.08 to $0.13
5447603a: folds
f9b391e9: folds
2b9e8be9: raises $0.25 to $0.38
832a755d: folds
Hero: folds
e32c74c6: calls $0.25
*** FLOP *** [9d 5s Js]
e32c74c6: checks
2b9e8be9: checks
*** TURN *** [9d 5s Js] [5c]
e32c74c6: checks
2b9e8be9: checks
*** RIVER *** [9d 5s Js 5c] [2s]
e32c74c6: checks
2b9e8be9: checks
e32c74c6: shows [Kd Ac] (Pair of Fives)
2b9e8be9: shows [As Kc] (Pair of Fives)
*** SHOWDOWN ***
e32c74c6 collected $0.4 from pot
2b9e8be9 collected $0.39 from pot
*** SUMMARY ***
Total pot $0.83 | Rake $0.04 | Jackpot $0 | Bingo $0 | Fortune $0 | Tax $0
Board [9d 5s Js 5c 2s]
Seat 1: 832a755d (small blind) folded before Flop
Seat 2: Hero (big blind) folded before Flop
Seat 3: e32c74c6 showed [Kd Ac] and won ($0.4) with Pair of Fives
Seat 4: 5447603a folded before Flop (didn't bet)
Seat 5: f9b391e9 folded before Flop (didn't bet)
Seat 6: 2b9e8be9 (button) showed [As Kc] and won ($0.39) with Pair of Fives


Poker Hand #HD1744852871: Hold'em No Limit ($0.02/$0.05) - 2024/04/24 18:46:26
Table 'NLHBlue2' 6-max Seat #5 is the button
Seat 1: 832a755d ($1.8 in chips)
Seat 2: Hero ($5.57 in chips)
Seat 3: e32c74c6 ($6.2 in chips)
Seat 4: 5447603a ($9.68 in chips)
Seat 5: f9b391e9 ($5 in chips)
Seat 6: 2b9e8be9 ($5.39 in chips)
2b9e8be9: posts small blind $0.02
832a755d: posts big blind $0.05
*** HOLE CARDS ***
Dealt to 832a755d 
Dealt to Hero [Tc 4s]
Dealt to e32c74c6 
Dealt to 5447603a 
Dealt to f9b391e9 
Dealt to 2b9e8be9 
Hero: folds
e32c74c6: folds
5447603a: folds
f9b391e9: folds
2b9e8be9: folds
Uncalled bet ($0.03) returned to 832a755d
*** SHOWDOWN ***
832a755d collected $0.04 from pot
*** SUMMARY ***
Total pot $0.04 | Rake $0 | Jackpot $0 | Bingo $0 | Fortune $0 | Tax $0
Seat 1: 832a755d (big blind) collected ($0.04)
Seat 2: Hero folded before Flop (didn't bet)
Seat 3: e32c74c6 folded before Flop (didn't bet)
Seat 4: 5447603a folded before Flop (didn't bet)
Seat 5: f9b391e9 (button) folded before Flop (didn't bet)
Seat 6: 2b9e8be9 (small blind) folded before Flop


Poker Hand #HD1744852805: Hold'em No Limit ($0.02/$0.05) - 2024/04/24 18:46:02
Table 'NLHBlue2' 6-max Seat #4 is the button
Seat 2: Hero ($5.5 in chips)
Seat 3: e32c74c6 ($6.2 in chips)
Seat 4: 5447603a ($9.68 in chips)
Seat 5: f9b391e9 ($5 in chips)
Seat 6: 2b9e8be9 ($5.44 in chips)
f9b391e9: posts small blind $0.02
2b9e8be9: posts big blind $0.05
*** HOLE CARDS ***
Dealt to Hero [Qd Qs]
Dealt to e32c74c6 
Dealt to 5447603a 
Dealt to f9b391e9 
Dealt to 2b9e8be9 
Hero: raises $0.05 to $0.1
e32c74c6: folds
5447603a: folds
f9b391e9: folds
2b9e8be9: folds
Uncalled bet ($0.05) returned to Hero
*** SHOWDOWN ***
Hero collected $0.12 from pot
*** SUMMARY ***
Total pot $0.12 | Rake $0 | Jackpot $0 | Bingo $0 | Fortune $0 | Tax $0
Seat 2: Hero collected ($0.12)
Seat 3: e32c74c6 folded before Flop (didn't bet)
Seat 4: 5447603a (button) folded before Flop (didn't bet)
Seat 5: f9b391e9 (small blind) folded before Flop
Seat 6: 2b9e8be9 (big blind) folded before Flop


Poker Hand #HD1744852654: Hold'em No Limit ($0.02/$0.05) - 2024/04/24 18:44:57
Table 'NLHBlue2' 6-max Seat #3 is the button
Seat 1: 17d99c00 ($1.07 in chips)
Seat 2: Hero ($5.5 in chips)
Seat 3: e32c74c6 ($5.09 in chips)
Seat 4: 5447603a ($9.7 in chips)
Seat 5: f9b391e9 ($5 in chips)
Seat 6: 2b9e8be9 ($5.57 in chips)
5447603a: posts small blind $0.02
f9b391e9: posts big blind $0.05
*** HOLE CARDS ***
Dealt to 17d99c00 
Dealt to Hero [Th 7c]
Dealt to e32c74c6 
Dealt to 5447603a 
Dealt to f9b391e9 
Dealt to 2b9e8be9 
2b9e8be9: raises $0.08 to $0.13
17d99c00: calls $0.13
Hero: folds
e32c74c6: raises $0.37 to $0.5
5447603a: folds
f9b391e9: folds
2b9e8be9: folds
17d99c00: raises $0.57 to $1.07 and is all-in
e32c74c6: calls $0.57
17d99c00: shows [Ah 6h]
e32c74c6: shows [As Ts]
*** FLOP *** [Ac 9d Jh]
*** TURN *** [Ac 9d Jh] [Js]
*** RIVER *** [Ac 9d Jh Js] [6c]
*** SHOWDOWN ***
e32c74c6 collected $2.18 from pot
*** SUMMARY ***
Total pot $2.34 | Rake $0.11 | Jackpot $0.05 | Bingo $0 | Fortune $0 | Tax $0
Board [Ac 9d Jh Js 6c]
Seat 1: 17d99c00 showed [Ah 6h] and lost with Pair of Aces and Pair of Jacks
Seat 2: Hero folded before Flop (didn't bet)
Seat 3: e32c74c6 (button) showed [As Ts] and won ($2.18) with Pair of Aces and Pair of Jacks
Seat 4: 5447603a (small blind) folded before Flop
Seat 5: f9b391e9 (big blind) folded before Flop
Seat 6: 2b9e8be9 folded before Flop


Poker Hand #HD1744852508: Hold'em No Limit ($0.02/$0.05) - 2024/04/24 18:44:01
Table 'NLHBlue2' 6-max Seat #2 is the button
Seat 1: 17d99c00 ($1 in chips)
Seat 2: Hero ($5.5 in chips)
Seat 3: e32c74c6 ($5.11 in chips)
Seat 4: 5447603a ($9.75 in chips)
Seat 5: f9b391e9 ($5 in chips)
Seat 6: 2b9e8be9 ($5.57 in chips)
e32c74c6: posts small blind $0.02
5447603a: posts big blind $0.05
17d99c00: posts big blind $0.05
*** HOLE CARDS ***
Dealt to 17d99c00 
Dealt to Hero [Th 9c]
Dealt to e32c74c6 
Dealt to 5447603a 
Dealt to f9b391e9 
Dealt to 2b9e8be9 
f9b391e9: folds
2b9e8be9: folds
17d99c00: checks
Hero: folds
e32c74c6: folds
5447603a: checks
*** FLOP *** [3s 8h 3c]
5447603a: checks
17d99c00: checks
*** TURN *** [3s 8h 3c] [9d]
5447603a: checks
17d99c00: bets $0.06
5447603a: folds
Uncalled bet ($0.06) returned to 17d99c00
*** SHOWDOWN ***
17d99c00 collected $0.12 from pot
*** SUMMARY ***
Total pot $0.12 | Rake $0 | Jackpot $0 | Bingo $0 | Fortune $0 | Tax $0
Board [3s 8h 3c 9d]
Seat 1: 17d99c00 won ($0.12)
Seat 2: Hero (button) folded before Flop (didn't bet)
Seat 3: e32c74c6 (small blind) folded before Flop
Seat 4: 5447603a (big blind) folded on the Turn
Seat 5: f9b391e9 folded before Flop (didn't bet)
Seat 6: 2b9e8be9 folded before Flop (didn't bet)


Poker Hand #HD1744852448: Hold'em No Limit ($0.02/$0.05) - 2024/04/24 18:43:36
Table 'NLHBlue2' 6-max Seat #6 is the button
Seat 2: Hero ($5.52 in chips)
Seat 3: e32c74c6 ($5 in chips)
Seat 4: 5447603a ($9.75 in chips)
Seat 5: f9b391e9 ($5 in chips)
Seat 6: 2b9e8be9 ($5.57 in chips)
Hero: posts small blind $0.02
e32c74c6: posts big blind $0.05
*** HOLE CARDS ***
Dealt to Hero [Jh 2h]
Dealt to e32c74c6 
Dealt to 5447603a 
Dealt to f9b391e9 
Dealt to 2b9e8be9 
5447603a: folds
f9b391e9: raises $0.05 to $0.1
2b9e8be9: folds
Hero: folds
e32c74c6: raises $0.3 to $0.4
f9b391e9: folds
Uncalled bet ($0.3) returned to e32c74c6
*** SHOWDOWN ***
e32c74c6 collected $0.21 from pot
*** SUMMARY ***
Total pot $0.22 | Rake $0.01 | Jackpot $0 | Bingo $0 | Fortune $0 | Tax $0
Seat 2: Hero (small blind) folded before Flop
Seat 3: e32c74c6 (big blind) collected ($0.21)
Seat 4: 5447603a folded before Flop (didn't bet)
Seat 5: f9b391e9 folded before Flop
Seat 6: 2b9e8be9 (button) folded before Flop (didn't bet)


Poker Hand #HD1744852256: Hold'em No Limit ($0.02/$0.05) - 2024/04/24 18:42:20
Table 'NLHBlue2' 6-max Seat #5 is the button
Seat 2: Hero ($5.57 in chips)
Seat 3: e32c74c6 ($5 in chips)
Seat 4: 5447603a ($9.75 in chips)
Seat 5: f9b391e9 ($5 in chips)
Seat 6: 2b9e8be9 ($5.52 in chips)
2b9e8be9: posts small blind $0.02
Hero: posts big blind $0.05
*** HOLE CARDS ***
Dealt to Hero [2d 7h]
Dealt to e32c74c6 
Dealt to 5447603a 
Dealt to f9b391e9 
Dealt to 2b9e8be9 
e32c74c6: folds
5447603a: folds
f9b391e9: folds
2b9e8be9: raises $0.1 to $0.15
Hero: folds
Uncalled bet ($0.1) returned to 2b9e8be9
*** SHOWDOWN ***
2b9e8be9 collected $0.1 from pot
*** SUMMARY ***
Total pot $0.1 | Rake $0 | Jackpot $0 | Bingo $0 | Fortune $0 | Tax $0
Seat 2: Hero (big blind) folded before Flop
Seat 3: e32c74c6 folded before Flop (didn't bet)
Seat 4: 5447603a folded before Flop (didn't bet)
Seat 5: f9b391e9 (button) folded before Flop (didn't bet)
Seat 6: 2b9e8be9 (small blind) collected ($0.1)


Poker Hand #HD1744852181: Hold'em No Limit ($0.02/$0.05) - 2024/04/24 18:41:49
Table 'NLHBlue2' 6-max Seat #4 is the button
Seat 2: Hero ($5.46 in chips)
Seat 3: e32c74c6 ($5 in chips)
Seat 4: 5447603a ($9.75 in chips)
Seat 5: f9b391e9 ($5 in chips)
Seat 6: 2b9e8be9 ($5.62 in chips)
f9b391e9: posts small blind $0.02
2b9e8be9: posts big blind $0.05
*** HOLE CARDS ***
Dealt to Hero [9c 9s]
Dealt to e32c74c6 
Dealt to 5447603a 
Dealt to f9b391e9 
Dealt to 2b9e8be9 
Hero: raises $0.05 to $0.1
e32c74c6: folds
5447603a: folds
f9b391e9: folds
2b9e8be9: calls $0.05
*** FLOP *** [4c 7c 5h]
2b9e8be9: checks
Hero: bets $0.08
2b9e8be9: folds
Uncalled bet ($0.08) returned to Hero
*** SHOWDOWN ***
Hero collected $0.21 from pot
*** SUMMARY ***
Total pot $0.22 | Rake $0.01 | Jackpot $0 | Bingo $0 | Fortune $0 | Tax $0
Board [4c 7c 5h]
Seat 2: Hero won ($0.21)
Seat 3: e32c74c6 folded before Flop (didn't bet)
Seat 4: 5447603a (button) folded before Flop (didn't bet)
Seat 5: f9b391e9 (small blind) folded before Flop
Seat 6: 2b9e8be9 (big blind) folded on the Flop


Poker Hand #HD1744851999: Hold'em No Limit ($0.02/$0.05) - 2024/04/24 18:40:32
Table 'NLHBlue2' 6-max Seat #3 is the button
Seat 2: Hero ($5.46 in chips)
Seat 3: e32c74c6 ($5.12 in chips)
Seat 4: 5447603a ($5.02 in chips)
Seat 5: f9b391e9 ($5.07 in chips)
Seat 6: 2b9e8be9 ($5.75 in chips)
5447603a: posts small blind $0.02
f9b391e9: posts big blind $0.05
*** HOLE CARDS ***
Dealt to Hero [9h 7s]
Dealt to e32c74c6 
Dealt to 5447603a 
Dealt to f9b391e9 
Dealt to 2b9e8be9 
2b9e8be9: raises $0.08 to $0.13
Hero: folds
e32c74c6: calls $0.13
5447603a: calls $0.11
f9b391e9: raises $0.75 to $0.88
2b9e8be9: folds
e32c74c6: folds
5447603a: calls $0.75
*** FLOP *** [4h 5c 2d]
5447603a: checks
f9b391e9: bets $1.01
5447603a: raises $3.13 to $4.14 and is all-in
f9b391e9: calls $3.13
5447603a: shows [4d 5d] (Pair of Fives and Pair of Fours)
f9b391e9: shows [As Qh] (Ace-High)
*** TURN *** [4h 5c 2d] [Ah]
*** RIVER *** [4h 5c 2d Ah] [Ts]
*** SHOWDOWN ***
5447603a collected $9.75 from pot
*** SUMMARY ***
Total pot $10.3 | Rake $0.5 | Jackpot $0.05 | Bingo $0 | Fortune $0 | Tax $0
Board [4h 5c 2d Ah Ts]
Seat 2: Hero folded before Flop (didn't bet)
Seat 3: e32c74c6 (button) folded before Flop
Seat 4: 5447603a (small blind) showed [4d 5d] and won ($9.75) with Pair of Fives and Pair of Fours
Seat 5: f9b391e9 (big blind) showed [As Qh] and lost with Pair of Aces
Seat 6: 2b9e8be9 folded before Flop


Poker Hand #HD1744851971: Hold'em No Limit ($0.02/$0.05) - 2024/04/24 18:40:21
Table 'NLHBlue2' 6-max Seat #2 is the button
Seat 2: Hero ($5.46 in chips)
Seat 3: e32c74c6 ($5.14 in chips)
Seat 4: 5447603a ($5 in chips)
Seat 5: f9b391e9 ($5.07 in chips)
Seat 6: 2b9e8be9 ($5.75 in chips)
e32c74c6: posts small blind $0.02
5447603a: posts big blind $0.05
*** HOLE CARDS ***
Dealt to Hero [Jc 3d]
Dealt to e32c74c6 
Dealt to 5447603a 
Dealt to f9b391e9 
Dealt to 2b9e8be9 
f9b391e9: folds
2b9e8be9: folds
Hero: folds
e32c74c6: folds
Uncalled bet ($0.03) returned to 5447603a
*** SHOWDOWN ***
5447603a collected $0.04 from pot
*** SUMMARY ***
Total pot $0.04 | Rake $0 | Jackpot $0 | Bingo $0 | Fortune $0 | Tax $0
Seat 2: Hero (button) folded before Flop (didn't bet)
Seat 3: e32c74c6 (small blind) folded before Flop
Seat 4: 5447603a (big blind) collected ($0.04)
Seat 5: f9b391e9 folded before Flop (didn't bet)
Seat 6: 2b9e8be9 folded before Flop (didn't bet)


Poker Hand #HD1744851894: Hold'em No Limit ($0.02/$0.05) - 2024/04/24 18:39:51
Table 'NLHBlue2' 6-max Seat #6 is the button
Seat 2: Hero ($5.48 in chips)
Seat 3: e32c74c6 ($5 in chips)
Seat 5: f9b391e9 ($5.07 in chips)
Seat 6: 2b9e8be9 ($5.88 in chips)
Hero: posts small blind $0.02
e32c74c6: posts big blind $0.05
*** HOLE CARDS ***
Dealt to Hero [Kc 4h]
Dealt to e32c74c6 
Dealt to f9b391e9 
Dealt to 2b9e8be9 
f9b391e9: folds
2b9e8be9: raises $0.08 to $0.13
Hero: folds
e32c74c6: calls $0.08
*** FLOP *** [9h 6h Qc]
e32c74c6: checks
2b9e8be9: checks
*** TURN *** [9h 6h Qc] [3c]
e32c74c6: bets $0.1
2b9e8be9: folds
Uncalled bet ($0.1) returned to e32c74c6
*** SHOWDOWN ***
e32c74c6 collected $0.27 from pot
*** SUMMARY ***
Total pot $0.28 | Rake $0.01 | Jackpot $0 | Bingo $0 | Fortune $0 | Tax $0
Board [9h 6h Qc 3c]
Seat 2: Hero (small blind) folded before Flop
Seat 3: e32c74c6 (big blind) won ($0.27)
Seat 5: f9b391e9 folded before Flop (didn't bet)
Seat 6: 2b9e8be9 (button) folded on the Turn


Poker Hand #HD1744851861: Hold'em No Limit ($0.02/$0.05) - 2024/04/24 18:39:36
Table 'NLHBlue2' 6-max Seat #5 is the button
Seat 2: Hero ($5.53 in chips)
Seat 4: 775a0165 ($5.86 in chips)
Seat 5: f9b391e9 ($5 in chips)
Seat 6: 2b9e8be9 ($5.9 in chips)
2b9e8be9: posts small blind $0.02
Hero: posts big blind $0.05
*** HOLE CARDS ***
Dealt to Hero [Kh 3d]
Dealt to 775a0165 
Dealt to f9b391e9 
Dealt to 2b9e8be9 
775a0165: folds
f9b391e9: raises $0.05 to $0.1
2b9e8be9: folds
Hero: folds
Uncalled bet ($0.05) returned to f9b391e9
*** SHOWDOWN ***
f9b391e9 collected $0.12 from pot
*** SUMMARY ***
Total pot $0.12 | Rake $0 | Jackpot $0 | Bingo $0 | Fortune $0 | Tax $0
Seat 2: Hero (big blind) folded before Flop
Seat 4: 775a0165 folded before Flop (didn't bet)
Seat 5: f9b391e9 (button) collected ($0.12)
Seat 6: 2b9e8be9 (small blind) folded before Flop


Poker Hand #HD1744851594: Hold'em No Limit ($0.02/$0.05) - 2024/04/24 18:37:41
Table 'NLHBlue2' 6-max Seat #4 is the button
Seat 2: Hero ($5.53 in chips)
Seat 4: 775a0165 ($5 in chips)
Seat 5: f9b391e9 ($5.21 in chips)
Seat 6: 2b9e8be9 ($5.95 in chips)
f9b391e9: posts small blind $0.02
2b9e8be9: posts big blind $0.05
*** HOLE CARDS ***
Dealt to Hero [Kh 4d]
Dealt to 775a0165 
Dealt to f9b391e9 
Dealt to 2b9e8be9 
Hero: folds
775a0165: raises $0.07 to $0.12
f9b391e9: raises $0.44 to $0.56
2b9e8be9: folds
775a0165: calls $0.44
*** FLOP *** [Ts 6c 5s]
f9b391e9: bets $0.39
775a0165: calls $0.39
*** TURN *** [Ts 6c 5s] [2d]
f9b391e9: checks
775a0165: checks
*** RIVER *** [Ts 6c 5s 2d] [9d]
f9b391e9: checks
775a0165: bets $1.47
f9b391e9: folds
Uncalled bet ($1.47) returned to 775a0165
*** SHOWDOWN ***
775a0165 collected $1.81 from pot
*** SUMMARY ***
Total pot $1.95 | Rake $0.09 | Jackpot $0.05 | Bingo $0 | Fortune $0 | Tax $0
Board [Ts 6c 5s 2d 9d]
Seat 2: Hero folded before Flop (didn't bet)
Seat 4: 775a0165 (button) won ($1.81)
Seat 5: f9b391e9 (small blind) folded on the River
Seat 6: 2b9e8be9 (big blind) folded before Flop


Poker Hand #HD1744851565: Hold'em No Limit ($0.02/$0.05) - 2024/04/24 18:37:30
Table 'NLHBlue2' 6-max Seat #2 is the button
Seat 2: Hero ($5.53 in chips)
Seat 4: 775a0165 ($5 in chips)
Seat 5: f9b391e9 ($5.19 in chips)
Seat 6: 2b9e8be9 ($5.95 in chips)
775a0165: posts small blind $0.02
f9b391e9: posts big blind $0.05
*** HOLE CARDS ***
Dealt to Hero [7s 2s]
Dealt to 775a0165 
Dealt to f9b391e9 
Dealt to 2b9e8be9 
2b9e8be9: folds
Hero: folds
775a0165: folds
Uncalled bet ($0.03) returned to f9b391e9
*** SHOWDOWN ***
f9b391e9 collected $0.04 from pot
*** SUMMARY ***
Total pot $0.04 | Rake $0 | Jackpot $0 | Bingo $0 | Fortune $0 | Tax $0
Seat 2: Hero (button) folded before Flop (didn't bet)
Seat 4: 775a0165 (small blind) folded before Flop
Seat 5: f9b391e9 (big blind) collected ($0.04)
Seat 6: 2b9e8be9 folded before Flop (didn't bet)


Poker Hand #HD1744851524: Hold'em No Limit ($0.02/$0.05) - 2024/04/24 18:37:14
Table 'NLHBlue2' 6-max Seat #6 is the button
Seat 2: Hero ($5.55 in chips)
Seat 3: 3bfd671f ($5.43 in chips)
Seat 4: 775a0165 ($5 in chips)
Seat 5: f9b391e9 ($5.19 in chips)
Seat 6: 2b9e8be9 ($5.95 in chips)
Hero: posts small blind $0.02
3bfd671f: posts big blind $0.05
*** HOLE CARDS ***
Dealt to Hero [Jd 9s]
Dealt to 3bfd671f 
Dealt to 775a0165 
Dealt to f9b391e9 
Dealt to 2b9e8be9 
775a0165: folds
f9b391e9: folds
2b9e8be9: folds
Hero: folds
Uncalled bet ($0.03) returned to 3bfd671f
*** SHOWDOWN ***
3bfd671f collected $0.04 from pot
*** SUMMARY ***
Total pot $0.04 | Rake $0 | Jackpot $0 | Bingo $0 | Fortune $0 | Tax $0
Seat 2: Hero (small blind) folded before Flop
Seat 3: 3bfd671f (big blind) collected ($0.04)
Seat 4: 775a0165 folded before Flop (didn't bet)
Seat 5: f9b391e9 folded before Flop (didn't bet)
Seat 6: 2b9e8be9 (button) folded before Flop (didn't bet)


Poker Hand #HD1744851483: Hold'em No Limit ($0.02/$0.05) - 2024/04/24 18:36:53
Table 'NLHBlue2' 6-max Seat #5 is the button
Seat 2: Hero ($5.6 in chips)
Seat 3: 3bfd671f ($5.43 in chips)
Seat 4: 775a0165 ($5 in chips)
Seat 5: f9b391e9 ($5.19 in chips)
Seat 6: 2b9e8be9 ($5.9 in chips)
2b9e8be9: posts small blind $0.02
Hero: posts big blind $0.05
*** HOLE CARDS ***
Dealt to Hero [8d 7c]
Dealt to 3bfd671f 
Dealt to 775a0165 
Dealt to f9b391e9 
Dealt to 2b9e8be9 
3bfd671f: folds
775a0165: folds
f9b391e9: folds
2b9e8be9: raises $0.1 to $0.15
Hero: folds
Uncalled bet ($0.1) returned to 2b9e8be9
*** SHOWDOWN ***
2b9e8be9 collected $0.1 from pot
*** SUMMARY ***
Total pot $0.1 | Rake $0 | Jackpot $0 | Bingo $0 | Fortune $0 | Tax $0
Seat 2: Hero (big blind) folded before Flop
Seat 3: 3bfd671f folded before Flop (didn't bet)
Seat 4: 775a0165 folded before Flop (didn't bet)
Seat 5: f9b391e9 (button) folded before Flop (didn't bet)
Seat 6: 2b9e8be9 (small blind) collected ($0.1)


Poker Hand #HD1744851372: Hold'em No Limit ($0.02/$0.05) - 2024/04/24 18:36:09
Table 'NLHBlue2' 6-max Seat #4 is the button
Seat 2: Hero ($5.21 in chips)
Seat 3: 3bfd671f ($5.43 in chips)
Seat 4: 775a0165 ($5.17 in chips)
Seat 5: f9b391e9 ($5.21 in chips)
Seat 6: 2b9e8be9 ($5.95 in chips)
f9b391e9: posts small blind $0.02
2b9e8be9: posts big blind $0.05
*** HOLE CARDS ***
Dealt to Hero [Qc Qd]
Dealt to 3bfd671f 
Dealt to 775a0165 
Dealt to f9b391e9 
Dealt to 2b9e8be9 
Hero: raises $0.05 to $0.1
3bfd671f: folds
775a0165: raises $0.25 to $0.35
f9b391e9: folds
2b9e8be9: folds
Hero: raises $0.71 to $1.06
775a0165: folds
Uncalled bet ($0.71) returned to Hero
*** SHOWDOWN ***
Hero collected $0.74 from pot
*** SUMMARY ***
Total pot $0.77 | Rake $0.03 | Jackpot $0 | Bingo $0 | Fortune $0 | Tax $0
Seat 2: Hero collected ($0.74)
Seat 3: 3bfd671f folded before Flop (didn't bet)
Seat 4: 775a0165 (button) folded before Flop
Seat 5: f9b391e9 (small blind) folded before Flop
Seat 6: 2b9e8be9 (big blind) folded before Flop


Poker Hand #HD1744851306: Hold'em No Limit ($0.02/$0.05) - 2024/04/24 18:35:36
Table 'NLHBlue2' 6-max Seat #3 is the button
Seat 2: Hero ($5.21 in chips)
Seat 3: 3bfd671f ($5.43 in chips)
Seat 4: 775a0165 ($5.19 in chips)
Seat 5: f9b391e9 ($5.07 in chips)
Seat 6: 2b9e8be9 ($6.08 in chips)
775a0165: posts small blind $0.02
f9b391e9: posts big blind $0.05
*** HOLE CARDS ***
Dealt to Hero [2c 2s]
Dealt to 3bfd671f 
Dealt to 775a0165 
Dealt to f9b391e9 
Dealt to 2b9e8be9 
2b9e8be9: raises $0.08 to $0.13
Hero: folds
3bfd671f: folds
775a0165: folds
f9b391e9: calls $0.08
*** FLOP *** [3c 4d 5s]
f9b391e9: checks
2b9e8be9: checks
*** TURN *** [3c 4d 5s] [Js]
f9b391e9: bets $0.1
2b9e8be9: folds
Uncalled bet ($0.1) returned to f9b391e9
*** SHOWDOWN ***
f9b391e9 collected $0.27 from pot
*** SUMMARY ***
Total pot $0.28 | Rake $0.01 | Jackpot $0 | Bingo $0 | Fortune $0 | Tax $0
Board [3c 4d 5s Js]
Seat 2: Hero folded before Flop (didn't bet)
Seat 3: 3bfd671f (button) folded before Flop (didn't bet)
Seat 4: 775a0165 (small blind) folded before Flop
Seat 5: f9b391e9 (big blind) won ($0.27)
Seat 6: 2b9e8be9 folded on the Turn


Poker Hand #HD1744851275: Hold'em No Limit ($0.02/$0.05) - 2024/04/24 18:35:24
Table 'NLHBlue2' 6-max Seat #2 is the button
Seat 2: Hero ($5.14 in chips)
Seat 3: 3bfd671f ($5.45 in chips)
Seat 4: 775a0165 ($5.24 in chips)
Seat 5: f9b391e9 ($5.07 in chips)
Seat 6: 2b9e8be9 ($6.08 in chips)
3bfd671f: posts small blind $0.02
775a0165: posts big blind $0.05
*** HOLE CARDS ***
Dealt to Hero [9c Tc]
Dealt to 3bfd671f 
Dealt to 775a0165 
Dealt to f9b391e9 
Dealt to 2b9e8be9 
f9b391e9: folds
2b9e8be9: folds
Hero: raises $0.07 to $0.12
3bfd671f: folds
775a0165: folds
Uncalled bet ($0.07) returned to Hero
*** SHOWDOWN ***
Hero collected $0.12 from pot
*** SUMMARY ***
Total pot $0.12 | Rake $0 | Jackpot $0 | Bingo $0 | Fortune $0 | Tax $0
Seat 2: Hero (button) collected ($0.12)
Seat 3: 3bfd671f (small blind) folded before Flop
Seat 4: 775a0165 (big blind) folded before Flop
Seat 5: f9b391e9 folded before Flop (didn't bet)
Seat 6: 2b9e8be9 folded before Flop (didn't bet)


Poker Hand #HD1744851235: Hold'em No Limit ($0.02/$0.05) - 2024/04/24 18:35:06
Table 'NLHBlue2' 6-max Seat #6 is the button
Seat 2: Hero ($5.16 in chips)
Seat 3: 3bfd671f ($5.5 in chips)
Seat 4: 775a0165 ($5.24 in chips)
Seat 5: f9b391e9 ($5.07 in chips)
Seat 6: 2b9e8be9 ($6.01 in chips)
Hero: posts small blind $0.02
3bfd671f: posts big blind $0.05
*** HOLE CARDS ***
Dealt to Hero [4s Qs]
Dealt to 3bfd671f 
Dealt to 775a0165 
Dealt to f9b391e9 
Dealt to 2b9e8be9 
775a0165: folds
f9b391e9: folds
2b9e8be9: raises $0.08 to $0.13
Hero: folds
3bfd671f: folds
Uncalled bet ($0.08) returned to 2b9e8be9
*** SHOWDOWN ***
2b9e8be9 collected $0.12 from pot
*** SUMMARY ***
Total pot $0.12 | Rake $0 | Jackpot $0 | Bingo $0 | Fortune $0 | Tax $0
Seat 2: Hero (small blind) folded before Flop
Seat 3: 3bfd671f (big blind) folded before Flop
Seat 4: 775a0165 folded before Flop (didn't bet)
Seat 5: f9b391e9 folded before Flop (didn't bet)
Seat 6: 2b9e8be9 (button) collected ($0.12)


Poker Hand #HD1744851184: Hold'em No Limit ($0.02/$0.05) - 2024/04/24 18:34:49
Table 'NLHBlue2' 6-max Seat #5 is the button
Seat 2: Hero ($5.21 in chips)
Seat 3: 3bfd671f ($5.5 in chips)
Seat 4: 775a0165 ($5.24 in chips)
Seat 5: f9b391e9 ($5 in chips)
Seat 6: 2b9e8be9 ($6.03 in chips)
2b9e8be9: posts small blind $0.02
Hero: posts big blind $0.05
*** HOLE CARDS ***
Dealt to Hero [2s 7d]
Dealt to 3bfd671f 
Dealt to 775a0165 
Dealt to f9b391e9 
Dealt to 2b9e8be9 
3bfd671f: folds
775a0165: folds
f9b391e9: raises $0.05 to $0.1
2b9e8be9: folds
Hero: folds
Uncalled bet ($0.05) returned to f9b391e9
*** SHOWDOWN ***
f9b391e9 collected $0.12 from pot
*** SUMMARY ***
Total pot $0.12 | Rake $0 | Jackpot $0 | Bingo $0 | Fortune $0 | Tax $0
Seat 2: Hero (big blind) folded before Flop
Seat 3: 3bfd671f folded before Flop (didn't bet)
Seat 4: 775a0165 folded before Flop (didn't bet)
Seat 5: f9b391e9 (button) collected ($0.12)
Seat 6: 2b9e8be9 (small blind) folded before Flop


Poker Hand #HD1744851109: Hold'em No Limit ($0.02/$0.05) - 2024/04/24 18:34:18
Table 'NLHBlue2' 6-max Seat #4 is the button
Seat 2: Hero ($5.21 in chips)
Seat 3: 3bfd671f ($5.5 in chips)
Seat 4: 775a0165 ($5.11 in chips)
Seat 5: f9b391e9 ($5 in chips)
Seat 6: 2b9e8be9 ($6.15 in chips)
f9b391e9: posts small blind $0.02
2b9e8be9: posts big blind $0.05
*** HOLE CARDS ***
Dealt to Hero [2h 9d]
Dealt to 3bfd671f 
Dealt to 775a0165 
Dealt to f9b391e9 
Dealt to 2b9e8be9 
Hero: folds
3bfd671f: folds
775a0165: raises $0.07 to $0.12
f9b391e9: folds
2b9e8be9: calls $0.07
*** FLOP *** [Js 3c 8h]
2b9e8be9: checks
775a0165: bets $0.13
2b9e8be9: folds
Uncalled bet ($0.13) returned to 775a0165
*** SHOWDOWN ***
775a0165 collected $0.25 from pot
*** SUMMARY ***
Total pot $0.26 | Rake $0.01 | Jackpot $0 | Bingo $0 | Fortune $0 | Tax $0
Board [Js 3c 8h]
Seat 2: Hero folded before Flop (didn't bet)
Seat 3: 3bfd671f folded before Flop (didn't bet)
Seat 4: 775a0165 (button) won ($0.25)
Seat 5: f9b391e9 (small blind) folded before Flop
Seat 6: 2b9e8be9 (big blind) folded on the Flop


Poker Hand #HD1744851077: Hold'em No Limit ($0.02/$0.05) - 2024/04/24 18:34:02
Table 'NLHBlue2' 6-max Seat #3 is the button
Seat 2: Hero ($5.21 in chips)
Seat 3: 3bfd671f ($5.5 in chips)
Seat 4: 775a0165 ($5.13 in chips)
Seat 5: f9b391e9 ($5 in chips)
Seat 6: 2b9e8be9 ($6.08 in chips)
775a0165: posts small blind $0.02
f9b391e9: posts big blind $0.05
*** HOLE CARDS ***
Dealt to Hero [5s Ks]
Dealt to 3bfd671f 
Dealt to 775a0165 
Dealt to f9b391e9 
Dealt to 2b9e8be9 
2b9e8be9: raises $0.08 to $0.13
Hero: folds
3bfd671f: folds
775a0165: folds
f9b391e9: folds
Uncalled bet ($0.08) returned to 2b9e8be9
*** SHOWDOWN ***
2b9e8be9 collected $0.12 from pot
*** SUMMARY ***
Total pot $0.12 | Rake $0 | Jackpot $0 | Bingo $0 | Fortune $0 | Tax $0
Seat 2: Hero folded before Flop (didn't bet)
Seat 3: 3bfd671f (button) folded before Flop (didn't bet)
Seat 4: 775a0165 (small blind) folded before Flop
Seat 5: f9b391e9 (big blind) folded before Flop
Seat 6: 2b9e8be9 collected ($0.12)


Poker Hand #HD1744851023: Hold'em No Limit ($0.02/$0.05) - 2024/04/24 18:33:41
Table 'NLHBlue2' 6-max Seat #2 is the button
Seat 2: Hero ($5.14 in chips)
Seat 3: 3bfd671f ($5.52 in chips)
Seat 4: 775a0165 ($5.18 in chips)
Seat 5: f9b391e9 ($5 in chips)
Seat 6: 2b9e8be9 ($6.08 in chips)
3bfd671f: posts small blind $0.02
775a0165: posts big blind $0.05
*** HOLE CARDS ***
Dealt to Hero [6c Ac]
Dealt to 3bfd671f 
Dealt to 775a0165 
Dealt to f9b391e9 
Dealt to 2b9e8be9 
f9b391e9: folds
2b9e8be9: folds
Hero: raises $0.07 to $0.12
3bfd671f: folds
775a0165: folds
Uncalled bet ($0.07) returned to Hero
*** SHOWDOWN ***
Hero collected $0.12 from pot
*** SUMMARY ***
Total pot $0.12 | Rake $0 | Jackpot $0 | Bingo $0 | Fortune $0 | Tax $0
Seat 2: Hero (button) collected ($0.12)
Seat 3: 3bfd671f (small blind) folded before Flop
Seat 4: 775a0165 (big blind) folded before Flop
Seat 5: f9b391e9 folded before Flop (didn't bet)
Seat 6: 2b9e8be9 folded before Flop (didn't bet)


Poker Hand #HD1744850995: Hold'em No Limit ($0.02/$0.05) - 2024/04/24 18:33:32
Table 'NLHBlue2' 6-max Seat #6 is the button
Seat 2: Hero ($5.16 in chips)
Seat 3: 3bfd671f ($5.5 in chips)
Seat 4: 775a0165 ($5.18 in chips)
Seat 5: f9b391e9 ($5 in chips)
Seat 6: 2b9e8be9 ($6.08 in chips)
Hero: posts small blind $0.02
3bfd671f: posts big blind $0.05
*** HOLE CARDS ***
Dealt to Hero [7s Qd]
Dealt to 3bfd671f 
Dealt to 775a0165 
Dealt to f9b391e9 
Dealt to 2b9e8be9 
775a0165: folds
f9b391e9: folds
2b9e8be9: folds
Hero: folds
Uncalled bet ($0.03) returned to 3bfd671f
*** SHOWDOWN ***
3bfd671f collected $0.04 from pot
*** SUMMARY ***
Total pot $0.04 | Rake $0 | Jackpot $0 | Bingo $0 | Fortune $0 | Tax $0
Seat 2: Hero (small blind) folded before Flop
Seat 3: 3bfd671f (big blind) collected ($0.04)
Seat 4: 775a0165 folded before Flop (didn't bet)
Seat 5: f9b391e9 folded before Flop (didn't bet)
Seat 6: 2b9e8be9 (button) folded before Flop (didn't bet)


Poker Hand #HD1744850970: Hold'em No Limit ($0.02/$0.05) - 2024/04/24 18:33:19
Table 'NLHBlue2' 6-max Seat #5 is the button
Seat 2: Hero ($5.21 in chips)
Seat 4: 775a0165 ($5.18 in chips)
Seat 5: f9b391e9 ($5 in chips)
Seat 6: 2b9e8be9 ($6.03 in chips)
2b9e8be9: posts small blind $0.02
Hero: posts big blind $0.05
*** HOLE CARDS ***
Dealt to Hero [8s 7d]
Dealt to 775a0165 
Dealt to f9b391e9 
Dealt to 2b9e8be9 
775a0165: folds
f9b391e9: folds
2b9e8be9: raises $0.1 to $0.15
Hero: folds
Uncalled bet ($0.1) returned to 2b9e8be9
*** SHOWDOWN ***
2b9e8be9 collected $0.1 from pot
*** SUMMARY ***
Total pot $0.1 | Rake $0 | Jackpot $0 | Bingo $0 | Fortune $0 | Tax $0
Seat 2: Hero (big blind) folded before Flop
Seat 4: 775a0165 folded before Flop (didn't bet)
Seat 5: f9b391e9 (button) folded before Flop (didn't bet)
Seat 6: 2b9e8be9 (small blind) collected ($0.1)


Poker Hand #HD1744850931: Hold'em No Limit ($0.02/$0.05) - 2024/04/24 18:33:04
Table 'NLHBlue2' 6-max Seat #4 is the button
Seat 2: Hero ($5.21 in chips)
Seat 4: 775a0165 ($5.11 in chips)
Seat 5: f9b391e9 ($5 in chips)
Seat 6: 2b9e8be9 ($6.08 in chips)
f9b391e9: posts small blind $0.02
2b9e8be9: posts big blind $0.05
*** HOLE CARDS ***
Dealt to Hero [Tc 8c]
Dealt to 775a0165 
Dealt to f9b391e9 
Dealt to 2b9e8be9 
Hero: folds
775a0165: raises $0.07 to $0.12
f9b391e9: folds
2b9e8be9: folds
Uncalled bet ($0.07) returned to 775a0165
*** SHOWDOWN ***
775a0165 collected $0.12 from pot
*** SUMMARY ***
Total pot $0.12 | Rake $0 | Jackpot $0 | Bingo $0 | Fortune $0 | Tax $0
Seat 2: Hero folded before Flop (didn't bet)
Seat 4: 775a0165 (button) collected ($0.12)
Seat 5: f9b391e9 (small blind) folded before Flop
Seat 6: 2b9e8be9 (big blind) folded before Flop


Poker Hand #HD1744850848: Hold'em No Limit ($0.02/$0.05) - 2024/04/24 18:32:30
Table 'NLHBlue2' 6-max Seat #2 is the button
Seat 2: Hero ($5.21 in chips)
Seat 4: 775a0165 ($5 in chips)
Seat 5: f9b391e9 ($5 in chips)
Seat 6: 2b9e8be9 ($6.08 in chips)
775a0165: posts small blind $0.02
f9b391e9: posts big blind $0.05
*** HOLE CARDS ***
Dealt to Hero [Js 3h]
Dealt to 775a0165 
Dealt to f9b391e9 
Dealt to 2b9e8be9 
2b9e8be9: folds
Hero: folds
775a0165: raises $0.07 to $0.12
f9b391e9: calls $0.07
*** FLOP *** [Kd Qh Ts]
775a0165: bets $0.12
f9b391e9: folds
Uncalled bet ($0.12) returned to 775a0165
*** SHOWDOWN ***
775a0165 collected $0.23 from pot
*** SUMMARY ***
Total pot $0.24 | Rake $0.01 | Jackpot $0 | Bingo $0 | Fortune $0 | Tax $0
Board [Kd Qh Ts]
Seat 2: Hero (button) folded before Flop (didn't bet)
Seat 4: 775a0165 (small blind) won ($0.23)
Seat 5: f9b391e9 (big blind) folded on the Flop
Seat 6: 2b9e8be9 folded before Flop (didn't bet)


Poker Hand #HD1744850686: Hold'em No Limit ($0.02/$0.05) - 2024/04/24 18:31:28
Table 'NLHBlue2' 6-max Seat #6 is the button
Seat 1: 3e9441c9 ($1.19 in chips)
Seat 2: Hero ($5.26 in chips)
Seat 4: 775a0165 ($5 in chips)
Seat 6: 2b9e8be9 ($5 in chips)
3e9441c9: posts small blind $0.02
Hero: posts big blind $0.05
*** HOLE CARDS ***
Dealt to 3e9441c9 
Dealt to Hero [9h 7d]
Dealt to 775a0165 
Dealt to 2b9e8be9 
775a0165: folds
2b9e8be9: raises $0.08 to $0.13
3e9441c9: calls $0.11
Hero: folds
*** FLOP *** [9d 3s Tc]
3e9441c9: checks
2b9e8be9: bets $0.11
3e9441c9: calls $0.11
*** TURN *** [9d 3s Tc] [3c]
3e9441c9: checks
2b9e8be9: bets $0.4
3e9441c9: raises $0.55 to $0.95 and is all-in
2b9e8be9: calls $0.55
3e9441c9: shows [Qs Ac] (Pair of Treys)
2b9e8be9: shows [Js Td] (Pair of Tens and Pair of Treys)
*** RIVER *** [9d 3s Tc 3c] [Jc]
*** SHOWDOWN ***
2b9e8be9 collected $2.27 from pot
*** SUMMARY ***
Total pot $2.43 | Rake $0.11 | Jackpot $0.05 | Bingo $0 | Fortune $0 | Tax $0
Board [9d 3s Tc 3c Jc]
Seat 1: 3e9441c9 (small blind) showed [Qs Ac] and lost with Pair of Treys
Seat 2: Hero (big blind) folded before Flop
Seat 4: 775a0165 folded before Flop (didn't bet)
Seat 6: 2b9e8be9 (button) showed [Js Td] and won ($2.27) with Pair of Jacks and Pair of Tens


Poker Hand #HD1744850545: Hold'em No Limit ($0.02/$0.05) - 2024/04/24 18:30:34
Table 'NLHBlue2' 6-max Seat #4 is the button
Seat 1: 3e9441c9 ($0.95 in chips)
Seat 2: Hero ($5.26 in chips)
Seat 3: 593e0c35 ($5.5 in chips)
Seat 4: 775a0165 ($5 in chips)
Seat 6: 2b9e8be9 ($5.02 in chips)
2b9e8be9: posts small blind $0.02
3e9441c9: posts big blind $0.05
*** HOLE CARDS ***
Dealt to 3e9441c9 
Dealt to Hero [8h Ts]
Dealt to 593e0c35 
Dealt to 775a0165 
Dealt to 2b9e8be9 
Hero: folds
593e0c35: folds
775a0165: raises $0.07 to $0.12
2b9e8be9: folds
3e9441c9: calls $0.07
*** FLOP *** [6c Kh 3d]
3e9441c9: checks
775a0165: bets $0.13
3e9441c9: raises $0.52 to $0.65
775a0165: folds
Uncalled bet ($0.52) returned to 3e9441c9
*** SHOWDOWN ***
3e9441c9 collected $0.49 from pot
*** SUMMARY ***
Total pot $0.52 | Rake $0.03 | Jackpot $0 | Bingo $0 | Fortune $0 | Tax $0
Board [6c Kh 3d]
Seat 1: 3e9441c9 (big blind) won ($0.49)
Seat 2: Hero folded before Flop (didn't bet)
Seat 3: 593e0c35 folded before Flop (didn't bet)
Seat 4: 775a0165 (button) folded on the Flop
Seat 6: 2b9e8be9 (small blind) folded before Flop


Poker Hand #HD1744850504: Hold'em No Limit ($0.02/$0.05) - 2024/04/24 18:30:21
Table 'NLHBlue2' 6-max Seat #3 is the button
Seat 1: 3e9441c9 ($0.95 in chips)
Seat 2: Hero ($5.26 in chips)
Seat 3: 593e0c35 ($5.5 in chips)
Seat 4: 775a0165 ($5.02 in chips)
Seat 6: 2b9e8be9 ($5 in chips)
775a0165: posts small blind $0.02
2b9e8be9: posts big blind $0.05
*** HOLE CARDS ***
Dealt to 3e9441c9 
Dealt to Hero [4c Ks]
Dealt to 593e0c35 
Dealt to 775a0165 
Dealt to 2b9e8be9 
3e9441c9: folds
Hero: folds
593e0c35: folds
775a0165: folds
Uncalled bet ($0.03) returned to 2b9e8be9
*** SHOWDOWN ***
2b9e8be9 collected $0.04 from pot
*** SUMMARY ***
Total pot $0.04 | Rake $0 | Jackpot $0 | Bingo $0 | Fortune $0 | Tax $0
Seat 1: 3e9441c9 folded before Flop (didn't bet)
Seat 2: Hero folded before Flop (didn't bet)
Seat 3: 593e0c35 (button) folded before Flop (didn't bet)
Seat 4: 775a0165 (small blind) folded before Flop
Seat 6: 2b9e8be9 (big blind) collected ($0.04)


Poker Hand #HD1744850449: Hold'em No Limit ($0.02/$0.05) - 2024/04/24 18:29:58
Table 'NLHBlue2' 6-max Seat #2 is the button
Seat 1: 3e9441c9 ($1 in chips)
Seat 2: Hero ($5.26 in chips)
Seat 3: 593e0c35 ($5.4 in chips)
Seat 4: 775a0165 ($5.07 in chips)
Seat 5: ebf2af83 ($14.99 in chips)
Seat 6: 2b9e8be9 ($5 in chips)
593e0c35: posts small blind $0.02
775a0165: posts big blind $0.05
3e9441c9: posts big blind $0.05
*** HOLE CARDS ***
Dealt to 3e9441c9 
Dealt to Hero [7s Kc]
Dealt to 593e0c35 
Dealt to 775a0165 
Dealt to ebf2af83 
Dealt to 2b9e8be9 
ebf2af83: folds
2b9e8be9: folds
3e9441c9: checks
Hero: folds
593e0c35: raises $0.15 to $0.2
775a0165: folds
3e9441c9: folds
Uncalled bet ($0.15) returned to 593e0c35
*** SHOWDOWN ***
593e0c35 collected $0.15 from pot
*** SUMMARY ***
Total pot $0.15 | Rake $0 | Jackpot $0 | Bingo $0 | Fortune $0 | Tax $0
Seat 1: 3e9441c9 folded before Flop
Seat 2: Hero (button) folded before Flop (didn't bet)
Seat 3: 593e0c35 (small blind) collected ($0.15)
Seat 4: 775a0165 (big blind) folded before Flop
Seat 5: ebf2af83 folded before Flop (didn't bet)
Seat 6: 2b9e8be9 folded before Flop (didn't bet)


Poker Hand #HD1744850419: Hold'em No Limit ($0.02/$0.05) - 2024/04/24 18:29:45
Table 'NLHBlue2' 6-max Seat #6 is the button
Seat 2: Hero ($5.21 in chips)
Seat 3: 593e0c35 ($5.45 in chips)
Seat 4: 775a0165 ($5.07 in chips)
Seat 5: ebf2af83 ($14.99 in chips)
Seat 6: 2b9e8be9 ($5 in chips)
Hero: posts small blind $0.02
593e0c35: posts big blind $0.05
*** HOLE CARDS ***
Dealt to Hero [7s Qs]
Dealt to 593e0c35 
Dealt to 775a0165 
Dealt to ebf2af83 
Dealt to 2b9e8be9 
775a0165: folds
ebf2af83: folds
2b9e8be9: folds
Hero: raises $0.1 to $0.15
593e0c35: folds
Uncalled bet ($0.1) returned to Hero
*** SHOWDOWN ***
Hero collected $0.1 from pot
*** SUMMARY ***
Total pot $0.1 | Rake $0 | Jackpot $0 | Bingo $0 | Fortune $0 | Tax $0
Seat 2: Hero (small blind) collected ($0.1)
Seat 3: 593e0c35 (big blind) folded before Flop
Seat 4: 775a0165 folded before Flop (didn't bet)
Seat 5: ebf2af83 folded before Flop (didn't bet)
Seat 6: 2b9e8be9 (button) folded before Flop (didn't bet)


Poker Hand #HD1744850331: Hold'em No Limit ($0.02/$0.05) - 2024/04/24 18:29:15
Table 'NLHBlue2' 6-max Seat #5 is the button
Seat 2: Hero ($5.07 in chips)
Seat 4: 775a0165 ($5.07 in chips)
Seat 5: ebf2af83 ($14.99 in chips)
Seat 6: 2b9e8be9 ($5 in chips)
2b9e8be9: posts small blind $0.02
Hero: posts big blind $0.05
*** HOLE CARDS ***
Dealt to Hero [Ad Kh]
Dealt to 775a0165 
Dealt to ebf2af83 
Dealt to 2b9e8be9 
775a0165: folds
ebf2af83: folds
2b9e8be9: raises $0.1 to $0.15
Hero: raises $0.45 to $0.6
2b9e8be9: folds
Uncalled bet ($0.45) returned to Hero
*** SHOWDOWN ***
Hero collected $0.29 from pot
*** SUMMARY ***
Total pot $0.3 | Rake $0.01 | Jackpot $0 | Bingo $0 | Fortune $0 | Tax $0
Seat 2: Hero (big blind) collected ($0.29)
Seat 4: 775a0165 folded before Flop (didn't bet)
Seat 5: ebf2af83 (button) folded before Flop (didn't bet)
Seat 6: 2b9e8be9 (small blind) folded before Flop


Poker Hand #HD1744850296: Hold'em No Limit ($0.02/$0.05) - 2024/04/24 18:28:59
Table 'NLHBlue2' 6-max Seat #4 is the button
Seat 2: Hero ($5 in chips)
Seat 4: 775a0165 ($5.07 in chips)
Seat 5: ebf2af83 ($15.01 in chips)
Seat 6: 2b9e8be9 ($5 in chips)
ebf2af83: posts small blind $0.02
2b9e8be9: posts big blind $0.05
*** HOLE CARDS ***
Dealt to Hero [Tc Jd]
Dealt to 775a0165 
Dealt to ebf2af83 
Dealt to 2b9e8be9 
Hero: raises $0.07 to $0.12
775a0165: folds
ebf2af83: folds
2b9e8be9: folds
Uncalled bet ($0.07) returned to Hero
*** SHOWDOWN ***
Hero collected $0.12 from pot
*** SUMMARY ***
Total pot $0.12 | Rake $0 | Jackpot $0 | Bingo $0 | Fortune $0 | Tax $0
Seat 2: Hero collected ($0.12)
Seat 4: 775a0165 (button) folded before Flop (didn't bet)
Seat 5: ebf2af83 (small blind) folded before Flop
Seat 6: 2b9e8be9 (big blind) folded before Flop


Poker Hand #HD1744850261: Hold'em No Limit ($0.02/$0.05) - 2024/04/24 18:28:48
Table 'NLHBlue2' 6-max Seat #2 is the button
Seat 2: Hero ($5 in chips)
Seat 4: 775a0165 ($5.09 in chips)
Seat 5: ebf2af83 ($14.99 in chips)
Seat 6: 2b9e8be9 ($5 in chips)
775a0165: posts small blind $0.02
ebf2af83: posts big blind $0.05
*** HOLE CARDS ***
Dealt to Hero [Qs 9c]
Dealt to 775a0165 
Dealt to ebf2af83 
Dealt to 2b9e8be9 
2b9e8be9: folds
Hero: folds
775a0165: folds
Uncalled bet ($0.03) returned to ebf2af83
*** SHOWDOWN ***
ebf2af83 collected $0.04 from pot
*** SUMMARY ***
Total pot $0.04 | Rake $0 | Jackpot $0 | Bingo $0 | Fortune $0 | Tax $0
Seat 2: Hero (button) folded before Flop (didn't bet)
Seat 4: 775a0165 (small blind) folded before Flop
Seat 5: ebf2af83 (big blind) collected ($0.04)
Seat 6: 2b9e8be9 folded before Flop (didn't bet)


Poker Hand #HD1744850228: Hold'em No Limit ($0.02/$0.05) - 2024/04/24 18:28:35
Table 'NLHBlue2' 6-max Seat #6 is the button
Seat 1: d5fc1fd1 ($2.61 in chips)
Seat 2: Hero ($5 in chips)
Seat 4: 775a0165 ($5.02 in chips)
Seat 5: ebf2af83 ($14.99 in chips)
Seat 6: 2b9e8be9 ($5 in chips)
d5fc1fd1: posts small blind $0.02
Hero: posts big blind $0.05
*** HOLE CARDS ***
Dealt to d5fc1fd1 
Dealt to Hero [5d 4h]
Dealt to 775a0165 
Dealt to ebf2af83 
Dealt to 2b9e8be9 
775a0165: raises $0.07 to $0.12
ebf2af83: folds
2b9e8be9: folds
d5fc1fd1: folds
Hero: folds
Uncalled bet ($0.07) returned to 775a0165
*** SHOWDOWN ***
775a0165 collected $0.12 from pot
*** SUMMARY ***
Total pot $0.12 | Rake $0 | Jackpot $0 | Bingo $0 | Fortune $0 | Tax $0
Seat 1: d5fc1fd1 (small blind) folded before Flop
Seat 2: Hero (big blind) folded before Flop
Seat 4: 775a0165 collected ($0.12)
Seat 5: ebf2af83 folded before Flop (didn't bet)
Seat 6: 2b9e8be9 (button) folded before Flop (didn't bet)


Poker Hand #HD1744850166: Hold'em No Limit ($0.02/$0.05) - 2024/04/24 18:28:14
Table 'NLHBlue2' 6-max Seat #5 is the button
Seat 1: d5fc1fd1 ($2.66 in chips)
Seat 2: Hero ($5 in chips)
Seat 4: 775a0165 ($5.02 in chips)
Seat 5: ebf2af83 ($14.92 in chips)
Seat 6: 2b9e8be9 ($5.02 in chips)
2b9e8be9: posts small blind $0.02
d5fc1fd1: posts big blind $0.05
*** HOLE CARDS ***
Dealt to d5fc1fd1 
Dealt to Hero [Tc 5s]
Dealt to 775a0165 
Dealt to ebf2af83 
Dealt to 2b9e8be9 
Hero: folds
775a0165: folds
ebf2af83: raises $0.08 to $0.13
2b9e8be9: folds
d5fc1fd1: folds
Uncalled bet ($0.08) returned to ebf2af83
*** SHOWDOWN ***
ebf2af83 collected $0.12 from pot
*** SUMMARY ***
Total pot $0.12 | Rake $0 | Jackpot $0 | Bingo $0 | Fortune $0 | Tax $0
Seat 1: d5fc1fd1 (big blind) folded before Flop
Seat 2: Hero folded before Flop (didn't bet)
Seat 4: 775a0165 folded before Flop (didn't bet)
Seat 5: ebf2af83 (button) collected ($0.12)
Seat 6: 2b9e8be9 (small blind) folded before Flop


Poker Hand #HD1744850098: Hold'em No Limit ($0.02/$0.05) - 2024/04/24 18:27:47
Table 'NLHBlue2' 6-max Seat #4 is the button
Seat 1: d5fc1fd1 ($2.66 in chips)
Seat 2: Hero ($5 in chips)
Seat 4: 775a0165 ($5.02 in chips)
Seat 5: ebf2af83 ($14.94 in chips)
Seat 6: 2b9e8be9 ($5 in chips)
ebf2af83: posts small blind $0.02
2b9e8be9: posts big blind $0.05
*** HOLE CARDS ***
Dealt to d5fc1fd1 
Dealt to Hero [Jc 7s]
Dealt to 775a0165 
Dealt to ebf2af83 
Dealt to 2b9e8be9 
d5fc1fd1: folds
Hero: folds
775a0165: folds
ebf2af83: folds
Uncalled bet ($0.03) returned to 2b9e8be9
*** SHOWDOWN ***
2b9e8be9 collected $0.04 from pot
*** SUMMARY ***
Total pot $0.04 | Rake $0 | Jackpot $0 | Bingo $0 | Fortune $0 | Tax $0
Seat 1: d5fc1fd1 folded before Flop (didn't bet)
Seat 2: Hero folded before Flop (didn't bet)
Seat 4: 775a0165 (button) folded before Flop (didn't bet)
Seat 5: ebf2af83 (small blind) folded before Flop
Seat 6: 2b9e8be9 (big blind) collected ($0.04)


Poker Hand #HD1744850021: Hold'em No Limit ($0.02/$0.05) - 2024/04/24 18:27:21
Table 'NLHBlue2' 6-max Seat #2 is the button
Seat 1: d5fc1fd1 ($2.66 in chips)
Seat 2: Hero ($5 in chips)
Seat 3: 818d3b3f ($5.47 in chips)
Seat 4: 775a0165 ($5 in chips)
Seat 5: ebf2af83 ($14.94 in chips)
Seat 6: 2b9e8be9 ($5 in chips)
818d3b3f: posts small blind $0.02
775a0165: posts big blind $0.05
*** HOLE CARDS ***
Dealt to d5fc1fd1 
Dealt to Hero [6h Ts]
Dealt to 818d3b3f 
Dealt to 775a0165 
Dealt to ebf2af83 
Dealt to 2b9e8be9 
ebf2af83: folds
2b9e8be9: folds
d5fc1fd1: folds
Hero: folds
818d3b3f: folds
Uncalled bet ($0.03) returned to 775a0165
*** SHOWDOWN ***
775a0165 collected $0.04 from pot
*** SUMMARY ***
Total pot $0.04 | Rake $0 | Jackpot $0 | Bingo $0 | Fortune $0 | Tax $0
Seat 1: d5fc1fd1 folded before Flop (didn't bet)
Seat 2: Hero (button) folded before Flop (didn't bet)
Seat 3: 818d3b3f (small blind) folded before Flop
Seat 4: 775a0165 (big blind) collected ($0.04)
Seat 5: ebf2af83 folded before Flop (didn't bet)
Seat 6: 2b9e8be9 folded before Flop (didn't bet)


Poker Hand #HD1744849848: Hold'em No Limit ($0.02/$0.05) - 2024/04/24 18:26:13
Table 'NLHBlue2' 6-max Seat #1 is the button
Seat 1: d5fc1fd1 ($2.66 in chips)
Seat 2: Hero ($5 in chips)
Seat 3: 818d3b3f ($5.02 in chips)
Seat 5: ebf2af83 ($14.94 in chips)
Seat 6: 2b9e8be9 ($5 in chips)
Hero: posts small blind $0.02
818d3b3f: posts big blind $0.05
*** HOLE CARDS ***
Dealt to d5fc1fd1 
Dealt to Hero [2h 9h]
Dealt to 818d3b3f 
Dealt to ebf2af83 
Dealt to 2b9e8be9 
ebf2af83: folds
2b9e8be9: raises $0.08 to $0.13
d5fc1fd1: folds
Hero: folds
818d3b3f: calls $0.08
*** FLOP *** [4c Js 5h]
818d3b3f: checks
2b9e8be9: bets $0.1
818d3b3f: calls $0.1
*** TURN *** [4c Js 5h] [8h]
818d3b3f: checks
2b9e8be9: bets $0.24
818d3b3f: raises $0.46 to $0.7
2b9e8be9: folds
Uncalled bet ($0.46) returned to 818d3b3f
*** SHOWDOWN ***
818d3b3f collected $0.92 from pot
*** SUMMARY ***
Total pot $0.96 | Rake $0.04 | Jackpot $0 | Bingo $0 | Fortune $0 | Tax $0
Board [4c Js 5h 8h]
Seat 1: d5fc1fd1 (button) folded before Flop (didn't bet)
Seat 2: Hero (small blind) folded before Flop
Seat 3: 818d3b3f (big blind) won ($0.92)
Seat 5: ebf2af83 folded before Flop (didn't bet)
Seat 6: 2b9e8be9 folded on the Turn


Poker Hand #HD1744849650: Hold'em No Limit ($0.02/$0.05) - 2024/04/24 18:25:00
Table 'NLHBlue2' 6-max Seat #6 is the button
Seat 1: d5fc1fd1 ($1.38 in chips)
Seat 2: Hero ($5.07 in chips)
Seat 4: 92082774 ($1.29 in chips)
Seat 5: ebf2af83 ($14.94 in chips)
Seat 6: 2b9e8be9 ($5 in chips)
d5fc1fd1: posts small blind $0.02
Hero: posts big blind $0.05
*** HOLE CARDS ***
Dealt to d5fc1fd1 
Dealt to Hero [As 8d]
Dealt to 92082774 
Dealt to ebf2af83 
Dealt to 2b9e8be9 
92082774: calls $0.05
ebf2af83: folds
2b9e8be9: folds
d5fc1fd1: calls $0.03
Hero: checks
*** FLOP *** [2s Td Jc]
d5fc1fd1: checks
Hero: checks
92082774: checks
*** TURN *** [2s Td Jc] [9h]
d5fc1fd1: bets $0.12
Hero: calls $0.12
92082774: calls $0.12
*** RIVER *** [2s Td Jc 9h] [4d]
d5fc1fd1: bets $0.75
Hero: folds
92082774: raises $0.37 to $1.12 and is all-in
d5fc1fd1: calls $0.37
92082774: shows [Ah 7c] (Ace-High)
d5fc1fd1: shows [Kh Qs] (Kings-High Straight)
*** SHOWDOWN ***
d5fc1fd1 collected $2.57 from pot
*** SUMMARY ***
Total pot $2.75 | Rake $0.13 | Jackpot $0.05 | Bingo $0 | Fortune $0 | Tax $0
Board [2s Td Jc 9h 4d]
Seat 1: d5fc1fd1 (small blind) showed [Kh Qs] and won ($2.57) with Kings-High Straight
Seat 2: Hero (big blind) folded on the River
Seat 4: 92082774 showed [Ah 7c] and lost with Ace-High
Seat 5: ebf2af83 folded before Flop (didn't bet)
Seat 6: 2b9e8be9 (button) folded before Flop (didn't bet)


Poker Hand #HD1744849596: Hold'em No Limit ($0.02/$0.05) - 2024/04/24 18:24:43
Table 'NLHBlue2' 6-max Seat #5 is the button
Seat 1: d5fc1fd1 ($1.43 in chips)
Seat 2: Hero ($5 in chips)
Seat 4: 92082774 ($1.29 in chips)
Seat 5: ebf2af83 ($14.94 in chips)
Seat 6: 2b9e8be9 ($5 in chips)
2b9e8be9: posts small blind $0.02
d5fc1fd1: posts big blind $0.05
*** HOLE CARDS ***
Dealt to d5fc1fd1 
Dealt to Hero [Kc 9c]
Dealt to 92082774 
Dealt to ebf2af83 
Dealt to 2b9e8be9 
Hero: raises $0.05 to $0.1
92082774: folds
ebf2af83: folds
2b9e8be9: folds
d5fc1fd1: folds
Uncalled bet ($0.05) returned to Hero
*** SHOWDOWN ***
Hero collected $0.12 from pot
*** SUMMARY ***
Total pot $0.12 | Rake $0 | Jackpot $0 | Bingo $0 | Fortune $0 | Tax $0
Seat 1: d5fc1fd1 (big blind) folded before Flop
Seat 2: Hero collected ($0.12)
Seat 4: 92082774 folded before Flop (didn't bet)
Seat 5: ebf2af83 (button) folded before Flop (didn't bet)
Seat 6: 2b9e8be9 (small blind) folded before Flop


Poker Hand #HD1744849538: Hold'em No Limit ($0.02/$0.05) - 2024/04/24 18:24:22
Table 'NLHBlue2' 6-max Seat #4 is the button
Seat 1: d5fc1fd1 ($1.36 in chips)
Seat 2: Hero ($5 in chips)
Seat 4: 92082774 ($1.29 in chips)
Seat 5: ebf2af83 ($14.96 in chips)
Seat 6: 2b9e8be9 ($5 in chips)
ebf2af83: posts small blind $0.02
2b9e8be9: posts big blind $0.05
*** HOLE CARDS ***
Dealt to d5fc1fd1 
Dealt to Hero [Ks 3h]
Dealt to 92082774 
Dealt to ebf2af83 
Dealt to 2b9e8be9 
d5fc1fd1: raises $0.05 to $0.1
Hero: folds
92082774: folds
ebf2af83: folds
2b9e8be9: folds
Uncalled bet ($0.05) returned to d5fc1fd1
*** SHOWDOWN ***
d5fc1fd1 collected $0.12 from pot
*** SUMMARY ***
Total pot $0.12 | Rake $0 | Jackpot $0 | Bingo $0 | Fortune $0 | Tax $0
Seat 1: d5fc1fd1 collected ($0.12)
Seat 2: Hero folded before Flop (didn't bet)
Seat 4: 92082774 (button) folded before Flop (didn't bet)
Seat 5: ebf2af83 (small blind) folded before Flop
Seat 6: 2b9e8be9 (big blind) folded before Flop


Poker Hand #HD1744849470: Hold'em No Limit ($0.02/$0.05) - 2024/04/24 18:23:58
Table 'NLHBlue2' 6-max Seat #2 is the button
Seat 1: d5fc1fd1 ($1.36 in chips)
Seat 2: Hero ($5 in chips)
Seat 4: 92082774 ($1.34 in chips)
Seat 5: ebf2af83 ($14.91 in chips)
Seat 6: 2b9e8be9 ($5 in chips)
92082774: posts small blind $0.02
ebf2af83: posts big blind $0.05
*** HOLE CARDS ***
Dealt to d5fc1fd1 
Dealt to Hero [Qs 6c]
Dealt to 92082774 
Dealt to ebf2af83 
Dealt to 2b9e8be9 
2b9e8be9: folds
d5fc1fd1: folds
Hero: folds
92082774: calls $0.03
ebf2af83: raises $0.15 to $0.2
92082774: folds
Uncalled bet ($0.15) returned to ebf2af83
*** SHOWDOWN ***
ebf2af83 collected $0.1 from pot
*** SUMMARY ***
Total pot $0.1 | Rake $0 | Jackpot $0 | Bingo $0 | Fortune $0 | Tax $0
Seat 1: d5fc1fd1 folded before Flop (didn't bet)
Seat 2: Hero (button) folded before Flop (didn't bet)
Seat 4: 92082774 (small blind) folded before Flop
Seat 5: ebf2af83 (big blind) collected ($0.1)
Seat 6: 2b9e8be9 folded before Flop (didn't bet)


Poker Hand #HD1744849424: Hold'em No Limit ($0.02/$0.05) - 2024/04/24 18:23:41
Table 'NLHBlue2' 6-max Seat #1 is the button
Seat 1: d5fc1fd1 ($1.36 in chips)
Seat 2: Hero ($5.02 in chips)
Seat 3: 818d3b3f ($5 in chips)
Seat 4: 92082774 ($1.34 in chips)
Seat 5: ebf2af83 ($14.91 in chips)
Seat 6: 2b9e8be9 ($5 in chips)
Hero: posts small blind $0.02
818d3b3f: posts big blind $0.05
*** HOLE CARDS ***
Dealt to d5fc1fd1 
Dealt to Hero [3h Jc]
Dealt to 818d3b3f 
Dealt to 92082774 
Dealt to ebf2af83 
Dealt to 2b9e8be9 
92082774: folds
ebf2af83: folds
2b9e8be9: folds
d5fc1fd1: folds
Hero: folds
Uncalled bet ($0.03) returned to 818d3b3f
*** SHOWDOWN ***
818d3b3f collected $0.04 from pot
*** SUMMARY ***
Total pot $0.04 | Rake $0 | Jackpot $0 | Bingo $0 | Fortune $0 | Tax $0
Seat 1: d5fc1fd1 (button) folded before Flop (didn't bet)
Seat 2: Hero (small blind) folded before Flop
Seat 3: 818d3b3f (big blind) collected ($0.04)
Seat 4: 92082774 folded before Flop (didn't bet)
Seat 5: ebf2af83 folded before Flop (didn't bet)
Seat 6: 2b9e8be9 folded before Flop (didn't bet)


Poker Hand #HD1744849390: Hold'em No Limit ($0.02/$0.05) - 2024/04/24 18:23:30
Table 'NLHBlue2' 6-max Seat #6 is the button
Seat 1: d5fc1fd1 ($1.38 in chips)
Seat 2: Hero ($5 in chips)
Seat 4: 92082774 ($1.34 in chips)
Seat 5: ebf2af83 ($14.91 in chips)
Seat 6: 2b9e8be9 ($5 in chips)
d5fc1fd1: posts small blind $0.02
Hero: posts big blind $0.05
*** HOLE CARDS ***
Dealt to d5fc1fd1 
Dealt to Hero [Kd 3h]
Dealt to 92082774 
Dealt to ebf2af83 
Dealt to 2b9e8be9 
92082774: folds
ebf2af83: folds
2b9e8be9: folds
d5fc1fd1: folds
Uncalled bet ($0.03) returned to Hero
*** SHOWDOWN ***
Hero collected $0.04 from pot
*** SUMMARY ***
Total pot $0.04 | Rake $0 | Jackpot $0 | Bingo $0 | Fortune $0 | Tax $0
Seat 1: d5fc1fd1 (small blind) folded before Flop
Seat 2: Hero (big blind) collected ($0.04)
Seat 4: 92082774 folded before Flop (didn't bet)
Seat 5: ebf2af83 folded before Flop (didn't bet)
Seat 6: 2b9e8be9 (button) folded before Flop (didn't bet)


Poker Hand #HD1744849318: Hold'em No Limit ($0.02/$0.05) - 2024/04/24 18:23:06
Table 'NLHBlue2' 6-max Seat #5 is the button
Seat 1: d5fc1fd1 ($1.36 in chips)
Seat 2: Hero ($5 in chips)
Seat 4: 92082774 ($1.34 in chips)
Seat 5: ebf2af83 ($14.91 in chips)
Seat 6: 2b9e8be9 ($5 in chips)
2b9e8be9: posts small blind $0.02
d5fc1fd1: posts big blind $0.05
*** HOLE CARDS ***
Dealt to d5fc1fd1 
Dealt to Hero [Ks 8d]
Dealt to 92082774 
Dealt to ebf2af83 
Dealt to 2b9e8be9 
Hero: folds
92082774: folds
ebf2af83: folds
2b9e8be9: folds
Uncalled bet ($0.03) returned to d5fc1fd1
*** SHOWDOWN ***
d5fc1fd1 collected $0.04 from pot
*** SUMMARY ***
Total pot $0.04 | Rake $0 | Jackpot $0 | Bingo $0 | Fortune $0 | Tax $0
Seat 1: d5fc1fd1 (big blind) collected ($0.04)
Seat 2: Hero folded before Flop (didn't bet)
Seat 4: 92082774 folded before Flop (didn't bet)
Seat 5: ebf2af83 (button) folded before Flop (didn't bet)
Seat 6: 2b9e8be9 (small blind) folded before Flop


Poker Hand #HD1744849101: Hold'em No Limit ($0.02/$0.05) - 2024/04/24 18:21:43
Table 'NLHBlue2' 6-max Seat #4 is the button
Seat 1: d5fc1fd1 ($0.7 in chips)
Seat 2: Hero ($5 in chips)
Seat 4: 92082774 ($1.34 in chips)
Seat 5: ebf2af83 ($14.93 in chips)
Seat 6: 2b9e8be9 ($5 in chips)
ebf2af83: posts small blind $0.02
2b9e8be9: posts big blind $0.05
*** HOLE CARDS ***
Dealt to d5fc1fd1 
Dealt to Hero [7s Jc]
Dealt to 92082774 
Dealt to ebf2af83 
Dealt to 2b9e8be9 
d5fc1fd1: raises $0.05 to $0.1
Hero: folds
92082774: folds
ebf2af83: folds
2b9e8be9: calls $0.05
*** FLOP *** [8h 2s 9s]
2b9e8be9: checks
d5fc1fd1: bets $0.08
2b9e8be9: raises $0.29 to $0.37
d5fc1fd1: raises $0.23 to $0.6 and is all-in
2b9e8be9: calls $0.23
d5fc1fd1: shows [8c 8s] (Three Eights)
2b9e8be9: shows [9h Ad] (Pair of Nines)
*** FIRST TURN *** [8h 2s 9s] [3h]
*** FIRST RIVER *** [8h 2s 9s 3h] [Ac]
*** SECOND TURN *** [8h 2s 9s] [5s]
*** SECOND RIVER *** [8h 2s 9s 5s] [6d]
*** FIRST SHOWDOWN ***
d5fc1fd1 collected $0.68 from pot
*** SECOND SHOWDOWN ***
d5fc1fd1 collected $0.68 from pot
*** SUMMARY ***
Total pot $1.42 | Rake $0.06 | Jackpot $0 | Bingo $0 | Fortune $0 | Tax $0
Hand was run two times
FIRST Board [8h 2s 9s 3h Ac]
SECOND Board [5s 6d]
Seat 1: d5fc1fd1 showed [8c 8s] and won ($0.68) with Three Eights, and won ($0.68)
Seat 2: Hero folded before Flop (didn't bet)
Seat 4: 92082774 (button) folded before Flop (didn't bet)
Seat 5: ebf2af83 (small blind) folded before Flop
Seat 6: 2b9e8be9 (big blind) showed [9h Ad] and lost with Pair of Aces and Pair of Nines, and lost


Poker Hand #HD1744849058: Hold'em No Limit ($0.02/$0.05) - 2024/04/24 18:21:23
Table 'NLHBlue2' 6-max Seat #2 is the button
Seat 1: d5fc1fd1 ($0.7 in chips)
Seat 2: Hero ($5 in chips)
Seat 3: 9a99d9cb ($5.18 in chips)
Seat 4: 92082774 ($1.32 in chips)
Seat 5: ebf2af83 ($14.93 in chips)
9a99d9cb: posts small blind $0.02
92082774: posts big blind $0.05
*** HOLE CARDS ***
Dealt to d5fc1fd1 
Dealt to Hero [6h 9d]
Dealt to 9a99d9cb 
Dealt to 92082774 
Dealt to ebf2af83 
ebf2af83: folds
d5fc1fd1: folds
Hero: folds
9a99d9cb: folds
Uncalled bet ($0.03) returned to 92082774
*** SHOWDOWN ***
92082774 collected $0.04 from pot
*** SUMMARY ***
Total pot $0.04 | Rake $0 | Jackpot $0 | Bingo $0 | Fortune $0 | Tax $0
Seat 1: d5fc1fd1 folded before Flop (didn't bet)
Seat 2: Hero (button) folded before Flop (didn't bet)
Seat 3: 9a99d9cb (small blind) folded before Flop
Seat 4: 92082774 (big blind) collected ($0.04)
Seat 5: ebf2af83 folded before Flop (didn't bet)


Poker Hand #HD1744848782: Hold'em No Limit ($0.02/$0.05) - 2024/04/24 18:19:41
Table 'NLHBlue2' 6-max Seat #1 is the button
Seat 1: d5fc1fd1 ($0.7 in chips)
Seat 2: Hero ($5.02 in chips)
Seat 3: 9a99d9cb ($5.39 in chips)
Seat 4: 92082774 ($1.11 in chips)
Seat 5: ebf2af83 ($14.93 in chips)
Hero: posts small blind $0.02
9a99d9cb: posts big blind $0.05
*** HOLE CARDS ***
Dealt to d5fc1fd1 
Dealt to Hero [6s 5c]
Dealt to 9a99d9cb 
Dealt to 92082774 
Dealt to ebf2af83 
92082774: calls $0.05
ebf2af83: folds
d5fc1fd1: folds
Hero: folds
9a99d9cb: checks
*** FLOP *** [Qs Kd 3s]
9a99d9cb: checks
92082774: checks
*** TURN *** [Qs Kd 3s] [7h]
9a99d9cb: bets $0.05
92082774: calls $0.05
*** RIVER *** [Qs Kd 3s 7h] [5d]
9a99d9cb: checks
92082774: bets $0.11
9a99d9cb: calls $0.11
92082774: shows [Tc 7c] (Pair of Sevens)
9a99d9cb: shows [7d 2d] (Pair of Sevens)
*** SHOWDOWN ***
92082774 collected $0.42 from pot
*** SUMMARY ***
Total pot $0.44 | Rake $0.02 | Jackpot $0 | Bingo $0 | Fortune $0 | Tax $0
Board [Qs Kd 3s 7h 5d]
Seat 1: d5fc1fd1 (button) folded before Flop (didn't bet)
Seat 2: Hero (small blind) folded before Flop
Seat 3: 9a99d9cb (big blind) showed [7d 2d] and lost with Pair of Sevens
Seat 4: 92082774 showed [Tc 7c] and won ($0.42) with Pair of Sevens
Seat 5: ebf2af83 folded before Flop (didn't bet)


Poker Hand #HD1744848741: Hold'em No Limit ($0.02/$0.05) - 2024/04/24 18:19:24
Table 'NLHBlue2' 6-max Seat #5 is the button
Seat 1: d5fc1fd1 ($0.72 in chips)
Seat 2: Hero ($5 in chips)
Seat 4: 92082774 ($1.11 in chips)
Seat 5: ebf2af83 ($14.93 in chips)
d5fc1fd1: posts small blind $0.02
Hero: posts big blind $0.05
*** HOLE CARDS ***
Dealt to d5fc1fd1 
Dealt to Hero [2s Ah]
Dealt to 92082774 
Dealt to ebf2af83 
92082774: folds
ebf2af83: folds
d5fc1fd1: folds
Uncalled bet ($0.03) returned to Hero
*** SHOWDOWN ***
Hero collected $0.04 from pot
*** SUMMARY ***
Total pot $0.04 | Rake $0 | Jackpot $0 | Bingo $0 | Fortune $0 | Tax $0
Seat 1: d5fc1fd1 (small blind) folded before Flop
Seat 2: Hero (big blind) collected ($0.04)
Seat 4: 92082774 folded before Flop (didn't bet)
Seat 5: ebf2af83 (button) folded before Flop (didn't bet)


Poker Hand #HD1744848702: Hold'em No Limit ($0.02/$0.05) - 2024/04/24 18:19:10
Table 'NLHBlue2' 6-max Seat #4 is the button
Seat 1: d5fc1fd1 ($0.7 in chips)
Seat 2: Hero ($5 in chips)
Seat 4: 92082774 ($1.11 in chips)
Seat 5: ebf2af83 ($14.95 in chips)
ebf2af83: posts small blind $0.02
d5fc1fd1: posts big blind $0.05
*** HOLE CARDS ***
Dealt to d5fc1fd1 
Dealt to Hero [8d 9c]
Dealt to 92082774 
Dealt to ebf2af83 
Hero: folds
92082774: folds
ebf2af83: folds
Uncalled bet ($0.03) returned to d5fc1fd1
*** SHOWDOWN ***
d5fc1fd1 collected $0.04 from pot
*** SUMMARY ***
Total pot $0.04 | Rake $0 | Jackpot $0 | Bingo $0 | Fortune $0 | Tax $0
Seat 1: d5fc1fd1 (big blind) collected ($0.04)
Seat 2: Hero folded before Flop (didn't bet)
Seat 4: 92082774 (button) folded before Flop (didn't bet)
Seat 5: ebf2af83 (small blind) folded before Flop


Poker Hand #HD1744848505: Hold'em No Limit ($0.02/$0.05) - 2024/04/24 18:17:59
Table 'NLHBlue2' 6-max Seat #2 is the button
Seat 1: d5fc1fd1 ($0.7 in chips)
Seat 2: Hero ($5.05 in chips)
Seat 4: 92082774 ($0.95 in chips)
Seat 5: ebf2af83 ($15 in chips)
Seat 6: f7c2e482 ($5.51 in chips)
92082774: posts small blind $0.02
ebf2af83: posts big blind $0.05
*** HOLE CARDS ***
Dealt to d5fc1fd1 
Dealt to Hero [9h Th]
Dealt to 92082774 
Dealt to ebf2af83 
Dealt to f7c2e482 
f7c2e482: folds
d5fc1fd1: folds
Hero: raises $0.07 to $0.12
92082774: calls $0.1
ebf2af83: folds
*** FLOP *** [2s 8c 4c]
92082774: checks
Hero: checks
*** TURN *** [2s 8c 4c] [6s]
92082774: checks
Hero: checks
*** RIVER *** [2s 8c 4c 6s] [Kc]
92082774: checks
Hero: checks
92082774: shows [Jh 9s] (King-High)
Hero: shows [9h Th] (King-High)
*** SHOWDOWN ***
92082774 collected $0.28 from pot
*** SUMMARY ***
Total pot $0.29 | Rake $0.01 | Jackpot $0 | Bingo $0 | Fortune $0 | Tax $0
Board [2s 8c 4c 6s Kc]
Seat 1: d5fc1fd1 folded before Flop (didn't bet)
Seat 2: Hero (button) showed [9h Th] and lost with King-High
Seat 4: 92082774 (small blind) showed [Jh 9s] and won ($0.28) with King-High
Seat 5: ebf2af83 (big blind) folded before Flop
Seat 6: f7c2e482 folded before Flop (didn't bet)


Poker Hand #HD1744848445: Hold'em No Limit ($0.02/$0.05) - 2024/04/24 18:17:35
Table 'NLHBlue2' 6-max Seat #1 is the button
Seat 1: d5fc1fd1 ($0.7 in chips)
Seat 2: Hero ($5 in chips)
Seat 4: 92082774 ($1 in chips)
Seat 5: ebf2af83 ($15 in chips)
Seat 6: f7c2e482 ($5.51 in chips)
Hero: posts small blind $0.02
92082774: posts big blind $0.05
*** HOLE CARDS ***
Dealt to d5fc1fd1 
Dealt to Hero [Ac Tc]
Dealt to 92082774 
Dealt to ebf2af83 
Dealt to f7c2e482 
ebf2af83: folds
f7c2e482: folds
d5fc1fd1: folds
Hero: raises $0.1 to $0.15
92082774: folds
Uncalled bet ($0.1) returned to Hero
*** SHOWDOWN ***
Hero collected $0.1 from pot
*** SUMMARY ***
Total pot $0.1 | Rake $0 | Jackpot $0 | Bingo $0 | Fortune $0 | Tax $0
Seat 1: d5fc1fd1 (button) folded before Flop (didn't bet)
Seat 2: Hero (small blind) collected ($0.1)
Seat 4: 92082774 (big blind) folded before Flop
Seat 5: ebf2af83 folded before Flop (didn't bet)
Seat 6: f7c2e482 folded before Flop (didn't bet)


Poker Hand #HD1744848291: Hold'em No Limit ($0.02/$0.05) - 2024/04/24 18:16:34
Table 'NLHBlue2' 6-max Seat #6 is the button
Seat 1: d5fc1fd1 ($0.75 in chips)
Seat 2: Hero ($5.04 in chips)
Seat 4: bf81e59f ($4.01 in chips)
Seat 5: ebf2af83 ($15 in chips)
Seat 6: f7c2e482 ($5.51 in chips)
d5fc1fd1: posts small blind $0.02
Hero: posts big blind $0.05
*** HOLE CARDS ***
Dealt to d5fc1fd1 
Dealt to Hero [Jc 9c]
Dealt to bf81e59f 
Dealt to ebf2af83 
Dealt to f7c2e482 
bf81e59f: folds
ebf2af83: folds
f7c2e482: folds
d5fc1fd1: raises $0.05 to $0.1
Hero: calls $0.05
*** FLOP *** [6c 4h Th]
d5fc1fd1: bets $0.1
Hero: calls $0.1
*** TURN *** [6c 4h Th] [4c]
d5fc1fd1: bets $0.4
Hero: raises $0.4 to $0.8
d5fc1fd1: calls $0.15 and is all-in
Uncalled bet ($0.25) returned to Hero
Hero: shows [Jc 9c] (Pair of Fours)
d5fc1fd1: shows [Jh Ks] (Pair of Fours)
*** FIRST RIVER *** [6c 4h Th 4c] [8c]
*** SECOND RIVER *** [6c 4h Th 4c] [Qd]
*** FIRST SHOWDOWN ***
Hero collected $0.69 from pot
*** SECOND SHOWDOWN ***
d5fc1fd1 collected $0.7 from pot
*** SUMMARY ***
Total pot $1.5 | Rake $0.06 | Jackpot $0.05 | Bingo $0 | Fortune $0 | Tax $0
Hand was run two times
FIRST Board [6c 4h Th 4c 8c]
SECOND Board [Qd]
Seat 1: d5fc1fd1 (small blind) showed [Jh Ks] and lost with Pair of Fours, and won ($0.7)
Seat 2: Hero (big blind) showed [Jc 9c] and won ($0.69) with Jack High Flush, and lost
Seat 4: bf81e59f folded before Flop (didn't bet)
Seat 5: ebf2af83 folded before Flop (didn't bet)
Seat 6: f7c2e482 (button) folded before Flop (didn't bet)


Poker Hand #HD1744848226: Hold'em No Limit ($0.02/$0.05) - 2024/04/24 18:16:11
Table 'NLHBlue2' 6-max Seat #5 is the button
Seat 1: d5fc1fd1 ($0.73 in chips)
Seat 2: Hero ($5.04 in chips)
Seat 3: 9a99d9cb ($5.39 in chips)
Seat 4: bf81e59f ($4.01 in chips)
Seat 5: ebf2af83 ($15 in chips)
Seat 6: f7c2e482 ($5.53 in chips)
f7c2e482: posts small blind $0.02
d5fc1fd1: posts big blind $0.05
*** HOLE CARDS ***
Dealt to d5fc1fd1 
Dealt to Hero [5c 3c]
Dealt to 9a99d9cb 
Dealt to bf81e59f 
Dealt to ebf2af83 
Dealt to f7c2e482 
Hero: folds
9a99d9cb: folds
bf81e59f: folds
ebf2af83: folds
f7c2e482: folds
Uncalled bet ($0.03) returned to d5fc1fd1
*** SHOWDOWN ***
d5fc1fd1 collected $0.04 from pot
*** SUMMARY ***
Total pot $0.04 | Rake $0 | Jackpot $0 | Bingo $0 | Fortune $0 | Tax $0
Seat 1: d5fc1fd1 (big blind) collected ($0.04)
Seat 2: Hero folded before Flop (didn't bet)
Seat 3: 9a99d9cb folded before Flop (didn't bet)
Seat 4: bf81e59f folded before Flop (didn't bet)
Seat 5: ebf2af83 (button) folded before Flop (didn't bet)
Seat 6: f7c2e482 (small blind) folded before Flop


Poker Hand #HD1744848180: Hold'em No Limit ($0.02/$0.05) - 2024/04/24 18:15:55
Table 'NLHBlue2' 6-max Seat #4 is the button
Seat 1: d5fc1fd1 ($0.73 in chips)
Seat 2: Hero ($5.04 in chips)
Seat 3: 9a99d9cb ($5.32 in chips)
Seat 4: bf81e59f ($4.01 in chips)
Seat 5: ebf2af83 ($15.02 in chips)
Seat 6: f7c2e482 ($5.58 in chips)
ebf2af83: posts small blind $0.02
f7c2e482: posts big blind $0.05
*** HOLE CARDS ***
Dealt to d5fc1fd1 
Dealt to Hero [6s 7d]
Dealt to 9a99d9cb 
Dealt to bf81e59f 
Dealt to ebf2af83 
Dealt to f7c2e482 
d5fc1fd1: folds
Hero: folds
9a99d9cb: raises $0.08 to $0.13
bf81e59f: folds
ebf2af83: folds
f7c2e482: folds
Uncalled bet ($0.08) returned to 9a99d9cb
*** SHOWDOWN ***
9a99d9cb collected $0.12 from pot
*** SUMMARY ***
Total pot $0.12 | Rake $0 | Jackpot $0 | Bingo $0 | Fortune $0 | Tax $0
Seat 1: d5fc1fd1 folded before Flop (didn't bet)
Seat 2: Hero folded before Flop (didn't bet)
Seat 3: 9a99d9cb collected ($0.12)
Seat 4: bf81e59f (button) folded before Flop (didn't bet)
Seat 5: ebf2af83 (small blind) folded before Flop
Seat 6: f7c2e482 (big blind) folded before Flop


Poker Hand #HD1744848106: Hold'em No Limit ($0.02/$0.05) - 2024/04/24 18:15:33
Table 'NLHBlue2' 6-max Seat #3 is the button
Seat 1: d5fc1fd1 ($0.73 in chips)
Seat 2: Hero ($5.04 in chips)
Seat 3: 9a99d9cb ($5.25 in chips)
Seat 4: bf81e59f ($4.03 in chips)
Seat 5: ebf2af83 ($15.07 in chips)
Seat 6: f7c2e482 ($5.58 in chips)
bf81e59f: posts small blind $0.02
ebf2af83: posts big blind $0.05
*** HOLE CARDS ***
Dealt to d5fc1fd1 
Dealt to Hero [4d 9h]
Dealt to 9a99d9cb 
Dealt to bf81e59f 
Dealt to ebf2af83 
Dealt to f7c2e482 
f7c2e482: folds
d5fc1fd1: folds
Hero: folds
9a99d9cb: raises $0.06 to $0.11
bf81e59f: folds
ebf2af83: folds
Uncalled bet ($0.06) returned to 9a99d9cb
*** SHOWDOWN ***
9a99d9cb collected $0.12 from pot
*** SUMMARY ***
Total pot $0.12 | Rake $0 | Jackpot $0 | Bingo $0 | Fortune $0 | Tax $0
Seat 1: d5fc1fd1 folded before Flop (didn't bet)
Seat 2: Hero folded before Flop (didn't bet)
Seat 3: 9a99d9cb (button) collected ($0.12)
Seat 4: bf81e59f (small blind) folded before Flop
Seat 5: ebf2af83 (big blind) folded before Flop
Seat 6: f7c2e482 folded before Flop (didn't bet)


Poker Hand #HD1744847905: Hold'em No Limit ($0.02/$0.05) - 2024/04/24 18:14:17
Table 'NLHBlue2' 6-max Seat #2 is the button
Seat 1: d5fc1fd1 ($0.73 in chips)
Seat 2: Hero ($5.04 in chips)
Seat 3: 9a99d9cb ($5.27 in chips)
Seat 4: bf81e59f ($4.24 in chips)
Seat 5: ebf2af83 ($14.86 in chips)
Seat 6: f7c2e482 ($5.58 in chips)
9a99d9cb: posts small blind $0.02
bf81e59f: posts big blind $0.05
*** HOLE CARDS ***
Dealt to d5fc1fd1 
Dealt to Hero [3d Kd]
Dealt to 9a99d9cb 
Dealt to bf81e59f 
Dealt to ebf2af83 
Dealt to f7c2e482 
ebf2af83: raises $0.05 to $0.1
f7c2e482: folds
d5fc1fd1: folds
Hero: folds
9a99d9cb: folds
bf81e59f: calls $0.05
*** FLOP *** [Qd Ts 7c]
bf81e59f: checks
ebf2af83: bets $0.11
bf81e59f: calls $0.11
*** TURN *** [Qd Ts 7c] [Qh]
bf81e59f: checks
ebf2af83: bets $0.25
bf81e59f: folds
Uncalled bet ($0.25) returned to ebf2af83
*** SHOWDOWN ***
ebf2af83 collected $0.42 from pot
*** SUMMARY ***
Total pot $0.44 | Rake $0.02 | Jackpot $0 | Bingo $0 | Fortune $0 | Tax $0
Board [Qd Ts 7c Qh]
Seat 1: d5fc1fd1 folded before Flop (didn't bet)
Seat 2: Hero (button) folded before Flop (didn't bet)
Seat 3: 9a99d9cb (small blind) folded before Flop
Seat 4: bf81e59f (big blind) folded on the Turn
Seat 5: ebf2af83 won ($0.42)
Seat 6: f7c2e482 folded before Flop (didn't bet)


Poker Hand #HD1744847871: Hold'em No Limit ($0.02/$0.05) - 2024/04/24 18:14:05
Table 'NLHBlue2' 6-max Seat #1 is the button
Seat 1: d5fc1fd1 ($0.73 in chips)
Seat 2: Hero ($5.06 in chips)
Seat 3: 9a99d9cb ($5.25 in chips)
Seat 5: ebf2af83 ($14.86 in chips)
Seat 6: f7c2e482 ($5.58 in chips)
Hero: posts small blind $0.02
9a99d9cb: posts big blind $0.05
*** HOLE CARDS ***
Dealt to d5fc1fd1 
Dealt to Hero [7h 2c]
Dealt to 9a99d9cb 
Dealt to ebf2af83 
Dealt to f7c2e482 
ebf2af83: folds
f7c2e482: folds
d5fc1fd1: folds
Hero: folds
Uncalled bet ($0.03) returned to 9a99d9cb
*** SHOWDOWN ***
9a99d9cb collected $0.04 from pot
*** SUMMARY ***
Total pot $0.04 | Rake $0 | Jackpot $0 | Bingo $0 | Fortune $0 | Tax $0
Seat 1: d5fc1fd1 (button) folded before Flop (didn't bet)
Seat 2: Hero (small blind) folded before Flop
Seat 3: 9a99d9cb (big blind) collected ($0.04)
Seat 5: ebf2af83 folded before Flop (didn't bet)
Seat 6: f7c2e482 folded before Flop (didn't bet)


Poker Hand #HD1744847845: Hold'em No Limit ($0.02/$0.05) - 2024/04/24 18:13:53
Table 'NLHBlue2' 6-max Seat #6 is the button
Seat 1: d5fc1fd1 ($0.75 in chips)
Seat 2: Hero ($5.04 in chips)
Seat 3: 9a99d9cb ($5.25 in chips)
Seat 5: ebf2af83 ($14.86 in chips)
Seat 6: f7c2e482 ($5.58 in chips)
d5fc1fd1: posts small blind $0.02
Hero: posts big blind $0.05
*** HOLE CARDS ***
Dealt to d5fc1fd1 
Dealt to Hero [Jc 2c]
Dealt to 9a99d9cb 
Dealt to ebf2af83 
Dealt to f7c2e482 
9a99d9cb: folds
ebf2af83: folds
f7c2e482: folds
d5fc1fd1: folds
Uncalled bet ($0.03) returned to Hero
*** SHOWDOWN ***
Hero collected $0.04 from pot
*** SUMMARY ***
Total pot $0.04 | Rake $0 | Jackpot $0 | Bingo $0 | Fortune $0 | Tax $0
Seat 1: d5fc1fd1 (small blind) folded before Flop
Seat 2: Hero (big blind) collected ($0.04)
Seat 3: 9a99d9cb folded before Flop (didn't bet)
Seat 5: ebf2af83 folded before Flop (didn't bet)
Seat 6: f7c2e482 (button) folded before Flop (didn't bet)


Poker Hand #HD1744847566: Hold'em No Limit ($0.02/$0.05) - 2024/04/24 18:12:08
Table 'NLHBlue2' 6-max Seat #5 is the button
Seat 1: d5fc1fd1 ($0.8 in chips)
Seat 2: Hero ($5.04 in chips)
Seat 3: 9a99d9cb ($5.25 in chips)
Seat 4: 34524808 ($6.66 in chips)
Seat 5: ebf2af83 ($8.68 in chips)
Seat 6: f7c2e482 ($5.6 in chips)
f7c2e482: posts small blind $0.02
d5fc1fd1: posts big blind $0.05
*** HOLE CARDS ***
Dealt to d5fc1fd1 
Dealt to Hero [6c Ts]
Dealt to 9a99d9cb 
Dealt to 34524808 
Dealt to ebf2af83 
Dealt to f7c2e482 
Hero: folds
9a99d9cb: folds
34524808: raises $0.1 to $0.15
ebf2af83: raises $0.3 to $0.45
f7c2e482: folds
d5fc1fd1: folds
34524808: calls $0.3
*** FLOP *** [7d 9d 8h]
34524808: checks
ebf2af83: bets $0.49
34524808: raises $0.98 to $1.47
ebf2af83: calls $0.98
*** TURN *** [7d 9d 8h] [Td]
34524808: checks
ebf2af83: bets $1.96
34524808: raises $2.78 to $4.74 and is all-in
ebf2af83: calls $2.78
34524808: shows [6h 6s] (Tens-High Straight)
ebf2af83: shows [Ad Kd] (Ace High Flush)
*** RIVER *** [7d 9d 8h Td] [Kc]
*** SHOWDOWN ***
ebf2af83 collected $12.84 from pot
*** SUMMARY ***
Total pot $13.39 | Rake $0.5 | Jackpot $0.05 | Bingo $0 | Fortune $0 | Tax $0
Board [7d 9d 8h Td Kc]
Seat 1: d5fc1fd1 (big blind) folded before Flop
Seat 2: Hero folded before Flop (didn't bet)
Seat 3: 9a99d9cb folded before Flop (didn't bet)
Seat 4: 34524808 showed [6h 6s] and lost with Tens-High Straight
Seat 5: ebf2af83 (button) showed [Ad Kd] and won ($12.84) with Ace High Flush
Seat 6: f7c2e482 (small blind) folded before Flop


Poker Hand #HD1744847476: Hold'em No Limit ($0.02/$0.05) - 2024/04/24 18:11:35
Table 'NLHBlue2' 6-max Seat #4 is the button
Seat 1: d5fc1fd1 ($0.8 in chips)
Seat 2: Hero ($5.04 in chips)
Seat 3: 9a99d9cb ($5.25 in chips)
Seat 4: 34524808 ($6.66 in chips)
Seat 5: ebf2af83 ($8.7 in chips)
Seat 6: f7c2e482 ($5.58 in chips)
ebf2af83: posts small blind $0.02
f7c2e482: posts big blind $0.05
*** HOLE CARDS ***
Dealt to d5fc1fd1 
Dealt to Hero [8c 5d]
Dealt to 9a99d9cb 
Dealt to 34524808 
Dealt to ebf2af83 
Dealt to f7c2e482 
d5fc1fd1: folds
Hero: folds
9a99d9cb: folds
34524808: folds
ebf2af83: folds
Uncalled bet ($0.03) returned to f7c2e482
*** SHOWDOWN ***
f7c2e482 collected $0.04 from pot
*** SUMMARY ***
Total pot $0.04 | Rake $0 | Jackpot $0 | Bingo $0 | Fortune $0 | Tax $0
Seat 1: d5fc1fd1 folded before Flop (didn't bet)
Seat 2: Hero folded before Flop (didn't bet)
Seat 3: 9a99d9cb folded before Flop (didn't bet)
Seat 4: 34524808 (button) folded before Flop (didn't bet)
Seat 5: ebf2af83 (small blind) folded before Flop
Seat 6: f7c2e482 (big blind) collected ($0.04)


Poker Hand #HD1744847400: Hold'em No Limit ($0.02/$0.05) - 2024/04/24 18:11:07
Table 'NLHBlue2' 6-max Seat #3 is the button
Seat 1: d5fc1fd1 ($0.8 in chips)
Seat 2: Hero ($5.04 in chips)
Seat 3: 9a99d9cb ($5.25 in chips)
Seat 4: 34524808 ($6.68 in chips)
Seat 5: ebf2af83 ($8.75 in chips)
Seat 6: f7c2e482 ($5.51 in chips)
34524808: posts small blind $0.02
ebf2af83: posts big blind $0.05
*** HOLE CARDS ***
Dealt to d5fc1fd1 
Dealt to Hero [7h Qd]
Dealt to 9a99d9cb 
Dealt to 34524808 
Dealt to ebf2af83 
Dealt to f7c2e482 
f7c2e482: raises $0.08 to $0.13
d5fc1fd1: folds
Hero: folds
9a99d9cb: folds
34524808: folds
ebf2af83: folds
Uncalled bet ($0.08) returned to f7c2e482
*** SHOWDOWN ***
f7c2e482 collected $0.12 from pot
*** SUMMARY ***
Total pot $0.12 | Rake $0 | Jackpot $0 | Bingo $0 | Fortune $0 | Tax $0
Seat 1: d5fc1fd1 folded before Flop (didn't bet)
Seat 2: Hero folded before Flop (didn't bet)
Seat 3: 9a99d9cb (button) folded before Flop (didn't bet)
Seat 4: 34524808 (small blind) folded before Flop
Seat 5: ebf2af83 (big blind) folded before Flop
Seat 6: f7c2e482 collected ($0.12)


Poker Hand #HD1744847342: Hold'em No Limit ($0.02/$0.05) - 2024/04/24 18:10:44
Table 'NLHBlue2' 6-max Seat #2 is the button
Seat 1: d5fc1fd1 ($0.73 in chips)
Seat 2: Hero ($5.04 in chips)
Seat 3: 9a99d9cb ($5.27 in chips)
Seat 4: 34524808 ($6.73 in chips)
Seat 5: ebf2af83 ($8.75 in chips)
Seat 6: f7c2e482 ($5.51 in chips)
9a99d9cb: posts small blind $0.02
34524808: posts big blind $0.05
*** HOLE CARDS ***
Dealt to d5fc1fd1 
Dealt to Hero [Qd Jc]
Dealt to 9a99d9cb 
Dealt to 34524808 
Dealt to ebf2af83 
Dealt to f7c2e482 
ebf2af83: folds
f7c2e482: folds
d5fc1fd1: raises $0.68 to $0.73 and is all-in
Hero: folds
9a99d9cb: folds
34524808: folds
Uncalled bet ($0.68) returned to d5fc1fd1
*** SHOWDOWN ***
d5fc1fd1 collected $0.12 from pot
*** SUMMARY ***
Total pot $0.12 | Rake $0 | Jackpot $0 | Bingo $0 | Fortune $0 | Tax $0
Seat 1: d5fc1fd1 collected ($0.12)
Seat 2: Hero (button) folded before Flop (didn't bet)
Seat 3: 9a99d9cb (small blind) folded before Flop
Seat 4: 34524808 (big blind) folded before Flop
Seat 5: ebf2af83 folded before Flop (didn't bet)
Seat 6: f7c2e482 folded before Flop (didn't bet)


Poker Hand #HD1744847143: Hold'em No Limit ($0.02/$0.05) - 2024/04/24 18:09:24
Table 'NLHBlue2' 6-max Seat #1 is the button
Seat 1: d5fc1fd1 ($0.73 in chips)
Seat 2: Hero ($5.06 in chips)
Seat 3: 9a99d9cb ($5.94 in chips)
Seat 4: 34524808 ($6.1 in chips)
Seat 5: ebf2af83 ($8.75 in chips)
Seat 6: f7c2e482 ($5.51 in chips)
Hero: posts small blind $0.02
9a99d9cb: posts big blind $0.05
*** HOLE CARDS ***
Dealt to d5fc1fd1 
Dealt to Hero [5d 8s]
Dealt to 9a99d9cb 
Dealt to 34524808 
Dealt to ebf2af83 
Dealt to f7c2e482 
34524808: raises $0.1 to $0.15
ebf2af83: folds
f7c2e482: folds
d5fc1fd1: folds
Hero: folds
9a99d9cb: calls $0.1
*** FLOP *** [Kd Qh 6d]
9a99d9cb: checks
34524808: bets $0.11
9a99d9cb: calls $0.11
*** TURN *** [Kd Qh 6d] [7s]
9a99d9cb: checks
34524808: bets $0.41
9a99d9cb: calls $0.41
*** RIVER *** [Kd Qh 6d 7s] [8c]
9a99d9cb: checks
34524808: bets $0.68
9a99d9cb: folds
Uncalled bet ($0.68) returned to 34524808
*** SHOWDOWN ***
34524808 collected $1.3 from pot
*** SUMMARY ***
Total pot $1.36 | Rake $0.06 | Jackpot $0 | Bingo $0 | Fortune $0 | Tax $0
Board [Kd Qh 6d 7s 8c]
Seat 1: d5fc1fd1 (button) folded before Flop (didn't bet)
Seat 2: Hero (small blind) folded before Flop
Seat 3: 9a99d9cb (big blind) folded on the River
Seat 4: 34524808 won ($1.3)
Seat 5: ebf2af83 folded before Flop (didn't bet)
Seat 6: f7c2e482 folded before Flop (didn't bet)


Poker Hand #HD1744847021: Hold'em No Limit ($0.02/$0.05) - 2024/04/24 18:08:35
Table 'NLHBlue2' 6-max Seat #6 is the button
Seat 1: d5fc1fd1 ($0.75 in chips)
Seat 2: Hero ($5.11 in chips)
Seat 3: 9a99d9cb ($5.94 in chips)
Seat 4: 34524808 ($6.53 in chips)
Seat 5: ebf2af83 ($8.75 in chips)
Seat 6: f7c2e482 ($5.05 in chips)
d5fc1fd1: posts small blind $0.02
Hero: posts big blind $0.05
*** HOLE CARDS ***
Dealt to d5fc1fd1 
Dealt to Hero [7d Kd]
Dealt to 9a99d9cb 
Dealt to 34524808 
Dealt to ebf2af83 
Dealt to f7c2e482 
9a99d9cb: folds
34524808: raises $0.1 to $0.15
ebf2af83: folds
f7c2e482: raises $0.28 to $0.43
d5fc1fd1: folds
Hero: folds
34524808: calls $0.28
*** FLOP *** [8s 8c Jd]
34524808: checks
f7c2e482: checks
*** TURN *** [8s 8c Jd] [Qd]
34524808: checks
f7c2e482: checks
*** RIVER *** [8s 8c Jd Qd] [4h]
34524808: checks
f7c2e482: checks
34524808: shows [2h 2s] (Pair of Eights and Pair of Twos)
f7c2e482: shows [As Qc] (Pair of Queens and Pair of Eights)
*** SHOWDOWN ***
f7c2e482 collected $0.89 from pot
*** SUMMARY ***
Total pot $0.93 | Rake $0.04 | Jackpot $0 | Bingo $0 | Fortune $0 | Tax $0
Board [8s 8c Jd Qd 4h]
Seat 1: d5fc1fd1 (small blind) folded before Flop
Seat 2: Hero (big blind) folded before Flop
Seat 3: 9a99d9cb folded before Flop (didn't bet)
Seat 4: 34524808 showed [2h 2s] and lost with Pair of Eights and Pair of Twos
Seat 5: ebf2af83 folded before Flop (didn't bet)
Seat 6: f7c2e482 (button) showed [As Qc] and won ($0.89) with Pair of Queens and Pair of Eights


Poker Hand #HD1744846948: Hold'em No Limit ($0.02/$0.05) - 2024/04/24 18:08:06
Table 'NLHBlue2' 6-max Seat #5 is the button
Seat 1: d5fc1fd1 ($0.8 in chips)
Seat 2: Hero ($5.11 in chips)
Seat 3: 9a99d9cb ($5.94 in chips)
Seat 4: 34524808 ($6.53 in chips)
Seat 5: ebf2af83 ($8.75 in chips)
Seat 6: f7c2e482 ($5 in chips)
f7c2e482: posts small blind $0.02
d5fc1fd1: posts big blind $0.05
*** HOLE CARDS ***
Dealt to d5fc1fd1 
Dealt to Hero [4h Jh]
Dealt to 9a99d9cb 
Dealt to 34524808 
Dealt to ebf2af83 
Dealt to f7c2e482 
Hero: folds
9a99d9cb: folds
34524808: folds
ebf2af83: folds
f7c2e482: raises $0.08 to $0.13
d5fc1fd1: folds
Uncalled bet ($0.08) returned to f7c2e482
*** SHOWDOWN ***
f7c2e482 collected $0.1 from pot
*** SUMMARY ***
Total pot $0.1 | Rake $0 | Jackpot $0 | Bingo $0 | Fortune $0 | Tax $0
Seat 1: d5fc1fd1 (big blind) folded before Flop
Seat 2: Hero folded before Flop (didn't bet)
Seat 3: 9a99d9cb folded before Flop (didn't bet)
Seat 4: 34524808 folded before Flop (didn't bet)
Seat 5: ebf2af83 (button) folded before Flop (didn't bet)
Seat 6: f7c2e482 (small blind) collected ($0.1)


Poker Hand #HD1744846794: Hold'em No Limit ($0.02/$0.05) - 2024/04/24 18:07:05
Table 'NLHBlue2' 6-max Seat #4 is the button
Seat 1: d5fc1fd1 ($0.8 in chips)
Seat 2: Hero ($5 in chips)
Seat 3: 9a99d9cb ($5.94 in chips)
Seat 4: 34524808 ($6.53 in chips)
Seat 5: ebf2af83 ($8.77 in chips)
Seat 6: f7c2e482 ($5 in chips)
ebf2af83: posts small blind $0.02
f7c2e482: posts big blind $0.05
*** HOLE CARDS ***
Dealt to d5fc1fd1 
Dealt to Hero [As Qd]
Dealt to 9a99d9cb 
Dealt to 34524808 
Dealt to ebf2af83 
Dealt to f7c2e482 
d5fc1fd1: folds
Hero: raises $0.05 to $0.1
9a99d9cb: folds
34524808: folds
ebf2af83: folds
f7c2e482: calls $0.05
*** FLOP *** [Kh 8c 4h]
f7c2e482: checks
Hero: checks
*** TURN *** [Kh 8c 4h] [6c]
f7c2e482: checks
Hero: checks
*** RIVER *** [Kh 8c 4h 6c] [9s]
f7c2e482: checks
Hero: checks
f7c2e482: shows [Jd Qc] (King-High)
Hero: shows [As Qd] (Ace-High)
*** SHOWDOWN ***
Hero collected $0.21 from pot
*** SUMMARY ***
Total pot $0.22 | Rake $0.01 | Jackpot $0 | Bingo $0 | Fortune $0 | Tax $0
Board [Kh 8c 4h 6c 9s]
Seat 1: d5fc1fd1 folded before Flop (didn't bet)
Seat 2: Hero showed [As Qd] and won ($0.21) with Ace-High
Seat 3: 9a99d9cb folded before Flop (didn't bet)
Seat 4: 34524808 (button) folded before Flop (didn't bet)
Seat 5: ebf2af83 (small blind) folded before Flop
Seat 6: f7c2e482 (big blind) showed [Jd Qc] and lost with King-High


Poker Hand #HD1744846746: Hold'em No Limit ($0.02/$0.05) - 2024/04/24 18:06:46
Table 'NLHBlue2' 6-max Seat #3 is the button
Seat 1: d5fc1fd1 ($0.85 in chips)
Seat 2: Hero ($5 in chips)
Seat 3: 9a99d9cb ($5.94 in chips)
Seat 4: 34524808 ($6.43 in chips)
Seat 5: ebf2af83 ($8.82 in chips)
34524808: posts small blind $0.02
ebf2af83: posts big blind $0.05
*** HOLE CARDS ***
Dealt to d5fc1fd1 
Dealt to Hero [8c 4c]
Dealt to 9a99d9cb 
Dealt to 34524808 
Dealt to ebf2af83 
d5fc1fd1: calls $0.05
Hero: folds
9a99d9cb: folds
34524808: raises $0.15 to $0.2
ebf2af83: folds
d5fc1fd1: folds
Uncalled bet ($0.15) returned to 34524808
*** SHOWDOWN ***
34524808 collected $0.15 from pot
*** SUMMARY ***
Total pot $0.15 | Rake $0 | Jackpot $0 | Bingo $0 | Fortune $0 | Tax $0
Seat 1: d5fc1fd1 folded before Flop
Seat 2: Hero folded before Flop (didn't bet)
Seat 3: 9a99d9cb (button) folded before Flop (didn't bet)
Seat 4: 34524808 (small blind) collected ($0.15)
Seat 5: ebf2af83 (big blind) folded before Flop


Poker Hand #HD1744846699: Hold'em No Limit ($0.02/$0.05) - 2024/04/24 18:06:30
Table 'NLHBlue2' 6-max Seat #2 is the button
Seat 1: d5fc1fd1 ($0.85 in chips)
Seat 2: Hero ($5 in chips)
Seat 3: 9a99d9cb ($5.89 in chips)
Seat 4: 34524808 ($6.48 in chips)
Seat 5: ebf2af83 ($8.82 in chips)
9a99d9cb: posts small blind $0.02
34524808: posts big blind $0.05
*** HOLE CARDS ***
Dealt to d5fc1fd1 
Dealt to Hero [Kh 7d]
Dealt to 9a99d9cb 
Dealt to 34524808 
Dealt to ebf2af83 
ebf2af83: folds
d5fc1fd1: folds
Hero: folds
9a99d9cb: raises $0.1 to $0.15
34524808: folds
Uncalled bet ($0.1) returned to 9a99d9cb
*** SHOWDOWN ***
9a99d9cb collected $0.1 from pot
*** SUMMARY ***
Total pot $0.1 | Rake $0 | Jackpot $0 | Bingo $0 | Fortune $0 | Tax $0
Seat 1: d5fc1fd1 folded before Flop (didn't bet)
Seat 2: Hero (button) folded before Flop (didn't bet)
Seat 3: 9a99d9cb (small blind) collected ($0.1)
Seat 4: 34524808 (big blind) folded before Flop
Seat 5: ebf2af83 folded before Flop (didn't bet)


Poker Hand #HD1744846675: Hold'em No Limit ($0.02/$0.05) - 2024/04/24 18:06:21
Table 'NLHBlue2' 6-max Seat #1 is the button
Seat 1: d5fc1fd1 ($0.85 in chips)
Seat 2: Hero ($5 in chips)
Seat 3: 9a99d9cb ($5.87 in chips)
Seat 4: 34524808 ($6.48 in chips)
Seat 5: ebf2af83 ($8.82 in chips)
Hero: posts small blind $0.02
9a99d9cb: posts big blind $0.05
*** HOLE CARDS ***
Dealt to d5fc1fd1 
Dealt to Hero [5s 7c]
Dealt to 9a99d9cb 
Dealt to 34524808 
Dealt to ebf2af83 
34524808: folds
ebf2af83: folds
d5fc1fd1: folds
Hero: folds
Uncalled bet ($0.03) returned to 9a99d9cb
*** SHOWDOWN ***
9a99d9cb collected $0.04 from pot
*** SUMMARY ***
Total pot $0.04 | Rake $0 | Jackpot $0 | Bingo $0 | Fortune $0 | Tax $0
Seat 1: d5fc1fd1 (button) folded before Flop (didn't bet)
Seat 2: Hero (small blind) folded before Flop
Seat 3: 9a99d9cb (big blind) collected ($0.04)
Seat 4: 34524808 folded before Flop (didn't bet)
Seat 5: ebf2af83 folded before Flop (didn't bet)


Poker Hand #HD1744846568: Hold'em No Limit ($0.02/$0.05) - 2024/04/24 18:05:42
Table 'NLHBlue2' 6-max Seat #5 is the button
Seat 1: d5fc1fd1 ($0.87 in chips)
Seat 2: Hero ($5 in chips)
Seat 3: 9a99d9cb ($5.87 in chips)
Seat 4: 34524808 ($6.48 in chips)
Seat 5: ebf2af83 ($8.7 in chips)
d5fc1fd1: posts small blind $0.02
Hero: posts big blind $0.05
*** HOLE CARDS ***
Dealt to d5fc1fd1 
Dealt to Hero [Td Qs]
Dealt to 9a99d9cb 
Dealt to 34524808 
Dealt to ebf2af83 
9a99d9cb: folds
34524808: folds
ebf2af83: raises $0.06 to $0.11
d5fc1fd1: folds
Hero: calls $0.06
*** FLOP *** [3c 2h Ad]
Hero: checks
ebf2af83: bets $0.1
Hero: folds
Uncalled bet ($0.1) returned to ebf2af83
*** SHOWDOWN ***
ebf2af83 collected $0.23 from pot
*** SUMMARY ***
Total pot $0.24 | Rake $0.01 | Jackpot $0 | Bingo $0 | Fortune $0 | Tax $0
Board [3c 2h Ad]
Seat 1: d5fc1fd1 (small blind) folded before Flop
Seat 2: Hero (big blind) folded on the Flop
Seat 3: 9a99d9cb folded before Flop (didn't bet)
Seat 4: 34524808 folded before Flop (didn't bet)
Seat 5: ebf2af83 (button) won ($0.23)


Poker Hand #HD1744846484: Hold'em No Limit ($0.02/$0.05) - 2024/04/24 18:05:11
Table 'NLHBlue2' 6-max Seat #4 is the button
Seat 1: d5fc1fd1 ($1 in chips)
Seat 2: Hero ($5 in chips)
Seat 3: 9a99d9cb ($5.87 in chips)
Seat 4: 34524808 ($6.48 in chips)
Seat 5: ebf2af83 ($8.58 in chips)
ebf2af83: posts small blind $0.02
d5fc1fd1: posts big blind $0.05
*** HOLE CARDS ***
Dealt to d5fc1fd1 
Dealt to Hero [6d Kc]
Dealt to 9a99d9cb 
Dealt to 34524808 
Dealt to ebf2af83 
Hero: folds
9a99d9cb: folds
34524808: folds
ebf2af83: raises $0.08 to $0.13
d5fc1fd1: calls $0.08
*** FLOP *** [8d 4h Qd]
ebf2af83: checks
d5fc1fd1: checks
*** TURN *** [8d 4h Qd] [5d]
ebf2af83: bets $0.1
d5fc1fd1: folds
Uncalled bet ($0.1) returned to ebf2af83
*** SHOWDOWN ***
ebf2af83 collected $0.25 from pot
*** SUMMARY ***
Total pot $0.26 | Rake $0.01 | Jackpot $0 | Bingo $0 | Fortune $0 | Tax $0
Board [8d 4h Qd 5d]
Seat 1: d5fc1fd1 (big blind) folded on the Turn
Seat 2: Hero folded before Flop (didn't bet)
Seat 3: 9a99d9cb folded before Flop (didn't bet)
Seat 4: 34524808 (button) folded before Flop (didn't bet)
Seat 5: ebf2af83 (small blind) won ($0.25)


Poker Hand #HD1744846466: Hold'em No Limit ($0.02/$0.05) - 2024/04/24 18:05:00
Table 'NLHBlue2' 6-max Seat #3 is the button
Seat 2: Hero ($5 in chips)
Seat 3: 9a99d9cb ($5.87 in chips)
Seat 4: 34524808 ($6.5 in chips)
Seat 5: ebf2af83 ($8.56 in chips)
34524808: posts small blind $0.02
ebf2af83: posts big blind $0.05
*** HOLE CARDS ***
Dealt to Hero [6c 8h]
Dealt to 9a99d9cb 
Dealt to 34524808 
Dealt to ebf2af83 
Hero: folds
9a99d9cb: folds
34524808: folds
Uncalled bet ($0.03) returned to ebf2af83
*** SHOWDOWN ***
ebf2af83 collected $0.04 from pot
*** SUMMARY ***
Total pot $0.04 | Rake $0 | Jackpot $0 | Bingo $0 | Fortune $0 | Tax $0
Seat 2: Hero folded before Flop (didn't bet)
Seat 3: 9a99d9cb (button) folded before Flop (didn't bet)
Seat 4: 34524808 (small blind) folded before Flop
Seat 5: ebf2af83 (big blind) collected ($0.04)


Poker Hand #HD1744846416: Hold'em No Limit ($0.02/$0.05) - 2024/04/24 18:04:40
Table 'NLHBlue2' 6-max Seat #2 is the button
Seat 2: Hero ($5 in chips)
Seat 3: 9a99d9cb ($5.82 in chips)
Seat 4: 34524808 ($6.55 in chips)
Seat 5: ebf2af83 ($8.56 in chips)
9a99d9cb: posts small blind $0.02
34524808: posts big blind $0.05
*** HOLE CARDS ***
Dealt to Hero [2h 8c]
Dealt to 9a99d9cb 
Dealt to 34524808 
Dealt to ebf2af83 
ebf2af83: folds
Hero: folds
9a99d9cb: raises $0.08 to $0.13
34524808: folds
Uncalled bet ($0.08) returned to 9a99d9cb
*** SHOWDOWN ***
9a99d9cb collected $0.1 from pot
*** SUMMARY ***
Total pot $0.1 | Rake $0 | Jackpot $0 | Bingo $0 | Fortune $0 | Tax $0
Seat 2: Hero (button) folded before Flop (didn't bet)
Seat 3: 9a99d9cb (small blind) collected ($0.1)
Seat 4: 34524808 (big blind) folded before Flop
Seat 5: ebf2af83 folded before Flop (didn't bet)


Poker Hand #HD1744846252: Hold'em No Limit ($0.02/$0.05) - 2024/04/24 18:03:33
Table 'NLHBlue2' 6-max Seat #5 is the button
Seat 2: Hero ($5 in chips)
Seat 3: 9a99d9cb ($6.37 in chips)
Seat 4: 34524808 ($6.55 in chips)
Seat 5: ebf2af83 ($8.04 in chips)
Hero: posts small blind $0.02
9a99d9cb: posts big blind $0.05
*** HOLE CARDS ***
Dealt to Hero [5h 4s]
Dealt to 9a99d9cb 
Dealt to 34524808 
Dealt to ebf2af83 
34524808: folds
ebf2af83: raises $0.08 to $0.13
Hero: folds
9a99d9cb: calls $0.08
*** FLOP *** [7d As Qc]
9a99d9cb: checks
ebf2af83: bets $0.14
9a99d9cb: calls $0.14
*** TURN *** [7d As Qc] [Qd]
9a99d9cb: checks
ebf2af83: bets $0.28
9a99d9cb: calls $0.28
*** RIVER *** [7d As Qc Qd] [9s]
9a99d9cb: checks
ebf2af83: checks
9a99d9cb: shows [Ac 3s] (Pair of Aces and Pair of Queens)
ebf2af83: shows [Ad Kc] (Pair of Aces and Pair of Queens)
*** SHOWDOWN ***
ebf2af83 collected $1.07 from pot
*** SUMMARY ***
Total pot $1.12 | Rake $0.05 | Jackpot $0 | Bingo $0 | Fortune $0 | Tax $0
Board [7d As Qc Qd 9s]
Seat 2: Hero (small blind) folded before Flop
Seat 3: 9a99d9cb (big blind) showed [Ac 3s] and lost with Pair of Aces and Pair of Queens
Seat 4: 34524808 folded before Flop (didn't bet)
Seat 5: ebf2af83 (button) showed [Ad Kc] and won ($1.07) with Pair of Aces and Pair of Queens


Poker Hand #HD1744846216: Hold'em No Limit ($0.02/$0.05) - 2024/04/24 18:03:21
Table 'NLHBlue2' 6-max Seat #4 is the button
Seat 2: Hero ($5 in chips)
Seat 3: 9a99d9cb ($6.3 in chips)
Seat 4: 34524808 ($6.55 in chips)
Seat 5: ebf2af83 ($8.06 in chips)
ebf2af83: posts small blind $0.02
Hero: posts big blind $0.05
*** HOLE CARDS ***
Dealt to Hero [Ks 4s]
Dealt to 9a99d9cb 
Dealt to 34524808 
Dealt to ebf2af83 
9a99d9cb: raises $0.06 to $0.11
34524808: folds
ebf2af83: folds
Hero: folds
Uncalled bet ($0.06) returned to 9a99d9cb
*** SHOWDOWN ***
9a99d9cb collected $0.12 from pot
*** SUMMARY ***
Total pot $0.12 | Rake $0 | Jackpot $0 | Bingo $0 | Fortune $0 | Tax $0
Seat 2: Hero (big blind) folded before Flop
Seat 3: 9a99d9cb collected ($0.12)
Seat 4: 34524808 (button) folded before Flop (didn't bet)
Seat 5: ebf2af83 (small blind) folded before Flop


Poker Hand #HD1744846184: Hold'em No Limit ($0.02/$0.05) - 2024/04/24 18:03:11
Table 'NLHBlue2' 6-max Seat #3 is the button
Seat 2: Hero ($5 in chips)
Seat 3: 9a99d9cb ($6.3 in chips)
Seat 4: 34524808 ($6.57 in chips)
Seat 5: ebf2af83 ($8.04 in chips)
34524808: posts small blind $0.02
ebf2af83: posts big blind $0.05
*** HOLE CARDS ***
Dealt to Hero [2d 8d]
Dealt to 9a99d9cb 
Dealt to 34524808 
Dealt to ebf2af83 
Hero: folds
9a99d9cb: folds
34524808: folds
Uncalled bet ($0.03) returned to ebf2af83
*** SHOWDOWN ***
ebf2af83 collected $0.04 from pot
*** SUMMARY ***
Total pot $0.04 | Rake $0 | Jackpot $0 | Bingo $0 | Fortune $0 | Tax $0
Seat 2: Hero folded before Flop (didn't bet)
Seat 3: 9a99d9cb (button) folded before Flop (didn't bet)
Seat 4: 34524808 (small blind) folded before Flop
Seat 5: ebf2af83 (big blind) collected ($0.04)


Poker Hand #HD1744846159: Hold'em No Limit ($0.02/$0.05) - 2024/04/24 18:03:02
Table 'NLHBlue2' 6-max Seat #2 is the button
Seat 1: 9d963901 ($5.86 in chips)
Seat 2: Hero ($5 in chips)
Seat 3: 9a99d9cb ($6.32 in chips)
Seat 4: 34524808 ($6.55 in chips)
Seat 5: ebf2af83 ($8.04 in chips)
9a99d9cb: posts small blind $0.02
34524808: posts big blind $0.05
*** HOLE CARDS ***
Dealt to 9d963901 
Dealt to Hero [Jh 9s]
Dealt to 9a99d9cb 
Dealt to 34524808 
Dealt to ebf2af83 
ebf2af83: folds
9d963901: folds
Hero: folds
9a99d9cb: folds
Uncalled bet ($0.03) returned to 34524808
*** SHOWDOWN ***
34524808 collected $0.04 from pot
*** SUMMARY ***
Total pot $0.04 | Rake $0 | Jackpot $0 | Bingo $0 | Fortune $0 | Tax $0
Seat 1: 9d963901 folded before Flop (didn't bet)
Seat 2: Hero (button) folded before Flop (didn't bet)
Seat 3: 9a99d9cb (small blind) folded before Flop
Seat 4: 34524808 (big blind) collected ($0.04)
Seat 5: ebf2af83 folded before Flop (didn't bet)


Poker Hand #HD1744846032: Hold'em No Limit ($0.02/$0.05) - 2024/04/24 18:02:10
Table 'NLHBlue2' 6-max Seat #1 is the button
Seat 1: 9d963901 ($6.16 in chips)
Seat 2: Hero ($5 in chips)
Seat 3: 9a99d9cb ($6.37 in chips)
Seat 4: 34524808 ($6.55 in chips)
Seat 5: ebf2af83 ($7.7 in chips)
Hero: posts small blind $0.02
9a99d9cb: posts big blind $0.05
*** HOLE CARDS ***
Dealt to 9d963901 
Dealt to Hero [2c 4h]
Dealt to 9a99d9cb 
Dealt to 34524808 
Dealt to ebf2af83 
34524808: folds
ebf2af83: raises $0.08 to $0.13
9d963901: calls $0.13
Hero: folds
9a99d9cb: folds
*** FLOP *** [6c 5s 4c]
ebf2af83: bets $0.17
9d963901: calls $0.17
*** TURN *** [6c 5s 4c] [Ts]
ebf2af83: checks
9d963901: checks
*** RIVER *** [6c 5s 4c Ts] [5c]
ebf2af83: bets $0.21
9d963901: folds
Uncalled bet ($0.21) returned to ebf2af83
*** SHOWDOWN ***
ebf2af83 collected $0.64 from pot
*** SUMMARY ***
Total pot $0.67 | Rake $0.03 | Jackpot $0 | Bingo $0 | Fortune $0 | Tax $0
Board [6c 5s 4c Ts 5c]
Seat 1: 9d963901 (button) folded on the River
Seat 2: Hero (small blind) folded before Flop
Seat 3: 9a99d9cb (big blind) folded before Flop
Seat 4: 34524808 folded before Flop (didn't bet)
Seat 5: ebf2af83 won ($0.64)


Poker Hand #HD1744845949: Hold'em No Limit ($0.02/$0.05) - 2024/04/24 18:01:36
Table 'NLHBlue2' 6-max Seat #5 is the button
Seat 1: 9d963901 ($5.99 in chips)
Seat 2: Hero ($5 in chips)
Seat 3: 9a99d9cb ($6.37 in chips)
Seat 4: 34524808 ($6.55 in chips)
Seat 5: ebf2af83 ($7.83 in chips)
9d963901: posts small blind $0.02
Hero: posts big blind $0.05
*** HOLE CARDS ***
Dealt to 9d963901 
Dealt to Hero [6d Td]
Dealt to 9a99d9cb 
Dealt to 34524808 
Dealt to ebf2af83 
9a99d9cb: folds
34524808: folds
ebf2af83: raises $0.08 to $0.13
9d963901: raises $0.35 to $0.48
Hero: folds
ebf2af83: folds
Uncalled bet ($0.35) returned to 9d963901
*** SHOWDOWN ***
9d963901 collected $0.3 from pot
*** SUMMARY ***
Total pot $0.31 | Rake $0.01 | Jackpot $0 | Bingo $0 | Fortune $0 | Tax $0
Seat 1: 9d963901 (small blind) collected ($0.3)
Seat 2: Hero (big blind) folded before Flop
Seat 3: 9a99d9cb folded before Flop (didn't bet)
Seat 4: 34524808 folded before Flop (didn't bet)
Seat 5: ebf2af83 (button) folded before Flop


