Poker Hand #HD1860645987: Hold'em No Limit ($0.05/$0.1) - 2024/07/17 12:12:04
Table 'NLHRed56' 6-max Seat #4 is the button
Seat 2: 2532ecb4 ($10 in chips)
Seat 4: Hero ($10.83 in chips)
Seat 6: 41fd851d ($14.72 in chips)
41fd851d: posts small blind $0.05
2532ecb4: posts big blind $0.1
*** HOLE CARDS ***
Dealt to 2532ecb4 
Dealt to Hero [7c Kd]
Dealt to 41fd851d 
Hero: folds
41fd851d: raises $0.2 to $0.3
2532ecb4: folds
Uncalled bet ($0.2) returned to 41fd851d
*** SHOWDOWN ***
41fd851d collected $0.2 from pot
*** SUMMARY ***
Total pot $0.2 | Rake $0 | Jackpot $0 | Bingo $0 | Fortune $0 | Tax $0
Seat 2: 2532ecb4 (big blind) folded before Flop
Seat 4: Hero (button) folded before Flop (didn't bet)
Seat 6: 41fd851d (small blind) collected ($0.2)


Poker Hand #HD1860645975: Hold'em No Limit ($0.05/$0.1) - 2024/07/17 12:11:56
Table 'NLHRed56' 6-max Seat #2 is the button
Seat 1: ac295c82 ($27.13 in chips)
Seat 2: 2532ecb4 ($10 in chips)
Seat 4: Hero ($10.88 in chips)
Seat 6: 41fd851d ($14.67 in chips)
Hero: posts small blind $0.05
41fd851d: posts big blind $0.1
*** HOLE CARDS ***
Dealt to ac295c82 
Dealt to 2532ecb4 
Dealt to Hero [8c Qs]
Dealt to 41fd851d 
ac295c82: folds
2532ecb4: folds
Hero: folds
Uncalled bet ($0.05) returned to 41fd851d
*** SHOWDOWN ***
41fd851d collected $0.1 from pot
*** SUMMARY ***
Total pot $0.1 | Rake $0 | Jackpot $0 | Bingo $0 | Fortune $0 | Tax $0
Seat 1: ac295c82 folded before Flop (didn't bet)
Seat 2: 2532ecb4 (button) folded before Flop (didn't bet)
Seat 4: Hero (small blind) folded before Flop
Seat 6: 41fd851d (big blind) collected ($0.1)


Poker Hand #HD1860645792: Hold'em No Limit ($0.05/$0.1) - 2024/07/17 12:10:21
Table 'NLHRed56' 6-max Seat #1 is the button
Seat 1: ac295c82 ($27.13 in chips)
Seat 2: 2532ecb4 ($10.05 in chips)
Seat 4: Hero ($10.98 in chips)
Seat 5: faea57b1 ($5.13 in chips)
Seat 6: 41fd851d ($10 in chips)
2532ecb4: posts small blind $0.05
Hero: posts big blind $0.1
*** HOLE CARDS ***
Dealt to ac295c82 
Dealt to 2532ecb4 
Dealt to Hero [7s Ah]
Dealt to faea57b1 
Dealt to 41fd851d 
faea57b1: calls $0.1
41fd851d: raises $0.4 to $0.5
ac295c82: folds
2532ecb4: folds
Hero: folds
faea57b1: calls $0.4
*** FLOP *** [3c 7d 9c]
faea57b1: checks
41fd851d: bets $0.87
faea57b1: calls $0.87
*** TURN *** [3c 7d 9c] [4h]
faea57b1: bets $1.45
41fd851d: raises $5.79 to $7.24
faea57b1: calls $2.31 and is all-in
Uncalled bet ($3.48) returned to 41fd851d
41fd851d: shows [Th Tc] (Pair of Tens)
faea57b1: shows [2h Ad] (Ace-High)
*** RIVER *** [3c 7d 9c 4h] [Qs]
*** SHOWDOWN ***
41fd851d collected $9.8 from pot
*** SUMMARY ***
Total pot $10.41 | Rake $0.51 | Jackpot $0.1 | Bingo $0 | Fortune $0 | Tax $0
Board [3c 7d 9c 4h Qs]
Seat 1: ac295c82 (button) folded before Flop (didn't bet)
Seat 2: 2532ecb4 (small blind) folded before Flop
Seat 4: Hero (big blind) folded before Flop
Seat 5: faea57b1 showed [2h Ad] and lost with Ace-High
Seat 6: 41fd851d showed [Th Tc] and won ($9.8) with Pair of Tens


Poker Hand #HD1860645757: Hold'em No Limit ($0.05/$0.1) - 2024/07/17 12:09:59
Table 'NLHRed56' 6-max Seat #6 is the button
Seat 1: ac295c82 ($27.18 in chips)
Seat 2: 2532ecb4 ($10 in chips)
Seat 4: Hero ($10.98 in chips)
Seat 5: faea57b1 ($5.13 in chips)
Seat 6: 41fd851d ($10 in chips)
ac295c82: posts small blind $0.05
2532ecb4: posts big blind $0.1
*** HOLE CARDS ***
Dealt to ac295c82 
Dealt to 2532ecb4 
Dealt to Hero [Ts Kd]
Dealt to faea57b1 
Dealt to 41fd851d 
Hero: folds
faea57b1: folds
41fd851d: folds
ac295c82: folds
Uncalled bet ($0.05) returned to 2532ecb4
*** SHOWDOWN ***
2532ecb4 collected $0.1 from pot
*** SUMMARY ***
Total pot $0.1 | Rake $0 | Jackpot $0 | Bingo $0 | Fortune $0 | Tax $0
Seat 1: ac295c82 (small blind) folded before Flop
Seat 2: 2532ecb4 (big blind) collected ($0.1)
Seat 4: Hero folded before Flop (didn't bet)
Seat 5: faea57b1 folded before Flop (didn't bet)
Seat 6: 41fd851d (button) folded before Flop (didn't bet)


Poker Hand #HD1860555542: Hold'em No Limit ($0.05/$0.1) - 2024/07/17 12:08:03
Table 'NLHRed56' 6-max Seat #5 is the button
Seat 1: ac295c82 ($13.87 in chips)
Seat 2: 2532ecb4 ($10 in chips)
Seat 3: 9ca44029 ($1.66 in chips)
Seat 4: Hero ($10.98 in chips)
Seat 5: faea57b1 ($5.13 in chips)
Seat 6: 41fd851d ($11.08 in chips)
41fd851d: posts small blind $0.05
ac295c82: posts big blind $0.1
*** HOLE CARDS ***
Dealt to ac295c82 
Dealt to 2532ecb4 
Dealt to 9ca44029 
Dealt to Hero [5h Qh]
Dealt to faea57b1 
Dealt to 41fd851d 
2532ecb4: raises $0.15 to $0.25
9ca44029: calls $0.25
Hero: folds
faea57b1: folds
41fd851d: raises $0.95 to $1.2
ac295c82: calls $1.1
2532ecb4: calls $0.95
9ca44029: raises $0.46 to $1.66 and is all-in
41fd851d: calls $0.46
ac295c82: calls $0.46
2532ecb4: calls $0.46
*** FLOP *** [8c Jc 7c]
41fd851d: checks
ac295c82: checks
2532ecb4: checks
*** TURN *** [8c Jc 7c] [9h]
41fd851d: bets $9.42 and is all-in
ac295c82: calls $9.42
2532ecb4: folds
41fd851d: shows [Td Ad] (Jacks-High Straight)
ac295c82: shows [Qc Ac] (Ace High Flush)
9ca44029: shows [3s Ks] (King-High)
*** RIVER *** [8c Jc 7c 9h] [Kh]
*** SHOWDOWN ***
ac295c82 collected $6.38 from pot
ac295c82 collected $18.01 from pot
*** SUMMARY ***
Total pot $25.48 | Rake $0.99 | Jackpot $0.1 | Bingo $0 | Fortune $0 | Tax $0
Board [8c Jc 7c 9h Kh]
Seat 1: ac295c82 (big blind) showed [Qc Ac] and won ($24.39) with Ace High Flush
Seat 2: 2532ecb4 folded on the Turn
Seat 3: 9ca44029 showed [3s Ks] and lost with Pair of Kings
Seat 4: Hero folded before Flop (didn't bet)
Seat 5: faea57b1 (button) folded before Flop (didn't bet)
Seat 6: 41fd851d (small blind) showed [Td Ad] and lost with Jacks-High Straight


Poker Hand #HD1860555495: Hold'em No Limit ($0.05/$0.1) - 2024/07/17 12:07:35
Table 'NLHRed56' 6-max Seat #4 is the button
Seat 1: ac295c82 ($13.87 in chips)
Seat 2: 2532ecb4 ($10 in chips)
Seat 3: 9ca44029 ($1.66 in chips)
Seat 4: Hero ($10.98 in chips)
Seat 5: faea57b1 ($5.18 in chips)
Seat 6: 41fd851d ($11.03 in chips)
faea57b1: posts small blind $0.05
41fd851d: posts big blind $0.1
*** HOLE CARDS ***
Dealt to ac295c82 
Dealt to 2532ecb4 
Dealt to 9ca44029 
Dealt to Hero [9d 5s]
Dealt to faea57b1 
Dealt to 41fd851d 
ac295c82: folds
2532ecb4: folds
9ca44029: folds
Hero: folds
faea57b1: folds
Uncalled bet ($0.05) returned to 41fd851d
*** SHOWDOWN ***
41fd851d collected $0.1 from pot
*** SUMMARY ***
Total pot $0.1 | Rake $0 | Jackpot $0 | Bingo $0 | Fortune $0 | Tax $0
Seat 1: ac295c82 folded before Flop (didn't bet)
Seat 2: 2532ecb4 folded before Flop (didn't bet)
Seat 3: 9ca44029 folded before Flop (didn't bet)
Seat 4: Hero (button) folded before Flop (didn't bet)
Seat 5: faea57b1 (small blind) folded before Flop
Seat 6: 41fd851d (big blind) collected ($0.1)


Poker Hand #HD1860555450: Hold'em No Limit ($0.05/$0.1) - 2024/07/17 12:07:10
Table 'NLHRed56' 6-max Seat #3 is the button
Seat 1: ac295c82 ($13.87 in chips)
Seat 2: 2532ecb4 ($10 in chips)
Seat 3: 9ca44029 ($1.51 in chips)
Seat 4: Hero ($11.03 in chips)
Seat 5: faea57b1 ($5.28 in chips)
Seat 6: 41fd851d ($11.03 in chips)
Hero: posts small blind $0.05
faea57b1: posts big blind $0.1
*** HOLE CARDS ***
Dealt to ac295c82 
Dealt to 2532ecb4 
Dealt to 9ca44029 
Dealt to Hero [3h Ah]
Dealt to faea57b1 
Dealt to 41fd851d 
41fd851d: folds
ac295c82: folds
2532ecb4: folds
9ca44029: raises $1.41 to $1.51 and is all-in
Hero: folds
faea57b1: folds
Uncalled bet ($1.41) returned to 9ca44029
*** SHOWDOWN ***
9ca44029 collected $0.25 from pot
*** SUMMARY ***
Total pot $0.25 | Rake $0 | Jackpot $0 | Bingo $0 | Fortune $0 | Tax $0
Seat 1: ac295c82 folded before Flop (didn't bet)
Seat 2: 2532ecb4 folded before Flop (didn't bet)
Seat 3: 9ca44029 (button) collected ($0.25)
Seat 4: Hero (small blind) folded before Flop
Seat 5: faea57b1 (big blind) folded before Flop
Seat 6: 41fd851d folded before Flop (didn't bet)


Poker Hand #HD1860555433: Hold'em No Limit ($0.05/$0.1) - 2024/07/17 12:06:58
Table 'NLHRed56' 6-max Seat #2 is the button
Seat 1: ac295c82 ($13.87 in chips)
Seat 2: 2532ecb4 ($10 in chips)
Seat 3: 9ca44029 ($1.56 in chips)
Seat 4: Hero ($10.98 in chips)
Seat 5: faea57b1 ($5.28 in chips)
Seat 6: 41fd851d ($11.03 in chips)
9ca44029: posts small blind $0.05
Hero: posts big blind $0.1
*** HOLE CARDS ***
Dealt to ac295c82 
Dealt to 2532ecb4 
Dealt to 9ca44029 
Dealt to Hero [2d Tc]
Dealt to faea57b1 
Dealt to 41fd851d 
faea57b1: folds
41fd851d: folds
ac295c82: folds
2532ecb4: folds
9ca44029: folds
Uncalled bet ($0.05) returned to Hero
*** SHOWDOWN ***
Hero collected $0.1 from pot
*** SUMMARY ***
Total pot $0.1 | Rake $0 | Jackpot $0 | Bingo $0 | Fortune $0 | Tax $0
Seat 1: ac295c82 folded before Flop (didn't bet)
Seat 2: 2532ecb4 (button) folded before Flop (didn't bet)
Seat 3: 9ca44029 (small blind) folded before Flop
Seat 4: Hero (big blind) collected ($0.1)
Seat 5: faea57b1 folded before Flop (didn't bet)
Seat 6: 41fd851d folded before Flop (didn't bet)


Poker Hand #HD1860555360: Hold'em No Limit ($0.05/$0.1) - 2024/07/17 12:06:16
Table 'NLHRed56' 6-max Seat #1 is the button
Seat 1: ac295c82 ($13.87 in chips)
Seat 2: 2532ecb4 ($10 in chips)
Seat 3: 9ca44029 ($1.66 in chips)
Seat 4: Hero ($10.98 in chips)
Seat 5: faea57b1 ($5.28 in chips)
Seat 6: 41fd851d ($11.14 in chips)
2532ecb4: posts small blind $0.05
9ca44029: posts big blind $0.1
*** HOLE CARDS ***
Dealt to ac295c82 
Dealt to 2532ecb4 
Dealt to 9ca44029 
Dealt to Hero [9c Th]
Dealt to faea57b1 
Dealt to 41fd851d 
Hero: folds
faea57b1: folds
41fd851d: raises $0.15 to $0.25
ac295c82: folds
2532ecb4: folds
9ca44029: raises $1.41 to $1.66 and is all-in
41fd851d: calls $1.41
9ca44029: shows [Kd Ah]
41fd851d: shows [Ks Ad]
*** FLOP *** [9h 4h 4d]
*** TURN *** [9h 4h 4d] [Js]
*** RIVER *** [9h 4h 4d Js] [8s]
*** SHOWDOWN ***
41fd851d collected $1.55 from pot
9ca44029 collected $1.56 from pot
*** SUMMARY ***
Total pot $3.37 | Rake $0.16 | Jackpot $0.1 | Bingo $0 | Fortune $0 | Tax $0
Board [9h 4h 4d Js 8s]
Seat 1: ac295c82 (button) folded before Flop (didn't bet)
Seat 2: 2532ecb4 (small blind) folded before Flop
Seat 3: 9ca44029 (big blind) showed [Kd Ah] and won ($1.56) with Pair of Fours
Seat 4: Hero folded before Flop (didn't bet)
Seat 5: faea57b1 folded before Flop (didn't bet)
Seat 6: 41fd851d showed [Ks Ad] and won ($1.55) with Pair of Fours


Poker Hand #HD1860555312: Hold'em No Limit ($0.05/$0.1) - 2024/07/17 12:05:46
Table 'NLHRed56' 6-max Seat #6 is the button
Seat 1: ac295c82 ($13.92 in chips)
Seat 2: 2532ecb4 ($10 in chips)
Seat 3: 9ca44029 ($1.51 in chips)
Seat 4: Hero ($10.98 in chips)
Seat 5: faea57b1 ($5.28 in chips)
Seat 6: 41fd851d ($11.14 in chips)
ac295c82: posts small blind $0.05
2532ecb4: posts big blind $0.1
*** HOLE CARDS ***
Dealt to ac295c82 
Dealt to 2532ecb4 
Dealt to 9ca44029 
Dealt to Hero [9s 5d]
Dealt to faea57b1 
Dealt to 41fd851d 
9ca44029: raises $1.41 to $1.51 and is all-in
Hero: folds
faea57b1: folds
41fd851d: folds
ac295c82: folds
2532ecb4: folds
Uncalled bet ($1.41) returned to 9ca44029
*** SHOWDOWN ***
9ca44029 collected $0.25 from pot
*** SUMMARY ***
Total pot $0.25 | Rake $0 | Jackpot $0 | Bingo $0 | Fortune $0 | Tax $0
Seat 1: ac295c82 (small blind) folded before Flop
Seat 2: 2532ecb4 (big blind) folded before Flop
Seat 3: 9ca44029 collected ($0.25)
Seat 4: Hero folded before Flop (didn't bet)
Seat 5: faea57b1 folded before Flop (didn't bet)
Seat 6: 41fd851d (button) folded before Flop (didn't bet)


Poker Hand #HD1860555286: Hold'em No Limit ($0.05/$0.1) - 2024/07/17 12:05:33
Table 'NLHRed56' 6-max Seat #5 is the button
Seat 1: ac295c82 ($14.02 in chips)
Seat 2: 2532ecb4 ($10 in chips)
Seat 3: 9ca44029 ($1.36 in chips)
Seat 4: Hero ($10.98 in chips)
Seat 5: faea57b1 ($5.28 in chips)
Seat 6: 41fd851d ($11.19 in chips)
41fd851d: posts small blind $0.05
ac295c82: posts big blind $0.1
*** HOLE CARDS ***
Dealt to ac295c82 
Dealt to 2532ecb4 
Dealt to 9ca44029 
Dealt to Hero [Qd 3s]
Dealt to faea57b1 
Dealt to 41fd851d 
2532ecb4: folds
9ca44029: raises $1.26 to $1.36 and is all-in
Hero: folds
faea57b1: folds
41fd851d: folds
ac295c82: folds
Uncalled bet ($1.26) returned to 9ca44029
*** SHOWDOWN ***
9ca44029 collected $0.25 from pot
*** SUMMARY ***
Total pot $0.25 | Rake $0 | Jackpot $0 | Bingo $0 | Fortune $0 | Tax $0
Seat 1: ac295c82 (big blind) folded before Flop
Seat 2: 2532ecb4 folded before Flop (didn't bet)
Seat 3: 9ca44029 collected ($0.25)
Seat 4: Hero folded before Flop (didn't bet)
Seat 5: faea57b1 (button) folded before Flop (didn't bet)
Seat 6: 41fd851d (small blind) folded before Flop


Poker Hand #HD1860555249: Hold'em No Limit ($0.05/$0.1) - 2024/07/17 12:05:10
Table 'NLHRed56' 6-max Seat #4 is the button
Seat 1: ac295c82 ($14.02 in chips)
Seat 2: 2532ecb4 ($10 in chips)
Seat 3: 9ca44029 ($1.36 in chips)
Seat 4: Hero ($10.61 in chips)
Seat 5: faea57b1 ($5.33 in chips)
Seat 6: 41fd851d ($11.29 in chips)
faea57b1: posts small blind $0.05
41fd851d: posts big blind $0.1
*** HOLE CARDS ***
Dealt to ac295c82 
Dealt to 2532ecb4 
Dealt to 9ca44029 
Dealt to Hero [Qc As]
Dealt to faea57b1 
Dealt to 41fd851d 
ac295c82: folds
2532ecb4: raises $0.15 to $0.25
9ca44029: folds
Hero: raises $0.55 to $0.8
faea57b1: folds
41fd851d: folds
2532ecb4: folds
Uncalled bet ($0.55) returned to Hero
*** SHOWDOWN ***
Hero collected $0.62 from pot
*** SUMMARY ***
Total pot $0.65 | Rake $0.03 | Jackpot $0 | Bingo $0 | Fortune $0 | Tax $0
Seat 1: ac295c82 folded before Flop (didn't bet)
Seat 2: 2532ecb4 folded before Flop
Seat 3: 9ca44029 folded before Flop (didn't bet)
Seat 4: Hero (button) collected ($0.62)
Seat 5: faea57b1 (small blind) folded before Flop
Seat 6: 41fd851d (big blind) folded before Flop


Poker Hand #HD1860555153: Hold'em No Limit ($0.05/$0.1) - 2024/07/17 12:04:23
Table 'NLHRed56' 6-max Seat #3 is the button
Seat 1: ac295c82 ($14.02 in chips)
Seat 2: 2532ecb4 ($10 in chips)
Seat 3: 9ca44029 ($2.7 in chips)
Seat 4: Hero ($10.66 in chips)
Seat 5: faea57b1 ($4.07 in chips)
Seat 6: 41fd851d ($11.29 in chips)
Hero: posts small blind $0.05
faea57b1: posts big blind $0.1
*** HOLE CARDS ***
Dealt to ac295c82 
Dealt to 2532ecb4 
Dealt to 9ca44029 
Dealt to Hero [6d Qs]
Dealt to faea57b1 
Dealt to 41fd851d 
41fd851d: folds
ac295c82: folds
2532ecb4: folds
9ca44029: raises $0.1 to $0.2
Hero: folds
faea57b1: calls $0.1
*** FLOP *** [7c 5d 7h]
faea57b1: bets $0.23
9ca44029: calls $0.23
*** TURN *** [7c 5d 7h] [3c]
faea57b1: bets $0.91
9ca44029: calls $0.91
*** RIVER *** [7c 5d 7h 3c] [4s]
faea57b1: bets $2.73 and is all-in
9ca44029: folds
Uncalled bet ($2.73) returned to faea57b1
*** SHOWDOWN ***
faea57b1 collected $2.6 from pot
*** SUMMARY ***
Total pot $2.73 | Rake $0.13 | Jackpot $0 | Bingo $0 | Fortune $0 | Tax $0
Board [7c 5d 7h 3c 4s]
Seat 1: ac295c82 folded before Flop (didn't bet)
Seat 2: 2532ecb4 folded before Flop (didn't bet)
Seat 3: 9ca44029 (button) folded on the River
Seat 4: Hero (small blind) folded before Flop
Seat 5: faea57b1 (big blind) won ($2.6)
Seat 6: 41fd851d folded before Flop (didn't bet)


Poker Hand #HD1860555129: Hold'em No Limit ($0.05/$0.1) - 2024/07/17 12:04:05
Table 'NLHRed56' 6-max Seat #2 is the button
Seat 1: ac295c82 ($13.87 in chips)
Seat 2: 2532ecb4 ($10 in chips)
Seat 3: 9ca44029 ($2.75 in chips)
Seat 4: Hero ($10.76 in chips)
Seat 5: faea57b1 ($4.07 in chips)
Seat 6: 41fd851d ($11.29 in chips)
9ca44029: posts small blind $0.05
Hero: posts big blind $0.1
*** HOLE CARDS ***
Dealt to ac295c82 
Dealt to 2532ecb4 
Dealt to 9ca44029 
Dealt to Hero [Ks 8c]
Dealt to faea57b1 
Dealt to 41fd851d 
faea57b1: folds
41fd851d: folds
ac295c82: raises $0.14 to $0.24
2532ecb4: folds
9ca44029: folds
Hero: folds
Uncalled bet ($0.14) returned to ac295c82
*** SHOWDOWN ***
ac295c82 collected $0.25 from pot
*** SUMMARY ***
Total pot $0.25 | Rake $0 | Jackpot $0 | Bingo $0 | Fortune $0 | Tax $0
Seat 1: ac295c82 collected ($0.25)
Seat 2: 2532ecb4 (button) folded before Flop (didn't bet)
Seat 3: 9ca44029 (small blind) folded before Flop
Seat 4: Hero (big blind) folded before Flop
Seat 5: faea57b1 folded before Flop (didn't bet)
Seat 6: 41fd851d folded before Flop (didn't bet)


Poker Hand #HD1860555100: Hold'em No Limit ($0.05/$0.1) - 2024/07/17 12:03:50
Table 'NLHRed56' 6-max Seat #1 is the button
Seat 1: ac295c82 ($13.87 in chips)
Seat 2: 2532ecb4 ($10 in chips)
Seat 3: 9ca44029 ($2.7 in chips)
Seat 4: Hero ($10.76 in chips)
Seat 5: faea57b1 ($4.07 in chips)
Seat 6: 41fd851d ($11.29 in chips)
2532ecb4: posts small blind $0.05
9ca44029: posts big blind $0.1
*** HOLE CARDS ***
Dealt to ac295c82 
Dealt to 2532ecb4 
Dealt to 9ca44029 
Dealt to Hero [6h 5c]
Dealt to faea57b1 
Dealt to 41fd851d 
Hero: folds
faea57b1: folds
41fd851d: folds
ac295c82: folds
2532ecb4: folds
Uncalled bet ($0.05) returned to 9ca44029
*** SHOWDOWN ***
9ca44029 collected $0.1 from pot
*** SUMMARY ***
Total pot $0.1 | Rake $0 | Jackpot $0 | Bingo $0 | Fortune $0 | Tax $0
Seat 1: ac295c82 (button) folded before Flop (didn't bet)
Seat 2: 2532ecb4 (small blind) folded before Flop
Seat 3: 9ca44029 (big blind) collected ($0.1)
Seat 4: Hero folded before Flop (didn't bet)
Seat 5: faea57b1 folded before Flop (didn't bet)
Seat 6: 41fd851d folded before Flop (didn't bet)


Poker Hand #HD1860555025: Hold'em No Limit ($0.05/$0.1) - 2024/07/17 12:03:09
Table 'NLHRed56' 6-max Seat #6 is the button
Seat 1: ac295c82 ($13.92 in chips)
Seat 2: 2532ecb4 ($10 in chips)
Seat 3: 9ca44029 ($2.7 in chips)
Seat 4: Hero ($10.96 in chips)
Seat 5: faea57b1 ($4.07 in chips)
Seat 6: 41fd851d ($10.96 in chips)
ac295c82: posts small blind $0.05
2532ecb4: posts big blind $0.1
*** HOLE CARDS ***
Dealt to ac295c82 
Dealt to 2532ecb4 
Dealt to 9ca44029 
Dealt to Hero [8d 8s]
Dealt to faea57b1 
Dealt to 41fd851d 
9ca44029: folds
Hero: raises $0.1 to $0.2
faea57b1: folds
41fd851d: raises $0.6 to $0.8
ac295c82: folds
2532ecb4: folds
Hero: folds
Uncalled bet ($0.6) returned to 41fd851d
*** SHOWDOWN ***
41fd851d collected $0.53 from pot
*** SUMMARY ***
Total pot $0.55 | Rake $0.02 | Jackpot $0 | Bingo $0 | Fortune $0 | Tax $0
Seat 1: ac295c82 (small blind) folded before Flop
Seat 2: 2532ecb4 (big blind) folded before Flop
Seat 3: 9ca44029 folded before Flop (didn't bet)
Seat 4: Hero folded before Flop
Seat 5: faea57b1 folded before Flop (didn't bet)
Seat 6: 41fd851d (button) collected ($0.53)


Poker Hand #HD1860554896: Hold'em No Limit ($0.05/$0.1) - 2024/07/17 12:01:53
Table 'NLHRed56' 6-max Seat #5 is the button
Seat 1: ac295c82 ($14.02 in chips)
Seat 3: 9ca44029 ($2.42 in chips)
Seat 4: Hero ($10.96 in chips)
Seat 5: faea57b1 ($4.17 in chips)
Seat 6: 41fd851d ($11.06 in chips)
41fd851d: posts small blind $0.05
ac295c82: posts big blind $0.1
*** HOLE CARDS ***
Dealt to ac295c82 
Dealt to 9ca44029 
Dealt to Hero [4c Qh]
Dealt to faea57b1 
Dealt to 41fd851d 
9ca44029: calls $0.1
Hero: folds
faea57b1: calls $0.1
41fd851d: calls $0.05
ac295c82: checks
*** FLOP *** [6h 2s 7s]
41fd851d: checks
ac295c82: checks
9ca44029: bets $0.2
faea57b1: folds
41fd851d: folds
ac295c82: folds
Uncalled bet ($0.2) returned to 9ca44029
*** SHOWDOWN ***
9ca44029 collected $0.38 from pot
*** SUMMARY ***
Total pot $0.4 | Rake $0.02 | Jackpot $0 | Bingo $0 | Fortune $0 | Tax $0
Board [6h 2s 7s]
Seat 1: ac295c82 (big blind) folded on the Flop
Seat 3: 9ca44029 won ($0.38)
Seat 4: Hero folded before Flop (didn't bet)
Seat 5: faea57b1 (button) folded on the Flop
Seat 6: 41fd851d (small blind) folded on the Flop


Poker Hand #HD1860554789: Hold'em No Limit ($0.05/$0.1) - 2024/07/17 12:00:51
Table 'NLHRed56' 6-max Seat #4 is the button
Seat 1: ac295c82 ($14.92 in chips)
Seat 3: 9ca44029 ($2.42 in chips)
Seat 4: Hero ($10 in chips)
Seat 5: faea57b1 ($4.22 in chips)
Seat 6: 41fd851d ($11.16 in chips)
faea57b1: posts small blind $0.05
41fd851d: posts big blind $0.1
*** HOLE CARDS ***
Dealt to ac295c82 
Dealt to 9ca44029 
Dealt to Hero [Jd Jc]
Dealt to faea57b1 
Dealt to 41fd851d 
ac295c82: raises $0.14 to $0.24
9ca44029: folds
Hero: raises $0.66 to $0.9
faea57b1: folds
41fd851d: folds
ac295c82: calls $0.66
*** FLOP *** [3h 4d 5s]
ac295c82: checks
Hero: checks
*** TURN *** [3h 4d 5s] [Jh]
ac295c82: checks
Hero: bets $0.5
ac295c82: folds
Uncalled bet ($0.5) returned to Hero
*** SHOWDOWN ***
Hero collected $1.86 from pot
*** SUMMARY ***
Total pot $1.95 | Rake $0.09 | Jackpot $0 | Bingo $0 | Fortune $0 | Tax $0
Board [3h 4d 5s Jh]
Seat 1: ac295c82 folded on the Turn
Seat 3: 9ca44029 folded before Flop (didn't bet)
Seat 4: Hero (button) won ($1.86)
Seat 5: faea57b1 (small blind) folded before Flop
Seat 6: 41fd851d (big blind) folded before Flop


Poker Hand #HD1860554737: Hold'em No Limit ($0.05/$0.1) - 2024/07/17 12:00:24
Table 'NLHRed56' 6-max Seat #3 is the button
Seat 1: ac295c82 ($14.92 in chips)
Seat 3: 9ca44029 ($2.42 in chips)
Seat 4: Hero ($10.22 in chips)
Seat 5: faea57b1 ($3.95 in chips)
Seat 6: 41fd851d ($11.16 in chips)
Hero: posts small blind $0.05
faea57b1: posts big blind $0.1
*** HOLE CARDS ***
Dealt to ac295c82 
Dealt to 9ca44029 
Dealt to Hero [Th Kd]
Dealt to faea57b1 
Dealt to 41fd851d 
41fd851d: folds
ac295c82: folds
9ca44029: folds
Hero: raises $0.2 to $0.3
faea57b1: raises $0.2 to $0.5
Hero: folds
Uncalled bet ($0.2) returned to faea57b1
*** SHOWDOWN ***
faea57b1 collected $0.57 from pot
*** SUMMARY ***
Total pot $0.6 | Rake $0.03 | Jackpot $0 | Bingo $0 | Fortune $0 | Tax $0
Seat 1: ac295c82 folded before Flop (didn't bet)
Seat 3: 9ca44029 (button) folded before Flop (didn't bet)
Seat 4: Hero (small blind) folded before Flop
Seat 5: faea57b1 (big blind) collected ($0.57)
Seat 6: 41fd851d folded before Flop (didn't bet)


Poker Hand #HD1860554628: Hold'em No Limit ($0.05/$0.1) - 2024/07/17 11:59:21
Table 'NLHRed56' 6-max Seat #1 is the button
Seat 1: ac295c82 ($14.92 in chips)
Seat 3: 9ca44029 ($2.05 in chips)
Seat 4: Hero ($10.32 in chips)
Seat 5: faea57b1 ($4.25 in chips)
Seat 6: 41fd851d ($11.16 in chips)
9ca44029: posts small blind $0.05
Hero: posts big blind $0.1
*** HOLE CARDS ***
Dealt to ac295c82 
Dealt to 9ca44029 
Dealt to Hero [7s 4d]
Dealt to faea57b1 
Dealt to 41fd851d 
faea57b1: calls $0.1
41fd851d: folds
ac295c82: folds
9ca44029: raises $0.2 to $0.3
Hero: folds
faea57b1: calls $0.2
*** FLOP *** [Jc 9c 2h]
9ca44029: checks
faea57b1: checks
*** TURN *** [Jc 9c 2h] [8h]
9ca44029: checks
faea57b1: checks
*** RIVER *** [Jc 9c 2h 8h] [Jh]
9ca44029: checks
faea57b1: checks
9ca44029: shows [6h 6d] (Pair of Jacks and Pair of Sixes)
faea57b1: shows [7h Ad] (Pair of Jacks)
*** SHOWDOWN ***
9ca44029 collected $0.67 from pot
*** SUMMARY ***
Total pot $0.7 | Rake $0.03 | Jackpot $0 | Bingo $0 | Fortune $0 | Tax $0
Board [Jc 9c 2h 8h Jh]
Seat 1: ac295c82 (button) folded before Flop (didn't bet)
Seat 3: 9ca44029 (small blind) showed [6h 6d] and won ($0.67) with Pair of Jacks and Pair of Sixes
Seat 4: Hero (big blind) folded before Flop
Seat 5: faea57b1 showed [7h Ad] and lost with Pair of Jacks
Seat 6: 41fd851d folded before Flop (didn't bet)


Poker Hand #HD1860554601: Hold'em No Limit ($0.05/$0.1) - 2024/07/17 11:59:06
Table 'NLHRed56' 6-max Seat #6 is the button
Seat 1: ac295c82 ($14.97 in chips)
Seat 3: 9ca44029 ($2 in chips)
Seat 4: Hero ($10.32 in chips)
Seat 5: faea57b1 ($4.25 in chips)
Seat 6: 41fd851d ($11.16 in chips)
ac295c82: posts small blind $0.05
9ca44029: posts big blind $0.1
*** HOLE CARDS ***
Dealt to ac295c82 
Dealt to 9ca44029 
Dealt to Hero [6h 9h]
Dealt to faea57b1 
Dealt to 41fd851d 
Hero: folds
faea57b1: folds
41fd851d: folds
ac295c82: folds
Uncalled bet ($0.05) returned to 9ca44029
*** SHOWDOWN ***
9ca44029 collected $0.1 from pot
*** SUMMARY ***
Total pot $0.1 | Rake $0 | Jackpot $0 | Bingo $0 | Fortune $0 | Tax $0
Seat 1: ac295c82 (small blind) folded before Flop
Seat 3: 9ca44029 (big blind) collected ($0.1)
Seat 4: Hero folded before Flop (didn't bet)
Seat 5: faea57b1 folded before Flop (didn't bet)
Seat 6: 41fd851d (button) folded before Flop (didn't bet)


Poker Hand #HD1860554579: Hold'em No Limit ($0.05/$0.1) - 2024/07/17 11:58:51
Table 'NLHRed56' 6-max Seat #5 is the button
Seat 1: ac295c82 ($15.07 in chips)
Seat 4: Hero ($10.32 in chips)
Seat 5: faea57b1 ($4.1 in chips)
Seat 6: 41fd851d ($11.21 in chips)
41fd851d: posts small blind $0.05
ac295c82: posts big blind $0.1
*** HOLE CARDS ***
Dealt to ac295c82 
Dealt to Hero [4c 2s]
Dealt to faea57b1 
Dealt to 41fd851d 
Hero: folds
faea57b1: raises $0.1 to $0.2
41fd851d: folds
ac295c82: folds
Uncalled bet ($0.1) returned to faea57b1
*** SHOWDOWN ***
faea57b1 collected $0.25 from pot
*** SUMMARY ***
Total pot $0.25 | Rake $0 | Jackpot $0 | Bingo $0 | Fortune $0 | Tax $0
Seat 1: ac295c82 (big blind) folded before Flop
Seat 4: Hero folded before Flop (didn't bet)
Seat 5: faea57b1 (button) collected ($0.25)
Seat 6: 41fd851d (small blind) folded before Flop


Poker Hand #HD1860554482: Hold'em No Limit ($0.05/$0.1) - 2024/07/17 11:57:59
Table 'NLHRed56' 6-max Seat #4 is the button
Seat 1: ac295c82 ($15.07 in chips)
Seat 3: 2a949257 ($15.8 in chips)
Seat 4: Hero ($10.32 in chips)
Seat 5: faea57b1 ($4.9 in chips)
Seat 6: 41fd851d ($10.49 in chips)
faea57b1: posts small blind $0.05
41fd851d: posts big blind $0.1
*** HOLE CARDS ***
Dealt to ac295c82 
Dealt to 2a949257 
Dealt to Hero [6s Ts]
Dealt to faea57b1 
Dealt to 41fd851d 
ac295c82: folds
2a949257: folds
Hero: folds
faea57b1: calls $0.05
41fd851d: raises $0.3 to $0.4
faea57b1: calls $0.3
*** FLOP *** [3d 4c 8d]
faea57b1: bets $0.4
41fd851d: raises $0.8 to $1.2
faea57b1: folds
Uncalled bet ($0.8) returned to 41fd851d
*** SHOWDOWN ***
41fd851d collected $1.52 from pot
*** SUMMARY ***
Total pot $1.6 | Rake $0.08 | Jackpot $0 | Bingo $0 | Fortune $0 | Tax $0
Board [3d 4c 8d]
Seat 1: ac295c82 folded before Flop (didn't bet)
Seat 3: 2a949257 folded before Flop (didn't bet)
Seat 4: Hero (button) folded before Flop (didn't bet)
Seat 5: faea57b1 (small blind) folded on the Flop
Seat 6: 41fd851d (big blind) won ($1.52)


Poker Hand #HD1860554411: Hold'em No Limit ($0.05/$0.1) - 2024/07/17 11:57:19
Table 'NLHRed56' 6-max Seat #3 is the button
Seat 1: ac295c82 ($15.07 in chips)
Seat 3: 2a949257 ($16.05 in chips)
Seat 4: Hero ($10 in chips)
Seat 5: faea57b1 ($5 in chips)
Seat 6: 41fd851d ($10.49 in chips)
Hero: posts small blind $0.05
faea57b1: posts big blind $0.1
*** HOLE CARDS ***
Dealt to ac295c82 
Dealt to 2a949257 
Dealt to Hero [Kc Ks]
Dealt to faea57b1 
Dealt to 41fd851d 
41fd851d: folds
ac295c82: folds
2a949257: raises $0.15 to $0.25
Hero: raises $0.95 to $1.2
faea57b1: folds
2a949257: folds
Uncalled bet ($0.95) returned to Hero
*** SHOWDOWN ***
Hero collected $0.57 from pot
*** SUMMARY ***
Total pot $0.6 | Rake $0.03 | Jackpot $0 | Bingo $0 | Fortune $0 | Tax $0
Seat 1: ac295c82 folded before Flop (didn't bet)
Seat 3: 2a949257 (button) folded before Flop
Seat 4: Hero (small blind) collected ($0.57)
Seat 5: faea57b1 (big blind) folded before Flop
Seat 6: 41fd851d folded before Flop (didn't bet)


Poker Hand #HD1860554357: Hold'em No Limit ($0.05/$0.1) - 2024/07/17 11:56:51
Table 'NLHRed56' 6-max Seat #1 is the button
Seat 1: ac295c82 ($15.07 in chips)
Seat 3: 2a949257 ($15.78 in chips)
Seat 4: Hero ($10 in chips)
Seat 6: 41fd851d ($10.49 in chips)
2a949257: posts small blind $0.05
Hero: posts big blind $0.1
*** HOLE CARDS ***
Dealt to ac295c82 
Dealt to 2a949257 
Dealt to Hero [8s As]
Dealt to 41fd851d 
41fd851d: folds
ac295c82: folds
2a949257: raises $0.2 to $0.3
Hero: calls $0.2
*** FLOP *** [3h 6h Jd]
2a949257: bets $0.15
Hero: folds
Uncalled bet ($0.15) returned to 2a949257
*** SHOWDOWN ***
2a949257 collected $0.57 from pot
*** SUMMARY ***
Total pot $0.6 | Rake $0.03 | Jackpot $0 | Bingo $0 | Fortune $0 | Tax $0
Board [3h 6h Jd]
Seat 1: ac295c82 (button) folded before Flop (didn't bet)
Seat 3: 2a949257 (small blind) won ($0.57)
Seat 4: Hero (big blind) folded on the Flop
Seat 6: 41fd851d folded before Flop (didn't bet)


Poker Hand #HD1860554333: Hold'em No Limit ($0.05/$0.1) - 2024/07/17 11:56:36
Table 'NLHRed56' 6-max Seat #6 is the button
Seat 1: ac295c82 ($15.12 in chips)
Seat 3: 2a949257 ($15.88 in chips)
Seat 4: Hero ($10 in chips)
Seat 6: 41fd851d ($10.34 in chips)
ac295c82: posts small blind $0.05
2a949257: posts big blind $0.1
*** HOLE CARDS ***
Dealt to ac295c82 
Dealt to 2a949257 
Dealt to Hero [9d 2s]
Dealt to 41fd851d 
Hero: folds
41fd851d: raises $0.15 to $0.25
ac295c82: folds
2a949257: folds
Uncalled bet ($0.15) returned to 41fd851d
*** SHOWDOWN ***
41fd851d collected $0.25 from pot
*** SUMMARY ***
Total pot $0.25 | Rake $0 | Jackpot $0 | Bingo $0 | Fortune $0 | Tax $0
Seat 1: ac295c82 (small blind) folded before Flop
Seat 3: 2a949257 (big blind) folded before Flop
Seat 4: Hero folded before Flop (didn't bet)
Seat 6: 41fd851d (button) collected ($0.25)


Poker Hand #HD1860554297: Hold'em No Limit ($0.05/$0.1) - 2024/07/17 11:56:11
Table 'NLHRed56' 6-max Seat #4 is the button
Seat 1: ac295c82 ($15.22 in chips)
Seat 3: 2a949257 ($15.88 in chips)
Seat 4: Hero ($10 in chips)
Seat 6: 41fd851d ($10.24 in chips)
41fd851d: posts small blind $0.05
ac295c82: posts big blind $0.1
*** HOLE CARDS ***
Dealt to ac295c82 
Dealt to 2a949257 
Dealt to Hero [Ks 2h]
Dealt to 41fd851d 
2a949257: folds
Hero: folds
41fd851d: raises $0.2 to $0.3
ac295c82: folds
Uncalled bet ($0.2) returned to 41fd851d
*** SHOWDOWN ***
41fd851d collected $0.2 from pot
*** SUMMARY ***
Total pot $0.2 | Rake $0 | Jackpot $0 | Bingo $0 | Fortune $0 | Tax $0
Seat 1: ac295c82 (big blind) folded before Flop
Seat 3: 2a949257 folded before Flop (didn't bet)
Seat 4: Hero (button) folded before Flop (didn't bet)
Seat 6: 41fd851d (small blind) collected ($0.2)


Poker Hand #HD1860554189: Hold'em No Limit ($0.05/$0.1) - 2024/07/17 11:55:08
Table 'NLHRed56' 6-max Seat #3 is the button
Seat 1: ac295c82 ($15.22 in chips)
Seat 3: 2a949257 ($15.48 in chips)
Seat 4: Hero ($10.05 in chips)
Seat 5: 88e66522 ($4.34 in chips)
Seat 6: 41fd851d ($10.24 in chips)
Hero: posts small blind $0.05
88e66522: posts big blind $0.1
*** HOLE CARDS ***
Dealt to ac295c82 
Dealt to 2a949257 
Dealt to Hero [As 3c]
Dealt to 88e66522 
Dealt to 41fd851d 
41fd851d: folds
ac295c82: folds
2a949257: raises $0.15 to $0.25
Hero: folds
88e66522: calls $0.15
*** FLOP *** [Tc 2s 8s]
88e66522: checks
2a949257: bets $0.14
88e66522: calls $0.14
*** TURN *** [Tc 2s 8s] [Ah]
88e66522: checks
2a949257: checks
*** RIVER *** [Tc 2s 8s Ah] [9d]
88e66522: checks
2a949257: checks
88e66522: shows [Js 2h] (Pair of Twos)
2a949257: shows [6h 6s] (Pair of Sixes)
*** SHOWDOWN ***
2a949257 collected $0.79 from pot
*** SUMMARY ***
Total pot $0.83 | Rake $0.04 | Jackpot $0 | Bingo $0 | Fortune $0 | Tax $0
Board [Tc 2s 8s Ah 9d]
Seat 1: ac295c82 folded before Flop (didn't bet)
Seat 3: 2a949257 (button) showed [6h 6s] and won ($0.79) with Pair of Sixes
Seat 4: Hero (small blind) folded before Flop
Seat 5: 88e66522 (big blind) showed [Js 2h] and lost with Pair of Twos
Seat 6: 41fd851d folded before Flop (didn't bet)


Poker Hand #HD1860554072: Hold'em No Limit ($0.05/$0.1) - 2024/07/17 11:54:01
Table 'NLHRed56' 6-max Seat #2 is the button
Seat 1: ac295c82 ($15.22 in chips)
Seat 2: d899e996 ($18.39 in chips)
Seat 3: 2a949257 ($15.53 in chips)
Seat 4: Hero ($10 in chips)
Seat 5: 88e66522 ($4.34 in chips)
Seat 6: 41fd851d ($10.24 in chips)
2a949257: posts small blind $0.05
Hero: posts big blind $0.1
*** HOLE CARDS ***
Dealt to ac295c82 
Dealt to d899e996 
Dealt to 2a949257 
Dealt to Hero [9h 5s]
Dealt to 88e66522 
Dealt to 41fd851d 
88e66522: folds
41fd851d: folds
ac295c82: folds
d899e996: folds
2a949257: folds
Uncalled bet ($0.05) returned to Hero
*** SHOWDOWN ***
Hero collected $0.1 from pot
*** SUMMARY ***
Total pot $0.1 | Rake $0 | Jackpot $0 | Bingo $0 | Fortune $0 | Tax $0
Seat 1: ac295c82 folded before Flop (didn't bet)
Seat 2: d899e996 (button) folded before Flop (didn't bet)
Seat 3: 2a949257 (small blind) folded before Flop
Seat 4: Hero (big blind) collected ($0.1)
Seat 5: 88e66522 folded before Flop (didn't bet)
Seat 6: 41fd851d folded before Flop (didn't bet)


Poker Hand #HD1860554011: Hold'em No Limit ($0.05/$0.1) - 2024/07/17 11:53:30
Table 'NLHRed56' 6-max Seat #1 is the button
Seat 1: ac295c82 ($15.22 in chips)
Seat 2: d899e996 ($18.44 in chips)
Seat 3: 2a949257 ($15.63 in chips)
Seat 4: Hero ($10 in chips)
Seat 5: 88e66522 ($4.44 in chips)
Seat 6: 41fd851d ($10 in chips)
d899e996: posts small blind $0.05
2a949257: posts big blind $0.1
*** HOLE CARDS ***
Dealt to ac295c82 
Dealt to d899e996 
Dealt to 2a949257 
Dealt to Hero [Th Js]
Dealt to 88e66522 
Dealt to 41fd851d 
Hero: folds
88e66522: calls $0.1
41fd851d: raises $0.4 to $0.5
ac295c82: folds
d899e996: folds
2a949257: folds
88e66522: folds
Uncalled bet ($0.4) returned to 41fd851d
*** SHOWDOWN ***
41fd851d collected $0.34 from pot
*** SUMMARY ***
Total pot $0.35 | Rake $0.01 | Jackpot $0 | Bingo $0 | Fortune $0 | Tax $0
Seat 1: ac295c82 (button) folded before Flop (didn't bet)
Seat 2: d899e996 (small blind) folded before Flop
Seat 3: 2a949257 (big blind) folded before Flop
Seat 4: Hero folded before Flop (didn't bet)
Seat 5: 88e66522 folded before Flop
Seat 6: 41fd851d collected ($0.34)


Poker Hand #HD1860553900: Hold'em No Limit ($0.05/$0.1) - 2024/07/17 11:52:30
Table 'NLHRed56' 6-max Seat #6 is the button
Seat 1: ac295c82 ($15.27 in chips)
Seat 2: d899e996 ($18.97 in chips)
Seat 3: 2a949257 ($15.1 in chips)
Seat 4: Hero ($10 in chips)
Seat 5: 88e66522 ($4.44 in chips)
Seat 6: 41fd851d ($10 in chips)
ac295c82: posts small blind $0.05
d899e996: posts big blind $0.1
*** HOLE CARDS ***
Dealt to ac295c82 
Dealt to d899e996 
Dealt to 2a949257 
Dealt to Hero [5s 7d]
Dealt to 88e66522 
Dealt to 41fd851d 
2a949257: raises $0.15 to $0.25
Hero: folds
88e66522: folds
41fd851d: folds
ac295c82: folds
d899e996: calls $0.15
*** FLOP *** [Jh Qs 2h]
d899e996: checks
2a949257: checks
*** TURN *** [Jh Qs 2h] [7s]
d899e996: checks
2a949257: bets $0.28
d899e996: calls $0.28
*** RIVER *** [Jh Qs 2h 7s] [Ac]
d899e996: checks
2a949257: checks
d899e996: shows [8c 7c] (Pair of Sevens)
2a949257: shows [Td Tc] (Pair of Tens)
*** SHOWDOWN ***
2a949257 collected $1.06 from pot
*** SUMMARY ***
Total pot $1.11 | Rake $0.05 | Jackpot $0 | Bingo $0 | Fortune $0 | Tax $0
Board [Jh Qs 2h 7s Ac]
Seat 1: ac295c82 (small blind) folded before Flop
Seat 2: d899e996 (big blind) showed [8c 7c] and lost with Pair of Sevens
Seat 3: 2a949257 showed [Td Tc] and won ($1.06) with Pair of Tens
Seat 4: Hero folded before Flop (didn't bet)
Seat 5: 88e66522 folded before Flop (didn't bet)
Seat 6: 41fd851d (button) folded before Flop (didn't bet)


Poker Hand #HD1860553865: Hold'em No Limit ($0.05/$0.1) - 2024/07/17 11:52:12
Table 'NLHRed56' 6-max Seat #5 is the button
Seat 1: ac295c82 ($15.37 in chips)
Seat 2: d899e996 ($18.97 in chips)
Seat 3: 2a949257 ($14.95 in chips)
Seat 4: Hero ($10 in chips)
Seat 5: 88e66522 ($4.44 in chips)
Seat 6: 41fd851d ($10.05 in chips)
41fd851d: posts small blind $0.05
ac295c82: posts big blind $0.1
*** HOLE CARDS ***
Dealt to ac295c82 
Dealt to d899e996 
Dealt to 2a949257 
Dealt to Hero [3c 7d]
Dealt to 88e66522 
Dealt to 41fd851d 
d899e996: folds
2a949257: raises $0.15 to $0.25
Hero: folds
88e66522: folds
41fd851d: folds
ac295c82: folds
Uncalled bet ($0.15) returned to 2a949257
*** SHOWDOWN ***
2a949257 collected $0.25 from pot
*** SUMMARY ***
Total pot $0.25 | Rake $0 | Jackpot $0 | Bingo $0 | Fortune $0 | Tax $0
Seat 1: ac295c82 (big blind) folded before Flop
Seat 2: d899e996 folded before Flop (didn't bet)
Seat 3: 2a949257 collected ($0.25)
Seat 4: Hero folded before Flop (didn't bet)
Seat 5: 88e66522 (button) folded before Flop (didn't bet)
Seat 6: 41fd851d (small blind) folded before Flop


Poker Hand #HD1860553830: Hold'em No Limit ($0.05/$0.1) - 2024/07/17 11:51:57
Table 'NLHRed56' 6-max Seat #4 is the button
Seat 1: ac295c82 ($15.37 in chips)
Seat 2: d899e996 ($18.97 in chips)
Seat 3: 2a949257 ($14.95 in chips)
Seat 4: Hero ($10 in chips)
Seat 5: 88e66522 ($4.49 in chips)
Seat 6: 41fd851d ($10 in chips)
88e66522: posts small blind $0.05
41fd851d: posts big blind $0.1
*** HOLE CARDS ***
Dealt to ac295c82 
Dealt to d899e996 
Dealt to 2a949257 
Dealt to Hero [5s Qd]
Dealt to 88e66522 
Dealt to 41fd851d 
ac295c82: folds
d899e996: folds
2a949257: folds
Hero: folds
88e66522: folds
Uncalled bet ($0.05) returned to 41fd851d
*** SHOWDOWN ***
41fd851d collected $0.1 from pot
*** SUMMARY ***
Total pot $0.1 | Rake $0 | Jackpot $0 | Bingo $0 | Fortune $0 | Tax $0
Seat 1: ac295c82 folded before Flop (didn't bet)
Seat 2: d899e996 folded before Flop (didn't bet)
Seat 3: 2a949257 folded before Flop (didn't bet)
Seat 4: Hero (button) folded before Flop (didn't bet)
Seat 5: 88e66522 (small blind) folded before Flop
Seat 6: 41fd851d (big blind) collected ($0.1)


Poker Hand #HD1860553805: Hold'em No Limit ($0.05/$0.1) - 2024/07/17 11:51:41
Table 'NLHRed56' 6-max Seat #3 is the button
Seat 1: ac295c82 ($15.37 in chips)
Seat 2: d899e996 ($18.97 in chips)
Seat 3: 2a949257 ($14.95 in chips)
Seat 4: Hero ($10 in chips)
Seat 5: 88e66522 ($4.44 in chips)
Seat 6: 41fd851d ($10 in chips)
Hero: posts small blind $0.05
88e66522: posts big blind $0.1
*** HOLE CARDS ***
Dealt to ac295c82 
Dealt to d899e996 
Dealt to 2a949257 
Dealt to Hero [7c 3h]
Dealt to 88e66522 
Dealt to 41fd851d 
41fd851d: folds
ac295c82: folds
d899e996: folds
2a949257: folds
Hero: folds
Uncalled bet ($0.05) returned to 88e66522
*** SHOWDOWN ***
88e66522 collected $0.1 from pot
*** SUMMARY ***
Total pot $0.1 | Rake $0 | Jackpot $0 | Bingo $0 | Fortune $0 | Tax $0
Seat 1: ac295c82 folded before Flop (didn't bet)
Seat 2: d899e996 folded before Flop (didn't bet)
Seat 3: 2a949257 (button) folded before Flop (didn't bet)
Seat 4: Hero (small blind) folded before Flop
Seat 5: 88e66522 (big blind) collected ($0.1)
Seat 6: 41fd851d folded before Flop (didn't bet)


Poker Hand #HD1860553700: Hold'em No Limit ($0.05/$0.1) - 2024/07/17 11:50:52
Table 'NLHRed56' 6-max Seat #2 is the button
Seat 1: ac295c82 ($14.68 in chips)
Seat 2: d899e996 ($18.97 in chips)
Seat 3: 2a949257 ($15 in chips)
Seat 4: Hero ($10 in chips)
Seat 5: 88e66522 ($5.04 in chips)
Seat 6: 41fd851d ($10 in chips)
2a949257: posts small blind $0.05
Hero: posts big blind $0.1
*** HOLE CARDS ***
Dealt to ac295c82 
Dealt to d899e996 
Dealt to 2a949257 
Dealt to Hero [Th 4c]
Dealt to 88e66522 
Dealt to 41fd851d 
88e66522: raises $0.1 to $0.2
41fd851d: folds
ac295c82: raises $0.4 to $0.6
d899e996: folds
2a949257: folds
Hero: folds
88e66522: calls $0.4
*** FLOP *** [Qd 7d 8c]
88e66522: checks
ac295c82: bets $0.9
88e66522: folds
Uncalled bet ($0.9) returned to ac295c82
*** SHOWDOWN ***
ac295c82 collected $1.29 from pot
*** SUMMARY ***
Total pot $1.35 | Rake $0.06 | Jackpot $0 | Bingo $0 | Fortune $0 | Tax $0
Board [Qd 7d 8c]
Seat 1: ac295c82 won ($1.29)
Seat 2: d899e996 (button) folded before Flop (didn't bet)
Seat 3: 2a949257 (small blind) folded before Flop
Seat 4: Hero (big blind) folded before Flop
Seat 5: 88e66522 folded on the Flop
Seat 6: 41fd851d folded before Flop (didn't bet)


Poker Hand #HD1860553539: Hold'em No Limit ($0.05/$0.1) - 2024/07/17 11:49:28
Table 'NLHRed56' 6-max Seat #1 is the button
Seat 1: ac295c82 ($14.68 in chips)
Seat 2: d899e996 ($17.44 in chips)
Seat 3: 2a949257 ($16.8 in chips)
Seat 4: Hero ($10 in chips)
Seat 5: 88e66522 ($5.04 in chips)
Seat 6: 41fd851d ($10 in chips)
d899e996: posts small blind $0.05
2a949257: posts big blind $0.1
*** HOLE CARDS ***
Dealt to ac295c82 
Dealt to d899e996 
Dealt to 2a949257 
Dealt to Hero [Kc 5c]
Dealt to 88e66522 
Dealt to 41fd851d 
Hero: folds
88e66522: folds
41fd851d: folds
ac295c82: folds
d899e996: raises $0.2 to $0.3
2a949257: raises $0.6 to $0.9
d899e996: calls $0.6
*** FLOP *** [9h 6h 4d]
d899e996: checks
2a949257: bets $0.9
d899e996: calls $0.9
*** TURN *** [9h 6h 4d] [4c]
d899e996: checks
2a949257: checks
*** RIVER *** [9h 6h 4d 4c] [3d]
d899e996: checks
2a949257: checks
d899e996: shows [3s 5s] (Pair of Fours and Pair of Treys)
2a949257: shows [Ks Jc] (Pair of Fours)
*** SHOWDOWN ***
d899e996 collected $3.33 from pot
*** SUMMARY ***
Total pot $3.6 | Rake $0.17 | Jackpot $0.1 | Bingo $0 | Fortune $0 | Tax $0
Board [9h 6h 4d 4c 3d]
Seat 1: ac295c82 (button) folded before Flop (didn't bet)
Seat 2: d899e996 (small blind) showed [3s 5s] and won ($3.33) with Pair of Fours and Pair of Treys
Seat 3: 2a949257 (big blind) showed [Ks Jc] and lost with Pair of Fours
Seat 4: Hero folded before Flop (didn't bet)
Seat 5: 88e66522 folded before Flop (didn't bet)
Seat 6: 41fd851d folded before Flop (didn't bet)


Poker Hand #HD1860553457: Hold'em No Limit ($0.05/$0.1) - 2024/07/17 11:48:46
Table 'NLHRed56' 6-max Seat #6 is the button
Seat 1: ac295c82 ($14.73 in chips)
Seat 2: d899e996 ($17.54 in chips)
Seat 4: Hero ($10.14 in chips)
Seat 5: 88e66522 ($4.71 in chips)
Seat 6: 41fd851d ($10 in chips)
ac295c82: posts small blind $0.05
d899e996: posts big blind $0.1
*** HOLE CARDS ***
Dealt to ac295c82 
Dealt to d899e996 
Dealt to Hero [Js Ah]
Dealt to 88e66522 
Dealt to 41fd851d 
Hero: raises $0.1 to $0.2
88e66522: calls $0.2
41fd851d: folds
ac295c82: folds
d899e996: folds
*** FLOP *** [Qd 4h 6c]
Hero: checks
88e66522: bets $0.28
Hero: folds
Uncalled bet ($0.28) returned to 88e66522
*** SHOWDOWN ***
88e66522 collected $0.53 from pot
*** SUMMARY ***
Total pot $0.55 | Rake $0.02 | Jackpot $0 | Bingo $0 | Fortune $0 | Tax $0
Board [Qd 4h 6c]
Seat 1: ac295c82 (small blind) folded before Flop
Seat 2: d899e996 (big blind) folded before Flop
Seat 4: Hero folded on the Flop
Seat 5: 88e66522 won ($0.53)
Seat 6: 41fd851d (button) folded before Flop (didn't bet)


Poker Hand #HD1860553334: Hold'em No Limit ($0.05/$0.1) - 2024/07/17 11:47:40
Table 'NLHRed56' 6-max Seat #5 is the button
Seat 1: ac295c82 ($14.83 in chips)
Seat 2: d899e996 ($17.93 in chips)
Seat 4: Hero ($10.14 in chips)
Seat 5: 88e66522 ($4.21 in chips)
Seat 6: 41fd851d ($10 in chips)
41fd851d: posts small blind $0.05
ac295c82: posts big blind $0.1
*** HOLE CARDS ***
Dealt to ac295c82 
Dealt to d899e996 
Dealt to Hero [2h 9c]
Dealt to 88e66522 
Dealt to 41fd851d 
d899e996: raises $0.1 to $0.2
Hero: folds
88e66522: calls $0.2
41fd851d: folds
ac295c82: folds
*** FLOP *** [6h Tc 9d]
d899e996: checks
88e66522: bets $0.19
d899e996: calls $0.19
*** TURN *** [6h Tc 9d] [Kc]
d899e996: checks
88e66522: checks
*** RIVER *** [6h Tc 9d Kc] [5c]
d899e996: checks
88e66522: checks
d899e996: shows [9h Jh] (Pair of Nines)
88e66522: shows [Js Ts] (Pair of Tens)
*** SHOWDOWN ***
88e66522 collected $0.89 from pot
*** SUMMARY ***
Total pot $0.93 | Rake $0.04 | Jackpot $0 | Bingo $0 | Fortune $0 | Tax $0
Board [6h Tc 9d Kc 5c]
Seat 1: ac295c82 (big blind) folded before Flop
Seat 2: d899e996 showed [9h Jh] and lost with Pair of Nines
Seat 4: Hero folded before Flop (didn't bet)
Seat 5: 88e66522 (button) showed [Js Ts] and won ($0.89) with Pair of Tens
Seat 6: 41fd851d (small blind) folded before Flop


Poker Hand #HD1860553292: Hold'em No Limit ($0.05/$0.1) - 2024/07/17 11:47:24
Table 'NLHRed56' 6-max Seat #4 is the button
Seat 1: ac295c82 ($14.83 in chips)
Seat 2: d899e996 ($17.93 in chips)
Seat 4: Hero ($10.14 in chips)
Seat 5: 88e66522 ($4.11 in chips)
Seat 6: 41fd851d ($10 in chips)
88e66522: posts small blind $0.05
41fd851d: posts big blind $0.1
*** HOLE CARDS ***
Dealt to ac295c82 
Dealt to d899e996 
Dealt to Hero [6h 3c]
Dealt to 88e66522 
Dealt to 41fd851d 
ac295c82: folds
d899e996: folds
Hero: folds
88e66522: raises $0.2 to $0.3
41fd851d: folds
Uncalled bet ($0.2) returned to 88e66522
*** SHOWDOWN ***
88e66522 collected $0.2 from pot
*** SUMMARY ***
Total pot $0.2 | Rake $0 | Jackpot $0 | Bingo $0 | Fortune $0 | Tax $0
Seat 1: ac295c82 folded before Flop (didn't bet)
Seat 2: d899e996 folded before Flop (didn't bet)
Seat 4: Hero (button) folded before Flop (didn't bet)
Seat 5: 88e66522 (small blind) collected ($0.2)
Seat 6: 41fd851d (big blind) folded before Flop


Poker Hand #HD1860553276: Hold'em No Limit ($0.05/$0.1) - 2024/07/17 11:47:15
Table 'NLHRed56' 6-max Seat #2 is the button
Seat 1: ac295c82 ($14.83 in chips)
Seat 2: d899e996 ($17.93 in chips)
Seat 4: Hero ($10.19 in chips)
Seat 5: 88e66522 ($4.06 in chips)
Seat 6: 41fd851d ($10 in chips)
Hero: posts small blind $0.05
88e66522: posts big blind $0.1
*** HOLE CARDS ***
Dealt to ac295c82 
Dealt to d899e996 
Dealt to Hero [Ks 3d]
Dealt to 88e66522 
Dealt to 41fd851d 
41fd851d: folds
ac295c82: folds
d899e996: folds
Hero: folds
Uncalled bet ($0.05) returned to 88e66522
*** SHOWDOWN ***
88e66522 collected $0.1 from pot
*** SUMMARY ***
Total pot $0.1 | Rake $0 | Jackpot $0 | Bingo $0 | Fortune $0 | Tax $0
Seat 1: ac295c82 folded before Flop (didn't bet)
Seat 2: d899e996 (button) folded before Flop (didn't bet)
Seat 4: Hero (small blind) folded before Flop
Seat 5: 88e66522 (big blind) collected ($0.1)
Seat 6: 41fd851d folded before Flop (didn't bet)


Poker Hand #HD1860553179: Hold'em No Limit ($0.05/$0.1) - 2024/07/17 11:46:21
Table 'NLHRed56' 6-max Seat #1 is the button
Seat 1: ac295c82 ($14.83 in chips)
Seat 2: d899e996 ($18.03 in chips)
Seat 4: Hero ($10 in chips)
Seat 5: 88e66522 ($4.16 in chips)
Seat 6: 41fd851d ($10 in chips)
d899e996: posts small blind $0.05
Hero: posts big blind $0.1
*** HOLE CARDS ***
Dealt to ac295c82 
Dealt to d899e996 
Dealt to Hero [3d 6h]
Dealt to 88e66522 
Dealt to 41fd851d 
88e66522: calls $0.1
41fd851d: folds
ac295c82: folds
d899e996: calls $0.05
Hero: checks
*** FLOP *** [5h Ac 7s]
d899e996: checks
Hero: checks
88e66522: checks
*** TURN *** [5h Ac 7s] [Th]
d899e996: checks
Hero: bets $0.2
88e66522: folds
d899e996: folds
Uncalled bet ($0.2) returned to Hero
*** SHOWDOWN ***
Hero collected $0.29 from pot
*** SUMMARY ***
Total pot $0.3 | Rake $0.01 | Jackpot $0 | Bingo $0 | Fortune $0 | Tax $0
Board [5h Ac 7s Th]
Seat 1: ac295c82 (button) folded before Flop (didn't bet)
Seat 2: d899e996 (small blind) folded on the Turn
Seat 4: Hero (big blind) won ($0.29)
Seat 5: 88e66522 folded on the Turn
Seat 6: 41fd851d folded before Flop (didn't bet)


