Poker Hand #HD1782020607: Hold'em No Limit ($0.05/$0.1) - 2024/05/21 16:10:27
Table 'NLHRed12' 6-max Seat #1 is the button
Seat 1: 622314c4 ($12.43 in chips)
Seat 2: d31e46fe ($26.41 in chips)
Seat 4: 966d487c ($10 in chips)
Seat 6: Hero ($10.37 in chips)
d31e46fe: posts small blind $0.05
966d487c: posts big blind $0.1
*** HOLE CARDS ***
Dealt to 622314c4 
Dealt to d31e46fe 
Dealt to 966d487c 
Dealt to Hero [Kd 8h]
Hero: folds
622314c4: folds
d31e46fe: raises $0.2 to $0.3
966d487c: folds
Uncalled bet ($0.2) returned to d31e46fe
*** SHOWDOWN ***
d31e46fe collected $0.2 from pot
*** SUMMARY ***
Total pot $0.2 | Rake $0 | Jackpot $0 | Bingo $0 | Fortune $0 | Tax $0
Seat 1: 622314c4 (button) folded before Flop (didn't bet)
Seat 2: d31e46fe (small blind) collected ($0.2)
Seat 4: 966d487c (big blind) folded before Flop
Seat 6: Hero folded before Flop (didn't bet)


Poker Hand #HD1782020578: Hold'em No Limit ($0.05/$0.1) - 2024/05/21 16:10:13
Table 'NLHRed12' 6-max Seat #6 is the button
Seat 1: 622314c4 ($12.48 in chips)
Seat 2: d31e46fe ($26.36 in chips)
Seat 3: ad038f0c ($11.17 in chips)
Seat 4: 966d487c ($10 in chips)
Seat 6: Hero ($10.37 in chips)
622314c4: posts small blind $0.05
d31e46fe: posts big blind $0.1
*** HOLE CARDS ***
Dealt to 622314c4 
Dealt to d31e46fe 
Dealt to ad038f0c 
Dealt to 966d487c 
Dealt to Hero [7c Js]
ad038f0c: folds
966d487c: folds
Hero: folds
622314c4: folds
Uncalled bet ($0.05) returned to d31e46fe
*** SHOWDOWN ***
d31e46fe collected $0.1 from pot
*** SUMMARY ***
Total pot $0.1 | Rake $0 | Jackpot $0 | Bingo $0 | Fortune $0 | Tax $0
Seat 1: 622314c4 (small blind) folded before Flop
Seat 2: d31e46fe (big blind) collected ($0.1)
Seat 3: ad038f0c folded before Flop (didn't bet)
Seat 4: 966d487c folded before Flop (didn't bet)
Seat 6: Hero (button) folded before Flop (didn't bet)


Poker Hand #HD1782020552: Hold'em No Limit ($0.05/$0.1) - 2024/05/21 16:10:01
Table 'NLHRed12' 6-max Seat #5 is the button
Seat 1: 622314c4 ($12.43 in chips)
Seat 2: d31e46fe ($26.36 in chips)
Seat 3: ad038f0c ($11.17 in chips)
Seat 4: 966d487c ($10 in chips)
Seat 5: 53cdae7b ($9.17 in chips)
Seat 6: Hero ($10.42 in chips)
Hero: posts small blind $0.05
622314c4: posts big blind $0.1
*** HOLE CARDS ***
Dealt to 622314c4 
Dealt to d31e46fe 
Dealt to ad038f0c 
Dealt to 966d487c 
Dealt to 53cdae7b 
Dealt to Hero [8d 9c]
d31e46fe: folds
ad038f0c: folds
966d487c: folds
53cdae7b: folds
Hero: folds
Uncalled bet ($0.05) returned to 622314c4
*** SHOWDOWN ***
622314c4 collected $0.1 from pot
*** SUMMARY ***
Total pot $0.1 | Rake $0 | Jackpot $0 | Bingo $0 | Fortune $0 | Tax $0
Seat 1: 622314c4 (big blind) collected ($0.1)
Seat 2: d31e46fe folded before Flop (didn't bet)
Seat 3: ad038f0c folded before Flop (didn't bet)
Seat 4: 966d487c folded before Flop (didn't bet)
Seat 5: 53cdae7b (button) folded before Flop (didn't bet)
Seat 6: Hero (small blind) folded before Flop


Poker Hand #HD1782020421: Hold'em No Limit ($0.05/$0.1) - 2024/05/21 16:08:56
Table 'NLHRed12' 6-max Seat #4 is the button
Seat 1: 622314c4 ($12.43 in chips)
Seat 2: d31e46fe ($26.36 in chips)
Seat 3: ad038f0c ($10.28 in chips)
Seat 4: 966d487c ($10 in chips)
Seat 5: 53cdae7b ($10.05 in chips)
Seat 6: Hero ($10.52 in chips)
53cdae7b: posts small blind $0.05
Hero: posts big blind $0.1
*** HOLE CARDS ***
Dealt to 622314c4 
Dealt to d31e46fe 
Dealt to ad038f0c 
Dealt to 966d487c 
Dealt to 53cdae7b 
Dealt to Hero [5h Kd]
622314c4: folds
d31e46fe: folds
ad038f0c: raises $0.14 to $0.24
966d487c: folds
53cdae7b: calls $0.19
Hero: folds
*** FLOP *** [7d 4h 5s]
53cdae7b: checks
ad038f0c: bets $0.29
53cdae7b: calls $0.29
*** TURN *** [7d 4h 5s] [6d]
53cdae7b: checks
ad038f0c: bets $0.35
53cdae7b: calls $0.35
*** RIVER *** [7d 4h 5s 6d] [7s]
53cdae7b: checks
ad038f0c: checks
53cdae7b: shows [6s Ah] (Pair of Sevens and Pair of Sixes)
ad038f0c: shows [9h 9c] (Pair of Nines and Pair of Sevens)
*** SHOWDOWN ***
ad038f0c collected $1.77 from pot
*** SUMMARY ***
Total pot $1.86 | Rake $0.09 | Jackpot $0 | Bingo $0 | Fortune $0 | Tax $0
Board [7d 4h 5s 6d 7s]
Seat 1: 622314c4 folded before Flop (didn't bet)
Seat 2: d31e46fe folded before Flop (didn't bet)
Seat 3: ad038f0c showed [9h 9c] and won ($1.77) with Pair of Nines and Pair of Sevens
Seat 4: 966d487c (button) folded before Flop (didn't bet)
Seat 5: 53cdae7b (small blind) showed [6s Ah] and lost with Pair of Sevens and Pair of Sixes
Seat 6: Hero (big blind) folded before Flop


Poker Hand #HD1782020368: Hold'em No Limit ($0.05/$0.1) - 2024/05/21 16:08:30
Table 'NLHRed12' 6-max Seat #3 is the button
Seat 1: 622314c4 ($12.28 in chips)
Seat 2: d31e46fe ($26.36 in chips)
Seat 3: ad038f0c ($10.28 in chips)
Seat 4: 966d487c ($10 in chips)
Seat 5: 53cdae7b ($10.15 in chips)
Seat 6: Hero ($10.52 in chips)
966d487c: posts small blind $0.05
53cdae7b: posts big blind $0.1
*** HOLE CARDS ***
Dealt to 622314c4 
Dealt to d31e46fe 
Dealt to ad038f0c 
Dealt to 966d487c 
Dealt to 53cdae7b 
Dealt to Hero [6s 9h]
Hero: folds
622314c4: raises $0.2 to $0.3
d31e46fe: folds
ad038f0c: folds
966d487c: folds
53cdae7b: folds
Uncalled bet ($0.2) returned to 622314c4
*** SHOWDOWN ***
622314c4 collected $0.25 from pot
*** SUMMARY ***
Total pot $0.25 | Rake $0 | Jackpot $0 | Bingo $0 | Fortune $0 | Tax $0
Seat 1: 622314c4 collected ($0.25)
Seat 2: d31e46fe folded before Flop (didn't bet)
Seat 3: ad038f0c (button) folded before Flop (didn't bet)
Seat 4: 966d487c (small blind) folded before Flop
Seat 5: 53cdae7b (big blind) folded before Flop
Seat 6: Hero folded before Flop (didn't bet)


Poker Hand #HD1782020275: Hold'em No Limit ($0.05/$0.1) - 2024/05/21 16:07:41
Table 'NLHRed12' 6-max Seat #2 is the button
Seat 1: 622314c4 ($12.28 in chips)
Seat 2: d31e46fe ($26.36 in chips)
Seat 3: ad038f0c ($10 in chips)
Seat 4: 966d487c ($10 in chips)
Seat 5: 53cdae7b ($10.15 in chips)
Seat 6: Hero ($10.72 in chips)
ad038f0c: posts small blind $0.05
966d487c: posts big blind $0.1
*** HOLE CARDS ***
Dealt to 622314c4 
Dealt to d31e46fe 
Dealt to ad038f0c 
Dealt to 966d487c 
Dealt to 53cdae7b 
Dealt to Hero [8s 9s]
53cdae7b: folds
Hero: raises $0.1 to $0.2
622314c4: folds
d31e46fe: folds
ad038f0c: raises $0.58 to $0.78
966d487c: folds
Hero: folds
Uncalled bet ($0.58) returned to ad038f0c
*** SHOWDOWN ***
ad038f0c collected $0.48 from pot
*** SUMMARY ***
Total pot $0.5 | Rake $0.02 | Jackpot $0 | Bingo $0 | Fortune $0 | Tax $0
Seat 1: 622314c4 folded before Flop (didn't bet)
Seat 2: d31e46fe (button) folded before Flop (didn't bet)
Seat 3: ad038f0c (small blind) collected ($0.48)
Seat 4: 966d487c (big blind) folded before Flop
Seat 5: 53cdae7b folded before Flop (didn't bet)
Seat 6: Hero folded before Flop


Poker Hand #HD1782020175: Hold'em No Limit ($0.05/$0.1) - 2024/05/21 16:06:54
Table 'NLHRed12' 6-max Seat #1 is the button
Seat 1: 622314c4 ($12.28 in chips)
Seat 2: d31e46fe ($26.41 in chips)
Seat 3: ad038f0c ($10 in chips)
Seat 4: 966d487c ($10 in chips)
Seat 5: 53cdae7b ($10.15 in chips)
Seat 6: Hero ($10.45 in chips)
d31e46fe: posts small blind $0.05
ad038f0c: posts big blind $0.1
*** HOLE CARDS ***
Dealt to 622314c4 
Dealt to d31e46fe 
Dealt to ad038f0c 
Dealt to 966d487c 
Dealt to 53cdae7b 
Dealt to Hero [Ac Td]
966d487c: folds
53cdae7b: folds
Hero: raises $0.14 to $0.24
622314c4: folds
d31e46fe: folds
ad038f0c: calls $0.14
*** FLOP *** [Jd 9h 8d]
ad038f0c: checks
Hero: checks
*** TURN *** [Jd 9h 8d] [6h]
ad038f0c: checks
Hero: bets $0.3
ad038f0c: folds
Uncalled bet ($0.3) returned to Hero
*** SHOWDOWN ***
Hero collected $0.51 from pot
*** SUMMARY ***
Total pot $0.53 | Rake $0.02 | Jackpot $0 | Bingo $0 | Fortune $0 | Tax $0
Board [Jd 9h 8d 6h]
Seat 1: 622314c4 (button) folded before Flop (didn't bet)
Seat 2: d31e46fe (small blind) folded before Flop
Seat 3: ad038f0c (big blind) folded on the Turn
Seat 4: 966d487c folded before Flop (didn't bet)
Seat 5: 53cdae7b folded before Flop (didn't bet)
Seat 6: Hero won ($0.51)


Poker Hand #HD1782020127: Hold'em No Limit ($0.05/$0.1) - 2024/05/21 16:06:24
Table 'NLHRed12' 6-max Seat #6 is the button
Seat 1: 622314c4 ($12.33 in chips)
Seat 2: d31e46fe ($26.51 in chips)
Seat 4: 966d487c ($10 in chips)
Seat 5: 53cdae7b ($10.15 in chips)
Seat 6: Hero ($10.3 in chips)
622314c4: posts small blind $0.05
d31e46fe: posts big blind $0.1
*** HOLE CARDS ***
Dealt to 622314c4 
Dealt to d31e46fe 
Dealt to 966d487c 
Dealt to 53cdae7b 
Dealt to Hero [6d As]
966d487c: folds
53cdae7b: folds
Hero: raises $0.14 to $0.24
622314c4: folds
d31e46fe: folds
Uncalled bet ($0.14) returned to Hero
*** SHOWDOWN ***
Hero collected $0.25 from pot
*** SUMMARY ***
Total pot $0.25 | Rake $0 | Jackpot $0 | Bingo $0 | Fortune $0 | Tax $0
Seat 1: 622314c4 (small blind) folded before Flop
Seat 2: d31e46fe (big blind) folded before Flop
Seat 4: 966d487c folded before Flop (didn't bet)
Seat 5: 53cdae7b folded before Flop (didn't bet)
Seat 6: Hero (button) collected ($0.25)


Poker Hand #HD1782020095: Hold'em No Limit ($0.05/$0.1) - 2024/05/21 16:06:09
Table 'NLHRed12' 6-max Seat #5 is the button
Seat 1: 622314c4 ($12.43 in chips)
Seat 2: d31e46fe ($26.51 in chips)
Seat 4: 966d487c ($10 in chips)
Seat 5: 53cdae7b ($10 in chips)
Seat 6: Hero ($10.35 in chips)
Hero: posts small blind $0.05
622314c4: posts big blind $0.1
*** HOLE CARDS ***
Dealt to 622314c4 
Dealt to d31e46fe 
Dealt to 966d487c 
Dealt to 53cdae7b 
Dealt to Hero [Ah 4s]
d31e46fe: folds
966d487c: folds
53cdae7b: raises $0.1 to $0.2
Hero: folds
622314c4: folds
Uncalled bet ($0.1) returned to 53cdae7b
*** SHOWDOWN ***
53cdae7b collected $0.25 from pot
*** SUMMARY ***
Total pot $0.25 | Rake $0 | Jackpot $0 | Bingo $0 | Fortune $0 | Tax $0
Seat 1: 622314c4 (big blind) folded before Flop
Seat 2: d31e46fe folded before Flop (didn't bet)
Seat 4: 966d487c folded before Flop (didn't bet)
Seat 5: 53cdae7b (button) collected ($0.25)
Seat 6: Hero (small blind) folded before Flop


Poker Hand #HD1782020035: Hold'em No Limit ($0.05/$0.1) - 2024/05/21 16:05:34
Table 'NLHRed12' 6-max Seat #4 is the button
Seat 1: 622314c4 ($12.43 in chips)
Seat 2: d31e46fe ($26.51 in chips)
Seat 4: 966d487c ($10 in chips)
Seat 5: 53cdae7b ($2.46 in chips)
Seat 6: Hero ($10.45 in chips)
53cdae7b: posts small blind $0.05
Hero: posts big blind $0.1
*** HOLE CARDS ***
Dealt to 622314c4 
Dealt to d31e46fe 
Dealt to 966d487c 
Dealt to 53cdae7b 
Dealt to Hero [6s 9d]
622314c4: folds
d31e46fe: folds
966d487c: folds
53cdae7b: raises $0.2 to $0.3
Hero: folds
Uncalled bet ($0.2) returned to 53cdae7b
*** SHOWDOWN ***
53cdae7b collected $0.2 from pot
*** SUMMARY ***
Total pot $0.2 | Rake $0 | Jackpot $0 | Bingo $0 | Fortune $0 | Tax $0
Seat 1: 622314c4 folded before Flop (didn't bet)
Seat 2: d31e46fe folded before Flop (didn't bet)
Seat 4: 966d487c (button) folded before Flop (didn't bet)
Seat 5: 53cdae7b (small blind) collected ($0.2)
Seat 6: Hero (big blind) folded before Flop


Poker Hand #HD1782020005: Hold'em No Limit ($0.05/$0.1) - 2024/05/21 16:05:19
Table 'NLHRed12' 6-max Seat #2 is the button
Seat 1: 622314c4 ($12.28 in chips)
Seat 2: d31e46fe ($26.51 in chips)
Seat 4: 966d487c ($10 in chips)
Seat 5: 53cdae7b ($2.56 in chips)
Seat 6: Hero ($10.45 in chips)
966d487c: posts small blind $0.05
53cdae7b: posts big blind $0.1
*** HOLE CARDS ***
Dealt to 622314c4 
Dealt to d31e46fe 
Dealt to 966d487c 
Dealt to 53cdae7b 
Dealt to Hero [7c 2c]
Hero: folds
622314c4: raises $0.2 to $0.3
d31e46fe: folds
966d487c: folds
53cdae7b: folds
Uncalled bet ($0.2) returned to 622314c4
*** SHOWDOWN ***
622314c4 collected $0.25 from pot
*** SUMMARY ***
Total pot $0.25 | Rake $0 | Jackpot $0 | Bingo $0 | Fortune $0 | Tax $0
Seat 1: 622314c4 collected ($0.25)
Seat 2: d31e46fe (button) folded before Flop (didn't bet)
Seat 4: 966d487c (small blind) folded before Flop
Seat 5: 53cdae7b (big blind) folded before Flop
Seat 6: Hero folded before Flop (didn't bet)


Poker Hand #HD1782019740: Hold'em No Limit ($0.05/$0.1) - 2024/05/21 16:03:01
Table 'NLHRed12' 6-max Seat #1 is the button
Seat 1: 622314c4 ($12.28 in chips)
Seat 2: d31e46fe ($10.05 in chips)
Seat 3: aded66d5 ($7.5 in chips)
Seat 4: 966d487c ($10 in chips)
Seat 5: 53cdae7b ($12.61 in chips)
Seat 6: Hero ($10.45 in chips)
d31e46fe: posts small blind $0.05
aded66d5: posts big blind $0.1
*** HOLE CARDS ***
Dealt to 622314c4 
Dealt to d31e46fe 
Dealt to aded66d5 
Dealt to 966d487c 
Dealt to 53cdae7b 
Dealt to Hero [3s Qc]
966d487c: folds
53cdae7b: raises $0.2 to $0.3
Hero: folds
622314c4: folds
d31e46fe: raises $0.7 to $1
aded66d5: calls $0.9
53cdae7b: calls $0.7
*** FLOP *** [7c Ah 3h]
d31e46fe: bets $0.9
aded66d5: raises $1.4 to $2.3
53cdae7b: calls $2.3
d31e46fe: calls $1.4
*** TURN *** [7c Ah 3h] [3d]
d31e46fe: checks
aded66d5: bets $2.7
53cdae7b: calls $2.7
d31e46fe: raises $4.05 to $6.75 and is all-in
aded66d5: calls $1.5 and is all-in
53cdae7b: calls $4.05
d31e46fe: shows [Ad Kd] (Pair of Aces and Pair of Treys)
aded66d5: shows [Js Ac] (Pair of Aces and Pair of Treys)
53cdae7b: shows [Jd As] (Pair of Aces and Pair of Treys)
*** RIVER *** [7c Ah 3h 3d] [Kc]
*** SHOWDOWN ***
d31e46fe collected $21.59 from pot
d31e46fe collected $4.92 from pot
*** SUMMARY ***
Total pot $27.6 | Rake $0.99 | Jackpot $0.1 | Bingo $0 | Fortune $0 | Tax $0
Board [7c Ah 3h 3d Kc]
Seat 1: 622314c4 (button) folded before Flop (didn't bet)
Seat 2: d31e46fe (small blind) showed [Ad Kd] and won ($26.51) with Pair of Aces and Pair of Kings
Seat 3: aded66d5 (big blind) showed [Js Ac] and lost with Pair of Aces and Pair of Treys
Seat 4: 966d487c folded before Flop (didn't bet)
Seat 5: 53cdae7b showed [Jd As] and lost with Pair of Aces and Pair of Treys
Seat 6: Hero folded before Flop (didn't bet)


Poker Hand #HD1782019713: Hold'em No Limit ($0.05/$0.1) - 2024/05/21 16:02:52
Table 'NLHRed12' 6-max Seat #6 is the button
Seat 1: 622314c4 ($12.33 in chips)
Seat 2: d31e46fe ($10 in chips)
Seat 3: aded66d5 ($7.5 in chips)
Seat 4: 966d487c ($10 in chips)
Seat 5: 53cdae7b ($12.61 in chips)
Seat 6: Hero ($10.45 in chips)
622314c4: posts small blind $0.05
d31e46fe: posts big blind $0.1
*** HOLE CARDS ***
Dealt to 622314c4 
Dealt to d31e46fe 
Dealt to aded66d5 
Dealt to 966d487c 
Dealt to 53cdae7b 
Dealt to Hero [7s 9c]
aded66d5: folds
966d487c: folds
53cdae7b: folds
Hero: folds
622314c4: folds
Uncalled bet ($0.05) returned to d31e46fe
*** SHOWDOWN ***
d31e46fe collected $0.1 from pot
*** SUMMARY ***
Total pot $0.1 | Rake $0 | Jackpot $0 | Bingo $0 | Fortune $0 | Tax $0
Seat 1: 622314c4 (small blind) folded before Flop
Seat 2: d31e46fe (big blind) collected ($0.1)
Seat 3: aded66d5 folded before Flop (didn't bet)
Seat 4: 966d487c folded before Flop (didn't bet)
Seat 5: 53cdae7b folded before Flop (didn't bet)
Seat 6: Hero (button) folded before Flop (didn't bet)


Poker Hand #HD1782019682: Hold'em No Limit ($0.05/$0.1) - 2024/05/21 16:02:35
Table 'NLHRed12' 6-max Seat #5 is the button
Seat 1: 622314c4 ($12.43 in chips)
Seat 2: d31e46fe ($10 in chips)
Seat 3: aded66d5 ($7.35 in chips)
Seat 4: 966d487c ($10 in chips)
Seat 5: 53cdae7b ($12.61 in chips)
Seat 6: Hero ($10.5 in chips)
Hero: posts small blind $0.05
622314c4: posts big blind $0.1
*** HOLE CARDS ***
Dealt to 622314c4 
Dealt to d31e46fe 
Dealt to aded66d5 
Dealt to 966d487c 
Dealt to 53cdae7b 
Dealt to Hero [Ah 3d]
d31e46fe: folds
aded66d5: raises $0.2 to $0.3
966d487c: folds
53cdae7b: folds
Hero: folds
622314c4: folds
Uncalled bet ($0.2) returned to aded66d5
*** SHOWDOWN ***
aded66d5 collected $0.25 from pot
*** SUMMARY ***
Total pot $0.25 | Rake $0 | Jackpot $0 | Bingo $0 | Fortune $0 | Tax $0
Seat 1: 622314c4 (big blind) folded before Flop
Seat 2: d31e46fe folded before Flop (didn't bet)
Seat 3: aded66d5 collected ($0.25)
Seat 4: 966d487c folded before Flop (didn't bet)
Seat 5: 53cdae7b (button) folded before Flop (didn't bet)
Seat 6: Hero (small blind) folded before Flop


Poker Hand #HD1782019624: Hold'em No Limit ($0.05/$0.1) - 2024/05/21 16:02:03
Table 'NLHRed12' 6-max Seat #4 is the button
Seat 1: 622314c4 ($12.43 in chips)
Seat 2: d31e46fe ($10 in chips)
Seat 3: aded66d5 ($7.35 in chips)
Seat 4: 966d487c ($10 in chips)
Seat 5: 53cdae7b ($12.51 in chips)
Seat 6: Hero ($10.6 in chips)
53cdae7b: posts small blind $0.05
Hero: posts big blind $0.1
*** HOLE CARDS ***
Dealt to 622314c4 
Dealt to d31e46fe 
Dealt to aded66d5 
Dealt to 966d487c 
Dealt to 53cdae7b 
Dealt to Hero [Kc 6s]
622314c4: folds
d31e46fe: folds
aded66d5: folds
966d487c: folds
53cdae7b: raises $0.2 to $0.3
Hero: folds
Uncalled bet ($0.2) returned to 53cdae7b
*** SHOWDOWN ***
53cdae7b collected $0.2 from pot
*** SUMMARY ***
Total pot $0.2 | Rake $0 | Jackpot $0 | Bingo $0 | Fortune $0 | Tax $0
Seat 1: 622314c4 folded before Flop (didn't bet)
Seat 2: d31e46fe folded before Flop (didn't bet)
Seat 3: aded66d5 folded before Flop (didn't bet)
Seat 4: 966d487c (button) folded before Flop (didn't bet)
Seat 5: 53cdae7b (small blind) collected ($0.2)
Seat 6: Hero (big blind) folded before Flop


Poker Hand #HD1782019492: Hold'em No Limit ($0.05/$0.1) - 2024/05/21 16:00:52
Table 'NLHRed12' 6-max Seat #3 is the button
Seat 1: 622314c4 ($12.43 in chips)
Seat 2: d31e46fe ($10 in chips)
Seat 3: aded66d5 ($7.35 in chips)
Seat 4: 966d487c ($10.05 in chips)
Seat 5: 53cdae7b ($12.06 in chips)
Seat 6: Hero ($10.6 in chips)
966d487c: posts small blind $0.05
53cdae7b: posts big blind $0.1
*** HOLE CARDS ***
Dealt to 622314c4 
Dealt to d31e46fe 
Dealt to aded66d5 
Dealt to 966d487c 
Dealt to 53cdae7b 
Dealt to Hero [6d 9d]
Hero: folds
622314c4: folds
d31e46fe: folds
aded66d5: folds
966d487c: calls $0.05
53cdae7b: checks
*** FLOP *** [4d 8d 7h]
966d487c: bets $0.1
53cdae7b: calls $0.1
*** TURN *** [4d 8d 7h] [Kd]
966d487c: bets $0.3
53cdae7b: calls $0.3
*** RIVER *** [4d 8d 7h Kd] [Kh]
966d487c: checks
53cdae7b: bets $0.5
966d487c: folds
Uncalled bet ($0.5) returned to 53cdae7b
*** SHOWDOWN ***
53cdae7b collected $0.95 from pot
*** SUMMARY ***
Total pot $1 | Rake $0.05 | Jackpot $0 | Bingo $0 | Fortune $0 | Tax $0
Board [4d 8d 7h Kd Kh]
Seat 1: 622314c4 folded before Flop (didn't bet)
Seat 2: d31e46fe folded before Flop (didn't bet)
Seat 3: aded66d5 (button) folded before Flop (didn't bet)
Seat 4: 966d487c (small blind) folded on the River
Seat 5: 53cdae7b (big blind) won ($0.95)
Seat 6: Hero folded before Flop (didn't bet)


Poker Hand #HD1782019463: Hold'em No Limit ($0.05/$0.1) - 2024/05/21 16:00:36
Table 'NLHRed12' 6-max Seat #2 is the button
Seat 1: 622314c4 ($12.43 in chips)
Seat 2: d31e46fe ($10 in chips)
Seat 3: aded66d5 ($7.4 in chips)
Seat 4: 966d487c ($10 in chips)
Seat 5: 53cdae7b ($12.06 in chips)
Seat 6: Hero ($10.6 in chips)
aded66d5: posts small blind $0.05
966d487c: posts big blind $0.1
*** HOLE CARDS ***
Dealt to 622314c4 
Dealt to d31e46fe 
Dealt to aded66d5 
Dealt to 966d487c 
Dealt to 53cdae7b 
Dealt to Hero [4c Js]
53cdae7b: folds
Hero: folds
622314c4: folds
d31e46fe: folds
aded66d5: folds
Uncalled bet ($0.05) returned to 966d487c
*** SHOWDOWN ***
966d487c collected $0.1 from pot
*** SUMMARY ***
Total pot $0.1 | Rake $0 | Jackpot $0 | Bingo $0 | Fortune $0 | Tax $0
Seat 1: 622314c4 folded before Flop (didn't bet)
Seat 2: d31e46fe (button) folded before Flop (didn't bet)
Seat 3: aded66d5 (small blind) folded before Flop
Seat 4: 966d487c (big blind) collected ($0.1)
Seat 5: 53cdae7b folded before Flop (didn't bet)
Seat 6: Hero folded before Flop (didn't bet)


Poker Hand #HD1782019401: Hold'em No Limit ($0.05/$0.1) - 2024/05/21 15:59:59
Table 'NLHRed12' 6-max Seat #1 is the button
Seat 1: 622314c4 ($11.47 in chips)
Seat 2: d31e46fe ($10.05 in chips)
Seat 3: aded66d5 ($7.5 in chips)
Seat 4: 966d487c ($10 in chips)
Seat 5: 53cdae7b ($12.96 in chips)
Seat 6: Hero ($10.6 in chips)
d31e46fe: posts small blind $0.05
aded66d5: posts big blind $0.1
*** HOLE CARDS ***
Dealt to 622314c4 
Dealt to d31e46fe 
Dealt to aded66d5 
Dealt to 966d487c 
Dealt to 53cdae7b 
Dealt to Hero [2c 9c]
966d487c: folds
53cdae7b: raises $0.15 to $0.25
Hero: folds
622314c4: raises $0.65 to $0.9
d31e46fe: folds
aded66d5: folds
53cdae7b: calls $0.65
*** FLOP *** [7c 6c 5d]
53cdae7b: checks
622314c4: bets $1.47
53cdae7b: folds
Uncalled bet ($1.47) returned to 622314c4
*** SHOWDOWN ***
622314c4 collected $1.86 from pot
*** SUMMARY ***
Total pot $1.95 | Rake $0.09 | Jackpot $0 | Bingo $0 | Fortune $0 | Tax $0
Board [7c 6c 5d]
Seat 1: 622314c4 (button) won ($1.86)
Seat 2: d31e46fe (small blind) folded before Flop
Seat 3: aded66d5 (big blind) folded before Flop
Seat 4: 966d487c folded before Flop (didn't bet)
Seat 5: 53cdae7b folded on the Flop
Seat 6: Hero folded before Flop (didn't bet)


Poker Hand #HD1782019370: Hold'em No Limit ($0.05/$0.1) - 2024/05/21 15:59:42
Table 'NLHRed12' 6-max Seat #6 is the button
Seat 1: 622314c4 ($11.52 in chips)
Seat 2: d31e46fe ($10 in chips)
Seat 4: 966d487c ($10 in chips)
Seat 5: 53cdae7b ($12.96 in chips)
Seat 6: Hero ($10.6 in chips)
622314c4: posts small blind $0.05
d31e46fe: posts big blind $0.1
*** HOLE CARDS ***
Dealt to 622314c4 
Dealt to d31e46fe 
Dealt to 966d487c 
Dealt to 53cdae7b 
Dealt to Hero [4s Kd]
966d487c: folds
53cdae7b: folds
Hero: folds
622314c4: folds
Uncalled bet ($0.05) returned to d31e46fe
*** SHOWDOWN ***
d31e46fe collected $0.1 from pot
*** SUMMARY ***
Total pot $0.1 | Rake $0 | Jackpot $0 | Bingo $0 | Fortune $0 | Tax $0
Seat 1: 622314c4 (small blind) folded before Flop
Seat 2: d31e46fe (big blind) collected ($0.1)
Seat 4: 966d487c folded before Flop (didn't bet)
Seat 5: 53cdae7b folded before Flop (didn't bet)
Seat 6: Hero (button) folded before Flop (didn't bet)


Poker Hand #HD1782019340: Hold'em No Limit ($0.05/$0.1) - 2024/05/21 15:59:30
Table 'NLHRed12' 6-max Seat #5 is the button
Seat 1: 622314c4 ($11.62 in chips)
Seat 4: 966d487c ($10 in chips)
Seat 5: 53cdae7b ($12.96 in chips)
Seat 6: Hero ($10.5 in chips)
Hero: posts small blind $0.05
622314c4: posts big blind $0.1
*** HOLE CARDS ***
Dealt to 622314c4 
Dealt to 966d487c 
Dealt to 53cdae7b 
Dealt to Hero [9c 9s]
966d487c: folds
53cdae7b: folds
Hero: raises $0.2 to $0.3
622314c4: folds
Uncalled bet ($0.2) returned to Hero
*** SHOWDOWN ***
Hero collected $0.2 from pot
*** SUMMARY ***
Total pot $0.2 | Rake $0 | Jackpot $0 | Bingo $0 | Fortune $0 | Tax $0
Seat 1: 622314c4 (big blind) folded before Flop
Seat 4: 966d487c folded before Flop (didn't bet)
Seat 5: 53cdae7b (button) folded before Flop (didn't bet)
Seat 6: Hero (small blind) collected ($0.2)


Poker Hand #HD1782019276: Hold'em No Limit ($0.05/$0.1) - 2024/05/21 15:58:59
Table 'NLHRed12' 6-max Seat #4 is the button
Seat 1: 622314c4 ($10.77 in chips)
Seat 4: 966d487c ($10 in chips)
Seat 5: 53cdae7b ($13.79 in chips)
Seat 6: Hero ($10.6 in chips)
53cdae7b: posts small blind $0.05
Hero: posts big blind $0.1
*** HOLE CARDS ***
Dealt to 622314c4 
Dealt to 966d487c 
Dealt to 53cdae7b 
Dealt to Hero [6h 2s]
622314c4: raises $0.2 to $0.3
966d487c: folds
53cdae7b: calls $0.25
Hero: folds
*** FLOP *** [7c Jd Tc]
53cdae7b: checks
622314c4: bets $0.53
53cdae7b: calls $0.53
*** TURN *** [7c Jd Tc] [8d]
53cdae7b: checks
622314c4: checks
*** RIVER *** [7c Jd Tc 8d] [3s]
53cdae7b: checks
622314c4: checks
53cdae7b: shows [8h As] (Pair of Eights)
622314c4: shows [Kd Kh] (Pair of Kings)
*** SHOWDOWN ***
622314c4 collected $1.68 from pot
*** SUMMARY ***
Total pot $1.76 | Rake $0.08 | Jackpot $0 | Bingo $0 | Fortune $0 | Tax $0
Board [7c Jd Tc 8d 3s]
Seat 1: 622314c4 showed [Kd Kh] and won ($1.68) with Pair of Kings
Seat 4: 966d487c (button) folded before Flop (didn't bet)
Seat 5: 53cdae7b (small blind) showed [8h As] and lost with Pair of Eights
Seat 6: Hero (big blind) folded before Flop


Poker Hand #HD1782019213: Hold'em No Limit ($0.05/$0.1) - 2024/05/21 15:58:26
Table 'NLHRed12' 6-max Seat #1 is the button
Seat 1: 622314c4 ($10.77 in chips)
Seat 4: 966d487c ($10 in chips)
Seat 5: 53cdae7b ($13.52 in chips)
Seat 6: Hero ($10.84 in chips)
966d487c: posts small blind $0.05
53cdae7b: posts big blind $0.1
*** HOLE CARDS ***
Dealt to 622314c4 
Dealt to 966d487c 
Dealt to 53cdae7b 
Dealt to Hero [Th Qc]
Hero: raises $0.14 to $0.24
622314c4: folds
966d487c: folds
53cdae7b: calls $0.14
*** FLOP *** [8c 7s 5s]
53cdae7b: checks
Hero: checks
*** TURN *** [8c 7s 5s] [8s]
53cdae7b: bets $0.27
Hero: folds
Uncalled bet ($0.27) returned to 53cdae7b
*** SHOWDOWN ***
53cdae7b collected $0.51 from pot
*** SUMMARY ***
Total pot $0.53 | Rake $0.02 | Jackpot $0 | Bingo $0 | Fortune $0 | Tax $0
Board [8c 7s 5s 8s]
Seat 1: 622314c4 (button) folded before Flop (didn't bet)
Seat 4: 966d487c (small blind) folded before Flop
Seat 5: 53cdae7b (big blind) won ($0.51)
Seat 6: Hero folded on the Turn


Poker Hand #HD1782019176: Hold'em No Limit ($0.05/$0.1) - 2024/05/21 15:58:06
Table 'NLHRed12' 6-max Seat #6 is the button
Seat 1: 622314c4 ($10.67 in chips)
Seat 4: 966d487c ($10 in chips)
Seat 5: 53cdae7b ($13.52 in chips)
Seat 6: Hero ($10.84 in chips)
622314c4: posts small blind $0.05
966d487c: posts big blind $0.1
*** HOLE CARDS ***
Dealt to 622314c4 
Dealt to 966d487c 
Dealt to 53cdae7b 
Dealt to Hero [Ts 4d]
53cdae7b: folds
Hero: folds
622314c4: raises $0.2 to $0.3
966d487c: folds
Uncalled bet ($0.2) returned to 622314c4
*** SHOWDOWN ***
622314c4 collected $0.2 from pot
*** SUMMARY ***
Total pot $0.2 | Rake $0 | Jackpot $0 | Bingo $0 | Fortune $0 | Tax $0
Seat 1: 622314c4 (small blind) collected ($0.2)
Seat 4: 966d487c (big blind) folded before Flop
Seat 5: 53cdae7b folded before Flop (didn't bet)
Seat 6: Hero (button) folded before Flop (didn't bet)


Poker Hand #HD1782019104: Hold'em No Limit ($0.05/$0.1) - 2024/05/21 15:57:28
Table 'NLHRed12' 6-max Seat #5 is the button
Seat 1: 622314c4 ($9.26 in chips)
Seat 5: 53cdae7b ($15.14 in chips)
Seat 6: Hero ($10.89 in chips)
Hero: posts small blind $0.05
622314c4: posts big blind $0.1
*** HOLE CARDS ***
Dealt to 622314c4 
Dealt to 53cdae7b 
Dealt to Hero [8h Tc]
53cdae7b: raises $0.2 to $0.3
Hero: folds
622314c4: calls $0.2
*** FLOP *** [2s 5h 6h]
622314c4: checks
53cdae7b: checks
*** TURN *** [2s 5h 6h] [Jd]
622314c4: checks
53cdae7b: bets $0.33
622314c4: calls $0.33
*** RIVER *** [2s 5h 6h Jd] [6s]
622314c4: bets $0.99
53cdae7b: calls $0.99
622314c4: shows [4d 6d] (Three Sixes)
53cdae7b: shows [Ks Jh] (Pair of Jacks and Pair of Sixes)
*** SHOWDOWN ***
622314c4 collected $3.03 from pot
*** SUMMARY ***
Total pot $3.29 | Rake $0.16 | Jackpot $0.1 | Bingo $0 | Fortune $0 | Tax $0
Board [2s 5h 6h Jd 6s]
Seat 1: 622314c4 (big blind) showed [4d 6d] and won ($3.03) with Three Sixes
Seat 5: 53cdae7b (button) showed [Ks Jh] and lost with Pair of Jacks and Pair of Sixes
Seat 6: Hero (small blind) folded before Flop


Poker Hand #HD1782019079: Hold'em No Limit ($0.05/$0.1) - 2024/05/21 15:57:16
Table 'NLHRed12' 6-max Seat #1 is the button
Seat 1: 622314c4 ($9.26 in chips)
Seat 5: 53cdae7b ($15.19 in chips)
Seat 6: Hero ($10.84 in chips)
53cdae7b: posts small blind $0.05
Hero: posts big blind $0.1
*** HOLE CARDS ***
Dealt to 622314c4 
Dealt to 53cdae7b 
Dealt to Hero [8h 2c]
622314c4: folds
53cdae7b: folds
Uncalled bet ($0.05) returned to Hero
*** SHOWDOWN ***
Hero collected $0.1 from pot
*** SUMMARY ***
Total pot $0.1 | Rake $0 | Jackpot $0 | Bingo $0 | Fortune $0 | Tax $0
Seat 1: 622314c4 (button) folded before Flop (didn't bet)
Seat 5: 53cdae7b (small blind) folded before Flop
Seat 6: Hero (big blind) collected ($0.1)


Poker Hand #HD1782019035: Hold'em No Limit ($0.05/$0.1) - 2024/05/21 15:56:55
Table 'NLHRed12' 6-max Seat #6 is the button
Seat 1: 622314c4 ($9.31 in chips)
Seat 5: 53cdae7b ($15.14 in chips)
Seat 6: Hero ($10.84 in chips)
622314c4: posts small blind $0.05
53cdae7b: posts big blind $0.1
*** HOLE CARDS ***
Dealt to 622314c4 
Dealt to 53cdae7b 
Dealt to Hero [5h 3d]
Hero: folds
622314c4: folds
Uncalled bet ($0.05) returned to 53cdae7b
*** SHOWDOWN ***
53cdae7b collected $0.1 from pot
*** SUMMARY ***
Total pot $0.1 | Rake $0 | Jackpot $0 | Bingo $0 | Fortune $0 | Tax $0
Seat 1: 622314c4 (small blind) folded before Flop
Seat 5: 53cdae7b (big blind) collected ($0.1)
Seat 6: Hero (button) folded before Flop (didn't bet)


Poker Hand #HD1782019008: Hold'em No Limit ($0.05/$0.1) - 2024/05/21 15:56:41
Table 'NLHRed12' 6-max Seat #5 is the button
Seat 1: 622314c4 ($9.26 in chips)
Seat 5: 53cdae7b ($15.14 in chips)
Seat 6: Hero ($10.89 in chips)
Hero: posts small blind $0.05
622314c4: posts big blind $0.1
*** HOLE CARDS ***
Dealt to 622314c4 
Dealt to 53cdae7b 
Dealt to Hero [7c 5h]
53cdae7b: folds
Hero: folds
Uncalled bet ($0.05) returned to 622314c4
*** SHOWDOWN ***
622314c4 collected $0.1 from pot
*** SUMMARY ***
Total pot $0.1 | Rake $0 | Jackpot $0 | Bingo $0 | Fortune $0 | Tax $0
Seat 1: 622314c4 (big blind) collected ($0.1)
Seat 5: 53cdae7b (button) folded before Flop (didn't bet)
Seat 6: Hero (small blind) folded before Flop


Poker Hand #HD1782018917: Hold'em No Limit ($0.05/$0.1) - 2024/05/21 15:56:02
Table 'NLHRed12' 6-max Seat #1 is the button
Seat 1: 622314c4 ($9.26 in chips)
Seat 5: 53cdae7b ($14.87 in chips)
Seat 6: Hero ($11.19 in chips)
53cdae7b: posts small blind $0.05
Hero: posts big blind $0.1
*** HOLE CARDS ***
Dealt to 622314c4 
Dealt to 53cdae7b 
Dealt to Hero [8s Ks]
622314c4: folds
53cdae7b: raises $0.2 to $0.3
Hero: calls $0.2
*** FLOP *** [As Kc 9d]
53cdae7b: checks
Hero: checks
*** TURN *** [As Kc 9d] [Qd]
53cdae7b: checks
Hero: checks
*** RIVER *** [As Kc 9d Qd] [Jd]
53cdae7b: checks
Hero: checks
53cdae7b: shows [Ah 6s] (Pair of Aces)
Hero: shows [8s Ks] (Pair of Kings)
*** SHOWDOWN ***
53cdae7b collected $0.57 from pot
*** SUMMARY ***
Total pot $0.6 | Rake $0.03 | Jackpot $0 | Bingo $0 | Fortune $0 | Tax $0
Board [As Kc 9d Qd Jd]
Seat 1: 622314c4 (button) folded before Flop (didn't bet)
Seat 5: 53cdae7b (small blind) showed [Ah 6s] and won ($0.57) with Pair of Aces
Seat 6: Hero (big blind) showed [8s Ks] and lost with Pair of Kings


Poker Hand #HD1782018900: Hold'em No Limit ($0.05/$0.1) - 2024/05/21 15:55:53
Table 'NLHRed12' 6-max Seat #6 is the button
Seat 1: 622314c4 ($9.31 in chips)
Seat 5: 53cdae7b ($14.82 in chips)
Seat 6: Hero ($11.19 in chips)
622314c4: posts small blind $0.05
53cdae7b: posts big blind $0.1
*** HOLE CARDS ***
Dealt to 622314c4 
Dealt to 53cdae7b 
Dealt to Hero [Kc 4d]
Hero: folds
622314c4: folds
Uncalled bet ($0.05) returned to 53cdae7b
*** SHOWDOWN ***
53cdae7b collected $0.1 from pot
*** SUMMARY ***
Total pot $0.1 | Rake $0 | Jackpot $0 | Bingo $0 | Fortune $0 | Tax $0
Seat 1: 622314c4 (small blind) folded before Flop
Seat 5: 53cdae7b (big blind) collected ($0.1)
Seat 6: Hero (button) folded before Flop (didn't bet)


Poker Hand #HD1782018889: Hold'em No Limit ($0.05/$0.1) - 2024/05/21 15:55:43
Table 'NLHRed12' 6-max Seat #5 is the button
Seat 1: 622314c4 ($9.41 in chips)
Seat 4: e69a38de ($10.91 in chips)
Seat 5: 53cdae7b ($14.67 in chips)
Seat 6: Hero ($11.24 in chips)
Hero: posts small blind $0.05
622314c4: posts big blind $0.1
*** HOLE CARDS ***
Dealt to 622314c4 
Dealt to e69a38de 
Dealt to 53cdae7b 
Dealt to Hero [8h 4d]
e69a38de: folds
53cdae7b: raises $0.2 to $0.3
Hero: folds
622314c4: folds
Uncalled bet ($0.2) returned to 53cdae7b
*** SHOWDOWN ***
53cdae7b collected $0.25 from pot
*** SUMMARY ***
Total pot $0.25 | Rake $0 | Jackpot $0 | Bingo $0 | Fortune $0 | Tax $0
Seat 1: 622314c4 (big blind) folded before Flop
Seat 4: e69a38de folded before Flop (didn't bet)
Seat 5: 53cdae7b (button) collected ($0.25)
Seat 6: Hero (small blind) folded before Flop


Poker Hand #HD1782018845: Hold'em No Limit ($0.05/$0.1) - 2024/05/21 15:55:21
Table 'NLHRed12' 6-max Seat #4 is the button
Seat 1: 622314c4 ($9.41 in chips)
Seat 4: e69a38de ($10.91 in chips)
Seat 5: 53cdae7b ($14.57 in chips)
Seat 6: Hero ($11.34 in chips)
53cdae7b: posts small blind $0.05
Hero: posts big blind $0.1
*** HOLE CARDS ***
Dealt to 622314c4 
Dealt to e69a38de 
Dealt to 53cdae7b 
Dealt to Hero [6c As]
622314c4: folds
e69a38de: folds
53cdae7b: raises $0.1 to $0.2
Hero: folds
Uncalled bet ($0.1) returned to 53cdae7b
*** SHOWDOWN ***
53cdae7b collected $0.2 from pot
*** SUMMARY ***
Total pot $0.2 | Rake $0 | Jackpot $0 | Bingo $0 | Fortune $0 | Tax $0
Seat 1: 622314c4 folded before Flop (didn't bet)
Seat 4: e69a38de (button) folded before Flop (didn't bet)
Seat 5: 53cdae7b (small blind) collected ($0.2)
Seat 6: Hero (big blind) folded before Flop


Poker Hand #HD1782018817: Hold'em No Limit ($0.05/$0.1) - 2024/05/21 15:55:05
Table 'NLHRed12' 6-max Seat #2 is the button
Seat 1: 622314c4 ($9.26 in chips)
Seat 2: d31e46fe ($10 in chips)
Seat 4: e69a38de ($10.96 in chips)
Seat 5: 53cdae7b ($14.67 in chips)
Seat 6: Hero ($11.34 in chips)
e69a38de: posts small blind $0.05
53cdae7b: posts big blind $0.1
*** HOLE CARDS ***
Dealt to 622314c4 
Dealt to d31e46fe 
Dealt to e69a38de 
Dealt to 53cdae7b 
Dealt to Hero [6h Qd]
Hero: folds
622314c4: raises $0.2 to $0.3
d31e46fe: folds
e69a38de: folds
53cdae7b: folds
Uncalled bet ($0.2) returned to 622314c4
*** SHOWDOWN ***
622314c4 collected $0.25 from pot
*** SUMMARY ***
Total pot $0.25 | Rake $0 | Jackpot $0 | Bingo $0 | Fortune $0 | Tax $0
Seat 1: 622314c4 collected ($0.25)
Seat 2: d31e46fe (button) folded before Flop (didn't bet)
Seat 4: e69a38de (small blind) folded before Flop
Seat 5: 53cdae7b (big blind) folded before Flop
Seat 6: Hero folded before Flop (didn't bet)


Poker Hand #HD1782018743: Hold'em No Limit ($0.05/$0.1) - 2024/05/21 15:54:26
Table 'NLHRed12' 6-max Seat #1 is the button
Seat 1: 622314c4 ($10.13 in chips)
Seat 2: d31e46fe ($10.05 in chips)
Seat 4: e69a38de ($11.06 in chips)
Seat 5: 53cdae7b ($13.74 in chips)
Seat 6: Hero ($11.34 in chips)
d31e46fe: posts small blind $0.05
e69a38de: posts big blind $0.1
*** HOLE CARDS ***
Dealt to 622314c4 
Dealt to d31e46fe 
Dealt to e69a38de 
Dealt to 53cdae7b 
Dealt to Hero [Jd 2h]
53cdae7b: raises $0.2 to $0.3
Hero: folds
622314c4: calls $0.3
d31e46fe: folds
e69a38de: folds
*** FLOP *** [Qc 6s 9s]
53cdae7b: bets $0.57
622314c4: calls $0.57
*** TURN *** [Qc 6s 9s] [Jc]
53cdae7b: bets $1.42
622314c4: folds
Uncalled bet ($1.42) returned to 53cdae7b
*** SHOWDOWN ***
53cdae7b collected $1.8 from pot
*** SUMMARY ***
Total pot $1.89 | Rake $0.09 | Jackpot $0 | Bingo $0 | Fortune $0 | Tax $0
Board [Qc 6s 9s Jc]
Seat 1: 622314c4 (button) folded on the Turn
Seat 2: d31e46fe (small blind) folded before Flop
Seat 4: e69a38de (big blind) folded before Flop
Seat 5: 53cdae7b won ($1.8)
Seat 6: Hero folded before Flop (didn't bet)


Poker Hand #HD1782018721: Hold'em No Limit ($0.05/$0.1) - 2024/05/21 15:54:16
Table 'NLHRed12' 6-max Seat #6 is the button
Seat 1: 622314c4 ($10.18 in chips)
Seat 2: d31e46fe ($10 in chips)
Seat 4: e69a38de ($11.06 in chips)
Seat 5: 53cdae7b ($13.74 in chips)
Seat 6: Hero ($11.34 in chips)
622314c4: posts small blind $0.05
d31e46fe: posts big blind $0.1
*** HOLE CARDS ***
Dealt to 622314c4 
Dealt to d31e46fe 
Dealt to e69a38de 
Dealt to 53cdae7b 
Dealt to Hero [Jh 7c]
e69a38de: folds
53cdae7b: folds
Hero: folds
622314c4: folds
Uncalled bet ($0.05) returned to d31e46fe
*** SHOWDOWN ***
d31e46fe collected $0.1 from pot
*** SUMMARY ***
Total pot $0.1 | Rake $0 | Jackpot $0 | Bingo $0 | Fortune $0 | Tax $0
Seat 1: 622314c4 (small blind) folded before Flop
Seat 2: d31e46fe (big blind) collected ($0.1)
Seat 4: e69a38de folded before Flop (didn't bet)
Seat 5: 53cdae7b folded before Flop (didn't bet)
Seat 6: Hero (button) folded before Flop (didn't bet)


Poker Hand #HD1782018702: Hold'em No Limit ($0.05/$0.1) - 2024/05/21 15:54:05
Table 'NLHRed12' 6-max Seat #5 is the button
Seat 1: 622314c4 ($10.13 in chips)
Seat 2: d31e46fe ($10 in chips)
Seat 4: e69a38de ($11.06 in chips)
Seat 5: 53cdae7b ($13.74 in chips)
Seat 6: Hero ($11.39 in chips)
Hero: posts small blind $0.05
622314c4: posts big blind $0.1
*** HOLE CARDS ***
Dealt to 622314c4 
Dealt to d31e46fe 
Dealt to e69a38de 
Dealt to 53cdae7b 
Dealt to Hero [2s 4s]
d31e46fe: folds
e69a38de: folds
53cdae7b: folds
Hero: folds
Uncalled bet ($0.05) returned to 622314c4
*** SHOWDOWN ***
622314c4 collected $0.1 from pot
*** SUMMARY ***
Total pot $0.1 | Rake $0 | Jackpot $0 | Bingo $0 | Fortune $0 | Tax $0
Seat 1: 622314c4 (big blind) collected ($0.1)
Seat 2: d31e46fe folded before Flop (didn't bet)
Seat 4: e69a38de folded before Flop (didn't bet)
Seat 5: 53cdae7b (button) folded before Flop (didn't bet)
Seat 6: Hero (small blind) folded before Flop


Poker Hand #HD1782018677: Hold'em No Limit ($0.05/$0.1) - 2024/05/21 15:53:54
Table 'NLHRed12' 6-max Seat #4 is the button
Seat 1: 622314c4 ($10.13 in chips)
Seat 2: d31e46fe ($10 in chips)
Seat 4: e69a38de ($10.91 in chips)
Seat 5: 53cdae7b ($13.79 in chips)
Seat 6: Hero ($11.49 in chips)
53cdae7b: posts small blind $0.05
Hero: posts big blind $0.1
*** HOLE CARDS ***
Dealt to 622314c4 
Dealt to d31e46fe 
Dealt to e69a38de 
Dealt to 53cdae7b 
Dealt to Hero [Jd 2h]
622314c4: folds
d31e46fe: folds
e69a38de: raises $0.15 to $0.25
53cdae7b: folds
Hero: folds
Uncalled bet ($0.15) returned to e69a38de
*** SHOWDOWN ***
e69a38de collected $0.25 from pot
*** SUMMARY ***
Total pot $0.25 | Rake $0 | Jackpot $0 | Bingo $0 | Fortune $0 | Tax $0
Seat 1: 622314c4 folded before Flop (didn't bet)
Seat 2: d31e46fe folded before Flop (didn't bet)
Seat 4: e69a38de (button) collected ($0.25)
Seat 5: 53cdae7b (small blind) folded before Flop
Seat 6: Hero (big blind) folded before Flop


Poker Hand #HD1782018616: Hold'em No Limit ($0.05/$0.1) - 2024/05/21 15:53:25
Table 'NLHRed12' 6-max Seat #2 is the button
Seat 1: 622314c4 ($10.43 in chips)
Seat 2: d31e46fe ($10 in chips)
Seat 4: e69a38de ($10.54 in chips)
Seat 5: 53cdae7b ($13.89 in chips)
Seat 6: Hero ($11.49 in chips)
e69a38de: posts small blind $0.05
53cdae7b: posts big blind $0.1
*** HOLE CARDS ***
Dealt to 622314c4 
Dealt to d31e46fe 
Dealt to e69a38de 
Dealt to 53cdae7b 
Dealt to Hero [8d As]
Hero: folds
622314c4: raises $0.2 to $0.3
d31e46fe: folds
e69a38de: raises $0.9 to $1.2
53cdae7b: folds
622314c4: folds
Uncalled bet ($0.9) returned to e69a38de
*** SHOWDOWN ***
e69a38de collected $0.67 from pot
*** SUMMARY ***
Total pot $0.7 | Rake $0.03 | Jackpot $0 | Bingo $0 | Fortune $0 | Tax $0
Seat 1: 622314c4 folded before Flop
Seat 2: d31e46fe (button) folded before Flop (didn't bet)
Seat 4: e69a38de (small blind) collected ($0.67)
Seat 5: 53cdae7b (big blind) folded before Flop
Seat 6: Hero folded before Flop (didn't bet)


Poker Hand #HD1782018560: Hold'em No Limit ($0.05/$0.1) - 2024/05/21 15:52:52
Table 'NLHRed12' 6-max Seat #1 is the button
Seat 1: 622314c4 ($10.43 in chips)
Seat 2: d31e46fe ($10 in chips)
Seat 4: e69a38de ($10.64 in chips)
Seat 5: 53cdae7b ($13.89 in chips)
Seat 6: Hero ($11.34 in chips)
d31e46fe: posts small blind $0.05
e69a38de: posts big blind $0.1
*** HOLE CARDS ***
Dealt to 622314c4 
Dealt to d31e46fe 
Dealt to e69a38de 
Dealt to 53cdae7b 
Dealt to Hero [Tc 8c]
53cdae7b: folds
Hero: raises $0.14 to $0.24
622314c4: folds
d31e46fe: folds
e69a38de: folds
Uncalled bet ($0.14) returned to Hero
*** SHOWDOWN ***
Hero collected $0.25 from pot
*** SUMMARY ***
Total pot $0.25 | Rake $0 | Jackpot $0 | Bingo $0 | Fortune $0 | Tax $0
Seat 1: 622314c4 (button) folded before Flop (didn't bet)
Seat 2: d31e46fe (small blind) folded before Flop
Seat 4: e69a38de (big blind) folded before Flop
Seat 5: 53cdae7b folded before Flop (didn't bet)
Seat 6: Hero collected ($0.25)


Poker Hand #HD1782018513: Hold'em No Limit ($0.05/$0.1) - 2024/05/21 15:52:28
Table 'NLHRed12' 6-max Seat #6 is the button
Seat 1: 622314c4 ($10.48 in chips)
Seat 2: d31e46fe ($10 in chips)
Seat 4: e69a38de ($10.64 in chips)
Seat 5: 53cdae7b ($13.74 in chips)
Seat 6: Hero ($11.34 in chips)
622314c4: posts small blind $0.05
d31e46fe: posts big blind $0.1
*** HOLE CARDS ***
Dealt to 622314c4 
Dealt to d31e46fe 
Dealt to e69a38de 
Dealt to 53cdae7b 
Dealt to Hero [4h Ac]
e69a38de: folds
53cdae7b: raises $0.1 to $0.2
Hero: folds
622314c4: folds
d31e46fe: folds
Uncalled bet ($0.1) returned to 53cdae7b
*** SHOWDOWN ***
53cdae7b collected $0.25 from pot
*** SUMMARY ***
Total pot $0.25 | Rake $0 | Jackpot $0 | Bingo $0 | Fortune $0 | Tax $0
Seat 1: 622314c4 (small blind) folded before Flop
Seat 2: d31e46fe (big blind) folded before Flop
Seat 4: e69a38de folded before Flop (didn't bet)
Seat 5: 53cdae7b collected ($0.25)
Seat 6: Hero (button) folded before Flop (didn't bet)


Poker Hand #HD1782018442: Hold'em No Limit ($0.05/$0.1) - 2024/05/21 15:51:50
Table 'NLHRed12' 6-max Seat #5 is the button
Seat 1: 622314c4 ($10.73 in chips)
Seat 2: d31e46fe ($10 in chips)
Seat 4: e69a38de ($10.64 in chips)
Seat 5: 53cdae7b ($13.46 in chips)
Seat 6: Hero ($11.39 in chips)
Hero: posts small blind $0.05
622314c4: posts big blind $0.1
*** HOLE CARDS ***
Dealt to 622314c4 
Dealt to d31e46fe 
Dealt to e69a38de 
Dealt to 53cdae7b 
Dealt to Hero [4c 7h]
d31e46fe: folds
e69a38de: folds
53cdae7b: raises $0.15 to $0.25
Hero: folds
622314c4: calls $0.15
*** FLOP *** [9s 6c Ac]
622314c4: checks
53cdae7b: bets $0.28
622314c4: folds
Uncalled bet ($0.28) returned to 53cdae7b
*** SHOWDOWN ***
53cdae7b collected $0.53 from pot
*** SUMMARY ***
Total pot $0.55 | Rake $0.02 | Jackpot $0 | Bingo $0 | Fortune $0 | Tax $0
Board [9s 6c Ac]
Seat 1: 622314c4 (big blind) folded on the Flop
Seat 2: d31e46fe folded before Flop (didn't bet)
Seat 4: e69a38de folded before Flop (didn't bet)
Seat 5: 53cdae7b (button) won ($0.53)
Seat 6: Hero (small blind) folded before Flop


Poker Hand #HD1782018409: Hold'em No Limit ($0.05/$0.1) - 2024/05/21 15:51:32
Table 'NLHRed12' 6-max Seat #4 is the button
Seat 1: 622314c4 ($10.58 in chips)
Seat 2: d31e46fe ($10 in chips)
Seat 4: e69a38de ($10.64 in chips)
Seat 5: 53cdae7b ($13.51 in chips)
Seat 6: Hero ($11.49 in chips)
53cdae7b: posts small blind $0.05
Hero: posts big blind $0.1
*** HOLE CARDS ***
Dealt to 622314c4 
Dealt to d31e46fe 
Dealt to e69a38de 
Dealt to 53cdae7b 
Dealt to Hero [5d 9d]
622314c4: raises $0.2 to $0.3
d31e46fe: folds
e69a38de: folds
53cdae7b: folds
Hero: folds
Uncalled bet ($0.2) returned to 622314c4
*** SHOWDOWN ***
622314c4 collected $0.25 from pot
*** SUMMARY ***
Total pot $0.25 | Rake $0 | Jackpot $0 | Bingo $0 | Fortune $0 | Tax $0
Seat 1: 622314c4 collected ($0.25)
Seat 2: d31e46fe folded before Flop (didn't bet)
Seat 4: e69a38de (button) folded before Flop (didn't bet)
Seat 5: 53cdae7b (small blind) folded before Flop
Seat 6: Hero (big blind) folded before Flop


Poker Hand #HD1782018353: Hold'em No Limit ($0.05/$0.1) - 2024/05/21 15:51:02
Table 'NLHRed12' 6-max Seat #2 is the button
Seat 1: 622314c4 ($10.58 in chips)
Seat 2: d31e46fe ($10 in chips)
Seat 4: e69a38de ($10.69 in chips)
Seat 5: 53cdae7b ($13.46 in chips)
Seat 6: Hero ($11.49 in chips)
e69a38de: posts small blind $0.05
53cdae7b: posts big blind $0.1
*** HOLE CARDS ***
Dealt to 622314c4 
Dealt to d31e46fe 
Dealt to e69a38de 
Dealt to 53cdae7b 
Dealt to Hero [4d 7d]
Hero: folds
622314c4: folds
d31e46fe: folds
e69a38de: folds
Uncalled bet ($0.05) returned to 53cdae7b
*** SHOWDOWN ***
53cdae7b collected $0.1 from pot
*** SUMMARY ***
Total pot $0.1 | Rake $0 | Jackpot $0 | Bingo $0 | Fortune $0 | Tax $0
Seat 1: 622314c4 folded before Flop (didn't bet)
Seat 2: d31e46fe (button) folded before Flop (didn't bet)
Seat 4: e69a38de (small blind) folded before Flop
Seat 5: 53cdae7b (big blind) collected ($0.1)
Seat 6: Hero folded before Flop (didn't bet)


Poker Hand #HD1782018322: Hold'em No Limit ($0.05/$0.1) - 2024/05/21 15:50:46
Table 'NLHRed12' 6-max Seat #1 is the button
Seat 1: 622314c4 ($10.58 in chips)
Seat 2: d31e46fe ($10 in chips)
Seat 4: e69a38de ($10.64 in chips)
Seat 5: 53cdae7b ($13.46 in chips)
Seat 6: Hero ($11.49 in chips)
d31e46fe: posts small blind $0.05
e69a38de: posts big blind $0.1
*** HOLE CARDS ***
Dealt to 622314c4 
Dealt to d31e46fe 
Dealt to e69a38de 
Dealt to 53cdae7b 
Dealt to Hero [9c 5h]
53cdae7b: folds
Hero: folds
622314c4: folds
d31e46fe: folds
Uncalled bet ($0.05) returned to e69a38de
*** SHOWDOWN ***
e69a38de collected $0.1 from pot
*** SUMMARY ***
Total pot $0.1 | Rake $0 | Jackpot $0 | Bingo $0 | Fortune $0 | Tax $0
Seat 1: 622314c4 (button) folded before Flop (didn't bet)
Seat 2: d31e46fe (small blind) folded before Flop
Seat 4: e69a38de (big blind) collected ($0.1)
Seat 5: 53cdae7b folded before Flop (didn't bet)
Seat 6: Hero folded before Flop (didn't bet)


Poker Hand #HD1782018214: Hold'em No Limit ($0.05/$0.1) - 2024/05/21 15:49:48
Table 'NLHRed12' 6-max Seat #6 is the button
Seat 1: 622314c4 ($10.63 in chips)
Seat 2: d31e46fe ($13.19 in chips)
Seat 3: d597d883 ($1.67 in chips)
Seat 5: 53cdae7b ($9.54 in chips)
Seat 6: Hero ($11.49 in chips)
622314c4: posts small blind $0.05
d31e46fe: posts big blind $0.1
*** HOLE CARDS ***
Dealt to 622314c4 
Dealt to d31e46fe 
Dealt to d597d883 
Dealt to 53cdae7b 
Dealt to Hero [7d 2d]
d597d883: calls $0.1
53cdae7b: raises $0.2 to $0.3
Hero: folds
622314c4: folds
d31e46fe: raises $0.8 to $1.1
d597d883: folds
53cdae7b: calls $0.8
*** FLOP *** [Tc 9c Ks]
d31e46fe: bets $0.7
53cdae7b: calls $0.7
*** TURN *** [Tc 9c Ks] [3s]
d31e46fe: bets $2.5
53cdae7b: raises $5.24 to $7.74 and is all-in
d31e46fe: folds
Uncalled bet ($5.24) returned to 53cdae7b
*** SHOWDOWN ***
53cdae7b collected $8.22 from pot
*** SUMMARY ***
Total pot $8.75 | Rake $0.43 | Jackpot $0.1 | Bingo $0 | Fortune $0 | Tax $0
Board [Tc 9c Ks 3s]
Seat 1: 622314c4 (small blind) folded before Flop
Seat 2: d31e46fe (big blind) folded on the Turn
Seat 3: d597d883 folded before Flop
Seat 5: 53cdae7b won ($8.22)
Seat 6: Hero (button) folded before Flop (didn't bet)


Poker Hand #HD1782018099: Hold'em No Limit ($0.05/$0.1) - 2024/05/21 15:48:45
Table 'NLHRed12' 6-max Seat #5 is the button
Seat 1: 622314c4 ($10.37 in chips)
Seat 3: d597d883 ($1.9 in chips)
Seat 5: 53cdae7b ($9.54 in chips)
Seat 6: Hero ($11.54 in chips)
Hero: posts small blind $0.05
622314c4: posts big blind $0.1
*** HOLE CARDS ***
Dealt to 622314c4 
Dealt to d597d883 
Dealt to 53cdae7b 
Dealt to Hero [2s Ah]
d597d883: calls $0.1
53cdae7b: folds
Hero: folds
622314c4: checks
*** FLOP *** [Kd 5h Kc]
622314c4: checks
d597d883: checks
*** TURN *** [Kd 5h Kc] [6s]
622314c4: checks
d597d883: bets $0.13
622314c4: calls $0.13
*** RIVER *** [Kd 5h Kc 6s] [8h]
622314c4: checks
d597d883: checks
622314c4: shows [Td 6d] (Pair of Kings and Pair of Sixes)
d597d883: shows [9c 6c] (Pair of Kings and Pair of Sixes)
*** SHOWDOWN ***
622314c4 collected $0.49 from pot
*** SUMMARY ***
Total pot $0.51 | Rake $0.02 | Jackpot $0 | Bingo $0 | Fortune $0 | Tax $0
Board [Kd 5h Kc 6s 8h]
Seat 1: 622314c4 (big blind) showed [Td 6d] and won ($0.49) with Pair of Kings and Pair of Sixes
Seat 3: d597d883 showed [9c 6c] and lost with Pair of Kings and Pair of Sixes
Seat 5: 53cdae7b (button) folded before Flop (didn't bet)
Seat 6: Hero (small blind) folded before Flop


Poker Hand #HD1782018088: Hold'em No Limit ($0.05/$0.1) - 2024/05/21 15:48:38
Table 'NLHRed12' 6-max Seat #3 is the button
Seat 1: 622314c4 ($10.37 in chips)
Seat 3: d597d883 ($1.9 in chips)
Seat 5: 53cdae7b ($9.59 in chips)
Seat 6: Hero ($11.49 in chips)
53cdae7b: posts small blind $0.05
Hero: posts big blind $0.1
*** HOLE CARDS ***
Dealt to 622314c4 
Dealt to d597d883 
Dealt to 53cdae7b 
Dealt to Hero [9d 5d]
622314c4: folds
d597d883: folds
53cdae7b: folds
Uncalled bet ($0.05) returned to Hero
*** SHOWDOWN ***
Hero collected $0.1 from pot
*** SUMMARY ***
Total pot $0.1 | Rake $0 | Jackpot $0 | Bingo $0 | Fortune $0 | Tax $0
Seat 1: 622314c4 folded before Flop (didn't bet)
Seat 3: d597d883 (button) folded before Flop (didn't bet)
Seat 5: 53cdae7b (small blind) folded before Flop
Seat 6: Hero (big blind) collected ($0.1)


Poker Hand #HD1782018035: Hold'em No Limit ($0.05/$0.1) - 2024/05/21 15:48:12
Table 'NLHRed12' 6-max Seat #1 is the button
Seat 1: 622314c4 ($10.37 in chips)
Seat 2: 8ae6b703 ($13.24 in chips)
Seat 3: d597d883 ($2 in chips)
Seat 5: 53cdae7b ($9.79 in chips)
Seat 6: Hero ($11.16 in chips)
8ae6b703: posts small blind $0.05
d597d883: posts big blind $0.1
*** HOLE CARDS ***
Dealt to 622314c4 
Dealt to 8ae6b703 
Dealt to d597d883 
Dealt to 53cdae7b 
Dealt to Hero [Ks Js]
53cdae7b: raises $0.1 to $0.2
Hero: raises $0.5 to $0.7
622314c4: folds
8ae6b703: folds
d597d883: folds
53cdae7b: folds
Uncalled bet ($0.5) returned to Hero
*** SHOWDOWN ***
Hero collected $0.53 from pot
*** SUMMARY ***
Total pot $0.55 | Rake $0.02 | Jackpot $0 | Bingo $0 | Fortune $0 | Tax $0
Seat 1: 622314c4 (button) folded before Flop (didn't bet)
Seat 2: 8ae6b703 (small blind) folded before Flop
Seat 3: d597d883 (big blind) folded before Flop
Seat 5: 53cdae7b folded before Flop
Seat 6: Hero collected ($0.53)


Poker Hand #HD1782018015: Hold'em No Limit ($0.05/$0.1) - 2024/05/21 15:48:01
Table 'NLHRed12' 6-max Seat #6 is the button
Seat 1: 622314c4 ($10.42 in chips)
Seat 2: 8ae6b703 ($13.34 in chips)
Seat 5: 53cdae7b ($9.79 in chips)
Seat 6: Hero ($11.01 in chips)
622314c4: posts small blind $0.05
8ae6b703: posts big blind $0.1
*** HOLE CARDS ***
Dealt to 622314c4 
Dealt to 8ae6b703 
Dealt to 53cdae7b 
Dealt to Hero [Kd Ah]
53cdae7b: folds
Hero: raises $0.14 to $0.24
622314c4: folds
8ae6b703: folds
Uncalled bet ($0.14) returned to Hero
*** SHOWDOWN ***
Hero collected $0.25 from pot
*** SUMMARY ***
Total pot $0.25 | Rake $0 | Jackpot $0 | Bingo $0 | Fortune $0 | Tax $0
Seat 1: 622314c4 (small blind) folded before Flop
Seat 2: 8ae6b703 (big blind) folded before Flop
Seat 5: 53cdae7b folded before Flop (didn't bet)
Seat 6: Hero (button) collected ($0.25)


Poker Hand #HD1782017985: Hold'em No Limit ($0.05/$0.1) - 2024/05/21 15:47:48
Table 'NLHRed12' 6-max Seat #5 is the button
Seat 1: 622314c4 ($10.52 in chips)
Seat 2: 8ae6b703 ($13.34 in chips)
Seat 5: 53cdae7b ($9.64 in chips)
Seat 6: Hero ($11.06 in chips)
Hero: posts small blind $0.05
622314c4: posts big blind $0.1
*** HOLE CARDS ***
Dealt to 622314c4 
Dealt to 8ae6b703 
Dealt to 53cdae7b 
Dealt to Hero [2s 7h]
8ae6b703: folds
53cdae7b: raises $0.15 to $0.25
Hero: folds
622314c4: folds
Uncalled bet ($0.15) returned to 53cdae7b
*** SHOWDOWN ***
53cdae7b collected $0.25 from pot
*** SUMMARY ***
Total pot $0.25 | Rake $0 | Jackpot $0 | Bingo $0 | Fortune $0 | Tax $0
Seat 1: 622314c4 (big blind) folded before Flop
Seat 2: 8ae6b703 folded before Flop (didn't bet)
Seat 5: 53cdae7b (button) collected ($0.25)
Seat 6: Hero (small blind) folded before Flop


Poker Hand #HD1782017950: Hold'em No Limit ($0.05/$0.1) - 2024/05/21 15:47:27
Table 'NLHRed12' 6-max Seat #2 is the button
Seat 1: 622314c4 ($10.52 in chips)
Seat 2: 8ae6b703 ($13.19 in chips)
Seat 5: 53cdae7b ($9.69 in chips)
Seat 6: Hero ($11.16 in chips)
53cdae7b: posts small blind $0.05
Hero: posts big blind $0.1
*** HOLE CARDS ***
Dealt to 622314c4 
Dealt to 8ae6b703 
Dealt to 53cdae7b 
Dealt to Hero [As 2d]
622314c4: folds
8ae6b703: raises $0.15 to $0.25
53cdae7b: folds
Hero: folds
Uncalled bet ($0.15) returned to 8ae6b703
*** SHOWDOWN ***
8ae6b703 collected $0.25 from pot
*** SUMMARY ***
Total pot $0.25 | Rake $0 | Jackpot $0 | Bingo $0 | Fortune $0 | Tax $0
Seat 1: 622314c4 folded before Flop (didn't bet)
Seat 2: 8ae6b703 (button) collected ($0.25)
Seat 5: 53cdae7b (small blind) folded before Flop
Seat 6: Hero (big blind) folded before Flop


Poker Hand #HD1782017918: Hold'em No Limit ($0.05/$0.1) - 2024/05/21 15:47:09
Table 'NLHRed12' 6-max Seat #1 is the button
Seat 1: 622314c4 ($10.52 in chips)
Seat 2: 8ae6b703 ($13.24 in chips)
Seat 5: 53cdae7b ($9.64 in chips)
Seat 6: Hero ($11.16 in chips)
8ae6b703: posts small blind $0.05
53cdae7b: posts big blind $0.1
*** HOLE CARDS ***
Dealt to 622314c4 
Dealt to 8ae6b703 
Dealt to 53cdae7b 
Dealt to Hero [Td 8d]
Hero: folds
622314c4: folds
8ae6b703: folds
Uncalled bet ($0.05) returned to 53cdae7b
*** SHOWDOWN ***
53cdae7b collected $0.1 from pot
*** SUMMARY ***
Total pot $0.1 | Rake $0 | Jackpot $0 | Bingo $0 | Fortune $0 | Tax $0
Seat 1: 622314c4 (button) folded before Flop (didn't bet)
Seat 2: 8ae6b703 (small blind) folded before Flop
Seat 5: 53cdae7b (big blind) collected ($0.1)
Seat 6: Hero folded before Flop (didn't bet)


Poker Hand #HD1782017900: Hold'em No Limit ($0.05/$0.1) - 2024/05/21 15:46:59
Table 'NLHRed12' 6-max Seat #6 is the button
Seat 1: 622314c4 ($10.57 in chips)
Seat 2: 8ae6b703 ($13.19 in chips)
Seat 5: 53cdae7b ($9.64 in chips)
Seat 6: Hero ($11.16 in chips)
622314c4: posts small blind $0.05
8ae6b703: posts big blind $0.1
*** HOLE CARDS ***
Dealt to 622314c4 
Dealt to 8ae6b703 
Dealt to 53cdae7b 
Dealt to Hero [Tc 6s]
53cdae7b: folds
Hero: folds
622314c4: folds
Uncalled bet ($0.05) returned to 8ae6b703
*** SHOWDOWN ***
8ae6b703 collected $0.1 from pot
*** SUMMARY ***
Total pot $0.1 | Rake $0 | Jackpot $0 | Bingo $0 | Fortune $0 | Tax $0
Seat 1: 622314c4 (small blind) folded before Flop
Seat 2: 8ae6b703 (big blind) collected ($0.1)
Seat 5: 53cdae7b folded before Flop (didn't bet)
Seat 6: Hero (button) folded before Flop (didn't bet)


Poker Hand #HD1782017868: Hold'em No Limit ($0.05/$0.1) - 2024/05/21 15:46:44
Table 'NLHRed12' 6-max Seat #5 is the button
Seat 1: 622314c4 ($10.67 in chips)
Seat 2: 8ae6b703 ($13.19 in chips)
Seat 5: 53cdae7b ($9.49 in chips)
Seat 6: Hero ($11.21 in chips)
Hero: posts small blind $0.05
622314c4: posts big blind $0.1
*** HOLE CARDS ***
Dealt to 622314c4 
Dealt to 8ae6b703 
Dealt to 53cdae7b 
Dealt to Hero [Ah 7d]
8ae6b703: folds
53cdae7b: raises $0.15 to $0.25
Hero: folds
622314c4: folds
Uncalled bet ($0.15) returned to 53cdae7b
*** SHOWDOWN ***
53cdae7b collected $0.25 from pot
*** SUMMARY ***
Total pot $0.25 | Rake $0 | Jackpot $0 | Bingo $0 | Fortune $0 | Tax $0
Seat 1: 622314c4 (big blind) folded before Flop
Seat 2: 8ae6b703 folded before Flop (didn't bet)
Seat 5: 53cdae7b (button) collected ($0.25)
Seat 6: Hero (small blind) folded before Flop


Poker Hand #HD1782017842: Hold'em No Limit ($0.05/$0.1) - 2024/05/21 15:46:34
Table 'NLHRed12' 6-max Seat #2 is the button
Seat 1: 622314c4 ($10.67 in chips)
Seat 2: 8ae6b703 ($13.04 in chips)
Seat 5: 53cdae7b ($9.54 in chips)
Seat 6: Hero ($11.31 in chips)
53cdae7b: posts small blind $0.05
Hero: posts big blind $0.1
*** HOLE CARDS ***
Dealt to 622314c4 
Dealt to 8ae6b703 
Dealt to 53cdae7b 
Dealt to Hero [8h 7c]
622314c4: folds
8ae6b703: raises $0.15 to $0.25
53cdae7b: folds
Hero: folds
Uncalled bet ($0.15) returned to 8ae6b703
*** SHOWDOWN ***
8ae6b703 collected $0.25 from pot
*** SUMMARY ***
Total pot $0.25 | Rake $0 | Jackpot $0 | Bingo $0 | Fortune $0 | Tax $0
Seat 1: 622314c4 folded before Flop (didn't bet)
Seat 2: 8ae6b703 (button) collected ($0.25)
Seat 5: 53cdae7b (small blind) folded before Flop
Seat 6: Hero (big blind) folded before Flop


Poker Hand #HD1782017815: Hold'em No Limit ($0.05/$0.1) - 2024/05/21 15:46:17
Table 'NLHRed12' 6-max Seat #1 is the button
Seat 1: 622314c4 ($10.67 in chips)
Seat 2: 8ae6b703 ($12.94 in chips)
Seat 5: 53cdae7b ($9.64 in chips)
Seat 6: Hero ($11.31 in chips)
8ae6b703: posts small blind $0.05
53cdae7b: posts big blind $0.1
*** HOLE CARDS ***
Dealt to 622314c4 
Dealt to 8ae6b703 
Dealt to 53cdae7b 
Dealt to Hero [5h Ks]
Hero: folds
622314c4: folds
8ae6b703: raises $0.2 to $0.3
53cdae7b: folds
Uncalled bet ($0.2) returned to 8ae6b703
*** SHOWDOWN ***
8ae6b703 collected $0.2 from pot
*** SUMMARY ***
Total pot $0.2 | Rake $0 | Jackpot $0 | Bingo $0 | Fortune $0 | Tax $0
Seat 1: 622314c4 (button) folded before Flop (didn't bet)
Seat 2: 8ae6b703 (small blind) collected ($0.2)
Seat 5: 53cdae7b (big blind) folded before Flop
Seat 6: Hero folded before Flop (didn't bet)


Poker Hand #HD1782017796: Hold'em No Limit ($0.05/$0.1) - 2024/05/21 15:46:07
Table 'NLHRed12' 6-max Seat #6 is the button
Seat 1: 622314c4 ($10.72 in chips)
Seat 2: 8ae6b703 ($12.89 in chips)
Seat 5: 53cdae7b ($9.64 in chips)
Seat 6: Hero ($11.31 in chips)
622314c4: posts small blind $0.05
8ae6b703: posts big blind $0.1
*** HOLE CARDS ***
Dealt to 622314c4 
Dealt to 8ae6b703 
Dealt to 53cdae7b 
Dealt to Hero [2s 9s]
53cdae7b: folds
Hero: folds
622314c4: folds
Uncalled bet ($0.05) returned to 8ae6b703
*** SHOWDOWN ***
8ae6b703 collected $0.1 from pot
*** SUMMARY ***
Total pot $0.1 | Rake $0 | Jackpot $0 | Bingo $0 | Fortune $0 | Tax $0
Seat 1: 622314c4 (small blind) folded before Flop
Seat 2: 8ae6b703 (big blind) collected ($0.1)
Seat 5: 53cdae7b folded before Flop (didn't bet)
Seat 6: Hero (button) folded before Flop (didn't bet)


Poker Hand #HD1782017777: Hold'em No Limit ($0.05/$0.1) - 2024/05/21 15:45:57
Table 'NLHRed12' 6-max Seat #5 is the button
Seat 1: 622314c4 ($10.82 in chips)
Seat 2: 8ae6b703 ($12.89 in chips)
Seat 3: 91dfd5be ($25.69 in chips)
Seat 5: 53cdae7b ($9.49 in chips)
Seat 6: Hero ($11.36 in chips)
Hero: posts small blind $0.05
622314c4: posts big blind $0.1
*** HOLE CARDS ***
Dealt to 622314c4 
Dealt to 8ae6b703 
Dealt to 91dfd5be 
Dealt to 53cdae7b 
Dealt to Hero [Tc 3h]
8ae6b703: folds
91dfd5be: folds
53cdae7b: raises $0.1 to $0.2
Hero: folds
622314c4: folds
Uncalled bet ($0.1) returned to 53cdae7b
*** SHOWDOWN ***
53cdae7b collected $0.25 from pot
*** SUMMARY ***
Total pot $0.25 | Rake $0 | Jackpot $0 | Bingo $0 | Fortune $0 | Tax $0
Seat 1: 622314c4 (big blind) folded before Flop
Seat 2: 8ae6b703 folded before Flop (didn't bet)
Seat 3: 91dfd5be folded before Flop (didn't bet)
Seat 5: 53cdae7b (button) collected ($0.25)
Seat 6: Hero (small blind) folded before Flop


Poker Hand #HD1782017757: Hold'em No Limit ($0.05/$0.1) - 2024/05/21 15:45:44
Table 'NLHRed12' 6-max Seat #3 is the button
Seat 1: 622314c4 ($10.82 in chips)
Seat 2: 8ae6b703 ($12.74 in chips)
Seat 3: 91dfd5be ($25.69 in chips)
Seat 4: e69a38de ($10.69 in chips)
Seat 5: 53cdae7b ($9.59 in chips)
Seat 6: Hero ($11.36 in chips)
e69a38de: posts small blind $0.05
53cdae7b: posts big blind $0.1
*** HOLE CARDS ***
Dealt to 622314c4 
Dealt to 8ae6b703 
Dealt to 91dfd5be 
Dealt to e69a38de 
Dealt to 53cdae7b 
Dealt to Hero [2c 6s]
Hero: folds
622314c4: folds
8ae6b703: raises $0.15 to $0.25
91dfd5be: folds
e69a38de: folds
53cdae7b: folds
Uncalled bet ($0.15) returned to 8ae6b703
*** SHOWDOWN ***
8ae6b703 collected $0.25 from pot
*** SUMMARY ***
Total pot $0.25 | Rake $0 | Jackpot $0 | Bingo $0 | Fortune $0 | Tax $0
Seat 1: 622314c4 folded before Flop (didn't bet)
Seat 2: 8ae6b703 collected ($0.25)
Seat 3: 91dfd5be (button) folded before Flop (didn't bet)
Seat 4: e69a38de (small blind) folded before Flop
Seat 5: 53cdae7b (big blind) folded before Flop
Seat 6: Hero folded before Flop (didn't bet)


Poker Hand #HD1782017684: Hold'em No Limit ($0.05/$0.1) - 2024/05/21 15:45:06
Table 'NLHRed12' 6-max Seat #2 is the button
Seat 1: 622314c4 ($10.82 in chips)
Seat 2: 8ae6b703 ($12.74 in chips)
Seat 3: 91dfd5be ($25.1 in chips)
Seat 4: e69a38de ($10.79 in chips)
Seat 5: 53cdae7b ($10.14 in chips)
Seat 6: Hero ($11.36 in chips)
91dfd5be: posts small blind $0.05
e69a38de: posts big blind $0.1
*** HOLE CARDS ***
Dealt to 622314c4 
Dealt to 8ae6b703 
Dealt to 91dfd5be 
Dealt to e69a38de 
Dealt to 53cdae7b 
Dealt to Hero [6d 3d]
53cdae7b: raises $0.15 to $0.25
Hero: folds
622314c4: folds
8ae6b703: folds
91dfd5be: calls $0.2
e69a38de: folds
*** FLOP *** [Kc Jh Qd]
91dfd5be: checks
53cdae7b: bets $0.3
91dfd5be: calls $0.3
*** TURN *** [Kc Jh Qd] [Qs]
91dfd5be: checks
53cdae7b: checks
*** RIVER *** [Kc Jh Qd Qs] [4d]
91dfd5be: checks
53cdae7b: checks
91dfd5be: shows [As Jd] (Pair of Queens and Pair of Jacks)
53cdae7b: shows [Ad 2h] (Pair of Queens)
*** SHOWDOWN ***
91dfd5be collected $1.14 from pot
*** SUMMARY ***
Total pot $1.2 | Rake $0.06 | Jackpot $0 | Bingo $0 | Fortune $0 | Tax $0
Board [Kc Jh Qd Qs 4d]
Seat 1: 622314c4 folded before Flop (didn't bet)
Seat 2: 8ae6b703 (button) folded before Flop (didn't bet)
Seat 3: 91dfd5be (small blind) showed [As Jd] and won ($1.14) with Pair of Queens and Pair of Jacks
Seat 4: e69a38de (big blind) folded before Flop
Seat 5: 53cdae7b showed [Ad 2h] and lost with Pair of Queens
Seat 6: Hero folded before Flop (didn't bet)


Poker Hand #HD1782017651: Hold'em No Limit ($0.05/$0.1) - 2024/05/21 15:44:45
Table 'NLHRed12' 6-max Seat #1 is the button
Seat 1: 622314c4 ($10.82 in chips)
Seat 2: 8ae6b703 ($12.79 in chips)
Seat 3: 91dfd5be ($24.95 in chips)
Seat 4: e69a38de ($10.89 in chips)
Seat 5: 53cdae7b ($10.14 in chips)
Seat 6: Hero ($11.36 in chips)
8ae6b703: posts small blind $0.05
91dfd5be: posts big blind $0.1
*** HOLE CARDS ***
Dealt to 622314c4 
Dealt to 8ae6b703 
Dealt to 91dfd5be 
Dealt to e69a38de 
Dealt to 53cdae7b 
Dealt to Hero [Td 5d]
e69a38de: calls $0.1
53cdae7b: folds
Hero: folds
622314c4: folds
8ae6b703: folds
91dfd5be: raises $0.19 to $0.29
e69a38de: folds
Uncalled bet ($0.19) returned to 91dfd5be
*** SHOWDOWN ***
91dfd5be collected $0.25 from pot
*** SUMMARY ***
Total pot $0.25 | Rake $0 | Jackpot $0 | Bingo $0 | Fortune $0 | Tax $0
Seat 1: 622314c4 (button) folded before Flop (didn't bet)
Seat 2: 8ae6b703 (small blind) folded before Flop
Seat 3: 91dfd5be (big blind) collected ($0.25)
Seat 4: e69a38de folded before Flop
Seat 5: 53cdae7b folded before Flop (didn't bet)
Seat 6: Hero folded before Flop (didn't bet)


Poker Hand #HD1782017587: Hold'em No Limit ($0.05/$0.1) - 2024/05/21 15:44:03
Table 'NLHRed12' 6-max Seat #6 is the button
Seat 1: 622314c4 ($10.87 in chips)
Seat 2: 8ae6b703 ($12.89 in chips)
Seat 3: 91dfd5be ($24.95 in chips)
Seat 4: e69a38de ($10.89 in chips)
Seat 5: 53cdae7b ($10 in chips)
Seat 6: Hero ($11.36 in chips)
622314c4: posts small blind $0.05
8ae6b703: posts big blind $0.1
53cdae7b: posts big blind $0.1
*** HOLE CARDS ***
Dealt to 622314c4 
Dealt to 8ae6b703 
Dealt to 91dfd5be 
Dealt to e69a38de 
Dealt to 53cdae7b 
Dealt to Hero [Qs 3d]
91dfd5be: folds
e69a38de: folds
53cdae7b: checks
Hero: folds
622314c4: folds
8ae6b703: checks
*** FLOP *** [Js Kc 3s]
8ae6b703: checks
53cdae7b: bets $0.13
8ae6b703: folds
Uncalled bet ($0.13) returned to 53cdae7b
*** SHOWDOWN ***
53cdae7b collected $0.24 from pot
*** SUMMARY ***
Total pot $0.25 | Rake $0.01 | Jackpot $0 | Bingo $0 | Fortune $0 | Tax $0
Board [Js Kc 3s]
Seat 1: 622314c4 (small blind) folded before Flop
Seat 2: 8ae6b703 (big blind) folded on the Flop
Seat 3: 91dfd5be folded before Flop (didn't bet)
Seat 4: e69a38de folded before Flop (didn't bet)
Seat 5: 53cdae7b won ($0.24)
Seat 6: Hero (button) folded before Flop (didn't bet)


Poker Hand #HD1782017560: Hold'em No Limit ($0.05/$0.1) - 2024/05/21 15:43:49
Table 'NLHRed12' 6-max Seat #4 is the button
Seat 1: 622314c4 ($10.97 in chips)
Seat 2: 8ae6b703 ($12.89 in chips)
Seat 3: 91dfd5be ($24.95 in chips)
Seat 4: e69a38de ($10.74 in chips)
Seat 6: Hero ($11.41 in chips)
Hero: posts small blind $0.05
622314c4: posts big blind $0.1
*** HOLE CARDS ***
Dealt to 622314c4 
Dealt to 8ae6b703 
Dealt to 91dfd5be 
Dealt to e69a38de 
Dealt to Hero [3s Qh]
8ae6b703: folds
91dfd5be: folds
e69a38de: raises $0.15 to $0.25
Hero: folds
622314c4: folds
Uncalled bet ($0.15) returned to e69a38de
*** SHOWDOWN ***
e69a38de collected $0.25 from pot
*** SUMMARY ***
Total pot $0.25 | Rake $0 | Jackpot $0 | Bingo $0 | Fortune $0 | Tax $0
Seat 1: 622314c4 (big blind) folded before Flop
Seat 2: 8ae6b703 folded before Flop (didn't bet)
Seat 3: 91dfd5be folded before Flop (didn't bet)
Seat 4: e69a38de (button) collected ($0.25)
Seat 6: Hero (small blind) folded before Flop


Poker Hand #HD1782017433: Hold'em No Limit ($0.05/$0.1) - 2024/05/21 15:42:36
Table 'NLHRed12' 6-max Seat #3 is the button
Seat 1: 622314c4 ($10.97 in chips)
Seat 2: 8ae6b703 ($12.89 in chips)
Seat 3: 91dfd5be ($23.42 in chips)
Seat 4: e69a38de ($12.44 in chips)
Seat 5: 3ee79e48 ($2.29 in chips)
Seat 6: Hero ($11.41 in chips)
e69a38de: posts small blind $0.05
3ee79e48: posts big blind $0.1
*** HOLE CARDS ***
Dealt to 622314c4 
Dealt to 8ae6b703 
Dealt to 91dfd5be 
Dealt to e69a38de 
Dealt to 3ee79e48 
Dealt to Hero [7s 2h]
Hero: folds
622314c4: folds
8ae6b703: folds
91dfd5be: calls $0.1
e69a38de: raises $0.3 to $0.4
3ee79e48: folds
91dfd5be: calls $0.3
*** FLOP *** [Jd 7h 4h]
e69a38de: bets $0.3
91dfd5be: calls $0.3
*** TURN *** [Jd 7h 4h] [Jc]
e69a38de: bets $1
91dfd5be: calls $1
*** RIVER *** [Jd 7h 4h Jc] [2d]
e69a38de: checks
91dfd5be: bets $1.16
e69a38de: folds
Uncalled bet ($1.16) returned to 91dfd5be
*** SHOWDOWN ***
91dfd5be collected $3.23 from pot
*** SUMMARY ***
Total pot $3.5 | Rake $0.17 | Jackpot $0.1 | Bingo $0 | Fortune $0 | Tax $0
Board [Jd 7h 4h Jc 2d]
Seat 1: 622314c4 folded before Flop (didn't bet)
Seat 2: 8ae6b703 folded before Flop (didn't bet)
Seat 3: 91dfd5be (button) won ($3.23)
Seat 4: e69a38de (small blind) folded on the River
Seat 5: 3ee79e48 (big blind) folded before Flop
Seat 6: Hero folded before Flop (didn't bet)


Poker Hand #HD1782017342: Hold'em No Limit ($0.05/$0.1) - 2024/05/21 15:41:43
Table 'NLHRed12' 6-max Seat #2 is the button
Seat 1: 622314c4 ($10.97 in chips)
Seat 2: 8ae6b703 ($12.89 in chips)
Seat 3: 91dfd5be ($23.33 in chips)
Seat 4: e69a38de ($12.54 in chips)
Seat 5: 3ee79e48 ($2.29 in chips)
Seat 6: Hero ($11.41 in chips)
91dfd5be: posts small blind $0.05
e69a38de: posts big blind $0.1
*** HOLE CARDS ***
Dealt to 622314c4 
Dealt to 8ae6b703 
Dealt to 91dfd5be 
Dealt to e69a38de 
Dealt to 3ee79e48 
Dealt to Hero [6h Qc]
3ee79e48: folds
Hero: folds
622314c4: folds
8ae6b703: folds
91dfd5be: calls $0.05
e69a38de: checks
*** FLOP *** [2s Jd 4h]
91dfd5be: checks
e69a38de: checks
*** TURN *** [2s Jd 4h] [Qs]
91dfd5be: checks
e69a38de: checks
*** RIVER *** [2s Jd 4h Qs] [7d]
91dfd5be: checks
e69a38de: checks
91dfd5be: shows [7s Ac] (Pair of Sevens)
e69a38de: shows [9c 8c] (Queen-High)
*** SHOWDOWN ***
91dfd5be collected $0.19 from pot
*** SUMMARY ***
Total pot $0.2 | Rake $0.01 | Jackpot $0 | Bingo $0 | Fortune $0 | Tax $0
Board [2s Jd 4h Qs 7d]
Seat 1: 622314c4 folded before Flop (didn't bet)
Seat 2: 8ae6b703 (button) folded before Flop (didn't bet)
Seat 3: 91dfd5be (small blind) showed [7s Ac] and won ($0.19) with Pair of Sevens
Seat 4: e69a38de (big blind) showed [9c 8c] and lost with Queen-High
Seat 5: 3ee79e48 folded before Flop (didn't bet)
Seat 6: Hero folded before Flop (didn't bet)


Poker Hand #HD1782017250: Hold'em No Limit ($0.05/$0.1) - 2024/05/21 15:40:53
Table 'NLHRed12' 6-max Seat #1 is the button
Seat 1: 622314c4 ($10.97 in chips)
Seat 2: 8ae6b703 ($11.61 in chips)
Seat 3: 91dfd5be ($24.33 in chips)
Seat 4: e69a38de ($12.74 in chips)
Seat 5: 3ee79e48 ($2.49 in chips)
Seat 6: Hero ($11.41 in chips)
8ae6b703: posts small blind $0.05
91dfd5be: posts big blind $0.1
*** HOLE CARDS ***
Dealt to 622314c4 
Dealt to 8ae6b703 
Dealt to 91dfd5be 
Dealt to e69a38de 
Dealt to 3ee79e48 
Dealt to Hero [4c Jd]
e69a38de: raises $0.1 to $0.2
3ee79e48: calls $0.2
Hero: folds
622314c4: folds
8ae6b703: raises $0.8 to $1
91dfd5be: calls $0.9
e69a38de: folds
3ee79e48: folds
*** FLOP *** [3c 8h Ad]
8ae6b703: bets $0.8
91dfd5be: folds
Uncalled bet ($0.8) returned to 8ae6b703
*** SHOWDOWN ***
8ae6b703 collected $2.28 from pot
*** SUMMARY ***
Total pot $2.4 | Rake $0.12 | Jackpot $0 | Bingo $0 | Fortune $0 | Tax $0
Board [3c 8h Ad]
Seat 1: 622314c4 (button) folded before Flop (didn't bet)
Seat 2: 8ae6b703 (small blind) won ($2.28)
Seat 3: 91dfd5be (big blind) folded on the Flop
Seat 4: e69a38de folded before Flop
Seat 5: 3ee79e48 folded before Flop
Seat 6: Hero folded before Flop (didn't bet)


Poker Hand #HD1782017167: Hold'em No Limit ($0.05/$0.1) - 2024/05/21 15:40:15
Table 'NLHRed12' 6-max Seat #6 is the button
Seat 1: 622314c4 ($11.02 in chips)
Seat 2: 8ae6b703 ($11.81 in chips)
Seat 3: 91dfd5be ($24.1 in chips)
Seat 4: e69a38de ($12.74 in chips)
Seat 5: 3ee79e48 ($2.49 in chips)
Seat 6: Hero ($11.41 in chips)
622314c4: posts small blind $0.05
8ae6b703: posts big blind $0.1
*** HOLE CARDS ***
Dealt to 622314c4 
Dealt to 8ae6b703 
Dealt to 91dfd5be 
Dealt to e69a38de 
Dealt to 3ee79e48 
Dealt to Hero [6h 8d]
91dfd5be: raises $0.1 to $0.2
e69a38de: folds
3ee79e48: folds
Hero: folds
622314c4: folds
8ae6b703: calls $0.1
*** FLOP *** [5c 3d 4c]
8ae6b703: checks
91dfd5be: bets $0.15
8ae6b703: folds
Uncalled bet ($0.15) returned to 91dfd5be
*** SHOWDOWN ***
91dfd5be collected $0.43 from pot
*** SUMMARY ***
Total pot $0.45 | Rake $0.02 | Jackpot $0 | Bingo $0 | Fortune $0 | Tax $0
Board [5c 3d 4c]
Seat 1: 622314c4 (small blind) folded before Flop
Seat 2: 8ae6b703 (big blind) folded on the Flop
Seat 3: 91dfd5be won ($0.43)
Seat 4: e69a38de folded before Flop (didn't bet)
Seat 5: 3ee79e48 folded before Flop (didn't bet)
Seat 6: Hero (button) folded before Flop (didn't bet)


Poker Hand #HD1782017051: Hold'em No Limit ($0.05/$0.1) - 2024/05/21 15:39:13
Table 'NLHRed12' 6-max Seat #5 is the button
Seat 1: 622314c4 ($10.14 in chips)
Seat 2: 8ae6b703 ($11.81 in chips)
Seat 3: 91dfd5be ($24.1 in chips)
Seat 4: e69a38de ($13.66 in chips)
Seat 5: 3ee79e48 ($2.49 in chips)
Seat 6: Hero ($11.46 in chips)
Hero: posts small blind $0.05
622314c4: posts big blind $0.1
*** HOLE CARDS ***
Dealt to 622314c4 
Dealt to 8ae6b703 
Dealt to 91dfd5be 
Dealt to e69a38de 
Dealt to 3ee79e48 
Dealt to Hero [9d Jc]
8ae6b703: folds
91dfd5be: folds
e69a38de: raises $0.1 to $0.2
3ee79e48: folds
Hero: folds
622314c4: calls $0.1
*** FLOP *** [Td Ah Jd]
622314c4: checks
e69a38de: bets $0.15
622314c4: calls $0.15
*** TURN *** [Td Ah Jd] [9s]
622314c4: checks
e69a38de: checks
*** RIVER *** [Td Ah Jd 9s] [4s]
622314c4: bets $0.57
e69a38de: calls $0.57
622314c4: shows [9c Tc] (Pair of Tens and Pair of Nines)
e69a38de: shows [2d Ad] (Pair of Aces)
*** SHOWDOWN ***
622314c4 collected $1.8 from pot
*** SUMMARY ***
Total pot $1.89 | Rake $0.09 | Jackpot $0 | Bingo $0 | Fortune $0 | Tax $0
Board [Td Ah Jd 9s 4s]
Seat 1: 622314c4 (big blind) showed [9c Tc] and won ($1.8) with Pair of Tens and Pair of Nines
Seat 2: 8ae6b703 folded before Flop (didn't bet)
Seat 3: 91dfd5be folded before Flop (didn't bet)
Seat 4: e69a38de showed [2d Ad] and lost with Pair of Aces
Seat 5: 3ee79e48 (button) folded before Flop (didn't bet)
Seat 6: Hero (small blind) folded before Flop


Poker Hand #HD1782016923: Hold'em No Limit ($0.05/$0.1) - 2024/05/21 15:38:12
Table 'NLHRed12' 6-max Seat #4 is the button
Seat 1: 622314c4 ($10.14 in chips)
Seat 2: 8ae6b703 ($13.11 in chips)
Seat 3: 91dfd5be ($24.35 in chips)
Seat 4: e69a38de ($13.66 in chips)
Seat 5: 3ee79e48 ($2.54 in chips)
Seat 6: Hero ($10 in chips)
3ee79e48: posts small blind $0.05
Hero: posts big blind $0.1
*** HOLE CARDS ***
Dealt to 622314c4 
Dealt to 8ae6b703 
Dealt to 91dfd5be 
Dealt to e69a38de 
Dealt to 3ee79e48 
Dealt to Hero [As Js]
622314c4: folds
8ae6b703: raises $0.15 to $0.25
91dfd5be: calls $0.25
e69a38de: folds
3ee79e48: folds
Hero: raises $1.05 to $1.3
8ae6b703: calls $1.05
91dfd5be: folds
*** FLOP *** [2h Ah 4c]
Hero: bets $1
8ae6b703: folds
Uncalled bet ($1) returned to Hero
*** SHOWDOWN ***
Hero collected $2.76 from pot
*** SUMMARY ***
Total pot $2.9 | Rake $0.14 | Jackpot $0 | Bingo $0 | Fortune $0 | Tax $0
Board [2h Ah 4c]
Seat 1: 622314c4 folded before Flop (didn't bet)
Seat 2: 8ae6b703 folded on the Flop
Seat 3: 91dfd5be folded before Flop
Seat 4: e69a38de (button) folded before Flop (didn't bet)
Seat 5: 3ee79e48 (small blind) folded before Flop
Seat 6: Hero (big blind) won ($2.76)


