Poker Hand #HD1761211288: Hold'em No Limit ($0.05/$0.1) - 2024/05/06 17:34:41
Table 'NLHRed80' 6-max Seat #1 is the button
Seat 1: aa3dddca ($10.23 in chips)
Seat 2: f5ab228 ($12.79 in chips)
Seat 3: c4fc6428 ($9.94 in chips)
Seat 4: Hero ($11.82 in chips)
Seat 5: 3b40aa6c ($9.95 in chips)
Seat 6: 3819c637 ($2.68 in chips)
f5ab228: posts small blind $0.05
c4fc6428: posts big blind $0.1
*** HOLE CARDS ***
Dealt to aa3dddca 
Dealt to f5ab228 
Dealt to c4fc6428 
Dealt to Hero [4h Ad]
Dealt to 3b40aa6c 
Dealt to 3819c637 
Hero: folds
3b40aa6c: folds
3819c637: raises $0.3 to $0.4
aa3dddca: folds
f5ab228: raises $0.8 to $1.2
c4fc6428: folds
3819c637: calls $0.8
*** FLOP *** [Jh Qs 5d]
f5ab228: bets $1.88
3819c637: calls $1.48 and is all-in
Uncalled bet ($0.4) returned to f5ab228
f5ab228: shows [Ts Th] (Pair of Tens)
3819c637: shows [2s 4s] (Queen-High)
*** TURN *** [Jh Qs 5d] [6h]
*** RIVER *** [Jh Qs 5d 6h] [6c]
*** SHOWDOWN ***
f5ab228 collected $5.1 from pot
*** SUMMARY ***
Total pot $5.46 | Rake $0.26 | Jackpot $0.1 | Bingo $0 | Fortune $0 | Tax $0
Board [Jh Qs 5d 6h 6c]
Seat 1: aa3dddca (button) folded before Flop (didn't bet)
Seat 2: f5ab228 (small blind) showed [Ts Th] and won ($5.1) with Pair of Tens and Pair of Sixes
Seat 3: c4fc6428 (big blind) folded before Flop
Seat 4: Hero folded before Flop (didn't bet)
Seat 5: 3b40aa6c folded before Flop (didn't bet)
Seat 6: 3819c637 showed [2s 4s] and lost with Pair of Sixes


Poker Hand #HD1761211171: Hold'em No Limit ($0.05/$0.1) - 2024/05/06 17:34:02
Table 'NLHRed80' 6-max Seat #6 is the button
Seat 1: aa3dddca ($10.28 in chips)
Seat 2: f5ab228 ($12.89 in chips)
Seat 3: c4fc6428 ($10.04 in chips)
Seat 4: Hero ($11.82 in chips)
Seat 5: 3b40aa6c ($9.95 in chips)
Seat 6: 3819c637 ($2.45 in chips)
aa3dddca: posts small blind $0.05
f5ab228: posts big blind $0.1
*** HOLE CARDS ***
Dealt to aa3dddca 
Dealt to f5ab228 
Dealt to c4fc6428 
Dealt to Hero [2s Jh]
Dealt to 3b40aa6c 
Dealt to 3819c637 
c4fc6428: calls $0.1
Hero: folds
3b40aa6c: folds
3819c637: raises $0.3 to $0.4
aa3dddca: folds
f5ab228: folds
c4fc6428: folds
Uncalled bet ($0.3) returned to 3819c637
*** SHOWDOWN ***
3819c637 collected $0.33 from pot
*** SUMMARY ***
Total pot $0.35 | Rake $0.02 | Jackpot $0 | Bingo $0 | Fortune $0 | Tax $0
Seat 1: aa3dddca (small blind) folded before Flop
Seat 2: f5ab228 (big blind) folded before Flop
Seat 3: c4fc6428 folded before Flop
Seat 4: Hero folded before Flop (didn't bet)
Seat 5: 3b40aa6c folded before Flop (didn't bet)
Seat 6: 3819c637 (button) collected ($0.33)


Poker Hand #HD1761211042: Hold'em No Limit ($0.05/$0.1) - 2024/05/06 17:33:16
Table 'NLHRed80' 6-max Seat #5 is the button
Seat 1: aa3dddca ($10.38 in chips)
Seat 2: f5ab228 ($12.89 in chips)
Seat 3: c4fc6428 ($9.9 in chips)
Seat 4: Hero ($11.82 in chips)
Seat 5: 3b40aa6c ($9.95 in chips)
Seat 6: 3819c637 ($2.5 in chips)
3819c637: posts small blind $0.05
aa3dddca: posts big blind $0.1
*** HOLE CARDS ***
Dealt to aa3dddca 
Dealt to f5ab228 
Dealt to c4fc6428 
Dealt to Hero [Kd 2c]
Dealt to 3b40aa6c 
Dealt to 3819c637 
f5ab228: folds
c4fc6428: calls $0.1
Hero: folds
3b40aa6c: folds
3819c637: folds
aa3dddca: checks
*** FLOP *** [Qh 7d 6s]
aa3dddca: checks
c4fc6428: bets $0.13
aa3dddca: folds
Uncalled bet ($0.13) returned to c4fc6428
*** SHOWDOWN ***
c4fc6428 collected $0.24 from pot
*** SUMMARY ***
Total pot $0.25 | Rake $0.01 | Jackpot $0 | Bingo $0 | Fortune $0 | Tax $0
Board [Qh 7d 6s]
Seat 1: aa3dddca (big blind) folded on the Flop
Seat 2: f5ab228 folded before Flop (didn't bet)
Seat 3: c4fc6428 won ($0.24)
Seat 4: Hero folded before Flop (didn't bet)
Seat 5: 3b40aa6c (button) folded before Flop (didn't bet)
Seat 6: 3819c637 (small blind) folded before Flop


Poker Hand #HD1761210972: Hold'em No Limit ($0.05/$0.1) - 2024/05/06 17:32:46
Table 'NLHRed80' 6-max Seat #4 is the button
Seat 1: aa3dddca ($10.38 in chips)
Seat 2: f5ab228 ($12.89 in chips)
Seat 3: c4fc6428 ($9.9 in chips)
Seat 4: Hero ($12.33 in chips)
Seat 5: 3b40aa6c ($10 in chips)
Seat 6: 3819c637 ($2 in chips)
3b40aa6c: posts small blind $0.05
3819c637: posts big blind $0.1
*** HOLE CARDS ***
Dealt to aa3dddca 
Dealt to f5ab228 
Dealt to c4fc6428 
Dealt to Hero [9c 9h]
Dealt to 3b40aa6c 
Dealt to 3819c637 
aa3dddca: folds
f5ab228: folds
c4fc6428: folds
Hero: raises $0.14 to $0.24
3b40aa6c: folds
3819c637: raises $0.27 to $0.51
Hero: calls $0.27
*** FLOP *** [Ah 5c 6c]
3819c637: bets $0.81
Hero: folds
Uncalled bet ($0.81) returned to 3819c637
*** SHOWDOWN ***
3819c637 collected $1.01 from pot
*** SUMMARY ***
Total pot $1.07 | Rake $0.06 | Jackpot $0 | Bingo $0 | Fortune $0 | Tax $0
Board [Ah 5c 6c]
Seat 1: aa3dddca folded before Flop (didn't bet)
Seat 2: f5ab228 folded before Flop (didn't bet)
Seat 3: c4fc6428 folded before Flop (didn't bet)
Seat 4: Hero (button) folded on the Flop
Seat 5: 3b40aa6c (small blind) folded before Flop
Seat 6: 3819c637 (big blind) won ($1.01)


Poker Hand #HD1761210920: Hold'em No Limit ($0.05/$0.1) - 2024/05/06 17:32:27
Table 'NLHRed80' 6-max Seat #3 is the button
Seat 1: aa3dddca ($10.38 in chips)
Seat 2: f5ab228 ($12.89 in chips)
Seat 3: c4fc6428 ($9.9 in chips)
Seat 4: Hero ($12.38 in chips)
Seat 5: 3b40aa6c ($9.95 in chips)
Hero: posts small blind $0.05
3b40aa6c: posts big blind $0.1
*** HOLE CARDS ***
Dealt to aa3dddca 
Dealt to f5ab228 
Dealt to c4fc6428 
Dealt to Hero [Kc 6s]
Dealt to 3b40aa6c 
aa3dddca: folds
f5ab228: folds
c4fc6428: folds
Hero: folds
Uncalled bet ($0.05) returned to 3b40aa6c
*** SHOWDOWN ***
3b40aa6c collected $0.1 from pot
*** SUMMARY ***
Total pot $0.1 | Rake $0 | Jackpot $0 | Bingo $0 | Fortune $0 | Tax $0
Seat 1: aa3dddca folded before Flop (didn't bet)
Seat 2: f5ab228 folded before Flop (didn't bet)
Seat 3: c4fc6428 (button) folded before Flop (didn't bet)
Seat 4: Hero (small blind) folded before Flop
Seat 5: 3b40aa6c (big blind) collected ($0.1)


Poker Hand #HD1761210875: Hold'em No Limit ($0.05/$0.1) - 2024/05/06 17:32:11
Table 'NLHRed80' 6-max Seat #2 is the button
Seat 1: aa3dddca ($10.38 in chips)
Seat 2: f5ab228 ($12.89 in chips)
Seat 3: c4fc6428 ($9.95 in chips)
Seat 4: Hero ($12.33 in chips)
Seat 5: 3b40aa6c ($9.95 in chips)
c4fc6428: posts small blind $0.05
Hero: posts big blind $0.1
*** HOLE CARDS ***
Dealt to aa3dddca 
Dealt to f5ab228 
Dealt to c4fc6428 
Dealt to Hero [Jc 6d]
Dealt to 3b40aa6c 
3b40aa6c: folds
aa3dddca: folds
f5ab228: folds
c4fc6428: folds
Uncalled bet ($0.05) returned to Hero
*** SHOWDOWN ***
Hero collected $0.1 from pot
*** SUMMARY ***
Total pot $0.1 | Rake $0 | Jackpot $0 | Bingo $0 | Fortune $0 | Tax $0
Seat 1: aa3dddca folded before Flop (didn't bet)
Seat 2: f5ab228 (button) folded before Flop (didn't bet)
Seat 3: c4fc6428 (small blind) folded before Flop
Seat 4: Hero (big blind) collected ($0.1)
Seat 5: 3b40aa6c folded before Flop (didn't bet)


Poker Hand #HD1761210835: Hold'em No Limit ($0.05/$0.1) - 2024/05/06 17:31:55
Table 'NLHRed80' 6-max Seat #1 is the button
Seat 1: aa3dddca ($10.38 in chips)
Seat 2: f5ab228 ($12.94 in chips)
Seat 3: c4fc6428 ($9.9 in chips)
Seat 4: Hero ($12.33 in chips)
Seat 5: 3b40aa6c ($9.95 in chips)
f5ab228: posts small blind $0.05
c4fc6428: posts big blind $0.1
*** HOLE CARDS ***
Dealt to aa3dddca 
Dealt to f5ab228 
Dealt to c4fc6428 
Dealt to Hero [8c Js]
Dealt to 3b40aa6c 
Hero: folds
3b40aa6c: folds
aa3dddca: folds
f5ab228: folds
Uncalled bet ($0.05) returned to c4fc6428
*** SHOWDOWN ***
c4fc6428 collected $0.1 from pot
*** SUMMARY ***
Total pot $0.1 | Rake $0 | Jackpot $0 | Bingo $0 | Fortune $0 | Tax $0
Seat 1: aa3dddca (button) folded before Flop (didn't bet)
Seat 2: f5ab228 (small blind) folded before Flop
Seat 3: c4fc6428 (big blind) collected ($0.1)
Seat 4: Hero folded before Flop (didn't bet)
Seat 5: 3b40aa6c folded before Flop (didn't bet)


Poker Hand #HD1761210811: Hold'em No Limit ($0.05/$0.1) - 2024/05/06 17:31:44
Table 'NLHRed80' 6-max Seat #5 is the button
Seat 1: aa3dddca ($10.43 in chips)
Seat 2: f5ab228 ($12.89 in chips)
Seat 4: Hero ($12.33 in chips)
Seat 5: 3b40aa6c ($9.95 in chips)
aa3dddca: posts small blind $0.05
f5ab228: posts big blind $0.1
*** HOLE CARDS ***
Dealt to aa3dddca 
Dealt to f5ab228 
Dealt to Hero [4d 2s]
Dealt to 3b40aa6c 
Hero: folds
3b40aa6c: folds
aa3dddca: folds
Uncalled bet ($0.05) returned to f5ab228
*** SHOWDOWN ***
f5ab228 collected $0.1 from pot
*** SUMMARY ***
Total pot $0.1 | Rake $0 | Jackpot $0 | Bingo $0 | Fortune $0 | Tax $0
Seat 1: aa3dddca (small blind) folded before Flop
Seat 2: f5ab228 (big blind) collected ($0.1)
Seat 4: Hero folded before Flop (didn't bet)
Seat 5: 3b40aa6c (button) folded before Flop (didn't bet)


Poker Hand #HD1761210649: Hold'em No Limit ($0.05/$0.1) - 2024/05/06 17:30:49
Table 'NLHRed80' 6-max Seat #4 is the button
Seat 1: aa3dddca ($10.67 in chips)
Seat 2: f5ab228 ($12.89 in chips)
Seat 4: Hero ($12.06 in chips)
Seat 5: 3b40aa6c ($10 in chips)
3b40aa6c: posts small blind $0.05
aa3dddca: posts big blind $0.1
*** HOLE CARDS ***
Dealt to aa3dddca 
Dealt to f5ab228 
Dealt to Hero [5s 6s]
Dealt to 3b40aa6c 
f5ab228: folds
Hero: raises $0.14 to $0.24
3b40aa6c: folds
aa3dddca: calls $0.14
*** FLOP *** [8s Ah 4s]
aa3dddca: checks
Hero: bets $0.4
aa3dddca: folds
Uncalled bet ($0.4) returned to Hero
*** SHOWDOWN ***
Hero collected $0.51 from pot
*** SUMMARY ***
Total pot $0.53 | Rake $0.02 | Jackpot $0 | Bingo $0 | Fortune $0 | Tax $0
Board [8s Ah 4s]
Seat 1: aa3dddca (big blind) folded on the Flop
Seat 2: f5ab228 folded before Flop (didn't bet)
Seat 4: Hero (button) won ($0.51)
Seat 5: 3b40aa6c (small blind) folded before Flop


Poker Hand #HD1761210599: Hold'em No Limit ($0.05/$0.1) - 2024/05/06 17:30:32
Table 'NLHRed80' 6-max Seat #2 is the button
Seat 1: aa3dddca ($10.67 in chips)
Seat 2: f5ab228 ($12.89 in chips)
Seat 4: Hero ($11.96 in chips)
Seat 5: 3b40aa6c ($9.95 in chips)
Seat 6: efafccc ($10.73 in chips)
Hero: posts small blind $0.05
3b40aa6c: posts big blind $0.1
*** HOLE CARDS ***
Dealt to aa3dddca 
Dealt to f5ab228 
Dealt to Hero [2s 2h]
Dealt to 3b40aa6c 
Dealt to efafccc 
efafccc: folds
aa3dddca: folds
f5ab228: folds
Hero: raises $0.2 to $0.3
3b40aa6c: folds
Uncalled bet ($0.2) returned to Hero
*** SHOWDOWN ***
Hero collected $0.2 from pot
*** SUMMARY ***
Total pot $0.2 | Rake $0 | Jackpot $0 | Bingo $0 | Fortune $0 | Tax $0
Seat 1: aa3dddca folded before Flop (didn't bet)
Seat 2: f5ab228 (button) folded before Flop (didn't bet)
Seat 4: Hero (small blind) collected ($0.2)
Seat 5: 3b40aa6c (big blind) folded before Flop
Seat 6: efafccc folded before Flop (didn't bet)


Poker Hand #HD1761210440: Hold'em No Limit ($0.05/$0.1) - 2024/05/06 17:29:33
Table 'NLHRed80' 6-max Seat #1 is the button
Seat 1: aa3dddca ($10.67 in chips)
Seat 2: f5ab228 ($12.94 in chips)
Seat 3: c4fc6428 ($10 in chips)
Seat 4: Hero ($11.96 in chips)
Seat 5: 3b40aa6c ($9.95 in chips)
Seat 6: efafccc ($10.58 in chips)
f5ab228: posts small blind $0.05
c4fc6428: posts big blind $0.1
*** HOLE CARDS ***
Dealt to aa3dddca 
Dealt to f5ab228 
Dealt to c4fc6428 
Dealt to Hero [3s Td]
Dealt to 3b40aa6c 
Dealt to efafccc 
Hero: folds
3b40aa6c: folds
efafccc: raises $0.15 to $0.25
aa3dddca: folds
f5ab228: folds
c4fc6428: folds
Uncalled bet ($0.15) returned to efafccc
*** SHOWDOWN ***
efafccc collected $0.25 from pot
*** SUMMARY ***
Total pot $0.25 | Rake $0 | Jackpot $0 | Bingo $0 | Fortune $0 | Tax $0
Seat 1: aa3dddca (button) folded before Flop (didn't bet)
Seat 2: f5ab228 (small blind) folded before Flop
Seat 3: c4fc6428 (big blind) folded before Flop
Seat 4: Hero folded before Flop (didn't bet)
Seat 5: 3b40aa6c folded before Flop (didn't bet)
Seat 6: efafccc collected ($0.25)


Poker Hand #HD1761210394: Hold'em No Limit ($0.05/$0.1) - 2024/05/06 17:29:17
Table 'NLHRed80' 6-max Seat #6 is the button
Seat 1: aa3dddca ($10.72 in chips)
Seat 2: f5ab228 ($13.04 in chips)
Seat 4: Hero ($11.96 in chips)
Seat 5: 3b40aa6c ($9.95 in chips)
Seat 6: efafccc ($10.43 in chips)
aa3dddca: posts small blind $0.05
f5ab228: posts big blind $0.1
*** HOLE CARDS ***
Dealt to aa3dddca 
Dealt to f5ab228 
Dealt to Hero [Jd 4s]
Dealt to 3b40aa6c 
Dealt to efafccc 
Hero: folds
3b40aa6c: folds
efafccc: raises $0.15 to $0.25
aa3dddca: folds
f5ab228: folds
Uncalled bet ($0.15) returned to efafccc
*** SHOWDOWN ***
efafccc collected $0.25 from pot
*** SUMMARY ***
Total pot $0.25 | Rake $0 | Jackpot $0 | Bingo $0 | Fortune $0 | Tax $0
Seat 1: aa3dddca (small blind) folded before Flop
Seat 2: f5ab228 (big blind) folded before Flop
Seat 4: Hero folded before Flop (didn't bet)
Seat 5: 3b40aa6c folded before Flop (didn't bet)
Seat 6: efafccc (button) collected ($0.25)


Poker Hand #HD1761210351: Hold'em No Limit ($0.05/$0.1) - 2024/05/06 17:29:03
Table 'NLHRed80' 6-max Seat #5 is the button
Seat 1: aa3dddca ($10.82 in chips)
Seat 2: f5ab228 ($13.04 in chips)
Seat 4: Hero ($11.96 in chips)
Seat 5: 3b40aa6c ($9.95 in chips)
Seat 6: efafccc ($10.33 in chips)
efafccc: posts small blind $0.05
aa3dddca: posts big blind $0.1
*** HOLE CARDS ***
Dealt to aa3dddca 
Dealt to f5ab228 
Dealt to Hero [Kd 2c]
Dealt to 3b40aa6c 
Dealt to efafccc 
f5ab228: folds
Hero: folds
3b40aa6c: folds
efafccc: raises $0.15 to $0.25
aa3dddca: folds
Uncalled bet ($0.15) returned to efafccc
*** SHOWDOWN ***
efafccc collected $0.2 from pot
*** SUMMARY ***
Total pot $0.2 | Rake $0 | Jackpot $0 | Bingo $0 | Fortune $0 | Tax $0
Seat 1: aa3dddca (big blind) folded before Flop
Seat 2: f5ab228 folded before Flop (didn't bet)
Seat 4: Hero folded before Flop (didn't bet)
Seat 5: 3b40aa6c (button) folded before Flop (didn't bet)
Seat 6: efafccc (small blind) collected ($0.2)


Poker Hand #HD1761210282: Hold'em No Limit ($0.05/$0.1) - 2024/05/06 17:28:38
Table 'NLHRed80' 6-max Seat #4 is the button
Seat 1: aa3dddca ($10.82 in chips)
Seat 2: f5ab228 ($13.24 in chips)
Seat 4: Hero ($11.63 in chips)
Seat 5: 3b40aa6c ($10 in chips)
Seat 6: efafccc ($10.43 in chips)
3b40aa6c: posts small blind $0.05
efafccc: posts big blind $0.1
*** HOLE CARDS ***
Dealt to aa3dddca 
Dealt to f5ab228 
Dealt to Hero [Ad Qh]
Dealt to 3b40aa6c 
Dealt to efafccc 
aa3dddca: folds
f5ab228: raises $0.1 to $0.2
Hero: raises $0.55 to $0.75
3b40aa6c: folds
efafccc: folds
f5ab228: folds
Uncalled bet ($0.55) returned to Hero
*** SHOWDOWN ***
Hero collected $0.53 from pot
*** SUMMARY ***
Total pot $0.55 | Rake $0.02 | Jackpot $0 | Bingo $0 | Fortune $0 | Tax $0
Seat 1: aa3dddca folded before Flop (didn't bet)
Seat 2: f5ab228 folded before Flop
Seat 4: Hero (button) collected ($0.53)
Seat 5: 3b40aa6c (small blind) folded before Flop
Seat 6: efafccc (big blind) folded before Flop


Poker Hand #HD1761210203: Hold'em No Limit ($0.05/$0.1) - 2024/05/06 17:28:04
Table 'NLHRed80' 6-max Seat #2 is the button
Seat 1: aa3dddca ($10.82 in chips)
Seat 2: f5ab228 ($13.24 in chips)
Seat 4: Hero ($11.53 in chips)
Seat 5: 3b40aa6c ($9.95 in chips)
Seat 6: efafccc ($10.43 in chips)
Hero: posts small blind $0.05
3b40aa6c: posts big blind $0.1
*** HOLE CARDS ***
Dealt to aa3dddca 
Dealt to f5ab228 
Dealt to Hero [Js Qh]
Dealt to 3b40aa6c 
Dealt to efafccc 
efafccc: folds
aa3dddca: folds
f5ab228: folds
Hero: raises $0.2 to $0.3
3b40aa6c: folds
Uncalled bet ($0.2) returned to Hero
*** SHOWDOWN ***
Hero collected $0.2 from pot
*** SUMMARY ***
Total pot $0.2 | Rake $0 | Jackpot $0 | Bingo $0 | Fortune $0 | Tax $0
Seat 1: aa3dddca folded before Flop (didn't bet)
Seat 2: f5ab228 (button) folded before Flop (didn't bet)
Seat 4: Hero (small blind) collected ($0.2)
Seat 5: 3b40aa6c (big blind) folded before Flop
Seat 6: efafccc folded before Flop (didn't bet)


Poker Hand #HD1761210142: Hold'em No Limit ($0.05/$0.1) - 2024/05/06 17:27:40
Table 'NLHRed80' 6-max Seat #1 is the button
Seat 1: aa3dddca ($10.82 in chips)
Seat 2: f5ab228 ($13.29 in chips)
Seat 4: Hero ($11.63 in chips)
Seat 5: 3b40aa6c ($9.95 in chips)
Seat 6: efafccc ($10.28 in chips)
f5ab228: posts small blind $0.05
Hero: posts big blind $0.1
*** HOLE CARDS ***
Dealt to aa3dddca 
Dealt to f5ab228 
Dealt to Hero [8c Jd]
Dealt to 3b40aa6c 
Dealt to efafccc 
3b40aa6c: folds
efafccc: raises $0.15 to $0.25
aa3dddca: folds
f5ab228: folds
Hero: folds
Uncalled bet ($0.15) returned to efafccc
*** SHOWDOWN ***
efafccc collected $0.25 from pot
*** SUMMARY ***
Total pot $0.25 | Rake $0 | Jackpot $0 | Bingo $0 | Fortune $0 | Tax $0
Seat 1: aa3dddca (button) folded before Flop (didn't bet)
Seat 2: f5ab228 (small blind) folded before Flop
Seat 4: Hero (big blind) folded before Flop
Seat 5: 3b40aa6c folded before Flop (didn't bet)
Seat 6: efafccc collected ($0.25)


Poker Hand #HD1761210072: Hold'em No Limit ($0.05/$0.1) - 2024/05/06 17:27:13
Table 'NLHRed80' 6-max Seat #6 is the button
Seat 1: aa3dddca ($10.87 in chips)
Seat 2: f5ab228 ($13.39 in chips)
Seat 3: 1281baaf ($6.74 in chips)
Seat 4: Hero ($11.83 in chips)
Seat 5: 3b40aa6c ($9.95 in chips)
Seat 6: efafccc ($9.95 in chips)
aa3dddca: posts small blind $0.05
f5ab228: posts big blind $0.1
*** HOLE CARDS ***
Dealt to aa3dddca 
Dealt to f5ab228 
Dealt to 1281baaf 
Dealt to Hero [Tc Ah]
Dealt to 3b40aa6c 
Dealt to efafccc 
1281baaf: folds
Hero: raises $0.1 to $0.2
3b40aa6c: folds
efafccc: raises $0.4 to $0.6
aa3dddca: folds
f5ab228: folds
Hero: folds
Uncalled bet ($0.4) returned to efafccc
*** SHOWDOWN ***
efafccc collected $0.53 from pot
*** SUMMARY ***
Total pot $0.55 | Rake $0.02 | Jackpot $0 | Bingo $0 | Fortune $0 | Tax $0
Seat 1: aa3dddca (small blind) folded before Flop
Seat 2: f5ab228 (big blind) folded before Flop
Seat 3: 1281baaf folded before Flop (didn't bet)
Seat 4: Hero folded before Flop
Seat 5: 3b40aa6c folded before Flop (didn't bet)
Seat 6: efafccc (button) collected ($0.53)


Poker Hand #HD1761209996: Hold'em No Limit ($0.05/$0.1) - 2024/05/06 17:26:48
Table 'NLHRed80' 6-max Seat #5 is the button
Seat 1: aa3dddca ($10.97 in chips)
Seat 2: f5ab228 ($13.39 in chips)
Seat 3: 1281baaf ($6.59 in chips)
Seat 4: Hero ($11.83 in chips)
Seat 5: 3b40aa6c ($9.95 in chips)
Seat 6: efafccc ($10 in chips)
efafccc: posts small blind $0.05
aa3dddca: posts big blind $0.1
*** HOLE CARDS ***
Dealt to aa3dddca 
Dealt to f5ab228 
Dealt to 1281baaf 
Dealt to Hero [Jc 9h]
Dealt to 3b40aa6c 
Dealt to efafccc 
f5ab228: folds
1281baaf: raises $0.3 to $0.4
Hero: folds
3b40aa6c: folds
efafccc: folds
aa3dddca: folds
Uncalled bet ($0.3) returned to 1281baaf
*** SHOWDOWN ***
1281baaf collected $0.25 from pot
*** SUMMARY ***
Total pot $0.25 | Rake $0 | Jackpot $0 | Bingo $0 | Fortune $0 | Tax $0
Seat 1: aa3dddca (big blind) folded before Flop
Seat 2: f5ab228 folded before Flop (didn't bet)
Seat 3: 1281baaf collected ($0.25)
Seat 4: Hero folded before Flop (didn't bet)
Seat 5: 3b40aa6c (button) folded before Flop (didn't bet)
Seat 6: efafccc (small blind) folded before Flop


Poker Hand #HD1761209959: Hold'em No Limit ($0.05/$0.1) - 2024/05/06 17:26:37
Table 'NLHRed80' 6-max Seat #4 is the button
Seat 1: aa3dddca ($10.97 in chips)
Seat 2: f5ab228 ($13.39 in chips)
Seat 3: 1281baaf ($6.44 in chips)
Seat 4: Hero ($11.83 in chips)
Seat 5: 3b40aa6c ($10 in chips)
Seat 6: efafccc ($10 in chips)
3b40aa6c: posts small blind $0.05
efafccc: posts big blind $0.1
*** HOLE CARDS ***
Dealt to aa3dddca 
Dealt to f5ab228 
Dealt to 1281baaf 
Dealt to Hero [Qc 6h]
Dealt to 3b40aa6c 
Dealt to efafccc 
aa3dddca: folds
f5ab228: folds
1281baaf: raises $0.3 to $0.4
Hero: folds
3b40aa6c: folds
efafccc: folds
Uncalled bet ($0.3) returned to 1281baaf
*** SHOWDOWN ***
1281baaf collected $0.25 from pot
*** SUMMARY ***
Total pot $0.25 | Rake $0 | Jackpot $0 | Bingo $0 | Fortune $0 | Tax $0
Seat 1: aa3dddca folded before Flop (didn't bet)
Seat 2: f5ab228 folded before Flop (didn't bet)
Seat 3: 1281baaf collected ($0.25)
Seat 4: Hero (button) folded before Flop (didn't bet)
Seat 5: 3b40aa6c (small blind) folded before Flop
Seat 6: efafccc (big blind) folded before Flop


Poker Hand #HD1761209798: Hold'em No Limit ($0.05/$0.1) - 2024/05/06 17:25:38
Table 'NLHRed80' 6-max Seat #3 is the button
Seat 1: aa3dddca ($10.97 in chips)
Seat 2: f5ab228 ($11.91 in chips)
Seat 3: 1281baaf ($6.67 in chips)
Seat 4: Hero ($11.88 in chips)
Seat 5: 3b40aa6c ($9.95 in chips)
Seat 6: efafccc ($10 in chips)
Hero: posts small blind $0.05
3b40aa6c: posts big blind $0.1
*** HOLE CARDS ***
Dealt to aa3dddca 
Dealt to f5ab228 
Dealt to 1281baaf 
Dealt to Hero [9h 3c]
Dealt to 3b40aa6c 
Dealt to efafccc 
efafccc: folds
aa3dddca: folds
f5ab228: raises $0.13 to $0.23
1281baaf: calls $0.23
Hero: folds
3b40aa6c: calls $0.13
*** FLOP *** [Ks Ac Th]
3b40aa6c: checks
f5ab228: checks
1281baaf: checks
*** TURN *** [Ks Ac Th] [7s]
3b40aa6c: bets $0.37
f5ab228: calls $0.37
1281baaf: folds
*** RIVER *** [Ks Ac Th 7s] [5c]
3b40aa6c: bets $0.74
f5ab228: calls $0.74
3b40aa6c: shows [9c Kh] (Pair of Kings)
f5ab228: shows [8s As] (Pair of Aces)
*** SHOWDOWN ***
f5ab228 collected $2.82 from pot
*** SUMMARY ***
Total pot $2.96 | Rake $0.14 | Jackpot $0 | Bingo $0 | Fortune $0 | Tax $0
Board [Ks Ac Th 7s 5c]
Seat 1: aa3dddca folded before Flop (didn't bet)
Seat 2: f5ab228 showed [8s As] and won ($2.82) with Pair of Aces
Seat 3: 1281baaf (button) folded on the Turn
Seat 4: Hero (small blind) folded before Flop
Seat 5: 3b40aa6c (big blind) showed [9c Kh] and lost with Pair of Kings
Seat 6: efafccc folded before Flop (didn't bet)


Poker Hand #HD1761209664: Hold'em No Limit ($0.05/$0.1) - 2024/05/06 17:24:49
Table 'NLHRed80' 6-max Seat #2 is the button
Seat 1: aa3dddca ($10.07 in chips)
Seat 2: f5ab228 ($11.91 in chips)
Seat 3: 1281baaf ($6.72 in chips)
Seat 4: Hero ($11.98 in chips)
Seat 5: 3b40aa6c ($9.95 in chips)
Seat 6: efafccc ($10.1 in chips)
1281baaf: posts small blind $0.05
Hero: posts big blind $0.1
*** HOLE CARDS ***
Dealt to aa3dddca 
Dealt to f5ab228 
Dealt to 1281baaf 
Dealt to Hero [8h 7h]
Dealt to 3b40aa6c 
Dealt to efafccc 
3b40aa6c: folds
efafccc: raises $0.15 to $0.25
aa3dddca: raises $0.59 to $0.84
f5ab228: folds
1281baaf: folds
Hero: folds
efafccc: calls $0.59
*** FLOP *** [8c 5h As]
efafccc: checks
aa3dddca: bets $0.92
efafccc: folds
Uncalled bet ($0.92) returned to aa3dddca
*** SHOWDOWN ***
aa3dddca collected $1.74 from pot
*** SUMMARY ***
Total pot $1.83 | Rake $0.09 | Jackpot $0 | Bingo $0 | Fortune $0 | Tax $0
Board [8c 5h As]
Seat 1: aa3dddca won ($1.74)
Seat 2: f5ab228 (button) folded before Flop (didn't bet)
Seat 3: 1281baaf (small blind) folded before Flop
Seat 4: Hero (big blind) folded before Flop
Seat 5: 3b40aa6c folded before Flop (didn't bet)
Seat 6: efafccc folded on the Flop


Poker Hand #HD1761209616: Hold'em No Limit ($0.05/$0.1) - 2024/05/06 17:24:33
Table 'NLHRed80' 6-max Seat #1 is the button
Seat 1: aa3dddca ($10.07 in chips)
Seat 2: f5ab228 ($11.96 in chips)
Seat 3: 1281baaf ($6.82 in chips)
Seat 4: Hero ($11.98 in chips)
Seat 5: 3b40aa6c ($9.95 in chips)
Seat 6: efafccc ($9.95 in chips)
f5ab228: posts small blind $0.05
1281baaf: posts big blind $0.1
*** HOLE CARDS ***
Dealt to aa3dddca 
Dealt to f5ab228 
Dealt to 1281baaf 
Dealt to Hero [3h Kd]
Dealt to 3b40aa6c 
Dealt to efafccc 
Hero: folds
3b40aa6c: folds
efafccc: raises $0.15 to $0.25
aa3dddca: folds
f5ab228: folds
1281baaf: folds
Uncalled bet ($0.15) returned to efafccc
*** SHOWDOWN ***
efafccc collected $0.25 from pot
*** SUMMARY ***
Total pot $0.25 | Rake $0 | Jackpot $0 | Bingo $0 | Fortune $0 | Tax $0
Seat 1: aa3dddca (button) folded before Flop (didn't bet)
Seat 2: f5ab228 (small blind) folded before Flop
Seat 3: 1281baaf (big blind) folded before Flop
Seat 4: Hero folded before Flop (didn't bet)
Seat 5: 3b40aa6c folded before Flop (didn't bet)
Seat 6: efafccc collected ($0.25)


Poker Hand #HD1761209575: Hold'em No Limit ($0.05/$0.1) - 2024/05/06 17:24:18
Table 'NLHRed80' 6-max Seat #6 is the button
Seat 1: aa3dddca ($10.12 in chips)
Seat 2: f5ab228 ($11.91 in chips)
Seat 3: 1281baaf ($6.82 in chips)
Seat 4: Hero ($11.98 in chips)
Seat 5: 3b40aa6c ($9.95 in chips)
Seat 6: efafccc ($9.95 in chips)
aa3dddca: posts small blind $0.05
f5ab228: posts big blind $0.1
*** HOLE CARDS ***
Dealt to aa3dddca 
Dealt to f5ab228 
Dealt to 1281baaf 
Dealt to Hero [8s Kd]
Dealt to 3b40aa6c 
Dealt to efafccc 
1281baaf: folds
Hero: folds
3b40aa6c: folds
efafccc: folds
aa3dddca: folds
Uncalled bet ($0.05) returned to f5ab228
*** SHOWDOWN ***
f5ab228 collected $0.1 from pot
*** SUMMARY ***
Total pot $0.1 | Rake $0 | Jackpot $0 | Bingo $0 | Fortune $0 | Tax $0
Seat 1: aa3dddca (small blind) folded before Flop
Seat 2: f5ab228 (big blind) collected ($0.1)
Seat 3: 1281baaf folded before Flop (didn't bet)
Seat 4: Hero folded before Flop (didn't bet)
Seat 5: 3b40aa6c folded before Flop (didn't bet)
Seat 6: efafccc (button) folded before Flop (didn't bet)


Poker Hand #HD1761209539: Hold'em No Limit ($0.05/$0.1) - 2024/05/06 17:24:05
Table 'NLHRed80' 6-max Seat #5 is the button
Seat 1: aa3dddca ($10.07 in chips)
Seat 2: f5ab228 ($11.91 in chips)
Seat 3: 1281baaf ($6.82 in chips)
Seat 4: Hero ($11.98 in chips)
Seat 5: 3b40aa6c ($9.95 in chips)
Seat 6: efafccc ($10 in chips)
efafccc: posts small blind $0.05
aa3dddca: posts big blind $0.1
*** HOLE CARDS ***
Dealt to aa3dddca 
Dealt to f5ab228 
Dealt to 1281baaf 
Dealt to Hero [5d 8h]
Dealt to 3b40aa6c 
Dealt to efafccc 
f5ab228: folds
1281baaf: folds
Hero: folds
3b40aa6c: folds
efafccc: folds
Uncalled bet ($0.05) returned to aa3dddca
*** SHOWDOWN ***
aa3dddca collected $0.1 from pot
*** SUMMARY ***
Total pot $0.1 | Rake $0 | Jackpot $0 | Bingo $0 | Fortune $0 | Tax $0
Seat 1: aa3dddca (big blind) collected ($0.1)
Seat 2: f5ab228 folded before Flop (didn't bet)
Seat 3: 1281baaf folded before Flop (didn't bet)
Seat 4: Hero folded before Flop (didn't bet)
Seat 5: 3b40aa6c (button) folded before Flop (didn't bet)
Seat 6: efafccc (small blind) folded before Flop


Poker Hand #HD1761209487: Hold'em No Limit ($0.05/$0.1) - 2024/05/06 17:23:48
Table 'NLHRed80' 6-max Seat #4 is the button
Seat 1: aa3dddca ($10.07 in chips)
Seat 2: f5ab228 ($11.91 in chips)
Seat 3: 1281baaf ($6.82 in chips)
Seat 4: Hero ($11.98 in chips)
Seat 5: 3b40aa6c ($10 in chips)
Seat 6: efafccc ($9.95 in chips)
3b40aa6c: posts small blind $0.05
efafccc: posts big blind $0.1
*** HOLE CARDS ***
Dealt to aa3dddca 
Dealt to f5ab228 
Dealt to 1281baaf 
Dealt to Hero [7c 3c]
Dealt to 3b40aa6c 
Dealt to efafccc 
aa3dddca: folds
f5ab228: folds
1281baaf: folds
Hero: folds
3b40aa6c: folds
Uncalled bet ($0.05) returned to efafccc
*** SHOWDOWN ***
efafccc collected $0.1 from pot
*** SUMMARY ***
Total pot $0.1 | Rake $0 | Jackpot $0 | Bingo $0 | Fortune $0 | Tax $0
Seat 1: aa3dddca folded before Flop (didn't bet)
Seat 2: f5ab228 folded before Flop (didn't bet)
Seat 3: 1281baaf folded before Flop (didn't bet)
Seat 4: Hero (button) folded before Flop (didn't bet)
Seat 5: 3b40aa6c (small blind) folded before Flop
Seat 6: efafccc (big blind) collected ($0.1)


Poker Hand #HD1761209439: Hold'em No Limit ($0.05/$0.1) - 2024/05/06 17:23:32
Table 'NLHRed80' 6-max Seat #3 is the button
Seat 1: aa3dddca ($10.07 in chips)
Seat 2: f5ab228 ($11.91 in chips)
Seat 3: 1281baaf ($6.82 in chips)
Seat 4: Hero ($12.03 in chips)
Seat 5: 3b40aa6c ($9.95 in chips)
Seat 6: efafccc ($9.95 in chips)
Hero: posts small blind $0.05
3b40aa6c: posts big blind $0.1
*** HOLE CARDS ***
Dealt to aa3dddca 
Dealt to f5ab228 
Dealt to 1281baaf 
Dealt to Hero [8d 7s]
Dealt to 3b40aa6c 
Dealt to efafccc 
efafccc: folds
aa3dddca: folds
f5ab228: folds
1281baaf: folds
Hero: folds
Uncalled bet ($0.05) returned to 3b40aa6c
*** SHOWDOWN ***
3b40aa6c collected $0.1 from pot
*** SUMMARY ***
Total pot $0.1 | Rake $0 | Jackpot $0 | Bingo $0 | Fortune $0 | Tax $0
Seat 1: aa3dddca folded before Flop (didn't bet)
Seat 2: f5ab228 folded before Flop (didn't bet)
Seat 3: 1281baaf (button) folded before Flop (didn't bet)
Seat 4: Hero (small blind) folded before Flop
Seat 5: 3b40aa6c (big blind) collected ($0.1)
Seat 6: efafccc folded before Flop (didn't bet)


Poker Hand #HD1761209259: Hold'em No Limit ($0.05/$0.1) - 2024/05/06 17:22:32
Table 'NLHRed80' 6-max Seat #2 is the button
Seat 1: aa3dddca ($10.07 in chips)
Seat 2: f5ab228 ($12.36 in chips)
Seat 3: 1281baaf ($6.32 in chips)
Seat 4: Hero ($12.13 in chips)
Seat 5: 3b40aa6c ($9.95 in chips)
Seat 6: efafccc ($9.95 in chips)
1281baaf: posts small blind $0.05
Hero: posts big blind $0.1
*** HOLE CARDS ***
Dealt to aa3dddca 
Dealt to f5ab228 
Dealt to 1281baaf 
Dealt to Hero [Jc 2d]
Dealt to 3b40aa6c 
Dealt to efafccc 
3b40aa6c: folds
efafccc: folds
aa3dddca: folds
f5ab228: raises $0.15 to $0.25
1281baaf: calls $0.2
Hero: folds
*** FLOP *** [4d 9s Tc]
1281baaf: checks
f5ab228: bets $0.2
1281baaf: calls $0.2
*** TURN *** [4d 9s Tc] [9h]
1281baaf: bets $1
f5ab228: folds
Uncalled bet ($1) returned to 1281baaf
*** SHOWDOWN ***
1281baaf collected $0.95 from pot
*** SUMMARY ***
Total pot $1 | Rake $0.05 | Jackpot $0 | Bingo $0 | Fortune $0 | Tax $0
Board [4d 9s Tc 9h]
Seat 1: aa3dddca folded before Flop (didn't bet)
Seat 2: f5ab228 (button) folded on the Turn
Seat 3: 1281baaf (small blind) won ($0.95)
Seat 4: Hero (big blind) folded before Flop
Seat 5: 3b40aa6c folded before Flop (didn't bet)
Seat 6: efafccc folded before Flop (didn't bet)


Poker Hand #HD1761209181: Hold'em No Limit ($0.05/$0.1) - 2024/05/06 17:22:04
Table 'NLHRed80' 6-max Seat #1 is the button
Seat 1: aa3dddca ($10.32 in chips)
Seat 2: f5ab228 ($12.04 in chips)
Seat 3: 1281baaf ($6.42 in chips)
Seat 4: Hero ($12.13 in chips)
Seat 5: 3b40aa6c ($9.95 in chips)
Seat 6: efafccc ($9.95 in chips)
f5ab228: posts small blind $0.05
1281baaf: posts big blind $0.1
*** HOLE CARDS ***
Dealt to aa3dddca 
Dealt to f5ab228 
Dealt to 1281baaf 
Dealt to Hero [Ks 8h]
Dealt to 3b40aa6c 
Dealt to efafccc 
Hero: folds
3b40aa6c: folds
efafccc: folds
aa3dddca: raises $0.15 to $0.25
f5ab228: raises $0.9 to $1.15
1281baaf: folds
aa3dddca: folds
Uncalled bet ($0.9) returned to f5ab228
*** SHOWDOWN ***
f5ab228 collected $0.57 from pot
*** SUMMARY ***
Total pot $0.6 | Rake $0.03 | Jackpot $0 | Bingo $0 | Fortune $0 | Tax $0
Seat 1: aa3dddca (button) folded before Flop
Seat 2: f5ab228 (small blind) collected ($0.57)
Seat 3: 1281baaf (big blind) folded before Flop
Seat 4: Hero folded before Flop (didn't bet)
Seat 5: 3b40aa6c folded before Flop (didn't bet)
Seat 6: efafccc folded before Flop (didn't bet)


Poker Hand #HD1761209108: Hold'em No Limit ($0.05/$0.1) - 2024/05/06 17:21:35
Table 'NLHRed80' 6-max Seat #6 is the button
Seat 1: aa3dddca ($10.37 in chips)
Seat 2: f5ab228 ($11.99 in chips)
Seat 3: 1281baaf ($6.42 in chips)
Seat 4: Hero ($12.13 in chips)
Seat 5: 3b40aa6c ($9.95 in chips)
Seat 6: efafccc ($9.95 in chips)
aa3dddca: posts small blind $0.05
f5ab228: posts big blind $0.1
*** HOLE CARDS ***
Dealt to aa3dddca 
Dealt to f5ab228 
Dealt to 1281baaf 
Dealt to Hero [Td Kh]
Dealt to 3b40aa6c 
Dealt to efafccc 
1281baaf: folds
Hero: folds
3b40aa6c: folds
efafccc: folds
aa3dddca: folds
Uncalled bet ($0.05) returned to f5ab228
*** SHOWDOWN ***
f5ab228 collected $0.1 from pot
*** SUMMARY ***
Total pot $0.1 | Rake $0 | Jackpot $0 | Bingo $0 | Fortune $0 | Tax $0
Seat 1: aa3dddca (small blind) folded before Flop
Seat 2: f5ab228 (big blind) collected ($0.1)
Seat 3: 1281baaf folded before Flop (didn't bet)
Seat 4: Hero folded before Flop (didn't bet)
Seat 5: 3b40aa6c folded before Flop (didn't bet)
Seat 6: efafccc (button) folded before Flop (didn't bet)


Poker Hand #HD1761209039: Hold'em No Limit ($0.05/$0.1) - 2024/05/06 17:21:11
Table 'NLHRed80' 6-max Seat #5 is the button
Seat 1: aa3dddca ($10.32 in chips)
Seat 2: f5ab228 ($11.99 in chips)
Seat 3: 1281baaf ($6.42 in chips)
Seat 4: Hero ($12.13 in chips)
Seat 5: 3b40aa6c ($9.95 in chips)
Seat 6: efafccc ($10 in chips)
efafccc: posts small blind $0.05
aa3dddca: posts big blind $0.1
*** HOLE CARDS ***
Dealt to aa3dddca 
Dealt to f5ab228 
Dealt to 1281baaf 
Dealt to Hero [Th 7c]
Dealt to 3b40aa6c 
Dealt to efafccc 
f5ab228: folds
1281baaf: folds
Hero: folds
3b40aa6c: folds
efafccc: folds
Uncalled bet ($0.05) returned to aa3dddca
*** SHOWDOWN ***
aa3dddca collected $0.1 from pot
*** SUMMARY ***
Total pot $0.1 | Rake $0 | Jackpot $0 | Bingo $0 | Fortune $0 | Tax $0
Seat 1: aa3dddca (big blind) collected ($0.1)
Seat 2: f5ab228 folded before Flop (didn't bet)
Seat 3: 1281baaf folded before Flop (didn't bet)
Seat 4: Hero folded before Flop (didn't bet)
Seat 5: 3b40aa6c (button) folded before Flop (didn't bet)
Seat 6: efafccc (small blind) folded before Flop


Poker Hand #HD1761209002: Hold'em No Limit ($0.05/$0.1) - 2024/05/06 17:20:57
Table 'NLHRed80' 6-max Seat #4 is the button
Seat 1: aa3dddca ($10.32 in chips)
Seat 2: f5ab228 ($11.99 in chips)
Seat 3: 1281baaf ($6.42 in chips)
Seat 4: Hero ($11.98 in chips)
Seat 5: 3b40aa6c ($10 in chips)
Seat 6: efafccc ($9.95 in chips)
3b40aa6c: posts small blind $0.05
efafccc: posts big blind $0.1
*** HOLE CARDS ***
Dealt to aa3dddca 
Dealt to f5ab228 
Dealt to 1281baaf 
Dealt to Hero [Qc Td]
Dealt to 3b40aa6c 
Dealt to efafccc 
aa3dddca: folds
f5ab228: folds
1281baaf: folds
Hero: raises $0.14 to $0.24
3b40aa6c: folds
efafccc: folds
Uncalled bet ($0.14) returned to Hero
*** SHOWDOWN ***
Hero collected $0.25 from pot
*** SUMMARY ***
Total pot $0.25 | Rake $0 | Jackpot $0 | Bingo $0 | Fortune $0 | Tax $0
Seat 1: aa3dddca folded before Flop (didn't bet)
Seat 2: f5ab228 folded before Flop (didn't bet)
Seat 3: 1281baaf folded before Flop (didn't bet)
Seat 4: Hero (button) collected ($0.25)
Seat 5: 3b40aa6c (small blind) folded before Flop
Seat 6: efafccc (big blind) folded before Flop


Poker Hand #HD1761208962: Hold'em No Limit ($0.05/$0.1) - 2024/05/06 17:20:41
Table 'NLHRed80' 6-max Seat #3 is the button
Seat 1: aa3dddca ($10.32 in chips)
Seat 2: f5ab228 ($11.99 in chips)
Seat 3: 1281baaf ($6.42 in chips)
Seat 4: Hero ($11.88 in chips)
Seat 5: 3b40aa6c ($10 in chips)
Seat 6: efafccc ($9.95 in chips)
Hero: posts small blind $0.05
3b40aa6c: posts big blind $0.1
*** HOLE CARDS ***
Dealt to aa3dddca 
Dealt to f5ab228 
Dealt to 1281baaf 
Dealt to Hero [Qc Ks]
Dealt to 3b40aa6c 
Dealt to efafccc 
efafccc: folds
aa3dddca: folds
f5ab228: folds
1281baaf: folds
Hero: raises $0.2 to $0.3
3b40aa6c: folds
Uncalled bet ($0.2) returned to Hero
*** SHOWDOWN ***
Hero collected $0.2 from pot
*** SUMMARY ***
Total pot $0.2 | Rake $0 | Jackpot $0 | Bingo $0 | Fortune $0 | Tax $0
Seat 1: aa3dddca folded before Flop (didn't bet)
Seat 2: f5ab228 folded before Flop (didn't bet)
Seat 3: 1281baaf (button) folded before Flop (didn't bet)
Seat 4: Hero (small blind) collected ($0.2)
Seat 5: 3b40aa6c (big blind) folded before Flop
Seat 6: efafccc folded before Flop (didn't bet)


Poker Hand #HD1761208858: Hold'em No Limit ($0.05/$0.1) - 2024/05/06 17:20:05
Table 'NLHRed80' 6-max Seat #2 is the button
Seat 1: aa3dddca ($10.32 in chips)
Seat 2: f5ab228 ($11.71 in chips)
Seat 3: 1281baaf ($6.47 in chips)
Seat 4: Hero ($12.13 in chips)
Seat 6: efafccc ($9.95 in chips)
1281baaf: posts small blind $0.05
Hero: posts big blind $0.1
*** HOLE CARDS ***
Dealt to aa3dddca 
Dealt to f5ab228 
Dealt to 1281baaf 
Dealt to Hero [9s Ts]
Dealt to efafccc 
efafccc: folds
aa3dddca: folds
f5ab228: raises $0.15 to $0.25
1281baaf: folds
Hero: calls $0.15
*** FLOP *** [2c 8h 5h]
Hero: checks
f5ab228: bets $0.19
Hero: folds
Uncalled bet ($0.19) returned to f5ab228
*** SHOWDOWN ***
f5ab228 collected $0.53 from pot
*** SUMMARY ***
Total pot $0.55 | Rake $0.02 | Jackpot $0 | Bingo $0 | Fortune $0 | Tax $0
Board [2c 8h 5h]
Seat 1: aa3dddca folded before Flop (didn't bet)
Seat 2: f5ab228 (button) won ($0.53)
Seat 3: 1281baaf (small blind) folded before Flop
Seat 4: Hero (big blind) folded on the Flop
Seat 6: efafccc folded before Flop (didn't bet)


Poker Hand #HD1761208649: Hold'em No Limit ($0.05/$0.1) - 2024/05/06 17:18:51
Table 'NLHRed80' 6-max Seat #1 is the button
Seat 1: aa3dddca ($10.32 in chips)
Seat 2: f5ab228 ($11.76 in chips)
Seat 3: 1281baaf ($6.67 in chips)
Seat 4: Hero ($11.9 in chips)
Seat 6: efafccc ($9.95 in chips)
f5ab228: posts small blind $0.05
1281baaf: posts big blind $0.1
*** HOLE CARDS ***
Dealt to aa3dddca 
Dealt to f5ab228 
Dealt to 1281baaf 
Dealt to Hero [6d 6h]
Dealt to efafccc 
Hero: raises $0.1 to $0.2
efafccc: folds
aa3dddca: folds
f5ab228: folds
1281baaf: calls $0.1
*** FLOP *** [5h 4s Qh]
1281baaf: checks
Hero: checks
*** TURN *** [5h 4s Qh] [Jh]
1281baaf: checks
Hero: checks
*** RIVER *** [5h 4s Qh Jh] [3c]
1281baaf: checks
Hero: checks
1281baaf: shows [9d Td] (Queen-High)
Hero: shows [6d 6h] (Pair of Sixes)
*** SHOWDOWN ***
Hero collected $0.43 from pot
*** SUMMARY ***
Total pot $0.45 | Rake $0.02 | Jackpot $0 | Bingo $0 | Fortune $0 | Tax $0
Board [5h 4s Qh Jh 3c]
Seat 1: aa3dddca (button) folded before Flop (didn't bet)
Seat 2: f5ab228 (small blind) folded before Flop
Seat 3: 1281baaf (big blind) showed [9d Td] and lost with Queen-High
Seat 4: Hero showed [6d 6h] and won ($0.43) with Pair of Sixes
Seat 6: efafccc folded before Flop (didn't bet)


Poker Hand #HD1761208560: Hold'em No Limit ($0.05/$0.1) - 2024/05/06 17:18:23
Table 'NLHRed80' 6-max Seat #6 is the button
Seat 1: aa3dddca ($10.37 in chips)
Seat 2: f5ab228 ($11.86 in chips)
Seat 3: 1281baaf ($6.52 in chips)
Seat 4: Hero ($11.9 in chips)
Seat 6: efafccc ($9.95 in chips)
aa3dddca: posts small blind $0.05
f5ab228: posts big blind $0.1
*** HOLE CARDS ***
Dealt to aa3dddca 
Dealt to f5ab228 
Dealt to 1281baaf 
Dealt to Hero [Kd 7h]
Dealt to efafccc 
1281baaf: raises $0.2 to $0.3
Hero: folds
efafccc: folds
aa3dddca: folds
f5ab228: folds
Uncalled bet ($0.2) returned to 1281baaf
*** SHOWDOWN ***
1281baaf collected $0.25 from pot
*** SUMMARY ***
Total pot $0.25 | Rake $0 | Jackpot $0 | Bingo $0 | Fortune $0 | Tax $0
Seat 1: aa3dddca (small blind) folded before Flop
Seat 2: f5ab228 (big blind) folded before Flop
Seat 3: 1281baaf collected ($0.25)
Seat 4: Hero folded before Flop (didn't bet)
Seat 6: efafccc (button) folded before Flop (didn't bet)


Poker Hand #HD1761208455: Hold'em No Limit ($0.05/$0.1) - 2024/05/06 17:17:39
Table 'NLHRed80' 6-max Seat #4 is the button
Seat 1: aa3dddca ($10 in chips)
Seat 2: f5ab228 ($12.21 in chips)
Seat 3: 1281baaf ($6.52 in chips)
Seat 4: Hero ($11.9 in chips)
Seat 6: efafccc ($10 in chips)
efafccc: posts small blind $0.05
aa3dddca: posts big blind $0.1
*** HOLE CARDS ***
Dealt to aa3dddca 
Dealt to f5ab228 
Dealt to 1281baaf 
Dealt to Hero [3d 8h]
Dealt to efafccc 
f5ab228: raises $0.1 to $0.2
1281baaf: folds
Hero: folds
efafccc: folds
aa3dddca: calls $0.1
*** FLOP *** [Th 8c 3h]
aa3dddca: checks
f5ab228: bets $0.15
aa3dddca: calls $0.15
*** TURN *** [Th 8c 3h] [9c]
aa3dddca: checks
f5ab228: checks
*** RIVER *** [Th 8c 3h 9c] [6c]
aa3dddca: bets $0.25
f5ab228: folds
Uncalled bet ($0.25) returned to aa3dddca
*** SHOWDOWN ***
aa3dddca collected $0.72 from pot
*** SUMMARY ***
Total pot $0.75 | Rake $0.03 | Jackpot $0 | Bingo $0 | Fortune $0 | Tax $0
Board [Th 8c 3h 9c 6c]
Seat 1: aa3dddca (big blind) won ($0.72)
Seat 2: f5ab228 folded on the River
Seat 3: 1281baaf folded before Flop (didn't bet)
Seat 4: Hero (button) folded before Flop (didn't bet)
Seat 6: efafccc (small blind) folded before Flop


Poker Hand #HD1761208417: Hold'em No Limit ($0.05/$0.1) - 2024/05/06 17:17:28
Table 'NLHRed80' 6-max Seat #3 is the button
Seat 2: f5ab228 ($12.21 in chips)
Seat 3: 1281baaf ($6.37 in chips)
Seat 4: Hero ($11.95 in chips)
Seat 6: efafccc ($10 in chips)
Hero: posts small blind $0.05
efafccc: posts big blind $0.1
*** HOLE CARDS ***
Dealt to f5ab228 
Dealt to 1281baaf 
Dealt to Hero [9d Jc]
Dealt to efafccc 
f5ab228: folds
1281baaf: raises $0.3 to $0.4
Hero: folds
efafccc: folds
Uncalled bet ($0.3) returned to 1281baaf
*** SHOWDOWN ***
1281baaf collected $0.25 from pot
*** SUMMARY ***
Total pot $0.25 | Rake $0 | Jackpot $0 | Bingo $0 | Fortune $0 | Tax $0
Seat 2: f5ab228 folded before Flop (didn't bet)
Seat 3: 1281baaf (button) collected ($0.25)
Seat 4: Hero (small blind) folded before Flop
Seat 6: efafccc (big blind) folded before Flop


Poker Hand #HD1761208227: Hold'em No Limit ($0.05/$0.1) - 2024/05/06 17:16:16
Table 'NLHRed80' 6-max Seat #2 is the button
Seat 2: f5ab228 ($12.21 in chips)
Seat 3: 1281baaf ($6.47 in chips)
Seat 4: Hero ($11.86 in chips)
Seat 5: f6b25a24 ($10 in chips)
Seat 6: efafccc ($10 in chips)
1281baaf: posts small blind $0.05
Hero: posts big blind $0.1
*** HOLE CARDS ***
Dealt to f5ab228 
Dealt to 1281baaf 
Dealt to Hero [Kh 4c]
Dealt to f6b25a24 
Dealt to efafccc 
f6b25a24: folds
efafccc: folds
f5ab228: folds
1281baaf: calls $0.05
Hero: checks
*** FLOP *** [9d 7h Jc]
1281baaf: checks
Hero: checks
*** TURN *** [9d 7h Jc] [Jd]
1281baaf: checks
Hero: checks
*** RIVER *** [9d 7h Jc Jd] [2s]
1281baaf: checks
Hero: checks
1281baaf: shows [6c 5h] (Pair of Jacks)
Hero: shows [Kh 4c] (Pair of Jacks)
*** SHOWDOWN ***
Hero collected $0.19 from pot
*** SUMMARY ***
Total pot $0.2 | Rake $0.01 | Jackpot $0 | Bingo $0 | Fortune $0 | Tax $0
Board [9d 7h Jc Jd 2s]
Seat 2: f5ab228 (button) folded before Flop (didn't bet)
Seat 3: 1281baaf (small blind) showed [6c 5h] and lost with Pair of Jacks
Seat 4: Hero (big blind) showed [Kh 4c] and won ($0.19) with Pair of Jacks
Seat 5: f6b25a24 folded before Flop (didn't bet)
Seat 6: efafccc folded before Flop (didn't bet)


Poker Hand #HD1761207387: Hold'em No Limit ($0.05/$0.1) - 2024/05/06 17:11:13
Table 'NLHRed80' 6-max Seat #1 is the button
Seat 1: d7efcd34 ($9.85 in chips)
Seat 2: f5ab228 ($10.04 in chips)
Seat 3: 1281baaf ($7.31 in chips)
Seat 4: Hero ($11.86 in chips)
Seat 5: f6b25a24 ($10 in chips)
Seat 6: efafccc ($10.47 in chips)
f5ab228: posts small blind $0.05
1281baaf: posts big blind $0.1
*** HOLE CARDS ***
Dealt to d7efcd34 
Dealt to f5ab228 
Dealt to 1281baaf 
Dealt to Hero [2d 2h]
Dealt to f6b25a24 
Dealt to efafccc 
Hero: folds
f6b25a24: folds
efafccc: raises $0.15 to $0.25
d7efcd34: folds
f5ab228: folds
1281baaf: calls $0.15
*** FLOP *** [6c Qd 3c]
1281baaf: checks
efafccc: bets $0.19
1281baaf: folds
Uncalled bet ($0.19) returned to efafccc
*** SHOWDOWN ***
efafccc collected $0.53 from pot
*** SUMMARY ***
Total pot $0.55 | Rake $0.02 | Jackpot $0 | Bingo $0 | Fortune $0 | Tax $0
Board [6c Qd 3c]
Seat 1: d7efcd34 (button) folded before Flop (didn't bet)
Seat 2: f5ab228 (small blind) folded before Flop
Seat 3: 1281baaf (big blind) folded on the Flop
Seat 4: Hero folded before Flop (didn't bet)
Seat 5: f6b25a24 folded before Flop (didn't bet)
Seat 6: efafccc won ($0.53)


Poker Hand #HD1761207334: Hold'em No Limit ($0.05/$0.1) - 2024/05/06 17:10:53
Table 'NLHRed80' 6-max Seat #6 is the button
Seat 1: d7efcd34 ($9.9 in chips)
Seat 2: f5ab228 ($10.14 in chips)
Seat 3: 1281baaf ($7.31 in chips)
Seat 4: Hero ($11.86 in chips)
Seat 5: f6b25a24 ($10 in chips)
Seat 6: efafccc ($10.32 in chips)
d7efcd34: posts small blind $0.05
f5ab228: posts big blind $0.1
*** HOLE CARDS ***
Dealt to d7efcd34 
Dealt to f5ab228 
Dealt to 1281baaf 
Dealt to Hero [2s 6c]
Dealt to f6b25a24 
Dealt to efafccc 
1281baaf: folds
Hero: folds
f6b25a24: folds
efafccc: raises $0.15 to $0.25
d7efcd34: folds
f5ab228: folds
Uncalled bet ($0.15) returned to efafccc
*** SHOWDOWN ***
efafccc collected $0.25 from pot
*** SUMMARY ***
Total pot $0.25 | Rake $0 | Jackpot $0 | Bingo $0 | Fortune $0 | Tax $0
Seat 1: d7efcd34 (small blind) folded before Flop
Seat 2: f5ab228 (big blind) folded before Flop
Seat 3: 1281baaf folded before Flop (didn't bet)
Seat 4: Hero folded before Flop (didn't bet)
Seat 5: f6b25a24 folded before Flop (didn't bet)
Seat 6: efafccc (button) collected ($0.25)


Poker Hand #HD1761207213: Hold'em No Limit ($0.05/$0.1) - 2024/05/06 17:10:10
Table 'NLHRed80' 6-max Seat #5 is the button
Seat 1: d7efcd34 ($10 in chips)
Seat 2: f5ab228 ($10.14 in chips)
Seat 3: 1281baaf ($7.31 in chips)
Seat 4: Hero ($11.86 in chips)
Seat 5: f6b25a24 ($10 in chips)
Seat 6: efafccc ($10 in chips)
efafccc: posts small blind $0.05
d7efcd34: posts big blind $0.1
*** HOLE CARDS ***
Dealt to d7efcd34 
Dealt to f5ab228 
Dealt to 1281baaf 
Dealt to Hero [Td 5s]
Dealt to f6b25a24 
Dealt to efafccc 
f5ab228: folds
1281baaf: folds
Hero: folds
f6b25a24: raises $0.15 to $0.25
efafccc: raises $0.85 to $1.1
d7efcd34: folds
f6b25a24: folds
Uncalled bet ($0.85) returned to efafccc
*** SHOWDOWN ***
efafccc collected $0.57 from pot
*** SUMMARY ***
Total pot $0.6 | Rake $0.03 | Jackpot $0 | Bingo $0 | Fortune $0 | Tax $0
Seat 1: d7efcd34 (big blind) folded before Flop
Seat 2: f5ab228 folded before Flop (didn't bet)
Seat 3: 1281baaf folded before Flop (didn't bet)
Seat 4: Hero folded before Flop (didn't bet)
Seat 5: f6b25a24 (button) folded before Flop
Seat 6: efafccc (small blind) collected ($0.57)


Poker Hand #HD1761207186: Hold'em No Limit ($0.05/$0.1) - 2024/05/06 17:09:59
Table 'NLHRed80' 6-max Seat #4 is the button
Seat 2: f5ab228 ($10.14 in chips)
Seat 3: 1281baaf ($7.16 in chips)
Seat 4: Hero ($11.86 in chips)
Seat 5: f6b25a24 ($10 in chips)
Seat 6: efafccc ($10.1 in chips)
f6b25a24: posts small blind $0.05
efafccc: posts big blind $0.1
*** HOLE CARDS ***
Dealt to f5ab228 
Dealt to 1281baaf 
Dealt to Hero [5d 6d]
Dealt to f6b25a24 
Dealt to efafccc 
f5ab228: folds
1281baaf: raises $0.25 to $0.35
Hero: folds
f6b25a24: folds
efafccc: folds
Uncalled bet ($0.25) returned to 1281baaf
*** SHOWDOWN ***
1281baaf collected $0.25 from pot
*** SUMMARY ***
Total pot $0.25 | Rake $0 | Jackpot $0 | Bingo $0 | Fortune $0 | Tax $0
Seat 2: f5ab228 folded before Flop (didn't bet)
Seat 3: 1281baaf collected ($0.25)
Seat 4: Hero (button) folded before Flop (didn't bet)
Seat 5: f6b25a24 (small blind) folded before Flop
Seat 6: efafccc (big blind) folded before Flop


Poker Hand #HD1761207128: Hold'em No Limit ($0.05/$0.1) - 2024/05/06 17:09:44
Table 'NLHRed80' 6-max Seat #3 is the button
Seat 2: f5ab228 ($10.14 in chips)
Seat 3: 1281baaf ($7.16 in chips)
Seat 4: Hero ($11.91 in chips)
Seat 5: f6b25a24 ($10 in chips)
Seat 6: efafccc ($9.95 in chips)
Hero: posts small blind $0.05
f6b25a24: posts big blind $0.1
*** HOLE CARDS ***
Dealt to f5ab228 
Dealt to 1281baaf 
Dealt to Hero [5s 4d]
Dealt to f6b25a24 
Dealt to efafccc 
efafccc: raises $0.15 to $0.25
f5ab228: folds
1281baaf: folds
Hero: folds
f6b25a24: folds
Uncalled bet ($0.15) returned to efafccc
*** SHOWDOWN ***
efafccc collected $0.25 from pot
*** SUMMARY ***
Total pot $0.25 | Rake $0 | Jackpot $0 | Bingo $0 | Fortune $0 | Tax $0
Seat 2: f5ab228 folded before Flop (didn't bet)
Seat 3: 1281baaf (button) folded before Flop (didn't bet)
Seat 4: Hero (small blind) folded before Flop
Seat 5: f6b25a24 (big blind) folded before Flop
Seat 6: efafccc collected ($0.25)


Poker Hand #HD1761207100: Hold'em No Limit ($0.05/$0.1) - 2024/05/06 17:09:34
Table 'NLHRed80' 6-max Seat #2 is the button
Seat 2: f5ab228 ($10.14 in chips)
Seat 3: 1281baaf ($7.21 in chips)
Seat 4: Hero ($11.86 in chips)
Seat 6: efafccc ($9.95 in chips)
1281baaf: posts small blind $0.05
Hero: posts big blind $0.1
*** HOLE CARDS ***
Dealt to f5ab228 
Dealt to 1281baaf 
Dealt to Hero [Jh 4c]
Dealt to efafccc 
efafccc: folds
f5ab228: folds
1281baaf: folds
Uncalled bet ($0.05) returned to Hero
*** SHOWDOWN ***
Hero collected $0.1 from pot
*** SUMMARY ***
Total pot $0.1 | Rake $0 | Jackpot $0 | Bingo $0 | Fortune $0 | Tax $0
Seat 2: f5ab228 (button) folded before Flop (didn't bet)
Seat 3: 1281baaf (small blind) folded before Flop
Seat 4: Hero (big blind) collected ($0.1)
Seat 6: efafccc folded before Flop (didn't bet)


Poker Hand #HD1761207077: Hold'em No Limit ($0.05/$0.1) - 2024/05/06 17:09:26
Table 'NLHRed80' 6-max Seat #1 is the button
Seat 1: 4e81ccc ($7.09 in chips)
Seat 2: f5ab228 ($10.19 in chips)
Seat 3: 1281baaf ($7.16 in chips)
Seat 4: Hero ($11.86 in chips)
Seat 6: efafccc ($9.95 in chips)
f5ab228: posts small blind $0.05
1281baaf: posts big blind $0.1
*** HOLE CARDS ***
Dealt to 4e81ccc 
Dealt to f5ab228 
Dealt to 1281baaf 
Dealt to Hero [3c 8c]
Dealt to efafccc 
Hero: folds
efafccc: folds
4e81ccc: folds
f5ab228: folds
Uncalled bet ($0.05) returned to 1281baaf
*** SHOWDOWN ***
1281baaf collected $0.1 from pot
*** SUMMARY ***
Total pot $0.1 | Rake $0 | Jackpot $0 | Bingo $0 | Fortune $0 | Tax $0
Seat 1: 4e81ccc (button) folded before Flop (didn't bet)
Seat 2: f5ab228 (small blind) folded before Flop
Seat 3: 1281baaf (big blind) collected ($0.1)
Seat 4: Hero folded before Flop (didn't bet)
Seat 6: efafccc folded before Flop (didn't bet)


Poker Hand #HD1761206955: Hold'em No Limit ($0.05/$0.1) - 2024/05/06 17:08:43
Table 'NLHRed80' 6-max Seat #6 is the button
Seat 1: 4e81ccc ($7.19 in chips)
Seat 2: f5ab228 ($10 in chips)
Seat 3: 1281baaf ($7.26 in chips)
Seat 4: Hero ($11.86 in chips)
Seat 6: efafccc ($9.95 in chips)
4e81ccc: posts small blind $0.05
f5ab228: posts big blind $0.1
*** HOLE CARDS ***
Dealt to 4e81ccc 
Dealt to f5ab228 
Dealt to 1281baaf 
Dealt to Hero [8h Qd]
Dealt to efafccc 
1281baaf: calls $0.1
Hero: folds
efafccc: folds
4e81ccc: calls $0.05
f5ab228: checks
*** FLOP *** [Ad 8d 6h]
4e81ccc: checks
f5ab228: checks
1281baaf: checks
*** TURN *** [Ad 8d 6h] [Kc]
4e81ccc: checks
f5ab228: checks
1281baaf: checks
*** RIVER *** [Ad 8d 6h Kc] [8s]
4e81ccc: checks
f5ab228: checks
1281baaf: checks
4e81ccc: shows [9d Th] (Pair of Eights)
f5ab228: shows [3s Ks] (Pair of Kings and Pair of Eights)
1281baaf: shows [Tc 9h] (Pair of Eights)
*** SHOWDOWN ***
f5ab228 collected $0.29 from pot
*** SUMMARY ***
Total pot $0.3 | Rake $0.01 | Jackpot $0 | Bingo $0 | Fortune $0 | Tax $0
Board [Ad 8d 6h Kc 8s]
Seat 1: 4e81ccc (small blind) showed [9d Th] and lost with Pair of Eights
Seat 2: f5ab228 (big blind) showed [3s Ks] and won ($0.29) with Pair of Kings and Pair of Eights
Seat 3: 1281baaf showed [Tc 9h] and lost with Pair of Eights
Seat 4: Hero folded before Flop (didn't bet)
Seat 6: efafccc (button) folded before Flop (didn't bet)


Poker Hand #HD1761206821: Hold'em No Limit ($0.05/$0.1) - 2024/05/06 17:07:52
Table 'NLHRed80' 6-max Seat #4 is the button
Seat 1: 4e81ccc ($10 in chips)
Seat 2: f5ab228 ($10 in chips)
Seat 3: 1281baaf ($4.77 in chips)
Seat 4: Hero ($11.86 in chips)
Seat 6: efafccc ($10 in chips)
efafccc: posts small blind $0.05
4e81ccc: posts big blind $0.1
*** HOLE CARDS ***
Dealt to 4e81ccc 
Dealt to f5ab228 
Dealt to 1281baaf 
Dealt to Hero [4s 6h]
Dealt to efafccc 
f5ab228: folds
1281baaf: raises $0.25 to $0.35
Hero: folds
efafccc: folds
4e81ccc: calls $0.25
*** FLOP *** [9d Qh Jc]
4e81ccc: checks
1281baaf: bets $0.57
4e81ccc: calls $0.57
*** TURN *** [9d Qh Jc] [9c]
4e81ccc: checks
1281baaf: checks
*** RIVER *** [9d Qh Jc 9c] [Kh]
4e81ccc: bets $1.89
1281baaf: raises $1.96 to $3.85 and is all-in
4e81ccc: folds
Uncalled bet ($1.96) returned to 1281baaf
*** SHOWDOWN ***
1281baaf collected $5.3 from pot
*** SUMMARY ***
Total pot $5.67 | Rake $0.27 | Jackpot $0.1 | Bingo $0 | Fortune $0 | Tax $0
Board [9d Qh Jc 9c Kh]
Seat 1: 4e81ccc (big blind) folded on the River
Seat 2: f5ab228 folded before Flop (didn't bet)
Seat 3: 1281baaf won ($5.3)
Seat 4: Hero (button) folded before Flop (didn't bet)
Seat 6: efafccc (small blind) folded before Flop


Poker Hand #HD1761206676: Hold'em No Limit ($0.05/$0.1) - 2024/05/06 17:07:01
Table 'NLHRed80' 6-max Seat #3 is the button
Seat 2: f5ab228 ($10 in chips)
Seat 3: 1281baaf ($5.17 in chips)
Seat 4: Hero ($11.4 in chips)
Seat 5: e2f07f2f ($10 in chips)
Seat 6: efafccc ($10 in chips)
Hero: posts small blind $0.05
e2f07f2f: posts big blind $0.1
*** HOLE CARDS ***
Dealt to f5ab228 
Dealt to 1281baaf 
Dealt to Hero [Kd Td]
Dealt to e2f07f2f 
Dealt to efafccc 
efafccc: folds
f5ab228: folds
1281baaf: calls $0.1
Hero: raises $0.3 to $0.4
e2f07f2f: folds
1281baaf: calls $0.3
*** FLOP *** [8h 2c 2s]
Hero: checks
1281baaf: checks
*** TURN *** [8h 2c 2s] [Ad]
Hero: checks
1281baaf: checks
*** RIVER *** [8h 2c 2s Ad] [Ks]
Hero: bets $0.4
1281baaf: folds
Uncalled bet ($0.4) returned to Hero
*** SHOWDOWN ***
Hero collected $0.86 from pot
*** SUMMARY ***
Total pot $0.9 | Rake $0.04 | Jackpot $0 | Bingo $0 | Fortune $0 | Tax $0
Board [8h 2c 2s Ad Ks]
Seat 2: f5ab228 folded before Flop (didn't bet)
Seat 3: 1281baaf (button) folded on the River
Seat 4: Hero (small blind) won ($0.86)
Seat 5: e2f07f2f (big blind) folded before Flop
Seat 6: efafccc folded before Flop (didn't bet)


Poker Hand #HD1761206604: Hold'em No Limit ($0.05/$0.1) - 2024/05/06 17:06:36
Table 'NLHRed80' 6-max Seat #2 is the button
Seat 2: f5ab228 ($10 in chips)
Seat 3: 1281baaf ($5.22 in chips)
Seat 4: Hero ($11.35 in chips)
Seat 5: e2f07f2f ($10 in chips)
Seat 6: efafccc ($10 in chips)
1281baaf: posts small blind $0.05
Hero: posts big blind $0.1
*** HOLE CARDS ***
Dealt to f5ab228 
Dealt to 1281baaf 
Dealt to Hero [Tc Qh]
Dealt to e2f07f2f 
Dealt to efafccc 
e2f07f2f: folds
efafccc: folds
f5ab228: folds
1281baaf: folds
Uncalled bet ($0.05) returned to Hero
*** SHOWDOWN ***
Hero collected $0.1 from pot
*** SUMMARY ***
Total pot $0.1 | Rake $0 | Jackpot $0 | Bingo $0 | Fortune $0 | Tax $0
Seat 2: f5ab228 (button) folded before Flop (didn't bet)
Seat 3: 1281baaf (small blind) folded before Flop
Seat 4: Hero (big blind) collected ($0.1)
Seat 5: e2f07f2f folded before Flop (didn't bet)
Seat 6: efafccc folded before Flop (didn't bet)


Poker Hand #HD1761206332: Hold'em No Limit ($0.05/$0.1) - 2024/05/06 17:04:58
Table 'NLHRed80' 6-max Seat #6 is the button
Seat 1: df311671 ($12.2 in chips)
Seat 2: f5ab228 ($10 in chips)
Seat 3: 1281baaf ($4.35 in chips)
Seat 4: Hero ($11.35 in chips)
Seat 5: e2f07f2f ($10 in chips)
Seat 6: efafccc ($10.37 in chips)
df311671: posts small blind $0.05
f5ab228: posts big blind $0.1
*** HOLE CARDS ***
Dealt to df311671 
Dealt to f5ab228 
Dealt to 1281baaf 
Dealt to Hero [Ts 2s]
Dealt to e2f07f2f 
Dealt to efafccc 
1281baaf: calls $0.1
Hero: folds
e2f07f2f: folds
efafccc: raises $0.35 to $0.45
df311671: folds
f5ab228: folds
1281baaf: calls $0.35
*** FLOP *** [7d Js 2c]
1281baaf: checks
efafccc: bets $0.35
1281baaf: calls $0.35
*** TURN *** [7d Js 2c] [Qs]
1281baaf: checks
efafccc: checks
*** RIVER *** [7d Js 2c Qs] [9h]
1281baaf: bets $1.75
efafccc: folds
Uncalled bet ($1.75) returned to 1281baaf
*** SHOWDOWN ***
1281baaf collected $1.67 from pot
*** SUMMARY ***
Total pot $1.75 | Rake $0.08 | Jackpot $0 | Bingo $0 | Fortune $0 | Tax $0
Board [7d Js 2c Qs 9h]
Seat 1: df311671 (small blind) folded before Flop
Seat 2: f5ab228 (big blind) folded before Flop
Seat 3: 1281baaf won ($1.67)
Seat 4: Hero folded before Flop (didn't bet)
Seat 5: e2f07f2f folded before Flop (didn't bet)
Seat 6: efafccc (button) folded on the River


Poker Hand #HD1761206292: Hold'em No Limit ($0.05/$0.1) - 2024/05/06 17:04:43
Table 'NLHRed80' 6-max Seat #5 is the button
Seat 1: df311671 ($12.3 in chips)
Seat 3: 1281baaf ($4.2 in chips)
Seat 4: Hero ($11.35 in chips)
Seat 5: e2f07f2f ($10 in chips)
Seat 6: efafccc ($10.42 in chips)
efafccc: posts small blind $0.05
df311671: posts big blind $0.1
*** HOLE CARDS ***
Dealt to df311671 
Dealt to 1281baaf 
Dealt to Hero [6d Qs]
Dealt to e2f07f2f 
Dealt to efafccc 
1281baaf: raises $0.25 to $0.35
Hero: folds
e2f07f2f: folds
efafccc: folds
df311671: folds
Uncalled bet ($0.25) returned to 1281baaf
*** SHOWDOWN ***
1281baaf collected $0.25 from pot
*** SUMMARY ***
Total pot $0.25 | Rake $0 | Jackpot $0 | Bingo $0 | Fortune $0 | Tax $0
Seat 1: df311671 (big blind) folded before Flop
Seat 3: 1281baaf collected ($0.25)
Seat 4: Hero folded before Flop (didn't bet)
Seat 5: e2f07f2f (button) folded before Flop (didn't bet)
Seat 6: efafccc (small blind) folded before Flop


Poker Hand #HD1761206260: Hold'em No Limit ($0.05/$0.1) - 2024/05/06 17:04:33
Table 'NLHRed80' 6-max Seat #4 is the button
Seat 1: df311671 ($12.3 in chips)
Seat 3: 1281baaf ($4.2 in chips)
Seat 4: Hero ($11.35 in chips)
Seat 5: e2f07f2f ($10.05 in chips)
Seat 6: efafccc ($10.37 in chips)
e2f07f2f: posts small blind $0.05
efafccc: posts big blind $0.1
*** HOLE CARDS ***
Dealt to df311671 
Dealt to 1281baaf 
Dealt to Hero [Kd 6s]
Dealt to e2f07f2f 
Dealt to efafccc 
df311671: folds
1281baaf: folds
Hero: folds
e2f07f2f: folds
Uncalled bet ($0.05) returned to efafccc
*** SHOWDOWN ***
efafccc collected $0.1 from pot
*** SUMMARY ***
Total pot $0.1 | Rake $0 | Jackpot $0 | Bingo $0 | Fortune $0 | Tax $0
Seat 1: df311671 folded before Flop (didn't bet)
Seat 3: 1281baaf folded before Flop (didn't bet)
Seat 4: Hero (button) folded before Flop (didn't bet)
Seat 5: e2f07f2f (small blind) folded before Flop
Seat 6: efafccc (big blind) collected ($0.1)


Poker Hand #HD1761206209: Hold'em No Limit ($0.05/$0.1) - 2024/05/06 17:04:16
Table 'NLHRed80' 6-max Seat #3 is the button
Seat 1: df311671 ($12.3 in chips)
Seat 3: 1281baaf ($4.05 in chips)
Seat 4: Hero ($11.4 in chips)
Seat 5: e2f07f2f ($10.15 in chips)
Seat 6: efafccc ($10.37 in chips)
Hero: posts small blind $0.05
e2f07f2f: posts big blind $0.1
*** HOLE CARDS ***
Dealt to df311671 
Dealt to 1281baaf 
Dealt to Hero [9c Ks]
Dealt to e2f07f2f 
Dealt to efafccc 
efafccc: folds
df311671: folds
1281baaf: raises $0.2 to $0.3
Hero: folds
e2f07f2f: folds
Uncalled bet ($0.2) returned to 1281baaf
*** SHOWDOWN ***
1281baaf collected $0.25 from pot
*** SUMMARY ***
Total pot $0.25 | Rake $0 | Jackpot $0 | Bingo $0 | Fortune $0 | Tax $0
Seat 1: df311671 folded before Flop (didn't bet)
Seat 3: 1281baaf (button) collected ($0.25)
Seat 4: Hero (small blind) folded before Flop
Seat 5: e2f07f2f (big blind) folded before Flop
Seat 6: efafccc folded before Flop (didn't bet)


Poker Hand #HD1761206166: Hold'em No Limit ($0.05/$0.1) - 2024/05/06 17:04:03
Table 'NLHRed80' 6-max Seat #2 is the button
Seat 1: df311671 ($12.3 in chips)
Seat 2: 3652b344 ($12.11 in chips)
Seat 3: 1281baaf ($4.1 in chips)
Seat 4: Hero ($11.5 in chips)
Seat 5: e2f07f2f ($10.15 in chips)
Seat 6: efafccc ($10.22 in chips)
1281baaf: posts small blind $0.05
Hero: posts big blind $0.1
*** HOLE CARDS ***
Dealt to df311671 
Dealt to 3652b344 
Dealt to 1281baaf 
Dealt to Hero [8d 7h]
Dealt to e2f07f2f 
Dealt to efafccc 
e2f07f2f: folds
efafccc: raises $0.15 to $0.25
df311671: folds
3652b344: folds
1281baaf: folds
Hero: folds
Uncalled bet ($0.15) returned to efafccc
*** SHOWDOWN ***
efafccc collected $0.25 from pot
*** SUMMARY ***
Total pot $0.25 | Rake $0 | Jackpot $0 | Bingo $0 | Fortune $0 | Tax $0
Seat 1: df311671 folded before Flop (didn't bet)
Seat 2: 3652b344 (button) folded before Flop (didn't bet)
Seat 3: 1281baaf (small blind) folded before Flop
Seat 4: Hero (big blind) folded before Flop
Seat 5: e2f07f2f folded before Flop (didn't bet)
Seat 6: efafccc collected ($0.25)


Poker Hand #HD1761206081: Hold'em No Limit ($0.05/$0.1) - 2024/05/06 17:03:36
Table 'NLHRed80' 6-max Seat #1 is the button
Seat 1: df311671 ($12.3 in chips)
Seat 2: 3652b344 ($12.16 in chips)
Seat 3: 1281baaf ($4.2 in chips)
Seat 4: Hero ($11.5 in chips)
Seat 5: e2f07f2f ($10 in chips)
Seat 6: efafccc ($10.22 in chips)
3652b344: posts small blind $0.05
1281baaf: posts big blind $0.1
*** HOLE CARDS ***
Dealt to df311671 
Dealt to 3652b344 
Dealt to 1281baaf 
Dealt to Hero [7h 9d]
Dealt to e2f07f2f 
Dealt to efafccc 
Hero: folds
e2f07f2f: raises $0.15 to $0.25
efafccc: folds
df311671: folds
3652b344: folds
1281baaf: folds
Uncalled bet ($0.15) returned to e2f07f2f
*** SHOWDOWN ***
e2f07f2f collected $0.25 from pot
*** SUMMARY ***
Total pot $0.25 | Rake $0 | Jackpot $0 | Bingo $0 | Fortune $0 | Tax $0
Seat 1: df311671 (button) folded before Flop (didn't bet)
Seat 2: 3652b344 (small blind) folded before Flop
Seat 3: 1281baaf (big blind) folded before Flop
Seat 4: Hero folded before Flop (didn't bet)
Seat 5: e2f07f2f collected ($0.25)
Seat 6: efafccc folded before Flop (didn't bet)


Poker Hand #HD1761206002: Hold'em No Limit ($0.05/$0.1) - 2024/05/06 17:03:09
Table 'NLHRed80' 6-max Seat #6 is the button
Seat 1: df311671 ($12.03 in chips)
Seat 2: 3652b344 ($12.46 in chips)
Seat 3: 1281baaf ($4.2 in chips)
Seat 4: Hero ($11.5 in chips)
Seat 5: e2f07f2f ($10 in chips)
Seat 6: efafccc ($10.22 in chips)
df311671: posts small blind $0.05
3652b344: posts big blind $0.1
*** HOLE CARDS ***
Dealt to df311671 
Dealt to 3652b344 
Dealt to 1281baaf 
Dealt to Hero [9s 3h]
Dealt to e2f07f2f 
Dealt to efafccc 
1281baaf: folds
Hero: folds
e2f07f2f: folds
efafccc: folds
df311671: raises $0.2 to $0.3
3652b344: calls $0.2
*** FLOP *** [7c Jc 3d]
df311671: bets $0.15
3652b344: folds
Uncalled bet ($0.15) returned to df311671
*** SHOWDOWN ***
df311671 collected $0.57 from pot
*** SUMMARY ***
Total pot $0.6 | Rake $0.03 | Jackpot $0 | Bingo $0 | Fortune $0 | Tax $0
Board [7c Jc 3d]
Seat 1: df311671 (small blind) won ($0.57)
Seat 2: 3652b344 (big blind) folded on the Flop
Seat 3: 1281baaf folded before Flop (didn't bet)
Seat 4: Hero folded before Flop (didn't bet)
Seat 5: e2f07f2f folded before Flop (didn't bet)
Seat 6: efafccc (button) folded before Flop (didn't bet)


Poker Hand #HD1761205946: Hold'em No Limit ($0.05/$0.1) - 2024/05/06 17:02:50
Table 'NLHRed80' 6-max Seat #5 is the button
Seat 1: df311671 ($12.13 in chips)
Seat 2: 3652b344 ($12.31 in chips)
Seat 3: 1281baaf ($4.2 in chips)
Seat 4: Hero ($11.5 in chips)
Seat 5: e2f07f2f ($10 in chips)
Seat 6: efafccc ($10.27 in chips)
efafccc: posts small blind $0.05
df311671: posts big blind $0.1
*** HOLE CARDS ***
Dealt to df311671 
Dealt to 3652b344 
Dealt to 1281baaf 
Dealt to Hero [Tc 2s]
Dealt to e2f07f2f 
Dealt to efafccc 
3652b344: raises $0.1 to $0.2
1281baaf: folds
Hero: folds
e2f07f2f: folds
efafccc: folds
df311671: folds
Uncalled bet ($0.1) returned to 3652b344
*** SHOWDOWN ***
3652b344 collected $0.25 from pot
*** SUMMARY ***
Total pot $0.25 | Rake $0 | Jackpot $0 | Bingo $0 | Fortune $0 | Tax $0
Seat 1: df311671 (big blind) folded before Flop
Seat 2: 3652b344 collected ($0.25)
Seat 3: 1281baaf folded before Flop (didn't bet)
Seat 4: Hero folded before Flop (didn't bet)
Seat 5: e2f07f2f (button) folded before Flop (didn't bet)
Seat 6: efafccc (small blind) folded before Flop


Poker Hand #HD1761205874: Hold'em No Limit ($0.05/$0.1) - 2024/05/06 17:02:25
Table 'NLHRed80' 6-max Seat #4 is the button
Seat 1: df311671 ($12.13 in chips)
Seat 2: 3652b344 ($12.31 in chips)
Seat 3: 1281baaf ($4.2 in chips)
Seat 4: Hero ($11.74 in chips)
Seat 5: e2f07f2f ($10 in chips)
Seat 6: efafccc ($10 in chips)
e2f07f2f: posts small blind $0.05
efafccc: posts big blind $0.1
*** HOLE CARDS ***
Dealt to df311671 
Dealt to 3652b344 
Dealt to 1281baaf 
Dealt to Hero [7h 8s]
Dealt to e2f07f2f 
Dealt to efafccc 
df311671: folds
3652b344: folds
1281baaf: folds
Hero: raises $0.14 to $0.24
e2f07f2f: folds
efafccc: raises $0.86 to $1.1
Hero: folds
Uncalled bet ($0.86) returned to efafccc
*** SHOWDOWN ***
efafccc collected $0.51 from pot
*** SUMMARY ***
Total pot $0.53 | Rake $0.02 | Jackpot $0 | Bingo $0 | Fortune $0 | Tax $0
Seat 1: df311671 folded before Flop (didn't bet)
Seat 2: 3652b344 folded before Flop (didn't bet)
Seat 3: 1281baaf folded before Flop (didn't bet)
Seat 4: Hero (button) folded before Flop
Seat 5: e2f07f2f (small blind) folded before Flop
Seat 6: efafccc (big blind) collected ($0.51)


Poker Hand #HD1761115593: Hold'em No Limit ($0.05/$0.1) - 2024/05/06 17:00:42
Table 'NLHRed80' 6-max Seat #3 is the button
Seat 1: df311671 ($10.22 in chips)
Seat 2: 3652b344 ($12.31 in chips)
Seat 3: 1281baaf ($4.2 in chips)
Seat 4: Hero ($11.79 in chips)
Seat 5: e2f07f2f ($10.15 in chips)
Hero: posts small blind $0.05
e2f07f2f: posts big blind $0.1
*** HOLE CARDS ***
Dealt to df311671 
Dealt to 3652b344 
Dealt to 1281baaf 
Dealt to Hero [8c 5s]
Dealt to e2f07f2f 
df311671: raises $0.15 to $0.25
3652b344: folds
1281baaf: folds
Hero: folds
e2f07f2f: calls $0.15
*** FLOP *** [7d 9d As]
e2f07f2f: checks
df311671: bets $0.19
e2f07f2f: raises $0.41 to $0.6
df311671: calls $0.41
*** TURN *** [7d 9d As] [3s]
e2f07f2f: bets $1.32
df311671: calls $1.32
*** RIVER *** [7d 9d As 3s] [Th]
e2f07f2f: checks
df311671: bets $3.3
e2f07f2f: folds
Uncalled bet ($3.3) returned to df311671
*** SHOWDOWN ***
df311671 collected $4.08 from pot
*** SUMMARY ***
Total pot $4.39 | Rake $0.21 | Jackpot $0.1 | Bingo $0 | Fortune $0 | Tax $0
Board [7d 9d As 3s Th]
Seat 1: df311671 won ($4.08)
Seat 2: 3652b344 folded before Flop (didn't bet)
Seat 3: 1281baaf (button) folded before Flop (didn't bet)
Seat 4: Hero (small blind) folded before Flop
Seat 5: e2f07f2f (big blind) folded on the River


Poker Hand #HD1761115463: Hold'em No Limit ($0.05/$0.1) - 2024/05/06 16:59:54
Table 'NLHRed80' 6-max Seat #2 is the button
Seat 1: df311671 ($10.22 in chips)
Seat 2: 3652b344 ($12.12 in chips)
Seat 3: 1281baaf ($4.3 in chips)
Seat 4: Hero ($11.89 in chips)
Seat 5: e2f07f2f ($10.15 in chips)
1281baaf: posts small blind $0.05
Hero: posts big blind $0.1
*** HOLE CARDS ***
Dealt to df311671 
Dealt to 3652b344 
Dealt to 1281baaf 
Dealt to Hero [6d 7h]
Dealt to e2f07f2f 
e2f07f2f: folds
df311671: folds
3652b344: calls $0.1
1281baaf: calls $0.05
Hero: checks
*** FLOP *** [Ac 8d Th]
1281baaf: checks
Hero: checks
3652b344: bets $0.23
1281baaf: folds
Hero: folds
Uncalled bet ($0.23) returned to 3652b344
*** SHOWDOWN ***
3652b344 collected $0.29 from pot
*** SUMMARY ***
Total pot $0.3 | Rake $0.01 | Jackpot $0 | Bingo $0 | Fortune $0 | Tax $0
Board [Ac 8d Th]
Seat 1: df311671 folded before Flop (didn't bet)
Seat 2: 3652b344 (button) won ($0.29)
Seat 3: 1281baaf (small blind) folded on the Flop
Seat 4: Hero (big blind) folded on the Flop
Seat 5: e2f07f2f folded before Flop (didn't bet)


Poker Hand #HD1761115405: Hold'em No Limit ($0.05/$0.1) - 2024/05/06 16:59:35
Table 'NLHRed80' 6-max Seat #1 is the button
Seat 1: df311671 ($10.22 in chips)
Seat 2: 3652b344 ($12.17 in chips)
Seat 3: 1281baaf ($4.4 in chips)
Seat 4: Hero ($11.89 in chips)
Seat 5: e2f07f2f ($10 in chips)
3652b344: posts small blind $0.05
1281baaf: posts big blind $0.1
*** HOLE CARDS ***
Dealt to df311671 
Dealt to 3652b344 
Dealt to 1281baaf 
Dealt to Hero [Kd 7d]
Dealt to e2f07f2f 
Hero: folds
e2f07f2f: raises $0.15 to $0.25
df311671: folds
3652b344: folds
1281baaf: folds
Uncalled bet ($0.15) returned to e2f07f2f
*** SHOWDOWN ***
e2f07f2f collected $0.25 from pot
*** SUMMARY ***
Total pot $0.25 | Rake $0 | Jackpot $0 | Bingo $0 | Fortune $0 | Tax $0
Seat 1: df311671 (button) folded before Flop (didn't bet)
Seat 2: 3652b344 (small blind) folded before Flop
Seat 3: 1281baaf (big blind) folded before Flop
Seat 4: Hero folded before Flop (didn't bet)
Seat 5: e2f07f2f collected ($0.25)


Poker Hand #HD1761115112: Hold'em No Limit ($0.05/$0.1) - 2024/05/06 16:57:54
Table 'NLHRed80' 6-max Seat #5 is the button
Seat 1: df311671 ($10.27 in chips)
Seat 2: 3652b344 ($12.77 in chips)
Seat 3: 1281baaf ($3.81 in chips)
Seat 4: Hero ($11.89 in chips)
Seat 5: e2f07f2f ($10 in chips)
df311671: posts small blind $0.05
3652b344: posts big blind $0.1
*** HOLE CARDS ***
Dealt to df311671 
Dealt to 3652b344 
Dealt to 1281baaf 
Dealt to Hero [Qd Js]
Dealt to e2f07f2f 
1281baaf: raises $0.25 to $0.35
Hero: folds
e2f07f2f: folds
df311671: folds
3652b344: calls $0.25
*** FLOP *** [Ac 4c Ts]
3652b344: checks
1281baaf: checks
*** TURN *** [Ac 4c Ts] [Qs]
3652b344: checks
1281baaf: checks
*** RIVER *** [Ac 4c Ts Qs] [Kc]
3652b344: bets $0.25
1281baaf: calls $0.25
3652b344: shows [7h 7d] (Pair of Sevens)
1281baaf: shows [Qc Ks] (Pair of Kings and Pair of Queens)
*** SHOWDOWN ***
1281baaf collected $1.19 from pot
*** SUMMARY ***
Total pot $1.25 | Rake $0.06 | Jackpot $0 | Bingo $0 | Fortune $0 | Tax $0
Board [Ac 4c Ts Qs Kc]
Seat 1: df311671 (small blind) folded before Flop
Seat 2: 3652b344 (big blind) showed [7h 7d] and lost with Pair of Sevens
Seat 3: 1281baaf showed [Qc Ks] and won ($1.19) with Pair of Kings and Pair of Queens
Seat 4: Hero folded before Flop (didn't bet)
Seat 5: e2f07f2f (button) folded before Flop (didn't bet)


Poker Hand #HD1761115022: Hold'em No Limit ($0.05/$0.1) - 2024/05/06 16:57:19
Table 'NLHRed80' 6-max Seat #4 is the button
Seat 1: df311671 ($10 in chips)
Seat 2: 3652b344 ($12.77 in chips)
Seat 3: 1281baaf ($3.81 in chips)
Seat 4: Hero ($11.89 in chips)
Seat 5: e2f07f2f ($10 in chips)
e2f07f2f: posts small blind $0.05
df311671: posts big blind $0.1
*** HOLE CARDS ***
Dealt to df311671 
Dealt to 3652b344 
Dealt to 1281baaf 
Dealt to Hero [3c 5c]
Dealt to e2f07f2f 
3652b344: folds
1281baaf: folds
Hero: folds
e2f07f2f: raises $0.2 to $0.3
df311671: raises $0.65 to $0.95
e2f07f2f: folds
Uncalled bet ($0.65) returned to df311671
*** SHOWDOWN ***
df311671 collected $0.57 from pot
*** SUMMARY ***
Total pot $0.6 | Rake $0.03 | Jackpot $0 | Bingo $0 | Fortune $0 | Tax $0
Seat 1: df311671 (big blind) collected ($0.57)
Seat 2: 3652b344 folded before Flop (didn't bet)
Seat 3: 1281baaf folded before Flop (didn't bet)
Seat 4: Hero (button) folded before Flop (didn't bet)
Seat 5: e2f07f2f (small blind) folded before Flop


Poker Hand #HD1761114856: Hold'em No Limit ($0.05/$0.1) - 2024/05/06 16:56:20
Table 'NLHRed80' 6-max Seat #3 is the button
Seat 1: df311671 ($10 in chips)
Seat 2: 3652b344 ($8.29 in chips)
Seat 3: 1281baaf ($3.81 in chips)
Seat 4: Hero ($11.94 in chips)
Seat 5: e2f07f2f ($10 in chips)
Seat 6: cc5ae3e3 ($4.92 in chips)
Hero: posts small blind $0.05
e2f07f2f: posts big blind $0.1
*** HOLE CARDS ***
Dealt to df311671 
Dealt to 3652b344 
Dealt to 1281baaf 
Dealt to Hero [Ts Jh]
Dealt to e2f07f2f 
Dealt to cc5ae3e3 
cc5ae3e3: raises $0.2 to $0.3
df311671: folds
3652b344: raises $0.25 to $0.55
1281baaf: folds
Hero: folds
e2f07f2f: folds
cc5ae3e3: calls $0.25
*** FLOP *** [Kd Qc Js]
cc5ae3e3: checks
3652b344: bets $0.63
cc5ae3e3: raises $2.51 to $3.14
3652b344: raises $4.6 to $7.74 and is all-in
cc5ae3e3: calls $1.23 and is all-in
Uncalled bet ($3.37) returned to 3652b344
3652b344: shows [Qh Kh] (Pair of Kings and Pair of Queens)
cc5ae3e3: shows [Jc Ks] (Pair of Kings and Pair of Jacks)
*** TURN *** [Kd Qc Js] [6h]
*** RIVER *** [Kd Qc Js 6h] [Qd]
*** SHOWDOWN ***
3652b344 collected $9.4 from pot
*** SUMMARY ***
Total pot $9.99 | Rake $0.49 | Jackpot $0.1 | Bingo $0 | Fortune $0 | Tax $0
Board [Kd Qc Js 6h Qd]
Seat 1: df311671 folded before Flop (didn't bet)
Seat 2: 3652b344 showed [Qh Kh] and won ($9.4) with Queens Full over Kings
Seat 3: 1281baaf (button) folded before Flop (didn't bet)
Seat 4: Hero (small blind) folded before Flop
Seat 5: e2f07f2f (big blind) folded before Flop
Seat 6: cc5ae3e3 showed [Jc Ks] and lost with Pair of Kings and Pair of Queens


Poker Hand #HD1761114826: Hold'em No Limit ($0.05/$0.1) - 2024/05/06 16:56:08
Table 'NLHRed80' 6-max Seat #2 is the button
Seat 1: df311671 ($10 in chips)
Seat 2: 3652b344 ($8.29 in chips)
Seat 3: 1281baaf ($3.86 in chips)
Seat 4: Hero ($12.04 in chips)
Seat 6: cc5ae3e3 ($4.77 in chips)
1281baaf: posts small blind $0.05
Hero: posts big blind $0.1
*** HOLE CARDS ***
Dealt to df311671 
Dealt to 3652b344 
Dealt to 1281baaf 
Dealt to Hero [9d Js]
Dealt to cc5ae3e3 
cc5ae3e3: raises $0.2 to $0.3
df311671: folds
3652b344: folds
1281baaf: folds
Hero: folds
Uncalled bet ($0.2) returned to cc5ae3e3
*** SHOWDOWN ***
cc5ae3e3 collected $0.25 from pot
*** SUMMARY ***
Total pot $0.25 | Rake $0 | Jackpot $0 | Bingo $0 | Fortune $0 | Tax $0
Seat 1: df311671 folded before Flop (didn't bet)
Seat 2: 3652b344 (button) folded before Flop (didn't bet)
Seat 3: 1281baaf (small blind) folded before Flop
Seat 4: Hero (big blind) folded before Flop
Seat 6: cc5ae3e3 collected ($0.25)


Poker Hand #HD1761114738: Hold'em No Limit ($0.05/$0.1) - 2024/05/06 16:55:38
Table 'NLHRed80' 6-max Seat #1 is the button
Seat 1: df311671 ($10 in chips)
Seat 2: 3652b344 ($8.34 in chips)
Seat 3: 1281baaf ($3.54 in chips)
Seat 4: Hero ($12.04 in chips)
Seat 6: cc5ae3e3 ($5.07 in chips)
3652b344: posts small blind $0.05
1281baaf: posts big blind $0.1
*** HOLE CARDS ***
Dealt to df311671 
Dealt to 3652b344 
Dealt to 1281baaf 
Dealt to Hero [As 4h]
Dealt to cc5ae3e3 
Hero: folds
cc5ae3e3: raises $0.2 to $0.3
df311671: folds
3652b344: folds
1281baaf: calls $0.2
*** FLOP *** [9s Kd 2h]
1281baaf: bets $0.49
cc5ae3e3: folds
Uncalled bet ($0.49) returned to 1281baaf
*** SHOWDOWN ***
1281baaf collected $0.62 from pot
*** SUMMARY ***
Total pot $0.65 | Rake $0.03 | Jackpot $0 | Bingo $0 | Fortune $0 | Tax $0
Board [9s Kd 2h]
Seat 1: df311671 (button) folded before Flop (didn't bet)
Seat 2: 3652b344 (small blind) folded before Flop
Seat 3: 1281baaf (big blind) won ($0.62)
Seat 4: Hero folded before Flop (didn't bet)
Seat 6: cc5ae3e3 folded on the Flop


Poker Hand #HD1761114674: Hold'em No Limit ($0.05/$0.1) - 2024/05/06 16:55:15
Table 'NLHRed80' 6-max Seat #6 is the button
Seat 1: df311671 ($10.05 in chips)
Seat 2: 3652b344 ($8.24 in chips)
Seat 3: 1281baaf ($3.54 in chips)
Seat 4: Hero ($12.04 in chips)
Seat 6: cc5ae3e3 ($5.07 in chips)
df311671: posts small blind $0.05
3652b344: posts big blind $0.1
*** HOLE CARDS ***
Dealt to df311671 
Dealt to 3652b344 
Dealt to 1281baaf 
Dealt to Hero [5s Ks]
Dealt to cc5ae3e3 
1281baaf: folds
Hero: folds
cc5ae3e3: folds
df311671: calls $0.05
3652b344: raises $0.2 to $0.3
df311671: folds
Uncalled bet ($0.2) returned to 3652b344
*** SHOWDOWN ***
3652b344 collected $0.2 from pot
*** SUMMARY ***
Total pot $0.2 | Rake $0 | Jackpot $0 | Bingo $0 | Fortune $0 | Tax $0
Seat 1: df311671 (small blind) folded before Flop
Seat 2: 3652b344 (big blind) collected ($0.2)
Seat 3: 1281baaf folded before Flop (didn't bet)
Seat 4: Hero folded before Flop (didn't bet)
Seat 6: cc5ae3e3 (button) folded before Flop (didn't bet)


Poker Hand #HD1761114622: Hold'em No Limit ($0.05/$0.1) - 2024/05/06 16:54:58
Table 'NLHRed80' 6-max Seat #4 is the button
Seat 1: df311671 ($10.15 in chips)
Seat 2: 3652b344 ($8.24 in chips)
Seat 3: 1281baaf ($3.39 in chips)
Seat 4: Hero ($12.04 in chips)
Seat 6: cc5ae3e3 ($5.12 in chips)
cc5ae3e3: posts small blind $0.05
df311671: posts big blind $0.1
*** HOLE CARDS ***
Dealt to df311671 
Dealt to 3652b344 
Dealt to 1281baaf 
Dealt to Hero [3c As]
Dealt to cc5ae3e3 
3652b344: folds
1281baaf: raises $1.25 to $1.35
Hero: folds
cc5ae3e3: folds
df311671: folds
Uncalled bet ($1.25) returned to 1281baaf
*** SHOWDOWN ***
1281baaf collected $0.25 from pot
*** SUMMARY ***
Total pot $0.25 | Rake $0 | Jackpot $0 | Bingo $0 | Fortune $0 | Tax $0
Seat 1: df311671 (big blind) folded before Flop
Seat 2: 3652b344 folded before Flop (didn't bet)
Seat 3: 1281baaf collected ($0.25)
Seat 4: Hero (button) folded before Flop (didn't bet)
Seat 6: cc5ae3e3 (small blind) folded before Flop


Poker Hand #HD1761114590: Hold'em No Limit ($0.05/$0.1) - 2024/05/06 16:54:48
Table 'NLHRed80' 6-max Seat #3 is the button
Seat 1: df311671 ($10 in chips)
Seat 2: 3652b344 ($8.24 in chips)
Seat 3: 1281baaf ($3.39 in chips)
Seat 4: Hero ($12.09 in chips)
Seat 6: cc5ae3e3 ($5.22 in chips)
Hero: posts small blind $0.05
cc5ae3e3: posts big blind $0.1
*** HOLE CARDS ***
Dealt to df311671 
Dealt to 3652b344 
Dealt to 1281baaf 
Dealt to Hero [4d 3s]
Dealt to cc5ae3e3 
df311671: raises $0.15 to $0.25
3652b344: folds
1281baaf: folds
Hero: folds
cc5ae3e3: folds
Uncalled bet ($0.15) returned to df311671
*** SHOWDOWN ***
df311671 collected $0.25 from pot
*** SUMMARY ***
Total pot $0.25 | Rake $0 | Jackpot $0 | Bingo $0 | Fortune $0 | Tax $0
Seat 1: df311671 collected ($0.25)
Seat 2: 3652b344 folded before Flop (didn't bet)
Seat 3: 1281baaf (button) folded before Flop (didn't bet)
Seat 4: Hero (small blind) folded before Flop
Seat 6: cc5ae3e3 (big blind) folded before Flop


Poker Hand #HD1761114543: Hold'em No Limit ($0.05/$0.1) - 2024/05/06 16:54:31
Table 'NLHRed80' 6-max Seat #2 is the button
Seat 1: df311671 ($10 in chips)
Seat 2: 3652b344 ($8.09 in chips)
Seat 3: 1281baaf ($3.44 in chips)
Seat 4: Hero ($12.19 in chips)
Seat 6: cc5ae3e3 ($5.22 in chips)
1281baaf: posts small blind $0.05
Hero: posts big blind $0.1
*** HOLE CARDS ***
Dealt to df311671 
Dealt to 3652b344 
Dealt to 1281baaf 
Dealt to Hero [9s 4c]
Dealt to cc5ae3e3 
cc5ae3e3: folds
df311671: folds
3652b344: raises $0.2 to $0.3
1281baaf: folds
Hero: folds
Uncalled bet ($0.2) returned to 3652b344
*** SHOWDOWN ***
3652b344 collected $0.25 from pot
*** SUMMARY ***
Total pot $0.25 | Rake $0 | Jackpot $0 | Bingo $0 | Fortune $0 | Tax $0
Seat 1: df311671 folded before Flop (didn't bet)
Seat 2: 3652b344 (button) collected ($0.25)
Seat 3: 1281baaf (small blind) folded before Flop
Seat 4: Hero (big blind) folded before Flop
Seat 6: cc5ae3e3 folded before Flop (didn't bet)


Poker Hand #HD1761114447: Hold'em No Limit ($0.05/$0.1) - 2024/05/06 16:53:58
Table 'NLHRed80' 6-max Seat #1 is the button
Seat 1: df311671 ($10 in chips)
Seat 2: 3652b344 ($8.29 in chips)
Seat 3: 1281baaf ($3.26 in chips)
Seat 4: Hero ($12.19 in chips)
Seat 6: cc5ae3e3 ($5.22 in chips)
3652b344: posts small blind $0.05
1281baaf: posts big blind $0.1
*** HOLE CARDS ***
Dealt to df311671 
Dealt to 3652b344 
Dealt to 1281baaf 
Dealt to Hero [Js 9c]
Dealt to cc5ae3e3 
Hero: folds
cc5ae3e3: folds
df311671: folds
3652b344: raises $0.1 to $0.2
1281baaf: raises $1.25 to $1.45
3652b344: folds
Uncalled bet ($1.25) returned to 1281baaf
*** SHOWDOWN ***
1281baaf collected $0.38 from pot
*** SUMMARY ***
Total pot $0.4 | Rake $0.02 | Jackpot $0 | Bingo $0 | Fortune $0 | Tax $0
Seat 1: df311671 (button) folded before Flop (didn't bet)
Seat 2: 3652b344 (small blind) folded before Flop
Seat 3: 1281baaf (big blind) collected ($0.38)
Seat 4: Hero folded before Flop (didn't bet)
Seat 6: cc5ae3e3 folded before Flop (didn't bet)


Poker Hand #HD1761114391: Hold'em No Limit ($0.05/$0.1) - 2024/05/06 16:53:41
Table 'NLHRed80' 6-max Seat #6 is the button
Seat 1: df311671 ($10 in chips)
Seat 2: 3652b344 ($8.39 in chips)
Seat 3: 1281baaf ($3.11 in chips)
Seat 4: Hero ($12.19 in chips)
Seat 6: cc5ae3e3 ($5.22 in chips)
df311671: posts small blind $0.05
3652b344: posts big blind $0.1
*** HOLE CARDS ***
Dealt to df311671 
Dealt to 3652b344 
Dealt to 1281baaf 
Dealt to Hero [8s Js]
Dealt to cc5ae3e3 
1281baaf: raises $1.55 to $1.65
Hero: folds
cc5ae3e3: folds
df311671: folds
3652b344: folds
Uncalled bet ($1.55) returned to 1281baaf
*** SHOWDOWN ***
1281baaf collected $0.25 from pot
*** SUMMARY ***
Total pot $0.25 | Rake $0 | Jackpot $0 | Bingo $0 | Fortune $0 | Tax $0
Seat 1: df311671 (small blind) folded before Flop
Seat 2: 3652b344 (big blind) folded before Flop
Seat 3: 1281baaf collected ($0.25)
Seat 4: Hero folded before Flop (didn't bet)
Seat 6: cc5ae3e3 (button) folded before Flop (didn't bet)


Poker Hand #HD1761114349: Hold'em No Limit ($0.05/$0.1) - 2024/05/06 16:53:25
Table 'NLHRed80' 6-max Seat #4 is the button
Seat 1: df311671 ($10 in chips)
Seat 2: 3652b344 ($8.39 in chips)
Seat 3: 1281baaf ($3.11 in chips)
Seat 4: Hero ($12.04 in chips)
Seat 6: cc5ae3e3 ($5.27 in chips)
cc5ae3e3: posts small blind $0.05
df311671: posts big blind $0.1
*** HOLE CARDS ***
Dealt to df311671 
Dealt to 3652b344 
Dealt to 1281baaf 
Dealt to Hero [9h Jh]
Dealt to cc5ae3e3 
3652b344: folds
1281baaf: folds
Hero: raises $0.14 to $0.24
cc5ae3e3: folds
df311671: folds
Uncalled bet ($0.14) returned to Hero
*** SHOWDOWN ***
Hero collected $0.25 from pot
*** SUMMARY ***
Total pot $0.25 | Rake $0 | Jackpot $0 | Bingo $0 | Fortune $0 | Tax $0
Seat 1: df311671 (big blind) folded before Flop
Seat 2: 3652b344 folded before Flop (didn't bet)
Seat 3: 1281baaf folded before Flop (didn't bet)
Seat 4: Hero (button) collected ($0.25)
Seat 6: cc5ae3e3 (small blind) folded before Flop


Poker Hand #HD1761114221: Hold'em No Limit ($0.05/$0.1) - 2024/05/06 16:52:40
Table 'NLHRed80' 6-max Seat #3 is the button
Seat 2: 3652b344 ($10 in chips)
Seat 3: 1281baaf ($3.11 in chips)
Seat 4: Hero ($12.09 in chips)
Seat 6: cc5ae3e3 ($3.86 in chips)
Hero: posts small blind $0.05
cc5ae3e3: posts big blind $0.1
3652b344: posts big blind $0.1
*** HOLE CARDS ***
Dealt to 3652b344 
Dealt to 1281baaf 
Dealt to Hero [Qc 4h]
Dealt to cc5ae3e3 
3652b344: raises $0.2 to $0.3
1281baaf: folds
Hero: folds
cc5ae3e3: calls $0.2
*** FLOP *** [Th 8s 5d]
cc5ae3e3: checks
3652b344: bets $0.22
cc5ae3e3: raises $1.09 to $1.31
3652b344: calls $1.09
*** TURN *** [Th 8s 5d] [4c]
cc5ae3e3: checks
3652b344: checks
*** RIVER *** [Th 8s 5d 4c] [9c]
cc5ae3e3: checks
3652b344: checks
cc5ae3e3: shows [Kc 9d] (Pair of Nines)
3652b344: shows [Ac Qs] (Ace-High)
*** SHOWDOWN ***
cc5ae3e3 collected $3.02 from pot
*** SUMMARY ***
Total pot $3.27 | Rake $0.15 | Jackpot $0.1 | Bingo $0 | Fortune $0 | Tax $0
Board [Th 8s 5d 4c 9c]
Seat 2: 3652b344 showed [Ac Qs] and lost with Ace-High
Seat 3: 1281baaf (button) folded before Flop (didn't bet)
Seat 4: Hero (small blind) folded before Flop
Seat 6: cc5ae3e3 (big blind) showed [Kc 9d] and won ($3.02) with Pair of Nines


Poker Hand #HD1761114181: Hold'em No Limit ($0.05/$0.1) - 2024/05/06 16:52:24
Table 'NLHRed80' 6-max Seat #6 is the button
Seat 3: 1281baaf ($3.01 in chips)
Seat 4: Hero ($12.19 in chips)
Seat 6: cc5ae3e3 ($3.86 in chips)
1281baaf: posts small blind $0.05
Hero: posts big blind $0.1
*** HOLE CARDS ***
Dealt to 1281baaf 
Dealt to Hero [Th 7d]
Dealt to cc5ae3e3 
cc5ae3e3: folds
1281baaf: raises $0.2 to $0.3
Hero: folds
Uncalled bet ($0.2) returned to 1281baaf
*** SHOWDOWN ***
1281baaf collected $0.2 from pot
*** SUMMARY ***
Total pot $0.2 | Rake $0 | Jackpot $0 | Bingo $0 | Fortune $0 | Tax $0
Seat 3: 1281baaf (small blind) collected ($0.2)
Seat 4: Hero (big blind) folded before Flop
Seat 6: cc5ae3e3 (button) folded before Flop (didn't bet)


Poker Hand #HD1761114119: Hold'em No Limit ($0.05/$0.1) - 2024/05/06 16:52:02
Table 'NLHRed80' 6-max Seat #4 is the button
Seat 3: 1281baaf ($3.11 in chips)
Seat 4: Hero ($11.87 in chips)
Seat 6: cc5ae3e3 ($4.1 in chips)
cc5ae3e3: posts small blind $0.05
1281baaf: posts big blind $0.1
*** HOLE CARDS ***
Dealt to 1281baaf 
Dealt to Hero [8d Qd]
Dealt to cc5ae3e3 
Hero: raises $0.14 to $0.24
cc5ae3e3: calls $0.19
1281baaf: folds
*** FLOP *** [9h 5c Js]
cc5ae3e3: checks
Hero: bets $0.4
cc5ae3e3: folds
Uncalled bet ($0.4) returned to Hero
*** SHOWDOWN ***
Hero collected $0.56 from pot
*** SUMMARY ***
Total pot $0.58 | Rake $0.02 | Jackpot $0 | Bingo $0 | Fortune $0 | Tax $0
Board [9h 5c Js]
Seat 3: 1281baaf (big blind) folded before Flop
Seat 4: Hero (button) won ($0.56)
Seat 6: cc5ae3e3 (small blind) folded on the Flop


Poker Hand #HD1761114070: Hold'em No Limit ($0.05/$0.1) - 2024/05/06 16:51:42
Table 'NLHRed80' 6-max Seat #3 is the button
Seat 3: 1281baaf ($3.11 in chips)
Seat 4: Hero ($11.92 in chips)
Seat 6: cc5ae3e3 ($4.05 in chips)
Hero: posts small blind $0.05
cc5ae3e3: posts big blind $0.1
*** HOLE CARDS ***
Dealt to 1281baaf 
Dealt to Hero [Js 6s]
Dealt to cc5ae3e3 
1281baaf: folds
Hero: folds
Uncalled bet ($0.05) returned to cc5ae3e3
*** SHOWDOWN ***
cc5ae3e3 collected $0.1 from pot
*** SUMMARY ***
Total pot $0.1 | Rake $0 | Jackpot $0 | Bingo $0 | Fortune $0 | Tax $0
Seat 3: 1281baaf (button) folded before Flop (didn't bet)
Seat 4: Hero (small blind) folded before Flop
Seat 6: cc5ae3e3 (big blind) collected ($0.1)


Poker Hand #HD1761114034: Hold'em No Limit ($0.05/$0.1) - 2024/05/06 16:51:28
Table 'NLHRed80' 6-max Seat #6 is the button
Seat 3: 1281baaf ($3.01 in chips)
Seat 4: Hero ($12.02 in chips)
Seat 6: cc5ae3e3 ($4.05 in chips)
1281baaf: posts small blind $0.05
Hero: posts big blind $0.1
*** HOLE CARDS ***
Dealt to 1281baaf 
Dealt to Hero [Qd 6c]
Dealt to cc5ae3e3 
cc5ae3e3: folds
1281baaf: raises $0.2 to $0.3
Hero: folds
Uncalled bet ($0.2) returned to 1281baaf
*** SHOWDOWN ***
1281baaf collected $0.2 from pot
*** SUMMARY ***
Total pot $0.2 | Rake $0 | Jackpot $0 | Bingo $0 | Fortune $0 | Tax $0
Seat 3: 1281baaf (small blind) collected ($0.2)
Seat 4: Hero (big blind) folded before Flop
Seat 6: cc5ae3e3 (button) folded before Flop (didn't bet)


Poker Hand #HD1761114005: Hold'em No Limit ($0.05/$0.1) - 2024/05/06 16:51:20
Table 'NLHRed80' 6-max Seat #4 is the button
Seat 3: 1281baaf ($2.96 in chips)
Seat 4: Hero ($12.02 in chips)
Seat 6: cc5ae3e3 ($4.1 in chips)
cc5ae3e3: posts small blind $0.05
1281baaf: posts big blind $0.1
*** HOLE CARDS ***
Dealt to 1281baaf 
Dealt to Hero [Kd 3c]
Dealt to cc5ae3e3 
Hero: folds
cc5ae3e3: folds
Uncalled bet ($0.05) returned to 1281baaf
*** SHOWDOWN ***
1281baaf collected $0.1 from pot
*** SUMMARY ***
Total pot $0.1 | Rake $0 | Jackpot $0 | Bingo $0 | Fortune $0 | Tax $0
Seat 3: 1281baaf (big blind) collected ($0.1)
Seat 4: Hero (button) folded before Flop (didn't bet)
Seat 6: cc5ae3e3 (small blind) folded before Flop


Poker Hand #HD1761113975: Hold'em No Limit ($0.05/$0.1) - 2024/05/06 16:51:11
Table 'NLHRed80' 6-max Seat #1 is the button
Seat 1: 38987251 ($10.41 in chips)
Seat 4: Hero ($12.07 in chips)
Seat 6: cc5ae3e3 ($4.2 in chips)
Hero: posts small blind $0.05
cc5ae3e3: posts big blind $0.1
*** HOLE CARDS ***
Dealt to 38987251 
Dealt to Hero [3d Qd]
Dealt to cc5ae3e3 
38987251: raises $0.12 to $0.22
Hero: folds
cc5ae3e3: folds
Uncalled bet ($0.12) returned to 38987251
*** SHOWDOWN ***
38987251 collected $0.25 from pot
*** SUMMARY ***
Total pot $0.25 | Rake $0 | Jackpot $0 | Bingo $0 | Fortune $0 | Tax $0
Seat 1: 38987251 (button) collected ($0.25)
Seat 4: Hero (small blind) folded before Flop
Seat 6: cc5ae3e3 (big blind) folded before Flop


Poker Hand #HD1761113933: Hold'em No Limit ($0.05/$0.1) - 2024/05/06 16:50:56
Table 'NLHRed80' 6-max Seat #4 is the button
Seat 1: 38987251 ($10.51 in chips)
Seat 4: Hero ($11.97 in chips)
Hero: posts small blind $0.05
38987251: posts big blind $0.1
*** HOLE CARDS ***
Dealt to 38987251 
Dealt to Hero [Qd Js]
Hero: raises $0.3 to $0.4
38987251: folds
Uncalled bet ($0.3) returned to Hero
*** SHOWDOWN ***
Hero collected $0.2 from pot
*** SUMMARY ***
Total pot $0.2 | Rake $0 | Jackpot $0 | Bingo $0 | Fortune $0 | Tax $0
Seat 1: 38987251 (big blind) folded before Flop
Seat 4: Hero (small blind) collected ($0.2)


Poker Hand #HD1761113919: Hold'em No Limit ($0.05/$0.1) - 2024/05/06 16:50:51
Table 'NLHRed80' 6-max Seat #1 is the button
Seat 1: 38987251 ($10.56 in chips)
Seat 4: Hero ($11.92 in chips)
38987251: posts small blind $0.05
Hero: posts big blind $0.1
*** HOLE CARDS ***
Dealt to 38987251 
Dealt to Hero [Ts 4c]
38987251: folds
Uncalled bet ($0.05) returned to Hero
*** SHOWDOWN ***
Hero collected $0.1 from pot
*** SUMMARY ***
Total pot $0.1 | Rake $0 | Jackpot $0 | Bingo $0 | Fortune $0 | Tax $0
Seat 1: 38987251 (small blind) folded before Flop
Seat 4: Hero (big blind) collected ($0.1)


Poker Hand #HD1761113903: Hold'em No Limit ($0.05/$0.1) - 2024/05/06 16:50:44
Table 'NLHRed80' 6-max Seat #4 is the button
Seat 1: 38987251 ($10.51 in chips)
Seat 2: 9c98933f ($10.72 in chips)
Seat 4: Hero ($11.92 in chips)
Seat 6: 40a09091 ($29.41 in chips)
40a09091: posts small blind $0.05
38987251: posts big blind $0.1
*** HOLE CARDS ***
Dealt to 38987251 
Dealt to 9c98933f 
Dealt to Hero [Qc 9h]
Dealt to 40a09091 
9c98933f: folds
Hero: folds
40a09091: folds
Uncalled bet ($0.05) returned to 38987251
*** SHOWDOWN ***
38987251 collected $0.1 from pot
*** SUMMARY ***
Total pot $0.1 | Rake $0 | Jackpot $0 | Bingo $0 | Fortune $0 | Tax $0
Seat 1: 38987251 (big blind) collected ($0.1)
Seat 2: 9c98933f folded before Flop (didn't bet)
Seat 4: Hero (button) folded before Flop (didn't bet)
Seat 6: 40a09091 (small blind) folded before Flop


Poker Hand #HD1761113871: Hold'em No Limit ($0.05/$0.1) - 2024/05/06 16:50:31
Table 'NLHRed80' 6-max Seat #2 is the button
Seat 1: 38987251 ($10.51 in chips)
Seat 2: 9c98933f ($10.72 in chips)
Seat 3: 27b5418b ($8.03 in chips)
Seat 4: Hero ($12.02 in chips)
Seat 6: 40a09091 ($29.26 in chips)
27b5418b: posts small blind $0.05
Hero: posts big blind $0.1
*** HOLE CARDS ***
Dealt to 38987251 
Dealt to 9c98933f 
Dealt to 27b5418b 
Dealt to Hero [8s Ac]
Dealt to 40a09091 
40a09091: raises $0.14 to $0.24
38987251: folds
9c98933f: folds
27b5418b: folds
Hero: folds
Uncalled bet ($0.14) returned to 40a09091
*** SHOWDOWN ***
40a09091 collected $0.25 from pot
*** SUMMARY ***
Total pot $0.25 | Rake $0 | Jackpot $0 | Bingo $0 | Fortune $0 | Tax $0
Seat 1: 38987251 folded before Flop (didn't bet)
Seat 2: 9c98933f (button) folded before Flop (didn't bet)
Seat 3: 27b5418b (small blind) folded before Flop
Seat 4: Hero (big blind) folded before Flop
Seat 6: 40a09091 collected ($0.25)


Poker Hand #HD1761113783: Hold'em No Limit ($0.05/$0.1) - 2024/05/06 16:50:02
Table 'NLHRed80' 6-max Seat #1 is the button
Seat 1: 38987251 ($10.51 in chips)
Seat 2: 9c98933f ($10.77 in chips)
Seat 3: 27b5418b ($8.62 in chips)
Seat 4: Hero ($12.02 in chips)
Seat 6: 40a09091 ($28.68 in chips)
9c98933f: posts small blind $0.05
27b5418b: posts big blind $0.1
*** HOLE CARDS ***
Dealt to 38987251 
Dealt to 9c98933f 
Dealt to 27b5418b 
Dealt to Hero [2d 7d]
Dealt to 40a09091 
Hero: folds
40a09091: raises $0.14 to $0.24
38987251: folds
9c98933f: folds
27b5418b: calls $0.14
*** FLOP *** [Jd 4h 5h]
27b5418b: checks
40a09091: bets $0.35
27b5418b: calls $0.35
*** TURN *** [Jd 4h 5h] [2s]
27b5418b: checks
40a09091: bets $0.44
27b5418b: folds
Uncalled bet ($0.44) returned to 40a09091
*** SHOWDOWN ***
40a09091 collected $1.17 from pot
*** SUMMARY ***
Total pot $1.23 | Rake $0.06 | Jackpot $0 | Bingo $0 | Fortune $0 | Tax $0
Board [Jd 4h 5h 2s]
Seat 1: 38987251 (button) folded before Flop (didn't bet)
Seat 2: 9c98933f (small blind) folded before Flop
Seat 3: 27b5418b (big blind) folded on the Turn
Seat 4: Hero folded before Flop (didn't bet)
Seat 6: 40a09091 won ($1.17)


Poker Hand #HD1761113692: Hold'em No Limit ($0.05/$0.1) - 2024/05/06 16:49:34
Table 'NLHRed80' 6-max Seat #6 is the button
Seat 1: 38987251 ($10.41 in chips)
Seat 2: 9c98933f ($10.87 in chips)
Seat 3: 27b5418b ($8.62 in chips)
Seat 4: Hero ($12.02 in chips)
Seat 6: 40a09091 ($28.68 in chips)
38987251: posts small blind $0.05
9c98933f: posts big blind $0.1
*** HOLE CARDS ***
Dealt to 38987251 
Dealt to 9c98933f 
Dealt to 27b5418b 
Dealt to Hero [9c 2s]
Dealt to 40a09091 
27b5418b: folds
Hero: folds
40a09091: folds
38987251: raises $0.12 to $0.22
9c98933f: folds
Uncalled bet ($0.12) returned to 38987251
*** SHOWDOWN ***
38987251 collected $0.2 from pot
*** SUMMARY ***
Total pot $0.2 | Rake $0 | Jackpot $0 | Bingo $0 | Fortune $0 | Tax $0
Seat 1: 38987251 (small blind) collected ($0.2)
Seat 2: 9c98933f (big blind) folded before Flop
Seat 3: 27b5418b folded before Flop (didn't bet)
Seat 4: Hero folded before Flop (didn't bet)
Seat 6: 40a09091 (button) folded before Flop (didn't bet)


Poker Hand #HD1761113584: Hold'em No Limit ($0.05/$0.1) - 2024/05/06 16:48:52
Table 'NLHRed80' 6-max Seat #4 is the button
Seat 1: 38987251 ($10.66 in chips)
Seat 2: 9c98933f ($10.59 in chips)
Seat 3: 27b5418b ($8.62 in chips)
Seat 4: Hero ($12.02 in chips)
Seat 6: 40a09091 ($28.73 in chips)
40a09091: posts small blind $0.05
38987251: posts big blind $0.1
*** HOLE CARDS ***
Dealt to 38987251 
Dealt to 9c98933f 
Dealt to 27b5418b 
Dealt to Hero [3c 7d]
Dealt to 40a09091 
9c98933f: raises $0.15 to $0.25
27b5418b: folds
Hero: folds
40a09091: folds
38987251: calls $0.15
*** FLOP *** [7c 6h 2d]
38987251: checks
9c98933f: bets $0.19
38987251: folds
Uncalled bet ($0.19) returned to 9c98933f
*** SHOWDOWN ***
9c98933f collected $0.53 from pot
*** SUMMARY ***
Total pot $0.55 | Rake $0.02 | Jackpot $0 | Bingo $0 | Fortune $0 | Tax $0
Board [7c 6h 2d]
Seat 1: 38987251 (big blind) folded on the Flop
Seat 2: 9c98933f won ($0.53)
Seat 3: 27b5418b folded before Flop (didn't bet)
Seat 4: Hero (button) folded before Flop (didn't bet)
Seat 6: 40a09091 (small blind) folded before Flop


Poker Hand #HD1761113394: Hold'em No Limit ($0.05/$0.1) - 2024/05/06 16:47:42
Table 'NLHRed80' 6-max Seat #3 is the button
Seat 1: 38987251 ($10.88 in chips)
Seat 2: 9c98933f ($10.59 in chips)
Seat 3: 27b5418b ($8.28 in chips)
Seat 4: Hero ($12.07 in chips)
Seat 5: 81de1f95 ($10 in chips)
Seat 6: 40a09091 ($28.73 in chips)
Hero: posts small blind $0.05
81de1f95: posts big blind $0.1
*** HOLE CARDS ***
Dealt to 38987251 
Dealt to 9c98933f 
Dealt to 27b5418b 
Dealt to Hero [8d 6s]
Dealt to 81de1f95 
Dealt to 40a09091 
40a09091: folds
38987251: raises $0.12 to $0.22
9c98933f: folds
27b5418b: calls $0.22
Hero: folds
81de1f95: folds
*** FLOP *** [4s Kh 7c]
38987251: checks
27b5418b: bets $0.3
38987251: folds
Uncalled bet ($0.3) returned to 27b5418b
*** SHOWDOWN ***
27b5418b collected $0.56 from pot
*** SUMMARY ***
Total pot $0.59 | Rake $0.03 | Jackpot $0 | Bingo $0 | Fortune $0 | Tax $0
Board [4s Kh 7c]
Seat 1: 38987251 folded on the Flop
Seat 2: 9c98933f folded before Flop (didn't bet)
Seat 3: 27b5418b (button) won ($0.56)
Seat 4: Hero (small blind) folded before Flop
Seat 5: 81de1f95 (big blind) folded before Flop
Seat 6: 40a09091 folded before Flop (didn't bet)


Poker Hand #HD1761113273: Hold'em No Limit ($0.05/$0.1) - 2024/05/06 16:46:58
Table 'NLHRed80' 6-max Seat #2 is the button
Seat 1: 38987251 ($10.88 in chips)
Seat 2: 9c98933f ($10 in chips)
Seat 3: 27b5418b ($8.83 in chips)
Seat 4: Hero ($12.17 in chips)
Seat 5: 81de1f95 ($10 in chips)
Seat 6: 40a09091 ($28.73 in chips)
27b5418b: posts small blind $0.05
Hero: posts big blind $0.1
*** HOLE CARDS ***
Dealt to 38987251 
Dealt to 9c98933f 
Dealt to 27b5418b 
Dealt to Hero [4d Kc]
Dealt to 81de1f95 
Dealt to 40a09091 
81de1f95: folds
40a09091: folds
38987251: folds
9c98933f: raises $0.15 to $0.25
27b5418b: calls $0.2
Hero: folds
*** FLOP *** [6s 8c 9c]
27b5418b: checks
9c98933f: checks
*** TURN *** [6s 8c 9c] [Jc]
27b5418b: bets $0.3
9c98933f: raises $0.8 to $1.1
27b5418b: folds
Uncalled bet ($0.8) returned to 9c98933f
*** SHOWDOWN ***
9c98933f collected $1.14 from pot
*** SUMMARY ***
Total pot $1.2 | Rake $0.06 | Jackpot $0 | Bingo $0 | Fortune $0 | Tax $0
Board [6s 8c 9c Jc]
Seat 1: 38987251 folded before Flop (didn't bet)
Seat 2: 9c98933f (button) won ($1.14)
Seat 3: 27b5418b (small blind) folded on the Turn
Seat 4: Hero (big blind) folded before Flop
Seat 5: 81de1f95 folded before Flop (didn't bet)
Seat 6: 40a09091 folded before Flop (didn't bet)


Poker Hand #HD1761113101: Hold'em No Limit ($0.05/$0.1) - 2024/05/06 16:46:01
Table 'NLHRed80' 6-max Seat #1 is the button
Seat 1: 38987251 ($10.88 in chips)
Seat 2: 9c98933f ($10 in chips)
Seat 3: 27b5418b ($7.93 in chips)
Seat 4: Hero ($12.17 in chips)
Seat 5: 81de1f95 ($10 in chips)
Seat 6: 40a09091 ($28.73 in chips)
9c98933f: posts small blind $0.05
27b5418b: posts big blind $0.1
*** HOLE CARDS ***
Dealt to 38987251 
Dealt to 9c98933f 
Dealt to 27b5418b 
Dealt to Hero [9c 6c]
Dealt to 81de1f95 
Dealt to 40a09091 
Hero: folds
81de1f95: folds
40a09091: folds
38987251: folds
9c98933f: raises $0.2 to $0.3
27b5418b: calls $0.2
*** FLOP *** [5h 5s 2c]
9c98933f: bets $0.2
27b5418b: calls $0.2
*** TURN *** [5h 5s 2c] [Jc]
9c98933f: checks
27b5418b: bets $0.5
9c98933f: calls $0.5
*** RIVER *** [5h 5s 2c Jc] [Td]
9c98933f: checks
27b5418b: bets $2
9c98933f: folds
Uncalled bet ($2) returned to 27b5418b
*** SHOWDOWN ***
27b5418b collected $1.9 from pot
*** SUMMARY ***
Total pot $2 | Rake $0.1 | Jackpot $0 | Bingo $0 | Fortune $0 | Tax $0
Board [5h 5s 2c Jc Td]
Seat 1: 38987251 (button) folded before Flop (didn't bet)
Seat 2: 9c98933f (small blind) folded on the River
Seat 3: 27b5418b (big blind) won ($1.9)
Seat 4: Hero folded before Flop (didn't bet)
Seat 5: 81de1f95 folded before Flop (didn't bet)
Seat 6: 40a09091 folded before Flop (didn't bet)


Poker Hand #HD1761113012: Hold'em No Limit ($0.05/$0.1) - 2024/05/06 16:45:29
Table 'NLHRed80' 6-max Seat #6 is the button
Seat 1: 38987251 ($10.93 in chips)
Seat 2: 9c98933f ($10 in chips)
Seat 3: 27b5418b ($7.79 in chips)
Seat 4: Hero ($12.17 in chips)
Seat 5: 81de1f95 ($10 in chips)
Seat 6: 40a09091 ($28.73 in chips)
38987251: posts small blind $0.05
9c98933f: posts big blind $0.1
*** HOLE CARDS ***
Dealt to 38987251 
Dealt to 9c98933f 
Dealt to 27b5418b 
Dealt to Hero [7h 6c]
Dealt to 81de1f95 
Dealt to 40a09091 
27b5418b: calls $0.1
Hero: folds
81de1f95: folds
40a09091: folds
38987251: folds
9c98933f: checks
*** FLOP *** [4s 5s Qs]
9c98933f: checks
27b5418b: checks
*** TURN *** [4s 5s Qs] [4d]
9c98933f: checks
27b5418b: bets $0.25
9c98933f: folds
Uncalled bet ($0.25) returned to 27b5418b
*** SHOWDOWN ***
27b5418b collected $0.24 from pot
*** SUMMARY ***
Total pot $0.25 | Rake $0.01 | Jackpot $0 | Bingo $0 | Fortune $0 | Tax $0
Board [4s 5s Qs 4d]
Seat 1: 38987251 (small blind) folded before Flop
Seat 2: 9c98933f (big blind) folded on the Turn
Seat 3: 27b5418b won ($0.24)
Seat 4: Hero folded before Flop (didn't bet)
Seat 5: 81de1f95 folded before Flop (didn't bet)
Seat 6: 40a09091 (button) folded before Flop (didn't bet)


Poker Hand #HD1761112949: Hold'em No Limit ($0.05/$0.1) - 2024/05/06 16:45:04
Table 'NLHRed80' 6-max Seat #5 is the button
Seat 1: 38987251 ($11.03 in chips)
Seat 2: 9c98933f ($10 in chips)
Seat 3: 27b5418b ($7.65 in chips)
Seat 4: Hero ($12.17 in chips)
Seat 5: 81de1f95 ($10 in chips)
Seat 6: 40a09091 ($28.78 in chips)
40a09091: posts small blind $0.05
38987251: posts big blind $0.1
*** HOLE CARDS ***
Dealt to 38987251 
Dealt to 9c98933f 
Dealt to 27b5418b 
Dealt to Hero [9c 6c]
Dealt to 81de1f95 
Dealt to 40a09091 
9c98933f: folds
27b5418b: calls $0.1
Hero: folds
81de1f95: folds
40a09091: folds
38987251: checks
*** FLOP *** [7s Qs Ad]
38987251: checks
27b5418b: bets $0.25
38987251: folds
Uncalled bet ($0.25) returned to 27b5418b
*** SHOWDOWN ***
27b5418b collected $0.24 from pot
*** SUMMARY ***
Total pot $0.25 | Rake $0.01 | Jackpot $0 | Bingo $0 | Fortune $0 | Tax $0
Board [7s Qs Ad]
Seat 1: 38987251 (big blind) folded on the Flop
Seat 2: 9c98933f folded before Flop (didn't bet)
Seat 3: 27b5418b won ($0.24)
Seat 4: Hero folded before Flop (didn't bet)
Seat 5: 81de1f95 (button) folded before Flop (didn't bet)
Seat 6: 40a09091 (small blind) folded before Flop


Poker Hand #HD1761112620: Hold'em No Limit ($0.05/$0.1) - 2024/05/06 16:43:09
Table 'NLHRed80' 6-max Seat #4 is the button
Seat 1: 38987251 ($11.03 in chips)
Seat 2: 9c98933f ($10.09 in chips)
Seat 3: 27b5418b ($7.65 in chips)
Seat 4: Hero ($12.17 in chips)
Seat 5: 81de1f95 ($10.04 in chips)
Seat 6: 40a09091 ($19.74 in chips)
81de1f95: posts small blind $0.05
40a09091: posts big blind $0.1
*** HOLE CARDS ***
Dealt to 38987251 
Dealt to 9c98933f 
Dealt to 27b5418b 
Dealt to Hero [5s 9c]
Dealt to 81de1f95 
Dealt to 40a09091 
38987251: folds
9c98933f: raises $0.15 to $0.25
27b5418b: folds
Hero: folds
81de1f95: folds
40a09091: calls $0.15
*** FLOP *** [5d 8c As]
40a09091: checks
9c98933f: bets $0.19
40a09091: raises $0.31 to $0.5
9c98933f: calls $0.31
*** TURN *** [5d 8c As] [3h]
40a09091: checks
9c98933f: bets $1.03
40a09091: calls $1.03
*** RIVER *** [5d 8c As 3h] [2d]
40a09091: checks
9c98933f: bets $2.74
40a09091: raises $15.22 to $17.96 and is all-in
9c98933f: calls $5.57 and is all-in
Uncalled bet ($9.65) returned to 40a09091
40a09091: shows [4h Ah] (Fives-High Straight)
9c98933f: shows [Ac Ad] (Three Aces)
*** SHOWDOWN ***
40a09091 collected $19.13 from pot
*** SUMMARY ***
Total pot $20.23 | Rake $1 | Jackpot $0.1 | Bingo $0 | Fortune $0 | Tax $0
Board [5d 8c As 3h 2d]
Seat 1: 38987251 folded before Flop (didn't bet)
Seat 2: 9c98933f showed [Ac Ad] and lost with Three Aces
Seat 3: 27b5418b folded before Flop (didn't bet)
Seat 4: Hero (button) folded before Flop (didn't bet)
Seat 5: 81de1f95 (small blind) folded before Flop
Seat 6: 40a09091 (big blind) showed [4h Ah] and won ($19.13) with Fives-High Straight


Poker Hand #HD1761112458: Hold'em No Limit ($0.05/$0.1) - 2024/05/06 16:42:01
Table 'NLHRed80' 6-max Seat #3 is the button
Seat 1: 38987251 ($11.03 in chips)
Seat 2: 9c98933f ($10.09 in chips)
Seat 3: 27b5418b ($7.34 in chips)
Seat 4: Hero ($12.22 in chips)
Seat 5: 81de1f95 ($10.33 in chips)
Seat 6: 40a09091 ($19.74 in chips)
Hero: posts small blind $0.05
81de1f95: posts big blind $0.1
*** HOLE CARDS ***
Dealt to 38987251 
Dealt to 9c98933f 
Dealt to 27b5418b 
Dealt to Hero [5c 8h]
Dealt to 81de1f95 
Dealt to 40a09091 
40a09091: folds
38987251: folds
9c98933f: folds
27b5418b: calls $0.1
Hero: folds
81de1f95: checks
*** FLOP *** [2h 6s Jh]
81de1f95: checks
27b5418b: checks
*** TURN *** [2h 6s Jh] [Ts]
81de1f95: bets $0.19
27b5418b: calls $0.19
*** RIVER *** [2h 6s Jh Ts] [Qd]
81de1f95: checks
27b5418b: bets $0.63
81de1f95: folds
Uncalled bet ($0.63) returned to 27b5418b
*** SHOWDOWN ***
27b5418b collected $0.6 from pot
*** SUMMARY ***
Total pot $0.63 | Rake $0.03 | Jackpot $0 | Bingo $0 | Fortune $0 | Tax $0
Board [2h 6s Jh Ts Qd]
Seat 1: 38987251 folded before Flop (didn't bet)
Seat 2: 9c98933f folded before Flop (didn't bet)
Seat 3: 27b5418b (button) won ($0.6)
Seat 4: Hero (small blind) folded before Flop
Seat 5: 81de1f95 (big blind) folded on the River
Seat 6: 40a09091 folded before Flop (didn't bet)


Poker Hand #HD1761112288: Hold'em No Limit ($0.05/$0.1) - 2024/05/06 16:41:00
Table 'NLHRed80' 6-max Seat #2 is the button
Seat 1: 38987251 ($11.03 in chips)
Seat 2: 9c98933f ($10.09 in chips)
Seat 3: 27b5418b ($7.39 in chips)
Seat 4: Hero ($11.95 in chips)
Seat 5: 81de1f95 ($10.33 in chips)
Seat 6: 40a09091 ($19.98 in chips)
27b5418b: posts small blind $0.05
Hero: posts big blind $0.1
*** HOLE CARDS ***
Dealt to 38987251 
Dealt to 9c98933f 
Dealt to 27b5418b 
Dealt to Hero [5d Ad]
Dealt to 81de1f95 
Dealt to 40a09091 
81de1f95: folds
40a09091: raises $0.14 to $0.24
38987251: folds
9c98933f: folds
27b5418b: folds
Hero: calls $0.14
*** FLOP *** [9d 4s Ac]
Hero: checks
40a09091: checks
*** TURN *** [9d 4s Ac] [Ah]
Hero: checks
40a09091: checks
*** RIVER *** [9d 4s Ac Ah] [Kc]
Hero: bets $0.28
40a09091: folds
Uncalled bet ($0.28) returned to Hero
*** SHOWDOWN ***
Hero collected $0.51 from pot
*** SUMMARY ***
Total pot $0.53 | Rake $0.02 | Jackpot $0 | Bingo $0 | Fortune $0 | Tax $0
Board [9d 4s Ac Ah Kc]
Seat 1: 38987251 folded before Flop (didn't bet)
Seat 2: 9c98933f (button) folded before Flop (didn't bet)
Seat 3: 27b5418b (small blind) folded before Flop
Seat 4: Hero (big blind) won ($0.51)
Seat 5: 81de1f95 folded before Flop (didn't bet)
Seat 6: 40a09091 folded on the River


Poker Hand #HD1761112236: Hold'em No Limit ($0.05/$0.1) - 2024/05/06 16:40:37
Table 'NLHRed80' 6-max Seat #1 is the button
Seat 1: 38987251 ($11.03 in chips)
Seat 2: 9c98933f ($10.14 in chips)
Seat 3: 27b5418b ($7.49 in chips)
Seat 4: Hero ($11.95 in chips)
Seat 5: 81de1f95 ($10.33 in chips)
Seat 6: 40a09091 ($19.83 in chips)
9c98933f: posts small blind $0.05
27b5418b: posts big blind $0.1
*** HOLE CARDS ***
Dealt to 38987251 
Dealt to 9c98933f 
Dealt to 27b5418b 
Dealt to Hero [5h 2d]
Dealt to 81de1f95 
Dealt to 40a09091 
Hero: folds
81de1f95: folds
40a09091: raises $0.14 to $0.24
38987251: folds
9c98933f: folds
27b5418b: folds
Uncalled bet ($0.14) returned to 40a09091
*** SHOWDOWN ***
40a09091 collected $0.25 from pot
*** SUMMARY ***
Total pot $0.25 | Rake $0 | Jackpot $0 | Bingo $0 | Fortune $0 | Tax $0
Seat 1: 38987251 (button) folded before Flop (didn't bet)
Seat 2: 9c98933f (small blind) folded before Flop
Seat 3: 27b5418b (big blind) folded before Flop
Seat 4: Hero folded before Flop (didn't bet)
Seat 5: 81de1f95 folded before Flop (didn't bet)
Seat 6: 40a09091 collected ($0.25)


Poker Hand #HD1761112082: Hold'em No Limit ($0.05/$0.1) - 2024/05/06 16:39:42
Table 'NLHRed80' 6-max Seat #6 is the button
Seat 1: 38987251 ($9.9 in chips)
Seat 2: 9c98933f ($10.49 in chips)
Seat 3: 27b5418b ($8.37 in chips)
Seat 4: Hero ($11.95 in chips)
Seat 5: 81de1f95 ($10.33 in chips)
Seat 6: 40a09091 ($19.83 in chips)
38987251: posts small blind $0.05
9c98933f: posts big blind $0.1
*** HOLE CARDS ***
Dealt to 38987251 
Dealt to 9c98933f 
Dealt to 27b5418b 
Dealt to Hero [3s Kh]
Dealt to 81de1f95 
Dealt to 40a09091 
27b5418b: raises $0.25 to $0.35
Hero: folds
81de1f95: folds
40a09091: folds
38987251: calls $0.3
9c98933f: calls $0.25
*** FLOP *** [4s Th 8d]
38987251: checks
9c98933f: checks
27b5418b: bets $0.53
38987251: calls $0.53
9c98933f: folds
*** TURN *** [4s Th 8d] [7c]
38987251: checks
27b5418b: checks
*** RIVER *** [4s Th 8d 7c] [5c]
38987251: bets $1.1
27b5418b: folds
Uncalled bet ($1.1) returned to 38987251
*** SHOWDOWN ***
38987251 collected $2.01 from pot
*** SUMMARY ***
Total pot $2.11 | Rake $0.1 | Jackpot $0 | Bingo $0 | Fortune $0 | Tax $0
Board [4s Th 8d 7c 5c]
Seat 1: 38987251 (small blind) won ($2.01)
Seat 2: 9c98933f (big blind) folded on the Flop
Seat 3: 27b5418b folded on the River
Seat 4: Hero folded before Flop (didn't bet)
Seat 5: 81de1f95 folded before Flop (didn't bet)
Seat 6: 40a09091 (button) folded before Flop (didn't bet)


Poker Hand #HD1761112045: Hold'em No Limit ($0.05/$0.1) - 2024/05/06 16:39:24
Table 'NLHRed80' 6-max Seat #5 is the button
Seat 1: 38987251 ($10 in chips)
Seat 2: 9c98933f ($10.49 in chips)
Seat 3: 27b5418b ($8.47 in chips)
Seat 4: Hero ($11.95 in chips)
Seat 5: 81de1f95 ($10.09 in chips)
Seat 6: 40a09091 ($19.88 in chips)
40a09091: posts small blind $0.05
38987251: posts big blind $0.1
*** HOLE CARDS ***
Dealt to 38987251 
Dealt to 9c98933f 
Dealt to 27b5418b 
Dealt to Hero [2c 9s]
Dealt to 81de1f95 
Dealt to 40a09091 
9c98933f: folds
27b5418b: calls $0.1
Hero: folds
81de1f95: raises $0.4 to $0.5
40a09091: folds
38987251: folds
27b5418b: folds
Uncalled bet ($0.4) returned to 81de1f95
*** SHOWDOWN ***
81de1f95 collected $0.34 from pot
*** SUMMARY ***
Total pot $0.35 | Rake $0.01 | Jackpot $0 | Bingo $0 | Fortune $0 | Tax $0
Seat 1: 38987251 (big blind) folded before Flop
Seat 2: 9c98933f folded before Flop (didn't bet)
Seat 3: 27b5418b folded before Flop
Seat 4: Hero folded before Flop (didn't bet)
Seat 5: 81de1f95 (button) collected ($0.34)
Seat 6: 40a09091 (small blind) folded before Flop


Poker Hand #HD1761111894: Hold'em No Limit ($0.05/$0.1) - 2024/05/06 16:38:29
Table 'NLHRed80' 6-max Seat #4 is the button
Seat 1: 38987251 ($10 in chips)
Seat 2: 9c98933f ($10.49 in chips)
Seat 3: 27b5418b ($8.19 in chips)
Seat 4: Hero ($11.95 in chips)
Seat 5: 81de1f95 ($10.14 in chips)
Seat 6: 40a09091 ($20.13 in chips)
81de1f95: posts small blind $0.05
40a09091: posts big blind $0.1
*** HOLE CARDS ***
Dealt to 38987251 
Dealt to 9c98933f 
Dealt to 27b5418b 
Dealt to Hero [5c Qs]
Dealt to 81de1f95 
Dealt to 40a09091 
38987251: folds
9c98933f: folds
27b5418b: calls $0.1
Hero: folds
81de1f95: folds
40a09091: checks
*** FLOP *** [Td Jh 3d]
40a09091: bets $0.15
27b5418b: calls $0.15
*** TURN *** [Td Jh 3d] [6s]
40a09091: checks
27b5418b: checks
*** RIVER *** [Td Jh 3d 6s] [6d]
40a09091: checks
27b5418b: bets $0.42
40a09091: folds
Uncalled bet ($0.42) returned to 27b5418b
*** SHOWDOWN ***
27b5418b collected $0.53 from pot
*** SUMMARY ***
Total pot $0.55 | Rake $0.02 | Jackpot $0 | Bingo $0 | Fortune $0 | Tax $0
Board [Td Jh 3d 6s 6d]
Seat 1: 38987251 folded before Flop (didn't bet)
Seat 2: 9c98933f folded before Flop (didn't bet)
Seat 3: 27b5418b won ($0.53)
Seat 4: Hero (button) folded before Flop (didn't bet)
Seat 5: 81de1f95 (small blind) folded before Flop
Seat 6: 40a09091 (big blind) folded on the River


Poker Hand #HD1761111740: Hold'em No Limit ($0.05/$0.1) - 2024/05/06 16:37:33
Table 'NLHRed80' 6-max Seat #3 is the button
Seat 1: 38987251 ($9.01 in chips)
Seat 2: 9c98933f ($10.49 in chips)
Seat 3: 27b5418b ($8.69 in chips)
Seat 4: Hero ($11.08 in chips)
Seat 5: 81de1f95 ($10.36 in chips)
Seat 6: 40a09091 ($20.13 in chips)
Hero: posts small blind $0.05
81de1f95: posts big blind $0.1
*** HOLE CARDS ***
Dealt to 38987251 
Dealt to 9c98933f 
Dealt to 27b5418b 
Dealt to Hero [9h Qh]
Dealt to 81de1f95 
Dealt to 40a09091 
40a09091: folds
38987251: raises $0.12 to $0.22
9c98933f: folds
27b5418b: calls $0.22
Hero: calls $0.17
81de1f95: calls $0.12
*** FLOP *** [Qs 6c 4c]
Hero: checks
81de1f95: checks
38987251: checks
27b5418b: checks
*** TURN *** [Qs 6c 4c] [5h]
Hero: bets $0.28
81de1f95: folds
38987251: folds
27b5418b: calls $0.28
*** RIVER *** [Qs 6c 4c 5h] [Jh]
Hero: bets $0.48
27b5418b: folds
Uncalled bet ($0.48) returned to Hero
*** SHOWDOWN ***
Hero collected $1.37 from pot
*** SUMMARY ***
Total pot $1.44 | Rake $0.07 | Jackpot $0 | Bingo $0 | Fortune $0 | Tax $0
Board [Qs 6c 4c 5h Jh]
Seat 1: 38987251 folded on the Turn
Seat 2: 9c98933f folded before Flop (didn't bet)
Seat 3: 27b5418b (button) folded on the River
Seat 4: Hero (small blind) won ($1.37)
Seat 5: 81de1f95 (big blind) folded on the Turn
Seat 6: 40a09091 folded before Flop (didn't bet)


Poker Hand #HD1761111661: Hold'em No Limit ($0.05/$0.1) - 2024/05/06 16:36:58
Table 'NLHRed80' 6-max Seat #2 is the button
Seat 1: 38987251 ($9.49 in chips)
Seat 2: 9c98933f ($10.97 in chips)
Seat 3: 27b5418b ($7.7 in chips)
Seat 4: Hero ($11.18 in chips)
Seat 5: 81de1f95 ($10.36 in chips)
Seat 6: 40a09091 ($20.13 in chips)
27b5418b: posts small blind $0.05
Hero: posts big blind $0.1
*** HOLE CARDS ***
Dealt to 38987251 
Dealt to 9c98933f 
Dealt to 27b5418b 
Dealt to Hero [6c Qd]
Dealt to 81de1f95 
Dealt to 40a09091 
81de1f95: folds
40a09091: folds
38987251: raises $0.12 to $0.22
9c98933f: calls $0.22
27b5418b: raises $0.26 to $0.48
Hero: folds
38987251: calls $0.26
9c98933f: calls $0.26
*** FLOP *** [Kc 3d 2c]
27b5418b: bets $1.54
38987251: folds
9c98933f: folds
Uncalled bet ($1.54) returned to 27b5418b
*** SHOWDOWN ***
27b5418b collected $1.47 from pot
*** SUMMARY ***
Total pot $1.54 | Rake $0.07 | Jackpot $0 | Bingo $0 | Fortune $0 | Tax $0
Board [Kc 3d 2c]
Seat 1: 38987251 folded on the Flop
Seat 2: 9c98933f (button) folded on the Flop
Seat 3: 27b5418b (small blind) won ($1.47)
Seat 4: Hero (big blind) folded before Flop
Seat 5: 81de1f95 folded before Flop (didn't bet)
Seat 6: 40a09091 folded before Flop (didn't bet)


Poker Hand #HD1761111533: Hold'em No Limit ($0.05/$0.1) - 2024/05/06 16:36:10
Table 'NLHRed80' 6-max Seat #1 is the button
Seat 1: 38987251 ($9.13 in chips)
Seat 2: 9c98933f ($11.02 in chips)
Seat 3: 27b5418b ($7.8 in chips)
Seat 4: Hero ($11.18 in chips)
Seat 5: 81de1f95 ($10.36 in chips)
Seat 6: 40a09091 ($20.37 in chips)
9c98933f: posts small blind $0.05
27b5418b: posts big blind $0.1
*** HOLE CARDS ***
Dealt to 38987251 
Dealt to 9c98933f 
Dealt to 27b5418b 
Dealt to Hero [3h Ah]
Dealt to 81de1f95 
Dealt to 40a09091 
Hero: folds
81de1f95: folds
40a09091: raises $0.14 to $0.24
38987251: raises $0.62 to $0.86
9c98933f: folds
27b5418b: folds
40a09091: folds
Uncalled bet ($0.62) returned to 38987251
*** SHOWDOWN ***
38987251 collected $0.6 from pot
*** SUMMARY ***
Total pot $0.63 | Rake $0.03 | Jackpot $0 | Bingo $0 | Fortune $0 | Tax $0
Seat 1: 38987251 (button) collected ($0.6)
Seat 2: 9c98933f (small blind) folded before Flop
Seat 3: 27b5418b (big blind) folded before Flop
Seat 4: Hero folded before Flop (didn't bet)
Seat 5: 81de1f95 folded before Flop (didn't bet)
Seat 6: 40a09091 folded before Flop


Poker Hand #HD1761111471: Hold'em No Limit ($0.05/$0.1) - 2024/05/06 16:35:46
Table 'NLHRed80' 6-max Seat #6 is the button
Seat 1: 38987251 ($9.18 in chips)
Seat 2: 9c98933f ($11.12 in chips)
Seat 3: 27b5418b ($7.9 in chips)
Seat 4: Hero ($10.94 in chips)
Seat 5: 81de1f95 ($10.36 in chips)
Seat 6: 40a09091 ($20.37 in chips)
38987251: posts small blind $0.05
9c98933f: posts big blind $0.1
*** HOLE CARDS ***
Dealt to 38987251 
Dealt to 9c98933f 
Dealt to 27b5418b 
Dealt to Hero [As Kh]
Dealt to 81de1f95 
Dealt to 40a09091 
27b5418b: calls $0.1
Hero: raises $0.3 to $0.4
81de1f95: folds
40a09091: folds
38987251: folds
9c98933f: folds
27b5418b: folds
Uncalled bet ($0.3) returned to Hero
*** SHOWDOWN ***
Hero collected $0.34 from pot
*** SUMMARY ***
Total pot $0.35 | Rake $0.01 | Jackpot $0 | Bingo $0 | Fortune $0 | Tax $0
Seat 1: 38987251 (small blind) folded before Flop
Seat 2: 9c98933f (big blind) folded before Flop
Seat 3: 27b5418b folded before Flop
Seat 4: Hero collected ($0.34)
Seat 5: 81de1f95 folded before Flop (didn't bet)
Seat 6: 40a09091 (button) folded before Flop (didn't bet)


Poker Hand #HD1761111406: Hold'em No Limit ($0.05/$0.1) - 2024/05/06 16:35:18
Table 'NLHRed80' 6-max Seat #5 is the button
Seat 1: 38987251 ($9.28 in chips)
Seat 2: 9c98933f ($11.12 in chips)
Seat 3: 27b5418b ($8.4 in chips)
Seat 4: Hero ($10.94 in chips)
Seat 5: 81de1f95 ($10.36 in chips)
Seat 6: 40a09091 ($19.82 in chips)
40a09091: posts small blind $0.05
38987251: posts big blind $0.1
*** HOLE CARDS ***
Dealt to 38987251 
Dealt to 9c98933f 
Dealt to 27b5418b 
Dealt to Hero [8s 7c]
Dealt to 81de1f95 
Dealt to 40a09091 
9c98933f: folds
27b5418b: calls $0.1
Hero: folds
81de1f95: folds
40a09091: raises $0.4 to $0.5
38987251: folds
27b5418b: calls $0.4
*** FLOP *** [Qs Kd As]
40a09091: bets $0.72
27b5418b: folds
Uncalled bet ($0.72) returned to 40a09091
*** SHOWDOWN ***
40a09091 collected $1.05 from pot
*** SUMMARY ***
Total pot $1.1 | Rake $0.05 | Jackpot $0 | Bingo $0 | Fortune $0 | Tax $0
Board [Qs Kd As]
Seat 1: 38987251 (big blind) folded before Flop
Seat 2: 9c98933f folded before Flop (didn't bet)
Seat 3: 27b5418b folded on the Flop
Seat 4: Hero folded before Flop (didn't bet)
Seat 5: 81de1f95 (button) folded before Flop (didn't bet)
Seat 6: 40a09091 (small blind) won ($1.05)


Poker Hand #HD1761111356: Hold'em No Limit ($0.05/$0.1) - 2024/05/06 16:35:00
Table 'NLHRed80' 6-max Seat #4 is the button
Seat 1: 38987251 ($9.28 in chips)
Seat 2: 9c98933f ($11.12 in chips)
Seat 3: 27b5418b ($8.4 in chips)
Seat 4: Hero ($10.94 in chips)
Seat 5: 81de1f95 ($10.26 in chips)
Seat 6: 40a09091 ($19.92 in chips)
81de1f95: posts small blind $0.05
40a09091: posts big blind $0.1
*** HOLE CARDS ***
Dealt to 38987251 
Dealt to 9c98933f 
Dealt to 27b5418b 
Dealt to Hero [5h Tc]
Dealt to 81de1f95 
Dealt to 40a09091 
38987251: folds
9c98933f: folds
27b5418b: folds
Hero: folds
81de1f95: raises $0.2 to $0.3
40a09091: folds
Uncalled bet ($0.2) returned to 81de1f95
*** SHOWDOWN ***
81de1f95 collected $0.2 from pot
*** SUMMARY ***
Total pot $0.2 | Rake $0 | Jackpot $0 | Bingo $0 | Fortune $0 | Tax $0
Seat 1: 38987251 folded before Flop (didn't bet)
Seat 2: 9c98933f folded before Flop (didn't bet)
Seat 3: 27b5418b folded before Flop (didn't bet)
Seat 4: Hero (button) folded before Flop (didn't bet)
Seat 5: 81de1f95 (small blind) collected ($0.2)
Seat 6: 40a09091 (big blind) folded before Flop


Poker Hand #HD1761111236: Hold'em No Limit ($0.05/$0.1) - 2024/05/06 16:34:11
Table 'NLHRed80' 6-max Seat #3 is the button
Seat 1: 38987251 ($9.28 in chips)
Seat 2: 9c98933f ($11.12 in chips)
Seat 3: 27b5418b ($8.63 in chips)
Seat 4: Hero ($10.99 in chips)
Seat 5: 81de1f95 ($10 in chips)
Seat 6: 40a09091 ($19.92 in chips)
Hero: posts small blind $0.05
81de1f95: posts big blind $0.1
*** HOLE CARDS ***
Dealt to 38987251 
Dealt to 9c98933f 
Dealt to 27b5418b 
Dealt to Hero [2c 9d]
Dealt to 81de1f95 
Dealt to 40a09091 
40a09091: folds
38987251: folds
9c98933f: folds
27b5418b: calls $0.1
Hero: folds
81de1f95: checks
*** FLOP *** [Ac 4c Jc]
81de1f95: checks
27b5418b: checks
*** TURN *** [Ac 4c Jc] [5c]
81de1f95: bets $0.13
27b5418b: calls $0.13
*** RIVER *** [Ac 4c Jc 5c] [8c]
81de1f95: checks
27b5418b: checks
81de1f95: shows [Js 9c] (Ace High Flush)
27b5418b: shows [Qh 8s] (Ace High Flush)
*** SHOWDOWN ***
81de1f95 collected $0.49 from pot
*** SUMMARY ***
Total pot $0.51 | Rake $0.02 | Jackpot $0 | Bingo $0 | Fortune $0 | Tax $0
Board [Ac 4c Jc 5c 8c]
Seat 1: 38987251 folded before Flop (didn't bet)
Seat 2: 9c98933f folded before Flop (didn't bet)
Seat 3: 27b5418b (button) showed [Qh 8s] and lost with Ace High Flush
Seat 4: Hero (small blind) folded before Flop
Seat 5: 81de1f95 (big blind) showed [Js 9c] and won ($0.49) with Ace High Flush
Seat 6: 40a09091 folded before Flop (didn't bet)


Poker Hand #HD1761111088: Hold'em No Limit ($0.05/$0.1) - 2024/05/06 16:33:11
Table 'NLHRed80' 6-max Seat #2 is the button
Seat 1: 38987251 ($9.28 in chips)
Seat 2: 9c98933f ($11.12 in chips)
Seat 3: 27b5418b ($8.87 in chips)
Seat 4: Hero ($11.49 in chips)
Seat 5: e7f60446 ($10.72 in chips)
Seat 6: 40a09091 ($19.24 in chips)
27b5418b: posts small blind $0.05
Hero: posts big blind $0.1
*** HOLE CARDS ***
Dealt to 38987251 
Dealt to 9c98933f 
Dealt to 27b5418b 
Dealt to Hero [8h 5h]
Dealt to e7f60446 
Dealt to 40a09091 
e7f60446: folds
40a09091: raises $0.14 to $0.24
38987251: folds
9c98933f: folds
27b5418b: calls $0.19
Hero: calls $0.14
*** FLOP *** [3h Qh 3c]
27b5418b: checks
Hero: checks
40a09091: bets $0.26
27b5418b: folds
Hero: calls $0.26
*** TURN *** [3h Qh 3c] [3d]
Hero: checks
40a09091: checks
*** RIVER *** [3h Qh 3c 3d] [2c]
Hero: checks
40a09091: checks
Hero: shows [8h 5h] (Three Treys)
40a09091: shows [Jh Ac] (Three Treys)
*** SHOWDOWN ***
40a09091 collected $1.18 from pot
*** SUMMARY ***
Total pot $1.24 | Rake $0.06 | Jackpot $0 | Bingo $0 | Fortune $0 | Tax $0
Board [3h Qh 3c 3d 2c]
Seat 1: 38987251 folded before Flop (didn't bet)
Seat 2: 9c98933f (button) folded before Flop (didn't bet)
Seat 3: 27b5418b (small blind) folded on the Flop
Seat 4: Hero (big blind) showed [8h 5h] and lost with Three Treys
Seat 5: e7f60446 folded before Flop (didn't bet)
Seat 6: 40a09091 showed [Jh Ac] and won ($1.18) with Three Treys


Poker Hand #HD1761111053: Hold'em No Limit ($0.05/$0.1) - 2024/05/06 16:32:54
Table 'NLHRed80' 6-max Seat #1 is the button
Seat 1: 38987251 ($9.28 in chips)
Seat 2: 9c98933f ($11.02 in chips)
Seat 3: 27b5418b ($8.97 in chips)
Seat 4: Hero ($11.49 in chips)
Seat 5: e7f60446 ($10.72 in chips)
Seat 6: 40a09091 ($19.24 in chips)
9c98933f: posts small blind $0.05
27b5418b: posts big blind $0.1
*** HOLE CARDS ***
Dealt to 38987251 
Dealt to 9c98933f 
Dealt to 27b5418b 
Dealt to Hero [2h 5c]
Dealt to e7f60446 
Dealt to 40a09091 
Hero: folds
e7f60446: folds
40a09091: folds
38987251: folds
9c98933f: raises $0.2 to $0.3
27b5418b: folds
Uncalled bet ($0.2) returned to 9c98933f
*** SHOWDOWN ***
9c98933f collected $0.2 from pot
*** SUMMARY ***
Total pot $0.2 | Rake $0 | Jackpot $0 | Bingo $0 | Fortune $0 | Tax $0
Seat 1: 38987251 (button) folded before Flop (didn't bet)
Seat 2: 9c98933f (small blind) collected ($0.2)
Seat 3: 27b5418b (big blind) folded before Flop
Seat 4: Hero folded before Flop (didn't bet)
Seat 5: e7f60446 folded before Flop (didn't bet)
Seat 6: 40a09091 folded before Flop (didn't bet)


Poker Hand #HD1761110934: Hold'em No Limit ($0.05/$0.1) - 2024/05/06 16:32:14
Table 'NLHRed80' 6-max Seat #6 is the button
Seat 1: 38987251 ($9.33 in chips)
Seat 2: 9c98933f ($11.12 in chips)
Seat 3: 27b5418b ($8.83 in chips)
Seat 4: Hero ($11.49 in chips)
Seat 5: e7f60446 ($10.72 in chips)
Seat 6: 40a09091 ($19.24 in chips)
38987251: posts small blind $0.05
9c98933f: posts big blind $0.1
*** HOLE CARDS ***
Dealt to 38987251 
Dealt to 9c98933f 
Dealt to 27b5418b 
Dealt to Hero [Ts 3c]
Dealt to e7f60446 
Dealt to 40a09091 
27b5418b: calls $0.1
Hero: folds
e7f60446: folds
40a09091: folds
38987251: folds
9c98933f: checks
*** FLOP *** [As 9s 7c]
9c98933f: checks
27b5418b: checks
*** TURN *** [As 9s 7c] [6s]
9c98933f: checks
27b5418b: bets $0.25
9c98933f: folds
Uncalled bet ($0.25) returned to 27b5418b
*** SHOWDOWN ***
27b5418b collected $0.24 from pot
*** SUMMARY ***
Total pot $0.25 | Rake $0.01 | Jackpot $0 | Bingo $0 | Fortune $0 | Tax $0
Board [As 9s 7c 6s]
Seat 1: 38987251 (small blind) folded before Flop
Seat 2: 9c98933f (big blind) folded on the Turn
Seat 3: 27b5418b won ($0.24)
Seat 4: Hero folded before Flop (didn't bet)
Seat 5: e7f60446 folded before Flop (didn't bet)
Seat 6: 40a09091 (button) folded before Flop (didn't bet)


Poker Hand #HD1761110876: Hold'em No Limit ($0.05/$0.1) - 2024/05/06 16:31:47
Table 'NLHRed80' 6-max Seat #5 is the button
Seat 1: 38987251 ($9.43 in chips)
Seat 2: 9c98933f ($11.12 in chips)
Seat 3: 27b5418b ($8.93 in chips)
Seat 4: Hero ($11.49 in chips)
Seat 5: e7f60446 ($10.72 in chips)
Seat 6: 40a09091 ($19.05 in chips)
40a09091: posts small blind $0.05
38987251: posts big blind $0.1
*** HOLE CARDS ***
Dealt to 38987251 
Dealt to 9c98933f 
Dealt to 27b5418b 
Dealt to Hero [Th 4d]
Dealt to e7f60446 
Dealt to 40a09091 
9c98933f: folds
27b5418b: calls $0.1
Hero: folds
e7f60446: folds
40a09091: raises $0.4 to $0.5
38987251: folds
27b5418b: folds
Uncalled bet ($0.4) returned to 40a09091
*** SHOWDOWN ***
40a09091 collected $0.29 from pot
*** SUMMARY ***
Total pot $0.3 | Rake $0.01 | Jackpot $0 | Bingo $0 | Fortune $0 | Tax $0
Seat 1: 38987251 (big blind) folded before Flop
Seat 2: 9c98933f folded before Flop (didn't bet)
Seat 3: 27b5418b folded before Flop
Seat 4: Hero folded before Flop (didn't bet)
Seat 5: e7f60446 (button) folded before Flop (didn't bet)
Seat 6: 40a09091 (small blind) collected ($0.29)


Poker Hand #HD1761110801: Hold'em No Limit ($0.05/$0.1) - 2024/05/06 16:31:19
Table 'NLHRed80' 6-max Seat #4 is the button
Seat 1: 38987251 ($9.43 in chips)
Seat 2: 9c98933f ($10.97 in chips)
Seat 3: 27b5418b ($8.93 in chips)
Seat 4: Hero ($11.49 in chips)
Seat 5: e7f60446 ($10.77 in chips)
Seat 6: 40a09091 ($19.15 in chips)
e7f60446: posts small blind $0.05
40a09091: posts big blind $0.1
*** HOLE CARDS ***
Dealt to 38987251 
Dealt to 9c98933f 
Dealt to 27b5418b 
Dealt to Hero [8h Kc]
Dealt to e7f60446 
Dealt to 40a09091 
38987251: folds
9c98933f: raises $0.15 to $0.25
27b5418b: folds
Hero: folds
e7f60446: folds
40a09091: folds
Uncalled bet ($0.15) returned to 9c98933f
*** SHOWDOWN ***
9c98933f collected $0.25 from pot
*** SUMMARY ***
Total pot $0.25 | Rake $0 | Jackpot $0 | Bingo $0 | Fortune $0 | Tax $0
Seat 1: 38987251 folded before Flop (didn't bet)
Seat 2: 9c98933f collected ($0.25)
Seat 3: 27b5418b folded before Flop (didn't bet)
Seat 4: Hero (button) folded before Flop (didn't bet)
Seat 5: e7f60446 (small blind) folded before Flop
Seat 6: 40a09091 (big blind) folded before Flop


Poker Hand #HD1761110739: Hold'em No Limit ($0.05/$0.1) - 2024/05/06 16:30:55
Table 'NLHRed80' 6-max Seat #3 is the button
Seat 1: 38987251 ($9.43 in chips)
Seat 2: 9c98933f ($10.97 in chips)
Seat 3: 27b5418b ($8.79 in chips)
Seat 4: Hero ($11.54 in chips)
Seat 5: e7f60446 ($10.87 in chips)
Seat 6: 40a09091 ($19.15 in chips)
Hero: posts small blind $0.05
e7f60446: posts big blind $0.1
*** HOLE CARDS ***
Dealt to 38987251 
Dealt to 9c98933f 
Dealt to 27b5418b 
Dealt to Hero [8d Ks]
Dealt to e7f60446 
Dealt to 40a09091 
40a09091: folds
38987251: folds
9c98933f: folds
27b5418b: calls $0.1
Hero: folds
e7f60446: checks
*** FLOP *** [2h Jc 4s]
e7f60446: checks
27b5418b: checks
*** TURN *** [2h Jc 4s] [Ad]
e7f60446: checks
27b5418b: bets $0.25
e7f60446: folds
Uncalled bet ($0.25) returned to 27b5418b
*** SHOWDOWN ***
27b5418b collected $0.24 from pot
*** SUMMARY ***
Total pot $0.25 | Rake $0.01 | Jackpot $0 | Bingo $0 | Fortune $0 | Tax $0
Board [2h Jc 4s Ad]
Seat 1: 38987251 folded before Flop (didn't bet)
Seat 2: 9c98933f folded before Flop (didn't bet)
Seat 3: 27b5418b (button) won ($0.24)
Seat 4: Hero (small blind) folded before Flop
Seat 5: e7f60446 (big blind) folded on the Turn
Seat 6: 40a09091 folded before Flop (didn't bet)


Poker Hand #HD1761110622: Hold'em No Limit ($0.05/$0.1) - 2024/05/06 16:30:10
Table 'NLHRed80' 6-max Seat #2 is the button
Seat 1: 38987251 ($9.43 in chips)
Seat 2: 9c98933f ($10.97 in chips)
Seat 3: 27b5418b ($9.09 in chips)
Seat 4: Hero ($11.27 in chips)
Seat 5: e7f60446 ($10.87 in chips)
Seat 6: 40a09091 ($19.15 in chips)
27b5418b: posts small blind $0.05
Hero: posts big blind $0.1
*** HOLE CARDS ***
Dealt to 38987251 
Dealt to 9c98933f 
Dealt to 27b5418b 
Dealt to Hero [Ts 6c]
Dealt to e7f60446 
Dealt to 40a09091 
e7f60446: folds
40a09091: folds
38987251: folds
9c98933f: folds
27b5418b: calls $0.05
Hero: checks
*** FLOP *** [Qc 8d 7c]
27b5418b: bets $0.2
Hero: calls $0.2
*** TURN *** [Qc 8d 7c] [7d]
27b5418b: checks
Hero: bets $0.4
27b5418b: folds
Uncalled bet ($0.4) returned to Hero
*** SHOWDOWN ***
Hero collected $0.57 from pot
*** SUMMARY ***
Total pot $0.6 | Rake $0.03 | Jackpot $0 | Bingo $0 | Fortune $0 | Tax $0
Board [Qc 8d 7c 7d]
Seat 1: 38987251 folded before Flop (didn't bet)
Seat 2: 9c98933f (button) folded before Flop (didn't bet)
Seat 3: 27b5418b (small blind) folded on the Turn
Seat 4: Hero (big blind) won ($0.57)
Seat 5: e7f60446 folded before Flop (didn't bet)
Seat 6: 40a09091 folded before Flop (didn't bet)


Poker Hand #HD1761110529: Hold'em No Limit ($0.05/$0.1) - 2024/05/06 16:29:34
Table 'NLHRed80' 6-max Seat #1 is the button
Seat 1: 38987251 ($9.43 in chips)
Seat 2: 9c98933f ($11.02 in chips)
Seat 3: 27b5418b ($9.79 in chips)
Seat 4: Hero ($11.47 in chips)
Seat 5: e7f60446 ($10 in chips)
Seat 6: 40a09091 ($19.15 in chips)
9c98933f: posts small blind $0.05
27b5418b: posts big blind $0.1
*** HOLE CARDS ***
Dealt to 38987251 
Dealt to 9c98933f 
Dealt to 27b5418b 
Dealt to Hero [9d Qd]
Dealt to e7f60446 
Dealt to 40a09091 
Hero: raises $0.1 to $0.2
e7f60446: raises $0.5 to $0.7
40a09091: folds
38987251: folds
9c98933f: folds
27b5418b: calls $0.6
Hero: folds
*** FLOP *** [5d 7d 3h]
27b5418b: checks
e7f60446: bets $0.8
27b5418b: folds
Uncalled bet ($0.8) returned to e7f60446
*** SHOWDOWN ***
e7f60446 collected $1.57 from pot
*** SUMMARY ***
Total pot $1.65 | Rake $0.08 | Jackpot $0 | Bingo $0 | Fortune $0 | Tax $0
Board [5d 7d 3h]
Seat 1: 38987251 (button) folded before Flop (didn't bet)
Seat 2: 9c98933f (small blind) folded before Flop
Seat 3: 27b5418b (big blind) folded on the Flop
Seat 4: Hero folded before Flop
Seat 5: e7f60446 won ($1.57)
Seat 6: 40a09091 folded before Flop (didn't bet)


Poker Hand #HD1761110345: Hold'em No Limit ($0.05/$0.1) - 2024/05/06 16:28:18
Table 'NLHRed80' 6-max Seat #6 is the button
Seat 1: 38987251 ($9.48 in chips)
Seat 2: 9c98933f ($11.12 in chips)
Seat 3: 27b5418b ($9.89 in chips)
Seat 4: Hero ($11.47 in chips)
Seat 5: e7f60446 ($12.35 in chips)
Seat 6: 40a09091 ($10 in chips)
38987251: posts small blind $0.05
9c98933f: posts big blind $0.1
*** HOLE CARDS ***
Dealt to 38987251 
Dealt to 9c98933f 
Dealt to 27b5418b 
Dealt to Hero [2h Ts]
Dealt to e7f60446 
Dealt to 40a09091 
27b5418b: calls $0.1
Hero: folds
e7f60446: raises $0.2 to $0.3
40a09091: raises $0.6 to $0.9
38987251: folds
9c98933f: folds
27b5418b: folds
e7f60446: raises $0.6 to $1.5
40a09091: raises $8.5 to $10 and is all-in
e7f60446: calls $8.5
40a09091: shows [Ac Ah]
e7f60446: shows [Td Th]
*** FLOP *** [Qc 6c 7h]
*** TURN *** [Qc 6c 7h] [6s]
*** RIVER *** [Qc 6c 7h 6s] [9h]
*** SHOWDOWN ***
40a09091 collected $19.15 from pot
*** SUMMARY ***
Total pot $20.25 | Rake $1 | Jackpot $0.1 | Bingo $0 | Fortune $0 | Tax $0
Board [Qc 6c 7h 6s 9h]
Seat 1: 38987251 (small blind) folded before Flop
Seat 2: 9c98933f (big blind) folded before Flop
Seat 3: 27b5418b folded before Flop
Seat 4: Hero folded before Flop (didn't bet)
Seat 5: e7f60446 showed [Td Th] and lost with Pair of Tens and Pair of Sixes
Seat 6: 40a09091 (button) showed [Ac Ah] and won ($19.15) with Pair of Aces and Pair of Sixes


Poker Hand #HD1761110230: Hold'em No Limit ($0.05/$0.1) - 2024/05/06 16:27:34
Table 'NLHRed80' 6-max Seat #5 is the button
Seat 1: 38987251 ($9.58 in chips)
Seat 2: 9c98933f ($11.12 in chips)
Seat 3: 27b5418b ($8.49 in chips)
Seat 4: Hero ($11.47 in chips)
Seat 5: e7f60446 ($12.35 in chips)
Seat 6: 40a09091 ($11.12 in chips)
40a09091: posts small blind $0.05
38987251: posts big blind $0.1
*** HOLE CARDS ***
Dealt to 38987251 
Dealt to 9c98933f 
Dealt to 27b5418b 
Dealt to Hero [9h 5s]
Dealt to e7f60446 
Dealt to 40a09091 
9c98933f: folds
27b5418b: calls $0.1
Hero: folds
e7f60446: folds
40a09091: raises $0.4 to $0.5
38987251: folds
27b5418b: calls $0.4
*** FLOP *** [Ts 6d 3s]
40a09091: bets $0.39
27b5418b: calls $0.39
*** TURN *** [Ts 6d 3s] [8d]
40a09091: bets $0.66
27b5418b: calls $0.66
*** RIVER *** [Ts 6d 3s 8d] [8h]
40a09091: checks
27b5418b: bets $3.2
40a09091: folds
Uncalled bet ($3.2) returned to 27b5418b
*** SHOWDOWN ***
27b5418b collected $2.95 from pot
*** SUMMARY ***
Total pot $3.2 | Rake $0.15 | Jackpot $0.1 | Bingo $0 | Fortune $0 | Tax $0
Board [Ts 6d 3s 8d 8h]
Seat 1: 38987251 (big blind) folded before Flop
Seat 2: 9c98933f folded before Flop (didn't bet)
Seat 3: 27b5418b won ($2.95)
Seat 4: Hero folded before Flop (didn't bet)
Seat 5: e7f60446 (button) folded before Flop (didn't bet)
Seat 6: 40a09091 (small blind) folded on the River


Poker Hand #HD1761110126: Hold'em No Limit ($0.05/$0.1) - 2024/05/06 16:26:48
Table 'NLHRed80' 6-max Seat #4 is the button
Seat 1: 38987251 ($9.58 in chips)
Seat 2: 9c98933f ($10.75 in chips)
Seat 3: 27b5418b ($8.74 in chips)
Seat 4: Hero ($11.47 in chips)
Seat 5: e7f60446 ($12.4 in chips)
Seat 6: 40a09091 ($11.22 in chips)
e7f60446: posts small blind $0.05
40a09091: posts big blind $0.1
*** HOLE CARDS ***
Dealt to 38987251 
Dealt to 9c98933f 
Dealt to 27b5418b 
Dealt to Hero [8h 4c]
Dealt to e7f60446 
Dealt to 40a09091 
38987251: folds
9c98933f: raises $0.15 to $0.25
27b5418b: calls $0.25
Hero: folds
e7f60446: folds
40a09091: folds
*** FLOP *** [3s 3d Ac]
9c98933f: checks
27b5418b: checks
*** TURN *** [3s 3d Ac] [2c]
9c98933f: checks
27b5418b: checks
*** RIVER *** [3s 3d Ac 2c] [Js]
9c98933f: checks
27b5418b: checks
9c98933f: shows [Qh Ks] (Pair of Treys)
27b5418b: shows [7h Ts] (Pair of Treys)
*** SHOWDOWN ***
9c98933f collected $0.62 from pot
*** SUMMARY ***
Total pot $0.65 | Rake $0.03 | Jackpot $0 | Bingo $0 | Fortune $0 | Tax $0
Board [3s 3d Ac 2c Js]
Seat 1: 38987251 folded before Flop (didn't bet)
Seat 2: 9c98933f showed [Qh Ks] and won ($0.62) with Pair of Treys
Seat 3: 27b5418b showed [7h Ts] and lost with Pair of Treys
Seat 4: Hero (button) folded before Flop (didn't bet)
Seat 5: e7f60446 (small blind) folded before Flop
Seat 6: 40a09091 (big blind) folded before Flop


Poker Hand #HD1761110037: Hold'em No Limit ($0.05/$0.1) - 2024/05/06 16:26:09
Table 'NLHRed80' 6-max Seat #3 is the button
Seat 1: 38987251 ($9.58 in chips)
Seat 2: 9c98933f ($10.75 in chips)
Seat 3: 27b5418b ($8.74 in chips)
Seat 4: Hero ($11.52 in chips)
Seat 5: e7f60446 ($12.99 in chips)
Seat 6: 40a09091 ($10.64 in chips)
Hero: posts small blind $0.05
e7f60446: posts big blind $0.1
*** HOLE CARDS ***
Dealt to 38987251 
Dealt to 9c98933f 
Dealt to 27b5418b 
Dealt to Hero [Jd Tc]
Dealt to e7f60446 
Dealt to 40a09091 
40a09091: raises $0.14 to $0.24
38987251: folds
9c98933f: folds
27b5418b: folds
Hero: folds
e7f60446: calls $0.14
*** FLOP *** [5c 2h Ah]
e7f60446: checks
40a09091: bets $0.35
e7f60446: calls $0.35
*** TURN *** [5c 2h Ah] [8h]
e7f60446: checks
40a09091: bets $1.05
e7f60446: folds
Uncalled bet ($1.05) returned to 40a09091
*** SHOWDOWN ***
40a09091 collected $1.17 from pot
*** SUMMARY ***
Total pot $1.23 | Rake $0.06 | Jackpot $0 | Bingo $0 | Fortune $0 | Tax $0
Board [5c 2h Ah 8h]
Seat 1: 38987251 folded before Flop (didn't bet)
Seat 2: 9c98933f folded before Flop (didn't bet)
Seat 3: 27b5418b (button) folded before Flop (didn't bet)
Seat 4: Hero (small blind) folded before Flop
Seat 5: e7f60446 (big blind) folded on the Turn
Seat 6: 40a09091 won ($1.17)


Poker Hand #HD1761109821: Hold'em No Limit ($0.05/$0.1) - 2024/05/06 16:24:42
Table 'NLHRed80' 6-max Seat #2 is the button
Seat 1: 38987251 ($9.58 in chips)
Seat 2: 9c98933f ($11 in chips)
Seat 3: 27b5418b ($9.24 in chips)
Seat 4: Hero ($10.83 in chips)
Seat 5: e7f60446 ($12.99 in chips)
Seat 6: 40a09091 ($10.64 in chips)
27b5418b: posts small blind $0.05
Hero: posts big blind $0.1
*** HOLE CARDS ***
Dealt to 38987251 
Dealt to 9c98933f 
Dealt to 27b5418b 
Dealt to Hero [8s 7h]
Dealt to e7f60446 
Dealt to 40a09091 
e7f60446: folds
40a09091: folds
38987251: folds
9c98933f: raises $0.15 to $0.25
27b5418b: calls $0.2
Hero: calls $0.15
*** FLOP *** [5d 7s Ad]
27b5418b: checks
Hero: checks
9c98933f: checks
*** TURN *** [5d 7s Ad] [6h]
27b5418b: checks
Hero: bets $0.25
9c98933f: folds
27b5418b: calls $0.25
*** RIVER *** [5d 7s Ad 6h] [8d]
27b5418b: checks
Hero: bets $0.7
27b5418b: folds
Uncalled bet ($0.7) returned to Hero
*** SHOWDOWN ***
Hero collected $1.19 from pot
*** SUMMARY ***
Total pot $1.25 | Rake $0.06 | Jackpot $0 | Bingo $0 | Fortune $0 | Tax $0
Board [5d 7s Ad 6h 8d]
Seat 1: 38987251 folded before Flop (didn't bet)
Seat 2: 9c98933f (button) folded on the Turn
Seat 3: 27b5418b (small blind) folded on the River
Seat 4: Hero (big blind) won ($1.19)
Seat 5: e7f60446 folded before Flop (didn't bet)
Seat 6: 40a09091 folded before Flop (didn't bet)


Poker Hand #HD1761109695: Hold'em No Limit ($0.05/$0.1) - 2024/05/06 16:23:52
Table 'NLHRed80' 6-max Seat #1 is the button
Seat 1: 38987251 ($10 in chips)
Seat 2: 9c98933f ($11.05 in chips)
Seat 3: 27b5418b ($9.66 in chips)
Seat 4: Hero ($10 in chips)
Seat 5: e7f60446 ($12.99 in chips)
Seat 6: 40a09091 ($10.64 in chips)
9c98933f: posts small blind $0.05
27b5418b: posts big blind $0.1
*** HOLE CARDS ***
Dealt to 38987251 
Dealt to 9c98933f 
Dealt to 27b5418b 
Dealt to Hero [Qs Qh]
Dealt to e7f60446 
Dealt to 40a09091 
Hero: raises $0.1 to $0.2
e7f60446: folds
40a09091: folds
38987251: calls $0.2
9c98933f: folds
27b5418b: calls $0.1
*** FLOP *** [4h Td Kd]
27b5418b: checks
Hero: bets $0.22
38987251: calls $0.22
27b5418b: calls $0.22
*** TURN *** [4h Td Kd] [Ts]
27b5418b: checks
Hero: checks
38987251: checks
*** RIVER *** [4h Td Kd Ts] [9c]
27b5418b: checks
Hero: checks
38987251: checks
27b5418b: shows [2h Jh] (Pair of Tens)
Hero: shows [Qs Qh] (Pair of Queens and Pair of Tens)
38987251: shows [Ad 7d] (Pair of Tens)
*** SHOWDOWN ***
Hero collected $1.25 from pot
*** SUMMARY ***
Total pot $1.31 | Rake $0.06 | Jackpot $0 | Bingo $0 | Fortune $0 | Tax $0
Board [4h Td Kd Ts 9c]
Seat 1: 38987251 (button) showed [Ad 7d] and lost with Pair of Tens
Seat 2: 9c98933f (small blind) folded before Flop
Seat 3: 27b5418b (big blind) showed [2h Jh] and lost with Pair of Tens
Seat 4: Hero showed [Qs Qh] and won ($1.25) with Pair of Queens and Pair of Tens
Seat 5: e7f60446 folded before Flop (didn't bet)
Seat 6: 40a09091 folded before Flop (didn't bet)


Poker Hand #HD1761109532: Hold'em No Limit ($0.05/$0.1) - 2024/05/06 16:22:47
Table 'NLHRed80' 6-max Seat #6 is the button
Seat 1: 38987251 ($9.78 in chips)
Seat 2: 9c98933f ($10 in chips)
Seat 3: 27b5418b ($9.66 in chips)
Seat 4: Hero ($10 in chips)
Seat 5: e7f60446 ($12.99 in chips)
Seat 6: 40a09091 ($10.64 in chips)
38987251: posts small blind $0.05
9c98933f: posts big blind $0.1
*** HOLE CARDS ***
Dealt to 38987251 
Dealt to 9c98933f 
Dealt to 27b5418b 
Dealt to Hero [4s Qs]
Dealt to e7f60446 
Dealt to 40a09091 
27b5418b: folds
Hero: folds
e7f60446: folds
40a09091: folds
38987251: raises $0.15 to $0.25
9c98933f: calls $0.15
*** FLOP *** [5c Jd 5d]
38987251: bets $0.25
9c98933f: calls $0.25
*** TURN *** [5c Jd 5d] [Tc]
38987251: bets $0.66
9c98933f: calls $0.66
*** RIVER *** [5c Jd 5d Tc] [3h]
38987251: checks
9c98933f: bets $1.54
38987251: folds
Uncalled bet ($1.54) returned to 9c98933f
*** SHOWDOWN ***
9c98933f collected $2.21 from pot
*** SUMMARY ***
Total pot $2.32 | Rake $0.11 | Jackpot $0 | Bingo $0 | Fortune $0 | Tax $0
Board [5c Jd 5d Tc 3h]
Seat 1: 38987251 (small blind) folded on the River
Seat 2: 9c98933f (big blind) won ($2.21)
Seat 3: 27b5418b folded before Flop (didn't bet)
Seat 4: Hero folded before Flop (didn't bet)
Seat 5: e7f60446 folded before Flop (didn't bet)
Seat 6: 40a09091 (button) folded before Flop (didn't bet)


Poker Hand #HD1761109422: Hold'em No Limit ($0.05/$0.1) - 2024/05/06 16:22:08
Table 'NLHRed80' 6-max Seat #5 is the button
Seat 1: 38987251 ($9.88 in chips)
Seat 2: 9c98933f ($10 in chips)
Seat 3: 27b5418b ($9.52 in chips)
Seat 4: Hero ($10 in chips)
Seat 5: e7f60446 ($12.99 in chips)
Seat 6: 40a09091 ($10.69 in chips)
40a09091: posts small blind $0.05
38987251: posts big blind $0.1
*** HOLE CARDS ***
Dealt to 38987251 
Dealt to 9c98933f 
Dealt to 27b5418b 
Dealt to Hero [Ac 6d]
Dealt to e7f60446 
Dealt to 40a09091 
9c98933f: folds
27b5418b: calls $0.1
Hero: folds
e7f60446: folds
40a09091: folds
38987251: checks
*** FLOP *** [5c 2c Kd]
38987251: checks
27b5418b: checks
*** TURN *** [5c 2c Kd] [6c]
38987251: checks
27b5418b: checks
*** RIVER *** [5c 2c Kd 6c] [3s]
38987251: checks
27b5418b: checks
38987251: shows [9d Js] (King-High)
27b5418b: shows [Jh 3h] (Pair of Treys)
*** SHOWDOWN ***
27b5418b collected $0.24 from pot
*** SUMMARY ***
Total pot $0.25 | Rake $0.01 | Jackpot $0 | Bingo $0 | Fortune $0 | Tax $0
Board [5c 2c Kd 6c 3s]
Seat 1: 38987251 (big blind) showed [9d Js] and lost with King-High
Seat 2: 9c98933f folded before Flop (didn't bet)
Seat 3: 27b5418b showed [Jh 3h] and won ($0.24) with Pair of Treys
Seat 4: Hero folded before Flop (didn't bet)
Seat 5: e7f60446 (button) folded before Flop (didn't bet)
Seat 6: 40a09091 (small blind) folded before Flop


Poker Hand #HD1761109179: Hold'em No Limit ($0.05/$0.1) - 2024/05/06 16:20:29
Table 'NLHRed80' 6-max Seat #4 is the button
Seat 1: 38987251 ($9.88 in chips)
Seat 2: 9c98933f ($10 in chips)
Seat 3: 27b5418b ($5.97 in chips)
Seat 4: Hero ($10.21 in chips)
Seat 5: e7f60446 ($13.04 in chips)
Seat 6: 40a09091 ($10.79 in chips)
e7f60446: posts small blind $0.05
40a09091: posts big blind $0.1
*** HOLE CARDS ***
Dealt to 38987251 
Dealt to 9c98933f 
Dealt to 27b5418b 
Dealt to Hero [8c 8s]
Dealt to e7f60446 
Dealt to 40a09091 
38987251: folds
9c98933f: raises $0.15 to $0.25
27b5418b: calls $0.25
Hero: raises $0.7 to $0.95
e7f60446: folds
40a09091: folds
9c98933f: folds
27b5418b: calls $0.7
*** FLOP *** [9h 3d 6s]
27b5418b: checks
Hero: bets $0.76
27b5418b: calls $0.76
*** TURN *** [9h 3d 6s] [9s]
27b5418b: checks
Hero: checks
*** RIVER *** [9h 3d 6s 9s] [Qc]
27b5418b: bets $1.91
Hero: calls $1.91
27b5418b: shows [9c 6c] (Nines Full over Sixes)
Hero: shows [8c 8s] (Pair of Nines and Pair of Eights)
*** SHOWDOWN ***
27b5418b collected $7.17 from pot
*** SUMMARY ***
Total pot $7.64 | Rake $0.37 | Jackpot $0.1 | Bingo $0 | Fortune $0 | Tax $0
Board [9h 3d 6s 9s Qc]
Seat 1: 38987251 folded before Flop (didn't bet)
Seat 2: 9c98933f folded before Flop
Seat 3: 27b5418b showed [9c 6c] and won ($7.17) with Nines Full over Sixes
Seat 4: Hero (button) showed [8c 8s] and lost with Pair of Nines and Pair of Eights
Seat 5: e7f60446 (small blind) folded before Flop
Seat 6: 40a09091 (big blind) folded before Flop


Poker Hand #HD1761109080: Hold'em No Limit ($0.05/$0.1) - 2024/05/06 16:19:50
Table 'NLHRed80' 6-max Seat #3 is the button
Seat 1: 38987251 ($9.88 in chips)
Seat 2: 9c98933f ($10 in chips)
Seat 3: 27b5418b ($6.07 in chips)
Seat 4: Hero ($10.26 in chips)
Seat 5: e7f60446 ($12.9 in chips)
Seat 6: 40a09091 ($10.79 in chips)
Hero: posts small blind $0.05
e7f60446: posts big blind $0.1
*** HOLE CARDS ***
Dealt to 38987251 
Dealt to 9c98933f 
Dealt to 27b5418b 
Dealt to Hero [Ts 2s]
Dealt to e7f60446 
Dealt to 40a09091 
40a09091: folds
38987251: folds
9c98933f: folds
27b5418b: calls $0.1
Hero: folds
e7f60446: checks
*** FLOP *** [Jc 6s 3c]
e7f60446: checks
27b5418b: checks
*** TURN *** [Jc 6s 3c] [7h]
e7f60446: checks
27b5418b: checks
*** RIVER *** [Jc 6s 3c 7h] [8s]
e7f60446: checks
27b5418b: checks
e7f60446: shows [Qs 7d] (Pair of Sevens)
27b5418b: shows [4s Kd] (King-High)
*** SHOWDOWN ***
e7f60446 collected $0.24 from pot
*** SUMMARY ***
Total pot $0.25 | Rake $0.01 | Jackpot $0 | Bingo $0 | Fortune $0 | Tax $0
Board [Jc 6s 3c 7h 8s]
Seat 1: 38987251 folded before Flop (didn't bet)
Seat 2: 9c98933f folded before Flop (didn't bet)
Seat 3: 27b5418b (button) showed [4s Kd] and lost with King-High
Seat 4: Hero (small blind) folded before Flop
Seat 5: e7f60446 (big blind) showed [Qs 7d] and won ($0.24) with Pair of Sevens
Seat 6: 40a09091 folded before Flop (didn't bet)


Poker Hand #HD1761108930: Hold'em No Limit ($0.05/$0.1) - 2024/05/06 16:18:55
Table 'NLHRed80' 6-max Seat #2 is the button
Seat 1: 38987251 ($9.88 in chips)
Seat 2: 9c98933f ($10 in chips)
Seat 3: 27b5418b ($8.29 in chips)
Seat 4: Hero ($10.36 in chips)
Seat 5: e7f60446 ($10.9 in chips)
Seat 6: 40a09091 ($10.79 in chips)
27b5418b: posts small blind $0.05
Hero: posts big blind $0.1
*** HOLE CARDS ***
Dealt to 38987251 
Dealt to 9c98933f 
Dealt to 27b5418b 
Dealt to Hero [Ts 3s]
Dealt to e7f60446 
Dealt to 40a09091 
e7f60446: raises $0.12 to $0.22
40a09091: folds
38987251: folds
9c98933f: folds
27b5418b: calls $0.17
Hero: folds
*** FLOP *** [3c 8s Kh]
27b5418b: checks
e7f60446: bets $0.3
27b5418b: calls $0.3
*** TURN *** [3c 8s Kh] [Ks]
27b5418b: checks
e7f60446: bets $0.6
27b5418b: calls $0.6
*** RIVER *** [3c 8s Kh Ks] [Kc]
27b5418b: checks
e7f60446: bets $1.1
27b5418b: calls $1.1
e7f60446: shows [9s 9h] (Kings Full over Nines)
27b5418b: shows [8h 7s] (Kings Full over Eights)
*** SHOWDOWN ***
e7f60446 collected $4.22 from pot
*** SUMMARY ***
Total pot $4.54 | Rake $0.22 | Jackpot $0.1 | Bingo $0 | Fortune $0 | Tax $0
Board [3c 8s Kh Ks Kc]
Seat 1: 38987251 folded before Flop (didn't bet)
Seat 2: 9c98933f (button) folded before Flop (didn't bet)
Seat 3: 27b5418b (small blind) showed [8h 7s] and lost with Kings Full over Eights
Seat 4: Hero (big blind) folded before Flop
Seat 5: e7f60446 showed [9s 9h] and won ($4.22) with Kings Full over Nines
Seat 6: 40a09091 folded before Flop (didn't bet)


Poker Hand #HD1761108899: Hold'em No Limit ($0.05/$0.1) - 2024/05/06 16:18:34
Table 'NLHRed80' 6-max Seat #1 is the button
Seat 1: 38987251 ($9.88 in chips)
Seat 2: 9c98933f ($10 in chips)
Seat 3: 27b5418b ($8.39 in chips)
Seat 4: Hero ($10.36 in chips)
Seat 5: e7f60446 ($11.12 in chips)
Seat 6: 40a09091 ($10.45 in chips)
9c98933f: posts small blind $0.05
27b5418b: posts big blind $0.1
*** HOLE CARDS ***
Dealt to 38987251 
Dealt to 9c98933f 
Dealt to 27b5418b 
Dealt to Hero [5d 9c]
Dealt to e7f60446 
Dealt to 40a09091 
Hero: folds
e7f60446: raises $0.12 to $0.22
40a09091: raises $0.58 to $0.8
38987251: folds
9c98933f: folds
27b5418b: folds
e7f60446: folds
Uncalled bet ($0.58) returned to 40a09091
*** SHOWDOWN ***
40a09091 collected $0.56 from pot
*** SUMMARY ***
Total pot $0.59 | Rake $0.03 | Jackpot $0 | Bingo $0 | Fortune $0 | Tax $0
Seat 1: 38987251 (button) folded before Flop (didn't bet)
Seat 2: 9c98933f (small blind) folded before Flop
Seat 3: 27b5418b (big blind) folded before Flop
Seat 4: Hero folded before Flop (didn't bet)
Seat 5: e7f60446 folded before Flop
Seat 6: 40a09091 collected ($0.56)


Poker Hand #HD1761108753: Hold'em No Limit ($0.05/$0.1) - 2024/05/06 16:17:37
Table 'NLHRed80' 6-max Seat #6 is the button
Seat 1: 38987251 ($9.93 in chips)
Seat 2: 9c98933f ($10 in chips)
Seat 3: 27b5418b ($8.39 in chips)
Seat 4: Hero ($10.36 in chips)
Seat 5: e7f60446 ($11.12 in chips)
Seat 6: 40a09091 ($10 in chips)
38987251: posts small blind $0.05
9c98933f: posts big blind $0.1
*** HOLE CARDS ***
Dealt to 38987251 
Dealt to 9c98933f 
Dealt to 27b5418b 
Dealt to Hero [4h 9h]
Dealt to e7f60446 
Dealt to 40a09091 
27b5418b: folds
Hero: folds
e7f60446: folds
40a09091: raises $0.14 to $0.24
38987251: folds
9c98933f: calls $0.14
*** FLOP *** [Tc 8d 6s]
9c98933f: checks
40a09091: bets $0.2
9c98933f: calls $0.2
*** TURN *** [Tc 8d 6s] [5s]
9c98933f: checks
40a09091: bets $0.33
9c98933f: folds
Uncalled bet ($0.33) returned to 40a09091
*** SHOWDOWN ***
40a09091 collected $0.89 from pot
*** SUMMARY ***
Total pot $0.93 | Rake $0.04 | Jackpot $0 | Bingo $0 | Fortune $0 | Tax $0
Board [Tc 8d 6s 5s]
Seat 1: 38987251 (small blind) folded before Flop
Seat 2: 9c98933f (big blind) folded on the Turn
Seat 3: 27b5418b folded before Flop (didn't bet)
Seat 4: Hero folded before Flop (didn't bet)
Seat 5: e7f60446 folded before Flop (didn't bet)
Seat 6: 40a09091 (button) won ($0.89)


Poker Hand #HD1761108677: Hold'em No Limit ($0.05/$0.1) - 2024/05/06 16:17:07
Table 'NLHRed80' 6-max Seat #5 is the button
Seat 1: 38987251 ($10.15 in chips)
Seat 3: 27b5418b ($8.39 in chips)
Seat 4: Hero ($10.36 in chips)
Seat 5: e7f60446 ($10.87 in chips)
Seat 6: 40a09091 ($10 in chips)
40a09091: posts small blind $0.05
38987251: posts big blind $0.1
*** HOLE CARDS ***
Dealt to 38987251 
Dealt to 27b5418b 
Dealt to Hero [6s 8c]
Dealt to e7f60446 
Dealt to 40a09091 
27b5418b: folds
Hero: folds
e7f60446: raises $0.12 to $0.22
40a09091: folds
38987251: calls $0.12
*** FLOP *** [Th Ac 9c]
38987251: checks
e7f60446: bets $0.3
38987251: folds
Uncalled bet ($0.3) returned to e7f60446
*** SHOWDOWN ***
e7f60446 collected $0.47 from pot
*** SUMMARY ***
Total pot $0.49 | Rake $0.02 | Jackpot $0 | Bingo $0 | Fortune $0 | Tax $0
Board [Th Ac 9c]
Seat 1: 38987251 (big blind) folded on the Flop
Seat 3: 27b5418b folded before Flop (didn't bet)
Seat 4: Hero folded before Flop (didn't bet)
Seat 5: e7f60446 (button) won ($0.47)
Seat 6: 40a09091 (small blind) folded before Flop


Poker Hand #HD1761108639: Hold'em No Limit ($0.05/$0.1) - 2024/05/06 16:16:55
Table 'NLHRed80' 6-max Seat #4 is the button
Seat 1: 38987251 ($10 in chips)
Seat 3: 27b5418b ($8.39 in chips)
Seat 4: Hero ($10.36 in chips)
Seat 5: e7f60446 ($10.92 in chips)
Seat 6: 40a09091 ($10 in chips)
e7f60446: posts small blind $0.05
40a09091: posts big blind $0.1
*** HOLE CARDS ***
Dealt to 38987251 
Dealt to 27b5418b 
Dealt to Hero [9s 8h]
Dealt to e7f60446 
Dealt to 40a09091 
38987251: raises $0.12 to $0.22
27b5418b: folds
Hero: folds
e7f60446: folds
40a09091: folds
Uncalled bet ($0.12) returned to 38987251
*** SHOWDOWN ***
38987251 collected $0.25 from pot
*** SUMMARY ***
Total pot $0.25 | Rake $0 | Jackpot $0 | Bingo $0 | Fortune $0 | Tax $0
Seat 1: 38987251 collected ($0.25)
Seat 3: 27b5418b folded before Flop (didn't bet)
Seat 4: Hero (button) folded before Flop (didn't bet)
Seat 5: e7f60446 (small blind) folded before Flop
Seat 6: 40a09091 (big blind) folded before Flop


Poker Hand #HD1761108622: Hold'em No Limit ($0.05/$0.1) - 2024/05/06 16:16:48
Table 'NLHRed80' 6-max Seat #3 is the button
Seat 1: 38987251 ($10 in chips)
Seat 3: 27b5418b ($8.39 in chips)
Seat 4: Hero ($10.41 in chips)
Seat 5: e7f60446 ($10.87 in chips)
Hero: posts small blind $0.05
e7f60446: posts big blind $0.1
*** HOLE CARDS ***
Dealt to 38987251 
Dealt to 27b5418b 
Dealt to Hero [3h Kc]
Dealt to e7f60446 
38987251: folds
27b5418b: folds
Hero: folds
Uncalled bet ($0.05) returned to e7f60446
*** SHOWDOWN ***
e7f60446 collected $0.1 from pot
*** SUMMARY ***
Total pot $0.1 | Rake $0 | Jackpot $0 | Bingo $0 | Fortune $0 | Tax $0
Seat 1: 38987251 folded before Flop (didn't bet)
Seat 3: 27b5418b (button) folded before Flop (didn't bet)
Seat 4: Hero (small blind) folded before Flop
Seat 5: e7f60446 (big blind) collected ($0.1)


Poker Hand #HD1761108604: Hold'em No Limit ($0.05/$0.1) - 2024/05/06 16:16:41
Table 'NLHRed80' 6-max Seat #1 is the button
Seat 1: 38987251 ($10 in chips)
Seat 3: 27b5418b ($8.44 in chips)
Seat 4: Hero ($10.36 in chips)
Seat 5: e7f60446 ($10.87 in chips)
27b5418b: posts small blind $0.05
Hero: posts big blind $0.1
*** HOLE CARDS ***
Dealt to 38987251 
Dealt to 27b5418b 
Dealt to Hero [5h Kh]
Dealt to e7f60446 
e7f60446: folds
38987251: folds
27b5418b: folds
Uncalled bet ($0.05) returned to Hero
*** SHOWDOWN ***
Hero collected $0.1 from pot
*** SUMMARY ***
Total pot $0.1 | Rake $0 | Jackpot $0 | Bingo $0 | Fortune $0 | Tax $0
Seat 1: 38987251 (button) folded before Flop (didn't bet)
Seat 3: 27b5418b (small blind) folded before Flop
Seat 4: Hero (big blind) collected ($0.1)
Seat 5: e7f60446 folded before Flop (didn't bet)


Poker Hand #HD1761108499: Hold'em No Limit ($0.05/$0.1) - 2024/05/06 16:15:58
Table 'NLHRed80' 6-max Seat #6 is the button
Seat 1: 38987251 ($10.05 in chips)
Seat 2: 76659a39 ($19.14 in chips)
Seat 3: 27b5418b ($9.24 in chips)
Seat 4: Hero ($10.36 in chips)
Seat 5: e7f60446 ($10 in chips)
Seat 6: 8a54d1e7 ($9.82 in chips)
38987251: posts small blind $0.05
76659a39: posts big blind $0.1
*** HOLE CARDS ***
Dealt to 38987251 
Dealt to 76659a39 
Dealt to 27b5418b 
Dealt to Hero [8d Qh]
Dealt to e7f60446 
Dealt to 8a54d1e7 
27b5418b: calls $0.1
Hero: folds
e7f60446: raises $0.2 to $0.3
8a54d1e7: folds
38987251: folds
76659a39: folds
27b5418b: calls $0.2
*** FLOP *** [4s 9s 7s]
27b5418b: checks
e7f60446: bets $0.2
27b5418b: calls $0.2
*** TURN *** [4s 9s 7s] [5d]
27b5418b: checks
e7f60446: bets $0.3
27b5418b: calls $0.3
*** RIVER *** [4s 9s 7s 5d] [7d]
27b5418b: checks
e7f60446: bets $0.9
27b5418b: folds
Uncalled bet ($0.9) returned to e7f60446
*** SHOWDOWN ***
e7f60446 collected $1.67 from pot
*** SUMMARY ***
Total pot $1.75 | Rake $0.08 | Jackpot $0 | Bingo $0 | Fortune $0 | Tax $0
Board [4s 9s 7s 5d 7d]
Seat 1: 38987251 (small blind) folded before Flop
Seat 2: 76659a39 (big blind) folded before Flop
Seat 3: 27b5418b folded on the River
Seat 4: Hero folded before Flop (didn't bet)
Seat 5: e7f60446 won ($1.67)
Seat 6: 8a54d1e7 (button) folded before Flop (didn't bet)


Poker Hand #HD1761108481: Hold'em No Limit ($0.05/$0.1) - 2024/05/06 16:15:51
Table 'NLHRed80' 6-max Seat #5 is the button
Seat 1: 38987251 ($10 in chips)
Seat 2: 76659a39 ($19.14 in chips)
Seat 3: 27b5418b ($9.24 in chips)
Seat 4: Hero ($10.36 in chips)
Seat 5: e7f60446 ($10 in chips)
Seat 6: 8a54d1e7 ($9.87 in chips)
8a54d1e7: posts small blind $0.05
38987251: posts big blind $0.1
*** HOLE CARDS ***
Dealt to 38987251 
Dealt to 76659a39 
Dealt to 27b5418b 
Dealt to Hero [Kd 8h]
Dealt to e7f60446 
Dealt to 8a54d1e7 
76659a39: folds
27b5418b: folds
Hero: folds
e7f60446: folds
8a54d1e7: folds
Uncalled bet ($0.05) returned to 38987251
*** SHOWDOWN ***
38987251 collected $0.1 from pot
*** SUMMARY ***
Total pot $0.1 | Rake $0 | Jackpot $0 | Bingo $0 | Fortune $0 | Tax $0
Seat 1: 38987251 (big blind) collected ($0.1)
Seat 2: 76659a39 folded before Flop (didn't bet)
Seat 3: 27b5418b folded before Flop (didn't bet)
Seat 4: Hero folded before Flop (didn't bet)
Seat 5: e7f60446 (button) folded before Flop (didn't bet)
Seat 6: 8a54d1e7 (small blind) folded before Flop


Poker Hand #HD1761108278: Hold'em No Limit ($0.05/$0.1) - 2024/05/06 16:14:33
Table 'NLHRed80' 6-max Seat #4 is the button
Seat 2: 76659a39 ($10 in chips)
Seat 3: 27b5418b ($9.48 in chips)
Seat 4: Hero ($10.36 in chips)
Seat 5: e7f60446 ($15.99 in chips)
Seat 6: 8a54d1e7 ($9.97 in chips)
e7f60446: posts small blind $0.05
8a54d1e7: posts big blind $0.1
*** HOLE CARDS ***
Dealt to 76659a39 
Dealt to 27b5418b 
Dealt to Hero [5h Jd]
Dealt to e7f60446 
Dealt to 8a54d1e7 
76659a39: raises $0.14 to $0.24
27b5418b: calls $0.24
Hero: folds
e7f60446: raises $1.06 to $1.3
8a54d1e7: folds
76659a39: raises $2.3 to $3.6
27b5418b: folds
e7f60446: raises $12.39 to $15.99 and is all-in
76659a39: calls $6.4 and is all-in
Uncalled bet ($5.99) returned to e7f60446
e7f60446: shows [As Kc]
76659a39: shows [Ad Qd]
*** FLOP *** [4h 8c 2d]
*** TURN *** [4h 8c 2d] [Qh]
76659a39: Chooses to EV Cashout 
*** RIVER *** [4h 8c 2d Qh] [4s]
76659a39: Pays Cashout Risk ($0.1)
*** SHOWDOWN ***
76659a39 collected $19.24 from pot
*** SUMMARY ***
Total pot $20.34 | Rake $1 | Jackpot $0.1 | Bingo $0 | Fortune $0 | Tax $0
Board [4h 8c 2d Qh 4s]
Seat 2: 76659a39 showed [Ad Qd] and won ($19.24) with Pair of Queens and Pair of Fours, Cashout Risk ($0.1)
Seat 3: 27b5418b folded before Flop
Seat 4: Hero (button) folded before Flop (didn't bet)
Seat 5: e7f60446 (small blind) showed [As Kc] and lost with Pair of Fours
Seat 6: 8a54d1e7 (big blind) folded before Flop


Poker Hand #HD1761108183: Hold'em No Limit ($0.05/$0.1) - 2024/05/06 16:13:58
Table 'NLHRed80' 6-max Seat #3 is the button
Seat 2: 76659a39 ($10 in chips)
Seat 3: 27b5418b ($9.34 in chips)
Seat 4: Hero ($10.41 in chips)
Seat 5: e7f60446 ($16.09 in chips)
Seat 6: 8a54d1e7 ($9.97 in chips)
Hero: posts small blind $0.05
e7f60446: posts big blind $0.1
*** HOLE CARDS ***
Dealt to 76659a39 
Dealt to 27b5418b 
Dealt to Hero [Qd 2d]
Dealt to e7f60446 
Dealt to 8a54d1e7 
8a54d1e7: folds
76659a39: folds
27b5418b: calls $0.1
Hero: folds
e7f60446: checks
*** FLOP *** [Js Td Tc]
e7f60446: checks
27b5418b: bets $0.25
e7f60446: folds
Uncalled bet ($0.25) returned to 27b5418b
*** SHOWDOWN ***
27b5418b collected $0.24 from pot
*** SUMMARY ***
Total pot $0.25 | Rake $0.01 | Jackpot $0 | Bingo $0 | Fortune $0 | Tax $0
Board [Js Td Tc]
Seat 2: 76659a39 folded before Flop (didn't bet)
Seat 3: 27b5418b (button) won ($0.24)
Seat 4: Hero (small blind) folded before Flop
Seat 5: e7f60446 (big blind) folded on the Flop
Seat 6: 8a54d1e7 folded before Flop (didn't bet)


Poker Hand #HD1761108064: Hold'em No Limit ($0.05/$0.1) - 2024/05/06 16:13:10
Table 'NLHRed80' 6-max Seat #2 is the button
Seat 2: 76659a39 ($10 in chips)
Seat 3: 27b5418b ($9.56 in chips)
Seat 4: Hero ($10 in chips)
Seat 5: e7f60446 ($16.31 in chips)
Seat 6: 8a54d1e7 ($9.97 in chips)
27b5418b: posts small blind $0.05
Hero: posts big blind $0.1
*** HOLE CARDS ***
Dealt to 76659a39 
Dealt to 27b5418b 
Dealt to Hero [Js Td]
Dealt to e7f60446 
Dealt to 8a54d1e7 
e7f60446: raises $0.12 to $0.22
8a54d1e7: folds
76659a39: folds
27b5418b: calls $0.17
Hero: calls $0.12
*** FLOP *** [5c Th 5s]
27b5418b: checks
Hero: checks
e7f60446: checks
*** TURN *** [5c Th 5s] [8h]
27b5418b: checks
Hero: bets $0.3
e7f60446: folds
27b5418b: folds
Uncalled bet ($0.3) returned to Hero
*** SHOWDOWN ***
Hero collected $0.63 from pot
*** SUMMARY ***
Total pot $0.66 | Rake $0.03 | Jackpot $0 | Bingo $0 | Fortune $0 | Tax $0
Board [5c Th 5s 8h]
Seat 2: 76659a39 (button) folded before Flop (didn't bet)
Seat 3: 27b5418b (small blind) folded on the Turn
Seat 4: Hero (big blind) won ($0.63)
Seat 5: e7f60446 folded on the Turn
Seat 6: 8a54d1e7 folded before Flop (didn't bet)


Poker Hand #HD1761108039: Hold'em No Limit ($0.05/$0.1) - 2024/05/06 16:12:59
Table 'NLHRed80' 6-max Seat #6 is the button
Seat 2: 76659a39 ($10.03 in chips)
Seat 3: 27b5418b ($9.66 in chips)
Seat 4: Hero ($10 in chips)
Seat 5: e7f60446 ($16.16 in chips)
Seat 6: 8a54d1e7 ($9.97 in chips)
76659a39: posts small blind $0.05
27b5418b: posts big blind $0.1
*** HOLE CARDS ***
Dealt to 76659a39 
Dealt to 27b5418b 
Dealt to Hero [Jh 3c]
Dealt to e7f60446 
Dealt to 8a54d1e7 
Hero: folds
e7f60446: raises $0.12 to $0.22
8a54d1e7: folds
76659a39: folds
27b5418b: folds
Uncalled bet ($0.12) returned to e7f60446
*** SHOWDOWN ***
e7f60446 collected $0.25 from pot
*** SUMMARY ***
Total pot $0.25 | Rake $0 | Jackpot $0 | Bingo $0 | Fortune $0 | Tax $0
Seat 2: 76659a39 (small blind) folded before Flop
Seat 3: 27b5418b (big blind) folded before Flop
Seat 4: Hero folded before Flop (didn't bet)
Seat 5: e7f60446 collected ($0.25)
Seat 6: 8a54d1e7 (button) folded before Flop (didn't bet)


Poker Hand #HD1761107974: Hold'em No Limit ($0.05/$0.1) - 2024/05/06 16:12:32
Table 'NLHRed80' 6-max Seat #5 is the button
Seat 2: 76659a39 ($10 in chips)
Seat 3: 27b5418b ($9.64 in chips)
Seat 4: Hero ($10 in chips)
Seat 5: e7f60446 ($16.16 in chips)
Seat 6: 8a54d1e7 ($10.02 in chips)
8a54d1e7: posts small blind $0.05
76659a39: posts big blind $0.1
*** HOLE CARDS ***
Dealt to 76659a39 
Dealt to 27b5418b 
Dealt to Hero [4h Ts]
Dealt to e7f60446 
Dealt to 8a54d1e7 
27b5418b: calls $0.1
Hero: folds
e7f60446: folds
8a54d1e7: folds
76659a39: checks
*** FLOP *** [9c Ac 4c]
76659a39: checks
27b5418b: checks
*** TURN *** [9c Ac 4c] [6c]
76659a39: checks
27b5418b: checks
*** RIVER *** [9c Ac 4c 6c] [7c]
76659a39: checks
27b5418b: checks
76659a39: shows [7s Qd] (Ace High Flush)
27b5418b: shows [8d 9s] (Ace High Flush)
*** SHOWDOWN ***
76659a39 collected $0.13 from pot
27b5418b collected $0.12 from pot
*** SUMMARY ***
Total pot $0.25 | Rake $0 | Jackpot $0 | Bingo $0 | Fortune $0 | Tax $0
Board [9c Ac 4c 6c 7c]
Seat 2: 76659a39 (big blind) showed [7s Qd] and won ($0.13) with Ace High Flush
Seat 3: 27b5418b showed [8d 9s] and won ($0.12) with Ace High Flush
Seat 4: Hero folded before Flop (didn't bet)
Seat 5: e7f60446 (button) folded before Flop (didn't bet)
Seat 6: 8a54d1e7 (small blind) folded before Flop


Poker Hand #HD1761107882: Hold'em No Limit ($0.05/$0.1) - 2024/05/06 16:11:54
Table 'NLHRed80' 6-max Seat #4 is the button
Seat 1: bf772bf2 ($12.64 in chips)
Seat 2: 76659a39 ($10 in chips)
Seat 3: 27b5418b ($9.84 in chips)
Seat 4: Hero ($10 in chips)
Seat 5: e7f60446 ($16.21 in chips)
Seat 6: 8a54d1e7 ($9.79 in chips)
e7f60446: posts small blind $0.05
8a54d1e7: posts big blind $0.1
*** HOLE CARDS ***
Dealt to bf772bf2 
Dealt to 76659a39 
Dealt to 27b5418b 
Dealt to Hero [4h 2c]
Dealt to e7f60446 
Dealt to 8a54d1e7 
bf772bf2: folds
76659a39: folds
27b5418b: calls $0.1
Hero: folds
e7f60446: folds
8a54d1e7: checks
*** FLOP *** [3c Qh Ah]
8a54d1e7: checks
27b5418b: checks
*** TURN *** [3c Qh Ah] [6d]
8a54d1e7: checks
27b5418b: checks
*** RIVER *** [3c Qh Ah 6d] [Td]
8a54d1e7: bets $0.1
27b5418b: calls $0.1
8a54d1e7: shows [Ac 4c] (Pair of Aces)
27b5418b: shows [5d 3h] (Pair of Treys)
*** SHOWDOWN ***
8a54d1e7 collected $0.43 from pot
*** SUMMARY ***
Total pot $0.45 | Rake $0.02 | Jackpot $0 | Bingo $0 | Fortune $0 | Tax $0
Board [3c Qh Ah 6d Td]
Seat 1: bf772bf2 folded before Flop (didn't bet)
Seat 2: 76659a39 folded before Flop (didn't bet)
Seat 3: 27b5418b showed [5d 3h] and lost with Pair of Treys
Seat 4: Hero (button) folded before Flop (didn't bet)
Seat 5: e7f60446 (small blind) folded before Flop
Seat 6: 8a54d1e7 (big blind) showed [Ac 4c] and won ($0.43) with Pair of Aces


Poker Hand #HD1761107796: Hold'em No Limit ($0.05/$0.1) - 2024/05/06 16:11:22
Table 'NLHRed80' 6-max Seat #3 is the button
Seat 1: bf772bf2 ($12.64 in chips)
Seat 2: 76659a39 ($10 in chips)
Seat 3: 27b5418b ($10.08 in chips)
Seat 4: Hero ($10 in chips)
Seat 5: e7f60446 ($15.71 in chips)
Seat 6: 8a54d1e7 ($9.79 in chips)
Hero: posts small blind $0.05
e7f60446: posts big blind $0.1
*** HOLE CARDS ***
Dealt to bf772bf2 
Dealt to 76659a39 
Dealt to 27b5418b 
Dealt to Hero [Kh 3s]
Dealt to e7f60446 
Dealt to 8a54d1e7 
8a54d1e7: folds
bf772bf2: folds
76659a39: raises $0.14 to $0.24
27b5418b: calls $0.24
Hero: folds
e7f60446: raises $1.06 to $1.3
76659a39: folds
27b5418b: folds
Uncalled bet ($1.06) returned to e7f60446
*** SHOWDOWN ***
e7f60446 collected $0.74 from pot
*** SUMMARY ***
Total pot $0.77 | Rake $0.03 | Jackpot $0 | Bingo $0 | Fortune $0 | Tax $0
Seat 1: bf772bf2 folded before Flop (didn't bet)
Seat 2: 76659a39 folded before Flop
Seat 3: 27b5418b (button) folded before Flop
Seat 4: Hero (small blind) folded before Flop
Seat 5: e7f60446 (big blind) collected ($0.74)
Seat 6: 8a54d1e7 folded before Flop (didn't bet)


Poker Hand #HD1761107642: Hold'em No Limit ($0.05/$0.1) - 2024/05/06 16:10:17
Table 'NLHRed80' 6-max Seat #2 is the button
Seat 1: bf772bf2 ($13.27 in chips)
Seat 2: 76659a39 ($10 in chips)
Seat 3: 27b5418b ($9.27 in chips)
Seat 4: Hero ($10 in chips)
Seat 5: e7f60446 ($15.71 in chips)
Seat 6: 8a54d1e7 ($9.79 in chips)
27b5418b: posts small blind $0.05
Hero: posts big blind $0.1
*** HOLE CARDS ***
Dealt to bf772bf2 
Dealt to 76659a39 
Dealt to 27b5418b 
Dealt to Hero [2h Ah]
Dealt to e7f60446 
Dealt to 8a54d1e7 
e7f60446: folds
8a54d1e7: folds
bf772bf2: raises $0.15 to $0.25
76659a39: folds
27b5418b: calls $0.2
Hero: calls $0.15
*** FLOP *** [Qs 9h 4c]
27b5418b: checks
Hero: checks
bf772bf2: checks
*** TURN *** [Qs 9h 4c] [5d]
27b5418b: bets $0.38
Hero: folds
bf772bf2: calls $0.38
*** RIVER *** [Qs 9h 4c 5d] [8c]
27b5418b: bets $1.51
bf772bf2: folds
Uncalled bet ($1.51) returned to 27b5418b
*** SHOWDOWN ***
27b5418b collected $1.44 from pot
*** SUMMARY ***
Total pot $1.51 | Rake $0.07 | Jackpot $0 | Bingo $0 | Fortune $0 | Tax $0
Board [Qs 9h 4c 5d 8c]
Seat 1: bf772bf2 folded on the River
Seat 2: 76659a39 (button) folded before Flop (didn't bet)
Seat 3: 27b5418b (small blind) won ($1.44)
Seat 4: Hero (big blind) folded on the Turn
Seat 5: e7f60446 folded before Flop (didn't bet)
Seat 6: 8a54d1e7 folded before Flop (didn't bet)


