Poker Hand #HD1761226278: Hold'em No Limit ($0.05/$0.1) - 2024/05/06 17:37:30
Table 'NLHRed31' 6-max Seat #6 is the button
Seat 1: f7a23843 ($11.32 in chips)
Seat 2: Hero ($10 in chips)
Seat 3: c33bf4ef ($4.1 in chips)
Seat 4: 14b159a5 ($12.67 in chips)
Seat 5: a321ef0d ($8.17 in chips)
Seat 6: dd4d01b7 ($10 in chips)
f7a23843: posts small blind $0.05
Hero: posts big blind $0.1
*** HOLE CARDS ***
Dealt to f7a23843 
Dealt to Hero [8d Th]
Dealt to c33bf4ef 
Dealt to 14b159a5 
Dealt to a321ef0d 
Dealt to dd4d01b7 
c33bf4ef: raises $0.1 to $0.2
14b159a5: folds
a321ef0d: calls $0.2
dd4d01b7: folds
f7a23843: folds
Hero: folds
*** FLOP *** [Td 6s 4h]
c33bf4ef: bets $0.28
a321ef0d: calls $0.28
*** TURN *** [Td 6s 4h] [Tc]
c33bf4ef: bets $0.84
a321ef0d: folds
Uncalled bet ($0.84) returned to c33bf4ef
*** SHOWDOWN ***
c33bf4ef collected $1.06 from pot
*** SUMMARY ***
Total pot $1.11 | Rake $0.05 | Jackpot $0 | Bingo $0 | Fortune $0 | Tax $0
Board [Td 6s 4h Tc]
Seat 1: f7a23843 (small blind) folded before Flop
Seat 2: Hero (big blind) folded before Flop
Seat 3: c33bf4ef won ($1.06)
Seat 4: 14b159a5 folded before Flop (didn't bet)
Seat 5: a321ef0d folded on the Turn
Seat 6: dd4d01b7 (button) folded before Flop (didn't bet)


Poker Hand #HD1761225859: Hold'em No Limit ($0.05/$0.1) - 2024/05/06 17:34:34
Table 'NLHRed31' 6-max Seat #6 is the button
Seat 1: f7a23843 ($10.27 in chips)
Seat 2: Hero ($10 in chips)
Seat 3: c33bf4ef ($4.7 in chips)
Seat 4: 14b159a5 ($11.65 in chips)
Seat 5: a321ef0d ($9.94 in chips)
Seat 6: dd4d01b7 ($10 in chips)
f7a23843: posts small blind $0.05
Hero: posts big blind $0.1
*** HOLE CARDS ***
Dealt to f7a23843 
Dealt to Hero [9d 4h]
Dealt to c33bf4ef 
Dealt to 14b159a5 
Dealt to a321ef0d 
Dealt to dd4d01b7 
c33bf4ef: raises $0.1 to $0.2
14b159a5: calls $0.2
a321ef0d: folds
dd4d01b7: folds
f7a23843: calls $0.15
Hero: folds
*** FLOP *** [7c Ad Ac]
f7a23843: checks
c33bf4ef: bets $0.35
14b159a5: raises $0.7 to $1.05
f7a23843: folds
c33bf4ef: folds
Uncalled bet ($0.7) returned to 14b159a5
*** SHOWDOWN ***
14b159a5 collected $1.33 from pot
*** SUMMARY ***
Total pot $1.4 | Rake $0.07 | Jackpot $0 | Bingo $0 | Fortune $0 | Tax $0
Board [7c Ad Ac]
Seat 1: f7a23843 (small blind) folded on the Flop
Seat 2: Hero (big blind) folded before Flop
Seat 3: c33bf4ef folded on the Flop
Seat 4: 14b159a5 won ($1.33)
Seat 5: a321ef0d folded before Flop (didn't bet)
Seat 6: dd4d01b7 (button) folded before Flop (didn't bet)


Poker Hand #HD1761225783: Hold'em No Limit ($0.05/$0.1) - 2024/05/06 17:34:03
Table 'NLHRed31' 6-max Seat #5 is the button
Seat 1: f7a23843 ($10.37 in chips)
Seat 2: Hero ($10 in chips)
Seat 3: c33bf4ef ($4.9 in chips)
Seat 4: 14b159a5 ($11.32 in chips)
Seat 5: a321ef0d ($9.94 in chips)
Seat 6: dd4d01b7 ($10 in chips)
dd4d01b7: posts small blind $0.05
f7a23843: posts big blind $0.1
*** HOLE CARDS ***
Dealt to f7a23843 
Dealt to Hero [9s 7s]
Dealt to c33bf4ef 
Dealt to 14b159a5 
Dealt to a321ef0d 
Dealt to dd4d01b7 
Hero: folds
c33bf4ef: raises $0.1 to $0.2
14b159a5: raises $0.4 to $0.6
a321ef0d: folds
dd4d01b7: folds
f7a23843: folds
c33bf4ef: folds
Uncalled bet ($0.4) returned to 14b159a5
*** SHOWDOWN ***
14b159a5 collected $0.53 from pot
*** SUMMARY ***
Total pot $0.55 | Rake $0.02 | Jackpot $0 | Bingo $0 | Fortune $0 | Tax $0
Seat 1: f7a23843 (big blind) folded before Flop
Seat 2: Hero folded before Flop (didn't bet)
Seat 3: c33bf4ef folded before Flop
Seat 4: 14b159a5 collected ($0.53)
Seat 5: a321ef0d (button) folded before Flop (didn't bet)
Seat 6: dd4d01b7 (small blind) folded before Flop


Poker Hand #HD1761225727: Hold'em No Limit ($0.05/$0.1) - 2024/05/06 17:33:41
Table 'NLHRed31' 6-max Seat #4 is the button
Seat 1: f7a23843 ($10.37 in chips)
Seat 2: Hero ($10 in chips)
Seat 3: c33bf4ef ($5 in chips)
Seat 4: 14b159a5 ($11.32 in chips)
Seat 5: a321ef0d ($9.75 in chips)
Seat 6: dd4d01b7 ($10 in chips)
a321ef0d: posts small blind $0.05
dd4d01b7: posts big blind $0.1
c33bf4ef: posts big blind $0.1
*** HOLE CARDS ***
Dealt to f7a23843 
Dealt to Hero [7d Jh]
Dealt to c33bf4ef 
Dealt to 14b159a5 
Dealt to a321ef0d 
Dealt to dd4d01b7 
f7a23843: folds
Hero: folds
c33bf4ef: checks
14b159a5: folds
a321ef0d: raises $0.2 to $0.3
dd4d01b7: folds
c33bf4ef: folds
Uncalled bet ($0.2) returned to a321ef0d
*** SHOWDOWN ***
a321ef0d collected $0.29 from pot
*** SUMMARY ***
Total pot $0.3 | Rake $0.01 | Jackpot $0 | Bingo $0 | Fortune $0 | Tax $0
Seat 1: f7a23843 folded before Flop (didn't bet)
Seat 2: Hero folded before Flop (didn't bet)
Seat 3: c33bf4ef folded before Flop
Seat 4: 14b159a5 (button) folded before Flop (didn't bet)
Seat 5: a321ef0d (small blind) collected ($0.29)
Seat 6: dd4d01b7 (big blind) folded before Flop


Poker Hand #HD1761145620: Hold'em No Limit ($0.05/$0.1) - 2024/05/06 17:33:00
Table 'NLHRed31' 6-max Seat #2 is the button
Seat 1: f7a23843 ($9.55 in chips)
Seat 2: Hero ($10.01 in chips)
Seat 4: 14b159a5 ($11.37 in chips)
Seat 5: a321ef0d ($9.85 in chips)
14b159a5: posts small blind $0.05
a321ef0d: posts big blind $0.1
*** HOLE CARDS ***
Dealt to f7a23843 
Dealt to Hero [Qd Kc]
Dealt to 14b159a5 
Dealt to a321ef0d 
f7a23843: raises $0.1 to $0.2
Hero: raises $0.55 to $0.75
14b159a5: folds
a321ef0d: folds
f7a23843: calls $0.55
*** FLOP *** [2d Tc 5s]
f7a23843: bets $0.55
Hero: folds
Uncalled bet ($0.55) returned to f7a23843
*** SHOWDOWN ***
f7a23843 collected $1.57 from pot
*** SUMMARY ***
Total pot $1.65 | Rake $0.08 | Jackpot $0 | Bingo $0 | Fortune $0 | Tax $0
Board [2d Tc 5s]
Seat 1: f7a23843 won ($1.57)
Seat 2: Hero (button) folded on the Flop
Seat 4: 14b159a5 (small blind) folded before Flop
Seat 5: a321ef0d (big blind) folded before Flop


Poker Hand #HD1761145514: Hold'em No Limit ($0.05/$0.1) - 2024/05/06 17:32:10
Table 'NLHRed31' 6-max Seat #1 is the button
Seat 1: f7a23843 ($9.55 in chips)
Seat 2: Hero ($10.73 in chips)
Seat 4: 14b159a5 ($10.58 in chips)
Seat 5: a321ef0d ($10 in chips)
Hero: posts small blind $0.05
14b159a5: posts big blind $0.1
a321ef0d: posts big blind $0.1
a321ef0d: posts missed blind $0.05
*** HOLE CARDS ***
Dealt to f7a23843 
Dealt to Hero [3c Ac]
Dealt to 14b159a5 
Dealt to a321ef0d 
a321ef0d: checks
f7a23843: folds
Hero: raises $0.3 to $0.4
14b159a5: calls $0.3
a321ef0d: folds
*** FLOP *** [8c 3h Jd]
Hero: bets $0.32
14b159a5: raises $0.58 to $0.9
Hero: folds
Uncalled bet ($0.58) returned to 14b159a5
*** SHOWDOWN ***
14b159a5 collected $1.51 from pot
*** SUMMARY ***
Total pot $1.59 | Rake $0.08 | Jackpot $0 | Bingo $0 | Fortune $0 | Tax $0
Board [8c 3h Jd]
Seat 1: f7a23843 (button) folded before Flop (didn't bet)
Seat 2: Hero (small blind) folded on the Flop
Seat 4: 14b159a5 (big blind) won ($1.51)
Seat 5: a321ef0d folded before Flop


Poker Hand #HD1761145469: Hold'em No Limit ($0.05/$0.1) - 2024/05/06 17:31:49
Table 'NLHRed31' 6-max Seat #4 is the button
Seat 1: f7a23843 ($9.46 in chips)
Seat 2: Hero ($10.83 in chips)
Seat 4: 14b159a5 ($10.58 in chips)
f7a23843: posts small blind $0.05
Hero: posts big blind $0.1
*** HOLE CARDS ***
Dealt to f7a23843 
Dealt to Hero [Qh 9h]
Dealt to 14b159a5 
14b159a5: folds
f7a23843: calls $0.05
Hero: checks
*** FLOP *** [4d 2h 4c]
f7a23843: bets $0.15
Hero: folds
Uncalled bet ($0.15) returned to f7a23843
*** SHOWDOWN ***
f7a23843 collected $0.19 from pot
*** SUMMARY ***
Total pot $0.2 | Rake $0.01 | Jackpot $0 | Bingo $0 | Fortune $0 | Tax $0
Board [4d 2h 4c]
Seat 1: f7a23843 (small blind) won ($0.19)
Seat 2: Hero (big blind) folded on the Flop
Seat 4: 14b159a5 (button) folded before Flop (didn't bet)


Poker Hand #HD1761145418: Hold'em No Limit ($0.05/$0.1) - 2024/05/06 17:31:29
Table 'NLHRed31' 6-max Seat #2 is the button
Seat 1: f7a23843 ($9.56 in chips)
Seat 2: Hero ($10.83 in chips)
Seat 4: 14b159a5 ($10.49 in chips)
14b159a5: posts small blind $0.05
f7a23843: posts big blind $0.1
*** HOLE CARDS ***
Dealt to f7a23843 
Dealt to Hero [6s 9s]
Dealt to 14b159a5 
Hero: folds
14b159a5: calls $0.05
f7a23843: checks
*** FLOP *** [Ad 5c Ac]
14b159a5: bets $0.1
f7a23843: folds
Uncalled bet ($0.1) returned to 14b159a5
*** SHOWDOWN ***
14b159a5 collected $0.19 from pot
*** SUMMARY ***
Total pot $0.2 | Rake $0.01 | Jackpot $0 | Bingo $0 | Fortune $0 | Tax $0
Board [Ad 5c Ac]
Seat 1: f7a23843 (big blind) folded on the Flop
Seat 2: Hero (button) folded before Flop (didn't bet)
Seat 4: 14b159a5 (small blind) won ($0.19)


Poker Hand #HD1761145317: Hold'em No Limit ($0.05/$0.1) - 2024/05/06 17:30:51
Table 'NLHRed31' 6-max Seat #1 is the button
Seat 1: f7a23843 ($10.05 in chips)
Seat 2: Hero ($10.88 in chips)
Seat 4: 14b159a5 ($10 in chips)
Hero: posts small blind $0.05
14b159a5: posts big blind $0.1
*** HOLE CARDS ***
Dealt to f7a23843 
Dealt to Hero [2c Qs]
Dealt to 14b159a5 
f7a23843: raises $0.2 to $0.3
Hero: folds
14b159a5: calls $0.2
*** FLOP *** [8s Td 3d]
14b159a5: bets $0.19
f7a23843: calls $0.19
*** TURN *** [8s Td 3d] [4c]
14b159a5: bets $1.03
f7a23843: folds
Uncalled bet ($1.03) returned to 14b159a5
*** SHOWDOWN ***
14b159a5 collected $0.98 from pot
*** SUMMARY ***
Total pot $1.03 | Rake $0.05 | Jackpot $0 | Bingo $0 | Fortune $0 | Tax $0
Board [8s Td 3d 4c]
Seat 1: f7a23843 (button) folded on the Turn
Seat 2: Hero (small blind) folded before Flop
Seat 4: 14b159a5 (big blind) won ($0.98)


Poker Hand #HD1761145267: Hold'em No Limit ($0.05/$0.1) - 2024/05/06 17:30:25
Table 'NLHRed31' 6-max Seat #4 is the button
Seat 1: f7a23843 ($10 in chips)
Seat 2: Hero ($10.88 in chips)
Seat 3: 3ba88816 ($14.17 in chips)
Seat 4: 505cabf4 ($14.48 in chips)
Seat 6: c7a75bcd ($10.88 in chips)
c7a75bcd: posts small blind $0.05
f7a23843: posts big blind $0.1
*** HOLE CARDS ***
Dealt to f7a23843 
Dealt to Hero [7d 4s]
Dealt to 3ba88816 
Dealt to 505cabf4 
Dealt to c7a75bcd 
Hero: folds
3ba88816: folds
505cabf4: folds
c7a75bcd: folds
Uncalled bet ($0.05) returned to f7a23843
*** SHOWDOWN ***
f7a23843 collected $0.1 from pot
*** SUMMARY ***
Total pot $0.1 | Rake $0 | Jackpot $0 | Bingo $0 | Fortune $0 | Tax $0
Seat 1: f7a23843 (big blind) collected ($0.1)
Seat 2: Hero folded before Flop (didn't bet)
Seat 3: 3ba88816 folded before Flop (didn't bet)
Seat 4: 505cabf4 (button) folded before Flop (didn't bet)
Seat 6: c7a75bcd (small blind) folded before Flop


Poker Hand #HD1761145171: Hold'em No Limit ($0.05/$0.1) - 2024/05/06 17:29:50
Table 'NLHRed31' 6-max Seat #3 is the button
Seat 2: Hero ($10.88 in chips)
Seat 3: 3ba88816 ($15.17 in chips)
Seat 4: 505cabf4 ($13.48 in chips)
Seat 6: c7a75bcd ($10.98 in chips)
505cabf4: posts small blind $0.05
c7a75bcd: posts big blind $0.1
*** HOLE CARDS ***
Dealt to Hero [2h 4d]
Dealt to 3ba88816 
Dealt to 505cabf4 
Dealt to c7a75bcd 
Hero: folds
3ba88816: raises $0.15 to $0.25
505cabf4: raises $0.75 to $1
c7a75bcd: folds
3ba88816: calls $0.75
*** FLOP *** [Ah Kc 6s]
505cabf4: bets $0.53
3ba88816: folds
Uncalled bet ($0.53) returned to 505cabf4
*** SHOWDOWN ***
505cabf4 collected $2 from pot
*** SUMMARY ***
Total pot $2.1 | Rake $0.1 | Jackpot $0 | Bingo $0 | Fortune $0 | Tax $0
Board [Ah Kc 6s]
Seat 2: Hero folded before Flop (didn't bet)
Seat 3: 3ba88816 (button) folded on the Flop
Seat 4: 505cabf4 (small blind) won ($2)
Seat 6: c7a75bcd (big blind) folded before Flop


Poker Hand #HD1761145081: Hold'em No Limit ($0.05/$0.1) - 2024/05/06 17:29:10
Table 'NLHRed31' 6-max Seat #2 is the button
Seat 2: Hero ($10.88 in chips)
Seat 3: 3ba88816 ($15.42 in chips)
Seat 4: 505cabf4 ($13.25 in chips)
Seat 6: c7a75bcd ($10.98 in chips)
3ba88816: posts small blind $0.05
505cabf4: posts big blind $0.1
*** HOLE CARDS ***
Dealt to Hero [3s Jd]
Dealt to 3ba88816 
Dealt to 505cabf4 
Dealt to c7a75bcd 
c7a75bcd: folds
Hero: folds
3ba88816: raises $0.15 to $0.25
505cabf4: raises $0.65 to $0.9
3ba88816: folds
Uncalled bet ($0.65) returned to 505cabf4
*** SHOWDOWN ***
505cabf4 collected $0.48 from pot
*** SUMMARY ***
Total pot $0.5 | Rake $0.02 | Jackpot $0 | Bingo $0 | Fortune $0 | Tax $0
Seat 2: Hero (button) folded before Flop (didn't bet)
Seat 3: 3ba88816 (small blind) folded before Flop
Seat 4: 505cabf4 (big blind) collected ($0.48)
Seat 6: c7a75bcd folded before Flop (didn't bet)


Poker Hand #HD1761144955: Hold'em No Limit ($0.05/$0.1) - 2024/05/06 17:28:23
Table 'NLHRed31' 6-max Seat #6 is the button
Seat 2: Hero ($10.93 in chips)
Seat 3: 3ba88816 ($15.64 in chips)
Seat 4: 505cabf4 ($11.8 in chips)
Seat 5: a321ef0d ($1.32 in chips)
Seat 6: c7a75bcd ($10.98 in chips)
Hero: posts small blind $0.05
3ba88816: posts big blind $0.1
*** HOLE CARDS ***
Dealt to Hero [3h 5h]
Dealt to 3ba88816 
Dealt to 505cabf4 
Dealt to a321ef0d 
Dealt to c7a75bcd 
505cabf4: raises $0.12 to $0.22
a321ef0d: calls $0.22
c7a75bcd: folds
Hero: folds
3ba88816: calls $0.12
*** FLOP *** [9s 2h Jh]
3ba88816: checks
505cabf4: bets $0.18
a321ef0d: raises $0.92 to $1.1 and is all-in
3ba88816: folds
505cabf4: calls $0.92
a321ef0d: shows [8s 9d] (Pair of Nines)
505cabf4: shows [Kc Ks] (Pair of Kings)
*** TURN *** [9s 2h Jh] [7c]
*** RIVER *** [9s 2h Jh 7c] [Jd]
*** SHOWDOWN ***
505cabf4 collected $2.77 from pot
*** SUMMARY ***
Total pot $2.91 | Rake $0.14 | Jackpot $0 | Bingo $0 | Fortune $0 | Tax $0
Board [9s 2h Jh 7c Jd]
Seat 2: Hero (small blind) folded before Flop
Seat 3: 3ba88816 (big blind) folded on the Flop
Seat 4: 505cabf4 showed [Kc Ks] and won ($2.77) with Pair of Kings and Pair of Jacks
Seat 5: a321ef0d showed [8s 9d] and lost with Pair of Jacks and Pair of Nines
Seat 6: c7a75bcd (button) folded before Flop (didn't bet)


Poker Hand #HD1761144836: Hold'em No Limit ($0.05/$0.1) - 2024/05/06 17:27:36
Table 'NLHRed31' 6-max Seat #5 is the button
Seat 2: Hero ($11.03 in chips)
Seat 3: 3ba88816 ($15.64 in chips)
Seat 4: 505cabf4 ($12.42 in chips)
Seat 5: a321ef0d ($0.62 in chips)
Seat 6: c7a75bcd ($11.03 in chips)
c7a75bcd: posts small blind $0.05
Hero: posts big blind $0.1
*** HOLE CARDS ***
Dealt to Hero [6c Kd]
Dealt to 3ba88816 
Dealt to 505cabf4 
Dealt to a321ef0d 
Dealt to c7a75bcd 
3ba88816: folds
505cabf4: raises $0.1 to $0.2
a321ef0d: raises $0.42 to $0.62 and is all-in
c7a75bcd: folds
Hero: folds
505cabf4: calls $0.42
a321ef0d: shows [Ac 6h]
505cabf4: shows [5c Ah]
*** FLOP *** [Ts 3s 2c]
*** TURN *** [Ts 3s 2c] [Js]
*** RIVER *** [Ts 3s 2c Js] [8s]
*** SHOWDOWN ***
a321ef0d collected $1.32 from pot
*** SUMMARY ***
Total pot $1.39 | Rake $0.07 | Jackpot $0 | Bingo $0 | Fortune $0 | Tax $0
Board [Ts 3s 2c Js 8s]
Seat 2: Hero (big blind) folded before Flop
Seat 3: 3ba88816 folded before Flop (didn't bet)
Seat 4: 505cabf4 showed [5c Ah] and lost with Ace-High
Seat 5: a321ef0d (button) showed [Ac 6h] and won ($1.32) with Ace-High
Seat 6: c7a75bcd (small blind) folded before Flop


Poker Hand #HD1761144692: Hold'em No Limit ($0.05/$0.1) - 2024/05/06 17:26:33
Table 'NLHRed31' 6-max Seat #4 is the button
Seat 1: c89ec18d ($1.7 in chips)
Seat 2: Hero ($11.03 in chips)
Seat 3: 3ba88816 ($15.64 in chips)
Seat 4: 505cabf4 ($12.42 in chips)
Seat 5: a321ef0d ($5.62 in chips)
Seat 6: c7a75bcd ($5 in chips)
a321ef0d: posts small blind $0.05
c7a75bcd: posts big blind $0.1
*** HOLE CARDS ***
Dealt to c89ec18d 
Dealt to Hero [Tc 6c]
Dealt to 3ba88816 
Dealt to 505cabf4 
Dealt to a321ef0d 
Dealt to c7a75bcd 
c89ec18d: calls $0.1
Hero: folds
3ba88816: folds
505cabf4: folds
a321ef0d: calls $0.05
c7a75bcd: raises $0.3 to $0.4
c89ec18d: calls $0.3
a321ef0d: calls $0.3
*** FLOP *** [9d Jh Qd]
a321ef0d: bets $0.6
c7a75bcd: raises $0.8 to $1.4
c89ec18d: calls $1.3 and is all-in
a321ef0d: calls $0.8
*** TURN *** [9d Jh Qd] [4h]
a321ef0d: checks
c7a75bcd: bets $3.2 and is all-in
a321ef0d: calls $3.2
c7a75bcd: shows [Kd Ts] (Kings-High Straight)
c89ec18d: shows [Js 9c] (Pair of Jacks and Pair of Nines)
a321ef0d: shows [Qs 8c] (Pair of Queens)
*** RIVER *** [9d Jh Qd 4h] [5d]
*** SHOWDOWN ***
c7a75bcd collected $4.82 from pot
c7a75bcd collected $6.21 from pot
*** SUMMARY ***
Total pot $11.7 | Rake $0.57 | Jackpot $0.1 | Bingo $0 | Fortune $0 | Tax $0
Board [9d Jh Qd 4h 5d]
Seat 1: c89ec18d showed [Js 9c] and lost with Pair of Jacks and Pair of Nines
Seat 2: Hero folded before Flop (didn't bet)
Seat 3: 3ba88816 folded before Flop (didn't bet)
Seat 4: 505cabf4 (button) folded before Flop (didn't bet)
Seat 5: a321ef0d (small blind) showed [Qs 8c] and lost with Pair of Queens
Seat 6: c7a75bcd (big blind) showed [Kd Ts] and won ($11.03) with Kings-High Straight


Poker Hand #HD1761144559: Hold'em No Limit ($0.05/$0.1) - 2024/05/06 17:25:34
Table 'NLHRed31' 6-max Seat #3 is the button
Seat 1: c89ec18d ($1.8 in chips)
Seat 2: Hero ($11.03 in chips)
Seat 3: 3ba88816 ($15.64 in chips)
Seat 4: 505cabf4 ($12.02 in chips)
Seat 5: a321ef0d ($5.95 in chips)
505cabf4: posts small blind $0.05
a321ef0d: posts big blind $0.1
*** HOLE CARDS ***
Dealt to c89ec18d 
Dealt to Hero [3d 4d]
Dealt to 3ba88816 
Dealt to 505cabf4 
Dealt to a321ef0d 
c89ec18d: calls $0.1
Hero: folds
3ba88816: folds
505cabf4: calls $0.05
a321ef0d: checks
*** FLOP *** [Jd Ks 2s]
505cabf4: checks
a321ef0d: checks
c89ec18d: checks
*** TURN *** [Jd Ks 2s] [6d]
505cabf4: bets $0.23
a321ef0d: calls $0.23
c89ec18d: folds
*** RIVER *** [Jd Ks 2s 6d] [8s]
505cabf4: bets $0.57
a321ef0d: folds
Uncalled bet ($0.57) returned to 505cabf4
*** SHOWDOWN ***
505cabf4 collected $0.73 from pot
*** SUMMARY ***
Total pot $0.76 | Rake $0.03 | Jackpot $0 | Bingo $0 | Fortune $0 | Tax $0
Board [Jd Ks 2s 6d 8s]
Seat 1: c89ec18d folded on the Turn
Seat 2: Hero folded before Flop (didn't bet)
Seat 3: 3ba88816 (button) folded before Flop (didn't bet)
Seat 4: 505cabf4 (small blind) won ($0.73)
Seat 5: a321ef0d (big blind) folded on the River


Poker Hand #HD1761144520: Hold'em No Limit ($0.05/$0.1) - 2024/05/06 17:25:19
Table 'NLHRed31' 6-max Seat #2 is the button
Seat 1: c89ec18d ($1.8 in chips)
Seat 2: Hero ($11.03 in chips)
Seat 3: 3ba88816 ($15.69 in chips)
Seat 4: 505cabf4 ($12.12 in chips)
Seat 5: a321ef0d ($5.8 in chips)
3ba88816: posts small blind $0.05
505cabf4: posts big blind $0.1
*** HOLE CARDS ***
Dealt to c89ec18d 
Dealt to Hero [Js 9d]
Dealt to 3ba88816 
Dealt to 505cabf4 
Dealt to a321ef0d 
a321ef0d: raises $0.2 to $0.3
c89ec18d: folds
Hero: folds
3ba88816: folds
505cabf4: folds
Uncalled bet ($0.2) returned to a321ef0d
*** SHOWDOWN ***
a321ef0d collected $0.25 from pot
*** SUMMARY ***
Total pot $0.25 | Rake $0 | Jackpot $0 | Bingo $0 | Fortune $0 | Tax $0
Seat 1: c89ec18d folded before Flop (didn't bet)
Seat 2: Hero (button) folded before Flop (didn't bet)
Seat 3: 3ba88816 (small blind) folded before Flop
Seat 4: 505cabf4 (big blind) folded before Flop
Seat 5: a321ef0d collected ($0.25)


Poker Hand #HD1761144391: Hold'em No Limit ($0.05/$0.1) - 2024/05/06 17:24:24
Table 'NLHRed31' 6-max Seat #1 is the button
Seat 1: c89ec18d ($4.64 in chips)
Seat 2: Hero ($11.08 in chips)
Seat 3: 3ba88816 ($15.79 in chips)
Seat 4: 505cabf4 ($12.12 in chips)
Seat 5: a321ef0d ($2.84 in chips)
Seat 6: 8170f964 ($10 in chips)
Hero: posts small blind $0.05
3ba88816: posts big blind $0.1
*** HOLE CARDS ***
Dealt to c89ec18d 
Dealt to Hero [9d Ks]
Dealt to 3ba88816 
Dealt to 505cabf4 
Dealt to a321ef0d 
Dealt to 8170f964 
505cabf4: folds
a321ef0d: calls $0.1
8170f964: raises $0.27 to $0.37
c89ec18d: calls $0.37
Hero: folds
3ba88816: folds
a321ef0d: calls $0.27
*** FLOP *** [4d 5d 7s]
a321ef0d: bets $0.42
8170f964: folds
c89ec18d: calls $0.42
*** TURN *** [4d 5d 7s] [5c]
a321ef0d: bets $0.7
c89ec18d: calls $0.7
*** RIVER *** [4d 5d 7s 5c] [Th]
a321ef0d: bets $1.35 and is all-in
c89ec18d: calls $1.35
a321ef0d: shows [5s Ah] (Three Fives)
c89ec18d: shows [Qh Qd] (Pair of Queens and Pair of Fives)
*** SHOWDOWN ***
a321ef0d collected $5.8 from pot
*** SUMMARY ***
Total pot $6.2 | Rake $0.3 | Jackpot $0.1 | Bingo $0 | Fortune $0 | Tax $0
Board [4d 5d 7s 5c Th]
Seat 1: c89ec18d (button) showed [Qh Qd] and lost with Pair of Queens and Pair of Fives
Seat 2: Hero (small blind) folded before Flop
Seat 3: 3ba88816 (big blind) folded before Flop
Seat 4: 505cabf4 folded before Flop (didn't bet)
Seat 5: a321ef0d showed [5s Ah] and won ($5.8) with Three Fives
Seat 6: 8170f964 folded on the Flop


Poker Hand #HD1761144332: Hold'em No Limit ($0.05/$0.1) - 2024/05/06 17:24:03
Table 'NLHRed31' 6-max Seat #6 is the button
Seat 1: c89ec18d ($4.54 in chips)
Seat 2: Hero ($11.18 in chips)
Seat 3: 3ba88816 ($15.79 in chips)
Seat 4: 505cabf4 ($12.12 in chips)
Seat 5: a321ef0d ($2.84 in chips)
Seat 6: 8170f964 ($10 in chips)
c89ec18d: posts small blind $0.05
Hero: posts big blind $0.1
*** HOLE CARDS ***
Dealt to c89ec18d 
Dealt to Hero [2d 5d]
Dealt to 3ba88816 
Dealt to 505cabf4 
Dealt to a321ef0d 
Dealt to 8170f964 
3ba88816: folds
505cabf4: folds
a321ef0d: folds
8170f964: folds
c89ec18d: raises $0.1 to $0.2
Hero: folds
Uncalled bet ($0.1) returned to c89ec18d
*** SHOWDOWN ***
c89ec18d collected $0.2 from pot
*** SUMMARY ***
Total pot $0.2 | Rake $0 | Jackpot $0 | Bingo $0 | Fortune $0 | Tax $0
Seat 1: c89ec18d (small blind) collected ($0.2)
Seat 2: Hero (big blind) folded before Flop
Seat 3: 3ba88816 folded before Flop (didn't bet)
Seat 4: 505cabf4 folded before Flop (didn't bet)
Seat 5: a321ef0d folded before Flop (didn't bet)
Seat 6: 8170f964 (button) folded before Flop (didn't bet)


Poker Hand #HD1761144198: Hold'em No Limit ($0.05/$0.1) - 2024/05/06 17:23:08
Table 'NLHRed31' 6-max Seat #5 is the button
Seat 1: c89ec18d ($5.14 in chips)
Seat 2: Hero ($11.18 in chips)
Seat 3: 3ba88816 ($15.79 in chips)
Seat 4: 505cabf4 ($11.53 in chips)
Seat 5: a321ef0d ($2.84 in chips)
Seat 6: 8170f964 ($9.05 in chips)
8170f964: posts small blind $0.05
c89ec18d: posts big blind $0.1
*** HOLE CARDS ***
Dealt to c89ec18d 
Dealt to Hero [7h Kh]
Dealt to 3ba88816 
Dealt to 505cabf4 
Dealt to a321ef0d 
Dealt to 8170f964 
Hero: folds
3ba88816: folds
505cabf4: raises $0.1 to $0.2
a321ef0d: folds
8170f964: folds
c89ec18d: calls $0.1
*** FLOP *** [Ac 8h Td]
c89ec18d: bets $0.15
505cabf4: calls $0.15
*** TURN *** [Ac 8h Td] [4c]
c89ec18d: bets $0.25
505cabf4: calls $0.25
*** RIVER *** [Ac 8h Td 4c] [4d]
c89ec18d: checks
505cabf4: bets $0.32
c89ec18d: folds
Uncalled bet ($0.32) returned to 505cabf4
*** SHOWDOWN ***
505cabf4 collected $1.19 from pot
*** SUMMARY ***
Total pot $1.25 | Rake $0.06 | Jackpot $0 | Bingo $0 | Fortune $0 | Tax $0
Board [Ac 8h Td 4c 4d]
Seat 1: c89ec18d (big blind) folded on the River
Seat 2: Hero folded before Flop (didn't bet)
Seat 3: 3ba88816 folded before Flop (didn't bet)
Seat 4: 505cabf4 won ($1.19)
Seat 5: a321ef0d (button) folded before Flop (didn't bet)
Seat 6: 8170f964 (small blind) folded before Flop


Poker Hand #HD1761144163: Hold'em No Limit ($0.05/$0.1) - 2024/05/06 17:22:52
Table 'NLHRed31' 6-max Seat #4 is the button
Seat 1: c89ec18d ($5 in chips)
Seat 2: Hero ($11.18 in chips)
Seat 3: 3ba88816 ($15.79 in chips)
Seat 4: 505cabf4 ($11.53 in chips)
Seat 5: a321ef0d ($2.89 in chips)
Seat 6: 8170f964 ($9.15 in chips)
a321ef0d: posts small blind $0.05
8170f964: posts big blind $0.1
c89ec18d: posts big blind $0.1
*** HOLE CARDS ***
Dealt to c89ec18d 
Dealt to Hero [Qc 3d]
Dealt to 3ba88816 
Dealt to 505cabf4 
Dealt to a321ef0d 
Dealt to 8170f964 
c89ec18d: checks
Hero: folds
3ba88816: folds
505cabf4: folds
a321ef0d: folds
8170f964: checks
*** FLOP *** [3h Td Jc]
8170f964: checks
c89ec18d: bets $0.13
8170f964: folds
Uncalled bet ($0.13) returned to c89ec18d
*** SHOWDOWN ***
c89ec18d collected $0.24 from pot
*** SUMMARY ***
Total pot $0.25 | Rake $0.01 | Jackpot $0 | Bingo $0 | Fortune $0 | Tax $0
Board [3h Td Jc]
Seat 1: c89ec18d won ($0.24)
Seat 2: Hero folded before Flop (didn't bet)
Seat 3: 3ba88816 folded before Flop (didn't bet)
Seat 4: 505cabf4 (button) folded before Flop (didn't bet)
Seat 5: a321ef0d (small blind) folded before Flop
Seat 6: 8170f964 (big blind) folded on the Flop


Poker Hand #HD1761144137: Hold'em No Limit ($0.05/$0.1) - 2024/05/06 17:22:41
Table 'NLHRed31' 6-max Seat #3 is the button
Seat 2: Hero ($11.18 in chips)
Seat 3: 3ba88816 ($15.64 in chips)
Seat 4: 505cabf4 ($11.58 in chips)
Seat 5: a321ef0d ($2.99 in chips)
Seat 6: 8170f964 ($9.15 in chips)
505cabf4: posts small blind $0.05
a321ef0d: posts big blind $0.1
*** HOLE CARDS ***
Dealt to Hero [Ts 4h]
Dealt to 3ba88816 
Dealt to 505cabf4 
Dealt to a321ef0d 
Dealt to 8170f964 
8170f964: folds
Hero: folds
3ba88816: raises $0.15 to $0.25
505cabf4: folds
a321ef0d: folds
Uncalled bet ($0.15) returned to 3ba88816
*** SHOWDOWN ***
3ba88816 collected $0.25 from pot
*** SUMMARY ***
Total pot $0.25 | Rake $0 | Jackpot $0 | Bingo $0 | Fortune $0 | Tax $0
Seat 2: Hero folded before Flop (didn't bet)
Seat 3: 3ba88816 (button) collected ($0.25)
Seat 4: 505cabf4 (small blind) folded before Flop
Seat 5: a321ef0d (big blind) folded before Flop
Seat 6: 8170f964 folded before Flop (didn't bet)


Poker Hand #HD1761144061: Hold'em No Limit ($0.05/$0.1) - 2024/05/06 17:22:06
Table 'NLHRed31' 6-max Seat #2 is the button
Seat 2: Hero ($11.18 in chips)
Seat 3: 3ba88816 ($15.69 in chips)
Seat 4: 505cabf4 ($11.35 in chips)
Seat 5: a321ef0d ($2.99 in chips)
Seat 6: 8170f964 ($9.35 in chips)
3ba88816: posts small blind $0.05
505cabf4: posts big blind $0.1
*** HOLE CARDS ***
Dealt to Hero [4c 4s]
Dealt to 3ba88816 
Dealt to 505cabf4 
Dealt to a321ef0d 
Dealt to 8170f964 
a321ef0d: folds
8170f964: raises $0.1 to $0.2
Hero: folds
3ba88816: folds
505cabf4: calls $0.1
*** FLOP *** [7s Td 9c]
505cabf4: checks
8170f964: checks
*** TURN *** [7s Td 9c] [8c]
505cabf4: bets $0.15
8170f964: folds
Uncalled bet ($0.15) returned to 505cabf4
*** SHOWDOWN ***
505cabf4 collected $0.43 from pot
*** SUMMARY ***
Total pot $0.45 | Rake $0.02 | Jackpot $0 | Bingo $0 | Fortune $0 | Tax $0
Board [7s Td 9c 8c]
Seat 2: Hero (button) folded before Flop (didn't bet)
Seat 3: 3ba88816 (small blind) folded before Flop
Seat 4: 505cabf4 (big blind) won ($0.43)
Seat 5: a321ef0d folded before Flop (didn't bet)
Seat 6: 8170f964 folded on the Turn


Poker Hand #HD1761143999: Hold'em No Limit ($0.05/$0.1) - 2024/05/06 17:21:42
Table 'NLHRed31' 6-max Seat #6 is the button
Seat 2: Hero ($11.23 in chips)
Seat 3: 3ba88816 ($15.79 in chips)
Seat 4: 505cabf4 ($11.35 in chips)
Seat 5: a321ef0d ($2.85 in chips)
Seat 6: 8170f964 ($9.35 in chips)
Hero: posts small blind $0.05
3ba88816: posts big blind $0.1
*** HOLE CARDS ***
Dealt to Hero [Kh 5d]
Dealt to 3ba88816 
Dealt to 505cabf4 
Dealt to a321ef0d 
Dealt to 8170f964 
505cabf4: folds
a321ef0d: calls $0.1
8170f964: folds
Hero: folds
3ba88816: checks
*** FLOP *** [7h 4d 6c]
3ba88816: checks
a321ef0d: bets $0.19
3ba88816: folds
Uncalled bet ($0.19) returned to a321ef0d
*** SHOWDOWN ***
a321ef0d collected $0.24 from pot
*** SUMMARY ***
Total pot $0.25 | Rake $0.01 | Jackpot $0 | Bingo $0 | Fortune $0 | Tax $0
Board [7h 4d 6c]
Seat 2: Hero (small blind) folded before Flop
Seat 3: 3ba88816 (big blind) folded on the Flop
Seat 4: 505cabf4 folded before Flop (didn't bet)
Seat 5: a321ef0d won ($0.24)
Seat 6: 8170f964 (button) folded before Flop (didn't bet)


Poker Hand #HD1761143972: Hold'em No Limit ($0.05/$0.1) - 2024/05/06 17:21:31
Table 'NLHRed31' 6-max Seat #5 is the button
Seat 2: Hero ($11.33 in chips)
Seat 3: 3ba88816 ($15.79 in chips)
Seat 4: 505cabf4 ($11.2 in chips)
Seat 5: a321ef0d ($2.85 in chips)
Seat 6: 8170f964 ($9.4 in chips)
8170f964: posts small blind $0.05
Hero: posts big blind $0.1
*** HOLE CARDS ***
Dealt to Hero [5c Ts]
Dealt to 3ba88816 
Dealt to 505cabf4 
Dealt to a321ef0d 
Dealt to 8170f964 
3ba88816: folds
505cabf4: raises $0.12 to $0.22
a321ef0d: folds
8170f964: folds
Hero: folds
Uncalled bet ($0.12) returned to 505cabf4
*** SHOWDOWN ***
505cabf4 collected $0.25 from pot
*** SUMMARY ***
Total pot $0.25 | Rake $0 | Jackpot $0 | Bingo $0 | Fortune $0 | Tax $0
Seat 2: Hero (big blind) folded before Flop
Seat 3: 3ba88816 folded before Flop (didn't bet)
Seat 4: 505cabf4 collected ($0.25)
Seat 5: a321ef0d (button) folded before Flop (didn't bet)
Seat 6: 8170f964 (small blind) folded before Flop


Poker Hand #HD1761143872: Hold'em No Limit ($0.05/$0.1) - 2024/05/06 17:20:52
Table 'NLHRed31' 6-max Seat #4 is the button
Seat 1: 60899394 ($10 in chips)
Seat 2: Hero ($11.33 in chips)
Seat 3: 3ba88816 ($15.79 in chips)
Seat 4: 505cabf4 ($11.2 in chips)
Seat 5: a321ef0d ($2.31 in chips)
Seat 6: 8170f964 ($10 in chips)
a321ef0d: posts small blind $0.05
8170f964: posts big blind $0.1
*** HOLE CARDS ***
Dealt to 60899394 
Dealt to Hero [3c 2d]
Dealt to 3ba88816 
Dealt to 505cabf4 
Dealt to a321ef0d 
Dealt to 8170f964 
60899394: folds
Hero: folds
3ba88816: folds
505cabf4: folds
a321ef0d: raises $0.2 to $0.3
8170f964: calls $0.2
*** FLOP *** [Qh Qc 3s]
a321ef0d: checks
8170f964: checks
*** TURN *** [Qh Qc 3s] [Ad]
a321ef0d: checks
8170f964: bets $0.3
a321ef0d: calls $0.3
*** RIVER *** [Qh Qc 3s Ad] [5s]
a321ef0d: checks
8170f964: checks
a321ef0d: shows [Js Ts] (Pair of Queens)
8170f964: shows [8s Jd] (Pair of Queens)
*** SHOWDOWN ***
a321ef0d collected $1.14 from pot
*** SUMMARY ***
Total pot $1.2 | Rake $0.06 | Jackpot $0 | Bingo $0 | Fortune $0 | Tax $0
Board [Qh Qc 3s Ad 5s]
Seat 1: 60899394 folded before Flop (didn't bet)
Seat 2: Hero folded before Flop (didn't bet)
Seat 3: 3ba88816 folded before Flop (didn't bet)
Seat 4: 505cabf4 (button) folded before Flop (didn't bet)
Seat 5: a321ef0d (small blind) showed [Js Ts] and won ($1.14) with Pair of Queens
Seat 6: 8170f964 (big blind) showed [8s Jd] and lost with Pair of Queens


Poker Hand #HD1761143779: Hold'em No Limit ($0.05/$0.1) - 2024/05/06 17:20:12
Table 'NLHRed31' 6-max Seat #3 is the button
Seat 1: 60899394 ($10 in chips)
Seat 2: Hero ($10.32 in chips)
Seat 3: 3ba88816 ($15.79 in chips)
Seat 4: 505cabf4 ($11.25 in chips)
Seat 5: a321ef0d ($3.11 in chips)
505cabf4: posts small blind $0.05
a321ef0d: posts big blind $0.1
*** HOLE CARDS ***
Dealt to 60899394 
Dealt to Hero [Kh Qh]
Dealt to 3ba88816 
Dealt to 505cabf4 
Dealt to a321ef0d 
60899394: raises $0.15 to $0.25
Hero: raises $0.55 to $0.8
3ba88816: folds
505cabf4: folds
a321ef0d: calls $0.7
60899394: folds
*** FLOP *** [2s Ts Jd]
a321ef0d: checks
Hero: bets $9.52 and is all-in
a321ef0d: folds
Uncalled bet ($9.52) returned to Hero
*** SHOWDOWN ***
Hero collected $1.81 from pot
*** SUMMARY ***
Total pot $1.9 | Rake $0.09 | Jackpot $0 | Bingo $0 | Fortune $0 | Tax $0
Board [2s Ts Jd]
Seat 1: 60899394 folded before Flop
Seat 2: Hero won ($1.81)
Seat 3: 3ba88816 (button) folded before Flop (didn't bet)
Seat 4: 505cabf4 (small blind) folded before Flop
Seat 5: a321ef0d (big blind) folded on the Flop


Poker Hand #HD1761143685: Hold'em No Limit ($0.05/$0.1) - 2024/05/06 17:19:30
Table 'NLHRed31' 6-max Seat #2 is the button
Seat 1: 60899394 ($10 in chips)
Seat 2: Hero ($10.32 in chips)
Seat 3: 3ba88816 ($15.47 in chips)
Seat 4: 505cabf4 ($11.35 in chips)
Seat 5: a321ef0d ($3.11 in chips)
3ba88816: posts small blind $0.05
505cabf4: posts big blind $0.1
*** HOLE CARDS ***
Dealt to 60899394 
Dealt to Hero [3s Jd]
Dealt to 3ba88816 
Dealt to 505cabf4 
Dealt to a321ef0d 
a321ef0d: folds
60899394: raises $0.15 to $0.25
Hero: folds
3ba88816: raises $0.75 to $1
505cabf4: folds
60899394: folds
Uncalled bet ($0.75) returned to 3ba88816
*** SHOWDOWN ***
3ba88816 collected $0.57 from pot
*** SUMMARY ***
Total pot $0.6 | Rake $0.03 | Jackpot $0 | Bingo $0 | Fortune $0 | Tax $0
Seat 1: 60899394 folded before Flop
Seat 2: Hero (button) folded before Flop (didn't bet)
Seat 3: 3ba88816 (small blind) collected ($0.57)
Seat 4: 505cabf4 (big blind) folded before Flop
Seat 5: a321ef0d folded before Flop (didn't bet)


Poker Hand #HD1761143611: Hold'em No Limit ($0.05/$0.1) - 2024/05/06 17:18:56
Table 'NLHRed31' 6-max Seat #1 is the button
Seat 1: 60899394 ($10 in chips)
Seat 2: Hero ($10 in chips)
Seat 3: 3ba88816 ($15.57 in chips)
Seat 4: 505cabf4 ($11.35 in chips)
Seat 5: a321ef0d ($3.11 in chips)
Hero: posts small blind $0.05
3ba88816: posts big blind $0.1
*** HOLE CARDS ***
Dealt to 60899394 
Dealt to Hero [8c 8s]
Dealt to 3ba88816 
Dealt to 505cabf4 
Dealt to a321ef0d 
505cabf4: folds
a321ef0d: folds
60899394: raises $0.15 to $0.25
Hero: raises $0.85 to $1.1
3ba88816: folds
60899394: folds
Uncalled bet ($0.85) returned to Hero
*** SHOWDOWN ***
Hero collected $0.57 from pot
*** SUMMARY ***
Total pot $0.6 | Rake $0.03 | Jackpot $0 | Bingo $0 | Fortune $0 | Tax $0
Seat 1: 60899394 (button) folded before Flop
Seat 2: Hero (small blind) collected ($0.57)
Seat 3: 3ba88816 (big blind) folded before Flop
Seat 4: 505cabf4 folded before Flop (didn't bet)
Seat 5: a321ef0d folded before Flop (didn't bet)


Poker Hand #HD1761143559: Hold'em No Limit ($0.05/$0.1) - 2024/05/06 17:18:38
Table 'NLHRed31' 6-max Seat #5 is the button
Seat 1: 60899394 ($10.05 in chips)
Seat 2: Hero ($10.1 in chips)
Seat 3: 3ba88816 ($15.57 in chips)
Seat 4: 505cabf4 ($11.35 in chips)
Seat 5: a321ef0d ($2.96 in chips)
60899394: posts small blind $0.05
Hero: posts big blind $0.1
*** HOLE CARDS ***
Dealt to 60899394 
Dealt to Hero [3d Jh]
Dealt to 3ba88816 
Dealt to 505cabf4 
Dealt to a321ef0d 
3ba88816: folds
505cabf4: folds
a321ef0d: raises $0.1 to $0.2
60899394: folds
Hero: folds
Uncalled bet ($0.1) returned to a321ef0d
*** SHOWDOWN ***
a321ef0d collected $0.25 from pot
*** SUMMARY ***
Total pot $0.25 | Rake $0 | Jackpot $0 | Bingo $0 | Fortune $0 | Tax $0
Seat 1: 60899394 (small blind) folded before Flop
Seat 2: Hero (big blind) folded before Flop
Seat 3: 3ba88816 folded before Flop (didn't bet)
Seat 4: 505cabf4 folded before Flop (didn't bet)
Seat 5: a321ef0d (button) collected ($0.25)


Poker Hand #HD1761143516: Hold'em No Limit ($0.05/$0.1) - 2024/05/06 17:18:24
Table 'NLHRed31' 6-max Seat #4 is the button
Seat 1: 60899394 ($10.15 in chips)
Seat 2: Hero ($10.1 in chips)
Seat 3: 3ba88816 ($15.42 in chips)
Seat 4: 505cabf4 ($11.35 in chips)
Seat 5: a321ef0d ($3.01 in chips)
a321ef0d: posts small blind $0.05
60899394: posts big blind $0.1
*** HOLE CARDS ***
Dealt to 60899394 
Dealt to Hero [7c Th]
Dealt to 3ba88816 
Dealt to 505cabf4 
Dealt to a321ef0d 
Hero: folds
3ba88816: raises $0.15 to $0.25
505cabf4: folds
a321ef0d: folds
60899394: folds
Uncalled bet ($0.15) returned to 3ba88816
*** SHOWDOWN ***
3ba88816 collected $0.25 from pot
*** SUMMARY ***
Total pot $0.25 | Rake $0 | Jackpot $0 | Bingo $0 | Fortune $0 | Tax $0
Seat 1: 60899394 (big blind) folded before Flop
Seat 2: Hero folded before Flop (didn't bet)
Seat 3: 3ba88816 collected ($0.25)
Seat 4: 505cabf4 (button) folded before Flop (didn't bet)
Seat 5: a321ef0d (small blind) folded before Flop


Poker Hand #HD1761143487: Hold'em No Limit ($0.05/$0.1) - 2024/05/06 17:18:11
Table 'NLHRed31' 6-max Seat #3 is the button
Seat 1: 60899394 ($10 in chips)
Seat 2: Hero ($10.1 in chips)
Seat 3: 3ba88816 ($15.42 in chips)
Seat 4: 505cabf4 ($11.4 in chips)
Seat 5: a321ef0d ($3.11 in chips)
Seat 6: 3152c9d9 ($19.49 in chips)
505cabf4: posts small blind $0.05
a321ef0d: posts big blind $0.1
*** HOLE CARDS ***
Dealt to 60899394 
Dealt to Hero [Th Ad]
Dealt to 3ba88816 
Dealt to 505cabf4 
Dealt to a321ef0d 
Dealt to 3152c9d9 
3152c9d9: folds
60899394: raises $0.15 to $0.25
Hero: folds
3ba88816: folds
505cabf4: folds
a321ef0d: folds
Uncalled bet ($0.15) returned to 60899394
*** SHOWDOWN ***
60899394 collected $0.25 from pot
*** SUMMARY ***
Total pot $0.25 | Rake $0 | Jackpot $0 | Bingo $0 | Fortune $0 | Tax $0
Seat 1: 60899394 collected ($0.25)
Seat 2: Hero folded before Flop (didn't bet)
Seat 3: 3ba88816 (button) folded before Flop (didn't bet)
Seat 4: 505cabf4 (small blind) folded before Flop
Seat 5: a321ef0d (big blind) folded before Flop
Seat 6: 3152c9d9 folded before Flop (didn't bet)


Poker Hand #HD1761143312: Hold'em No Limit ($0.05/$0.1) - 2024/05/06 17:16:55
Table 'NLHRed31' 6-max Seat #2 is the button
Seat 1: 60899394 ($10 in chips)
Seat 2: Hero ($10.1 in chips)
Seat 3: 3ba88816 ($17.08 in chips)
Seat 4: 505cabf4 ($10 in chips)
Seat 5: a321ef0d ($3.11 in chips)
Seat 6: 3152c9d9 ($19.49 in chips)
3ba88816: posts small blind $0.05
505cabf4: posts big blind $0.1
*** HOLE CARDS ***
Dealt to 60899394 
Dealt to Hero [5c 9h]
Dealt to 3ba88816 
Dealt to 505cabf4 
Dealt to a321ef0d 
Dealt to 3152c9d9 
a321ef0d: folds
3152c9d9: folds
60899394: folds
Hero: folds
3ba88816: raises $0.15 to $0.25
505cabf4: raises $0.75 to $1
3ba88816: calls $0.75
*** FLOP *** [4d 3h Kd]
3ba88816: checks
505cabf4: bets $0.66
3ba88816: calls $0.66
*** TURN *** [4d 3h Kd] [4c]
3ba88816: checks
505cabf4: bets $2
3ba88816: folds
Uncalled bet ($2) returned to 505cabf4
*** SHOWDOWN ***
505cabf4 collected $3.06 from pot
*** SUMMARY ***
Total pot $3.32 | Rake $0.16 | Jackpot $0.1 | Bingo $0 | Fortune $0 | Tax $0
Board [4d 3h Kd 4c]
Seat 1: 60899394 folded before Flop (didn't bet)
Seat 2: Hero (button) folded before Flop (didn't bet)
Seat 3: 3ba88816 (small blind) folded on the Turn
Seat 4: 505cabf4 (big blind) won ($3.06)
Seat 5: a321ef0d folded before Flop (didn't bet)
Seat 6: 3152c9d9 folded before Flop (didn't bet)


Poker Hand #HD1761143145: Hold'em No Limit ($0.05/$0.1) - 2024/05/06 17:15:45
Table 'NLHRed31' 6-max Seat #1 is the button
Seat 1: 60899394 ($10 in chips)
Seat 2: Hero ($10.15 in chips)
Seat 3: 3ba88816 ($17.18 in chips)
Seat 5: a321ef0d ($13.33 in chips)
Seat 6: 3152c9d9 ($10.22 in chips)
Hero: posts small blind $0.05
3ba88816: posts big blind $0.1
*** HOLE CARDS ***
Dealt to 60899394 
Dealt to Hero [2d Ts]
Dealt to 3ba88816 
Dealt to a321ef0d 
Dealt to 3152c9d9 
a321ef0d: calls $0.1
3152c9d9: raises $0.3 to $0.4
60899394: folds
Hero: folds
3ba88816: folds
a321ef0d: calls $0.3
*** FLOP *** [9d Jd Kc]
a321ef0d: checks
3152c9d9: bets $0.63
a321ef0d: calls $0.63
*** TURN *** [9d Jd Kc] [6s]
a321ef0d: checks
3152c9d9: bets $2.88
a321ef0d: calls $2.88
*** RIVER *** [9d Jd Kc 6s] [2h]
a321ef0d: checks
3152c9d9: bets $6.31 and is all-in
a321ef0d: calls $6.31
3152c9d9: shows [Ks Jh] (Pair of Kings and Pair of Jacks)
a321ef0d: shows [Kh 3h] (Pair of Kings)
*** SHOWDOWN ***
3152c9d9 collected $19.49 from pot
*** SUMMARY ***
Total pot $20.59 | Rake $1 | Jackpot $0.1 | Bingo $0 | Fortune $0 | Tax $0
Board [9d Jd Kc 6s 2h]
Seat 1: 60899394 (button) folded before Flop (didn't bet)
Seat 2: Hero (small blind) folded before Flop
Seat 3: 3ba88816 (big blind) folded before Flop
Seat 5: a321ef0d showed [Kh 3h] and lost with Pair of Kings
Seat 6: 3152c9d9 showed [Ks Jh] and won ($19.49) with Pair of Kings and Pair of Jacks


Poker Hand #HD1761143049: Hold'em No Limit ($0.05/$0.1) - 2024/05/06 17:15:03
Table 'NLHRed31' 6-max Seat #6 is the button
Seat 1: 60899394 ($10 in chips)
Seat 2: Hero ($10.25 in chips)
Seat 3: 3ba88816 ($17.18 in chips)
Seat 5: a321ef0d ($10.81 in chips)
Seat 6: 3152c9d9 ($10.22 in chips)
60899394: posts small blind $0.05
Hero: posts big blind $0.1
*** HOLE CARDS ***
Dealt to 60899394 
Dealt to Hero [4d 2s]
Dealt to 3ba88816 
Dealt to a321ef0d 
Dealt to 3152c9d9 
3ba88816: folds
a321ef0d: raises $0.1 to $0.2
3152c9d9: folds
60899394: raises $0.78 to $0.98
Hero: folds
a321ef0d: calls $0.78
*** FLOP *** [Jh 7s Kd]
60899394: bets $0.68
a321ef0d: calls $0.68
*** TURN *** [Jh 7s Kd] [9d]
60899394: checks
a321ef0d: bets $1.13
60899394: calls $1.13
*** RIVER *** [Jh 7s Kd 9d] [5s]
60899394: checks
a321ef0d: bets $1.88
60899394: folds
Uncalled bet ($1.88) returned to a321ef0d
*** SHOWDOWN ***
a321ef0d collected $5.31 from pot
*** SUMMARY ***
Total pot $5.68 | Rake $0.27 | Jackpot $0.1 | Bingo $0 | Fortune $0 | Tax $0
Board [Jh 7s Kd 9d 5s]
Seat 1: 60899394 (small blind) folded on the River
Seat 2: Hero (big blind) folded before Flop
Seat 3: 3ba88816 folded before Flop (didn't bet)
Seat 5: a321ef0d won ($5.31)
Seat 6: 3152c9d9 (button) folded before Flop (didn't bet)


Poker Hand #HD1761142555: Hold'em No Limit ($0.05/$0.1) - 2024/05/06 17:11:33
Table 'NLHRed31' 6-max Seat #2 is the button
Seat 1: 3ec37ecb ($10.8 in chips)
Seat 2: Hero ($10.49 in chips)
Seat 4: d38a93fc ($13.13 in chips)
Seat 5: a321ef0d ($11.33 in chips)
Seat 6: 3152c9d9 ($10.52 in chips)
d38a93fc: posts small blind $0.05
a321ef0d: posts big blind $0.1
*** HOLE CARDS ***
Dealt to 3ec37ecb 
Dealt to Hero [As Qh]
Dealt to d38a93fc 
Dealt to a321ef0d 
Dealt to 3152c9d9 
3152c9d9: folds
3ec37ecb: folds
Hero: raises $0.14 to $0.24
d38a93fc: folds
a321ef0d: calls $0.14
*** FLOP *** [Jc 8h 8c]
a321ef0d: checks
Hero: checks
*** TURN *** [Jc 8h 8c] [Kc]
a321ef0d: bets $0.4
Hero: folds
Uncalled bet ($0.4) returned to a321ef0d
*** SHOWDOWN ***
a321ef0d collected $0.51 from pot
*** SUMMARY ***
Total pot $0.53 | Rake $0.02 | Jackpot $0 | Bingo $0 | Fortune $0 | Tax $0
Board [Jc 8h 8c Kc]
Seat 1: 3ec37ecb folded before Flop (didn't bet)
Seat 2: Hero (button) folded on the Turn
Seat 4: d38a93fc (small blind) folded before Flop
Seat 5: a321ef0d (big blind) won ($0.51)
Seat 6: 3152c9d9 folded before Flop (didn't bet)


Poker Hand #HD1761142518: Hold'em No Limit ($0.05/$0.1) - 2024/05/06 17:11:17
Table 'NLHRed31' 6-max Seat #1 is the button
Seat 1: 3ec37ecb ($10.65 in chips)
Seat 2: Hero ($10.54 in chips)
Seat 4: d38a93fc ($13.23 in chips)
Seat 5: a321ef0d ($11.33 in chips)
Seat 6: 3152c9d9 ($10.52 in chips)
Hero: posts small blind $0.05
d38a93fc: posts big blind $0.1
*** HOLE CARDS ***
Dealt to 3ec37ecb 
Dealt to Hero [Kc 7d]
Dealt to d38a93fc 
Dealt to a321ef0d 
Dealt to 3152c9d9 
a321ef0d: folds
3152c9d9: folds
3ec37ecb: raises $0.15 to $0.25
Hero: folds
d38a93fc: folds
Uncalled bet ($0.15) returned to 3ec37ecb
*** SHOWDOWN ***
3ec37ecb collected $0.25 from pot
*** SUMMARY ***
Total pot $0.25 | Rake $0 | Jackpot $0 | Bingo $0 | Fortune $0 | Tax $0
Seat 1: 3ec37ecb (button) collected ($0.25)
Seat 2: Hero (small blind) folded before Flop
Seat 4: d38a93fc (big blind) folded before Flop
Seat 5: a321ef0d folded before Flop (didn't bet)
Seat 6: 3152c9d9 folded before Flop (didn't bet)


Poker Hand #HD1761142501: Hold'em No Limit ($0.05/$0.1) - 2024/05/06 17:11:06
Table 'NLHRed31' 6-max Seat #6 is the button
Seat 1: 3ec37ecb ($10.7 in chips)
Seat 2: Hero ($10.64 in chips)
Seat 4: d38a93fc ($13.23 in chips)
Seat 5: a321ef0d ($11.33 in chips)
Seat 6: 3152c9d9 ($10.37 in chips)
3ec37ecb: posts small blind $0.05
Hero: posts big blind $0.1
*** HOLE CARDS ***
Dealt to 3ec37ecb 
Dealt to Hero [7h 3s]
Dealt to d38a93fc 
Dealt to a321ef0d 
Dealt to 3152c9d9 
d38a93fc: folds
a321ef0d: folds
3152c9d9: raises $0.15 to $0.25
3ec37ecb: folds
Hero: folds
Uncalled bet ($0.15) returned to 3152c9d9
*** SHOWDOWN ***
3152c9d9 collected $0.25 from pot
*** SUMMARY ***
Total pot $0.25 | Rake $0 | Jackpot $0 | Bingo $0 | Fortune $0 | Tax $0
Seat 1: 3ec37ecb (small blind) folded before Flop
Seat 2: Hero (big blind) folded before Flop
Seat 4: d38a93fc folded before Flop (didn't bet)
Seat 5: a321ef0d folded before Flop (didn't bet)
Seat 6: 3152c9d9 (button) collected ($0.25)


Poker Hand #HD1761142347: Hold'em No Limit ($0.05/$0.1) - 2024/05/06 17:10:05
Table 'NLHRed31' 6-max Seat #5 is the button
Seat 1: 3ec37ecb ($11.35 in chips)
Seat 2: Hero ($10 in chips)
Seat 4: d38a93fc ($13.23 in chips)
Seat 5: a321ef0d ($11.33 in chips)
Seat 6: 3152c9d9 ($10.42 in chips)
3152c9d9: posts small blind $0.05
3ec37ecb: posts big blind $0.1
*** HOLE CARDS ***
Dealt to 3ec37ecb 
Dealt to Hero [Ac Ks]
Dealt to d38a93fc 
Dealt to a321ef0d 
Dealt to 3152c9d9 
Hero: raises $0.1 to $0.2
d38a93fc: folds
a321ef0d: folds
3152c9d9: folds
3ec37ecb: calls $0.1
*** FLOP *** [Kd Js Qs]
3ec37ecb: checks
Hero: bets $0.15
3ec37ecb: calls $0.15
*** TURN *** [Kd Js Qs] [5d]
3ec37ecb: checks
Hero: bets $0.3
3ec37ecb: calls $0.3
*** RIVER *** [Kd Js Qs 5d] [8h]
3ec37ecb: checks
Hero: checks
3ec37ecb: shows [Jc Ts] (Pair of Jacks)
Hero: shows [Ac Ks] (Pair of Kings)
*** SHOWDOWN ***
Hero collected $1.29 from pot
*** SUMMARY ***
Total pot $1.35 | Rake $0.06 | Jackpot $0 | Bingo $0 | Fortune $0 | Tax $0
Board [Kd Js Qs 5d 8h]
Seat 1: 3ec37ecb (big blind) showed [Jc Ts] and lost with Pair of Jacks
Seat 2: Hero showed [Ac Ks] and won ($1.29) with Pair of Kings
Seat 4: d38a93fc folded before Flop (didn't bet)
Seat 5: a321ef0d (button) folded before Flop (didn't bet)
Seat 6: 3152c9d9 (small blind) folded before Flop


Poker Hand #HD1761142244: Hold'em No Limit ($0.05/$0.1) - 2024/05/06 17:09:13
Table 'NLHRed31' 6-max Seat #4 is the button
Seat 1: 3ec37ecb ($11.35 in chips)
Seat 2: Hero ($10 in chips)
Seat 3: 3ba88816 ($15.97 in chips)
Seat 4: d38a93fc ($13.23 in chips)
Seat 5: a321ef0d ($10.31 in chips)
Seat 6: 3152c9d9 ($11.55 in chips)
a321ef0d: posts small blind $0.05
3152c9d9: posts big blind $0.1
*** HOLE CARDS ***
Dealt to 3ec37ecb 
Dealt to Hero [2c 3c]
Dealt to 3ba88816 
Dealt to d38a93fc 
Dealt to a321ef0d 
Dealt to 3152c9d9 
3ec37ecb: folds
Hero: folds
3ba88816: folds
d38a93fc: folds
a321ef0d: raises $0.2 to $0.3
3152c9d9: calls $0.2
*** FLOP *** [Ks Kc Th]
a321ef0d: checks
3152c9d9: bets $0.15
a321ef0d: calls $0.15
*** TURN *** [Ks Kc Th] [4s]
a321ef0d: checks
3152c9d9: checks
*** RIVER *** [Ks Kc Th 4s] [Kd]
a321ef0d: bets $0.68
3152c9d9: calls $0.68
a321ef0d: shows [Kh 9h] (Four Kings)
3152c9d9: shows [7d Td] (Kings Full over Tens)
*** SHOWDOWN ***
a321ef0d collected $2.15 from pot
*** SUMMARY ***
Total pot $2.26 | Rake $0.11 | Jackpot $0 | Bingo $0 | Fortune $0 | Tax $0
Board [Ks Kc Th 4s Kd]
Seat 1: 3ec37ecb folded before Flop (didn't bet)
Seat 2: Hero folded before Flop (didn't bet)
Seat 3: 3ba88816 folded before Flop (didn't bet)
Seat 4: d38a93fc (button) folded before Flop (didn't bet)
Seat 5: a321ef0d (small blind) showed [Kh 9h] and won ($2.15) with Four Kings
Seat 6: 3152c9d9 (big blind) showed [7d Td] and lost with Kings Full over Tens


Poker Hand #HD1761142212: Hold'em No Limit ($0.05/$0.1) - 2024/05/06 17:08:59
Table 'NLHRed31' 6-max Seat #3 is the button
Seat 1: 3ec37ecb ($11.35 in chips)
Seat 2: Hero ($10 in chips)
Seat 3: 3ba88816 ($15.97 in chips)
Seat 4: d38a93fc ($13.28 in chips)
Seat 5: a321ef0d ($10.41 in chips)
Seat 6: 3152c9d9 ($11.4 in chips)
d38a93fc: posts small blind $0.05
a321ef0d: posts big blind $0.1
*** HOLE CARDS ***
Dealt to 3ec37ecb 
Dealt to Hero [Ad 5h]
Dealt to 3ba88816 
Dealt to d38a93fc 
Dealt to a321ef0d 
Dealt to 3152c9d9 
3152c9d9: raises $0.15 to $0.25
3ec37ecb: folds
Hero: folds
3ba88816: folds
d38a93fc: folds
a321ef0d: folds
Uncalled bet ($0.15) returned to 3152c9d9
*** SHOWDOWN ***
3152c9d9 collected $0.25 from pot
*** SUMMARY ***
Total pot $0.25 | Rake $0 | Jackpot $0 | Bingo $0 | Fortune $0 | Tax $0
Seat 1: 3ec37ecb folded before Flop (didn't bet)
Seat 2: Hero folded before Flop (didn't bet)
Seat 3: 3ba88816 (button) folded before Flop (didn't bet)
Seat 4: d38a93fc (small blind) folded before Flop
Seat 5: a321ef0d (big blind) folded before Flop
Seat 6: 3152c9d9 collected ($0.25)


Poker Hand #HD1761142082: Hold'em No Limit ($0.05/$0.1) - 2024/05/06 17:08:03
Table 'NLHRed31' 6-max Seat #2 is the button
Seat 1: 3ec37ecb ($11.35 in chips)
Seat 2: Hero ($10 in chips)
Seat 3: 3ba88816 ($16.02 in chips)
Seat 4: d38a93fc ($13.31 in chips)
Seat 5: a321ef0d ($10.41 in chips)
Seat 6: 3152c9d9 ($11.4 in chips)
3ba88816: posts small blind $0.05
d38a93fc: posts big blind $0.1
*** HOLE CARDS ***
Dealt to 3ec37ecb 
Dealt to Hero [Qh Tc]
Dealt to 3ba88816 
Dealt to d38a93fc 
Dealt to a321ef0d 
Dealt to 3152c9d9 
a321ef0d: folds
3152c9d9: folds
3ec37ecb: folds
Hero: raises $0.14 to $0.24
3ba88816: folds
d38a93fc: calls $0.14
*** FLOP *** [7c Ac Ah]
d38a93fc: checks
Hero: checks
*** TURN *** [7c Ac Ah] [Ad]
d38a93fc: bets $0.3
Hero: calls $0.3
*** RIVER *** [7c Ac Ah Ad] [7s]
d38a93fc: bets $0.8
Hero: calls $0.8
d38a93fc: shows [Th Kd] (Aces Full over Sevens)
Hero: shows [Qh Tc] (Aces Full over Sevens)
*** SHOWDOWN ***
d38a93fc collected $1.31 from pot
Hero collected $1.3 from pot
*** SUMMARY ***
Total pot $2.73 | Rake $0.12 | Jackpot $0 | Bingo $0 | Fortune $0 | Tax $0
Board [7c Ac Ah Ad 7s]
Seat 1: 3ec37ecb folded before Flop (didn't bet)
Seat 2: Hero (button) showed [Qh Tc] and won ($1.3) with Aces Full over Sevens
Seat 3: 3ba88816 (small blind) folded before Flop
Seat 4: d38a93fc (big blind) showed [Th Kd] and won ($1.31) with Aces Full over Sevens
Seat 5: a321ef0d folded before Flop (didn't bet)
Seat 6: 3152c9d9 folded before Flop (didn't bet)


Poker Hand #HD1761141976: Hold'em No Limit ($0.05/$0.1) - 2024/05/06 17:07:16
Table 'NLHRed31' 6-max Seat #1 is the button
Seat 1: 3ec37ecb ($9.95 in chips)
Seat 2: Hero ($10 in chips)
Seat 3: 3ba88816 ($16.12 in chips)
Seat 4: d38a93fc ($13.31 in chips)
Seat 5: a321ef0d ($11.91 in chips)
Seat 6: 3152c9d9 ($11.4 in chips)
Hero: posts small blind $0.05
3ba88816: posts big blind $0.1
*** HOLE CARDS ***
Dealt to 3ec37ecb 
Dealt to Hero [7d 2c]
Dealt to 3ba88816 
Dealt to d38a93fc 
Dealt to a321ef0d 
Dealt to 3152c9d9 
d38a93fc: folds
a321ef0d: raises $0.2 to $0.3
3152c9d9: folds
3ec37ecb: raises $0.57 to $0.87
Hero: folds
3ba88816: folds
a321ef0d: calls $0.57
*** FLOP *** [Ah 4d 9d]
a321ef0d: checks
3ec37ecb: bets $0.63
a321ef0d: calls $0.63
*** TURN *** [Ah 4d 9d] [7c]
a321ef0d: checks
3ec37ecb: checks
*** RIVER *** [Ah 4d 9d 7c] [Th]
a321ef0d: checks
3ec37ecb: bets $3.94
a321ef0d: folds
Uncalled bet ($3.94) returned to 3ec37ecb
3ec37ecb: shows [Tc] (Pair of Tens)
*** SHOWDOWN ***
3ec37ecb collected $2.9 from pot
*** SUMMARY ***
Total pot $3.15 | Rake $0.15 | Jackpot $0.1 | Bingo $0 | Fortune $0 | Tax $0
Board [Ah 4d 9d 7c Th]
Seat 1: 3ec37ecb (button) showed [Tc] and won ($2.9)
Seat 2: Hero (small blind) folded before Flop
Seat 3: 3ba88816 (big blind) folded before Flop
Seat 4: d38a93fc folded before Flop (didn't bet)
Seat 5: a321ef0d folded on the River
Seat 6: 3152c9d9 folded before Flop (didn't bet)


Poker Hand #HD1761141936: Hold'em No Limit ($0.05/$0.1) - 2024/05/06 17:06:57
Table 'NLHRed31' 6-max Seat #6 is the button
Seat 1: 3ec37ecb ($10 in chips)
Seat 2: Hero ($10 in chips)
Seat 3: 3ba88816 ($15.97 in chips)
Seat 4: d38a93fc ($13.31 in chips)
Seat 5: a321ef0d ($11.91 in chips)
Seat 6: 3152c9d9 ($11.4 in chips)
3ec37ecb: posts small blind $0.05
Hero: posts big blind $0.1
*** HOLE CARDS ***
Dealt to 3ec37ecb 
Dealt to Hero [9c Th]
Dealt to 3ba88816 
Dealt to d38a93fc 
Dealt to a321ef0d 
Dealt to 3152c9d9 
3ba88816: raises $0.2 to $0.3
d38a93fc: folds
a321ef0d: folds
3152c9d9: folds
3ec37ecb: folds
Hero: folds
Uncalled bet ($0.2) returned to 3ba88816
*** SHOWDOWN ***
3ba88816 collected $0.25 from pot
*** SUMMARY ***
Total pot $0.25 | Rake $0 | Jackpot $0 | Bingo $0 | Fortune $0 | Tax $0
Seat 1: 3ec37ecb (small blind) folded before Flop
Seat 2: Hero (big blind) folded before Flop
Seat 3: 3ba88816 collected ($0.25)
Seat 4: d38a93fc folded before Flop (didn't bet)
Seat 5: a321ef0d folded before Flop (didn't bet)
Seat 6: 3152c9d9 (button) folded before Flop (didn't bet)


