Poker Hand #HD1848030384: Hold'em No Limit ($0.05/$0.1) - 2024/07/08 11:54:47
Table 'NLHRed33' 6-max Seat #4 is the button
Seat 2: Hero ($13.5 in chips)
Seat 3: 7a1e1ed9 ($5.36 in chips)
Seat 4: ce0836a3 ($22.37 in chips)
Seat 5: c54370af ($10.21 in chips)
Seat 6: e4f64670 ($11.6 in chips)
c54370af: posts small blind $0.05
e4f64670: posts big blind $0.1
*** HOLE CARDS ***
Dealt to Hero [Kh 2c]
Dealt to 7a1e1ed9 
Dealt to ce0836a3 
Dealt to c54370af 
Dealt to e4f64670 
Hero: folds
7a1e1ed9: folds
ce0836a3: folds
c54370af: raises $0.2 to $0.3
e4f64670: folds
Uncalled bet ($0.2) returned to c54370af
*** SHOWDOWN ***
c54370af collected $0.2 from pot
*** SUMMARY ***
Total pot $0.2 | Rake $0 | Jackpot $0 | Bingo $0 | Fortune $0 | Tax $0
Seat 2: Hero folded before Flop (didn't bet)
Seat 3: 7a1e1ed9 folded before Flop (didn't bet)
Seat 4: ce0836a3 (button) folded before Flop (didn't bet)
Seat 5: c54370af (small blind) collected ($0.2)
Seat 6: e4f64670 (big blind) folded before Flop


Poker Hand #HD1848030276: Hold'em No Limit ($0.05/$0.1) - 2024/07/08 11:53:52
Table 'NLHRed33' 6-max Seat #3 is the button
Seat 2: Hero ($12.87 in chips)
Seat 3: 7a1e1ed9 ($5.9 in chips)
Seat 4: ce0836a3 ($22.42 in chips)
Seat 5: c54370af ($10.31 in chips)
Seat 6: e4f64670 ($11.6 in chips)
ce0836a3: posts small blind $0.05
c54370af: posts big blind $0.1
*** HOLE CARDS ***
Dealt to Hero [Kc Ks]
Dealt to 7a1e1ed9 
Dealt to ce0836a3 
Dealt to c54370af 
Dealt to e4f64670 
e4f64670: folds
Hero: raises $0.14 to $0.24
7a1e1ed9: calls $0.24
ce0836a3: folds
c54370af: folds
*** FLOP *** [5h Ac 9d]
Hero: checks
7a1e1ed9: checks
*** TURN *** [5h Ac 9d] [9c]
Hero: bets $0.3
7a1e1ed9: calls $0.3
*** RIVER *** [5h Ac 9d 9c] [5d]
Hero: checks
7a1e1ed9: checks
Hero: shows [Kc Ks] (Pair of Kings and Pair of Nines)
7a1e1ed9: shows [7c 7d] (Pair of Nines and Pair of Sevens)
*** SHOWDOWN ***
Hero collected $1.17 from pot
*** SUMMARY ***
Total pot $1.23 | Rake $0.06 | Jackpot $0 | Bingo $0 | Fortune $0 | Tax $0
Board [5h Ac 9d 9c 5d]
Seat 2: Hero showed [Kc Ks] and won ($1.17) with Pair of Kings and Pair of Nines
Seat 3: 7a1e1ed9 (button) showed [7c 7d] and lost with Pair of Nines and Pair of Sevens
Seat 4: ce0836a3 (small blind) folded before Flop
Seat 5: c54370af (big blind) folded before Flop
Seat 6: e4f64670 folded before Flop (didn't bet)


Poker Hand #HD1848030212: Hold'em No Limit ($0.05/$0.1) - 2024/07/08 11:53:13
Table 'NLHRed33' 6-max Seat #2 is the button
Seat 2: Hero ($12.87 in chips)
Seat 3: 7a1e1ed9 ($6.25 in chips)
Seat 4: ce0836a3 ($22.1 in chips)
Seat 5: c54370af ($10.31 in chips)
Seat 6: e4f64670 ($11.6 in chips)
7a1e1ed9: posts small blind $0.05
ce0836a3: posts big blind $0.1
*** HOLE CARDS ***
Dealt to Hero [7s Th]
Dealt to 7a1e1ed9 
Dealt to ce0836a3 
Dealt to c54370af 
Dealt to e4f64670 
c54370af: folds
e4f64670: folds
Hero: folds
7a1e1ed9: raises $0.25 to $0.35
ce0836a3: calls $0.25
*** FLOP *** [4c 2c 5c]
7a1e1ed9: checks
ce0836a3: bets $0.35
7a1e1ed9: folds
Uncalled bet ($0.35) returned to ce0836a3
*** SHOWDOWN ***
ce0836a3 collected $0.67 from pot
*** SUMMARY ***
Total pot $0.7 | Rake $0.03 | Jackpot $0 | Bingo $0 | Fortune $0 | Tax $0
Board [4c 2c 5c]
Seat 2: Hero (button) folded before Flop (didn't bet)
Seat 3: 7a1e1ed9 (small blind) folded on the Flop
Seat 4: ce0836a3 (big blind) won ($0.67)
Seat 5: c54370af folded before Flop (didn't bet)
Seat 6: e4f64670 folded before Flop (didn't bet)


Poker Hand #HD1848030089: Hold'em No Limit ($0.05/$0.1) - 2024/07/08 11:52:11
Table 'NLHRed33' 6-max Seat #6 is the button
Seat 1: fee56e55 ($13.51 in chips)
Seat 2: Hero ($12.97 in chips)
Seat 3: 7a1e1ed9 ($6.25 in chips)
Seat 4: ce0836a3 ($23.25 in chips)
Seat 5: c54370af ($10.31 in chips)
Seat 6: e4f64670 ($11.6 in chips)
fee56e55: posts small blind $0.05
Hero: posts big blind $0.1
*** HOLE CARDS ***
Dealt to fee56e55 
Dealt to Hero [Ac Qs]
Dealt to 7a1e1ed9 
Dealt to ce0836a3 
Dealt to c54370af 
Dealt to e4f64670 
7a1e1ed9: folds
ce0836a3: raises $0.1 to $0.2
c54370af: folds
e4f64670: folds
fee56e55: raises $0.95 to $1.15
Hero: folds
ce0836a3: calls $0.95
*** FLOP *** [3s Jh Qh]
fee56e55: bets $1.8
ce0836a3: folds
Uncalled bet ($1.8) returned to fee56e55
*** SHOWDOWN ***
fee56e55 collected $2.28 from pot
*** SUMMARY ***
Total pot $2.4 | Rake $0.12 | Jackpot $0 | Bingo $0 | Fortune $0 | Tax $0
Board [3s Jh Qh]
Seat 1: fee56e55 (small blind) won ($2.28)
Seat 2: Hero (big blind) folded before Flop
Seat 3: 7a1e1ed9 folded before Flop (didn't bet)
Seat 4: ce0836a3 folded on the Flop
Seat 5: c54370af folded before Flop (didn't bet)
Seat 6: e4f64670 (button) folded before Flop (didn't bet)


Poker Hand #HD1848030059: Hold'em No Limit ($0.05/$0.1) - 2024/07/08 11:51:48
Table 'NLHRed33' 6-max Seat #5 is the button
Seat 1: fee56e55 ($13.61 in chips)
Seat 2: Hero ($12.97 in chips)
Seat 3: 7a1e1ed9 ($6.48 in chips)
Seat 4: ce0836a3 ($23.25 in chips)
Seat 5: c54370af ($10.31 in chips)
Seat 6: e4f64670 ($11.29 in chips)
e4f64670: posts small blind $0.05
fee56e55: posts big blind $0.1
*** HOLE CARDS ***
Dealt to fee56e55 
Dealt to Hero [7h 9d]
Dealt to 7a1e1ed9 
Dealt to ce0836a3 
Dealt to c54370af 
Dealt to e4f64670 
Hero: folds
7a1e1ed9: raises $0.13 to $0.23
ce0836a3: folds
c54370af: folds
e4f64670: raises $0.47 to $0.7
fee56e55: folds
7a1e1ed9: folds
Uncalled bet ($0.47) returned to e4f64670
*** SHOWDOWN ***
e4f64670 collected $0.54 from pot
*** SUMMARY ***
Total pot $0.56 | Rake $0.02 | Jackpot $0 | Bingo $0 | Fortune $0 | Tax $0
Seat 1: fee56e55 (big blind) folded before Flop
Seat 2: Hero folded before Flop (didn't bet)
Seat 3: 7a1e1ed9 folded before Flop
Seat 4: ce0836a3 folded before Flop (didn't bet)
Seat 5: c54370af (button) folded before Flop (didn't bet)
Seat 6: e4f64670 (small blind) collected ($0.54)


Poker Hand #HD1848030032: Hold'em No Limit ($0.05/$0.1) - 2024/07/08 11:51:30
Table 'NLHRed33' 6-max Seat #4 is the button
Seat 2: Hero ($12.82 in chips)
Seat 3: 7a1e1ed9 ($6.48 in chips)
Seat 4: ce0836a3 ($23.25 in chips)
Seat 5: c54370af ($10.36 in chips)
Seat 6: e4f64670 ($11.39 in chips)
c54370af: posts small blind $0.05
e4f64670: posts big blind $0.1
*** HOLE CARDS ***
Dealt to Hero [8h 8d]
Dealt to 7a1e1ed9 
Dealt to ce0836a3 
Dealt to c54370af 
Dealt to e4f64670 
Hero: raises $0.1 to $0.2
7a1e1ed9: folds
ce0836a3: folds
c54370af: folds
e4f64670: folds
Uncalled bet ($0.1) returned to Hero
*** SHOWDOWN ***
Hero collected $0.25 from pot
*** SUMMARY ***
Total pot $0.25 | Rake $0 | Jackpot $0 | Bingo $0 | Fortune $0 | Tax $0
Seat 2: Hero collected ($0.25)
Seat 3: 7a1e1ed9 folded before Flop (didn't bet)
Seat 4: ce0836a3 (button) folded before Flop (didn't bet)
Seat 5: c54370af (small blind) folded before Flop
Seat 6: e4f64670 (big blind) folded before Flop


Poker Hand #HD1848029976: Hold'em No Limit ($0.05/$0.1) - 2024/07/08 11:51:02
Table 'NLHRed33' 6-max Seat #3 is the button
Seat 1: fee56e55 ($13.61 in chips)
Seat 2: Hero ($12.82 in chips)
Seat 3: 7a1e1ed9 ($6.48 in chips)
Seat 4: ce0836a3 ($23.3 in chips)
Seat 5: c54370af ($10.31 in chips)
Seat 6: e4f64670 ($11.39 in chips)
ce0836a3: posts small blind $0.05
c54370af: posts big blind $0.1
*** HOLE CARDS ***
Dealt to fee56e55 
Dealt to Hero [Kd 4d]
Dealt to 7a1e1ed9 
Dealt to ce0836a3 
Dealt to c54370af 
Dealt to e4f64670 
e4f64670: folds
fee56e55: folds
Hero: folds
7a1e1ed9: folds
ce0836a3: folds
Uncalled bet ($0.05) returned to c54370af
*** SHOWDOWN ***
c54370af collected $0.1 from pot
*** SUMMARY ***
Total pot $0.1 | Rake $0 | Jackpot $0 | Bingo $0 | Fortune $0 | Tax $0
Seat 1: fee56e55 folded before Flop (didn't bet)
Seat 2: Hero folded before Flop (didn't bet)
Seat 3: 7a1e1ed9 (button) folded before Flop (didn't bet)
Seat 4: ce0836a3 (small blind) folded before Flop
Seat 5: c54370af (big blind) collected ($0.1)
Seat 6: e4f64670 folded before Flop (didn't bet)


Poker Hand #HD1848029929: Hold'em No Limit ($0.05/$0.1) - 2024/07/08 11:50:40
Table 'NLHRed33' 6-max Seat #2 is the button
Seat 1: fee56e55 ($13.61 in chips)
Seat 2: Hero ($12.82 in chips)
Seat 3: 7a1e1ed9 ($6.53 in chips)
Seat 4: ce0836a3 ($23.25 in chips)
Seat 5: c54370af ($10.31 in chips)
Seat 6: e4f64670 ($11.39 in chips)
7a1e1ed9: posts small blind $0.05
ce0836a3: posts big blind $0.1
*** HOLE CARDS ***
Dealt to fee56e55 
Dealt to Hero [Jd 3s]
Dealt to 7a1e1ed9 
Dealt to ce0836a3 
Dealt to c54370af 
Dealt to e4f64670 
c54370af: folds
e4f64670: folds
fee56e55: folds
Hero: folds
7a1e1ed9: folds
Uncalled bet ($0.05) returned to ce0836a3
*** SHOWDOWN ***
ce0836a3 collected $0.1 from pot
*** SUMMARY ***
Total pot $0.1 | Rake $0 | Jackpot $0 | Bingo $0 | Fortune $0 | Tax $0
Seat 1: fee56e55 folded before Flop (didn't bet)
Seat 2: Hero (button) folded before Flop (didn't bet)
Seat 3: 7a1e1ed9 (small blind) folded before Flop
Seat 4: ce0836a3 (big blind) collected ($0.1)
Seat 5: c54370af folded before Flop (didn't bet)
Seat 6: e4f64670 folded before Flop (didn't bet)


Poker Hand #HD1848029812: Hold'em No Limit ($0.05/$0.1) - 2024/07/08 11:49:41
Table 'NLHRed33' 6-max Seat #1 is the button
Seat 1: fee56e55 ($13.16 in chips)
Seat 2: Hero ($12.87 in chips)
Seat 3: 7a1e1ed9 ($6.97 in chips)
Seat 4: ce0836a3 ($23.25 in chips)
Seat 5: c54370af ($10.31 in chips)
Seat 6: e4f64670 ($11.39 in chips)
Hero: posts small blind $0.05
7a1e1ed9: posts big blind $0.1
*** HOLE CARDS ***
Dealt to fee56e55 
Dealt to Hero [3c 9s]
Dealt to 7a1e1ed9 
Dealt to ce0836a3 
Dealt to c54370af 
Dealt to e4f64670 
ce0836a3: folds
c54370af: folds
e4f64670: folds
fee56e55: raises $0.15 to $0.25
Hero: folds
7a1e1ed9: calls $0.15
*** FLOP *** [8h Jh 3h]
7a1e1ed9: checks
fee56e55: checks
*** TURN *** [8h Jh 3h] [Qh]
7a1e1ed9: checks
fee56e55: bets $0.19
7a1e1ed9: calls $0.19
*** RIVER *** [8h Jh 3h Qh] [Jc]
7a1e1ed9: checks
fee56e55: bets $1.4
7a1e1ed9: folds
Uncalled bet ($1.4) returned to fee56e55
*** SHOWDOWN ***
fee56e55 collected $0.89 from pot
*** SUMMARY ***
Total pot $0.93 | Rake $0.04 | Jackpot $0 | Bingo $0 | Fortune $0 | Tax $0
Board [8h Jh 3h Qh Jc]
Seat 1: fee56e55 (button) won ($0.89)
Seat 2: Hero (small blind) folded before Flop
Seat 3: 7a1e1ed9 (big blind) folded on the River
Seat 4: ce0836a3 folded before Flop (didn't bet)
Seat 5: c54370af folded before Flop (didn't bet)
Seat 6: e4f64670 folded before Flop (didn't bet)


Poker Hand #HD1848029786: Hold'em No Limit ($0.05/$0.1) - 2024/07/08 11:49:29
Table 'NLHRed33' 6-max Seat #6 is the button
Seat 1: fee56e55 ($13.21 in chips)
Seat 2: Hero ($12.82 in chips)
Seat 3: 7a1e1ed9 ($6.97 in chips)
Seat 4: ce0836a3 ($23.25 in chips)
Seat 5: c54370af ($10.31 in chips)
Seat 6: e4f64670 ($11.39 in chips)
fee56e55: posts small blind $0.05
Hero: posts big blind $0.1
*** HOLE CARDS ***
Dealt to fee56e55 
Dealt to Hero [4s Qc]
Dealt to 7a1e1ed9 
Dealt to ce0836a3 
Dealt to c54370af 
Dealt to e4f64670 
7a1e1ed9: folds
ce0836a3: folds
c54370af: folds
e4f64670: folds
fee56e55: folds
Uncalled bet ($0.05) returned to Hero
*** SHOWDOWN ***
Hero collected $0.1 from pot
*** SUMMARY ***
Total pot $0.1 | Rake $0 | Jackpot $0 | Bingo $0 | Fortune $0 | Tax $0
Seat 1: fee56e55 (small blind) folded before Flop
Seat 2: Hero (big blind) collected ($0.1)
Seat 3: 7a1e1ed9 folded before Flop (didn't bet)
Seat 4: ce0836a3 folded before Flop (didn't bet)
Seat 5: c54370af folded before Flop (didn't bet)
Seat 6: e4f64670 (button) folded before Flop (didn't bet)


Poker Hand #HD1848029715: Hold'em No Limit ($0.05/$0.1) - 2024/07/08 11:48:43
Table 'NLHRed33' 6-max Seat #5 is the button
Seat 1: fee56e55 ($13.31 in chips)
Seat 2: Hero ($12.82 in chips)
Seat 3: 7a1e1ed9 ($6.64 in chips)
Seat 4: ce0836a3 ($23.45 in chips)
Seat 5: c54370af ($10.31 in chips)
Seat 6: e4f64670 ($11.44 in chips)
e4f64670: posts small blind $0.05
fee56e55: posts big blind $0.1
*** HOLE CARDS ***
Dealt to fee56e55 
Dealt to Hero [9c 4s]
Dealt to 7a1e1ed9 
Dealt to ce0836a3 
Dealt to c54370af 
Dealt to e4f64670 
Hero: folds
7a1e1ed9: raises $0.1 to $0.2
ce0836a3: calls $0.2
c54370af: folds
e4f64670: folds
fee56e55: folds
*** FLOP *** [Jd As 7c]
7a1e1ed9: checks
ce0836a3: checks
*** TURN *** [Jd As 7c] [8s]
7a1e1ed9: checks
ce0836a3: checks
*** RIVER *** [Jd As 7c 8s] [8d]
7a1e1ed9: checks
ce0836a3: checks
7a1e1ed9: shows [7d 5d] (Pair of Eights and Pair of Sevens)
ce0836a3: shows [Ts Ks] (Pair of Eights)
*** SHOWDOWN ***
7a1e1ed9 collected $0.53 from pot
*** SUMMARY ***
Total pot $0.55 | Rake $0.02 | Jackpot $0 | Bingo $0 | Fortune $0 | Tax $0
Board [Jd As 7c 8s 8d]
Seat 1: fee56e55 (big blind) folded before Flop
Seat 2: Hero folded before Flop (didn't bet)
Seat 3: 7a1e1ed9 showed [7d 5d] and won ($0.53) with Pair of Eights and Pair of Sevens
Seat 4: ce0836a3 showed [Ts Ks] and lost with Pair of Eights
Seat 5: c54370af (button) folded before Flop (didn't bet)
Seat 6: e4f64670 (small blind) folded before Flop


Poker Hand #HD1848029542: Hold'em No Limit ($0.05/$0.1) - 2024/07/08 11:47:21
Table 'NLHRed33' 6-max Seat #4 is the button
Seat 1: fee56e55 ($13.31 in chips)
Seat 2: Hero ($12.82 in chips)
Seat 3: 7a1e1ed9 ($7.97 in chips)
Seat 4: ce0836a3 ($22.11 in chips)
Seat 5: c54370af ($10.36 in chips)
Seat 6: e4f64670 ($11.54 in chips)
c54370af: posts small blind $0.05
e4f64670: posts big blind $0.1
*** HOLE CARDS ***
Dealt to fee56e55 
Dealt to Hero [6s 3c]
Dealt to 7a1e1ed9 
Dealt to ce0836a3 
Dealt to c54370af 
Dealt to e4f64670 
fee56e55: folds
Hero: folds
7a1e1ed9: raises $0.13 to $0.23
ce0836a3: calls $0.23
c54370af: folds
e4f64670: folds
*** FLOP *** [5s 8d 2c]
7a1e1ed9: bets $0.31
ce0836a3: raises $0.79 to $1.1
7a1e1ed9: calls $0.79
*** TURN *** [5s 8d 2c] [4h]
7a1e1ed9: checks
ce0836a3: checks
*** RIVER *** [5s 8d 2c 4h] [9d]
7a1e1ed9: checks
ce0836a3: checks
7a1e1ed9: shows [Qh 8h] (Pair of Eights)
ce0836a3: shows [8c Ah] (Pair of Eights)
*** SHOWDOWN ***
ce0836a3 collected $2.67 from pot
*** SUMMARY ***
Total pot $2.81 | Rake $0.14 | Jackpot $0 | Bingo $0 | Fortune $0 | Tax $0
Board [5s 8d 2c 4h 9d]
Seat 1: fee56e55 folded before Flop (didn't bet)
Seat 2: Hero folded before Flop (didn't bet)
Seat 3: 7a1e1ed9 showed [Qh 8h] and lost with Pair of Eights
Seat 4: ce0836a3 (button) showed [8c Ah] and won ($2.67) with Pair of Eights
Seat 5: c54370af (small blind) folded before Flop
Seat 6: e4f64670 (big blind) folded before Flop


Poker Hand #HD1848029475: Hold'em No Limit ($0.05/$0.1) - 2024/07/08 11:46:46
Table 'NLHRed33' 6-max Seat #3 is the button
Seat 1: fee56e55 ($13.31 in chips)
Seat 2: Hero ($12.82 in chips)
Seat 3: 7a1e1ed9 ($7.97 in chips)
Seat 4: ce0836a3 ($22.51 in chips)
Seat 5: c54370af ($10 in chips)
Seat 6: e4f64670 ($11.54 in chips)
ce0836a3: posts small blind $0.05
c54370af: posts big blind $0.1
*** HOLE CARDS ***
Dealt to fee56e55 
Dealt to Hero [8c 2h]
Dealt to 7a1e1ed9 
Dealt to ce0836a3 
Dealt to c54370af 
Dealt to e4f64670 
e4f64670: folds
fee56e55: folds
Hero: folds
7a1e1ed9: folds
ce0836a3: raises $0.1 to $0.2
c54370af: calls $0.1
*** FLOP *** [Kh 8d 4h]
ce0836a3: bets $0.2
c54370af: raises $0.4 to $0.6
ce0836a3: folds
Uncalled bet ($0.4) returned to c54370af
*** SHOWDOWN ***
c54370af collected $0.76 from pot
*** SUMMARY ***
Total pot $0.8 | Rake $0.04 | Jackpot $0 | Bingo $0 | Fortune $0 | Tax $0
Board [Kh 8d 4h]
Seat 1: fee56e55 folded before Flop (didn't bet)
Seat 2: Hero folded before Flop (didn't bet)
Seat 3: 7a1e1ed9 (button) folded before Flop (didn't bet)
Seat 4: ce0836a3 (small blind) folded on the Flop
Seat 5: c54370af (big blind) won ($0.76)
Seat 6: e4f64670 folded before Flop (didn't bet)


Poker Hand #HD1848029438: Hold'em No Limit ($0.05/$0.1) - 2024/07/08 11:46:25
Table 'NLHRed33' 6-max Seat #2 is the button
Seat 1: fee56e55 ($13.31 in chips)
Seat 2: Hero ($12.67 in chips)
Seat 3: 7a1e1ed9 ($8.02 in chips)
Seat 4: ce0836a3 ($22.61 in chips)
Seat 5: c54370af ($10 in chips)
Seat 6: e4f64670 ($11.54 in chips)
7a1e1ed9: posts small blind $0.05
ce0836a3: posts big blind $0.1
*** HOLE CARDS ***
Dealt to fee56e55 
Dealt to Hero [As Qs]
Dealt to 7a1e1ed9 
Dealt to ce0836a3 
Dealt to c54370af 
Dealt to e4f64670 
c54370af: folds
e4f64670: folds
fee56e55: folds
Hero: raises $0.14 to $0.24
7a1e1ed9: folds
ce0836a3: folds
Uncalled bet ($0.14) returned to Hero
*** SHOWDOWN ***
Hero collected $0.25 from pot
*** SUMMARY ***
Total pot $0.25 | Rake $0 | Jackpot $0 | Bingo $0 | Fortune $0 | Tax $0
Seat 1: fee56e55 folded before Flop (didn't bet)
Seat 2: Hero (button) collected ($0.25)
Seat 3: 7a1e1ed9 (small blind) folded before Flop
Seat 4: ce0836a3 (big blind) folded before Flop
Seat 5: c54370af folded before Flop (didn't bet)
Seat 6: e4f64670 folded before Flop (didn't bet)


Poker Hand #HD1848029379: Hold'em No Limit ($0.05/$0.1) - 2024/07/08 11:45:55
Table 'NLHRed33' 6-max Seat #1 is the button
Seat 1: fee56e55 ($13.31 in chips)
Seat 2: Hero ($12.72 in chips)
Seat 3: 7a1e1ed9 ($8.12 in chips)
Seat 4: ce0836a3 ($22.61 in chips)
Seat 5: c54370af ($10 in chips)
Seat 6: e4f64670 ($11.39 in chips)
Hero: posts small blind $0.05
7a1e1ed9: posts big blind $0.1
*** HOLE CARDS ***
Dealt to fee56e55 
Dealt to Hero [8s Ts]
Dealt to 7a1e1ed9 
Dealt to ce0836a3 
Dealt to c54370af 
Dealt to e4f64670 
ce0836a3: folds
c54370af: folds
e4f64670: raises $0.2 to $0.3
fee56e55: folds
Hero: folds
7a1e1ed9: folds
Uncalled bet ($0.2) returned to e4f64670
*** SHOWDOWN ***
e4f64670 collected $0.25 from pot
*** SUMMARY ***
Total pot $0.25 | Rake $0 | Jackpot $0 | Bingo $0 | Fortune $0 | Tax $0
Seat 1: fee56e55 (button) folded before Flop (didn't bet)
Seat 2: Hero (small blind) folded before Flop
Seat 3: 7a1e1ed9 (big blind) folded before Flop
Seat 4: ce0836a3 folded before Flop (didn't bet)
Seat 5: c54370af folded before Flop (didn't bet)
Seat 6: e4f64670 collected ($0.25)


Poker Hand #HD1848029269: Hold'em No Limit ($0.05/$0.1) - 2024/07/08 11:45:00
Table 'NLHRed33' 6-max Seat #6 is the button
Seat 1: fee56e55 ($13.36 in chips)
Seat 2: Hero ($12.92 in chips)
Seat 3: 7a1e1ed9 ($8.12 in chips)
Seat 4: ce0836a3 ($22.38 in chips)
Seat 5: c54370af ($10 in chips)
Seat 6: e4f64670 ($11.39 in chips)
fee56e55: posts small blind $0.05
Hero: posts big blind $0.1
*** HOLE CARDS ***
Dealt to fee56e55 
Dealt to Hero [9s Ah]
Dealt to 7a1e1ed9 
Dealt to ce0836a3 
Dealt to c54370af 
Dealt to e4f64670 
7a1e1ed9: folds
ce0836a3: raises $0.1 to $0.2
c54370af: folds
e4f64670: folds
fee56e55: folds
Hero: calls $0.1
*** FLOP *** [Kc 6h 8c]
Hero: checks
ce0836a3: checks
*** TURN *** [Kc 6h 8c] [5c]
Hero: checks
ce0836a3: bets $0.34
Hero: folds
Uncalled bet ($0.34) returned to ce0836a3
*** SHOWDOWN ***
ce0836a3 collected $0.43 from pot
*** SUMMARY ***
Total pot $0.45 | Rake $0.02 | Jackpot $0 | Bingo $0 | Fortune $0 | Tax $0
Board [Kc 6h 8c 5c]
Seat 1: fee56e55 (small blind) folded before Flop
Seat 2: Hero (big blind) folded on the Turn
Seat 3: 7a1e1ed9 folded before Flop (didn't bet)
Seat 4: ce0836a3 won ($0.43)
Seat 5: c54370af folded before Flop (didn't bet)
Seat 6: e4f64670 (button) folded before Flop (didn't bet)


Poker Hand #HD1848029137: Hold'em No Limit ($0.05/$0.1) - 2024/07/08 11:43:50
Table 'NLHRed33' 6-max Seat #5 is the button
Seat 1: fee56e55 ($13.46 in chips)
Seat 2: Hero ($11.59 in chips)
Seat 3: 7a1e1ed9 ($9.44 in chips)
Seat 4: ce0836a3 ($22.38 in chips)
Seat 5: c54370af ($10 in chips)
Seat 6: e4f64670 ($11.44 in chips)
e4f64670: posts small blind $0.05
fee56e55: posts big blind $0.1
*** HOLE CARDS ***
Dealt to fee56e55 
Dealt to Hero [Qc Qh]
Dealt to 7a1e1ed9 
Dealt to ce0836a3 
Dealt to c54370af 
Dealt to e4f64670 
Hero: raises $0.1 to $0.2
7a1e1ed9: calls $0.2
ce0836a3: folds
c54370af: folds
e4f64670: folds
fee56e55: folds
*** FLOP *** [6d 2s 5c]
Hero: checks
7a1e1ed9: bets $0.28
Hero: calls $0.28
*** TURN *** [6d 2s 5c] [2c]
Hero: checks
7a1e1ed9: bets $0.84
Hero: calls $0.84
*** RIVER *** [6d 2s 5c 2c] [Kd]
Hero: checks
7a1e1ed9: checks
Hero: shows [Qc Qh] (Pair of Queens and Pair of Twos)
7a1e1ed9: shows [8s Qs] (Pair of Twos)
*** SHOWDOWN ***
Hero collected $2.65 from pot
*** SUMMARY ***
Total pot $2.79 | Rake $0.14 | Jackpot $0 | Bingo $0 | Fortune $0 | Tax $0
Board [6d 2s 5c 2c Kd]
Seat 1: fee56e55 (big blind) folded before Flop
Seat 2: Hero showed [Qc Qh] and won ($2.65) with Pair of Queens and Pair of Twos
Seat 3: 7a1e1ed9 showed [8s Qs] and lost with Pair of Twos
Seat 4: ce0836a3 folded before Flop (didn't bet)
Seat 5: c54370af (button) folded before Flop (didn't bet)
Seat 6: e4f64670 (small blind) folded before Flop


Poker Hand #HD1848029111: Hold'em No Limit ($0.05/$0.1) - 2024/07/08 11:43:36
Table 'NLHRed33' 6-max Seat #4 is the button
Seat 1: fee56e55 ($13.46 in chips)
Seat 2: Hero ($11.59 in chips)
Seat 3: 7a1e1ed9 ($9.44 in chips)
Seat 4: ce0836a3 ($22.38 in chips)
Seat 5: c54370af ($10.05 in chips)
Seat 6: e4f64670 ($11.39 in chips)
c54370af: posts small blind $0.05
e4f64670: posts big blind $0.1
*** HOLE CARDS ***
Dealt to fee56e55 
Dealt to Hero [4s Qd]
Dealt to 7a1e1ed9 
Dealt to ce0836a3 
Dealt to c54370af 
Dealt to e4f64670 
fee56e55: folds
Hero: folds
7a1e1ed9: folds
ce0836a3: folds
c54370af: folds
Uncalled bet ($0.05) returned to e4f64670
*** SHOWDOWN ***
e4f64670 collected $0.1 from pot
*** SUMMARY ***
Total pot $0.1 | Rake $0 | Jackpot $0 | Bingo $0 | Fortune $0 | Tax $0
Seat 1: fee56e55 folded before Flop (didn't bet)
Seat 2: Hero folded before Flop (didn't bet)
Seat 3: 7a1e1ed9 folded before Flop (didn't bet)
Seat 4: ce0836a3 (button) folded before Flop (didn't bet)
Seat 5: c54370af (small blind) folded before Flop
Seat 6: e4f64670 (big blind) collected ($0.1)


Poker Hand #HD1848029064: Hold'em No Limit ($0.05/$0.1) - 2024/07/08 11:43:09
Table 'NLHRed33' 6-max Seat #3 is the button
Seat 1: fee56e55 ($13.46 in chips)
Seat 2: Hero ($11.59 in chips)
Seat 3: 7a1e1ed9 ($9.44 in chips)
Seat 4: ce0836a3 ($22.29 in chips)
Seat 5: c54370af ($10.15 in chips)
Seat 6: e4f64670 ($11.39 in chips)
ce0836a3: posts small blind $0.05
c54370af: posts big blind $0.1
*** HOLE CARDS ***
Dealt to fee56e55 
Dealt to Hero [Th 2d]
Dealt to 7a1e1ed9 
Dealt to ce0836a3 
Dealt to c54370af 
Dealt to e4f64670 
e4f64670: folds
fee56e55: folds
Hero: folds
7a1e1ed9: folds
ce0836a3: calls $0.05
c54370af: checks
*** FLOP *** [Qh 6h 3h]
ce0836a3: bets $0.1
c54370af: folds
Uncalled bet ($0.1) returned to ce0836a3
*** SHOWDOWN ***
ce0836a3 collected $0.19 from pot
*** SUMMARY ***
Total pot $0.2 | Rake $0.01 | Jackpot $0 | Bingo $0 | Fortune $0 | Tax $0
Board [Qh 6h 3h]
Seat 1: fee56e55 folded before Flop (didn't bet)
Seat 2: Hero folded before Flop (didn't bet)
Seat 3: 7a1e1ed9 (button) folded before Flop (didn't bet)
Seat 4: ce0836a3 (small blind) won ($0.19)
Seat 5: c54370af (big blind) folded on the Flop
Seat 6: e4f64670 folded before Flop (didn't bet)


Poker Hand #HD1848028943: Hold'em No Limit ($0.05/$0.1) - 2024/07/08 11:42:10
Table 'NLHRed33' 6-max Seat #2 is the button
Seat 1: fee56e55 ($13.46 in chips)
Seat 2: Hero ($11.59 in chips)
Seat 3: 7a1e1ed9 ($9.9 in chips)
Seat 4: ce0836a3 ($21.87 in chips)
Seat 5: c54370af ($10.15 in chips)
Seat 6: e4f64670 ($11.39 in chips)
7a1e1ed9: posts small blind $0.05
ce0836a3: posts big blind $0.1
*** HOLE CARDS ***
Dealt to fee56e55 
Dealt to Hero [2h 3d]
Dealt to 7a1e1ed9 
Dealt to ce0836a3 
Dealt to c54370af 
Dealt to e4f64670 
c54370af: folds
e4f64670: folds
fee56e55: folds
Hero: folds
7a1e1ed9: raises $0.13 to $0.23
ce0836a3: calls $0.13
*** FLOP *** [6s Ah Qs]
7a1e1ed9: checks
ce0836a3: checks
*** TURN *** [6s Ah Qs] [5h]
7a1e1ed9: checks
ce0836a3: bets $0.23
7a1e1ed9: calls $0.23
*** RIVER *** [6s Ah Qs 5h] [2c]
7a1e1ed9: checks
ce0836a3: checks
7a1e1ed9: shows [7h 7c] (Pair of Sevens)
ce0836a3: shows [As 8h] (Pair of Aces)
*** SHOWDOWN ***
ce0836a3 collected $0.88 from pot
*** SUMMARY ***
Total pot $0.92 | Rake $0.04 | Jackpot $0 | Bingo $0 | Fortune $0 | Tax $0
Board [6s Ah Qs 5h 2c]
Seat 1: fee56e55 folded before Flop (didn't bet)
Seat 2: Hero (button) folded before Flop (didn't bet)
Seat 3: 7a1e1ed9 (small blind) showed [7h 7c] and lost with Pair of Sevens
Seat 4: ce0836a3 (big blind) showed [As 8h] and won ($0.88) with Pair of Aces
Seat 5: c54370af folded before Flop (didn't bet)
Seat 6: e4f64670 folded before Flop (didn't bet)


Poker Hand #HD1848028910: Hold'em No Limit ($0.05/$0.1) - 2024/07/08 11:41:49
Table 'NLHRed33' 6-max Seat #1 is the button
Seat 1: fee56e55 ($13.46 in chips)
Seat 2: Hero ($11.64 in chips)
Seat 3: 7a1e1ed9 ($10 in chips)
Seat 4: ce0836a3 ($21.87 in chips)
Seat 5: c54370af ($10 in chips)
Seat 6: e4f64670 ($11.39 in chips)
Hero: posts small blind $0.05
7a1e1ed9: posts big blind $0.1
*** HOLE CARDS ***
Dealt to fee56e55 
Dealt to Hero [4s 8d]
Dealt to 7a1e1ed9 
Dealt to ce0836a3 
Dealt to c54370af 
Dealt to e4f64670 
ce0836a3: folds
c54370af: raises $0.15 to $0.25
e4f64670: folds
fee56e55: folds
Hero: folds
7a1e1ed9: folds
Uncalled bet ($0.15) returned to c54370af
*** SHOWDOWN ***
c54370af collected $0.25 from pot
*** SUMMARY ***
Total pot $0.25 | Rake $0 | Jackpot $0 | Bingo $0 | Fortune $0 | Tax $0
Seat 1: fee56e55 (button) folded before Flop (didn't bet)
Seat 2: Hero (small blind) folded before Flop
Seat 3: 7a1e1ed9 (big blind) folded before Flop
Seat 4: ce0836a3 folded before Flop (didn't bet)
Seat 5: c54370af collected ($0.25)
Seat 6: e4f64670 folded before Flop (didn't bet)


Poker Hand #HD1848028720: Hold'em No Limit ($0.05/$0.1) - 2024/07/08 11:40:11
Table 'NLHRed33' 6-max Seat #6 is the button
Seat 1: fee56e55 ($11.46 in chips)
Seat 2: Hero ($13.96 in chips)
Seat 4: ce0836a3 ($21.87 in chips)
Seat 5: c54370af ($10 in chips)
Seat 6: e4f64670 ($11.39 in chips)
fee56e55: posts small blind $0.05
Hero: posts big blind $0.1
*** HOLE CARDS ***
Dealt to fee56e55 
Dealt to Hero [Jh 9h]
Dealt to ce0836a3 
Dealt to c54370af 
Dealt to e4f64670 
ce0836a3: folds
c54370af: folds
e4f64670: folds
fee56e55: raises $0.2 to $0.3
Hero: calls $0.2
*** FLOP *** [9s 8d 6h]
fee56e55: checks
Hero: bets $0.3
fee56e55: raises $0.58 to $0.88
Hero: calls $0.58
*** TURN *** [9s 8d 6h] [Ad]
fee56e55: bets $1.14
Hero: calls $1.14
*** RIVER *** [9s 8d 6h Ad] [2h]
fee56e55: bets $2.23
Hero: folds
Uncalled bet ($2.23) returned to fee56e55
*** SHOWDOWN ***
fee56e55 collected $4.32 from pot
*** SUMMARY ***
Total pot $4.64 | Rake $0.22 | Jackpot $0.1 | Bingo $0 | Fortune $0 | Tax $0
Board [9s 8d 6h Ad 2h]
Seat 1: fee56e55 (small blind) won ($4.32)
Seat 2: Hero (big blind) folded on the River
Seat 4: ce0836a3 folded before Flop (didn't bet)
Seat 5: c54370af folded before Flop (didn't bet)
Seat 6: e4f64670 (button) folded before Flop (didn't bet)


Poker Hand #HD1848028685: Hold'em No Limit ($0.05/$0.1) - 2024/07/08 11:39:50
Table 'NLHRed33' 6-max Seat #5 is the button
Seat 1: fee56e55 ($11.41 in chips)
Seat 2: Hero ($13.96 in chips)
Seat 4: ce0836a3 ($21.87 in chips)
Seat 5: c54370af ($10 in chips)
Seat 6: e4f64670 ($11.44 in chips)
e4f64670: posts small blind $0.05
fee56e55: posts big blind $0.1
*** HOLE CARDS ***
Dealt to fee56e55 
Dealt to Hero [2c Qd]
Dealt to ce0836a3 
Dealt to c54370af 
Dealt to e4f64670 
Hero: folds
ce0836a3: folds
c54370af: folds
e4f64670: folds
Uncalled bet ($0.05) returned to fee56e55
*** SHOWDOWN ***
fee56e55 collected $0.1 from pot
*** SUMMARY ***
Total pot $0.1 | Rake $0 | Jackpot $0 | Bingo $0 | Fortune $0 | Tax $0
Seat 1: fee56e55 (big blind) collected ($0.1)
Seat 2: Hero folded before Flop (didn't bet)
Seat 4: ce0836a3 folded before Flop (didn't bet)
Seat 5: c54370af (button) folded before Flop (didn't bet)
Seat 6: e4f64670 (small blind) folded before Flop


Poker Hand #HD1848028646: Hold'em No Limit ($0.05/$0.1) - 2024/07/08 11:39:30
Table 'NLHRed33' 6-max Seat #4 is the button
Seat 1: fee56e55 ($11.26 in chips)
Seat 2: Hero ($13.96 in chips)
Seat 4: ce0836a3 ($21.87 in chips)
Seat 5: c54370af ($10 in chips)
Seat 6: e4f64670 ($11.54 in chips)
c54370af: posts small blind $0.05
e4f64670: posts big blind $0.1
*** HOLE CARDS ***
Dealt to fee56e55 
Dealt to Hero [Ah 2c]
Dealt to ce0836a3 
Dealt to c54370af 
Dealt to e4f64670 
fee56e55: raises $0.2 to $0.3
Hero: folds
ce0836a3: folds
c54370af: folds
e4f64670: folds
Uncalled bet ($0.2) returned to fee56e55
*** SHOWDOWN ***
fee56e55 collected $0.25 from pot
*** SUMMARY ***
Total pot $0.25 | Rake $0 | Jackpot $0 | Bingo $0 | Fortune $0 | Tax $0
Seat 1: fee56e55 collected ($0.25)
Seat 2: Hero folded before Flop (didn't bet)
Seat 4: ce0836a3 (button) folded before Flop (didn't bet)
Seat 5: c54370af (small blind) folded before Flop
Seat 6: e4f64670 (big blind) folded before Flop


Poker Hand #HD1848028483: Hold'em No Limit ($0.05/$0.1) - 2024/07/08 11:38:05
Table 'NLHRed33' 6-max Seat #2 is the button
Seat 1: fee56e55 ($11.26 in chips)
Seat 2: Hero ($13.96 in chips)
Seat 4: ce0836a3 ($21.56 in chips)
Seat 5: c54370af ($10 in chips)
Seat 6: e4f64670 ($11.54 in chips)
ce0836a3: posts small blind $0.05
c54370af: posts big blind $0.1
*** HOLE CARDS ***
Dealt to fee56e55 
Dealt to Hero [Qh 7c]
Dealt to ce0836a3 
Dealt to c54370af 
Dealt to e4f64670 
e4f64670: folds
fee56e55: folds
Hero: folds
ce0836a3: raises $0.1 to $0.2
c54370af: calls $0.1
*** FLOP *** [Jc Ah As]
ce0836a3: checks
c54370af: bets $0.14
ce0836a3: calls $0.14
*** TURN *** [Jc Ah As] [4d]
ce0836a3: checks
c54370af: checks
*** RIVER *** [Jc Ah As 4d] [8d]
ce0836a3: checks
c54370af: checks
ce0836a3: shows [2d Ac] (Three Aces)
c54370af: shows [6s 6d] (Pair of Aces and Pair of Sixes)
*** SHOWDOWN ***
ce0836a3 collected $0.65 from pot
*** SUMMARY ***
Total pot $0.68 | Rake $0.03 | Jackpot $0 | Bingo $0 | Fortune $0 | Tax $0
Board [Jc Ah As 4d 8d]
Seat 1: fee56e55 folded before Flop (didn't bet)
Seat 2: Hero (button) folded before Flop (didn't bet)
Seat 4: ce0836a3 (small blind) showed [2d Ac] and won ($0.65) with Three Aces
Seat 5: c54370af (big blind) showed [6s 6d] and lost with Pair of Aces and Pair of Sixes
Seat 6: e4f64670 folded before Flop (didn't bet)


Poker Hand #HD1848028453: Hold'em No Limit ($0.05/$0.1) - 2024/07/08 11:37:46
Table 'NLHRed33' 6-max Seat #1 is the button
Seat 1: fee56e55 ($11.26 in chips)
Seat 2: Hero ($14.01 in chips)
Seat 3: 95904954 ($9.85 in chips)
Seat 4: ce0836a3 ($21.56 in chips)
Seat 5: c54370af ($10 in chips)
Seat 6: e4f64670 ($11.54 in chips)
Hero: posts small blind $0.05
95904954: posts big blind $0.1
*** HOLE CARDS ***
Dealt to fee56e55 
Dealt to Hero [5s Ts]
Dealt to 95904954 
Dealt to ce0836a3 
Dealt to c54370af 
Dealt to e4f64670 
ce0836a3: folds
c54370af: folds
e4f64670: folds
fee56e55: folds
Hero: folds
Uncalled bet ($0.05) returned to 95904954
*** SHOWDOWN ***
95904954 collected $0.1 from pot
*** SUMMARY ***
Total pot $0.1 | Rake $0 | Jackpot $0 | Bingo $0 | Fortune $0 | Tax $0
Seat 1: fee56e55 (button) folded before Flop (didn't bet)
Seat 2: Hero (small blind) folded before Flop
Seat 3: 95904954 (big blind) collected ($0.1)
Seat 4: ce0836a3 folded before Flop (didn't bet)
Seat 5: c54370af folded before Flop (didn't bet)
Seat 6: e4f64670 folded before Flop (didn't bet)


Poker Hand #HD1848028409: Hold'em No Limit ($0.05/$0.1) - 2024/07/08 11:37:28
Table 'NLHRed33' 6-max Seat #6 is the button
Seat 1: fee56e55 ($11.31 in chips)
Seat 2: Hero ($13.96 in chips)
Seat 3: 95904954 ($9.85 in chips)
Seat 4: ce0836a3 ($21.56 in chips)
Seat 5: c54370af ($10 in chips)
Seat 6: e4f64670 ($11.54 in chips)
fee56e55: posts small blind $0.05
Hero: posts big blind $0.1
*** HOLE CARDS ***
Dealt to fee56e55 
Dealt to Hero [6d Qd]
Dealt to 95904954 
Dealt to ce0836a3 
Dealt to c54370af 
Dealt to e4f64670 
95904954: folds
ce0836a3: folds
c54370af: folds
e4f64670: folds
fee56e55: folds
Uncalled bet ($0.05) returned to Hero
*** SHOWDOWN ***
Hero collected $0.1 from pot
*** SUMMARY ***
Total pot $0.1 | Rake $0 | Jackpot $0 | Bingo $0 | Fortune $0 | Tax $0
Seat 1: fee56e55 (small blind) folded before Flop
Seat 2: Hero (big blind) collected ($0.1)
Seat 3: 95904954 folded before Flop (didn't bet)
Seat 4: ce0836a3 folded before Flop (didn't bet)
Seat 5: c54370af folded before Flop (didn't bet)
Seat 6: e4f64670 (button) folded before Flop (didn't bet)


Poker Hand #HD1848028305: Hold'em No Limit ($0.05/$0.1) - 2024/07/08 11:36:29
Table 'NLHRed33' 6-max Seat #5 is the button
Seat 1: fee56e55 ($10.3 in chips)
Seat 2: Hero ($13.96 in chips)
Seat 3: 95904954 ($9.85 in chips)
Seat 4: ce0836a3 ($21.56 in chips)
Seat 5: c54370af ($10 in chips)
Seat 6: e4f64670 ($11.59 in chips)
e4f64670: posts small blind $0.05
fee56e55: posts big blind $0.1
*** HOLE CARDS ***
Dealt to fee56e55 
Dealt to Hero [Ts 3d]
Dealt to 95904954 
Dealt to ce0836a3 
Dealt to c54370af 
Dealt to e4f64670 
Hero: folds
95904954: folds
ce0836a3: folds
c54370af: raises $0.15 to $0.25
e4f64670: folds
fee56e55: calls $0.15
*** FLOP *** [As Jd 2s]
fee56e55: checks
c54370af: bets $0.19
fee56e55: calls $0.19
*** TURN *** [As Jd 2s] [Kh]
fee56e55: checks
c54370af: bets $0.62
fee56e55: calls $0.62
*** RIVER *** [As Jd 2s Kh] [3s]
fee56e55: checks
c54370af: checks
fee56e55: shows [Ad 8h] (Pair of Aces)
c54370af: shows [Qc 9c] (Ace-High)
*** SHOWDOWN ***
fee56e55 collected $2.07 from pot
*** SUMMARY ***
Total pot $2.17 | Rake $0.1 | Jackpot $0 | Bingo $0 | Fortune $0 | Tax $0
Board [As Jd 2s Kh 3s]
Seat 1: fee56e55 (big blind) showed [Ad 8h] and won ($2.07) with Pair of Aces
Seat 2: Hero folded before Flop (didn't bet)
Seat 3: 95904954 folded before Flop (didn't bet)
Seat 4: ce0836a3 folded before Flop (didn't bet)
Seat 5: c54370af (button) showed [Qc 9c] and lost with Ace-High
Seat 6: e4f64670 (small blind) folded before Flop


Poker Hand #HD1848028260: Hold'em No Limit ($0.05/$0.1) - 2024/07/08 11:36:08
Table 'NLHRed33' 6-max Seat #4 is the button
Seat 1: fee56e55 ($10.3 in chips)
Seat 2: Hero ($13.81 in chips)
Seat 3: 95904954 ($9.85 in chips)
Seat 4: ce0836a3 ($21.56 in chips)
Seat 5: c54370af ($10 in chips)
Seat 6: e4f64670 ($11.69 in chips)
c54370af: posts small blind $0.05
e4f64670: posts big blind $0.1
*** HOLE CARDS ***
Dealt to fee56e55 
Dealt to Hero [Kc Js]
Dealt to 95904954 
Dealt to ce0836a3 
Dealt to c54370af 
Dealt to e4f64670 
fee56e55: folds
Hero: raises $0.1 to $0.2
95904954: folds
ce0836a3: folds
c54370af: folds
e4f64670: folds
Uncalled bet ($0.1) returned to Hero
*** SHOWDOWN ***
Hero collected $0.25 from pot
*** SUMMARY ***
Total pot $0.25 | Rake $0 | Jackpot $0 | Bingo $0 | Fortune $0 | Tax $0
Seat 1: fee56e55 folded before Flop (didn't bet)
Seat 2: Hero collected ($0.25)
Seat 3: 95904954 folded before Flop (didn't bet)
Seat 4: ce0836a3 (button) folded before Flop (didn't bet)
Seat 5: c54370af (small blind) folded before Flop
Seat 6: e4f64670 (big blind) folded before Flop


Poker Hand #HD1848028122: Hold'em No Limit ($0.05/$0.1) - 2024/07/08 11:34:51
Table 'NLHRed33' 6-max Seat #3 is the button
Seat 1: fee56e55 ($10.3 in chips)
Seat 2: Hero ($12.38 in chips)
Seat 3: 95904954 ($9.85 in chips)
Seat 4: ce0836a3 ($21.61 in chips)
Seat 5: c54370af ($10 in chips)
Seat 6: e4f64670 ($11.69 in chips)
ce0836a3: posts small blind $0.05
c54370af: posts big blind $0.1
*** HOLE CARDS ***
Dealt to fee56e55 
Dealt to Hero [Js Ad]
Dealt to 95904954 
Dealt to ce0836a3 
Dealt to c54370af 
Dealt to e4f64670 
e4f64670: folds
fee56e55: folds
Hero: raises $0.14 to $0.24
95904954: folds
ce0836a3: folds
c54370af: calls $0.14
*** FLOP *** [As 3d 6h]
c54370af: checks
Hero: checks
*** TURN *** [As 3d 6h] [8s]
c54370af: bets $0.4
Hero: calls $0.4
*** RIVER *** [As 3d 6h 8s] [Ac]
c54370af: bets $1
Hero: raises $1.5 to $2.5
c54370af: folds
Uncalled bet ($1.5) returned to Hero
*** SHOWDOWN ***
Hero collected $3.07 from pot
*** SUMMARY ***
Total pot $3.33 | Rake $0.16 | Jackpot $0.1 | Bingo $0 | Fortune $0 | Tax $0
Board [As 3d 6h 8s Ac]
Seat 1: fee56e55 folded before Flop (didn't bet)
Seat 2: Hero won ($3.07)
Seat 3: 95904954 (button) folded before Flop (didn't bet)
Seat 4: ce0836a3 (small blind) folded before Flop
Seat 5: c54370af (big blind) folded on the River
Seat 6: e4f64670 folded before Flop (didn't bet)


Poker Hand #HD1848028084: Hold'em No Limit ($0.05/$0.1) - 2024/07/08 11:34:34
Table 'NLHRed33' 6-max Seat #2 is the button
Seat 1: fee56e55 ($10.3 in chips)
Seat 2: Hero ($12.38 in chips)
Seat 3: 95904954 ($9.9 in chips)
Seat 4: ce0836a3 ($21.56 in chips)
Seat 5: c54370af ($10 in chips)
Seat 6: e4f64670 ($11.69 in chips)
95904954: posts small blind $0.05
ce0836a3: posts big blind $0.1
*** HOLE CARDS ***
Dealt to fee56e55 
Dealt to Hero [Qs 6h]
Dealt to 95904954 
Dealt to ce0836a3 
Dealt to c54370af 
Dealt to e4f64670 
c54370af: folds
e4f64670: folds
fee56e55: folds
Hero: folds
95904954: folds
Uncalled bet ($0.05) returned to ce0836a3
*** SHOWDOWN ***
ce0836a3 collected $0.1 from pot
*** SUMMARY ***
Total pot $0.1 | Rake $0 | Jackpot $0 | Bingo $0 | Fortune $0 | Tax $0
Seat 1: fee56e55 folded before Flop (didn't bet)
Seat 2: Hero (button) folded before Flop (didn't bet)
Seat 3: 95904954 (small blind) folded before Flop
Seat 4: ce0836a3 (big blind) collected ($0.1)
Seat 5: c54370af folded before Flop (didn't bet)
Seat 6: e4f64670 folded before Flop (didn't bet)


Poker Hand #HD1848028036: Hold'em No Limit ($0.05/$0.1) - 2024/07/08 11:34:09
Table 'NLHRed33' 6-max Seat #1 is the button
Seat 1: fee56e55 ($10.15 in chips)
Seat 2: Hero ($12.43 in chips)
Seat 3: 95904954 ($10 in chips)
Seat 4: ce0836a3 ($21.56 in chips)
Seat 5: c54370af ($10 in chips)
Seat 6: e4f64670 ($11.69 in chips)
Hero: posts small blind $0.05
95904954: posts big blind $0.1
*** HOLE CARDS ***
Dealt to fee56e55 
Dealt to Hero [6c 4s]
Dealt to 95904954 
Dealt to ce0836a3 
Dealt to c54370af 
Dealt to e4f64670 
ce0836a3: folds
c54370af: folds
e4f64670: folds
fee56e55: raises $0.15 to $0.25
Hero: folds
95904954: folds
Uncalled bet ($0.15) returned to fee56e55
*** SHOWDOWN ***
fee56e55 collected $0.25 from pot
*** SUMMARY ***
Total pot $0.25 | Rake $0 | Jackpot $0 | Bingo $0 | Fortune $0 | Tax $0
Seat 1: fee56e55 (button) collected ($0.25)
Seat 2: Hero (small blind) folded before Flop
Seat 3: 95904954 (big blind) folded before Flop
Seat 4: ce0836a3 folded before Flop (didn't bet)
Seat 5: c54370af folded before Flop (didn't bet)
Seat 6: e4f64670 folded before Flop (didn't bet)


Poker Hand #HD1848028003: Hold'em No Limit ($0.05/$0.1) - 2024/07/08 11:33:52
Table 'NLHRed33' 6-max Seat #6 is the button
Seat 1: fee56e55 ($10.05 in chips)
Seat 2: Hero ($12.53 in chips)
Seat 4: ce0836a3 ($21.56 in chips)
Seat 5: c54370af ($10 in chips)
Seat 6: e4f64670 ($11.69 in chips)
fee56e55: posts small blind $0.05
Hero: posts big blind $0.1
*** HOLE CARDS ***
Dealt to fee56e55 
Dealt to Hero [3c 6c]
Dealt to ce0836a3 
Dealt to c54370af 
Dealt to e4f64670 
ce0836a3: folds
c54370af: folds
e4f64670: folds
fee56e55: raises $0.2 to $0.3
Hero: folds
Uncalled bet ($0.2) returned to fee56e55
*** SHOWDOWN ***
fee56e55 collected $0.2 from pot
*** SUMMARY ***
Total pot $0.2 | Rake $0 | Jackpot $0 | Bingo $0 | Fortune $0 | Tax $0
Seat 1: fee56e55 (small blind) collected ($0.2)
Seat 2: Hero (big blind) folded before Flop
Seat 4: ce0836a3 folded before Flop (didn't bet)
Seat 5: c54370af folded before Flop (didn't bet)
Seat 6: e4f64670 (button) folded before Flop (didn't bet)


Poker Hand #HD1848027979: Hold'em No Limit ($0.05/$0.1) - 2024/07/08 11:33:38
Table 'NLHRed33' 6-max Seat #5 is the button
Seat 1: fee56e55 ($10 in chips)
Seat 2: Hero ($12.53 in chips)
Seat 4: ce0836a3 ($21.56 in chips)
Seat 5: c54370af ($10 in chips)
Seat 6: e4f64670 ($11.74 in chips)
e4f64670: posts small blind $0.05
fee56e55: posts big blind $0.1
*** HOLE CARDS ***
Dealt to fee56e55 
Dealt to Hero [2h 3h]
Dealt to ce0836a3 
Dealt to c54370af 
Dealt to e4f64670 
Hero: folds
ce0836a3: folds
c54370af: folds
e4f64670: folds
Uncalled bet ($0.05) returned to fee56e55
*** SHOWDOWN ***
fee56e55 collected $0.1 from pot
*** SUMMARY ***
Total pot $0.1 | Rake $0 | Jackpot $0 | Bingo $0 | Fortune $0 | Tax $0
Seat 1: fee56e55 (big blind) collected ($0.1)
Seat 2: Hero folded before Flop (didn't bet)
Seat 4: ce0836a3 folded before Flop (didn't bet)
Seat 5: c54370af (button) folded before Flop (didn't bet)
Seat 6: e4f64670 (small blind) folded before Flop


Poker Hand #HD1848027860: Hold'em No Limit ($0.05/$0.1) - 2024/07/08 11:32:41
Table 'NLHRed33' 6-max Seat #4 is the button
Seat 1: fee56e55 ($10 in chips)
Seat 2: Hero ($12.53 in chips)
Seat 4: ce0836a3 ($20.63 in chips)
Seat 5: c54370af ($10 in chips)
Seat 6: e4f64670 ($11.84 in chips)
c54370af: posts small blind $0.05
e4f64670: posts big blind $0.1
*** HOLE CARDS ***
Dealt to fee56e55 
Dealt to Hero [4c 3c]
Dealt to ce0836a3 
Dealt to c54370af 
Dealt to e4f64670 
fee56e55: raises $0.2 to $0.3
Hero: folds
ce0836a3: calls $0.3
c54370af: folds
e4f64670: folds
*** FLOP *** [3s Ad Jc]
fee56e55: checks
ce0836a3: checks
*** TURN *** [3s Ad Jc] [Qc]
fee56e55: bets $0.57
ce0836a3: raises $1.42 to $1.99
fee56e55: folds
Uncalled bet ($1.42) returned to ce0836a3
*** SHOWDOWN ***
ce0836a3 collected $1.8 from pot
*** SUMMARY ***
Total pot $1.89 | Rake $0.09 | Jackpot $0 | Bingo $0 | Fortune $0 | Tax $0
Board [3s Ad Jc Qc]
Seat 1: fee56e55 folded on the Turn
Seat 2: Hero folded before Flop (didn't bet)
Seat 4: ce0836a3 (button) won ($1.8)
Seat 5: c54370af (small blind) folded before Flop
Seat 6: e4f64670 (big blind) folded before Flop


Poker Hand #HD1848027809: Hold'em No Limit ($0.05/$0.1) - 2024/07/08 11:32:17
Table 'NLHRed33' 6-max Seat #2 is the button
Seat 1: fee56e55 ($10 in chips)
Seat 2: Hero ($12.53 in chips)
Seat 4: ce0836a3 ($20.53 in chips)
Seat 5: c54370af ($10 in chips)
Seat 6: e4f64670 ($11.84 in chips)
ce0836a3: posts small blind $0.05
c54370af: posts big blind $0.1
*** HOLE CARDS ***
Dealt to fee56e55 
Dealt to Hero [Ac 2d]
Dealt to ce0836a3 
Dealt to c54370af 
Dealt to e4f64670 
e4f64670: folds
fee56e55: folds
Hero: folds
ce0836a3: raises $0.1 to $0.2
c54370af: folds
Uncalled bet ($0.1) returned to ce0836a3
*** SHOWDOWN ***
ce0836a3 collected $0.2 from pot
*** SUMMARY ***
Total pot $0.2 | Rake $0 | Jackpot $0 | Bingo $0 | Fortune $0 | Tax $0
Seat 1: fee56e55 folded before Flop (didn't bet)
Seat 2: Hero (button) folded before Flop (didn't bet)
Seat 4: ce0836a3 (small blind) collected ($0.2)
Seat 5: c54370af (big blind) folded before Flop
Seat 6: e4f64670 folded before Flop (didn't bet)


Poker Hand #HD1848027789: Hold'em No Limit ($0.05/$0.1) - 2024/07/08 11:32:07
Table 'NLHRed33' 6-max Seat #1 is the button
Seat 1: fee56e55 ($10 in chips)
Seat 2: Hero ($12.58 in chips)
Seat 4: ce0836a3 ($20.48 in chips)
Seat 5: c54370af ($10 in chips)
Seat 6: e4f64670 ($11.84 in chips)
Hero: posts small blind $0.05
ce0836a3: posts big blind $0.1
*** HOLE CARDS ***
Dealt to fee56e55 
Dealt to Hero [4s 8h]
Dealt to ce0836a3 
Dealt to c54370af 
Dealt to e4f64670 
c54370af: folds
e4f64670: folds
fee56e55: folds
Hero: folds
Uncalled bet ($0.05) returned to ce0836a3
*** SHOWDOWN ***
ce0836a3 collected $0.1 from pot
*** SUMMARY ***
Total pot $0.1 | Rake $0 | Jackpot $0 | Bingo $0 | Fortune $0 | Tax $0
Seat 1: fee56e55 (button) folded before Flop (didn't bet)
Seat 2: Hero (small blind) folded before Flop
Seat 4: ce0836a3 (big blind) collected ($0.1)
Seat 5: c54370af folded before Flop (didn't bet)
Seat 6: e4f64670 folded before Flop (didn't bet)


Poker Hand #HD1848027765: Hold'em No Limit ($0.05/$0.1) - 2024/07/08 11:31:56
Table 'NLHRed33' 6-max Seat #6 is the button
Seat 1: fee56e55 ($10.05 in chips)
Seat 2: Hero ($12.53 in chips)
Seat 4: ce0836a3 ($20.48 in chips)
Seat 5: c54370af ($10 in chips)
Seat 6: e4f64670 ($11.84 in chips)
fee56e55: posts small blind $0.05
Hero: posts big blind $0.1
*** HOLE CARDS ***
Dealt to fee56e55 
Dealt to Hero [Qh Kh]
Dealt to ce0836a3 
Dealt to c54370af 
Dealt to e4f64670 
ce0836a3: folds
c54370af: folds
e4f64670: folds
fee56e55: folds
Uncalled bet ($0.05) returned to Hero
*** SHOWDOWN ***
Hero collected $0.1 from pot
*** SUMMARY ***
Total pot $0.1 | Rake $0 | Jackpot $0 | Bingo $0 | Fortune $0 | Tax $0
Seat 1: fee56e55 (small blind) folded before Flop
Seat 2: Hero (big blind) collected ($0.1)
Seat 4: ce0836a3 folded before Flop (didn't bet)
Seat 5: c54370af folded before Flop (didn't bet)
Seat 6: e4f64670 (button) folded before Flop (didn't bet)


Poker Hand #HD1848027751: Hold'em No Limit ($0.05/$0.1) - 2024/07/08 11:31:49
Table 'NLHRed33' 6-max Seat #5 is the button
Seat 1: fee56e55 ($10 in chips)
Seat 2: Hero ($12.53 in chips)
Seat 4: ce0836a3 ($20.48 in chips)
Seat 5: c54370af ($10 in chips)
Seat 6: e4f64670 ($11.89 in chips)
e4f64670: posts small blind $0.05
fee56e55: posts big blind $0.1
*** HOLE CARDS ***
Dealt to fee56e55 
Dealt to Hero [Qc 9s]
Dealt to ce0836a3 
Dealt to c54370af 
Dealt to e4f64670 
Hero: folds
ce0836a3: folds
c54370af: folds
e4f64670: folds
Uncalled bet ($0.05) returned to fee56e55
*** SHOWDOWN ***
fee56e55 collected $0.1 from pot
*** SUMMARY ***
Total pot $0.1 | Rake $0 | Jackpot $0 | Bingo $0 | Fortune $0 | Tax $0
Seat 1: fee56e55 (big blind) collected ($0.1)
Seat 2: Hero folded before Flop (didn't bet)
Seat 4: ce0836a3 folded before Flop (didn't bet)
Seat 5: c54370af (button) folded before Flop (didn't bet)
Seat 6: e4f64670 (small blind) folded before Flop


Poker Hand #HD1848027686: Hold'em No Limit ($0.05/$0.1) - 2024/07/08 11:31:14
Table 'NLHRed33' 6-max Seat #4 is the button
Seat 1: 65c3941f ($25.87 in chips)
Seat 2: Hero ($12.73 in chips)
Seat 4: ce0836a3 ($20.48 in chips)
Seat 5: c54370af ($10.05 in chips)
Seat 6: e4f64670 ($11.66 in chips)
c54370af: posts small blind $0.05
e4f64670: posts big blind $0.1
*** HOLE CARDS ***
Dealt to 65c3941f 
Dealt to Hero [Jd Qs]
Dealt to ce0836a3 
Dealt to c54370af 
Dealt to e4f64670 
65c3941f: folds
Hero: raises $0.1 to $0.2
ce0836a3: folds
c54370af: folds
e4f64670: raises $0.6 to $0.8
Hero: folds
Uncalled bet ($0.6) returned to e4f64670
*** SHOWDOWN ***
e4f64670 collected $0.43 from pot
*** SUMMARY ***
Total pot $0.45 | Rake $0.02 | Jackpot $0 | Bingo $0 | Fortune $0 | Tax $0
Seat 1: 65c3941f folded before Flop (didn't bet)
Seat 2: Hero folded before Flop
Seat 4: ce0836a3 (button) folded before Flop (didn't bet)
Seat 5: c54370af (small blind) folded before Flop
Seat 6: e4f64670 (big blind) collected ($0.43)


Poker Hand #HD1848027641: Hold'em No Limit ($0.05/$0.1) - 2024/07/08 11:30:53
Table 'NLHRed33' 6-max Seat #2 is the button
Seat 1: 65c3941f ($25.87 in chips)
Seat 2: Hero ($12.73 in chips)
Seat 4: ce0836a3 ($20.53 in chips)
Seat 5: c54370af ($10 in chips)
Seat 6: e4f64670 ($11.66 in chips)
ce0836a3: posts small blind $0.05
c54370af: posts big blind $0.1
*** HOLE CARDS ***
Dealt to 65c3941f 
Dealt to Hero [6s Jc]
Dealt to ce0836a3 
Dealt to c54370af 
Dealt to e4f64670 
e4f64670: folds
65c3941f: folds
Hero: folds
ce0836a3: folds
Uncalled bet ($0.05) returned to c54370af
*** SHOWDOWN ***
c54370af collected $0.1 from pot
*** SUMMARY ***
Total pot $0.1 | Rake $0 | Jackpot $0 | Bingo $0 | Fortune $0 | Tax $0
Seat 1: 65c3941f folded before Flop (didn't bet)
Seat 2: Hero (button) folded before Flop (didn't bet)
Seat 4: ce0836a3 (small blind) folded before Flop
Seat 5: c54370af (big blind) collected ($0.1)
Seat 6: e4f64670 folded before Flop (didn't bet)


Poker Hand #HD1848027600: Hold'em No Limit ($0.05/$0.1) - 2024/07/08 11:30:31
Table 'NLHRed33' 6-max Seat #1 is the button
Seat 1: 65c3941f ($25.87 in chips)
Seat 2: Hero ($12.78 in chips)
Seat 4: ce0836a3 ($20.63 in chips)
Seat 5: c54370af ($10 in chips)
Seat 6: e4f64670 ($11.51 in chips)
Hero: posts small blind $0.05
ce0836a3: posts big blind $0.1
*** HOLE CARDS ***
Dealt to 65c3941f 
Dealt to Hero [4s 6c]
Dealt to ce0836a3 
Dealt to c54370af 
Dealt to e4f64670 
c54370af: folds
e4f64670: raises $0.2 to $0.3
65c3941f: folds
Hero: folds
ce0836a3: folds
Uncalled bet ($0.2) returned to e4f64670
*** SHOWDOWN ***
e4f64670 collected $0.25 from pot
*** SUMMARY ***
Total pot $0.25 | Rake $0 | Jackpot $0 | Bingo $0 | Fortune $0 | Tax $0
Seat 1: 65c3941f (button) folded before Flop (didn't bet)
Seat 2: Hero (small blind) folded before Flop
Seat 4: ce0836a3 (big blind) folded before Flop
Seat 5: c54370af folded before Flop (didn't bet)
Seat 6: e4f64670 collected ($0.25)


Poker Hand #HD1848027439: Hold'em No Limit ($0.05/$0.1) - 2024/07/08 11:29:06
Table 'NLHRed33' 6-max Seat #6 is the button
Seat 1: 65c3941f ($34.47 in chips)
Seat 2: Hero ($12.88 in chips)
Seat 4: ce0836a3 ($12.89 in chips)
Seat 5: c54370af ($10 in chips)
Seat 6: e4f64670 ($11.51 in chips)
65c3941f: posts small blind $0.05
Hero: posts big blind $0.1
*** HOLE CARDS ***
Dealt to 65c3941f 
Dealt to Hero [7d 8h]
Dealt to ce0836a3 
Dealt to c54370af 
Dealt to e4f64670 
ce0836a3: raises $0.1 to $0.2
c54370af: folds
e4f64670: folds
65c3941f: calls $0.15
Hero: folds
*** FLOP *** [Ts Ah 3c]
65c3941f: checks
ce0836a3: checks
*** TURN *** [Ts Ah 3c] [5d]
65c3941f: bets $0.4
ce0836a3: calls $0.4
*** RIVER *** [Ts Ah 3c 5d] [3h]
65c3941f: bets $4
ce0836a3: raises $4 to $8
65c3941f: calls $4
ce0836a3: shows [3s 3d] (Four Treys)
65c3941f: shows [5s 5c] (Fives Full over Treys)
*** SHOWDOWN ***
ce0836a3 collected $16.34 from pot
*** SUMMARY ***
Total pot $17.3 | Rake $0.86 | Jackpot $0.1 | Bingo $0 | Fortune $0 | Tax $0
Board [Ts Ah 3c 5d 3h]
Seat 1: 65c3941f (small blind) showed [5s 5c] and lost with Fives Full over Treys
Seat 2: Hero (big blind) folded before Flop
Seat 4: ce0836a3 showed [3s 3d] and won ($16.34) with Four Treys
Seat 5: c54370af folded before Flop (didn't bet)
Seat 6: e4f64670 (button) folded before Flop (didn't bet)


Poker Hand #HD1848027401: Hold'em No Limit ($0.05/$0.1) - 2024/07/08 11:28:46
Table 'NLHRed33' 6-max Seat #5 is the button
Seat 1: 65c3941f ($34.57 in chips)
Seat 2: Hero ($12.88 in chips)
Seat 3: ae1f7e1f ($10 in chips)
Seat 4: ce0836a3 ($12.74 in chips)
Seat 5: c54370af ($10 in chips)
Seat 6: e4f64670 ($11.56 in chips)
e4f64670: posts small blind $0.05
65c3941f: posts big blind $0.1
*** HOLE CARDS ***
Dealt to 65c3941f 
Dealt to Hero [6h 8c]
Dealt to ae1f7e1f 
Dealt to ce0836a3 
Dealt to c54370af 
Dealt to e4f64670 
Hero: folds
ae1f7e1f: folds
ce0836a3: raises $0.1 to $0.2
c54370af: folds
e4f64670: folds
65c3941f: folds
Uncalled bet ($0.1) returned to ce0836a3
*** SHOWDOWN ***
ce0836a3 collected $0.25 from pot
*** SUMMARY ***
Total pot $0.25 | Rake $0 | Jackpot $0 | Bingo $0 | Fortune $0 | Tax $0
Seat 1: 65c3941f (big blind) folded before Flop
Seat 2: Hero folded before Flop (didn't bet)
Seat 3: ae1f7e1f folded before Flop (didn't bet)
Seat 4: ce0836a3 collected ($0.25)
Seat 5: c54370af (button) folded before Flop (didn't bet)
Seat 6: e4f64670 (small blind) folded before Flop


Poker Hand #HD1848027263: Hold'em No Limit ($0.05/$0.1) - 2024/07/08 11:27:33
Table 'NLHRed33' 6-max Seat #4 is the button
Seat 1: 65c3941f ($34.57 in chips)
Seat 2: Hero ($12.88 in chips)
Seat 3: ae1f7e1f ($10 in chips)
Seat 4: ce0836a3 ($9.61 in chips)
Seat 5: c54370af ($10 in chips)
Seat 6: e4f64670 ($11.66 in chips)
c54370af: posts small blind $0.05
e4f64670: posts big blind $0.1
*** HOLE CARDS ***
Dealt to 65c3941f 
Dealt to Hero [2s 7c]
Dealt to ae1f7e1f 
Dealt to ce0836a3 
Dealt to c54370af 
Dealt to e4f64670 
65c3941f: folds
Hero: folds
ae1f7e1f: raises $0.15 to $0.25
ce0836a3: calls $0.25
c54370af: folds
e4f64670: folds
*** FLOP *** [3d 7d 2d]
ae1f7e1f: bets $0.58
ce0836a3: calls $0.58
*** TURN *** [3d 7d 2d] [As]
ae1f7e1f: bets $1.2
ce0836a3: calls $1.2
*** RIVER *** [3d 7d 2d As] [Jc]
ae1f7e1f: checks
ce0836a3: bets $1.39
ae1f7e1f: calls $1.39
ce0836a3: shows [2c Ac] (Pair of Aces and Pair of Twos)
ae1f7e1f: shows [Ad 9c] (Pair of Aces)
*** SHOWDOWN ***
ce0836a3 collected $6.55 from pot
*** SUMMARY ***
Total pot $6.99 | Rake $0.34 | Jackpot $0.1 | Bingo $0 | Fortune $0 | Tax $0
Board [3d 7d 2d As Jc]
Seat 1: 65c3941f folded before Flop (didn't bet)
Seat 2: Hero folded before Flop (didn't bet)
Seat 3: ae1f7e1f showed [Ad 9c] and lost with Pair of Aces
Seat 4: ce0836a3 (button) showed [2c Ac] and won ($6.55) with Pair of Aces and Pair of Twos
Seat 5: c54370af (small blind) folded before Flop
Seat 6: e4f64670 (big blind) folded before Flop


Poker Hand #HD1848027070: Hold'em No Limit ($0.05/$0.1) - 2024/07/08 11:25:49
Table 'NLHRed33' 6-max Seat #3 is the button
Seat 1: 65c3941f ($23.98 in chips)
Seat 2: Hero ($12.88 in chips)
Seat 3: ae1f7e1f ($11.54 in chips)
Seat 4: ce0836a3 ($9.66 in chips)
Seat 5: c54370af ($10 in chips)
Seat 6: e4f64670 ($11.66 in chips)
ce0836a3: posts small blind $0.05
c54370af: posts big blind $0.1
*** HOLE CARDS ***
Dealt to 65c3941f 
Dealt to Hero [Qs 3c]
Dealt to ae1f7e1f 
Dealt to ce0836a3 
Dealt to c54370af 
Dealt to e4f64670 
e4f64670: folds
65c3941f: raises $0.1 to $0.2
Hero: folds
ae1f7e1f: raises $0.5 to $0.7
ce0836a3: folds
c54370af: folds
65c3941f: raises $1.1 to $1.8
ae1f7e1f: calls $1.1
*** FLOP *** [7c Tc 6s]
65c3941f: bets $1.35
ae1f7e1f: calls $1.35
*** TURN *** [7c Tc 6s] [4s]
65c3941f: bets $3.5
ae1f7e1f: calls $3.5
*** RIVER *** [7c Tc 6s 4s] [Td]
65c3941f: bets $17.33 and is all-in
ae1f7e1f: calls $4.89 and is all-in
Uncalled bet ($12.44) returned to 65c3941f
65c3941f: shows [Qh Th] (Three Tens)
ae1f7e1f: shows [Ks Kh] (Pair of Kings and Pair of Tens)
*** SHOWDOWN ***
65c3941f collected $22.13 from pot
*** SUMMARY ***
Total pot $23.23 | Rake $1 | Jackpot $0.1 | Bingo $0 | Fortune $0 | Tax $0
Board [7c Tc 6s 4s Td]
Seat 1: 65c3941f showed [Qh Th] and won ($22.13) with Three Tens
Seat 2: Hero folded before Flop (didn't bet)
Seat 3: ae1f7e1f (button) showed [Ks Kh] and lost with Pair of Kings and Pair of Tens
Seat 4: ce0836a3 (small blind) folded before Flop
Seat 5: c54370af (big blind) folded before Flop
Seat 6: e4f64670 folded before Flop (didn't bet)


Poker Hand #HD1848027030: Hold'em No Limit ($0.05/$0.1) - 2024/07/08 11:25:27
Table 'NLHRed33' 6-max Seat #2 is the button
Seat 1: 65c3941f ($23.83 in chips)
Seat 2: Hero ($12.88 in chips)
Seat 3: ae1f7e1f ($11.59 in chips)
Seat 4: ce0836a3 ($9.76 in chips)
Seat 5: c54370af ($10 in chips)
Seat 6: e4f64670 ($11.66 in chips)
ae1f7e1f: posts small blind $0.05
ce0836a3: posts big blind $0.1
*** HOLE CARDS ***
Dealt to 65c3941f 
Dealt to Hero [9h 4s]
Dealt to ae1f7e1f 
Dealt to ce0836a3 
Dealt to c54370af 
Dealt to e4f64670 
c54370af: folds
e4f64670: folds
65c3941f: raises $0.15 to $0.25
Hero: folds
ae1f7e1f: folds
ce0836a3: folds
Uncalled bet ($0.15) returned to 65c3941f
*** SHOWDOWN ***
65c3941f collected $0.25 from pot
*** SUMMARY ***
Total pot $0.25 | Rake $0 | Jackpot $0 | Bingo $0 | Fortune $0 | Tax $0
Seat 1: 65c3941f collected ($0.25)
Seat 2: Hero (button) folded before Flop (didn't bet)
Seat 3: ae1f7e1f (small blind) folded before Flop
Seat 4: ce0836a3 (big blind) folded before Flop
Seat 5: c54370af folded before Flop (didn't bet)
Seat 6: e4f64670 folded before Flop (didn't bet)


Poker Hand #HD1848027002: Hold'em No Limit ($0.05/$0.1) - 2024/07/08 11:25:13
Table 'NLHRed33' 6-max Seat #1 is the button
Seat 1: 65c3941f ($23.83 in chips)
Seat 2: Hero ($12.93 in chips)
Seat 3: ae1f7e1f ($11.69 in chips)
Seat 4: ce0836a3 ($9.61 in chips)
Seat 5: c54370af ($10 in chips)
Seat 6: e4f64670 ($11.66 in chips)
Hero: posts small blind $0.05
ae1f7e1f: posts big blind $0.1
*** HOLE CARDS ***
Dealt to 65c3941f 
Dealt to Hero [3c 6h]
Dealt to ae1f7e1f 
Dealt to ce0836a3 
Dealt to c54370af 
Dealt to e4f64670 
ce0836a3: raises $0.2 to $0.3
c54370af: folds
e4f64670: folds
65c3941f: folds
Hero: folds
ae1f7e1f: folds
Uncalled bet ($0.2) returned to ce0836a3
*** SHOWDOWN ***
ce0836a3 collected $0.25 from pot
*** SUMMARY ***
Total pot $0.25 | Rake $0 | Jackpot $0 | Bingo $0 | Fortune $0 | Tax $0
Seat 1: 65c3941f (button) folded before Flop (didn't bet)
Seat 2: Hero (small blind) folded before Flop
Seat 3: ae1f7e1f (big blind) folded before Flop
Seat 4: ce0836a3 collected ($0.25)
Seat 5: c54370af folded before Flop (didn't bet)
Seat 6: e4f64670 folded before Flop (didn't bet)


Poker Hand #HD1848026939: Hold'em No Limit ($0.05/$0.1) - 2024/07/08 11:24:37
Table 'NLHRed33' 6-max Seat #6 is the button
Seat 1: 65c3941f ($23.88 in chips)
Seat 2: Hero ($13.03 in chips)
Seat 3: ae1f7e1f ($11.91 in chips)
Seat 4: ce0836a3 ($9.61 in chips)
Seat 5: c54370af ($10 in chips)
Seat 6: e4f64670 ($11.32 in chips)
65c3941f: posts small blind $0.05
Hero: posts big blind $0.1
*** HOLE CARDS ***
Dealt to 65c3941f 
Dealt to Hero [5s 9s]
Dealt to ae1f7e1f 
Dealt to ce0836a3 
Dealt to c54370af 
Dealt to e4f64670 
ae1f7e1f: raises $0.12 to $0.22
ce0836a3: folds
c54370af: folds
e4f64670: raises $0.48 to $0.7
65c3941f: folds
Hero: folds
ae1f7e1f: folds
Uncalled bet ($0.48) returned to e4f64670
ae1f7e1f: shows [Jd As]
*** SHOWDOWN ***
e4f64670 collected $0.56 from pot
*** SUMMARY ***
Total pot $0.59 | Rake $0.03 | Jackpot $0 | Bingo $0 | Fortune $0 | Tax $0
Seat 1: 65c3941f (small blind) folded before Flop
Seat 2: Hero (big blind) folded before Flop
Seat 3: ae1f7e1f folded before Flop
Seat 4: ce0836a3 folded before Flop (didn't bet)
Seat 5: c54370af folded before Flop (didn't bet)
Seat 6: e4f64670 (button) collected ($0.56)


Poker Hand #HD1848026876: Hold'em No Limit ($0.05/$0.1) - 2024/07/08 11:24:07
Table 'NLHRed33' 6-max Seat #5 is the button
Seat 1: 65c3941f ($23.98 in chips)
Seat 2: Hero ($13.03 in chips)
Seat 3: ae1f7e1f ($12.16 in chips)
Seat 4: ce0836a3 ($9.24 in chips)
Seat 5: c54370af ($10 in chips)
Seat 6: e4f64670 ($11.37 in chips)
e4f64670: posts small blind $0.05
65c3941f: posts big blind $0.1
*** HOLE CARDS ***
Dealt to 65c3941f 
Dealt to Hero [7d 6c]
Dealt to ae1f7e1f 
Dealt to ce0836a3 
Dealt to c54370af 
Dealt to e4f64670 
Hero: folds
ae1f7e1f: raises $0.15 to $0.25
ce0836a3: raises $0.49 to $0.74
c54370af: folds
e4f64670: folds
65c3941f: folds
ae1f7e1f: folds
Uncalled bet ($0.49) returned to ce0836a3
*** SHOWDOWN ***
ce0836a3 collected $0.62 from pot
*** SUMMARY ***
Total pot $0.65 | Rake $0.03 | Jackpot $0 | Bingo $0 | Fortune $0 | Tax $0
Seat 1: 65c3941f (big blind) folded before Flop
Seat 2: Hero folded before Flop (didn't bet)
Seat 3: ae1f7e1f folded before Flop
Seat 4: ce0836a3 collected ($0.62)
Seat 5: c54370af (button) folded before Flop (didn't bet)
Seat 6: e4f64670 (small blind) folded before Flop


Poker Hand #HD1848026839: Hold'em No Limit ($0.05/$0.1) - 2024/07/08 11:23:49
Table 'NLHRed33' 6-max Seat #4 is the button
Seat 1: 65c3941f ($23.98 in chips)
Seat 2: Hero ($13.03 in chips)
Seat 3: ae1f7e1f ($12.16 in chips)
Seat 4: ce0836a3 ($9.24 in chips)
Seat 5: c54370af ($10 in chips)
Seat 6: e4f64670 ($11.32 in chips)
c54370af: posts small blind $0.05
e4f64670: posts big blind $0.1
*** HOLE CARDS ***
Dealt to 65c3941f 
Dealt to Hero [9s Ad]
Dealt to ae1f7e1f 
Dealt to ce0836a3 
Dealt to c54370af 
Dealt to e4f64670 
65c3941f: folds
Hero: folds
ae1f7e1f: folds
ce0836a3: folds
c54370af: folds
Uncalled bet ($0.05) returned to e4f64670
*** SHOWDOWN ***
e4f64670 collected $0.1 from pot
*** SUMMARY ***
Total pot $0.1 | Rake $0 | Jackpot $0 | Bingo $0 | Fortune $0 | Tax $0
Seat 1: 65c3941f folded before Flop (didn't bet)
Seat 2: Hero folded before Flop (didn't bet)
Seat 3: ae1f7e1f folded before Flop (didn't bet)
Seat 4: ce0836a3 (button) folded before Flop (didn't bet)
Seat 5: c54370af (small blind) folded before Flop
Seat 6: e4f64670 (big blind) collected ($0.1)


Poker Hand #HD1848026817: Hold'em No Limit ($0.05/$0.1) - 2024/07/08 11:23:35
Table 'NLHRed33' 6-max Seat #3 is the button
Seat 1: 65c3941f ($23.98 in chips)
Seat 2: Hero ($13.03 in chips)
Seat 3: ae1f7e1f ($12.01 in chips)
Seat 4: ce0836a3 ($9.29 in chips)
Seat 5: c54370af ($10 in chips)
Seat 6: e4f64670 ($11.32 in chips)
ce0836a3: posts small blind $0.05
c54370af: posts big blind $0.1
*** HOLE CARDS ***
Dealt to 65c3941f 
Dealt to Hero [3c 2c]
Dealt to ae1f7e1f 
Dealt to ce0836a3 
Dealt to c54370af 
Dealt to e4f64670 
e4f64670: folds
65c3941f: folds
Hero: folds
ae1f7e1f: raises $0.12 to $0.22
ce0836a3: folds
c54370af: folds
Uncalled bet ($0.12) returned to ae1f7e1f
*** SHOWDOWN ***
ae1f7e1f collected $0.25 from pot
*** SUMMARY ***
Total pot $0.25 | Rake $0 | Jackpot $0 | Bingo $0 | Fortune $0 | Tax $0
Seat 1: 65c3941f folded before Flop (didn't bet)
Seat 2: Hero folded before Flop (didn't bet)
Seat 3: ae1f7e1f (button) collected ($0.25)
Seat 4: ce0836a3 (small blind) folded before Flop
Seat 5: c54370af (big blind) folded before Flop
Seat 6: e4f64670 folded before Flop (didn't bet)


Poker Hand #HD1848026736: Hold'em No Limit ($0.05/$0.1) - 2024/07/08 11:22:52
Table 'NLHRed33' 6-max Seat #2 is the button
Seat 1: 65c3941f ($23.98 in chips)
Seat 2: Hero ($12.44 in chips)
Seat 3: ae1f7e1f ($12.55 in chips)
Seat 4: ce0836a3 ($9.39 in chips)
Seat 6: e4f64670 ($11.32 in chips)
ae1f7e1f: posts small blind $0.05
ce0836a3: posts big blind $0.1
*** HOLE CARDS ***
Dealt to 65c3941f 
Dealt to Hero [Ks Th]
Dealt to ae1f7e1f 
Dealt to ce0836a3 
Dealt to e4f64670 
e4f64670: folds
65c3941f: folds
Hero: raises $0.14 to $0.24
ae1f7e1f: calls $0.19
ce0836a3: folds
*** FLOP *** [6c Kc 2s]
ae1f7e1f: checks
Hero: bets $0.3
ae1f7e1f: calls $0.3
*** TURN *** [6c Kc 2s] [3s]
ae1f7e1f: checks
Hero: bets $0.7
ae1f7e1f: folds
Uncalled bet ($0.7) returned to Hero
*** SHOWDOWN ***
Hero collected $1.13 from pot
*** SUMMARY ***
Total pot $1.18 | Rake $0.05 | Jackpot $0 | Bingo $0 | Fortune $0 | Tax $0
Board [6c Kc 2s 3s]
Seat 1: 65c3941f folded before Flop (didn't bet)
Seat 2: Hero (button) won ($1.13)
Seat 3: ae1f7e1f (small blind) folded on the Turn
Seat 4: ce0836a3 (big blind) folded before Flop
Seat 6: e4f64670 folded before Flop (didn't bet)


Poker Hand #HD1848026706: Hold'em No Limit ($0.05/$0.1) - 2024/07/08 11:22:33
Table 'NLHRed33' 6-max Seat #1 is the button
Seat 1: 65c3941f ($23.98 in chips)
Seat 2: Hero ($12.49 in chips)
Seat 3: ae1f7e1f ($12.5 in chips)
Seat 4: ce0836a3 ($9.39 in chips)
Seat 6: e4f64670 ($11.32 in chips)
Hero: posts small blind $0.05
ae1f7e1f: posts big blind $0.1
*** HOLE CARDS ***
Dealt to 65c3941f 
Dealt to Hero [Ks 3c]
Dealt to ae1f7e1f 
Dealt to ce0836a3 
Dealt to e4f64670 
ce0836a3: folds
e4f64670: folds
65c3941f: folds
Hero: folds
Uncalled bet ($0.05) returned to ae1f7e1f
*** SHOWDOWN ***
ae1f7e1f collected $0.1 from pot
*** SUMMARY ***
Total pot $0.1 | Rake $0 | Jackpot $0 | Bingo $0 | Fortune $0 | Tax $0
Seat 1: 65c3941f (button) folded before Flop (didn't bet)
Seat 2: Hero (small blind) folded before Flop
Seat 3: ae1f7e1f (big blind) collected ($0.1)
Seat 4: ce0836a3 folded before Flop (didn't bet)
Seat 6: e4f64670 folded before Flop (didn't bet)


Poker Hand #HD1848026667: Hold'em No Limit ($0.05/$0.1) - 2024/07/08 11:22:12
Table 'NLHRed33' 6-max Seat #6 is the button
Seat 1: 65c3941f ($24.03 in chips)
Seat 2: Hero ($12.59 in chips)
Seat 3: ae1f7e1f ($12.5 in chips)
Seat 4: ce0836a3 ($9.39 in chips)
Seat 6: e4f64670 ($11.17 in chips)
65c3941f: posts small blind $0.05
Hero: posts big blind $0.1
*** HOLE CARDS ***
Dealt to 65c3941f 
Dealt to Hero [Kd 8s]
Dealt to ae1f7e1f 
Dealt to ce0836a3 
Dealt to e4f64670 
ae1f7e1f: folds
ce0836a3: folds
e4f64670: raises $0.2 to $0.3
65c3941f: folds
Hero: folds
Uncalled bet ($0.2) returned to e4f64670
*** SHOWDOWN ***
e4f64670 collected $0.25 from pot
*** SUMMARY ***
Total pot $0.25 | Rake $0 | Jackpot $0 | Bingo $0 | Fortune $0 | Tax $0
Seat 1: 65c3941f (small blind) folded before Flop
Seat 2: Hero (big blind) folded before Flop
Seat 3: ae1f7e1f folded before Flop (didn't bet)
Seat 4: ce0836a3 folded before Flop (didn't bet)
Seat 6: e4f64670 (button) collected ($0.25)


Poker Hand #HD1848026623: Hold'em No Limit ($0.05/$0.1) - 2024/07/08 11:21:50
Table 'NLHRed33' 6-max Seat #4 is the button
Seat 1: 65c3941f ($24.13 in chips)
Seat 2: Hero ($12.79 in chips)
Seat 3: ae1f7e1f ($12.17 in chips)
Seat 4: ce0836a3 ($9.39 in chips)
Seat 6: e4f64670 ($11.22 in chips)
e4f64670: posts small blind $0.05
65c3941f: posts big blind $0.1
*** HOLE CARDS ***
Dealt to 65c3941f 
Dealt to Hero [Tc Ah]
Dealt to ae1f7e1f 
Dealt to ce0836a3 
Dealt to e4f64670 
Hero: raises $0.1 to $0.2
ae1f7e1f: raises $0.5 to $0.7
ce0836a3: folds
e4f64670: folds
65c3941f: folds
Hero: folds
Uncalled bet ($0.5) returned to ae1f7e1f
*** SHOWDOWN ***
ae1f7e1f collected $0.53 from pot
*** SUMMARY ***
Total pot $0.55 | Rake $0.02 | Jackpot $0 | Bingo $0 | Fortune $0 | Tax $0
Seat 1: 65c3941f (big blind) folded before Flop
Seat 2: Hero folded before Flop
Seat 3: ae1f7e1f collected ($0.53)
Seat 4: ce0836a3 (button) folded before Flop (didn't bet)
Seat 6: e4f64670 (small blind) folded before Flop


Poker Hand #HD1848026592: Hold'em No Limit ($0.05/$0.1) - 2024/07/08 11:21:34
Table 'NLHRed33' 6-max Seat #3 is the button
Seat 1: 65c3941f ($24.13 in chips)
Seat 2: Hero ($12.79 in chips)
Seat 3: ae1f7e1f ($12.17 in chips)
Seat 4: ce0836a3 ($9.44 in chips)
Seat 6: e4f64670 ($11.17 in chips)
ce0836a3: posts small blind $0.05
e4f64670: posts big blind $0.1
*** HOLE CARDS ***
Dealt to 65c3941f 
Dealt to Hero [5c Qc]
Dealt to ae1f7e1f 
Dealt to ce0836a3 
Dealt to e4f64670 
65c3941f: folds
Hero: folds
ae1f7e1f: folds
ce0836a3: folds
Uncalled bet ($0.05) returned to e4f64670
*** SHOWDOWN ***
e4f64670 collected $0.1 from pot
*** SUMMARY ***
Total pot $0.1 | Rake $0 | Jackpot $0 | Bingo $0 | Fortune $0 | Tax $0
Seat 1: 65c3941f folded before Flop (didn't bet)
Seat 2: Hero folded before Flop (didn't bet)
Seat 3: ae1f7e1f (button) folded before Flop (didn't bet)
Seat 4: ce0836a3 (small blind) folded before Flop
Seat 6: e4f64670 (big blind) collected ($0.1)


Poker Hand #HD1848026567: Hold'em No Limit ($0.05/$0.1) - 2024/07/08 11:21:26
Table 'NLHRed33' 6-max Seat #2 is the button
Seat 1: 65c3941f ($24.13 in chips)
Seat 2: Hero ($12.79 in chips)
Seat 3: ae1f7e1f ($12.22 in chips)
Seat 4: ce0836a3 ($9.39 in chips)
Seat 5: 66fe9481 ($11.5 in chips)
Seat 6: e4f64670 ($11.17 in chips)
ae1f7e1f: posts small blind $0.05
ce0836a3: posts big blind $0.1
*** HOLE CARDS ***
Dealt to 65c3941f 
Dealt to Hero [3d 2s]
Dealt to ae1f7e1f 
Dealt to ce0836a3 
Dealt to 66fe9481 
Dealt to e4f64670 
66fe9481: folds
e4f64670: folds
65c3941f: folds
Hero: folds
ae1f7e1f: folds
Uncalled bet ($0.05) returned to ce0836a3
*** SHOWDOWN ***
ce0836a3 collected $0.1 from pot
*** SUMMARY ***
Total pot $0.1 | Rake $0 | Jackpot $0 | Bingo $0 | Fortune $0 | Tax $0
Seat 1: 65c3941f folded before Flop (didn't bet)
Seat 2: Hero (button) folded before Flop (didn't bet)
Seat 3: ae1f7e1f (small blind) folded before Flop
Seat 4: ce0836a3 (big blind) collected ($0.1)
Seat 5: 66fe9481 folded before Flop (didn't bet)
Seat 6: e4f64670 folded before Flop (didn't bet)


Poker Hand #HD1848026525: Hold'em No Limit ($0.05/$0.1) - 2024/07/08 11:21:04
Table 'NLHRed33' 6-max Seat #1 is the button
Seat 1: 65c3941f ($24.13 in chips)
Seat 2: Hero ($12.84 in chips)
Seat 3: ae1f7e1f ($12.32 in chips)
Seat 4: ce0836a3 ($9.39 in chips)
Seat 5: 66fe9481 ($11.35 in chips)
Seat 6: e4f64670 ($11.17 in chips)
Hero: posts small blind $0.05
ae1f7e1f: posts big blind $0.1
*** HOLE CARDS ***
Dealt to 65c3941f 
Dealt to Hero [6d Ac]
Dealt to ae1f7e1f 
Dealt to ce0836a3 
Dealt to 66fe9481 
Dealt to e4f64670 
ce0836a3: folds
66fe9481: raises $0.15 to $0.25
e4f64670: folds
65c3941f: folds
Hero: folds
ae1f7e1f: folds
Uncalled bet ($0.15) returned to 66fe9481
*** SHOWDOWN ***
66fe9481 collected $0.25 from pot
*** SUMMARY ***
Total pot $0.25 | Rake $0 | Jackpot $0 | Bingo $0 | Fortune $0 | Tax $0
Seat 1: 65c3941f (button) folded before Flop (didn't bet)
Seat 2: Hero (small blind) folded before Flop
Seat 3: ae1f7e1f (big blind) folded before Flop
Seat 4: ce0836a3 folded before Flop (didn't bet)
Seat 5: 66fe9481 collected ($0.25)
Seat 6: e4f64670 folded before Flop (didn't bet)


Poker Hand #HD1848026399: Hold'em No Limit ($0.05/$0.1) - 2024/07/08 11:19:55
Table 'NLHRed33' 6-max Seat #6 is the button
Seat 1: 65c3941f ($24.18 in chips)
Seat 2: Hero ($12.94 in chips)
Seat 3: ae1f7e1f ($10.59 in chips)
Seat 4: ce0836a3 ($9.39 in chips)
Seat 5: 66fe9481 ($11.35 in chips)
Seat 6: e4f64670 ($13.04 in chips)
65c3941f: posts small blind $0.05
Hero: posts big blind $0.1
*** HOLE CARDS ***
Dealt to 65c3941f 
Dealt to Hero [3s Qs]
Dealt to ae1f7e1f 
Dealt to ce0836a3 
Dealt to 66fe9481 
Dealt to e4f64670 
ae1f7e1f: raises $0.12 to $0.22
ce0836a3: folds
66fe9481: folds
e4f64670: raises $0.48 to $0.7
65c3941f: folds
Hero: folds
ae1f7e1f: calls $0.48
*** FLOP *** [8d Js 5s]
ae1f7e1f: checks
e4f64670: bets $1.17
ae1f7e1f: calls $1.17
*** TURN *** [8d Js 5s] [Tc]
ae1f7e1f: checks
e4f64670: checks
*** RIVER *** [8d Js 5s Tc] [6d]
ae1f7e1f: checks
e4f64670: checks
ae1f7e1f: shows [Ad 5d] (Pair of Fives)
e4f64670: shows [Ah Kh] (Ace-High)
*** SHOWDOWN ***
ae1f7e1f collected $3.6 from pot
*** SUMMARY ***
Total pot $3.89 | Rake $0.19 | Jackpot $0.1 | Bingo $0 | Fortune $0 | Tax $0
Board [8d Js 5s Tc 6d]
Seat 1: 65c3941f (small blind) folded before Flop
Seat 2: Hero (big blind) folded before Flop
Seat 3: ae1f7e1f showed [Ad 5d] and won ($3.6) with Pair of Fives
Seat 4: ce0836a3 folded before Flop (didn't bet)
Seat 5: 66fe9481 folded before Flop (didn't bet)
Seat 6: e4f64670 (button) showed [Ah Kh] and lost with Ace-High


Poker Hand #HD1848026257: Hold'em No Limit ($0.05/$0.1) - 2024/07/08 11:18:40
Table 'NLHRed33' 6-max Seat #5 is the button
Seat 1: 65c3941f ($24.28 in chips)
Seat 2: Hero ($12.94 in chips)
Seat 3: ae1f7e1f ($10.59 in chips)
Seat 4: ce0836a3 ($7.9 in chips)
Seat 5: 66fe9481 ($11.35 in chips)
Seat 6: e4f64670 ($14.69 in chips)
e4f64670: posts small blind $0.05
65c3941f: posts big blind $0.1
*** HOLE CARDS ***
Dealt to 65c3941f 
Dealt to Hero [7s 4h]
Dealt to ae1f7e1f 
Dealt to ce0836a3 
Dealt to 66fe9481 
Dealt to e4f64670 
Hero: folds
ae1f7e1f: folds
ce0836a3: raises $0.1 to $0.2
66fe9481: folds
e4f64670: raises $0.6 to $0.8
65c3941f: folds
ce0836a3: calls $0.6
*** FLOP *** [7h 6h 9d]
e4f64670: bets $0.85
ce0836a3: raises $1.7 to $2.55
e4f64670: folds
Uncalled bet ($1.7) returned to ce0836a3
*** SHOWDOWN ***
ce0836a3 collected $3.14 from pot
*** SUMMARY ***
Total pot $3.4 | Rake $0.16 | Jackpot $0.1 | Bingo $0 | Fortune $0 | Tax $0
Board [7h 6h 9d]
Seat 1: 65c3941f (big blind) folded before Flop
Seat 2: Hero folded before Flop (didn't bet)
Seat 3: ae1f7e1f folded before Flop (didn't bet)
Seat 4: ce0836a3 won ($3.14)
Seat 5: 66fe9481 (button) folded before Flop (didn't bet)
Seat 6: e4f64670 (small blind) folded on the Flop


Poker Hand #HD1848026132: Hold'em No Limit ($0.05/$0.1) - 2024/07/08 11:17:26
Table 'NLHRed33' 6-max Seat #4 is the button
Seat 1: 65c3941f ($24.9 in chips)
Seat 2: Hero ($12.94 in chips)
Seat 3: ae1f7e1f ($10.59 in chips)
Seat 4: ce0836a3 ($8.52 in chips)
Seat 5: 66fe9481 ($10.1 in chips)
Seat 6: e4f64670 ($14.79 in chips)
66fe9481: posts small blind $0.05
e4f64670: posts big blind $0.1
*** HOLE CARDS ***
Dealt to 65c3941f 
Dealt to Hero [2d Qh]
Dealt to ae1f7e1f 
Dealt to ce0836a3 
Dealt to 66fe9481 
Dealt to e4f64670 
65c3941f: raises $0.1 to $0.2
Hero: folds
ae1f7e1f: folds
ce0836a3: raises $0.42 to $0.62
66fe9481: calls $0.57
e4f64670: folds
65c3941f: calls $0.42
*** FLOP *** [2s 2c 7c]
66fe9481: bets $1.47
65c3941f: folds
ce0836a3: folds
Uncalled bet ($1.47) returned to 66fe9481
*** SHOWDOWN ***
66fe9481 collected $1.87 from pot
*** SUMMARY ***
Total pot $1.96 | Rake $0.09 | Jackpot $0 | Bingo $0 | Fortune $0 | Tax $0
Board [2s 2c 7c]
Seat 1: 65c3941f folded on the Flop
Seat 2: Hero folded before Flop (didn't bet)
Seat 3: ae1f7e1f folded before Flop (didn't bet)
Seat 4: ce0836a3 (button) folded on the Flop
Seat 5: 66fe9481 (small blind) won ($1.87)
Seat 6: e4f64670 (big blind) folded before Flop


Poker Hand #HD1848026090: Hold'em No Limit ($0.05/$0.1) - 2024/07/08 11:17:08
Table 'NLHRed33' 6-max Seat #3 is the button
Seat 1: 65c3941f ($24.9 in chips)
Seat 2: Hero ($12.94 in chips)
Seat 3: ae1f7e1f ($10.44 in chips)
Seat 4: ce0836a3 ($8.57 in chips)
Seat 5: 66fe9481 ($10.2 in chips)
Seat 6: e4f64670 ($14.79 in chips)
ce0836a3: posts small blind $0.05
66fe9481: posts big blind $0.1
*** HOLE CARDS ***
Dealt to 65c3941f 
Dealt to Hero [3c Th]
Dealt to ae1f7e1f 
Dealt to ce0836a3 
Dealt to 66fe9481 
Dealt to e4f64670 
e4f64670: folds
65c3941f: folds
Hero: folds
ae1f7e1f: raises $0.12 to $0.22
ce0836a3: folds
66fe9481: folds
Uncalled bet ($0.12) returned to ae1f7e1f
*** SHOWDOWN ***
ae1f7e1f collected $0.25 from pot
*** SUMMARY ***
Total pot $0.25 | Rake $0 | Jackpot $0 | Bingo $0 | Fortune $0 | Tax $0
Seat 1: 65c3941f folded before Flop (didn't bet)
Seat 2: Hero folded before Flop (didn't bet)
Seat 3: ae1f7e1f (button) collected ($0.25)
Seat 4: ce0836a3 (small blind) folded before Flop
Seat 5: 66fe9481 (big blind) folded before Flop
Seat 6: e4f64670 folded before Flop (didn't bet)


Poker Hand #HD1848025994: Hold'em No Limit ($0.05/$0.1) - 2024/07/08 11:16:17
Table 'NLHRed33' 6-max Seat #2 is the button
Seat 1: 65c3941f ($24.9 in chips)
Seat 2: Hero ($12.94 in chips)
Seat 3: ae1f7e1f ($10.44 in chips)
Seat 4: ce0836a3 ($8.57 in chips)
Seat 5: 66fe9481 ($10.2 in chips)
Seat 6: e4f64670 ($14.79 in chips)
ae1f7e1f: posts small blind $0.05
ce0836a3: posts big blind $0.1
*** HOLE CARDS ***
Dealt to 65c3941f 
Dealt to Hero [Qd 5h]
Dealt to ae1f7e1f 
Dealt to ce0836a3 
Dealt to 66fe9481 
Dealt to e4f64670 
66fe9481: folds
e4f64670: folds
65c3941f: folds
Hero: folds
ae1f7e1f: calls $0.05
ce0836a3: checks
*** FLOP *** [Qc 3h Kc]
ae1f7e1f: checks
ce0836a3: checks
*** TURN *** [Qc 3h Kc] [Kd]
ae1f7e1f: checks
ce0836a3: checks
*** RIVER *** [Qc 3h Kc Kd] [3d]
ae1f7e1f: checks
ce0836a3: checks
ae1f7e1f: shows [9d 6d] (Pair of Kings and Pair of Treys)
ce0836a3: shows [Ts 9c] (Pair of Kings and Pair of Treys)
*** SHOWDOWN ***
ae1f7e1f collected $0.1 from pot
ce0836a3 collected $0.1 from pot
*** SUMMARY ***
Total pot $0.2 | Rake $0 | Jackpot $0 | Bingo $0 | Fortune $0 | Tax $0
Board [Qc 3h Kc Kd 3d]
Seat 1: 65c3941f folded before Flop (didn't bet)
Seat 2: Hero (button) folded before Flop (didn't bet)
Seat 3: ae1f7e1f (small blind) showed [9d 6d] and won ($0.1) with Pair of Kings and Pair of Treys
Seat 4: ce0836a3 (big blind) showed [Ts 9c] and won ($0.1) with Pair of Kings and Pair of Treys
Seat 5: 66fe9481 folded before Flop (didn't bet)
Seat 6: e4f64670 folded before Flop (didn't bet)


Poker Hand #HD1848025944: Hold'em No Limit ($0.05/$0.1) - 2024/07/08 11:15:47
Table 'NLHRed33' 6-max Seat #1 is the button
Seat 1: 65c3941f ($24.9 in chips)
Seat 2: Hero ($12.67 in chips)
Seat 3: ae1f7e1f ($10.74 in chips)
Seat 5: 66fe9481 ($10.2 in chips)
Seat 6: e4f64670 ($14.79 in chips)
Hero: posts small blind $0.05
ae1f7e1f: posts big blind $0.1
*** HOLE CARDS ***
Dealt to 65c3941f 
Dealt to Hero [As 4h]
Dealt to ae1f7e1f 
Dealt to 66fe9481 
Dealt to e4f64670 
66fe9481: folds
e4f64670: folds
65c3941f: folds
Hero: raises $0.2 to $0.3
ae1f7e1f: calls $0.2
*** FLOP *** [9d Tc Ks]
Hero: bets $0.3
ae1f7e1f: folds
Uncalled bet ($0.3) returned to Hero
*** SHOWDOWN ***
Hero collected $0.57 from pot
*** SUMMARY ***
Total pot $0.6 | Rake $0.03 | Jackpot $0 | Bingo $0 | Fortune $0 | Tax $0
Board [9d Tc Ks]
Seat 1: 65c3941f (button) folded before Flop (didn't bet)
Seat 2: Hero (small blind) won ($0.57)
Seat 3: ae1f7e1f (big blind) folded on the Flop
Seat 5: 66fe9481 folded before Flop (didn't bet)
Seat 6: e4f64670 folded before Flop (didn't bet)


Poker Hand #HD1848025918: Hold'em No Limit ($0.05/$0.1) - 2024/07/08 11:15:35
Table 'NLHRed33' 6-max Seat #6 is the button
Seat 1: 65c3941f ($24.95 in chips)
Seat 2: Hero ($12.62 in chips)
Seat 3: ae1f7e1f ($10.74 in chips)
Seat 5: 66fe9481 ($10.2 in chips)
Seat 6: e4f64670 ($14.79 in chips)
65c3941f: posts small blind $0.05
Hero: posts big blind $0.1
*** HOLE CARDS ***
Dealt to 65c3941f 
Dealt to Hero [8c 4h]
Dealt to ae1f7e1f 
Dealt to 66fe9481 
Dealt to e4f64670 
ae1f7e1f: folds
66fe9481: folds
e4f64670: folds
65c3941f: folds
Uncalled bet ($0.05) returned to Hero
*** SHOWDOWN ***
Hero collected $0.1 from pot
*** SUMMARY ***
Total pot $0.1 | Rake $0 | Jackpot $0 | Bingo $0 | Fortune $0 | Tax $0
Seat 1: 65c3941f (small blind) folded before Flop
Seat 2: Hero (big blind) collected ($0.1)
Seat 3: ae1f7e1f folded before Flop (didn't bet)
Seat 5: 66fe9481 folded before Flop (didn't bet)
Seat 6: e4f64670 (button) folded before Flop (didn't bet)


Poker Hand #HD1848025894: Hold'em No Limit ($0.05/$0.1) - 2024/07/08 11:15:20
Table 'NLHRed33' 6-max Seat #5 is the button
Seat 1: 65c3941f ($25.05 in chips)
Seat 2: Hero ($12.62 in chips)
Seat 3: ae1f7e1f ($10.59 in chips)
Seat 5: 66fe9481 ($10.2 in chips)
Seat 6: e4f64670 ($14.84 in chips)
e4f64670: posts small blind $0.05
65c3941f: posts big blind $0.1
*** HOLE CARDS ***
Dealt to 65c3941f 
Dealt to Hero [8c 7c]
Dealt to ae1f7e1f 
Dealt to 66fe9481 
Dealt to e4f64670 
Hero: folds
ae1f7e1f: raises $0.12 to $0.22
66fe9481: folds
e4f64670: folds
65c3941f: folds
Uncalled bet ($0.12) returned to ae1f7e1f
*** SHOWDOWN ***
ae1f7e1f collected $0.25 from pot
*** SUMMARY ***
Total pot $0.25 | Rake $0 | Jackpot $0 | Bingo $0 | Fortune $0 | Tax $0
Seat 1: 65c3941f (big blind) folded before Flop
Seat 2: Hero folded before Flop (didn't bet)
Seat 3: ae1f7e1f collected ($0.25)
Seat 5: 66fe9481 (button) folded before Flop (didn't bet)
Seat 6: e4f64670 (small blind) folded before Flop


Poker Hand #HD1848025799: Hold'em No Limit ($0.05/$0.1) - 2024/07/08 11:14:31
Table 'NLHRed33' 6-max Seat #3 is the button
Seat 1: 65c3941f ($25.05 in chips)
Seat 2: Hero ($12.62 in chips)
Seat 3: ae1f7e1f ($10.59 in chips)
Seat 5: 66fe9481 ($10.83 in chips)
Seat 6: e4f64670 ($14.27 in chips)
66fe9481: posts small blind $0.05
e4f64670: posts big blind $0.1
*** HOLE CARDS ***
Dealt to 65c3941f 
Dealt to Hero [Td 8h]
Dealt to ae1f7e1f 
Dealt to 66fe9481 
Dealt to e4f64670 
65c3941f: folds
Hero: folds
ae1f7e1f: folds
66fe9481: raises $0.15 to $0.25
e4f64670: calls $0.15
*** FLOP *** [5h 6h Jd]
66fe9481: bets $0.38
e4f64670: calls $0.38
*** TURN *** [5h 6h Jd] [Ah]
66fe9481: checks
e4f64670: bets $1.5
66fe9481: folds
Uncalled bet ($1.5) returned to e4f64670
*** SHOWDOWN ***
e4f64670 collected $1.2 from pot
*** SUMMARY ***
Total pot $1.26 | Rake $0.06 | Jackpot $0 | Bingo $0 | Fortune $0 | Tax $0
Board [5h 6h Jd Ah]
Seat 1: 65c3941f folded before Flop (didn't bet)
Seat 2: Hero folded before Flop (didn't bet)
Seat 3: ae1f7e1f (button) folded before Flop (didn't bet)
Seat 5: 66fe9481 (small blind) folded on the Turn
Seat 6: e4f64670 (big blind) won ($1.2)


Poker Hand #HD1848025777: Hold'em No Limit ($0.05/$0.1) - 2024/07/08 11:14:18
Table 'NLHRed33' 6-max Seat #2 is the button
Seat 1: 65c3941f ($24.9 in chips)
Seat 2: Hero ($12.62 in chips)
Seat 3: ae1f7e1f ($10.64 in chips)
Seat 5: 66fe9481 ($10.93 in chips)
Seat 6: e4f64670 ($14.27 in chips)
ae1f7e1f: posts small blind $0.05
66fe9481: posts big blind $0.1
*** HOLE CARDS ***
Dealt to 65c3941f 
Dealt to Hero [Kh 6s]
Dealt to ae1f7e1f 
Dealt to 66fe9481 
Dealt to e4f64670 
e4f64670: folds
65c3941f: raises $0.15 to $0.25
Hero: folds
ae1f7e1f: folds
66fe9481: folds
Uncalled bet ($0.15) returned to 65c3941f
*** SHOWDOWN ***
65c3941f collected $0.25 from pot
*** SUMMARY ***
Total pot $0.25 | Rake $0 | Jackpot $0 | Bingo $0 | Fortune $0 | Tax $0
Seat 1: 65c3941f collected ($0.25)
Seat 2: Hero (button) folded before Flop (didn't bet)
Seat 3: ae1f7e1f (small blind) folded before Flop
Seat 5: 66fe9481 (big blind) folded before Flop
Seat 6: e4f64670 folded before Flop (didn't bet)


Poker Hand #HD1848025694: Hold'em No Limit ($0.05/$0.1) - 2024/07/08 11:13:33
Table 'NLHRed33' 6-max Seat #1 is the button
Seat 1: 65c3941f ($25.15 in chips)
Seat 2: Hero ($12.67 in chips)
Seat 3: ae1f7e1f ($10.36 in chips)
Seat 5: 66fe9481 ($10.93 in chips)
Seat 6: e4f64670 ($14.27 in chips)
Hero: posts small blind $0.05
ae1f7e1f: posts big blind $0.1
*** HOLE CARDS ***
Dealt to 65c3941f 
Dealt to Hero [8s 7d]
Dealt to ae1f7e1f 
Dealt to 66fe9481 
Dealt to e4f64670 
66fe9481: folds
e4f64670: folds
65c3941f: raises $0.15 to $0.25
Hero: folds
ae1f7e1f: raises $0.85 to $1.1
65c3941f: folds
Uncalled bet ($0.85) returned to ae1f7e1f
*** SHOWDOWN ***
ae1f7e1f collected $0.53 from pot
*** SUMMARY ***
Total pot $0.55 | Rake $0.02 | Jackpot $0 | Bingo $0 | Fortune $0 | Tax $0
Seat 1: 65c3941f (button) folded before Flop
Seat 2: Hero (small blind) folded before Flop
Seat 3: ae1f7e1f (big blind) collected ($0.53)
Seat 5: 66fe9481 folded before Flop (didn't bet)
Seat 6: e4f64670 folded before Flop (didn't bet)


Poker Hand #HD1848025675: Hold'em No Limit ($0.05/$0.1) - 2024/07/08 11:13:21
Table 'NLHRed33' 6-max Seat #6 is the button
Seat 1: 65c3941f ($25.2 in chips)
Seat 2: Hero ($12.77 in chips)
Seat 3: ae1f7e1f ($10.36 in chips)
Seat 5: 66fe9481 ($10.78 in chips)
Seat 6: e4f64670 ($14.27 in chips)
65c3941f: posts small blind $0.05
Hero: posts big blind $0.1
*** HOLE CARDS ***
Dealt to 65c3941f 
Dealt to Hero [9h 7c]
Dealt to ae1f7e1f 
Dealt to 66fe9481 
Dealt to e4f64670 
ae1f7e1f: folds
66fe9481: raises $0.15 to $0.25
e4f64670: folds
65c3941f: folds
Hero: folds
Uncalled bet ($0.15) returned to 66fe9481
*** SHOWDOWN ***
66fe9481 collected $0.25 from pot
*** SUMMARY ***
Total pot $0.25 | Rake $0 | Jackpot $0 | Bingo $0 | Fortune $0 | Tax $0
Seat 1: 65c3941f (small blind) folded before Flop
Seat 2: Hero (big blind) folded before Flop
Seat 3: ae1f7e1f folded before Flop (didn't bet)
Seat 5: 66fe9481 collected ($0.25)
Seat 6: e4f64670 (button) folded before Flop (didn't bet)


Poker Hand #HD1847955613: Hold'em No Limit ($0.05/$0.1) - 2024/07/08 11:12:48
Table 'NLHRed33' 6-max Seat #5 is the button
Seat 1: 65c3941f ($25.3 in chips)
Seat 2: Hero ($12.77 in chips)
Seat 3: ae1f7e1f ($10.36 in chips)
Seat 4: ce0836a3 ($8.77 in chips)
Seat 5: 66fe9481 ($10.98 in chips)
Seat 6: e4f64670 ($13.8 in chips)
e4f64670: posts small blind $0.05
65c3941f: posts big blind $0.1
*** HOLE CARDS ***
Dealt to 65c3941f 
Dealt to Hero [Tc 5c]
Dealt to ae1f7e1f 
Dealt to ce0836a3 
Dealt to 66fe9481 
Dealt to e4f64670 
Hero: folds
ae1f7e1f: folds
ce0836a3: raises $0.1 to $0.2
66fe9481: calls $0.2
e4f64670: raises $0.8 to $1
65c3941f: folds
ce0836a3: folds
66fe9481: folds
Uncalled bet ($0.8) returned to e4f64670
*** SHOWDOWN ***
e4f64670 collected $0.67 from pot
*** SUMMARY ***
Total pot $0.7 | Rake $0.03 | Jackpot $0 | Bingo $0 | Fortune $0 | Tax $0
Seat 1: 65c3941f (big blind) folded before Flop
Seat 2: Hero folded before Flop (didn't bet)
Seat 3: ae1f7e1f folded before Flop (didn't bet)
Seat 4: ce0836a3 folded before Flop
Seat 5: 66fe9481 (button) folded before Flop
Seat 6: e4f64670 (small blind) collected ($0.67)


Poker Hand #HD1847955586: Hold'em No Limit ($0.05/$0.1) - 2024/07/08 11:12:34
Table 'NLHRed33' 6-max Seat #4 is the button
Seat 1: 65c3941f ($25.3 in chips)
Seat 2: Hero ($12.77 in chips)
Seat 3: ae1f7e1f ($10.36 in chips)
Seat 4: ce0836a3 ($8.77 in chips)
Seat 5: 66fe9481 ($10.88 in chips)
Seat 6: e4f64670 ($13.9 in chips)
66fe9481: posts small blind $0.05
e4f64670: posts big blind $0.1
*** HOLE CARDS ***
Dealt to 65c3941f 
Dealt to Hero [2d Td]
Dealt to ae1f7e1f 
Dealt to ce0836a3 
Dealt to 66fe9481 
Dealt to e4f64670 
65c3941f: folds
Hero: folds
ae1f7e1f: folds
ce0836a3: folds
66fe9481: raises $0.1 to $0.2
e4f64670: folds
Uncalled bet ($0.1) returned to 66fe9481
*** SHOWDOWN ***
66fe9481 collected $0.2 from pot
*** SUMMARY ***
Total pot $0.2 | Rake $0 | Jackpot $0 | Bingo $0 | Fortune $0 | Tax $0
Seat 1: 65c3941f folded before Flop (didn't bet)
Seat 2: Hero folded before Flop (didn't bet)
Seat 3: ae1f7e1f folded before Flop (didn't bet)
Seat 4: ce0836a3 (button) folded before Flop (didn't bet)
Seat 5: 66fe9481 (small blind) collected ($0.2)
Seat 6: e4f64670 (big blind) folded before Flop


Poker Hand #HD1847955536: Hold'em No Limit ($0.05/$0.1) - 2024/07/08 11:12:08
Table 'NLHRed33' 6-max Seat #3 is the button
Seat 1: 65c3941f ($25.3 in chips)
Seat 2: Hero ($13.01 in chips)
Seat 3: ae1f7e1f ($10 in chips)
Seat 4: ce0836a3 ($8.82 in chips)
Seat 5: 66fe9481 ($10.98 in chips)
Seat 6: e4f64670 ($13.9 in chips)
ce0836a3: posts small blind $0.05
66fe9481: posts big blind $0.1
*** HOLE CARDS ***
Dealt to 65c3941f 
Dealt to Hero [Jc As]
Dealt to ae1f7e1f 
Dealt to ce0836a3 
Dealt to 66fe9481 
Dealt to e4f64670 
e4f64670: folds
65c3941f: folds
Hero: raises $0.14 to $0.24
ae1f7e1f: raises $0.51 to $0.75
ce0836a3: folds
66fe9481: folds
Hero: folds
Uncalled bet ($0.51) returned to ae1f7e1f
*** SHOWDOWN ***
ae1f7e1f collected $0.6 from pot
*** SUMMARY ***
Total pot $0.63 | Rake $0.03 | Jackpot $0 | Bingo $0 | Fortune $0 | Tax $0
Seat 1: 65c3941f folded before Flop (didn't bet)
Seat 2: Hero folded before Flop
Seat 3: ae1f7e1f (button) collected ($0.6)
Seat 4: ce0836a3 (small blind) folded before Flop
Seat 5: 66fe9481 (big blind) folded before Flop
Seat 6: e4f64670 folded before Flop (didn't bet)


Poker Hand #HD1847955386: Hold'em No Limit ($0.05/$0.1) - 2024/07/08 11:10:48
Table 'NLHRed33' 6-max Seat #2 is the button
Seat 1: 65c3941f ($25.3 in chips)
Seat 2: Hero ($11.99 in chips)
Seat 3: ae1f7e1f ($10 in chips)
Seat 4: ce0836a3 ($9.9 in chips)
Seat 5: 66fe9481 ($10.98 in chips)
Seat 6: e4f64670 ($13.9 in chips)
ae1f7e1f: posts small blind $0.05
ce0836a3: posts big blind $0.1
*** HOLE CARDS ***
Dealt to 65c3941f 
Dealt to Hero [3s 3h]
Dealt to ae1f7e1f 
Dealt to ce0836a3 
Dealt to 66fe9481 
Dealt to e4f64670 
66fe9481: folds
e4f64670: folds
65c3941f: folds
Hero: raises $0.14 to $0.24
ae1f7e1f: folds
ce0836a3: raises $0.4 to $0.64
Hero: calls $0.4
*** FLOP *** [5d 4s Jd]
ce0836a3: bets $0.44
Hero: raises $0.86 to $1.3
ce0836a3: folds
Uncalled bet ($0.86) returned to Hero
*** SHOWDOWN ***
Hero collected $2.1 from pot
*** SUMMARY ***
Total pot $2.21 | Rake $0.11 | Jackpot $0 | Bingo $0 | Fortune $0 | Tax $0
Board [5d 4s Jd]
Seat 1: 65c3941f folded before Flop (didn't bet)
Seat 2: Hero (button) won ($2.1)
Seat 3: ae1f7e1f (small blind) folded before Flop
Seat 4: ce0836a3 (big blind) folded on the Flop
Seat 5: 66fe9481 folded before Flop (didn't bet)
Seat 6: e4f64670 folded before Flop (didn't bet)


Poker Hand #HD1847955341: Hold'em No Limit ($0.05/$0.1) - 2024/07/08 11:10:25
Table 'NLHRed33' 6-max Seat #1 is the button
Seat 1: 65c3941f ($25.3 in chips)
Seat 2: Hero ($12.04 in chips)
Seat 3: ae1f7e1f ($10 in chips)
Seat 4: ce0836a3 ($10.1 in chips)
Seat 5: 66fe9481 ($10.65 in chips)
Seat 6: e4f64670 ($13.9 in chips)
Hero: posts small blind $0.05
ae1f7e1f: posts big blind $0.1
*** HOLE CARDS ***
Dealt to 65c3941f 
Dealt to Hero [Kd Js]
Dealt to ae1f7e1f 
Dealt to ce0836a3 
Dealt to 66fe9481 
Dealt to e4f64670 
ce0836a3: raises $0.1 to $0.2
66fe9481: raises $0.85 to $1.05
e4f64670: folds
65c3941f: folds
Hero: folds
ae1f7e1f: folds
ce0836a3: folds
Uncalled bet ($0.85) returned to 66fe9481
*** SHOWDOWN ***
66fe9481 collected $0.53 from pot
*** SUMMARY ***
Total pot $0.55 | Rake $0.02 | Jackpot $0 | Bingo $0 | Fortune $0 | Tax $0
Seat 1: 65c3941f (button) folded before Flop (didn't bet)
Seat 2: Hero (small blind) folded before Flop
Seat 3: ae1f7e1f (big blind) folded before Flop
Seat 4: ce0836a3 folded before Flop
Seat 5: 66fe9481 collected ($0.53)
Seat 6: e4f64670 folded before Flop (didn't bet)


Poker Hand #HD1847955299: Hold'em No Limit ($0.05/$0.1) - 2024/07/08 11:09:58
Table 'NLHRed33' 6-max Seat #6 is the button
Seat 1: 65c3941f ($25.35 in chips)
Seat 2: Hero ($12.14 in chips)
Seat 3: ae1f7e1f ($10 in chips)
Seat 4: ce0836a3 ($10.1 in chips)
Seat 5: 66fe9481 ($10.5 in chips)
Seat 6: e4f64670 ($13.9 in chips)
65c3941f: posts small blind $0.05
Hero: posts big blind $0.1
*** HOLE CARDS ***
Dealt to 65c3941f 
Dealt to Hero [5c Qd]
Dealt to ae1f7e1f 
Dealt to ce0836a3 
Dealt to 66fe9481 
Dealt to e4f64670 
ae1f7e1f: folds
ce0836a3: folds
66fe9481: raises $0.15 to $0.25
e4f64670: folds
65c3941f: folds
Hero: folds
Uncalled bet ($0.15) returned to 66fe9481
*** SHOWDOWN ***
66fe9481 collected $0.25 from pot
*** SUMMARY ***
Total pot $0.25 | Rake $0 | Jackpot $0 | Bingo $0 | Fortune $0 | Tax $0
Seat 1: 65c3941f (small blind) folded before Flop
Seat 2: Hero (big blind) folded before Flop
Seat 3: ae1f7e1f folded before Flop (didn't bet)
Seat 4: ce0836a3 folded before Flop (didn't bet)
Seat 5: 66fe9481 collected ($0.25)
Seat 6: e4f64670 (button) folded before Flop (didn't bet)


Poker Hand #HD1847955264: Hold'em No Limit ($0.05/$0.1) - 2024/07/08 11:09:41
Table 'NLHRed33' 6-max Seat #5 is the button
Seat 1: 65c3941f ($25.45 in chips)
Seat 2: Hero ($12.14 in chips)
Seat 3: ae1f7e1f ($10 in chips)
Seat 4: ce0836a3 ($9.95 in chips)
Seat 5: 66fe9481 ($10.5 in chips)
Seat 6: e4f64670 ($13.95 in chips)
e4f64670: posts small blind $0.05
65c3941f: posts big blind $0.1
*** HOLE CARDS ***
Dealt to 65c3941f 
Dealt to Hero [Qc 4s]
Dealt to ae1f7e1f 
Dealt to ce0836a3 
Dealt to 66fe9481 
Dealt to e4f64670 
Hero: folds
ae1f7e1f: folds
ce0836a3: raises $0.2 to $0.3
66fe9481: folds
e4f64670: folds
65c3941f: folds
Uncalled bet ($0.2) returned to ce0836a3
*** SHOWDOWN ***
ce0836a3 collected $0.25 from pot
*** SUMMARY ***
Total pot $0.25 | Rake $0 | Jackpot $0 | Bingo $0 | Fortune $0 | Tax $0
Seat 1: 65c3941f (big blind) folded before Flop
Seat 2: Hero folded before Flop (didn't bet)
Seat 3: ae1f7e1f folded before Flop (didn't bet)
Seat 4: ce0836a3 collected ($0.25)
Seat 5: 66fe9481 (button) folded before Flop (didn't bet)
Seat 6: e4f64670 (small blind) folded before Flop


Poker Hand #HD1847955241: Hold'em No Limit ($0.05/$0.1) - 2024/07/08 11:09:29
Table 'NLHRed33' 6-max Seat #4 is the button
Seat 1: 65c3941f ($25.45 in chips)
Seat 2: Hero ($12.14 in chips)
Seat 3: ae1f7e1f ($10 in chips)
Seat 4: ce0836a3 ($9.95 in chips)
Seat 5: 66fe9481 ($10.4 in chips)
Seat 6: e4f64670 ($14.05 in chips)
66fe9481: posts small blind $0.05
e4f64670: posts big blind $0.1
*** HOLE CARDS ***
Dealt to 65c3941f 
Dealt to Hero [4s Ac]
Dealt to ae1f7e1f 
Dealt to ce0836a3 
Dealt to 66fe9481 
Dealt to e4f64670 
65c3941f: folds
Hero: folds
ae1f7e1f: folds
ce0836a3: folds
66fe9481: raises $0.15 to $0.25
e4f64670: folds
Uncalled bet ($0.15) returned to 66fe9481
*** SHOWDOWN ***
66fe9481 collected $0.2 from pot
*** SUMMARY ***
Total pot $0.2 | Rake $0 | Jackpot $0 | Bingo $0 | Fortune $0 | Tax $0
Seat 1: 65c3941f folded before Flop (didn't bet)
Seat 2: Hero folded before Flop (didn't bet)
Seat 3: ae1f7e1f folded before Flop (didn't bet)
Seat 4: ce0836a3 (button) folded before Flop (didn't bet)
Seat 5: 66fe9481 (small blind) collected ($0.2)
Seat 6: e4f64670 (big blind) folded before Flop


Poker Hand #HD1847955151: Hold'em No Limit ($0.05/$0.1) - 2024/07/08 11:08:39
Table 'NLHRed33' 6-max Seat #3 is the button
Seat 1: 65c3941f ($25.22 in chips)
Seat 2: Hero ($12.14 in chips)
Seat 3: ae1f7e1f ($10 in chips)
Seat 4: ce0836a3 ($10 in chips)
Seat 5: 66fe9481 ($10.6 in chips)
Seat 6: e4f64670 ($14.05 in chips)
ce0836a3: posts small blind $0.05
66fe9481: posts big blind $0.1
*** HOLE CARDS ***
Dealt to 65c3941f 
Dealt to Hero [6d 8d]
Dealt to ae1f7e1f 
Dealt to ce0836a3 
Dealt to 66fe9481 
Dealt to e4f64670 
e4f64670: folds
65c3941f: raises $0.1 to $0.2
Hero: folds
ae1f7e1f: folds
ce0836a3: folds
66fe9481: calls $0.1
*** FLOP *** [9h Jh Kc]
66fe9481: checks
65c3941f: bets $0.15
66fe9481: folds
Uncalled bet ($0.15) returned to 65c3941f
*** SHOWDOWN ***
65c3941f collected $0.43 from pot
*** SUMMARY ***
Total pot $0.45 | Rake $0.02 | Jackpot $0 | Bingo $0 | Fortune $0 | Tax $0
Board [9h Jh Kc]
Seat 1: 65c3941f won ($0.43)
Seat 2: Hero folded before Flop (didn't bet)
Seat 3: ae1f7e1f (button) folded before Flop (didn't bet)
Seat 4: ce0836a3 (small blind) folded before Flop
Seat 5: 66fe9481 (big blind) folded on the Flop
Seat 6: e4f64670 folded before Flop (didn't bet)


Poker Hand #HD1847955075: Hold'em No Limit ($0.05/$0.1) - 2024/07/08 11:07:58
Table 'NLHRed33' 6-max Seat #2 is the button
Seat 1: 65c3941f ($25.47 in chips)
Seat 2: Hero ($12.94 in chips)
Seat 3: ae1f7e1f ($10 in chips)
Seat 4: ce0836a3 ($8.99 in chips)
Seat 5: 66fe9481 ($10.6 in chips)
Seat 6: e4f64670 ($14.05 in chips)
ae1f7e1f: posts small blind $0.05
ce0836a3: posts big blind $0.1
*** HOLE CARDS ***
Dealt to 65c3941f 
Dealt to Hero [Ah Qd]
Dealt to ae1f7e1f 
Dealt to ce0836a3 
Dealt to 66fe9481 
Dealt to e4f64670 
66fe9481: folds
e4f64670: folds
65c3941f: raises $0.15 to $0.25
Hero: raises $0.55 to $0.8
ae1f7e1f: folds
ce0836a3: raises $1.43 to $2.23
65c3941f: folds
Hero: folds
Uncalled bet ($1.43) returned to ce0836a3
*** SHOWDOWN ***
ce0836a3 collected $1.81 from pot
*** SUMMARY ***
Total pot $1.9 | Rake $0.09 | Jackpot $0 | Bingo $0 | Fortune $0 | Tax $0
Seat 1: 65c3941f folded before Flop
Seat 2: Hero (button) folded before Flop
Seat 3: ae1f7e1f (small blind) folded before Flop
Seat 4: ce0836a3 (big blind) collected ($1.81)
Seat 5: 66fe9481 folded before Flop (didn't bet)
Seat 6: e4f64670 folded before Flop (didn't bet)


Poker Hand #HD1847955045: Hold'em No Limit ($0.05/$0.1) - 2024/07/08 11:07:42
Table 'NLHRed33' 6-max Seat #1 is the button
Seat 1: 65c3941f ($25.32 in chips)
Seat 2: Hero ($12.99 in chips)
Seat 3: ae1f7e1f ($10 in chips)
Seat 4: ce0836a3 ($8.99 in chips)
Seat 5: 66fe9481 ($10.6 in chips)
Seat 6: e4f64670 ($14.05 in chips)
Hero: posts small blind $0.05
ae1f7e1f: posts big blind $0.1
*** HOLE CARDS ***
Dealt to 65c3941f 
Dealt to Hero [Ts Kh]
Dealt to ae1f7e1f 
Dealt to ce0836a3 
Dealt to 66fe9481 
Dealt to e4f64670 
ce0836a3: folds
66fe9481: folds
e4f64670: folds
65c3941f: raises $0.15 to $0.25
Hero: folds
ae1f7e1f: folds
Uncalled bet ($0.15) returned to 65c3941f
*** SHOWDOWN ***
65c3941f collected $0.25 from pot
*** SUMMARY ***
Total pot $0.25 | Rake $0 | Jackpot $0 | Bingo $0 | Fortune $0 | Tax $0
Seat 1: 65c3941f (button) collected ($0.25)
Seat 2: Hero (small blind) folded before Flop
Seat 3: ae1f7e1f (big blind) folded before Flop
Seat 4: ce0836a3 folded before Flop (didn't bet)
Seat 5: 66fe9481 folded before Flop (didn't bet)
Seat 6: e4f64670 folded before Flop (didn't bet)


Poker Hand #HD1847955019: Hold'em No Limit ($0.05/$0.1) - 2024/07/08 11:07:25
Table 'NLHRed33' 6-max Seat #6 is the button
Seat 1: 65c3941f ($25.22 in chips)
Seat 2: Hero ($13.09 in chips)
Seat 3: ae1f7e1f ($10 in chips)
Seat 4: ce0836a3 ($8.99 in chips)
Seat 5: 66fe9481 ($10.6 in chips)
Seat 6: e4f64670 ($14.05 in chips)
65c3941f: posts small blind $0.05
Hero: posts big blind $0.1
*** HOLE CARDS ***
Dealt to 65c3941f 
Dealt to Hero [3h 9c]
Dealt to ae1f7e1f 
Dealt to ce0836a3 
Dealt to 66fe9481 
Dealt to e4f64670 
ae1f7e1f: folds
ce0836a3: folds
66fe9481: folds
e4f64670: folds
65c3941f: raises $0.2 to $0.3
Hero: folds
Uncalled bet ($0.2) returned to 65c3941f
*** SHOWDOWN ***
65c3941f collected $0.2 from pot
*** SUMMARY ***
Total pot $0.2 | Rake $0 | Jackpot $0 | Bingo $0 | Fortune $0 | Tax $0
Seat 1: 65c3941f (small blind) collected ($0.2)
Seat 2: Hero (big blind) folded before Flop
Seat 3: ae1f7e1f folded before Flop (didn't bet)
Seat 4: ce0836a3 folded before Flop (didn't bet)
Seat 5: 66fe9481 folded before Flop (didn't bet)
Seat 6: e4f64670 (button) folded before Flop (didn't bet)


Poker Hand #HD1847954912: Hold'em No Limit ($0.05/$0.1) - 2024/07/08 11:06:32
Table 'NLHRed33' 6-max Seat #5 is the button
Seat 1: 65c3941f ($25.32 in chips)
Seat 2: Hero ($13.09 in chips)
Seat 3: ae1f7e1f ($10.25 in chips)
Seat 4: ce0836a3 ($8.35 in chips)
Seat 5: 66fe9481 ($10.6 in chips)
Seat 6: e4f64670 ($14.1 in chips)
e4f64670: posts small blind $0.05
65c3941f: posts big blind $0.1
*** HOLE CARDS ***
Dealt to 65c3941f 
Dealt to Hero [6c Qc]
Dealt to ae1f7e1f 
Dealt to ce0836a3 
Dealt to 66fe9481 
Dealt to e4f64670 
Hero: folds
ae1f7e1f: raises $0.15 to $0.25
ce0836a3: calls $0.25
66fe9481: folds
e4f64670: folds
65c3941f: folds
*** FLOP *** [6h 2c 5h]
ae1f7e1f: checks
ce0836a3: checks
*** TURN *** [6h 2c 5h] [Qh]
ae1f7e1f: bets $0.3
ce0836a3: calls $0.3
*** RIVER *** [6h 2c 5h Qh] [6s]
ae1f7e1f: checks
ce0836a3: bets $1.4
ae1f7e1f: folds
Uncalled bet ($1.4) returned to ce0836a3
*** SHOWDOWN ***
ce0836a3 collected $1.19 from pot
*** SUMMARY ***
Total pot $1.25 | Rake $0.06 | Jackpot $0 | Bingo $0 | Fortune $0 | Tax $0
Board [6h 2c 5h Qh 6s]
Seat 1: 65c3941f (big blind) folded before Flop
Seat 2: Hero folded before Flop (didn't bet)
Seat 3: ae1f7e1f folded on the River
Seat 4: ce0836a3 won ($1.19)
Seat 5: 66fe9481 (button) folded before Flop (didn't bet)
Seat 6: e4f64670 (small blind) folded before Flop


Poker Hand #HD1847954885: Hold'em No Limit ($0.05/$0.1) - 2024/07/08 11:06:20
Table 'NLHRed33' 6-max Seat #4 is the button
Seat 1: 65c3941f ($25.32 in chips)
Seat 2: Hero ($13.09 in chips)
Seat 3: ae1f7e1f ($10.25 in chips)
Seat 4: ce0836a3 ($8.35 in chips)
Seat 5: 66fe9481 ($10.65 in chips)
Seat 6: e4f64670 ($14.05 in chips)
66fe9481: posts small blind $0.05
e4f64670: posts big blind $0.1
*** HOLE CARDS ***
Dealt to 65c3941f 
Dealt to Hero [5d 2h]
Dealt to ae1f7e1f 
Dealt to ce0836a3 
Dealt to 66fe9481 
Dealt to e4f64670 
65c3941f: folds
Hero: folds
ae1f7e1f: folds
ce0836a3: folds
66fe9481: folds
Uncalled bet ($0.05) returned to e4f64670
*** SHOWDOWN ***
e4f64670 collected $0.1 from pot
*** SUMMARY ***
Total pot $0.1 | Rake $0 | Jackpot $0 | Bingo $0 | Fortune $0 | Tax $0
Seat 1: 65c3941f folded before Flop (didn't bet)
Seat 2: Hero folded before Flop (didn't bet)
Seat 3: ae1f7e1f folded before Flop (didn't bet)
Seat 4: ce0836a3 (button) folded before Flop (didn't bet)
Seat 5: 66fe9481 (small blind) folded before Flop
Seat 6: e4f64670 (big blind) collected ($0.1)


Poker Hand #HD1847954821: Hold'em No Limit ($0.05/$0.1) - 2024/07/08 11:05:44
Table 'NLHRed33' 6-max Seat #3 is the button
Seat 1: 65c3941f ($25.32 in chips)
Seat 2: Hero ($13.09 in chips)
Seat 3: ae1f7e1f ($10 in chips)
Seat 4: ce0836a3 ($8.4 in chips)
Seat 5: 66fe9481 ($10.87 in chips)
Seat 6: e4f64670 ($14.05 in chips)
ce0836a3: posts small blind $0.05
66fe9481: posts big blind $0.1
*** HOLE CARDS ***
Dealt to 65c3941f 
Dealt to Hero [4s Jd]
Dealt to ae1f7e1f 
Dealt to ce0836a3 
Dealt to 66fe9481 
Dealt to e4f64670 
e4f64670: folds
65c3941f: folds
Hero: folds
ae1f7e1f: raises $0.12 to $0.22
ce0836a3: folds
66fe9481: calls $0.12
*** FLOP *** [6c Jh 3s]
66fe9481: checks
ae1f7e1f: bets $0.17
66fe9481: folds
Uncalled bet ($0.17) returned to ae1f7e1f
*** SHOWDOWN ***
ae1f7e1f collected $0.47 from pot
*** SUMMARY ***
Total pot $0.49 | Rake $0.02 | Jackpot $0 | Bingo $0 | Fortune $0 | Tax $0
Board [6c Jh 3s]
Seat 1: 65c3941f folded before Flop (didn't bet)
Seat 2: Hero folded before Flop (didn't bet)
Seat 3: ae1f7e1f (button) won ($0.47)
Seat 4: ce0836a3 (small blind) folded before Flop
Seat 5: 66fe9481 (big blind) folded on the Flop
Seat 6: e4f64670 folded before Flop (didn't bet)


Poker Hand #HD1847954771: Hold'em No Limit ($0.05/$0.1) - 2024/07/08 11:05:13
Table 'NLHRed33' 6-max Seat #2 is the button
Seat 1: 65c3941f ($25.32 in chips)
Seat 2: Hero ($13.09 in chips)
Seat 3: ae1f7e1f ($10 in chips)
Seat 4: ce0836a3 ($8.13 in chips)
Seat 5: 66fe9481 ($10.87 in chips)
Seat 6: e4f64670 ($14.05 in chips)
ae1f7e1f: posts small blind $0.05
ce0836a3: posts big blind $0.1
*** HOLE CARDS ***
Dealt to 65c3941f 
Dealt to Hero [Tc 3h]
Dealt to ae1f7e1f 
Dealt to ce0836a3 
Dealt to 66fe9481 
Dealt to e4f64670 
66fe9481: folds
e4f64670: folds
65c3941f: folds
Hero: folds
ae1f7e1f: raises $0.2 to $0.3
ce0836a3: raises $0.45 to $0.75
ae1f7e1f: folds
Uncalled bet ($0.45) returned to ce0836a3
ce0836a3: shows [6h 8s]
*** SHOWDOWN ***
ce0836a3 collected $0.57 from pot
*** SUMMARY ***
Total pot $0.6 | Rake $0.03 | Jackpot $0 | Bingo $0 | Fortune $0 | Tax $0
Seat 1: 65c3941f folded before Flop (didn't bet)
Seat 2: Hero (button) folded before Flop (didn't bet)
Seat 3: ae1f7e1f (small blind) folded before Flop
Seat 4: ce0836a3 (big blind) showed [6h 8s] and collected ($0.57)
Seat 5: 66fe9481 folded before Flop (didn't bet)
Seat 6: e4f64670 folded before Flop (didn't bet)


Poker Hand #HD1847954729: Hold'em No Limit ($0.05/$0.1) - 2024/07/08 11:04:56
Table 'NLHRed33' 6-max Seat #1 is the button
Seat 1: 65c3941f ($25.17 in chips)
Seat 2: Hero ($13.14 in chips)
Seat 3: ae1f7e1f ($10 in chips)
Seat 4: ce0836a3 ($8.13 in chips)
Seat 5: 66fe9481 ($10.87 in chips)
Seat 6: e4f64670 ($14.05 in chips)
Hero: posts small blind $0.05
ae1f7e1f: posts big blind $0.1
*** HOLE CARDS ***
Dealt to 65c3941f 
Dealt to Hero [Ac 7d]
Dealt to ae1f7e1f 
Dealt to ce0836a3 
Dealt to 66fe9481 
Dealt to e4f64670 
ce0836a3: folds
66fe9481: folds
e4f64670: folds
65c3941f: raises $0.15 to $0.25
Hero: folds
ae1f7e1f: folds
Uncalled bet ($0.15) returned to 65c3941f
*** SHOWDOWN ***
65c3941f collected $0.25 from pot
*** SUMMARY ***
Total pot $0.25 | Rake $0 | Jackpot $0 | Bingo $0 | Fortune $0 | Tax $0
Seat 1: 65c3941f (button) collected ($0.25)
Seat 2: Hero (small blind) folded before Flop
Seat 3: ae1f7e1f (big blind) folded before Flop
Seat 4: ce0836a3 folded before Flop (didn't bet)
Seat 5: 66fe9481 folded before Flop (didn't bet)
Seat 6: e4f64670 folded before Flop (didn't bet)


Poker Hand #HD1847954693: Hold'em No Limit ($0.05/$0.1) - 2024/07/08 11:04:39
Table 'NLHRed33' 6-max Seat #6 is the button
Seat 1: 65c3941f ($25.22 in chips)
Seat 2: Hero ($13.24 in chips)
Seat 3: ae1f7e1f ($10 in chips)
Seat 4: ce0836a3 ($8.13 in chips)
Seat 5: 66fe9481 ($10.72 in chips)
Seat 6: e4f64670 ($14.05 in chips)
65c3941f: posts small blind $0.05
Hero: posts big blind $0.1
*** HOLE CARDS ***
Dealt to 65c3941f 
Dealt to Hero [5c 7s]
Dealt to ae1f7e1f 
Dealt to ce0836a3 
Dealt to 66fe9481 
Dealt to e4f64670 
ae1f7e1f: folds
ce0836a3: folds
66fe9481: raises $0.1 to $0.2
e4f64670: folds
65c3941f: folds
Hero: folds
Uncalled bet ($0.1) returned to 66fe9481
*** SHOWDOWN ***
66fe9481 collected $0.25 from pot
*** SUMMARY ***
Total pot $0.25 | Rake $0 | Jackpot $0 | Bingo $0 | Fortune $0 | Tax $0
Seat 1: 65c3941f (small blind) folded before Flop
Seat 2: Hero (big blind) folded before Flop
Seat 3: ae1f7e1f folded before Flop (didn't bet)
Seat 4: ce0836a3 folded before Flop (didn't bet)
Seat 5: 66fe9481 collected ($0.25)
Seat 6: e4f64670 (button) folded before Flop (didn't bet)


Poker Hand #HD1847954523: Hold'em No Limit ($0.05/$0.1) - 2024/07/08 11:03:14
Table 'NLHRed33' 6-max Seat #5 is the button
Seat 1: 65c3941f ($25.42 in chips)
Seat 2: Hero ($13.24 in chips)
Seat 3: ae1f7e1f ($10 in chips)
Seat 4: ce0836a3 ($8.66 in chips)
Seat 5: 66fe9481 ($10 in chips)
Seat 6: e4f64670 ($14.1 in chips)
e4f64670: posts small blind $0.05
65c3941f: posts big blind $0.1
*** HOLE CARDS ***
Dealt to 65c3941f 
Dealt to Hero [2h Jh]
Dealt to ae1f7e1f 
Dealt to ce0836a3 
Dealt to 66fe9481 
Dealt to e4f64670 
Hero: folds
ae1f7e1f: folds
ce0836a3: raises $0.1 to $0.2
66fe9481: calls $0.2
e4f64670: folds
65c3941f: calls $0.1
*** FLOP *** [6h 5s 7c]
65c3941f: checks
ce0836a3: checks
66fe9481: checks
*** TURN *** [6h 5s 7c] [5d]
65c3941f: checks
ce0836a3: bets $0.33
66fe9481: calls $0.33
65c3941f: folds
*** RIVER *** [6h 5s 7c 5d] [Kh]
ce0836a3: checks
66fe9481: bets $0.99
ce0836a3: folds
Uncalled bet ($0.99) returned to 66fe9481
*** SHOWDOWN ***
66fe9481 collected $1.25 from pot
*** SUMMARY ***
Total pot $1.31 | Rake $0.06 | Jackpot $0 | Bingo $0 | Fortune $0 | Tax $0
Board [6h 5s 7c 5d Kh]
Seat 1: 65c3941f (big blind) folded on the Turn
Seat 2: Hero folded before Flop (didn't bet)
Seat 3: ae1f7e1f folded before Flop (didn't bet)
Seat 4: ce0836a3 folded on the River
Seat 5: 66fe9481 (button) won ($1.25)
Seat 6: e4f64670 (small blind) folded before Flop


Poker Hand #HD1847954436: Hold'em No Limit ($0.05/$0.1) - 2024/07/08 11:02:27
Table 'NLHRed33' 6-max Seat #4 is the button
Seat 1: 65c3941f ($25.42 in chips)
Seat 2: Hero ($13.24 in chips)
Seat 3: ae1f7e1f ($10 in chips)
Seat 4: ce0836a3 ($8.66 in chips)
Seat 5: 66fe9481 ($10 in chips)
Seat 6: e4f64670 ($13.65 in chips)
66fe9481: posts small blind $0.05
e4f64670: posts big blind $0.1
*** HOLE CARDS ***
Dealt to 65c3941f 
Dealt to Hero [Qc 8c]
Dealt to ae1f7e1f 
Dealt to ce0836a3 
Dealt to 66fe9481 
Dealt to e4f64670 
65c3941f: folds
Hero: folds
ae1f7e1f: folds
ce0836a3: folds
66fe9481: raises $0.15 to $0.25
e4f64670: calls $0.15
*** FLOP *** [6s 3s 5d]
66fe9481: bets $0.25
e4f64670: calls $0.25
*** TURN *** [6s 3s 5d] [Ts]
66fe9481: checks
e4f64670: checks
*** RIVER *** [6s 3s 5d Ts] [3h]
66fe9481: checks
e4f64670: checks
66fe9481: shows [8d Qd] (Pair of Treys)
e4f64670: shows [4s 4c] (Pair of Fours and Pair of Treys)
*** SHOWDOWN ***
e4f64670 collected $0.95 from pot
*** SUMMARY ***
Total pot $1 | Rake $0.05 | Jackpot $0 | Bingo $0 | Fortune $0 | Tax $0
Board [6s 3s 5d Ts 3h]
Seat 1: 65c3941f folded before Flop (didn't bet)
Seat 2: Hero folded before Flop (didn't bet)
Seat 3: ae1f7e1f folded before Flop (didn't bet)
Seat 4: ce0836a3 (button) folded before Flop (didn't bet)
Seat 5: 66fe9481 (small blind) showed [8d Qd] and lost with Pair of Treys
Seat 6: e4f64670 (big blind) showed [4s 4c] and won ($0.95) with Pair of Fours and Pair of Treys


Poker Hand #HD1847954259: Hold'em No Limit ($0.05/$0.1) - 2024/07/08 11:00:55
Table 'NLHRed33' 6-max Seat #3 is the button
Seat 1: 65c3941f ($25.42 in chips)
Seat 2: Hero ($10.75 in chips)
Seat 3: ae1f7e1f ($10 in chips)
Seat 4: ce0836a3 ($8.71 in chips)
Seat 5: 66fe9481 ($11.48 in chips)
Seat 6: e4f64670 ($13.65 in chips)
ce0836a3: posts small blind $0.05
66fe9481: posts big blind $0.1
*** HOLE CARDS ***
Dealt to 65c3941f 
Dealt to Hero [Ac Ad]
Dealt to ae1f7e1f 
Dealt to ce0836a3 
Dealt to 66fe9481 
Dealt to e4f64670 
e4f64670: folds
65c3941f: folds
Hero: raises $0.14 to $0.24
ae1f7e1f: folds
ce0836a3: folds
66fe9481: calls $0.14
*** FLOP *** [Qs 8s 6c]
66fe9481: checks
Hero: bets $0.3
66fe9481: raises $0.85 to $1.15
Hero: calls $0.85
*** TURN *** [Qs 8s 6c] [9h]
66fe9481: bets $1.42
Hero: calls $1.42
*** RIVER *** [Qs 8s 6c 9h] [6d]
66fe9481: checks
Hero: checks
66fe9481: shows [3s 9s] (Pair of Nines and Pair of Sixes)
Hero: shows [Ac Ad] (Pair of Aces and Pair of Sixes)
*** SHOWDOWN ***
Hero collected $5.3 from pot
*** SUMMARY ***
Total pot $5.67 | Rake $0.27 | Jackpot $0.1 | Bingo $0 | Fortune $0 | Tax $0
Board [Qs 8s 6c 9h 6d]
Seat 1: 65c3941f folded before Flop (didn't bet)
Seat 2: Hero showed [Ac Ad] and won ($5.3) with Pair of Aces and Pair of Sixes
Seat 3: ae1f7e1f (button) folded before Flop (didn't bet)
Seat 4: ce0836a3 (small blind) folded before Flop
Seat 5: 66fe9481 (big blind) showed [3s 9s] and lost with Pair of Nines and Pair of Sixes
Seat 6: e4f64670 folded before Flop (didn't bet)


Poker Hand #HD1847954218: Hold'em No Limit ($0.05/$0.1) - 2024/07/08 11:00:32
Table 'NLHRed33' 6-max Seat #2 is the button
Seat 1: 65c3941f ($25.42 in chips)
Seat 2: Hero ($10.6 in chips)
Seat 3: ae1f7e1f ($10 in chips)
Seat 4: ce0836a3 ($8.81 in chips)
Seat 5: 66fe9481 ($11.48 in chips)
Seat 6: e4f64670 ($13.65 in chips)
ae1f7e1f: posts small blind $0.05
ce0836a3: posts big blind $0.1
*** HOLE CARDS ***
Dealt to 65c3941f 
Dealt to Hero [Jh Ad]
Dealt to ae1f7e1f 
Dealt to ce0836a3 
Dealt to 66fe9481 
Dealt to e4f64670 
66fe9481: folds
e4f64670: folds
65c3941f: folds
Hero: raises $0.2 to $0.3
ae1f7e1f: folds
ce0836a3: folds
Uncalled bet ($0.2) returned to Hero
*** SHOWDOWN ***
Hero collected $0.25 from pot
*** SUMMARY ***
Total pot $0.25 | Rake $0 | Jackpot $0 | Bingo $0 | Fortune $0 | Tax $0
Seat 1: 65c3941f folded before Flop (didn't bet)
Seat 2: Hero (button) collected ($0.25)
Seat 3: ae1f7e1f (small blind) folded before Flop
Seat 4: ce0836a3 (big blind) folded before Flop
Seat 5: 66fe9481 folded before Flop (didn't bet)
Seat 6: e4f64670 folded before Flop (didn't bet)


Poker Hand #HD1847954179: Hold'em No Limit ($0.05/$0.1) - 2024/07/08 11:00:08
Table 'NLHRed33' 6-max Seat #1 is the button
Seat 1: 65c3941f ($25.42 in chips)
Seat 2: Hero ($10.65 in chips)
Seat 3: ae1f7e1f ($10 in chips)
Seat 4: ce0836a3 ($8.81 in chips)
Seat 5: 66fe9481 ($11.48 in chips)
Seat 6: e4f64670 ($13.5 in chips)
Hero: posts small blind $0.05
ae1f7e1f: posts big blind $0.1
*** HOLE CARDS ***
Dealt to 65c3941f 
Dealt to Hero [5s 7c]
Dealt to ae1f7e1f 
Dealt to ce0836a3 
Dealt to 66fe9481 
Dealt to e4f64670 
ce0836a3: folds
66fe9481: folds
e4f64670: raises $0.2 to $0.3
65c3941f: folds
Hero: folds
ae1f7e1f: folds
Uncalled bet ($0.2) returned to e4f64670
*** SHOWDOWN ***
e4f64670 collected $0.25 from pot
*** SUMMARY ***
Total pot $0.25 | Rake $0 | Jackpot $0 | Bingo $0 | Fortune $0 | Tax $0
Seat 1: 65c3941f (button) folded before Flop (didn't bet)
Seat 2: Hero (small blind) folded before Flop
Seat 3: ae1f7e1f (big blind) folded before Flop
Seat 4: ce0836a3 folded before Flop (didn't bet)
Seat 5: 66fe9481 folded before Flop (didn't bet)
Seat 6: e4f64670 collected ($0.25)


Poker Hand #HD1847954143: Hold'em No Limit ($0.05/$0.1) - 2024/07/08 10:59:50
Table 'NLHRed33' 6-max Seat #6 is the button
Seat 1: 65c3941f ($25.47 in chips)
Seat 2: Hero ($10.75 in chips)
Seat 4: ce0836a3 ($8.81 in chips)
Seat 5: 66fe9481 ($11.33 in chips)
Seat 6: e4f64670 ($13.5 in chips)
65c3941f: posts small blind $0.05
Hero: posts big blind $0.1
*** HOLE CARDS ***
Dealt to 65c3941f 
Dealt to Hero [Qh 5c]
Dealt to ce0836a3 
Dealt to 66fe9481 
Dealt to e4f64670 
ce0836a3: folds
66fe9481: raises $0.15 to $0.25
e4f64670: folds
65c3941f: folds
Hero: folds
Uncalled bet ($0.15) returned to 66fe9481
*** SHOWDOWN ***
66fe9481 collected $0.25 from pot
*** SUMMARY ***
Total pot $0.25 | Rake $0 | Jackpot $0 | Bingo $0 | Fortune $0 | Tax $0
Seat 1: 65c3941f (small blind) folded before Flop
Seat 2: Hero (big blind) folded before Flop
Seat 4: ce0836a3 folded before Flop (didn't bet)
Seat 5: 66fe9481 collected ($0.25)
Seat 6: e4f64670 (button) folded before Flop (didn't bet)


Poker Hand #HD1847954115: Hold'em No Limit ($0.05/$0.1) - 2024/07/08 10:59:34
Table 'NLHRed33' 6-max Seat #5 is the button
Seat 1: 65c3941f ($25.57 in chips)
Seat 2: Hero ($10.75 in chips)
Seat 4: ce0836a3 ($8.81 in chips)
Seat 5: 66fe9481 ($11.18 in chips)
Seat 6: e4f64670 ($13.55 in chips)
e4f64670: posts small blind $0.05
65c3941f: posts big blind $0.1
*** HOLE CARDS ***
Dealt to 65c3941f 
Dealt to Hero [5h Qd]
Dealt to ce0836a3 
Dealt to 66fe9481 
Dealt to e4f64670 
Hero: folds
ce0836a3: folds
66fe9481: raises $0.15 to $0.25
e4f64670: folds
65c3941f: folds
Uncalled bet ($0.15) returned to 66fe9481
*** SHOWDOWN ***
66fe9481 collected $0.25 from pot
*** SUMMARY ***
Total pot $0.25 | Rake $0 | Jackpot $0 | Bingo $0 | Fortune $0 | Tax $0
Seat 1: 65c3941f (big blind) folded before Flop
Seat 2: Hero folded before Flop (didn't bet)
Seat 4: ce0836a3 folded before Flop (didn't bet)
Seat 5: 66fe9481 (button) collected ($0.25)
Seat 6: e4f64670 (small blind) folded before Flop


Poker Hand #HD1847954084: Hold'em No Limit ($0.05/$0.1) - 2024/07/08 10:59:20
Table 'NLHRed33' 6-max Seat #4 is the button
Seat 1: 65c3941f ($25.57 in chips)
Seat 2: Hero ($10.75 in chips)
Seat 4: ce0836a3 ($8.81 in chips)
Seat 5: 66fe9481 ($11.23 in chips)
Seat 6: e4f64670 ($13.5 in chips)
66fe9481: posts small blind $0.05
e4f64670: posts big blind $0.1
*** HOLE CARDS ***
Dealt to 65c3941f 
Dealt to Hero [As 5h]
Dealt to ce0836a3 
Dealt to 66fe9481 
Dealt to e4f64670 
65c3941f: folds
Hero: folds
ce0836a3: folds
66fe9481: folds
Uncalled bet ($0.05) returned to e4f64670
*** SHOWDOWN ***
e4f64670 collected $0.1 from pot
*** SUMMARY ***
Total pot $0.1 | Rake $0 | Jackpot $0 | Bingo $0 | Fortune $0 | Tax $0
Seat 1: 65c3941f folded before Flop (didn't bet)
Seat 2: Hero folded before Flop (didn't bet)
Seat 4: ce0836a3 (button) folded before Flop (didn't bet)
Seat 5: 66fe9481 (small blind) folded before Flop
Seat 6: e4f64670 (big blind) collected ($0.1)


Poker Hand #HD1847954042: Hold'em No Limit ($0.05/$0.1) - 2024/07/08 10:58:50
Table 'NLHRed33' 6-max Seat #2 is the button
Seat 1: 65c3941f ($25.57 in chips)
Seat 2: Hero ($10.75 in chips)
Seat 4: ce0836a3 ($8.63 in chips)
Seat 5: 66fe9481 ($11.43 in chips)
Seat 6: e4f64670 ($13.5 in chips)
ce0836a3: posts small blind $0.05
66fe9481: posts big blind $0.1
*** HOLE CARDS ***
Dealt to 65c3941f 
Dealt to Hero [9h 4s]
Dealt to ce0836a3 
Dealt to 66fe9481 
Dealt to e4f64670 
e4f64670: folds
65c3941f: folds
Hero: folds
ce0836a3: raises $0.1 to $0.2
66fe9481: calls $0.1
*** FLOP *** [Jd 4h Kh]
ce0836a3: bets $0.2
66fe9481: folds
Uncalled bet ($0.2) returned to ce0836a3
*** SHOWDOWN ***
ce0836a3 collected $0.38 from pot
*** SUMMARY ***
Total pot $0.4 | Rake $0.02 | Jackpot $0 | Bingo $0 | Fortune $0 | Tax $0
Board [Jd 4h Kh]
Seat 1: 65c3941f folded before Flop (didn't bet)
Seat 2: Hero (button) folded before Flop (didn't bet)
Seat 4: ce0836a3 (small blind) won ($0.38)
Seat 5: 66fe9481 (big blind) folded on the Flop
Seat 6: e4f64670 folded before Flop (didn't bet)


Poker Hand #HD1847953856: Hold'em No Limit ($0.05/$0.1) - 2024/07/08 10:57:06
Table 'NLHRed33' 6-max Seat #1 is the button
Seat 1: 65c3941f ($17.36 in chips)
Seat 2: Hero ($10.8 in chips)
Seat 3: af3aac05 ($9.17 in chips)
Seat 4: ce0836a3 ($8.63 in chips)
Seat 5: 66fe9481 ($11.43 in chips)
Seat 6: e4f64670 ($13.5 in chips)
Hero: posts small blind $0.05
af3aac05: posts big blind $0.1
*** HOLE CARDS ***
Dealt to 65c3941f 
Dealt to Hero [Tc 6d]
Dealt to af3aac05 
Dealt to ce0836a3 
Dealt to 66fe9481 
Dealt to e4f64670 
ce0836a3: folds
66fe9481: folds
e4f64670: folds
65c3941f: raises $0.15 to $0.25
Hero: folds
af3aac05: raises $0.28 to $0.53
65c3941f: raises $0.97 to $1.5
af3aac05: calls $0.97
*** FLOP *** [Qh 6c Qc]
af3aac05: checks
65c3941f: bets $1
af3aac05: calls $1
*** TURN *** [Qh 6c Qc] [Td]
af3aac05: bets $2.53
65c3941f: raises $12.33 to $14.86 and is all-in
af3aac05: calls $4.14 and is all-in
Uncalled bet ($8.19) returned to 65c3941f
65c3941f: shows [Js Jc] (Pair of Queens and Pair of Jacks)
af3aac05: shows [Ts Ac] (Pair of Queens and Pair of Tens)
*** RIVER *** [Qh 6c Qc Td] [7c]
*** SHOWDOWN ***
65c3941f collected $17.38 from pot
*** SUMMARY ***
Total pot $18.39 | Rake $0.91 | Jackpot $0.1 | Bingo $0 | Fortune $0 | Tax $0
Board [Qh 6c Qc Td 7c]
Seat 1: 65c3941f (button) showed [Js Jc] and won ($17.38) with Pair of Queens and Pair of Jacks
Seat 2: Hero (small blind) folded before Flop
Seat 3: af3aac05 (big blind) showed [Ts Ac] and lost with Pair of Queens and Pair of Tens
Seat 4: ce0836a3 folded before Flop (didn't bet)
Seat 5: 66fe9481 folded before Flop (didn't bet)
Seat 6: e4f64670 folded before Flop (didn't bet)


Poker Hand #HD1847953769: Hold'em No Limit ($0.05/$0.1) - 2024/07/08 10:56:22
Table 'NLHRed33' 6-max Seat #6 is the button
Seat 1: 65c3941f ($17.41 in chips)
Seat 2: Hero ($10 in chips)
Seat 3: af3aac05 ($10 in chips)
Seat 4: ce0836a3 ($8.63 in chips)
Seat 5: 66fe9481 ($11.43 in chips)
Seat 6: e4f64670 ($13.5 in chips)
65c3941f: posts small blind $0.05
Hero: posts big blind $0.1
af3aac05: posts big blind $0.1
*** HOLE CARDS ***
Dealt to 65c3941f 
Dealt to Hero [Qc Qh]
Dealt to af3aac05 
Dealt to ce0836a3 
Dealt to 66fe9481 
Dealt to e4f64670 
af3aac05: checks
ce0836a3: folds
66fe9481: folds
e4f64670: folds
65c3941f: folds
Hero: raises $0.3 to $0.4
af3aac05: calls $0.3
*** FLOP *** [9s Qd 7d]
Hero: checks
af3aac05: bets $0.43
Hero: raises $0.87 to $1.3
af3aac05: folds
Uncalled bet ($0.87) returned to Hero
*** SHOWDOWN ***
Hero collected $1.63 from pot
*** SUMMARY ***
Total pot $1.71 | Rake $0.08 | Jackpot $0 | Bingo $0 | Fortune $0 | Tax $0
Board [9s Qd 7d]
Seat 1: 65c3941f (small blind) folded before Flop
Seat 2: Hero (big blind) won ($1.63)
Seat 3: af3aac05 folded on the Flop
Seat 4: ce0836a3 folded before Flop (didn't bet)
Seat 5: 66fe9481 folded before Flop (didn't bet)
Seat 6: e4f64670 (button) folded before Flop (didn't bet)


