Poker Hand #HD1756996907: Hold'em No Limit ($0.05/$0.1) - 2024/05/03 16:01:53
Table 'NLHRed27' 6-max Seat #3 is the button
Seat 1: 81b38b27 ($9.85 in chips)
Seat 3: 81bc92c5 ($10 in chips)
Seat 6: Hero ($11.41 in chips)
Hero: posts small blind $0.05
81b38b27: posts big blind $0.1
*** HOLE CARDS ***
Dealt to 81b38b27 
Dealt to 81bc92c5 
Dealt to Hero [7h 2c]
81bc92c5: folds
Hero: folds
Uncalled bet ($0.05) returned to 81b38b27
*** SHOWDOWN ***
81b38b27 collected $0.1 from pot
*** SUMMARY ***
Total pot $0.1 | Rake $0 | Jackpot $0 | Bingo $0 | Fortune $0 | Tax $0
Seat 1: 81b38b27 (big blind) collected ($0.1)
Seat 3: 81bc92c5 (button) folded before Flop (didn't bet)
Seat 6: Hero (small blind) folded before Flop


Poker Hand #HD1756996886: Hold'em No Limit ($0.05/$0.1) - 2024/05/03 16:01:44
Table 'NLHRed27' 6-max Seat #1 is the button
Seat 1: 81b38b27 ($9.85 in chips)
Seat 3: 81bc92c5 ($10.05 in chips)
Seat 6: Hero ($11.36 in chips)
81bc92c5: posts small blind $0.05
Hero: posts big blind $0.1
*** HOLE CARDS ***
Dealt to 81b38b27 
Dealt to 81bc92c5 
Dealt to Hero [Tc Td]
81b38b27: folds
81bc92c5: folds
Uncalled bet ($0.05) returned to Hero
*** SHOWDOWN ***
Hero collected $0.1 from pot
*** SUMMARY ***
Total pot $0.1 | Rake $0 | Jackpot $0 | Bingo $0 | Fortune $0 | Tax $0
Seat 1: 81b38b27 (button) folded before Flop (didn't bet)
Seat 3: 81bc92c5 (small blind) folded before Flop
Seat 6: Hero (big blind) collected ($0.1)


Poker Hand #HD1756996869: Hold'em No Limit ($0.05/$0.1) - 2024/05/03 16:01:35
Table 'NLHRed27' 6-max Seat #6 is the button
Seat 1: 81b38b27 ($9.9 in chips)
Seat 3: 81bc92c5 ($10 in chips)
Seat 6: Hero ($11.36 in chips)
81b38b27: posts small blind $0.05
81bc92c5: posts big blind $0.1
*** HOLE CARDS ***
Dealt to 81b38b27 
Dealt to 81bc92c5 
Dealt to Hero [5d 2h]
Hero: folds
81b38b27: folds
Uncalled bet ($0.05) returned to 81bc92c5
*** SHOWDOWN ***
81bc92c5 collected $0.1 from pot
*** SUMMARY ***
Total pot $0.1 | Rake $0 | Jackpot $0 | Bingo $0 | Fortune $0 | Tax $0
Seat 1: 81b38b27 (small blind) folded before Flop
Seat 3: 81bc92c5 (big blind) collected ($0.1)
Seat 6: Hero (button) folded before Flop (didn't bet)


Poker Hand #HD1756996860: Hold'em No Limit ($0.05/$0.1) - 2024/05/03 16:01:29
Table 'NLHRed27' 6-max Seat #3 is the button
Seat 1: 81b38b27 ($9.85 in chips)
Seat 3: 81bc92c5 ($10 in chips)
Seat 6: Hero ($11.41 in chips)
Hero: posts small blind $0.05
81b38b27: posts big blind $0.1
*** HOLE CARDS ***
Dealt to 81b38b27 
Dealt to 81bc92c5 
Dealt to Hero [Js 4d]
81bc92c5: folds
Hero: folds
Uncalled bet ($0.05) returned to 81b38b27
*** SHOWDOWN ***
81b38b27 collected $0.1 from pot
*** SUMMARY ***
Total pot $0.1 | Rake $0 | Jackpot $0 | Bingo $0 | Fortune $0 | Tax $0
Seat 1: 81b38b27 (big blind) collected ($0.1)
Seat 3: 81bc92c5 (button) folded before Flop (didn't bet)
Seat 6: Hero (small blind) folded before Flop


Poker Hand #HD1756996845: Hold'em No Limit ($0.05/$0.1) - 2024/05/03 16:01:20
Table 'NLHRed27' 6-max Seat #1 is the button
Seat 1: 81b38b27 ($9.85 in chips)
Seat 3: 81bc92c5 ($10.05 in chips)
Seat 6: Hero ($11.36 in chips)
81bc92c5: posts small blind $0.05
Hero: posts big blind $0.1
*** HOLE CARDS ***
Dealt to 81b38b27 
Dealt to 81bc92c5 
Dealt to Hero [Kd 6h]
81b38b27: folds
81bc92c5: folds
Uncalled bet ($0.05) returned to Hero
*** SHOWDOWN ***
Hero collected $0.1 from pot
*** SUMMARY ***
Total pot $0.1 | Rake $0 | Jackpot $0 | Bingo $0 | Fortune $0 | Tax $0
Seat 1: 81b38b27 (button) folded before Flop (didn't bet)
Seat 3: 81bc92c5 (small blind) folded before Flop
Seat 6: Hero (big blind) collected ($0.1)


Poker Hand #HD1756996827: Hold'em No Limit ($0.05/$0.1) - 2024/05/03 16:01:08
Table 'NLHRed27' 6-max Seat #6 is the button
Seat 1: 81b38b27 ($9.9 in chips)
Seat 3: 81bc92c5 ($10.15 in chips)
Seat 5: a10a4653 ($11.16 in chips)
Seat 6: Hero ($11.36 in chips)
81b38b27: posts small blind $0.05
81bc92c5: posts big blind $0.1
*** HOLE CARDS ***
Dealt to 81b38b27 
Dealt to 81bc92c5 
Dealt to a10a4653 
Dealt to Hero [6c Td]
a10a4653: raises $0.15 to $0.25
Hero: folds
81b38b27: folds
81bc92c5: folds
Uncalled bet ($0.15) returned to a10a4653
*** SHOWDOWN ***
a10a4653 collected $0.25 from pot
*** SUMMARY ***
Total pot $0.25 | Rake $0 | Jackpot $0 | Bingo $0 | Fortune $0 | Tax $0
Seat 1: 81b38b27 (small blind) folded before Flop
Seat 3: 81bc92c5 (big blind) folded before Flop
Seat 5: a10a4653 collected ($0.25)
Seat 6: Hero (button) folded before Flop (didn't bet)


Poker Hand #HD1756996813: Hold'em No Limit ($0.05/$0.1) - 2024/05/03 16:00:57
Table 'NLHRed27' 6-max Seat #5 is the button
Seat 1: 81b38b27 ($10 in chips)
Seat 3: 81bc92c5 ($10 in chips)
Seat 5: a10a4653 ($11.16 in chips)
Seat 6: Hero ($11.41 in chips)
Hero: posts small blind $0.05
81b38b27: posts big blind $0.1
*** HOLE CARDS ***
Dealt to 81b38b27 
Dealt to 81bc92c5 
Dealt to a10a4653 
Dealt to Hero [5s 3c]
81bc92c5: raises $0.15 to $0.25
a10a4653: folds
Hero: folds
81b38b27: folds
Uncalled bet ($0.15) returned to 81bc92c5
*** SHOWDOWN ***
81bc92c5 collected $0.25 from pot
*** SUMMARY ***
Total pot $0.25 | Rake $0 | Jackpot $0 | Bingo $0 | Fortune $0 | Tax $0
Seat 1: 81b38b27 (big blind) folded before Flop
Seat 3: 81bc92c5 collected ($0.25)
Seat 5: a10a4653 (button) folded before Flop (didn't bet)
Seat 6: Hero (small blind) folded before Flop


Poker Hand #HD1756996720: Hold'em No Limit ($0.05/$0.1) - 2024/05/03 16:00:09
Table 'NLHRed27' 6-max Seat #3 is the button
Seat 2: 1d91a0dd ($10 in chips)
Seat 3: 81bc92c5 ($10 in chips)
Seat 5: a10a4653 ($11.76 in chips)
Seat 6: Hero ($10.87 in chips)
a10a4653: posts small blind $0.05
Hero: posts big blind $0.1
*** HOLE CARDS ***
Dealt to 1d91a0dd 
Dealt to 81bc92c5 
Dealt to a10a4653 
Dealt to Hero [Kd Ts]
1d91a0dd: folds
81bc92c5: folds
a10a4653: raises $0.2 to $0.3
Hero: calls $0.2
*** FLOP *** [5c Qh As]
a10a4653: checks
Hero: bets $0.3
a10a4653: calls $0.3
*** TURN *** [5c Qh As] [5s]
a10a4653: checks
Hero: bets $0.8
a10a4653: folds
Uncalled bet ($0.8) returned to Hero
*** SHOWDOWN ***
Hero collected $1.14 from pot
*** SUMMARY ***
Total pot $1.2 | Rake $0.06 | Jackpot $0 | Bingo $0 | Fortune $0 | Tax $0
Board [5c Qh As 5s]
Seat 2: 1d91a0dd folded before Flop (didn't bet)
Seat 3: 81bc92c5 (button) folded before Flop (didn't bet)
Seat 5: a10a4653 (small blind) folded on the Turn
Seat 6: Hero (big blind) won ($1.14)


Poker Hand #HD1756996686: Hold'em No Limit ($0.05/$0.1) - 2024/05/03 15:59:47
Table 'NLHRed27' 6-max Seat #2 is the button
Seat 1: 69124425 ($12.23 in chips)
Seat 2: 1d91a0dd ($10 in chips)
Seat 3: 81bc92c5 ($10 in chips)
Seat 5: a10a4653 ($11.71 in chips)
Seat 6: Hero ($10.87 in chips)
81bc92c5: posts small blind $0.05
a10a4653: posts big blind $0.1
*** HOLE CARDS ***
Dealt to 69124425 
Dealt to 1d91a0dd 
Dealt to 81bc92c5 
Dealt to a10a4653 
Dealt to Hero [9d 8c]
Hero: folds
69124425: folds
1d91a0dd: folds
81bc92c5: folds
Uncalled bet ($0.05) returned to a10a4653
*** SHOWDOWN ***
a10a4653 collected $0.1 from pot
*** SUMMARY ***
Total pot $0.1 | Rake $0 | Jackpot $0 | Bingo $0 | Fortune $0 | Tax $0
Seat 1: 69124425 folded before Flop (didn't bet)
Seat 2: 1d91a0dd (button) folded before Flop (didn't bet)
Seat 3: 81bc92c5 (small blind) folded before Flop
Seat 5: a10a4653 (big blind) collected ($0.1)
Seat 6: Hero folded before Flop (didn't bet)


Poker Hand #HD1756996596: Hold'em No Limit ($0.05/$0.1) - 2024/05/03 15:58:52
Table 'NLHRed27' 6-max Seat #1 is the button
Seat 1: 69124425 ($10 in chips)
Seat 2: 1d91a0dd ($10 in chips)
Seat 3: 81bc92c5 ($10 in chips)
Seat 4: a647fa0f ($2.42 in chips)
Seat 5: a10a4653 ($11.71 in chips)
Seat 6: Hero ($10.87 in chips)
1d91a0dd: posts small blind $0.05
81bc92c5: posts big blind $0.1
*** HOLE CARDS ***
Dealt to 69124425 
Dealt to 1d91a0dd 
Dealt to 81bc92c5 
Dealt to a647fa0f 
Dealt to a10a4653 
Dealt to Hero [7d Tc]
a647fa0f: raises $0.1 to $0.2
a10a4653: folds
Hero: folds
69124425: raises $0.47 to $0.67
1d91a0dd: folds
81bc92c5: folds
a647fa0f: calls $0.47
*** FLOP *** [2c Js Ad]
a647fa0f: checks
69124425: checks
*** TURN *** [2c Js Ad] [Ac]
a647fa0f: checks
69124425: checks
*** RIVER *** [2c Js Ad Ac] [Th]
a647fa0f: bets $1.75 and is all-in
69124425: calls $1.75
a647fa0f: shows [5d 8c] (Pair of Aces)
69124425: shows [Qs Qh] (Pair of Aces and Pair of Queens)
*** SHOWDOWN ***
69124425 collected $4.65 from pot
*** SUMMARY ***
Total pot $4.99 | Rake $0.24 | Jackpot $0.1 | Bingo $0 | Fortune $0 | Tax $0
Board [2c Js Ad Ac Th]
Seat 1: 69124425 (button) showed [Qs Qh] and won ($4.65) with Pair of Aces and Pair of Queens
Seat 2: 1d91a0dd (small blind) folded before Flop
Seat 3: 81bc92c5 (big blind) folded before Flop
Seat 4: a647fa0f showed [5d 8c] and lost with Pair of Aces
Seat 5: a10a4653 folded before Flop (didn't bet)
Seat 6: Hero folded before Flop (didn't bet)


Poker Hand #HD1756996502: Hold'em No Limit ($0.05/$0.1) - 2024/05/03 15:58:06
Table 'NLHRed27' 6-max Seat #6 is the button
Seat 1: 69124425 ($1.9 in chips)
Seat 2: 1d91a0dd ($10 in chips)
Seat 3: 81bc92c5 ($10.53 in chips)
Seat 4: a647fa0f ($2.42 in chips)
Seat 5: a10a4653 ($10.89 in chips)
Seat 6: Hero ($10.87 in chips)
69124425: posts small blind $0.05
1d91a0dd: posts big blind $0.1
*** HOLE CARDS ***
Dealt to 69124425 
Dealt to 1d91a0dd 
Dealt to 81bc92c5 
Dealt to a647fa0f 
Dealt to a10a4653 
Dealt to Hero [Ah 4c]
81bc92c5: raises $0.15 to $0.25
a647fa0f: folds
a10a4653: raises $0.5 to $0.75
Hero: folds
69124425: folds
1d91a0dd: folds
81bc92c5: calls $0.5
*** FLOP *** [6d 8d 5d]
81bc92c5: checks
a10a4653: bets $0.55
81bc92c5: folds
Uncalled bet ($0.55) returned to a10a4653
*** SHOWDOWN ***
a10a4653 collected $1.57 from pot
*** SUMMARY ***
Total pot $1.65 | Rake $0.08 | Jackpot $0 | Bingo $0 | Fortune $0 | Tax $0
Board [6d 8d 5d]
Seat 1: 69124425 (small blind) folded before Flop
Seat 2: 1d91a0dd (big blind) folded before Flop
Seat 3: 81bc92c5 folded on the Flop
Seat 4: a647fa0f folded before Flop (didn't bet)
Seat 5: a10a4653 won ($1.57)
Seat 6: Hero (button) folded before Flop (didn't bet)


Poker Hand #HD1756996465: Hold'em No Limit ($0.05/$0.1) - 2024/05/03 15:57:45
Table 'NLHRed27' 6-max Seat #5 is the button
Seat 1: 69124425 ($2 in chips)
Seat 2: 1d91a0dd ($10 in chips)
Seat 3: 81bc92c5 ($10.53 in chips)
Seat 4: a647fa0f ($2.42 in chips)
Seat 5: a10a4653 ($10.89 in chips)
Seat 6: Hero ($10.77 in chips)
Hero: posts small blind $0.05
69124425: posts big blind $0.1
*** HOLE CARDS ***
Dealt to 69124425 
Dealt to 1d91a0dd 
Dealt to 81bc92c5 
Dealt to a647fa0f 
Dealt to a10a4653 
Dealt to Hero [Js Qh]
1d91a0dd: folds
81bc92c5: folds
a647fa0f: folds
a10a4653: folds
Hero: raises $0.2 to $0.3
69124425: folds
Uncalled bet ($0.2) returned to Hero
*** SHOWDOWN ***
Hero collected $0.2 from pot
*** SUMMARY ***
Total pot $0.2 | Rake $0 | Jackpot $0 | Bingo $0 | Fortune $0 | Tax $0
Seat 1: 69124425 (big blind) folded before Flop
Seat 2: 1d91a0dd folded before Flop (didn't bet)
Seat 3: 81bc92c5 folded before Flop (didn't bet)
Seat 4: a647fa0f folded before Flop (didn't bet)
Seat 5: a10a4653 (button) folded before Flop (didn't bet)
Seat 6: Hero (small blind) collected ($0.2)


Poker Hand #HD1756996392: Hold'em No Limit ($0.05/$0.1) - 2024/05/03 15:57:04
Table 'NLHRed27' 6-max Seat #4 is the button
Seat 2: 1d91a0dd ($10 in chips)
Seat 3: 81bc92c5 ($10.53 in chips)
Seat 4: a647fa0f ($3.22 in chips)
Seat 5: a10a4653 ($10.94 in chips)
Seat 6: Hero ($10 in chips)
a10a4653: posts small blind $0.05
Hero: posts big blind $0.1
*** HOLE CARDS ***
Dealt to 1d91a0dd 
Dealt to 81bc92c5 
Dealt to a647fa0f 
Dealt to a10a4653 
Dealt to Hero [Kh Qh]
1d91a0dd: folds
81bc92c5: folds
a647fa0f: raises $0.1 to $0.2
a10a4653: folds
Hero: raises $0.6 to $0.8
a647fa0f: calls $0.6
*** FLOP *** [3c 7h 7d]
Hero: checks
a647fa0f: checks
*** TURN *** [3c 7h 7d] [2d]
Hero: bets $0.8
a647fa0f: folds
Uncalled bet ($0.8) returned to Hero
*** SHOWDOWN ***
Hero collected $1.57 from pot
*** SUMMARY ***
Total pot $1.65 | Rake $0.08 | Jackpot $0 | Bingo $0 | Fortune $0 | Tax $0
Board [3c 7h 7d 2d]
Seat 2: 1d91a0dd folded before Flop (didn't bet)
Seat 3: 81bc92c5 folded before Flop (didn't bet)
Seat 4: a647fa0f (button) folded on the Turn
Seat 5: a10a4653 (small blind) folded before Flop
Seat 6: Hero (big blind) won ($1.57)


