Poker Hand #HD1858030614: Hold'em No Limit ($0.05/$0.1) - 2024/07/15 16:23:51
Table 'NLHRed49' 6-max Seat #3 is the button
Seat 1: Hero ($10 in chips)
Seat 2: b60d4fe0 ($10.5 in chips)
Seat 3: 900c2d8b ($29.44 in chips)
Seat 4: 903d1ce9 ($15.31 in chips)
Seat 5: 72e4d1f ($10.87 in chips)
Seat 6: 66ff3c0 ($10.71 in chips)
903d1ce9: posts small blind $0.05
72e4d1f: posts big blind $0.1
*** HOLE CARDS ***
Dealt to Hero [7h Ks]
Dealt to b60d4fe0 
Dealt to 900c2d8b 
Dealt to 903d1ce9 
Dealt to 72e4d1f 
Dealt to 66ff3c0 
66ff3c0: folds
Hero: folds
b60d4fe0: folds
900c2d8b: folds
903d1ce9: folds
Uncalled bet ($0.05) returned to 72e4d1f
*** SHOWDOWN ***
72e4d1f collected $0.1 from pot
*** SUMMARY ***
Total pot $0.1 | Rake $0 | Jackpot $0 | Bingo $0 | Fortune $0 | Tax $0
Seat 1: Hero folded before Flop (didn't bet)
Seat 2: b60d4fe0 folded before Flop (didn't bet)
Seat 3: 900c2d8b (button) folded before Flop (didn't bet)
Seat 4: 903d1ce9 (small blind) folded before Flop
Seat 5: 72e4d1f (big blind) collected ($0.1)
Seat 6: 66ff3c0 folded before Flop (didn't bet)


Poker Hand #HD1858030451: Hold'em No Limit ($0.05/$0.1) - 2024/07/15 16:22:44
Table 'NLHRed49' 6-max Seat #2 is the button
Seat 1: Hero ($10 in chips)
Seat 2: b60d4fe0 ($10.27 in chips)
Seat 3: 900c2d8b ($29.2 in chips)
Seat 4: 903d1ce9 ($15.86 in chips)
Seat 6: 66ff3c0 ($10.71 in chips)
900c2d8b: posts small blind $0.05
903d1ce9: posts big blind $0.1
*** HOLE CARDS ***
Dealt to Hero [Qs 5h]
Dealt to b60d4fe0 
Dealt to 900c2d8b 
Dealt to 903d1ce9 
Dealt to 66ff3c0 
66ff3c0: folds
Hero: folds
b60d4fe0: raises $0.12 to $0.22
900c2d8b: calls $0.17
903d1ce9: calls $0.12
*** FLOP *** [Ts 2s 8c]
900c2d8b: checks
903d1ce9: checks
b60d4fe0: checks
*** TURN *** [Ts 2s 8c] [Ad]
900c2d8b: checks
903d1ce9: checks
b60d4fe0: bets $0.33
900c2d8b: calls $0.33
903d1ce9: calls $0.33
*** RIVER *** [Ts 2s 8c Ad] [2c]
900c2d8b: checks
903d1ce9: checks
b60d4fe0: checks
900c2d8b: shows [Ac 6c] (Pair of Aces and Pair of Twos)
903d1ce9: shows [5s 3d] (Pair of Twos)
b60d4fe0: shows [3s Ah] (Pair of Aces and Pair of Twos)
*** SHOWDOWN ***
900c2d8b collected $0.79 from pot
b60d4fe0 collected $0.78 from pot
*** SUMMARY ***
Total pot $1.65 | Rake $0.08 | Jackpot $0 | Bingo $0 | Fortune $0 | Tax $0
Board [Ts 2s 8c Ad 2c]
Seat 1: Hero folded before Flop (didn't bet)
Seat 2: b60d4fe0 (button) showed [3s Ah] and won ($0.78) with Pair of Aces and Pair of Twos
Seat 3: 900c2d8b (small blind) showed [Ac 6c] and won ($0.79) with Pair of Aces and Pair of Twos
Seat 4: 903d1ce9 (big blind) showed [5s 3d] and lost with Pair of Twos
Seat 6: 66ff3c0 folded before Flop (didn't bet)


Poker Hand #HD1858030437: Hold'em No Limit ($0.05/$0.1) - 2024/07/15 16:22:35
Table 'NLHRed49' 6-max Seat #1 is the button
Seat 1: Hero ($10 in chips)
Seat 2: b60d4fe0 ($10.32 in chips)
Seat 3: 900c2d8b ($29.15 in chips)
Seat 6: 66ff3c0 ($10.71 in chips)
b60d4fe0: posts small blind $0.05
900c2d8b: posts big blind $0.1
*** HOLE CARDS ***
Dealt to Hero [Ts 7d]
Dealt to b60d4fe0 
Dealt to 900c2d8b 
Dealt to 66ff3c0 
66ff3c0: folds
Hero: folds
b60d4fe0: folds
Uncalled bet ($0.05) returned to 900c2d8b
*** SHOWDOWN ***
900c2d8b collected $0.1 from pot
*** SUMMARY ***
Total pot $0.1 | Rake $0 | Jackpot $0 | Bingo $0 | Fortune $0 | Tax $0
Seat 1: Hero (button) folded before Flop (didn't bet)
Seat 2: b60d4fe0 (small blind) folded before Flop
Seat 3: 900c2d8b (big blind) collected ($0.1)
Seat 6: 66ff3c0 folded before Flop (didn't bet)


Poker Hand #HD1858030370: Hold'em No Limit ($0.05/$0.1) - 2024/07/15 16:22:08
Table 'NLHRed49' 6-max Seat #6 is the button
Seat 1: Hero ($10 in chips)
Seat 2: b60d4fe0 ($10.42 in chips)
Seat 3: 900c2d8b ($29 in chips)
Seat 4: 903d1ce9 ($15.86 in chips)
Seat 6: 66ff3c0 ($10.71 in chips)
Hero: posts small blind $0.05
b60d4fe0: posts big blind $0.1
*** HOLE CARDS ***
Dealt to Hero [Td Ac]
Dealt to b60d4fe0 
Dealt to 900c2d8b 
Dealt to 903d1ce9 
Dealt to 66ff3c0 
900c2d8b: raises $0.15 to $0.25
903d1ce9: folds
66ff3c0: folds
Hero: folds
b60d4fe0: folds
Uncalled bet ($0.15) returned to 900c2d8b
*** SHOWDOWN ***
900c2d8b collected $0.25 from pot
*** SUMMARY ***
Total pot $0.25 | Rake $0 | Jackpot $0 | Bingo $0 | Fortune $0 | Tax $0
Seat 1: Hero (small blind) folded before Flop
Seat 2: b60d4fe0 (big blind) folded before Flop
Seat 3: 900c2d8b collected ($0.25)
Seat 4: 903d1ce9 folded before Flop (didn't bet)
Seat 6: 66ff3c0 (button) folded before Flop (didn't bet)


Poker Hand #HD1858030300: Hold'em No Limit ($0.05/$0.1) - 2024/07/15 16:21:42
Table 'NLHRed49' 6-max Seat #4 is the button
Seat 1: Hero ($10 in chips)
Seat 2: b60d4fe0 ($10.42 in chips)
Seat 3: 900c2d8b ($29 in chips)
Seat 4: 903d1ce9 ($15.86 in chips)
Seat 6: 66ff3c0 ($10.44 in chips)
66ff3c0: posts small blind $0.05
Hero: posts big blind $0.1
*** HOLE CARDS ***
Dealt to Hero [7h 7c]
Dealt to b60d4fe0 
Dealt to 900c2d8b 
Dealt to 903d1ce9 
Dealt to 66ff3c0 
b60d4fe0: folds
900c2d8b: folds
903d1ce9: folds
66ff3c0: raises $0.2 to $0.3
Hero: calls $0.2
*** FLOP *** [Ah 6d Qs]
66ff3c0: bets $0.3
Hero: folds
Uncalled bet ($0.3) returned to 66ff3c0
*** SHOWDOWN ***
66ff3c0 collected $0.57 from pot
*** SUMMARY ***
Total pot $0.6 | Rake $0.03 | Jackpot $0 | Bingo $0 | Fortune $0 | Tax $0
Board [Ah 6d Qs]
Seat 1: Hero (big blind) folded on the Flop
Seat 2: b60d4fe0 folded before Flop (didn't bet)
Seat 3: 900c2d8b folded before Flop (didn't bet)
Seat 4: 903d1ce9 (button) folded before Flop (didn't bet)
Seat 6: 66ff3c0 (small blind) won ($0.57)


Poker Hand #HD1858030264: Hold'em No Limit ($0.05/$0.1) - 2024/07/15 16:21:26
Table 'NLHRed49' 6-max Seat #3 is the button
Seat 1: Hero ($10 in chips)
Seat 2: b60d4fe0 ($10.42 in chips)
Seat 3: 900c2d8b ($29 in chips)
Seat 4: 903d1ce9 ($15.76 in chips)
Seat 6: 66ff3c0 ($10.54 in chips)
903d1ce9: posts small blind $0.05
66ff3c0: posts big blind $0.1
*** HOLE CARDS ***
Dealt to Hero [8c 3h]
Dealt to b60d4fe0 
Dealt to 900c2d8b 
Dealt to 903d1ce9 
Dealt to 66ff3c0 
Hero: folds
b60d4fe0: folds
900c2d8b: folds
903d1ce9: raises $0.1 to $0.2
66ff3c0: folds
Uncalled bet ($0.1) returned to 903d1ce9
*** SHOWDOWN ***
903d1ce9 collected $0.2 from pot
*** SUMMARY ***
Total pot $0.2 | Rake $0 | Jackpot $0 | Bingo $0 | Fortune $0 | Tax $0
Seat 1: Hero folded before Flop (didn't bet)
Seat 2: b60d4fe0 folded before Flop (didn't bet)
Seat 3: 900c2d8b (button) folded before Flop (didn't bet)
Seat 4: 903d1ce9 (small blind) collected ($0.2)
Seat 6: 66ff3c0 (big blind) folded before Flop


Poker Hand #HD1858030212: Hold'em No Limit ($0.05/$0.1) - 2024/07/15 16:21:03
Table 'NLHRed49' 6-max Seat #2 is the button
Seat 1: Hero ($10 in chips)
Seat 2: b60d4fe0 ($10.17 in chips)
Seat 3: 900c2d8b ($29.05 in chips)
Seat 4: 903d1ce9 ($15.98 in chips)
Seat 6: 66ff3c0 ($10.54 in chips)
900c2d8b: posts small blind $0.05
903d1ce9: posts big blind $0.1
*** HOLE CARDS ***
Dealt to Hero [9c 8h]
Dealt to b60d4fe0 
Dealt to 900c2d8b 
Dealt to 903d1ce9 
Dealt to 66ff3c0 
66ff3c0: folds
Hero: folds
b60d4fe0: raises $0.12 to $0.22
900c2d8b: folds
903d1ce9: calls $0.12
*** FLOP *** [Kd 8d Ah]
903d1ce9: checks
b60d4fe0: bets $0.25
903d1ce9: folds
Uncalled bet ($0.25) returned to b60d4fe0
*** SHOWDOWN ***
b60d4fe0 collected $0.47 from pot
*** SUMMARY ***
Total pot $0.49 | Rake $0.02 | Jackpot $0 | Bingo $0 | Fortune $0 | Tax $0
Board [Kd 8d Ah]
Seat 1: Hero folded before Flop (didn't bet)
Seat 2: b60d4fe0 (button) won ($0.47)
Seat 3: 900c2d8b (small blind) folded before Flop
Seat 4: 903d1ce9 (big blind) folded on the Flop
Seat 6: 66ff3c0 folded before Flop (didn't bet)


Poker Hand #HD1858030100: Hold'em No Limit ($0.05/$0.1) - 2024/07/15 16:20:11
Table 'NLHRed49' 6-max Seat #1 is the button
Seat 1: Hero ($10 in chips)
Seat 2: b60d4fe0 ($10.22 in chips)
Seat 3: 900c2d8b ($28.61 in chips)
Seat 4: 903d1ce9 ($16.41 in chips)
Seat 6: 66ff3c0 ($10.54 in chips)
b60d4fe0: posts small blind $0.05
900c2d8b: posts big blind $0.1
*** HOLE CARDS ***
Dealt to Hero [7c 4h]
Dealt to b60d4fe0 
Dealt to 900c2d8b 
Dealt to 903d1ce9 
Dealt to 66ff3c0 
903d1ce9: raises $0.1 to $0.2
66ff3c0: folds
Hero: folds
b60d4fe0: folds
900c2d8b: calls $0.1
*** FLOP *** [4s Td 7d]
900c2d8b: checks
903d1ce9: checks
*** TURN *** [4s Td 7d] [Ts]
900c2d8b: checks
903d1ce9: bets $0.23
900c2d8b: raises $0.63 to $0.86
903d1ce9: folds
Uncalled bet ($0.63) returned to 900c2d8b
*** SHOWDOWN ***
900c2d8b collected $0.87 from pot
*** SUMMARY ***
Total pot $0.91 | Rake $0.04 | Jackpot $0 | Bingo $0 | Fortune $0 | Tax $0
Board [4s Td 7d Ts]
Seat 1: Hero (button) folded before Flop (didn't bet)
Seat 2: b60d4fe0 (small blind) folded before Flop
Seat 3: 900c2d8b (big blind) won ($0.87)
Seat 4: 903d1ce9 folded on the Turn
Seat 6: 66ff3c0 folded before Flop (didn't bet)


Poker Hand #HD1858029946: Hold'em No Limit ($0.05/$0.1) - 2024/07/15 16:19:09
Table 'NLHRed49' 6-max Seat #6 is the button
Seat 1: Hero ($10 in chips)
Seat 2: b60d4fe0 ($10.32 in chips)
Seat 3: 900c2d8b ($31.05 in chips)
Seat 4: 903d1ce9 ($14.16 in chips)
Seat 6: 66ff3c0 ($10.54 in chips)
Hero: posts small blind $0.05
b60d4fe0: posts big blind $0.1
*** HOLE CARDS ***
Dealt to Hero [5s 6c]
Dealt to b60d4fe0 
Dealt to 900c2d8b 
Dealt to 903d1ce9 
Dealt to 66ff3c0 
900c2d8b: raises $0.15 to $0.25
903d1ce9: calls $0.25
66ff3c0: folds
Hero: folds
b60d4fe0: folds
*** FLOP *** [Kc 9h 5h]
900c2d8b: bets $0.3
903d1ce9: calls $0.3
*** TURN *** [Kc 9h 5h] [4s]
900c2d8b: checks
903d1ce9: bets $0.63
900c2d8b: calls $0.63
*** RIVER *** [Kc 9h 5h 4s] [7s]
900c2d8b: checks
903d1ce9: bets $1.26
900c2d8b: calls $1.26
903d1ce9: shows [Ks 8d] (Pair of Kings)
900c2d8b: shows [Ad 9s] (Pair of Nines)
*** SHOWDOWN ***
903d1ce9 collected $4.69 from pot
*** SUMMARY ***
Total pot $5.03 | Rake $0.24 | Jackpot $0.1 | Bingo $0 | Fortune $0 | Tax $0
Board [Kc 9h 5h 4s 7s]
Seat 1: Hero (small blind) folded before Flop
Seat 2: b60d4fe0 (big blind) folded before Flop
Seat 3: 900c2d8b showed [Ad 9s] and lost with Pair of Nines
Seat 4: 903d1ce9 showed [Ks 8d] and won ($4.69) with Pair of Kings
Seat 6: 66ff3c0 (button) folded before Flop (didn't bet)


Poker Hand #HD1858029870: Hold'em No Limit ($0.05/$0.1) - 2024/07/15 16:18:35
Table 'NLHRed49' 6-max Seat #4 is the button
Seat 1: Hero ($10 in chips)
Seat 2: b60d4fe0 ($10.32 in chips)
Seat 3: 900c2d8b ($31.05 in chips)
Seat 4: 903d1ce9 ($14.16 in chips)
Seat 6: 66ff3c0 ($10 in chips)
66ff3c0: posts small blind $0.05
Hero: posts big blind $0.1
*** HOLE CARDS ***
Dealt to Hero [5d Ah]
Dealt to b60d4fe0 
Dealt to 900c2d8b 
Dealt to 903d1ce9 
Dealt to 66ff3c0 
b60d4fe0: folds
900c2d8b: folds
903d1ce9: folds
66ff3c0: raises $0.2 to $0.3
Hero: calls $0.2
*** FLOP *** [Kh 5c 8c]
66ff3c0: bets $0.3
Hero: calls $0.3
*** TURN *** [Kh 5c 8c] [Ts]
66ff3c0: bets $0.6
Hero: folds
Uncalled bet ($0.6) returned to 66ff3c0
*** SHOWDOWN ***
66ff3c0 collected $1.14 from pot
*** SUMMARY ***
Total pot $1.2 | Rake $0.06 | Jackpot $0 | Bingo $0 | Fortune $0 | Tax $0
Board [Kh 5c 8c Ts]
Seat 1: Hero (big blind) folded on the Turn
Seat 2: b60d4fe0 folded before Flop (didn't bet)
Seat 3: 900c2d8b folded before Flop (didn't bet)
Seat 4: 903d1ce9 (button) folded before Flop (didn't bet)
Seat 6: 66ff3c0 (small blind) won ($1.14)


Poker Hand #HD1858029795: Hold'em No Limit ($0.05/$0.1) - 2024/07/15 16:18:03
Table 'NLHRed49' 6-max Seat #3 is the button
Seat 1: Hero ($10 in chips)
Seat 2: b60d4fe0 ($10 in chips)
Seat 3: 900c2d8b ($31.05 in chips)
Seat 4: 903d1ce9 ($14.41 in chips)
Seat 6: 66ff3c0 ($10 in chips)
903d1ce9: posts small blind $0.05
66ff3c0: posts big blind $0.1
*** HOLE CARDS ***
Dealt to Hero [7d 8c]
Dealt to b60d4fe0 
Dealt to 900c2d8b 
Dealt to 903d1ce9 
Dealt to 66ff3c0 
Hero: folds
b60d4fe0: raises $0.15 to $0.25
900c2d8b: folds
903d1ce9: calls $0.2
66ff3c0: folds
*** FLOP *** [5s Qc As]
903d1ce9: checks
b60d4fe0: bets $0.3
903d1ce9: folds
Uncalled bet ($0.3) returned to b60d4fe0
*** SHOWDOWN ***
b60d4fe0 collected $0.57 from pot
*** SUMMARY ***
Total pot $0.6 | Rake $0.03 | Jackpot $0 | Bingo $0 | Fortune $0 | Tax $0
Board [5s Qc As]
Seat 1: Hero folded before Flop (didn't bet)
Seat 2: b60d4fe0 won ($0.57)
Seat 3: 900c2d8b (button) folded before Flop (didn't bet)
Seat 4: 903d1ce9 (small blind) folded on the Flop
Seat 6: 66ff3c0 (big blind) folded before Flop


Poker Hand #HD1858029754: Hold'em No Limit ($0.05/$0.1) - 2024/07/15 16:17:45
Table 'NLHRed49' 6-max Seat #2 is the button
Seat 1: Hero ($10 in chips)
Seat 2: b60d4fe0 ($10 in chips)
Seat 3: 900c2d8b ($31.1 in chips)
Seat 4: 903d1ce9 ($14.36 in chips)
Seat 5: 72e4d1f ($10.87 in chips)
Seat 6: 66ff3c0 ($10 in chips)
900c2d8b: posts small blind $0.05
903d1ce9: posts big blind $0.1
*** HOLE CARDS ***
Dealt to Hero [8d 9s]
Dealt to b60d4fe0 
Dealt to 900c2d8b 
Dealt to 903d1ce9 
Dealt to 72e4d1f 
Dealt to 66ff3c0 
72e4d1f: folds
66ff3c0: folds
Hero: folds
b60d4fe0: folds
900c2d8b: folds
Uncalled bet ($0.05) returned to 903d1ce9
*** SHOWDOWN ***
903d1ce9 collected $0.1 from pot
*** SUMMARY ***
Total pot $0.1 | Rake $0 | Jackpot $0 | Bingo $0 | Fortune $0 | Tax $0
Seat 1: Hero folded before Flop (didn't bet)
Seat 2: b60d4fe0 (button) folded before Flop (didn't bet)
Seat 3: 900c2d8b (small blind) folded before Flop
Seat 4: 903d1ce9 (big blind) collected ($0.1)
Seat 5: 72e4d1f folded before Flop (didn't bet)
Seat 6: 66ff3c0 folded before Flop (didn't bet)


Poker Hand #HD1858029570: Hold'em No Limit ($0.05/$0.1) - 2024/07/15 16:16:30
Table 'NLHRed49' 6-max Seat #1 is the button
Seat 1: Hero ($10 in chips)
Seat 2: b60d4fe0 ($10.05 in chips)
Seat 3: 900c2d8b ($31.3 in chips)
Seat 4: 903d1ce9 ($12.64 in chips)
Seat 5: 72e4d1f ($10.87 in chips)
Seat 6: 66ff3c0 ($10 in chips)
b60d4fe0: posts small blind $0.05
900c2d8b: posts big blind $0.1
*** HOLE CARDS ***
Dealt to Hero [Kd 8d]
Dealt to b60d4fe0 
Dealt to 900c2d8b 
Dealt to 903d1ce9 
Dealt to 72e4d1f 
Dealt to 66ff3c0 
903d1ce9: raises $0.1 to $0.2
72e4d1f: folds
66ff3c0: folds
Hero: folds
b60d4fe0: calls $0.15
900c2d8b: calls $0.1
*** FLOP *** [5c 3d 9d]
b60d4fe0: checks
900c2d8b: checks
903d1ce9: bets $0.3
b60d4fe0: raises $1.3 to $1.6
900c2d8b: folds
903d1ce9: calls $1.3
*** TURN *** [5c 3d 9d] [Jd]
b60d4fe0: checks
903d1ce9: bets $1.9
b60d4fe0: folds
Uncalled bet ($1.9) returned to 903d1ce9
*** SHOWDOWN ***
903d1ce9 collected $3.52 from pot
*** SUMMARY ***
Total pot $3.8 | Rake $0.18 | Jackpot $0.1 | Bingo $0 | Fortune $0 | Tax $0
Board [5c 3d 9d Jd]
Seat 1: Hero (button) folded before Flop (didn't bet)
Seat 2: b60d4fe0 (small blind) folded on the Turn
Seat 3: 900c2d8b (big blind) folded on the Flop
Seat 4: 903d1ce9 won ($3.52)
Seat 5: 72e4d1f folded before Flop (didn't bet)
Seat 6: 66ff3c0 folded before Flop (didn't bet)


Poker Hand #HD1858029540: Hold'em No Limit ($0.05/$0.1) - 2024/07/15 16:16:17
Table 'NLHRed49' 6-max Seat #6 is the button
Seat 1: Hero ($10 in chips)
Seat 2: b60d4fe0 ($10.15 in chips)
Seat 3: 900c2d8b ($31.3 in chips)
Seat 4: 903d1ce9 ($12.49 in chips)
Seat 5: 72e4d1f ($10.87 in chips)
Seat 6: 66ff3c0 ($10 in chips)
Hero: posts small blind $0.05
b60d4fe0: posts big blind $0.1
*** HOLE CARDS ***
Dealt to Hero [4h Kc]
Dealt to b60d4fe0 
Dealt to 900c2d8b 
Dealt to 903d1ce9 
Dealt to 72e4d1f 
Dealt to 66ff3c0 
900c2d8b: folds
903d1ce9: raises $0.1 to $0.2
72e4d1f: folds
66ff3c0: folds
Hero: folds
b60d4fe0: folds
Uncalled bet ($0.1) returned to 903d1ce9
*** SHOWDOWN ***
903d1ce9 collected $0.25 from pot
*** SUMMARY ***
Total pot $0.25 | Rake $0 | Jackpot $0 | Bingo $0 | Fortune $0 | Tax $0
Seat 1: Hero (small blind) folded before Flop
Seat 2: b60d4fe0 (big blind) folded before Flop
Seat 3: 900c2d8b folded before Flop (didn't bet)
Seat 4: 903d1ce9 collected ($0.25)
Seat 5: 72e4d1f folded before Flop (didn't bet)
Seat 6: 66ff3c0 (button) folded before Flop (didn't bet)


Poker Hand #HD1858029507: Hold'em No Limit ($0.05/$0.1) - 2024/07/15 16:16:00
Table 'NLHRed49' 6-max Seat #5 is the button
Seat 1: Hero ($10 in chips)
Seat 2: b60d4fe0 ($10.15 in chips)
Seat 3: 900c2d8b ($31.3 in chips)
Seat 4: 903d1ce9 ($12.34 in chips)
Seat 5: 72e4d1f ($10.87 in chips)
Seat 6: 66ff3c0 ($10 in chips)
66ff3c0: posts small blind $0.05
Hero: posts big blind $0.1
*** HOLE CARDS ***
Dealt to Hero [9h Qs]
Dealt to b60d4fe0 
Dealt to 900c2d8b 
Dealt to 903d1ce9 
Dealt to 72e4d1f 
Dealt to 66ff3c0 
b60d4fe0: folds
900c2d8b: folds
903d1ce9: raises $0.1 to $0.2
72e4d1f: folds
66ff3c0: folds
Hero: folds
Uncalled bet ($0.1) returned to 903d1ce9
*** SHOWDOWN ***
903d1ce9 collected $0.25 from pot
*** SUMMARY ***
Total pot $0.25 | Rake $0 | Jackpot $0 | Bingo $0 | Fortune $0 | Tax $0
Seat 1: Hero (big blind) folded before Flop
Seat 2: b60d4fe0 folded before Flop (didn't bet)
Seat 3: 900c2d8b folded before Flop (didn't bet)
Seat 4: 903d1ce9 collected ($0.25)
Seat 5: 72e4d1f (button) folded before Flop (didn't bet)
Seat 6: 66ff3c0 (small blind) folded before Flop


Poker Hand #HD1858028750: Hold'em No Limit ($0.05/$0.1) - 2024/07/15 16:10:27
Table 'NLHRed49' 6-max Seat #5 is the button
Seat 1: Hero ($10 in chips)
Seat 3: 900c2d8b ($30.25 in chips)
Seat 4: 903d1ce9 ($11.01 in chips)
Seat 5: 72e4d1f ($10.64 in chips)
Seat 6: d905ad4f ($9.61 in chips)
d905ad4f: posts small blind $0.05
Hero: posts big blind $0.1
*** HOLE CARDS ***
Dealt to Hero [Ad Qc]
Dealt to 900c2d8b 
Dealt to 903d1ce9 
Dealt to 72e4d1f 
Dealt to d905ad4f 
900c2d8b: folds
903d1ce9: raises $0.1 to $0.2
72e4d1f: folds
d905ad4f: folds
Hero: raises $0.7 to $0.9
903d1ce9: calls $0.7
*** FLOP *** [3c Kc 4h]
Hero: bets $0.62
903d1ce9: calls $0.62
*** TURN *** [3c Kc 4h] [5c]
Hero: checks
903d1ce9: bets $1.55
Hero: calls $1.55
*** RIVER *** [3c Kc 4h 5c] [Js]
Hero: checks
903d1ce9: bets $3.1
Hero: folds
Uncalled bet ($3.1) returned to 903d1ce9
*** SHOWDOWN ***
903d1ce9 collected $5.79 from pot
*** SUMMARY ***
Total pot $6.19 | Rake $0.3 | Jackpot $0.1 | Bingo $0 | Fortune $0 | Tax $0
Board [3c Kc 4h 5c Js]
Seat 1: Hero (big blind) folded on the River
Seat 3: 900c2d8b folded before Flop (didn't bet)
Seat 4: 903d1ce9 won ($5.79)
Seat 5: 72e4d1f (button) folded before Flop (didn't bet)
Seat 6: d905ad4f (small blind) folded before Flop


Poker Hand #HD1858028673: Hold'em No Limit ($0.05/$0.1) - 2024/07/15 16:09:50
Table 'NLHRed49' 6-max Seat #4 is the button
Seat 1: Hero ($10 in chips)
Seat 3: 900c2d8b ($30.95 in chips)
Seat 4: 903d1ce9 ($10.23 in chips)
Seat 5: 72e4d1f ($10.69 in chips)
Seat 6: d905ad4f ($9.71 in chips)
72e4d1f: posts small blind $0.05
d905ad4f: posts big blind $0.1
*** HOLE CARDS ***
Dealt to Hero [8d Jd]
Dealt to 900c2d8b 
Dealt to 903d1ce9 
Dealt to 72e4d1f 
Dealt to d905ad4f 
Hero: folds
900c2d8b: raises $0.15 to $0.25
903d1ce9: calls $0.25
72e4d1f: folds
d905ad4f: folds
*** FLOP *** [6d 3h Jh]
900c2d8b: bets $0.45
903d1ce9: calls $0.45
*** TURN *** [6d 3h Jh] [4c]
900c2d8b: checks
903d1ce9: bets $1.17
900c2d8b: folds
Uncalled bet ($1.17) returned to 903d1ce9
*** SHOWDOWN ***
903d1ce9 collected $1.48 from pot
*** SUMMARY ***
Total pot $1.55 | Rake $0.07 | Jackpot $0 | Bingo $0 | Fortune $0 | Tax $0
Board [6d 3h Jh 4c]
Seat 1: Hero folded before Flop (didn't bet)
Seat 3: 900c2d8b folded on the Turn
Seat 4: 903d1ce9 (button) won ($1.48)
Seat 5: 72e4d1f (small blind) folded before Flop
Seat 6: d905ad4f (big blind) folded before Flop


Poker Hand #HD1858028618: Hold'em No Limit ($0.05/$0.1) - 2024/07/15 16:09:22
Table 'NLHRed49' 6-max Seat #3 is the button
Seat 1: Hero ($10 in chips)
Seat 3: 900c2d8b ($30.95 in chips)
Seat 4: 903d1ce9 ($10.05 in chips)
Seat 5: 72e4d1f ($10.89 in chips)
Seat 6: d905ad4f ($9.71 in chips)
903d1ce9: posts small blind $0.05
72e4d1f: posts big blind $0.1
*** HOLE CARDS ***
Dealt to Hero [3s Th]
Dealt to 900c2d8b 
Dealt to 903d1ce9 
Dealt to 72e4d1f 
Dealt to d905ad4f 
d905ad4f: folds
Hero: folds
900c2d8b: folds
903d1ce9: raises $0.1 to $0.2
72e4d1f: calls $0.1
*** FLOP *** [9h Kh 4s]
903d1ce9: bets $0.2
72e4d1f: folds
Uncalled bet ($0.2) returned to 903d1ce9
*** SHOWDOWN ***
903d1ce9 collected $0.38 from pot
*** SUMMARY ***
Total pot $0.4 | Rake $0.02 | Jackpot $0 | Bingo $0 | Fortune $0 | Tax $0
Board [9h Kh 4s]
Seat 1: Hero folded before Flop (didn't bet)
Seat 3: 900c2d8b (button) folded before Flop (didn't bet)
Seat 4: 903d1ce9 (small blind) won ($0.38)
Seat 5: 72e4d1f (big blind) folded on the Flop
Seat 6: d905ad4f folded before Flop (didn't bet)


Poker Hand #HD1858028580: Hold'em No Limit ($0.05/$0.1) - 2024/07/15 16:09:08
Table 'NLHRed49' 6-max Seat #1 is the button
Seat 1: Hero ($10 in chips)
Seat 3: 900c2d8b ($31 in chips)
Seat 4: 903d1ce9 ($10 in chips)
Seat 5: 72e4d1f ($10.89 in chips)
Seat 6: d905ad4f ($9.71 in chips)
900c2d8b: posts small blind $0.05
903d1ce9: posts big blind $0.1
*** HOLE CARDS ***
Dealt to Hero [2s 5h]
Dealt to 900c2d8b 
Dealt to 903d1ce9 
Dealt to 72e4d1f 
Dealt to d905ad4f 
72e4d1f: folds
d905ad4f: folds
Hero: folds
900c2d8b: folds
Uncalled bet ($0.05) returned to 903d1ce9
*** SHOWDOWN ***
903d1ce9 collected $0.1 from pot
*** SUMMARY ***
Total pot $0.1 | Rake $0 | Jackpot $0 | Bingo $0 | Fortune $0 | Tax $0
Seat 1: Hero (button) folded before Flop (didn't bet)
Seat 3: 900c2d8b (small blind) folded before Flop
Seat 4: 903d1ce9 (big blind) collected ($0.1)
Seat 5: 72e4d1f folded before Flop (didn't bet)
Seat 6: d905ad4f folded before Flop (didn't bet)


Poker Hand #HD1858028420: Hold'em No Limit ($0.05/$0.1) - 2024/07/15 16:08:03
Table 'NLHRed49' 6-max Seat #6 is the button
Seat 1: Hero ($10.05 in chips)
Seat 3: 900c2d8b ($31.21 in chips)
Seat 5: 72e4d1f ($10.24 in chips)
Seat 6: d905ad4f ($10.15 in chips)
Hero: posts small blind $0.05
900c2d8b: posts big blind $0.1
*** HOLE CARDS ***
Dealt to Hero [Qh 7s]
Dealt to 900c2d8b 
Dealt to 72e4d1f 
Dealt to d905ad4f 
72e4d1f: raises $0.11 to $0.21
d905ad4f: calls $0.21
Hero: folds
900c2d8b: calls $0.11
*** FLOP *** [5s 5c Jc]
900c2d8b: checks
72e4d1f: checks
d905ad4f: checks
*** TURN *** [5s 5c Jc] [Kc]
900c2d8b: checks
72e4d1f: bets $0.23
d905ad4f: calls $0.23
900c2d8b: folds
*** RIVER *** [5s 5c Jc Kc] [4h]
72e4d1f: checks
d905ad4f: checks
72e4d1f: shows [6h 6c] (Pair of Sixes and Pair of Fives)
d905ad4f: shows [9c Ah] (Pair of Fives)
*** SHOWDOWN ***
72e4d1f collected $1.09 from pot
*** SUMMARY ***
Total pot $1.14 | Rake $0.05 | Jackpot $0 | Bingo $0 | Fortune $0 | Tax $0
Board [5s 5c Jc Kc 4h]
Seat 1: Hero (small blind) folded before Flop
Seat 3: 900c2d8b (big blind) folded on the Turn
Seat 5: 72e4d1f showed [6h 6c] and won ($1.09) with Pair of Sixes and Pair of Fives
Seat 6: d905ad4f (button) showed [9c Ah] and lost with Pair of Fives


Poker Hand #HD1858028370: Hold'em No Limit ($0.05/$0.1) - 2024/07/15 16:07:42
Table 'NLHRed49' 6-max Seat #5 is the button
Seat 1: Hero ($10.15 in chips)
Seat 2: 313fae76 ($10.46 in chips)
Seat 3: 900c2d8b ($31.21 in chips)
Seat 5: 72e4d1f ($10.24 in chips)
Seat 6: d905ad4f ($10.05 in chips)
d905ad4f: posts small blind $0.05
Hero: posts big blind $0.1
*** HOLE CARDS ***
Dealt to Hero [Qd 6s]
Dealt to 313fae76 
Dealt to 900c2d8b 
Dealt to 72e4d1f 
Dealt to d905ad4f 
313fae76: folds
900c2d8b: folds
72e4d1f: folds
d905ad4f: raises $0.1 to $0.2
Hero: folds
Uncalled bet ($0.1) returned to d905ad4f
*** SHOWDOWN ***
d905ad4f collected $0.2 from pot
*** SUMMARY ***
Total pot $0.2 | Rake $0 | Jackpot $0 | Bingo $0 | Fortune $0 | Tax $0
Seat 1: Hero (big blind) folded before Flop
Seat 2: 313fae76 folded before Flop (didn't bet)
Seat 3: 900c2d8b folded before Flop (didn't bet)
Seat 5: 72e4d1f (button) folded before Flop (didn't bet)
Seat 6: d905ad4f (small blind) collected ($0.2)


Poker Hand #HD1858028335: Hold'em No Limit ($0.05/$0.1) - 2024/07/15 16:07:26
Table 'NLHRed49' 6-max Seat #3 is the button
Seat 1: Hero ($10 in chips)
Seat 2: 313fae76 ($10.46 in chips)
Seat 3: 900c2d8b ($31.21 in chips)
Seat 5: 72e4d1f ($10.29 in chips)
Seat 6: d905ad4f ($10.15 in chips)
72e4d1f: posts small blind $0.05
d905ad4f: posts big blind $0.1
*** HOLE CARDS ***
Dealt to Hero [Ac Kc]
Dealt to 313fae76 
Dealt to 900c2d8b 
Dealt to 72e4d1f 
Dealt to d905ad4f 
Hero: raises $0.1 to $0.2
313fae76: folds
900c2d8b: folds
72e4d1f: folds
d905ad4f: folds
Uncalled bet ($0.1) returned to Hero
*** SHOWDOWN ***
Hero collected $0.25 from pot
*** SUMMARY ***
Total pot $0.25 | Rake $0 | Jackpot $0 | Bingo $0 | Fortune $0 | Tax $0
Seat 1: Hero collected ($0.25)
Seat 2: 313fae76 folded before Flop (didn't bet)
Seat 3: 900c2d8b (button) folded before Flop (didn't bet)
Seat 5: 72e4d1f (small blind) folded before Flop
Seat 6: d905ad4f (big blind) folded before Flop


Poker Hand #HD1858028295: Hold'em No Limit ($0.05/$0.1) - 2024/07/15 16:07:04
Table 'NLHRed49' 6-max Seat #2 is the button
Seat 1: Hero ($10 in chips)
Seat 2: 313fae76 ($10.46 in chips)
Seat 3: 900c2d8b ($31.26 in chips)
Seat 5: 72e4d1f ($10.39 in chips)
Seat 6: d905ad4f ($10 in chips)
900c2d8b: posts small blind $0.05
72e4d1f: posts big blind $0.1
*** HOLE CARDS ***
Dealt to Hero [9d Th]
Dealt to 313fae76 
Dealt to 900c2d8b 
Dealt to 72e4d1f 
Dealt to d905ad4f 
d905ad4f: raises $0.1 to $0.2
Hero: folds
313fae76: folds
900c2d8b: folds
72e4d1f: folds
Uncalled bet ($0.1) returned to d905ad4f
*** SHOWDOWN ***
d905ad4f collected $0.25 from pot
*** SUMMARY ***
Total pot $0.25 | Rake $0 | Jackpot $0 | Bingo $0 | Fortune $0 | Tax $0
Seat 1: Hero folded before Flop (didn't bet)
Seat 2: 313fae76 (button) folded before Flop (didn't bet)
Seat 3: 900c2d8b (small blind) folded before Flop
Seat 5: 72e4d1f (big blind) folded before Flop
Seat 6: d905ad4f collected ($0.25)


Poker Hand #HD1858028232: Hold'em No Limit ($0.05/$0.1) - 2024/07/15 16:06:36
Table 'NLHRed49' 6-max Seat #1 is the button
Seat 1: Hero ($10 in chips)
Seat 2: 313fae76 ($10.51 in chips)
Seat 3: 900c2d8b ($31.47 in chips)
Seat 5: 72e4d1f ($10.15 in chips)
Seat 6: d905ad4f ($7.89 in chips)
313fae76: posts small blind $0.05
900c2d8b: posts big blind $0.1
*** HOLE CARDS ***
Dealt to Hero [6h Th]
Dealt to 313fae76 
Dealt to 900c2d8b 
Dealt to 72e4d1f 
Dealt to d905ad4f 
72e4d1f: raises $0.11 to $0.21
d905ad4f: folds
Hero: folds
313fae76: folds
900c2d8b: calls $0.11
*** FLOP *** [5s Ts Td]
900c2d8b: checks
72e4d1f: bets $0.24
900c2d8b: folds
Uncalled bet ($0.24) returned to 72e4d1f
*** SHOWDOWN ***
72e4d1f collected $0.45 from pot
*** SUMMARY ***
Total pot $0.47 | Rake $0.02 | Jackpot $0 | Bingo $0 | Fortune $0 | Tax $0
Board [5s Ts Td]
Seat 1: Hero (button) folded before Flop (didn't bet)
Seat 2: 313fae76 (small blind) folded before Flop
Seat 3: 900c2d8b (big blind) folded on the Flop
Seat 5: 72e4d1f won ($0.45)
Seat 6: d905ad4f folded before Flop (didn't bet)


Poker Hand #HD1858028196: Hold'em No Limit ($0.05/$0.1) - 2024/07/15 16:06:23
Table 'NLHRed49' 6-max Seat #6 is the button
Seat 1: Hero ($10 in chips)
Seat 2: 313fae76 ($10.61 in chips)
Seat 3: 900c2d8b ($31.47 in chips)
Seat 5: 72e4d1f ($10 in chips)
Seat 6: d905ad4f ($7.89 in chips)
Hero: posts small blind $0.05
313fae76: posts big blind $0.1
*** HOLE CARDS ***
Dealt to Hero [7d Kd]
Dealt to 313fae76 
Dealt to 900c2d8b 
Dealt to 72e4d1f 
Dealt to d905ad4f 
900c2d8b: folds
72e4d1f: raises $0.11 to $0.21
d905ad4f: folds
Hero: folds
313fae76: folds
Uncalled bet ($0.11) returned to 72e4d1f
*** SHOWDOWN ***
72e4d1f collected $0.25 from pot
*** SUMMARY ***
Total pot $0.25 | Rake $0 | Jackpot $0 | Bingo $0 | Fortune $0 | Tax $0
Seat 1: Hero (small blind) folded before Flop
Seat 2: 313fae76 (big blind) folded before Flop
Seat 3: 900c2d8b folded before Flop (didn't bet)
Seat 5: 72e4d1f collected ($0.25)
Seat 6: d905ad4f (button) folded before Flop (didn't bet)


Poker Hand #HD1858028147: Hold'em No Limit ($0.05/$0.1) - 2024/07/15 16:06:02
Table 'NLHRed49' 6-max Seat #5 is the button
Seat 1: Hero ($10 in chips)
Seat 2: 313fae76 ($10.61 in chips)
Seat 3: 900c2d8b ($31.47 in chips)
Seat 4: 6074b9ff ($10 in chips)
Seat 5: 72e4d1f ($10 in chips)
Seat 6: d905ad4f ($7.79 in chips)
d905ad4f: posts small blind $0.05
Hero: posts big blind $0.1
*** HOLE CARDS ***
Dealt to Hero [Jh 2h]
Dealt to 313fae76 
Dealt to 900c2d8b 
Dealt to 6074b9ff 
Dealt to 72e4d1f 
Dealt to d905ad4f 
313fae76: folds
900c2d8b: folds
6074b9ff: folds
72e4d1f: folds
d905ad4f: raises $0.1 to $0.2
Hero: folds
Uncalled bet ($0.1) returned to d905ad4f
*** SHOWDOWN ***
d905ad4f collected $0.2 from pot
*** SUMMARY ***
Total pot $0.2 | Rake $0 | Jackpot $0 | Bingo $0 | Fortune $0 | Tax $0
Seat 1: Hero (big blind) folded before Flop
Seat 2: 313fae76 folded before Flop (didn't bet)
Seat 3: 900c2d8b folded before Flop (didn't bet)
Seat 4: 6074b9ff folded before Flop (didn't bet)
Seat 5: 72e4d1f (button) folded before Flop (didn't bet)
Seat 6: d905ad4f (small blind) collected ($0.2)


