Poker Hand #HD1819190668: Hold'em No Limit ($0.05/$0.1) - 2024/06/17 12:12:20
Table 'NLHRed53' 6-max Seat #2 is the button
Seat 1: 93db3c6f ($2.18 in chips)
Seat 2: Hero ($10 in chips)
Seat 5: 25d6a31e ($10 in chips)
25d6a31e: posts small blind $0.05
93db3c6f: posts big blind $0.1
*** HOLE CARDS ***
Dealt to 93db3c6f 
Dealt to Hero [6c 2s]
Dealt to 25d6a31e 
Hero: folds
25d6a31e: folds
Uncalled bet ($0.05) returned to 93db3c6f
*** SHOWDOWN ***
93db3c6f collected $0.1 from pot
*** SUMMARY ***
Total pot $0.1 | Rake $0 | Jackpot $0 | Bingo $0 | Fortune $0 | Tax $0
Seat 1: 93db3c6f (big blind) collected ($0.1)
Seat 2: Hero (button) folded before Flop (didn't bet)
Seat 5: 25d6a31e (small blind) folded before Flop


Poker Hand #HD1819190639: Hold'em No Limit ($0.05/$0.1) - 2024/06/17 12:12:08
Table 'NLHRed53' 6-max Seat #1 is the button
Seat 1: 93db3c6f ($2.03 in chips)
Seat 2: Hero ($10.05 in chips)
Seat 5: 25d6a31e ($10.05 in chips)
Hero: posts small blind $0.05
25d6a31e: posts big blind $0.1
*** HOLE CARDS ***
Dealt to 93db3c6f 
Dealt to Hero [Qh 5s]
Dealt to 25d6a31e 
93db3c6f: raises $0.1 to $0.2
Hero: folds
25d6a31e: folds
Uncalled bet ($0.1) returned to 93db3c6f
*** SHOWDOWN ***
93db3c6f collected $0.25 from pot
*** SUMMARY ***
Total pot $0.25 | Rake $0 | Jackpot $0 | Bingo $0 | Fortune $0 | Tax $0
Seat 1: 93db3c6f (button) collected ($0.25)
Seat 2: Hero (small blind) folded before Flop
Seat 5: 25d6a31e (big blind) folded before Flop


Poker Hand #HD1819190630: Hold'em No Limit ($0.05/$0.1) - 2024/06/17 12:12:02
Table 'NLHRed53' 6-max Seat #5 is the button
Seat 1: 93db3c6f ($2.08 in chips)
Seat 2: Hero ($10 in chips)
Seat 5: 25d6a31e ($10.05 in chips)
93db3c6f: posts small blind $0.05
Hero: posts big blind $0.1
*** HOLE CARDS ***
Dealt to 93db3c6f 
Dealt to Hero [5h 9h]
Dealt to 25d6a31e 
25d6a31e: folds
93db3c6f: folds
Uncalled bet ($0.05) returned to Hero
*** SHOWDOWN ***
Hero collected $0.1 from pot
*** SUMMARY ***
Total pot $0.1 | Rake $0 | Jackpot $0 | Bingo $0 | Fortune $0 | Tax $0
Seat 1: 93db3c6f (small blind) folded before Flop
Seat 2: Hero (big blind) collected ($0.1)
Seat 5: 25d6a31e (button) folded before Flop (didn't bet)


Poker Hand #HD1819190570: Hold'em No Limit ($0.05/$0.1) - 2024/06/17 12:11:31
Table 'NLHRed53' 6-max Seat #2 is the button
Seat 1: 93db3c6f ($1.81 in chips)
Seat 2: Hero ($10 in chips)
Seat 5: 25d6a31e ($10.1 in chips)
25d6a31e: posts small blind $0.05
93db3c6f: posts big blind $0.1
*** HOLE CARDS ***
Dealt to 93db3c6f 
Dealt to Hero [9s 8s]
Dealt to 25d6a31e 
Hero: raises $0.14 to $0.24
25d6a31e: folds
93db3c6f: calls $0.14
*** FLOP *** [9h Kh 3h]
93db3c6f: checks
Hero: checks
*** TURN *** [9h Kh 3h] [6c]
93db3c6f: bets $1.57 and is all-in
Hero: folds
Uncalled bet ($1.57) returned to 93db3c6f
*** SHOWDOWN ***
93db3c6f collected $0.51 from pot
*** SUMMARY ***
Total pot $0.53 | Rake $0.02 | Jackpot $0 | Bingo $0 | Fortune $0 | Tax $0
Board [9h Kh 3h 6c]
Seat 1: 93db3c6f (big blind) won ($0.51)
Seat 2: Hero (button) folded on the Turn
Seat 5: 25d6a31e (small blind) folded before Flop


Poker Hand #HD1819190535: Hold'em No Limit ($0.05/$0.1) - 2024/06/17 12:11:11
Table 'NLHRed53' 6-max Seat #1 is the button
Seat 1: 93db3c6f ($1.66 in chips)
Seat 2: Hero ($10 in chips)
Seat 5: 25d6a31e ($10.2 in chips)
Hero: posts small blind $0.05
25d6a31e: posts big blind $0.1
*** HOLE CARDS ***
Dealt to 93db3c6f 
Dealt to Hero [Ac 3s]
Dealt to 25d6a31e 
93db3c6f: raises $0.1 to $0.2
Hero: folds
25d6a31e: folds
Uncalled bet ($0.1) returned to 93db3c6f
*** SHOWDOWN ***
93db3c6f collected $0.25 from pot
*** SUMMARY ***
Total pot $0.25 | Rake $0 | Jackpot $0 | Bingo $0 | Fortune $0 | Tax $0
Seat 1: 93db3c6f (button) collected ($0.25)
Seat 2: Hero (small blind) folded before Flop
Seat 5: 25d6a31e (big blind) folded before Flop


Poker Hand #HD1819190513: Hold'em No Limit ($0.05/$0.1) - 2024/06/17 12:10:58
Table 'NLHRed53' 6-max Seat #6 is the button
Seat 1: 93db3c6f ($1.71 in chips)
Seat 2: Hero ($10 in chips)
Seat 5: 25d6a31e ($10.05 in chips)
Seat 6: dc653315 ($11.65 in chips)
93db3c6f: posts small blind $0.05
Hero: posts big blind $0.1
*** HOLE CARDS ***
Dealt to 93db3c6f 
Dealt to Hero [2d 7h]
Dealt to 25d6a31e 
Dealt to dc653315 
25d6a31e: raises $0.2 to $0.3
dc653315: folds
93db3c6f: folds
Hero: folds
Uncalled bet ($0.2) returned to 25d6a31e
*** SHOWDOWN ***
25d6a31e collected $0.25 from pot
*** SUMMARY ***
Total pot $0.25 | Rake $0 | Jackpot $0 | Bingo $0 | Fortune $0 | Tax $0
Seat 1: 93db3c6f (small blind) folded before Flop
Seat 2: Hero (big blind) folded before Flop
Seat 5: 25d6a31e collected ($0.25)
Seat 6: dc653315 (button) folded before Flop (didn't bet)


Poker Hand #HD1819190496: Hold'em No Limit ($0.05/$0.1) - 2024/06/17 12:10:49
Table 'NLHRed53' 6-max Seat #5 is the button
Seat 1: 93db3c6f ($1.81 in chips)
Seat 2: Hero ($10 in chips)
Seat 5: 25d6a31e ($10.05 in chips)
Seat 6: dc653315 ($11.55 in chips)
dc653315: posts small blind $0.05
93db3c6f: posts big blind $0.1
*** HOLE CARDS ***
Dealt to 93db3c6f 
Dealt to Hero [4s 5c]
Dealt to 25d6a31e 
Dealt to dc653315 
Hero: folds
25d6a31e: folds
dc653315: raises $0.15 to $0.25
93db3c6f: folds
Uncalled bet ($0.15) returned to dc653315
*** SHOWDOWN ***
dc653315 collected $0.2 from pot
*** SUMMARY ***
Total pot $0.2 | Rake $0 | Jackpot $0 | Bingo $0 | Fortune $0 | Tax $0
Seat 1: 93db3c6f (big blind) folded before Flop
Seat 2: Hero folded before Flop (didn't bet)
Seat 5: 25d6a31e (button) folded before Flop (didn't bet)
Seat 6: dc653315 (small blind) collected ($0.2)


Poker Hand #HD1819190472: Hold'em No Limit ($0.05/$0.1) - 2024/06/17 12:10:39
Table 'NLHRed53' 6-max Seat #2 is the button
Seat 1: 93db3c6f ($1.81 in chips)
Seat 2: Hero ($10 in chips)
Seat 3: ba2d6c9b ($5.73 in chips)
Seat 5: 25d6a31e ($10 in chips)
Seat 6: dc653315 ($11.55 in chips)
ba2d6c9b: posts small blind $0.05
25d6a31e: posts big blind $0.1
*** HOLE CARDS ***
Dealt to 93db3c6f 
Dealt to Hero [5d Js]
Dealt to ba2d6c9b 
Dealt to 25d6a31e 
Dealt to dc653315 
dc653315: folds
93db3c6f: folds
Hero: folds
ba2d6c9b: folds
Uncalled bet ($0.05) returned to 25d6a31e
*** SHOWDOWN ***
25d6a31e collected $0.1 from pot
*** SUMMARY ***
Total pot $0.1 | Rake $0 | Jackpot $0 | Bingo $0 | Fortune $0 | Tax $0
Seat 1: 93db3c6f folded before Flop (didn't bet)
Seat 2: Hero (button) folded before Flop (didn't bet)
Seat 3: ba2d6c9b (small blind) folded before Flop
Seat 5: 25d6a31e (big blind) collected ($0.1)
Seat 6: dc653315 folded before Flop (didn't bet)


Poker Hand #HD1819190449: Hold'em No Limit ($0.05/$0.1) - 2024/06/17 12:10:22
Table 'NLHRed53' 6-max Seat #1 is the button
Seat 1: 93db3c6f ($2.06 in chips)
Seat 2: Hero ($10 in chips)
Seat 3: ba2d6c9b ($5.83 in chips)
Seat 6: dc653315 ($11.18 in chips)
Hero: posts small blind $0.05
ba2d6c9b: posts big blind $0.1
*** HOLE CARDS ***
Dealt to 93db3c6f 
Dealt to Hero [5s 4h]
Dealt to ba2d6c9b 
Dealt to dc653315 
dc653315: raises $0.15 to $0.25
93db3c6f: calls $0.25
Hero: folds
ba2d6c9b: folds
*** FLOP *** [Ah 9h 6c]
dc653315: bets $0.26
93db3c6f: folds
Uncalled bet ($0.26) returned to dc653315
*** SHOWDOWN ***
dc653315 collected $0.62 from pot
*** SUMMARY ***
Total pot $0.65 | Rake $0.03 | Jackpot $0 | Bingo $0 | Fortune $0 | Tax $0
Board [Ah 9h 6c]
Seat 1: 93db3c6f (button) folded on the Flop
Seat 2: Hero (small blind) folded before Flop
Seat 3: ba2d6c9b (big blind) folded before Flop
Seat 6: dc653315 won ($0.62)


Poker Hand #HD1819190395: Hold'em No Limit ($0.05/$0.1) - 2024/06/17 12:09:54
Table 'NLHRed53' 6-max Seat #6 is the button
Seat 1: 93db3c6f ($2.16 in chips)
Seat 2: Hero ($10 in chips)
Seat 3: ba2d6c9b ($5.64 in chips)
Seat 6: dc653315 ($11.18 in chips)
93db3c6f: posts small blind $0.05
Hero: posts big blind $0.1
*** HOLE CARDS ***
Dealt to 93db3c6f 
Dealt to Hero [7s 4h]
Dealt to ba2d6c9b 
Dealt to dc653315 
ba2d6c9b: calls $0.1
dc653315: folds
93db3c6f: calls $0.05
Hero: checks
*** FLOP *** [Qs Js 8h]
93db3c6f: checks
Hero: checks
ba2d6c9b: bets $0.3
93db3c6f: folds
Hero: folds
Uncalled bet ($0.3) returned to ba2d6c9b
*** SHOWDOWN ***
ba2d6c9b collected $0.29 from pot
*** SUMMARY ***
Total pot $0.3 | Rake $0.01 | Jackpot $0 | Bingo $0 | Fortune $0 | Tax $0
Board [Qs Js 8h]
Seat 1: 93db3c6f (small blind) folded on the Flop
Seat 2: Hero (big blind) folded on the Flop
Seat 3: ba2d6c9b won ($0.29)
Seat 6: dc653315 (button) folded before Flop (didn't bet)


