Poker Hand #HD1825195649: Hold'em No Limit ($0.05/$0.1) - 2024/06/21 14:48:06
Table 'NLHRed1' 6-max Seat #4 is the button
Seat 1: ac69b72f ($10.29 in chips)
Seat 3: e78a3cfd ($10 in chips)
Seat 4: c3701ca7 ($10.15 in chips)
Seat 5: Hero ($10.98 in chips)
Seat 6: c0b6945f ($10 in chips)
Hero: posts small blind $0.05
c0b6945f: posts big blind $0.1
*** HOLE CARDS ***
Dealt to ac69b72f 
Dealt to e78a3cfd 
Dealt to c3701ca7 
Dealt to Hero [9c Jd]
Dealt to c0b6945f 
ac69b72f: calls $0.1
e78a3cfd: folds
c3701ca7: raises $0.4 to $0.5
Hero: folds
c0b6945f: calls $0.4
ac69b72f: calls $0.4
*** FLOP *** [7c 9h Ah]
c0b6945f: checks
ac69b72f: checks
c3701ca7: bets $0.8
c0b6945f: calls $0.8
ac69b72f: folds
*** TURN *** [7c 9h Ah] [9d]
c0b6945f: checks
c3701ca7: bets $2.12
c0b6945f: calls $2.12
*** RIVER *** [7c 9h Ah 9d] [Kh]
c0b6945f: checks
c3701ca7: bets $6.73 and is all-in
c0b6945f: folds
Uncalled bet ($6.73) returned to c3701ca7
*** SHOWDOWN ***
c3701ca7 collected $6.93 from pot
*** SUMMARY ***
Total pot $7.39 | Rake $0.36 | Jackpot $0.1 | Bingo $0 | Fortune $0 | Tax $0
Board [7c 9h Ah 9d Kh]
Seat 1: ac69b72f folded on the Flop
Seat 3: e78a3cfd folded before Flop (didn't bet)
Seat 4: c3701ca7 (button) won ($6.93)
Seat 5: Hero (small blind) folded before Flop
Seat 6: c0b6945f (big blind) folded on the River


Poker Hand #HD1825105620: Hold'em No Limit ($0.05/$0.1) - 2024/06/21 14:47:49
Table 'NLHRed1' 6-max Seat #3 is the button
Seat 1: ac69b72f ($10.29 in chips)
Seat 3: e78a3cfd ($10 in chips)
Seat 4: c3701ca7 ($10.05 in chips)
Seat 5: Hero ($11.08 in chips)
c3701ca7: posts small blind $0.05
Hero: posts big blind $0.1
*** HOLE CARDS ***
Dealt to ac69b72f 
Dealt to e78a3cfd 
Dealt to c3701ca7 
Dealt to Hero [3s 5d]
ac69b72f: folds
e78a3cfd: folds
c3701ca7: raises $0.2 to $0.3
Hero: folds
Uncalled bet ($0.2) returned to c3701ca7
*** SHOWDOWN ***
c3701ca7 collected $0.2 from pot
*** SUMMARY ***
Total pot $0.2 | Rake $0 | Jackpot $0 | Bingo $0 | Fortune $0 | Tax $0
Seat 1: ac69b72f folded before Flop (didn't bet)
Seat 3: e78a3cfd (button) folded before Flop (didn't bet)
Seat 4: c3701ca7 (small blind) collected ($0.2)
Seat 5: Hero (big blind) folded before Flop


Poker Hand #HD1825105608: Hold'em No Limit ($0.05/$0.1) - 2024/06/21 14:47:42
Table 'NLHRed1' 6-max Seat #1 is the button
Seat 1: ac69b72f ($10.29 in chips)
Seat 3: e78a3cfd ($10 in chips)
Seat 4: c3701ca7 ($10 in chips)
Seat 5: Hero ($11.08 in chips)
e78a3cfd: posts small blind $0.05
c3701ca7: posts big blind $0.1
*** HOLE CARDS ***
Dealt to ac69b72f 
Dealt to e78a3cfd 
Dealt to c3701ca7 
Dealt to Hero [Kc 6d]
Hero: folds
ac69b72f: folds
e78a3cfd: folds
Uncalled bet ($0.05) returned to c3701ca7
*** SHOWDOWN ***
c3701ca7 collected $0.1 from pot
*** SUMMARY ***
Total pot $0.1 | Rake $0 | Jackpot $0 | Bingo $0 | Fortune $0 | Tax $0
Seat 1: ac69b72f (button) folded before Flop (didn't bet)
Seat 3: e78a3cfd (small blind) folded before Flop
Seat 4: c3701ca7 (big blind) collected ($0.1)
Seat 5: Hero folded before Flop (didn't bet)


Poker Hand #HD1825105480: Hold'em No Limit ($0.05/$0.1) - 2024/06/21 14:46:25
Table 'NLHRed1' 6-max Seat #6 is the button
Seat 1: ac69b72f ($10.34 in chips)
Seat 3: e78a3cfd ($10 in chips)
Seat 4: bba90e5c ($10.85 in chips)
Seat 5: Hero ($10.63 in chips)
Seat 6: ba8cdc46 ($10 in chips)
ac69b72f: posts small blind $0.05
e78a3cfd: posts big blind $0.1
*** HOLE CARDS ***
Dealt to ac69b72f 
Dealt to e78a3cfd 
Dealt to bba90e5c 
Dealt to Hero [Qh Kc]
Dealt to ba8cdc46 
bba90e5c: folds
Hero: raises $0.14 to $0.24
ba8cdc46: folds
ac69b72f: folds
e78a3cfd: calls $0.14
*** FLOP *** [9h 7c 8d]
e78a3cfd: checks
Hero: checks
*** TURN *** [9h 7c 8d] [Kh]
e78a3cfd: checks
Hero: bets $0.2
e78a3cfd: calls $0.2
*** RIVER *** [9h 7c 8d Kh] [As]
e78a3cfd: checks
Hero: checks
e78a3cfd: shows [7d Td] (Pair of Sevens)
Hero: shows [Qh Kc] (Pair of Kings)
*** SHOWDOWN ***
Hero collected $0.89 from pot
*** SUMMARY ***
Total pot $0.93 | Rake $0.04 | Jackpot $0 | Bingo $0 | Fortune $0 | Tax $0
Board [9h 7c 8d Kh As]
Seat 1: ac69b72f (small blind) folded before Flop
Seat 3: e78a3cfd (big blind) showed [7d Td] and lost with Pair of Sevens
Seat 4: bba90e5c folded before Flop (didn't bet)
Seat 5: Hero showed [Qh Kc] and won ($0.89) with Pair of Kings
Seat 6: ba8cdc46 (button) folded before Flop (didn't bet)


Poker Hand #HD1825105432: Hold'em No Limit ($0.05/$0.1) - 2024/06/21 14:45:53
Table 'NLHRed1' 6-max Seat #5 is the button
Seat 1: ac69b72f ($8.7 in chips)
Seat 3: e78a3cfd ($10 in chips)
Seat 4: bba90e5c ($12.72 in chips)
Seat 5: Hero ($10.63 in chips)
Seat 6: ba8cdc46 ($10 in chips)
ba8cdc46: posts small blind $0.05
ac69b72f: posts big blind $0.1
*** HOLE CARDS ***
Dealt to ac69b72f 
Dealt to e78a3cfd 
Dealt to bba90e5c 
Dealt to Hero [7h Th]
Dealt to ba8cdc46 
e78a3cfd: folds
bba90e5c: calls $0.1
Hero: folds
ba8cdc46: folds
ac69b72f: checks
*** FLOP *** [4s 3h 6s]
ac69b72f: bets $0.25
bba90e5c: calls $0.25
*** TURN *** [4s 3h 6s] [2c]
ac69b72f: bets $0.38
bba90e5c: calls $0.38
*** RIVER *** [4s 3h 6s 2c] [5d]
ac69b72f: bets $1.14
bba90e5c: calls $1.14
ac69b72f: shows [6d 7s] (Sevens-High Straight)
bba90e5c: shows [9h 9s] (Sixes-High Straight)
*** SHOWDOWN ***
ac69b72f collected $3.51 from pot
*** SUMMARY ***
Total pot $3.79 | Rake $0.18 | Jackpot $0.1 | Bingo $0 | Fortune $0 | Tax $0
Board [4s 3h 6s 2c 5d]
Seat 1: ac69b72f (big blind) showed [6d 7s] and won ($3.51) with Sevens-High Straight
Seat 3: e78a3cfd folded before Flop (didn't bet)
Seat 4: bba90e5c showed [9h 9s] and lost with Sixes-High Straight
Seat 5: Hero (button) folded before Flop (didn't bet)
Seat 6: ba8cdc46 (small blind) folded before Flop


Poker Hand #HD1825105309: Hold'em No Limit ($0.05/$0.1) - 2024/06/21 14:44:46
Table 'NLHRed1' 6-max Seat #4 is the button
Seat 1: ac69b72f ($8.7 in chips)
Seat 2: 4a360f95 ($24.72 in chips)
Seat 3: e78a3cfd ($10 in chips)
Seat 4: bba90e5c ($12.72 in chips)
Seat 5: Hero ($10 in chips)
Seat 6: ba8cdc46 ($10 in chips)
Hero: posts small blind $0.05
ba8cdc46: posts big blind $0.1
*** HOLE CARDS ***
Dealt to ac69b72f 
Dealt to 4a360f95 
Dealt to e78a3cfd 
Dealt to bba90e5c 
Dealt to Hero [Ah Qc]
Dealt to ba8cdc46 
ac69b72f: folds
4a360f95: folds
e78a3cfd: folds
bba90e5c: folds
Hero: raises $0.2 to $0.3
ba8cdc46: calls $0.2
*** FLOP *** [8s Kh Tc]
Hero: bets $0.4
ba8cdc46: calls $0.4
*** TURN *** [8s Kh Tc] [7s]
Hero: checks
ba8cdc46: checks
*** RIVER *** [8s Kh Tc 7s] [7c]
Hero: checks
ba8cdc46: checks
Hero: shows [Ah Qc] (Pair of Sevens)
ba8cdc46: shows [Qh Js] (Pair of Sevens)
*** SHOWDOWN ***
Hero collected $1.33 from pot
*** SUMMARY ***
Total pot $1.4 | Rake $0.07 | Jackpot $0 | Bingo $0 | Fortune $0 | Tax $0
Board [8s Kh Tc 7s 7c]
Seat 1: ac69b72f folded before Flop (didn't bet)
Seat 2: 4a360f95 folded before Flop (didn't bet)
Seat 3: e78a3cfd folded before Flop (didn't bet)
Seat 4: bba90e5c (button) folded before Flop (didn't bet)
Seat 5: Hero (small blind) showed [Ah Qc] and won ($1.33) with Pair of Sevens
Seat 6: ba8cdc46 (big blind) showed [Qh Js] and lost with Pair of Sevens


Poker Hand #HD1825105219: Hold'em No Limit ($0.05/$0.1) - 2024/06/21 14:43:58
Table 'NLHRed1' 6-max Seat #3 is the button
Seat 1: ac69b72f ($9.15 in chips)
Seat 2: 4a360f95 ($24.72 in chips)
Seat 3: e78a3cfd ($10 in chips)
Seat 4: bba90e5c ($12.23 in chips)
Seat 5: Hero ($10 in chips)
bba90e5c: posts small blind $0.05
Hero: posts big blind $0.1
*** HOLE CARDS ***
Dealt to ac69b72f 
Dealt to 4a360f95 
Dealt to e78a3cfd 
Dealt to bba90e5c 
Dealt to Hero [8s 5d]
ac69b72f: calls $0.1
4a360f95: folds
e78a3cfd: folds
bba90e5c: calls $0.05
Hero: checks
*** FLOP *** [8h 4d Ts]
bba90e5c: checks
Hero: checks
ac69b72f: bets $0.1
bba90e5c: calls $0.1
Hero: folds
*** TURN *** [8h 4d Ts] [Qd]
bba90e5c: checks
ac69b72f: checks
*** RIVER *** [8h 4d Ts Qd] [Qh]
bba90e5c: checks
ac69b72f: bets $0.25
bba90e5c: calls $0.25
ac69b72f: shows [4s 6s] (Pair of Queens and Pair of Fours)
bba90e5c: shows [7c Tc] (Pair of Queens and Pair of Tens)
*** SHOWDOWN ***
bba90e5c collected $0.94 from pot
*** SUMMARY ***
Total pot $1 | Rake $0.06 | Jackpot $0 | Bingo $0 | Fortune $0 | Tax $0
Board [8h 4d Ts Qd Qh]
Seat 1: ac69b72f showed [4s 6s] and lost with Pair of Queens and Pair of Fours
Seat 2: 4a360f95 folded before Flop (didn't bet)
Seat 3: e78a3cfd (button) folded before Flop (didn't bet)
Seat 4: bba90e5c (small blind) showed [7c Tc] and won ($0.94) with Pair of Queens and Pair of Tens
Seat 5: Hero (big blind) folded on the Flop


Poker Hand #HD1825105094: Hold'em No Limit ($0.05/$0.1) - 2024/06/21 14:42:53
Table 'NLHRed1' 6-max Seat #2 is the button
Seat 1: ac69b72f ($8.53 in chips)
Seat 2: 4a360f95 ($24.72 in chips)
Seat 3: e78a3cfd ($10 in chips)
Seat 4: bba90e5c ($12.65 in chips)
Seat 5: Hero ($10 in chips)
e78a3cfd: posts small blind $0.05
bba90e5c: posts big blind $0.1
*** HOLE CARDS ***
Dealt to ac69b72f 
Dealt to 4a360f95 
Dealt to e78a3cfd 
Dealt to bba90e5c 
Dealt to Hero [Ad 5d]
Hero: raises $0.1 to $0.2
ac69b72f: calls $0.2
4a360f95: folds
e78a3cfd: folds
bba90e5c: calls $0.1
*** FLOP *** [9h 8c 3d]
bba90e5c: checks
Hero: checks
ac69b72f: bets $0.22
bba90e5c: calls $0.22
Hero: folds
*** TURN *** [9h 8c 3d] [Tc]
bba90e5c: checks
ac69b72f: bets $0.82
bba90e5c: folds
Uncalled bet ($0.82) returned to ac69b72f
*** SHOWDOWN ***
ac69b72f collected $1.04 from pot
*** SUMMARY ***
Total pot $1.09 | Rake $0.05 | Jackpot $0 | Bingo $0 | Fortune $0 | Tax $0
Board [9h 8c 3d Tc]
Seat 1: ac69b72f won ($1.04)
Seat 2: 4a360f95 (button) folded before Flop (didn't bet)
Seat 3: e78a3cfd (small blind) folded before Flop
Seat 4: bba90e5c (big blind) folded on the Turn
Seat 5: Hero folded on the Flop


Poker Hand #HD1825105065: Hold'em No Limit ($0.05/$0.1) - 2024/06/21 14:42:41
Table 'NLHRed1' 6-max Seat #1 is the button
Seat 1: ac69b72f ($8.53 in chips)
Seat 2: 4a360f95 ($24.62 in chips)
Seat 3: e78a3cfd ($10 in chips)
Seat 4: bba90e5c ($12.65 in chips)
Seat 5: Hero ($10 in chips)
4a360f95: posts small blind $0.05
e78a3cfd: posts big blind $0.1
*** HOLE CARDS ***
Dealt to ac69b72f 
Dealt to 4a360f95 
Dealt to e78a3cfd 
Dealt to bba90e5c 
Dealt to Hero [6h 8d]
bba90e5c: folds
Hero: folds
ac69b72f: folds
4a360f95: raises $0.2 to $0.3
e78a3cfd: folds
Uncalled bet ($0.2) returned to 4a360f95
*** SHOWDOWN ***
4a360f95 collected $0.2 from pot
*** SUMMARY ***
Total pot $0.2 | Rake $0 | Jackpot $0 | Bingo $0 | Fortune $0 | Tax $0
Seat 1: ac69b72f (button) folded before Flop (didn't bet)
Seat 2: 4a360f95 (small blind) collected ($0.2)
Seat 3: e78a3cfd (big blind) folded before Flop
Seat 4: bba90e5c folded before Flop (didn't bet)
Seat 5: Hero folded before Flop (didn't bet)


Poker Hand #HD1825104940: Hold'em No Limit ($0.05/$0.1) - 2024/06/21 14:41:21
Table 'NLHRed1' 6-max Seat #5 is the button
Seat 1: ac69b72f ($8.1 in chips)
Seat 2: 4a360f95 ($24.62 in chips)
Seat 3: e78a3cfd ($10 in chips)
Seat 4: bba90e5c ($12.65 in chips)
Seat 5: Hero ($10 in chips)
Seat 6: dee01942 ($10.37 in chips)
dee01942: posts small blind $0.05
ac69b72f: posts big blind $0.1
*** HOLE CARDS ***
Dealt to ac69b72f 
Dealt to 4a360f95 
Dealt to e78a3cfd 
Dealt to bba90e5c 
Dealt to Hero [Kc Jh]
Dealt to dee01942 
4a360f95: folds
e78a3cfd: folds
bba90e5c: folds
Hero: raises $0.14 to $0.24
dee01942: folds
ac69b72f: calls $0.14
*** FLOP *** [Qc 2c Js]
ac69b72f: bets $0.18
Hero: calls $0.18
*** TURN *** [Qc 2c Js] [7s]
ac69b72f: checks
Hero: checks
*** RIVER *** [Qc 2c Js 7s] [3d]
ac69b72f: bets $0.67
Hero: folds
Uncalled bet ($0.67) returned to ac69b72f
*** SHOWDOWN ***
ac69b72f collected $0.85 from pot
*** SUMMARY ***
Total pot $0.89 | Rake $0.04 | Jackpot $0 | Bingo $0 | Fortune $0 | Tax $0
Board [Qc 2c Js 7s 3d]
Seat 1: ac69b72f (big blind) won ($0.85)
Seat 2: 4a360f95 folded before Flop (didn't bet)
Seat 3: e78a3cfd folded before Flop (didn't bet)
Seat 4: bba90e5c folded before Flop (didn't bet)
Seat 5: Hero (button) folded on the River
Seat 6: dee01942 (small blind) folded before Flop


Poker Hand #HD1825104869: Hold'em No Limit ($0.05/$0.1) - 2024/06/21 14:40:38
Table 'NLHRed1' 6-max Seat #4 is the button
Seat 2: 4a360f95 ($24.62 in chips)
Seat 3: e78a3cfd ($10 in chips)
Seat 4: bba90e5c ($13 in chips)
Seat 5: Hero ($10 in chips)
Seat 6: dee01942 ($10 in chips)
Hero: posts small blind $0.05
dee01942: posts big blind $0.1
*** HOLE CARDS ***
Dealt to 4a360f95 
Dealt to e78a3cfd 
Dealt to bba90e5c 
Dealt to Hero [8s 5c]
Dealt to dee01942 
4a360f95: folds
e78a3cfd: folds
bba90e5c: calls $0.1
Hero: folds
dee01942: checks
*** FLOP *** [9s 3d 2s]
dee01942: checks
bba90e5c: bets $0.25
dee01942: calls $0.25
*** TURN *** [9s 3d 2s] [9c]
dee01942: checks
bba90e5c: checks
*** RIVER *** [9s 3d 2s 9c] [Ts]
dee01942: bets $0.25
bba90e5c: folds
Uncalled bet ($0.25) returned to dee01942
*** SHOWDOWN ***
dee01942 collected $0.72 from pot
*** SUMMARY ***
Total pot $0.75 | Rake $0.03 | Jackpot $0 | Bingo $0 | Fortune $0 | Tax $0
Board [9s 3d 2s 9c Ts]
Seat 2: 4a360f95 folded before Flop (didn't bet)
Seat 3: e78a3cfd folded before Flop (didn't bet)
Seat 4: bba90e5c (button) folded on the River
Seat 5: Hero (small blind) folded before Flop
Seat 6: dee01942 (big blind) won ($0.72)


Poker Hand #HD1825104787: Hold'em No Limit ($0.05/$0.1) - 2024/06/21 14:39:50
Table 'NLHRed1' 6-max Seat #3 is the button
Seat 2: 4a360f95 ($24.62 in chips)
Seat 3: e78a3cfd ($11.05 in chips)
Seat 4: bba90e5c ($10.19 in chips)
Seat 5: Hero ($10 in chips)
Seat 6: de8d2473 ($9.93 in chips)
bba90e5c: posts small blind $0.05
Hero: posts big blind $0.1
*** HOLE CARDS ***
Dealt to 4a360f95 
Dealt to e78a3cfd 
Dealt to bba90e5c 
Dealt to Hero [Qh 8h]
Dealt to de8d2473 
de8d2473: folds
4a360f95: folds
e78a3cfd: raises $0.2 to $0.3
bba90e5c: calls $0.25
Hero: calls $0.2
*** FLOP *** [Jh Ad 5c]
bba90e5c: checks
Hero: checks
e78a3cfd: bets $0.3
bba90e5c: calls $0.3
Hero: folds
*** TURN *** [Jh Ad 5c] [Ts]
bba90e5c: checks
e78a3cfd: bets $1.13
bba90e5c: calls $1.13
*** RIVER *** [Jh Ad 5c Ts] [5h]
bba90e5c: checks
e78a3cfd: bets $1.25
bba90e5c: calls $1.25
e78a3cfd: shows [Qd Ac] (Pair of Aces and Pair of Fives)
bba90e5c: shows [Qc Kc] (Aces-High Straight)
*** SHOWDOWN ***
bba90e5c collected $5.79 from pot
*** SUMMARY ***
Total pot $6.26 | Rake $0.37 | Jackpot $0.1 | Bingo $0 | Fortune $0 | Tax $0
Board [Jh Ad 5c Ts 5h]
Seat 2: 4a360f95 folded before Flop (didn't bet)
Seat 3: e78a3cfd (button) showed [Qd Ac] and lost with Pair of Aces and Pair of Fives
Seat 4: bba90e5c (small blind) showed [Qc Kc] and won ($5.79) with Aces-High Straight
Seat 5: Hero (big blind) folded on the Flop
Seat 6: de8d2473 folded before Flop (didn't bet)


Poker Hand #HD1825104765: Hold'em No Limit ($0.05/$0.1) - 2024/06/21 14:39:40
Table 'NLHRed1' 6-max Seat #2 is the button
Seat 2: 4a360f95 ($24.62 in chips)
Seat 3: e78a3cfd ($11.1 in chips)
Seat 4: bba90e5c ($10.14 in chips)
Seat 5: Hero ($10 in chips)
Seat 6: de8d2473 ($9.93 in chips)
e78a3cfd: posts small blind $0.05
bba90e5c: posts big blind $0.1
*** HOLE CARDS ***
Dealt to 4a360f95 
Dealt to e78a3cfd 
Dealt to bba90e5c 
Dealt to Hero [8c 4c]
Dealt to de8d2473 
Hero: folds
de8d2473: folds
4a360f95: folds
e78a3cfd: folds
Uncalled bet ($0.05) returned to bba90e5c
*** SHOWDOWN ***
bba90e5c collected $0.1 from pot
*** SUMMARY ***
Total pot $0.1 | Rake $0 | Jackpot $0 | Bingo $0 | Fortune $0 | Tax $0
Seat 2: 4a360f95 (button) folded before Flop (didn't bet)
Seat 3: e78a3cfd (small blind) folded before Flop
Seat 4: bba90e5c (big blind) collected ($0.1)
Seat 5: Hero folded before Flop (didn't bet)
Seat 6: de8d2473 folded before Flop (didn't bet)


Poker Hand #HD1825104725: Hold'em No Limit ($0.05/$0.1) - 2024/06/21 14:39:14
Table 'NLHRed1' 6-max Seat #6 is the button
Seat 2: 4a360f95 ($24.67 in chips)
Seat 3: e78a3cfd ($11.2 in chips)
Seat 4: bba90e5c ($10 in chips)
Seat 5: Hero ($10 in chips)
Seat 6: de8d2473 ($9.93 in chips)
4a360f95: posts small blind $0.05
e78a3cfd: posts big blind $0.1
bba90e5c: posts big blind $0.1
*** HOLE CARDS ***
Dealt to 4a360f95 
Dealt to e78a3cfd 
Dealt to bba90e5c 
Dealt to Hero [Qs 6c]
Dealt to de8d2473 
bba90e5c: checks
Hero: folds
de8d2473: folds
4a360f95: folds
e78a3cfd: checks
*** FLOP *** [3h 8h 6h]
e78a3cfd: checks
bba90e5c: bets $0.25
e78a3cfd: folds
Uncalled bet ($0.25) returned to bba90e5c
*** SHOWDOWN ***
bba90e5c collected $0.24 from pot
*** SUMMARY ***
Total pot $0.25 | Rake $0.01 | Jackpot $0 | Bingo $0 | Fortune $0 | Tax $0
Board [3h 8h 6h]
Seat 2: 4a360f95 (small blind) folded before Flop
Seat 3: e78a3cfd (big blind) folded on the Flop
Seat 4: bba90e5c won ($0.24)
Seat 5: Hero folded before Flop (didn't bet)
Seat 6: de8d2473 (button) folded before Flop (didn't bet)


Poker Hand #HD1825104689: Hold'em No Limit ($0.05/$0.1) - 2024/06/21 14:38:58
Table 'NLHRed1' 6-max Seat #5 is the button
Seat 2: 4a360f95 ($24.77 in chips)
Seat 3: e78a3cfd ($11.05 in chips)
Seat 5: Hero ($10 in chips)
Seat 6: de8d2473 ($9.98 in chips)
de8d2473: posts small blind $0.05
4a360f95: posts big blind $0.1
*** HOLE CARDS ***
Dealt to 4a360f95 
Dealt to e78a3cfd 
Dealt to Hero [7d Td]
Dealt to de8d2473 
e78a3cfd: raises $0.2 to $0.3
Hero: folds
de8d2473: folds
4a360f95: folds
Uncalled bet ($0.2) returned to e78a3cfd
*** SHOWDOWN ***
e78a3cfd collected $0.25 from pot
*** SUMMARY ***
Total pot $0.25 | Rake $0 | Jackpot $0 | Bingo $0 | Fortune $0 | Tax $0
Seat 2: 4a360f95 (big blind) folded before Flop
Seat 3: e78a3cfd collected ($0.25)
Seat 5: Hero (button) folded before Flop (didn't bet)
Seat 6: de8d2473 (small blind) folded before Flop


Poker Hand #HD1825104663: Hold'em No Limit ($0.05/$0.1) - 2024/06/21 14:38:44
Table 'NLHRed1' 6-max Seat #3 is the button
Seat 2: 4a360f95 ($24.62 in chips)
Seat 3: e78a3cfd ($11.05 in chips)
Seat 5: Hero ($10 in chips)
Seat 6: de8d2473 ($10.08 in chips)
Hero: posts small blind $0.05
de8d2473: posts big blind $0.1
*** HOLE CARDS ***
Dealt to 4a360f95 
Dealt to e78a3cfd 
Dealt to Hero [8s Ad]
Dealt to de8d2473 
4a360f95: raises $0.15 to $0.25
e78a3cfd: folds
Hero: folds
de8d2473: folds
Uncalled bet ($0.15) returned to 4a360f95
*** SHOWDOWN ***
4a360f95 collected $0.25 from pot
*** SUMMARY ***
Total pot $0.25 | Rake $0 | Jackpot $0 | Bingo $0 | Fortune $0 | Tax $0
Seat 2: 4a360f95 collected ($0.25)
Seat 3: e78a3cfd (button) folded before Flop (didn't bet)
Seat 5: Hero (small blind) folded before Flop
Seat 6: de8d2473 (big blind) folded before Flop


Poker Hand #HD1825104522: Hold'em No Limit ($0.05/$0.1) - 2024/06/21 14:37:23
Table 'NLHRed1' 6-max Seat #2 is the button
Seat 1: 9afdc8b8 ($15.23 in chips)
Seat 2: 4a360f95 ($22.86 in chips)
Seat 3: e78a3cfd ($11.1 in chips)
Seat 4: 4763cde4 ($2 in chips)
Seat 5: Hero ($10 in chips)
Seat 6: de8d2473 ($10.08 in chips)
e78a3cfd: posts small blind $0.05
4763cde4: posts big blind $0.1
*** HOLE CARDS ***
Dealt to 9afdc8b8 
Dealt to 4a360f95 
Dealt to e78a3cfd 
Dealt to 4763cde4 
Dealt to Hero [9h Td]
Dealt to de8d2473 
Hero: folds
de8d2473: folds
9afdc8b8: folds
4a360f95: raises $0.15 to $0.25
e78a3cfd: folds
4763cde4: calls $0.15
*** FLOP *** [Ac 3s 8c]
4763cde4: bets $0.42
4a360f95: raises $22.19 to $22.61 and is all-in
4763cde4: calls $1.33 and is all-in
Uncalled bet ($20.86) returned to 4a360f95
4a360f95: shows [Kc Ad] (Pair of Aces)
4763cde4: shows [8d Th] (Pair of Eights)
*** TURN *** [Ac 3s 8c] [9d]
*** RIVER *** [Ac 3s 8c 9d] [5d]
*** SHOWDOWN ***
4a360f95 collected $3.76 from pot
*** SUMMARY ***
Total pot $4.05 | Rake $0.19 | Jackpot $0.1 | Bingo $0 | Fortune $0 | Tax $0
Board [Ac 3s 8c 9d 5d]
Seat 1: 9afdc8b8 folded before Flop (didn't bet)
Seat 2: 4a360f95 (button) showed [Kc Ad] and won ($3.76) with Pair of Aces
Seat 3: e78a3cfd (small blind) folded before Flop
Seat 4: 4763cde4 (big blind) showed [8d Th] and lost with Pair of Eights
Seat 5: Hero folded before Flop (didn't bet)
Seat 6: de8d2473 folded before Flop (didn't bet)


Poker Hand #HD1825104489: Hold'em No Limit ($0.05/$0.1) - 2024/06/21 14:37:02
Table 'NLHRed1' 6-max Seat #1 is the button
Seat 1: 9afdc8b8 ($15.23 in chips)
Seat 2: 4a360f95 ($22.91 in chips)
Seat 3: e78a3cfd ($11.05 in chips)
Seat 4: 4763cde4 ($2 in chips)
Seat 5: Hero ($10 in chips)
Seat 6: de8d2473 ($10.08 in chips)
4a360f95: posts small blind $0.05
e78a3cfd: posts big blind $0.1
*** HOLE CARDS ***
Dealt to 9afdc8b8 
Dealt to 4a360f95 
Dealt to e78a3cfd 
Dealt to 4763cde4 
Dealt to Hero [4c Td]
Dealt to de8d2473 
4763cde4: folds
Hero: folds
de8d2473: folds
9afdc8b8: folds
4a360f95: folds
Uncalled bet ($0.05) returned to e78a3cfd
*** SHOWDOWN ***
e78a3cfd collected $0.1 from pot
*** SUMMARY ***
Total pot $0.1 | Rake $0 | Jackpot $0 | Bingo $0 | Fortune $0 | Tax $0
Seat 1: 9afdc8b8 (button) folded before Flop (didn't bet)
Seat 2: 4a360f95 (small blind) folded before Flop
Seat 3: e78a3cfd (big blind) collected ($0.1)
Seat 4: 4763cde4 folded before Flop (didn't bet)
Seat 5: Hero folded before Flop (didn't bet)
Seat 6: de8d2473 folded before Flop (didn't bet)


Poker Hand #HD1825104425: Hold'em No Limit ($0.05/$0.1) - 2024/06/21 14:36:26
Table 'NLHRed1' 6-max Seat #6 is the button
Seat 1: 9afdc8b8 ($15.77 in chips)
Seat 2: 4a360f95 ($23.01 in chips)
Seat 3: e78a3cfd ($10.46 in chips)
Seat 5: Hero ($10 in chips)
Seat 6: de8d2473 ($10.08 in chips)
9afdc8b8: posts small blind $0.05
4a360f95: posts big blind $0.1
*** HOLE CARDS ***
Dealt to 9afdc8b8 
Dealt to 4a360f95 
Dealt to e78a3cfd 
Dealt to Hero [Ac 3h]
Dealt to de8d2473 
e78a3cfd: raises $0.2 to $0.3
Hero: folds
de8d2473: folds
9afdc8b8: calls $0.25
4a360f95: folds
*** FLOP *** [2c 8d Qc]
9afdc8b8: checks
e78a3cfd: bets $0.24
9afdc8b8: calls $0.24
*** TURN *** [2c 8d Qc] [7d]
9afdc8b8: checks
e78a3cfd: bets $0.79
9afdc8b8: folds
Uncalled bet ($0.79) returned to e78a3cfd
*** SHOWDOWN ***
e78a3cfd collected $1.13 from pot
*** SUMMARY ***
Total pot $1.18 | Rake $0.05 | Jackpot $0 | Bingo $0 | Fortune $0 | Tax $0
Board [2c 8d Qc 7d]
Seat 1: 9afdc8b8 (small blind) folded on the Turn
Seat 2: 4a360f95 (big blind) folded before Flop
Seat 3: e78a3cfd won ($1.13)
Seat 5: Hero folded before Flop (didn't bet)
Seat 6: de8d2473 (button) folded before Flop (didn't bet)


Poker Hand #HD1825104328: Hold'em No Limit ($0.05/$0.1) - 2024/06/21 14:35:28
Table 'NLHRed1' 6-max Seat #5 is the button
Seat 1: 9afdc8b8 ($13.19 in chips)
Seat 2: 4a360f95 ($23.01 in chips)
Seat 3: e78a3cfd ($10.46 in chips)
Seat 4: 4763cde4 ($2.92 in chips)
Seat 5: Hero ($10 in chips)
Seat 6: de8d2473 ($10.13 in chips)
de8d2473: posts small blind $0.05
9afdc8b8: posts big blind $0.1
*** HOLE CARDS ***
Dealt to 9afdc8b8 
Dealt to 4a360f95 
Dealt to e78a3cfd 
Dealt to 4763cde4 
Dealt to Hero [9s 2d]
Dealt to de8d2473 
4a360f95: folds
e78a3cfd: folds
4763cde4: raises $0.2 to $0.3
Hero: folds
de8d2473: folds
9afdc8b8: calls $0.2
*** FLOP *** [Qd Kc 9c]
9afdc8b8: checks
4763cde4: bets $0.33
9afdc8b8: calls $0.33
*** TURN *** [Qd Kc 9c] [Kd]
9afdc8b8: bets $0.44
4763cde4: calls $0.44
*** RIVER *** [Qd Kc 9c Kd] [4c]
9afdc8b8: checks
4763cde4: bets $1.85 and is all-in
9afdc8b8: calls $1.85
4763cde4: shows [Th Ah] (Pair of Kings)
9afdc8b8: shows [4s Ts] (Pair of Kings and Pair of Fours)
*** SHOWDOWN ***
9afdc8b8 collected $5.5 from pot
*** SUMMARY ***
Total pot $5.89 | Rake $0.29 | Jackpot $0.1 | Bingo $0 | Fortune $0 | Tax $0
Board [Qd Kc 9c Kd 4c]
Seat 1: 9afdc8b8 (big blind) showed [4s Ts] and won ($5.5) with Pair of Kings and Pair of Fours
Seat 2: 4a360f95 folded before Flop (didn't bet)
Seat 3: e78a3cfd folded before Flop (didn't bet)
Seat 4: 4763cde4 showed [Th Ah] and lost with Pair of Kings
Seat 5: Hero (button) folded before Flop (didn't bet)
Seat 6: de8d2473 (small blind) folded before Flop


Poker Hand #HD1825104211: Hold'em No Limit ($0.05/$0.1) - 2024/06/21 14:34:22
Table 'NLHRed1' 6-max Seat #4 is the button
Seat 1: 9afdc8b8 ($13.49 in chips)
Seat 2: 4a360f95 ($23.01 in chips)
Seat 3: e78a3cfd ($10.46 in chips)
Seat 4: 4763cde4 ($5.14 in chips)
Seat 5: Hero ($10 in chips)
Seat 6: de8d2473 ($7.89 in chips)
Hero: posts small blind $0.05
de8d2473: posts big blind $0.1
*** HOLE CARDS ***
Dealt to 9afdc8b8 
Dealt to 4a360f95 
Dealt to e78a3cfd 
Dealt to 4763cde4 
Dealt to Hero [5s Qs]
Dealt to de8d2473 
9afdc8b8: calls $0.1
4a360f95: folds
e78a3cfd: folds
4763cde4: raises $0.2 to $0.3
Hero: folds
de8d2473: calls $0.2
9afdc8b8: calls $0.2
*** FLOP *** [6s Kd Ad]
de8d2473: checks
9afdc8b8: checks
4763cde4: bets $0.72
de8d2473: calls $0.72
9afdc8b8: folds
*** TURN *** [6s Kd Ad] [8c]
de8d2473: checks
4763cde4: bets $1.2
de8d2473: calls $1.2
*** RIVER *** [6s Kd Ad 8c] [2c]
de8d2473: checks
4763cde4: checks
de8d2473: shows [Ks 7s] (Pair of Kings)
4763cde4: shows [Kc 3h] (Pair of Kings)
*** SHOWDOWN ***
de8d2473 collected $4.46 from pot
*** SUMMARY ***
Total pot $4.79 | Rake $0.23 | Jackpot $0.1 | Bingo $0 | Fortune $0 | Tax $0
Board [6s Kd Ad 8c 2c]
Seat 1: 9afdc8b8 folded on the Flop
Seat 2: 4a360f95 folded before Flop (didn't bet)
Seat 3: e78a3cfd folded before Flop (didn't bet)
Seat 4: 4763cde4 (button) showed [Kc 3h] and lost with Pair of Kings
Seat 5: Hero (small blind) folded before Flop
Seat 6: de8d2473 (big blind) showed [Ks 7s] and won ($4.46) with Pair of Kings


Poker Hand #HD1825104169: Hold'em No Limit ($0.05/$0.1) - 2024/06/21 14:33:54
Table 'NLHRed1' 6-max Seat #3 is the button
Seat 1: 9afdc8b8 ($13.49 in chips)
Seat 2: 4a360f95 ($23.01 in chips)
Seat 3: e78a3cfd ($10.46 in chips)
Seat 4: 4763cde4 ($4.78 in chips)
Seat 5: Hero ($10.38 in chips)
Seat 6: de8d2473 ($7.89 in chips)
4763cde4: posts small blind $0.05
Hero: posts big blind $0.1
*** HOLE CARDS ***
Dealt to 9afdc8b8 
Dealt to 4a360f95 
Dealt to e78a3cfd 
Dealt to 4763cde4 
Dealt to Hero [Ts 2c]
Dealt to de8d2473 
de8d2473: folds
9afdc8b8: folds
4a360f95: folds
e78a3cfd: folds
4763cde4: calls $0.05
Hero: checks
*** FLOP *** [Tc 3c 6h]
4763cde4: bets $0.1
Hero: calls $0.1
*** TURN *** [Tc 3c 6h] [4d]
4763cde4: bets $0.2
Hero: calls $0.2
*** RIVER *** [Tc 3c 6h 4d] [7c]
4763cde4: bets $0.8
Hero: folds
Uncalled bet ($0.8) returned to 4763cde4
*** SHOWDOWN ***
4763cde4 collected $0.76 from pot
*** SUMMARY ***
Total pot $0.8 | Rake $0.04 | Jackpot $0 | Bingo $0 | Fortune $0 | Tax $0
Board [Tc 3c 6h 4d 7c]
Seat 1: 9afdc8b8 folded before Flop (didn't bet)
Seat 2: 4a360f95 folded before Flop (didn't bet)
Seat 3: e78a3cfd (button) folded before Flop (didn't bet)
Seat 4: 4763cde4 (small blind) won ($0.76)
Seat 5: Hero (big blind) folded on the River
Seat 6: de8d2473 folded before Flop (didn't bet)


Poker Hand #HD1825104118: Hold'em No Limit ($0.05/$0.1) - 2024/06/21 14:33:21
Table 'NLHRed1' 6-max Seat #2 is the button
Seat 1: 9afdc8b8 ($13.89 in chips)
Seat 2: 4a360f95 ($23.01 in chips)
Seat 3: e78a3cfd ($10 in chips)
Seat 4: 4763cde4 ($4.88 in chips)
Seat 5: Hero ($10.38 in chips)
Seat 6: de8d2473 ($7.89 in chips)
e78a3cfd: posts small blind $0.05
4763cde4: posts big blind $0.1
*** HOLE CARDS ***
Dealt to 9afdc8b8 
Dealt to 4a360f95 
Dealt to e78a3cfd 
Dealt to 4763cde4 
Dealt to Hero [Qs 2c]
Dealt to de8d2473 
Hero: folds
de8d2473: folds
9afdc8b8: calls $0.1
4a360f95: folds
e78a3cfd: raises $0.3 to $0.4
4763cde4: folds
9afdc8b8: calls $0.3
*** FLOP *** [Jc Jd 6h]
e78a3cfd: bets $0.3
9afdc8b8: folds
Uncalled bet ($0.3) returned to e78a3cfd
*** SHOWDOWN ***
e78a3cfd collected $0.86 from pot
*** SUMMARY ***
Total pot $0.9 | Rake $0.04 | Jackpot $0 | Bingo $0 | Fortune $0 | Tax $0
Board [Jc Jd 6h]
Seat 1: 9afdc8b8 folded on the Flop
Seat 2: 4a360f95 (button) folded before Flop (didn't bet)
Seat 3: e78a3cfd (small blind) won ($0.86)
Seat 4: 4763cde4 (big blind) folded before Flop
Seat 5: Hero folded before Flop (didn't bet)
Seat 6: de8d2473 folded before Flop (didn't bet)


Poker Hand #HD1825104019: Hold'em No Limit ($0.05/$0.1) - 2024/06/21 14:32:31
Table 'NLHRed1' 6-max Seat #1 is the button
Seat 1: 9afdc8b8 ($9.19 in chips)
Seat 2: 4a360f95 ($23.06 in chips)
Seat 3: e78a3cfd ($10.1 in chips)
Seat 5: Hero ($10.38 in chips)
Seat 6: de8d2473 ($13.06 in chips)
4a360f95: posts small blind $0.05
e78a3cfd: posts big blind $0.1
*** HOLE CARDS ***
Dealt to 9afdc8b8 
Dealt to 4a360f95 
Dealt to e78a3cfd 
Dealt to Hero [Ad 2c]
Dealt to de8d2473 
Hero: folds
de8d2473: raises $0.2 to $0.3
9afdc8b8: calls $0.3
4a360f95: folds
e78a3cfd: folds
*** FLOP *** [7c Kd 9c]
de8d2473: checks
9afdc8b8: bets $0.25
de8d2473: calls $0.25
*** TURN *** [7c Kd 9c] [9h]
de8d2473: checks
9afdc8b8: bets $0.42
de8d2473: raises $1.05 to $1.47
9afdc8b8: calls $1.05
*** RIVER *** [7c Kd 9c 9h] [8s]
de8d2473: bets $3.15
9afdc8b8: calls $3.15
de8d2473: shows [4c 6c] (Pair of Nines)
9afdc8b8: shows [Ac Ks] (Pair of Kings and Pair of Nines)
*** SHOWDOWN ***
9afdc8b8 collected $9.87 from pot
*** SUMMARY ***
Total pot $10.49 | Rake $0.52 | Jackpot $0.1 | Bingo $0 | Fortune $0 | Tax $0
Board [7c Kd 9c 9h 8s]
Seat 1: 9afdc8b8 (button) showed [Ac Ks] and won ($9.87) with Pair of Kings and Pair of Nines
Seat 2: 4a360f95 (small blind) folded before Flop
Seat 3: e78a3cfd (big blind) folded before Flop
Seat 5: Hero folded before Flop (didn't bet)
Seat 6: de8d2473 showed [4c 6c] and lost with Pair of Nines


Poker Hand #HD1825103931: Hold'em No Limit ($0.05/$0.1) - 2024/06/21 14:31:31
Table 'NLHRed1' 6-max Seat #6 is the button
Seat 1: 9afdc8b8 ($9.1 in chips)
Seat 2: 4a360f95 ($23.16 in chips)
Seat 3: e78a3cfd ($10.1 in chips)
Seat 4: 4763cde4 ($4.88 in chips)
Seat 5: Hero ($10.38 in chips)
Seat 6: de8d2473 ($13.06 in chips)
9afdc8b8: posts small blind $0.05
4a360f95: posts big blind $0.1
*** HOLE CARDS ***
Dealt to 9afdc8b8 
Dealt to 4a360f95 
Dealt to e78a3cfd 
Dealt to 4763cde4 
Dealt to Hero [4d 3s]
Dealt to de8d2473 
e78a3cfd: folds
4763cde4: folds
Hero: folds
de8d2473: folds
9afdc8b8: calls $0.05
4a360f95: checks
*** FLOP *** [2d Td Kh]
9afdc8b8: checks
4a360f95: checks
*** TURN *** [2d Td Kh] [8d]
9afdc8b8: checks
4a360f95: checks
*** RIVER *** [2d Td Kh 8d] [5d]
9afdc8b8: checks
4a360f95: checks
9afdc8b8: shows [5s 2s] (Pair of Fives and Pair of Twos)
4a360f95: shows [Tc 7s] (Pair of Tens)
*** SHOWDOWN ***
9afdc8b8 collected $0.19 from pot
*** SUMMARY ***
Total pot $0.2 | Rake $0.01 | Jackpot $0 | Bingo $0 | Fortune $0 | Tax $0
Board [2d Td Kh 8d 5d]
Seat 1: 9afdc8b8 (small blind) showed [5s 2s] and won ($0.19) with Pair of Fives and Pair of Twos
Seat 2: 4a360f95 (big blind) showed [Tc 7s] and lost with Pair of Tens
Seat 3: e78a3cfd folded before Flop (didn't bet)
Seat 4: 4763cde4 folded before Flop (didn't bet)
Seat 5: Hero folded before Flop (didn't bet)
Seat 6: de8d2473 (button) folded before Flop (didn't bet)


Poker Hand #HD1825103843: Hold'em No Limit ($0.05/$0.1) - 2024/06/21 14:30:38
Table 'NLHRed1' 6-max Seat #5 is the button
Seat 1: 9afdc8b8 ($10 in chips)
Seat 2: 4a360f95 ($23.16 in chips)
Seat 3: e78a3cfd ($10.1 in chips)
Seat 4: 4763cde4 ($3.16 in chips)
Seat 5: Hero ($11.28 in chips)
Seat 6: de8d2473 ($13.11 in chips)
de8d2473: posts small blind $0.05
9afdc8b8: posts big blind $0.1
*** HOLE CARDS ***
Dealt to 9afdc8b8 
Dealt to 4a360f95 
Dealt to e78a3cfd 
Dealt to 4763cde4 
Dealt to Hero [Kh Ac]
Dealt to de8d2473 
4a360f95: folds
e78a3cfd: folds
4763cde4: raises $0.2 to $0.3
Hero: raises $0.6 to $0.9
de8d2473: folds
9afdc8b8: calls $0.8
4763cde4: calls $0.6
*** FLOP *** [3s 6d 8s]
9afdc8b8: checks
4763cde4: bets $1.38
Hero: folds
9afdc8b8: folds
Uncalled bet ($1.38) returned to 4763cde4
*** SHOWDOWN ***
4763cde4 collected $2.62 from pot
*** SUMMARY ***
Total pot $2.75 | Rake $0.13 | Jackpot $0 | Bingo $0 | Fortune $0 | Tax $0
Board [3s 6d 8s]
Seat 1: 9afdc8b8 (big blind) folded on the Flop
Seat 2: 4a360f95 folded before Flop (didn't bet)
Seat 3: e78a3cfd folded before Flop (didn't bet)
Seat 4: 4763cde4 won ($2.62)
Seat 5: Hero (button) folded on the Flop
Seat 6: de8d2473 (small blind) folded before Flop


Poker Hand #HD1825103813: Hold'em No Limit ($0.05/$0.1) - 2024/06/21 14:30:21
Table 'NLHRed1' 6-max Seat #4 is the button
Seat 2: 4a360f95 ($23.16 in chips)
Seat 3: e78a3cfd ($10.1 in chips)
Seat 4: 4763cde4 ($3.01 in chips)
Seat 5: Hero ($11.33 in chips)
Seat 6: de8d2473 ($13.21 in chips)
Hero: posts small blind $0.05
de8d2473: posts big blind $0.1
*** HOLE CARDS ***
Dealt to 4a360f95 
Dealt to e78a3cfd 
Dealt to 4763cde4 
Dealt to Hero [2c 2s]
Dealt to de8d2473 
4a360f95: folds
e78a3cfd: folds
4763cde4: raises $0.2 to $0.3
Hero: folds
de8d2473: folds
Uncalled bet ($0.2) returned to 4763cde4
*** SHOWDOWN ***
4763cde4 collected $0.25 from pot
*** SUMMARY ***
Total pot $0.25 | Rake $0 | Jackpot $0 | Bingo $0 | Fortune $0 | Tax $0
Seat 2: 4a360f95 folded before Flop (didn't bet)
Seat 3: e78a3cfd folded before Flop (didn't bet)
Seat 4: 4763cde4 (button) collected ($0.25)
Seat 5: Hero (small blind) folded before Flop
Seat 6: de8d2473 (big blind) folded before Flop


Poker Hand #HD1825103762: Hold'em No Limit ($0.05/$0.1) - 2024/06/21 14:29:47
Table 'NLHRed1' 6-max Seat #3 is the button
Seat 2: 4a360f95 ($23.16 in chips)
Seat 3: e78a3cfd ($10.1 in chips)
Seat 4: 4763cde4 ($3.11 in chips)
Seat 5: Hero ($11.24 in chips)
Seat 6: de8d2473 ($13.21 in chips)
4763cde4: posts small blind $0.05
Hero: posts big blind $0.1
*** HOLE CARDS ***
Dealt to 4a360f95 
Dealt to e78a3cfd 
Dealt to 4763cde4 
Dealt to Hero [9h 6s]
Dealt to de8d2473 
de8d2473: folds
4a360f95: folds
e78a3cfd: folds
4763cde4: calls $0.05
Hero: checks
*** FLOP *** [2h 9s 9d]
4763cde4: checks
Hero: checks
*** TURN *** [2h 9s 9d] [7d]
4763cde4: checks
Hero: bets $0.1
4763cde4: folds
Uncalled bet ($0.1) returned to Hero
*** SHOWDOWN ***
Hero collected $0.19 from pot
*** SUMMARY ***
Total pot $0.2 | Rake $0.01 | Jackpot $0 | Bingo $0 | Fortune $0 | Tax $0
Board [2h 9s 9d 7d]
Seat 2: 4a360f95 folded before Flop (didn't bet)
Seat 3: e78a3cfd (button) folded before Flop (didn't bet)
Seat 4: 4763cde4 (small blind) folded on the Turn
Seat 5: Hero (big blind) won ($0.19)
Seat 6: de8d2473 folded before Flop (didn't bet)


Poker Hand #HD1825103743: Hold'em No Limit ($0.05/$0.1) - 2024/06/21 14:29:37
Table 'NLHRed1' 6-max Seat #2 is the button
Seat 2: 4a360f95 ($23.16 in chips)
Seat 3: e78a3cfd ($10 in chips)
Seat 4: 4763cde4 ($3.21 in chips)
Seat 5: Hero ($11.24 in chips)
Seat 6: de8d2473 ($13.21 in chips)
e78a3cfd: posts small blind $0.05
4763cde4: posts big blind $0.1
*** HOLE CARDS ***
Dealt to 4a360f95 
Dealt to e78a3cfd 
Dealt to 4763cde4 
Dealt to Hero [As 7d]
Dealt to de8d2473 
Hero: folds
de8d2473: folds
4a360f95: folds
e78a3cfd: raises $0.2 to $0.3
4763cde4: folds
Uncalled bet ($0.2) returned to e78a3cfd
*** SHOWDOWN ***
e78a3cfd collected $0.2 from pot
*** SUMMARY ***
Total pot $0.2 | Rake $0 | Jackpot $0 | Bingo $0 | Fortune $0 | Tax $0
Seat 2: 4a360f95 (button) folded before Flop (didn't bet)
Seat 3: e78a3cfd (small blind) collected ($0.2)
Seat 4: 4763cde4 (big blind) folded before Flop
Seat 5: Hero folded before Flop (didn't bet)
Seat 6: de8d2473 folded before Flop (didn't bet)


Poker Hand #HD1825103723: Hold'em No Limit ($0.05/$0.1) - 2024/06/21 14:29:27
Table 'NLHRed1' 6-max Seat #6 is the button
Seat 2: 4a360f95 ($23.21 in chips)
Seat 3: e78a3cfd ($10 in chips)
Seat 5: Hero ($11.09 in chips)
Seat 6: de8d2473 ($13.21 in chips)
4a360f95: posts small blind $0.05
e78a3cfd: posts big blind $0.1
*** HOLE CARDS ***
Dealt to 4a360f95 
Dealt to e78a3cfd 
Dealt to Hero [Ac Js]
Dealt to de8d2473 
Hero: raises $0.14 to $0.24
de8d2473: folds
4a360f95: folds
e78a3cfd: folds
Uncalled bet ($0.14) returned to Hero
*** SHOWDOWN ***
Hero collected $0.25 from pot
*** SUMMARY ***
Total pot $0.25 | Rake $0 | Jackpot $0 | Bingo $0 | Fortune $0 | Tax $0
Seat 2: 4a360f95 (small blind) folded before Flop
Seat 3: e78a3cfd (big blind) folded before Flop
Seat 5: Hero collected ($0.25)
Seat 6: de8d2473 (button) folded before Flop (didn't bet)


Poker Hand #HD1825103689: Hold'em No Limit ($0.05/$0.1) - 2024/06/21 14:29:05
Table 'NLHRed1' 6-max Seat #5 is the button
Seat 2: 4a360f95 ($23.16 in chips)
Seat 4: 4763cde4 ($3.21 in chips)
Seat 5: Hero ($11.09 in chips)
Seat 6: de8d2473 ($13.26 in chips)
de8d2473: posts small blind $0.05
4a360f95: posts big blind $0.1
*** HOLE CARDS ***
Dealt to 4a360f95 
Dealt to 4763cde4 
Dealt to Hero [Qd 8c]
Dealt to de8d2473 
4763cde4: folds
Hero: folds
de8d2473: folds
Uncalled bet ($0.05) returned to 4a360f95
*** SHOWDOWN ***
4a360f95 collected $0.1 from pot
*** SUMMARY ***
Total pot $0.1 | Rake $0 | Jackpot $0 | Bingo $0 | Fortune $0 | Tax $0
Seat 2: 4a360f95 (big blind) collected ($0.1)
Seat 4: 4763cde4 folded before Flop (didn't bet)
Seat 5: Hero (button) folded before Flop (didn't bet)
Seat 6: de8d2473 (small blind) folded before Flop


Poker Hand #HD1825103644: Hold'em No Limit ($0.05/$0.1) - 2024/06/21 14:28:38
Table 'NLHRed1' 6-max Seat #4 is the button
Seat 2: 4a360f95 ($23.41 in chips)
Seat 4: 4763cde4 ($2.84 in chips)
Seat 5: Hero ($11.14 in chips)
Seat 6: de8d2473 ($13.36 in chips)
Hero: posts small blind $0.05
de8d2473: posts big blind $0.1
*** HOLE CARDS ***
Dealt to 4a360f95 
Dealt to 4763cde4 
Dealt to Hero [Qc Td]
Dealt to de8d2473 
4a360f95: raises $0.15 to $0.25
4763cde4: calls $0.25
Hero: folds
de8d2473: folds
*** FLOP *** [8d Qd Qh]
4a360f95: checks
4763cde4: bets $0.33
4a360f95: folds
Uncalled bet ($0.33) returned to 4763cde4
*** SHOWDOWN ***
4763cde4 collected $0.62 from pot
*** SUMMARY ***
Total pot $0.65 | Rake $0.03 | Jackpot $0 | Bingo $0 | Fortune $0 | Tax $0
Board [8d Qd Qh]
Seat 2: 4a360f95 folded on the Flop
Seat 4: 4763cde4 (button) won ($0.62)
Seat 5: Hero (small blind) folded before Flop
Seat 6: de8d2473 (big blind) folded before Flop


Poker Hand #HD1825103548: Hold'em No Limit ($0.05/$0.1) - 2024/06/21 14:27:39
Table 'NLHRed1' 6-max Seat #3 is the button
Seat 2: 4a360f95 ($23.66 in chips)
Seat 3: a27f6158 ($10 in chips)
Seat 4: 4763cde4 ($3.34 in chips)
Seat 5: Hero ($11.39 in chips)
Seat 6: de8d2473 ($13.46 in chips)
4763cde4: posts small blind $0.05
Hero: posts big blind $0.1
*** HOLE CARDS ***
Dealt to 4a360f95 
Dealt to a27f6158 
Dealt to 4763cde4 
Dealt to Hero [As Ac]
Dealt to de8d2473 
de8d2473: calls $0.1
4a360f95: raises $0.4 to $0.5
a27f6158: folds
4763cde4: calls $0.45
Hero: raises $1.7 to $2.2
de8d2473: folds
4a360f95: raises $21.46 to $23.66 and is all-in
4763cde4: folds
Hero: calls $9.19 and is all-in
Uncalled bet ($12.27) returned to 4a360f95
4a360f95: shows [Ks Ah]
Hero: shows [As Ac]
*** FIRST FLOP *** [8s Td 2s]
*** FIRST TURN *** [8s Td 2s] [Jh]
*** FIRST RIVER *** [8s Td 2s Jh] [6h]
*** SECOND FLOP *** [Jc 2h Ts]
*** SECOND TURN *** [Jc 2h Ts] [Qc]
*** SECOND RIVER *** [Jc 2h Ts Qc] [Tc]
*** FIRST SHOWDOWN ***
Hero collected $11.14 from pot
*** SECOND SHOWDOWN ***
4a360f95 collected $11.14 from pot
*** SUMMARY ***
Total pot $23.38 | Rake $1 | Jackpot $0.1 | Bingo $0 | Fortune $0 | Tax $0
Hand was run two times
FIRST Board [8s Td 2s Jh 6h]
SECOND Board [Jc 2h Ts Qc Tc]
Seat 2: 4a360f95 showed [Ks Ah] and lost with Ace-High, and won ($11.14) with Aces-High Straight
Seat 3: a27f6158 (button) folded before Flop (didn't bet)
Seat 4: 4763cde4 (small blind) folded before Flop
Seat 5: Hero (big blind) showed [As Ac] and won ($11.14) with Pair of Aces, and lost with Pair of Aces and Pair of Tens
Seat 6: de8d2473 folded before Flop


Poker Hand #HD1825103426: Hold'em No Limit ($0.05/$0.1) - 2024/06/21 14:26:27
Table 'NLHRed1' 6-max Seat #2 is the button
Seat 2: 4a360f95 ($22.74 in chips)
Seat 3: a27f6158 ($10.61 in chips)
Seat 4: 4763cde4 ($3.59 in chips)
Seat 5: Hero ($11.39 in chips)
Seat 6: de8d2473 ($13.46 in chips)
a27f6158: posts small blind $0.05
4763cde4: posts big blind $0.1
*** HOLE CARDS ***
Dealt to 4a360f95 
Dealt to a27f6158 
Dealt to 4763cde4 
Dealt to Hero [8s Qd]
Dealt to de8d2473 
Hero: folds
de8d2473: folds
4a360f95: raises $0.15 to $0.25
a27f6158: calls $0.2
4763cde4: calls $0.15
*** FLOP *** [Td 9s 5c]
a27f6158: checks
4763cde4: checks
4a360f95: bets $0.5
a27f6158: calls $0.5
4763cde4: folds
*** TURN *** [Td 9s 5c] [Ad]
a27f6158: checks
4a360f95: bets $1.5
a27f6158: folds
Uncalled bet ($1.5) returned to 4a360f95
*** SHOWDOWN ***
4a360f95 collected $1.67 from pot
*** SUMMARY ***
Total pot $1.75 | Rake $0.08 | Jackpot $0 | Bingo $0 | Fortune $0 | Tax $0
Board [Td 9s 5c Ad]
Seat 2: 4a360f95 (button) won ($1.67)
Seat 3: a27f6158 (small blind) folded on the Turn
Seat 4: 4763cde4 (big blind) folded on the Flop
Seat 5: Hero folded before Flop (didn't bet)
Seat 6: de8d2473 folded before Flop (didn't bet)


Poker Hand #HD1825103405: Hold'em No Limit ($0.05/$0.1) - 2024/06/21 14:26:12
Table 'NLHRed1' 6-max Seat #6 is the button
Seat 2: 4a360f95 ($22.79 in chips)
Seat 3: a27f6158 ($10.56 in chips)
Seat 4: 4763cde4 ($3.59 in chips)
Seat 5: Hero ($11.39 in chips)
Seat 6: de8d2473 ($13.46 in chips)
4a360f95: posts small blind $0.05
a27f6158: posts big blind $0.1
*** HOLE CARDS ***
Dealt to 4a360f95 
Dealt to a27f6158 
Dealt to 4763cde4 
Dealt to Hero [7c Jh]
Dealt to de8d2473 
4763cde4: folds
Hero: folds
de8d2473: folds
4a360f95: folds
Uncalled bet ($0.05) returned to a27f6158
*** SHOWDOWN ***
a27f6158 collected $0.1 from pot
*** SUMMARY ***
Total pot $0.1 | Rake $0 | Jackpot $0 | Bingo $0 | Fortune $0 | Tax $0
Seat 2: 4a360f95 (small blind) folded before Flop
Seat 3: a27f6158 (big blind) collected ($0.1)
Seat 4: 4763cde4 folded before Flop (didn't bet)
Seat 5: Hero folded before Flop (didn't bet)
Seat 6: de8d2473 (button) folded before Flop (didn't bet)


Poker Hand #HD1825103312: Hold'em No Limit ($0.05/$0.1) - 2024/06/21 14:25:17
Table 'NLHRed1' 6-max Seat #5 is the button
Seat 2: 4a360f95 ($22.74 in chips)
Seat 3: a27f6158 ($10.56 in chips)
Seat 4: 4763cde4 ($3.59 in chips)
Seat 5: Hero ($11.39 in chips)
Seat 6: de8d2473 ($13.51 in chips)
de8d2473: posts small blind $0.05
4a360f95: posts big blind $0.1
4763cde4: posts missed blind $0.05
4763cde4: posts big blind $0.1
*** HOLE CARDS ***
Dealt to 4a360f95 
Dealt to a27f6158 
Dealt to 4763cde4 
Dealt to Hero [Qd 7d]
Dealt to de8d2473 
a27f6158: folds
4763cde4: checks
Hero: folds
de8d2473: folds
4a360f95: checks
*** FLOP *** [Ks Js 9d]
4a360f95: checks
4763cde4: checks
*** TURN *** [Ks Js 9d] [Ad]
4a360f95: checks
4763cde4: checks
*** RIVER *** [Ks Js 9d Ad] [8s]
4a360f95: checks
4763cde4: checks
4a360f95: shows [6s 8d] (Pair of Eights)
4763cde4: shows [8c 7h] (Pair of Eights)
*** SHOWDOWN ***
4a360f95 collected $0.15 from pot
4763cde4 collected $0.15 from pot
*** SUMMARY ***
Total pot $0.3 | Rake $0 | Jackpot $0 | Bingo $0 | Fortune $0 | Tax $0
Board [Ks Js 9d Ad 8s]
Seat 2: 4a360f95 (big blind) showed [6s 8d] and won ($0.15) with Pair of Eights
Seat 3: a27f6158 folded before Flop (didn't bet)
Seat 4: 4763cde4 showed [8c 7h] and won ($0.15) with Pair of Eights
Seat 5: Hero (button) folded before Flop (didn't bet)
Seat 6: de8d2473 (small blind) folded before Flop


Poker Hand #HD1825103295: Hold'em No Limit ($0.05/$0.1) - 2024/06/21 14:25:08
Table 'NLHRed1' 6-max Seat #3 is the button
Seat 2: 4a360f95 ($22.74 in chips)
Seat 3: a27f6158 ($10.56 in chips)
Seat 5: Hero ($11.44 in chips)
Seat 6: de8d2473 ($13.46 in chips)
Hero: posts small blind $0.05
de8d2473: posts big blind $0.1
*** HOLE CARDS ***
Dealt to 4a360f95 
Dealt to a27f6158 
Dealt to Hero [3s Kh]
Dealt to de8d2473 
4a360f95: folds
a27f6158: folds
Hero: folds
Uncalled bet ($0.05) returned to de8d2473
*** SHOWDOWN ***
de8d2473 collected $0.1 from pot
*** SUMMARY ***
Total pot $0.1 | Rake $0 | Jackpot $0 | Bingo $0 | Fortune $0 | Tax $0
Seat 2: 4a360f95 folded before Flop (didn't bet)
Seat 3: a27f6158 (button) folded before Flop (didn't bet)
Seat 5: Hero (small blind) folded before Flop
Seat 6: de8d2473 (big blind) collected ($0.1)


Poker Hand #HD1825103213: Hold'em No Limit ($0.05/$0.1) - 2024/06/21 14:24:17
Table 'NLHRed1' 6-max Seat #2 is the button
Seat 1: a099bc75 ($3.99 in chips)
Seat 2: 4a360f95 ($22.74 in chips)
Seat 3: a27f6158 ($10.61 in chips)
Seat 5: Hero ($11.54 in chips)
Seat 6: de8d2473 ($9.82 in chips)
a27f6158: posts small blind $0.05
Hero: posts big blind $0.1
*** HOLE CARDS ***
Dealt to a099bc75 
Dealt to 4a360f95 
Dealt to a27f6158 
Dealt to Hero [Kc 7s]
Dealt to de8d2473 
de8d2473: calls $0.1
a099bc75: raises $0.35 to $0.45
4a360f95: folds
a27f6158: folds
Hero: folds
de8d2473: calls $0.35
*** FLOP *** [6s Ah 4s]
de8d2473: checks
a099bc75: bets $0.35
de8d2473: calls $0.35
*** TURN *** [6s Ah 4s] [9c]
de8d2473: checks
a099bc75: bets $3.19 and is all-in
de8d2473: calls $3.19
a099bc75: shows [Qs Td] (Ace-High)
de8d2473: shows [4d 4c] (Three Fours)
*** RIVER *** [6s Ah 4s 9c] [7h]
*** SHOWDOWN ***
de8d2473 collected $7.63 from pot
*** SUMMARY ***
Total pot $8.13 | Rake $0.4 | Jackpot $0.1 | Bingo $0 | Fortune $0 | Tax $0
Board [6s Ah 4s 9c 7h]
Seat 1: a099bc75 showed [Qs Td] and lost with Ace-High
Seat 2: 4a360f95 (button) folded before Flop (didn't bet)
Seat 3: a27f6158 (small blind) folded before Flop
Seat 5: Hero (big blind) folded before Flop
Seat 6: de8d2473 showed [4d 4c] and won ($7.63) with Three Fours


Poker Hand #HD1825103178: Hold'em No Limit ($0.05/$0.1) - 2024/06/21 14:24:00
Table 'NLHRed1' 6-max Seat #1 is the button
Seat 1: a099bc75 ($3.84 in chips)
Seat 2: 4a360f95 ($22.79 in chips)
Seat 3: a27f6158 ($10.71 in chips)
Seat 5: Hero ($11.54 in chips)
Seat 6: de8d2473 ($9.82 in chips)
4a360f95: posts small blind $0.05
a27f6158: posts big blind $0.1
*** HOLE CARDS ***
Dealt to a099bc75 
Dealt to 4a360f95 
Dealt to a27f6158 
Dealt to Hero [Ks 5d]
Dealt to de8d2473 
Hero: folds
de8d2473: folds
a099bc75: raises $0.3 to $0.4
4a360f95: folds
a27f6158: folds
Uncalled bet ($0.3) returned to a099bc75
*** SHOWDOWN ***
a099bc75 collected $0.25 from pot
*** SUMMARY ***
Total pot $0.25 | Rake $0 | Jackpot $0 | Bingo $0 | Fortune $0 | Tax $0
Seat 1: a099bc75 (button) collected ($0.25)
Seat 2: 4a360f95 (small blind) folded before Flop
Seat 3: a27f6158 (big blind) folded before Flop
Seat 5: Hero folded before Flop (didn't bet)
Seat 6: de8d2473 folded before Flop (didn't bet)


Poker Hand #HD1825103146: Hold'em No Limit ($0.05/$0.1) - 2024/06/21 14:23:37
Table 'NLHRed1' 6-max Seat #6 is the button
Seat 1: a099bc75 ($3.74 in chips)
Seat 2: 4a360f95 ($22.89 in chips)
Seat 3: a27f6158 ($10.71 in chips)
Seat 4: 4763cde4 ($3.59 in chips)
Seat 5: Hero ($11.54 in chips)
Seat 6: de8d2473 ($9.82 in chips)
a099bc75: posts small blind $0.05
4a360f95: posts big blind $0.1
*** HOLE CARDS ***
Dealt to a099bc75 
Dealt to 4a360f95 
Dealt to a27f6158 
Dealt to 4763cde4 
Dealt to Hero [7d 4h]
Dealt to de8d2473 
a27f6158: folds
4763cde4: folds
Hero: folds
de8d2473: folds
a099bc75: raises $0.2 to $0.3
4a360f95: folds
Uncalled bet ($0.2) returned to a099bc75
*** SHOWDOWN ***
a099bc75 collected $0.2 from pot
*** SUMMARY ***
Total pot $0.2 | Rake $0 | Jackpot $0 | Bingo $0 | Fortune $0 | Tax $0
Seat 1: a099bc75 (small blind) collected ($0.2)
Seat 2: 4a360f95 (big blind) folded before Flop
Seat 3: a27f6158 folded before Flop (didn't bet)
Seat 4: 4763cde4 folded before Flop (didn't bet)
Seat 5: Hero folded before Flop (didn't bet)
Seat 6: de8d2473 (button) folded before Flop (didn't bet)


Poker Hand #HD1825103103: Hold'em No Limit ($0.05/$0.1) - 2024/06/21 14:23:13
Table 'NLHRed1' 6-max Seat #5 is the button
Seat 1: a099bc75 ($3.84 in chips)
Seat 2: 4a360f95 ($22.89 in chips)
Seat 3: a27f6158 ($10.56 in chips)
Seat 4: 4763cde4 ($3.59 in chips)
Seat 5: Hero ($11.54 in chips)
Seat 6: de8d2473 ($9.87 in chips)
de8d2473: posts small blind $0.05
a099bc75: posts big blind $0.1
*** HOLE CARDS ***
Dealt to a099bc75 
Dealt to 4a360f95 
Dealt to a27f6158 
Dealt to 4763cde4 
Dealt to Hero [4c Jc]
Dealt to de8d2473 
4a360f95: folds
a27f6158: raises $0.13 to $0.23
4763cde4: folds
Hero: folds
de8d2473: folds
a099bc75: folds
Uncalled bet ($0.13) returned to a27f6158
*** SHOWDOWN ***
a27f6158 collected $0.25 from pot
*** SUMMARY ***
Total pot $0.25 | Rake $0 | Jackpot $0 | Bingo $0 | Fortune $0 | Tax $0
Seat 1: a099bc75 (big blind) folded before Flop
Seat 2: 4a360f95 folded before Flop (didn't bet)
Seat 3: a27f6158 collected ($0.25)
Seat 4: 4763cde4 folded before Flop (didn't bet)
Seat 5: Hero (button) folded before Flop (didn't bet)
Seat 6: de8d2473 (small blind) folded before Flop


Poker Hand #HD1825103042: Hold'em No Limit ($0.05/$0.1) - 2024/06/21 14:22:37
Table 'NLHRed1' 6-max Seat #4 is the button
Seat 1: a099bc75 ($4.14 in chips)
Seat 2: 4a360f95 ($22.89 in chips)
Seat 3: a27f6158 ($10.56 in chips)
Seat 4: 4763cde4 ($3.17 in chips)
Seat 5: Hero ($11.59 in chips)
Seat 6: de8d2473 ($9.97 in chips)
Hero: posts small blind $0.05
de8d2473: posts big blind $0.1
*** HOLE CARDS ***
Dealt to a099bc75 
Dealt to 4a360f95 
Dealt to a27f6158 
Dealt to 4763cde4 
Dealt to Hero [6s 9s]
Dealt to de8d2473 
a099bc75: calls $0.1
4a360f95: folds
a27f6158: folds
4763cde4: raises $0.2 to $0.3
Hero: folds
de8d2473: folds
a099bc75: calls $0.2
*** FLOP *** [4h Ks 5s]
a099bc75: checks
4763cde4: bets $0.38
a099bc75: folds
Uncalled bet ($0.38) returned to 4763cde4
*** SHOWDOWN ***
4763cde4 collected $0.72 from pot
*** SUMMARY ***
Total pot $0.75 | Rake $0.03 | Jackpot $0 | Bingo $0 | Fortune $0 | Tax $0
Board [4h Ks 5s]
Seat 1: a099bc75 folded on the Flop
Seat 2: 4a360f95 folded before Flop (didn't bet)
Seat 3: a27f6158 folded before Flop (didn't bet)
Seat 4: 4763cde4 (button) won ($0.72)
Seat 5: Hero (small blind) folded before Flop
Seat 6: de8d2473 (big blind) folded before Flop


Poker Hand #HD1825102972: Hold'em No Limit ($0.05/$0.1) - 2024/06/21 14:21:50
Table 'NLHRed1' 6-max Seat #3 is the button
Seat 1: a099bc75 ($5.64 in chips)
Seat 2: 4a360f95 ($22.89 in chips)
Seat 3: a27f6158 ($10.86 in chips)
Seat 4: 4763cde4 ($3.22 in chips)
Seat 5: Hero ($10 in chips)
Seat 6: de8d2473 ($9.97 in chips)
4763cde4: posts small blind $0.05
Hero: posts big blind $0.1
*** HOLE CARDS ***
Dealt to a099bc75 
Dealt to 4a360f95 
Dealt to a27f6158 
Dealt to 4763cde4 
Dealt to Hero [Qd Jd]
Dealt to de8d2473 
de8d2473: folds
a099bc75: raises $0.2 to $0.3
4a360f95: folds
a27f6158: calls $0.3
4763cde4: folds
Hero: raises $1.2 to $1.5
a099bc75: calls $1.2
a27f6158: folds
*** FLOP *** [5c Ts Jh]
Hero: bets $1.1
a099bc75: folds
Uncalled bet ($1.1) returned to Hero
a099bc75: shows [7d Ad] (Ace-High)
*** SHOWDOWN ***
Hero collected $3.09 from pot
*** SUMMARY ***
Total pot $3.35 | Rake $0.16 | Jackpot $0.1 | Bingo $0 | Fortune $0 | Tax $0
Board [5c Ts Jh]
Seat 1: a099bc75 folded on the Flop
Seat 2: 4a360f95 folded before Flop (didn't bet)
Seat 3: a27f6158 (button) folded before Flop
Seat 4: 4763cde4 (small blind) folded before Flop
Seat 5: Hero (big blind) won ($3.09)
Seat 6: de8d2473 folded before Flop (didn't bet)


Poker Hand #HD1825102945: Hold'em No Limit ($0.05/$0.1) - 2024/06/21 14:21:33
Table 'NLHRed1' 6-max Seat #2 is the button
Seat 1: a099bc75 ($5.64 in chips)
Seat 2: 4a360f95 ($22.89 in chips)
Seat 3: a27f6158 ($10.91 in chips)
Seat 4: 4763cde4 ($3.17 in chips)
Seat 5: Hero ($10 in chips)
Seat 6: de8d2473 ($9.97 in chips)
a27f6158: posts small blind $0.05
4763cde4: posts big blind $0.1
*** HOLE CARDS ***
Dealt to a099bc75 
Dealt to 4a360f95 
Dealt to a27f6158 
Dealt to 4763cde4 
Dealt to Hero [9h 5c]
Dealt to de8d2473 
Hero: folds
de8d2473: folds
a099bc75: folds
4a360f95: folds
a27f6158: folds
Uncalled bet ($0.05) returned to 4763cde4
*** SHOWDOWN ***
4763cde4 collected $0.1 from pot
*** SUMMARY ***
Total pot $0.1 | Rake $0 | Jackpot $0 | Bingo $0 | Fortune $0 | Tax $0
Seat 1: a099bc75 folded before Flop (didn't bet)
Seat 2: 4a360f95 (button) folded before Flop (didn't bet)
Seat 3: a27f6158 (small blind) folded before Flop
Seat 4: 4763cde4 (big blind) collected ($0.1)
Seat 5: Hero folded before Flop (didn't bet)
Seat 6: de8d2473 folded before Flop (didn't bet)


Poker Hand #HD1825102913: Hold'em No Limit ($0.05/$0.1) - 2024/06/21 14:21:17
Table 'NLHRed1' 6-max Seat #1 is the button
Seat 1: a099bc75 ($5.49 in chips)
Seat 2: 4a360f95 ($22.94 in chips)
Seat 3: a27f6158 ($11.01 in chips)
Seat 4: 4763cde4 ($3.17 in chips)
Seat 5: Hero ($10 in chips)
Seat 6: de8d2473 ($9.97 in chips)
4a360f95: posts small blind $0.05
a27f6158: posts big blind $0.1
*** HOLE CARDS ***
Dealt to a099bc75 
Dealt to 4a360f95 
Dealt to a27f6158 
Dealt to 4763cde4 
Dealt to Hero [Td Ks]
Dealt to de8d2473 
4763cde4: folds
Hero: folds
de8d2473: folds
a099bc75: raises $0.1 to $0.2
4a360f95: folds
a27f6158: folds
Uncalled bet ($0.1) returned to a099bc75
*** SHOWDOWN ***
a099bc75 collected $0.25 from pot
*** SUMMARY ***
Total pot $0.25 | Rake $0 | Jackpot $0 | Bingo $0 | Fortune $0 | Tax $0
Seat 1: a099bc75 (button) collected ($0.25)
Seat 2: 4a360f95 (small blind) folded before Flop
Seat 3: a27f6158 (big blind) folded before Flop
Seat 4: 4763cde4 folded before Flop (didn't bet)
Seat 5: Hero folded before Flop (didn't bet)
Seat 6: de8d2473 folded before Flop (didn't bet)


Poker Hand #HD1825102868: Hold'em No Limit ($0.05/$0.1) - 2024/06/21 14:20:45
Table 'NLHRed1' 6-max Seat #6 is the button
Seat 1: a099bc75 ($5.54 in chips)
Seat 2: 4a360f95 ($23.04 in chips)
Seat 3: a27f6158 ($11.01 in chips)
Seat 4: 4763cde4 ($3.03 in chips)
Seat 5: Hero ($10 in chips)
Seat 6: de8d2473 ($9.97 in chips)
a099bc75: posts small blind $0.05
4a360f95: posts big blind $0.1
*** HOLE CARDS ***
Dealt to a099bc75 
Dealt to 4a360f95 
Dealt to a27f6158 
Dealt to 4763cde4 
Dealt to Hero [7h Ac]
Dealt to de8d2473 
a27f6158: folds
4763cde4: calls $0.1
Hero: folds
de8d2473: folds
a099bc75: folds
4a360f95: checks
*** FLOP *** [3s 5s 2h]
4a360f95: checks
4763cde4: bets $0.19
4a360f95: folds
Uncalled bet ($0.19) returned to 4763cde4
*** SHOWDOWN ***
4763cde4 collected $0.24 from pot
*** SUMMARY ***
Total pot $0.25 | Rake $0.01 | Jackpot $0 | Bingo $0 | Fortune $0 | Tax $0
Board [3s 5s 2h]
Seat 1: a099bc75 (small blind) folded before Flop
Seat 2: 4a360f95 (big blind) folded on the Flop
Seat 3: a27f6158 folded before Flop (didn't bet)
Seat 4: 4763cde4 won ($0.24)
Seat 5: Hero folded before Flop (didn't bet)
Seat 6: de8d2473 (button) folded before Flop (didn't bet)


Poker Hand #HD1825102842: Hold'em No Limit ($0.05/$0.1) - 2024/06/21 14:20:29
Table 'NLHRed1' 6-max Seat #5 is the button
Seat 1: a099bc75 ($5.64 in chips)
Seat 2: 4a360f95 ($23.04 in chips)
Seat 3: a27f6158 ($11.01 in chips)
Seat 4: 4763cde4 ($2.88 in chips)
Seat 5: Hero ($10 in chips)
Seat 6: de8d2473 ($10.02 in chips)
de8d2473: posts small blind $0.05
a099bc75: posts big blind $0.1
*** HOLE CARDS ***
Dealt to a099bc75 
Dealt to 4a360f95 
Dealt to a27f6158 
Dealt to 4763cde4 
Dealt to Hero [9s Js]
Dealt to de8d2473 
4a360f95: folds
a27f6158: folds
4763cde4: raises $0.3 to $0.4
Hero: folds
de8d2473: folds
a099bc75: folds
Uncalled bet ($0.3) returned to 4763cde4
*** SHOWDOWN ***
4763cde4 collected $0.25 from pot
*** SUMMARY ***
Total pot $0.25 | Rake $0 | Jackpot $0 | Bingo $0 | Fortune $0 | Tax $0
Seat 1: a099bc75 (big blind) folded before Flop
Seat 2: 4a360f95 folded before Flop (didn't bet)
Seat 3: a27f6158 folded before Flop (didn't bet)
Seat 4: 4763cde4 collected ($0.25)
Seat 5: Hero (button) folded before Flop (didn't bet)
Seat 6: de8d2473 (small blind) folded before Flop


Poker Hand #HD1825102799: Hold'em No Limit ($0.05/$0.1) - 2024/06/21 14:20:01
Table 'NLHRed1' 6-max Seat #4 is the button
Seat 1: a099bc75 ($5.64 in chips)
Seat 2: 4a360f95 ($23.04 in chips)
Seat 3: a27f6158 ($11.01 in chips)
Seat 4: 4763cde4 ($2.87 in chips)
Seat 5: Hero ($10 in chips)
Seat 6: de8d2473 ($10 in chips)
Hero: posts small blind $0.05
de8d2473: posts big blind $0.1
*** HOLE CARDS ***
Dealt to a099bc75 
Dealt to 4a360f95 
Dealt to a27f6158 
Dealt to 4763cde4 
Dealt to Hero [8d 9h]
Dealt to de8d2473 
a099bc75: folds
4a360f95: folds
a27f6158: folds
4763cde4: calls $0.1
Hero: folds
de8d2473: checks
*** FLOP *** [9d Th Ac]
de8d2473: checks
4763cde4: checks
*** TURN *** [9d Th Ac] [3c]
de8d2473: checks
4763cde4: checks
*** RIVER *** [9d Th Ac 3c] [6d]
de8d2473: bets $0.19
4763cde4: calls $0.19
de8d2473: shows [6s Jh] (Pair of Sixes)
4763cde4: shows [Js 6c] (Pair of Sixes)
a099bc75: shows [4h 9c] (Pair of Nines)
*** SHOWDOWN ***
de8d2473 collected $0.31 from pot
4763cde4 collected $0.3 from pot
*** SUMMARY ***
Total pot $0.63 | Rake $0.02 | Jackpot $0 | Bingo $0 | Fortune $0 | Tax $0
Board [9d Th Ac 3c 6d]
Seat 1: a099bc75 folded before Flop (didn't bet)
Seat 2: 4a360f95 folded before Flop (didn't bet)
Seat 3: a27f6158 folded before Flop (didn't bet)
Seat 4: 4763cde4 (button) showed [Js 6c] and won ($0.3) with Pair of Sixes
Seat 5: Hero (small blind) folded before Flop
Seat 6: de8d2473 (big blind) showed [6s Jh] and won ($0.31) with Pair of Sixes


Poker Hand #HD1825102735: Hold'em No Limit ($0.05/$0.1) - 2024/06/21 14:19:24
Table 'NLHRed1' 6-max Seat #3 is the button
Seat 1: a099bc75 ($5.94 in chips)
Seat 2: 4a360f95 ($23.04 in chips)
Seat 3: a27f6158 ($11.01 in chips)
Seat 4: 4763cde4 ($2.5 in chips)
Seat 5: Hero ($10 in chips)
4763cde4: posts small blind $0.05
Hero: posts big blind $0.1
*** HOLE CARDS ***
Dealt to a099bc75 
Dealt to 4a360f95 
Dealt to a27f6158 
Dealt to 4763cde4 
Dealt to Hero [5s Ah]
a099bc75: calls $0.1
4a360f95: folds
a27f6158: folds
4763cde4: raises $0.2 to $0.3
Hero: folds
a099bc75: calls $0.2
*** FLOP *** [9s 7c Jd]
4763cde4: bets $0.35
a099bc75: folds
Uncalled bet ($0.35) returned to 4763cde4
a099bc75: shows [2h 3h] (Jack-High)
*** SHOWDOWN ***
4763cde4 collected $0.67 from pot
*** SUMMARY ***
Total pot $0.7 | Rake $0.03 | Jackpot $0 | Bingo $0 | Fortune $0 | Tax $0
Board [9s 7c Jd]
Seat 1: a099bc75 folded on the Flop
Seat 2: 4a360f95 folded before Flop (didn't bet)
Seat 3: a27f6158 (button) folded before Flop (didn't bet)
Seat 4: 4763cde4 (small blind) won ($0.67)
Seat 5: Hero (big blind) folded before Flop


Poker Hand #HD1825102692: Hold'em No Limit ($0.05/$0.1) - 2024/06/21 14:19:00
Table 'NLHRed1' 6-max Seat #2 is the button
Seat 1: a099bc75 ($5.94 in chips)
Seat 2: 4a360f95 ($23.04 in chips)
Seat 3: a27f6158 ($10.73 in chips)
Seat 4: 4763cde4 ($2.6 in chips)
Seat 5: Hero ($10 in chips)
Seat 6: c4df9f19 ($19.01 in chips)
a27f6158: posts small blind $0.05
4763cde4: posts big blind $0.1
*** HOLE CARDS ***
Dealt to a099bc75 
Dealt to 4a360f95 
Dealt to a27f6158 
Dealt to 4763cde4 
Dealt to Hero [Ad 5d]
Dealt to c4df9f19 
Hero: raises $0.1 to $0.2
c4df9f19: folds
a099bc75: folds
4a360f95: folds
a27f6158: raises $0.7 to $0.9
4763cde4: folds
Hero: folds
Uncalled bet ($0.7) returned to a27f6158
*** SHOWDOWN ***
a27f6158 collected $0.48 from pot
*** SUMMARY ***
Total pot $0.5 | Rake $0.02 | Jackpot $0 | Bingo $0 | Fortune $0 | Tax $0
Seat 1: a099bc75 folded before Flop (didn't bet)
Seat 2: 4a360f95 (button) folded before Flop (didn't bet)
Seat 3: a27f6158 (small blind) collected ($0.48)
Seat 4: 4763cde4 (big blind) folded before Flop
Seat 5: Hero folded before Flop
Seat 6: c4df9f19 folded before Flop (didn't bet)


Poker Hand #HD1825102674: Hold'em No Limit ($0.05/$0.1) - 2024/06/21 14:18:46
Table 'NLHRed1' 6-max Seat #1 is the button
Seat 1: a099bc75 ($5.94 in chips)
Seat 2: 4a360f95 ($22.94 in chips)
Seat 3: a27f6158 ($10.83 in chips)
Seat 5: Hero ($10 in chips)
Seat 6: c4df9f19 ($19.01 in chips)
4a360f95: posts small blind $0.05
a27f6158: posts big blind $0.1
*** HOLE CARDS ***
Dealt to a099bc75 
Dealt to 4a360f95 
Dealt to a27f6158 
Dealt to Hero [5c Qd]
Dealt to c4df9f19 
Hero: folds
c4df9f19: folds
a099bc75: folds
4a360f95: raises $0.2 to $0.3
a27f6158: folds
Uncalled bet ($0.2) returned to 4a360f95
*** SHOWDOWN ***
4a360f95 collected $0.2 from pot
*** SUMMARY ***
Total pot $0.2 | Rake $0 | Jackpot $0 | Bingo $0 | Fortune $0 | Tax $0
Seat 1: a099bc75 (button) folded before Flop (didn't bet)
Seat 2: 4a360f95 (small blind) collected ($0.2)
Seat 3: a27f6158 (big blind) folded before Flop
Seat 5: Hero folded before Flop (didn't bet)
Seat 6: c4df9f19 folded before Flop (didn't bet)


Poker Hand #HD1825102657: Hold'em No Limit ($0.05/$0.1) - 2024/06/21 14:18:37
Table 'NLHRed1' 6-max Seat #6 is the button
Seat 1: a099bc75 ($5.99 in chips)
Seat 2: 4a360f95 ($22.89 in chips)
Seat 3: a27f6158 ($10.83 in chips)
Seat 5: Hero ($10 in chips)
Seat 6: c4df9f19 ($19.01 in chips)
a099bc75: posts small blind $0.05
4a360f95: posts big blind $0.1
*** HOLE CARDS ***
Dealt to a099bc75 
Dealt to 4a360f95 
Dealt to a27f6158 
Dealt to Hero [Th 9c]
Dealt to c4df9f19 
a27f6158: folds
Hero: folds
c4df9f19: folds
a099bc75: folds
Uncalled bet ($0.05) returned to 4a360f95
*** SHOWDOWN ***
4a360f95 collected $0.1 from pot
*** SUMMARY ***
Total pot $0.1 | Rake $0 | Jackpot $0 | Bingo $0 | Fortune $0 | Tax $0
Seat 1: a099bc75 (small blind) folded before Flop
Seat 2: 4a360f95 (big blind) collected ($0.1)
Seat 3: a27f6158 folded before Flop (didn't bet)
Seat 5: Hero folded before Flop (didn't bet)
Seat 6: c4df9f19 (button) folded before Flop (didn't bet)


Poker Hand #HD1825102644: Hold'em No Limit ($0.05/$0.1) - 2024/06/21 14:18:29
Table 'NLHRed1' 6-max Seat #5 is the button
Seat 1: a099bc75 ($5.94 in chips)
Seat 2: 4a360f95 ($22.89 in chips)
Seat 3: a27f6158 ($10.83 in chips)
Seat 5: Hero ($10 in chips)
Seat 6: c4df9f19 ($19.06 in chips)
c4df9f19: posts small blind $0.05
a099bc75: posts big blind $0.1
*** HOLE CARDS ***
Dealt to a099bc75 
Dealt to 4a360f95 
Dealt to a27f6158 
Dealt to Hero [Qc 3h]
Dealt to c4df9f19 
4a360f95: folds
a27f6158: folds
Hero: folds
c4df9f19: folds
Uncalled bet ($0.05) returned to a099bc75
*** SHOWDOWN ***
a099bc75 collected $0.1 from pot
*** SUMMARY ***
Total pot $0.1 | Rake $0 | Jackpot $0 | Bingo $0 | Fortune $0 | Tax $0
Seat 1: a099bc75 (big blind) collected ($0.1)
Seat 2: 4a360f95 folded before Flop (didn't bet)
Seat 3: a27f6158 folded before Flop (didn't bet)
Seat 5: Hero (button) folded before Flop (didn't bet)
Seat 6: c4df9f19 (small blind) folded before Flop


Poker Hand #HD1825102551: Hold'em No Limit ($0.05/$0.1) - 2024/06/21 14:17:39
Table 'NLHRed1' 6-max Seat #4 is the button
Seat 1: a099bc75 ($5.94 in chips)
Seat 2: 4a360f95 ($22.89 in chips)
Seat 3: a27f6158 ($11.06 in chips)
Seat 4: 779e5b0 ($9.59 in chips)
Seat 5: Hero ($10 in chips)
Seat 6: c4df9f19 ($13.19 in chips)
Hero: posts small blind $0.05
c4df9f19: posts big blind $0.1
*** HOLE CARDS ***
Dealt to a099bc75 
Dealt to 4a360f95 
Dealt to a27f6158 
Dealt to 779e5b0 
Dealt to Hero [7s 7d]
Dealt to c4df9f19 
a099bc75: folds
4a360f95: folds
a27f6158: raises $0.13 to $0.23
779e5b0: raises $0.57 to $0.8
Hero: folds
c4df9f19: raises $1.41 to $2.21
a27f6158: folds
779e5b0: raises $7.38 to $9.59 and is all-in
c4df9f19: calls $7.38
779e5b0: shows [Kh Kc]
c4df9f19: shows [Ah Ad]
*** FLOP *** [9s Jc 7c]
c4df9f19: Chooses to EV Cashout 
*** TURN *** [9s Jc 7c] [Qc]
*** RIVER *** [9s Jc 7c Qc] [4d]
c4df9f19: Pays Cashout Risk ($2.94)
*** SHOWDOWN ***
c4df9f19 collected $18.4 from pot
*** SUMMARY ***
Total pot $19.46 | Rake $0.96 | Jackpot $0.1 | Bingo $0 | Fortune $0 | Tax $0
Board [9s Jc 7c Qc 4d]
Seat 1: a099bc75 folded before Flop (didn't bet)
Seat 2: 4a360f95 folded before Flop (didn't bet)
Seat 3: a27f6158 folded before Flop
Seat 4: 779e5b0 (button) showed [Kh Kc] and lost with Pair of Kings
Seat 5: Hero (small blind) folded before Flop
Seat 6: c4df9f19 (big blind) showed [Ah Ad] and won ($18.4) with Pair of Aces, Cashout Risk ($2.94)


Poker Hand #HD1825102498: Hold'em No Limit ($0.05/$0.1) - 2024/06/21 14:17:06
Table 'NLHRed1' 6-max Seat #3 is the button
Seat 1: a099bc75 ($5.71 in chips)
Seat 2: 4a360f95 ($22.89 in chips)
Seat 3: a27f6158 ($11.06 in chips)
Seat 4: 779e5b0 ($9.64 in chips)
Seat 5: Hero ($10 in chips)
Seat 6: c4df9f19 ($13.19 in chips)
779e5b0: posts small blind $0.05
Hero: posts big blind $0.1
*** HOLE CARDS ***
Dealt to a099bc75 
Dealt to 4a360f95 
Dealt to a27f6158 
Dealt to 779e5b0 
Dealt to Hero [Qs Kh]
Dealt to c4df9f19 
c4df9f19: folds
a099bc75: raises $0.1 to $0.2
4a360f95: folds
a27f6158: folds
779e5b0: folds
Hero: calls $0.1
*** FLOP *** [5s 3h 8d]
Hero: checks
a099bc75: bets $0.45
Hero: folds
Uncalled bet ($0.45) returned to a099bc75
*** SHOWDOWN ***
a099bc75 collected $0.43 from pot
*** SUMMARY ***
Total pot $0.45 | Rake $0.02 | Jackpot $0 | Bingo $0 | Fortune $0 | Tax $0
Board [5s 3h 8d]
Seat 1: a099bc75 won ($0.43)
Seat 2: 4a360f95 folded before Flop (didn't bet)
Seat 3: a27f6158 (button) folded before Flop (didn't bet)
Seat 4: 779e5b0 (small blind) folded before Flop
Seat 5: Hero (big blind) folded on the Flop
Seat 6: c4df9f19 folded before Flop (didn't bet)


