Poker Hand #HD1741533350: Hold'em No Limit ($0.02/$0.05) - 2024/04/22 14:53:21
Table 'NLHBlue32' 6-max Seat #1 is the button
Seat 1: eb7ba770 ($5.03 in chips)
Seat 2: eba237dd ($5 in chips)
Seat 3: b03a482a ($5.25 in chips)
Seat 4: 805fba7 ($6.08 in chips)
Seat 5: f034a99 ($5.41 in chips)
Seat 6: Hero ($10.34 in chips)
eba237dd: posts small blind $0.02
b03a482a: posts big blind $0.05
*** HOLE CARDS ***
Dealt to eb7ba770 
Dealt to eba237dd 
Dealt to b03a482a 
Dealt to 805fba7 
Dealt to f034a99 
Dealt to Hero [9c As]
805fba7: folds
f034a99: raises $0.08 to $0.13
Hero: folds
eb7ba770: folds
eba237dd: folds
b03a482a: folds
Uncalled bet ($0.08) returned to f034a99
*** SHOWDOWN ***
f034a99 collected $0.12 from pot
*** SUMMARY ***
Total pot $0.12 | Rake $0 | Jackpot $0 | Bingo $0 | Fortune $0 | Tax $0
Seat 1: eb7ba770 (button) folded before Flop (didn't bet)
Seat 2: eba237dd (small blind) folded before Flop
Seat 3: b03a482a (big blind) folded before Flop
Seat 4: 805fba7 folded before Flop (didn't bet)
Seat 5: f034a99 collected ($0.12)
Seat 6: Hero folded before Flop (didn't bet)


Poker Hand #HD1741533179: Hold'em No Limit ($0.02/$0.05) - 2024/04/22 14:51:48
Table 'NLHBlue32' 6-max Seat #6 is the button
Seat 1: eb7ba770 ($5.05 in chips)
Seat 2: eba237dd ($5 in chips)
Seat 3: b03a482a ($4.74 in chips)
Seat 4: 805fba7 ($6.08 in chips)
Seat 5: f034a99 ($5.41 in chips)
Seat 6: Hero ($10.34 in chips)
eb7ba770: posts small blind $0.02
eba237dd: posts big blind $0.05
*** HOLE CARDS ***
Dealt to eb7ba770 
Dealt to eba237dd 
Dealt to b03a482a 
Dealt to 805fba7 
Dealt to f034a99 
Dealt to Hero [3d 2h]
b03a482a: raises $0.05 to $0.1
805fba7: folds
f034a99: folds
Hero: folds
eb7ba770: folds
eba237dd: calls $0.05
*** FLOP *** [Ac 7s Js]
eba237dd: checks
b03a482a: bets $0.11
eba237dd: calls $0.11
*** TURN *** [Ac 7s Js] [Jc]
eba237dd: checks
b03a482a: bets $0.33
eba237dd: calls $0.33
*** RIVER *** [Ac 7s Js Jc] [9c]
eba237dd: checks
b03a482a: bets $1.1
eba237dd: folds
Uncalled bet ($1.1) returned to b03a482a
*** SHOWDOWN ***
b03a482a collected $1.05 from pot
*** SUMMARY ***
Total pot $1.1 | Rake $0.05 | Jackpot $0 | Bingo $0 | Fortune $0 | Tax $0
Board [Ac 7s Js Jc 9c]
Seat 1: eb7ba770 (small blind) folded before Flop
Seat 2: eba237dd (big blind) folded on the River
Seat 3: b03a482a won ($1.05)
Seat 4: 805fba7 folded before Flop (didn't bet)
Seat 5: f034a99 folded before Flop (didn't bet)
Seat 6: Hero (button) folded before Flop (didn't bet)


Poker Hand #HD1741533147: Hold'em No Limit ($0.02/$0.05) - 2024/04/22 14:51:33
Table 'NLHBlue32' 6-max Seat #5 is the button
Seat 1: eb7ba770 ($5.1 in chips)
Seat 2: eba237dd ($5 in chips)
Seat 3: b03a482a ($4.74 in chips)
Seat 4: 805fba7 ($6.01 in chips)
Seat 5: f034a99 ($5.41 in chips)
Seat 6: Hero ($10.36 in chips)
Hero: posts small blind $0.02
eb7ba770: posts big blind $0.05
*** HOLE CARDS ***
Dealt to eb7ba770 
Dealt to eba237dd 
Dealt to b03a482a 
Dealt to 805fba7 
Dealt to f034a99 
Dealt to Hero [Jc 8h]
eba237dd: folds
b03a482a: folds
805fba7: raises $0.08 to $0.13
f034a99: folds
Hero: folds
eb7ba770: folds
Uncalled bet ($0.08) returned to 805fba7
*** SHOWDOWN ***
805fba7 collected $0.12 from pot
*** SUMMARY ***
Total pot $0.12 | Rake $0 | Jackpot $0 | Bingo $0 | Fortune $0 | Tax $0
Seat 1: eb7ba770 (big blind) folded before Flop
Seat 2: eba237dd folded before Flop (didn't bet)
Seat 3: b03a482a folded before Flop (didn't bet)
Seat 4: 805fba7 collected ($0.12)
Seat 5: f034a99 (button) folded before Flop (didn't bet)
Seat 6: Hero (small blind) folded before Flop


Poker Hand #HD1741533083: Hold'em No Limit ($0.02/$0.05) - 2024/04/22 14:51:03
Table 'NLHBlue32' 6-max Seat #4 is the button
Seat 1: eb7ba770 ($5.1 in chips)
Seat 2: eba237dd ($5 in chips)
Seat 3: b03a482a ($4.92 in chips)
Seat 4: 805fba7 ($5.78 in chips)
Seat 5: f034a99 ($5.43 in chips)
Seat 6: Hero ($10.41 in chips)
f034a99: posts small blind $0.02
Hero: posts big blind $0.05
*** HOLE CARDS ***
Dealt to eb7ba770 
Dealt to eba237dd 
Dealt to b03a482a 
Dealt to 805fba7 
Dealt to f034a99 
Dealt to Hero [5c 7c]
eb7ba770: folds
eba237dd: folds
b03a482a: calls $0.05
805fba7: raises $0.13 to $0.18
f034a99: folds
Hero: folds
b03a482a: calls $0.13
*** FLOP *** [3h 5h Tc]
b03a482a: checks
805fba7: bets $0.14
b03a482a: folds
Uncalled bet ($0.14) returned to 805fba7
*** SHOWDOWN ***
805fba7 collected $0.41 from pot
*** SUMMARY ***
Total pot $0.43 | Rake $0.02 | Jackpot $0 | Bingo $0 | Fortune $0 | Tax $0
Board [3h 5h Tc]
Seat 1: eb7ba770 folded before Flop (didn't bet)
Seat 2: eba237dd folded before Flop (didn't bet)
Seat 3: b03a482a folded on the Flop
Seat 4: 805fba7 (button) won ($0.41)
Seat 5: f034a99 (small blind) folded before Flop
Seat 6: Hero (big blind) folded before Flop


Poker Hand #HD1741532959: Hold'em No Limit ($0.02/$0.05) - 2024/04/22 14:49:55
Table 'NLHBlue32' 6-max Seat #3 is the button
Seat 1: eb7ba770 ($4.75 in chips)
Seat 2: eba237dd ($5 in chips)
Seat 3: b03a482a ($5.23 in chips)
Seat 4: 805fba7 ($5.8 in chips)
Seat 5: f034a99 ($5.48 in chips)
Seat 6: Hero ($10.41 in chips)
805fba7: posts small blind $0.02
f034a99: posts big blind $0.05
*** HOLE CARDS ***
Dealt to eb7ba770 
Dealt to eba237dd 
Dealt to b03a482a 
Dealt to 805fba7 
Dealt to f034a99 
Dealt to Hero [7s 4d]
Hero: folds
eb7ba770: raises $0.05 to $0.1
eba237dd: folds
b03a482a: calls $0.1
805fba7: folds
f034a99: folds
*** FLOP *** [Jh 4s 3d]
eb7ba770: checks
b03a482a: bets $0.21
eb7ba770: raises $0.39 to $0.6
b03a482a: folds
Uncalled bet ($0.39) returned to eb7ba770
*** SHOWDOWN ***
eb7ba770 collected $0.66 from pot
*** SUMMARY ***
Total pot $0.69 | Rake $0.03 | Jackpot $0 | Bingo $0 | Fortune $0 | Tax $0
Board [Jh 4s 3d]
Seat 1: eb7ba770 won ($0.66)
Seat 2: eba237dd folded before Flop (didn't bet)
Seat 3: b03a482a (button) folded on the Flop
Seat 4: 805fba7 (small blind) folded before Flop
Seat 5: f034a99 (big blind) folded before Flop
Seat 6: Hero folded before Flop (didn't bet)


Poker Hand #HD1741532881: Hold'em No Limit ($0.02/$0.05) - 2024/04/22 14:49:19
Table 'NLHBlue32' 6-max Seat #2 is the button
Seat 1: eb7ba770 ($4.75 in chips)
Seat 2: eba237dd ($5 in chips)
Seat 3: b03a482a ($5.06 in chips)
Seat 4: 805fba7 ($5.98 in chips)
Seat 5: f034a99 ($5.48 in chips)
Seat 6: Hero ($10.41 in chips)
b03a482a: posts small blind $0.02
805fba7: posts big blind $0.05
*** HOLE CARDS ***
Dealt to eb7ba770 
Dealt to eba237dd 
Dealt to b03a482a 
Dealt to 805fba7 
Dealt to f034a99 
Dealt to Hero [3h Kh]
f034a99: folds
Hero: folds
eb7ba770: folds
eba237dd: folds
b03a482a: calls $0.03
805fba7: raises $0.13 to $0.18
b03a482a: calls $0.13
*** FLOP *** [2s 4s 9c]
b03a482a: checks
805fba7: checks
*** TURN *** [2s 4s 9c] [4c]
b03a482a: bets $0.36
805fba7: folds
Uncalled bet ($0.36) returned to b03a482a
*** SHOWDOWN ***
b03a482a collected $0.35 from pot
*** SUMMARY ***
Total pot $0.36 | Rake $0.01 | Jackpot $0 | Bingo $0 | Fortune $0 | Tax $0
Board [2s 4s 9c 4c]
Seat 1: eb7ba770 folded before Flop (didn't bet)
Seat 2: eba237dd (button) folded before Flop (didn't bet)
Seat 3: b03a482a (small blind) won ($0.35)
Seat 4: 805fba7 (big blind) folded on the Turn
Seat 5: f034a99 folded before Flop (didn't bet)
Seat 6: Hero folded before Flop (didn't bet)


Poker Hand #HD1741532861: Hold'em No Limit ($0.02/$0.05) - 2024/04/22 14:49:07
Table 'NLHBlue32' 6-max Seat #1 is the button
Seat 1: eb7ba770 ($4.75 in chips)
Seat 2: eba237dd ($5 in chips)
Seat 3: b03a482a ($5.04 in chips)
Seat 4: 805fba7 ($5.98 in chips)
Seat 5: f034a99 ($5.48 in chips)
Seat 6: Hero ($10.41 in chips)
eba237dd: posts small blind $0.02
b03a482a: posts big blind $0.05
*** HOLE CARDS ***
Dealt to eb7ba770 
Dealt to eba237dd 
Dealt to b03a482a 
Dealt to 805fba7 
Dealt to f034a99 
Dealt to Hero [4s 6h]
805fba7: folds
f034a99: folds
Hero: folds
eb7ba770: folds
eba237dd: folds
Uncalled bet ($0.03) returned to b03a482a
*** SHOWDOWN ***
b03a482a collected $0.04 from pot
*** SUMMARY ***
Total pot $0.04 | Rake $0 | Jackpot $0 | Bingo $0 | Fortune $0 | Tax $0
Seat 1: eb7ba770 (button) folded before Flop (didn't bet)
Seat 2: eba237dd (small blind) folded before Flop
Seat 3: b03a482a (big blind) collected ($0.04)
Seat 4: 805fba7 folded before Flop (didn't bet)
Seat 5: f034a99 folded before Flop (didn't bet)
Seat 6: Hero folded before Flop (didn't bet)


Poker Hand #HD1741532816: Hold'em No Limit ($0.02/$0.05) - 2024/04/22 14:48:44
Table 'NLHBlue32' 6-max Seat #6 is the button
Seat 1: eb7ba770 ($4.77 in chips)
Seat 2: eba237dd ($5 in chips)
Seat 3: b03a482a ($5.04 in chips)
Seat 4: 805fba7 ($5.91 in chips)
Seat 5: f034a99 ($5.48 in chips)
Seat 6: Hero ($10.41 in chips)
eb7ba770: posts small blind $0.02
eba237dd: posts big blind $0.05
*** HOLE CARDS ***
Dealt to eb7ba770 
Dealt to eba237dd 
Dealt to b03a482a 
Dealt to 805fba7 
Dealt to f034a99 
Dealt to Hero [Js 8s]
b03a482a: folds
805fba7: raises $0.08 to $0.13
f034a99: folds
Hero: folds
eb7ba770: folds
eba237dd: folds
Uncalled bet ($0.08) returned to 805fba7
*** SHOWDOWN ***
805fba7 collected $0.12 from pot
*** SUMMARY ***
Total pot $0.12 | Rake $0 | Jackpot $0 | Bingo $0 | Fortune $0 | Tax $0
Seat 1: eb7ba770 (small blind) folded before Flop
Seat 2: eba237dd (big blind) folded before Flop
Seat 3: b03a482a folded before Flop (didn't bet)
Seat 4: 805fba7 collected ($0.12)
Seat 5: f034a99 folded before Flop (didn't bet)
Seat 6: Hero (button) folded before Flop (didn't bet)


Poker Hand #HD1741532777: Hold'em No Limit ($0.02/$0.05) - 2024/04/22 14:48:19
Table 'NLHBlue32' 6-max Seat #5 is the button
Seat 1: eb7ba770 ($4.82 in chips)
Seat 2: eba237dd ($5 in chips)
Seat 3: b03a482a ($5.04 in chips)
Seat 4: 805fba7 ($5.91 in chips)
Seat 5: f034a99 ($5.41 in chips)
Seat 6: Hero ($10.43 in chips)
Hero: posts small blind $0.02
eb7ba770: posts big blind $0.05
*** HOLE CARDS ***
Dealt to eb7ba770 
Dealt to eba237dd 
Dealt to b03a482a 
Dealt to 805fba7 
Dealt to f034a99 
Dealt to Hero [5d Jd]
eba237dd: folds
b03a482a: folds
805fba7: folds
f034a99: raises $0.08 to $0.13
Hero: folds
eb7ba770: folds
Uncalled bet ($0.08) returned to f034a99
*** SHOWDOWN ***
f034a99 collected $0.12 from pot
*** SUMMARY ***
Total pot $0.12 | Rake $0 | Jackpot $0 | Bingo $0 | Fortune $0 | Tax $0
Seat 1: eb7ba770 (big blind) folded before Flop
Seat 2: eba237dd folded before Flop (didn't bet)
Seat 3: b03a482a folded before Flop (didn't bet)
Seat 4: 805fba7 folded before Flop (didn't bet)
Seat 5: f034a99 (button) collected ($0.12)
Seat 6: Hero (small blind) folded before Flop


Poker Hand #HD1741532687: Hold'em No Limit ($0.02/$0.05) - 2024/04/22 14:47:35
Table 'NLHBlue32' 6-max Seat #4 is the button
Seat 1: eb7ba770 ($4.55 in chips)
Seat 2: eba237dd ($5 in chips)
Seat 3: b03a482a ($5.04 in chips)
Seat 4: 805fba7 ($5.91 in chips)
Seat 5: f034a99 ($5.43 in chips)
Seat 6: Hero ($10.7 in chips)
f034a99: posts small blind $0.02
Hero: posts big blind $0.05
*** HOLE CARDS ***
Dealt to eb7ba770 
Dealt to eba237dd 
Dealt to b03a482a 
Dealt to 805fba7 
Dealt to f034a99 
Dealt to Hero [9d Ts]
eb7ba770: raises $0.05 to $0.1
eba237dd: folds
b03a482a: folds
805fba7: folds
f034a99: folds
Hero: calls $0.05
*** FLOP *** [Ad Jc 8s]
Hero: checks
eb7ba770: bets $0.17
Hero: calls $0.17
*** TURN *** [Ad Jc 8s] [5c]
Hero: checks
eb7ba770: bets $0.65
Hero: folds
Uncalled bet ($0.65) returned to eb7ba770
*** SHOWDOWN ***
eb7ba770 collected $0.54 from pot
*** SUMMARY ***
Total pot $0.56 | Rake $0.02 | Jackpot $0 | Bingo $0 | Fortune $0 | Tax $0
Board [Ad Jc 8s 5c]
Seat 1: eb7ba770 won ($0.54)
Seat 2: eba237dd folded before Flop (didn't bet)
Seat 3: b03a482a folded before Flop (didn't bet)
Seat 4: 805fba7 (button) folded before Flop (didn't bet)
Seat 5: f034a99 (small blind) folded before Flop
Seat 6: Hero (big blind) folded on the Turn


Poker Hand #HD1741532659: Hold'em No Limit ($0.02/$0.05) - 2024/04/22 14:47:23
Table 'NLHBlue32' 6-max Seat #3 is the button
Seat 1: eb7ba770 ($4.48 in chips)
Seat 2: eba237dd ($5 in chips)
Seat 3: b03a482a ($5.04 in chips)
Seat 4: 805fba7 ($5.93 in chips)
Seat 5: f034a99 ($5.48 in chips)
Seat 6: Hero ($10.7 in chips)
805fba7: posts small blind $0.02
f034a99: posts big blind $0.05
*** HOLE CARDS ***
Dealt to eb7ba770 
Dealt to eba237dd 
Dealt to b03a482a 
Dealt to 805fba7 
Dealt to f034a99 
Dealt to Hero [7h 4s]
Hero: folds
eb7ba770: raises $0.05 to $0.1
eba237dd: folds
b03a482a: folds
805fba7: folds
f034a99: folds
Uncalled bet ($0.05) returned to eb7ba770
*** SHOWDOWN ***
eb7ba770 collected $0.12 from pot
*** SUMMARY ***
Total pot $0.12 | Rake $0 | Jackpot $0 | Bingo $0 | Fortune $0 | Tax $0
Seat 1: eb7ba770 collected ($0.12)
Seat 2: eba237dd folded before Flop (didn't bet)
Seat 3: b03a482a (button) folded before Flop (didn't bet)
Seat 4: 805fba7 (small blind) folded before Flop
Seat 5: f034a99 (big blind) folded before Flop
Seat 6: Hero folded before Flop (didn't bet)


Poker Hand #HD1741532560: Hold'em No Limit ($0.02/$0.05) - 2024/04/22 14:46:25
Table 'NLHBlue32' 6-max Seat #2 is the button
Seat 1: eb7ba770 ($4.48 in chips)
Seat 2: eba237dd ($5.2 in chips)
Seat 3: b03a482a ($4.77 in chips)
Seat 4: 805fba7 ($5.98 in chips)
Seat 5: f034a99 ($5.48 in chips)
Seat 6: Hero ($10.7 in chips)
b03a482a: posts small blind $0.02
805fba7: posts big blind $0.05
*** HOLE CARDS ***
Dealt to eb7ba770 
Dealt to eba237dd 
Dealt to b03a482a 
Dealt to 805fba7 
Dealt to f034a99 
Dealt to Hero [7s 8d]
f034a99: folds
Hero: folds
eb7ba770: folds
eba237dd: raises $0.08 to $0.13
b03a482a: calls $0.11
805fba7: folds
*** FLOP *** [4c 8h 3d]
b03a482a: bets $0.11
eba237dd: calls $0.11
*** TURN *** [4c 8h 3d] [2s]
b03a482a: bets $0.4
eba237dd: folds
Uncalled bet ($0.4) returned to b03a482a
*** SHOWDOWN ***
b03a482a collected $0.51 from pot
*** SUMMARY ***
Total pot $0.53 | Rake $0.02 | Jackpot $0 | Bingo $0 | Fortune $0 | Tax $0
Board [4c 8h 3d 2s]
Seat 1: eb7ba770 folded before Flop (didn't bet)
Seat 2: eba237dd (button) folded on the Turn
Seat 3: b03a482a (small blind) won ($0.51)
Seat 4: 805fba7 (big blind) folded before Flop
Seat 5: f034a99 folded before Flop (didn't bet)
Seat 6: Hero folded before Flop (didn't bet)


Poker Hand #HD1741532483: Hold'em No Limit ($0.02/$0.05) - 2024/04/22 14:45:47
Table 'NLHBlue32' 6-max Seat #1 is the button
Seat 1: eb7ba770 ($4.48 in chips)
Seat 2: eba237dd ($5.22 in chips)
Seat 3: b03a482a ($4.9 in chips)
Seat 5: f034a99 ($5.34 in chips)
Seat 6: Hero ($10.7 in chips)
eba237dd: posts small blind $0.02
b03a482a: posts big blind $0.05
*** HOLE CARDS ***
Dealt to eb7ba770 
Dealt to eba237dd 
Dealt to b03a482a 
Dealt to f034a99 
Dealt to Hero [2h 8c]
f034a99: raises $0.08 to $0.13
Hero: folds
eb7ba770: folds
eba237dd: folds
b03a482a: calls $0.08
*** FLOP *** [Ah Ts 2s]
b03a482a: checks
f034a99: bets $0.1
b03a482a: folds
Uncalled bet ($0.1) returned to f034a99
*** SHOWDOWN ***
f034a99 collected $0.27 from pot
*** SUMMARY ***
Total pot $0.28 | Rake $0.01 | Jackpot $0 | Bingo $0 | Fortune $0 | Tax $0
Board [Ah Ts 2s]
Seat 1: eb7ba770 (button) folded before Flop (didn't bet)
Seat 2: eba237dd (small blind) folded before Flop
Seat 3: b03a482a (big blind) folded on the Flop
Seat 5: f034a99 won ($0.27)
Seat 6: Hero folded before Flop (didn't bet)


Poker Hand #HD1741532406: Hold'em No Limit ($0.02/$0.05) - 2024/04/22 14:45:07
Table 'NLHBlue32' 6-max Seat #6 is the button
Seat 1: eb7ba770 ($4.53 in chips)
Seat 2: eba237dd ($5.12 in chips)
Seat 3: b03a482a ($4.95 in chips)
Seat 5: f034a99 ($5.34 in chips)
Seat 6: Hero ($10.7 in chips)
eb7ba770: posts small blind $0.02
eba237dd: posts big blind $0.05
*** HOLE CARDS ***
Dealt to eb7ba770 
Dealt to eba237dd 
Dealt to b03a482a 
Dealt to f034a99 
Dealt to Hero [Ts 7s]
b03a482a: calls $0.05
f034a99: folds
Hero: folds
eb7ba770: calls $0.03
eba237dd: raises $0.17 to $0.22
b03a482a: folds
eb7ba770: folds
Uncalled bet ($0.17) returned to eba237dd
*** SHOWDOWN ***
eba237dd collected $0.15 from pot
*** SUMMARY ***
Total pot $0.15 | Rake $0 | Jackpot $0 | Bingo $0 | Fortune $0 | Tax $0
Seat 1: eb7ba770 (small blind) folded before Flop
Seat 2: eba237dd (big blind) collected ($0.15)
Seat 3: b03a482a folded before Flop
Seat 5: f034a99 folded before Flop (didn't bet)
Seat 6: Hero (button) folded before Flop (didn't bet)


Poker Hand #HD1741532369: Hold'em No Limit ($0.02/$0.05) - 2024/04/22 14:44:51
Table 'NLHBlue32' 6-max Seat #5 is the button
Seat 1: eb7ba770 ($4.58 in chips)
Seat 2: eba237dd ($5 in chips)
Seat 3: b03a482a ($5 in chips)
Seat 5: f034a99 ($5.34 in chips)
Seat 6: Hero ($10.72 in chips)
Hero: posts small blind $0.02
eb7ba770: posts big blind $0.05
b03a482a: posts big blind $0.05
*** HOLE CARDS ***
Dealt to eb7ba770 
Dealt to eba237dd 
Dealt to b03a482a 
Dealt to f034a99 
Dealt to Hero [4h 7d]
eba237dd: raises $0.11 to $0.16
b03a482a: folds
f034a99: folds
Hero: folds
eb7ba770: folds
Uncalled bet ($0.11) returned to eba237dd
*** SHOWDOWN ***
eba237dd collected $0.17 from pot
*** SUMMARY ***
Total pot $0.17 | Rake $0 | Jackpot $0 | Bingo $0 | Fortune $0 | Tax $0
Seat 1: eb7ba770 (big blind) folded before Flop
Seat 2: eba237dd collected ($0.17)
Seat 3: b03a482a folded before Flop
Seat 5: f034a99 (button) folded before Flop (didn't bet)
Seat 6: Hero (small blind) folded before Flop


Poker Hand #HD1741532350: Hold'em No Limit ($0.02/$0.05) - 2024/04/22 14:44:41
Table 'NLHBlue32' 6-max Seat #2 is the button
Seat 1: eb7ba770 ($4.51 in chips)
Seat 2: eba237dd ($5 in chips)
Seat 5: f034a99 ($5.36 in chips)
Seat 6: Hero ($10.77 in chips)
f034a99: posts small blind $0.02
Hero: posts big blind $0.05
*** HOLE CARDS ***
Dealt to eb7ba770 
Dealt to eba237dd 
Dealt to f034a99 
Dealt to Hero [3c 5h]
eb7ba770: raises $0.05 to $0.1
eba237dd: folds
f034a99: folds
Hero: folds
Uncalled bet ($0.05) returned to eb7ba770
*** SHOWDOWN ***
eb7ba770 collected $0.12 from pot
*** SUMMARY ***
Total pot $0.12 | Rake $0 | Jackpot $0 | Bingo $0 | Fortune $0 | Tax $0
Seat 1: eb7ba770 collected ($0.12)
Seat 2: eba237dd (button) folded before Flop (didn't bet)
Seat 5: f034a99 (small blind) folded before Flop
Seat 6: Hero (big blind) folded before Flop


Poker Hand #HD1741532336: Hold'em No Limit ($0.02/$0.05) - 2024/04/22 14:44:32
Table 'NLHBlue32' 6-max Seat #1 is the button
Seat 1: eb7ba770 ($4.51 in chips)
Seat 2: eba237dd ($5 in chips)
Seat 5: f034a99 ($5.34 in chips)
Seat 6: Hero ($10.77 in chips)
eba237dd: posts small blind $0.02
f034a99: posts big blind $0.05
*** HOLE CARDS ***
Dealt to eb7ba770 
Dealt to eba237dd 
Dealt to f034a99 
Dealt to Hero [5d Ks]
Hero: folds
eb7ba770: folds
eba237dd: folds
Uncalled bet ($0.03) returned to f034a99
*** SHOWDOWN ***
f034a99 collected $0.04 from pot
*** SUMMARY ***
Total pot $0.04 | Rake $0 | Jackpot $0 | Bingo $0 | Fortune $0 | Tax $0
Seat 1: eb7ba770 (button) folded before Flop (didn't bet)
Seat 2: eba237dd (small blind) folded before Flop
Seat 5: f034a99 (big blind) collected ($0.04)
Seat 6: Hero folded before Flop (didn't bet)


Poker Hand #HD1741532257: Hold'em No Limit ($0.02/$0.05) - 2024/04/22 14:43:53
Table 'NLHBlue32' 6-max Seat #6 is the button
Seat 1: eb7ba770 ($4.53 in chips)
Seat 2: eba237dd ($5.2 in chips)
Seat 3: ce54ec2c ($4.95 in chips)
Seat 5: f034a99 ($5 in chips)
Seat 6: Hero ($10.77 in chips)
eb7ba770: posts small blind $0.02
eba237dd: posts big blind $0.05
*** HOLE CARDS ***
Dealt to eb7ba770 
Dealt to eba237dd 
Dealt to ce54ec2c 
Dealt to f034a99 
Dealt to Hero [3h Qs]
ce54ec2c: folds
f034a99: raises $0.08 to $0.13
Hero: folds
eb7ba770: folds
eba237dd: raises $0.22 to $0.35
f034a99: raises $0.72 to $1.07
eba237dd: folds
Uncalled bet ($0.72) returned to f034a99
*** SHOWDOWN ***
f034a99 collected $0.69 from pot
*** SUMMARY ***
Total pot $0.72 | Rake $0.03 | Jackpot $0 | Bingo $0 | Fortune $0 | Tax $0
Seat 1: eb7ba770 (small blind) folded before Flop
Seat 2: eba237dd (big blind) folded before Flop
Seat 3: ce54ec2c folded before Flop (didn't bet)
Seat 5: f034a99 collected ($0.69)
Seat 6: Hero (button) folded before Flop (didn't bet)


Poker Hand #HD1741532227: Hold'em No Limit ($0.02/$0.05) - 2024/04/22 14:43:41
Table 'NLHBlue32' 6-max Seat #5 is the button
Seat 1: eb7ba770 ($4.51 in chips)
Seat 2: eba237dd ($5.2 in chips)
Seat 5: f034a99 ($5 in chips)
Seat 6: Hero ($10.79 in chips)
Hero: posts small blind $0.02
eb7ba770: posts big blind $0.05
*** HOLE CARDS ***
Dealt to eb7ba770 
Dealt to eba237dd 
Dealt to f034a99 
Dealt to Hero [Qh 4d]
eba237dd: folds
f034a99: folds
Hero: folds
Uncalled bet ($0.03) returned to eb7ba770
*** SHOWDOWN ***
eb7ba770 collected $0.04 from pot
*** SUMMARY ***
Total pot $0.04 | Rake $0 | Jackpot $0 | Bingo $0 | Fortune $0 | Tax $0
Seat 1: eb7ba770 (big blind) collected ($0.04)
Seat 2: eba237dd folded before Flop (didn't bet)
Seat 5: f034a99 (button) folded before Flop (didn't bet)
Seat 6: Hero (small blind) folded before Flop


Poker Hand #HD1741532187: Hold'em No Limit ($0.02/$0.05) - 2024/04/22 14:43:25
Table 'NLHBlue32' 6-max Seat #2 is the button
Seat 1: eb7ba770 ($4.44 in chips)
Seat 2: eba237dd ($5.2 in chips)
Seat 3: ce54ec2c ($4.97 in chips)
Seat 5: f034a99 ($5 in chips)
Seat 6: Hero ($10.79 in chips)
ce54ec2c: posts small blind $0.02
f034a99: posts big blind $0.05
*** HOLE CARDS ***
Dealt to eb7ba770 
Dealt to eba237dd 
Dealt to ce54ec2c 
Dealt to f034a99 
Dealt to Hero [3d 3s]
Hero: folds
eb7ba770: raises $0.05 to $0.1
eba237dd: folds
ce54ec2c: folds
f034a99: folds
Uncalled bet ($0.05) returned to eb7ba770
*** SHOWDOWN ***
eb7ba770 collected $0.12 from pot
*** SUMMARY ***
Total pot $0.12 | Rake $0 | Jackpot $0 | Bingo $0 | Fortune $0 | Tax $0
Seat 1: eb7ba770 collected ($0.12)
Seat 2: eba237dd (button) folded before Flop (didn't bet)
Seat 3: ce54ec2c (small blind) folded before Flop
Seat 5: f034a99 (big blind) folded before Flop
Seat 6: Hero folded before Flop (didn't bet)


Poker Hand #HD1741532162: Hold'em No Limit ($0.02/$0.05) - 2024/04/22 14:43:14
Table 'NLHBlue32' 6-max Seat #1 is the button
Seat 1: eb7ba770 ($4.37 in chips)
Seat 2: eba237dd ($5.22 in chips)
Seat 3: ce54ec2c ($5.02 in chips)
Seat 6: Hero ($10.79 in chips)
eba237dd: posts small blind $0.02
ce54ec2c: posts big blind $0.05
*** HOLE CARDS ***
Dealt to eb7ba770 
Dealt to eba237dd 
Dealt to ce54ec2c 
Dealt to Hero [2c 9c]
Hero: folds
eb7ba770: raises $0.1 to $0.15
eba237dd: folds
ce54ec2c: folds
Uncalled bet ($0.1) returned to eb7ba770
*** SHOWDOWN ***
eb7ba770 collected $0.12 from pot
*** SUMMARY ***
Total pot $0.12 | Rake $0 | Jackpot $0 | Bingo $0 | Fortune $0 | Tax $0
Seat 1: eb7ba770 (button) collected ($0.12)
Seat 2: eba237dd (small blind) folded before Flop
Seat 3: ce54ec2c (big blind) folded before Flop
Seat 6: Hero folded before Flop (didn't bet)


Poker Hand #HD1741532132: Hold'em No Limit ($0.02/$0.05) - 2024/04/22 14:42:58
Table 'NLHBlue32' 6-max Seat #6 is the button
Seat 1: eb7ba770 ($4.39 in chips)
Seat 2: eba237dd ($5.27 in chips)
Seat 3: ce54ec2c ($5.02 in chips)
Seat 6: Hero ($10.72 in chips)
eb7ba770: posts small blind $0.02
eba237dd: posts big blind $0.05
*** HOLE CARDS ***
Dealt to eb7ba770 
Dealt to eba237dd 
Dealt to ce54ec2c 
Dealt to Hero [Kh Tc]
ce54ec2c: folds
Hero: raises $0.07 to $0.12
eb7ba770: folds
eba237dd: folds
Uncalled bet ($0.07) returned to Hero
*** SHOWDOWN ***
Hero collected $0.12 from pot
*** SUMMARY ***
Total pot $0.12 | Rake $0 | Jackpot $0 | Bingo $0 | Fortune $0 | Tax $0
Seat 1: eb7ba770 (small blind) folded before Flop
Seat 2: eba237dd (big blind) folded before Flop
Seat 3: ce54ec2c folded before Flop (didn't bet)
Seat 6: Hero (button) collected ($0.12)


Poker Hand #HD1741532093: Hold'em No Limit ($0.02/$0.05) - 2024/04/22 14:42:39
Table 'NLHBlue32' 6-max Seat #3 is the button
Seat 1: eb7ba770 ($4.44 in chips)
Seat 2: eba237dd ($5.27 in chips)
Seat 3: ce54ec2c ($5.02 in chips)
Seat 6: Hero ($10.67 in chips)
Hero: posts small blind $0.02
eb7ba770: posts big blind $0.05
*** HOLE CARDS ***
Dealt to eb7ba770 
Dealt to eba237dd 
Dealt to ce54ec2c 
Dealt to Hero [As 9c]
eba237dd: folds
ce54ec2c: folds
Hero: raises $0.1 to $0.15
eb7ba770: folds
Uncalled bet ($0.1) returned to Hero
*** SHOWDOWN ***
Hero collected $0.1 from pot
*** SUMMARY ***
Total pot $0.1 | Rake $0 | Jackpot $0 | Bingo $0 | Fortune $0 | Tax $0
Seat 1: eb7ba770 (big blind) folded before Flop
Seat 2: eba237dd folded before Flop (didn't bet)
Seat 3: ce54ec2c (button) folded before Flop (didn't bet)
Seat 6: Hero (small blind) collected ($0.1)


Poker Hand #HD1741532060: Hold'em No Limit ($0.02/$0.05) - 2024/04/22 14:42:25
Table 'NLHBlue32' 6-max Seat #2 is the button
Seat 1: eb7ba770 ($4.37 in chips)
Seat 2: eba237dd ($5.27 in chips)
Seat 3: ce54ec2c ($5.04 in chips)
Seat 6: Hero ($10.72 in chips)
ce54ec2c: posts small blind $0.02
Hero: posts big blind $0.05
*** HOLE CARDS ***
Dealt to eb7ba770 
Dealt to eba237dd 
Dealt to ce54ec2c 
Dealt to Hero [3s Qc]
eb7ba770: raises $0.05 to $0.1
eba237dd: folds
ce54ec2c: folds
Hero: folds
Uncalled bet ($0.05) returned to eb7ba770
*** SHOWDOWN ***
eb7ba770 collected $0.12 from pot
*** SUMMARY ***
Total pot $0.12 | Rake $0 | Jackpot $0 | Bingo $0 | Fortune $0 | Tax $0
Seat 1: eb7ba770 collected ($0.12)
Seat 2: eba237dd (button) folded before Flop (didn't bet)
Seat 3: ce54ec2c (small blind) folded before Flop
Seat 6: Hero (big blind) folded before Flop


Poker Hand #HD1741532031: Hold'em No Limit ($0.02/$0.05) - 2024/04/22 14:42:10
Table 'NLHBlue32' 6-max Seat #1 is the button
Seat 1: eb7ba770 ($4.37 in chips)
Seat 2: eba237dd ($5.29 in chips)
Seat 3: ce54ec2c ($5.09 in chips)
Seat 5: 25ea3b7b ($6.15 in chips)
Seat 6: Hero ($10.65 in chips)
eba237dd: posts small blind $0.02
ce54ec2c: posts big blind $0.05
*** HOLE CARDS ***
Dealt to eb7ba770 
Dealt to eba237dd 
Dealt to ce54ec2c 
Dealt to 25ea3b7b 
Dealt to Hero [Jh Js]
25ea3b7b: folds
Hero: raises $0.07 to $0.12
eb7ba770: folds
eba237dd: folds
ce54ec2c: folds
Uncalled bet ($0.07) returned to Hero
*** SHOWDOWN ***
Hero collected $0.12 from pot
*** SUMMARY ***
Total pot $0.12 | Rake $0 | Jackpot $0 | Bingo $0 | Fortune $0 | Tax $0
Seat 1: eb7ba770 (button) folded before Flop (didn't bet)
Seat 2: eba237dd (small blind) folded before Flop
Seat 3: ce54ec2c (big blind) folded before Flop
Seat 5: 25ea3b7b folded before Flop (didn't bet)
Seat 6: Hero collected ($0.12)


Poker Hand #HD1741531882: Hold'em No Limit ($0.02/$0.05) - 2024/04/22 14:40:53
Table 'NLHBlue32' 6-max Seat #6 is the button
Seat 1: eb7ba770 ($4.39 in chips)
Seat 2: eba237dd ($5.34 in chips)
Seat 3: ce54ec2c ($5.09 in chips)
Seat 4: 805fba7 ($5.98 in chips)
Seat 5: 25ea3b7b ($6.6 in chips)
Seat 6: Hero ($10.17 in chips)
eb7ba770: posts small blind $0.02
eba237dd: posts big blind $0.05
*** HOLE CARDS ***
Dealt to eb7ba770 
Dealt to eba237dd 
Dealt to ce54ec2c 
Dealt to 805fba7 
Dealt to 25ea3b7b 
Dealt to Hero [Kh Qd]
ce54ec2c: folds
805fba7: folds
25ea3b7b: raises $0.1 to $0.15
Hero: raises $0.3 to $0.45
eb7ba770: folds
eba237dd: folds
25ea3b7b: calls $0.3
*** FLOP *** [2h 4h 2c]
25ea3b7b: checks
Hero: checks
*** TURN *** [2h 4h 2c] [2s]
25ea3b7b: checks
Hero: bets $0.55
25ea3b7b: folds
Uncalled bet ($0.55) returned to Hero
*** SHOWDOWN ***
Hero collected $0.93 from pot
*** SUMMARY ***
Total pot $0.97 | Rake $0.04 | Jackpot $0 | Bingo $0 | Fortune $0 | Tax $0
Board [2h 4h 2c 2s]
Seat 1: eb7ba770 (small blind) folded before Flop
Seat 2: eba237dd (big blind) folded before Flop
Seat 3: ce54ec2c folded before Flop (didn't bet)
Seat 4: 805fba7 folded before Flop (didn't bet)
Seat 5: 25ea3b7b folded on the Turn
Seat 6: Hero (button) won ($0.93)


Poker Hand #HD1741531848: Hold'em No Limit ($0.02/$0.05) - 2024/04/22 14:40:35
Table 'NLHBlue32' 6-max Seat #5 is the button
Seat 1: eb7ba770 ($4.37 in chips)
Seat 2: eba237dd ($5.34 in chips)
Seat 3: ce54ec2c ($5.09 in chips)
Seat 4: 805fba7 ($5.98 in chips)
Seat 5: 25ea3b7b ($6.6 in chips)
Seat 6: Hero ($10.19 in chips)
Hero: posts small blind $0.02
eb7ba770: posts big blind $0.05
*** HOLE CARDS ***
Dealt to eb7ba770 
Dealt to eba237dd 
Dealt to ce54ec2c 
Dealt to 805fba7 
Dealt to 25ea3b7b 
Dealt to Hero [9h Kc]
eba237dd: folds
ce54ec2c: folds
805fba7: folds
25ea3b7b: folds
Hero: folds
Uncalled bet ($0.03) returned to eb7ba770
*** SHOWDOWN ***
eb7ba770 collected $0.04 from pot
*** SUMMARY ***
Total pot $0.04 | Rake $0 | Jackpot $0 | Bingo $0 | Fortune $0 | Tax $0
Seat 1: eb7ba770 (big blind) collected ($0.04)
Seat 2: eba237dd folded before Flop (didn't bet)
Seat 3: ce54ec2c folded before Flop (didn't bet)
Seat 4: 805fba7 folded before Flop (didn't bet)
Seat 5: 25ea3b7b (button) folded before Flop (didn't bet)
Seat 6: Hero (small blind) folded before Flop


Poker Hand #HD1741531730: Hold'em No Limit ($0.02/$0.05) - 2024/04/22 14:39:35
Table 'NLHBlue32' 6-max Seat #4 is the button
Seat 1: eb7ba770 ($3.76 in chips)
Seat 2: eba237dd ($5.34 in chips)
Seat 3: ce54ec2c ($5.09 in chips)
Seat 4: 805fba7 ($6.58 in chips)
Seat 5: 25ea3b7b ($6.62 in chips)
Seat 6: Hero ($10.24 in chips)
25ea3b7b: posts small blind $0.02
Hero: posts big blind $0.05
*** HOLE CARDS ***
Dealt to eb7ba770 
Dealt to eba237dd 
Dealt to ce54ec2c 
Dealt to 805fba7 
Dealt to 25ea3b7b 
Dealt to Hero [7d Qh]
eb7ba770: raises $0.05 to $0.1
eba237dd: folds
ce54ec2c: folds
805fba7: raises $0.25 to $0.35
25ea3b7b: folds
Hero: folds
eb7ba770: calls $0.25
*** FLOP *** [2d Th Ks]
eb7ba770: checks
805fba7: bets $0.25
eb7ba770: calls $0.25
*** TURN *** [2d Th Ks] [2s]
eb7ba770: checks
805fba7: checks
*** RIVER *** [2d Th Ks 2s] [Ts]
eb7ba770: bets $0.45
805fba7: folds
Uncalled bet ($0.45) returned to eb7ba770
*** SHOWDOWN ***
eb7ba770 collected $1.21 from pot
*** SUMMARY ***
Total pot $1.27 | Rake $0.06 | Jackpot $0 | Bingo $0 | Fortune $0 | Tax $0
Board [2d Th Ks 2s Ts]
Seat 1: eb7ba770 won ($1.21)
Seat 2: eba237dd folded before Flop (didn't bet)
Seat 3: ce54ec2c folded before Flop (didn't bet)
Seat 4: 805fba7 (button) folded on the River
Seat 5: 25ea3b7b (small blind) folded before Flop
Seat 6: Hero (big blind) folded before Flop


Poker Hand #HD1741531629: Hold'em No Limit ($0.02/$0.05) - 2024/04/22 14:38:45
Table 'NLHBlue32' 6-max Seat #3 is the button
Seat 1: eb7ba770 ($3.76 in chips)
Seat 2: eba237dd ($5.34 in chips)
Seat 3: ce54ec2c ($4.97 in chips)
Seat 4: 805fba7 ($6.6 in chips)
Seat 5: 25ea3b7b ($6.73 in chips)
Seat 6: Hero ($10.24 in chips)
805fba7: posts small blind $0.02
25ea3b7b: posts big blind $0.05
*** HOLE CARDS ***
Dealt to eb7ba770 
Dealt to eba237dd 
Dealt to ce54ec2c 
Dealt to 805fba7 
Dealt to 25ea3b7b 
Dealt to Hero [6c Qs]
Hero: folds
eb7ba770: folds
eba237dd: folds
ce54ec2c: raises $0.06 to $0.11
805fba7: folds
25ea3b7b: calls $0.06
*** FLOP *** [6d Kc 7c]
25ea3b7b: checks
ce54ec2c: checks
*** TURN *** [6d Kc 7c] [3d]
25ea3b7b: checks
ce54ec2c: checks
*** RIVER *** [6d Kc 7c 3d] [Ts]
25ea3b7b: checks
ce54ec2c: checks
25ea3b7b: shows [5h Qd] (King-High)
ce54ec2c: shows [Qc Th] (Pair of Tens)
*** SHOWDOWN ***
ce54ec2c collected $0.23 from pot
*** SUMMARY ***
Total pot $0.24 | Rake $0.01 | Jackpot $0 | Bingo $0 | Fortune $0 | Tax $0
Board [6d Kc 7c 3d Ts]
Seat 1: eb7ba770 folded before Flop (didn't bet)
Seat 2: eba237dd folded before Flop (didn't bet)
Seat 3: ce54ec2c (button) showed [Qc Th] and won ($0.23) with Pair of Tens
Seat 4: 805fba7 (small blind) folded before Flop
Seat 5: 25ea3b7b (big blind) showed [5h Qd] and lost with King-High
Seat 6: Hero folded before Flop (didn't bet)


Poker Hand #HD1741531534: Hold'em No Limit ($0.02/$0.05) - 2024/04/22 14:37:55
Table 'NLHBlue32' 6-max Seat #2 is the button
Seat 1: eb7ba770 ($3.76 in chips)
Seat 2: eba237dd ($5.34 in chips)
Seat 3: ce54ec2c ($5.12 in chips)
Seat 4: 805fba7 ($6.46 in chips)
Seat 5: 25ea3b7b ($6.73 in chips)
Seat 6: Hero ($10.24 in chips)
ce54ec2c: posts small blind $0.02
805fba7: posts big blind $0.05
*** HOLE CARDS ***
Dealt to eb7ba770 
Dealt to eba237dd 
Dealt to ce54ec2c 
Dealt to 805fba7 
Dealt to 25ea3b7b 
Dealt to Hero [As 6h]
25ea3b7b: folds
Hero: folds
eb7ba770: folds
eba237dd: folds
ce54ec2c: raises $0.1 to $0.15
805fba7: raises $0.3 to $0.45
ce54ec2c: folds
Uncalled bet ($0.3) returned to 805fba7
*** SHOWDOWN ***
805fba7 collected $0.29 from pot
*** SUMMARY ***
Total pot $0.3 | Rake $0.01 | Jackpot $0 | Bingo $0 | Fortune $0 | Tax $0
Seat 1: eb7ba770 folded before Flop (didn't bet)
Seat 2: eba237dd (button) folded before Flop (didn't bet)
Seat 3: ce54ec2c (small blind) folded before Flop
Seat 4: 805fba7 (big blind) collected ($0.29)
Seat 5: 25ea3b7b folded before Flop (didn't bet)
Seat 6: Hero folded before Flop (didn't bet)


Poker Hand #HD1741531452: Hold'em No Limit ($0.02/$0.05) - 2024/04/22 14:37:17
Table 'NLHBlue32' 6-max Seat #1 is the button
Seat 1: eb7ba770 ($3.91 in chips)
Seat 2: eba237dd ($5.36 in chips)
Seat 3: ce54ec2c ($4.96 in chips)
Seat 4: 805fba7 ($6.46 in chips)
Seat 5: 25ea3b7b ($6.73 in chips)
Seat 6: Hero ($10.24 in chips)
eba237dd: posts small blind $0.02
ce54ec2c: posts big blind $0.05
*** HOLE CARDS ***
Dealt to eb7ba770 
Dealt to eba237dd 
Dealt to ce54ec2c 
Dealt to 805fba7 
Dealt to 25ea3b7b 
Dealt to Hero [8s Qd]
805fba7: folds
25ea3b7b: folds
Hero: folds
eb7ba770: raises $0.1 to $0.15
eba237dd: folds
ce54ec2c: raises $0.5 to $0.65
eb7ba770: folds
Uncalled bet ($0.5) returned to ce54ec2c
*** SHOWDOWN ***
ce54ec2c collected $0.31 from pot
*** SUMMARY ***
Total pot $0.32 | Rake $0.01 | Jackpot $0 | Bingo $0 | Fortune $0 | Tax $0
Seat 1: eb7ba770 (button) folded before Flop
Seat 2: eba237dd (small blind) folded before Flop
Seat 3: ce54ec2c (big blind) collected ($0.31)
Seat 4: 805fba7 folded before Flop (didn't bet)
Seat 5: 25ea3b7b folded before Flop (didn't bet)
Seat 6: Hero folded before Flop (didn't bet)


Poker Hand #HD1741531403: Hold'em No Limit ($0.02/$0.05) - 2024/04/22 14:36:47
Table 'NLHBlue32' 6-max Seat #6 is the button
Seat 1: eb7ba770 ($3.93 in chips)
Seat 2: eba237dd ($5.41 in chips)
Seat 3: ce54ec2c ($4.96 in chips)
Seat 4: 805fba7 ($6.46 in chips)
Seat 5: 25ea3b7b ($6.73 in chips)
Seat 6: Hero ($10.17 in chips)
eb7ba770: posts small blind $0.02
eba237dd: posts big blind $0.05
*** HOLE CARDS ***
Dealt to eb7ba770 
Dealt to eba237dd 
Dealt to ce54ec2c 
Dealt to 805fba7 
Dealt to 25ea3b7b 
Dealt to Hero [As Qh]
ce54ec2c: folds
805fba7: folds
25ea3b7b: folds
Hero: raises $0.07 to $0.12
eb7ba770: folds
eba237dd: folds
Uncalled bet ($0.07) returned to Hero
*** SHOWDOWN ***
Hero collected $0.12 from pot
*** SUMMARY ***
Total pot $0.12 | Rake $0 | Jackpot $0 | Bingo $0 | Fortune $0 | Tax $0
Seat 1: eb7ba770 (small blind) folded before Flop
Seat 2: eba237dd (big blind) folded before Flop
Seat 3: ce54ec2c folded before Flop (didn't bet)
Seat 4: 805fba7 folded before Flop (didn't bet)
Seat 5: 25ea3b7b folded before Flop (didn't bet)
Seat 6: Hero (button) collected ($0.12)


Poker Hand #HD1741531367: Hold'em No Limit ($0.02/$0.05) - 2024/04/22 14:36:31
Table 'NLHBlue32' 6-max Seat #5 is the button
Seat 1: eb7ba770 ($3.98 in chips)
Seat 2: eba237dd ($5.41 in chips)
Seat 3: ce54ec2c ($4.96 in chips)
Seat 4: 805fba7 ($6.46 in chips)
Seat 5: 25ea3b7b ($6.73 in chips)
Seat 6: Hero ($10.12 in chips)
Hero: posts small blind $0.02
eb7ba770: posts big blind $0.05
*** HOLE CARDS ***
Dealt to eb7ba770 
Dealt to eba237dd 
Dealt to ce54ec2c 
Dealt to 805fba7 
Dealt to 25ea3b7b 
Dealt to Hero [Qd 9d]
eba237dd: folds
ce54ec2c: folds
805fba7: folds
25ea3b7b: folds
Hero: raises $0.1 to $0.15
eb7ba770: folds
Uncalled bet ($0.1) returned to Hero
*** SHOWDOWN ***
Hero collected $0.1 from pot
*** SUMMARY ***
Total pot $0.1 | Rake $0 | Jackpot $0 | Bingo $0 | Fortune $0 | Tax $0
Seat 1: eb7ba770 (big blind) folded before Flop
Seat 2: eba237dd folded before Flop (didn't bet)
Seat 3: ce54ec2c folded before Flop (didn't bet)
Seat 4: 805fba7 folded before Flop (didn't bet)
Seat 5: 25ea3b7b (button) folded before Flop (didn't bet)
Seat 6: Hero (small blind) collected ($0.1)


Poker Hand #HD1741531307: Hold'em No Limit ($0.02/$0.05) - 2024/04/22 14:36:00
Table 'NLHBlue32' 6-max Seat #4 is the button
Seat 1: eb7ba770 ($4.08 in chips)
Seat 2: eba237dd ($5.41 in chips)
Seat 3: ce54ec2c ($4.96 in chips)
Seat 4: 805fba7 ($6.3 in chips)
Seat 5: 25ea3b7b ($6.75 in chips)
Seat 6: Hero ($10.17 in chips)
25ea3b7b: posts small blind $0.02
Hero: posts big blind $0.05
*** HOLE CARDS ***
Dealt to eb7ba770 
Dealt to eba237dd 
Dealt to ce54ec2c 
Dealt to 805fba7 
Dealt to 25ea3b7b 
Dealt to Hero [Qs 2c]
eb7ba770: raises $0.05 to $0.1
eba237dd: folds
ce54ec2c: folds
805fba7: raises $0.25 to $0.35
25ea3b7b: folds
Hero: folds
eb7ba770: folds
Uncalled bet ($0.25) returned to 805fba7
*** SHOWDOWN ***
805fba7 collected $0.26 from pot
*** SUMMARY ***
Total pot $0.27 | Rake $0.01 | Jackpot $0 | Bingo $0 | Fortune $0 | Tax $0
Seat 1: eb7ba770 folded before Flop
Seat 2: eba237dd folded before Flop (didn't bet)
Seat 3: ce54ec2c folded before Flop (didn't bet)
Seat 4: 805fba7 (button) collected ($0.26)
Seat 5: 25ea3b7b (small blind) folded before Flop
Seat 6: Hero (big blind) folded before Flop


Poker Hand #HD1741531276: Hold'em No Limit ($0.02/$0.05) - 2024/04/22 14:35:44
Table 'NLHBlue32' 6-max Seat #3 is the button
Seat 1: eb7ba770 ($4.08 in chips)
Seat 2: eba237dd ($5.41 in chips)
Seat 3: ce54ec2c ($4.96 in chips)
Seat 4: 805fba7 ($6.32 in chips)
Seat 5: 25ea3b7b ($6.73 in chips)
Seat 6: Hero ($10.17 in chips)
805fba7: posts small blind $0.02
25ea3b7b: posts big blind $0.05
*** HOLE CARDS ***
Dealt to eb7ba770 
Dealt to eba237dd 
Dealt to ce54ec2c 
Dealt to 805fba7 
Dealt to 25ea3b7b 
Dealt to Hero [7s 8s]
Hero: folds
eb7ba770: folds
eba237dd: folds
ce54ec2c: folds
805fba7: folds
Uncalled bet ($0.03) returned to 25ea3b7b
*** SHOWDOWN ***
25ea3b7b collected $0.04 from pot
*** SUMMARY ***
Total pot $0.04 | Rake $0 | Jackpot $0 | Bingo $0 | Fortune $0 | Tax $0
Seat 1: eb7ba770 folded before Flop (didn't bet)
Seat 2: eba237dd folded before Flop (didn't bet)
Seat 3: ce54ec2c (button) folded before Flop (didn't bet)
Seat 4: 805fba7 (small blind) folded before Flop
Seat 5: 25ea3b7b (big blind) collected ($0.04)
Seat 6: Hero folded before Flop (didn't bet)


Poker Hand #HD1741531201: Hold'em No Limit ($0.02/$0.05) - 2024/04/22 14:35:05
Table 'NLHBlue32' 6-max Seat #2 is the button
Seat 1: eb7ba770 ($4.08 in chips)
Seat 2: eba237dd ($5.41 in chips)
Seat 3: ce54ec2c ($4.98 in chips)
Seat 4: 805fba7 ($6.37 in chips)
Seat 5: 25ea3b7b ($6.88 in chips)
Seat 6: Hero ($9.96 in chips)
ce54ec2c: posts small blind $0.02
805fba7: posts big blind $0.05
*** HOLE CARDS ***
Dealt to eb7ba770 
Dealt to eba237dd 
Dealt to ce54ec2c 
Dealt to 805fba7 
Dealt to 25ea3b7b 
Dealt to Hero [Ks Ac]
25ea3b7b: calls $0.05
Hero: raises $0.1 to $0.15
eb7ba770: folds
eba237dd: folds
ce54ec2c: folds
805fba7: folds
25ea3b7b: calls $0.1
*** FLOP *** [3d 2d 4d]
25ea3b7b: checks
Hero: checks
*** TURN *** [3d 2d 4d] [6h]
25ea3b7b: checks
Hero: checks
*** RIVER *** [3d 2d 4d 6h] [9s]
25ea3b7b: checks
Hero: checks
25ea3b7b: shows [Qs Td] (Queen-High)
Hero: shows [Ks Ac] (Ace-High)
*** SHOWDOWN ***
Hero collected $0.36 from pot
*** SUMMARY ***
Total pot $0.37 | Rake $0.01 | Jackpot $0 | Bingo $0 | Fortune $0 | Tax $0
Board [3d 2d 4d 6h 9s]
Seat 1: eb7ba770 folded before Flop (didn't bet)
Seat 2: eba237dd (button) folded before Flop (didn't bet)
Seat 3: ce54ec2c (small blind) folded before Flop
Seat 4: 805fba7 (big blind) folded before Flop
Seat 5: 25ea3b7b showed [Qs Td] and lost with Queen-High
Seat 6: Hero showed [Ks Ac] and won ($0.36) with Ace-High


Poker Hand #HD1741531148: Hold'em No Limit ($0.02/$0.05) - 2024/04/22 14:34:37
Table 'NLHBlue32' 6-max Seat #1 is the button
Seat 1: eb7ba770 ($4.08 in chips)
Seat 2: eba237dd ($5.36 in chips)
Seat 3: ce54ec2c ($5.03 in chips)
Seat 4: 805fba7 ($6.37 in chips)
Seat 5: 25ea3b7b ($6.88 in chips)
Seat 6: Hero ($9.96 in chips)
eba237dd: posts small blind $0.02
ce54ec2c: posts big blind $0.05
*** HOLE CARDS ***
Dealt to eb7ba770 
Dealt to eba237dd 
Dealt to ce54ec2c 
Dealt to 805fba7 
Dealt to 25ea3b7b 
Dealt to Hero [5s 3s]
805fba7: folds
25ea3b7b: folds
Hero: folds
eb7ba770: folds
eba237dd: raises $0.08 to $0.13
ce54ec2c: folds
Uncalled bet ($0.08) returned to eba237dd
*** SHOWDOWN ***
eba237dd collected $0.1 from pot
*** SUMMARY ***
Total pot $0.1 | Rake $0 | Jackpot $0 | Bingo $0 | Fortune $0 | Tax $0
Seat 1: eb7ba770 (button) folded before Flop (didn't bet)
Seat 2: eba237dd (small blind) collected ($0.1)
Seat 3: ce54ec2c (big blind) folded before Flop
Seat 4: 805fba7 folded before Flop (didn't bet)
Seat 5: 25ea3b7b folded before Flop (didn't bet)
Seat 6: Hero folded before Flop (didn't bet)


Poker Hand #HD1741531016: Hold'em No Limit ($0.02/$0.05) - 2024/04/22 14:33:37
Table 'NLHBlue32' 6-max Seat #6 is the button
Seat 1: eb7ba770 ($4.23 in chips)
Seat 2: eba237dd ($5.22 in chips)
Seat 3: ce54ec2c ($5.03 in chips)
Seat 4: 805fba7 ($6.37 in chips)
Seat 5: 25ea3b7b ($6.88 in chips)
Seat 6: Hero ($9.96 in chips)
eb7ba770: posts small blind $0.02
eba237dd: posts big blind $0.05
*** HOLE CARDS ***
Dealt to eb7ba770 
Dealt to eba237dd 
Dealt to ce54ec2c 
Dealt to 805fba7 
Dealt to 25ea3b7b 
Dealt to Hero [Tc 5d]
ce54ec2c: folds
805fba7: folds
25ea3b7b: folds
Hero: folds
eb7ba770: raises $0.1 to $0.15
eba237dd: calls $0.1
*** FLOP *** [2d Qs Qh]
eb7ba770: checks
eba237dd: checks
*** TURN *** [2d Qs Qh] [6s]
eb7ba770: checks
eba237dd: checks
*** RIVER *** [2d Qs Qh 6s] [8c]
eb7ba770: checks
eba237dd: checks
eb7ba770: shows [Kd 9h] (Pair of Queens)
eba237dd: shows [8d Ad] (Pair of Queens and Pair of Eights)
*** SHOWDOWN ***
eba237dd collected $0.29 from pot
*** SUMMARY ***
Total pot $0.3 | Rake $0.01 | Jackpot $0 | Bingo $0 | Fortune $0 | Tax $0
Board [2d Qs Qh 6s 8c]
Seat 1: eb7ba770 (small blind) showed [Kd 9h] and lost with Pair of Queens
Seat 2: eba237dd (big blind) showed [8d Ad] and won ($0.29) with Pair of Queens and Pair of Eights
Seat 3: ce54ec2c folded before Flop (didn't bet)
Seat 4: 805fba7 folded before Flop (didn't bet)
Seat 5: 25ea3b7b folded before Flop (didn't bet)
Seat 6: Hero (button) folded before Flop (didn't bet)


Poker Hand #HD1741530992: Hold'em No Limit ($0.02/$0.05) - 2024/04/22 14:33:27
Table 'NLHBlue32' 6-max Seat #5 is the button
Seat 1: eb7ba770 ($4.28 in chips)
Seat 2: eba237dd ($5.15 in chips)
Seat 3: ce54ec2c ($5.03 in chips)
Seat 4: 805fba7 ($6.37 in chips)
Seat 5: 25ea3b7b ($6.88 in chips)
Seat 6: Hero ($9.98 in chips)
Hero: posts small blind $0.02
eb7ba770: posts big blind $0.05
*** HOLE CARDS ***
Dealt to eb7ba770 
Dealt to eba237dd 
Dealt to ce54ec2c 
Dealt to 805fba7 
Dealt to 25ea3b7b 
Dealt to Hero [Tc 3s]
eba237dd: raises $0.08 to $0.13
ce54ec2c: folds
805fba7: folds
25ea3b7b: folds
Hero: folds
eb7ba770: folds
Uncalled bet ($0.08) returned to eba237dd
*** SHOWDOWN ***
eba237dd collected $0.12 from pot
*** SUMMARY ***
Total pot $0.12 | Rake $0 | Jackpot $0 | Bingo $0 | Fortune $0 | Tax $0
Seat 1: eb7ba770 (big blind) folded before Flop
Seat 2: eba237dd collected ($0.12)
Seat 3: ce54ec2c folded before Flop (didn't bet)
Seat 4: 805fba7 folded before Flop (didn't bet)
Seat 5: 25ea3b7b (button) folded before Flop (didn't bet)
Seat 6: Hero (small blind) folded before Flop


Poker Hand #HD1741530894: Hold'em No Limit ($0.02/$0.05) - 2024/04/22 14:32:30
Table 'NLHBlue32' 6-max Seat #4 is the button
Seat 1: eb7ba770 ($4.28 in chips)
Seat 2: eba237dd ($5.15 in chips)
Seat 3: ce54ec2c ($5.03 in chips)
Seat 4: 805fba7 ($6.74 in chips)
Seat 5: 25ea3b7b ($6.5 in chips)
Seat 6: Hero ($10.03 in chips)
25ea3b7b: posts small blind $0.02
Hero: posts big blind $0.05
*** HOLE CARDS ***
Dealt to eb7ba770 
Dealt to eba237dd 
Dealt to ce54ec2c 
Dealt to 805fba7 
Dealt to 25ea3b7b 
Dealt to Hero [3s 2d]
eb7ba770: folds
eba237dd: folds
ce54ec2c: folds
805fba7: raises $0.08 to $0.13
25ea3b7b: raises $0.24 to $0.37
Hero: folds
805fba7: calls $0.24
*** FLOP *** [4d 7d Qc]
25ea3b7b: bets $1.26
805fba7: folds
Uncalled bet ($1.26) returned to 25ea3b7b
*** SHOWDOWN ***
25ea3b7b collected $0.75 from pot
*** SUMMARY ***
Total pot $0.79 | Rake $0.04 | Jackpot $0 | Bingo $0 | Fortune $0 | Tax $0
Board [4d 7d Qc]
Seat 1: eb7ba770 folded before Flop (didn't bet)
Seat 2: eba237dd folded before Flop (didn't bet)
Seat 3: ce54ec2c folded before Flop (didn't bet)
Seat 4: 805fba7 (button) folded on the Flop
Seat 5: 25ea3b7b (small blind) won ($0.75)
Seat 6: Hero (big blind) folded before Flop


Poker Hand #HD1741530752: Hold'em No Limit ($0.02/$0.05) - 2024/04/22 14:31:19
Table 'NLHBlue32' 6-max Seat #3 is the button
Seat 1: eb7ba770 ($4.09 in chips)
Seat 2: eba237dd ($5.15 in chips)
Seat 3: ce54ec2c ($5.03 in chips)
Seat 4: 805fba7 ($6.76 in chips)
Seat 5: 25ea3b7b ($6.68 in chips)
Seat 6: Hero ($10.03 in chips)
805fba7: posts small blind $0.02
25ea3b7b: posts big blind $0.05
*** HOLE CARDS ***
Dealt to eb7ba770 
Dealt to eba237dd 
Dealt to ce54ec2c 
Dealt to 805fba7 
Dealt to 25ea3b7b 
Dealt to Hero [Kc 5h]
Hero: folds
eb7ba770: raises $0.05 to $0.1
eba237dd: folds
ce54ec2c: folds
805fba7: folds
25ea3b7b: calls $0.05
*** FLOP *** [5c Ks 9h]
25ea3b7b: checks
eb7ba770: bets $0.08
25ea3b7b: calls $0.08
*** TURN *** [5c Ks 9h] [Qh]
25ea3b7b: checks
eb7ba770: bets $0.13
25ea3b7b: folds
Uncalled bet ($0.13) returned to eb7ba770
*** SHOWDOWN ***
eb7ba770 collected $0.37 from pot
*** SUMMARY ***
Total pot $0.38 | Rake $0.01 | Jackpot $0 | Bingo $0 | Fortune $0 | Tax $0
Board [5c Ks 9h Qh]
Seat 1: eb7ba770 won ($0.37)
Seat 2: eba237dd folded before Flop (didn't bet)
Seat 3: ce54ec2c (button) folded before Flop (didn't bet)
Seat 4: 805fba7 (small blind) folded before Flop
Seat 5: 25ea3b7b (big blind) folded on the Turn
Seat 6: Hero folded before Flop (didn't bet)


Poker Hand #HD1741530690: Hold'em No Limit ($0.02/$0.05) - 2024/04/22 14:30:49
Table 'NLHBlue32' 6-max Seat #2 is the button
Seat 1: eb7ba770 ($4.09 in chips)
Seat 2: eba237dd ($5.28 in chips)
Seat 3: ce54ec2c ($5.05 in chips)
Seat 4: 805fba7 ($6.62 in chips)
Seat 5: 25ea3b7b ($6.68 in chips)
Seat 6: Hero ($10.03 in chips)
ce54ec2c: posts small blind $0.02
805fba7: posts big blind $0.05
*** HOLE CARDS ***
Dealt to eb7ba770 
Dealt to eba237dd 
Dealt to ce54ec2c 
Dealt to 805fba7 
Dealt to 25ea3b7b 
Dealt to Hero [8d Tc]
25ea3b7b: folds
Hero: folds
eb7ba770: folds
eba237dd: raises $0.08 to $0.13
ce54ec2c: folds
805fba7: raises $0.42 to $0.55
eba237dd: folds
Uncalled bet ($0.42) returned to 805fba7
*** SHOWDOWN ***
805fba7 collected $0.27 from pot
*** SUMMARY ***
Total pot $0.28 | Rake $0.01 | Jackpot $0 | Bingo $0 | Fortune $0 | Tax $0
Seat 1: eb7ba770 folded before Flop (didn't bet)
Seat 2: eba237dd (button) folded before Flop
Seat 3: ce54ec2c (small blind) folded before Flop
Seat 4: 805fba7 (big blind) collected ($0.27)
Seat 5: 25ea3b7b folded before Flop (didn't bet)
Seat 6: Hero folded before Flop (didn't bet)


Poker Hand #HD1741530680: Hold'em No Limit ($0.02/$0.05) - 2024/04/22 14:30:42
Table 'NLHBlue32' 6-max Seat #1 is the button
Seat 1: eb7ba770 ($4.09 in chips)
Seat 2: eba237dd ($5.3 in chips)
Seat 3: ce54ec2c ($5.03 in chips)
Seat 4: 805fba7 ($6.62 in chips)
Seat 5: 25ea3b7b ($6.68 in chips)
Seat 6: Hero ($10.03 in chips)
eba237dd: posts small blind $0.02
ce54ec2c: posts big blind $0.05
*** HOLE CARDS ***
Dealt to eb7ba770 
Dealt to eba237dd 
Dealt to ce54ec2c 
Dealt to 805fba7 
Dealt to 25ea3b7b 
Dealt to Hero [Qs 2h]
805fba7: folds
25ea3b7b: folds
Hero: folds
eb7ba770: folds
eba237dd: folds
Uncalled bet ($0.03) returned to ce54ec2c
*** SHOWDOWN ***
ce54ec2c collected $0.04 from pot
*** SUMMARY ***
Total pot $0.04 | Rake $0 | Jackpot $0 | Bingo $0 | Fortune $0 | Tax $0
Seat 1: eb7ba770 (button) folded before Flop (didn't bet)
Seat 2: eba237dd (small blind) folded before Flop
Seat 3: ce54ec2c (big blind) collected ($0.04)
Seat 4: 805fba7 folded before Flop (didn't bet)
Seat 5: 25ea3b7b folded before Flop (didn't bet)
Seat 6: Hero folded before Flop (didn't bet)


Poker Hand #HD1741530604: Hold'em No Limit ($0.02/$0.05) - 2024/04/22 14:30:04
Table 'NLHBlue32' 6-max Seat #6 is the button
Seat 1: eb7ba770 ($4.11 in chips)
Seat 2: eba237dd ($5 in chips)
Seat 3: ce54ec2c ($5.13 in chips)
Seat 4: 805fba7 ($6.72 in chips)
Seat 5: 25ea3b7b ($6.78 in chips)
Seat 6: Hero ($10.03 in chips)
eb7ba770: posts small blind $0.02
eba237dd: posts big blind $0.05
*** HOLE CARDS ***
Dealt to eb7ba770 
Dealt to eba237dd 
Dealt to ce54ec2c 
Dealt to 805fba7 
Dealt to 25ea3b7b 
Dealt to Hero [2s 6s]
ce54ec2c: raises $0.05 to $0.1
805fba7: calls $0.1
25ea3b7b: calls $0.1
Hero: folds
eb7ba770: folds
eba237dd: raises $0.5 to $0.6
ce54ec2c: folds
805fba7: folds
25ea3b7b: folds
Uncalled bet ($0.5) returned to eba237dd
*** SHOWDOWN ***
eba237dd collected $0.4 from pot
*** SUMMARY ***
Total pot $0.42 | Rake $0.02 | Jackpot $0 | Bingo $0 | Fortune $0 | Tax $0
Seat 1: eb7ba770 (small blind) folded before Flop
Seat 2: eba237dd (big blind) collected ($0.4)
Seat 3: ce54ec2c folded before Flop
Seat 4: 805fba7 folded before Flop
Seat 5: 25ea3b7b folded before Flop
Seat 6: Hero (button) folded before Flop (didn't bet)


Poker Hand #HD1741530582: Hold'em No Limit ($0.02/$0.05) - 2024/04/22 14:29:53
Table 'NLHBlue32' 6-max Seat #5 is the button
Seat 1: eb7ba770 ($4.09 in chips)
Seat 2: eba237dd ($5 in chips)
Seat 3: ce54ec2c ($5.13 in chips)
Seat 4: 805fba7 ($6.72 in chips)
Seat 5: 25ea3b7b ($6.78 in chips)
Seat 6: Hero ($10.05 in chips)
Hero: posts small blind $0.02
eb7ba770: posts big blind $0.05
*** HOLE CARDS ***
Dealt to eb7ba770 
Dealt to eba237dd 
Dealt to ce54ec2c 
Dealt to 805fba7 
Dealt to 25ea3b7b 
Dealt to Hero [3h 2h]
eba237dd: folds
ce54ec2c: folds
805fba7: folds
25ea3b7b: folds
Hero: folds
Uncalled bet ($0.03) returned to eb7ba770
*** SHOWDOWN ***
eb7ba770 collected $0.04 from pot
*** SUMMARY ***
Total pot $0.04 | Rake $0 | Jackpot $0 | Bingo $0 | Fortune $0 | Tax $0
Seat 1: eb7ba770 (big blind) collected ($0.04)
Seat 2: eba237dd folded before Flop (didn't bet)
Seat 3: ce54ec2c folded before Flop (didn't bet)
Seat 4: 805fba7 folded before Flop (didn't bet)
Seat 5: 25ea3b7b (button) folded before Flop (didn't bet)
Seat 6: Hero (small blind) folded before Flop


Poker Hand #HD1741530540: Hold'em No Limit ($0.02/$0.05) - 2024/04/22 14:29:33
Table 'NLHBlue32' 6-max Seat #4 is the button
Seat 2: eba237dd ($5 in chips)
Seat 3: ce54ec2c ($5.13 in chips)
Seat 4: 805fba7 ($6.72 in chips)
Seat 5: 25ea3b7b ($6.8 in chips)
Seat 6: Hero ($10.03 in chips)
25ea3b7b: posts small blind $0.02
Hero: posts big blind $0.05
*** HOLE CARDS ***
Dealt to eba237dd 
Dealt to ce54ec2c 
Dealt to 805fba7 
Dealt to 25ea3b7b 
Dealt to Hero [4d Kh]
eba237dd: folds
ce54ec2c: folds
805fba7: folds
25ea3b7b: folds
Uncalled bet ($0.03) returned to Hero
*** SHOWDOWN ***
Hero collected $0.04 from pot
*** SUMMARY ***
Total pot $0.04 | Rake $0 | Jackpot $0 | Bingo $0 | Fortune $0 | Tax $0
Seat 2: eba237dd folded before Flop (didn't bet)
Seat 3: ce54ec2c folded before Flop (didn't bet)
Seat 4: 805fba7 (button) folded before Flop (didn't bet)
Seat 5: 25ea3b7b (small blind) folded before Flop
Seat 6: Hero (big blind) collected ($0.04)


Poker Hand #HD1741530222: Hold'em No Limit ($0.02/$0.05) - 2024/04/22 14:27:00
Table 'NLHBlue32' 6-max Seat #4 is the button
Seat 1: eb7ba770 ($4.09 in chips)
Seat 2: eba237dd ($5.12 in chips)
Seat 3: ce54ec2c ($5 in chips)
Seat 4: 805fba7 ($6.79 in chips)
Seat 5: 25ea3b7b ($6.57 in chips)
Seat 6: Hero ($10.08 in chips)
25ea3b7b: posts small blind $0.02
Hero: posts big blind $0.05
*** HOLE CARDS ***
Dealt to eb7ba770 
Dealt to eba237dd 
Dealt to ce54ec2c 
Dealt to 805fba7 
Dealt to 25ea3b7b 
Dealt to Hero [Qc 4s]
eb7ba770: folds
eba237dd: raises $0.08 to $0.13
ce54ec2c: raises $0.25 to $0.38
805fba7: folds
25ea3b7b: folds
Hero: folds
eba237dd: folds
Uncalled bet ($0.25) returned to ce54ec2c
*** SHOWDOWN ***
ce54ec2c collected $0.32 from pot
*** SUMMARY ***
Total pot $0.33 | Rake $0.01 | Jackpot $0 | Bingo $0 | Fortune $0 | Tax $0
Seat 1: eb7ba770 folded before Flop (didn't bet)
Seat 2: eba237dd folded before Flop
Seat 3: ce54ec2c collected ($0.32)
Seat 4: 805fba7 (button) folded before Flop (didn't bet)
Seat 5: 25ea3b7b (small blind) folded before Flop
Seat 6: Hero (big blind) folded before Flop


Poker Hand #HD1741530118: Hold'em No Limit ($0.02/$0.05) - 2024/04/22 14:26:09
Table 'NLHBlue32' 6-max Seat #3 is the button
Seat 1: eb7ba770 ($4.09 in chips)
Seat 2: eba237dd ($5.12 in chips)
Seat 3: ce54ec2c ($5.18 in chips)
Seat 4: 805fba7 ($7.24 in chips)
Seat 5: 25ea3b7b ($5.73 in chips)
Seat 6: Hero ($10.08 in chips)
805fba7: posts small blind $0.02
25ea3b7b: posts big blind $0.05
*** HOLE CARDS ***
Dealt to eb7ba770 
Dealt to eba237dd 
Dealt to ce54ec2c 
Dealt to 805fba7 
Dealt to 25ea3b7b 
Dealt to Hero [Qd 4d]
Hero: folds
eb7ba770: folds
eba237dd: folds
ce54ec2c: raises $0.05 to $0.1
805fba7: raises $0.35 to $0.45
25ea3b7b: calls $0.4
ce54ec2c: calls $0.35
*** FLOP *** [Th 6s 6d]
805fba7: checks
25ea3b7b: bets $0.45
ce54ec2c: folds
805fba7: folds
Uncalled bet ($0.45) returned to 25ea3b7b
*** SHOWDOWN ***
25ea3b7b collected $1.29 from pot
*** SUMMARY ***
Total pot $1.35 | Rake $0.06 | Jackpot $0 | Bingo $0 | Fortune $0 | Tax $0
Board [Th 6s 6d]
Seat 1: eb7ba770 folded before Flop (didn't bet)
Seat 2: eba237dd folded before Flop (didn't bet)
Seat 3: ce54ec2c (button) folded on the Flop
Seat 4: 805fba7 (small blind) folded on the Flop
Seat 5: 25ea3b7b (big blind) won ($1.29)
Seat 6: Hero folded before Flop (didn't bet)


Poker Hand #HD1741530037: Hold'em No Limit ($0.02/$0.05) - 2024/04/22 14:25:25
Table 'NLHBlue32' 6-max Seat #2 is the button
Seat 1: eb7ba770 ($4.09 in chips)
Seat 2: eba237dd ($5.12 in chips)
Seat 3: ce54ec2c ($5.2 in chips)
Seat 4: 805fba7 ($7.47 in chips)
Seat 5: 25ea3b7b ($5.5 in chips)
Seat 6: Hero ($10.08 in chips)
ce54ec2c: posts small blind $0.02
805fba7: posts big blind $0.05
*** HOLE CARDS ***
Dealt to eb7ba770 
Dealt to eba237dd 
Dealt to ce54ec2c 
Dealt to 805fba7 
Dealt to 25ea3b7b 
Dealt to Hero [Qh 5d]
25ea3b7b: calls $0.05
Hero: folds
eb7ba770: folds
eba237dd: folds
ce54ec2c: folds
805fba7: checks
*** FLOP *** [Ad Qd Jc]
805fba7: checks
25ea3b7b: bets $0.06
805fba7: calls $0.06
*** TURN *** [Ad Qd Jc] [As]
805fba7: checks
25ea3b7b: bets $0.12
805fba7: calls $0.12
*** RIVER *** [Ad Qd Jc As] [7h]
805fba7: checks
25ea3b7b: checks
805fba7: shows [Jd 9h] (Pair of Aces and Pair of Jacks)
25ea3b7b: shows [Ts Ac] (Three Aces)
*** SHOWDOWN ***
25ea3b7b collected $0.46 from pot
*** SUMMARY ***
Total pot $0.48 | Rake $0.02 | Jackpot $0 | Bingo $0 | Fortune $0 | Tax $0
Board [Ad Qd Jc As 7h]
Seat 1: eb7ba770 folded before Flop (didn't bet)
Seat 2: eba237dd (button) folded before Flop (didn't bet)
Seat 3: ce54ec2c (small blind) folded before Flop
Seat 4: 805fba7 (big blind) showed [Jd 9h] and lost with Pair of Aces and Pair of Jacks
Seat 5: 25ea3b7b showed [Ts Ac] and won ($0.46) with Three Aces
Seat 6: Hero folded before Flop (didn't bet)


Poker Hand #HD1741529965: Hold'em No Limit ($0.02/$0.05) - 2024/04/22 14:24:46
Table 'NLHBlue32' 6-max Seat #1 is the button
Seat 1: eb7ba770 ($4.24 in chips)
Seat 2: eba237dd ($5.14 in chips)
Seat 3: ce54ec2c ($5.04 in chips)
Seat 4: 805fba7 ($7.47 in chips)
Seat 5: 25ea3b7b ($5.5 in chips)
Seat 6: Hero ($10.08 in chips)
eba237dd: posts small blind $0.02
ce54ec2c: posts big blind $0.05
*** HOLE CARDS ***
Dealt to eb7ba770 
Dealt to eba237dd 
Dealt to ce54ec2c 
Dealt to 805fba7 
Dealt to 25ea3b7b 
Dealt to Hero [2s 4d]
805fba7: folds
25ea3b7b: folds
Hero: folds
eb7ba770: raises $0.1 to $0.15
eba237dd: folds
ce54ec2c: raises $0.45 to $0.6
eb7ba770: folds
Uncalled bet ($0.45) returned to ce54ec2c
*** SHOWDOWN ***
ce54ec2c collected $0.31 from pot
*** SUMMARY ***
Total pot $0.32 | Rake $0.01 | Jackpot $0 | Bingo $0 | Fortune $0 | Tax $0
Seat 1: eb7ba770 (button) folded before Flop
Seat 2: eba237dd (small blind) folded before Flop
Seat 3: ce54ec2c (big blind) collected ($0.31)
Seat 4: 805fba7 folded before Flop (didn't bet)
Seat 5: 25ea3b7b folded before Flop (didn't bet)
Seat 6: Hero folded before Flop (didn't bet)


Poker Hand #HD1741529873: Hold'em No Limit ($0.02/$0.05) - 2024/04/22 14:24:05
Table 'NLHBlue32' 6-max Seat #6 is the button
Seat 1: eb7ba770 ($4.39 in chips)
Seat 2: eba237dd ($5 in chips)
Seat 3: ce54ec2c ($5.04 in chips)
Seat 4: 805fba7 ($7.47 in chips)
Seat 5: 25ea3b7b ($5.5 in chips)
Seat 6: Hero ($10.08 in chips)
eb7ba770: posts small blind $0.02
eba237dd: posts big blind $0.05
*** HOLE CARDS ***
Dealt to eb7ba770 
Dealt to eba237dd 
Dealt to ce54ec2c 
Dealt to 805fba7 
Dealt to 25ea3b7b 
Dealt to Hero [4s 9s]
ce54ec2c: folds
805fba7: folds
25ea3b7b: folds
Hero: folds
eb7ba770: raises $0.1 to $0.15
eba237dd: raises $0.23 to $0.38
eb7ba770: folds
Uncalled bet ($0.23) returned to eba237dd
*** SHOWDOWN ***
eba237dd collected $0.29 from pot
*** SUMMARY ***
Total pot $0.3 | Rake $0.01 | Jackpot $0 | Bingo $0 | Fortune $0 | Tax $0
Seat 1: eb7ba770 (small blind) folded before Flop
Seat 2: eba237dd (big blind) collected ($0.29)
Seat 3: ce54ec2c folded before Flop (didn't bet)
Seat 4: 805fba7 folded before Flop (didn't bet)
Seat 5: 25ea3b7b folded before Flop (didn't bet)
Seat 6: Hero (button) folded before Flop (didn't bet)


Poker Hand #HD1741529840: Hold'em No Limit ($0.02/$0.05) - 2024/04/22 14:23:48
Table 'NLHBlue32' 6-max Seat #5 is the button
Seat 1: eb7ba770 ($4.44 in chips)
Seat 2: eba237dd ($5 in chips)
Seat 3: ce54ec2c ($5.04 in chips)
Seat 4: 805fba7 ($7.4 in chips)
Seat 5: 25ea3b7b ($5.5 in chips)
Seat 6: Hero ($10.1 in chips)
Hero: posts small blind $0.02
eb7ba770: posts big blind $0.05
*** HOLE CARDS ***
Dealt to eb7ba770 
Dealt to eba237dd 
Dealt to ce54ec2c 
Dealt to 805fba7 
Dealt to 25ea3b7b 
Dealt to Hero [5s Td]
eba237dd: folds
ce54ec2c: folds
805fba7: raises $0.08 to $0.13
25ea3b7b: folds
Hero: folds
eb7ba770: folds
Uncalled bet ($0.08) returned to 805fba7
*** SHOWDOWN ***
805fba7 collected $0.12 from pot
*** SUMMARY ***
Total pot $0.12 | Rake $0 | Jackpot $0 | Bingo $0 | Fortune $0 | Tax $0
Seat 1: eb7ba770 (big blind) folded before Flop
Seat 2: eba237dd folded before Flop (didn't bet)
Seat 3: ce54ec2c folded before Flop (didn't bet)
Seat 4: 805fba7 collected ($0.12)
Seat 5: 25ea3b7b (button) folded before Flop (didn't bet)
Seat 6: Hero (small blind) folded before Flop


Poker Hand #HD1741529814: Hold'em No Limit ($0.02/$0.05) - 2024/04/22 14:23:32
Table 'NLHBlue32' 6-max Seat #4 is the button
Seat 1: eb7ba770 ($4.44 in chips)
Seat 2: eba237dd ($5 in chips)
Seat 3: ce54ec2c ($5.04 in chips)
Seat 4: 805fba7 ($7.4 in chips)
Seat 5: 25ea3b7b ($5.45 in chips)
Seat 6: Hero ($10.15 in chips)
25ea3b7b: posts small blind $0.02
Hero: posts big blind $0.05
*** HOLE CARDS ***
Dealt to eb7ba770 
Dealt to eba237dd 
Dealt to ce54ec2c 
Dealt to 805fba7 
Dealt to 25ea3b7b 
Dealt to Hero [3h 4s]
eb7ba770: folds
eba237dd: folds
ce54ec2c: folds
805fba7: folds
25ea3b7b: raises $0.05 to $0.1
Hero: folds
Uncalled bet ($0.05) returned to 25ea3b7b
*** SHOWDOWN ***
25ea3b7b collected $0.1 from pot
*** SUMMARY ***
Total pot $0.1 | Rake $0 | Jackpot $0 | Bingo $0 | Fortune $0 | Tax $0
Seat 1: eb7ba770 folded before Flop (didn't bet)
Seat 2: eba237dd folded before Flop (didn't bet)
Seat 3: ce54ec2c folded before Flop (didn't bet)
Seat 4: 805fba7 (button) folded before Flop (didn't bet)
Seat 5: 25ea3b7b (small blind) collected ($0.1)
Seat 6: Hero (big blind) folded before Flop


Poker Hand #HD1741529725: Hold'em No Limit ($0.02/$0.05) - 2024/04/22 14:22:46
Table 'NLHBlue32' 6-max Seat #3 is the button
Seat 1: eb7ba770 ($4.33 in chips)
Seat 2: eba237dd ($5 in chips)
Seat 3: ce54ec2c ($5.04 in chips)
Seat 4: 805fba7 ($7.42 in chips)
Seat 5: 25ea3b7b ($5.55 in chips)
Seat 6: Hero ($10.15 in chips)
805fba7: posts small blind $0.02
25ea3b7b: posts big blind $0.05
*** HOLE CARDS ***
Dealt to eb7ba770 
Dealt to eba237dd 
Dealt to ce54ec2c 
Dealt to 805fba7 
Dealt to 25ea3b7b 
Dealt to Hero [4d Kh]
Hero: folds
eb7ba770: raises $0.05 to $0.1
eba237dd: folds
ce54ec2c: folds
805fba7: folds
25ea3b7b: calls $0.05
*** FLOP *** [6s Ks 6d]
25ea3b7b: checks
eb7ba770: checks
*** TURN *** [6s Ks 6d] [7c]
25ea3b7b: checks
eb7ba770: bets $0.11
25ea3b7b: folds
Uncalled bet ($0.11) returned to eb7ba770
*** SHOWDOWN ***
eb7ba770 collected $0.21 from pot
*** SUMMARY ***
Total pot $0.22 | Rake $0.01 | Jackpot $0 | Bingo $0 | Fortune $0 | Tax $0
Board [6s Ks 6d 7c]
Seat 1: eb7ba770 won ($0.21)
Seat 2: eba237dd folded before Flop (didn't bet)
Seat 3: ce54ec2c (button) folded before Flop (didn't bet)
Seat 4: 805fba7 (small blind) folded before Flop
Seat 5: 25ea3b7b (big blind) folded on the Turn
Seat 6: Hero folded before Flop (didn't bet)


Poker Hand #HD1741529680: Hold'em No Limit ($0.02/$0.05) - 2024/04/22 14:22:24
Table 'NLHBlue32' 6-max Seat #2 is the button
Seat 1: eb7ba770 ($4.33 in chips)
Seat 2: eba237dd ($5 in chips)
Seat 3: ce54ec2c ($5.06 in chips)
Seat 4: 805fba7 ($7.47 in chips)
Seat 5: 25ea3b7b ($5.55 in chips)
Seat 6: Hero ($10.08 in chips)
ce54ec2c: posts small blind $0.02
805fba7: posts big blind $0.05
*** HOLE CARDS ***
Dealt to eb7ba770 
Dealt to eba237dd 
Dealt to ce54ec2c 
Dealt to 805fba7 
Dealt to 25ea3b7b 
Dealt to Hero [Ad 9d]
25ea3b7b: folds
Hero: raises $0.05 to $0.1
eb7ba770: folds
eba237dd: folds
ce54ec2c: folds
805fba7: folds
Uncalled bet ($0.05) returned to Hero
*** SHOWDOWN ***
Hero collected $0.12 from pot
*** SUMMARY ***
Total pot $0.12 | Rake $0 | Jackpot $0 | Bingo $0 | Fortune $0 | Tax $0
Seat 1: eb7ba770 folded before Flop (didn't bet)
Seat 2: eba237dd (button) folded before Flop (didn't bet)
Seat 3: ce54ec2c (small blind) folded before Flop
Seat 4: 805fba7 (big blind) folded before Flop
Seat 5: 25ea3b7b folded before Flop (didn't bet)
Seat 6: Hero collected ($0.12)


Poker Hand #HD1741529543: Hold'em No Limit ($0.02/$0.05) - 2024/04/22 14:21:08
Table 'NLHBlue32' 6-max Seat #1 is the button
Seat 1: eb7ba770 ($4.86 in chips)
Seat 2: eba237dd ($5 in chips)
Seat 3: ce54ec2c ($5.11 in chips)
Seat 4: 805fba7 ($7.47 in chips)
Seat 5: 25ea3b7b ($5 in chips)
Seat 6: Hero ($10.08 in chips)
eba237dd: posts small blind $0.02
ce54ec2c: posts big blind $0.05
*** HOLE CARDS ***
Dealt to eb7ba770 
Dealt to eba237dd 
Dealt to ce54ec2c 
Dealt to 805fba7 
Dealt to 25ea3b7b 
Dealt to Hero [Qd 9c]
805fba7: folds
25ea3b7b: calls $0.05
Hero: folds
eb7ba770: raises $0.13 to $0.18
eba237dd: folds
ce54ec2c: folds
25ea3b7b: calls $0.13
*** FLOP *** [9s 3s 5c]
25ea3b7b: bets $0.15
eb7ba770: calls $0.15
*** TURN *** [9s 3s 5c] [Jh]
25ea3b7b: checks
eb7ba770: bets $0.2
25ea3b7b: calls $0.2
*** RIVER *** [9s 3s 5c Jh] [9h]
25ea3b7b: bets $0.38
eb7ba770: folds
Uncalled bet ($0.38) returned to 25ea3b7b
*** SHOWDOWN ***
25ea3b7b collected $1.08 from pot
*** SUMMARY ***
Total pot $1.13 | Rake $0.05 | Jackpot $0 | Bingo $0 | Fortune $0 | Tax $0
Board [9s 3s 5c Jh 9h]
Seat 1: eb7ba770 (button) folded on the River
Seat 2: eba237dd (small blind) folded before Flop
Seat 3: ce54ec2c (big blind) folded before Flop
Seat 4: 805fba7 folded before Flop (didn't bet)
Seat 5: 25ea3b7b won ($1.08)
Seat 6: Hero folded before Flop (didn't bet)


Poker Hand #HD1741529413: Hold'em No Limit ($0.02/$0.05) - 2024/04/22 14:20:04
Table 'NLHBlue32' 6-max Seat #6 is the button
Seat 1: eb7ba770 ($4.88 in chips)
Seat 2: eba237dd ($5.22 in chips)
Seat 3: ce54ec2c ($5.11 in chips)
Seat 4: 805fba7 ($6.63 in chips)
Seat 5: 25ea3b7b ($4.9 in chips)
Seat 6: Hero ($10.08 in chips)
eb7ba770: posts small blind $0.02
eba237dd: posts big blind $0.05
*** HOLE CARDS ***
Dealt to eb7ba770 
Dealt to eba237dd 
Dealt to ce54ec2c 
Dealt to 805fba7 
Dealt to 25ea3b7b 
Dealt to Hero [2h 4h]
ce54ec2c: folds
805fba7: raises $0.08 to $0.13
25ea3b7b: folds
Hero: folds
eb7ba770: folds
eba237dd: raises $0.36 to $0.49
805fba7: calls $0.36
*** FLOP *** [Qd 9h Qc]
eba237dd: bets $0.47
805fba7: calls $0.47
*** TURN *** [Qd 9h Qc] [3d]
eba237dd: checks
805fba7: bets $1.21
eba237dd: folds
Uncalled bet ($1.21) returned to 805fba7
*** SHOWDOWN ***
805fba7 collected $1.8 from pot
*** SUMMARY ***
Total pot $1.94 | Rake $0.09 | Jackpot $0.05 | Bingo $0 | Fortune $0 | Tax $0
Board [Qd 9h Qc 3d]
Seat 1: eb7ba770 (small blind) folded before Flop
Seat 2: eba237dd (big blind) folded on the Turn
Seat 3: ce54ec2c folded before Flop (didn't bet)
Seat 4: 805fba7 won ($1.8)
Seat 5: 25ea3b7b folded before Flop (didn't bet)
Seat 6: Hero (button) folded before Flop (didn't bet)


Poker Hand #HD1741529344: Hold'em No Limit ($0.02/$0.05) - 2024/04/22 14:19:30
Table 'NLHBlue32' 6-max Seat #5 is the button
Seat 1: eb7ba770 ($4.93 in chips)
Seat 2: eba237dd ($5.22 in chips)
Seat 3: ce54ec2c ($4.95 in chips)
Seat 4: 805fba7 ($6.63 in chips)
Seat 5: 25ea3b7b ($5 in chips)
Seat 6: Hero ($10.1 in chips)
Hero: posts small blind $0.02
eb7ba770: posts big blind $0.05
*** HOLE CARDS ***
Dealt to eb7ba770 
Dealt to eba237dd 
Dealt to ce54ec2c 
Dealt to 805fba7 
Dealt to 25ea3b7b 
Dealt to Hero [2c 7d]
eba237dd: folds
ce54ec2c: raises $0.05 to $0.1
805fba7: folds
25ea3b7b: calls $0.1
Hero: folds
eb7ba770: folds
*** FLOP *** [Kh 7c 8c]
ce54ec2c: bets $0.2
25ea3b7b: folds
Uncalled bet ($0.2) returned to ce54ec2c
*** SHOWDOWN ***
ce54ec2c collected $0.26 from pot
*** SUMMARY ***
Total pot $0.27 | Rake $0.01 | Jackpot $0 | Bingo $0 | Fortune $0 | Tax $0
Board [Kh 7c 8c]
Seat 1: eb7ba770 (big blind) folded before Flop
Seat 2: eba237dd folded before Flop (didn't bet)
Seat 3: ce54ec2c won ($0.26)
Seat 4: 805fba7 folded before Flop (didn't bet)
Seat 5: 25ea3b7b (button) folded on the Flop
Seat 6: Hero (small blind) folded before Flop


Poker Hand #HD1741529299: Hold'em No Limit ($0.02/$0.05) - 2024/04/22 14:19:10
Table 'NLHBlue32' 6-max Seat #4 is the button
Seat 1: eb7ba770 ($4.93 in chips)
Seat 2: eba237dd ($5.22 in chips)
Seat 3: ce54ec2c ($4.95 in chips)
Seat 4: 805fba7 ($6.63 in chips)
Seat 5: 25ea3b7b ($5.02 in chips)
Seat 6: Hero ($10.08 in chips)
25ea3b7b: posts small blind $0.02
Hero: posts big blind $0.05
*** HOLE CARDS ***
Dealt to eb7ba770 
Dealt to eba237dd 
Dealt to ce54ec2c 
Dealt to 805fba7 
Dealt to 25ea3b7b 
Dealt to Hero [Th 7h]
eb7ba770: folds
eba237dd: folds
ce54ec2c: folds
805fba7: folds
25ea3b7b: folds
Uncalled bet ($0.03) returned to Hero
*** SHOWDOWN ***
Hero collected $0.04 from pot
*** SUMMARY ***
Total pot $0.04 | Rake $0 | Jackpot $0 | Bingo $0 | Fortune $0 | Tax $0
Seat 1: eb7ba770 folded before Flop (didn't bet)
Seat 2: eba237dd folded before Flop (didn't bet)
Seat 3: ce54ec2c folded before Flop (didn't bet)
Seat 4: 805fba7 (button) folded before Flop (didn't bet)
Seat 5: 25ea3b7b (small blind) folded before Flop
Seat 6: Hero (big blind) collected ($0.04)


Poker Hand #HD1741529266: Hold'em No Limit ($0.02/$0.05) - 2024/04/22 14:18:46
Table 'NLHBlue32' 6-max Seat #3 is the button
Seat 1: eb7ba770 ($4.93 in chips)
Seat 2: eba237dd ($5.22 in chips)
Seat 3: ce54ec2c ($4.95 in chips)
Seat 4: 805fba7 ($6.65 in chips)
Seat 5: 25ea3b7b ($5 in chips)
Seat 6: Hero ($10.08 in chips)
805fba7: posts small blind $0.02
25ea3b7b: posts big blind $0.05
*** HOLE CARDS ***
Dealt to eb7ba770 
Dealt to eba237dd 
Dealt to ce54ec2c 
Dealt to 805fba7 
Dealt to 25ea3b7b 
Dealt to Hero [Js 5d]
Hero: folds
eb7ba770: folds
eba237dd: folds
ce54ec2c: folds
805fba7: folds
Uncalled bet ($0.03) returned to 25ea3b7b
*** SHOWDOWN ***
25ea3b7b collected $0.04 from pot
*** SUMMARY ***
Total pot $0.04 | Rake $0 | Jackpot $0 | Bingo $0 | Fortune $0 | Tax $0
Seat 1: eb7ba770 folded before Flop (didn't bet)
Seat 2: eba237dd folded before Flop (didn't bet)
Seat 3: ce54ec2c (button) folded before Flop (didn't bet)
Seat 4: 805fba7 (small blind) folded before Flop
Seat 5: 25ea3b7b (big blind) collected ($0.04)
Seat 6: Hero folded before Flop (didn't bet)


Poker Hand #HD1741529224: Hold'em No Limit ($0.02/$0.05) - 2024/04/22 14:18:21
Table 'NLHBlue32' 6-max Seat #2 is the button
Seat 1: eb7ba770 ($4.93 in chips)
Seat 2: eba237dd ($5.22 in chips)
Seat 3: ce54ec2c ($5.1 in chips)
Seat 4: 805fba7 ($6.51 in chips)
Seat 6: Hero ($10.08 in chips)
ce54ec2c: posts small blind $0.02
805fba7: posts big blind $0.05
*** HOLE CARDS ***
Dealt to eb7ba770 
Dealt to eba237dd 
Dealt to ce54ec2c 
Dealt to 805fba7 
Dealt to Hero [7h 3c]
Hero: folds
eb7ba770: folds
eba237dd: folds
ce54ec2c: raises $0.1 to $0.15
805fba7: raises $0.3 to $0.45
ce54ec2c: folds
Uncalled bet ($0.3) returned to 805fba7
*** SHOWDOWN ***
805fba7 collected $0.29 from pot
*** SUMMARY ***
Total pot $0.3 | Rake $0.01 | Jackpot $0 | Bingo $0 | Fortune $0 | Tax $0
Seat 1: eb7ba770 folded before Flop (didn't bet)
Seat 2: eba237dd (button) folded before Flop (didn't bet)
Seat 3: ce54ec2c (small blind) folded before Flop
Seat 4: 805fba7 (big blind) collected ($0.29)
Seat 6: Hero folded before Flop (didn't bet)


Poker Hand #HD1741529190: Hold'em No Limit ($0.02/$0.05) - 2024/04/22 14:18:07
Table 'NLHBlue32' 6-max Seat #1 is the button
Seat 1: eb7ba770 ($4.93 in chips)
Seat 2: eba237dd ($5.24 in chips)
Seat 3: ce54ec2c ($5.15 in chips)
Seat 4: 805fba7 ($6.44 in chips)
Seat 6: Hero ($10.08 in chips)
eba237dd: posts small blind $0.02
ce54ec2c: posts big blind $0.05
*** HOLE CARDS ***
Dealt to eb7ba770 
Dealt to eba237dd 
Dealt to ce54ec2c 
Dealt to 805fba7 
Dealt to Hero [7h 8h]
805fba7: raises $0.08 to $0.13
Hero: folds
eb7ba770: folds
eba237dd: folds
ce54ec2c: folds
Uncalled bet ($0.08) returned to 805fba7
*** SHOWDOWN ***
805fba7 collected $0.12 from pot
*** SUMMARY ***
Total pot $0.12 | Rake $0 | Jackpot $0 | Bingo $0 | Fortune $0 | Tax $0
Seat 1: eb7ba770 (button) folded before Flop (didn't bet)
Seat 2: eba237dd (small blind) folded before Flop
Seat 3: ce54ec2c (big blind) folded before Flop
Seat 4: 805fba7 collected ($0.12)
Seat 6: Hero folded before Flop (didn't bet)


Poker Hand #HD1741529076: Hold'em No Limit ($0.02/$0.05) - 2024/04/22 14:17:08
Table 'NLHBlue32' 6-max Seat #6 is the button
Seat 1: eb7ba770 ($4.95 in chips)
Seat 2: eba237dd ($5.37 in chips)
Seat 3: ce54ec2c ($5.15 in chips)
Seat 4: 805fba7 ($6.3 in chips)
Seat 6: Hero ($10.08 in chips)
eb7ba770: posts small blind $0.02
eba237dd: posts big blind $0.05
*** HOLE CARDS ***
Dealt to eb7ba770 
Dealt to eba237dd 
Dealt to ce54ec2c 
Dealt to 805fba7 
Dealt to Hero [2s 3h]
ce54ec2c: folds
805fba7: raises $0.08 to $0.13
Hero: folds
eb7ba770: folds
eba237dd: calls $0.08
*** FLOP *** [2d 3s 4d]
eba237dd: checks
805fba7: checks
*** TURN *** [2d 3s 4d] [6c]
eba237dd: checks
805fba7: bets $0.15
eba237dd: folds
Uncalled bet ($0.15) returned to 805fba7
*** SHOWDOWN ***
805fba7 collected $0.27 from pot
*** SUMMARY ***
Total pot $0.28 | Rake $0.01 | Jackpot $0 | Bingo $0 | Fortune $0 | Tax $0
Board [2d 3s 4d 6c]
Seat 1: eb7ba770 (small blind) folded before Flop
Seat 2: eba237dd (big blind) folded on the Turn
Seat 3: ce54ec2c folded before Flop (didn't bet)
Seat 4: 805fba7 won ($0.27)
Seat 6: Hero (button) folded before Flop (didn't bet)


Poker Hand #HD1741529059: Hold'em No Limit ($0.02/$0.05) - 2024/04/22 14:16:58
Table 'NLHBlue32' 6-max Seat #4 is the button
Seat 1: eb7ba770 ($5 in chips)
Seat 2: eba237dd ($5.37 in chips)
Seat 3: ce54ec2c ($5.15 in chips)
Seat 4: 805fba7 ($6.3 in chips)
Seat 6: Hero ($10.03 in chips)
Hero: posts small blind $0.02
eb7ba770: posts big blind $0.05
*** HOLE CARDS ***
Dealt to eb7ba770 
Dealt to eba237dd 
Dealt to ce54ec2c 
Dealt to 805fba7 
Dealt to Hero [Ad 7d]
eba237dd: folds
ce54ec2c: folds
805fba7: folds
Hero: raises $0.1 to $0.15
eb7ba770: folds
Uncalled bet ($0.1) returned to Hero
*** SHOWDOWN ***
Hero collected $0.1 from pot
*** SUMMARY ***
Total pot $0.1 | Rake $0 | Jackpot $0 | Bingo $0 | Fortune $0 | Tax $0
Seat 1: eb7ba770 (big blind) folded before Flop
Seat 2: eba237dd folded before Flop (didn't bet)
Seat 3: ce54ec2c folded before Flop (didn't bet)
Seat 4: 805fba7 (button) folded before Flop (didn't bet)
Seat 6: Hero (small blind) collected ($0.1)


Poker Hand #HD1741528990: Hold'em No Limit ($0.02/$0.05) - 2024/04/22 14:16:21
Table 'NLHBlue32' 6-max Seat #3 is the button
Seat 2: eba237dd ($5.37 in chips)
Seat 3: ce54ec2c ($5.15 in chips)
Seat 4: 805fba7 ($6.16 in chips)
Seat 6: Hero ($10.18 in chips)
805fba7: posts small blind $0.02
Hero: posts big blind $0.05
*** HOLE CARDS ***
Dealt to eba237dd 
Dealt to ce54ec2c 
Dealt to 805fba7 
Dealt to Hero [9s Ac]
eba237dd: folds
ce54ec2c: folds
805fba7: raises $0.1 to $0.15
Hero: calls $0.1
*** FLOP *** [Jh 2h 5c]
805fba7: bets $0.1
Hero: folds
Uncalled bet ($0.1) returned to 805fba7
*** SHOWDOWN ***
805fba7 collected $0.29 from pot
*** SUMMARY ***
Total pot $0.3 | Rake $0.01 | Jackpot $0 | Bingo $0 | Fortune $0 | Tax $0
Board [Jh 2h 5c]
Seat 2: eba237dd folded before Flop (didn't bet)
Seat 3: ce54ec2c (button) folded before Flop (didn't bet)
Seat 4: 805fba7 (small blind) won ($0.29)
Seat 6: Hero (big blind) folded on the Flop


Poker Hand #HD1741528941: Hold'em No Limit ($0.02/$0.05) - 2024/04/22 14:15:54
Table 'NLHBlue32' 6-max Seat #2 is the button
Seat 2: eba237dd ($5.5 in chips)
Seat 3: ce54ec2c ($4.98 in chips)
Seat 4: 805fba7 ($6.21 in chips)
Seat 6: Hero ($10.18 in chips)
ce54ec2c: posts small blind $0.02
805fba7: posts big blind $0.05
*** HOLE CARDS ***
Dealt to eba237dd 
Dealt to ce54ec2c 
Dealt to 805fba7 
Dealt to Hero [2h 8h]
Hero: folds
eba237dd: raises $0.08 to $0.13
ce54ec2c: raises $0.37 to $0.5
805fba7: folds
eba237dd: folds
Uncalled bet ($0.37) returned to ce54ec2c
*** SHOWDOWN ***
ce54ec2c collected $0.3 from pot
*** SUMMARY ***
Total pot $0.31 | Rake $0.01 | Jackpot $0 | Bingo $0 | Fortune $0 | Tax $0
Seat 2: eba237dd (button) folded before Flop
Seat 3: ce54ec2c (small blind) collected ($0.3)
Seat 4: 805fba7 (big blind) folded before Flop
Seat 6: Hero folded before Flop (didn't bet)


Poker Hand #HD1741528926: Hold'em No Limit ($0.02/$0.05) - 2024/04/22 14:15:48
Table 'NLHBlue32' 6-max Seat #6 is the button
Seat 2: eba237dd ($5.52 in chips)
Seat 3: ce54ec2c ($4.96 in chips)
Seat 4: 805fba7 ($6.21 in chips)
Seat 6: Hero ($10.18 in chips)
eba237dd: posts small blind $0.02
ce54ec2c: posts big blind $0.05
*** HOLE CARDS ***
Dealt to eba237dd 
Dealt to ce54ec2c 
Dealt to 805fba7 
Dealt to Hero [6h 2s]
805fba7: folds
Hero: folds
eba237dd: folds
Uncalled bet ($0.03) returned to ce54ec2c
*** SHOWDOWN ***
ce54ec2c collected $0.04 from pot
*** SUMMARY ***
Total pot $0.04 | Rake $0 | Jackpot $0 | Bingo $0 | Fortune $0 | Tax $0
Seat 2: eba237dd (small blind) folded before Flop
Seat 3: ce54ec2c (big blind) collected ($0.04)
Seat 4: 805fba7 folded before Flop (didn't bet)
Seat 6: Hero (button) folded before Flop (didn't bet)


Poker Hand #HD1741528842: Hold'em No Limit ($0.02/$0.05) - 2024/04/22 14:14:58
Table 'NLHBlue32' 6-max Seat #5 is the button
Seat 1: 79fcd4a ($1.25 in chips)
Seat 2: eba237dd ($5.52 in chips)
Seat 3: ce54ec2c ($5.06 in chips)
Seat 4: 805fba7 ($5.01 in chips)
Seat 5: 8619762 ($5 in chips)
Seat 6: Hero ($10.2 in chips)
Hero: posts small blind $0.02
79fcd4a: posts big blind $0.05
*** HOLE CARDS ***
Dealt to 79fcd4a 
Dealt to eba237dd 
Dealt to ce54ec2c 
Dealt to 805fba7 
Dealt to 8619762 
Dealt to Hero [Td 6c]
eba237dd: folds
ce54ec2c: raises $0.05 to $0.1
805fba7: raises $0.25 to $0.35
8619762: folds
Hero: folds
79fcd4a: raises $0.82 to $1.17
ce54ec2c: folds
805fba7: raises $1.12 to $2.29
79fcd4a: calls $0.08 and is all-in
Uncalled bet ($1.04) returned to 805fba7
805fba7: shows [Ac Ah]
79fcd4a: shows [Ad Jh]
*** FIRST FLOP *** [8h 5h Ks]
*** FIRST TURN *** [8h 5h Ks] [Jd]
*** FIRST RIVER *** [8h 5h Ks Jd] [Qc]
*** SECOND FLOP *** [4d 6h 3c]
*** SECOND TURN *** [4d 6h 3c] [3s]
*** SECOND RIVER *** [4d 6h 3c 3s] [7s]
*** FIRST SHOWDOWN ***
805fba7 collected $1.23 from pot
*** SECOND SHOWDOWN ***
805fba7 collected $1.22 from pot
*** SUMMARY ***
Total pot $2.62 | Rake $0.12 | Jackpot $0.05 | Bingo $0 | Fortune $0 | Tax $0
Hand was run two times
FIRST Board [8h 5h Ks Jd Qc]
SECOND Board [4d 6h 3c 3s 7s]
Seat 1: 79fcd4a (big blind) showed [Ad Jh] and lost with Pair of Jacks, and lost with Pair of Treys
Seat 2: eba237dd folded before Flop (didn't bet)
Seat 3: ce54ec2c folded before Flop
Seat 4: 805fba7 showed [Ac Ah] and won ($1.23) with Pair of Aces, and won ($1.22) with Pair of Aces and Pair of Treys
Seat 5: 8619762 (button) folded before Flop (didn't bet)
Seat 6: Hero (small blind) folded before Flop


Poker Hand #HD1741528739: Hold'em No Limit ($0.02/$0.05) - 2024/04/22 14:14:06
Table 'NLHBlue32' 6-max Seat #4 is the button
Seat 1: 79fcd4a ($1.54 in chips)
Seat 2: eba237dd ($5.52 in chips)
Seat 3: ce54ec2c ($5.06 in chips)
Seat 4: 805fba7 ($5.01 in chips)
Seat 5: 8619762 ($3.27 in chips)
Seat 6: Hero ($9.92 in chips)
8619762: posts small blind $0.02
Hero: posts big blind $0.05
*** HOLE CARDS ***
Dealt to 79fcd4a 
Dealt to eba237dd 
Dealt to ce54ec2c 
Dealt to 805fba7 
Dealt to 8619762 
Dealt to Hero [8d Td]
79fcd4a: raises $0.12 to $0.17
eba237dd: folds
ce54ec2c: folds
805fba7: folds
8619762: folds
Hero: calls $0.12
*** FLOP *** [4d Qc Jh]
Hero: checks
79fcd4a: bets $0.12
Hero: raises $0.28 to $0.4
79fcd4a: folds
Uncalled bet ($0.28) returned to Hero
*** SHOWDOWN ***
Hero collected $0.57 from pot
*** SUMMARY ***
Total pot $0.6 | Rake $0.03 | Jackpot $0 | Bingo $0 | Fortune $0 | Tax $0
Board [4d Qc Jh]
Seat 1: 79fcd4a folded on the Flop
Seat 2: eba237dd folded before Flop (didn't bet)
Seat 3: ce54ec2c folded before Flop (didn't bet)
Seat 4: 805fba7 (button) folded before Flop (didn't bet)
Seat 5: 8619762 (small blind) folded before Flop
Seat 6: Hero (big blind) won ($0.57)


Poker Hand #HD1741528671: Hold'em No Limit ($0.02/$0.05) - 2024/04/22 14:13:31
Table 'NLHBlue32' 6-max Seat #3 is the button
Seat 1: 79fcd4a ($1.12 in chips)
Seat 2: eba237dd ($5.52 in chips)
Seat 3: ce54ec2c ($5.06 in chips)
Seat 4: 805fba7 ($5.03 in chips)
Seat 5: 8619762 ($3.71 in chips)
Seat 6: Hero ($9.92 in chips)
805fba7: posts small blind $0.02
8619762: posts big blind $0.05
*** HOLE CARDS ***
Dealt to 79fcd4a 
Dealt to eba237dd 
Dealt to ce54ec2c 
Dealt to 805fba7 
Dealt to 8619762 
Dealt to Hero [Ts Jc]
Hero: folds
79fcd4a: raises $0.12 to $0.17
eba237dd: folds
ce54ec2c: folds
805fba7: folds
8619762: calls $0.12
*** FLOP *** [3h 4s Td]
8619762: bets $0.27
79fcd4a: raises $0.68 to $0.95 and is all-in
8619762: folds
Uncalled bet ($0.68) returned to 79fcd4a
*** SHOWDOWN ***
79fcd4a collected $0.86 from pot
*** SUMMARY ***
Total pot $0.9 | Rake $0.04 | Jackpot $0 | Bingo $0 | Fortune $0 | Tax $0
Board [3h 4s Td]
Seat 1: 79fcd4a won ($0.86)
Seat 2: eba237dd folded before Flop (didn't bet)
Seat 3: ce54ec2c (button) folded before Flop (didn't bet)
Seat 4: 805fba7 (small blind) folded before Flop
Seat 5: 8619762 (big blind) folded on the Flop
Seat 6: Hero folded before Flop (didn't bet)


Poker Hand #HD1741528622: Hold'em No Limit ($0.02/$0.05) - 2024/04/22 14:13:02
Table 'NLHBlue32' 6-max Seat #2 is the button
Seat 1: 79fcd4a ($1.17 in chips)
Seat 2: eba237dd ($5.52 in chips)
Seat 3: ce54ec2c ($4.96 in chips)
Seat 4: 805fba7 ($5.08 in chips)
Seat 5: 8619762 ($3.71 in chips)
Seat 6: Hero ($9.92 in chips)
ce54ec2c: posts small blind $0.02
805fba7: posts big blind $0.05
79fcd4a: posts big blind $0.05
*** HOLE CARDS ***
Dealt to 79fcd4a 
Dealt to eba237dd 
Dealt to ce54ec2c 
Dealt to 805fba7 
Dealt to 8619762 
Dealt to Hero [Qs 5d]
8619762: folds
Hero: folds
79fcd4a: checks
eba237dd: folds
ce54ec2c: raises $2.45 to $2.5
805fba7: folds
79fcd4a: folds
Uncalled bet ($2.45) returned to ce54ec2c
*** SHOWDOWN ***
ce54ec2c collected $0.15 from pot
*** SUMMARY ***
Total pot $0.15 | Rake $0 | Jackpot $0 | Bingo $0 | Fortune $0 | Tax $0
Seat 1: 79fcd4a folded before Flop
Seat 2: eba237dd (button) folded before Flop (didn't bet)
Seat 3: ce54ec2c (small blind) collected ($0.15)
Seat 4: 805fba7 (big blind) folded before Flop
Seat 5: 8619762 folded before Flop (didn't bet)
Seat 6: Hero folded before Flop (didn't bet)


Poker Hand #HD1741528590: Hold'em No Limit ($0.02/$0.05) - 2024/04/22 14:12:46
Table 'NLHBlue32' 6-max Seat #6 is the button
Seat 2: eba237dd ($5.54 in chips)
Seat 3: ce54ec2c ($4.94 in chips)
Seat 4: 805fba7 ($5.08 in chips)
Seat 5: 8619762 ($3.71 in chips)
Seat 6: Hero ($9.92 in chips)
eba237dd: posts small blind $0.02
ce54ec2c: posts big blind $0.05
*** HOLE CARDS ***
Dealt to eba237dd 
Dealt to ce54ec2c 
Dealt to 805fba7 
Dealt to 8619762 
Dealt to Hero [Kd 2d]
805fba7: folds
8619762: folds
Hero: folds
eba237dd: folds
Uncalled bet ($0.03) returned to ce54ec2c
*** SHOWDOWN ***
ce54ec2c collected $0.04 from pot
*** SUMMARY ***
Total pot $0.04 | Rake $0 | Jackpot $0 | Bingo $0 | Fortune $0 | Tax $0
Seat 2: eba237dd (small blind) folded before Flop
Seat 3: ce54ec2c (big blind) collected ($0.04)
Seat 4: 805fba7 folded before Flop (didn't bet)
Seat 5: 8619762 folded before Flop (didn't bet)
Seat 6: Hero (button) folded before Flop (didn't bet)


Poker Hand #HD1741528516: Hold'em No Limit ($0.02/$0.05) - 2024/04/22 14:12:03
Table 'NLHBlue32' 6-max Seat #5 is the button
Seat 2: eba237dd ($5.59 in chips)
Seat 3: ce54ec2c ($4.94 in chips)
Seat 4: 805fba7 ($5.08 in chips)
Seat 5: 8619762 ($3.12 in chips)
Seat 6: Hero ($10.52 in chips)
Hero: posts small blind $0.02
eba237dd: posts big blind $0.05
*** HOLE CARDS ***
Dealt to eba237dd 
Dealt to ce54ec2c 
Dealt to 805fba7 
Dealt to 8619762 
Dealt to Hero [Qh Kd]
ce54ec2c: folds
805fba7: folds
8619762: raises $0.1 to $0.15
Hero: raises $0.45 to $0.6
eba237dd: folds
8619762: calls $0.45
*** FLOP *** [7s 7h 6c]
Hero: checks
8619762: bets $0.94
Hero: folds
Uncalled bet ($0.94) returned to 8619762
*** SHOWDOWN ***
8619762 collected $1.19 from pot
*** SUMMARY ***
Total pot $1.25 | Rake $0.06 | Jackpot $0 | Bingo $0 | Fortune $0 | Tax $0
Board [7s 7h 6c]
Seat 2: eba237dd (big blind) folded before Flop
Seat 3: ce54ec2c folded before Flop (didn't bet)
Seat 4: 805fba7 folded before Flop (didn't bet)
Seat 5: 8619762 (button) won ($1.19)
Seat 6: Hero (small blind) folded on the Flop


Poker Hand #HD1741528452: Hold'em No Limit ($0.02/$0.05) - 2024/04/22 14:11:29
Table 'NLHBlue32' 6-max Seat #4 is the button
Seat 2: eba237dd ($5.72 in chips)
Seat 3: ce54ec2c ($4.94 in chips)
Seat 4: 805fba7 ($5.08 in chips)
Seat 5: 8619762 ($3.14 in chips)
Seat 6: Hero ($10.38 in chips)
8619762: posts small blind $0.02
Hero: posts big blind $0.05
*** HOLE CARDS ***
Dealt to eba237dd 
Dealt to ce54ec2c 
Dealt to 805fba7 
Dealt to 8619762 
Dealt to Hero [Jc Js]
eba237dd: raises $0.08 to $0.13
ce54ec2c: folds
805fba7: folds
8619762: folds
Hero: raises $0.37 to $0.5
eba237dd: folds
Uncalled bet ($0.37) returned to Hero
*** SHOWDOWN ***
Hero collected $0.27 from pot
*** SUMMARY ***
Total pot $0.28 | Rake $0.01 | Jackpot $0 | Bingo $0 | Fortune $0 | Tax $0
Seat 2: eba237dd folded before Flop
Seat 3: ce54ec2c folded before Flop (didn't bet)
Seat 4: 805fba7 (button) folded before Flop (didn't bet)
Seat 5: 8619762 (small blind) folded before Flop
Seat 6: Hero (big blind) collected ($0.27)


Poker Hand #HD1741528373: Hold'em No Limit ($0.02/$0.05) - 2024/04/22 14:10:43
Table 'NLHBlue32' 6-max Seat #3 is the button
Seat 2: eba237dd ($5.85 in chips)
Seat 3: ce54ec2c ($4.94 in chips)
Seat 4: 805fba7 ($5.1 in chips)
Seat 5: 8619762 ($3 in chips)
Seat 6: Hero ($10.38 in chips)
805fba7: posts small blind $0.02
8619762: posts big blind $0.05
*** HOLE CARDS ***
Dealt to eba237dd 
Dealt to ce54ec2c 
Dealt to 805fba7 
Dealt to 8619762 
Dealt to Hero [2s 4s]
Hero: folds
eba237dd: raises $0.08 to $0.13
ce54ec2c: folds
805fba7: folds
8619762: calls $0.08
*** FLOP *** [3h Jc 2c]
8619762: bets $0.21
eba237dd: folds
Uncalled bet ($0.21) returned to 8619762
*** SHOWDOWN ***
8619762 collected $0.27 from pot
*** SUMMARY ***
Total pot $0.28 | Rake $0.01 | Jackpot $0 | Bingo $0 | Fortune $0 | Tax $0
Board [3h Jc 2c]
Seat 2: eba237dd folded on the Flop
Seat 3: ce54ec2c (button) folded before Flop (didn't bet)
Seat 4: 805fba7 (small blind) folded before Flop
Seat 5: 8619762 (big blind) won ($0.27)
Seat 6: Hero folded before Flop (didn't bet)


Poker Hand #HD1741528354: Hold'em No Limit ($0.02/$0.05) - 2024/04/22 14:10:33
Table 'NLHBlue32' 6-max Seat #2 is the button
Seat 2: eba237dd ($5.85 in chips)
Seat 3: ce54ec2c ($4.96 in chips)
Seat 4: 805fba7 ($5.08 in chips)
Seat 6: Hero ($10.38 in chips)
ce54ec2c: posts small blind $0.02
805fba7: posts big blind $0.05
*** HOLE CARDS ***
Dealt to eba237dd 
Dealt to ce54ec2c 
Dealt to 805fba7 
Dealt to Hero [5d 7s]
Hero: folds
eba237dd: folds
ce54ec2c: folds
Uncalled bet ($0.03) returned to 805fba7
*** SHOWDOWN ***
805fba7 collected $0.04 from pot
*** SUMMARY ***
Total pot $0.04 | Rake $0 | Jackpot $0 | Bingo $0 | Fortune $0 | Tax $0
Seat 2: eba237dd (button) folded before Flop (didn't bet)
Seat 3: ce54ec2c (small blind) folded before Flop
Seat 4: 805fba7 (big blind) collected ($0.04)
Seat 6: Hero folded before Flop (didn't bet)


Poker Hand #HD1741528322: Hold'em No Limit ($0.02/$0.05) - 2024/04/22 14:10:20
Table 'NLHBlue32' 6-max Seat #6 is the button
Seat 2: eba237dd ($5.87 in chips)
Seat 3: ce54ec2c ($5.01 in chips)
Seat 4: 805fba7 ($5.08 in chips)
Seat 6: Hero ($10.31 in chips)
eba237dd: posts small blind $0.02
ce54ec2c: posts big blind $0.05
*** HOLE CARDS ***
Dealt to eba237dd 
Dealt to ce54ec2c 
Dealt to 805fba7 
Dealt to Hero [Qh Qc]
805fba7: folds
Hero: raises $0.07 to $0.12
eba237dd: folds
ce54ec2c: folds
Uncalled bet ($0.07) returned to Hero
*** SHOWDOWN ***
Hero collected $0.12 from pot
*** SUMMARY ***
Total pot $0.12 | Rake $0 | Jackpot $0 | Bingo $0 | Fortune $0 | Tax $0
Seat 2: eba237dd (small blind) folded before Flop
Seat 3: ce54ec2c (big blind) folded before Flop
Seat 4: 805fba7 folded before Flop (didn't bet)
Seat 6: Hero (button) collected ($0.12)


Poker Hand #HD1741528195: Hold'em No Limit ($0.02/$0.05) - 2024/04/22 14:09:13
Table 'NLHBlue32' 6-max Seat #4 is the button
Seat 1: 94a404b5 ($5 in chips)
Seat 2: eba237dd ($5.87 in chips)
Seat 3: ce54ec2c ($5.01 in chips)
Seat 4: 805fba7 ($5.01 in chips)
Seat 6: Hero ($10.33 in chips)
Hero: posts small blind $0.02
94a404b5: posts big blind $0.05
*** HOLE CARDS ***
Dealt to 94a404b5 
Dealt to eba237dd 
Dealt to ce54ec2c 
Dealt to 805fba7 
Dealt to Hero [As Tc]
eba237dd: folds
ce54ec2c: folds
805fba7: raises $0.08 to $0.13
Hero: folds
94a404b5: folds
Uncalled bet ($0.08) returned to 805fba7
*** SHOWDOWN ***
805fba7 collected $0.12 from pot
*** SUMMARY ***
Total pot $0.12 | Rake $0 | Jackpot $0 | Bingo $0 | Fortune $0 | Tax $0
Seat 1: 94a404b5 (big blind) folded before Flop
Seat 2: eba237dd folded before Flop (didn't bet)
Seat 3: ce54ec2c folded before Flop (didn't bet)
Seat 4: 805fba7 (button) collected ($0.12)
Seat 6: Hero (small blind) folded before Flop


Poker Hand #HD1741528071: Hold'em No Limit ($0.02/$0.05) - 2024/04/22 14:08:00
Table 'NLHBlue32' 6-max Seat #3 is the button
Seat 1: 94a404b5 ($5.07 in chips)
Seat 2: eba237dd ($5.87 in chips)
Seat 3: ce54ec2c ($5.01 in chips)
Seat 4: 805fba7 ($5.03 in chips)
Seat 6: Hero ($9.69 in chips)
805fba7: posts small blind $0.02
Hero: posts big blind $0.05
*** HOLE CARDS ***
Dealt to 94a404b5 
Dealt to eba237dd 
Dealt to ce54ec2c 
Dealt to 805fba7 
Dealt to Hero [As Kh]
94a404b5: raises $0.06 to $0.11
eba237dd: folds
ce54ec2c: folds
805fba7: folds
Hero: raises $0.34 to $0.45
94a404b5: calls $0.34
*** FLOP *** [Qh Qc 7s]
Hero: checks
94a404b5: bets $0.29
Hero: calls $0.29
*** TURN *** [Qh Qc 7s] [2s]
Hero: checks
94a404b5: checks
*** RIVER *** [Qh Qc 7s 2s] [Ac]
Hero: bets $0.75
94a404b5: folds
Uncalled bet ($0.75) returned to Hero
*** SHOWDOWN ***
Hero collected $1.38 from pot
*** SUMMARY ***
Total pot $1.5 | Rake $0.07 | Jackpot $0.05 | Bingo $0 | Fortune $0 | Tax $0
Board [Qh Qc 7s 2s Ac]
Seat 1: 94a404b5 folded on the River
Seat 2: eba237dd folded before Flop (didn't bet)
Seat 3: ce54ec2c (button) folded before Flop (didn't bet)
Seat 4: 805fba7 (small blind) folded before Flop
Seat 6: Hero (big blind) won ($1.38)


Poker Hand #HD1741527903: Hold'em No Limit ($0.02/$0.05) - 2024/04/22 14:06:29
Table 'NLHBlue32' 6-max Seat #2 is the button
Seat 1: 94a404b5 ($5.07 in chips)
Seat 2: eba237dd ($5.87 in chips)
Seat 3: ce54ec2c ($5.03 in chips)
Seat 4: 805fba7 ($5.08 in chips)
Seat 5: b5f993a5 ($5 in chips)
Seat 6: Hero ($5.17 in chips)
ce54ec2c: posts small blind $0.02
805fba7: posts big blind $0.05
*** HOLE CARDS ***
Dealt to 94a404b5 
Dealt to eba237dd 
Dealt to ce54ec2c 
Dealt to 805fba7 
Dealt to b5f993a5 
Dealt to Hero [Kd Ac]
b5f993a5: raises $0.08 to $0.13
Hero: raises $0.32 to $0.45
94a404b5: folds
eba237dd: folds
ce54ec2c: folds
805fba7: folds
b5f993a5: calls $0.32
*** FLOP *** [6c 6h As]
b5f993a5: checks
Hero: checks
*** TURN *** [6c 6h As] [Qh]
b5f993a5: checks
Hero: bets $0.5
b5f993a5: raises $0.6 to $1.1
Hero: calls $0.6
*** RIVER *** [6c 6h As Qh] [Ad]
b5f993a5: checks
Hero: bets $3.62 and is all-in
b5f993a5: calls $3.45 and is all-in
Uncalled bet ($0.17) returned to Hero
Hero: shows [Kd Ac] (Aces Full over Sixes)
b5f993a5: shows [6s 9s] (Sixes Full over Aces)
*** SHOWDOWN ***
Hero collected $9.52 from pot
*** SUMMARY ***
Total pot $10.07 | Rake $0.5 | Jackpot $0.05 | Bingo $0 | Fortune $0 | Tax $0
Board [6c 6h As Qh Ad]
Seat 1: 94a404b5 folded before Flop (didn't bet)
Seat 2: eba237dd (button) folded before Flop (didn't bet)
Seat 3: ce54ec2c (small blind) folded before Flop
Seat 4: 805fba7 (big blind) folded before Flop
Seat 5: b5f993a5 showed [6s 9s] and lost with Sixes Full over Aces
Seat 6: Hero showed [Kd Ac] and won ($9.52) with Aces Full over Sixes


Poker Hand #HD1741527870: Hold'em No Limit ($0.02/$0.05) - 2024/04/22 14:06:10
Table 'NLHBlue32' 6-max Seat #1 is the button
Seat 1: 94a404b5 ($5 in chips)
Seat 2: eba237dd ($5.89 in chips)
Seat 3: ce54ec2c ($5.08 in chips)
Seat 4: 805fba7 ($5.08 in chips)
Seat 5: b5f993a5 ($5 in chips)
Seat 6: Hero ($5.17 in chips)
eba237dd: posts small blind $0.02
ce54ec2c: posts big blind $0.05
*** HOLE CARDS ***
Dealt to 94a404b5 
Dealt to eba237dd 
Dealt to ce54ec2c 
Dealt to 805fba7 
Dealt to b5f993a5 
Dealt to Hero [6d 5s]
805fba7: folds
b5f993a5: folds
Hero: folds
94a404b5: raises $0.06 to $0.11
eba237dd: folds
ce54ec2c: folds
Uncalled bet ($0.06) returned to 94a404b5
*** SHOWDOWN ***
94a404b5 collected $0.12 from pot
*** SUMMARY ***
Total pot $0.12 | Rake $0 | Jackpot $0 | Bingo $0 | Fortune $0 | Tax $0
Seat 1: 94a404b5 (button) collected ($0.12)
Seat 2: eba237dd (small blind) folded before Flop
Seat 3: ce54ec2c (big blind) folded before Flop
Seat 4: 805fba7 folded before Flop (didn't bet)
Seat 5: b5f993a5 folded before Flop (didn't bet)
Seat 6: Hero folded before Flop (didn't bet)


Poker Hand #HD1741527858: Hold'em No Limit ($0.02/$0.05) - 2024/04/22 14:06:01
Table 'NLHBlue32' 6-max Seat #6 is the button
Seat 1: 94a404b5 ($5 in chips)
Seat 2: eba237dd ($5.87 in chips)
Seat 3: ce54ec2c ($5.08 in chips)
Seat 4: 805fba7 ($5.08 in chips)
Seat 5: b5f993a5 ($5 in chips)
Seat 6: Hero ($5.17 in chips)
94a404b5: posts small blind $0.02
eba237dd: posts big blind $0.05
*** HOLE CARDS ***
Dealt to 94a404b5 
Dealt to eba237dd 
Dealt to ce54ec2c 
Dealt to 805fba7 
Dealt to b5f993a5 
Dealt to Hero [5h 4d]
ce54ec2c: folds
805fba7: folds
b5f993a5: folds
Hero: folds
94a404b5: folds
Uncalled bet ($0.03) returned to eba237dd
*** SHOWDOWN ***
eba237dd collected $0.04 from pot
*** SUMMARY ***
Total pot $0.04 | Rake $0 | Jackpot $0 | Bingo $0 | Fortune $0 | Tax $0
Seat 1: 94a404b5 (small blind) folded before Flop
Seat 2: eba237dd (big blind) collected ($0.04)
Seat 3: ce54ec2c folded before Flop (didn't bet)
Seat 4: 805fba7 folded before Flop (didn't bet)
Seat 5: b5f993a5 folded before Flop (didn't bet)
Seat 6: Hero (button) folded before Flop (didn't bet)


Poker Hand #HD1741527796: Hold'em No Limit ($0.02/$0.05) - 2024/04/22 14:05:32
Table 'NLHBlue32' 6-max Seat #5 is the button
Seat 1: 94a404b5 ($5 in chips)
Seat 2: eba237dd ($5.87 in chips)
Seat 3: ce54ec2c ($5.08 in chips)
Seat 4: 805fba7 ($5.21 in chips)
Seat 5: b5f993a5 ($5 in chips)
Seat 6: Hero ($5 in chips)
Hero: posts small blind $0.02
94a404b5: posts big blind $0.05
*** HOLE CARDS ***
Dealt to 94a404b5 
Dealt to eba237dd 
Dealt to ce54ec2c 
Dealt to 805fba7 
Dealt to b5f993a5 
Dealt to Hero [Ad Js]
eba237dd: folds
ce54ec2c: folds
805fba7: raises $0.08 to $0.13
b5f993a5: folds
Hero: raises $0.42 to $0.55
94a404b5: folds
805fba7: folds
Uncalled bet ($0.42) returned to Hero
*** SHOWDOWN ***
Hero collected $0.3 from pot
*** SUMMARY ***
Total pot $0.31 | Rake $0.01 | Jackpot $0 | Bingo $0 | Fortune $0 | Tax $0
Seat 1: 94a404b5 (big blind) folded before Flop
Seat 2: eba237dd folded before Flop (didn't bet)
Seat 3: ce54ec2c folded before Flop (didn't bet)
Seat 4: 805fba7 folded before Flop
Seat 5: b5f993a5 (button) folded before Flop (didn't bet)
Seat 6: Hero (small blind) collected ($0.3)


Poker Hand #HD1741527769: Hold'em No Limit ($0.02/$0.05) - 2024/04/22 14:05:12
Table 'NLHBlue32' 6-max Seat #4 is the button
Seat 2: eba237dd ($5.87 in chips)
Seat 3: ce54ec2c ($5.08 in chips)
Seat 4: 805fba7 ($5.21 in chips)
Seat 5: b5f993a5 ($4.95 in chips)
Seat 6: Hero ($5 in chips)
b5f993a5: posts small blind $0.02
Hero: posts big blind $0.05
*** HOLE CARDS ***
Dealt to eba237dd 
Dealt to ce54ec2c 
Dealt to 805fba7 
Dealt to b5f993a5 
Dealt to Hero [Qd 3s]
eba237dd: folds
ce54ec2c: folds
805fba7: folds
b5f993a5: raises $0.1 to $0.15
Hero: folds
Uncalled bet ($0.1) returned to b5f993a5
*** SHOWDOWN ***
b5f993a5 collected $0.1 from pot
*** SUMMARY ***
Total pot $0.1 | Rake $0 | Jackpot $0 | Bingo $0 | Fortune $0 | Tax $0
Seat 2: eba237dd folded before Flop (didn't bet)
Seat 3: ce54ec2c folded before Flop (didn't bet)
Seat 4: 805fba7 (button) folded before Flop (didn't bet)
Seat 5: b5f993a5 (small blind) collected ($0.1)
Seat 6: Hero (big blind) folded before Flop


