Poker Hand #HD1744841955: Hold'em No Limit ($0.02/$0.05) - 2024/04/24 18:39:52
Table 'NLHBlue15' 6-max Seat #5 is the button
Seat 2: Hero ($6.38 in chips)
Seat 3: 4e56a45c ($5 in chips)
Seat 5: c2d9f2cc ($4.78 in chips)
Hero: posts small blind $0.02
4e56a45c: posts big blind $0.05
*** HOLE CARDS ***
Dealt to Hero [Jd Jc]
Dealt to 4e56a45c 
Dealt to c2d9f2cc 
c2d9f2cc: folds
Hero: raises $0.1 to $0.15
4e56a45c: calls $0.1
*** FLOP *** [Jh 6h 4c]
Hero: bets $0.2
4e56a45c: folds
Uncalled bet ($0.2) returned to Hero
*** SHOWDOWN ***
Hero collected $0.29 from pot
*** SUMMARY ***
Total pot $0.3 | Rake $0.01 | Jackpot $0 | Bingo $0 | Fortune $0 | Tax $0
Board [Jh 6h 4c]
Seat 2: Hero (small blind) won ($0.29)
Seat 3: 4e56a45c (big blind) folded on the Flop
Seat 5: c2d9f2cc (button) folded before Flop (didn't bet)


Poker Hand #HD1744841928: Hold'em No Limit ($0.02/$0.05) - 2024/04/24 18:39:41
Table 'NLHBlue15' 6-max Seat #3 is the button
Seat 2: Hero ($6.43 in chips)
Seat 3: 4e56a45c ($5 in chips)
Seat 5: c2d9f2cc ($4.73 in chips)
c2d9f2cc: posts small blind $0.02
Hero: posts big blind $0.05
*** HOLE CARDS ***
Dealt to Hero [Ks 5s]
Dealt to 4e56a45c 
Dealt to c2d9f2cc 
4e56a45c: folds
c2d9f2cc: raises $0.1 to $0.15
Hero: folds
Uncalled bet ($0.1) returned to c2d9f2cc
*** SHOWDOWN ***
c2d9f2cc collected $0.1 from pot
*** SUMMARY ***
Total pot $0.1 | Rake $0 | Jackpot $0 | Bingo $0 | Fortune $0 | Tax $0
Seat 2: Hero (big blind) folded before Flop
Seat 3: 4e56a45c (button) folded before Flop (didn't bet)
Seat 5: c2d9f2cc (small blind) collected ($0.1)


Poker Hand #HD1744841828: Hold'em No Limit ($0.02/$0.05) - 2024/04/24 18:38:57
Table 'NLHBlue15' 6-max Seat #2 is the button
Seat 2: Hero ($6.43 in chips)
Seat 3: 4e56a45c ($5.02 in chips)
Seat 5: c2d9f2cc ($4.5 in chips)
4e56a45c: posts small blind $0.02
c2d9f2cc: posts big blind $0.05
*** HOLE CARDS ***
Dealt to Hero [9s 4h]
Dealt to 4e56a45c 
Dealt to c2d9f2cc 
Hero: folds
4e56a45c: raises $0.1 to $0.15
c2d9f2cc: calls $0.1
*** FLOP *** [9c 8s 6d]
4e56a45c: bets $0.1
c2d9f2cc: calls $0.1
*** TURN *** [9c 8s 6d] [8d]
4e56a45c: checks
c2d9f2cc: bets $0.38
4e56a45c: folds
Uncalled bet ($0.38) returned to c2d9f2cc
*** SHOWDOWN ***
c2d9f2cc collected $0.48 from pot
*** SUMMARY ***
Total pot $0.5 | Rake $0.02 | Jackpot $0 | Bingo $0 | Fortune $0 | Tax $0
Board [9c 8s 6d 8d]
Seat 2: Hero (button) folded before Flop (didn't bet)
Seat 3: 4e56a45c (small blind) folded on the Turn
Seat 5: c2d9f2cc (big blind) won ($0.48)


Poker Hand #HD1744841817: Hold'em No Limit ($0.02/$0.05) - 2024/04/24 18:38:50
Table 'NLHBlue15' 6-max Seat #5 is the button
Seat 2: Hero ($6.45 in chips)
Seat 3: 4e56a45c ($5 in chips)
Seat 5: c2d9f2cc ($4.5 in chips)
Hero: posts small blind $0.02
4e56a45c: posts big blind $0.05
*** HOLE CARDS ***
Dealt to Hero [4s 9s]
Dealt to 4e56a45c 
Dealt to c2d9f2cc 
c2d9f2cc: folds
Hero: folds
Uncalled bet ($0.03) returned to 4e56a45c
*** SHOWDOWN ***
4e56a45c collected $0.04 from pot
*** SUMMARY ***
Total pot $0.04 | Rake $0 | Jackpot $0 | Bingo $0 | Fortune $0 | Tax $0
Seat 2: Hero (small blind) folded before Flop
Seat 3: 4e56a45c (big blind) collected ($0.04)
Seat 5: c2d9f2cc (button) folded before Flop (didn't bet)


Poker Hand #HD1744841781: Hold'em No Limit ($0.02/$0.05) - 2024/04/24 18:38:38
Table 'NLHBlue15' 6-max Seat #3 is the button
Seat 2: Hero ($6.43 in chips)
Seat 3: 4e56a45c ($5 in chips)
Seat 5: c2d9f2cc ($4.52 in chips)
c2d9f2cc: posts small blind $0.02
Hero: posts big blind $0.05
*** HOLE CARDS ***
Dealt to Hero [Qs 6c]
Dealt to 4e56a45c 
Dealt to c2d9f2cc 
4e56a45c: folds
c2d9f2cc: folds
Uncalled bet ($0.03) returned to Hero
*** SHOWDOWN ***
Hero collected $0.04 from pot
*** SUMMARY ***
Total pot $0.04 | Rake $0 | Jackpot $0 | Bingo $0 | Fortune $0 | Tax $0
Seat 2: Hero (big blind) collected ($0.04)
Seat 3: 4e56a45c (button) folded before Flop (didn't bet)
Seat 5: c2d9f2cc (small blind) folded before Flop


Poker Hand #HD1744841752: Hold'em No Limit ($0.02/$0.05) - 2024/04/24 18:38:23
Table 'NLHBlue15' 6-max Seat #2 is the button
Seat 2: Hero ($6.43 in chips)
Seat 3: 4e56a45c ($5 in chips)
Seat 5: c2d9f2cc ($4.5 in chips)
Seat 6: 97c6095a ($5.07 in chips)
4e56a45c: posts small blind $0.02
c2d9f2cc: posts big blind $0.05
*** HOLE CARDS ***
Dealt to Hero [Qh 4d]
Dealt to 4e56a45c 
Dealt to c2d9f2cc 
Dealt to 97c6095a 
97c6095a: folds
Hero: folds
4e56a45c: folds
Uncalled bet ($0.03) returned to c2d9f2cc
*** SHOWDOWN ***
c2d9f2cc collected $0.04 from pot
*** SUMMARY ***
Total pot $0.04 | Rake $0 | Jackpot $0 | Bingo $0 | Fortune $0 | Tax $0
Seat 2: Hero (button) folded before Flop (didn't bet)
Seat 3: 4e56a45c (small blind) folded before Flop
Seat 5: c2d9f2cc (big blind) collected ($0.04)
Seat 6: 97c6095a folded before Flop (didn't bet)


Poker Hand #HD1744841706: Hold'em No Limit ($0.02/$0.05) - 2024/04/24 18:38:07
Table 'NLHBlue15' 6-max Seat #6 is the button
Seat 2: Hero ($6.45 in chips)
Seat 3: 4e56a45c ($5 in chips)
Seat 5: c2d9f2cc ($4.5 in chips)
Seat 6: 97c6095a ($5 in chips)
Hero: posts small blind $0.02
4e56a45c: posts big blind $0.05
*** HOLE CARDS ***
Dealt to Hero [4h 5s]
Dealt to 4e56a45c 
Dealt to c2d9f2cc 
Dealt to 97c6095a 
c2d9f2cc: folds
97c6095a: raises $0.1 to $0.15
Hero: folds
4e56a45c: folds
Uncalled bet ($0.1) returned to 97c6095a
*** SHOWDOWN ***
97c6095a collected $0.12 from pot
*** SUMMARY ***
Total pot $0.12 | Rake $0 | Jackpot $0 | Bingo $0 | Fortune $0 | Tax $0
Seat 2: Hero (small blind) folded before Flop
Seat 3: 4e56a45c (big blind) folded before Flop
Seat 5: c2d9f2cc folded before Flop (didn't bet)
Seat 6: 97c6095a (button) collected ($0.12)


Poker Hand #HD1744841637: Hold'em No Limit ($0.02/$0.05) - 2024/04/24 18:37:36
Table 'NLHBlue15' 6-max Seat #5 is the button
Seat 2: Hero ($6.29 in chips)
Seat 3: 4e56a45c ($5 in chips)
Seat 4: 7ea5ac6f ($5 in chips)
Seat 5: c2d9f2cc ($4.65 in chips)
Seat 6: 97c6095a ($5.02 in chips)
97c6095a: posts small blind $0.02
Hero: posts big blind $0.05
*** HOLE CARDS ***
Dealt to Hero [Ks Kh]
Dealt to 4e56a45c 
Dealt to 7ea5ac6f 
Dealt to c2d9f2cc 
Dealt to 97c6095a 
4e56a45c: folds
7ea5ac6f: folds
c2d9f2cc: raises $0.1 to $0.15
97c6095a: folds
Hero: raises $0.45 to $0.6
c2d9f2cc: folds
Uncalled bet ($0.45) returned to Hero
*** SHOWDOWN ***
Hero collected $0.31 from pot
*** SUMMARY ***
Total pot $0.32 | Rake $0.01 | Jackpot $0 | Bingo $0 | Fortune $0 | Tax $0
Seat 2: Hero (big blind) collected ($0.31)
Seat 3: 4e56a45c folded before Flop (didn't bet)
Seat 4: 7ea5ac6f folded before Flop (didn't bet)
Seat 5: c2d9f2cc (button) folded before Flop
Seat 6: 97c6095a (small blind) folded before Flop


Poker Hand #HD1744841608: Hold'em No Limit ($0.02/$0.05) - 2024/04/24 18:37:22
Table 'NLHBlue15' 6-max Seat #4 is the button
Seat 1: cb6fbee7 ($11.98 in chips)
Seat 2: Hero ($6.29 in chips)
Seat 3: 4e56a45c ($5 in chips)
Seat 4: 7ea5ac6f ($5 in chips)
Seat 5: c2d9f2cc ($4.67 in chips)
Seat 6: 97c6095a ($5 in chips)
c2d9f2cc: posts small blind $0.02
97c6095a: posts big blind $0.05
*** HOLE CARDS ***
Dealt to cb6fbee7 
Dealt to Hero [8h Ad]
Dealt to 4e56a45c 
Dealt to 7ea5ac6f 
Dealt to c2d9f2cc 
Dealt to 97c6095a 
cb6fbee7: folds
Hero: folds
4e56a45c: folds
7ea5ac6f: folds
c2d9f2cc: folds
Uncalled bet ($0.03) returned to 97c6095a
*** SHOWDOWN ***
97c6095a collected $0.04 from pot
*** SUMMARY ***
Total pot $0.04 | Rake $0 | Jackpot $0 | Bingo $0 | Fortune $0 | Tax $0
Seat 1: cb6fbee7 folded before Flop (didn't bet)
Seat 2: Hero folded before Flop (didn't bet)
Seat 3: 4e56a45c folded before Flop (didn't bet)
Seat 4: 7ea5ac6f (button) folded before Flop (didn't bet)
Seat 5: c2d9f2cc (small blind) folded before Flop
Seat 6: 97c6095a (big blind) collected ($0.04)


Poker Hand #HD1744841567: Hold'em No Limit ($0.02/$0.05) - 2024/04/24 18:37:09
Table 'NLHBlue15' 6-max Seat #3 is the button
Seat 1: cb6fbee7 ($11.98 in chips)
Seat 2: Hero ($6.29 in chips)
Seat 3: 4e56a45c ($5 in chips)
Seat 4: 7ea5ac6f ($5 in chips)
Seat 5: c2d9f2cc ($4.65 in chips)
7ea5ac6f: posts small blind $0.02
c2d9f2cc: posts big blind $0.05
*** HOLE CARDS ***
Dealt to cb6fbee7 
Dealt to Hero [9s 3d]
Dealt to 4e56a45c 
Dealt to 7ea5ac6f 
Dealt to c2d9f2cc 
cb6fbee7: folds
Hero: folds
4e56a45c: folds
7ea5ac6f: folds
Uncalled bet ($0.03) returned to c2d9f2cc
*** SHOWDOWN ***
c2d9f2cc collected $0.04 from pot
*** SUMMARY ***
Total pot $0.04 | Rake $0 | Jackpot $0 | Bingo $0 | Fortune $0 | Tax $0
Seat 1: cb6fbee7 folded before Flop (didn't bet)
Seat 2: Hero folded before Flop (didn't bet)
Seat 3: 4e56a45c (button) folded before Flop (didn't bet)
Seat 4: 7ea5ac6f (small blind) folded before Flop
Seat 5: c2d9f2cc (big blind) collected ($0.04)


Poker Hand #HD1744841303: Hold'em No Limit ($0.02/$0.05) - 2024/04/24 18:35:16
Table 'NLHBlue15' 6-max Seat #2 is the button
Seat 1: cb6fbee7 ($7.5 in chips)
Seat 2: Hero ($6.29 in chips)
Seat 3: 4e56a45c ($5 in chips)
Seat 4: 7ea5ac6f ($5 in chips)
Seat 5: c2d9f2cc ($4.65 in chips)
4e56a45c: posts small blind $0.02
7ea5ac6f: posts big blind $0.05
*** HOLE CARDS ***
Dealt to cb6fbee7 
Dealt to Hero [Jh Ts]
Dealt to 4e56a45c 
Dealt to 7ea5ac6f 
Dealt to c2d9f2cc 
c2d9f2cc: folds
cb6fbee7: raises $0.07 to $0.12
Hero: folds
4e56a45c: folds
7ea5ac6f: raises $0.35 to $0.47
cb6fbee7: raises $0.59 to $1.06
7ea5ac6f: calls $0.59
*** FLOP *** [3d Qc 2s]
7ea5ac6f: checks
cb6fbee7: bets $0.76
7ea5ac6f: raises $1.98 to $2.74
cb6fbee7: raises $2.22 to $4.96
7ea5ac6f: calls $1.2 and is all-in
Uncalled bet ($1.02) returned to cb6fbee7
cb6fbee7: shows [Qd Qs] (Three Queens)
7ea5ac6f: shows [Ah As] (Pair of Aces)
*** TURN *** [3d Qc 2s] [Td]
*** RIVER *** [3d Qc 2s Td] [Kh]
*** SHOWDOWN ***
cb6fbee7 collected $9.48 from pot
*** SUMMARY ***
Total pot $10.02 | Rake $0.49 | Jackpot $0.05 | Bingo $0 | Fortune $0 | Tax $0
Board [3d Qc 2s Td Kh]
Seat 1: cb6fbee7 showed [Qd Qs] and won ($9.48) with Three Queens
Seat 2: Hero (button) folded before Flop (didn't bet)
Seat 3: 4e56a45c (small blind) folded before Flop
Seat 4: 7ea5ac6f (big blind) showed [Ah As] and lost with Pair of Aces
Seat 5: c2d9f2cc folded before Flop (didn't bet)


Poker Hand #HD1744841220: Hold'em No Limit ($0.02/$0.05) - 2024/04/24 18:34:39
Table 'NLHBlue15' 6-max Seat #1 is the button
Seat 1: cb6fbee7 ($7.37 in chips)
Seat 2: Hero ($6.31 in chips)
Seat 3: 4e56a45c ($5 in chips)
Seat 5: c2d9f2cc ($4.65 in chips)
Hero: posts small blind $0.02
4e56a45c: posts big blind $0.05
*** HOLE CARDS ***
Dealt to cb6fbee7 
Dealt to Hero [6c 8d]
Dealt to 4e56a45c 
Dealt to c2d9f2cc 
c2d9f2cc: folds
cb6fbee7: raises $0.07 to $0.12
Hero: folds
4e56a45c: calls $0.07
*** FLOP *** [5d Tc Ah]
4e56a45c: checks
cb6fbee7: bets $0.1
4e56a45c: folds
Uncalled bet ($0.1) returned to cb6fbee7
*** SHOWDOWN ***
cb6fbee7 collected $0.25 from pot
*** SUMMARY ***
Total pot $0.26 | Rake $0.01 | Jackpot $0 | Bingo $0 | Fortune $0 | Tax $0
Board [5d Tc Ah]
Seat 1: cb6fbee7 (button) won ($0.25)
Seat 2: Hero (small blind) folded before Flop
Seat 3: 4e56a45c (big blind) folded on the Flop
Seat 5: c2d9f2cc folded before Flop (didn't bet)


Poker Hand #HD1744841022: Hold'em No Limit ($0.02/$0.05) - 2024/04/24 18:33:26
Table 'NLHBlue15' 6-max Seat #5 is the button
Seat 1: cb6fbee7 ($6.33 in chips)
Seat 2: Hero ($6.31 in chips)
Seat 3: 4e56a45c ($5 in chips)
Seat 4: 8a34286c ($6.03 in chips)
Seat 5: c2d9f2cc ($4.77 in chips)
Seat 6: 7b8ed62f ($0.95 in chips)
7b8ed62f: posts small blind $0.02
cb6fbee7: posts big blind $0.05
*** HOLE CARDS ***
Dealt to cb6fbee7 
Dealt to Hero [Jh 2s]
Dealt to 4e56a45c 
Dealt to 8a34286c 
Dealt to c2d9f2cc 
Dealt to 7b8ed62f 
Hero: folds
4e56a45c: raises $0.07 to $0.12
8a34286c: folds
c2d9f2cc: calls $0.12
7b8ed62f: raises $0.14 to $0.26
cb6fbee7: calls $0.21
4e56a45c: folds
c2d9f2cc: folds
*** FLOP *** [2c 4h 3s]
7b8ed62f: bets $0.26
cb6fbee7: calls $0.26
*** TURN *** [2c 4h 3s] [9h]
7b8ed62f: bets $0.43 and is all-in
cb6fbee7: calls $0.43
7b8ed62f: shows [Tc 8c] (Ten-High)
cb6fbee7: shows [4s 4d] (Three Fours)
*** RIVER *** [2c 4h 3s 9h] [Qd]
*** SHOWDOWN ***
cb6fbee7 collected $1.99 from pot
*** SUMMARY ***
Total pot $2.14 | Rake $0.1 | Jackpot $0.05 | Bingo $0 | Fortune $0 | Tax $0
Board [2c 4h 3s 9h Qd]
Seat 1: cb6fbee7 (big blind) showed [4s 4d] and won ($1.99) with Three Fours
Seat 2: Hero folded before Flop (didn't bet)
Seat 3: 4e56a45c folded before Flop
Seat 4: 8a34286c folded before Flop (didn't bet)
Seat 5: c2d9f2cc (button) folded before Flop
Seat 6: 7b8ed62f (small blind) showed [Tc 8c] and lost with Queen-High


Poker Hand #HD1744840959: Hold'em No Limit ($0.02/$0.05) - 2024/04/24 18:33:00
Table 'NLHBlue15' 6-max Seat #4 is the button
Seat 1: cb6fbee7 ($6.33 in chips)
Seat 2: Hero ($6.31 in chips)
Seat 3: 4e56a45c ($5 in chips)
Seat 4: 8a34286c ($6.03 in chips)
Seat 5: c2d9f2cc ($4.72 in chips)
Seat 6: 7b8ed62f ($1 in chips)
c2d9f2cc: posts small blind $0.02
7b8ed62f: posts big blind $0.05
*** HOLE CARDS ***
Dealt to cb6fbee7 
Dealt to Hero [2s 3s]
Dealt to 4e56a45c 
Dealt to 8a34286c 
Dealt to c2d9f2cc 
Dealt to 7b8ed62f 
cb6fbee7: folds
Hero: folds
4e56a45c: folds
8a34286c: folds
c2d9f2cc: raises $0.1 to $0.15
7b8ed62f: folds
Uncalled bet ($0.1) returned to c2d9f2cc
*** SHOWDOWN ***
c2d9f2cc collected $0.1 from pot
*** SUMMARY ***
Total pot $0.1 | Rake $0 | Jackpot $0 | Bingo $0 | Fortune $0 | Tax $0
Seat 1: cb6fbee7 folded before Flop (didn't bet)
Seat 2: Hero folded before Flop (didn't bet)
Seat 3: 4e56a45c folded before Flop (didn't bet)
Seat 4: 8a34286c (button) folded before Flop (didn't bet)
Seat 5: c2d9f2cc (small blind) collected ($0.1)
Seat 6: 7b8ed62f (big blind) folded before Flop


Poker Hand #HD1744840909: Hold'em No Limit ($0.02/$0.05) - 2024/04/24 18:32:39
Table 'NLHBlue15' 6-max Seat #3 is the button
Seat 1: cb6fbee7 ($6.33 in chips)
Seat 2: Hero ($6.24 in chips)
Seat 3: 4e56a45c ($5 in chips)
Seat 4: 8a34286c ($6.05 in chips)
Seat 5: c2d9f2cc ($4.77 in chips)
8a34286c: posts small blind $0.02
c2d9f2cc: posts big blind $0.05
*** HOLE CARDS ***
Dealt to cb6fbee7 
Dealt to Hero [Qs 9s]
Dealt to 4e56a45c 
Dealt to 8a34286c 
Dealt to c2d9f2cc 
cb6fbee7: folds
Hero: raises $0.07 to $0.12
4e56a45c: folds
8a34286c: folds
c2d9f2cc: folds
Uncalled bet ($0.07) returned to Hero
*** SHOWDOWN ***
Hero collected $0.12 from pot
*** SUMMARY ***
Total pot $0.12 | Rake $0 | Jackpot $0 | Bingo $0 | Fortune $0 | Tax $0
Seat 1: cb6fbee7 folded before Flop (didn't bet)
Seat 2: Hero collected ($0.12)
Seat 3: 4e56a45c (button) folded before Flop (didn't bet)
Seat 4: 8a34286c (small blind) folded before Flop
Seat 5: c2d9f2cc (big blind) folded before Flop


Poker Hand #HD1744840852: Hold'em No Limit ($0.02/$0.05) - 2024/04/24 18:32:18
Table 'NLHBlue15' 6-max Seat #2 is the button
Seat 1: cb6fbee7 ($6.26 in chips)
Seat 2: Hero ($6.24 in chips)
Seat 3: 4e56a45c ($5.02 in chips)
Seat 4: 8a34286c ($6.1 in chips)
Seat 5: c2d9f2cc ($4.77 in chips)
4e56a45c: posts small blind $0.02
8a34286c: posts big blind $0.05
*** HOLE CARDS ***
Dealt to cb6fbee7 
Dealt to Hero [4c Js]
Dealt to 4e56a45c 
Dealt to 8a34286c 
Dealt to c2d9f2cc 
c2d9f2cc: folds
cb6fbee7: raises $0.07 to $0.12
Hero: folds
4e56a45c: folds
8a34286c: folds
Uncalled bet ($0.07) returned to cb6fbee7
*** SHOWDOWN ***
cb6fbee7 collected $0.12 from pot
*** SUMMARY ***
Total pot $0.12 | Rake $0 | Jackpot $0 | Bingo $0 | Fortune $0 | Tax $0
Seat 1: cb6fbee7 collected ($0.12)
Seat 2: Hero (button) folded before Flop (didn't bet)
Seat 3: 4e56a45c (small blind) folded before Flop
Seat 4: 8a34286c (big blind) folded before Flop
Seat 5: c2d9f2cc folded before Flop (didn't bet)


Poker Hand #HD1744840831: Hold'em No Limit ($0.02/$0.05) - 2024/04/24 18:32:06
Table 'NLHBlue15' 6-max Seat #1 is the button
Seat 1: cb6fbee7 ($6.26 in chips)
Seat 2: Hero ($6.26 in chips)
Seat 3: 4e56a45c ($5 in chips)
Seat 4: 8a34286c ($6.1 in chips)
Seat 5: c2d9f2cc ($4.77 in chips)
Hero: posts small blind $0.02
4e56a45c: posts big blind $0.05
*** HOLE CARDS ***
Dealt to cb6fbee7 
Dealt to Hero [9c 3s]
Dealt to 4e56a45c 
Dealt to 8a34286c 
Dealt to c2d9f2cc 
8a34286c: folds
c2d9f2cc: folds
cb6fbee7: folds
Hero: folds
Uncalled bet ($0.03) returned to 4e56a45c
*** SHOWDOWN ***
4e56a45c collected $0.04 from pot
*** SUMMARY ***
Total pot $0.04 | Rake $0 | Jackpot $0 | Bingo $0 | Fortune $0 | Tax $0
Seat 1: cb6fbee7 (button) folded before Flop (didn't bet)
Seat 2: Hero (small blind) folded before Flop
Seat 3: 4e56a45c (big blind) collected ($0.04)
Seat 4: 8a34286c folded before Flop (didn't bet)
Seat 5: c2d9f2cc folded before Flop (didn't bet)


Poker Hand #HD1744840787: Hold'em No Limit ($0.02/$0.05) - 2024/04/24 18:31:50
Table 'NLHBlue15' 6-max Seat #5 is the button
Seat 1: cb6fbee7 ($6.28 in chips)
Seat 2: Hero ($6.31 in chips)
Seat 3: 4e56a45c ($5 in chips)
Seat 4: 8a34286c ($6.03 in chips)
Seat 5: c2d9f2cc ($4.77 in chips)
cb6fbee7: posts small blind $0.02
Hero: posts big blind $0.05
*** HOLE CARDS ***
Dealt to cb6fbee7 
Dealt to Hero [2h 9s]
Dealt to 4e56a45c 
Dealt to 8a34286c 
Dealt to c2d9f2cc 
4e56a45c: folds
8a34286c: raises $0.05 to $0.1
c2d9f2cc: folds
cb6fbee7: folds
Hero: folds
Uncalled bet ($0.05) returned to 8a34286c
*** SHOWDOWN ***
8a34286c collected $0.12 from pot
*** SUMMARY ***
Total pot $0.12 | Rake $0 | Jackpot $0 | Bingo $0 | Fortune $0 | Tax $0
Seat 1: cb6fbee7 (small blind) folded before Flop
Seat 2: Hero (big blind) folded before Flop
Seat 3: 4e56a45c folded before Flop (didn't bet)
Seat 4: 8a34286c collected ($0.12)
Seat 5: c2d9f2cc (button) folded before Flop (didn't bet)


Poker Hand #HD1744840630: Hold'em No Limit ($0.02/$0.05) - 2024/04/24 18:30:49
Table 'NLHBlue15' 6-max Seat #4 is the button
Seat 1: cb6fbee7 ($6.33 in chips)
Seat 2: Hero ($6.31 in chips)
Seat 3: 4e56a45c ($5 in chips)
Seat 4: 8a34286c ($5.11 in chips)
Seat 5: c2d9f2cc ($4.79 in chips)
c2d9f2cc: posts small blind $0.02
cb6fbee7: posts big blind $0.05
*** HOLE CARDS ***
Dealt to cb6fbee7 
Dealt to Hero [9h 7c]
Dealt to 4e56a45c 
Dealt to 8a34286c 
Dealt to c2d9f2cc 
Hero: folds
4e56a45c: raises $0.07 to $0.12
8a34286c: raises $0.23 to $0.35
c2d9f2cc: folds
cb6fbee7: folds
4e56a45c: raises $0.65 to $1
8a34286c: raises $4.11 to $5.11 and is all-in
4e56a45c: folds
Uncalled bet ($4.11) returned to 8a34286c
*** SHOWDOWN ***
8a34286c collected $1.92 from pot
*** SUMMARY ***
Total pot $2.07 | Rake $0.1 | Jackpot $0.05 | Bingo $0 | Fortune $0 | Tax $0
Seat 1: cb6fbee7 (big blind) folded before Flop
Seat 2: Hero folded before Flop (didn't bet)
Seat 3: 4e56a45c folded before Flop
Seat 4: 8a34286c (button) collected ($1.92)
Seat 5: c2d9f2cc (small blind) folded before Flop


Poker Hand #HD1744840456: Hold'em No Limit ($0.02/$0.05) - 2024/04/24 18:29:35
Table 'NLHBlue15' 6-max Seat #3 is the button
Seat 1: cb6fbee7 ($6.2 in chips)
Seat 2: Hero ($6.31 in chips)
Seat 3: 4e56a45c ($5 in chips)
Seat 4: 8a34286c ($5.13 in chips)
Seat 5: c2d9f2cc ($4.91 in chips)
Seat 6: 60a41c5b ($5.77 in chips)
8a34286c: posts small blind $0.02
c2d9f2cc: posts big blind $0.05
*** HOLE CARDS ***
Dealt to cb6fbee7 
Dealt to Hero [Ad 7c]
Dealt to 4e56a45c 
Dealt to 8a34286c 
Dealt to c2d9f2cc 
Dealt to 60a41c5b 
60a41c5b: folds
cb6fbee7: raises $0.07 to $0.12
Hero: folds
4e56a45c: folds
8a34286c: folds
c2d9f2cc: calls $0.07
*** FLOP *** [8h Js 4c]
c2d9f2cc: checks
cb6fbee7: checks
*** TURN *** [8h Js 4c] [Jd]
c2d9f2cc: checks
cb6fbee7: checks
*** RIVER *** [8h Js 4c Jd] [3d]
c2d9f2cc: checks
cb6fbee7: bets $0.2
c2d9f2cc: folds
Uncalled bet ($0.2) returned to cb6fbee7
*** SHOWDOWN ***
cb6fbee7 collected $0.25 from pot
*** SUMMARY ***
Total pot $0.26 | Rake $0.01 | Jackpot $0 | Bingo $0 | Fortune $0 | Tax $0
Board [8h Js 4c Jd 3d]
Seat 1: cb6fbee7 won ($0.25)
Seat 2: Hero folded before Flop (didn't bet)
Seat 3: 4e56a45c (button) folded before Flop (didn't bet)
Seat 4: 8a34286c (small blind) folded before Flop
Seat 5: c2d9f2cc (big blind) folded on the River
Seat 6: 60a41c5b folded before Flop (didn't bet)


Poker Hand #HD1744840376: Hold'em No Limit ($0.02/$0.05) - 2024/04/24 18:29:00
Table 'NLHBlue15' 6-max Seat #2 is the button
Seat 1: cb6fbee7 ($6.2 in chips)
Seat 2: Hero ($6.43 in chips)
Seat 3: 4e56a45c ($5 in chips)
Seat 4: 8a34286c ($5 in chips)
Seat 5: c2d9f2cc ($4.91 in chips)
Seat 6: 60a41c5b ($5.77 in chips)
4e56a45c: posts small blind $0.02
8a34286c: posts big blind $0.05
*** HOLE CARDS ***
Dealt to cb6fbee7 
Dealt to Hero [Qh 7h]
Dealt to 4e56a45c 
Dealt to 8a34286c 
Dealt to c2d9f2cc 
Dealt to 60a41c5b 
c2d9f2cc: folds
60a41c5b: folds
cb6fbee7: folds
Hero: raises $0.07 to $0.12
4e56a45c: folds
8a34286c: calls $0.07
*** FLOP *** [3c 3d Ac]
8a34286c: checks
Hero: checks
*** TURN *** [3c 3d Ac] [5s]
8a34286c: bets $0.11
Hero: folds
Uncalled bet ($0.11) returned to 8a34286c
*** SHOWDOWN ***
8a34286c collected $0.25 from pot
*** SUMMARY ***
Total pot $0.26 | Rake $0.01 | Jackpot $0 | Bingo $0 | Fortune $0 | Tax $0
Board [3c 3d Ac 5s]
Seat 1: cb6fbee7 folded before Flop (didn't bet)
Seat 2: Hero (button) folded on the Turn
Seat 3: 4e56a45c (small blind) folded before Flop
Seat 4: 8a34286c (big blind) won ($0.25)
Seat 5: c2d9f2cc folded before Flop (didn't bet)
Seat 6: 60a41c5b folded before Flop (didn't bet)


Poker Hand #HD1744840218: Hold'em No Limit ($0.02/$0.05) - 2024/04/24 18:27:50
Table 'NLHBlue15' 6-max Seat #1 is the button
Seat 1: cb6fbee7 ($6.2 in chips)
Seat 2: Hero ($6.45 in chips)
Seat 3: 4e56a45c ($5 in chips)
Seat 4: 1f0ab2e4 ($5 in chips)
Seat 5: c2d9f2cc ($5.05 in chips)
Seat 6: 60a41c5b ($5.13 in chips)
Hero: posts small blind $0.02
4e56a45c: posts big blind $0.05
*** HOLE CARDS ***
Dealt to cb6fbee7 
Dealt to Hero [Td 5c]
Dealt to 4e56a45c 
Dealt to 1f0ab2e4 
Dealt to c2d9f2cc 
Dealt to 60a41c5b 
1f0ab2e4: folds
c2d9f2cc: raises $0.1 to $0.15
60a41c5b: calls $0.15
cb6fbee7: folds
Hero: folds
4e56a45c: folds
*** FLOP *** [9d 9h 8c]
c2d9f2cc: bets $0.13
60a41c5b: calls $0.13
*** TURN *** [9d 9h 8c] [Jh]
c2d9f2cc: bets $0.35
60a41c5b: calls $0.35
*** RIVER *** [9d 9h 8c Jh] [Js]
c2d9f2cc: checks
60a41c5b: bets $0.59
c2d9f2cc: folds
Uncalled bet ($0.59) returned to 60a41c5b
*** SHOWDOWN ***
60a41c5b collected $1.27 from pot
*** SUMMARY ***
Total pot $1.33 | Rake $0.06 | Jackpot $0 | Bingo $0 | Fortune $0 | Tax $0
Board [9d 9h 8c Jh Js]
Seat 1: cb6fbee7 (button) folded before Flop (didn't bet)
Seat 2: Hero (small blind) folded before Flop
Seat 3: 4e56a45c (big blind) folded before Flop
Seat 4: 1f0ab2e4 folded before Flop (didn't bet)
Seat 5: c2d9f2cc folded on the River
Seat 6: 60a41c5b won ($1.27)


Poker Hand #HD1744840085: Hold'em No Limit ($0.02/$0.05) - 2024/04/24 18:26:53
Table 'NLHBlue15' 6-max Seat #6 is the button
Seat 1: cb6fbee7 ($6.04 in chips)
Seat 2: Hero ($6.5 in chips)
Seat 3: 4e56a45c ($5.07 in chips)
Seat 4: 1f0ab2e4 ($5 in chips)
Seat 5: c2d9f2cc ($5.05 in chips)
Seat 6: 60a41c5b ($5.13 in chips)
cb6fbee7: posts small blind $0.02
Hero: posts big blind $0.05
*** HOLE CARDS ***
Dealt to cb6fbee7 
Dealt to Hero [4h 3c]
Dealt to 4e56a45c 
Dealt to 1f0ab2e4 
Dealt to c2d9f2cc 
Dealt to 60a41c5b 
4e56a45c: raises $0.07 to $0.12
1f0ab2e4: folds
c2d9f2cc: folds
60a41c5b: folds
cb6fbee7: calls $0.1
Hero: folds
*** FLOP *** [Ah Kh 8d]
cb6fbee7: checks
4e56a45c: checks
*** TURN *** [Ah Kh 8d] [3d]
cb6fbee7: bets $0.16
4e56a45c: folds
Uncalled bet ($0.16) returned to cb6fbee7
*** SHOWDOWN ***
cb6fbee7 collected $0.28 from pot
*** SUMMARY ***
Total pot $0.29 | Rake $0.01 | Jackpot $0 | Bingo $0 | Fortune $0 | Tax $0
Board [Ah Kh 8d 3d]
Seat 1: cb6fbee7 (small blind) won ($0.28)
Seat 2: Hero (big blind) folded before Flop
Seat 3: 4e56a45c folded on the Turn
Seat 4: 1f0ab2e4 folded before Flop (didn't bet)
Seat 5: c2d9f2cc folded before Flop (didn't bet)
Seat 6: 60a41c5b (button) folded before Flop (didn't bet)


Poker Hand #HD1744840039: Hold'em No Limit ($0.02/$0.05) - 2024/04/24 18:26:35
Table 'NLHBlue15' 6-max Seat #5 is the button
Seat 1: cb6fbee7 ($6.09 in chips)
Seat 2: Hero ($6.5 in chips)
Seat 3: 4e56a45c ($5 in chips)
Seat 4: 1f0ab2e4 ($5 in chips)
Seat 5: c2d9f2cc ($5.05 in chips)
Seat 6: 60a41c5b ($5.15 in chips)
60a41c5b: posts small blind $0.02
cb6fbee7: posts big blind $0.05
*** HOLE CARDS ***
Dealt to cb6fbee7 
Dealt to Hero [7d 6d]
Dealt to 4e56a45c 
Dealt to 1f0ab2e4 
Dealt to c2d9f2cc 
Dealt to 60a41c5b 
Hero: folds
4e56a45c: raises $0.07 to $0.12
1f0ab2e4: folds
c2d9f2cc: folds
60a41c5b: folds
cb6fbee7: folds
Uncalled bet ($0.07) returned to 4e56a45c
*** SHOWDOWN ***
4e56a45c collected $0.12 from pot
*** SUMMARY ***
Total pot $0.12 | Rake $0 | Jackpot $0 | Bingo $0 | Fortune $0 | Tax $0
Seat 1: cb6fbee7 (big blind) folded before Flop
Seat 2: Hero folded before Flop (didn't bet)
Seat 3: 4e56a45c collected ($0.12)
Seat 4: 1f0ab2e4 folded before Flop (didn't bet)
Seat 5: c2d9f2cc (button) folded before Flop (didn't bet)
Seat 6: 60a41c5b (small blind) folded before Flop


Poker Hand #HD1744839971: Hold'em No Limit ($0.02/$0.05) - 2024/04/24 18:26:12
Table 'NLHBlue15' 6-max Seat #4 is the button
Seat 1: cb6fbee7 ($6.09 in chips)
Seat 2: Hero ($6.5 in chips)
Seat 3: 4e56a45c ($5 in chips)
Seat 4: 1f0ab2e4 ($5 in chips)
Seat 5: c2d9f2cc ($5 in chips)
Seat 6: 60a41c5b ($5.2 in chips)
c2d9f2cc: posts small blind $0.02
60a41c5b: posts big blind $0.05
*** HOLE CARDS ***
Dealt to cb6fbee7 
Dealt to Hero [Qs 9c]
Dealt to 4e56a45c 
Dealt to 1f0ab2e4 
Dealt to c2d9f2cc 
Dealt to 60a41c5b 
cb6fbee7: folds
Hero: folds
4e56a45c: folds
1f0ab2e4: folds
c2d9f2cc: raises $0.1 to $0.15
60a41c5b: folds
Uncalled bet ($0.1) returned to c2d9f2cc
*** SHOWDOWN ***
c2d9f2cc collected $0.1 from pot
*** SUMMARY ***
Total pot $0.1 | Rake $0 | Jackpot $0 | Bingo $0 | Fortune $0 | Tax $0
Seat 1: cb6fbee7 folded before Flop (didn't bet)
Seat 2: Hero folded before Flop (didn't bet)
Seat 3: 4e56a45c folded before Flop (didn't bet)
Seat 4: 1f0ab2e4 (button) folded before Flop (didn't bet)
Seat 5: c2d9f2cc (small blind) collected ($0.1)
Seat 6: 60a41c5b (big blind) folded before Flop


Poker Hand #HD1744839908: Hold'em No Limit ($0.02/$0.05) - 2024/04/24 18:25:49
Table 'NLHBlue15' 6-max Seat #3 is the button
Seat 1: cb6fbee7 ($6.02 in chips)
Seat 2: Hero ($6.5 in chips)
Seat 3: 4e56a45c ($5 in chips)
Seat 4: 1f0ab2e4 ($5 in chips)
Seat 5: c2d9f2cc ($5 in chips)
Seat 6: 60a41c5b ($5.2 in chips)
1f0ab2e4: posts small blind $0.02
c2d9f2cc: posts big blind $0.05
*** HOLE CARDS ***
Dealt to cb6fbee7 
Dealt to Hero [8h 6h]
Dealt to 4e56a45c 
Dealt to 1f0ab2e4 
Dealt to c2d9f2cc 
Dealt to 60a41c5b 
60a41c5b: folds
cb6fbee7: raises $0.07 to $0.12
Hero: folds
4e56a45c: folds
1f0ab2e4: folds
c2d9f2cc: folds
Uncalled bet ($0.07) returned to cb6fbee7
*** SHOWDOWN ***
cb6fbee7 collected $0.12 from pot
*** SUMMARY ***
Total pot $0.12 | Rake $0 | Jackpot $0 | Bingo $0 | Fortune $0 | Tax $0
Seat 1: cb6fbee7 collected ($0.12)
Seat 2: Hero folded before Flop (didn't bet)
Seat 3: 4e56a45c (button) folded before Flop (didn't bet)
Seat 4: 1f0ab2e4 (small blind) folded before Flop
Seat 5: c2d9f2cc (big blind) folded before Flop
Seat 6: 60a41c5b folded before Flop (didn't bet)


Poker Hand #HD1744839874: Hold'em No Limit ($0.02/$0.05) - 2024/04/24 18:25:36
Table 'NLHBlue15' 6-max Seat #2 is the button
Seat 1: cb6fbee7 ($6.02 in chips)
Seat 2: Hero ($6.5 in chips)
Seat 3: 4e56a45c ($5.02 in chips)
Seat 4: 1f0ab2e4 ($5 in chips)
Seat 6: 60a41c5b ($5.13 in chips)
4e56a45c: posts small blind $0.02
1f0ab2e4: posts big blind $0.05
*** HOLE CARDS ***
Dealt to cb6fbee7 
Dealt to Hero [Kh 8c]
Dealt to 4e56a45c 
Dealt to 1f0ab2e4 
Dealt to 60a41c5b 
60a41c5b: raises $0.09 to $0.14
cb6fbee7: folds
Hero: folds
4e56a45c: folds
1f0ab2e4: folds
Uncalled bet ($0.09) returned to 60a41c5b
*** SHOWDOWN ***
60a41c5b collected $0.12 from pot
*** SUMMARY ***
Total pot $0.12 | Rake $0 | Jackpot $0 | Bingo $0 | Fortune $0 | Tax $0
Seat 1: cb6fbee7 folded before Flop (didn't bet)
Seat 2: Hero (button) folded before Flop (didn't bet)
Seat 3: 4e56a45c (small blind) folded before Flop
Seat 4: 1f0ab2e4 (big blind) folded before Flop
Seat 6: 60a41c5b collected ($0.12)


Poker Hand #HD1744839842: Hold'em No Limit ($0.02/$0.05) - 2024/04/24 18:25:25
Table 'NLHBlue15' 6-max Seat #1 is the button
Seat 1: cb6fbee7 ($6.02 in chips)
Seat 2: Hero ($6.52 in chips)
Seat 3: 4e56a45c ($5 in chips)
Seat 4: 1f0ab2e4 ($5 in chips)
Seat 6: 60a41c5b ($5.13 in chips)
Hero: posts small blind $0.02
4e56a45c: posts big blind $0.05
*** HOLE CARDS ***
Dealt to cb6fbee7 
Dealt to Hero [2s Kh]
Dealt to 4e56a45c 
Dealt to 1f0ab2e4 
Dealt to 60a41c5b 
1f0ab2e4: folds
60a41c5b: folds
cb6fbee7: folds
Hero: folds
Uncalled bet ($0.03) returned to 4e56a45c
*** SHOWDOWN ***
4e56a45c collected $0.04 from pot
*** SUMMARY ***
Total pot $0.04 | Rake $0 | Jackpot $0 | Bingo $0 | Fortune $0 | Tax $0
Seat 1: cb6fbee7 (button) folded before Flop (didn't bet)
Seat 2: Hero (small blind) folded before Flop
Seat 3: 4e56a45c (big blind) collected ($0.04)
Seat 4: 1f0ab2e4 folded before Flop (didn't bet)
Seat 6: 60a41c5b folded before Flop (didn't bet)


Poker Hand #HD1744839737: Hold'em No Limit ($0.02/$0.05) - 2024/04/24 18:24:39
Table 'NLHBlue15' 6-max Seat #6 is the button
Seat 1: cb6fbee7 ($5.88 in chips)
Seat 2: Hero ($6.57 in chips)
Seat 3: 4e56a45c ($5 in chips)
Seat 4: 1f0ab2e4 ($5 in chips)
Seat 6: 60a41c5b ($5.23 in chips)
cb6fbee7: posts small blind $0.02
Hero: posts big blind $0.05
*** HOLE CARDS ***
Dealt to cb6fbee7 
Dealt to Hero [Kh 4d]
Dealt to 4e56a45c 
Dealt to 1f0ab2e4 
Dealt to 60a41c5b 
4e56a45c: folds
1f0ab2e4: folds
60a41c5b: raises $0.05 to $0.1
cb6fbee7: calls $0.08
Hero: folds
*** FLOP *** [7d Td 4c]
cb6fbee7: checks
60a41c5b: checks
*** TURN *** [7d Td 4c] [9d]
cb6fbee7: checks
60a41c5b: checks
*** RIVER *** [7d Td 4c 9d] [Qs]
cb6fbee7: checks
60a41c5b: checks
cb6fbee7: shows [7s As] (Pair of Sevens)
60a41c5b: shows [8c Kc] (King-High)
*** SHOWDOWN ***
cb6fbee7 collected $0.24 from pot
*** SUMMARY ***
Total pot $0.25 | Rake $0.01 | Jackpot $0 | Bingo $0 | Fortune $0 | Tax $0
Board [7d Td 4c 9d Qs]
Seat 1: cb6fbee7 (small blind) showed [7s As] and won ($0.24) with Pair of Sevens
Seat 2: Hero (big blind) folded before Flop
Seat 3: 4e56a45c folded before Flop (didn't bet)
Seat 4: 1f0ab2e4 folded before Flop (didn't bet)
Seat 6: 60a41c5b (button) showed [8c Kc] and lost with King-High


Poker Hand #HD1744839553: Hold'em No Limit ($0.02/$0.05) - 2024/04/24 18:23:20
Table 'NLHBlue15' 6-max Seat #4 is the button
Seat 1: cb6fbee7 ($5 in chips)
Seat 2: Hero ($6.57 in chips)
Seat 3: 4e56a45c ($5 in chips)
Seat 4: 1f0ab2e4 ($5.97 in chips)
Seat 6: 60a41c5b ($5.25 in chips)
60a41c5b: posts small blind $0.02
cb6fbee7: posts big blind $0.05
*** HOLE CARDS ***
Dealt to cb6fbee7 
Dealt to Hero [3s 4s]
Dealt to 4e56a45c 
Dealt to 1f0ab2e4 
Dealt to 60a41c5b 
Hero: folds
4e56a45c: folds
1f0ab2e4: raises $0.08 to $0.13
60a41c5b: folds
cb6fbee7: calls $0.08
*** FLOP *** [Qc 8d 2c]
cb6fbee7: checks
1f0ab2e4: bets $0.1
cb6fbee7: calls $0.1
*** TURN *** [Qc 8d 2c] [Kc]
cb6fbee7: checks
1f0ab2e4: checks
*** RIVER *** [Qc 8d 2c Kc] [5s]
cb6fbee7: bets $0.78
1f0ab2e4: calls $0.78
cb6fbee7: shows [9c 6c] (King High Flush)
1f0ab2e4: shows [As Ks] (Pair of Kings)
*** SHOWDOWN ***
cb6fbee7 collected $1.89 from pot
*** SUMMARY ***
Total pot $2.04 | Rake $0.1 | Jackpot $0.05 | Bingo $0 | Fortune $0 | Tax $0
Board [Qc 8d 2c Kc 5s]
Seat 1: cb6fbee7 (big blind) showed [9c 6c] and won ($1.89) with King High Flush
Seat 2: Hero folded before Flop (didn't bet)
Seat 3: 4e56a45c folded before Flop (didn't bet)
Seat 4: 1f0ab2e4 (button) showed [As Ks] and lost with Pair of Kings
Seat 6: 60a41c5b (small blind) folded before Flop


Poker Hand #HD1744839515: Hold'em No Limit ($0.02/$0.05) - 2024/04/24 18:23:07
Table 'NLHBlue15' 6-max Seat #3 is the button
Seat 2: Hero ($6.5 in chips)
Seat 3: 4e56a45c ($5 in chips)
Seat 4: 1f0ab2e4 ($5.99 in chips)
Seat 6: 60a41c5b ($5.3 in chips)
1f0ab2e4: posts small blind $0.02
60a41c5b: posts big blind $0.05
*** HOLE CARDS ***
Dealt to Hero [Ah 4h]
Dealt to 4e56a45c 
Dealt to 1f0ab2e4 
Dealt to 60a41c5b 
Hero: raises $0.07 to $0.12
4e56a45c: folds
1f0ab2e4: folds
60a41c5b: folds
Uncalled bet ($0.07) returned to Hero
*** SHOWDOWN ***
Hero collected $0.12 from pot
*** SUMMARY ***
Total pot $0.12 | Rake $0 | Jackpot $0 | Bingo $0 | Fortune $0 | Tax $0
Seat 2: Hero collected ($0.12)
Seat 3: 4e56a45c (button) folded before Flop (didn't bet)
Seat 4: 1f0ab2e4 (small blind) folded before Flop
Seat 6: 60a41c5b (big blind) folded before Flop


Poker Hand #HD1744839453: Hold'em No Limit ($0.02/$0.05) - 2024/04/24 18:22:42
Table 'NLHBlue15' 6-max Seat #2 is the button
Seat 1: d2f11358 ($1.48 in chips)
Seat 2: Hero ($6.3 in chips)
Seat 3: 4e56a45c ($5 in chips)
Seat 4: 1f0ab2e4 ($6.04 in chips)
Seat 5: 8cffea87 ($1.88 in chips)
Seat 6: 60a41c5b ($5.44 in chips)
4e56a45c: posts small blind $0.02
1f0ab2e4: posts big blind $0.05
*** HOLE CARDS ***
Dealt to d2f11358 
Dealt to Hero [Ac Ks]
Dealt to 4e56a45c 
Dealt to 1f0ab2e4 
Dealt to 8cffea87 
Dealt to 60a41c5b 
8cffea87: folds
60a41c5b: raises $0.09 to $0.14
d2f11358: folds
Hero: raises $0.36 to $0.5
4e56a45c: folds
1f0ab2e4: folds
60a41c5b: folds
Uncalled bet ($0.36) returned to Hero
*** SHOWDOWN ***
Hero collected $0.34 from pot
*** SUMMARY ***
Total pot $0.35 | Rake $0.01 | Jackpot $0 | Bingo $0 | Fortune $0 | Tax $0
Seat 1: d2f11358 folded before Flop (didn't bet)
Seat 2: Hero (button) collected ($0.34)
Seat 3: 4e56a45c (small blind) folded before Flop
Seat 4: 1f0ab2e4 (big blind) folded before Flop
Seat 5: 8cffea87 folded before Flop (didn't bet)
Seat 6: 60a41c5b folded before Flop


Poker Hand #HD1744839283: Hold'em No Limit ($0.02/$0.05) - 2024/04/24 18:21:33
Table 'NLHBlue15' 6-max Seat #1 is the button
Seat 1: d2f11358 ($1.58 in chips)
Seat 2: Hero ($6.32 in chips)
Seat 3: 4e56a45c ($5 in chips)
Seat 4: 1f0ab2e4 ($5.88 in chips)
Seat 5: 8cffea87 ($1.88 in chips)
Seat 6: 60a41c5b ($5.44 in chips)
Hero: posts small blind $0.02
4e56a45c: posts big blind $0.05
*** HOLE CARDS ***
Dealt to d2f11358 
Dealt to Hero [Js 6h]
Dealt to 4e56a45c 
Dealt to 1f0ab2e4 
Dealt to 8cffea87 
Dealt to 60a41c5b 
1f0ab2e4: raises $0.05 to $0.1
8cffea87: folds
60a41c5b: folds
d2f11358: calls $0.1
Hero: folds
4e56a45c: folds
*** FLOP *** [6c 3s Kc]
1f0ab2e4: checks
d2f11358: checks
*** TURN *** [6c 3s Kc] [2h]
1f0ab2e4: checks
d2f11358: checks
*** RIVER *** [6c 3s Kc 2h] [Ad]
1f0ab2e4: checks
d2f11358: checks
1f0ab2e4: shows [7h 7s] (Pair of Sevens)
d2f11358: shows [5s 5h] (Pair of Fives)
*** SHOWDOWN ***
1f0ab2e4 collected $0.26 from pot
*** SUMMARY ***
Total pot $0.27 | Rake $0.01 | Jackpot $0 | Bingo $0 | Fortune $0 | Tax $0
Board [6c 3s Kc 2h Ad]
Seat 1: d2f11358 (button) showed [5s 5h] and lost with Pair of Fives
Seat 2: Hero (small blind) folded before Flop
Seat 3: 4e56a45c (big blind) folded before Flop
Seat 4: 1f0ab2e4 showed [7h 7s] and won ($0.26) with Pair of Sevens
Seat 5: 8cffea87 folded before Flop (didn't bet)
Seat 6: 60a41c5b folded before Flop (didn't bet)


Poker Hand #HD1744839218: Hold'em No Limit ($0.02/$0.05) - 2024/04/24 18:21:05
Table 'NLHBlue15' 6-max Seat #6 is the button
Seat 1: d2f11358 ($1.73 in chips)
Seat 2: Hero ($6.37 in chips)
Seat 4: 1f0ab2e4 ($5.69 in chips)
Seat 5: 8cffea87 ($1.88 in chips)
Seat 6: 60a41c5b ($5.44 in chips)
d2f11358: posts small blind $0.02
Hero: posts big blind $0.05
*** HOLE CARDS ***
Dealt to d2f11358 
Dealt to Hero [Kh 6d]
Dealt to 1f0ab2e4 
Dealt to 8cffea87 
Dealt to 60a41c5b 
1f0ab2e4: raises $0.1 to $0.15
8cffea87: folds
60a41c5b: folds
d2f11358: calls $0.13
Hero: folds
*** FLOP *** [2s 7d Qc]
d2f11358: checks
1f0ab2e4: checks
*** TURN *** [2s 7d Qc] [5c]
d2f11358: checks
1f0ab2e4: bets $0.27
d2f11358: folds
Uncalled bet ($0.27) returned to 1f0ab2e4
*** SHOWDOWN ***
1f0ab2e4 collected $0.34 from pot
*** SUMMARY ***
Total pot $0.35 | Rake $0.01 | Jackpot $0 | Bingo $0 | Fortune $0 | Tax $0
Board [2s 7d Qc 5c]
Seat 1: d2f11358 (small blind) folded on the Turn
Seat 2: Hero (big blind) folded before Flop
Seat 4: 1f0ab2e4 won ($0.34)
Seat 5: 8cffea87 folded before Flop (didn't bet)
Seat 6: 60a41c5b (button) folded before Flop (didn't bet)


Poker Hand #HD1744839075: Hold'em No Limit ($0.02/$0.05) - 2024/04/24 18:20:13
Table 'NLHBlue15' 6-max Seat #5 is the button
Seat 1: d2f11358 ($2.21 in chips)
Seat 2: Hero ($6.37 in chips)
Seat 4: 1f0ab2e4 ($5.69 in chips)
Seat 5: 8cffea87 ($1.88 in chips)
Seat 6: 60a41c5b ($5 in chips)
60a41c5b: posts small blind $0.02
d2f11358: posts big blind $0.05
*** HOLE CARDS ***
Dealt to d2f11358 
Dealt to Hero [Kh 6d]
Dealt to 1f0ab2e4 
Dealt to 8cffea87 
Dealt to 60a41c5b 
Hero: folds
1f0ab2e4: folds
8cffea87: folds
60a41c5b: raises $0.07 to $0.12
d2f11358: calls $0.07
*** FLOP *** [Qc 9h Ah]
60a41c5b: checks
d2f11358: bets $0.12
60a41c5b: calls $0.12
*** TURN *** [Qc 9h Ah] [4h]
60a41c5b: checks
d2f11358: bets $0.24
60a41c5b: calls $0.24
*** RIVER *** [Qc 9h Ah 4h] [3s]
60a41c5b: checks
d2f11358: checks
60a41c5b: shows [As 2s] (Pair of Aces)
d2f11358: shows [Qd 7h] (Pair of Queens)
*** SHOWDOWN ***
60a41c5b collected $0.92 from pot
*** SUMMARY ***
Total pot $0.96 | Rake $0.04 | Jackpot $0 | Bingo $0 | Fortune $0 | Tax $0
Board [Qc 9h Ah 4h 3s]
Seat 1: d2f11358 (big blind) showed [Qd 7h] and lost with Pair of Queens
Seat 2: Hero folded before Flop (didn't bet)
Seat 4: 1f0ab2e4 folded before Flop (didn't bet)
Seat 5: 8cffea87 (button) folded before Flop (didn't bet)
Seat 6: 60a41c5b (small blind) showed [As 2s] and won ($0.92) with Pair of Aces


Poker Hand #HD1744839032: Hold'em No Limit ($0.02/$0.05) - 2024/04/24 18:19:54
Table 'NLHBlue15' 6-max Seat #4 is the button
Seat 1: d2f11358 ($2.21 in chips)
Seat 2: Hero ($6.3 in chips)
Seat 4: 1f0ab2e4 ($5.69 in chips)
Seat 5: 8cffea87 ($1.9 in chips)
Seat 6: 60a41c5b ($5 in chips)
8cffea87: posts small blind $0.02
60a41c5b: posts big blind $0.05
*** HOLE CARDS ***
Dealt to d2f11358 
Dealt to Hero [Qc 9c]
Dealt to 1f0ab2e4 
Dealt to 8cffea87 
Dealt to 60a41c5b 
d2f11358: folds
Hero: raises $0.07 to $0.12
1f0ab2e4: folds
8cffea87: folds
60a41c5b: folds
Uncalled bet ($0.07) returned to Hero
*** SHOWDOWN ***
Hero collected $0.12 from pot
*** SUMMARY ***
Total pot $0.12 | Rake $0 | Jackpot $0 | Bingo $0 | Fortune $0 | Tax $0
Seat 1: d2f11358 folded before Flop (didn't bet)
Seat 2: Hero collected ($0.12)
Seat 4: 1f0ab2e4 (button) folded before Flop (didn't bet)
Seat 5: 8cffea87 (small blind) folded before Flop
Seat 6: 60a41c5b (big blind) folded before Flop


Poker Hand #HD1744838963: Hold'em No Limit ($0.02/$0.05) - 2024/04/24 18:19:25
Table 'NLHBlue15' 6-max Seat #2 is the button
Seat 1: d2f11358 ($2.1 in chips)
Seat 2: Hero ($6.3 in chips)
Seat 4: 1f0ab2e4 ($5.71 in chips)
Seat 5: 8cffea87 ($2 in chips)
Seat 6: 60a41c5b ($5 in chips)
1f0ab2e4: posts small blind $0.02
8cffea87: posts big blind $0.05
*** HOLE CARDS ***
Dealt to d2f11358 
Dealt to Hero [8s 5c]
Dealt to 1f0ab2e4 
Dealt to 8cffea87 
Dealt to 60a41c5b 
60a41c5b: folds
d2f11358: raises $0.05 to $0.1
Hero: folds
1f0ab2e4: folds
8cffea87: calls $0.05
*** FLOP *** [2d Tc 2h]
8cffea87: checks
d2f11358: bets $0.11
8cffea87: folds
Uncalled bet ($0.11) returned to d2f11358
*** SHOWDOWN ***
d2f11358 collected $0.21 from pot
*** SUMMARY ***
Total pot $0.22 | Rake $0.01 | Jackpot $0 | Bingo $0 | Fortune $0 | Tax $0
Board [2d Tc 2h]
Seat 1: d2f11358 won ($0.21)
Seat 2: Hero (button) folded before Flop (didn't bet)
Seat 4: 1f0ab2e4 (small blind) folded before Flop
Seat 5: 8cffea87 (big blind) folded on the Flop
Seat 6: 60a41c5b folded before Flop (didn't bet)


Poker Hand #HD1744838878: Hold'em No Limit ($0.02/$0.05) - 2024/04/24 18:18:54
Table 'NLHBlue15' 6-max Seat #1 is the button
Seat 1: d2f11358 ($2.1 in chips)
Seat 2: Hero ($5.96 in chips)
Seat 4: 1f0ab2e4 ($6.08 in chips)
Hero: posts small blind $0.02
1f0ab2e4: posts big blind $0.05
*** HOLE CARDS ***
Dealt to d2f11358 
Dealt to Hero [6h 8h]
Dealt to 1f0ab2e4 
d2f11358: folds
Hero: raises $0.07 to $0.12
1f0ab2e4: calls $0.07
*** FLOP *** [8c 7d 8s]
Hero: checks
1f0ab2e4: bets $0.25
Hero: raises $0.4 to $0.65
1f0ab2e4: folds
Uncalled bet ($0.4) returned to Hero
*** SHOWDOWN ***
Hero collected $0.71 from pot
*** SUMMARY ***
Total pot $0.74 | Rake $0.03 | Jackpot $0 | Bingo $0 | Fortune $0 | Tax $0
Board [8c 7d 8s]
Seat 1: d2f11358 (button) folded before Flop (didn't bet)
Seat 2: Hero (small blind) won ($0.71)
Seat 4: 1f0ab2e4 (big blind) folded on the Flop


Poker Hand #HD1744838805: Hold'em No Limit ($0.02/$0.05) - 2024/04/24 18:18:27
Table 'NLHBlue15' 6-max Seat #4 is the button
Seat 1: d2f11358 ($2.15 in chips)
Seat 2: Hero ($5.96 in chips)
Seat 3: db475f73 ($4.81 in chips)
Seat 4: 1f0ab2e4 ($6.01 in chips)
Seat 6: 60a41c5b ($5.02 in chips)
60a41c5b: posts small blind $0.02
d2f11358: posts big blind $0.05
*** HOLE CARDS ***
Dealt to d2f11358 
Dealt to Hero [4h 2c]
Dealt to db475f73 
Dealt to 1f0ab2e4 
Dealt to 60a41c5b 
Hero: folds
db475f73: folds
1f0ab2e4: raises $0.1 to $0.15
60a41c5b: folds
d2f11358: folds
Uncalled bet ($0.1) returned to 1f0ab2e4
*** SHOWDOWN ***
1f0ab2e4 collected $0.12 from pot
*** SUMMARY ***
Total pot $0.12 | Rake $0 | Jackpot $0 | Bingo $0 | Fortune $0 | Tax $0
Seat 1: d2f11358 (big blind) folded before Flop
Seat 2: Hero folded before Flop (didn't bet)
Seat 3: db475f73 folded before Flop (didn't bet)
Seat 4: 1f0ab2e4 (button) collected ($0.12)
Seat 6: 60a41c5b (small blind) folded before Flop


Poker Hand #HD1744838714: Hold'em No Limit ($0.02/$0.05) - 2024/04/24 18:17:55
Table 'NLHBlue15' 6-max Seat #3 is the button
Seat 1: d2f11358 ($2.65 in chips)
Seat 2: Hero ($5.96 in chips)
Seat 3: db475f73 ($4.81 in chips)
Seat 4: 1f0ab2e4 ($5.51 in chips)
Seat 6: 60a41c5b ($5.07 in chips)
1f0ab2e4: posts small blind $0.02
60a41c5b: posts big blind $0.05
*** HOLE CARDS ***
Dealt to d2f11358 
Dealt to Hero [3h 9s]
Dealt to db475f73 
Dealt to 1f0ab2e4 
Dealt to 60a41c5b 
d2f11358: raises $0.05 to $0.1
Hero: folds
db475f73: folds
1f0ab2e4: raises $0.4 to $0.5
60a41c5b: folds
d2f11358: calls $0.4
*** FLOP *** [6c 2h 4h]
1f0ab2e4: bets $0.35
d2f11358: folds
Uncalled bet ($0.35) returned to 1f0ab2e4
*** SHOWDOWN ***
1f0ab2e4 collected $1 from pot
*** SUMMARY ***
Total pot $1.05 | Rake $0.05 | Jackpot $0 | Bingo $0 | Fortune $0 | Tax $0
Board [6c 2h 4h]
Seat 1: d2f11358 folded on the Flop
Seat 2: Hero folded before Flop (didn't bet)
Seat 3: db475f73 (button) folded before Flop (didn't bet)
Seat 4: 1f0ab2e4 (small blind) won ($1)
Seat 6: 60a41c5b (big blind) folded before Flop


Poker Hand #HD1744838564: Hold'em No Limit ($0.02/$0.05) - 2024/04/24 18:16:54
Table 'NLHBlue15' 6-max Seat #2 is the button
Seat 1: d2f11358 ($3.19 in chips)
Seat 2: Hero ($5.96 in chips)
Seat 3: db475f73 ($4.83 in chips)
Seat 4: 1f0ab2e4 ($5 in chips)
Seat 6: 60a41c5b ($5.07 in chips)
db475f73: posts small blind $0.02
1f0ab2e4: posts big blind $0.05
*** HOLE CARDS ***
Dealt to d2f11358 
Dealt to Hero [5d 7h]
Dealt to db475f73 
Dealt to 1f0ab2e4 
Dealt to 60a41c5b 
60a41c5b: folds
d2f11358: raises $0.05 to $0.1
Hero: folds
db475f73: folds
1f0ab2e4: calls $0.05
*** FLOP *** [Js 6d 2c]
1f0ab2e4: checks
d2f11358: checks
*** TURN *** [Js 6d 2c] [Qc]
1f0ab2e4: bets $0.05
d2f11358: calls $0.05
*** RIVER *** [Js 6d 2c Qc] [5s]
1f0ab2e4: bets $0.05
d2f11358: raises $0.34 to $0.39
1f0ab2e4: calls $0.34
d2f11358: shows [Ac 8c] (Ace-High)
1f0ab2e4: shows [4c Jc] (Pair of Jacks)
*** SHOWDOWN ***
1f0ab2e4 collected $1.05 from pot
*** SUMMARY ***
Total pot $1.1 | Rake $0.05 | Jackpot $0 | Bingo $0 | Fortune $0 | Tax $0
Board [Js 6d 2c Qc 5s]
Seat 1: d2f11358 showed [Ac 8c] and lost with Ace-High
Seat 2: Hero (button) folded before Flop (didn't bet)
Seat 3: db475f73 (small blind) folded before Flop
Seat 4: 1f0ab2e4 (big blind) showed [4c Jc] and won ($1.05) with Pair of Jacks
Seat 6: 60a41c5b folded before Flop (didn't bet)


Poker Hand #HD1744838523: Hold'em No Limit ($0.02/$0.05) - 2024/04/24 18:16:34
Table 'NLHBlue15' 6-max Seat #1 is the button
Seat 1: d2f11358 ($3.19 in chips)
Seat 2: Hero ($5.98 in chips)
Seat 3: db475f73 ($4.88 in chips)
Seat 4: 1f0ab2e4 ($5 in chips)
Seat 6: 60a41c5b ($5 in chips)
Hero: posts small blind $0.02
db475f73: posts big blind $0.05
*** HOLE CARDS ***
Dealt to d2f11358 
Dealt to Hero [4c 4h]
Dealt to db475f73 
Dealt to 1f0ab2e4 
Dealt to 60a41c5b 
1f0ab2e4: folds
60a41c5b: raises $0.09 to $0.14
d2f11358: folds
Hero: folds
db475f73: folds
Uncalled bet ($0.09) returned to 60a41c5b
*** SHOWDOWN ***
60a41c5b collected $0.12 from pot
*** SUMMARY ***
Total pot $0.12 | Rake $0 | Jackpot $0 | Bingo $0 | Fortune $0 | Tax $0
Seat 1: d2f11358 (button) folded before Flop (didn't bet)
Seat 2: Hero (small blind) folded before Flop
Seat 3: db475f73 (big blind) folded before Flop
Seat 4: 1f0ab2e4 folded before Flop (didn't bet)
Seat 6: 60a41c5b collected ($0.12)


Poker Hand #HD1744838446: Hold'em No Limit ($0.02/$0.05) - 2024/04/24 18:16:08
Table 'NLHBlue15' 6-max Seat #6 is the button
Seat 1: d2f11358 ($3.03 in chips)
Seat 2: Hero ($6.03 in chips)
Seat 3: db475f73 ($4.88 in chips)
Seat 4: 1f0ab2e4 ($5 in chips)
Seat 6: 60a41c5b ($5 in chips)
d2f11358: posts small blind $0.02
Hero: posts big blind $0.05
*** HOLE CARDS ***
Dealt to d2f11358 
Dealt to Hero [Tc 3s]
Dealt to db475f73 
Dealt to 1f0ab2e4 
Dealt to 60a41c5b 
db475f73: folds
1f0ab2e4: folds
60a41c5b: raises $0.07 to $0.12
d2f11358: calls $0.1
Hero: folds
*** FLOP *** [3d 2s 6d]
d2f11358: bets $0.15
60a41c5b: folds
Uncalled bet ($0.15) returned to d2f11358
*** SHOWDOWN ***
d2f11358 collected $0.28 from pot
*** SUMMARY ***
Total pot $0.29 | Rake $0.01 | Jackpot $0 | Bingo $0 | Fortune $0 | Tax $0
Board [3d 2s 6d]
Seat 1: d2f11358 (small blind) won ($0.28)
Seat 2: Hero (big blind) folded before Flop
Seat 3: db475f73 folded before Flop (didn't bet)
Seat 4: 1f0ab2e4 folded before Flop (didn't bet)
Seat 6: 60a41c5b (button) folded on the Flop


Poker Hand #HD1744838325: Hold'em No Limit ($0.02/$0.05) - 2024/04/24 18:15:22
Table 'NLHBlue15' 6-max Seat #4 is the button
Seat 1: d2f11358 ($1.61 in chips)
Seat 2: Hero ($6.03 in chips)
Seat 3: db475f73 ($4.88 in chips)
Seat 4: 1f0ab2e4 ($5 in chips)
Seat 6: 60a41c5b ($5.02 in chips)
60a41c5b: posts small blind $0.02
d2f11358: posts big blind $0.05
*** HOLE CARDS ***
Dealt to d2f11358 
Dealt to Hero [Jd 2c]
Dealt to db475f73 
Dealt to 1f0ab2e4 
Dealt to 60a41c5b 
Hero: folds
db475f73: folds
1f0ab2e4: raises $0.08 to $0.13
60a41c5b: folds
d2f11358: calls $0.08
*** FLOP *** [Th Kh 7h]
d2f11358: checks
1f0ab2e4: checks
*** TURN *** [Th Kh 7h] [2s]
d2f11358: bets $0.23
1f0ab2e4: calls $0.23
*** RIVER *** [Th Kh 7h 2s] [Ts]
d2f11358: bets $1.25 and is all-in
1f0ab2e4: calls $1.25
d2f11358: shows [Td 7d] (Tens Full over Sevens)
1f0ab2e4: shows [2h 2d] (Twos Full over Tens)
*** SHOWDOWN ***
d2f11358 collected $3.03 from pot
*** SUMMARY ***
Total pot $3.24 | Rake $0.16 | Jackpot $0.05 | Bingo $0 | Fortune $0 | Tax $0
Board [Th Kh 7h 2s Ts]
Seat 1: d2f11358 (big blind) showed [Td 7d] and won ($3.03) with Tens Full over Sevens
Seat 2: Hero folded before Flop (didn't bet)
Seat 3: db475f73 folded before Flop (didn't bet)
Seat 4: 1f0ab2e4 (button) showed [2h 2d] and lost with Twos Full over Tens
Seat 6: 60a41c5b (small blind) folded before Flop


Poker Hand #HD1744838295: Hold'em No Limit ($0.02/$0.05) - 2024/04/24 18:15:12
Table 'NLHBlue15' 6-max Seat #3 is the button
Seat 1: d2f11358 ($1.61 in chips)
Seat 2: Hero ($6.03 in chips)
Seat 3: db475f73 ($4.88 in chips)
Seat 4: 1f0ab2e4 ($5 in chips)
Seat 6: 60a41c5b ($5 in chips)
1f0ab2e4: posts small blind $0.02
60a41c5b: posts big blind $0.05
*** HOLE CARDS ***
Dealt to d2f11358 
Dealt to Hero [6h 7c]
Dealt to db475f73 
Dealt to 1f0ab2e4 
Dealt to 60a41c5b 
d2f11358: folds
Hero: folds
db475f73: folds
1f0ab2e4: folds
Uncalled bet ($0.03) returned to 60a41c5b
*** SHOWDOWN ***
60a41c5b collected $0.04 from pot
*** SUMMARY ***
Total pot $0.04 | Rake $0 | Jackpot $0 | Bingo $0 | Fortune $0 | Tax $0
Seat 1: d2f11358 folded before Flop (didn't bet)
Seat 2: Hero folded before Flop (didn't bet)
Seat 3: db475f73 (button) folded before Flop (didn't bet)
Seat 4: 1f0ab2e4 (small blind) folded before Flop
Seat 6: 60a41c5b (big blind) collected ($0.04)


Poker Hand #HD1744838154: Hold'em No Limit ($0.02/$0.05) - 2024/04/24 18:14:11
Table 'NLHBlue15' 6-max Seat #2 is the button
Seat 1: d2f11358 ($1.61 in chips)
Seat 2: Hero ($5.55 in chips)
Seat 3: db475f73 ($4.9 in chips)
Seat 4: 1f0ab2e4 ($5.28 in chips)
Seat 6: 60a41c5b ($5 in chips)
db475f73: posts small blind $0.02
1f0ab2e4: posts big blind $0.05
*** HOLE CARDS ***
Dealt to d2f11358 
Dealt to Hero [5h Ah]
Dealt to db475f73 
Dealt to 1f0ab2e4 
Dealt to 60a41c5b 
60a41c5b: folds
d2f11358: folds
Hero: raises $0.07 to $0.12
db475f73: folds
1f0ab2e4: calls $0.07
*** FLOP *** [Jd Tc As]
1f0ab2e4: checks
Hero: bets $0.18
1f0ab2e4: calls $0.18
*** TURN *** [Jd Tc As] [3c]
1f0ab2e4: checks
Hero: checks
*** RIVER *** [Jd Tc As 3c] [6s]
1f0ab2e4: bets $0.21
Hero: calls $0.21
1f0ab2e4: shows [9h Js] (Pair of Jacks)
Hero: shows [5h Ah] (Pair of Aces)
*** SHOWDOWN ***
Hero collected $0.99 from pot
*** SUMMARY ***
Total pot $1.04 | Rake $0.05 | Jackpot $0 | Bingo $0 | Fortune $0 | Tax $0
Board [Jd Tc As 3c 6s]
Seat 1: d2f11358 folded before Flop (didn't bet)
Seat 2: Hero (button) showed [5h Ah] and won ($0.99) with Pair of Aces
Seat 3: db475f73 (small blind) folded before Flop
Seat 4: 1f0ab2e4 (big blind) showed [9h Js] and lost with Pair of Jacks
Seat 6: 60a41c5b folded before Flop (didn't bet)


Poker Hand #HD1744838044: Hold'em No Limit ($0.02/$0.05) - 2024/04/24 18:13:28
Table 'NLHBlue15' 6-max Seat #1 is the button
Seat 1: d2f11358 ($1.5 in chips)
Seat 2: Hero ($5.57 in chips)
Seat 3: db475f73 ($5 in chips)
Seat 4: 1f0ab2e4 ($5.28 in chips)
Seat 6: 60a41c5b ($5 in chips)
Hero: posts small blind $0.02
db475f73: posts big blind $0.05
*** HOLE CARDS ***
Dealt to d2f11358 
Dealt to Hero [8d Th]
Dealt to db475f73 
Dealt to 1f0ab2e4 
Dealt to 60a41c5b 
1f0ab2e4: folds
60a41c5b: folds
d2f11358: raises $0.05 to $0.1
Hero: folds
db475f73: calls $0.05
*** FLOP *** [Qh 8c Qd]
db475f73: checks
d2f11358: checks
*** TURN *** [Qh 8c Qd] [Ts]
db475f73: checks
d2f11358: bets $0.11
db475f73: folds
Uncalled bet ($0.11) returned to d2f11358
*** SHOWDOWN ***
d2f11358 collected $0.21 from pot
*** SUMMARY ***
Total pot $0.22 | Rake $0.01 | Jackpot $0 | Bingo $0 | Fortune $0 | Tax $0
Board [Qh 8c Qd Ts]
Seat 1: d2f11358 (button) won ($0.21)
Seat 2: Hero (small blind) folded before Flop
Seat 3: db475f73 (big blind) folded on the Turn
Seat 4: 1f0ab2e4 folded before Flop (didn't bet)
Seat 6: 60a41c5b folded before Flop (didn't bet)


Poker Hand #HD1744837982: Hold'em No Limit ($0.02/$0.05) - 2024/04/24 18:13:04
Table 'NLHBlue15' 6-max Seat #6 is the button
Seat 1: d2f11358 ($1.52 in chips)
Seat 2: Hero ($5.62 in chips)
Seat 3: db475f73 ($4.93 in chips)
Seat 4: 1f0ab2e4 ($5.28 in chips)
Seat 6: 60a41c5b ($5 in chips)
d2f11358: posts small blind $0.02
Hero: posts big blind $0.05
*** HOLE CARDS ***
Dealt to d2f11358 
Dealt to Hero [9c Ah]
Dealt to db475f73 
Dealt to 1f0ab2e4 
Dealt to 60a41c5b 
db475f73: raises $0.1 to $0.15
1f0ab2e4: folds
60a41c5b: folds
d2f11358: folds
Hero: folds
Uncalled bet ($0.1) returned to db475f73
*** SHOWDOWN ***
db475f73 collected $0.12 from pot
*** SUMMARY ***
Total pot $0.12 | Rake $0 | Jackpot $0 | Bingo $0 | Fortune $0 | Tax $0
Seat 1: d2f11358 (small blind) folded before Flop
Seat 2: Hero (big blind) folded before Flop
Seat 3: db475f73 collected ($0.12)
Seat 4: 1f0ab2e4 folded before Flop (didn't bet)
Seat 6: 60a41c5b (button) folded before Flop (didn't bet)


Poker Hand #HD1744837799: Hold'em No Limit ($0.02/$0.05) - 2024/04/24 18:11:51
Table 'NLHBlue15' 6-max Seat #4 is the button
Seat 1: d2f11358 ($2 in chips)
Seat 2: Hero ($5.16 in chips)
Seat 3: db475f73 ($4.93 in chips)
Seat 4: 1f0ab2e4 ($5.28 in chips)
Seat 6: 60a41c5b ($5.02 in chips)
60a41c5b: posts small blind $0.02
d2f11358: posts big blind $0.05
*** HOLE CARDS ***
Dealt to d2f11358 
Dealt to Hero [Kd Jd]
Dealt to db475f73 
Dealt to 1f0ab2e4 
Dealt to 60a41c5b 
Hero: raises $0.05 to $0.1
db475f73: folds
1f0ab2e4: folds
60a41c5b: folds
d2f11358: calls $0.05
*** FLOP *** [Ks 5h 4d]
d2f11358: checks
Hero: bets $0.1
d2f11358: calls $0.1
*** TURN *** [Ks 5h 4d] [2d]
d2f11358: checks
Hero: bets $0.28
d2f11358: calls $0.28
*** RIVER *** [Ks 5h 4d 2d] [Qs]
d2f11358: checks
Hero: bets $0.65
d2f11358: folds
Uncalled bet ($0.65) returned to Hero
*** SHOWDOWN ***
Hero collected $0.94 from pot
*** SUMMARY ***
Total pot $0.98 | Rake $0.04 | Jackpot $0 | Bingo $0 | Fortune $0 | Tax $0
Board [Ks 5h 4d 2d Qs]
Seat 1: d2f11358 (big blind) folded on the River
Seat 2: Hero won ($0.94)
Seat 3: db475f73 folded before Flop (didn't bet)
Seat 4: 1f0ab2e4 (button) folded before Flop (didn't bet)
Seat 6: 60a41c5b (small blind) folded before Flop


Poker Hand #HD1744837765: Hold'em No Limit ($0.02/$0.05) - 2024/04/24 18:11:38
Table 'NLHBlue15' 6-max Seat #3 is the button
Seat 1: d2f11358 ($2 in chips)
Seat 2: Hero ($5.16 in chips)
Seat 3: db475f73 ($4.93 in chips)
Seat 4: 1f0ab2e4 ($5.3 in chips)
Seat 6: 60a41c5b ($5 in chips)
1f0ab2e4: posts small blind $0.02
60a41c5b: posts big blind $0.05
*** HOLE CARDS ***
Dealt to d2f11358 
Dealt to Hero [8c 5d]
Dealt to db475f73 
Dealt to 1f0ab2e4 
Dealt to 60a41c5b 
d2f11358: folds
Hero: folds
db475f73: folds
1f0ab2e4: folds
Uncalled bet ($0.03) returned to 60a41c5b
*** SHOWDOWN ***
60a41c5b collected $0.04 from pot
*** SUMMARY ***
Total pot $0.04 | Rake $0 | Jackpot $0 | Bingo $0 | Fortune $0 | Tax $0
Seat 1: d2f11358 folded before Flop (didn't bet)
Seat 2: Hero folded before Flop (didn't bet)
Seat 3: db475f73 (button) folded before Flop (didn't bet)
Seat 4: 1f0ab2e4 (small blind) folded before Flop
Seat 6: 60a41c5b (big blind) collected ($0.04)


Poker Hand #HD1744837718: Hold'em No Limit ($0.02/$0.05) - 2024/04/24 18:11:20
Table 'NLHBlue15' 6-max Seat #2 is the button
Seat 1: d2f11358 ($2 in chips)
Seat 2: Hero ($5.16 in chips)
Seat 3: db475f73 ($4.95 in chips)
Seat 4: 1f0ab2e4 ($5.28 in chips)
Seat 6: 60a41c5b ($5 in chips)
db475f73: posts small blind $0.02
1f0ab2e4: posts big blind $0.05
*** HOLE CARDS ***
Dealt to d2f11358 
Dealt to Hero [Th 3s]
Dealt to db475f73 
Dealt to 1f0ab2e4 
Dealt to 60a41c5b 
60a41c5b: folds
d2f11358: folds
Hero: folds
db475f73: folds
Uncalled bet ($0.03) returned to 1f0ab2e4
*** SHOWDOWN ***
1f0ab2e4 collected $0.04 from pot
*** SUMMARY ***
Total pot $0.04 | Rake $0 | Jackpot $0 | Bingo $0 | Fortune $0 | Tax $0
Seat 1: d2f11358 folded before Flop (didn't bet)
Seat 2: Hero (button) folded before Flop (didn't bet)
Seat 3: db475f73 (small blind) folded before Flop
Seat 4: 1f0ab2e4 (big blind) collected ($0.04)
Seat 6: 60a41c5b folded before Flop (didn't bet)


Poker Hand #HD1744837594: Hold'em No Limit ($0.02/$0.05) - 2024/04/24 18:10:27
Table 'NLHBlue15' 6-max Seat #1 is the button
Seat 1: d2f11358 ($1.04 in chips)
Seat 2: Hero ($5.18 in chips)
Seat 3: db475f73 ($5 in chips)
Seat 4: 1f0ab2e4 ($5.28 in chips)
Seat 6: 60a41c5b ($5 in chips)
Hero: posts small blind $0.02
db475f73: posts big blind $0.05
*** HOLE CARDS ***
Dealt to d2f11358 
Dealt to Hero [8h 4h]
Dealt to db475f73 
Dealt to 1f0ab2e4 
Dealt to 60a41c5b 
1f0ab2e4: folds
60a41c5b: raises $0.09 to $0.14
d2f11358: raises $0.18 to $0.32
Hero: folds
db475f73: folds
60a41c5b: raises $0.98 to $1.3
d2f11358: calls $0.72 and is all-in
Uncalled bet ($0.26) returned to 60a41c5b
60a41c5b: shows [9h 9d]
d2f11358: shows [Th Ts]
*** FLOP *** [Ah 6s Qd]
*** TURN *** [Ah 6s Qd] [Qs]
*** RIVER *** [Ah 6s Qd Qs] [Kc]
*** SHOWDOWN ***
d2f11358 collected $2 from pot
*** SUMMARY ***
Total pot $2.15 | Rake $0.1 | Jackpot $0.05 | Bingo $0 | Fortune $0 | Tax $0
Board [Ah 6s Qd Qs Kc]
Seat 1: d2f11358 (button) showed [Th Ts] and won ($2) with Pair of Queens and Pair of Tens
Seat 2: Hero (small blind) folded before Flop
Seat 3: db475f73 (big blind) folded before Flop
Seat 4: 1f0ab2e4 folded before Flop (didn't bet)
Seat 6: 60a41c5b showed [9h 9d] and lost with Pair of Queens and Pair of Nines


Poker Hand #HD1744837553: Hold'em No Limit ($0.02/$0.05) - 2024/04/24 18:10:12
Table 'NLHBlue15' 6-max Seat #6 is the button
Seat 1: d2f11358 ($1.06 in chips)
Seat 2: Hero ($5.16 in chips)
Seat 4: 1f0ab2e4 ($5.28 in chips)
Seat 6: 60a41c5b ($5 in chips)
d2f11358: posts small blind $0.02
Hero: posts big blind $0.05
*** HOLE CARDS ***
Dealt to d2f11358 
Dealt to Hero [9h Ks]
Dealt to 1f0ab2e4 
Dealt to 60a41c5b 
1f0ab2e4: folds
60a41c5b: folds
d2f11358: folds
Uncalled bet ($0.03) returned to Hero
*** SHOWDOWN ***
Hero collected $0.04 from pot
*** SUMMARY ***
Total pot $0.04 | Rake $0 | Jackpot $0 | Bingo $0 | Fortune $0 | Tax $0
Seat 1: d2f11358 (small blind) folded before Flop
Seat 2: Hero (big blind) collected ($0.04)
Seat 4: 1f0ab2e4 folded before Flop (didn't bet)
Seat 6: 60a41c5b (button) folded before Flop (didn't bet)


Poker Hand #HD1744837475: Hold'em No Limit ($0.02/$0.05) - 2024/04/24 18:09:43
Table 'NLHBlue15' 6-max Seat #4 is the button
Seat 1: d2f11358 ($0.95 in chips)
Seat 2: Hero ($5.16 in chips)
Seat 4: 1f0ab2e4 ($5.28 in chips)
Seat 6: 60a41c5b ($5 in chips)
60a41c5b: posts small blind $0.02
d2f11358: posts big blind $0.05
*** HOLE CARDS ***
Dealt to d2f11358 
Dealt to Hero [2s 5c]
Dealt to 1f0ab2e4 
Dealt to 60a41c5b 
Hero: folds
1f0ab2e4: folds
60a41c5b: raises $0.07 to $0.12
d2f11358: calls $0.07
*** FLOP *** [3c Ah 7h]
60a41c5b: checks
d2f11358: checks
*** TURN *** [3c Ah 7h] [6h]
60a41c5b: checks
d2f11358: bets $0.1
60a41c5b: folds
Uncalled bet ($0.1) returned to d2f11358
*** SHOWDOWN ***
d2f11358 collected $0.23 from pot
*** SUMMARY ***
Total pot $0.24 | Rake $0.01 | Jackpot $0 | Bingo $0 | Fortune $0 | Tax $0
Board [3c Ah 7h 6h]
Seat 1: d2f11358 (big blind) won ($0.23)
Seat 2: Hero folded before Flop (didn't bet)
Seat 4: 1f0ab2e4 (button) folded before Flop (didn't bet)
Seat 6: 60a41c5b (small blind) folded on the Turn


Poker Hand #HD1744837417: Hold'em No Limit ($0.02/$0.05) - 2024/04/24 18:09:21
Table 'NLHBlue15' 6-max Seat #2 is the button
Seat 1: d2f11358 ($1 in chips)
Seat 2: Hero ($5.16 in chips)
Seat 4: 1f0ab2e4 ($5.18 in chips)
Seat 6: 60a41c5b ($5 in chips)
1f0ab2e4: posts small blind $0.02
60a41c5b: posts big blind $0.05
d2f11358: posts big blind $0.05
*** HOLE CARDS ***
Dealt to d2f11358 
Dealt to Hero [Js 3s]
Dealt to 1f0ab2e4 
Dealt to 60a41c5b 
d2f11358: checks
Hero: folds
1f0ab2e4: raises $0.25 to $0.3
60a41c5b: folds
d2f11358: folds
Uncalled bet ($0.25) returned to 1f0ab2e4
*** SHOWDOWN ***
1f0ab2e4 collected $0.15 from pot
*** SUMMARY ***
Total pot $0.15 | Rake $0 | Jackpot $0 | Bingo $0 | Fortune $0 | Tax $0
Seat 1: d2f11358 folded before Flop
Seat 2: Hero (button) folded before Flop (didn't bet)
Seat 4: 1f0ab2e4 (small blind) collected ($0.15)
Seat 6: 60a41c5b (big blind) folded before Flop


Poker Hand #HD1744837334: Hold'em No Limit ($0.02/$0.05) - 2024/04/24 18:08:46
Table 'NLHBlue15' 6-max Seat #6 is the button
Seat 2: Hero ($5.18 in chips)
Seat 4: 1f0ab2e4 ($5.07 in chips)
Seat 6: 60a41c5b ($5.1 in chips)
Hero: posts small blind $0.02
1f0ab2e4: posts big blind $0.05
*** HOLE CARDS ***
Dealt to Hero [9c Qd]
Dealt to 1f0ab2e4 
Dealt to 60a41c5b 
60a41c5b: raises $0.05 to $0.1
Hero: folds
1f0ab2e4: calls $0.05
*** FLOP *** [2d 8h 6d]
1f0ab2e4: checks
60a41c5b: checks
*** TURN *** [2d 8h 6d] [Jd]
1f0ab2e4: bets $0.3
60a41c5b: folds
Uncalled bet ($0.3) returned to 1f0ab2e4
*** SHOWDOWN ***
1f0ab2e4 collected $0.21 from pot
*** SUMMARY ***
Total pot $0.22 | Rake $0.01 | Jackpot $0 | Bingo $0 | Fortune $0 | Tax $0
Board [2d 8h 6d Jd]
Seat 2: Hero (small blind) folded before Flop
Seat 4: 1f0ab2e4 (big blind) won ($0.21)
Seat 6: 60a41c5b (button) folded on the Turn


Poker Hand #HD1744837304: Hold'em No Limit ($0.02/$0.05) - 2024/04/24 18:08:35
Table 'NLHBlue15' 6-max Seat #4 is the button
Seat 2: Hero ($5.23 in chips)
Seat 4: 1f0ab2e4 ($5 in chips)
Seat 6: 60a41c5b ($5.12 in chips)
60a41c5b: posts small blind $0.02
Hero: posts big blind $0.05
*** HOLE CARDS ***
Dealt to Hero [Th 6h]
Dealt to 1f0ab2e4 
Dealt to 60a41c5b 
1f0ab2e4: raises $0.08 to $0.13
60a41c5b: folds
Hero: folds
Uncalled bet ($0.08) returned to 1f0ab2e4
*** SHOWDOWN ***
1f0ab2e4 collected $0.12 from pot
*** SUMMARY ***
Total pot $0.12 | Rake $0 | Jackpot $0 | Bingo $0 | Fortune $0 | Tax $0
Seat 2: Hero (big blind) folded before Flop
Seat 4: 1f0ab2e4 (button) collected ($0.12)
Seat 6: 60a41c5b (small blind) folded before Flop


Poker Hand #HD1744837282: Hold'em No Limit ($0.02/$0.05) - 2024/04/24 18:08:24
Table 'NLHBlue15' 6-max Seat #2 is the button
Seat 2: Hero ($5.23 in chips)
Seat 4: 1f0ab2e4 ($5.02 in chips)
Seat 6: 60a41c5b ($5.1 in chips)
1f0ab2e4: posts small blind $0.02
60a41c5b: posts big blind $0.05
*** HOLE CARDS ***
Dealt to Hero [5d 3h]
Dealt to 1f0ab2e4 
Dealt to 60a41c5b 
Hero: folds
1f0ab2e4: folds
Uncalled bet ($0.03) returned to 60a41c5b
*** SHOWDOWN ***
60a41c5b collected $0.04 from pot
*** SUMMARY ***
Total pot $0.04 | Rake $0 | Jackpot $0 | Bingo $0 | Fortune $0 | Tax $0
Seat 2: Hero (button) folded before Flop (didn't bet)
Seat 4: 1f0ab2e4 (small blind) folded before Flop
Seat 6: 60a41c5b (big blind) collected ($0.04)


Poker Hand #HD1744837252: Hold'em No Limit ($0.02/$0.05) - 2024/04/24 18:08:15
Table 'NLHBlue15' 6-max Seat #6 is the button
Seat 2: Hero ($5.25 in chips)
Seat 4: 1f0ab2e4 ($5 in chips)
Seat 6: 60a41c5b ($5.1 in chips)
Hero: posts small blind $0.02
1f0ab2e4: posts big blind $0.05
*** HOLE CARDS ***
Dealt to Hero [Jh 3d]
Dealt to 1f0ab2e4 
Dealt to 60a41c5b 
60a41c5b: folds
Hero: folds
Uncalled bet ($0.03) returned to 1f0ab2e4
*** SHOWDOWN ***
1f0ab2e4 collected $0.04 from pot
*** SUMMARY ***
Total pot $0.04 | Rake $0 | Jackpot $0 | Bingo $0 | Fortune $0 | Tax $0
Seat 2: Hero (small blind) folded before Flop
Seat 4: 1f0ab2e4 (big blind) collected ($0.04)
Seat 6: 60a41c5b (button) folded before Flop (didn't bet)


Poker Hand #HD1744837218: Hold'em No Limit ($0.02/$0.05) - 2024/04/24 18:08:00
Table 'NLHBlue15' 6-max Seat #3 is the button
Seat 2: Hero ($5.23 in chips)
Seat 3: 163f2a27 ($13.66 in chips)
Seat 6: 60a41c5b ($5.12 in chips)
60a41c5b: posts small blind $0.02
Hero: posts big blind $0.05
*** HOLE CARDS ***
Dealt to Hero [Qc Jh]
Dealt to 163f2a27 
Dealt to 60a41c5b 
163f2a27: folds
60a41c5b: folds
Uncalled bet ($0.03) returned to Hero
*** SHOWDOWN ***
Hero collected $0.04 from pot
*** SUMMARY ***
Total pot $0.04 | Rake $0 | Jackpot $0 | Bingo $0 | Fortune $0 | Tax $0
Seat 2: Hero (big blind) collected ($0.04)
Seat 3: 163f2a27 (button) folded before Flop (didn't bet)
Seat 6: 60a41c5b (small blind) folded before Flop


Poker Hand #HD1744837183: Hold'em No Limit ($0.02/$0.05) - 2024/04/24 18:07:47
Table 'NLHBlue15' 6-max Seat #2 is the button
Seat 2: Hero ($5.23 in chips)
Seat 3: 163f2a27 ($13.68 in chips)
Seat 6: 60a41c5b ($5.1 in chips)
163f2a27: posts small blind $0.02
60a41c5b: posts big blind $0.05
*** HOLE CARDS ***
Dealt to Hero [6s 9c]
Dealt to 163f2a27 
Dealt to 60a41c5b 
Hero: folds
163f2a27: folds
Uncalled bet ($0.03) returned to 60a41c5b
*** SHOWDOWN ***
60a41c5b collected $0.04 from pot
*** SUMMARY ***
Total pot $0.04 | Rake $0 | Jackpot $0 | Bingo $0 | Fortune $0 | Tax $0
Seat 2: Hero (button) folded before Flop (didn't bet)
Seat 3: 163f2a27 (small blind) folded before Flop
Seat 6: 60a41c5b (big blind) collected ($0.04)


Poker Hand #HD1744837096: Hold'em No Limit ($0.02/$0.05) - 2024/04/24 18:07:13
Table 'NLHBlue15' 6-max Seat #1 is the button
Seat 1: bc5d978b ($7.22 in chips)
Seat 2: Hero ($5 in chips)
Seat 3: 163f2a27 ($13.93 in chips)
Seat 6: 60a41c5b ($5.1 in chips)
Hero: posts small blind $0.02
163f2a27: posts big blind $0.05
*** HOLE CARDS ***
Dealt to bc5d978b 
Dealt to Hero [Ts Td]
Dealt to 163f2a27 
Dealt to 60a41c5b 
60a41c5b: folds
bc5d978b: folds
Hero: raises $0.1 to $0.15
163f2a27: calls $0.1
*** FLOP *** [Qd Qc 3c]
Hero: bets $0.1
163f2a27: calls $0.1
*** TURN *** [Qd Qc 3c] [Jh]
Hero: checks
163f2a27: checks
*** RIVER *** [Qd Qc 3c Jh] [9d]
Hero: checks
163f2a27: checks
Hero: shows [Ts Td] (Pair of Queens and Pair of Tens)
163f2a27: shows [5c 5s] (Pair of Queens and Pair of Fives)
*** SHOWDOWN ***
Hero collected $0.48 from pot
*** SUMMARY ***
Total pot $0.5 | Rake $0.02 | Jackpot $0 | Bingo $0 | Fortune $0 | Tax $0
Board [Qd Qc 3c Jh 9d]
Seat 1: bc5d978b (button) folded before Flop (didn't bet)
Seat 2: Hero (small blind) showed [Ts Td] and won ($0.48) with Pair of Queens and Pair of Tens
Seat 3: 163f2a27 (big blind) showed [5c 5s] and lost with Pair of Queens and Pair of Fives
Seat 6: 60a41c5b folded before Flop (didn't bet)


Poker Hand #HD1744837018: Hold'em No Limit ($0.02/$0.05) - 2024/04/24 18:06:40
Table 'NLHBlue15' 6-max Seat #6 is the button
Seat 1: bc5d978b ($7.35 in chips)
Seat 2: Hero ($5 in chips)
Seat 3: 163f2a27 ($13.69 in chips)
Seat 6: 60a41c5b ($5.1 in chips)
bc5d978b: posts small blind $0.02
Hero: posts big blind $0.05
*** HOLE CARDS ***
Dealt to bc5d978b 
Dealt to Hero [Qs 9s]
Dealt to 163f2a27 
Dealt to 60a41c5b 
163f2a27: raises $0.08 to $0.13
60a41c5b: folds
bc5d978b: calls $0.11
Hero: calls $0.08
*** FLOP *** [5d 7s 2d]
bc5d978b: checks
Hero: checks
163f2a27: bets $0.2
bc5d978b: folds
Hero: folds
Uncalled bet ($0.2) returned to 163f2a27
*** SHOWDOWN ***
163f2a27 collected $0.37 from pot
*** SUMMARY ***
Total pot $0.39 | Rake $0.02 | Jackpot $0 | Bingo $0 | Fortune $0 | Tax $0
Board [5d 7s 2d]
Seat 1: bc5d978b (small blind) folded on the Flop
Seat 2: Hero (big blind) folded on the Flop
Seat 3: 163f2a27 won ($0.37)
Seat 6: 60a41c5b (button) folded before Flop (didn't bet)


Poker Hand #HD1744836943: Hold'em No Limit ($0.02/$0.05) - 2024/04/24 18:06:12
Table 'NLHBlue15' 6-max Seat #3 is the button
Seat 1: bc5d978b ($7.24 in chips)
Seat 2: Hero ($5 in chips)
Seat 3: 163f2a27 ($13.69 in chips)
Seat 6: 60a41c5b ($5.12 in chips)
60a41c5b: posts small blind $0.02
bc5d978b: posts big blind $0.05
*** HOLE CARDS ***
Dealt to bc5d978b 
Dealt to Hero [Js Kh]
Dealt to 163f2a27 
Dealt to 60a41c5b 
Hero: raises $0.05 to $0.1
163f2a27: folds
60a41c5b: folds
bc5d978b: calls $0.05
*** FLOP *** [8h Qd 4c]
bc5d978b: checks
Hero: checks
*** TURN *** [8h Qd 4c] [7h]
bc5d978b: checks
Hero: checks
*** RIVER *** [8h Qd 4c 7h] [2s]
bc5d978b: checks
Hero: checks
bc5d978b: shows [3h 4d] (Pair of Fours)
Hero: shows [Js Kh] (King-High)
*** SHOWDOWN ***
bc5d978b collected $0.21 from pot
*** SUMMARY ***
Total pot $0.22 | Rake $0.01 | Jackpot $0 | Bingo $0 | Fortune $0 | Tax $0
Board [8h Qd 4c 7h 2s]
Seat 1: bc5d978b (big blind) showed [3h 4d] and won ($0.21) with Pair of Fours
Seat 2: Hero showed [Js Kh] and lost with King-High
Seat 3: 163f2a27 (button) folded before Flop (didn't bet)
Seat 6: 60a41c5b (small blind) folded before Flop


Poker Hand #HD1744836823: Hold'em No Limit ($0.02/$0.05) - 2024/04/24 18:05:19
Table 'NLHBlue15' 6-max Seat #2 is the button
Seat 1: bc5d978b ($7.53 in chips)
Seat 2: Hero ($5 in chips)
Seat 3: 163f2a27 ($13.38 in chips)
Seat 6: 60a41c5b ($5.17 in chips)
163f2a27: posts small blind $0.02
60a41c5b: posts big blind $0.05
*** HOLE CARDS ***
Dealt to bc5d978b 
Dealt to Hero [Jc Th]
Dealt to 163f2a27 
Dealt to 60a41c5b 
bc5d978b: raises $0.08 to $0.13
Hero: folds
163f2a27: calls $0.11
60a41c5b: folds
*** FLOP *** [8h 9c Ks]
163f2a27: checks
bc5d978b: bets $0.16
163f2a27: calls $0.16
*** TURN *** [8h 9c Ks] [2c]
163f2a27: checks
bc5d978b: checks
*** RIVER *** [8h 9c Ks 2c] [Kd]
163f2a27: checks
bc5d978b: checks
163f2a27: shows [Qd Jd] (Pair of Kings)
bc5d978b: shows [5s Ts] (Pair of Kings)
*** SHOWDOWN ***
163f2a27 collected $0.6 from pot
*** SUMMARY ***
Total pot $0.63 | Rake $0.03 | Jackpot $0 | Bingo $0 | Fortune $0 | Tax $0
Board [8h 9c Ks 2c Kd]
Seat 1: bc5d978b showed [5s Ts] and lost with Pair of Kings
Seat 2: Hero (button) folded before Flop (didn't bet)
Seat 3: 163f2a27 (small blind) showed [Qd Jd] and won ($0.6) with Pair of Kings
Seat 6: 60a41c5b (big blind) folded before Flop


Poker Hand #HD1744836748: Hold'em No Limit ($0.02/$0.05) - 2024/04/24 18:04:51
Table 'NLHBlue15' 6-max Seat #1 is the button
Seat 1: bc5d978b ($7.53 in chips)
Seat 2: Hero ($5 in chips)
Seat 3: 163f2a27 ($13.43 in chips)
Seat 6: 60a41c5b ($5.1 in chips)
Hero: posts small blind $0.02
163f2a27: posts big blind $0.05
*** HOLE CARDS ***
Dealt to bc5d978b 
Dealt to Hero [3s 7c]
Dealt to 163f2a27 
Dealt to 60a41c5b 
60a41c5b: raises $0.07 to $0.12
bc5d978b: folds
Hero: folds
163f2a27: folds
Uncalled bet ($0.07) returned to 60a41c5b
*** SHOWDOWN ***
60a41c5b collected $0.12 from pot
*** SUMMARY ***
Total pot $0.12 | Rake $0 | Jackpot $0 | Bingo $0 | Fortune $0 | Tax $0
Seat 1: bc5d978b (button) folded before Flop (didn't bet)
Seat 2: Hero (small blind) folded before Flop
Seat 3: 163f2a27 (big blind) folded before Flop
Seat 6: 60a41c5b collected ($0.12)


Poker Hand #HD1744836640: Hold'em No Limit ($0.02/$0.05) - 2024/04/24 18:04:05
Table 'NLHBlue15' 6-max Seat #6 is the button
Seat 1: bc5d978b ($7.26 in chips)
Seat 2: Hero ($5 in chips)
Seat 3: 163f2a27 ($13.43 in chips)
Seat 4: 1f0ab2e4 ($5 in chips)
Seat 6: 60a41c5b ($5.1 in chips)
bc5d978b: posts small blind $0.02
Hero: posts big blind $0.05
*** HOLE CARDS ***
Dealt to bc5d978b 
Dealt to Hero [4s 9d]
Dealt to 163f2a27 
Dealt to 1f0ab2e4 
Dealt to 60a41c5b 
163f2a27: folds
1f0ab2e4: raises $0.08 to $0.13
60a41c5b: folds
bc5d978b: calls $0.11
Hero: folds
*** FLOP *** [7c Th 8d]
bc5d978b: checks
1f0ab2e4: bets $0.11
bc5d978b: raises $0.27 to $0.38
1f0ab2e4: folds
Uncalled bet ($0.27) returned to bc5d978b
*** SHOWDOWN ***
bc5d978b collected $0.51 from pot
*** SUMMARY ***
Total pot $0.53 | Rake $0.02 | Jackpot $0 | Bingo $0 | Fortune $0 | Tax $0
Board [7c Th 8d]
Seat 1: bc5d978b (small blind) won ($0.51)
Seat 2: Hero (big blind) folded before Flop
Seat 3: 163f2a27 folded before Flop (didn't bet)
Seat 4: 1f0ab2e4 folded on the Flop
Seat 6: 60a41c5b (button) folded before Flop (didn't bet)


