Poker Hand #HD1775499899: Hold'em No Limit ($0.05/$0.1) - 2024/05/16 20:18:30
Table 'NLHRed28' 6-max Seat #6 is the button
Seat 1: bd1e532d ($12.78 in chips)
Seat 2: 74c43b6c ($10.27 in chips)
Seat 3: Hero ($10.3 in chips)
Seat 4: e63d98a4 ($12.69 in chips)
Seat 5: 2054efb9 ($10.15 in chips)
Seat 6: 36515944 ($10 in chips)
bd1e532d: posts small blind $0.05
74c43b6c: posts big blind $0.1
*** HOLE CARDS ***
Dealt to bd1e532d 
Dealt to 74c43b6c 
Dealt to Hero [Ac Kh]
Dealt to e63d98a4 
Dealt to 2054efb9 
Dealt to 36515944 
Hero: raises $0.1 to $0.2
e63d98a4: folds
2054efb9: folds
36515944: folds
bd1e532d: folds
74c43b6c: calls $0.1
*** FLOP *** [Tc 8h 7d]
74c43b6c: checks
Hero: checks
*** TURN *** [Tc 8h 7d] [Qs]
74c43b6c: checks
Hero: bets $0.25
74c43b6c: calls $0.25
*** RIVER *** [Tc 8h 7d Qs] [Ad]
74c43b6c: checks
Hero: bets $0.52
74c43b6c: folds
Uncalled bet ($0.52) returned to Hero
*** SHOWDOWN ***
Hero collected $0.91 from pot
*** SUMMARY ***
Total pot $0.95 | Rake $0.04 | Jackpot $0 | Bingo $0 | Fortune $0 | Tax $0
Board [Tc 8h 7d Qs Ad]
Seat 1: bd1e532d (small blind) folded before Flop
Seat 2: 74c43b6c (big blind) folded on the River
Seat 3: Hero won ($0.91)
Seat 4: e63d98a4 folded before Flop (didn't bet)
Seat 5: 2054efb9 folded before Flop (didn't bet)
Seat 6: 36515944 (button) folded before Flop (didn't bet)


Poker Hand #HD1775499852: Hold'em No Limit ($0.05/$0.1) - 2024/05/16 20:18:00
Table 'NLHRed28' 6-max Seat #5 is the button
Seat 1: bd1e532d ($12.88 in chips)
Seat 2: 74c43b6c ($10.27 in chips)
Seat 3: Hero ($10.3 in chips)
Seat 4: e63d98a4 ($12.69 in chips)
Seat 5: 2054efb9 ($10 in chips)
Seat 6: 36515944 ($10.05 in chips)
36515944: posts small blind $0.05
bd1e532d: posts big blind $0.1
*** HOLE CARDS ***
Dealt to bd1e532d 
Dealt to 74c43b6c 
Dealt to Hero [Ks 9d]
Dealt to e63d98a4 
Dealt to 2054efb9 
Dealt to 36515944 
74c43b6c: folds
Hero: folds
e63d98a4: folds
2054efb9: raises $0.1 to $0.2
36515944: folds
bd1e532d: folds
Uncalled bet ($0.1) returned to 2054efb9
*** SHOWDOWN ***
2054efb9 collected $0.25 from pot
*** SUMMARY ***
Total pot $0.25 | Rake $0 | Jackpot $0 | Bingo $0 | Fortune $0 | Tax $0
Seat 1: bd1e532d (big blind) folded before Flop
Seat 2: 74c43b6c folded before Flop (didn't bet)
Seat 3: Hero folded before Flop (didn't bet)
Seat 4: e63d98a4 folded before Flop (didn't bet)
Seat 5: 2054efb9 (button) collected ($0.25)
Seat 6: 36515944 (small blind) folded before Flop


Poker Hand #HD1775499835: Hold'em No Limit ($0.05/$0.1) - 2024/05/16 20:17:48
Table 'NLHRed28' 6-max Seat #4 is the button
Seat 1: bd1e532d ($12.88 in chips)
Seat 2: 74c43b6c ($10.27 in chips)
Seat 3: Hero ($10.3 in chips)
Seat 4: e63d98a4 ($12.69 in chips)
Seat 5: 2054efb9 ($10 in chips)
Seat 6: 36515944 ($10 in chips)
2054efb9: posts small blind $0.05
36515944: posts big blind $0.1
*** HOLE CARDS ***
Dealt to bd1e532d 
Dealt to 74c43b6c 
Dealt to Hero [Ts 8s]
Dealt to e63d98a4 
Dealt to 2054efb9 
Dealt to 36515944 
bd1e532d: folds
74c43b6c: folds
Hero: folds
e63d98a4: folds
2054efb9: folds
Uncalled bet ($0.05) returned to 36515944
*** SHOWDOWN ***
36515944 collected $0.1 from pot
*** SUMMARY ***
Total pot $0.1 | Rake $0 | Jackpot $0 | Bingo $0 | Fortune $0 | Tax $0
Seat 1: bd1e532d folded before Flop (didn't bet)
Seat 2: 74c43b6c folded before Flop (didn't bet)
Seat 3: Hero folded before Flop (didn't bet)
Seat 4: e63d98a4 (button) folded before Flop (didn't bet)
Seat 5: 2054efb9 (small blind) folded before Flop
Seat 6: 36515944 (big blind) collected ($0.1)


Poker Hand #HD1775499733: Hold'em No Limit ($0.05/$0.1) - 2024/05/16 20:16:42
Table 'NLHRed28' 6-max Seat #3 is the button
Seat 1: bd1e532d ($12.88 in chips)
Seat 2: 74c43b6c ($10.27 in chips)
Seat 3: Hero ($10.3 in chips)
Seat 4: e63d98a4 ($11.61 in chips)
Seat 5: 2054efb9 ($10.15 in chips)
e63d98a4: posts small blind $0.05
2054efb9: posts big blind $0.1
*** HOLE CARDS ***
Dealt to bd1e532d 
Dealt to 74c43b6c 
Dealt to Hero [3d Ah]
Dealt to e63d98a4 
Dealt to 2054efb9 
bd1e532d: folds
74c43b6c: folds
Hero: folds
e63d98a4: raises $0.2 to $0.3
2054efb9: calls $0.2
*** FLOP *** [Jd 5c 2c]
e63d98a4: bets $0.3
2054efb9: calls $0.3
*** TURN *** [Jd 5c 2c] [Ac]
e63d98a4: bets $0.6
2054efb9: calls $0.6
*** RIVER *** [Jd 5c 2c Ac] [Ad]
e63d98a4: bets $2.4
2054efb9: folds
Uncalled bet ($2.4) returned to e63d98a4
*** SHOWDOWN ***
e63d98a4 collected $2.28 from pot
*** SUMMARY ***
Total pot $2.4 | Rake $0.12 | Jackpot $0 | Bingo $0 | Fortune $0 | Tax $0
Board [Jd 5c 2c Ac Ad]
Seat 1: bd1e532d folded before Flop (didn't bet)
Seat 2: 74c43b6c folded before Flop (didn't bet)
Seat 3: Hero (button) folded before Flop (didn't bet)
Seat 4: e63d98a4 (small blind) won ($2.28)
Seat 5: 2054efb9 (big blind) folded on the River


Poker Hand #HD1775499715: Hold'em No Limit ($0.05/$0.1) - 2024/05/16 20:16:29
Table 'NLHRed28' 6-max Seat #2 is the button
Seat 1: bd1e532d ($12.88 in chips)
Seat 2: 74c43b6c ($10.27 in chips)
Seat 3: Hero ($10.35 in chips)
Seat 4: e63d98a4 ($11.71 in chips)
Seat 5: 2054efb9 ($10 in chips)
Hero: posts small blind $0.05
e63d98a4: posts big blind $0.1
*** HOLE CARDS ***
Dealt to bd1e532d 
Dealt to 74c43b6c 
Dealt to Hero [2s 3h]
Dealt to e63d98a4 
Dealt to 2054efb9 
2054efb9: raises $0.15 to $0.25
bd1e532d: folds
74c43b6c: folds
Hero: folds
e63d98a4: folds
Uncalled bet ($0.15) returned to 2054efb9
*** SHOWDOWN ***
2054efb9 collected $0.25 from pot
*** SUMMARY ***
Total pot $0.25 | Rake $0 | Jackpot $0 | Bingo $0 | Fortune $0 | Tax $0
Seat 1: bd1e532d folded before Flop (didn't bet)
Seat 2: 74c43b6c (button) folded before Flop (didn't bet)
Seat 3: Hero (small blind) folded before Flop
Seat 4: e63d98a4 (big blind) folded before Flop
Seat 5: 2054efb9 collected ($0.25)


Poker Hand #HD1775499690: Hold'em No Limit ($0.05/$0.1) - 2024/05/16 20:16:14
Table 'NLHRed28' 6-max Seat #1 is the button
Seat 1: bd1e532d ($12.88 in chips)
Seat 2: 74c43b6c ($10.17 in chips)
Seat 3: Hero ($10.45 in chips)
Seat 4: e63d98a4 ($11.71 in chips)
Seat 5: 2054efb9 ($10 in chips)
74c43b6c: posts small blind $0.05
Hero: posts big blind $0.1
*** HOLE CARDS ***
Dealt to bd1e532d 
Dealt to 74c43b6c 
Dealt to Hero [8d 3h]
Dealt to e63d98a4 
Dealt to 2054efb9 
e63d98a4: folds
2054efb9: folds
bd1e532d: folds
74c43b6c: raises $0.25 to $0.35
Hero: folds
Uncalled bet ($0.25) returned to 74c43b6c
*** SHOWDOWN ***
74c43b6c collected $0.2 from pot
*** SUMMARY ***
Total pot $0.2 | Rake $0 | Jackpot $0 | Bingo $0 | Fortune $0 | Tax $0
Seat 1: bd1e532d (button) folded before Flop (didn't bet)
Seat 2: 74c43b6c (small blind) collected ($0.2)
Seat 3: Hero (big blind) folded before Flop
Seat 4: e63d98a4 folded before Flop (didn't bet)
Seat 5: 2054efb9 folded before Flop (didn't bet)


Poker Hand #HD1775499669: Hold'em No Limit ($0.05/$0.1) - 2024/05/16 20:15:58
Table 'NLHRed28' 6-max Seat #5 is the button
Seat 1: bd1e532d ($12.93 in chips)
Seat 2: 74c43b6c ($10.12 in chips)
Seat 3: Hero ($10.45 in chips)
Seat 4: e63d98a4 ($11.71 in chips)
Seat 5: 2054efb9 ($10 in chips)
bd1e532d: posts small blind $0.05
74c43b6c: posts big blind $0.1
*** HOLE CARDS ***
Dealt to bd1e532d 
Dealt to 74c43b6c 
Dealt to Hero [2d 7s]
Dealt to e63d98a4 
Dealt to 2054efb9 
Hero: folds
e63d98a4: folds
2054efb9: folds
bd1e532d: folds
Uncalled bet ($0.05) returned to 74c43b6c
*** SHOWDOWN ***
74c43b6c collected $0.1 from pot
*** SUMMARY ***
Total pot $0.1 | Rake $0 | Jackpot $0 | Bingo $0 | Fortune $0 | Tax $0
Seat 1: bd1e532d (small blind) folded before Flop
Seat 2: 74c43b6c (big blind) collected ($0.1)
Seat 3: Hero folded before Flop (didn't bet)
Seat 4: e63d98a4 folded before Flop (didn't bet)
Seat 5: 2054efb9 (button) folded before Flop (didn't bet)


Poker Hand #HD1775499650: Hold'em No Limit ($0.05/$0.1) - 2024/05/16 20:15:45
Table 'NLHRed28' 6-max Seat #4 is the button
Seat 1: bd1e532d ($12.88 in chips)
Seat 2: 74c43b6c ($10.12 in chips)
Seat 3: Hero ($10.45 in chips)
Seat 4: e63d98a4 ($11.71 in chips)
Seat 5: 2054efb9 ($10 in chips)
2054efb9: posts small blind $0.05
bd1e532d: posts big blind $0.1
*** HOLE CARDS ***
Dealt to bd1e532d 
Dealt to 74c43b6c 
Dealt to Hero [4h 3s]
Dealt to e63d98a4 
Dealt to 2054efb9 
74c43b6c: folds
Hero: folds
e63d98a4: folds
2054efb9: folds
Uncalled bet ($0.05) returned to bd1e532d
*** SHOWDOWN ***
bd1e532d collected $0.1 from pot
*** SUMMARY ***
Total pot $0.1 | Rake $0 | Jackpot $0 | Bingo $0 | Fortune $0 | Tax $0
Seat 1: bd1e532d (big blind) collected ($0.1)
Seat 2: 74c43b6c folded before Flop (didn't bet)
Seat 3: Hero folded before Flop (didn't bet)
Seat 4: e63d98a4 (button) folded before Flop (didn't bet)
Seat 5: 2054efb9 (small blind) folded before Flop


Poker Hand #HD1775499622: Hold'em No Limit ($0.05/$0.1) - 2024/05/16 20:15:27
Table 'NLHRed28' 6-max Seat #3 is the button
Seat 1: bd1e532d ($12.73 in chips)
Seat 2: 74c43b6c ($10.12 in chips)
Seat 3: Hero ($10.45 in chips)
Seat 4: e63d98a4 ($11.76 in chips)
Seat 5: 2054efb9 ($10 in chips)
Seat 6: 715d9de5 ($28.29 in chips)
e63d98a4: posts small blind $0.05
2054efb9: posts big blind $0.1
*** HOLE CARDS ***
Dealt to bd1e532d 
Dealt to 74c43b6c 
Dealt to Hero [Qc 9s]
Dealt to e63d98a4 
Dealt to 2054efb9 
Dealt to 715d9de5 
715d9de5: folds
bd1e532d: raises $0.1 to $0.2
74c43b6c: folds
Hero: folds
e63d98a4: folds
2054efb9: folds
Uncalled bet ($0.1) returned to bd1e532d
*** SHOWDOWN ***
bd1e532d collected $0.25 from pot
*** SUMMARY ***
Total pot $0.25 | Rake $0 | Jackpot $0 | Bingo $0 | Fortune $0 | Tax $0
Seat 1: bd1e532d collected ($0.25)
Seat 2: 74c43b6c folded before Flop (didn't bet)
Seat 3: Hero (button) folded before Flop (didn't bet)
Seat 4: e63d98a4 (small blind) folded before Flop
Seat 5: 2054efb9 (big blind) folded before Flop
Seat 6: 715d9de5 folded before Flop (didn't bet)


Poker Hand #HD1775499494: Hold'em No Limit ($0.05/$0.1) - 2024/05/16 20:14:05
Table 'NLHRed28' 6-max Seat #2 is the button
Seat 1: bd1e532d ($12.39 in chips)
Seat 2: 74c43b6c ($10.12 in chips)
Seat 3: Hero ($10.5 in chips)
Seat 4: e63d98a4 ($11.86 in chips)
Seat 5: 2054efb9 ($10 in chips)
Seat 6: 715d9de5 ($28.51 in chips)
Hero: posts small blind $0.05
e63d98a4: posts big blind $0.1
*** HOLE CARDS ***
Dealt to bd1e532d 
Dealt to 74c43b6c 
Dealt to Hero [3c 4h]
Dealt to e63d98a4 
Dealt to 2054efb9 
Dealt to 715d9de5 
2054efb9: folds
715d9de5: raises $0.12 to $0.22
bd1e532d: calls $0.22
74c43b6c: folds
Hero: folds
e63d98a4: folds
*** FLOP *** [7d 3s 6s]
715d9de5: checks
bd1e532d: checks
*** TURN *** [7d 3s 6s] [3h]
715d9de5: checks
bd1e532d: checks
*** RIVER *** [7d 3s 6s 3h] [Qc]
715d9de5: checks
bd1e532d: checks
715d9de5: shows [Ad 8d] (Pair of Treys)
bd1e532d: shows [Ah Td] (Pair of Treys)
*** SHOWDOWN ***
bd1e532d collected $0.56 from pot
*** SUMMARY ***
Total pot $0.59 | Rake $0.03 | Jackpot $0 | Bingo $0 | Fortune $0 | Tax $0
Board [7d 3s 6s 3h Qc]
Seat 1: bd1e532d showed [Ah Td] and won ($0.56) with Pair of Treys
Seat 2: 74c43b6c (button) folded before Flop (didn't bet)
Seat 3: Hero (small blind) folded before Flop
Seat 4: e63d98a4 (big blind) folded before Flop
Seat 5: 2054efb9 folded before Flop (didn't bet)
Seat 6: 715d9de5 showed [Ad 8d] and lost with Pair of Treys


Poker Hand #HD1775499420: Hold'em No Limit ($0.05/$0.1) - 2024/05/16 20:13:20
Table 'NLHRed28' 6-max Seat #1 is the button
Seat 1: bd1e532d ($12.59 in chips)
Seat 2: 74c43b6c ($10.17 in chips)
Seat 3: Hero ($10.27 in chips)
Seat 4: e63d98a4 ($11.86 in chips)
Seat 5: 2054efb9 ($10 in chips)
Seat 6: 715d9de5 ($28.51 in chips)
74c43b6c: posts small blind $0.05
Hero: posts big blind $0.1
*** HOLE CARDS ***
Dealt to bd1e532d 
Dealt to 74c43b6c 
Dealt to Hero [Qd Qh]
Dealt to e63d98a4 
Dealt to 2054efb9 
Dealt to 715d9de5 
e63d98a4: folds
2054efb9: folds
715d9de5: folds
bd1e532d: raises $0.1 to $0.2
74c43b6c: folds
Hero: raises $0.7 to $0.9
bd1e532d: folds
Uncalled bet ($0.7) returned to Hero
*** SHOWDOWN ***
Hero collected $0.43 from pot
*** SUMMARY ***
Total pot $0.45 | Rake $0.02 | Jackpot $0 | Bingo $0 | Fortune $0 | Tax $0
Seat 1: bd1e532d (button) folded before Flop
Seat 2: 74c43b6c (small blind) folded before Flop
Seat 3: Hero (big blind) collected ($0.43)
Seat 4: e63d98a4 folded before Flop (didn't bet)
Seat 5: 2054efb9 folded before Flop (didn't bet)
Seat 6: 715d9de5 folded before Flop (didn't bet)


Poker Hand #HD1775499382: Hold'em No Limit ($0.05/$0.1) - 2024/05/16 20:12:53
Table 'NLHRed28' 6-max Seat #6 is the button
Seat 1: bd1e532d ($12.64 in chips)
Seat 2: 74c43b6c ($10.27 in chips)
Seat 3: Hero ($10.12 in chips)
Seat 4: e63d98a4 ($11.86 in chips)
Seat 5: 2054efb9 ($10 in chips)
Seat 6: 715d9de5 ($28.51 in chips)
bd1e532d: posts small blind $0.05
74c43b6c: posts big blind $0.1
*** HOLE CARDS ***
Dealt to bd1e532d 
Dealt to 74c43b6c 
Dealt to Hero [Ah Qs]
Dealt to e63d98a4 
Dealt to 2054efb9 
Dealt to 715d9de5 
Hero: raises $0.1 to $0.2
e63d98a4: folds
2054efb9: folds
715d9de5: folds
bd1e532d: folds
74c43b6c: folds
Uncalled bet ($0.1) returned to Hero
*** SHOWDOWN ***
Hero collected $0.25 from pot
*** SUMMARY ***
Total pot $0.25 | Rake $0 | Jackpot $0 | Bingo $0 | Fortune $0 | Tax $0
Seat 1: bd1e532d (small blind) folded before Flop
Seat 2: 74c43b6c (big blind) folded before Flop
Seat 3: Hero collected ($0.25)
Seat 4: e63d98a4 folded before Flop (didn't bet)
Seat 5: 2054efb9 folded before Flop (didn't bet)
Seat 6: 715d9de5 (button) folded before Flop (didn't bet)


Poker Hand #HD1775499300: Hold'em No Limit ($0.05/$0.1) - 2024/05/16 20:12:05
Table 'NLHRed28' 6-max Seat #5 is the button
Seat 1: bd1e532d ($12.74 in chips)
Seat 2: 74c43b6c ($10.52 in chips)
Seat 3: Hero ($10.12 in chips)
Seat 4: e63d98a4 ($11.49 in chips)
Seat 5: 2054efb9 ($10 in chips)
Seat 6: 715d9de5 ($28.56 in chips)
715d9de5: posts small blind $0.05
bd1e532d: posts big blind $0.1
*** HOLE CARDS ***
Dealt to bd1e532d 
Dealt to 74c43b6c 
Dealt to Hero [6d Tc]
Dealt to e63d98a4 
Dealt to 2054efb9 
Dealt to 715d9de5 
74c43b6c: raises $0.15 to $0.25
Hero: folds
e63d98a4: calls $0.25
2054efb9: folds
715d9de5: folds
bd1e532d: folds
*** FLOP *** [5s 2s 7h]
74c43b6c: checks
e63d98a4: bets $0.33
74c43b6c: folds
Uncalled bet ($0.33) returned to e63d98a4
*** SHOWDOWN ***
e63d98a4 collected $0.62 from pot
*** SUMMARY ***
Total pot $0.65 | Rake $0.03 | Jackpot $0 | Bingo $0 | Fortune $0 | Tax $0
Board [5s 2s 7h]
Seat 1: bd1e532d (big blind) folded before Flop
Seat 2: 74c43b6c folded on the Flop
Seat 3: Hero folded before Flop (didn't bet)
Seat 4: e63d98a4 won ($0.62)
Seat 5: 2054efb9 (button) folded before Flop (didn't bet)
Seat 6: 715d9de5 (small blind) folded before Flop


Poker Hand #HD1775499237: Hold'em No Limit ($0.05/$0.1) - 2024/05/16 20:11:27
Table 'NLHRed28' 6-max Seat #4 is the button
Seat 2: 74c43b6c ($10.15 in chips)
Seat 3: Hero ($10.12 in chips)
Seat 4: e63d98a4 ($11.74 in chips)
Seat 5: 2054efb9 ($10.05 in chips)
Seat 6: 715d9de5 ($28.66 in chips)
2054efb9: posts small blind $0.05
715d9de5: posts big blind $0.1
*** HOLE CARDS ***
Dealt to 74c43b6c 
Dealt to Hero [Ad 5h]
Dealt to e63d98a4 
Dealt to 2054efb9 
Dealt to 715d9de5 
74c43b6c: raises $0.15 to $0.25
Hero: folds
e63d98a4: calls $0.25
2054efb9: folds
715d9de5: folds
*** FLOP *** [7s Qc 6s]
74c43b6c: bets $0.15
e63d98a4: folds
Uncalled bet ($0.15) returned to 74c43b6c
*** SHOWDOWN ***
74c43b6c collected $0.62 from pot
*** SUMMARY ***
Total pot $0.65 | Rake $0.03 | Jackpot $0 | Bingo $0 | Fortune $0 | Tax $0
Board [7s Qc 6s]
Seat 2: 74c43b6c won ($0.62)
Seat 3: Hero folded before Flop (didn't bet)
Seat 4: e63d98a4 (button) folded on the Flop
Seat 5: 2054efb9 (small blind) folded before Flop
Seat 6: 715d9de5 (big blind) folded before Flop


Poker Hand #HD1775499202: Hold'em No Limit ($0.05/$0.1) - 2024/05/16 20:11:10
Table 'NLHRed28' 6-max Seat #3 is the button
Seat 2: 74c43b6c ($10.15 in chips)
Seat 3: Hero ($10.12 in chips)
Seat 4: e63d98a4 ($11.79 in chips)
Seat 5: 2054efb9 ($10 in chips)
Seat 6: 715d9de5 ($28.66 in chips)
e63d98a4: posts small blind $0.05
2054efb9: posts big blind $0.1
*** HOLE CARDS ***
Dealt to 74c43b6c 
Dealt to Hero [Ac 4h]
Dealt to e63d98a4 
Dealt to 2054efb9 
Dealt to 715d9de5 
715d9de5: folds
74c43b6c: folds
Hero: folds
e63d98a4: folds
Uncalled bet ($0.05) returned to 2054efb9
*** SHOWDOWN ***
2054efb9 collected $0.1 from pot
*** SUMMARY ***
Total pot $0.1 | Rake $0 | Jackpot $0 | Bingo $0 | Fortune $0 | Tax $0
Seat 2: 74c43b6c folded before Flop (didn't bet)
Seat 3: Hero (button) folded before Flop (didn't bet)
Seat 4: e63d98a4 (small blind) folded before Flop
Seat 5: 2054efb9 (big blind) collected ($0.1)
Seat 6: 715d9de5 folded before Flop (didn't bet)


Poker Hand #HD1775499180: Hold'em No Limit ($0.05/$0.1) - 2024/05/16 20:10:55
Table 'NLHRed28' 6-max Seat #2 is the button
Seat 2: 74c43b6c ($10 in chips)
Seat 3: Hero ($10.17 in chips)
Seat 4: e63d98a4 ($11.89 in chips)
Seat 6: 715d9de5 ($28.66 in chips)
Hero: posts small blind $0.05
e63d98a4: posts big blind $0.1
*** HOLE CARDS ***
Dealt to 74c43b6c 
Dealt to Hero [6d Jd]
Dealt to e63d98a4 
Dealt to 715d9de5 
715d9de5: folds
74c43b6c: raises $0.15 to $0.25
Hero: folds
e63d98a4: folds
Uncalled bet ($0.15) returned to 74c43b6c
*** SHOWDOWN ***
74c43b6c collected $0.25 from pot
*** SUMMARY ***
Total pot $0.25 | Rake $0 | Jackpot $0 | Bingo $0 | Fortune $0 | Tax $0
Seat 2: 74c43b6c (button) collected ($0.25)
Seat 3: Hero (small blind) folded before Flop
Seat 4: e63d98a4 (big blind) folded before Flop
Seat 6: 715d9de5 folded before Flop (didn't bet)


Poker Hand #HD1775499038: Hold'em No Limit ($0.05/$0.1) - 2024/05/16 20:09:27
Table 'NLHRed28' 6-max Seat #6 is the button
Seat 2: 74c43b6c ($12.05 in chips)
Seat 3: Hero ($10.27 in chips)
Seat 4: e63d98a4 ($11.89 in chips)
Seat 6: 715d9de5 ($25.33 in chips)
74c43b6c: posts small blind $0.05
Hero: posts big blind $0.1
*** HOLE CARDS ***
Dealt to 74c43b6c 
Dealt to Hero [7d 8c]
Dealt to e63d98a4 
Dealt to 715d9de5 
e63d98a4: folds
715d9de5: raises $0.12 to $0.22
74c43b6c: raises $0.68 to $0.9
Hero: folds
715d9de5: raises $1.3 to $2.2
74c43b6c: calls $1.3
*** FLOP *** [5s 5h 4c]
74c43b6c: checks
715d9de5: bets $1.5
74c43b6c: calls $1.5
*** TURN *** [5s 5h 4c] [Ks]
74c43b6c: checks
715d9de5: checks
*** RIVER *** [5s 5h 4c Ks] [7s]
74c43b6c: checks
715d9de5: checks
74c43b6c: shows [Jh Jc] (Pair of Jacks and Pair of Fives)
715d9de5: shows [Kd Td] (Pair of Kings and Pair of Fives)
*** SHOWDOWN ***
715d9de5 collected $7.03 from pot
*** SUMMARY ***
Total pot $7.5 | Rake $0.37 | Jackpot $0.1 | Bingo $0 | Fortune $0 | Tax $0
Board [5s 5h 4c Ks 7s]
Seat 2: 74c43b6c (small blind) showed [Jh Jc] and lost with Pair of Jacks and Pair of Fives
Seat 3: Hero (big blind) folded before Flop
Seat 4: e63d98a4 folded before Flop (didn't bet)
Seat 6: 715d9de5 (button) showed [Kd Td] and won ($7.03) with Pair of Kings and Pair of Fives


Poker Hand #HD1775498868: Hold'em No Limit ($0.05/$0.1) - 2024/05/16 20:07:41
Table 'NLHRed28' 6-max Seat #4 is the button
Seat 2: 74c43b6c ($12.05 in chips)
Seat 3: Hero ($10.27 in chips)
Seat 4: e63d98a4 ($11.89 in chips)
Seat 5: 87443623 ($5.96 in chips)
Seat 6: 715d9de5 ($20.06 in chips)
87443623: posts small blind $0.05
715d9de5: posts big blind $0.1
*** HOLE CARDS ***
Dealt to 74c43b6c 
Dealt to Hero [4s 9h]
Dealt to e63d98a4 
Dealt to 87443623 
Dealt to 715d9de5 
74c43b6c: folds
Hero: folds
e63d98a4: folds
87443623: raises $0.1 to $0.2
715d9de5: raises $0.5 to $0.7
87443623: raises $0.7 to $1.4
715d9de5: raises $18.66 to $20.06 and is all-in
87443623: calls $4.56 and is all-in
Uncalled bet ($14.1) returned to 715d9de5
715d9de5: shows [As Qh]
87443623: shows [Qs Kh]
*** FLOP *** [Ks Tc 7s]
*** TURN *** [Ks Tc 7s] [6s]
*** RIVER *** [Ks Tc 7s 6s] [3s]
*** SHOWDOWN ***
715d9de5 collected $11.23 from pot
*** SUMMARY ***
Total pot $11.92 | Rake $0.59 | Jackpot $0.1 | Bingo $0 | Fortune $0 | Tax $0
Board [Ks Tc 7s 6s 3s]
Seat 2: 74c43b6c folded before Flop (didn't bet)
Seat 3: Hero folded before Flop (didn't bet)
Seat 4: e63d98a4 (button) folded before Flop (didn't bet)
Seat 5: 87443623 (small blind) showed [Qs Kh] and lost with King High Flush
Seat 6: 715d9de5 (big blind) showed [As Qh] and won ($11.23) with Ace High Flush


Poker Hand #HD1775498772: Hold'em No Limit ($0.05/$0.1) - 2024/05/16 20:06:41
Table 'NLHRed28' 6-max Seat #3 is the button
Seat 2: 74c43b6c ($12.05 in chips)
Seat 3: Hero ($10.27 in chips)
Seat 4: e63d98a4 ($11.94 in chips)
Seat 5: 87443623 ($6.46 in chips)
Seat 6: 715d9de5 ($19.56 in chips)
e63d98a4: posts small blind $0.05
87443623: posts big blind $0.1
*** HOLE CARDS ***
Dealt to 74c43b6c 
Dealt to Hero [Qc 3s]
Dealt to e63d98a4 
Dealt to 87443623 
Dealt to 715d9de5 
715d9de5: raises $0.12 to $0.22
74c43b6c: folds
Hero: folds
e63d98a4: folds
87443623: raises $0.28 to $0.5
715d9de5: raises $19.06 to $19.56 and is all-in
87443623: folds
Uncalled bet ($19.06) returned to 715d9de5
*** SHOWDOWN ***
715d9de5 collected $1 from pot
*** SUMMARY ***
Total pot $1.05 | Rake $0.05 | Jackpot $0 | Bingo $0 | Fortune $0 | Tax $0
Seat 2: 74c43b6c folded before Flop (didn't bet)
Seat 3: Hero (button) folded before Flop (didn't bet)
Seat 4: e63d98a4 (small blind) folded before Flop
Seat 5: 87443623 (big blind) folded before Flop
Seat 6: 715d9de5 collected ($1)


Poker Hand #HD1775498698: Hold'em No Limit ($0.05/$0.1) - 2024/05/16 20:05:56
Table 'NLHRed28' 6-max Seat #2 is the button
Seat 2: 74c43b6c ($12.05 in chips)
Seat 3: Hero ($10.32 in chips)
Seat 4: e63d98a4 ($12.04 in chips)
Seat 5: 87443623 ($6.32 in chips)
Seat 6: 715d9de5 ($19.56 in chips)
Hero: posts small blind $0.05
e63d98a4: posts big blind $0.1
*** HOLE CARDS ***
Dealt to 74c43b6c 
Dealt to Hero [8c 4s]
Dealt to e63d98a4 
Dealt to 87443623 
Dealt to 715d9de5 
87443623: calls $0.1
715d9de5: folds
74c43b6c: folds
Hero: folds
e63d98a4: checks
*** FLOP *** [7c Kc 5s]
e63d98a4: checks
87443623: bets $0.1
e63d98a4: folds
Uncalled bet ($0.1) returned to 87443623
*** SHOWDOWN ***
87443623 collected $0.24 from pot
*** SUMMARY ***
Total pot $0.25 | Rake $0.01 | Jackpot $0 | Bingo $0 | Fortune $0 | Tax $0
Board [7c Kc 5s]
Seat 2: 74c43b6c (button) folded before Flop (didn't bet)
Seat 3: Hero (small blind) folded before Flop
Seat 4: e63d98a4 (big blind) folded on the Flop
Seat 5: 87443623 won ($0.24)
Seat 6: 715d9de5 folded before Flop (didn't bet)


Poker Hand #HD1775498667: Hold'em No Limit ($0.05/$0.1) - 2024/05/16 20:05:34
Table 'NLHRed28' 6-max Seat #6 is the button
Seat 2: 74c43b6c ($12.1 in chips)
Seat 3: Hero ($10.42 in chips)
Seat 4: e63d98a4 ($12.04 in chips)
Seat 5: 87443623 ($6.32 in chips)
Seat 6: 715d9de5 ($19.41 in chips)
74c43b6c: posts small blind $0.05
Hero: posts big blind $0.1
*** HOLE CARDS ***
Dealt to 74c43b6c 
Dealt to Hero [6c 9s]
Dealt to e63d98a4 
Dealt to 87443623 
Dealt to 715d9de5 
e63d98a4: folds
87443623: folds
715d9de5: raises $0.12 to $0.22
74c43b6c: folds
Hero: folds
Uncalled bet ($0.12) returned to 715d9de5
*** SHOWDOWN ***
715d9de5 collected $0.25 from pot
*** SUMMARY ***
Total pot $0.25 | Rake $0 | Jackpot $0 | Bingo $0 | Fortune $0 | Tax $0
Seat 2: 74c43b6c (small blind) folded before Flop
Seat 3: Hero (big blind) folded before Flop
Seat 4: e63d98a4 folded before Flop (didn't bet)
Seat 5: 87443623 folded before Flop (didn't bet)
Seat 6: 715d9de5 (button) collected ($0.25)


Poker Hand #HD1775498638: Hold'em No Limit ($0.05/$0.1) - 2024/05/16 20:05:14
Table 'NLHRed28' 6-max Seat #5 is the button
Seat 2: 74c43b6c ($12.05 in chips)
Seat 3: Hero ($10.42 in chips)
Seat 4: e63d98a4 ($12.04 in chips)
Seat 5: 87443623 ($6.32 in chips)
Seat 6: 715d9de5 ($19.46 in chips)
715d9de5: posts small blind $0.05
74c43b6c: posts big blind $0.1
*** HOLE CARDS ***
Dealt to 74c43b6c 
Dealt to Hero [8c 6c]
Dealt to e63d98a4 
Dealt to 87443623 
Dealt to 715d9de5 
Hero: folds
e63d98a4: folds
87443623: folds
715d9de5: folds
Uncalled bet ($0.05) returned to 74c43b6c
*** SHOWDOWN ***
74c43b6c collected $0.1 from pot
*** SUMMARY ***
Total pot $0.1 | Rake $0 | Jackpot $0 | Bingo $0 | Fortune $0 | Tax $0
Seat 2: 74c43b6c (big blind) collected ($0.1)
Seat 3: Hero folded before Flop (didn't bet)
Seat 4: e63d98a4 folded before Flop (didn't bet)
Seat 5: 87443623 (button) folded before Flop (didn't bet)
Seat 6: 715d9de5 (small blind) folded before Flop


Poker Hand #HD1775498615: Hold'em No Limit ($0.05/$0.1) - 2024/05/16 20:04:59
Table 'NLHRed28' 6-max Seat #4 is the button
Seat 2: 74c43b6c ($12.05 in chips)
Seat 3: Hero ($10.27 in chips)
Seat 4: e63d98a4 ($12.04 in chips)
Seat 5: 87443623 ($6.37 in chips)
Seat 6: 715d9de5 ($19.56 in chips)
87443623: posts small blind $0.05
715d9de5: posts big blind $0.1
*** HOLE CARDS ***
Dealt to 74c43b6c 
Dealt to Hero [Kc Qs]
Dealt to e63d98a4 
Dealt to 87443623 
Dealt to 715d9de5 
74c43b6c: folds
Hero: raises $0.14 to $0.24
e63d98a4: folds
87443623: folds
715d9de5: folds
Uncalled bet ($0.14) returned to Hero
*** SHOWDOWN ***
Hero collected $0.25 from pot
*** SUMMARY ***
Total pot $0.25 | Rake $0 | Jackpot $0 | Bingo $0 | Fortune $0 | Tax $0
Seat 2: 74c43b6c folded before Flop (didn't bet)
Seat 3: Hero collected ($0.25)
Seat 4: e63d98a4 (button) folded before Flop (didn't bet)
Seat 5: 87443623 (small blind) folded before Flop
Seat 6: 715d9de5 (big blind) folded before Flop


Poker Hand #HD1775498509: Hold'em No Limit ($0.05/$0.1) - 2024/05/16 20:03:52
Table 'NLHRed28' 6-max Seat #3 is the button
Seat 1: bd1e532d ($12.74 in chips)
Seat 2: 74c43b6c ($12.05 in chips)
Seat 3: Hero ($10.27 in chips)
Seat 4: e63d98a4 ($12.09 in chips)
Seat 5: 87443623 ($6.76 in chips)
Seat 6: 715d9de5 ($19.16 in chips)
e63d98a4: posts small blind $0.05
87443623: posts big blind $0.1
*** HOLE CARDS ***
Dealt to bd1e532d 
Dealt to 74c43b6c 
Dealt to Hero [9h 5s]
Dealt to e63d98a4 
Dealt to 87443623 
Dealt to 715d9de5 
715d9de5: raises $0.12 to $0.22
bd1e532d: folds
74c43b6c: folds
Hero: folds
e63d98a4: folds
87443623: calls $0.12
*** FLOP *** [Qc 4d 4h]
87443623: bets $0.17
715d9de5: calls $0.17
*** TURN *** [Qc 4d 4h] [8h]
87443623: checks
715d9de5: bets $0.6
87443623: folds
Uncalled bet ($0.6) returned to 715d9de5
*** SHOWDOWN ***
715d9de5 collected $0.79 from pot
*** SUMMARY ***
Total pot $0.83 | Rake $0.04 | Jackpot $0 | Bingo $0 | Fortune $0 | Tax $0
Board [Qc 4d 4h 8h]
Seat 1: bd1e532d folded before Flop (didn't bet)
Seat 2: 74c43b6c folded before Flop (didn't bet)
Seat 3: Hero (button) folded before Flop (didn't bet)
Seat 4: e63d98a4 (small blind) folded before Flop
Seat 5: 87443623 (big blind) folded on the Turn
Seat 6: 715d9de5 won ($0.79)


Poker Hand #HD1775498379: Hold'em No Limit ($0.05/$0.1) - 2024/05/16 20:02:29
Table 'NLHRed28' 6-max Seat #2 is the button
Seat 1: bd1e532d ($12.74 in chips)
Seat 2: 74c43b6c ($12.05 in chips)
Seat 3: Hero ($10.32 in chips)
Seat 4: e63d98a4 ($11.57 in chips)
Seat 5: 87443623 ($7.28 in chips)
Seat 6: 715d9de5 ($19.16 in chips)
Hero: posts small blind $0.05
e63d98a4: posts big blind $0.1
*** HOLE CARDS ***
Dealt to bd1e532d 
Dealt to 74c43b6c 
Dealt to Hero [3h Qh]
Dealt to e63d98a4 
Dealt to 87443623 
Dealt to 715d9de5 
87443623: calls $0.1
715d9de5: folds
bd1e532d: folds
74c43b6c: folds
Hero: folds
e63d98a4: checks
*** FLOP *** [Tc Td Kd]
e63d98a4: bets $0.1
87443623: raises $0.1 to $0.2
e63d98a4: calls $0.1
*** TURN *** [Tc Td Kd] [6s]
e63d98a4: checks
87443623: bets $0.22
e63d98a4: calls $0.22
*** RIVER *** [Tc Td Kd 6s] [8s]
e63d98a4: checks
87443623: checks
e63d98a4: shows [6d 2d] (Pair of Tens and Pair of Sixes)
87443623: shows [3s Ad] (Pair of Tens)
*** SHOWDOWN ***
e63d98a4 collected $1.04 from pot
*** SUMMARY ***
Total pot $1.09 | Rake $0.05 | Jackpot $0 | Bingo $0 | Fortune $0 | Tax $0
Board [Tc Td Kd 6s 8s]
Seat 1: bd1e532d folded before Flop (didn't bet)
Seat 2: 74c43b6c (button) folded before Flop (didn't bet)
Seat 3: Hero (small blind) folded before Flop
Seat 4: e63d98a4 (big blind) showed [6d 2d] and won ($1.04) with Pair of Tens and Pair of Sixes
Seat 5: 87443623 showed [3s Ad] and lost with Pair of Tens
Seat 6: 715d9de5 folded before Flop (didn't bet)


Poker Hand #HD1775498297: Hold'em No Limit ($0.05/$0.1) - 2024/05/16 20:01:37
Table 'NLHRed28' 6-max Seat #1 is the button
Seat 1: bd1e532d ($12.74 in chips)
Seat 2: 74c43b6c ($12.4 in chips)
Seat 3: Hero ($10 in chips)
Seat 4: e63d98a4 ($11.57 in chips)
Seat 5: 87443623 ($7.28 in chips)
Seat 6: 715d9de5 ($19.16 in chips)
74c43b6c: posts small blind $0.05
Hero: posts big blind $0.1
*** HOLE CARDS ***
Dealt to bd1e532d 
Dealt to 74c43b6c 
Dealt to Hero [Jh Qh]
Dealt to e63d98a4 
Dealt to 87443623 
Dealt to 715d9de5 
e63d98a4: folds
87443623: folds
715d9de5: folds
bd1e532d: folds
74c43b6c: raises $0.25 to $0.35
Hero: calls $0.25
*** FLOP *** [Jc 7c 4c]
74c43b6c: checks
Hero: checks
*** TURN *** [Jc 7c 4c] [Th]
74c43b6c: checks
Hero: bets $0.54
74c43b6c: folds
Uncalled bet ($0.54) returned to Hero
*** SHOWDOWN ***
Hero collected $0.67 from pot
*** SUMMARY ***
Total pot $0.7 | Rake $0.03 | Jackpot $0 | Bingo $0 | Fortune $0 | Tax $0
Board [Jc 7c 4c Th]
Seat 1: bd1e532d (button) folded before Flop (didn't bet)
Seat 2: 74c43b6c (small blind) folded on the Turn
Seat 3: Hero (big blind) won ($0.67)
Seat 4: e63d98a4 folded before Flop (didn't bet)
Seat 5: 87443623 folded before Flop (didn't bet)
Seat 6: 715d9de5 folded before Flop (didn't bet)


Poker Hand #HD1775498141: Hold'em No Limit ($0.05/$0.1) - 2024/05/16 20:00:17
Table 'NLHRed28' 6-max Seat #6 is the button
Seat 1: bd1e532d ($12.79 in chips)
Seat 2: 74c43b6c ($12.03 in chips)
Seat 3: Hero ($10 in chips)
Seat 4: e63d98a4 ($11.57 in chips)
Seat 5: 87443623 ($7.63 in chips)
Seat 6: 715d9de5 ($19.16 in chips)
bd1e532d: posts small blind $0.05
74c43b6c: posts big blind $0.1
*** HOLE CARDS ***
Dealt to bd1e532d 
Dealt to 74c43b6c 
Dealt to Hero [7h 5s]
Dealt to e63d98a4 
Dealt to 87443623 
Dealt to 715d9de5 
Hero: folds
e63d98a4: folds
87443623: raises $0.1 to $0.2
715d9de5: folds
bd1e532d: folds
74c43b6c: calls $0.1
*** FLOP *** [7s 4c 5d]
74c43b6c: checks
87443623: bets $0.15
74c43b6c: calls $0.15
*** TURN *** [7s 4c 5d] [Js]
74c43b6c: checks
87443623: checks
*** RIVER *** [7s 4c 5d Js] [Qh]
74c43b6c: bets $0.25
87443623: folds
Uncalled bet ($0.25) returned to 74c43b6c
*** SHOWDOWN ***
74c43b6c collected $0.72 from pot
*** SUMMARY ***
Total pot $0.75 | Rake $0.03 | Jackpot $0 | Bingo $0 | Fortune $0 | Tax $0
Board [7s 4c 5d Js Qh]
Seat 1: bd1e532d (small blind) folded before Flop
Seat 2: 74c43b6c (big blind) won ($0.72)
Seat 3: Hero folded before Flop (didn't bet)
Seat 4: e63d98a4 folded before Flop (didn't bet)
Seat 5: 87443623 folded on the River
Seat 6: 715d9de5 (button) folded before Flop (didn't bet)


Poker Hand #HD1775497990: Hold'em No Limit ($0.05/$0.1) - 2024/05/16 19:58:53
Table 'NLHRed28' 6-max Seat #5 is the button
Seat 1: bd1e532d ($12.89 in chips)
Seat 2: 74c43b6c ($12.03 in chips)
Seat 3: Hero ($10 in chips)
Seat 4: e63d98a4 ($10 in chips)
Seat 5: 87443623 ($9.32 in chips)
Seat 6: 715d9de5 ($19.21 in chips)
715d9de5: posts small blind $0.05
bd1e532d: posts big blind $0.1
*** HOLE CARDS ***
Dealt to bd1e532d 
Dealt to 74c43b6c 
Dealt to Hero [Jh 2s]
Dealt to e63d98a4 
Dealt to 87443623 
Dealt to 715d9de5 
74c43b6c: folds
Hero: folds
e63d98a4: raises $0.15 to $0.25
87443623: raises $0.15 to $0.4
715d9de5: folds
bd1e532d: folds
e63d98a4: raises $1.29 to $1.69
87443623: calls $1.29
*** FLOP *** [Qh 4d Kc]
e63d98a4: bets $2.07
87443623: folds
Uncalled bet ($2.07) returned to e63d98a4
*** SHOWDOWN ***
e63d98a4 collected $3.26 from pot
*** SUMMARY ***
Total pot $3.53 | Rake $0.17 | Jackpot $0.1 | Bingo $0 | Fortune $0 | Tax $0
Board [Qh 4d Kc]
Seat 1: bd1e532d (big blind) folded before Flop
Seat 2: 74c43b6c folded before Flop (didn't bet)
Seat 3: Hero folded before Flop (didn't bet)
Seat 4: e63d98a4 won ($3.26)
Seat 5: 87443623 (button) folded on the Flop
Seat 6: 715d9de5 (small blind) folded before Flop


Poker Hand #HD1775497852: Hold'em No Limit ($0.05/$0.1) - 2024/05/16 19:57:34
Table 'NLHRed28' 6-max Seat #4 is the button
Seat 1: bd1e532d ($12.89 in chips)
Seat 2: 74c43b6c ($12.03 in chips)
Seat 3: Hero ($10 in chips)
Seat 4: e63d98a4 ($10 in chips)
Seat 5: 87443623 ($9.37 in chips)
Seat 6: 715d9de5 ($18.76 in chips)
87443623: posts small blind $0.05
715d9de5: posts big blind $0.1
*** HOLE CARDS ***
Dealt to bd1e532d 
Dealt to 74c43b6c 
Dealt to Hero [Qd 3s]
Dealt to e63d98a4 
Dealt to 87443623 
Dealt to 715d9de5 
bd1e532d: folds
74c43b6c: folds
Hero: folds
e63d98a4: raises $0.15 to $0.25
87443623: folds
715d9de5: calls $0.15
*** FLOP *** [9c 5s Jd]
715d9de5: checks
e63d98a4: checks
*** TURN *** [9c 5s Jd] [Td]
715d9de5: checks
e63d98a4: checks
*** RIVER *** [9c 5s Jd Td] [8c]
715d9de5: bets $0.19
e63d98a4: calls $0.19
715d9de5: shows [7s 9s] (Jacks-High Straight)
e63d98a4: shows [Kh 9h] (Pair of Nines)
*** SHOWDOWN ***
715d9de5 collected $0.89 from pot
*** SUMMARY ***
Total pot $0.93 | Rake $0.04 | Jackpot $0 | Bingo $0 | Fortune $0 | Tax $0
Board [9c 5s Jd Td 8c]
Seat 1: bd1e532d folded before Flop (didn't bet)
Seat 2: 74c43b6c folded before Flop (didn't bet)
Seat 3: Hero folded before Flop (didn't bet)
Seat 4: e63d98a4 (button) showed [Kh 9h] and lost with Pair of Nines
Seat 5: 87443623 (small blind) folded before Flop
Seat 6: 715d9de5 (big blind) showed [7s 9s] and won ($0.89) with Jacks-High Straight


Poker Hand #HD1775497556: Hold'em No Limit ($0.05/$0.1) - 2024/05/16 19:54:51
Table 'NLHRed28' 6-max Seat #3 is the button
Seat 1: bd1e532d ($10.15 in chips)
Seat 2: 74c43b6c ($12.03 in chips)
Seat 3: Hero ($10 in chips)
Seat 4: e63d98a4 ($10.05 in chips)
Seat 5: 87443623 ($12.46 in chips)
Seat 6: 715d9de5 ($18.76 in chips)
e63d98a4: posts small blind $0.05
87443623: posts big blind $0.1
*** HOLE CARDS ***
Dealt to bd1e532d 
Dealt to 74c43b6c 
Dealt to Hero [Js 5c]
Dealt to e63d98a4 
Dealt to 87443623 
Dealt to 715d9de5 
715d9de5: folds
bd1e532d: raises $0.1 to $0.2
74c43b6c: folds
Hero: folds
e63d98a4: folds
87443623: raises $0.2 to $0.4
bd1e532d: raises $0.7 to $1.1
87443623: calls $0.7
*** FLOP *** [Qh Ts Th]
87443623: bets $0.75
bd1e532d: calls $0.75
*** TURN *** [Qh Ts Th] [Jc]
87443623: bets $1.24
bd1e532d: calls $1.24
*** RIVER *** [Qh Ts Th Jc] [9s]
87443623: checks
bd1e532d: bets $7.06 and is all-in
87443623: folds
Uncalled bet ($7.06) returned to bd1e532d
*** SHOWDOWN ***
bd1e532d collected $5.83 from pot
*** SUMMARY ***
Total pot $6.23 | Rake $0.3 | Jackpot $0.1 | Bingo $0 | Fortune $0 | Tax $0
Board [Qh Ts Th Jc 9s]
Seat 1: bd1e532d won ($5.83)
Seat 2: 74c43b6c folded before Flop (didn't bet)
Seat 3: Hero (button) folded before Flop (didn't bet)
Seat 4: e63d98a4 (small blind) folded before Flop
Seat 5: 87443623 (big blind) folded on the River
Seat 6: 715d9de5 folded before Flop (didn't bet)


Poker Hand #HD1775497498: Hold'em No Limit ($0.05/$0.1) - 2024/05/16 19:54:18
Table 'NLHRed28' 6-max Seat #2 is the button
Seat 1: bd1e532d ($10 in chips)
Seat 2: 74c43b6c ($12.03 in chips)
Seat 3: Hero ($10.05 in chips)
Seat 4: e63d98a4 ($10.15 in chips)
Seat 5: 87443623 ($12.46 in chips)
Seat 6: 715d9de5 ($18.76 in chips)
Hero: posts small blind $0.05
e63d98a4: posts big blind $0.1
*** HOLE CARDS ***
Dealt to bd1e532d 
Dealt to 74c43b6c 
Dealt to Hero [Ac 7d]
Dealt to e63d98a4 
Dealt to 87443623 
Dealt to 715d9de5 
87443623: folds
715d9de5: folds
bd1e532d: raises $0.1 to $0.2
74c43b6c: folds
Hero: folds
e63d98a4: folds
Uncalled bet ($0.1) returned to bd1e532d
*** SHOWDOWN ***
bd1e532d collected $0.25 from pot
*** SUMMARY ***
Total pot $0.25 | Rake $0 | Jackpot $0 | Bingo $0 | Fortune $0 | Tax $0
Seat 1: bd1e532d collected ($0.25)
Seat 2: 74c43b6c (button) folded before Flop (didn't bet)
Seat 3: Hero (small blind) folded before Flop
Seat 4: e63d98a4 (big blind) folded before Flop
Seat 5: 87443623 folded before Flop (didn't bet)
Seat 6: 715d9de5 folded before Flop (didn't bet)


Poker Hand #HD1775497462: Hold'em No Limit ($0.05/$0.1) - 2024/05/16 19:53:55
Table 'NLHRed28' 6-max Seat #1 is the button
Seat 1: bd1e532d ($10 in chips)
Seat 2: 74c43b6c ($12.08 in chips)
Seat 3: Hero ($10.15 in chips)
Seat 4: e63d98a4 ($10.15 in chips)
Seat 5: 87443623 ($12.31 in chips)
Seat 6: 715d9de5 ($18.76 in chips)
74c43b6c: posts small blind $0.05
Hero: posts big blind $0.1
*** HOLE CARDS ***
Dealt to bd1e532d 
Dealt to 74c43b6c 
Dealt to Hero [Ks 2d]
Dealt to e63d98a4 
Dealt to 87443623 
Dealt to 715d9de5 
e63d98a4: folds
87443623: raises $0.2 to $0.3
715d9de5: folds
bd1e532d: folds
74c43b6c: folds
Hero: folds
Uncalled bet ($0.2) returned to 87443623
*** SHOWDOWN ***
87443623 collected $0.25 from pot
*** SUMMARY ***
Total pot $0.25 | Rake $0 | Jackpot $0 | Bingo $0 | Fortune $0 | Tax $0
Seat 1: bd1e532d (button) folded before Flop (didn't bet)
Seat 2: 74c43b6c (small blind) folded before Flop
Seat 3: Hero (big blind) folded before Flop
Seat 4: e63d98a4 folded before Flop (didn't bet)
Seat 5: 87443623 collected ($0.25)
Seat 6: 715d9de5 folded before Flop (didn't bet)


Poker Hand #HD1775497432: Hold'em No Limit ($0.05/$0.1) - 2024/05/16 19:53:41
Table 'NLHRed28' 6-max Seat #6 is the button
Seat 1: bd1e532d ($10 in chips)
Seat 2: 74c43b6c ($12.18 in chips)
Seat 3: Hero ($10 in chips)
Seat 4: e63d98a4 ($10.15 in chips)
Seat 6: 715d9de5 ($18.76 in chips)
bd1e532d: posts small blind $0.05
74c43b6c: posts big blind $0.1
*** HOLE CARDS ***
Dealt to bd1e532d 
Dealt to 74c43b6c 
Dealt to Hero [Jh Ah]
Dealt to e63d98a4 
Dealt to 715d9de5 
Hero: raises $0.1 to $0.2
e63d98a4: folds
715d9de5: folds
bd1e532d: folds
74c43b6c: folds
Uncalled bet ($0.1) returned to Hero
*** SHOWDOWN ***
Hero collected $0.25 from pot
*** SUMMARY ***
Total pot $0.25 | Rake $0 | Jackpot $0 | Bingo $0 | Fortune $0 | Tax $0
Seat 1: bd1e532d (small blind) folded before Flop
Seat 2: 74c43b6c (big blind) folded before Flop
Seat 3: Hero collected ($0.25)
Seat 4: e63d98a4 folded before Flop (didn't bet)
Seat 6: 715d9de5 (button) folded before Flop (didn't bet)


Poker Hand #HD1775497365: Hold'em No Limit ($0.05/$0.1) - 2024/05/16 19:53:07
Table 'NLHRed28' 6-max Seat #5 is the button
Seat 1: bd1e532d ($10 in chips)
Seat 2: 74c43b6c ($12.18 in chips)
Seat 3: Hero ($10 in chips)
Seat 4: e63d98a4 ($10 in chips)
Seat 5: 87443623 ($12.31 in chips)
Seat 6: 715d9de5 ($18.81 in chips)
715d9de5: posts small blind $0.05
bd1e532d: posts big blind $0.1
*** HOLE CARDS ***
Dealt to bd1e532d 
Dealt to 74c43b6c 
Dealt to Hero [4s 3s]
Dealt to e63d98a4 
Dealt to 87443623 
Dealt to 715d9de5 
74c43b6c: folds
Hero: folds
e63d98a4: raises $0.15 to $0.25
87443623: folds
715d9de5: folds
bd1e532d: folds
Uncalled bet ($0.15) returned to e63d98a4
*** SHOWDOWN ***
e63d98a4 collected $0.25 from pot
*** SUMMARY ***
Total pot $0.25 | Rake $0 | Jackpot $0 | Bingo $0 | Fortune $0 | Tax $0
Seat 1: bd1e532d (big blind) folded before Flop
Seat 2: 74c43b6c folded before Flop (didn't bet)
Seat 3: Hero folded before Flop (didn't bet)
Seat 4: e63d98a4 collected ($0.25)
Seat 5: 87443623 (button) folded before Flop (didn't bet)
Seat 6: 715d9de5 (small blind) folded before Flop


Poker Hand #HD1775497202: Hold'em No Limit ($0.05/$0.1) - 2024/05/16 19:51:19
Table 'NLHRed28' 6-max Seat #4 is the button
Seat 1: bd1e532d ($10 in chips)
Seat 2: 74c43b6c ($12.18 in chips)
Seat 3: Hero ($10 in chips)
Seat 4: e63d98a4 ($10 in chips)
Seat 5: 87443623 ($11.58 in chips)
Seat 6: 715d9de5 ($18.91 in chips)
87443623: posts small blind $0.05
715d9de5: posts big blind $0.1
*** HOLE CARDS ***
Dealt to bd1e532d 
Dealt to 74c43b6c 
Dealt to Hero [Ac 7d]
Dealt to e63d98a4 
Dealt to 87443623 
Dealt to 715d9de5 
bd1e532d: raises $0.1 to $0.2
74c43b6c: folds
Hero: folds
e63d98a4: folds
87443623: raises $0.2 to $0.4
715d9de5: folds
bd1e532d: calls $0.2
*** FLOP *** [9s Qd 4s]
87443623: checks
bd1e532d: checks
*** TURN *** [9s Qd 4s] [4c]
87443623: bets $0.3
bd1e532d: calls $0.3
*** RIVER *** [9s Qd 4s 4c] [Ad]
87443623: bets $0.1
bd1e532d: folds
Uncalled bet ($0.1) returned to 87443623
*** SHOWDOWN ***
87443623 collected $1.43 from pot
*** SUMMARY ***
Total pot $1.5 | Rake $0.07 | Jackpot $0 | Bingo $0 | Fortune $0 | Tax $0
Board [9s Qd 4s 4c Ad]
Seat 1: bd1e532d folded on the River
Seat 2: 74c43b6c folded before Flop (didn't bet)
Seat 3: Hero folded before Flop (didn't bet)
Seat 4: e63d98a4 (button) folded before Flop (didn't bet)
Seat 5: 87443623 (small blind) won ($1.43)
Seat 6: 715d9de5 (big blind) folded before Flop


Poker Hand #HD1775497089: Hold'em No Limit ($0.05/$0.1) - 2024/05/16 19:50:14
Table 'NLHRed28' 6-max Seat #3 is the button
Seat 1: bd1e532d ($10 in chips)
Seat 2: 74c43b6c ($12.58 in chips)
Seat 3: Hero ($10 in chips)
Seat 4: e63d98a4 ($10 in chips)
Seat 5: 87443623 ($11.17 in chips)
Seat 6: 715d9de5 ($18.91 in chips)
e63d98a4: posts small blind $0.05
87443623: posts big blind $0.1
*** HOLE CARDS ***
Dealt to bd1e532d 
Dealt to 74c43b6c 
Dealt to Hero [5d 2c]
Dealt to e63d98a4 
Dealt to 87443623 
Dealt to 715d9de5 
715d9de5: folds
bd1e532d: folds
74c43b6c: raises $0.15 to $0.25
Hero: folds
e63d98a4: folds
87443623: raises $0.15 to $0.4
74c43b6c: calls $0.15
*** FLOP *** [Jh 4c 2d]
87443623: bets $0.29
74c43b6c: folds
Uncalled bet ($0.29) returned to 87443623
*** SHOWDOWN ***
87443623 collected $0.81 from pot
*** SUMMARY ***
Total pot $0.85 | Rake $0.04 | Jackpot $0 | Bingo $0 | Fortune $0 | Tax $0
Board [Jh 4c 2d]
Seat 1: bd1e532d folded before Flop (didn't bet)
Seat 2: 74c43b6c folded on the Flop
Seat 3: Hero (button) folded before Flop (didn't bet)
Seat 4: e63d98a4 (small blind) folded before Flop
Seat 5: 87443623 (big blind) won ($0.81)
Seat 6: 715d9de5 folded before Flop (didn't bet)


Poker Hand #HD1775496930: Hold'em No Limit ($0.05/$0.1) - 2024/05/16 19:48:33
Table 'NLHRed28' 6-max Seat #2 is the button
Seat 1: bd1e532d ($10 in chips)
Seat 2: 74c43b6c ($12.58 in chips)
Seat 3: Hero ($10 in chips)
Seat 4: e63d98a4 ($10 in chips)
Seat 5: 87443623 ($11.17 in chips)
Seat 6: 715d9de5 ($17.72 in chips)
Hero: posts small blind $0.05
e63d98a4: posts big blind $0.1
*** HOLE CARDS ***
Dealt to bd1e532d 
Dealt to 74c43b6c 
Dealt to Hero [4h 2d]
Dealt to e63d98a4 
Dealt to 87443623 
Dealt to 715d9de5 
87443623: folds
715d9de5: raises $0.12 to $0.22
bd1e532d: folds
74c43b6c: folds
Hero: folds
e63d98a4: calls $0.12
*** FLOP *** [9d Td 4d]
e63d98a4: checks
715d9de5: checks
*** TURN *** [9d Td 4d] [Qs]
e63d98a4: checks
715d9de5: bets $0.3
e63d98a4: calls $0.3
*** RIVER *** [9d Td 4d Qs] [Qd]
e63d98a4: bets $0.75
715d9de5: raises $2.25 to $3
e63d98a4: folds
Uncalled bet ($2.25) returned to 715d9de5
*** SHOWDOWN ***
715d9de5 collected $2.46 from pot
*** SUMMARY ***
Total pot $2.59 | Rake $0.13 | Jackpot $0 | Bingo $0 | Fortune $0 | Tax $0
Board [9d Td 4d Qs Qd]
Seat 1: bd1e532d folded before Flop (didn't bet)
Seat 2: 74c43b6c (button) folded before Flop (didn't bet)
Seat 3: Hero (small blind) folded before Flop
Seat 4: e63d98a4 (big blind) folded on the River
Seat 5: 87443623 folded before Flop (didn't bet)
Seat 6: 715d9de5 won ($2.46)


Poker Hand #HD1775496824: Hold'em No Limit ($0.05/$0.1) - 2024/05/16 19:47:31
Table 'NLHRed28' 6-max Seat #1 is the button
Seat 1: bd1e532d ($10 in chips)
Seat 2: 74c43b6c ($12.78 in chips)
Seat 3: Hero ($10 in chips)
Seat 5: 87443623 ($10.89 in chips)
Seat 6: 715d9de5 ($17.72 in chips)
74c43b6c: posts small blind $0.05
Hero: posts big blind $0.1
*** HOLE CARDS ***
Dealt to bd1e532d 
Dealt to 74c43b6c 
Dealt to Hero [4d Ks]
Dealt to 87443623 
Dealt to 715d9de5 
87443623: raises $0.1 to $0.2
715d9de5: folds
bd1e532d: folds
74c43b6c: calls $0.15
Hero: folds
*** FLOP *** [Ts 5s 9s]
74c43b6c: checks
87443623: bets $0.5
74c43b6c: folds
Uncalled bet ($0.5) returned to 87443623
*** SHOWDOWN ***
87443623 collected $0.48 from pot
*** SUMMARY ***
Total pot $0.5 | Rake $0.02 | Jackpot $0 | Bingo $0 | Fortune $0 | Tax $0
Board [Ts 5s 9s]
Seat 1: bd1e532d (button) folded before Flop (didn't bet)
Seat 2: 74c43b6c (small blind) folded on the Flop
Seat 3: Hero (big blind) folded before Flop
Seat 5: 87443623 won ($0.48)
Seat 6: 715d9de5 folded before Flop (didn't bet)


Poker Hand #HD1775496774: Hold'em No Limit ($0.05/$0.1) - 2024/05/16 19:47:02
Table 'NLHRed28' 6-max Seat #6 is the button
Seat 1: bd1e532d ($10.05 in chips)
Seat 2: 74c43b6c ($12.88 in chips)
Seat 3: Hero ($10 in chips)
Seat 5: 87443623 ($10.74 in chips)
Seat 6: 715d9de5 ($17.72 in chips)
bd1e532d: posts small blind $0.05
74c43b6c: posts big blind $0.1
*** HOLE CARDS ***
Dealt to bd1e532d 
Dealt to 74c43b6c 
Dealt to Hero [6d 8c]
Dealt to 87443623 
Dealt to 715d9de5 
Hero: folds
87443623: raises $0.1 to $0.2
715d9de5: folds
bd1e532d: folds
74c43b6c: folds
Uncalled bet ($0.1) returned to 87443623
*** SHOWDOWN ***
87443623 collected $0.25 from pot
*** SUMMARY ***
Total pot $0.25 | Rake $0 | Jackpot $0 | Bingo $0 | Fortune $0 | Tax $0
Seat 1: bd1e532d (small blind) folded before Flop
Seat 2: 74c43b6c (big blind) folded before Flop
Seat 3: Hero folded before Flop (didn't bet)
Seat 5: 87443623 collected ($0.25)
Seat 6: 715d9de5 (button) folded before Flop (didn't bet)


Poker Hand #HD1775496732: Hold'em No Limit ($0.05/$0.1) - 2024/05/16 19:46:37
Table 'NLHRed28' 6-max Seat #5 is the button
Seat 1: bd1e532d ($10 in chips)
Seat 2: 74c43b6c ($12.88 in chips)
Seat 3: Hero ($10 in chips)
Seat 5: 87443623 ($10.74 in chips)
Seat 6: 715d9de5 ($17.77 in chips)
715d9de5: posts small blind $0.05
bd1e532d: posts big blind $0.1
*** HOLE CARDS ***
Dealt to bd1e532d 
Dealt to 74c43b6c 
Dealt to Hero [8s 4h]
Dealt to 87443623 
Dealt to 715d9de5 
74c43b6c: folds
Hero: folds
87443623: folds
715d9de5: folds
Uncalled bet ($0.05) returned to bd1e532d
*** SHOWDOWN ***
bd1e532d collected $0.1 from pot
*** SUMMARY ***
Total pot $0.1 | Rake $0 | Jackpot $0 | Bingo $0 | Fortune $0 | Tax $0
Seat 1: bd1e532d (big blind) collected ($0.1)
Seat 2: 74c43b6c folded before Flop (didn't bet)
Seat 3: Hero folded before Flop (didn't bet)
Seat 5: 87443623 (button) folded before Flop (didn't bet)
Seat 6: 715d9de5 (small blind) folded before Flop


Poker Hand #HD1775496702: Hold'em No Limit ($0.05/$0.1) - 2024/05/16 19:46:19
Table 'NLHRed28' 6-max Seat #3 is the button
Seat 1: bd1e532d ($10 in chips)
Seat 2: 74c43b6c ($12.88 in chips)
Seat 3: Hero ($10 in chips)
Seat 5: 87443623 ($10.79 in chips)
Seat 6: 715d9de5 ($17.72 in chips)
87443623: posts small blind $0.05
715d9de5: posts big blind $0.1
*** HOLE CARDS ***
Dealt to bd1e532d 
Dealt to 74c43b6c 
Dealt to Hero [3h Ks]
Dealt to 87443623 
Dealt to 715d9de5 
bd1e532d: folds
74c43b6c: folds
Hero: folds
87443623: folds
Uncalled bet ($0.05) returned to 715d9de5
*** SHOWDOWN ***
715d9de5 collected $0.1 from pot
*** SUMMARY ***
Total pot $0.1 | Rake $0 | Jackpot $0 | Bingo $0 | Fortune $0 | Tax $0
Seat 1: bd1e532d folded before Flop (didn't bet)
Seat 2: 74c43b6c folded before Flop (didn't bet)
Seat 3: Hero (button) folded before Flop (didn't bet)
Seat 5: 87443623 (small blind) folded before Flop
Seat 6: 715d9de5 (big blind) collected ($0.1)


Poker Hand #HD1775496679: Hold'em No Limit ($0.05/$0.1) - 2024/05/16 19:46:05
Table 'NLHRed28' 6-max Seat #2 is the button
Seat 1: bd1e532d ($10 in chips)
Seat 2: 74c43b6c ($12.88 in chips)
Seat 3: Hero ($10 in chips)
Seat 5: 87443623 ($10.74 in chips)
Seat 6: 715d9de5 ($17.72 in chips)
Hero: posts small blind $0.05
87443623: posts big blind $0.1
*** HOLE CARDS ***
Dealt to bd1e532d 
Dealt to 74c43b6c 
Dealt to Hero [7d 2s]
Dealt to 87443623 
Dealt to 715d9de5 
715d9de5: folds
bd1e532d: folds
74c43b6c: folds
Hero: folds
Uncalled bet ($0.05) returned to 87443623
*** SHOWDOWN ***
87443623 collected $0.1 from pot
*** SUMMARY ***
Total pot $0.1 | Rake $0 | Jackpot $0 | Bingo $0 | Fortune $0 | Tax $0
Seat 1: bd1e532d folded before Flop (didn't bet)
Seat 2: 74c43b6c (button) folded before Flop (didn't bet)
Seat 3: Hero (small blind) folded before Flop
Seat 5: 87443623 (big blind) collected ($0.1)
Seat 6: 715d9de5 folded before Flop (didn't bet)


Poker Hand #HD1775496540: Hold'em No Limit ($0.05/$0.1) - 2024/05/16 19:44:46
Table 'NLHRed28' 6-max Seat #1 is the button
Seat 1: bd1e532d ($10 in chips)
Seat 2: 74c43b6c ($10 in chips)
Seat 3: Hero ($10 in chips)
Seat 5: 87443623 ($13.94 in chips)
Seat 6: 715d9de5 ($17.72 in chips)
74c43b6c: posts small blind $0.05
Hero: posts big blind $0.1
*** HOLE CARDS ***
Dealt to bd1e532d 
Dealt to 74c43b6c 
Dealt to Hero [Th 6h]
Dealt to 87443623 
Dealt to 715d9de5 
87443623: raises $0.2 to $0.3
715d9de5: folds
bd1e532d: folds
74c43b6c: raises $0.9 to $1.2
Hero: folds
87443623: calls $0.9
*** FLOP *** [2c 5d 4c]
74c43b6c: bets $2
87443623: calls $2
*** TURN *** [2c 5d 4c] [Ts]
74c43b6c: bets $6.8 and is all-in
87443623: folds
Uncalled bet ($6.8) returned to 74c43b6c
*** SHOWDOWN ***
74c43b6c collected $6.08 from pot
*** SUMMARY ***
Total pot $6.5 | Rake $0.32 | Jackpot $0.1 | Bingo $0 | Fortune $0 | Tax $0
Board [2c 5d 4c Ts]
Seat 1: bd1e532d (button) folded before Flop (didn't bet)
Seat 2: 74c43b6c (small blind) won ($6.08)
Seat 3: Hero (big blind) folded before Flop
Seat 5: 87443623 folded on the Turn
Seat 6: 715d9de5 folded before Flop (didn't bet)


Poker Hand #HD1775496423: Hold'em No Limit ($0.05/$0.1) - 2024/05/16 19:43:28
Table 'NLHRed28' 6-max Seat #6 is the button
Seat 1: bd1e532d ($10 in chips)
Seat 2: 74c43b6c ($10 in chips)
Seat 3: Hero ($10 in chips)
Seat 5: 87443623 ($13.94 in chips)
Seat 6: 715d9de5 ($17.32 in chips)
bd1e532d: posts small blind $0.05
74c43b6c: posts big blind $0.1
*** HOLE CARDS ***
Dealt to bd1e532d 
Dealt to 74c43b6c 
Dealt to Hero [4h 8h]
Dealt to 87443623 
Dealt to 715d9de5 
Hero: folds
87443623: folds
715d9de5: raises $0.12 to $0.22
bd1e532d: folds
74c43b6c: calls $0.12
*** FLOP *** [5c Jh 8s]
74c43b6c: checks
715d9de5: bets $0.17
74c43b6c: calls $0.17
*** TURN *** [5c Jh 8s] [7d]
74c43b6c: checks
715d9de5: checks
*** RIVER *** [5c Jh 8s 7d] [Kc]
74c43b6c: checks
715d9de5: bets $0.6
74c43b6c: folds
Uncalled bet ($0.6) returned to 715d9de5
*** SHOWDOWN ***
715d9de5 collected $0.79 from pot
*** SUMMARY ***
Total pot $0.83 | Rake $0.04 | Jackpot $0 | Bingo $0 | Fortune $0 | Tax $0
Board [5c Jh 8s 7d Kc]
Seat 1: bd1e532d (small blind) folded before Flop
Seat 2: 74c43b6c (big blind) folded on the River
Seat 3: Hero folded before Flop (didn't bet)
Seat 5: 87443623 folded before Flop (didn't bet)
Seat 6: 715d9de5 (button) won ($0.79)


Poker Hand #HD1775496124: Hold'em No Limit ($0.05/$0.1) - 2024/05/16 19:40:26
Table 'NLHRed28' 6-max Seat #5 is the button
Seat 1: bd1e532d ($10.96 in chips)
Seat 2: 92723b3 ($21.43 in chips)
Seat 3: Hero ($10.54 in chips)
Seat 5: 87443623 ($11.17 in chips)
Seat 6: 715d9de5 ($17.37 in chips)
715d9de5: posts small blind $0.05
bd1e532d: posts big blind $0.1
*** HOLE CARDS ***
Dealt to bd1e532d 
Dealt to 92723b3 
Dealt to Hero [Ah Jc]
Dealt to 87443623 
Dealt to 715d9de5 
92723b3: folds
Hero: raises $0.14 to $0.24
87443623: raises $0.26 to $0.5
715d9de5: folds
bd1e532d: calls $0.4
Hero: calls $0.26
*** FLOP *** [5s Js 4h]
bd1e532d: checks
Hero: checks
87443623: bets $0.78
bd1e532d: calls $0.78
Hero: calls $0.78
*** TURN *** [5s Js 4h] [9s]
bd1e532d: checks
Hero: checks
87443623: bets $0.5
bd1e532d: folds
Hero: calls $0.5
*** RIVER *** [5s Js 4h 9s] [7h]
Hero: checks
87443623: bets $3.67
Hero: folds
Uncalled bet ($3.67) returned to 87443623
*** SHOWDOWN ***
87443623 collected $4.55 from pot
*** SUMMARY ***
Total pot $4.89 | Rake $0.24 | Jackpot $0.1 | Bingo $0 | Fortune $0 | Tax $0
Board [5s Js 4h 9s 7h]
Seat 1: bd1e532d (big blind) folded on the Turn
Seat 2: 92723b3 folded before Flop (didn't bet)
Seat 3: Hero folded on the River
Seat 5: 87443623 (button) won ($4.55)
Seat 6: 715d9de5 (small blind) folded before Flop


Poker Hand #HD1775496028: Hold'em No Limit ($0.05/$0.1) - 2024/05/16 19:39:30
Table 'NLHRed28' 6-max Seat #3 is the button
Seat 1: bd1e532d ($10.96 in chips)
Seat 2: 92723b3 ($21.43 in chips)
Seat 3: Hero ($10.54 in chips)
Seat 4: 43a2379 ($10 in chips)
Seat 5: 87443623 ($11.12 in chips)
Seat 6: 715d9de5 ($17.37 in chips)
43a2379: posts small blind $0.05
87443623: posts big blind $0.1
*** HOLE CARDS ***
Dealt to bd1e532d 
Dealt to 92723b3 
Dealt to Hero [6h 8d]
Dealt to 43a2379 
Dealt to 87443623 
Dealt to 715d9de5 
715d9de5: folds
bd1e532d: folds
92723b3: folds
Hero: folds
43a2379: folds
Uncalled bet ($0.05) returned to 87443623
*** SHOWDOWN ***
87443623 collected $0.1 from pot
*** SUMMARY ***
Total pot $0.1 | Rake $0 | Jackpot $0 | Bingo $0 | Fortune $0 | Tax $0
Seat 1: bd1e532d folded before Flop (didn't bet)
Seat 2: 92723b3 folded before Flop (didn't bet)
Seat 3: Hero (button) folded before Flop (didn't bet)
Seat 4: 43a2379 (small blind) folded before Flop
Seat 5: 87443623 (big blind) collected ($0.1)
Seat 6: 715d9de5 folded before Flop (didn't bet)


Poker Hand #HD1775495989: Hold'em No Limit ($0.05/$0.1) - 2024/05/16 19:39:06
Table 'NLHRed28' 6-max Seat #2 is the button
Seat 1: bd1e532d ($10.96 in chips)
Seat 2: 92723b3 ($21.28 in chips)
Seat 3: Hero ($10.59 in chips)
Seat 4: 43a2379 ($10 in chips)
Seat 5: 87443623 ($11.12 in chips)
Seat 6: 715d9de5 ($17.37 in chips)
Hero: posts small blind $0.05
43a2379: posts big blind $0.1
*** HOLE CARDS ***
Dealt to bd1e532d 
Dealt to 92723b3 
Dealt to Hero [9c 4c]
Dealt to 43a2379 
Dealt to 87443623 
Dealt to 715d9de5 
87443623: folds
715d9de5: folds
bd1e532d: folds
92723b3: raises $0.15 to $0.25
Hero: folds
43a2379: folds
Uncalled bet ($0.15) returned to 92723b3
*** SHOWDOWN ***
92723b3 collected $0.25 from pot
*** SUMMARY ***
Total pot $0.25 | Rake $0 | Jackpot $0 | Bingo $0 | Fortune $0 | Tax $0
Seat 1: bd1e532d folded before Flop (didn't bet)
Seat 2: 92723b3 (button) collected ($0.25)
Seat 3: Hero (small blind) folded before Flop
Seat 4: 43a2379 (big blind) folded before Flop
Seat 5: 87443623 folded before Flop (didn't bet)
Seat 6: 715d9de5 folded before Flop (didn't bet)


Poker Hand #HD1775495909: Hold'em No Limit ($0.05/$0.1) - 2024/05/16 19:38:13
Table 'NLHRed28' 6-max Seat #1 is the button
Seat 1: bd1e532d ($10.96 in chips)
Seat 2: 92723b3 ($21.33 in chips)
Seat 3: Hero ($10.69 in chips)
Seat 4: 43a2379 ($10 in chips)
Seat 5: 87443623 ($10.16 in chips)
Seat 6: 715d9de5 ($17.37 in chips)
92723b3: posts small blind $0.05
Hero: posts big blind $0.1
*** HOLE CARDS ***
Dealt to bd1e532d 
Dealt to 92723b3 
Dealt to Hero [2h Kh]
Dealt to 43a2379 
Dealt to 87443623 
Dealt to 715d9de5 
43a2379: raises $0.2 to $0.3
87443623: raises $0.6 to $0.9
715d9de5: folds
bd1e532d: folds
92723b3: folds
Hero: folds
43a2379: calls $0.6
*** FLOP *** [Jh 5s 2c]
43a2379: checks
87443623: checks
*** TURN *** [Jh 5s 2c] [4h]
43a2379: checks
87443623: bets $0.98
43a2379: folds
Uncalled bet ($0.98) returned to 87443623
*** SHOWDOWN ***
87443623 collected $1.86 from pot
*** SUMMARY ***
Total pot $1.95 | Rake $0.09 | Jackpot $0 | Bingo $0 | Fortune $0 | Tax $0
Board [Jh 5s 2c 4h]
Seat 1: bd1e532d (button) folded before Flop (didn't bet)
Seat 2: 92723b3 (small blind) folded before Flop
Seat 3: Hero (big blind) folded before Flop
Seat 4: 43a2379 folded on the Turn
Seat 5: 87443623 won ($1.86)
Seat 6: 715d9de5 folded before Flop (didn't bet)


Poker Hand #HD1775495854: Hold'em No Limit ($0.05/$0.1) - 2024/05/16 19:37:41
Table 'NLHRed28' 6-max Seat #6 is the button
Seat 1: bd1e532d ($10.86 in chips)
Seat 2: 92723b3 ($21.43 in chips)
Seat 3: Hero ($10.69 in chips)
Seat 4: 43a2379 ($10 in chips)
Seat 6: 715d9de5 ($17.37 in chips)
bd1e532d: posts small blind $0.05
92723b3: posts big blind $0.1
*** HOLE CARDS ***
Dealt to bd1e532d 
Dealt to 92723b3 
Dealt to Hero [7d 4c]
Dealt to 43a2379 
Dealt to 715d9de5 
Hero: folds
43a2379: folds
715d9de5: folds
bd1e532d: raises $0.15 to $0.25
92723b3: folds
Uncalled bet ($0.15) returned to bd1e532d
*** SHOWDOWN ***
bd1e532d collected $0.2 from pot
*** SUMMARY ***
Total pot $0.2 | Rake $0 | Jackpot $0 | Bingo $0 | Fortune $0 | Tax $0
Seat 1: bd1e532d (small blind) collected ($0.2)
Seat 2: 92723b3 (big blind) folded before Flop
Seat 3: Hero folded before Flop (didn't bet)
Seat 4: 43a2379 folded before Flop (didn't bet)
Seat 6: 715d9de5 (button) folded before Flop (didn't bet)


Poker Hand #HD1775495797: Hold'em No Limit ($0.05/$0.1) - 2024/05/16 19:37:09
Table 'NLHRed28' 6-max Seat #4 is the button
Seat 1: bd1e532d ($10.86 in chips)
Seat 2: 92723b3 ($21.43 in chips)
Seat 3: Hero ($10.54 in chips)
Seat 4: 43a2379 ($10 in chips)
Seat 5: 87443623 ($10.21 in chips)
Seat 6: 715d9de5 ($17.47 in chips)
87443623: posts small blind $0.05
715d9de5: posts big blind $0.1
*** HOLE CARDS ***
Dealt to bd1e532d 
Dealt to 92723b3 
Dealt to Hero [9h Th]
Dealt to 43a2379 
Dealt to 87443623 
Dealt to 715d9de5 
bd1e532d: folds
92723b3: folds
Hero: raises $0.14 to $0.24
43a2379: folds
87443623: folds
715d9de5: folds
Uncalled bet ($0.14) returned to Hero
*** SHOWDOWN ***
Hero collected $0.25 from pot
*** SUMMARY ***
Total pot $0.25 | Rake $0 | Jackpot $0 | Bingo $0 | Fortune $0 | Tax $0
Seat 1: bd1e532d folded before Flop (didn't bet)
Seat 2: 92723b3 folded before Flop (didn't bet)
Seat 3: Hero collected ($0.25)
Seat 4: 43a2379 (button) folded before Flop (didn't bet)
Seat 5: 87443623 (small blind) folded before Flop
Seat 6: 715d9de5 (big blind) folded before Flop


Poker Hand #HD1775495657: Hold'em No Limit ($0.05/$0.1) - 2024/05/16 19:35:34
Table 'NLHRed28' 6-max Seat #3 is the button
Seat 1: bd1e532d ($10 in chips)
Seat 2: 92723b3 ($21.43 in chips)
Seat 3: Hero ($10.54 in chips)
Seat 4: 43a2379 ($10 in chips)
Seat 5: 87443623 ($11.11 in chips)
Seat 6: 715d9de5 ($17.47 in chips)
43a2379: posts small blind $0.05
87443623: posts big blind $0.1
*** HOLE CARDS ***
Dealt to bd1e532d 
Dealt to 92723b3 
Dealt to Hero [Ac 5s]
Dealt to 43a2379 
Dealt to 87443623 
Dealt to 715d9de5 
715d9de5: folds
bd1e532d: raises $0.1 to $0.2
92723b3: folds
Hero: folds
43a2379: folds
87443623: raises $0.2 to $0.4
bd1e532d: calls $0.2
*** FLOP *** [Jd 7c Kd]
87443623: bets $0.1
bd1e532d: calls $0.1
*** TURN *** [Jd 7c Kd] [3s]
87443623: bets $0.3
bd1e532d: calls $0.3
*** RIVER *** [Jd 7c Kd 3s] [9h]
87443623: bets $0.1
bd1e532d: calls $0.1
87443623: shows [As 2c] (Ace-High)
bd1e532d: shows [Jc Ah] (Pair of Jacks)
*** SHOWDOWN ***
bd1e532d collected $1.76 from pot
*** SUMMARY ***
Total pot $1.85 | Rake $0.09 | Jackpot $0 | Bingo $0 | Fortune $0 | Tax $0
Board [Jd 7c Kd 3s 9h]
Seat 1: bd1e532d showed [Jc Ah] and won ($1.76) with Pair of Jacks
Seat 2: 92723b3 folded before Flop (didn't bet)
Seat 3: Hero (button) folded before Flop (didn't bet)
Seat 4: 43a2379 (small blind) folded before Flop
Seat 5: 87443623 (big blind) showed [As 2c] and lost with Ace-High
Seat 6: 715d9de5 folded before Flop (didn't bet)


Poker Hand #HD1775385584: Hold'em No Limit ($0.05/$0.1) - 2024/05/16 19:34:47
Table 'NLHRed28' 6-max Seat #2 is the button
Seat 1: bd1e532d ($10 in chips)
Seat 2: 92723b3 ($21.43 in chips)
Seat 3: Hero ($10.07 in chips)
Seat 4: 43a2379 ($10 in chips)
Seat 5: 87443623 ($11.31 in chips)
Seat 6: 715d9de5 ($17.47 in chips)
Hero: posts small blind $0.05
43a2379: posts big blind $0.1
*** HOLE CARDS ***
Dealt to bd1e532d 
Dealt to 92723b3 
Dealt to Hero [Kh Kd]
Dealt to 43a2379 
Dealt to 87443623 
Dealt to 715d9de5 
87443623: raises $0.1 to $0.2
715d9de5: folds
bd1e532d: calls $0.2
92723b3: folds
Hero: raises $1 to $1.2
43a2379: folds
87443623: folds
bd1e532d: folds
Uncalled bet ($1) returned to Hero
*** SHOWDOWN ***
Hero collected $0.67 from pot
*** SUMMARY ***
Total pot $0.7 | Rake $0.03 | Jackpot $0 | Bingo $0 | Fortune $0 | Tax $0
Seat 1: bd1e532d folded before Flop
Seat 2: 92723b3 (button) folded before Flop (didn't bet)
Seat 3: Hero (small blind) collected ($0.67)
Seat 4: 43a2379 (big blind) folded before Flop
Seat 5: 87443623 folded before Flop
Seat 6: 715d9de5 folded before Flop (didn't bet)


Poker Hand #HD1775385561: Hold'em No Limit ($0.05/$0.1) - 2024/05/16 19:34:33
Table 'NLHRed28' 6-max Seat #1 is the button
Seat 1: bd1e532d ($10 in chips)
Seat 2: 92723b3 ($21.48 in chips)
Seat 3: Hero ($10.17 in chips)
Seat 4: 43a2379 ($10 in chips)
Seat 5: 87443623 ($11.31 in chips)
Seat 6: 715d9de5 ($17.32 in chips)
92723b3: posts small blind $0.05
Hero: posts big blind $0.1
*** HOLE CARDS ***
Dealt to bd1e532d 
Dealt to 92723b3 
Dealt to Hero [Qh 6c]
Dealt to 43a2379 
Dealt to 87443623 
Dealt to 715d9de5 
43a2379: folds
87443623: folds
715d9de5: raises $0.12 to $0.22
bd1e532d: folds
92723b3: folds
Hero: folds
Uncalled bet ($0.12) returned to 715d9de5
*** SHOWDOWN ***
715d9de5 collected $0.25 from pot
*** SUMMARY ***
Total pot $0.25 | Rake $0 | Jackpot $0 | Bingo $0 | Fortune $0 | Tax $0
Seat 1: bd1e532d (button) folded before Flop (didn't bet)
Seat 2: 92723b3 (small blind) folded before Flop
Seat 3: Hero (big blind) folded before Flop
Seat 4: 43a2379 folded before Flop (didn't bet)
Seat 5: 87443623 folded before Flop (didn't bet)
Seat 6: 715d9de5 collected ($0.25)


Poker Hand #HD1775385459: Hold'em No Limit ($0.05/$0.1) - 2024/05/16 19:33:23
Table 'NLHRed28' 6-max Seat #6 is the button
Seat 1: bd1e532d ($10.05 in chips)
Seat 2: 92723b3 ($21.01 in chips)
Seat 3: Hero ($10.17 in chips)
Seat 4: 43a2379 ($10 in chips)
Seat 5: 87443623 ($11.31 in chips)
Seat 6: 715d9de5 ($17.79 in chips)
bd1e532d: posts small blind $0.05
92723b3: posts big blind $0.1
*** HOLE CARDS ***
Dealt to bd1e532d 
Dealt to 92723b3 
Dealt to Hero [4d Th]
Dealt to 43a2379 
Dealt to 87443623 
Dealt to 715d9de5 
Hero: folds
43a2379: folds
87443623: folds
715d9de5: raises $0.12 to $0.22
bd1e532d: folds
92723b3: calls $0.12
*** FLOP *** [Tc 6s Jd]
92723b3: checks
715d9de5: checks
*** TURN *** [Tc 6s Jd] [5h]
92723b3: checks
715d9de5: checks
*** RIVER *** [Tc 6s Jd 5h] [7c]
92723b3: bets $0.25
715d9de5: calls $0.25
92723b3: shows [Jc 8c] (Pair of Jacks)
715d9de5: shows [Td 9d] (Pair of Tens)
*** SHOWDOWN ***
92723b3 collected $0.94 from pot
*** SUMMARY ***
Total pot $0.99 | Rake $0.05 | Jackpot $0 | Bingo $0 | Fortune $0 | Tax $0
Board [Tc 6s Jd 5h 7c]
Seat 1: bd1e532d (small blind) folded before Flop
Seat 2: 92723b3 (big blind) showed [Jc 8c] and won ($0.94) with Pair of Jacks
Seat 3: Hero folded before Flop (didn't bet)
Seat 4: 43a2379 folded before Flop (didn't bet)
Seat 5: 87443623 folded before Flop (didn't bet)
Seat 6: 715d9de5 (button) showed [Td 9d] and lost with Pair of Tens


Poker Hand #HD1775385400: Hold'em No Limit ($0.05/$0.1) - 2024/05/16 19:32:49
Table 'NLHRed28' 6-max Seat #5 is the button
Seat 1: bd1e532d ($10.15 in chips)
Seat 2: 92723b3 ($21.01 in chips)
Seat 3: Hero ($10.17 in chips)
Seat 4: 43a2379 ($10.29 in chips)
Seat 5: 87443623 ($11.31 in chips)
Seat 6: 715d9de5 ($17.42 in chips)
715d9de5: posts small blind $0.05
bd1e532d: posts big blind $0.1
*** HOLE CARDS ***
Dealt to bd1e532d 
Dealt to 92723b3 
Dealt to Hero [6h 8d]
Dealt to 43a2379 
Dealt to 87443623 
Dealt to 715d9de5 
92723b3: folds
Hero: folds
43a2379: raises $0.2 to $0.3
87443623: folds
715d9de5: raises $0.9 to $1.2
bd1e532d: folds
43a2379: folds
Uncalled bet ($0.9) returned to 715d9de5
*** SHOWDOWN ***
715d9de5 collected $0.67 from pot
*** SUMMARY ***
Total pot $0.7 | Rake $0.03 | Jackpot $0 | Bingo $0 | Fortune $0 | Tax $0
Seat 1: bd1e532d (big blind) folded before Flop
Seat 2: 92723b3 folded before Flop (didn't bet)
Seat 3: Hero folded before Flop (didn't bet)
Seat 4: 43a2379 folded before Flop
Seat 5: 87443623 (button) folded before Flop (didn't bet)
Seat 6: 715d9de5 (small blind) collected ($0.67)


Poker Hand #HD1775385347: Hold'em No Limit ($0.05/$0.1) - 2024/05/16 19:32:18
Table 'NLHRed28' 6-max Seat #4 is the button
Seat 1: bd1e532d ($10 in chips)
Seat 2: 92723b3 ($21.01 in chips)
Seat 3: Hero ($10.17 in chips)
Seat 4: 43a2379 ($10.29 in chips)
Seat 5: 87443623 ($11.36 in chips)
Seat 6: 715d9de5 ($17.52 in chips)
87443623: posts small blind $0.05
715d9de5: posts big blind $0.1
*** HOLE CARDS ***
Dealt to bd1e532d 
Dealt to 92723b3 
Dealt to Hero [Jh 2s]
Dealt to 43a2379 
Dealt to 87443623 
Dealt to 715d9de5 
bd1e532d: raises $0.1 to $0.2
92723b3: folds
Hero: folds
43a2379: folds
87443623: folds
715d9de5: folds
Uncalled bet ($0.1) returned to bd1e532d
*** SHOWDOWN ***
bd1e532d collected $0.25 from pot
*** SUMMARY ***
Total pot $0.25 | Rake $0 | Jackpot $0 | Bingo $0 | Fortune $0 | Tax $0
Seat 1: bd1e532d collected ($0.25)
Seat 2: 92723b3 folded before Flop (didn't bet)
Seat 3: Hero folded before Flop (didn't bet)
Seat 4: 43a2379 (button) folded before Flop (didn't bet)
Seat 5: 87443623 (small blind) folded before Flop
Seat 6: 715d9de5 (big blind) folded before Flop


Poker Hand #HD1775385326: Hold'em No Limit ($0.05/$0.1) - 2024/05/16 19:32:04
Table 'NLHRed28' 6-max Seat #3 is the button
Seat 1: bd1e532d ($10 in chips)
Seat 2: 92723b3 ($21.01 in chips)
Seat 3: Hero ($10.17 in chips)
Seat 4: 43a2379 ($10.34 in chips)
Seat 5: 87443623 ($11.31 in chips)
Seat 6: 715d9de5 ($17.52 in chips)
43a2379: posts small blind $0.05
87443623: posts big blind $0.1
*** HOLE CARDS ***
Dealt to bd1e532d 
Dealt to 92723b3 
Dealt to Hero [2d 5h]
Dealt to 43a2379 
Dealt to 87443623 
Dealt to 715d9de5 
715d9de5: folds
bd1e532d: folds
92723b3: folds
Hero: folds
43a2379: folds
Uncalled bet ($0.05) returned to 87443623
*** SHOWDOWN ***
87443623 collected $0.1 from pot
*** SUMMARY ***
Total pot $0.1 | Rake $0 | Jackpot $0 | Bingo $0 | Fortune $0 | Tax $0
Seat 1: bd1e532d folded before Flop (didn't bet)
Seat 2: 92723b3 folded before Flop (didn't bet)
Seat 3: Hero (button) folded before Flop (didn't bet)
Seat 4: 43a2379 (small blind) folded before Flop
Seat 5: 87443623 (big blind) collected ($0.1)
Seat 6: 715d9de5 folded before Flop (didn't bet)


Poker Hand #HD1775385290: Hold'em No Limit ($0.05/$0.1) - 2024/05/16 19:31:42
Table 'NLHRed28' 6-max Seat #2 is the button
Seat 1: bd1e532d ($10 in chips)
Seat 2: 92723b3 ($21.01 in chips)
Seat 3: Hero ($10.22 in chips)
Seat 4: 43a2379 ($10.44 in chips)
Seat 5: 87443623 ($11.16 in chips)
Seat 6: 715d9de5 ($17.52 in chips)
Hero: posts small blind $0.05
43a2379: posts big blind $0.1
*** HOLE CARDS ***
Dealt to bd1e532d 
Dealt to 92723b3 
Dealt to Hero [5s 4d]
Dealt to 43a2379 
Dealt to 87443623 
Dealt to 715d9de5 
87443623: raises $0.2 to $0.3
715d9de5: folds
bd1e532d: folds
92723b3: folds
Hero: folds
43a2379: folds
Uncalled bet ($0.2) returned to 87443623
*** SHOWDOWN ***
87443623 collected $0.25 from pot
*** SUMMARY ***
Total pot $0.25 | Rake $0 | Jackpot $0 | Bingo $0 | Fortune $0 | Tax $0
Seat 1: bd1e532d folded before Flop (didn't bet)
Seat 2: 92723b3 (button) folded before Flop (didn't bet)
Seat 3: Hero (small blind) folded before Flop
Seat 4: 43a2379 (big blind) folded before Flop
Seat 5: 87443623 collected ($0.25)
Seat 6: 715d9de5 folded before Flop (didn't bet)


Poker Hand #HD1775385269: Hold'em No Limit ($0.05/$0.1) - 2024/05/16 19:31:28
Table 'NLHRed28' 6-max Seat #1 is the button
Seat 1: bd1e532d ($10 in chips)
Seat 2: 92723b3 ($21.06 in chips)
Seat 3: Hero ($10.32 in chips)
Seat 4: 43a2379 ($10.44 in chips)
Seat 5: 87443623 ($11.16 in chips)
Seat 6: 715d9de5 ($17.37 in chips)
92723b3: posts small blind $0.05
Hero: posts big blind $0.1
*** HOLE CARDS ***
Dealt to bd1e532d 
Dealt to 92723b3 
Dealt to Hero [7s 2h]
Dealt to 43a2379 
Dealt to 87443623 
Dealt to 715d9de5 
43a2379: folds
87443623: folds
715d9de5: raises $0.12 to $0.22
bd1e532d: folds
92723b3: folds
Hero: folds
Uncalled bet ($0.12) returned to 715d9de5
*** SHOWDOWN ***
715d9de5 collected $0.25 from pot
*** SUMMARY ***
Total pot $0.25 | Rake $0 | Jackpot $0 | Bingo $0 | Fortune $0 | Tax $0
Seat 1: bd1e532d (button) folded before Flop (didn't bet)
Seat 2: 92723b3 (small blind) folded before Flop
Seat 3: Hero (big blind) folded before Flop
Seat 4: 43a2379 folded before Flop (didn't bet)
Seat 5: 87443623 folded before Flop (didn't bet)
Seat 6: 715d9de5 collected ($0.25)


Poker Hand #HD1775385215: Hold'em No Limit ($0.05/$0.1) - 2024/05/16 19:30:54
Table 'NLHRed28' 6-max Seat #6 is the button
Seat 1: bd1e532d ($10.05 in chips)
Seat 2: 92723b3 ($21.16 in chips)
Seat 3: Hero ($10.32 in chips)
Seat 4: 43a2379 ($10.44 in chips)
Seat 5: 87443623 ($11.01 in chips)
Seat 6: 715d9de5 ($17.37 in chips)
bd1e532d: posts small blind $0.05
92723b3: posts big blind $0.1
*** HOLE CARDS ***
Dealt to bd1e532d 
Dealt to 92723b3 
Dealt to Hero [5d 9h]
Dealt to 43a2379 
Dealt to 87443623 
Dealt to 715d9de5 
Hero: folds
43a2379: folds
87443623: raises $0.7 to $0.8
715d9de5: folds
bd1e532d: folds
92723b3: folds
Uncalled bet ($0.7) returned to 87443623
*** SHOWDOWN ***
87443623 collected $0.25 from pot
*** SUMMARY ***
Total pot $0.25 | Rake $0 | Jackpot $0 | Bingo $0 | Fortune $0 | Tax $0
Seat 1: bd1e532d (small blind) folded before Flop
Seat 2: 92723b3 (big blind) folded before Flop
Seat 3: Hero folded before Flop (didn't bet)
Seat 4: 43a2379 folded before Flop (didn't bet)
Seat 5: 87443623 collected ($0.25)
Seat 6: 715d9de5 (button) folded before Flop (didn't bet)


Poker Hand #HD1775385186: Hold'em No Limit ($0.05/$0.1) - 2024/05/16 19:30:43
Table 'NLHRed28' 6-max Seat #5 is the button
Seat 1: bd1e532d ($10 in chips)
Seat 2: 92723b3 ($21.16 in chips)
Seat 3: Hero ($10.32 in chips)
Seat 4: 43a2379 ($10.44 in chips)
Seat 5: 87443623 ($11.01 in chips)
Seat 6: 715d9de5 ($17.42 in chips)
715d9de5: posts small blind $0.05
bd1e532d: posts big blind $0.1
*** HOLE CARDS ***
Dealt to bd1e532d 
Dealt to 92723b3 
Dealt to Hero [4d 5s]
Dealt to 43a2379 
Dealt to 87443623 
Dealt to 715d9de5 
92723b3: folds
Hero: folds
43a2379: folds
87443623: folds
715d9de5: folds
Uncalled bet ($0.05) returned to bd1e532d
*** SHOWDOWN ***
bd1e532d collected $0.1 from pot
*** SUMMARY ***
Total pot $0.1 | Rake $0 | Jackpot $0 | Bingo $0 | Fortune $0 | Tax $0
Seat 1: bd1e532d (big blind) collected ($0.1)
Seat 2: 92723b3 folded before Flop (didn't bet)
Seat 3: Hero folded before Flop (didn't bet)
Seat 4: 43a2379 folded before Flop (didn't bet)
Seat 5: 87443623 (button) folded before Flop (didn't bet)
Seat 6: 715d9de5 (small blind) folded before Flop


Poker Hand #HD1775385174: Hold'em No Limit ($0.05/$0.1) - 2024/05/16 19:30:31
Table 'NLHRed28' 6-max Seat #4 is the button
Seat 2: 92723b3 ($21.16 in chips)
Seat 3: Hero ($10.32 in chips)
Seat 4: 43a2379 ($10.44 in chips)
Seat 5: 87443623 ($11.06 in chips)
Seat 6: 715d9de5 ($17.37 in chips)
87443623: posts small blind $0.05
715d9de5: posts big blind $0.1
*** HOLE CARDS ***
Dealt to 92723b3 
Dealt to Hero [Js 5d]
Dealt to 43a2379 
Dealt to 87443623 
Dealt to 715d9de5 
92723b3: folds
Hero: folds
43a2379: folds
87443623: folds
Uncalled bet ($0.05) returned to 715d9de5
*** SHOWDOWN ***
715d9de5 collected $0.1 from pot
*** SUMMARY ***
Total pot $0.1 | Rake $0 | Jackpot $0 | Bingo $0 | Fortune $0 | Tax $0
Seat 2: 92723b3 folded before Flop (didn't bet)
Seat 3: Hero folded before Flop (didn't bet)
Seat 4: 43a2379 (button) folded before Flop (didn't bet)
Seat 5: 87443623 (small blind) folded before Flop
Seat 6: 715d9de5 (big blind) collected ($0.1)


Poker Hand #HD1775385083: Hold'em No Limit ($0.05/$0.1) - 2024/05/16 19:29:39
Table 'NLHRed28' 6-max Seat #3 is the button
Seat 2: 92723b3 ($21.41 in chips)
Seat 3: Hero ($10.32 in chips)
Seat 4: 43a2379 ($10.49 in chips)
Seat 5: 87443623 ($10.78 in chips)
Seat 6: 715d9de5 ($17.37 in chips)
43a2379: posts small blind $0.05
87443623: posts big blind $0.1
*** HOLE CARDS ***
Dealt to 92723b3 
Dealt to Hero [Td Js]
Dealt to 43a2379 
Dealt to 87443623 
Dealt to 715d9de5 
715d9de5: folds
92723b3: raises $0.15 to $0.25
Hero: folds
43a2379: folds
87443623: calls $0.15
*** FLOP *** [6c 2d 3h]
87443623: checks
92723b3: checks
*** TURN *** [6c 2d 3h] [8d]
87443623: bets $0.7
92723b3: folds
Uncalled bet ($0.7) returned to 87443623
*** SHOWDOWN ***
87443623 collected $0.53 from pot
*** SUMMARY ***
Total pot $0.55 | Rake $0.02 | Jackpot $0 | Bingo $0 | Fortune $0 | Tax $0
Board [6c 2d 3h 8d]
Seat 2: 92723b3 folded on the Turn
Seat 3: Hero (button) folded before Flop (didn't bet)
Seat 4: 43a2379 (small blind) folded before Flop
Seat 5: 87443623 (big blind) won ($0.53)
Seat 6: 715d9de5 folded before Flop (didn't bet)


Poker Hand #HD1775385021: Hold'em No Limit ($0.05/$0.1) - 2024/05/16 19:29:03
Table 'NLHRed28' 6-max Seat #2 is the button
Seat 2: 92723b3 ($21.66 in chips)
Seat 3: Hero ($10 in chips)
Seat 4: 43a2379 ($10.59 in chips)
Seat 5: 87443623 ($10.78 in chips)
Seat 6: 715d9de5 ($17.37 in chips)
Hero: posts small blind $0.05
43a2379: posts big blind $0.1
*** HOLE CARDS ***
Dealt to 92723b3 
Dealt to Hero [Ts Th]
Dealt to 43a2379 
Dealt to 87443623 
Dealt to 715d9de5 
87443623: folds
715d9de5: folds
92723b3: raises $0.15 to $0.25
Hero: raises $0.85 to $1.1
43a2379: folds
92723b3: folds
Uncalled bet ($0.85) returned to Hero
*** SHOWDOWN ***
Hero collected $0.57 from pot
*** SUMMARY ***
Total pot $0.6 | Rake $0.03 | Jackpot $0 | Bingo $0 | Fortune $0 | Tax $0
Seat 2: 92723b3 (button) folded before Flop
Seat 3: Hero (small blind) collected ($0.57)
Seat 4: 43a2379 (big blind) folded before Flop
Seat 5: 87443623 folded before Flop (didn't bet)
Seat 6: 715d9de5 folded before Flop (didn't bet)


Poker Hand #HD1775384996: Hold'em No Limit ($0.05/$0.1) - 2024/05/16 19:28:42
Table 'NLHRed28' 6-max Seat #6 is the button
Seat 2: 92723b3 ($21.71 in chips)
Seat 3: Hero ($10 in chips)
Seat 4: 43a2379 ($10.44 in chips)
Seat 5: 87443623 ($10.78 in chips)
Seat 6: 715d9de5 ($17.37 in chips)
92723b3: posts small blind $0.05
Hero: posts big blind $0.1
*** HOLE CARDS ***
Dealt to 92723b3 
Dealt to Hero [3d Qh]
Dealt to 43a2379 
Dealt to 87443623 
Dealt to 715d9de5 
43a2379: raises $0.2 to $0.3
87443623: folds
715d9de5: folds
92723b3: folds
Hero: folds
Uncalled bet ($0.2) returned to 43a2379
*** SHOWDOWN ***
43a2379 collected $0.25 from pot
*** SUMMARY ***
Total pot $0.25 | Rake $0 | Jackpot $0 | Bingo $0 | Fortune $0 | Tax $0
Seat 2: 92723b3 (small blind) folded before Flop
Seat 3: Hero (big blind) folded before Flop
Seat 4: 43a2379 collected ($0.25)
Seat 5: 87443623 folded before Flop (didn't bet)
Seat 6: 715d9de5 (button) folded before Flop (didn't bet)


