Poker Hand #HD1846968862: Hold'em No Limit ($0.05/$0.1) - 2024/07/07 16:12:30
Table 'NLHRed32' 6-max Seat #2 is the button
Seat 1: Hero ($12.3 in chips)
Seat 2: a8d987af ($9.85 in chips)
Seat 3: 8ced3669 ($4.05 in chips)
Seat 4: ba98b9c5 ($12.86 in chips)
Seat 5: 22bb2387 ($10.3 in chips)
8ced3669: posts small blind $0.05
ba98b9c5: posts big blind $0.1
*** HOLE CARDS ***
Dealt to Hero [6c Th]
Dealt to a8d987af 
Dealt to 8ced3669 
Dealt to ba98b9c5 
Dealt to 22bb2387 
22bb2387: folds
Hero: folds
a8d987af: folds
8ced3669: calls $0.05
ba98b9c5: checks
*** FLOP *** [4d 4s Ad]
8ced3669: checks
ba98b9c5: checks
*** TURN *** [4d 4s Ad] [3h]
8ced3669: bets $0.18
ba98b9c5: folds
Uncalled bet ($0.18) returned to 8ced3669
*** SHOWDOWN ***
8ced3669 collected $0.19 from pot
*** SUMMARY ***
Total pot $0.2 | Rake $0.01 | Jackpot $0 | Bingo $0 | Fortune $0 | Tax $0
Board [4d 4s Ad 3h]
Seat 1: Hero folded before Flop (didn't bet)
Seat 2: a8d987af (button) folded before Flop (didn't bet)
Seat 3: 8ced3669 (small blind) won ($0.19)
Seat 4: ba98b9c5 (big blind) folded on the Turn
Seat 5: 22bb2387 folded before Flop (didn't bet)


Poker Hand #HD1846968840: Hold'em No Limit ($0.05/$0.1) - 2024/07/07 16:12:18
Table 'NLHRed32' 6-max Seat #1 is the button
Seat 1: Hero ($12.3 in chips)
Seat 2: a8d987af ($9.9 in chips)
Seat 3: 8ced3669 ($4 in chips)
Seat 4: ba98b9c5 ($12.86 in chips)
Seat 5: 22bb2387 ($10.3 in chips)
a8d987af: posts small blind $0.05
8ced3669: posts big blind $0.1
*** HOLE CARDS ***
Dealt to Hero [4c 9c]
Dealt to a8d987af 
Dealt to 8ced3669 
Dealt to ba98b9c5 
Dealt to 22bb2387 
ba98b9c5: folds
22bb2387: folds
Hero: folds
a8d987af: folds
Uncalled bet ($0.05) returned to 8ced3669
*** SHOWDOWN ***
8ced3669 collected $0.1 from pot
*** SUMMARY ***
Total pot $0.1 | Rake $0 | Jackpot $0 | Bingo $0 | Fortune $0 | Tax $0
Seat 1: Hero (button) folded before Flop (didn't bet)
Seat 2: a8d987af (small blind) folded before Flop
Seat 3: 8ced3669 (big blind) collected ($0.1)
Seat 4: ba98b9c5 folded before Flop (didn't bet)
Seat 5: 22bb2387 folded before Flop (didn't bet)


Poker Hand #HD1846968816: Hold'em No Limit ($0.05/$0.1) - 2024/07/07 16:12:05
Table 'NLHRed32' 6-max Seat #5 is the button
Seat 1: Hero ($12.35 in chips)
Seat 2: a8d987af ($10 in chips)
Seat 3: 8ced3669 ($4 in chips)
Seat 4: ba98b9c5 ($12.86 in chips)
Seat 5: 22bb2387 ($10.15 in chips)
Hero: posts small blind $0.05
a8d987af: posts big blind $0.1
*** HOLE CARDS ***
Dealt to Hero [3s Th]
Dealt to a8d987af 
Dealt to 8ced3669 
Dealt to ba98b9c5 
Dealt to 22bb2387 
8ced3669: folds
ba98b9c5: folds
22bb2387: raises $0.2 to $0.3
Hero: folds
a8d987af: folds
Uncalled bet ($0.2) returned to 22bb2387
*** SHOWDOWN ***
22bb2387 collected $0.25 from pot
*** SUMMARY ***
Total pot $0.25 | Rake $0 | Jackpot $0 | Bingo $0 | Fortune $0 | Tax $0
Seat 1: Hero (small blind) folded before Flop
Seat 2: a8d987af (big blind) folded before Flop
Seat 3: 8ced3669 folded before Flop (didn't bet)
Seat 4: ba98b9c5 folded before Flop (didn't bet)
Seat 5: 22bb2387 (button) collected ($0.25)


Poker Hand #HD1846968793: Hold'em No Limit ($0.05/$0.1) - 2024/07/07 16:11:55
Table 'NLHRed32' 6-max Seat #4 is the button
Seat 1: Hero ($12.3 in chips)
Seat 3: 8ced3669 ($4 in chips)
Seat 4: ba98b9c5 ($12.86 in chips)
Seat 5: 22bb2387 ($10.2 in chips)
22bb2387: posts small blind $0.05
Hero: posts big blind $0.1
*** HOLE CARDS ***
Dealt to Hero [9d 8d]
Dealt to 8ced3669 
Dealt to ba98b9c5 
Dealt to 22bb2387 
8ced3669: folds
ba98b9c5: folds
22bb2387: folds
Uncalled bet ($0.05) returned to Hero
*** SHOWDOWN ***
Hero collected $0.1 from pot
*** SUMMARY ***
Total pot $0.1 | Rake $0 | Jackpot $0 | Bingo $0 | Fortune $0 | Tax $0
Seat 1: Hero (big blind) collected ($0.1)
Seat 3: 8ced3669 folded before Flop (didn't bet)
Seat 4: ba98b9c5 (button) folded before Flop (didn't bet)
Seat 5: 22bb2387 (small blind) folded before Flop


Poker Hand #HD1846968776: Hold'em No Limit ($0.05/$0.1) - 2024/07/07 16:11:44
Table 'NLHRed32' 6-max Seat #3 is the button
Seat 1: Hero ($12.3 in chips)
Seat 3: 8ced3669 ($4 in chips)
Seat 4: ba98b9c5 ($12.91 in chips)
Seat 5: 22bb2387 ($10.15 in chips)
ba98b9c5: posts small blind $0.05
22bb2387: posts big blind $0.1
*** HOLE CARDS ***
Dealt to Hero [2h 3h]
Dealt to 8ced3669 
Dealt to ba98b9c5 
Dealt to 22bb2387 
Hero: folds
8ced3669: folds
ba98b9c5: folds
Uncalled bet ($0.05) returned to 22bb2387
*** SHOWDOWN ***
22bb2387 collected $0.1 from pot
*** SUMMARY ***
Total pot $0.1 | Rake $0 | Jackpot $0 | Bingo $0 | Fortune $0 | Tax $0
Seat 1: Hero folded before Flop (didn't bet)
Seat 3: 8ced3669 (button) folded before Flop (didn't bet)
Seat 4: ba98b9c5 (small blind) folded before Flop
Seat 5: 22bb2387 (big blind) collected ($0.1)


Poker Hand #HD1846968752: Hold'em No Limit ($0.05/$0.1) - 2024/07/07 16:11:32
Table 'NLHRed32' 6-max Seat #1 is the button
Seat 1: Hero ($12.3 in chips)
Seat 3: 8ced3669 ($3.9 in chips)
Seat 4: ba98b9c5 ($13.01 in chips)
Seat 5: 22bb2387 ($10.15 in chips)
8ced3669: posts small blind $0.05
ba98b9c5: posts big blind $0.1
*** HOLE CARDS ***
Dealt to Hero [2d 4s]
Dealt to 8ced3669 
Dealt to ba98b9c5 
Dealt to 22bb2387 
22bb2387: folds
Hero: folds
8ced3669: raises $0.25 to $0.35
ba98b9c5: folds
Uncalled bet ($0.25) returned to 8ced3669
*** SHOWDOWN ***
8ced3669 collected $0.2 from pot
*** SUMMARY ***
Total pot $0.2 | Rake $0 | Jackpot $0 | Bingo $0 | Fortune $0 | Tax $0
Seat 1: Hero (button) folded before Flop (didn't bet)
Seat 3: 8ced3669 (small blind) collected ($0.2)
Seat 4: ba98b9c5 (big blind) folded before Flop
Seat 5: 22bb2387 folded before Flop (didn't bet)


Poker Hand #HD1846968734: Hold'em No Limit ($0.05/$0.1) - 2024/07/07 16:11:20
Table 'NLHRed32' 6-max Seat #5 is the button
Seat 1: Hero ($12.35 in chips)
Seat 3: 8ced3669 ($4 in chips)
Seat 4: ba98b9c5 ($13.01 in chips)
Seat 5: 22bb2387 ($10 in chips)
Hero: posts small blind $0.05
8ced3669: posts big blind $0.1
*** HOLE CARDS ***
Dealt to Hero [Qs 6s]
Dealt to 8ced3669 
Dealt to ba98b9c5 
Dealt to 22bb2387 
ba98b9c5: folds
22bb2387: raises $0.2 to $0.3
Hero: folds
8ced3669: folds
Uncalled bet ($0.2) returned to 22bb2387
*** SHOWDOWN ***
22bb2387 collected $0.25 from pot
*** SUMMARY ***
Total pot $0.25 | Rake $0 | Jackpot $0 | Bingo $0 | Fortune $0 | Tax $0
Seat 1: Hero (small blind) folded before Flop
Seat 3: 8ced3669 (big blind) folded before Flop
Seat 4: ba98b9c5 folded before Flop (didn't bet)
Seat 5: 22bb2387 (button) collected ($0.25)


Poker Hand #HD1846968712: Hold'em No Limit ($0.05/$0.1) - 2024/07/07 16:11:10
Table 'NLHRed32' 6-max Seat #4 is the button
Seat 1: Hero ($12.3 in chips)
Seat 3: 8ced3669 ($4 in chips)
Seat 4: ba98b9c5 ($13.01 in chips)
Seat 5: 22bb2387 ($10.05 in chips)
22bb2387: posts small blind $0.05
Hero: posts big blind $0.1
*** HOLE CARDS ***
Dealt to Hero [Js Jd]
Dealt to 8ced3669 
Dealt to ba98b9c5 
Dealt to 22bb2387 
8ced3669: folds
ba98b9c5: folds
22bb2387: folds
Uncalled bet ($0.05) returned to Hero
*** SHOWDOWN ***
Hero collected $0.1 from pot
*** SUMMARY ***
Total pot $0.1 | Rake $0 | Jackpot $0 | Bingo $0 | Fortune $0 | Tax $0
Seat 1: Hero (big blind) collected ($0.1)
Seat 3: 8ced3669 folded before Flop (didn't bet)
Seat 4: ba98b9c5 (button) folded before Flop (didn't bet)
Seat 5: 22bb2387 (small blind) folded before Flop


Poker Hand #HD1846968692: Hold'em No Limit ($0.05/$0.1) - 2024/07/07 16:11:00
Table 'NLHRed32' 6-max Seat #3 is the button
Seat 1: Hero ($12.3 in chips)
Seat 3: 8ced3669 ($4 in chips)
Seat 4: ba98b9c5 ($13.06 in chips)
Seat 5: 22bb2387 ($10 in chips)
ba98b9c5: posts small blind $0.05
22bb2387: posts big blind $0.1
*** HOLE CARDS ***
Dealt to Hero [2d 6d]
Dealt to 8ced3669 
Dealt to ba98b9c5 
Dealt to 22bb2387 
Hero: folds
8ced3669: folds
ba98b9c5: folds
Uncalled bet ($0.05) returned to 22bb2387
*** SHOWDOWN ***
22bb2387 collected $0.1 from pot
*** SUMMARY ***
Total pot $0.1 | Rake $0 | Jackpot $0 | Bingo $0 | Fortune $0 | Tax $0
Seat 1: Hero folded before Flop (didn't bet)
Seat 3: 8ced3669 (button) folded before Flop (didn't bet)
Seat 4: ba98b9c5 (small blind) folded before Flop
Seat 5: 22bb2387 (big blind) collected ($0.1)


Poker Hand #HD1846968674: Hold'em No Limit ($0.05/$0.1) - 2024/07/07 16:10:49
Table 'NLHRed32' 6-max Seat #1 is the button
Seat 1: Hero ($12.3 in chips)
Seat 3: 8ced3669 ($3.9 in chips)
Seat 4: ba98b9c5 ($13.16 in chips)
8ced3669: posts small blind $0.05
ba98b9c5: posts big blind $0.1
*** HOLE CARDS ***
Dealt to Hero [5s 3d]
Dealt to 8ced3669 
Dealt to ba98b9c5 
Hero: folds
8ced3669: raises $0.25 to $0.35
ba98b9c5: folds
Uncalled bet ($0.25) returned to 8ced3669
*** SHOWDOWN ***
8ced3669 collected $0.2 from pot
*** SUMMARY ***
Total pot $0.2 | Rake $0 | Jackpot $0 | Bingo $0 | Fortune $0 | Tax $0
Seat 1: Hero (button) folded before Flop (didn't bet)
Seat 3: 8ced3669 (small blind) collected ($0.2)
Seat 4: ba98b9c5 (big blind) folded before Flop


Poker Hand #HD1846968645: Hold'em No Limit ($0.05/$0.1) - 2024/07/07 16:10:35
Table 'NLHRed32' 6-max Seat #4 is the button
Seat 1: Hero ($12.2 in chips)
Seat 3: 8ced3669 ($4 in chips)
Seat 4: ba98b9c5 ($13.16 in chips)
Hero: posts small blind $0.05
8ced3669: posts big blind $0.1
*** HOLE CARDS ***
Dealt to Hero [Kh Jc]
Dealt to 8ced3669 
Dealt to ba98b9c5 
ba98b9c5: folds
Hero: raises $0.2 to $0.3
8ced3669: folds
Uncalled bet ($0.2) returned to Hero
*** SHOWDOWN ***
Hero collected $0.2 from pot
*** SUMMARY ***
Total pot $0.2 | Rake $0 | Jackpot $0 | Bingo $0 | Fortune $0 | Tax $0
Seat 1: Hero (small blind) collected ($0.2)
Seat 3: 8ced3669 (big blind) folded before Flop
Seat 4: ba98b9c5 (button) folded before Flop (didn't bet)


Poker Hand #HD1846968593: Hold'em No Limit ($0.05/$0.1) - 2024/07/07 16:10:08
Table 'NLHRed32' 6-max Seat #3 is the button
Seat 1: Hero ($12.15 in chips)
Seat 2: d3e97c0b ($19.96 in chips)
Seat 3: 8ced3669 ($4 in chips)
Seat 4: ba98b9c5 ($13.21 in chips)
ba98b9c5: posts small blind $0.05
Hero: posts big blind $0.1
*** HOLE CARDS ***
Dealt to Hero [4h 3s]
Dealt to d3e97c0b 
Dealt to 8ced3669 
Dealt to ba98b9c5 
d3e97c0b: folds
8ced3669: folds
ba98b9c5: folds
Uncalled bet ($0.05) returned to Hero
*** SHOWDOWN ***
Hero collected $0.1 from pot
*** SUMMARY ***
Total pot $0.1 | Rake $0 | Jackpot $0 | Bingo $0 | Fortune $0 | Tax $0
Seat 1: Hero (big blind) collected ($0.1)
Seat 2: d3e97c0b folded before Flop (didn't bet)
Seat 3: 8ced3669 (button) folded before Flop (didn't bet)
Seat 4: ba98b9c5 (small blind) folded before Flop


Poker Hand #HD1846968489: Hold'em No Limit ($0.05/$0.1) - 2024/07/07 16:09:13
Table 'NLHRed32' 6-max Seat #2 is the button
Seat 1: Hero ($12.15 in chips)
Seat 2: d3e97c0b ($19.96 in chips)
Seat 3: 8ced3669 ($4.05 in chips)
Seat 4: ba98b9c5 ($12.67 in chips)
8ced3669: posts small blind $0.05
ba98b9c5: posts big blind $0.1
*** HOLE CARDS ***
Dealt to Hero [7h Td]
Dealt to d3e97c0b 
Dealt to 8ced3669 
Dealt to ba98b9c5 
Hero: folds
d3e97c0b: folds
8ced3669: raises $0.25 to $0.35
ba98b9c5: calls $0.25
*** FLOP *** [8h Qd Jh]
8ced3669: bets $0.24
ba98b9c5: calls $0.24
*** TURN *** [8h Qd Jh] [Jc]
8ced3669: checks
ba98b9c5: checks
*** RIVER *** [8h Qd Jh Jc] [5d]
8ced3669: checks
ba98b9c5: checks
8ced3669: shows [Ac Kh] (Pair of Jacks)
ba98b9c5: shows [Kc Qc] (Pair of Queens and Pair of Jacks)
*** SHOWDOWN ***
ba98b9c5 collected $1.13 from pot
*** SUMMARY ***
Total pot $1.18 | Rake $0.05 | Jackpot $0 | Bingo $0 | Fortune $0 | Tax $0
Board [8h Qd Jh Jc 5d]
Seat 1: Hero folded before Flop (didn't bet)
Seat 2: d3e97c0b (button) folded before Flop (didn't bet)
Seat 3: 8ced3669 (small blind) showed [Ac Kh] and lost with Pair of Jacks
Seat 4: ba98b9c5 (big blind) showed [Kc Qc] and won ($1.13) with Pair of Queens and Pair of Jacks


Poker Hand #HD1846968470: Hold'em No Limit ($0.05/$0.1) - 2024/07/07 16:09:04
Table 'NLHRed32' 6-max Seat #1 is the button
Seat 1: Hero ($12.15 in chips)
Seat 2: d3e97c0b ($20.01 in chips)
Seat 3: 8ced3669 ($4 in chips)
Seat 4: ba98b9c5 ($12.67 in chips)
d3e97c0b: posts small blind $0.05
8ced3669: posts big blind $0.1
*** HOLE CARDS ***
Dealt to Hero [2d 8d]
Dealt to d3e97c0b 
Dealt to 8ced3669 
Dealt to ba98b9c5 
ba98b9c5: folds
Hero: folds
d3e97c0b: folds
Uncalled bet ($0.05) returned to 8ced3669
*** SHOWDOWN ***
8ced3669 collected $0.1 from pot
*** SUMMARY ***
Total pot $0.1 | Rake $0 | Jackpot $0 | Bingo $0 | Fortune $0 | Tax $0
Seat 1: Hero (button) folded before Flop (didn't bet)
Seat 2: d3e97c0b (small blind) folded before Flop
Seat 3: 8ced3669 (big blind) collected ($0.1)
Seat 4: ba98b9c5 folded before Flop (didn't bet)


Poker Hand #HD1846968333: Hold'em No Limit ($0.05/$0.1) - 2024/07/07 16:07:54
Table 'NLHRed32' 6-max Seat #6 is the button
Seat 1: Hero ($10.82 in chips)
Seat 2: d3e97c0b ($21.59 in chips)
Seat 4: ba98b9c5 ($12.67 in chips)
Seat 6: 3451510c ($10 in chips)
Hero: posts small blind $0.05
d3e97c0b: posts big blind $0.1
*** HOLE CARDS ***
Dealt to Hero [5d 5c]
Dealt to d3e97c0b 
Dealt to ba98b9c5 
Dealt to 3451510c 
ba98b9c5: folds
3451510c: folds
Hero: raises $0.2 to $0.3
d3e97c0b: raises $0.65 to $0.95
Hero: calls $0.65
*** FLOP *** [6h 8s Qh]
Hero: checks
d3e97c0b: bets $0.63
Hero: raises $1.47 to $2.1
d3e97c0b: folds
Uncalled bet ($1.47) returned to Hero
*** SHOWDOWN ***
Hero collected $2.91 from pot
*** SUMMARY ***
Total pot $3.16 | Rake $0.15 | Jackpot $0.1 | Bingo $0 | Fortune $0 | Tax $0
Board [6h 8s Qh]
Seat 1: Hero (small blind) won ($2.91)
Seat 2: d3e97c0b (big blind) folded on the Flop
Seat 4: ba98b9c5 folded before Flop (didn't bet)
Seat 6: 3451510c (button) folded before Flop (didn't bet)


Poker Hand #HD1846968321: Hold'em No Limit ($0.05/$0.1) - 2024/07/07 16:07:47
Table 'NLHRed32' 6-max Seat #4 is the button
Seat 1: Hero ($10.77 in chips)
Seat 2: d3e97c0b ($21.59 in chips)
Seat 4: ba98b9c5 ($12.67 in chips)
Seat 6: 3451510c ($10.05 in chips)
3451510c: posts small blind $0.05
Hero: posts big blind $0.1
*** HOLE CARDS ***
Dealt to Hero [Ac 8s]
Dealt to d3e97c0b 
Dealt to ba98b9c5 
Dealt to 3451510c 
d3e97c0b: folds
ba98b9c5: folds
3451510c: folds
Uncalled bet ($0.05) returned to Hero
*** SHOWDOWN ***
Hero collected $0.1 from pot
*** SUMMARY ***
Total pot $0.1 | Rake $0 | Jackpot $0 | Bingo $0 | Fortune $0 | Tax $0
Seat 1: Hero (big blind) collected ($0.1)
Seat 2: d3e97c0b folded before Flop (didn't bet)
Seat 4: ba98b9c5 (button) folded before Flop (didn't bet)
Seat 6: 3451510c (small blind) folded before Flop


Poker Hand #HD1846968303: Hold'em No Limit ($0.05/$0.1) - 2024/07/07 16:07:38
Table 'NLHRed32' 6-max Seat #2 is the button
Seat 1: Hero ($10.77 in chips)
Seat 2: d3e97c0b ($21.59 in chips)
Seat 4: ba98b9c5 ($12.72 in chips)
Seat 6: 3451510c ($10 in chips)
ba98b9c5: posts small blind $0.05
3451510c: posts big blind $0.1
*** HOLE CARDS ***
Dealt to Hero [7c Th]
Dealt to d3e97c0b 
Dealt to ba98b9c5 
Dealt to 3451510c 
Hero: folds
d3e97c0b: folds
ba98b9c5: folds
Uncalled bet ($0.05) returned to 3451510c
*** SHOWDOWN ***
3451510c collected $0.1 from pot
*** SUMMARY ***
Total pot $0.1 | Rake $0 | Jackpot $0 | Bingo $0 | Fortune $0 | Tax $0
Seat 1: Hero folded before Flop (didn't bet)
Seat 2: d3e97c0b (button) folded before Flop (didn't bet)
Seat 4: ba98b9c5 (small blind) folded before Flop
Seat 6: 3451510c (big blind) collected ($0.1)


Poker Hand #HD1846968290: Hold'em No Limit ($0.05/$0.1) - 2024/07/07 16:07:31
Table 'NLHRed32' 6-max Seat #1 is the button
Seat 1: Hero ($10.77 in chips)
Seat 2: d3e97c0b ($21.64 in chips)
Seat 4: ba98b9c5 ($12.67 in chips)
Seat 6: 3451510c ($10 in chips)
d3e97c0b: posts small blind $0.05
ba98b9c5: posts big blind $0.1
*** HOLE CARDS ***
Dealt to Hero [5d 3c]
Dealt to d3e97c0b 
Dealt to ba98b9c5 
Dealt to 3451510c 
3451510c: folds
Hero: folds
d3e97c0b: folds
Uncalled bet ($0.05) returned to ba98b9c5
*** SHOWDOWN ***
ba98b9c5 collected $0.1 from pot
*** SUMMARY ***
Total pot $0.1 | Rake $0 | Jackpot $0 | Bingo $0 | Fortune $0 | Tax $0
Seat 1: Hero (button) folded before Flop (didn't bet)
Seat 2: d3e97c0b (small blind) folded before Flop
Seat 4: ba98b9c5 (big blind) collected ($0.1)
Seat 6: 3451510c folded before Flop (didn't bet)


Poker Hand #HD1846968244: Hold'em No Limit ($0.05/$0.1) - 2024/07/07 16:07:09
Table 'NLHRed32' 6-max Seat #6 is the button
Seat 1: Hero ($10.4 in chips)
Seat 2: d3e97c0b ($21.74 in chips)
Seat 4: ba98b9c5 ($12.67 in chips)
Seat 6: 3451510c ($10.27 in chips)
Hero: posts small blind $0.05
d3e97c0b: posts big blind $0.1
*** HOLE CARDS ***
Dealt to Hero [Qs Qc]
Dealt to d3e97c0b 
Dealt to ba98b9c5 
Dealt to 3451510c 
ba98b9c5: folds
3451510c: raises $0.2 to $0.3
Hero: raises $0.9 to $1.2
d3e97c0b: folds
3451510c: folds
Uncalled bet ($0.9) returned to Hero
*** SHOWDOWN ***
Hero collected $0.67 from pot
*** SUMMARY ***
Total pot $0.7 | Rake $0.03 | Jackpot $0 | Bingo $0 | Fortune $0 | Tax $0
Seat 1: Hero (small blind) collected ($0.67)
Seat 2: d3e97c0b (big blind) folded before Flop
Seat 4: ba98b9c5 folded before Flop (didn't bet)
Seat 6: 3451510c (button) folded before Flop


Poker Hand #HD1846968179: Hold'em No Limit ($0.05/$0.1) - 2024/07/07 16:06:27
Table 'NLHRed32' 6-max Seat #4 is the button
Seat 1: Hero ($10.7 in chips)
Seat 2: d3e97c0b ($21.74 in chips)
Seat 4: ba98b9c5 ($12.67 in chips)
Seat 6: 3451510c ($10 in chips)
3451510c: posts small blind $0.05
Hero: posts big blind $0.1
*** HOLE CARDS ***
Dealt to Hero [4h Qh]
Dealt to d3e97c0b 
Dealt to ba98b9c5 
Dealt to 3451510c 
d3e97c0b: folds
ba98b9c5: folds
3451510c: raises $0.2 to $0.3
Hero: calls $0.2
*** FLOP *** [3h Ac 8c]
3451510c: bets $0.2
Hero: folds
Uncalled bet ($0.2) returned to 3451510c
*** SHOWDOWN ***
3451510c collected $0.57 from pot
*** SUMMARY ***
Total pot $0.6 | Rake $0.03 | Jackpot $0 | Bingo $0 | Fortune $0 | Tax $0
Board [3h Ac 8c]
Seat 1: Hero (big blind) folded on the Flop
Seat 2: d3e97c0b folded before Flop (didn't bet)
Seat 4: ba98b9c5 (button) folded before Flop (didn't bet)
Seat 6: 3451510c (small blind) won ($0.57)


Poker Hand #HD1846968145: Hold'em No Limit ($0.05/$0.1) - 2024/07/07 16:06:15
Table 'NLHRed32' 6-max Seat #3 is the button
Seat 1: Hero ($10.7 in chips)
Seat 2: d3e97c0b ($21.59 in chips)
Seat 3: b48be87d ($11.37 in chips)
Seat 4: ba98b9c5 ($12.72 in chips)
Seat 6: 3451510c ($10 in chips)
ba98b9c5: posts small blind $0.05
3451510c: posts big blind $0.1
*** HOLE CARDS ***
Dealt to Hero [5s Qd]
Dealt to d3e97c0b 
Dealt to b48be87d 
Dealt to ba98b9c5 
Dealt to 3451510c 
Hero: folds
d3e97c0b: raises $0.15 to $0.25
b48be87d: folds
ba98b9c5: folds
3451510c: folds
Uncalled bet ($0.15) returned to d3e97c0b
*** SHOWDOWN ***
d3e97c0b collected $0.25 from pot
*** SUMMARY ***
Total pot $0.25 | Rake $0 | Jackpot $0 | Bingo $0 | Fortune $0 | Tax $0
Seat 1: Hero folded before Flop (didn't bet)
Seat 2: d3e97c0b collected ($0.25)
Seat 3: b48be87d (button) folded before Flop (didn't bet)
Seat 4: ba98b9c5 (small blind) folded before Flop
Seat 6: 3451510c (big blind) folded before Flop


Poker Hand #HD1846968121: Hold'em No Limit ($0.05/$0.1) - 2024/07/07 16:06:00
Table 'NLHRed32' 6-max Seat #2 is the button
Seat 1: Hero ($10.7 in chips)
Seat 2: d3e97c0b ($21.59 in chips)
Seat 3: b48be87d ($11.27 in chips)
Seat 4: ba98b9c5 ($12.82 in chips)
Seat 5: 6fde2fca ($10.94 in chips)
Seat 6: 3451510c ($10 in chips)
b48be87d: posts small blind $0.05
ba98b9c5: posts big blind $0.1
*** HOLE CARDS ***
Dealt to Hero [4s 5c]
Dealt to d3e97c0b 
Dealt to b48be87d 
Dealt to ba98b9c5 
Dealt to 6fde2fca 
Dealt to 3451510c 
6fde2fca: folds
3451510c: folds
Hero: folds
d3e97c0b: folds
b48be87d: raises $0.3 to $0.4
ba98b9c5: folds
Uncalled bet ($0.3) returned to b48be87d
*** SHOWDOWN ***
b48be87d collected $0.2 from pot
*** SUMMARY ***
Total pot $0.2 | Rake $0 | Jackpot $0 | Bingo $0 | Fortune $0 | Tax $0
Seat 1: Hero folded before Flop (didn't bet)
Seat 2: d3e97c0b (button) folded before Flop (didn't bet)
Seat 3: b48be87d (small blind) collected ($0.2)
Seat 4: ba98b9c5 (big blind) folded before Flop
Seat 5: 6fde2fca folded before Flop (didn't bet)
Seat 6: 3451510c folded before Flop (didn't bet)


Poker Hand #HD1846968086: Hold'em No Limit ($0.05/$0.1) - 2024/07/07 16:05:40
Table 'NLHRed32' 6-max Seat #1 is the button
Seat 1: Hero ($10.7 in chips)
Seat 2: d3e97c0b ($21.64 in chips)
Seat 3: b48be87d ($11.37 in chips)
Seat 4: ba98b9c5 ($12.82 in chips)
Seat 5: 6fde2fca ($10.79 in chips)
Seat 6: 3451510c ($10 in chips)
d3e97c0b: posts small blind $0.05
b48be87d: posts big blind $0.1
*** HOLE CARDS ***
Dealt to Hero [2d Jh]
Dealt to d3e97c0b 
Dealt to b48be87d 
Dealt to ba98b9c5 
Dealt to 6fde2fca 
Dealt to 3451510c 
ba98b9c5: folds
6fde2fca: raises $0.2 to $0.3
3451510c: folds
Hero: folds
d3e97c0b: folds
b48be87d: folds
Uncalled bet ($0.2) returned to 6fde2fca
*** SHOWDOWN ***
6fde2fca collected $0.25 from pot
*** SUMMARY ***
Total pot $0.25 | Rake $0 | Jackpot $0 | Bingo $0 | Fortune $0 | Tax $0
Seat 1: Hero (button) folded before Flop (didn't bet)
Seat 2: d3e97c0b (small blind) folded before Flop
Seat 3: b48be87d (big blind) folded before Flop
Seat 4: ba98b9c5 folded before Flop (didn't bet)
Seat 5: 6fde2fca collected ($0.25)
Seat 6: 3451510c folded before Flop (didn't bet)


Poker Hand #HD1846967949: Hold'em No Limit ($0.05/$0.1) - 2024/07/07 16:04:29
Table 'NLHRed32' 6-max Seat #6 is the button
Seat 1: Hero ($10.75 in chips)
Seat 2: d3e97c0b ($21.74 in chips)
Seat 3: b48be87d ($9.03 in chips)
Seat 4: ba98b9c5 ($12.82 in chips)
Seat 5: 6fde2fca ($10.79 in chips)
Seat 6: 3451510c ($11.69 in chips)
Hero: posts small blind $0.05
d3e97c0b: posts big blind $0.1
*** HOLE CARDS ***
Dealt to Hero [Ks 4s]
Dealt to d3e97c0b 
Dealt to b48be87d 
Dealt to ba98b9c5 
Dealt to 6fde2fca 
Dealt to 3451510c 
b48be87d: raises $0.2 to $0.3
ba98b9c5: folds
6fde2fca: folds
3451510c: raises $0.57 to $0.87
Hero: folds
d3e97c0b: folds
b48be87d: calls $0.57
*** FLOP *** [4c Ad 7c]
b48be87d: bets $0.63
3451510c: calls $0.63
*** TURN *** [4c Ad 7c] [5h]
b48be87d: bets $1.04
3451510c: calls $1.04
*** RIVER *** [4c Ad 7c 5h] [2d]
b48be87d: checks
3451510c: checks
b48be87d: shows [Qh Ah] (Pair of Aces)
3451510c: shows [Kc Kd] (Pair of Kings)
*** SHOWDOWN ***
b48be87d collected $4.88 from pot
*** SUMMARY ***
Total pot $5.23 | Rake $0.25 | Jackpot $0.1 | Bingo $0 | Fortune $0 | Tax $0
Board [4c Ad 7c 5h 2d]
Seat 1: Hero (small blind) folded before Flop
Seat 2: d3e97c0b (big blind) folded before Flop
Seat 3: b48be87d showed [Qh Ah] and won ($4.88) with Pair of Aces
Seat 4: ba98b9c5 folded before Flop (didn't bet)
Seat 5: 6fde2fca folded before Flop (didn't bet)
Seat 6: 3451510c (button) showed [Kc Kd] and lost with Pair of Kings


Poker Hand #HD1846967818: Hold'em No Limit ($0.05/$0.1) - 2024/07/07 16:03:24
Table 'NLHRed32' 6-max Seat #5 is the button
Seat 1: Hero ($10.23 in chips)
Seat 2: d3e97c0b ($21.74 in chips)
Seat 3: b48be87d ($9.55 in chips)
Seat 4: ba98b9c5 ($12.82 in chips)
Seat 5: 6fde2fca ($10.79 in chips)
Seat 6: 3451510c ($11.74 in chips)
3451510c: posts small blind $0.05
Hero: posts big blind $0.1
*** HOLE CARDS ***
Dealt to Hero [Jh Kd]
Dealt to d3e97c0b 
Dealt to b48be87d 
Dealt to ba98b9c5 
Dealt to 6fde2fca 
Dealt to 3451510c 
d3e97c0b: folds
b48be87d: raises $0.2 to $0.3
ba98b9c5: folds
6fde2fca: folds
3451510c: folds
Hero: calls $0.2
*** FLOP *** [8h Qd 2s]
Hero: checks
b48be87d: bets $0.22
Hero: raises $0.48 to $0.7
b48be87d: folds
Uncalled bet ($0.48) returned to Hero
*** SHOWDOWN ***
Hero collected $1.04 from pot
*** SUMMARY ***
Total pot $1.09 | Rake $0.05 | Jackpot $0 | Bingo $0 | Fortune $0 | Tax $0
Board [8h Qd 2s]
Seat 1: Hero (big blind) won ($1.04)
Seat 2: d3e97c0b folded before Flop (didn't bet)
Seat 3: b48be87d folded on the Flop
Seat 4: ba98b9c5 folded before Flop (didn't bet)
Seat 5: 6fde2fca (button) folded before Flop (didn't bet)
Seat 6: 3451510c (small blind) folded before Flop


Poker Hand #HD1846967736: Hold'em No Limit ($0.05/$0.1) - 2024/07/07 16:02:45
Table 'NLHRed32' 6-max Seat #4 is the button
Seat 1: Hero ($10 in chips)
Seat 2: d3e97c0b ($21.74 in chips)
Seat 3: b48be87d ($9.55 in chips)
Seat 4: ba98b9c5 ($12.82 in chips)
Seat 5: 6fde2fca ($10.84 in chips)
Seat 6: 3451510c ($11.94 in chips)
6fde2fca: posts small blind $0.05
3451510c: posts big blind $0.1
*** HOLE CARDS ***
Dealt to Hero [Qc Qh]
Dealt to d3e97c0b 
Dealt to b48be87d 
Dealt to ba98b9c5 
Dealt to 6fde2fca 
Dealt to 3451510c 
Hero: raises $0.1 to $0.2
d3e97c0b: folds
b48be87d: folds
ba98b9c5: folds
6fde2fca: folds
3451510c: calls $0.1
*** FLOP *** [Tc Td 6d]
3451510c: checks
Hero: bets $0.3
3451510c: folds
Uncalled bet ($0.3) returned to Hero
*** SHOWDOWN ***
Hero collected $0.43 from pot
*** SUMMARY ***
Total pot $0.45 | Rake $0.02 | Jackpot $0 | Bingo $0 | Fortune $0 | Tax $0
Board [Tc Td 6d]
Seat 1: Hero won ($0.43)
Seat 2: d3e97c0b folded before Flop (didn't bet)
Seat 3: b48be87d folded before Flop (didn't bet)
Seat 4: ba98b9c5 (button) folded before Flop (didn't bet)
Seat 5: 6fde2fca (small blind) folded before Flop
Seat 6: 3451510c (big blind) folded on the Flop


Poker Hand #HD1846967593: Hold'em No Limit ($0.05/$0.1) - 2024/07/07 16:01:25
Table 'NLHRed32' 6-max Seat #3 is the button
Seat 1: Hero ($10 in chips)
Seat 2: d3e97c0b ($21.74 in chips)
Seat 3: b48be87d ($9.85 in chips)
Seat 4: ba98b9c5 ($13.12 in chips)
Seat 5: 6fde2fca ($10 in chips)
Seat 6: 3451510c ($12.24 in chips)
ba98b9c5: posts small blind $0.05
6fde2fca: posts big blind $0.1
*** HOLE CARDS ***
Dealt to Hero [4h Ks]
Dealt to d3e97c0b 
Dealt to b48be87d 
Dealt to ba98b9c5 
Dealt to 6fde2fca 
Dealt to 3451510c 
3451510c: raises $0.2 to $0.3
Hero: folds
d3e97c0b: folds
b48be87d: calls $0.3
ba98b9c5: calls $0.25
6fde2fca: calls $0.2
*** FLOP *** [7d 6c 2d]
ba98b9c5: checks
6fde2fca: checks
3451510c: checks
b48be87d: checks
*** TURN *** [7d 6c 2d] [6d]
ba98b9c5: checks
6fde2fca: checks
3451510c: checks
b48be87d: checks
*** RIVER *** [7d 6c 2d 6d] [Qs]
ba98b9c5: checks
6fde2fca: checks
3451510c: checks
b48be87d: checks
ba98b9c5: shows [Ah 2h] (Pair of Sixes and Pair of Twos)
6fde2fca: shows [8h 8c] (Pair of Eights and Pair of Sixes)
3451510c: shows [Th Kh] (Pair of Sixes)
b48be87d: shows [Jh Kd] (Pair of Sixes)
*** SHOWDOWN ***
6fde2fca collected $1.14 from pot
*** SUMMARY ***
Total pot $1.2 | Rake $0.06 | Jackpot $0 | Bingo $0 | Fortune $0 | Tax $0
Board [7d 6c 2d 6d Qs]
Seat 1: Hero folded before Flop (didn't bet)
Seat 2: d3e97c0b folded before Flop (didn't bet)
Seat 3: b48be87d (button) showed [Jh Kd] and lost with Pair of Sixes
Seat 4: ba98b9c5 (small blind) showed [Ah 2h] and lost with Pair of Sixes and Pair of Twos
Seat 5: 6fde2fca (big blind) showed [8h 8c] and won ($1.14) with Pair of Eights and Pair of Sixes
Seat 6: 3451510c showed [Th Kh] and lost with Pair of Sixes


Poker Hand #HD1846967563: Hold'em No Limit ($0.05/$0.1) - 2024/07/07 16:01:09
Table 'NLHRed32' 6-max Seat #2 is the button
Seat 1: Hero ($10 in chips)
Seat 2: d3e97c0b ($21.74 in chips)
Seat 3: b48be87d ($9.9 in chips)
Seat 4: ba98b9c5 ($13.22 in chips)
Seat 6: 3451510c ($12.09 in chips)
b48be87d: posts small blind $0.05
ba98b9c5: posts big blind $0.1
*** HOLE CARDS ***
Dealt to Hero [Th 5d]
Dealt to d3e97c0b 
Dealt to b48be87d 
Dealt to ba98b9c5 
Dealt to 3451510c 
3451510c: raises $0.2 to $0.3
Hero: folds
d3e97c0b: folds
b48be87d: folds
ba98b9c5: folds
Uncalled bet ($0.2) returned to 3451510c
*** SHOWDOWN ***
3451510c collected $0.25 from pot
*** SUMMARY ***
Total pot $0.25 | Rake $0 | Jackpot $0 | Bingo $0 | Fortune $0 | Tax $0
Seat 1: Hero folded before Flop (didn't bet)
Seat 2: d3e97c0b (button) folded before Flop (didn't bet)
Seat 3: b48be87d (small blind) folded before Flop
Seat 4: ba98b9c5 (big blind) folded before Flop
Seat 6: 3451510c collected ($0.25)


Poker Hand #HD1846967541: Hold'em No Limit ($0.05/$0.1) - 2024/07/07 16:00:59
Table 'NLHRed32' 6-max Seat #1 is the button
Seat 1: Hero ($10 in chips)
Seat 2: d3e97c0b ($21.79 in chips)
Seat 3: b48be87d ($10 in chips)
Seat 4: ba98b9c5 ($13.07 in chips)
Seat 6: 3451510c ($12.09 in chips)
d3e97c0b: posts small blind $0.05
b48be87d: posts big blind $0.1
*** HOLE CARDS ***
Dealt to Hero [Qs 2h]
Dealt to d3e97c0b 
Dealt to b48be87d 
Dealt to ba98b9c5 
Dealt to 3451510c 
ba98b9c5: raises $0.16 to $0.26
3451510c: folds
Hero: folds
d3e97c0b: folds
b48be87d: folds
Uncalled bet ($0.16) returned to ba98b9c5
*** SHOWDOWN ***
ba98b9c5 collected $0.25 from pot
*** SUMMARY ***
Total pot $0.25 | Rake $0 | Jackpot $0 | Bingo $0 | Fortune $0 | Tax $0
Seat 1: Hero (button) folded before Flop (didn't bet)
Seat 2: d3e97c0b (small blind) folded before Flop
Seat 3: b48be87d (big blind) folded before Flop
Seat 4: ba98b9c5 collected ($0.25)
Seat 6: 3451510c folded before Flop (didn't bet)


Poker Hand #HD1846967477: Hold'em No Limit ($0.05/$0.1) - 2024/07/07 16:00:28
Table 'NLHRed32' 6-max Seat #6 is the button
Seat 1: Hero ($10.05 in chips)
Seat 2: d3e97c0b ($22.05 in chips)
Seat 4: ba98b9c5 ($12.78 in chips)
Seat 6: 3451510c ($12.09 in chips)
Hero: posts small blind $0.05
d3e97c0b: posts big blind $0.1
*** HOLE CARDS ***
Dealt to Hero [6d 6h]
Dealt to d3e97c0b 
Dealt to ba98b9c5 
Dealt to 3451510c 
ba98b9c5: raises $0.16 to $0.26
3451510c: folds
Hero: folds
d3e97c0b: calls $0.16
*** FLOP *** [Qc 2c Jh]
d3e97c0b: checks
ba98b9c5: bets $0.45
d3e97c0b: folds
Uncalled bet ($0.45) returned to ba98b9c5
*** SHOWDOWN ***
ba98b9c5 collected $0.55 from pot
*** SUMMARY ***
Total pot $0.57 | Rake $0.02 | Jackpot $0 | Bingo $0 | Fortune $0 | Tax $0
Board [Qc 2c Jh]
Seat 1: Hero (small blind) folded before Flop
Seat 2: d3e97c0b (big blind) folded on the Flop
Seat 4: ba98b9c5 won ($0.55)
Seat 6: 3451510c (button) folded before Flop (didn't bet)


Poker Hand #HD1846967440: Hold'em No Limit ($0.05/$0.1) - 2024/07/07 16:00:05
Table 'NLHRed32' 6-max Seat #4 is the button
Seat 1: Hero ($10.15 in chips)
Seat 2: d3e97c0b ($22.05 in chips)
Seat 4: ba98b9c5 ($12.63 in chips)
Seat 6: 3451510c ($12.14 in chips)
3451510c: posts small blind $0.05
Hero: posts big blind $0.1
*** HOLE CARDS ***
Dealt to Hero [3h 7h]
Dealt to d3e97c0b 
Dealt to ba98b9c5 
Dealt to 3451510c 
d3e97c0b: folds
ba98b9c5: raises $0.16 to $0.26
3451510c: folds
Hero: folds
Uncalled bet ($0.16) returned to ba98b9c5
*** SHOWDOWN ***
ba98b9c5 collected $0.25 from pot
*** SUMMARY ***
Total pot $0.25 | Rake $0 | Jackpot $0 | Bingo $0 | Fortune $0 | Tax $0
Seat 1: Hero (big blind) folded before Flop
Seat 2: d3e97c0b folded before Flop (didn't bet)
Seat 4: ba98b9c5 (button) collected ($0.25)
Seat 6: 3451510c (small blind) folded before Flop


Poker Hand #HD1846967369: Hold'em No Limit ($0.05/$0.1) - 2024/07/07 15:59:30
Table 'NLHRed32' 6-max Seat #2 is the button
Seat 1: Hero ($10.15 in chips)
Seat 2: d3e97c0b ($21.77 in chips)
Seat 4: ba98b9c5 ($12.68 in chips)
Seat 6: 3451510c ($12.39 in chips)
ba98b9c5: posts small blind $0.05
3451510c: posts big blind $0.1
*** HOLE CARDS ***
Dealt to Hero [Tc 8d]
Dealt to d3e97c0b 
Dealt to ba98b9c5 
Dealt to 3451510c 
Hero: folds
d3e97c0b: raises $0.15 to $0.25
ba98b9c5: folds
3451510c: calls $0.15
*** FLOP *** [9c 7c Ac]
3451510c: checks
d3e97c0b: checks
*** TURN *** [9c 7c Ac] [7h]
3451510c: checks
d3e97c0b: bets $0.19
3451510c: folds
Uncalled bet ($0.19) returned to d3e97c0b
*** SHOWDOWN ***
d3e97c0b collected $0.53 from pot
*** SUMMARY ***
Total pot $0.55 | Rake $0.02 | Jackpot $0 | Bingo $0 | Fortune $0 | Tax $0
Board [9c 7c Ac 7h]
Seat 1: Hero folded before Flop (didn't bet)
Seat 2: d3e97c0b (button) won ($0.53)
Seat 4: ba98b9c5 (small blind) folded before Flop
Seat 6: 3451510c (big blind) folded on the Turn


Poker Hand #HD1846967335: Hold'em No Limit ($0.05/$0.1) - 2024/07/07 15:59:15
Table 'NLHRed32' 6-max Seat #1 is the button
Seat 1: Hero ($10 in chips)
Seat 2: d3e97c0b ($21.82 in chips)
Seat 4: ba98b9c5 ($12.78 in chips)
Seat 5: 4ae02db1 ($10 in chips)
Seat 6: 3451510c ($12.39 in chips)
d3e97c0b: posts small blind $0.05
ba98b9c5: posts big blind $0.1
*** HOLE CARDS ***
Dealt to Hero [9c 8c]
Dealt to d3e97c0b 
Dealt to ba98b9c5 
Dealt to 4ae02db1 
Dealt to 3451510c 
4ae02db1: folds
3451510c: folds
Hero: raises $0.14 to $0.24
d3e97c0b: folds
ba98b9c5: folds
Uncalled bet ($0.14) returned to Hero
*** SHOWDOWN ***
Hero collected $0.25 from pot
*** SUMMARY ***
Total pot $0.25 | Rake $0 | Jackpot $0 | Bingo $0 | Fortune $0 | Tax $0
Seat 1: Hero (button) collected ($0.25)
Seat 2: d3e97c0b (small blind) folded before Flop
Seat 4: ba98b9c5 (big blind) folded before Flop
Seat 5: 4ae02db1 folded before Flop (didn't bet)
Seat 6: 3451510c folded before Flop (didn't bet)


Poker Hand #HD1846967172: Hold'em No Limit ($0.05/$0.1) - 2024/07/07 15:57:46
Table 'NLHRed32' 6-max Seat #6 is the button
Seat 1: Hero ($10 in chips)
Seat 2: d3e97c0b ($21.92 in chips)
Seat 3: aad27c82 ($10 in chips)
Seat 4: ba98b9c5 ($12.78 in chips)
Seat 5: 4ae02db1 ($10 in chips)
Seat 6: 3451510c ($10.56 in chips)
Hero: posts small blind $0.05
d3e97c0b: posts big blind $0.1
*** HOLE CARDS ***
Dealt to Hero [4c Ac]
Dealt to d3e97c0b 
Dealt to aad27c82 
Dealt to ba98b9c5 
Dealt to 4ae02db1 
Dealt to 3451510c 
aad27c82: folds
ba98b9c5: folds
4ae02db1: folds
3451510c: raises $0.2 to $0.3
Hero: raises $0.9 to $1.2
d3e97c0b: folds
3451510c: calls $0.9
*** FLOP *** [Qh 8c 6d]
Hero: bets $0.83
3451510c: calls $0.83
*** TURN *** [Qh 8c 6d] [3h]
Hero: checks
3451510c: bets $3.12
Hero: folds
Uncalled bet ($3.12) returned to 3451510c
*** SHOWDOWN ***
3451510c collected $3.86 from pot
*** SUMMARY ***
Total pot $4.16 | Rake $0.2 | Jackpot $0.1 | Bingo $0 | Fortune $0 | Tax $0
Board [Qh 8c 6d 3h]
Seat 1: Hero (small blind) folded on the Turn
Seat 2: d3e97c0b (big blind) folded before Flop
Seat 3: aad27c82 folded before Flop (didn't bet)
Seat 4: ba98b9c5 folded before Flop (didn't bet)
Seat 5: 4ae02db1 folded before Flop (didn't bet)
Seat 6: 3451510c (button) won ($3.86)


Poker Hand #HD1846967104: Hold'em No Limit ($0.05/$0.1) - 2024/07/07 15:57:13
Table 'NLHRed32' 6-max Seat #5 is the button
Seat 1: Hero ($10 in chips)
Seat 2: d3e97c0b ($21.92 in chips)
Seat 3: aad27c82 ($10 in chips)
Seat 4: ba98b9c5 ($12.64 in chips)
Seat 5: 4ae02db1 ($10 in chips)
Seat 6: 3451510c ($10.61 in chips)
3451510c: posts small blind $0.05
Hero: posts big blind $0.1
*** HOLE CARDS ***
Dealt to Hero [3c Kh]
Dealt to d3e97c0b 
Dealt to aad27c82 
Dealt to ba98b9c5 
Dealt to 4ae02db1 
Dealt to 3451510c 
d3e97c0b: folds
aad27c82: folds
ba98b9c5: calls $0.1
4ae02db1: folds
3451510c: folds
Hero: checks
*** FLOP *** [Qs 4d 2c]
Hero: checks
ba98b9c5: bets $0.1
Hero: folds
Uncalled bet ($0.1) returned to ba98b9c5
*** SHOWDOWN ***
ba98b9c5 collected $0.24 from pot
*** SUMMARY ***
Total pot $0.25 | Rake $0.01 | Jackpot $0 | Bingo $0 | Fortune $0 | Tax $0
Board [Qs 4d 2c]
Seat 1: Hero (big blind) folded on the Flop
Seat 2: d3e97c0b folded before Flop (didn't bet)
Seat 3: aad27c82 folded before Flop (didn't bet)
Seat 4: ba98b9c5 won ($0.24)
Seat 5: 4ae02db1 (button) folded before Flop (didn't bet)
Seat 6: 3451510c (small blind) folded before Flop


