Poker Hand #HD1826825887: Hold'em No Limit ($0.05/$0.1) - 2024/06/22 18:27:57
Table 'NLHRed14' 6-max Seat #4 is the button
Seat 1: Hero ($12.92 in chips)
Seat 2: 198264d6 ($10 in chips)
Seat 3: 5ef5889b ($10 in chips)
Seat 4: db9b23c4 ($17.53 in chips)
Seat 5: 5d2522c8 ($1.17 in chips)
Seat 6: 744ecf52 ($14.2 in chips)
5d2522c8: posts small blind $0.05
744ecf52: posts big blind $0.1
*** HOLE CARDS ***
Dealt to Hero [8h Jh]
Dealt to 198264d6 
Dealt to 5ef5889b 
Dealt to db9b23c4 
Dealt to 5d2522c8 
Dealt to 744ecf52 
Hero: folds
198264d6: raises $0.15 to $0.25
5ef5889b: raises $0.49 to $0.74
db9b23c4: folds
5d2522c8: raises $0.43 to $1.17 and is all-in
744ecf52: folds
198264d6: calls $0.92
5ef5889b: calls $0.43
*** FLOP *** [7h 8s 9d]
198264d6: bets $8.83 and is all-in
5ef5889b: calls $8.83 and is all-in
198264d6: shows [Ts Th] (Pair of Tens)
5ef5889b: shows [Ks Kd] (Pair of Kings)
5d2522c8: shows [Qs Qh] (Pair of Queens)
*** TURN *** [7h 8s 9d] [9h]
*** RIVER *** [7h 8s 9d 9h] [6d]
*** SHOWDOWN ***
198264d6 collected $3.44 from pot
198264d6 collected $16.74 from pot
*** SUMMARY ***
Total pot $21.27 | Rake $0.99 | Jackpot $0.1 | Bingo $0 | Fortune $0 | Tax $0
Board [7h 8s 9d 9h 6d]
Seat 1: Hero folded before Flop (didn't bet)
Seat 2: 198264d6 showed [Ts Th] and won ($20.18) with Tens-High Straight
Seat 3: 5ef5889b showed [Ks Kd] and lost with Pair of Kings and Pair of Nines
Seat 4: db9b23c4 (button) folded before Flop (didn't bet)
Seat 5: 5d2522c8 (small blind) showed [Qs Qh] and lost with Pair of Queens and Pair of Nines
Seat 6: 744ecf52 (big blind) folded before Flop


Poker Hand #HD1826825839: Hold'em No Limit ($0.05/$0.1) - 2024/06/22 18:27:28
Table 'NLHRed14' 6-max Seat #3 is the button
Seat 1: Hero ($12.92 in chips)
Seat 2: 198264d6 ($10 in chips)
Seat 3: 5ef5889b ($10 in chips)
Seat 4: db9b23c4 ($17.58 in chips)
Seat 5: 5d2522c8 ($1.12 in chips)
Seat 6: 744ecf52 ($14.2 in chips)
db9b23c4: posts small blind $0.05
5d2522c8: posts big blind $0.1
*** HOLE CARDS ***
Dealt to Hero [2h 7d]
Dealt to 198264d6 
Dealt to 5ef5889b 
Dealt to db9b23c4 
Dealt to 5d2522c8 
Dealt to 744ecf52 
744ecf52: folds
Hero: folds
198264d6: folds
5ef5889b: folds
db9b23c4: folds
Uncalled bet ($0.05) returned to 5d2522c8
*** SHOWDOWN ***
5d2522c8 collected $0.1 from pot
*** SUMMARY ***
Total pot $0.1 | Rake $0 | Jackpot $0 | Bingo $0 | Fortune $0 | Tax $0
Seat 1: Hero folded before Flop (didn't bet)
Seat 2: 198264d6 folded before Flop (didn't bet)
Seat 3: 5ef5889b (button) folded before Flop (didn't bet)
Seat 4: db9b23c4 (small blind) folded before Flop
Seat 5: 5d2522c8 (big blind) collected ($0.1)
Seat 6: 744ecf52 folded before Flop (didn't bet)


Poker Hand #HD1826825747: Hold'em No Limit ($0.05/$0.1) - 2024/06/22 18:26:45
Table 'NLHRed14' 6-max Seat #2 is the button
Seat 1: Hero ($12.92 in chips)
Seat 2: 198264d6 ($10 in chips)
Seat 3: 5ef5889b ($10 in chips)
Seat 4: db9b23c4 ($17.68 in chips)
Seat 5: 5d2522c8 ($1.57 in chips)
Seat 6: 744ecf52 ($13.65 in chips)
5ef5889b: posts small blind $0.05
db9b23c4: posts big blind $0.1
*** HOLE CARDS ***
Dealt to Hero [4h Th]
Dealt to 198264d6 
Dealt to 5ef5889b 
Dealt to db9b23c4 
Dealt to 5d2522c8 
Dealt to 744ecf52 
5d2522c8: calls $0.1
744ecf52: raises $0.35 to $0.45
Hero: folds
198264d6: folds
5ef5889b: folds
db9b23c4: folds
5d2522c8: calls $0.35
*** FLOP *** [Jh 8d 8s]
5d2522c8: checks
744ecf52: bets $1.05
5d2522c8: folds
Uncalled bet ($1.05) returned to 744ecf52
*** SHOWDOWN ***
744ecf52 collected $1 from pot
*** SUMMARY ***
Total pot $1.05 | Rake $0.05 | Jackpot $0 | Bingo $0 | Fortune $0 | Tax $0
Board [Jh 8d 8s]
Seat 1: Hero folded before Flop (didn't bet)
Seat 2: 198264d6 (button) folded before Flop (didn't bet)
Seat 3: 5ef5889b (small blind) folded before Flop
Seat 4: db9b23c4 (big blind) folded before Flop
Seat 5: 5d2522c8 folded on the Flop
Seat 6: 744ecf52 won ($1)


Poker Hand #HD1826825670: Hold'em No Limit ($0.05/$0.1) - 2024/06/22 18:26:13
Table 'NLHRed14' 6-max Seat #1 is the button
Seat 1: Hero ($12.92 in chips)
Seat 2: 198264d6 ($10 in chips)
Seat 3: 5ef5889b ($10 in chips)
Seat 4: db9b23c4 ($17.68 in chips)
Seat 5: 5d2522c8 ($1.43 in chips)
Seat 6: 744ecf52 ($13.65 in chips)
198264d6: posts small blind $0.05
5ef5889b: posts big blind $0.1
*** HOLE CARDS ***
Dealt to Hero [4s 5d]
Dealt to 198264d6 
Dealt to 5ef5889b 
Dealt to db9b23c4 
Dealt to 5d2522c8 
Dealt to 744ecf52 
db9b23c4: folds
5d2522c8: calls $0.1
744ecf52: folds
Hero: folds
198264d6: folds
5ef5889b: checks
*** FLOP *** [6c Js Ac]
5ef5889b: checks
5d2522c8: bets $0.1
5ef5889b: folds
Uncalled bet ($0.1) returned to 5d2522c8
*** SHOWDOWN ***
5d2522c8 collected $0.24 from pot
*** SUMMARY ***
Total pot $0.25 | Rake $0.01 | Jackpot $0 | Bingo $0 | Fortune $0 | Tax $0
Board [6c Js Ac]
Seat 1: Hero (button) folded before Flop (didn't bet)
Seat 2: 198264d6 (small blind) folded before Flop
Seat 3: 5ef5889b (big blind) folded on the Flop
Seat 4: db9b23c4 folded before Flop (didn't bet)
Seat 5: 5d2522c8 won ($0.24)
Seat 6: 744ecf52 folded before Flop (didn't bet)


Poker Hand #HD1826705526: Hold'em No Limit ($0.05/$0.1) - 2024/06/22 18:25:06
Table 'NLHRed14' 6-max Seat #6 is the button
Seat 1: Hero ($12.97 in chips)
Seat 2: 198264d6 ($10 in chips)
Seat 3: 5ef5889b ($10 in chips)
Seat 4: db9b23c4 ($17.68 in chips)
Seat 5: 5d2522c8 ($1.29 in chips)
Seat 6: 744ecf52 ($13.65 in chips)
Hero: posts small blind $0.05
198264d6: posts big blind $0.1
*** HOLE CARDS ***
Dealt to Hero [8s Ad]
Dealt to 198264d6 
Dealt to 5ef5889b 
Dealt to db9b23c4 
Dealt to 5d2522c8 
Dealt to 744ecf52 
5ef5889b: folds
db9b23c4: folds
5d2522c8: calls $0.1
744ecf52: folds
Hero: folds
198264d6: checks
*** FLOP *** [3d 2d 5d]
198264d6: checks
5d2522c8: bets $0.1
198264d6: folds
Uncalled bet ($0.1) returned to 5d2522c8
*** SHOWDOWN ***
5d2522c8 collected $0.24 from pot
*** SUMMARY ***
Total pot $0.25 | Rake $0.01 | Jackpot $0 | Bingo $0 | Fortune $0 | Tax $0
Board [3d 2d 5d]
Seat 1: Hero (small blind) folded before Flop
Seat 2: 198264d6 (big blind) folded on the Flop
Seat 3: 5ef5889b folded before Flop (didn't bet)
Seat 4: db9b23c4 folded before Flop (didn't bet)
Seat 5: 5d2522c8 won ($0.24)
Seat 6: 744ecf52 (button) folded before Flop (didn't bet)


Poker Hand #HD1826705442: Hold'em No Limit ($0.05/$0.1) - 2024/06/22 18:24:18
Table 'NLHRed14' 6-max Seat #5 is the button
Seat 1: Hero ($12.83 in chips)
Seat 2: 198264d6 ($10 in chips)
Seat 3: 5ef5889b ($10 in chips)
Seat 4: db9b23c4 ($17.68 in chips)
Seat 5: 5d2522c8 ($1.39 in chips)
Seat 6: 744ecf52 ($13.7 in chips)
744ecf52: posts small blind $0.05
Hero: posts big blind $0.1
*** HOLE CARDS ***
Dealt to Hero [2s 8h]
Dealt to 198264d6 
Dealt to 5ef5889b 
Dealt to db9b23c4 
Dealt to 5d2522c8 
Dealt to 744ecf52 
198264d6: folds
5ef5889b: folds
db9b23c4: folds
5d2522c8: calls $0.1
744ecf52: folds
Hero: checks
*** FLOP *** [6h 4s 7d]
Hero: checks
5d2522c8: checks
*** TURN *** [6h 4s 7d] [2d]
Hero: checks
5d2522c8: checks
*** RIVER *** [6h 4s 7d 2d] [Jc]
Hero: checks
5d2522c8: checks
Hero: shows [2s 8h] (Pair of Twos)
5d2522c8: shows [5h Qh] (Queen-High)
*** SHOWDOWN ***
Hero collected $0.24 from pot
*** SUMMARY ***
Total pot $0.25 | Rake $0.01 | Jackpot $0 | Bingo $0 | Fortune $0 | Tax $0
Board [6h 4s 7d 2d Jc]
Seat 1: Hero (big blind) showed [2s 8h] and won ($0.24) with Pair of Twos
Seat 2: 198264d6 folded before Flop (didn't bet)
Seat 3: 5ef5889b folded before Flop (didn't bet)
Seat 4: db9b23c4 folded before Flop (didn't bet)
Seat 5: 5d2522c8 (button) showed [5h Qh] and lost with Queen-High
Seat 6: 744ecf52 (small blind) folded before Flop


Poker Hand #HD1826705339: Hold'em No Limit ($0.05/$0.1) - 2024/06/22 18:23:26
Table 'NLHRed14' 6-max Seat #4 is the button
Seat 1: Hero ($12.83 in chips)
Seat 2: 198264d6 ($10 in chips)
Seat 3: 5ef5889b ($10 in chips)
Seat 4: db9b23c4 ($17.68 in chips)
Seat 5: 5d2522c8 ($1.79 in chips)
Seat 6: 744ecf52 ($13.34 in chips)
5d2522c8: posts small blind $0.05
744ecf52: posts big blind $0.1
*** HOLE CARDS ***
Dealt to Hero [7c 9h]
Dealt to 198264d6 
Dealt to 5ef5889b 
Dealt to db9b23c4 
Dealt to 5d2522c8 
Dealt to 744ecf52 
Hero: folds
198264d6: folds
5ef5889b: folds
db9b23c4: folds
5d2522c8: calls $0.05
744ecf52: raises $0.2 to $0.3
5d2522c8: calls $0.2
*** FLOP *** [9s 2c Js]
5d2522c8: checks
744ecf52: checks
*** TURN *** [9s 2c Js] [9c]
5d2522c8: bets $0.1
744ecf52: calls $0.1
*** RIVER *** [9s 2c Js 9c] [Qh]
5d2522c8: checks
744ecf52: checks
5d2522c8: shows [3s 8s] (Pair of Nines)
744ecf52: shows [Kc 5c] (Pair of Nines)
*** SHOWDOWN ***
744ecf52 collected $0.76 from pot
*** SUMMARY ***
Total pot $0.8 | Rake $0.04 | Jackpot $0 | Bingo $0 | Fortune $0 | Tax $0
Board [9s 2c Js 9c Qh]
Seat 1: Hero folded before Flop (didn't bet)
Seat 2: 198264d6 folded before Flop (didn't bet)
Seat 3: 5ef5889b folded before Flop (didn't bet)
Seat 4: db9b23c4 (button) folded before Flop (didn't bet)
Seat 5: 5d2522c8 (small blind) showed [3s 8s] and lost with Pair of Nines
Seat 6: 744ecf52 (big blind) showed [Kc 5c] and won ($0.76) with Pair of Nines


Poker Hand #HD1826705310: Hold'em No Limit ($0.05/$0.1) - 2024/06/22 18:23:09
Table 'NLHRed14' 6-max Seat #3 is the button
Seat 1: Hero ($12.83 in chips)
Seat 2: 198264d6 ($10 in chips)
Seat 3: 5ef5889b ($10 in chips)
Seat 4: db9b23c4 ($17.73 in chips)
Seat 5: 5d2522c8 ($1.74 in chips)
Seat 6: 744ecf52 ($13.34 in chips)
db9b23c4: posts small blind $0.05
5d2522c8: posts big blind $0.1
*** HOLE CARDS ***
Dealt to Hero [2s 6s]
Dealt to 198264d6 
Dealt to 5ef5889b 
Dealt to db9b23c4 
Dealt to 5d2522c8 
Dealt to 744ecf52 
744ecf52: folds
Hero: folds
198264d6: folds
5ef5889b: folds
db9b23c4: folds
Uncalled bet ($0.05) returned to 5d2522c8
*** SHOWDOWN ***
5d2522c8 collected $0.1 from pot
*** SUMMARY ***
Total pot $0.1 | Rake $0 | Jackpot $0 | Bingo $0 | Fortune $0 | Tax $0
Seat 1: Hero folded before Flop (didn't bet)
Seat 2: 198264d6 folded before Flop (didn't bet)
Seat 3: 5ef5889b (button) folded before Flop (didn't bet)
Seat 4: db9b23c4 (small blind) folded before Flop
Seat 5: 5d2522c8 (big blind) collected ($0.1)
Seat 6: 744ecf52 folded before Flop (didn't bet)


Poker Hand #HD1826705217: Hold'em No Limit ($0.05/$0.1) - 2024/06/22 18:22:25
Table 'NLHRed14' 6-max Seat #2 is the button
Seat 1: Hero ($12.83 in chips)
Seat 2: 198264d6 ($10 in chips)
Seat 3: 5ef5889b ($10 in chips)
Seat 4: db9b23c4 ($17.32 in chips)
Seat 5: 5d2522c8 ($2.14 in chips)
Seat 6: 744ecf52 ($13.34 in chips)
5ef5889b: posts small blind $0.05
db9b23c4: posts big blind $0.1
*** HOLE CARDS ***
Dealt to Hero [6s Qd]
Dealt to 198264d6 
Dealt to 5ef5889b 
Dealt to db9b23c4 
Dealt to 5d2522c8 
Dealt to 744ecf52 
5d2522c8: calls $0.1
744ecf52: folds
Hero: folds
198264d6: folds
5ef5889b: folds
db9b23c4: checks
*** FLOP *** [3s 6h Kh]
db9b23c4: checks
5d2522c8: checks
*** TURN *** [3s 6h Kh] [4d]
db9b23c4: checks
5d2522c8: checks
*** RIVER *** [3s 6h Kh 4d] [7h]
db9b23c4: bets $0.3
5d2522c8: calls $0.3
db9b23c4: shows [Qh 4h] (King High Flush)
5d2522c8: shows [8c 8h] (Pair of Eights)
*** SHOWDOWN ***
db9b23c4 collected $0.81 from pot
*** SUMMARY ***
Total pot $0.85 | Rake $0.04 | Jackpot $0 | Bingo $0 | Fortune $0 | Tax $0
Board [3s 6h Kh 4d 7h]
Seat 1: Hero folded before Flop (didn't bet)
Seat 2: 198264d6 (button) folded before Flop (didn't bet)
Seat 3: 5ef5889b (small blind) folded before Flop
Seat 4: db9b23c4 (big blind) showed [Qh 4h] and won ($0.81) with King High Flush
Seat 5: 5d2522c8 showed [8c 8h] and lost with Pair of Eights
Seat 6: 744ecf52 folded before Flop (didn't bet)


Poker Hand #HD1826705163: Hold'em No Limit ($0.05/$0.1) - 2024/06/22 18:21:54
Table 'NLHRed14' 6-max Seat #1 is the button
Seat 1: Hero ($12.83 in chips)
Seat 2: 198264d6 ($10 in chips)
Seat 3: 5ef5889b ($10 in chips)
Seat 4: db9b23c4 ($17.32 in chips)
Seat 5: 5d2522c8 ($2 in chips)
Seat 6: 744ecf52 ($13.34 in chips)
198264d6: posts small blind $0.05
5ef5889b: posts big blind $0.1
*** HOLE CARDS ***
Dealt to Hero [Ts 4h]
Dealt to 198264d6 
Dealt to 5ef5889b 
Dealt to db9b23c4 
Dealt to 5d2522c8 
Dealt to 744ecf52 
db9b23c4: folds
5d2522c8: calls $0.1
744ecf52: folds
Hero: folds
198264d6: folds
5ef5889b: checks
*** FLOP *** [Jd 9c 3c]
5ef5889b: checks
5d2522c8: bets $0.1
5ef5889b: folds
Uncalled bet ($0.1) returned to 5d2522c8
*** SHOWDOWN ***
5d2522c8 collected $0.24 from pot
*** SUMMARY ***
Total pot $0.25 | Rake $0.01 | Jackpot $0 | Bingo $0 | Fortune $0 | Tax $0
Board [Jd 9c 3c]
Seat 1: Hero (button) folded before Flop (didn't bet)
Seat 2: 198264d6 (small blind) folded before Flop
Seat 3: 5ef5889b (big blind) folded on the Flop
Seat 4: db9b23c4 folded before Flop (didn't bet)
Seat 5: 5d2522c8 won ($0.24)
Seat 6: 744ecf52 folded before Flop (didn't bet)


Poker Hand #HD1826704917: Hold'em No Limit ($0.05/$0.1) - 2024/06/22 18:19:43
Table 'NLHRed14' 6-max Seat #6 is the button
Seat 1: Hero ($12.88 in chips)
Seat 2: 198264d6 ($10 in chips)
Seat 3: 5ef5889b ($10 in chips)
Seat 4: db9b23c4 ($17.32 in chips)
Seat 6: 744ecf52 ($8.81 in chips)
Hero: posts small blind $0.05
198264d6: posts big blind $0.1
*** HOLE CARDS ***
Dealt to Hero [2d 9c]
Dealt to 198264d6 
Dealt to 5ef5889b 
Dealt to db9b23c4 
Dealt to 744ecf52 
5ef5889b: raises $0.15 to $0.25
db9b23c4: folds
744ecf52: raises $0.65 to $0.9
Hero: folds
198264d6: folds
5ef5889b: calls $0.65
*** FLOP *** [9h Th 7s]
5ef5889b: checks
744ecf52: bets $0.65
5ef5889b: calls $0.65
*** TURN *** [9h Th 7s] [4s]
5ef5889b: bets $0.55
744ecf52: raises $2.18 to $2.73
5ef5889b: calls $2.18
*** RIVER *** [9h Th 7s 4s] [Jc]
5ef5889b: bets $0.7
744ecf52: raises $3.83 to $4.53 and is all-in
5ef5889b: folds
Uncalled bet ($3.83) returned to 744ecf52
*** SHOWDOWN ***
744ecf52 collected $9.51 from pot
*** SUMMARY ***
Total pot $10.11 | Rake $0.5 | Jackpot $0.1 | Bingo $0 | Fortune $0 | Tax $0
Board [9h Th 7s 4s Jc]
Seat 1: Hero (small blind) folded before Flop
Seat 2: 198264d6 (big blind) folded before Flop
Seat 3: 5ef5889b folded on the River
Seat 4: db9b23c4 folded before Flop (didn't bet)
Seat 6: 744ecf52 (button) won ($9.51)


Poker Hand #HD1826704783: Hold'em No Limit ($0.05/$0.1) - 2024/06/22 18:18:36
Table 'NLHRed14' 6-max Seat #4 is the button
Seat 1: Hero ($13.18 in chips)
Seat 2: 198264d6 ($10 in chips)
Seat 3: 5ef5889b ($10 in chips)
Seat 4: db9b23c4 ($17.32 in chips)
Seat 5: 5d2522c8 ($2.25 in chips)
Seat 6: 744ecf52 ($6.59 in chips)
5d2522c8: posts small blind $0.05
744ecf52: posts big blind $0.1
*** HOLE CARDS ***
Dealt to Hero [Ah 4h]
Dealt to 198264d6 
Dealt to 5ef5889b 
Dealt to db9b23c4 
Dealt to 5d2522c8 
Dealt to 744ecf52 
Hero: raises $0.1 to $0.2
198264d6: folds
5ef5889b: folds
db9b23c4: folds
5d2522c8: calls $0.15
744ecf52: calls $0.1
*** FLOP *** [8h Qd 3d]
5d2522c8: bets $0.1
744ecf52: calls $0.1
Hero: calls $0.1
*** TURN *** [8h Qd 3d] [Qc]
5d2522c8: checks
744ecf52: checks
Hero: checks
*** RIVER *** [8h Qd 3d Qc] [6d]
5d2522c8: bets $0.8
744ecf52: raises $2.5 to $3.3
Hero: folds
5d2522c8: calls $1.15 and is all-in
Uncalled bet ($1.35) returned to 744ecf52
744ecf52: shows [Kd Td] (King High Flush)
5d2522c8: shows [Qh Jd] (Three Queens)
*** SHOWDOWN ***
744ecf52 collected $4.47 from pot
*** SUMMARY ***
Total pot $4.8 | Rake $0.23 | Jackpot $0.1 | Bingo $0 | Fortune $0 | Tax $0
Board [8h Qd 3d Qc 6d]
Seat 1: Hero folded on the River
Seat 2: 198264d6 folded before Flop (didn't bet)
Seat 3: 5ef5889b folded before Flop (didn't bet)
Seat 4: db9b23c4 (button) folded before Flop (didn't bet)
Seat 5: 5d2522c8 (small blind) showed [Qh Jd] and lost with Three Queens
Seat 6: 744ecf52 (big blind) showed [Kd Td] and won ($4.47) with King High Flush


Poker Hand #HD1826704752: Hold'em No Limit ($0.05/$0.1) - 2024/06/22 18:18:19
Table 'NLHRed14' 6-max Seat #3 is the button
Seat 1: Hero ($13.18 in chips)
Seat 2: 198264d6 ($10 in chips)
Seat 3: 5ef5889b ($10 in chips)
Seat 4: db9b23c4 ($17.37 in chips)
Seat 5: 5d2522c8 ($2.2 in chips)
Seat 6: 744ecf52 ($6.59 in chips)
db9b23c4: posts small blind $0.05
5d2522c8: posts big blind $0.1
*** HOLE CARDS ***
Dealt to Hero [Js 2d]
Dealt to 198264d6 
Dealt to 5ef5889b 
Dealt to db9b23c4 
Dealt to 5d2522c8 
Dealt to 744ecf52 
744ecf52: folds
Hero: folds
198264d6: folds
5ef5889b: folds
db9b23c4: folds
Uncalled bet ($0.05) returned to 5d2522c8
*** SHOWDOWN ***
5d2522c8 collected $0.1 from pot
*** SUMMARY ***
Total pot $0.1 | Rake $0 | Jackpot $0 | Bingo $0 | Fortune $0 | Tax $0
Seat 1: Hero folded before Flop (didn't bet)
Seat 2: 198264d6 folded before Flop (didn't bet)
Seat 3: 5ef5889b (button) folded before Flop (didn't bet)
Seat 4: db9b23c4 (small blind) folded before Flop
Seat 5: 5d2522c8 (big blind) collected ($0.1)
Seat 6: 744ecf52 folded before Flop (didn't bet)


Poker Hand #HD1826704588: Hold'em No Limit ($0.05/$0.1) - 2024/06/22 18:17:02
Table 'NLHRed14' 6-max Seat #2 is the button
Seat 1: Hero ($13.18 in chips)
Seat 2: 198264d6 ($10 in chips)
Seat 3: 5ef5889b ($10.03 in chips)
Seat 4: db9b23c4 ($17.47 in chips)
Seat 5: 5d2522c8 ($1.08 in chips)
Seat 6: 744ecf52 ($7.67 in chips)
5ef5889b: posts small blind $0.05
db9b23c4: posts big blind $0.1
*** HOLE CARDS ***
Dealt to Hero [Kd 5d]
Dealt to 198264d6 
Dealt to 5ef5889b 
Dealt to db9b23c4 
Dealt to 5d2522c8 
Dealt to 744ecf52 
5d2522c8: calls $0.1
744ecf52: calls $0.1
Hero: folds
198264d6: folds
5ef5889b: folds
db9b23c4: checks
*** FLOP *** [Qs Qd 4s]
db9b23c4: checks
5d2522c8: bets $0.1
744ecf52: raises $0.28 to $0.38
db9b23c4: folds
5d2522c8: calls $0.28
*** TURN *** [Qs Qd 4s] [4h]
5d2522c8: bets $0.1
744ecf52: raises $1.31 to $1.41
5d2522c8: calls $0.5 and is all-in
Uncalled bet ($0.81) returned to 744ecf52
744ecf52: shows [7d As] (Pair of Queens and Pair of Fours)
5d2522c8: shows [4d 9d] (Fours Full over Queens)
*** RIVER *** [Qs Qd 4s 4h] [Ks]
*** SHOWDOWN ***
5d2522c8 collected $2.2 from pot
*** SUMMARY ***
Total pot $2.31 | Rake $0.11 | Jackpot $0 | Bingo $0 | Fortune $0 | Tax $0
Board [Qs Qd 4s 4h Ks]
Seat 1: Hero folded before Flop (didn't bet)
Seat 2: 198264d6 (button) folded before Flop (didn't bet)
Seat 3: 5ef5889b (small blind) folded before Flop
Seat 4: db9b23c4 (big blind) folded on the Flop
Seat 5: 5d2522c8 showed [4d 9d] and won ($2.2) with Fours Full over Queens
Seat 6: 744ecf52 showed [7d As] and lost with Pair of Queens and Pair of Fours


Poker Hand #HD1826704389: Hold'em No Limit ($0.05/$0.1) - 2024/06/22 18:15:21
Table 'NLHRed14' 6-max Seat #1 is the button
Seat 1: Hero ($13.18 in chips)
Seat 2: 198264d6 ($10.05 in chips)
Seat 3: 5ef5889b ($10.25 in chips)
Seat 4: db9b23c4 ($16.33 in chips)
Seat 5: 5d2522c8 ($2.06 in chips)
Seat 6: 744ecf52 ($7.67 in chips)
198264d6: posts small blind $0.05
5ef5889b: posts big blind $0.1
*** HOLE CARDS ***
Dealt to Hero [Jc 6c]
Dealt to 198264d6 
Dealt to 5ef5889b 
Dealt to db9b23c4 
Dealt to 5d2522c8 
Dealt to 744ecf52 
db9b23c4: raises $0.12 to $0.22
5d2522c8: calls $0.22
744ecf52: folds
Hero: folds
198264d6: folds
5ef5889b: calls $0.12
*** FLOP *** [8c 8h 4c]
5ef5889b: checks
db9b23c4: bets $0.16
5d2522c8: calls $0.16
5ef5889b: folds
*** TURN *** [8c 8h 4c] [8s]
db9b23c4: checks
5d2522c8: bets $0.2
db9b23c4: raises $0.4 to $0.6
5d2522c8: calls $0.4
*** RIVER *** [8c 8h 4c 8s] [7d]
db9b23c4: bets $1.23
5d2522c8: folds
Uncalled bet ($1.23) returned to db9b23c4
*** SHOWDOWN ***
db9b23c4 collected $2.12 from pot
*** SUMMARY ***
Total pot $2.23 | Rake $0.11 | Jackpot $0 | Bingo $0 | Fortune $0 | Tax $0
Board [8c 8h 4c 8s 7d]
Seat 1: Hero (button) folded before Flop (didn't bet)
Seat 2: 198264d6 (small blind) folded before Flop
Seat 3: 5ef5889b (big blind) folded on the Flop
Seat 4: db9b23c4 won ($2.12)
Seat 5: 5d2522c8 folded on the River
Seat 6: 744ecf52 folded before Flop (didn't bet)


Poker Hand #HD1826704270: Hold'em No Limit ($0.05/$0.1) - 2024/06/22 18:14:22
Table 'NLHRed14' 6-max Seat #6 is the button
Seat 1: Hero ($13.23 in chips)
Seat 2: 198264d6 ($10.15 in chips)
Seat 3: 5ef5889b ($10.25 in chips)
Seat 4: db9b23c4 ($16.33 in chips)
Seat 5: 5d2522c8 ($2.51 in chips)
Seat 6: 744ecf52 ($7.12 in chips)
Hero: posts small blind $0.05
198264d6: posts big blind $0.1
*** HOLE CARDS ***
Dealt to Hero [8h 6h]
Dealt to 198264d6 
Dealt to 5ef5889b 
Dealt to db9b23c4 
Dealt to 5d2522c8 
Dealt to 744ecf52 
5ef5889b: folds
db9b23c4: folds
5d2522c8: calls $0.1
744ecf52: raises $0.35 to $0.45
Hero: folds
198264d6: folds
5d2522c8: calls $0.35
*** FLOP *** [7h 8d Ac]
5d2522c8: checks
744ecf52: checks
*** TURN *** [7h 8d Ac] [2d]
5d2522c8: checks
744ecf52: bets $1.05
5d2522c8: folds
Uncalled bet ($1.05) returned to 744ecf52
*** SHOWDOWN ***
744ecf52 collected $1 from pot
*** SUMMARY ***
Total pot $1.05 | Rake $0.05 | Jackpot $0 | Bingo $0 | Fortune $0 | Tax $0
Board [7h 8d Ac 2d]
Seat 1: Hero (small blind) folded before Flop
Seat 2: 198264d6 (big blind) folded before Flop
Seat 3: 5ef5889b folded before Flop (didn't bet)
Seat 4: db9b23c4 folded before Flop (didn't bet)
Seat 5: 5d2522c8 folded on the Turn
Seat 6: 744ecf52 (button) won ($1)


Poker Hand #HD1826704154: Hold'em No Limit ($0.05/$0.1) - 2024/06/22 18:13:15
Table 'NLHRed14' 6-max Seat #5 is the button
Seat 1: Hero ($13.33 in chips)
Seat 2: 198264d6 ($10.15 in chips)
Seat 3: 5ef5889b ($10.25 in chips)
Seat 4: db9b23c4 ($16.55 in chips)
Seat 5: 5d2522c8 ($2.17 in chips)
Seat 6: 744ecf52 ($7.17 in chips)
744ecf52: posts small blind $0.05
Hero: posts big blind $0.1
*** HOLE CARDS ***
Dealt to Hero [4d 2d]
Dealt to 198264d6 
Dealt to 5ef5889b 
Dealt to db9b23c4 
Dealt to 5d2522c8 
Dealt to 744ecf52 
198264d6: folds
5ef5889b: folds
db9b23c4: raises $0.12 to $0.22
5d2522c8: calls $0.22
744ecf52: folds
Hero: folds
*** FLOP *** [2c 2s 8c]
db9b23c4: checks
5d2522c8: bets $0.1
db9b23c4: folds
Uncalled bet ($0.1) returned to 5d2522c8
*** SHOWDOWN ***
5d2522c8 collected $0.56 from pot
*** SUMMARY ***
Total pot $0.59 | Rake $0.03 | Jackpot $0 | Bingo $0 | Fortune $0 | Tax $0
Board [2c 2s 8c]
Seat 1: Hero (big blind) folded before Flop
Seat 2: 198264d6 folded before Flop (didn't bet)
Seat 3: 5ef5889b folded before Flop (didn't bet)
Seat 4: db9b23c4 folded on the Flop
Seat 5: 5d2522c8 (button) won ($0.56)
Seat 6: 744ecf52 (small blind) folded before Flop


Poker Hand #HD1826704000: Hold'em No Limit ($0.05/$0.1) - 2024/06/22 18:11:55
Table 'NLHRed14' 6-max Seat #4 is the button
Seat 1: Hero ($13.33 in chips)
Seat 2: 198264d6 ($10.15 in chips)
Seat 3: 5ef5889b ($10.55 in chips)
Seat 4: db9b23c4 ($16.55 in chips)
Seat 5: 5d2522c8 ($0.99 in chips)
Seat 6: 744ecf52 ($8.16 in chips)
5d2522c8: posts small blind $0.05
744ecf52: posts big blind $0.1
*** HOLE CARDS ***
Dealt to Hero [Kd 8s]
Dealt to 198264d6 
Dealt to 5ef5889b 
Dealt to db9b23c4 
Dealt to 5d2522c8 
Dealt to 744ecf52 
Hero: folds
198264d6: folds
5ef5889b: raises $0.2 to $0.3
db9b23c4: folds
5d2522c8: raises $0.69 to $0.99 and is all-in
744ecf52: calls $0.89
5ef5889b: folds
5d2522c8: shows [9h 9c]
744ecf52: shows [As Qs]
*** FLOP *** [2h 2d 9s]
*** TURN *** [2h 2d 9s] [5s]
*** RIVER *** [2h 2d 9s 5s] [Jc]
*** SHOWDOWN ***
5d2522c8 collected $2.17 from pot
*** SUMMARY ***
Total pot $2.28 | Rake $0.11 | Jackpot $0 | Bingo $0 | Fortune $0 | Tax $0
Board [2h 2d 9s 5s Jc]
Seat 1: Hero folded before Flop (didn't bet)
Seat 2: 198264d6 folded before Flop (didn't bet)
Seat 3: 5ef5889b folded before Flop
Seat 4: db9b23c4 (button) folded before Flop (didn't bet)
Seat 5: 5d2522c8 (small blind) showed [9h 9c] and won ($2.17) with Nines Full over Twos
Seat 6: 744ecf52 (big blind) showed [As Qs] and lost with Pair of Twos


Poker Hand #HD1826703942: Hold'em No Limit ($0.05/$0.1) - 2024/06/22 18:11:26
Table 'NLHRed14' 6-max Seat #3 is the button
Seat 1: Hero ($13.33 in chips)
Seat 2: 198264d6 ($10 in chips)
Seat 3: 5ef5889b ($10.55 in chips)
Seat 4: db9b23c4 ($16.6 in chips)
Seat 5: 5d2522c8 ($1.09 in chips)
Seat 6: 744ecf52 ($8.16 in chips)
db9b23c4: posts small blind $0.05
5d2522c8: posts big blind $0.1
*** HOLE CARDS ***
Dealt to Hero [3d 2d]
Dealt to 198264d6 
Dealt to 5ef5889b 
Dealt to db9b23c4 
Dealt to 5d2522c8 
Dealt to 744ecf52 
744ecf52: folds
Hero: folds
198264d6: raises $0.15 to $0.25
5ef5889b: folds
db9b23c4: folds
5d2522c8: folds
Uncalled bet ($0.15) returned to 198264d6
*** SHOWDOWN ***
198264d6 collected $0.25 from pot
*** SUMMARY ***
Total pot $0.25 | Rake $0 | Jackpot $0 | Bingo $0 | Fortune $0 | Tax $0
Seat 1: Hero folded before Flop (didn't bet)
Seat 2: 198264d6 collected ($0.25)
Seat 3: 5ef5889b (button) folded before Flop (didn't bet)
Seat 4: db9b23c4 (small blind) folded before Flop
Seat 5: 5d2522c8 (big blind) folded before Flop
Seat 6: 744ecf52 folded before Flop (didn't bet)


Poker Hand #HD1826703844: Hold'em No Limit ($0.05/$0.1) - 2024/06/22 18:10:33
Table 'NLHRed14' 6-max Seat #2 is the button
Seat 1: Hero ($13.33 in chips)
Seat 2: 198264d6 ($10 in chips)
Seat 3: 5ef5889b ($10 in chips)
Seat 4: db9b23c4 ($16.7 in chips)
Seat 5: 5d2522c8 ($1.59 in chips)
Seat 6: 744ecf52 ($8.16 in chips)
5ef5889b: posts small blind $0.05
db9b23c4: posts big blind $0.1
*** HOLE CARDS ***
Dealt to Hero [As 2s]
Dealt to 198264d6 
Dealt to 5ef5889b 
Dealt to db9b23c4 
Dealt to 5d2522c8 
Dealt to 744ecf52 
5d2522c8: calls $0.1
744ecf52: folds
Hero: folds
198264d6: folds
5ef5889b: raises $0.3 to $0.4
db9b23c4: folds
5d2522c8: calls $0.3
*** FLOP *** [Jh 8c 7c]
5ef5889b: checks
5d2522c8: bets $0.1
5ef5889b: raises $1.65 to $1.75
5d2522c8: folds
Uncalled bet ($1.65) returned to 5ef5889b
*** SHOWDOWN ***
5ef5889b collected $1.05 from pot
*** SUMMARY ***
Total pot $1.1 | Rake $0.05 | Jackpot $0 | Bingo $0 | Fortune $0 | Tax $0
Board [Jh 8c 7c]
Seat 1: Hero folded before Flop (didn't bet)
Seat 2: 198264d6 (button) folded before Flop (didn't bet)
Seat 3: 5ef5889b (small blind) won ($1.05)
Seat 4: db9b23c4 (big blind) folded before Flop
Seat 5: 5d2522c8 folded on the Flop
Seat 6: 744ecf52 folded before Flop (didn't bet)


Poker Hand #HD1826703785: Hold'em No Limit ($0.05/$0.1) - 2024/06/22 18:10:01
Table 'NLHRed14' 6-max Seat #1 is the button
Seat 1: Hero ($13.33 in chips)
Seat 2: 198264d6 ($10 in chips)
Seat 3: 5ef5889b ($10 in chips)
Seat 4: db9b23c4 ($16.7 in chips)
Seat 5: 5d2522c8 ($1.45 in chips)
Seat 6: 744ecf52 ($8.16 in chips)
198264d6: posts small blind $0.05
5ef5889b: posts big blind $0.1
*** HOLE CARDS ***
Dealt to Hero [9h Ks]
Dealt to 198264d6 
Dealt to 5ef5889b 
Dealt to db9b23c4 
Dealt to 5d2522c8 
Dealt to 744ecf52 
db9b23c4: folds
5d2522c8: calls $0.1
744ecf52: folds
Hero: folds
198264d6: folds
5ef5889b: checks
*** FLOP *** [Td 5h 6c]
5ef5889b: checks
5d2522c8: checks
*** TURN *** [Td 5h 6c] [Js]
5ef5889b: checks
5d2522c8: bets $0.1
5ef5889b: folds
Uncalled bet ($0.1) returned to 5d2522c8
*** SHOWDOWN ***
5d2522c8 collected $0.24 from pot
*** SUMMARY ***
Total pot $0.25 | Rake $0.01 | Jackpot $0 | Bingo $0 | Fortune $0 | Tax $0
Board [Td 5h 6c Js]
Seat 1: Hero (button) folded before Flop (didn't bet)
Seat 2: 198264d6 (small blind) folded before Flop
Seat 3: 5ef5889b (big blind) folded on the Turn
Seat 4: db9b23c4 folded before Flop (didn't bet)
Seat 5: 5d2522c8 won ($0.24)
Seat 6: 744ecf52 folded before Flop (didn't bet)


Poker Hand #HD1826703639: Hold'em No Limit ($0.05/$0.1) - 2024/06/22 18:08:46
Table 'NLHRed14' 6-max Seat #6 is the button
Seat 1: Hero ($13.38 in chips)
Seat 2: 198264d6 ($10 in chips)
Seat 3: 5ef5889b ($10 in chips)
Seat 4: db9b23c4 ($16.7 in chips)
Seat 5: 5d2522c8 ($1.75 in chips)
Seat 6: 744ecf52 ($7.46 in chips)
Hero: posts small blind $0.05
198264d6: posts big blind $0.1
*** HOLE CARDS ***
Dealt to Hero [4s Jc]
Dealt to 198264d6 
Dealt to 5ef5889b 
Dealt to db9b23c4 
Dealt to 5d2522c8 
Dealt to 744ecf52 
5ef5889b: raises $0.2 to $0.3
db9b23c4: folds
5d2522c8: calls $0.3
744ecf52: calls $0.3
Hero: folds
198264d6: folds
*** FLOP *** [Td 6d Js]
5ef5889b: checks
5d2522c8: checks
744ecf52: checks
*** TURN *** [Td 6d Js] [7d]
5ef5889b: checks
5d2522c8: checks
744ecf52: bets $0.79
5ef5889b: folds
5d2522c8: folds
Uncalled bet ($0.79) returned to 744ecf52
*** SHOWDOWN ***
744ecf52 collected $1 from pot
*** SUMMARY ***
Total pot $1.05 | Rake $0.05 | Jackpot $0 | Bingo $0 | Fortune $0 | Tax $0
Board [Td 6d Js 7d]
Seat 1: Hero (small blind) folded before Flop
Seat 2: 198264d6 (big blind) folded before Flop
Seat 3: 5ef5889b folded on the Turn
Seat 4: db9b23c4 folded before Flop (didn't bet)
Seat 5: 5d2522c8 folded on the Turn
Seat 6: 744ecf52 (button) won ($1)


Poker Hand #HD1826703536: Hold'em No Limit ($0.05/$0.1) - 2024/06/22 18:07:54
Table 'NLHRed14' 6-max Seat #5 is the button
Seat 1: Hero ($13.15 in chips)
Seat 2: 2f4b3488 ($10.28 in chips)
Seat 3: 5ef5889b ($10 in chips)
Seat 4: db9b23c4 ($16.7 in chips)
Seat 5: 5d2522c8 ($1.95 in chips)
Seat 6: 744ecf52 ($7.51 in chips)
744ecf52: posts small blind $0.05
Hero: posts big blind $0.1
*** HOLE CARDS ***
Dealt to Hero [3c Jc]
Dealt to 2f4b3488 
Dealt to 5ef5889b 
Dealt to db9b23c4 
Dealt to 5d2522c8 
Dealt to 744ecf52 
2f4b3488: folds
5ef5889b: folds
db9b23c4: folds
5d2522c8: calls $0.1
744ecf52: folds
Hero: checks
*** FLOP *** [3s 7s Kc]
Hero: checks
5d2522c8: bets $0.1
Hero: calls $0.1
*** TURN *** [3s 7s Kc] [9s]
Hero: checks
5d2522c8: checks
*** RIVER *** [3s 7s Kc 9s] [Tc]
Hero: checks
5d2522c8: checks
Hero: shows [3c Jc] (Pair of Treys)
5d2522c8: shows [4h 2h] (King-High)
*** SHOWDOWN ***
Hero collected $0.43 from pot
*** SUMMARY ***
Total pot $0.45 | Rake $0.02 | Jackpot $0 | Bingo $0 | Fortune $0 | Tax $0
Board [3s 7s Kc 9s Tc]
Seat 1: Hero (big blind) showed [3c Jc] and won ($0.43) with Pair of Treys
Seat 2: 2f4b3488 folded before Flop (didn't bet)
Seat 3: 5ef5889b folded before Flop (didn't bet)
Seat 4: db9b23c4 folded before Flop (didn't bet)
Seat 5: 5d2522c8 (button) showed [4h 2h] and lost with King-High
Seat 6: 744ecf52 (small blind) folded before Flop


Poker Hand #HD1826703470: Hold'em No Limit ($0.05/$0.1) - 2024/06/22 18:07:17
Table 'NLHRed14' 6-max Seat #4 is the button
Seat 1: Hero ($12.2 in chips)
Seat 2: 2f4b3488 ($11.17 in chips)
Seat 3: 5ef5889b ($10 in chips)
Seat 4: db9b23c4 ($16.7 in chips)
Seat 5: 5d2522c8 ($2 in chips)
Seat 6: 744ecf52 ($7.61 in chips)
5d2522c8: posts small blind $0.05
744ecf52: posts big blind $0.1
*** HOLE CARDS ***
Dealt to Hero [Kc Kd]
Dealt to 2f4b3488 
Dealt to 5ef5889b 
Dealt to db9b23c4 
Dealt to 5d2522c8 
Dealt to 744ecf52 
Hero: raises $0.1 to $0.2
2f4b3488: raises $0.69 to $0.89
5ef5889b: folds
db9b23c4: folds
5d2522c8: folds
744ecf52: folds
Hero: raises $1.61 to $2.5
2f4b3488: folds
Uncalled bet ($1.61) returned to Hero
*** SHOWDOWN ***
Hero collected $1.84 from pot
*** SUMMARY ***
Total pot $1.93 | Rake $0.09 | Jackpot $0 | Bingo $0 | Fortune $0 | Tax $0
Seat 1: Hero collected ($1.84)
Seat 2: 2f4b3488 folded before Flop
Seat 3: 5ef5889b folded before Flop (didn't bet)
Seat 4: db9b23c4 (button) folded before Flop (didn't bet)
Seat 5: 5d2522c8 (small blind) folded before Flop
Seat 6: 744ecf52 (big blind) folded before Flop


Poker Hand #HD1826703440: Hold'em No Limit ($0.05/$0.1) - 2024/06/22 18:07:03
Table 'NLHRed14' 6-max Seat #3 is the button
Seat 1: Hero ($12.2 in chips)
Seat 2: 2f4b3488 ($11.17 in chips)
Seat 3: 5ef5889b ($10 in chips)
Seat 4: db9b23c4 ($16.75 in chips)
Seat 5: 5d2522c8 ($1.95 in chips)
Seat 6: 744ecf52 ($7.61 in chips)
db9b23c4: posts small blind $0.05
5d2522c8: posts big blind $0.1
*** HOLE CARDS ***
Dealt to Hero [5c 8s]
Dealt to 2f4b3488 
Dealt to 5ef5889b 
Dealt to db9b23c4 
Dealt to 5d2522c8 
Dealt to 744ecf52 
744ecf52: folds
Hero: folds
2f4b3488: folds
5ef5889b: folds
db9b23c4: folds
Uncalled bet ($0.05) returned to 5d2522c8
*** SHOWDOWN ***
5d2522c8 collected $0.1 from pot
*** SUMMARY ***
Total pot $0.1 | Rake $0 | Jackpot $0 | Bingo $0 | Fortune $0 | Tax $0
Seat 1: Hero folded before Flop (didn't bet)
Seat 2: 2f4b3488 folded before Flop (didn't bet)
Seat 3: 5ef5889b (button) folded before Flop (didn't bet)
Seat 4: db9b23c4 (small blind) folded before Flop
Seat 5: 5d2522c8 (big blind) collected ($0.1)
Seat 6: 744ecf52 folded before Flop (didn't bet)


Poker Hand #HD1826703276: Hold'em No Limit ($0.05/$0.1) - 2024/06/22 18:05:39
Table 'NLHRed14' 6-max Seat #2 is the button
Seat 1: Hero ($10 in chips)
Seat 2: 2f4b3488 ($11.17 in chips)
Seat 3: 5ef5889b ($10 in chips)
Seat 4: db9b23c4 ($16.85 in chips)
Seat 5: 5d2522c8 ($1.95 in chips)
Seat 6: 744ecf52 ($10 in chips)
5ef5889b: posts small blind $0.05
db9b23c4: posts big blind $0.1
*** HOLE CARDS ***
Dealt to Hero [5c Ac]
Dealt to 2f4b3488 
Dealt to 5ef5889b 
Dealt to db9b23c4 
Dealt to 5d2522c8 
Dealt to 744ecf52 
5d2522c8: folds
744ecf52: raises $0.2 to $0.3
Hero: calls $0.3
2f4b3488: folds
5ef5889b: folds
db9b23c4: folds
*** FLOP *** [2c 3c Tc]
744ecf52: bets $0.38
Hero: calls $0.38
*** TURN *** [2c 3c Tc] [Ts]
744ecf52: checks
Hero: bets $1
744ecf52: calls $1
*** RIVER *** [2c 3c Tc Ts] [4c]
744ecf52: checks
Hero: bets $0.71
744ecf52: calls $0.71
Hero: shows [5c Ac] (Five-High Straight Flush)
744ecf52: shows [Ad As] (Pair of Aces and Pair of Tens)
*** SHOWDOWN ***
Hero collected $4.59 from pot
*** SUMMARY ***
Total pot $4.93 | Rake $0.24 | Jackpot $0.1 | Bingo $0 | Fortune $0 | Tax $0
Board [2c 3c Tc Ts 4c]
Seat 1: Hero showed [5c Ac] and won ($4.59) with Five-High Straight Flush
Seat 2: 2f4b3488 (button) folded before Flop (didn't bet)
Seat 3: 5ef5889b (small blind) folded before Flop
Seat 4: db9b23c4 (big blind) folded before Flop
Seat 5: 5d2522c8 folded before Flop (didn't bet)
Seat 6: 744ecf52 showed [Ad As] and lost with Pair of Aces and Pair of Tens


Poker Hand #HD1826703218: Hold'em No Limit ($0.05/$0.1) - 2024/06/22 18:05:11
Table 'NLHRed14' 6-max Seat #1 is the button
Seat 1: Hero ($10 in chips)
Seat 2: 2f4b3488 ($10.98 in chips)
Seat 3: 5ef5889b ($10 in chips)
Seat 4: db9b23c4 ($16.85 in chips)
Seat 5: 5d2522c8 ($2.05 in chips)
Seat 6: 744ecf52 ($3.98 in chips)
2f4b3488: posts small blind $0.05
5ef5889b: posts big blind $0.1
*** HOLE CARDS ***
Dealt to Hero [Jh 4h]
Dealt to 2f4b3488 
Dealt to 5ef5889b 
Dealt to db9b23c4 
Dealt to 5d2522c8 
Dealt to 744ecf52 
db9b23c4: folds
5d2522c8: calls $0.1
744ecf52: folds
Hero: folds
2f4b3488: raises $0.58 to $0.68
5ef5889b: folds
5d2522c8: folds
Uncalled bet ($0.58) returned to 2f4b3488
*** SHOWDOWN ***
2f4b3488 collected $0.29 from pot
*** SUMMARY ***
Total pot $0.3 | Rake $0.01 | Jackpot $0 | Bingo $0 | Fortune $0 | Tax $0
Seat 1: Hero (button) folded before Flop (didn't bet)
Seat 2: 2f4b3488 (small blind) collected ($0.29)
Seat 3: 5ef5889b (big blind) folded before Flop
Seat 4: db9b23c4 folded before Flop (didn't bet)
Seat 5: 5d2522c8 folded before Flop
Seat 6: 744ecf52 folded before Flop (didn't bet)


Poker Hand #HD1826703030: Hold'em No Limit ($0.05/$0.1) - 2024/06/22 18:03:32
Table 'NLHRed14' 6-max Seat #6 is the button
Seat 1: Hero ($10 in chips)
Seat 2: 2f4b3488 ($11.2 in chips)
Seat 3: 48a325e2 ($10 in chips)
Seat 4: db9b23c4 ($17.07 in chips)
Seat 5: 5d2522c8 ($1.87 in chips)
Seat 6: 744ecf52 ($3.8 in chips)
Hero: posts small blind $0.05
2f4b3488: posts big blind $0.1
*** HOLE CARDS ***
Dealt to Hero [Td Jd]
Dealt to 2f4b3488 
Dealt to 48a325e2 
Dealt to db9b23c4 
Dealt to 5d2522c8 
Dealt to 744ecf52 
48a325e2: folds
db9b23c4: raises $0.12 to $0.22
5d2522c8: calls $0.22
744ecf52: calls $0.22
Hero: calls $0.17
2f4b3488: calls $0.12
*** FLOP *** [Qh Ks 3s]
Hero: checks
2f4b3488: checks
db9b23c4: checks
5d2522c8: bets $0.1
744ecf52: raises $1.3 to $1.4
Hero: folds
2f4b3488: folds
db9b23c4: folds
5d2522c8: calls $1.3
*** TURN *** [Qh Ks 3s] [5s]
5d2522c8: bets $0.25 and is all-in
744ecf52: calls $0.25
5d2522c8: shows [8h Kh] (Pair of Kings)
744ecf52: shows [8c Kc] (Pair of Kings)
*** RIVER *** [Qh Ks 3s 5s] [4s]
*** SHOWDOWN ***
5d2522c8 collected $2.05 from pot
744ecf52 collected $2.05 from pot
*** SUMMARY ***
Total pot $4.4 | Rake $0.2 | Jackpot $0.1 | Bingo $0 | Fortune $0 | Tax $0
Board [Qh Ks 3s 5s 4s]
Seat 1: Hero (small blind) folded on the Flop
Seat 2: 2f4b3488 (big blind) folded on the Flop
Seat 3: 48a325e2 folded before Flop (didn't bet)
Seat 4: db9b23c4 folded on the Flop
Seat 5: 5d2522c8 showed [8h Kh] and won ($2.05) with Pair of Kings
Seat 6: 744ecf52 (button) showed [8c Kc] and won ($2.05) with Pair of Kings


Poker Hand #HD1826702764: Hold'em No Limit ($0.05/$0.1) - 2024/06/22 18:01:07
Table 'NLHRed14' 6-max Seat #5 is the button
Seat 1: Hero ($10 in chips)
Seat 2: 2f4b3488 ($11.2 in chips)
Seat 3: 48a325e2 ($12.61 in chips)
Seat 4: db9b23c4 ($11.98 in chips)
Seat 5: 5d2522c8 ($1.87 in chips)
Seat 6: 744ecf52 ($6.55 in chips)
744ecf52: posts small blind $0.05
Hero: posts big blind $0.1
*** HOLE CARDS ***
Dealt to Hero [2c Ks]
Dealt to 2f4b3488 
Dealt to 48a325e2 
Dealt to db9b23c4 
Dealt to 5d2522c8 
Dealt to 744ecf52 
2f4b3488: folds
48a325e2: raises $0.15 to $0.25
db9b23c4: calls $0.25
5d2522c8: folds
744ecf52: calls $0.2
Hero: folds
*** FLOP *** [Jd Ah 6d]
744ecf52: checks
48a325e2: bets $0.5
db9b23c4: calls $0.5
744ecf52: calls $0.5
*** TURN *** [Jd Ah 6d] [7s]
744ecf52: checks
48a325e2: bets $0.75
db9b23c4: raises $1.25 to $2
744ecf52: calls $2
48a325e2: calls $1.25
*** RIVER *** [Jd Ah 6d 7s] [4s]
744ecf52: checks
48a325e2: checks
db9b23c4: bets $3.9
744ecf52: folds
48a325e2: folds
Uncalled bet ($3.9) returned to db9b23c4
*** SHOWDOWN ***
db9b23c4 collected $7.84 from pot
*** SUMMARY ***
Total pot $8.35 | Rake $0.41 | Jackpot $0.1 | Bingo $0 | Fortune $0 | Tax $0
Board [Jd Ah 6d 7s 4s]
Seat 1: Hero (big blind) folded before Flop
Seat 2: 2f4b3488 folded before Flop (didn't bet)
Seat 3: 48a325e2 folded on the River
Seat 4: db9b23c4 won ($7.84)
Seat 5: 5d2522c8 (button) folded before Flop (didn't bet)
Seat 6: 744ecf52 (small blind) folded on the River


