Poker Hand #HD1834040894: Hold'em No Limit ($0.05/$0.1) - 2024/06/27 21:33:29
Table 'NLHRed92' 6-max Seat #3 is the button
Seat 2: 1242eb61 ($9.95 in chips)
Seat 3: Hero ($10.68 in chips)
Hero: posts small blind $0.05
1242eb61: posts big blind $0.1
*** HOLE CARDS ***
Dealt to 1242eb61 
Dealt to Hero [7s Ts]
Hero: calls $0.05
1242eb61: raises $0.3 to $0.4
Hero: folds
Uncalled bet ($0.3) returned to 1242eb61
*** SHOWDOWN ***
1242eb61 collected $0.2 from pot
*** SUMMARY ***
Total pot $0.2 | Rake $0 | Jackpot $0 | Bingo $0 | Fortune $0 | Tax $0
Seat 2: 1242eb61 (big blind) collected ($0.2)
Seat 3: Hero (small blind) folded before Flop


Poker Hand #HD1834040869: Hold'em No Limit ($0.05/$0.1) - 2024/06/27 21:33:19
Table 'NLHRed92' 6-max Seat #2 is the button
Seat 2: 1242eb61 ($9.85 in chips)
Seat 3: Hero ($10.78 in chips)
1242eb61: posts small blind $0.05
Hero: posts big blind $0.1
*** HOLE CARDS ***
Dealt to 1242eb61 
Dealt to Hero [Jc 8s]
1242eb61: raises $0.2 to $0.3
Hero: folds
Uncalled bet ($0.2) returned to 1242eb61
*** SHOWDOWN ***
1242eb61 collected $0.2 from pot
*** SUMMARY ***
Total pot $0.2 | Rake $0 | Jackpot $0 | Bingo $0 | Fortune $0 | Tax $0
Seat 2: 1242eb61 (small blind) collected ($0.2)
Seat 3: Hero (big blind) folded before Flop


Poker Hand #HD1834040730: Hold'em No Limit ($0.05/$0.1) - 2024/06/27 21:32:27
Table 'NLHRed92' 6-max Seat #1 is the button
Seat 1: d3465865 ($11.3 in chips)
Seat 2: 1242eb61 ($10.05 in chips)
Seat 3: Hero ($10.6 in chips)
Seat 5: 9acc0c49 ($10.03 in chips)
Seat 6: fc879c1e ($10.32 in chips)
1242eb61: posts small blind $0.05
Hero: posts big blind $0.1
*** HOLE CARDS ***
Dealt to d3465865 
Dealt to 1242eb61 
Dealt to Hero [2d Js]
Dealt to 9acc0c49 
Dealt to fc879c1e 
9acc0c49: folds
fc879c1e: folds
d3465865: folds
1242eb61: calls $0.05
Hero: checks
*** FLOP *** [Jh 9h 9c]
1242eb61: checks
Hero: bets $0.1
1242eb61: calls $0.1
*** TURN *** [Jh 9h 9c] [6d]
1242eb61: checks
Hero: checks
*** RIVER *** [Jh 9h 9c 6d] [5d]
1242eb61: checks
Hero: checks
1242eb61: shows [Kh 3s] (Pair of Nines)
Hero: shows [2d Js] (Pair of Jacks and Pair of Nines)
*** SHOWDOWN ***
Hero collected $0.38 from pot
*** SUMMARY ***
Total pot $0.4 | Rake $0.02 | Jackpot $0 | Bingo $0 | Fortune $0 | Tax $0
Board [Jh 9h 9c 6d 5d]
Seat 1: d3465865 (button) folded before Flop (didn't bet)
Seat 2: 1242eb61 (small blind) showed [Kh 3s] and lost with Pair of Nines
Seat 3: Hero (big blind) showed [2d Js] and won ($0.38) with Pair of Jacks and Pair of Nines
Seat 5: 9acc0c49 folded before Flop (didn't bet)
Seat 6: fc879c1e folded before Flop (didn't bet)


Poker Hand #HD1834040648: Hold'em No Limit ($0.05/$0.1) - 2024/06/27 21:31:50
Table 'NLHRed92' 6-max Seat #6 is the button
Seat 1: d3465865 ($11.35 in chips)
Seat 2: 1242eb61 ($10 in chips)
Seat 3: Hero ($10.6 in chips)
Seat 5: 9acc0c49 ($10.03 in chips)
Seat 6: fc879c1e ($10.32 in chips)
d3465865: posts small blind $0.05
1242eb61: posts big blind $0.1
*** HOLE CARDS ***
Dealt to d3465865 
Dealt to 1242eb61 
Dealt to Hero [7s Js]
Dealt to 9acc0c49 
Dealt to fc879c1e 
Hero: folds
9acc0c49: folds
fc879c1e: folds
d3465865: folds
Uncalled bet ($0.05) returned to 1242eb61
*** SHOWDOWN ***
1242eb61 collected $0.1 from pot
*** SUMMARY ***
Total pot $0.1 | Rake $0 | Jackpot $0 | Bingo $0 | Fortune $0 | Tax $0
Seat 1: d3465865 (small blind) folded before Flop
Seat 2: 1242eb61 (big blind) collected ($0.1)
Seat 3: Hero folded before Flop (didn't bet)
Seat 5: 9acc0c49 folded before Flop (didn't bet)
Seat 6: fc879c1e (button) folded before Flop (didn't bet)


Poker Hand #HD1834040595: Hold'em No Limit ($0.05/$0.1) - 2024/06/27 21:31:25
Table 'NLHRed92' 6-max Seat #5 is the button
Seat 1: d3465865 ($11.45 in chips)
Seat 2: f07b417f ($12 in chips)
Seat 3: Hero ($10.6 in chips)
Seat 5: 9acc0c49 ($10.28 in chips)
Seat 6: fc879c1e ($10 in chips)
fc879c1e: posts small blind $0.05
d3465865: posts big blind $0.1
*** HOLE CARDS ***
Dealt to d3465865 
Dealt to f07b417f 
Dealt to Hero [9s 2s]
Dealt to 9acc0c49 
Dealt to fc879c1e 
f07b417f: folds
Hero: folds
9acc0c49: raises $0.15 to $0.25
fc879c1e: raises $0.95 to $1.2
d3465865: folds
9acc0c49: folds
Uncalled bet ($0.95) returned to fc879c1e
*** SHOWDOWN ***
fc879c1e collected $0.57 from pot
*** SUMMARY ***
Total pot $0.6 | Rake $0.03 | Jackpot $0 | Bingo $0 | Fortune $0 | Tax $0
Seat 1: d3465865 (big blind) folded before Flop
Seat 2: f07b417f folded before Flop (didn't bet)
Seat 3: Hero folded before Flop (didn't bet)
Seat 5: 9acc0c49 (button) folded before Flop
Seat 6: fc879c1e (small blind) collected ($0.57)


Poker Hand #HD1834040510: Hold'em No Limit ($0.05/$0.1) - 2024/06/27 21:30:52
Table 'NLHRed92' 6-max Seat #3 is the button
Seat 1: d3465865 ($11.45 in chips)
Seat 2: f07b417f ($12 in chips)
Seat 3: Hero ($10.6 in chips)
Seat 4: e1f669c0 ($13.57 in chips)
Seat 5: 9acc0c49 ($10 in chips)
Seat 6: fc879c1e ($10.09 in chips)
e1f669c0: posts small blind $0.05
9acc0c49: posts big blind $0.1
*** HOLE CARDS ***
Dealt to d3465865 
Dealt to f07b417f 
Dealt to Hero [Kd 4s]
Dealt to e1f669c0 
Dealt to 9acc0c49 
Dealt to fc879c1e 
fc879c1e: raises $0.15 to $0.25
d3465865: folds
f07b417f: folds
Hero: folds
e1f669c0: folds
9acc0c49: raises $0.65 to $0.9
fc879c1e: folds
Uncalled bet ($0.65) returned to 9acc0c49
*** SHOWDOWN ***
9acc0c49 collected $0.53 from pot
*** SUMMARY ***
Total pot $0.55 | Rake $0.02 | Jackpot $0 | Bingo $0 | Fortune $0 | Tax $0
Seat 1: d3465865 folded before Flop (didn't bet)
Seat 2: f07b417f folded before Flop (didn't bet)
Seat 3: Hero (button) folded before Flop (didn't bet)
Seat 4: e1f669c0 (small blind) folded before Flop
Seat 5: 9acc0c49 (big blind) collected ($0.53)
Seat 6: fc879c1e folded before Flop


Poker Hand #HD1834040439: Hold'em No Limit ($0.05/$0.1) - 2024/06/27 21:30:28
Table 'NLHRed92' 6-max Seat #2 is the button
Seat 1: d3465865 ($11.45 in chips)
Seat 2: f07b417f ($12 in chips)
Seat 3: Hero ($10.65 in chips)
Seat 4: e1f669c0 ($13.52 in chips)
Seat 5: 9acc0c49 ($10 in chips)
Seat 6: fc879c1e ($10.09 in chips)
Hero: posts small blind $0.05
e1f669c0: posts big blind $0.1
*** HOLE CARDS ***
Dealt to d3465865 
Dealt to f07b417f 
Dealt to Hero [Jd 2c]
Dealt to e1f669c0 
Dealt to 9acc0c49 
Dealt to fc879c1e 
9acc0c49: folds
fc879c1e: folds
d3465865: folds
f07b417f: folds
Hero: folds
Uncalled bet ($0.05) returned to e1f669c0
*** SHOWDOWN ***
e1f669c0 collected $0.1 from pot
*** SUMMARY ***
Total pot $0.1 | Rake $0 | Jackpot $0 | Bingo $0 | Fortune $0 | Tax $0
Seat 1: d3465865 folded before Flop (didn't bet)
Seat 2: f07b417f (button) folded before Flop (didn't bet)
Seat 3: Hero (small blind) folded before Flop
Seat 4: e1f669c0 (big blind) collected ($0.1)
Seat 5: 9acc0c49 folded before Flop (didn't bet)
Seat 6: fc879c1e folded before Flop (didn't bet)


Poker Hand #HD1834040242: Hold'em No Limit ($0.05/$0.1) - 2024/06/27 21:29:03
Table 'NLHRed92' 6-max Seat #1 is the button
Seat 1: d3465865 ($11.45 in chips)
Seat 2: f07b417f ($14.95 in chips)
Seat 3: Hero ($10.75 in chips)
Seat 4: e1f669c0 ($10.86 in chips)
Seat 5: 9acc0c49 ($10 in chips)
Seat 6: fc879c1e ($10.09 in chips)
f07b417f: posts small blind $0.05
Hero: posts big blind $0.1
*** HOLE CARDS ***
Dealt to d3465865 
Dealt to f07b417f 
Dealt to Hero [8c 9d]
Dealt to e1f669c0 
Dealt to 9acc0c49 
Dealt to fc879c1e 
e1f669c0: calls $0.1
9acc0c49: folds
fc879c1e: folds
d3465865: folds
f07b417f: raises $0.3 to $0.4
Hero: folds
e1f669c0: calls $0.3
*** FLOP *** [8s 6d 7h]
f07b417f: bets $0.3
e1f669c0: calls $0.3
*** TURN *** [8s 6d 7h] [Jd]
f07b417f: bets $0.75
e1f669c0: calls $0.75
*** RIVER *** [8s 6d 7h Jd] [4d]
f07b417f: bets $1.5
e1f669c0: calls $1.5
f07b417f: shows [Jc 9c] (Pair of Jacks)
e1f669c0: shows [5c 5h] (Eights-High Straight)
*** SHOWDOWN ***
e1f669c0 collected $5.61 from pot
*** SUMMARY ***
Total pot $6 | Rake $0.29 | Jackpot $0.1 | Bingo $0 | Fortune $0 | Tax $0
Board [8s 6d 7h Jd 4d]
Seat 1: d3465865 (button) folded before Flop (didn't bet)
Seat 2: f07b417f (small blind) showed [Jc 9c] and lost with Pair of Jacks
Seat 3: Hero (big blind) folded before Flop
Seat 4: e1f669c0 showed [5c 5h] and won ($5.61) with Eights-High Straight
Seat 5: 9acc0c49 folded before Flop (didn't bet)
Seat 6: fc879c1e folded before Flop (didn't bet)


Poker Hand #HD1834040207: Hold'em No Limit ($0.05/$0.1) - 2024/06/27 21:28:51
Table 'NLHRed92' 6-max Seat #6 is the button
Seat 1: d3465865 ($11.5 in chips)
Seat 2: f07b417f ($15.05 in chips)
Seat 3: Hero ($10.75 in chips)
Seat 4: e1f669c0 ($10.71 in chips)
Seat 5: 9acc0c49 ($10 in chips)
Seat 6: fc879c1e ($10.09 in chips)
d3465865: posts small blind $0.05
f07b417f: posts big blind $0.1
*** HOLE CARDS ***
Dealt to d3465865 
Dealt to f07b417f 
Dealt to Hero [9d Jh]
Dealt to e1f669c0 
Dealt to 9acc0c49 
Dealt to fc879c1e 
Hero: folds
e1f669c0: raises $0.1 to $0.2
9acc0c49: folds
fc879c1e: folds
d3465865: folds
f07b417f: folds
Uncalled bet ($0.1) returned to e1f669c0
*** SHOWDOWN ***
e1f669c0 collected $0.25 from pot
*** SUMMARY ***
Total pot $0.25 | Rake $0 | Jackpot $0 | Bingo $0 | Fortune $0 | Tax $0
Seat 1: d3465865 (small blind) folded before Flop
Seat 2: f07b417f (big blind) folded before Flop
Seat 3: Hero folded before Flop (didn't bet)
Seat 4: e1f669c0 collected ($0.25)
Seat 5: 9acc0c49 folded before Flop (didn't bet)
Seat 6: fc879c1e (button) folded before Flop (didn't bet)


Poker Hand #HD1834040057: Hold'em No Limit ($0.05/$0.1) - 2024/06/27 21:27:48
Table 'NLHRed92' 6-max Seat #5 is the button
Seat 1: d3465865 ($10.63 in chips)
Seat 2: f07b417f ($15.3 in chips)
Seat 3: Hero ($10.75 in chips)
Seat 4: e1f669c0 ($11.36 in chips)
Seat 5: 9acc0c49 ($10 in chips)
Seat 6: fc879c1e ($10.14 in chips)
fc879c1e: posts small blind $0.05
d3465865: posts big blind $0.1
*** HOLE CARDS ***
Dealt to d3465865 
Dealt to f07b417f 
Dealt to Hero [9c Jh]
Dealt to e1f669c0 
Dealt to 9acc0c49 
Dealt to fc879c1e 
f07b417f: raises $0.15 to $0.25
Hero: folds
e1f669c0: calls $0.25
9acc0c49: folds
fc879c1e: folds
d3465865: calls $0.15
*** FLOP *** [2d 8d Qc]
d3465865: checks
f07b417f: checks
e1f669c0: bets $0.4
d3465865: calls $0.4
f07b417f: folds
*** TURN *** [2d 8d Qc] [Ad]
d3465865: checks
e1f669c0: checks
*** RIVER *** [2d 8d Qc Ad] [2c]
d3465865: bets $1.31
e1f669c0: folds
Uncalled bet ($1.31) returned to d3465865
*** SHOWDOWN ***
d3465865 collected $1.52 from pot
*** SUMMARY ***
Total pot $1.6 | Rake $0.08 | Jackpot $0 | Bingo $0 | Fortune $0 | Tax $0
Board [2d 8d Qc Ad 2c]
Seat 1: d3465865 (big blind) won ($1.52)
Seat 2: f07b417f folded on the Flop
Seat 3: Hero folded before Flop (didn't bet)
Seat 4: e1f669c0 folded on the River
Seat 5: 9acc0c49 (button) folded before Flop (didn't bet)
Seat 6: fc879c1e (small blind) folded before Flop


Poker Hand #HD1834039991: Hold'em No Limit ($0.05/$0.1) - 2024/06/27 21:27:16
Table 'NLHRed92' 6-max Seat #4 is the button
Seat 1: d3465865 ($10.21 in chips)
Seat 2: f07b417f ($15.3 in chips)
Seat 3: Hero ($10.75 in chips)
Seat 4: e1f669c0 ($11.66 in chips)
Seat 5: 9acc0c49 ($10 in chips)
Seat 6: fc879c1e ($10.24 in chips)
9acc0c49: posts small blind $0.05
fc879c1e: posts big blind $0.1
*** HOLE CARDS ***
Dealt to d3465865 
Dealt to f07b417f 
Dealt to Hero [8s Tc]
Dealt to e1f669c0 
Dealt to 9acc0c49 
Dealt to fc879c1e 
d3465865: raises $0.2 to $0.3
f07b417f: folds
Hero: folds
e1f669c0: calls $0.3
9acc0c49: folds
fc879c1e: folds
*** FLOP *** [3d 9c 5s]
d3465865: bets $0.38
e1f669c0: folds
Uncalled bet ($0.38) returned to d3465865
*** SHOWDOWN ***
d3465865 collected $0.72 from pot
*** SUMMARY ***
Total pot $0.75 | Rake $0.03 | Jackpot $0 | Bingo $0 | Fortune $0 | Tax $0
Board [3d 9c 5s]
Seat 1: d3465865 won ($0.72)
Seat 2: f07b417f folded before Flop (didn't bet)
Seat 3: Hero folded before Flop (didn't bet)
Seat 4: e1f669c0 (button) folded on the Flop
Seat 5: 9acc0c49 (small blind) folded before Flop
Seat 6: fc879c1e (big blind) folded before Flop


Poker Hand #HD1834039799: Hold'em No Limit ($0.05/$0.1) - 2024/06/27 21:26:05
Table 'NLHRed92' 6-max Seat #3 is the button
Seat 1: d3465865 ($10.21 in chips)
Seat 2: f07b417f ($14.8 in chips)
Seat 3: Hero ($10.75 in chips)
Seat 4: e1f669c0 ($12.11 in chips)
Seat 5: 9acc0c49 ($10 in chips)
Seat 6: fc879c1e ($10.24 in chips)
e1f669c0: posts small blind $0.05
9acc0c49: posts big blind $0.1
*** HOLE CARDS ***
Dealt to d3465865 
Dealt to f07b417f 
Dealt to Hero [Jd 2d]
Dealt to e1f669c0 
Dealt to 9acc0c49 
Dealt to fc879c1e 
fc879c1e: folds
d3465865: folds
f07b417f: raises $0.15 to $0.25
Hero: folds
e1f669c0: calls $0.2
9acc0c49: folds
*** FLOP *** [5d As Kd]
e1f669c0: checks
f07b417f: checks
*** TURN *** [5d As Kd] [2h]
e1f669c0: bets $0.2
f07b417f: calls $0.2
*** RIVER *** [5d As Kd 2h] [7d]
e1f669c0: checks
f07b417f: bets $1
e1f669c0: folds
Uncalled bet ($1) returned to f07b417f
*** SHOWDOWN ***
f07b417f collected $0.95 from pot
*** SUMMARY ***
Total pot $1 | Rake $0.05 | Jackpot $0 | Bingo $0 | Fortune $0 | Tax $0
Board [5d As Kd 2h 7d]
Seat 1: d3465865 folded before Flop (didn't bet)
Seat 2: f07b417f won ($0.95)
Seat 3: Hero (button) folded before Flop (didn't bet)
Seat 4: e1f669c0 (small blind) folded on the River
Seat 5: 9acc0c49 (big blind) folded before Flop
Seat 6: fc879c1e folded before Flop (didn't bet)


Poker Hand #HD1834039681: Hold'em No Limit ($0.05/$0.1) - 2024/06/27 21:25:15
Table 'NLHRed92' 6-max Seat #2 is the button
Seat 1: d3465865 ($10.21 in chips)
Seat 2: f07b417f ($14.8 in chips)
Seat 3: Hero ($10 in chips)
Seat 4: e1f669c0 ($12.94 in chips)
Seat 5: 9acc0c49 ($10 in chips)
Seat 6: fc879c1e ($10.24 in chips)
Hero: posts small blind $0.05
e1f669c0: posts big blind $0.1
*** HOLE CARDS ***
Dealt to d3465865 
Dealt to f07b417f 
Dealt to Hero [9d Td]
Dealt to e1f669c0 
Dealt to 9acc0c49 
Dealt to fc879c1e 
9acc0c49: folds
fc879c1e: folds
d3465865: folds
f07b417f: folds
Hero: raises $0.2 to $0.3
e1f669c0: calls $0.2
*** FLOP *** [4c Th 3d]
Hero: bets $0.2
e1f669c0: calls $0.2
*** TURN *** [4c Th 3d] [Jc]
Hero: checks
e1f669c0: bets $0.33
Hero: calls $0.33
*** RIVER *** [4c Th 3d Jc] [6h]
Hero: checks
e1f669c0: checks
Hero: shows [9d Td] (Pair of Tens)
e1f669c0: shows [2d Kd] (King-High)
*** SHOWDOWN ***
Hero collected $1.58 from pot
*** SUMMARY ***
Total pot $1.66 | Rake $0.08 | Jackpot $0 | Bingo $0 | Fortune $0 | Tax $0
Board [4c Th 3d Jc 6h]
Seat 1: d3465865 folded before Flop (didn't bet)
Seat 2: f07b417f (button) folded before Flop (didn't bet)
Seat 3: Hero (small blind) showed [9d Td] and won ($1.58) with Pair of Tens
Seat 4: e1f669c0 (big blind) showed [2d Kd] and lost with King-High
Seat 5: 9acc0c49 folded before Flop (didn't bet)
Seat 6: fc879c1e folded before Flop (didn't bet)


Poker Hand #HD1834039622: Hold'em No Limit ($0.05/$0.1) - 2024/06/27 21:24:51
Table 'NLHRed92' 6-max Seat #1 is the button
Seat 1: d3465865 ($10.21 in chips)
Seat 2: f07b417f ($14.85 in chips)
Seat 3: Hero ($10 in chips)
Seat 4: e1f669c0 ($13.04 in chips)
Seat 5: 9acc0c49 ($10 in chips)
Seat 6: fc879c1e ($10 in chips)
f07b417f: posts small blind $0.05
Hero: posts big blind $0.1
*** HOLE CARDS ***
Dealt to d3465865 
Dealt to f07b417f 
Dealt to Hero [2s Jd]
Dealt to e1f669c0 
Dealt to 9acc0c49 
Dealt to fc879c1e 
e1f669c0: calls $0.1
9acc0c49: folds
fc879c1e: raises $0.3 to $0.4
d3465865: folds
f07b417f: folds
Hero: folds
e1f669c0: folds
Uncalled bet ($0.3) returned to fc879c1e
*** SHOWDOWN ***
fc879c1e collected $0.34 from pot
*** SUMMARY ***
Total pot $0.35 | Rake $0.01 | Jackpot $0 | Bingo $0 | Fortune $0 | Tax $0
Seat 1: d3465865 (button) folded before Flop (didn't bet)
Seat 2: f07b417f (small blind) folded before Flop
Seat 3: Hero (big blind) folded before Flop
Seat 4: e1f669c0 folded before Flop
Seat 5: 9acc0c49 folded before Flop (didn't bet)
Seat 6: fc879c1e collected ($0.34)


Poker Hand #HD1834039475: Hold'em No Limit ($0.05/$0.1) - 2024/06/27 21:23:55
Table 'NLHRed92' 6-max Seat #6 is the button
Seat 1: d3465865 ($10.26 in chips)
Seat 2: f07b417f ($14.95 in chips)
Seat 3: Hero ($10 in chips)
Seat 4: e1f669c0 ($12.22 in chips)
Seat 5: 9acc0c49 ($10.19 in chips)
Seat 6: fc879c1e ($10 in chips)
d3465865: posts small blind $0.05
f07b417f: posts big blind $0.1
*** HOLE CARDS ***
Dealt to d3465865 
Dealt to f07b417f 
Dealt to Hero [4s 2c]
Dealt to e1f669c0 
Dealt to 9acc0c49 
Dealt to fc879c1e 
Hero: folds
e1f669c0: raises $0.1 to $0.2
9acc0c49: raises $0.55 to $0.75
fc879c1e: folds
d3465865: folds
f07b417f: folds
e1f669c0: calls $0.55
*** FLOP *** [5h 9c 9s]
e1f669c0: checks
9acc0c49: checks
*** TURN *** [5h 9c 9s] [3c]
e1f669c0: checks
9acc0c49: checks
*** RIVER *** [5h 9c 9s 3c] [6c]
e1f669c0: checks
9acc0c49: checks
e1f669c0: shows [Js Ad] (Pair of Nines)
9acc0c49: shows [Ks Qd] (Pair of Nines)
*** SHOWDOWN ***
e1f669c0 collected $1.57 from pot
*** SUMMARY ***
Total pot $1.65 | Rake $0.08 | Jackpot $0 | Bingo $0 | Fortune $0 | Tax $0
Board [5h 9c 9s 3c 6c]
Seat 1: d3465865 (small blind) folded before Flop
Seat 2: f07b417f (big blind) folded before Flop
Seat 3: Hero folded before Flop (didn't bet)
Seat 4: e1f669c0 showed [Js Ad] and won ($1.57) with Pair of Nines
Seat 5: 9acc0c49 showed [Ks Qd] and lost with Pair of Nines
Seat 6: fc879c1e (button) folded before Flop (didn't bet)


Poker Hand #HD1834039351: Hold'em No Limit ($0.05/$0.1) - 2024/06/27 21:23:04
Table 'NLHRed92' 6-max Seat #5 is the button
Seat 1: d3465865 ($10 in chips)
Seat 2: f07b417f ($14.95 in chips)
Seat 3: Hero ($10 in chips)
Seat 4: e1f669c0 ($12.45 in chips)
Seat 5: 9acc0c49 ($10.19 in chips)
Seat 6: fc879c1e ($10 in chips)
fc879c1e: posts small blind $0.05
d3465865: posts big blind $0.1
*** HOLE CARDS ***
Dealt to d3465865 
Dealt to f07b417f 
Dealt to Hero [Jd 3h]
Dealt to e1f669c0 
Dealt to 9acc0c49 
Dealt to fc879c1e 
f07b417f: folds
Hero: folds
e1f669c0: calls $0.1
9acc0c49: folds
fc879c1e: folds
d3465865: checks
*** FLOP *** [Td Qh 7s]
d3465865: checks
e1f669c0: checks
*** TURN *** [Td Qh 7s] [3s]
d3465865: bets $0.13
e1f669c0: calls $0.13
*** RIVER *** [Td Qh 7s 3s] [5h]
d3465865: bets $0.34
e1f669c0: folds
Uncalled bet ($0.34) returned to d3465865
e1f669c0: shows [4d 4s] (Pair of Fours)
*** SHOWDOWN ***
d3465865 collected $0.49 from pot
*** SUMMARY ***
Total pot $0.51 | Rake $0.02 | Jackpot $0 | Bingo $0 | Fortune $0 | Tax $0
Board [Td Qh 7s 3s 5h]
Seat 1: d3465865 (big blind) won ($0.49)
Seat 2: f07b417f folded before Flop (didn't bet)
Seat 3: Hero folded before Flop (didn't bet)
Seat 4: e1f669c0 folded on the River
Seat 5: 9acc0c49 (button) folded before Flop (didn't bet)
Seat 6: fc879c1e (small blind) folded before Flop


Poker Hand #HD1834039279: Hold'em No Limit ($0.05/$0.1) - 2024/06/27 21:22:35
Table 'NLHRed92' 6-max Seat #4 is the button
Seat 1: d3465865 ($10 in chips)
Seat 2: f07b417f ($14.95 in chips)
Seat 3: Hero ($10 in chips)
Seat 4: e1f669c0 ($12.55 in chips)
Seat 5: 9acc0c49 ($10 in chips)
Seat 6: fc879c1e ($10 in chips)
9acc0c49: posts small blind $0.05
fc879c1e: posts big blind $0.1
*** HOLE CARDS ***
Dealt to d3465865 
Dealt to f07b417f 
Dealt to Hero [8d 7h]
Dealt to e1f669c0 
Dealt to 9acc0c49 
Dealt to fc879c1e 
d3465865: folds
f07b417f: folds
Hero: folds
e1f669c0: calls $0.1
9acc0c49: raises $0.4 to $0.5
fc879c1e: folds
e1f669c0: folds
Uncalled bet ($0.4) returned to 9acc0c49
*** SHOWDOWN ***
9acc0c49 collected $0.29 from pot
*** SUMMARY ***
Total pot $0.3 | Rake $0.01 | Jackpot $0 | Bingo $0 | Fortune $0 | Tax $0
Seat 1: d3465865 folded before Flop (didn't bet)
Seat 2: f07b417f folded before Flop (didn't bet)
Seat 3: Hero folded before Flop (didn't bet)
Seat 4: e1f669c0 (button) folded before Flop
Seat 5: 9acc0c49 (small blind) collected ($0.29)
Seat 6: fc879c1e (big blind) folded before Flop


Poker Hand #HD1834038956: Hold'em No Limit ($0.05/$0.1) - 2024/06/27 21:20:20
Table 'NLHRed92' 6-max Seat #3 is the button
Seat 1: d3465865 ($10 in chips)
Seat 2: f07b417f ($13.45 in chips)
Seat 3: Hero ($10 in chips)
Seat 4: e1f669c0 ($12.6 in chips)
Seat 5: 9acc0c49 ($10 in chips)
Seat 6: fc879c1e ($10 in chips)
e1f669c0: posts small blind $0.05
9acc0c49: posts big blind $0.1
*** HOLE CARDS ***
Dealt to d3465865 
Dealt to f07b417f 
Dealt to Hero [8h 6h]
Dealt to e1f669c0 
Dealt to 9acc0c49 
Dealt to fc879c1e 
fc879c1e: folds
d3465865: folds
f07b417f: raises $0.15 to $0.25
Hero: folds
e1f669c0: folds
9acc0c49: calls $0.15
*** FLOP *** [8d Td 7h]
9acc0c49: checks
f07b417f: bets $0.42
9acc0c49: calls $0.42
*** TURN *** [8d Td 7h] [Ts]
9acc0c49: checks
f07b417f: bets $1.05
9acc0c49: calls $1.05
*** RIVER *** [8d Td 7h Ts] [Qc]
9acc0c49: checks
f07b417f: bets $1.16
9acc0c49: folds
Uncalled bet ($1.16) returned to f07b417f
*** SHOWDOWN ***
f07b417f collected $3.22 from pot
*** SUMMARY ***
Total pot $3.49 | Rake $0.17 | Jackpot $0.1 | Bingo $0 | Fortune $0 | Tax $0
Board [8d Td 7h Ts Qc]
Seat 1: d3465865 folded before Flop (didn't bet)
Seat 2: f07b417f won ($3.22)
Seat 3: Hero (button) folded before Flop (didn't bet)
Seat 4: e1f669c0 (small blind) folded before Flop
Seat 5: 9acc0c49 (big blind) folded on the River
Seat 6: fc879c1e folded before Flop (didn't bet)


Poker Hand #HD1834038770: Hold'em No Limit ($0.05/$0.1) - 2024/06/27 21:18:59
Table 'NLHRed92' 6-max Seat #2 is the button
Seat 1: d3465865 ($10 in chips)
Seat 2: f07b417f ($13.45 in chips)
Seat 3: Hero ($10 in chips)
Seat 4: e1f669c0 ($9.57 in chips)
Seat 5: 9acc0c49 ($12.21 in chips)
Seat 6: fc879c1e ($10 in chips)
Hero: posts small blind $0.05
e1f669c0: posts big blind $0.1
*** HOLE CARDS ***
Dealt to d3465865 
Dealt to f07b417f 
Dealt to Hero [4d 9s]
Dealt to e1f669c0 
Dealt to 9acc0c49 
Dealt to fc879c1e 
9acc0c49: raises $0.3 to $0.4
fc879c1e: folds
d3465865: folds
f07b417f: folds
Hero: folds
e1f669c0: raises $0.43 to $0.83
9acc0c49: calls $0.43
*** FLOP *** [Kd Js 3h]
e1f669c0: bets $0.86
9acc0c49: calls $0.86
*** TURN *** [Kd Js 3h] [5d]
e1f669c0: bets $1.72
9acc0c49: calls $1.72
*** RIVER *** [Kd Js 3h 5d] [7d]
e1f669c0: checks
9acc0c49: checks
e1f669c0: shows [Ac Ah] (Pair of Aces)
9acc0c49: shows [Qh Ks] (Pair of Kings)
*** SHOWDOWN ***
e1f669c0 collected $6.44 from pot
*** SUMMARY ***
Total pot $6.87 | Rake $0.33 | Jackpot $0.1 | Bingo $0 | Fortune $0 | Tax $0
Board [Kd Js 3h 5d 7d]
Seat 1: d3465865 folded before Flop (didn't bet)
Seat 2: f07b417f (button) folded before Flop (didn't bet)
Seat 3: Hero (small blind) folded before Flop
Seat 4: e1f669c0 (big blind) showed [Ac Ah] and won ($6.44) with Pair of Aces
Seat 5: 9acc0c49 showed [Qh Ks] and lost with Pair of Kings
Seat 6: fc879c1e folded before Flop (didn't bet)


Poker Hand #HD1834038588: Hold'em No Limit ($0.05/$0.1) - 2024/06/27 21:17:44
Table 'NLHRed92' 6-max Seat #1 is the button
Seat 1: d3465865 ($10 in chips)
Seat 2: f07b417f ($13.5 in chips)
Seat 3: Hero ($10.56 in chips)
Seat 4: e1f669c0 ($8.98 in chips)
Seat 5: 9acc0c49 ($12.21 in chips)
Seat 6: fc879c1e ($10 in chips)
f07b417f: posts small blind $0.05
Hero: posts big blind $0.1
*** HOLE CARDS ***
Dealt to d3465865 
Dealt to f07b417f 
Dealt to Hero [Jh Qd]
Dealt to e1f669c0 
Dealt to 9acc0c49 
Dealt to fc879c1e 
e1f669c0: calls $0.1
9acc0c49: folds
fc879c1e: folds
d3465865: folds
f07b417f: folds
Hero: checks
*** FLOP *** [6c Qh 8c]
Hero: checks
e1f669c0: bets $0.19
Hero: raises $0.31 to $0.5
e1f669c0: raises $0.94 to $1.44
Hero: folds
Uncalled bet ($0.94) returned to e1f669c0
*** SHOWDOWN ***
e1f669c0 collected $1.19 from pot
*** SUMMARY ***
Total pot $1.25 | Rake $0.06 | Jackpot $0 | Bingo $0 | Fortune $0 | Tax $0
Board [6c Qh 8c]
Seat 1: d3465865 (button) folded before Flop (didn't bet)
Seat 2: f07b417f (small blind) folded before Flop
Seat 3: Hero (big blind) folded on the Flop
Seat 4: e1f669c0 won ($1.19)
Seat 5: 9acc0c49 folded before Flop (didn't bet)
Seat 6: fc879c1e folded before Flop (didn't bet)


Poker Hand #HD1834038408: Hold'em No Limit ($0.05/$0.1) - 2024/06/27 21:16:29
Table 'NLHRed92' 6-max Seat #6 is the button
Seat 1: d3465865 ($10 in chips)
Seat 2: f07b417f ($13.6 in chips)
Seat 3: Hero ($10.76 in chips)
Seat 4: e1f669c0 ($4.6 in chips)
Seat 5: 9acc0c49 ($12.21 in chips)
Seat 6: fc879c1e ($10.82 in chips)
d3465865: posts small blind $0.05
f07b417f: posts big blind $0.1
*** HOLE CARDS ***
Dealt to d3465865 
Dealt to f07b417f 
Dealt to Hero [Qh As]
Dealt to e1f669c0 
Dealt to 9acc0c49 
Dealt to fc879c1e 
Hero: raises $0.1 to $0.2
e1f669c0: calls $0.2
9acc0c49: folds
fc879c1e: raises $0.67 to $0.87
d3465865: folds
f07b417f: folds
Hero: folds
e1f669c0: calls $0.67
*** FLOP *** [Th Ac Ts]
e1f669c0: bets $3.73 and is all-in
fc879c1e: calls $3.73
e1f669c0: shows [2s 2d] (Pair of Tens and Pair of Twos)
fc879c1e: shows [Ad Qd] (Pair of Aces and Pair of Tens)
*** TURN *** [Th Ac Ts] [4s]
*** RIVER *** [Th Ac Ts 4s] [2h]
*** SHOWDOWN ***
e1f669c0 collected $8.98 from pot
*** SUMMARY ***
Total pot $9.55 | Rake $0.47 | Jackpot $0.1 | Bingo $0 | Fortune $0 | Tax $0
Board [Th Ac Ts 4s 2h]
Seat 1: d3465865 (small blind) folded before Flop
Seat 2: f07b417f (big blind) folded before Flop
Seat 3: Hero folded before Flop
Seat 4: e1f669c0 showed [2s 2d] and won ($8.98) with Twos Full over Tens
Seat 5: 9acc0c49 folded before Flop (didn't bet)
Seat 6: fc879c1e (button) showed [Ad Qd] and lost with Pair of Aces and Pair of Tens


Poker Hand #HD1834038278: Hold'em No Limit ($0.05/$0.1) - 2024/06/27 21:15:32
Table 'NLHRed92' 6-max Seat #5 is the button
Seat 1: d3465865 ($10 in chips)
Seat 2: f07b417f ($13.6 in chips)
Seat 3: Hero ($10.76 in chips)
Seat 4: e1f669c0 ($5.95 in chips)
Seat 5: 9acc0c49 ($10.85 in chips)
Seat 6: fc879c1e ($10.87 in chips)
fc879c1e: posts small blind $0.05
d3465865: posts big blind $0.1
*** HOLE CARDS ***
Dealt to d3465865 
Dealt to f07b417f 
Dealt to Hero [2s Kc]
Dealt to e1f669c0 
Dealt to 9acc0c49 
Dealt to fc879c1e 
f07b417f: folds
Hero: folds
e1f669c0: raises $0.1 to $0.2
9acc0c49: raises $0.5 to $0.7
fc879c1e: folds
d3465865: folds
e1f669c0: calls $0.5
*** FLOP *** [4s 3c Kd]
e1f669c0: checks
9acc0c49: bets $0.65
e1f669c0: calls $0.65
*** TURN *** [4s 3c Kd] [Ad]
e1f669c0: checks
9acc0c49: checks
*** RIVER *** [4s 3c Kd Ad] [5c]
e1f669c0: checks
9acc0c49: checks
e1f669c0: shows [8h Kh] (Pair of Kings)
9acc0c49: shows [Ks Qd] (Pair of Kings)
*** SHOWDOWN ***
9acc0c49 collected $2.71 from pot
*** SUMMARY ***
Total pot $2.85 | Rake $0.14 | Jackpot $0 | Bingo $0 | Fortune $0 | Tax $0
Board [4s 3c Kd Ad 5c]
Seat 1: d3465865 (big blind) folded before Flop
Seat 2: f07b417f folded before Flop (didn't bet)
Seat 3: Hero folded before Flop (didn't bet)
Seat 4: e1f669c0 showed [8h Kh] and lost with Pair of Kings
Seat 5: 9acc0c49 (button) showed [Ks Qd] and won ($2.71) with Pair of Kings
Seat 6: fc879c1e (small blind) folded before Flop


Poker Hand #HD1834038220: Hold'em No Limit ($0.05/$0.1) - 2024/06/27 21:15:06
Table 'NLHRed92' 6-max Seat #4 is the button
Seat 1: d3465865 ($10 in chips)
Seat 2: f07b417f ($13.6 in chips)
Seat 3: Hero ($10.76 in chips)
Seat 4: e1f669c0 ($5.8 in chips)
Seat 5: 9acc0c49 ($10.9 in chips)
Seat 6: fc879c1e ($10.97 in chips)
9acc0c49: posts small blind $0.05
fc879c1e: posts big blind $0.1
*** HOLE CARDS ***
Dealt to d3465865 
Dealt to f07b417f 
Dealt to Hero [9c 6h]
Dealt to e1f669c0 
Dealt to 9acc0c49 
Dealt to fc879c1e 
d3465865: folds
f07b417f: folds
Hero: folds
e1f669c0: raises $0.1 to $0.2
9acc0c49: folds
fc879c1e: folds
Uncalled bet ($0.1) returned to e1f669c0
*** SHOWDOWN ***
e1f669c0 collected $0.25 from pot
*** SUMMARY ***
Total pot $0.25 | Rake $0 | Jackpot $0 | Bingo $0 | Fortune $0 | Tax $0
Seat 1: d3465865 folded before Flop (didn't bet)
Seat 2: f07b417f folded before Flop (didn't bet)
Seat 3: Hero folded before Flop (didn't bet)
Seat 4: e1f669c0 (button) collected ($0.25)
Seat 5: 9acc0c49 (small blind) folded before Flop
Seat 6: fc879c1e (big blind) folded before Flop


Poker Hand #HD1834038120: Hold'em No Limit ($0.05/$0.1) - 2024/06/27 21:14:22
Table 'NLHRed92' 6-max Seat #3 is the button
Seat 1: d3465865 ($10 in chips)
Seat 2: f07b417f ($13.6 in chips)
Seat 3: Hero ($10.76 in chips)
Seat 4: e1f669c0 ($5.9 in chips)
Seat 5: 9acc0c49 ($10.81 in chips)
Seat 6: fc879c1e ($10.97 in chips)
e1f669c0: posts small blind $0.05
9acc0c49: posts big blind $0.1
*** HOLE CARDS ***
Dealt to d3465865 
Dealt to f07b417f 
Dealt to Hero [7d 5s]
Dealt to e1f669c0 
Dealt to 9acc0c49 
Dealt to fc879c1e 
fc879c1e: folds
d3465865: folds
f07b417f: folds
Hero: folds
e1f669c0: calls $0.05
9acc0c49: checks
*** FLOP *** [Td 6s 9h]
e1f669c0: checks
9acc0c49: bets $0.15
e1f669c0: folds
Uncalled bet ($0.15) returned to 9acc0c49
*** SHOWDOWN ***
9acc0c49 collected $0.19 from pot
*** SUMMARY ***
Total pot $0.2 | Rake $0.01 | Jackpot $0 | Bingo $0 | Fortune $0 | Tax $0
Board [Td 6s 9h]
Seat 1: d3465865 folded before Flop (didn't bet)
Seat 2: f07b417f folded before Flop (didn't bet)
Seat 3: Hero (button) folded before Flop (didn't bet)
Seat 4: e1f669c0 (small blind) folded on the Flop
Seat 5: 9acc0c49 (big blind) won ($0.19)
Seat 6: fc879c1e folded before Flop (didn't bet)


Poker Hand #HD1834038061: Hold'em No Limit ($0.05/$0.1) - 2024/06/27 21:13:53
Table 'NLHRed92' 6-max Seat #2 is the button
Seat 1: d3465865 ($10 in chips)
Seat 2: f07b417f ($13.85 in chips)
Seat 3: Hero ($10.81 in chips)
Seat 4: e1f669c0 ($5.62 in chips)
Seat 5: 9acc0c49 ($10.81 in chips)
Seat 6: fc879c1e ($10.97 in chips)
Hero: posts small blind $0.05
e1f669c0: posts big blind $0.1
*** HOLE CARDS ***
Dealt to d3465865 
Dealt to f07b417f 
Dealt to Hero [5d 4h]
Dealt to e1f669c0 
Dealt to 9acc0c49 
Dealt to fc879c1e 
9acc0c49: folds
fc879c1e: folds
d3465865: folds
f07b417f: raises $0.15 to $0.25
Hero: folds
e1f669c0: calls $0.15
*** FLOP *** [9c 3d 8h]
e1f669c0: bets $0.19
f07b417f: folds
Uncalled bet ($0.19) returned to e1f669c0
*** SHOWDOWN ***
e1f669c0 collected $0.53 from pot
*** SUMMARY ***
Total pot $0.55 | Rake $0.02 | Jackpot $0 | Bingo $0 | Fortune $0 | Tax $0
Board [9c 3d 8h]
Seat 1: d3465865 folded before Flop (didn't bet)
Seat 2: f07b417f (button) folded on the Flop
Seat 3: Hero (small blind) folded before Flop
Seat 4: e1f669c0 (big blind) won ($0.53)
Seat 5: 9acc0c49 folded before Flop (didn't bet)
Seat 6: fc879c1e folded before Flop (didn't bet)


Poker Hand #HD1834037989: Hold'em No Limit ($0.05/$0.1) - 2024/06/27 21:13:22
Table 'NLHRed92' 6-max Seat #1 is the button
Seat 1: d3465865 ($10 in chips)
Seat 2: f07b417f ($13.9 in chips)
Seat 3: Hero ($10.91 in chips)
Seat 4: e1f669c0 ($6.02 in chips)
Seat 5: 9acc0c49 ($10.81 in chips)
Seat 6: fc879c1e ($10.46 in chips)
f07b417f: posts small blind $0.05
Hero: posts big blind $0.1
*** HOLE CARDS ***
Dealt to d3465865 
Dealt to f07b417f 
Dealt to Hero [6s 9d]
Dealt to e1f669c0 
Dealt to 9acc0c49 
Dealt to fc879c1e 
e1f669c0: calls $0.1
9acc0c49: folds
fc879c1e: raises $0.3 to $0.4
d3465865: folds
f07b417f: folds
Hero: folds
e1f669c0: calls $0.3
*** FLOP *** [7d 7h 4s]
e1f669c0: checks
fc879c1e: bets $0.32
e1f669c0: folds
Uncalled bet ($0.32) returned to fc879c1e
*** SHOWDOWN ***
fc879c1e collected $0.91 from pot
*** SUMMARY ***
Total pot $0.95 | Rake $0.04 | Jackpot $0 | Bingo $0 | Fortune $0 | Tax $0
Board [7d 7h 4s]
Seat 1: d3465865 (button) folded before Flop (didn't bet)
Seat 2: f07b417f (small blind) folded before Flop
Seat 3: Hero (big blind) folded before Flop
Seat 4: e1f669c0 folded on the Flop
Seat 5: 9acc0c49 folded before Flop (didn't bet)
Seat 6: fc879c1e won ($0.91)


Poker Hand #HD1834037864: Hold'em No Limit ($0.05/$0.1) - 2024/06/27 21:12:33
Table 'NLHRed92' 6-max Seat #6 is the button
Seat 1: d3465865 ($10.05 in chips)
Seat 2: f07b417f ($14 in chips)
Seat 3: Hero ($10.91 in chips)
Seat 4: e1f669c0 ($6.12 in chips)
Seat 5: 9acc0c49 ($10.57 in chips)
Seat 6: fc879c1e ($10.46 in chips)
d3465865: posts small blind $0.05
f07b417f: posts big blind $0.1
*** HOLE CARDS ***
Dealt to d3465865 
Dealt to f07b417f 
Dealt to Hero [8s Qh]
Dealt to e1f669c0 
Dealt to 9acc0c49 
Dealt to fc879c1e 
Hero: folds
e1f669c0: calls $0.1
9acc0c49: raises $0.3 to $0.4
fc879c1e: folds
d3465865: folds
f07b417f: folds
e1f669c0: folds
Uncalled bet ($0.3) returned to 9acc0c49
*** SHOWDOWN ***
9acc0c49 collected $0.34 from pot
*** SUMMARY ***
Total pot $0.35 | Rake $0.01 | Jackpot $0 | Bingo $0 | Fortune $0 | Tax $0
Seat 1: d3465865 (small blind) folded before Flop
Seat 2: f07b417f (big blind) folded before Flop
Seat 3: Hero folded before Flop (didn't bet)
Seat 4: e1f669c0 folded before Flop
Seat 5: 9acc0c49 collected ($0.34)
Seat 6: fc879c1e (button) folded before Flop (didn't bet)


Poker Hand #HD1834037824: Hold'em No Limit ($0.05/$0.1) - 2024/06/27 21:12:16
Table 'NLHRed92' 6-max Seat #5 is the button
Seat 1: d3465865 ($10 in chips)
Seat 2: f07b417f ($14 in chips)
Seat 3: Hero ($10.91 in chips)
Seat 4: e1f669c0 ($6.12 in chips)
Seat 5: 9acc0c49 ($10.57 in chips)
Seat 6: fc879c1e ($10.51 in chips)
fc879c1e: posts small blind $0.05
d3465865: posts big blind $0.1
*** HOLE CARDS ***
Dealt to d3465865 
Dealt to f07b417f 
Dealt to Hero [7s 3s]
Dealt to e1f669c0 
Dealt to 9acc0c49 
Dealt to fc879c1e 
f07b417f: folds
Hero: folds
e1f669c0: folds
9acc0c49: folds
fc879c1e: folds
Uncalled bet ($0.05) returned to d3465865
*** SHOWDOWN ***
d3465865 collected $0.1 from pot
*** SUMMARY ***
Total pot $0.1 | Rake $0 | Jackpot $0 | Bingo $0 | Fortune $0 | Tax $0
Seat 1: d3465865 (big blind) collected ($0.1)
Seat 2: f07b417f folded before Flop (didn't bet)
Seat 3: Hero folded before Flop (didn't bet)
Seat 4: e1f669c0 folded before Flop (didn't bet)
Seat 5: 9acc0c49 (button) folded before Flop (didn't bet)
Seat 6: fc879c1e (small blind) folded before Flop


Poker Hand #HD1834037746: Hold'em No Limit ($0.05/$0.1) - 2024/06/27 21:11:40
Table 'NLHRed92' 6-max Seat #4 is the button
Seat 2: f07b417f ($14.25 in chips)
Seat 3: Hero ($10.91 in chips)
Seat 4: e1f669c0 ($6.37 in chips)
Seat 5: 9acc0c49 ($10.62 in chips)
Seat 6: fc879c1e ($10 in chips)
9acc0c49: posts small blind $0.05
fc879c1e: posts big blind $0.1
*** HOLE CARDS ***
Dealt to f07b417f 
Dealt to Hero [3d 5s]
Dealt to e1f669c0 
Dealt to 9acc0c49 
Dealt to fc879c1e 
f07b417f: raises $0.15 to $0.25
Hero: folds
e1f669c0: calls $0.25
9acc0c49: folds
fc879c1e: raises $1.25 to $1.5
f07b417f: folds
e1f669c0: folds
Uncalled bet ($1.25) returned to fc879c1e
*** SHOWDOWN ***
fc879c1e collected $0.76 from pot
*** SUMMARY ***
Total pot $0.8 | Rake $0.04 | Jackpot $0 | Bingo $0 | Fortune $0 | Tax $0
Seat 2: f07b417f folded before Flop
Seat 3: Hero folded before Flop (didn't bet)
Seat 4: e1f669c0 (button) folded before Flop
Seat 5: 9acc0c49 (small blind) folded before Flop
Seat 6: fc879c1e (big blind) collected ($0.76)


Poker Hand #HD1834037576: Hold'em No Limit ($0.05/$0.1) - 2024/06/27 21:10:25
Table 'NLHRed92' 6-max Seat #3 is the button
Seat 2: f07b417f ($14.25 in chips)
Seat 3: Hero ($10.46 in chips)
Seat 4: e1f669c0 ($6.61 in chips)
Seat 5: 9acc0c49 ($10.86 in chips)
Seat 6: fc879c1e ($10 in chips)
e1f669c0: posts small blind $0.05
9acc0c49: posts big blind $0.1
*** HOLE CARDS ***
Dealt to f07b417f 
Dealt to Hero [Tc Ad]
Dealt to e1f669c0 
Dealt to 9acc0c49 
Dealt to fc879c1e 
fc879c1e: folds
f07b417f: folds
Hero: raises $0.14 to $0.24
e1f669c0: calls $0.19
9acc0c49: calls $0.14
*** FLOP *** [Td Qs 7h]
e1f669c0: checks
9acc0c49: checks
Hero: checks
*** TURN *** [Td Qs 7h] [9h]
e1f669c0: checks
9acc0c49: checks
Hero: bets $0.24
e1f669c0: folds
9acc0c49: folds
Uncalled bet ($0.24) returned to Hero
*** SHOWDOWN ***
Hero collected $0.69 from pot
*** SUMMARY ***
Total pot $0.72 | Rake $0.03 | Jackpot $0 | Bingo $0 | Fortune $0 | Tax $0
Board [Td Qs 7h 9h]
Seat 2: f07b417f folded before Flop (didn't bet)
Seat 3: Hero (button) won ($0.69)
Seat 4: e1f669c0 (small blind) folded on the Turn
Seat 5: 9acc0c49 (big blind) folded on the Turn
Seat 6: fc879c1e folded before Flop (didn't bet)


Poker Hand #HD1834037421: Hold'em No Limit ($0.05/$0.1) - 2024/06/27 21:09:12
Table 'NLHRed92' 6-max Seat #2 is the button
Seat 2: f07b417f ($14.25 in chips)
Seat 3: Hero ($10.51 in chips)
Seat 4: e1f669c0 ($6.71 in chips)
Seat 5: 9acc0c49 ($10 in chips)
Seat 6: fc879c1e ($10.37 in chips)
Hero: posts small blind $0.05
e1f669c0: posts big blind $0.1
*** HOLE CARDS ***
Dealt to f07b417f 
Dealt to Hero [8h 3c]
Dealt to e1f669c0 
Dealt to 9acc0c49 
Dealt to fc879c1e 
9acc0c49: raises $0.15 to $0.25
fc879c1e: raises $0.54 to $0.79
f07b417f: folds
Hero: folds
e1f669c0: folds
9acc0c49: calls $0.54
*** FLOP *** [4h Jc 9s]
9acc0c49: checks
fc879c1e: checks
*** TURN *** [4h Jc 9s] [4d]
9acc0c49: bets $0.6
fc879c1e: folds
Uncalled bet ($0.6) returned to 9acc0c49
*** SHOWDOWN ***
9acc0c49 collected $1.65 from pot
*** SUMMARY ***
Total pot $1.73 | Rake $0.08 | Jackpot $0 | Bingo $0 | Fortune $0 | Tax $0
Board [4h Jc 9s 4d]
Seat 2: f07b417f (button) folded before Flop (didn't bet)
Seat 3: Hero (small blind) folded before Flop
Seat 4: e1f669c0 (big blind) folded before Flop
Seat 5: 9acc0c49 won ($1.65)
Seat 6: fc879c1e folded on the Turn


Poker Hand #HD1834037355: Hold'em No Limit ($0.05/$0.1) - 2024/06/27 21:08:41
Table 'NLHRed92' 6-max Seat #6 is the button
Seat 2: f07b417f ($14.3 in chips)
Seat 3: Hero ($10.37 in chips)
Seat 4: e1f669c0 ($6.81 in chips)
Seat 5: 9acc0c49 ($10 in chips)
Seat 6: fc879c1e ($10.37 in chips)
f07b417f: posts small blind $0.05
Hero: posts big blind $0.1
*** HOLE CARDS ***
Dealt to f07b417f 
Dealt to Hero [Js 3s]
Dealt to e1f669c0 
Dealt to 9acc0c49 
Dealt to fc879c1e 
e1f669c0: calls $0.1
9acc0c49: folds
fc879c1e: folds
f07b417f: folds
Hero: checks
*** FLOP *** [Qs 9d 5s]
Hero: checks
e1f669c0: checks
*** TURN *** [Qs 9d 5s] [5h]
Hero: bets $0.17
e1f669c0: folds
Uncalled bet ($0.17) returned to Hero
*** SHOWDOWN ***
Hero collected $0.24 from pot
*** SUMMARY ***
Total pot $0.25 | Rake $0.01 | Jackpot $0 | Bingo $0 | Fortune $0 | Tax $0
Board [Qs 9d 5s 5h]
Seat 2: f07b417f (small blind) folded before Flop
Seat 3: Hero (big blind) won ($0.24)
Seat 4: e1f669c0 folded on the Turn
Seat 5: 9acc0c49 folded before Flop (didn't bet)
Seat 6: fc879c1e (button) folded before Flop (didn't bet)


Poker Hand #HD1834037312: Hold'em No Limit ($0.05/$0.1) - 2024/06/27 21:08:21
Table 'NLHRed92' 6-max Seat #5 is the button
Seat 2: f07b417f ($14.4 in chips)
Seat 3: Hero ($10.37 in chips)
Seat 4: e1f669c0 ($6.66 in chips)
Seat 5: 9acc0c49 ($10 in chips)
Seat 6: fc879c1e ($10.42 in chips)
fc879c1e: posts small blind $0.05
f07b417f: posts big blind $0.1
*** HOLE CARDS ***
Dealt to f07b417f 
Dealt to Hero [2d Ts]
Dealt to e1f669c0 
Dealt to 9acc0c49 
Dealt to fc879c1e 
Hero: folds
e1f669c0: raises $0.1 to $0.2
9acc0c49: folds
fc879c1e: folds
f07b417f: folds
Uncalled bet ($0.1) returned to e1f669c0
*** SHOWDOWN ***
e1f669c0 collected $0.25 from pot
*** SUMMARY ***
Total pot $0.25 | Rake $0 | Jackpot $0 | Bingo $0 | Fortune $0 | Tax $0
Seat 2: f07b417f (big blind) folded before Flop
Seat 3: Hero folded before Flop (didn't bet)
Seat 4: e1f669c0 collected ($0.25)
Seat 5: 9acc0c49 (button) folded before Flop (didn't bet)
Seat 6: fc879c1e (small blind) folded before Flop


Poker Hand #HD1834037219: Hold'em No Limit ($0.05/$0.1) - 2024/06/27 21:07:37
Table 'NLHRed92' 6-max Seat #4 is the button
Seat 1: f33b9aa0 ($12.57 in chips)
Seat 2: f07b417f ($14.4 in chips)
Seat 3: Hero ($10.37 in chips)
Seat 4: e1f669c0 ($6.52 in chips)
Seat 5: 9acc0c49 ($10 in chips)
Seat 6: fc879c1e ($10.52 in chips)
9acc0c49: posts small blind $0.05
fc879c1e: posts big blind $0.1
*** HOLE CARDS ***
Dealt to f33b9aa0 
Dealt to f07b417f 
Dealt to Hero [9h Kc]
Dealt to e1f669c0 
Dealt to 9acc0c49 
Dealt to fc879c1e 
f33b9aa0: folds
f07b417f: folds
Hero: folds
e1f669c0: calls $0.1
9acc0c49: folds
fc879c1e: checks
*** FLOP *** [9d 3c Kd]
fc879c1e: checks
e1f669c0: checks
*** TURN *** [9d 3c Kd] [Ah]
fc879c1e: checks
e1f669c0: bets $0.13
fc879c1e: folds
Uncalled bet ($0.13) returned to e1f669c0
*** SHOWDOWN ***
e1f669c0 collected $0.24 from pot
*** SUMMARY ***
Total pot $0.25 | Rake $0.01 | Jackpot $0 | Bingo $0 | Fortune $0 | Tax $0
Board [9d 3c Kd Ah]
Seat 1: f33b9aa0 folded before Flop (didn't bet)
Seat 2: f07b417f folded before Flop (didn't bet)
Seat 3: Hero folded before Flop (didn't bet)
Seat 4: e1f669c0 (button) won ($0.24)
Seat 5: 9acc0c49 (small blind) folded before Flop
Seat 6: fc879c1e (big blind) folded on the Turn


Poker Hand #HD1834037133: Hold'em No Limit ($0.05/$0.1) - 2024/06/27 21:06:58
Table 'NLHRed92' 6-max Seat #3 is the button
Seat 1: f33b9aa0 ($12.57 in chips)
Seat 2: f07b417f ($14.4 in chips)
Seat 3: Hero ($10 in chips)
Seat 4: e1f669c0 ($6.82 in chips)
Seat 5: 9acc0c49 ($10 in chips)
Seat 6: fc879c1e ($10.52 in chips)
e1f669c0: posts small blind $0.05
9acc0c49: posts big blind $0.1
*** HOLE CARDS ***
Dealt to f33b9aa0 
Dealt to f07b417f 
Dealt to Hero [2d Kd]
Dealt to e1f669c0 
Dealt to 9acc0c49 
Dealt to fc879c1e 
fc879c1e: folds
f33b9aa0: folds
f07b417f: folds
Hero: raises $0.2 to $0.3
e1f669c0: calls $0.25
9acc0c49: folds
*** FLOP *** [4d 5d Jc]
e1f669c0: checks
Hero: bets $0.6
e1f669c0: folds
Uncalled bet ($0.6) returned to Hero
*** SHOWDOWN ***
Hero collected $0.67 from pot
*** SUMMARY ***
Total pot $0.7 | Rake $0.03 | Jackpot $0 | Bingo $0 | Fortune $0 | Tax $0
Board [4d 5d Jc]
Seat 1: f33b9aa0 folded before Flop (didn't bet)
Seat 2: f07b417f folded before Flop (didn't bet)
Seat 3: Hero (button) won ($0.67)
Seat 4: e1f669c0 (small blind) folded on the Flop
Seat 5: 9acc0c49 (big blind) folded before Flop
Seat 6: fc879c1e folded before Flop (didn't bet)


Poker Hand #HD1834037106: Hold'em No Limit ($0.05/$0.1) - 2024/06/27 21:06:47
Table 'NLHRed92' 6-max Seat #2 is the button
Seat 1: f33b9aa0 ($12.57 in chips)
Seat 2: f07b417f ($14.4 in chips)
Seat 3: Hero ($10.05 in chips)
Seat 4: e1f669c0 ($6.77 in chips)
Seat 5: 9acc0c49 ($10 in chips)
Seat 6: fc879c1e ($10.52 in chips)
Hero: posts small blind $0.05
e1f669c0: posts big blind $0.1
*** HOLE CARDS ***
Dealt to f33b9aa0 
Dealt to f07b417f 
Dealt to Hero [2c Th]
Dealt to e1f669c0 
Dealt to 9acc0c49 
Dealt to fc879c1e 
9acc0c49: folds
fc879c1e: folds
f33b9aa0: folds
f07b417f: folds
Hero: folds
Uncalled bet ($0.05) returned to e1f669c0
*** SHOWDOWN ***
e1f669c0 collected $0.1 from pot
*** SUMMARY ***
Total pot $0.1 | Rake $0 | Jackpot $0 | Bingo $0 | Fortune $0 | Tax $0
Seat 1: f33b9aa0 folded before Flop (didn't bet)
Seat 2: f07b417f (button) folded before Flop (didn't bet)
Seat 3: Hero (small blind) folded before Flop
Seat 4: e1f669c0 (big blind) collected ($0.1)
Seat 5: 9acc0c49 folded before Flop (didn't bet)
Seat 6: fc879c1e folded before Flop (didn't bet)


Poker Hand #HD1834037066: Hold'em No Limit ($0.05/$0.1) - 2024/06/27 21:06:30
Table 'NLHRed92' 6-max Seat #1 is the button
Seat 1: f33b9aa0 ($12.57 in chips)
Seat 2: f07b417f ($14.45 in chips)
Seat 3: Hero ($10.15 in chips)
Seat 4: e1f669c0 ($6.62 in chips)
Seat 5: 9acc0c49 ($10 in chips)
Seat 6: fc879c1e ($10.52 in chips)
f07b417f: posts small blind $0.05
Hero: posts big blind $0.1
*** HOLE CARDS ***
Dealt to f33b9aa0 
Dealt to f07b417f 
Dealt to Hero [3s Td]
Dealt to e1f669c0 
Dealt to 9acc0c49 
Dealt to fc879c1e 
e1f669c0: raises $0.1 to $0.2
9acc0c49: folds
fc879c1e: folds
f33b9aa0: folds
f07b417f: folds
Hero: folds
Uncalled bet ($0.1) returned to e1f669c0
*** SHOWDOWN ***
e1f669c0 collected $0.25 from pot
*** SUMMARY ***
Total pot $0.25 | Rake $0 | Jackpot $0 | Bingo $0 | Fortune $0 | Tax $0
Seat 1: f33b9aa0 (button) folded before Flop (didn't bet)
Seat 2: f07b417f (small blind) folded before Flop
Seat 3: Hero (big blind) folded before Flop
Seat 4: e1f669c0 collected ($0.25)
Seat 5: 9acc0c49 folded before Flop (didn't bet)
Seat 6: fc879c1e folded before Flop (didn't bet)


Poker Hand #HD1834037024: Hold'em No Limit ($0.05/$0.1) - 2024/06/27 21:06:08
Table 'NLHRed92' 6-max Seat #6 is the button
Seat 1: f33b9aa0 ($12.62 in chips)
Seat 2: f07b417f ($14.55 in chips)
Seat 3: Hero ($10 in chips)
Seat 4: e1f669c0 ($6.62 in chips)
Seat 5: 9acc0c49 ($10 in chips)
Seat 6: fc879c1e ($10.52 in chips)
f33b9aa0: posts small blind $0.05
f07b417f: posts big blind $0.1
*** HOLE CARDS ***
Dealt to f33b9aa0 
Dealt to f07b417f 
Dealt to Hero [7c 7h]
Dealt to e1f669c0 
Dealt to 9acc0c49 
Dealt to fc879c1e 
Hero: raises $0.1 to $0.2
e1f669c0: folds
9acc0c49: folds
fc879c1e: folds
f33b9aa0: folds
f07b417f: folds
Uncalled bet ($0.1) returned to Hero
*** SHOWDOWN ***
Hero collected $0.25 from pot
*** SUMMARY ***
Total pot $0.25 | Rake $0 | Jackpot $0 | Bingo $0 | Fortune $0 | Tax $0
Seat 1: f33b9aa0 (small blind) folded before Flop
Seat 2: f07b417f (big blind) folded before Flop
Seat 3: Hero collected ($0.25)
Seat 4: e1f669c0 folded before Flop (didn't bet)
Seat 5: 9acc0c49 folded before Flop (didn't bet)
Seat 6: fc879c1e (button) folded before Flop (didn't bet)


Poker Hand #HD1834036830: Hold'em No Limit ($0.05/$0.1) - 2024/06/27 21:04:39
Table 'NLHRed92' 6-max Seat #5 is the button
Seat 1: f33b9aa0 ($12.06 in chips)
Seat 2: f07b417f ($14.55 in chips)
Seat 3: Hero ($10 in chips)
Seat 4: e1f669c0 ($6.62 in chips)
Seat 5: 9acc0c49 ($10 in chips)
Seat 6: fc879c1e ($11.14 in chips)
fc879c1e: posts small blind $0.05
f33b9aa0: posts big blind $0.1
*** HOLE CARDS ***
Dealt to f33b9aa0 
Dealt to f07b417f 
Dealt to Hero [2d Kd]
Dealt to e1f669c0 
Dealt to 9acc0c49 
Dealt to fc879c1e 
f07b417f: folds
Hero: folds
e1f669c0: folds
9acc0c49: folds
fc879c1e: raises $0.2 to $0.3
f33b9aa0: calls $0.2
*** FLOP *** [4c Js Qs]
fc879c1e: bets $0.32
f33b9aa0: calls $0.32
*** TURN *** [4c Js Qs] [9h]
fc879c1e: checks
f33b9aa0: checks
*** RIVER *** [4c Js Qs 9h] [9s]
fc879c1e: checks
f33b9aa0: checks
fc879c1e: shows [Ac 7d] (Pair of Nines)
f33b9aa0: shows [8d 8c] (Pair of Nines and Pair of Eights)
*** SHOWDOWN ***
f33b9aa0 collected $1.18 from pot
*** SUMMARY ***
Total pot $1.24 | Rake $0.06 | Jackpot $0 | Bingo $0 | Fortune $0 | Tax $0
Board [4c Js Qs 9h 9s]
Seat 1: f33b9aa0 (big blind) showed [8d 8c] and won ($1.18) with Pair of Nines and Pair of Eights
Seat 2: f07b417f folded before Flop (didn't bet)
Seat 3: Hero folded before Flop (didn't bet)
Seat 4: e1f669c0 folded before Flop (didn't bet)
Seat 5: 9acc0c49 (button) folded before Flop (didn't bet)
Seat 6: fc879c1e (small blind) showed [Ac 7d] and lost with Pair of Nines


Poker Hand #HD1834036791: Hold'em No Limit ($0.05/$0.1) - 2024/06/27 21:04:22
Table 'NLHRed92' 6-max Seat #4 is the button
Seat 1: f33b9aa0 ($12.06 in chips)
Seat 2: f07b417f ($14.4 in chips)
Seat 3: Hero ($10 in chips)
Seat 4: e1f669c0 ($6.62 in chips)
Seat 5: 9acc0c49 ($10 in chips)
Seat 6: fc879c1e ($11.24 in chips)
9acc0c49: posts small blind $0.05
fc879c1e: posts big blind $0.1
*** HOLE CARDS ***
Dealt to f33b9aa0 
Dealt to f07b417f 
Dealt to Hero [Kd 3d]
Dealt to e1f669c0 
Dealt to 9acc0c49 
Dealt to fc879c1e 
f33b9aa0: folds
f07b417f: raises $0.15 to $0.25
Hero: folds
e1f669c0: folds
9acc0c49: folds
fc879c1e: folds
Uncalled bet ($0.15) returned to f07b417f
*** SHOWDOWN ***
f07b417f collected $0.25 from pot
*** SUMMARY ***
Total pot $0.25 | Rake $0 | Jackpot $0 | Bingo $0 | Fortune $0 | Tax $0
Seat 1: f33b9aa0 folded before Flop (didn't bet)
Seat 2: f07b417f collected ($0.25)
Seat 3: Hero folded before Flop (didn't bet)
Seat 4: e1f669c0 (button) folded before Flop (didn't bet)
Seat 5: 9acc0c49 (small blind) folded before Flop
Seat 6: fc879c1e (big blind) folded before Flop


Poker Hand #HD1834036756: Hold'em No Limit ($0.05/$0.1) - 2024/06/27 21:04:07
Table 'NLHRed92' 6-max Seat #3 is the button
Seat 1: f33b9aa0 ($12.06 in chips)
Seat 2: f07b417f ($14.4 in chips)
Seat 3: Hero ($10 in chips)
Seat 4: e1f669c0 ($6.67 in chips)
Seat 5: 9acc0c49 ($10 in chips)
Seat 6: fc879c1e ($11.09 in chips)
e1f669c0: posts small blind $0.05
9acc0c49: posts big blind $0.1
*** HOLE CARDS ***
Dealt to f33b9aa0 
Dealt to f07b417f 
Dealt to Hero [2h 5c]
Dealt to e1f669c0 
Dealt to 9acc0c49 
Dealt to fc879c1e 
fc879c1e: raises $0.15 to $0.25
f33b9aa0: folds
f07b417f: folds
Hero: folds
e1f669c0: folds
9acc0c49: folds
Uncalled bet ($0.15) returned to fc879c1e
*** SHOWDOWN ***
fc879c1e collected $0.25 from pot
*** SUMMARY ***
Total pot $0.25 | Rake $0 | Jackpot $0 | Bingo $0 | Fortune $0 | Tax $0
Seat 1: f33b9aa0 folded before Flop (didn't bet)
Seat 2: f07b417f folded before Flop (didn't bet)
Seat 3: Hero (button) folded before Flop (didn't bet)
Seat 4: e1f669c0 (small blind) folded before Flop
Seat 5: 9acc0c49 (big blind) folded before Flop
Seat 6: fc879c1e collected ($0.25)


Poker Hand #HD1834036694: Hold'em No Limit ($0.05/$0.1) - 2024/06/27 21:03:35
Table 'NLHRed92' 6-max Seat #2 is the button
Seat 1: f33b9aa0 ($12.06 in chips)
Seat 2: f07b417f ($14.4 in chips)
Seat 3: Hero ($10 in chips)
Seat 4: e1f669c0 ($6.77 in chips)
Seat 5: 9acc0c49 ($10 in chips)
Seat 6: fc879c1e ($10 in chips)
Hero: posts small blind $0.05
e1f669c0: posts big blind $0.1
*** HOLE CARDS ***
Dealt to f33b9aa0 
Dealt to f07b417f 
Dealt to Hero [Ah Qd]
Dealt to e1f669c0 
Dealt to 9acc0c49 
Dealt to fc879c1e 
9acc0c49: folds
fc879c1e: raises $0.15 to $0.25
f33b9aa0: folds
f07b417f: folds
Hero: raises $0.85 to $1.1
e1f669c0: folds
fc879c1e: raises $1.44 to $2.54
Hero: folds
Uncalled bet ($1.44) returned to fc879c1e
*** SHOWDOWN ***
fc879c1e collected $2.19 from pot
*** SUMMARY ***
Total pot $2.3 | Rake $0.11 | Jackpot $0 | Bingo $0 | Fortune $0 | Tax $0
Seat 1: f33b9aa0 folded before Flop (didn't bet)
Seat 2: f07b417f (button) folded before Flop (didn't bet)
Seat 3: Hero (small blind) folded before Flop
Seat 4: e1f669c0 (big blind) folded before Flop
Seat 5: 9acc0c49 folded before Flop (didn't bet)
Seat 6: fc879c1e collected ($2.19)


Poker Hand #HD1834036583: Hold'em No Limit ($0.05/$0.1) - 2024/06/27 21:02:38
Table 'NLHRed92' 6-max Seat #1 is the button
Seat 1: f33b9aa0 ($12.06 in chips)
Seat 2: f07b417f ($10.46 in chips)
Seat 3: Hero ($10 in chips)
Seat 4: e1f669c0 ($10.49 in chips)
Seat 5: 9acc0c49 ($10 in chips)
Seat 6: fc879c1e ($10.16 in chips)
f07b417f: posts small blind $0.05
Hero: posts big blind $0.1
*** HOLE CARDS ***
Dealt to f33b9aa0 
Dealt to f07b417f 
Dealt to Hero [Qh 2h]
Dealt to e1f669c0 
Dealt to 9acc0c49 
Dealt to fc879c1e 
e1f669c0: raises $0.1 to $0.2
9acc0c49: folds
fc879c1e: raises $0.42 to $0.62
f33b9aa0: folds
f07b417f: calls $0.57
Hero: folds
e1f669c0: calls $0.42
*** FLOP *** [Js 4d 4s]
f07b417f: checks
e1f669c0: checks
fc879c1e: checks
*** TURN *** [Js 4d 4s] [8h]
f07b417f: bets $0.65
e1f669c0: calls $0.65
fc879c1e: folds
*** RIVER *** [Js 4d 4s 8h] [5d]
f07b417f: bets $2.45
e1f669c0: calls $2.45
f07b417f: shows [Jc Jd] (Jacks Full over Fours)
e1f669c0: shows [Qd Qc] (Pair of Queens and Pair of Fours)
*** SHOWDOWN ***
f07b417f collected $7.66 from pot
*** SUMMARY ***
Total pot $8.16 | Rake $0.4 | Jackpot $0.1 | Bingo $0 | Fortune $0 | Tax $0
Board [Js 4d 4s 8h 5d]
Seat 1: f33b9aa0 (button) folded before Flop (didn't bet)
Seat 2: f07b417f (small blind) showed [Jc Jd] and won ($7.66) with Jacks Full over Fours
Seat 3: Hero (big blind) folded before Flop
Seat 4: e1f669c0 showed [Qd Qc] and lost with Pair of Queens and Pair of Fours
Seat 5: 9acc0c49 folded before Flop (didn't bet)
Seat 6: fc879c1e folded on the Turn


Poker Hand #HD1834036516: Hold'em No Limit ($0.05/$0.1) - 2024/06/27 21:02:10
Table 'NLHRed92' 6-max Seat #6 is the button
Seat 1: f33b9aa0 ($12.11 in chips)
Seat 2: f07b417f ($10 in chips)
Seat 3: Hero ($10 in chips)
Seat 4: e1f669c0 ($10.59 in chips)
Seat 5: 9acc0c49 ($10 in chips)
Seat 6: fc879c1e ($10.51 in chips)
f33b9aa0: posts small blind $0.05
f07b417f: posts big blind $0.1
*** HOLE CARDS ***
Dealt to f33b9aa0 
Dealt to f07b417f 
Dealt to Hero [8h 2h]
Dealt to e1f669c0 
Dealt to 9acc0c49 
Dealt to fc879c1e 
Hero: folds
e1f669c0: calls $0.1
9acc0c49: folds
fc879c1e: raises $0.25 to $0.35
f33b9aa0: folds
f07b417f: raises $0.85 to $1.2
e1f669c0: folds
fc879c1e: folds
Uncalled bet ($0.85) returned to f07b417f
*** SHOWDOWN ***
f07b417f collected $0.81 from pot
*** SUMMARY ***
Total pot $0.85 | Rake $0.04 | Jackpot $0 | Bingo $0 | Fortune $0 | Tax $0
Seat 1: f33b9aa0 (small blind) folded before Flop
Seat 2: f07b417f (big blind) collected ($0.81)
Seat 3: Hero folded before Flop (didn't bet)
Seat 4: e1f669c0 folded before Flop
Seat 5: 9acc0c49 folded before Flop (didn't bet)
Seat 6: fc879c1e (button) folded before Flop


Poker Hand #HD1834036338: Hold'em No Limit ($0.05/$0.1) - 2024/06/27 21:00:47
Table 'NLHRed92' 6-max Seat #5 is the button
Seat 1: f33b9aa0 ($10.71 in chips)
Seat 2: f07b417f ($10 in chips)
Seat 3: Hero ($10.9 in chips)
Seat 4: e1f669c0 ($10.59 in chips)
Seat 5: 9acc0c49 ($10 in chips)
Seat 6: fc879c1e ($10.56 in chips)
fc879c1e: posts small blind $0.05
f33b9aa0: posts big blind $0.1
*** HOLE CARDS ***
Dealt to f33b9aa0 
Dealt to f07b417f 
Dealt to Hero [Qd Jh]
Dealt to e1f669c0 
Dealt to 9acc0c49 
Dealt to fc879c1e 
f07b417f: folds
Hero: raises $0.1 to $0.2
e1f669c0: folds
9acc0c49: folds
fc879c1e: folds
f33b9aa0: calls $0.1
*** FLOP *** [5d Qh 3c]
f33b9aa0: checks
Hero: bets $0.2
f33b9aa0: calls $0.2
*** TURN *** [5d Qh 3c] [Qc]
f33b9aa0: checks
Hero: bets $0.4
f33b9aa0: calls $0.4
*** RIVER *** [5d Qh 3c Qc] [2c]
f33b9aa0: checks
Hero: bets $0.8
f33b9aa0: calls $0.8
Hero: shows [Qd Jh] (Three Queens)
f33b9aa0: shows [Kh Qs] (Three Queens)
*** SHOWDOWN ***
f33b9aa0 collected $3 from pot
*** SUMMARY ***
Total pot $3.25 | Rake $0.15 | Jackpot $0.1 | Bingo $0 | Fortune $0 | Tax $0
Board [5d Qh 3c Qc 2c]
Seat 1: f33b9aa0 (big blind) showed [Kh Qs] and won ($3) with Three Queens
Seat 2: f07b417f folded before Flop (didn't bet)
Seat 3: Hero showed [Qd Jh] and lost with Three Queens
Seat 4: e1f669c0 folded before Flop (didn't bet)
Seat 5: 9acc0c49 (button) folded before Flop (didn't bet)
Seat 6: fc879c1e (small blind) folded before Flop


Poker Hand #HD1834036248: Hold'em No Limit ($0.05/$0.1) - 2024/06/27 21:00:08
Table 'NLHRed92' 6-max Seat #4 is the button
Seat 1: f33b9aa0 ($10.71 in chips)
Seat 2: f07b417f ($10 in chips)
Seat 3: Hero ($10.9 in chips)
Seat 4: e1f669c0 ($10.79 in chips)
Seat 5: 9acc0c49 ($10 in chips)
Seat 6: fc879c1e ($10.33 in chips)
9acc0c49: posts small blind $0.05
fc879c1e: posts big blind $0.1
*** HOLE CARDS ***
Dealt to f33b9aa0 
Dealt to f07b417f 
Dealt to Hero [3d 8c]
Dealt to e1f669c0 
Dealt to 9acc0c49 
Dealt to fc879c1e 
f33b9aa0: folds
f07b417f: folds
Hero: folds
e1f669c0: raises $0.1 to $0.2
9acc0c49: folds
fc879c1e: raises $0.83 to $1.03
e1f669c0: folds
Uncalled bet ($0.83) returned to fc879c1e
*** SHOWDOWN ***
fc879c1e collected $0.43 from pot
*** SUMMARY ***
Total pot $0.45 | Rake $0.02 | Jackpot $0 | Bingo $0 | Fortune $0 | Tax $0
Seat 1: f33b9aa0 folded before Flop (didn't bet)
Seat 2: f07b417f folded before Flop (didn't bet)
Seat 3: Hero folded before Flop (didn't bet)
Seat 4: e1f669c0 (button) folded before Flop
Seat 5: 9acc0c49 (small blind) folded before Flop
Seat 6: fc879c1e (big blind) collected ($0.43)


Poker Hand #HD1834036184: Hold'em No Limit ($0.05/$0.1) - 2024/06/27 20:59:41
Table 'NLHRed92' 6-max Seat #3 is the button
Seat 1: f33b9aa0 ($10.71 in chips)
Seat 2: f07b417f ($10 in chips)
Seat 3: Hero ($10.9 in chips)
Seat 4: e1f669c0 ($10.61 in chips)
Seat 5: 9acc0c49 ($10 in chips)
Seat 6: fc879c1e ($10.33 in chips)
e1f669c0: posts small blind $0.05
9acc0c49: posts big blind $0.1
*** HOLE CARDS ***
Dealt to f33b9aa0 
Dealt to f07b417f 
Dealt to Hero [Ah 8d]
Dealt to e1f669c0 
Dealt to 9acc0c49 
Dealt to fc879c1e 
fc879c1e: folds
f33b9aa0: folds
f07b417f: folds
Hero: folds
e1f669c0: raises $0.1 to $0.2
9acc0c49: calls $0.1
*** FLOP *** [2h Td Th]
e1f669c0: bets $0.2
9acc0c49: folds
Uncalled bet ($0.2) returned to e1f669c0
*** SHOWDOWN ***
e1f669c0 collected $0.38 from pot
*** SUMMARY ***
Total pot $0.4 | Rake $0.02 | Jackpot $0 | Bingo $0 | Fortune $0 | Tax $0
Board [2h Td Th]
Seat 1: f33b9aa0 folded before Flop (didn't bet)
Seat 2: f07b417f folded before Flop (didn't bet)
Seat 3: Hero (button) folded before Flop (didn't bet)
Seat 4: e1f669c0 (small blind) won ($0.38)
Seat 5: 9acc0c49 (big blind) folded on the Flop
Seat 6: fc879c1e folded before Flop (didn't bet)


Poker Hand #HD1834036163: Hold'em No Limit ($0.05/$0.1) - 2024/06/27 20:59:32
Table 'NLHRed92' 6-max Seat #2 is the button
Seat 1: f33b9aa0 ($10.71 in chips)
Seat 2: f07b417f ($10 in chips)
Seat 3: Hero ($10.95 in chips)
Seat 4: e1f669c0 ($10.56 in chips)
Seat 6: fc879c1e ($10.33 in chips)
Hero: posts small blind $0.05
e1f669c0: posts big blind $0.1
*** HOLE CARDS ***
Dealt to f33b9aa0 
Dealt to f07b417f 
Dealt to Hero [2c 7s]
Dealt to e1f669c0 
Dealt to fc879c1e 
fc879c1e: folds
f33b9aa0: folds
f07b417f: folds
Hero: folds
Uncalled bet ($0.05) returned to e1f669c0
*** SHOWDOWN ***
e1f669c0 collected $0.1 from pot
*** SUMMARY ***
Total pot $0.1 | Rake $0 | Jackpot $0 | Bingo $0 | Fortune $0 | Tax $0
Seat 1: f33b9aa0 folded before Flop (didn't bet)
Seat 2: f07b417f (button) folded before Flop (didn't bet)
Seat 3: Hero (small blind) folded before Flop
Seat 4: e1f669c0 (big blind) collected ($0.1)
Seat 6: fc879c1e folded before Flop (didn't bet)


Poker Hand #HD1834036122: Hold'em No Limit ($0.05/$0.1) - 2024/06/27 20:59:15
Table 'NLHRed92' 6-max Seat #1 is the button
Seat 1: f33b9aa0 ($10.71 in chips)
Seat 2: f07b417f ($10 in chips)
Seat 3: Hero ($11.05 in chips)
Seat 4: e1f669c0 ($10.41 in chips)
Seat 6: fc879c1e ($10.33 in chips)
f07b417f: posts small blind $0.05
Hero: posts big blind $0.1
*** HOLE CARDS ***
Dealt to f33b9aa0 
Dealt to f07b417f 
Dealt to Hero [2h Qc]
Dealt to e1f669c0 
Dealt to fc879c1e 
e1f669c0: raises $0.1 to $0.2
fc879c1e: folds
f33b9aa0: folds
f07b417f: folds
Hero: folds
Uncalled bet ($0.1) returned to e1f669c0
*** SHOWDOWN ***
e1f669c0 collected $0.25 from pot
*** SUMMARY ***
Total pot $0.25 | Rake $0 | Jackpot $0 | Bingo $0 | Fortune $0 | Tax $0
Seat 1: f33b9aa0 (button) folded before Flop (didn't bet)
Seat 2: f07b417f (small blind) folded before Flop
Seat 3: Hero (big blind) folded before Flop
Seat 4: e1f669c0 collected ($0.25)
Seat 6: fc879c1e folded before Flop (didn't bet)


Poker Hand #HD1834036069: Hold'em No Limit ($0.05/$0.1) - 2024/06/27 20:58:53
Table 'NLHRed92' 6-max Seat #6 is the button
Seat 1: f33b9aa0 ($10.52 in chips)
Seat 2: f07b417f ($10 in chips)
Seat 3: Hero ($11.05 in chips)
Seat 4: e1f669c0 ($10.51 in chips)
Seat 6: fc879c1e ($10.33 in chips)
f33b9aa0: posts small blind $0.05
f07b417f: posts big blind $0.1
*** HOLE CARDS ***
Dealt to f33b9aa0 
Dealt to f07b417f 
Dealt to Hero [6d Qd]
Dealt to e1f669c0 
Dealt to fc879c1e 
Hero: folds
e1f669c0: calls $0.1
fc879c1e: folds
f33b9aa0: raises $0.5 to $0.6
f07b417f: folds
e1f669c0: folds
Uncalled bet ($0.5) returned to f33b9aa0
*** SHOWDOWN ***
f33b9aa0 collected $0.29 from pot
*** SUMMARY ***
Total pot $0.3 | Rake $0.01 | Jackpot $0 | Bingo $0 | Fortune $0 | Tax $0
Seat 1: f33b9aa0 (small blind) collected ($0.29)
Seat 2: f07b417f (big blind) folded before Flop
Seat 3: Hero folded before Flop (didn't bet)
Seat 4: e1f669c0 folded before Flop
Seat 6: fc879c1e (button) folded before Flop (didn't bet)


Poker Hand #HD1834036027: Hold'em No Limit ($0.05/$0.1) - 2024/06/27 20:58:34
Table 'NLHRed92' 6-max Seat #4 is the button
Seat 1: f33b9aa0 ($10.62 in chips)
Seat 2: f07b417f ($10 in chips)
Seat 3: Hero ($11.05 in chips)
Seat 4: e1f669c0 ($10.37 in chips)
Seat 6: fc879c1e ($10.38 in chips)
fc879c1e: posts small blind $0.05
f33b9aa0: posts big blind $0.1
*** HOLE CARDS ***
Dealt to f33b9aa0 
Dealt to f07b417f 
Dealt to Hero [5c 2d]
Dealt to e1f669c0 
Dealt to fc879c1e 
f07b417f: folds
Hero: folds
e1f669c0: calls $0.1
fc879c1e: folds
f33b9aa0: checks
*** FLOP *** [4h Kd 9d]
f33b9aa0: checks
e1f669c0: bets $0.19
f33b9aa0: folds
Uncalled bet ($0.19) returned to e1f669c0
*** SHOWDOWN ***
e1f669c0 collected $0.24 from pot
*** SUMMARY ***
Total pot $0.25 | Rake $0.01 | Jackpot $0 | Bingo $0 | Fortune $0 | Tax $0
Board [4h Kd 9d]
Seat 1: f33b9aa0 (big blind) folded on the Flop
Seat 2: f07b417f folded before Flop (didn't bet)
Seat 3: Hero folded before Flop (didn't bet)
Seat 4: e1f669c0 (button) won ($0.24)
Seat 6: fc879c1e (small blind) folded before Flop


Poker Hand #HD1834035895: Hold'em No Limit ($0.05/$0.1) - 2024/06/27 20:57:29
Table 'NLHRed92' 6-max Seat #3 is the button
Seat 1: f33b9aa0 ($10.15 in chips)
Seat 2: f07b417f ($10 in chips)
Seat 3: Hero ($11.05 in chips)
Seat 4: e1f669c0 ($10.62 in chips)
Seat 6: fc879c1e ($10.63 in chips)
e1f669c0: posts small blind $0.05
fc879c1e: posts big blind $0.1
*** HOLE CARDS ***
Dealt to f33b9aa0 
Dealt to f07b417f 
Dealt to Hero [6c Kh]
Dealt to e1f669c0 
Dealt to fc879c1e 
f33b9aa0: raises $0.15 to $0.25
f07b417f: folds
Hero: folds
e1f669c0: calls $0.2
fc879c1e: calls $0.15
*** FLOP *** [3d 5s 3h]
e1f669c0: checks
fc879c1e: checks
f33b9aa0: checks
*** TURN *** [3d 5s 3h] [Kc]
e1f669c0: checks
fc879c1e: checks
f33b9aa0: bets $0.57
e1f669c0: folds
fc879c1e: folds
Uncalled bet ($0.57) returned to f33b9aa0
*** SHOWDOWN ***
f33b9aa0 collected $0.72 from pot
*** SUMMARY ***
Total pot $0.75 | Rake $0.03 | Jackpot $0 | Bingo $0 | Fortune $0 | Tax $0
Board [3d 5s 3h Kc]
Seat 1: f33b9aa0 won ($0.72)
Seat 2: f07b417f folded before Flop (didn't bet)
Seat 3: Hero (button) folded before Flop (didn't bet)
Seat 4: e1f669c0 (small blind) folded on the Turn
Seat 6: fc879c1e (big blind) folded on the Turn


Poker Hand #HD1834035812: Hold'em No Limit ($0.05/$0.1) - 2024/06/27 20:56:49
Table 'NLHRed92' 6-max Seat #2 is the button
Seat 1: f33b9aa0 ($10.15 in chips)
Seat 2: f07b417f ($10 in chips)
Seat 3: Hero ($11.1 in chips)
Seat 4: e1f669c0 ($10.87 in chips)
Seat 5: 4a63a7a1 ($20.14 in chips)
Seat 6: fc879c1e ($10.35 in chips)
Hero: posts small blind $0.05
e1f669c0: posts big blind $0.1
*** HOLE CARDS ***
Dealt to f33b9aa0 
Dealt to f07b417f 
Dealt to Hero [8c 8s]
Dealt to e1f669c0 
Dealt to 4a63a7a1 
Dealt to fc879c1e 
4a63a7a1: folds
fc879c1e: raises $0.15 to $0.25
f33b9aa0: folds
f07b417f: folds
Hero: folds
e1f669c0: calls $0.15
*** FLOP *** [As 5h 6c]
e1f669c0: checks
fc879c1e: checks
*** TURN *** [As 5h 6c] [Ks]
e1f669c0: checks
fc879c1e: bets $0.19
e1f669c0: folds
Uncalled bet ($0.19) returned to fc879c1e
*** SHOWDOWN ***
fc879c1e collected $0.53 from pot
*** SUMMARY ***
Total pot $0.55 | Rake $0.02 | Jackpot $0 | Bingo $0 | Fortune $0 | Tax $0
Board [As 5h 6c Ks]
Seat 1: f33b9aa0 folded before Flop (didn't bet)
Seat 2: f07b417f (button) folded before Flop (didn't bet)
Seat 3: Hero (small blind) folded before Flop
Seat 4: e1f669c0 (big blind) folded on the Turn
Seat 5: 4a63a7a1 folded before Flop (didn't bet)
Seat 6: fc879c1e won ($0.53)


Poker Hand #HD1834035764: Hold'em No Limit ($0.05/$0.1) - 2024/06/27 20:56:23
Table 'NLHRed92' 6-max Seat #1 is the button
Seat 1: f33b9aa0 ($10 in chips)
Seat 2: f07b417f ($10 in chips)
Seat 3: Hero ($11.2 in chips)
Seat 4: e1f669c0 ($10.87 in chips)
Seat 5: 4a63a7a1 ($20.14 in chips)
Seat 6: fc879c1e ($10.35 in chips)
f07b417f: posts small blind $0.05
Hero: posts big blind $0.1
*** HOLE CARDS ***
Dealt to f33b9aa0 
Dealt to f07b417f 
Dealt to Hero [8c 7s]
Dealt to e1f669c0 
Dealt to 4a63a7a1 
Dealt to fc879c1e 
e1f669c0: folds
4a63a7a1: folds
fc879c1e: folds
f33b9aa0: raises $0.15 to $0.25
f07b417f: folds
Hero: folds
Uncalled bet ($0.15) returned to f33b9aa0
*** SHOWDOWN ***
f33b9aa0 collected $0.25 from pot
*** SUMMARY ***
Total pot $0.25 | Rake $0 | Jackpot $0 | Bingo $0 | Fortune $0 | Tax $0
Seat 1: f33b9aa0 (button) collected ($0.25)
Seat 2: f07b417f (small blind) folded before Flop
Seat 3: Hero (big blind) folded before Flop
Seat 4: e1f669c0 folded before Flop (didn't bet)
Seat 5: 4a63a7a1 folded before Flop (didn't bet)
Seat 6: fc879c1e folded before Flop (didn't bet)


Poker Hand #HD1834035720: Hold'em No Limit ($0.05/$0.1) - 2024/06/27 20:56:02
Table 'NLHRed92' 6-max Seat #6 is the button
Seat 1: f33b9aa0 ($10 in chips)
Seat 2: f07b417f ($10 in chips)
Seat 3: Hero ($11.05 in chips)
Seat 4: e1f669c0 ($10.87 in chips)
Seat 5: 4a63a7a1 ($20.14 in chips)
Seat 6: fc879c1e ($10.35 in chips)
f33b9aa0: posts small blind $0.05
f07b417f: posts big blind $0.1
*** HOLE CARDS ***
Dealt to f33b9aa0 
Dealt to f07b417f 
Dealt to Hero [Ah 2h]
Dealt to e1f669c0 
Dealt to 4a63a7a1 
Dealt to fc879c1e 
Hero: raises $0.1 to $0.2
e1f669c0: folds
4a63a7a1: folds
fc879c1e: folds
f33b9aa0: folds
f07b417f: folds
Uncalled bet ($0.1) returned to Hero
*** SHOWDOWN ***
Hero collected $0.25 from pot
*** SUMMARY ***
Total pot $0.25 | Rake $0 | Jackpot $0 | Bingo $0 | Fortune $0 | Tax $0
Seat 1: f33b9aa0 (small blind) folded before Flop
Seat 2: f07b417f (big blind) folded before Flop
Seat 3: Hero collected ($0.25)
Seat 4: e1f669c0 folded before Flop (didn't bet)
Seat 5: 4a63a7a1 folded before Flop (didn't bet)
Seat 6: fc879c1e (button) folded before Flop (didn't bet)


Poker Hand #HD1834035664: Hold'em No Limit ($0.05/$0.1) - 2024/06/27 20:55:32
Table 'NLHRed92' 6-max Seat #5 is the button
Seat 1: f33b9aa0 ($10 in chips)
Seat 3: Hero ($11.05 in chips)
Seat 4: e1f669c0 ($10.87 in chips)
Seat 5: 4a63a7a1 ($19.82 in chips)
Seat 6: fc879c1e ($10.4 in chips)
fc879c1e: posts small blind $0.05
f33b9aa0: posts big blind $0.1
*** HOLE CARDS ***
Dealt to f33b9aa0 
Dealt to Hero [3h Tc]
Dealt to e1f669c0 
Dealt to 4a63a7a1 
Dealt to fc879c1e 
Hero: folds
e1f669c0: folds
4a63a7a1: raises $0.2 to $0.3
fc879c1e: folds
f33b9aa0: calls $0.2
*** FLOP *** [As Kh 2c]
f33b9aa0: checks
4a63a7a1: bets $0.18
f33b9aa0: folds
Uncalled bet ($0.18) returned to 4a63a7a1
*** SHOWDOWN ***
4a63a7a1 collected $0.62 from pot
*** SUMMARY ***
Total pot $0.65 | Rake $0.03 | Jackpot $0 | Bingo $0 | Fortune $0 | Tax $0
Board [As Kh 2c]
Seat 1: f33b9aa0 (big blind) folded on the Flop
Seat 3: Hero folded before Flop (didn't bet)
Seat 4: e1f669c0 folded before Flop (didn't bet)
Seat 5: 4a63a7a1 (button) won ($0.62)
Seat 6: fc879c1e (small blind) folded before Flop


Poker Hand #HD1833965573: Hold'em No Limit ($0.05/$0.1) - 2024/06/27 20:54:50
Table 'NLHRed92' 6-max Seat #4 is the button
Seat 1: f33b9aa0 ($10 in chips)
Seat 2: 20f2dac4 ($10 in chips)
Seat 3: Hero ($11.05 in chips)
Seat 4: e1f669c0 ($8.37 in chips)
Seat 5: 4a63a7a1 ($19.87 in chips)
Seat 6: fc879c1e ($10.5 in chips)
4a63a7a1: posts small blind $0.05
fc879c1e: posts big blind $0.1
*** HOLE CARDS ***
Dealt to f33b9aa0 
Dealt to 20f2dac4 
Dealt to Hero [3c 9d]
Dealt to e1f669c0 
Dealt to 4a63a7a1 
Dealt to fc879c1e 
f33b9aa0: folds
20f2dac4: raises $0.1 to $0.2
Hero: folds
e1f669c0: calls $0.2
4a63a7a1: folds
fc879c1e: folds
*** FLOP *** [Td Qh Kc]
20f2dac4: checks
e1f669c0: bets $0.28
20f2dac4: calls $0.28
*** TURN *** [Td Qh Kc] [Kh]
20f2dac4: checks
e1f669c0: bets $0.56
20f2dac4: calls $0.56
*** RIVER *** [Td Qh Kc Kh] [4d]
20f2dac4: checks
e1f669c0: bets $1.68
20f2dac4: calls $1.68
e1f669c0: shows [Jh Ks] (Three Kings)
20f2dac4: shows [Ah Qd] (Pair of Kings and Pair of Queens)
*** SHOWDOWN ***
e1f669c0 collected $5.22 from pot
*** SUMMARY ***
Total pot $5.59 | Rake $0.27 | Jackpot $0.1 | Bingo $0 | Fortune $0 | Tax $0
Board [Td Qh Kc Kh 4d]
Seat 1: f33b9aa0 folded before Flop (didn't bet)
Seat 2: 20f2dac4 showed [Ah Qd] and lost with Pair of Kings and Pair of Queens
Seat 3: Hero folded before Flop (didn't bet)
Seat 4: e1f669c0 (button) showed [Jh Ks] and won ($5.22) with Three Kings
Seat 5: 4a63a7a1 (small blind) folded before Flop
Seat 6: fc879c1e (big blind) folded before Flop


Poker Hand #HD1833965520: Hold'em No Limit ($0.05/$0.1) - 2024/06/27 20:54:28
Table 'NLHRed92' 6-max Seat #3 is the button
Seat 1: f33b9aa0 ($10 in chips)
Seat 2: 20f2dac4 ($10 in chips)
Seat 3: Hero ($11.29 in chips)
Seat 4: e1f669c0 ($8.42 in chips)
Seat 5: 4a63a7a1 ($19.6 in chips)
Seat 6: fc879c1e ($10.5 in chips)
e1f669c0: posts small blind $0.05
4a63a7a1: posts big blind $0.1
*** HOLE CARDS ***
Dealt to f33b9aa0 
Dealt to 20f2dac4 
Dealt to Hero [8d Jd]
Dealt to e1f669c0 
Dealt to 4a63a7a1 
Dealt to fc879c1e 
fc879c1e: folds
f33b9aa0: folds
20f2dac4: folds
Hero: raises $0.14 to $0.24
e1f669c0: folds
4a63a7a1: raises $0.86 to $1.1
Hero: folds
Uncalled bet ($0.86) returned to 4a63a7a1
*** SHOWDOWN ***
4a63a7a1 collected $0.51 from pot
*** SUMMARY ***
Total pot $0.53 | Rake $0.02 | Jackpot $0 | Bingo $0 | Fortune $0 | Tax $0
Seat 1: f33b9aa0 folded before Flop (didn't bet)
Seat 2: 20f2dac4 folded before Flop (didn't bet)
Seat 3: Hero (button) folded before Flop
Seat 4: e1f669c0 (small blind) folded before Flop
Seat 5: 4a63a7a1 (big blind) collected ($0.51)
Seat 6: fc879c1e folded before Flop (didn't bet)


Poker Hand #HD1833965448: Hold'em No Limit ($0.05/$0.1) - 2024/06/27 20:53:57
Table 'NLHRed92' 6-max Seat #2 is the button
Seat 1: f33b9aa0 ($10.15 in chips)
Seat 2: 20f2dac4 ($10 in chips)
Seat 3: Hero ($11.34 in chips)
Seat 4: e1f669c0 ($7.97 in chips)
Seat 6: fc879c1e ($10.5 in chips)
Hero: posts small blind $0.05
e1f669c0: posts big blind $0.1
*** HOLE CARDS ***
Dealt to f33b9aa0 
Dealt to 20f2dac4 
Dealt to Hero [8d 4h]
Dealt to e1f669c0 
Dealt to fc879c1e 
fc879c1e: folds
f33b9aa0: raises $0.15 to $0.25
20f2dac4: folds
Hero: folds
e1f669c0: raises $0.19 to $0.44
f33b9aa0: calls $0.19
*** FLOP *** [Ac 3h As]
e1f669c0: checks
f33b9aa0: checks
*** TURN *** [Ac 3h As] [3d]
e1f669c0: bets $0.31
f33b9aa0: folds
Uncalled bet ($0.31) returned to e1f669c0
*** SHOWDOWN ***
e1f669c0 collected $0.89 from pot
*** SUMMARY ***
Total pot $0.93 | Rake $0.04 | Jackpot $0 | Bingo $0 | Fortune $0 | Tax $0
Board [Ac 3h As 3d]
Seat 1: f33b9aa0 folded on the Turn
Seat 2: 20f2dac4 (button) folded before Flop (didn't bet)
Seat 3: Hero (small blind) folded before Flop
Seat 4: e1f669c0 (big blind) won ($0.89)
Seat 6: fc879c1e folded before Flop (didn't bet)


Poker Hand #HD1833965400: Hold'em No Limit ($0.05/$0.1) - 2024/06/27 20:53:37
Table 'NLHRed92' 6-max Seat #1 is the button
Seat 1: f33b9aa0 ($10 in chips)
Seat 2: 20f2dac4 ($10.05 in chips)
Seat 3: Hero ($11.44 in chips)
Seat 4: e1f669c0 ($7.97 in chips)
Seat 6: fc879c1e ($10.5 in chips)
20f2dac4: posts small blind $0.05
Hero: posts big blind $0.1
*** HOLE CARDS ***
Dealt to f33b9aa0 
Dealt to 20f2dac4 
Dealt to Hero [5h Jh]
Dealt to e1f669c0 
Dealt to fc879c1e 
e1f669c0: folds
fc879c1e: folds
f33b9aa0: raises $0.15 to $0.25
20f2dac4: folds
Hero: folds
Uncalled bet ($0.15) returned to f33b9aa0
*** SHOWDOWN ***
f33b9aa0 collected $0.25 from pot
*** SUMMARY ***
Total pot $0.25 | Rake $0 | Jackpot $0 | Bingo $0 | Fortune $0 | Tax $0
Seat 1: f33b9aa0 (button) collected ($0.25)
Seat 2: 20f2dac4 (small blind) folded before Flop
Seat 3: Hero (big blind) folded before Flop
Seat 4: e1f669c0 folded before Flop (didn't bet)
Seat 6: fc879c1e folded before Flop (didn't bet)


Poker Hand #HD1833965377: Hold'em No Limit ($0.05/$0.1) - 2024/06/27 20:53:24
Table 'NLHRed92' 6-max Seat #6 is the button
Seat 1: f33b9aa0 ($10.03 in chips)
Seat 2: 20f2dac4 ($10.15 in chips)
Seat 3: Hero ($11.44 in chips)
Seat 4: e1f669c0 ($7.82 in chips)
Seat 6: fc879c1e ($10.5 in chips)
f33b9aa0: posts small blind $0.05
20f2dac4: posts big blind $0.1
*** HOLE CARDS ***
Dealt to f33b9aa0 
Dealt to 20f2dac4 
Dealt to Hero [3s Ac]
Dealt to e1f669c0 
Dealt to fc879c1e 
Hero: folds
e1f669c0: raises $0.1 to $0.2
fc879c1e: folds
f33b9aa0: folds
20f2dac4: folds
Uncalled bet ($0.1) returned to e1f669c0
*** SHOWDOWN ***
e1f669c0 collected $0.25 from pot
*** SUMMARY ***
Total pot $0.25 | Rake $0 | Jackpot $0 | Bingo $0 | Fortune $0 | Tax $0
Seat 1: f33b9aa0 (small blind) folded before Flop
Seat 2: 20f2dac4 (big blind) folded before Flop
Seat 3: Hero folded before Flop (didn't bet)
Seat 4: e1f669c0 collected ($0.25)
Seat 6: fc879c1e (button) folded before Flop (didn't bet)


Poker Hand #HD1833965338: Hold'em No Limit ($0.05/$0.1) - 2024/06/27 20:53:12
Table 'NLHRed92' 6-max Seat #4 is the button
Seat 1: f33b9aa0 ($10.13 in chips)
Seat 2: 20f2dac4 ($10 in chips)
Seat 3: Hero ($11.44 in chips)
Seat 4: e1f669c0 ($7.82 in chips)
Seat 6: fc879c1e ($10.55 in chips)
fc879c1e: posts small blind $0.05
f33b9aa0: posts big blind $0.1
*** HOLE CARDS ***
Dealt to f33b9aa0 
Dealt to 20f2dac4 
Dealt to Hero [Td 5h]
Dealt to e1f669c0 
Dealt to fc879c1e 
20f2dac4: raises $0.1 to $0.2
Hero: folds
e1f669c0: folds
fc879c1e: folds
f33b9aa0: folds
Uncalled bet ($0.1) returned to 20f2dac4
*** SHOWDOWN ***
20f2dac4 collected $0.25 from pot
*** SUMMARY ***
Total pot $0.25 | Rake $0 | Jackpot $0 | Bingo $0 | Fortune $0 | Tax $0
Seat 1: f33b9aa0 (big blind) folded before Flop
Seat 2: 20f2dac4 collected ($0.25)
Seat 3: Hero folded before Flop (didn't bet)
Seat 4: e1f669c0 (button) folded before Flop (didn't bet)
Seat 6: fc879c1e (small blind) folded before Flop


Poker Hand #HD1833965296: Hold'em No Limit ($0.05/$0.1) - 2024/06/27 20:52:56
Table 'NLHRed92' 6-max Seat #3 is the button
Seat 1: f33b9aa0 ($10.13 in chips)
Seat 2: 20f2dac4 ($10 in chips)
Seat 3: Hero ($11.44 in chips)
Seat 4: e1f669c0 ($7.73 in chips)
Seat 6: fc879c1e ($10.65 in chips)
e1f669c0: posts small blind $0.05
fc879c1e: posts big blind $0.1
*** HOLE CARDS ***
Dealt to f33b9aa0 
Dealt to 20f2dac4 
Dealt to Hero [9s 5s]
Dealt to e1f669c0 
Dealt to fc879c1e 
f33b9aa0: folds
20f2dac4: folds
Hero: folds
e1f669c0: calls $0.05
fc879c1e: checks
*** FLOP *** [8c 8h 7c]
e1f669c0: bets $0.1
fc879c1e: folds
Uncalled bet ($0.1) returned to e1f669c0
*** SHOWDOWN ***
e1f669c0 collected $0.19 from pot
*** SUMMARY ***
Total pot $0.2 | Rake $0.01 | Jackpot $0 | Bingo $0 | Fortune $0 | Tax $0
Board [8c 8h 7c]
Seat 1: f33b9aa0 folded before Flop (didn't bet)
Seat 2: 20f2dac4 folded before Flop (didn't bet)
Seat 3: Hero (button) folded before Flop (didn't bet)
Seat 4: e1f669c0 (small blind) won ($0.19)
Seat 6: fc879c1e (big blind) folded on the Flop


Poker Hand #HD1833965253: Hold'em No Limit ($0.05/$0.1) - 2024/06/27 20:52:34
Table 'NLHRed92' 6-max Seat #2 is the button
Seat 1: f33b9aa0 ($10.13 in chips)
Seat 2: 20f2dac4 ($10 in chips)
Seat 3: Hero ($11.49 in chips)
Seat 4: e1f669c0 ($7.5 in chips)
Seat 6: fc879c1e ($10.65 in chips)
Hero: posts small blind $0.05
e1f669c0: posts big blind $0.1
*** HOLE CARDS ***
Dealt to f33b9aa0 
Dealt to 20f2dac4 
Dealt to Hero [2h 4h]
Dealt to e1f669c0 
Dealt to fc879c1e 
fc879c1e: folds
f33b9aa0: folds
20f2dac4: raises $0.1 to $0.2
Hero: folds
e1f669c0: calls $0.1
*** FLOP *** [7d Th 9h]
e1f669c0: bets $0.15
20f2dac4: folds
Uncalled bet ($0.15) returned to e1f669c0
*** SHOWDOWN ***
e1f669c0 collected $0.43 from pot
*** SUMMARY ***
Total pot $0.45 | Rake $0.02 | Jackpot $0 | Bingo $0 | Fortune $0 | Tax $0
Board [7d Th 9h]
Seat 1: f33b9aa0 folded before Flop (didn't bet)
Seat 2: 20f2dac4 (button) folded on the Flop
Seat 3: Hero (small blind) folded before Flop
Seat 4: e1f669c0 (big blind) won ($0.43)
Seat 6: fc879c1e folded before Flop (didn't bet)


Poker Hand #HD1833965142: Hold'em No Limit ($0.05/$0.1) - 2024/06/27 20:51:37
Table 'NLHRed92' 6-max Seat #1 is the button
Seat 1: f33b9aa0 ($10.13 in chips)
Seat 2: 20f2dac4 ($10.97 in chips)
Seat 3: Hero ($11.69 in chips)
Seat 4: e1f669c0 ($4.34 in chips)
Seat 5: 4a63a7a1 ($19.6 in chips)
Seat 6: fc879c1e ($10.65 in chips)
20f2dac4: posts small blind $0.05
Hero: posts big blind $0.1
*** HOLE CARDS ***
Dealt to f33b9aa0 
Dealt to 20f2dac4 
Dealt to Hero [8h 8d]
Dealt to e1f669c0 
Dealt to 4a63a7a1 
Dealt to fc879c1e 
e1f669c0: raises $0.1 to $0.2
4a63a7a1: folds
fc879c1e: folds
f33b9aa0: folds
20f2dac4: calls $0.15
Hero: calls $0.1
*** FLOP *** [Ks Ad Js]
20f2dac4: checks
Hero: checks
e1f669c0: checks
*** TURN *** [Ks Ad Js] [5c]
20f2dac4: bets $0.4
Hero: folds
e1f669c0: raises $0.7 to $1.1
20f2dac4: raises $3.98 to $5.08
e1f669c0: calls $3.04 and is all-in
Uncalled bet ($0.94) returned to 20f2dac4
20f2dac4: shows [Ac Jh] (Pair of Aces and Pair of Jacks)
e1f669c0: shows [5s 5h] (Three Fives)
e1f669c0: Chooses to EV Cashout 
*** RIVER *** [Ks Ad Js 5c] [Qh]
e1f669c0: Pays Cashout Risk ($0.85)
*** SHOWDOWN ***
e1f669c0 collected $8.35 from pot
*** SUMMARY ***
Total pot $8.88 | Rake $0.43 | Jackpot $0.1 | Bingo $0 | Fortune $0 | Tax $0
Board [Ks Ad Js 5c Qh]
Seat 1: f33b9aa0 (button) folded before Flop (didn't bet)
Seat 2: 20f2dac4 (small blind) showed [Ac Jh] and lost with Pair of Aces and Pair of Jacks
Seat 3: Hero (big blind) folded on the Turn
Seat 4: e1f669c0 showed [5s 5h] and won ($8.35) with Three Fives, Cashout Risk ($0.85)
Seat 5: 4a63a7a1 folded before Flop (didn't bet)
Seat 6: fc879c1e folded before Flop (didn't bet)


Poker Hand #HD1833965081: Hold'em No Limit ($0.05/$0.1) - 2024/06/27 20:51:11
Table 'NLHRed92' 6-max Seat #6 is the button
Seat 1: f33b9aa0 ($10.18 in chips)
Seat 2: 20f2dac4 ($11.07 in chips)
Seat 3: Hero ($11.69 in chips)
Seat 4: e1f669c0 ($4.44 in chips)
Seat 5: 4a63a7a1 ($20.05 in chips)
Seat 6: fc879c1e ($10 in chips)
f33b9aa0: posts small blind $0.05
20f2dac4: posts big blind $0.1
*** HOLE CARDS ***
Dealt to f33b9aa0 
Dealt to 20f2dac4 
Dealt to Hero [3h Kh]
Dealt to e1f669c0 
Dealt to 4a63a7a1 
Dealt to fc879c1e 
Hero: folds
e1f669c0: calls $0.1
4a63a7a1: raises $0.35 to $0.45
fc879c1e: raises $0.87 to $1.32
f33b9aa0: folds
20f2dac4: folds
e1f669c0: folds
4a63a7a1: folds
Uncalled bet ($0.87) returned to fc879c1e
*** SHOWDOWN ***
fc879c1e collected $1.1 from pot
*** SUMMARY ***
Total pot $1.15 | Rake $0.05 | Jackpot $0 | Bingo $0 | Fortune $0 | Tax $0
Seat 1: f33b9aa0 (small blind) folded before Flop
Seat 2: 20f2dac4 (big blind) folded before Flop
Seat 3: Hero folded before Flop (didn't bet)
Seat 4: e1f669c0 folded before Flop
Seat 5: 4a63a7a1 folded before Flop
Seat 6: fc879c1e (button) collected ($1.1)


Poker Hand #HD1833965002: Hold'em No Limit ($0.05/$0.1) - 2024/06/27 20:50:36
Table 'NLHRed92' 6-max Seat #5 is the button
Seat 1: f33b9aa0 ($10.28 in chips)
Seat 2: 20f2dac4 ($11.07 in chips)
Seat 3: Hero ($11.89 in chips)
Seat 4: e1f669c0 ($4.11 in chips)
Seat 5: 4a63a7a1 ($20.05 in chips)
Seat 6: fc879c1e ($10 in chips)
fc879c1e: posts small blind $0.05
f33b9aa0: posts big blind $0.1
*** HOLE CARDS ***
Dealt to f33b9aa0 
Dealt to 20f2dac4 
Dealt to Hero [Jd Js]
Dealt to e1f669c0 
Dealt to 4a63a7a1 
Dealt to fc879c1e 
20f2dac4: folds
Hero: raises $0.1 to $0.2
e1f669c0: calls $0.2
4a63a7a1: folds
fc879c1e: folds
f33b9aa0: folds
*** FLOP *** [5c Ac 9h]
Hero: checks
e1f669c0: bets $0.28
Hero: folds
Uncalled bet ($0.28) returned to e1f669c0
*** SHOWDOWN ***
e1f669c0 collected $0.53 from pot
*** SUMMARY ***
Total pot $0.55 | Rake $0.02 | Jackpot $0 | Bingo $0 | Fortune $0 | Tax $0
Board [5c Ac 9h]
Seat 1: f33b9aa0 (big blind) folded before Flop
Seat 2: 20f2dac4 folded before Flop (didn't bet)
Seat 3: Hero folded on the Flop
Seat 4: e1f669c0 won ($0.53)
Seat 5: 4a63a7a1 (button) folded before Flop (didn't bet)
Seat 6: fc879c1e (small blind) folded before Flop


Poker Hand #HD1833964950: Hold'em No Limit ($0.05/$0.1) - 2024/06/27 20:50:08
Table 'NLHRed92' 6-max Seat #4 is the button
Seat 1: f33b9aa0 ($10.28 in chips)
Seat 2: 20f2dac4 ($11.46 in chips)
Seat 3: Hero ($11.89 in chips)
Seat 4: e1f669c0 ($3.61 in chips)
Seat 5: 4a63a7a1 ($20.1 in chips)
Seat 6: fc879c1e ($10 in chips)
4a63a7a1: posts small blind $0.05
fc879c1e: posts big blind $0.1
*** HOLE CARDS ***
Dealt to f33b9aa0 
Dealt to 20f2dac4 
Dealt to Hero [Ad 7s]
Dealt to e1f669c0 
Dealt to 4a63a7a1 
Dealt to fc879c1e 
f33b9aa0: folds
20f2dac4: raises $0.1 to $0.2
Hero: folds
e1f669c0: raises $0.19 to $0.39
4a63a7a1: folds
fc879c1e: folds
20f2dac4: calls $0.19
*** FLOP *** [6s As 8s]
20f2dac4: checks
e1f669c0: bets $0.47
20f2dac4: folds
Uncalled bet ($0.47) returned to e1f669c0
*** SHOWDOWN ***
e1f669c0 collected $0.89 from pot
*** SUMMARY ***
Total pot $0.93 | Rake $0.04 | Jackpot $0 | Bingo $0 | Fortune $0 | Tax $0
Board [6s As 8s]
Seat 1: f33b9aa0 folded before Flop (didn't bet)
Seat 2: 20f2dac4 folded on the Flop
Seat 3: Hero folded before Flop (didn't bet)
Seat 4: e1f669c0 (button) won ($0.89)
Seat 5: 4a63a7a1 (small blind) folded before Flop
Seat 6: fc879c1e (big blind) folded before Flop


Poker Hand #HD1833964841: Hold'em No Limit ($0.05/$0.1) - 2024/06/27 20:49:12
Table 'NLHRed92' 6-max Seat #3 is the button
Seat 1: f33b9aa0 ($10.28 in chips)
Seat 2: 20f2dac4 ($11.46 in chips)
Seat 3: Hero ($11.89 in chips)
Seat 4: e1f669c0 ($4.02 in chips)
Seat 5: 4a63a7a1 ($19.73 in chips)
Seat 6: fc879c1e ($10 in chips)
e1f669c0: posts small blind $0.05
4a63a7a1: posts big blind $0.1
*** HOLE CARDS ***
Dealt to f33b9aa0 
Dealt to 20f2dac4 
Dealt to Hero [7h Tc]
Dealt to e1f669c0 
Dealt to 4a63a7a1 
Dealt to fc879c1e 
fc879c1e: folds
f33b9aa0: folds
20f2dac4: folds
Hero: folds
e1f669c0: raises $0.1 to $0.2
4a63a7a1: calls $0.1
*** FLOP *** [Ah 6c 2s]
e1f669c0: checks
4a63a7a1: checks
*** TURN *** [Ah 6c 2s] [6d]
e1f669c0: checks
4a63a7a1: bets $0.21
e1f669c0: calls $0.21
*** RIVER *** [Ah 6c 2s 6d] [Jd]
e1f669c0: checks
4a63a7a1: bets $1
e1f669c0: folds
Uncalled bet ($1) returned to 4a63a7a1
*** SHOWDOWN ***
4a63a7a1 collected $0.78 from pot
*** SUMMARY ***
Total pot $0.82 | Rake $0.04 | Jackpot $0 | Bingo $0 | Fortune $0 | Tax $0
Board [Ah 6c 2s 6d Jd]
Seat 1: f33b9aa0 folded before Flop (didn't bet)
Seat 2: 20f2dac4 folded before Flop (didn't bet)
Seat 3: Hero (button) folded before Flop (didn't bet)
Seat 4: e1f669c0 (small blind) folded on the River
Seat 5: 4a63a7a1 (big blind) won ($0.78)
Seat 6: fc879c1e folded before Flop (didn't bet)


Poker Hand #HD1833964767: Hold'em No Limit ($0.05/$0.1) - 2024/06/27 20:48:41
Table 'NLHRed92' 6-max Seat #2 is the button
Seat 1: f33b9aa0 ($10 in chips)
Seat 2: 20f2dac4 ($11.46 in chips)
Seat 3: Hero ($11.94 in chips)
Seat 4: e1f669c0 ($4.27 in chips)
Seat 5: 4a63a7a1 ($19.73 in chips)
Seat 6: fc879c1e ($10 in chips)
Hero: posts small blind $0.05
e1f669c0: posts big blind $0.1
*** HOLE CARDS ***
Dealt to f33b9aa0 
Dealt to 20f2dac4 
Dealt to Hero [7s Jc]
Dealt to e1f669c0 
Dealt to 4a63a7a1 
Dealt to fc879c1e 
4a63a7a1: folds
fc879c1e: folds
f33b9aa0: raises $0.15 to $0.25
20f2dac4: folds
Hero: folds
e1f669c0: calls $0.15
*** FLOP *** [Jh 4c Ah]
e1f669c0: checks
f33b9aa0: bets $0.19
e1f669c0: folds
Uncalled bet ($0.19) returned to f33b9aa0
*** SHOWDOWN ***
f33b9aa0 collected $0.53 from pot
*** SUMMARY ***
Total pot $0.55 | Rake $0.02 | Jackpot $0 | Bingo $0 | Fortune $0 | Tax $0
Board [Jh 4c Ah]
Seat 1: f33b9aa0 won ($0.53)
Seat 2: 20f2dac4 (button) folded before Flop (didn't bet)
Seat 3: Hero (small blind) folded before Flop
Seat 4: e1f669c0 (big blind) folded on the Flop
Seat 5: 4a63a7a1 folded before Flop (didn't bet)
Seat 6: fc879c1e folded before Flop (didn't bet)


Poker Hand #HD1833964686: Hold'em No Limit ($0.05/$0.1) - 2024/06/27 20:48:00
Table 'NLHRed92' 6-max Seat #1 is the button
Seat 1: f33b9aa0 ($10 in chips)
Seat 2: 20f2dac4 ($12.47 in chips)
Seat 3: Hero ($10.84 in chips)
Seat 4: e1f669c0 ($4.27 in chips)
Seat 5: 4a63a7a1 ($19.93 in chips)
Seat 6: fc879c1e ($10 in chips)
20f2dac4: posts small blind $0.05
Hero: posts big blind $0.1
*** HOLE CARDS ***
Dealt to f33b9aa0 
Dealt to 20f2dac4 
Dealt to Hero [As Kh]
Dealt to e1f669c0 
Dealt to 4a63a7a1 
Dealt to fc879c1e 
e1f669c0: folds
4a63a7a1: raises $0.1 to $0.2
fc879c1e: folds
f33b9aa0: folds
20f2dac4: raises $0.81 to $1.01
Hero: raises $1.49 to $2.5
4a63a7a1: folds
20f2dac4: folds
Uncalled bet ($1.49) returned to Hero
*** SHOWDOWN ***
Hero collected $2.11 from pot
*** SUMMARY ***
Total pot $2.22 | Rake $0.11 | Jackpot $0 | Bingo $0 | Fortune $0 | Tax $0
Seat 1: f33b9aa0 (button) folded before Flop (didn't bet)
Seat 2: 20f2dac4 (small blind) folded before Flop
Seat 3: Hero (big blind) collected ($2.11)
Seat 4: e1f669c0 folded before Flop (didn't bet)
Seat 5: 4a63a7a1 folded before Flop
Seat 6: fc879c1e folded before Flop (didn't bet)


Poker Hand #HD1833964642: Hold'em No Limit ($0.05/$0.1) - 2024/06/27 20:47:42
Table 'NLHRed92' 6-max Seat #6 is the button
Seat 1: f33b9aa0 ($10 in chips)
Seat 2: 20f2dac4 ($12.57 in chips)
Seat 3: Hero ($10.84 in chips)
Seat 4: e1f669c0 ($4.13 in chips)
Seat 5: 4a63a7a1 ($19.93 in chips)
Seat 6: fc879c1e ($10 in chips)
f33b9aa0: posts small blind $0.05
20f2dac4: posts big blind $0.1
*** HOLE CARDS ***
Dealt to f33b9aa0 
Dealt to 20f2dac4 
Dealt to Hero [7c Js]
Dealt to e1f669c0 
Dealt to 4a63a7a1 
Dealt to fc879c1e 
Hero: folds
e1f669c0: calls $0.1
4a63a7a1: folds
fc879c1e: folds
f33b9aa0: folds
20f2dac4: checks
*** FLOP *** [3d 3c 6d]
20f2dac4: checks
e1f669c0: bets $0.19
20f2dac4: folds
Uncalled bet ($0.19) returned to e1f669c0
*** SHOWDOWN ***
e1f669c0 collected $0.24 from pot
*** SUMMARY ***
Total pot $0.25 | Rake $0.01 | Jackpot $0 | Bingo $0 | Fortune $0 | Tax $0
Board [3d 3c 6d]
Seat 1: f33b9aa0 (small blind) folded before Flop
Seat 2: 20f2dac4 (big blind) folded on the Flop
Seat 3: Hero folded before Flop (didn't bet)
Seat 4: e1f669c0 won ($0.24)
Seat 5: 4a63a7a1 folded before Flop (didn't bet)
Seat 6: fc879c1e (button) folded before Flop (didn't bet)


Poker Hand #HD1833964586: Hold'em No Limit ($0.05/$0.1) - 2024/06/27 20:47:13
Table 'NLHRed92' 6-max Seat #5 is the button
Seat 1: f33b9aa0 ($10 in chips)
Seat 2: 20f2dac4 ($12.57 in chips)
Seat 3: Hero ($10.51 in chips)
Seat 4: e1f669c0 ($4.33 in chips)
Seat 5: 4a63a7a1 ($19.93 in chips)
Seat 6: fc879c1e ($10 in chips)
fc879c1e: posts small blind $0.05
f33b9aa0: posts big blind $0.1
*** HOLE CARDS ***
Dealt to f33b9aa0 
Dealt to 20f2dac4 
Dealt to Hero [5d 5c]
Dealt to e1f669c0 
Dealt to 4a63a7a1 
Dealt to fc879c1e 
20f2dac4: folds
Hero: raises $0.1 to $0.2
e1f669c0: calls $0.2
4a63a7a1: folds
fc879c1e: folds
f33b9aa0: folds
*** FLOP *** [4h Ac Tc]
Hero: bets $0.37
e1f669c0: folds
Uncalled bet ($0.37) returned to Hero
*** SHOWDOWN ***
Hero collected $0.53 from pot
*** SUMMARY ***
Total pot $0.55 | Rake $0.02 | Jackpot $0 | Bingo $0 | Fortune $0 | Tax $0
Board [4h Ac Tc]
Seat 1: f33b9aa0 (big blind) folded before Flop
Seat 2: 20f2dac4 folded before Flop (didn't bet)
Seat 3: Hero won ($0.53)
Seat 4: e1f669c0 folded on the Flop
Seat 5: 4a63a7a1 (button) folded before Flop (didn't bet)
Seat 6: fc879c1e (small blind) folded before Flop


Poker Hand #HD1833964356: Hold'em No Limit ($0.05/$0.1) - 2024/06/27 20:45:31
Table 'NLHRed92' 6-max Seat #4 is the button
Seat 1: f33b9aa0 ($10.15 in chips)
Seat 2: 20f2dac4 ($12.57 in chips)
Seat 3: Hero ($10.51 in chips)
Seat 4: e1f669c0 ($4.33 in chips)
Seat 5: 4a63a7a1 ($10.78 in chips)
Seat 6: fc879c1e ($10 in chips)
4a63a7a1: posts small blind $0.05
fc879c1e: posts big blind $0.1
*** HOLE CARDS ***
Dealt to f33b9aa0 
Dealt to 20f2dac4 
Dealt to Hero [Jh 6d]
Dealt to e1f669c0 
Dealt to 4a63a7a1 
Dealt to fc879c1e 
f33b9aa0: raises $0.15 to $0.25
20f2dac4: folds
Hero: folds
e1f669c0: folds
4a63a7a1: raises $0.85 to $1.1
fc879c1e: folds
f33b9aa0: raises $1.3 to $2.4
4a63a7a1: calls $1.3
*** FLOP *** [7c Js 2d]
4a63a7a1: checks
f33b9aa0: checks
*** TURN *** [7c Js 2d] [7d]
4a63a7a1: bets $1.15
f33b9aa0: calls $1.15
*** RIVER *** [7c Js 2d 7d] [2s]
4a63a7a1: bets $7.23 and is all-in
f33b9aa0: calls $6.6 and is all-in
Uncalled bet ($0.63) returned to 4a63a7a1
4a63a7a1: shows [Tc Td] (Pair of Tens and Pair of Sevens)
f33b9aa0: shows [Ks Ad] (Pair of Sevens and Pair of Twos)
*** SHOWDOWN ***
4a63a7a1 collected $19.3 from pot
*** SUMMARY ***
Total pot $20.4 | Rake $1 | Jackpot $0.1 | Bingo $0 | Fortune $0 | Tax $0
Board [7c Js 2d 7d 2s]
Seat 1: f33b9aa0 showed [Ks Ad] and lost with Pair of Sevens and Pair of Twos
Seat 2: 20f2dac4 folded before Flop (didn't bet)
Seat 3: Hero folded before Flop (didn't bet)
Seat 4: e1f669c0 (button) folded before Flop (didn't bet)
Seat 5: 4a63a7a1 (small blind) showed [Tc Td] and won ($19.3) with Pair of Tens and Pair of Sevens
Seat 6: fc879c1e (big blind) folded before Flop


Poker Hand #HD1833964306: Hold'em No Limit ($0.05/$0.1) - 2024/06/27 20:45:08
Table 'NLHRed92' 6-max Seat #3 is the button
Seat 1: f33b9aa0 ($10 in chips)
Seat 2: 20f2dac4 ($12.57 in chips)
Seat 3: Hero ($10.51 in chips)
Seat 4: e1f669c0 ($4.38 in chips)
Seat 5: 4a63a7a1 ($10.88 in chips)
Seat 6: fc879c1e ($10 in chips)
e1f669c0: posts small blind $0.05
4a63a7a1: posts big blind $0.1
*** HOLE CARDS ***
Dealt to f33b9aa0 
Dealt to 20f2dac4 
Dealt to Hero [5c As]
Dealt to e1f669c0 
Dealt to 4a63a7a1 
Dealt to fc879c1e 
fc879c1e: folds
f33b9aa0: raises $0.15 to $0.25
20f2dac4: folds
Hero: folds
e1f669c0: folds
4a63a7a1: folds
Uncalled bet ($0.15) returned to f33b9aa0
*** SHOWDOWN ***
f33b9aa0 collected $0.25 from pot
*** SUMMARY ***
Total pot $0.25 | Rake $0 | Jackpot $0 | Bingo $0 | Fortune $0 | Tax $0
Seat 1: f33b9aa0 collected ($0.25)
Seat 2: 20f2dac4 folded before Flop (didn't bet)
Seat 3: Hero (button) folded before Flop (didn't bet)
Seat 4: e1f669c0 (small blind) folded before Flop
Seat 5: 4a63a7a1 (big blind) folded before Flop
Seat 6: fc879c1e folded before Flop (didn't bet)


Poker Hand #HD1833964286: Hold'em No Limit ($0.05/$0.1) - 2024/06/27 20:45:00
Table 'NLHRed92' 6-max Seat #2 is the button
Seat 1: f33b9aa0 ($10 in chips)
Seat 2: 20f2dac4 ($12.57 in chips)
Seat 3: Hero ($10.56 in chips)
Seat 4: e1f669c0 ($4.33 in chips)
Seat 5: 4a63a7a1 ($10.88 in chips)
Seat 6: fc879c1e ($10 in chips)
Hero: posts small blind $0.05
e1f669c0: posts big blind $0.1
*** HOLE CARDS ***
Dealt to f33b9aa0 
Dealt to 20f2dac4 
Dealt to Hero [Ts 6d]
Dealt to e1f669c0 
Dealt to 4a63a7a1 
Dealt to fc879c1e 
4a63a7a1: folds
fc879c1e: folds
f33b9aa0: folds
20f2dac4: folds
Hero: folds
Uncalled bet ($0.05) returned to e1f669c0
*** SHOWDOWN ***
e1f669c0 collected $0.1 from pot
*** SUMMARY ***
Total pot $0.1 | Rake $0 | Jackpot $0 | Bingo $0 | Fortune $0 | Tax $0
Seat 1: f33b9aa0 folded before Flop (didn't bet)
Seat 2: 20f2dac4 (button) folded before Flop (didn't bet)
Seat 3: Hero (small blind) folded before Flop
Seat 4: e1f669c0 (big blind) collected ($0.1)
Seat 5: 4a63a7a1 folded before Flop (didn't bet)
Seat 6: fc879c1e folded before Flop (didn't bet)


Poker Hand #HD1833964229: Hold'em No Limit ($0.05/$0.1) - 2024/06/27 20:44:30
Table 'NLHRed92' 6-max Seat #1 is the button
Seat 1: f33b9aa0 ($10 in chips)
Seat 2: 20f2dac4 ($12.62 in chips)
Seat 3: Hero ($10.28 in chips)
Seat 4: e1f669c0 ($4.33 in chips)
Seat 5: 4a63a7a1 ($10.88 in chips)
Seat 6: fc879c1e ($10 in chips)
20f2dac4: posts small blind $0.05
Hero: posts big blind $0.1
*** HOLE CARDS ***
Dealt to f33b9aa0 
Dealt to 20f2dac4 
Dealt to Hero [Kd Ac]
Dealt to e1f669c0 
Dealt to 4a63a7a1 
Dealt to fc879c1e 
e1f669c0: folds
4a63a7a1: folds
fc879c1e: folds
f33b9aa0: raises $0.15 to $0.25
20f2dac4: folds
Hero: raises $0.75 to $1
f33b9aa0: folds
Uncalled bet ($0.75) returned to Hero
*** SHOWDOWN ***
Hero collected $0.53 from pot
*** SUMMARY ***
Total pot $0.55 | Rake $0.02 | Jackpot $0 | Bingo $0 | Fortune $0 | Tax $0
Seat 1: f33b9aa0 (button) folded before Flop
Seat 2: 20f2dac4 (small blind) folded before Flop
Seat 3: Hero (big blind) collected ($0.53)
Seat 4: e1f669c0 folded before Flop (didn't bet)
Seat 5: 4a63a7a1 folded before Flop (didn't bet)
Seat 6: fc879c1e folded before Flop (didn't bet)


Poker Hand #HD1833964150: Hold'em No Limit ($0.05/$0.1) - 2024/06/27 20:43:56
Table 'NLHRed92' 6-max Seat #6 is the button
Seat 1: f33b9aa0 ($10 in chips)
Seat 2: 20f2dac4 ($12.72 in chips)
Seat 3: Hero ($10.28 in chips)
Seat 4: e1f669c0 ($4.68 in chips)
Seat 5: 4a63a7a1 ($10.42 in chips)
Seat 6: fc879c1e ($10 in chips)
f33b9aa0: posts small blind $0.05
20f2dac4: posts big blind $0.1
*** HOLE CARDS ***
Dealt to f33b9aa0 
Dealt to 20f2dac4 
Dealt to Hero [Kc 2h]
Dealt to e1f669c0 
Dealt to 4a63a7a1 
Dealt to fc879c1e 
Hero: folds
e1f669c0: calls $0.1
4a63a7a1: raises $0.25 to $0.35
fc879c1e: folds
f33b9aa0: folds
20f2dac4: folds
e1f669c0: calls $0.25
*** FLOP *** [As 6s 9h]
e1f669c0: checks
4a63a7a1: bets $0.45
e1f669c0: folds
Uncalled bet ($0.45) returned to 4a63a7a1
*** SHOWDOWN ***
4a63a7a1 collected $0.81 from pot
*** SUMMARY ***
Total pot $0.85 | Rake $0.04 | Jackpot $0 | Bingo $0 | Fortune $0 | Tax $0
Board [As 6s 9h]
Seat 1: f33b9aa0 (small blind) folded before Flop
Seat 2: 20f2dac4 (big blind) folded before Flop
Seat 3: Hero folded before Flop (didn't bet)
Seat 4: e1f669c0 folded on the Flop
Seat 5: 4a63a7a1 won ($0.81)
Seat 6: fc879c1e (button) folded before Flop (didn't bet)


Poker Hand #HD1833963969: Hold'em No Limit ($0.05/$0.1) - 2024/06/27 20:42:34
Table 'NLHRed92' 6-max Seat #5 is the button
Seat 1: f33b9aa0 ($10 in chips)
Seat 2: 20f2dac4 ($12.72 in chips)
Seat 3: Hero ($10.28 in chips)
Seat 4: e1f669c0 ($4.42 in chips)
Seat 5: 4a63a7a1 ($10.42 in chips)
Seat 6: fc879c1e ($10 in chips)
fc879c1e: posts small blind $0.05
f33b9aa0: posts big blind $0.1
*** HOLE CARDS ***
Dealt to f33b9aa0 
Dealt to 20f2dac4 
Dealt to Hero [Ts Ah]
Dealt to e1f669c0 
Dealt to 4a63a7a1 
Dealt to fc879c1e 
20f2dac4: folds
Hero: folds
e1f669c0: calls $0.1
4a63a7a1: folds
fc879c1e: folds
f33b9aa0: checks
*** FLOP *** [6s 4c 2d]
f33b9aa0: checks
e1f669c0: bets $0.13
f33b9aa0: calls $0.13
*** TURN *** [6s 4c 2d] [7s]
f33b9aa0: checks
e1f669c0: checks
*** RIVER *** [6s 4c 2d 7s] [3c]
f33b9aa0: checks
e1f669c0: checks
f33b9aa0: shows [9s 2c] (Pair of Twos)
e1f669c0: shows [Kc 3d] (Pair of Treys)
*** SHOWDOWN ***
e1f669c0 collected $0.49 from pot
*** SUMMARY ***
Total pot $0.51 | Rake $0.02 | Jackpot $0 | Bingo $0 | Fortune $0 | Tax $0
Board [6s 4c 2d 7s 3c]
Seat 1: f33b9aa0 (big blind) showed [9s 2c] and lost with Pair of Twos
Seat 2: 20f2dac4 folded before Flop (didn't bet)
Seat 3: Hero folded before Flop (didn't bet)
Seat 4: e1f669c0 showed [Kc 3d] and won ($0.49) with Pair of Treys
Seat 5: 4a63a7a1 (button) folded before Flop (didn't bet)
Seat 6: fc879c1e (small blind) folded before Flop


Poker Hand #HD1833963852: Hold'em No Limit ($0.05/$0.1) - 2024/06/27 20:41:44
Table 'NLHRed92' 6-max Seat #4 is the button
Seat 1: f33b9aa0 ($10 in chips)
Seat 2: 20f2dac4 ($12.72 in chips)
Seat 3: Hero ($10.73 in chips)
Seat 4: e1f669c0 ($3.87 in chips)
Seat 5: 4a63a7a1 ($10.47 in chips)
Seat 6: fc879c1e ($10 in chips)
4a63a7a1: posts small blind $0.05
fc879c1e: posts big blind $0.1
*** HOLE CARDS ***
Dealt to f33b9aa0 
Dealt to 20f2dac4 
Dealt to Hero [Qc 8c]
Dealt to e1f669c0 
Dealt to 4a63a7a1 
Dealt to fc879c1e 
f33b9aa0: folds
20f2dac4: folds
Hero: raises $0.14 to $0.24
e1f669c0: calls $0.24
4a63a7a1: folds
fc879c1e: folds
*** FLOP *** [5c 3d 4d]
Hero: checks
e1f669c0: bets $0.21
Hero: calls $0.21
*** TURN *** [5c 3d 4d] [Kd]
Hero: checks
e1f669c0: bets $0.35
Hero: folds
Uncalled bet ($0.35) returned to e1f669c0
*** SHOWDOWN ***
e1f669c0 collected $1 from pot
*** SUMMARY ***
Total pot $1.05 | Rake $0.05 | Jackpot $0 | Bingo $0 | Fortune $0 | Tax $0
Board [5c 3d 4d Kd]
Seat 1: f33b9aa0 folded before Flop (didn't bet)
Seat 2: 20f2dac4 folded before Flop (didn't bet)
Seat 3: Hero folded on the Turn
Seat 4: e1f669c0 (button) won ($1)
Seat 5: 4a63a7a1 (small blind) folded before Flop
Seat 6: fc879c1e (big blind) folded before Flop


Poker Hand #HD1833963774: Hold'em No Limit ($0.05/$0.1) - 2024/06/27 20:41:05
Table 'NLHRed92' 6-max Seat #3 is the button
Seat 1: f33b9aa0 ($10 in chips)
Seat 2: 20f2dac4 ($12.72 in chips)
Seat 3: Hero ($10.73 in chips)
Seat 4: e1f669c0 ($4.12 in chips)
Seat 5: 4a63a7a1 ($10 in chips)
Seat 6: cb959d3e ($10.01 in chips)
e1f669c0: posts small blind $0.05
4a63a7a1: posts big blind $0.1
*** HOLE CARDS ***
Dealt to f33b9aa0 
Dealt to 20f2dac4 
Dealt to Hero [Td 6c]
Dealt to e1f669c0 
Dealt to 4a63a7a1 
Dealt to cb959d3e 
cb959d3e: folds
f33b9aa0: raises $0.15 to $0.25
20f2dac4: folds
Hero: folds
e1f669c0: calls $0.2
4a63a7a1: raises $1.1 to $1.35
f33b9aa0: folds
e1f669c0: folds
Uncalled bet ($1.1) returned to 4a63a7a1
*** SHOWDOWN ***
4a63a7a1 collected $0.72 from pot
*** SUMMARY ***
Total pot $0.75 | Rake $0.03 | Jackpot $0 | Bingo $0 | Fortune $0 | Tax $0
Seat 1: f33b9aa0 folded before Flop
Seat 2: 20f2dac4 folded before Flop (didn't bet)
Seat 3: Hero (button) folded before Flop (didn't bet)
Seat 4: e1f669c0 (small blind) folded before Flop
Seat 5: 4a63a7a1 (big blind) collected ($0.72)
Seat 6: cb959d3e folded before Flop (didn't bet)


Poker Hand #HD1833963717: Hold'em No Limit ($0.05/$0.1) - 2024/06/27 20:40:40
Table 'NLHRed92' 6-max Seat #2 is the button
Seat 1: f33b9aa0 ($10 in chips)
Seat 2: 20f2dac4 ($12.72 in chips)
Seat 3: Hero ($10.78 in chips)
Seat 4: e1f669c0 ($3.75 in chips)
Seat 5: 4a63a7a1 ($10 in chips)
Seat 6: cb959d3e ($10.01 in chips)
Hero: posts small blind $0.05
e1f669c0: posts big blind $0.1
*** HOLE CARDS ***
Dealt to f33b9aa0 
Dealt to 20f2dac4 
Dealt to Hero [5h 7h]
Dealt to e1f669c0 
Dealt to 4a63a7a1 
Dealt to cb959d3e 
4a63a7a1: raises $0.1 to $0.2
cb959d3e: folds
f33b9aa0: folds
20f2dac4: folds
Hero: folds
e1f669c0: raises $0.15 to $0.35
4a63a7a1: calls $0.15
*** FLOP *** [5c 2c 3c]
e1f669c0: bets $0.38
4a63a7a1: folds
Uncalled bet ($0.38) returned to e1f669c0
*** SHOWDOWN ***
e1f669c0 collected $0.72 from pot
*** SUMMARY ***
Total pot $0.75 | Rake $0.03 | Jackpot $0 | Bingo $0 | Fortune $0 | Tax $0
Board [5c 2c 3c]
Seat 1: f33b9aa0 folded before Flop (didn't bet)
Seat 2: 20f2dac4 (button) folded before Flop (didn't bet)
Seat 3: Hero (small blind) folded before Flop
Seat 4: e1f669c0 (big blind) won ($0.72)
Seat 5: 4a63a7a1 folded on the Flop
Seat 6: cb959d3e folded before Flop (didn't bet)


Poker Hand #HD1833963651: Hold'em No Limit ($0.05/$0.1) - 2024/06/27 20:40:09
Table 'NLHRed92' 6-max Seat #1 is the button
Seat 1: f33b9aa0 ($10 in chips)
Seat 2: 20f2dac4 ($12.77 in chips)
Seat 3: Hero ($10 in chips)
Seat 4: e1f669c0 ($3.85 in chips)
Seat 5: 4a63a7a1 ($10 in chips)
Seat 6: cb959d3e ($10.11 in chips)
20f2dac4: posts small blind $0.05
Hero: posts big blind $0.1
*** HOLE CARDS ***
Dealt to f33b9aa0 
Dealt to 20f2dac4 
Dealt to Hero [Js Jc]
Dealt to e1f669c0 
Dealt to 4a63a7a1 
Dealt to cb959d3e 
e1f669c0: calls $0.1
4a63a7a1: folds
cb959d3e: calls $0.1
f33b9aa0: raises $0.5 to $0.6
20f2dac4: folds
Hero: raises $1.1 to $1.7
e1f669c0: folds
cb959d3e: folds
f33b9aa0: folds
Uncalled bet ($1.1) returned to Hero
*** SHOWDOWN ***
Hero collected $1.38 from pot
*** SUMMARY ***
Total pot $1.45 | Rake $0.07 | Jackpot $0 | Bingo $0 | Fortune $0 | Tax $0
Seat 1: f33b9aa0 (button) folded before Flop
Seat 2: 20f2dac4 (small blind) folded before Flop
Seat 3: Hero (big blind) collected ($1.38)
Seat 4: e1f669c0 folded before Flop
Seat 5: 4a63a7a1 folded before Flop (didn't bet)
Seat 6: cb959d3e folded before Flop


