Poker Hand #HD1818506174: Hold'em No Limit ($0.05/$0.1) - 2024/06/16 21:19:45
Table 'NLHRed29' 6-max Seat #6 is the button
Seat 1: be5a1356 ($13.46 in chips)
Seat 2: cabbd37d ($10.21 in chips)
Seat 3: 9079a760 ($10.6 in chips)
Seat 4: 8a822e8a ($9.9 in chips)
Seat 5: Hero ($10.47 in chips)
Seat 6: bbf4f5e8 ($12.5 in chips)
be5a1356: posts small blind $0.05
cabbd37d: posts big blind $0.1
*** HOLE CARDS ***
Dealt to be5a1356 
Dealt to cabbd37d 
Dealt to 9079a760 
Dealt to 8a822e8a 
Dealt to Hero [Qh Tc]
Dealt to bbf4f5e8 
9079a760: folds
8a822e8a: raises $0.15 to $0.25
Hero: folds
bbf4f5e8: raises $0.55 to $0.8
be5a1356: folds
cabbd37d: folds
8a822e8a: calls $0.55
*** FLOP *** [8c Ac 3h]
8a822e8a: checks
bbf4f5e8: bets $0.6
8a822e8a: folds
Uncalled bet ($0.6) returned to bbf4f5e8
*** SHOWDOWN ***
bbf4f5e8 collected $1.67 from pot
*** SUMMARY ***
Total pot $1.75 | Rake $0.08 | Jackpot $0 | Bingo $0 | Fortune $0 | Tax $0
Board [8c Ac 3h]
Seat 1: be5a1356 (small blind) folded before Flop
Seat 2: cabbd37d (big blind) folded before Flop
Seat 3: 9079a760 folded before Flop (didn't bet)
Seat 4: 8a822e8a folded on the Flop
Seat 5: Hero folded before Flop (didn't bet)
Seat 6: bbf4f5e8 (button) won ($1.67)


Poker Hand #HD1818506115: Hold'em No Limit ($0.05/$0.1) - 2024/06/16 21:19:11
Table 'NLHRed29' 6-max Seat #5 is the button
Seat 1: be5a1356 ($13.7 in chips)
Seat 2: cabbd37d ($10.21 in chips)
Seat 3: 9079a760 ($10.6 in chips)
Seat 4: 8a822e8a ($9.9 in chips)
Seat 5: Hero ($10.2 in chips)
Seat 6: bbf4f5e8 ($12.55 in chips)
bbf4f5e8: posts small blind $0.05
be5a1356: posts big blind $0.1
*** HOLE CARDS ***
Dealt to be5a1356 
Dealt to cabbd37d 
Dealt to 9079a760 
Dealt to 8a822e8a 
Dealt to Hero [5h As]
Dealt to bbf4f5e8 
cabbd37d: folds
9079a760: folds
8a822e8a: folds
Hero: raises $0.14 to $0.24
bbf4f5e8: folds
be5a1356: calls $0.14
*** FLOP *** [7h 6h Ah]
be5a1356: checks
Hero: bets $0.2
be5a1356: folds
Uncalled bet ($0.2) returned to Hero
*** SHOWDOWN ***
Hero collected $0.51 from pot
*** SUMMARY ***
Total pot $0.53 | Rake $0.02 | Jackpot $0 | Bingo $0 | Fortune $0 | Tax $0
Board [7h 6h Ah]
Seat 1: be5a1356 (big blind) folded on the Flop
Seat 2: cabbd37d folded before Flop (didn't bet)
Seat 3: 9079a760 folded before Flop (didn't bet)
Seat 4: 8a822e8a folded before Flop (didn't bet)
Seat 5: Hero (button) won ($0.51)
Seat 6: bbf4f5e8 (small blind) folded before Flop


Poker Hand #HD1818505983: Hold'em No Limit ($0.05/$0.1) - 2024/06/16 21:18:00
Table 'NLHRed29' 6-max Seat #4 is the button
Seat 1: be5a1356 ($13.92 in chips)
Seat 2: cabbd37d ($10.21 in chips)
Seat 3: 9079a760 ($10.6 in chips)
Seat 4: 8a822e8a ($9.9 in chips)
Seat 5: Hero ($10.25 in chips)
Seat 6: bbf4f5e8 ($12.3 in chips)
Hero: posts small blind $0.05
bbf4f5e8: posts big blind $0.1
*** HOLE CARDS ***
Dealt to be5a1356 
Dealt to cabbd37d 
Dealt to 9079a760 
Dealt to 8a822e8a 
Dealt to Hero [Qd 9d]
Dealt to bbf4f5e8 
be5a1356: raises $0.12 to $0.22
cabbd37d: folds
9079a760: folds
8a822e8a: folds
Hero: folds
bbf4f5e8: calls $0.12
*** FLOP *** [Qh 5c 6s]
bbf4f5e8: checks
be5a1356: checks
*** TURN *** [Qh 5c 6s] [9h]
bbf4f5e8: checks
be5a1356: checks
*** RIVER *** [Qh 5c 6s 9h] [4s]
bbf4f5e8: checks
be5a1356: checks
bbf4f5e8: shows [Jh Ad] (Ace-High)
be5a1356: shows [Tc As] (Ace-High)
*** SHOWDOWN ***
bbf4f5e8 collected $0.47 from pot
*** SUMMARY ***
Total pot $0.49 | Rake $0.02 | Jackpot $0 | Bingo $0 | Fortune $0 | Tax $0
Board [Qh 5c 6s 9h 4s]
Seat 1: be5a1356 showed [Tc As] and lost with Ace-High
Seat 2: cabbd37d folded before Flop (didn't bet)
Seat 3: 9079a760 folded before Flop (didn't bet)
Seat 4: 8a822e8a (button) folded before Flop (didn't bet)
Seat 5: Hero (small blind) folded before Flop
Seat 6: bbf4f5e8 (big blind) showed [Jh Ad] and won ($0.47) with Ace-High


Poker Hand #HD1818505880: Hold'em No Limit ($0.05/$0.1) - 2024/06/16 21:17:05
Table 'NLHRed29' 6-max Seat #3 is the button
Seat 1: be5a1356 ($14.14 in chips)
Seat 2: cabbd37d ($10.21 in chips)
Seat 3: 9079a760 ($10.6 in chips)
Seat 4: 8a822e8a ($9.95 in chips)
Seat 5: Hero ($10 in chips)
Seat 6: bbf4f5e8 ($12.3 in chips)
8a822e8a: posts small blind $0.05
Hero: posts big blind $0.1
*** HOLE CARDS ***
Dealt to be5a1356 
Dealt to cabbd37d 
Dealt to 9079a760 
Dealt to 8a822e8a 
Dealt to Hero [Kc Td]
Dealt to bbf4f5e8 
bbf4f5e8: folds
be5a1356: raises $0.12 to $0.22
cabbd37d: folds
9079a760: folds
8a822e8a: folds
Hero: calls $0.12
*** FLOP *** [5h As Ac]
Hero: checks
be5a1356: checks
*** TURN *** [5h As Ac] [Qs]
Hero: bets $0.3
be5a1356: folds
Uncalled bet ($0.3) returned to Hero
*** SHOWDOWN ***
Hero collected $0.47 from pot
*** SUMMARY ***
Total pot $0.49 | Rake $0.02 | Jackpot $0 | Bingo $0 | Fortune $0 | Tax $0
Board [5h As Ac Qs]
Seat 1: be5a1356 folded on the Turn
Seat 2: cabbd37d folded before Flop (didn't bet)
Seat 3: 9079a760 (button) folded before Flop (didn't bet)
Seat 4: 8a822e8a (small blind) folded before Flop
Seat 5: Hero (big blind) won ($0.47)
Seat 6: bbf4f5e8 folded before Flop (didn't bet)


