Poker Hand #HD1753915388: Hold'em No Limit ($0.05/$0.1) - 2024/05/01 11:54:50
Table 'NLHRed10' 6-max Seat #1 is the button
Seat 1: f957cbbc ($9.16 in chips)
Seat 2: e9fab6d6 ($10.43 in chips)
Seat 3: 11f604be ($9.38 in chips)
Seat 4: Hero ($12.46 in chips)
Seat 5: 46f12dac ($16.34 in chips)
Seat 6: 55161534 ($19.24 in chips)
e9fab6d6: posts small blind $0.05
11f604be: posts big blind $0.1
*** HOLE CARDS ***
Dealt to f957cbbc 
Dealt to e9fab6d6 
Dealt to 11f604be 
Dealt to Hero [8h 9s]
Dealt to 46f12dac 
Dealt to 55161534 
Hero: folds
46f12dac: folds
55161534: raises $0.15 to $0.25
f957cbbc: folds
e9fab6d6: folds
11f604be: calls $0.15
*** FLOP *** [6d 3c 5h]
11f604be: checks
55161534: bets $0.32
11f604be: folds
Uncalled bet ($0.32) returned to 55161534
*** SHOWDOWN ***
55161534 collected $0.53 from pot
*** SUMMARY ***
Total pot $0.55 | Rake $0.02 | Jackpot $0 | Bingo $0 | Fortune $0 | Tax $0
Board [6d 3c 5h]
Seat 1: f957cbbc (button) folded before Flop (didn't bet)
Seat 2: e9fab6d6 (small blind) folded before Flop
Seat 3: 11f604be (big blind) folded on the Flop
Seat 4: Hero folded before Flop (didn't bet)
Seat 5: 46f12dac folded before Flop (didn't bet)
Seat 6: 55161534 won ($0.53)


Poker Hand #HD1753915329: Hold'em No Limit ($0.05/$0.1) - 2024/05/01 11:54:08
Table 'NLHRed10' 6-max Seat #6 is the button
Seat 1: f957cbbc ($9.21 in chips)
Seat 2: e9fab6d6 ($10.15 in chips)
Seat 3: 11f604be ($9.38 in chips)
Seat 4: Hero ($12.46 in chips)
Seat 5: 46f12dac ($16.34 in chips)
Seat 6: 55161534 ($19.49 in chips)
f957cbbc: posts small blind $0.05
e9fab6d6: posts big blind $0.1
*** HOLE CARDS ***
Dealt to f957cbbc 
Dealt to e9fab6d6 
Dealt to 11f604be 
Dealt to Hero [Ah 7d]
Dealt to 46f12dac 
Dealt to 55161534 
11f604be: folds
Hero: folds
46f12dac: folds
55161534: raises $0.15 to $0.25
f957cbbc: folds
e9fab6d6: raises $0.45 to $0.7
55161534: folds
Uncalled bet ($0.45) returned to e9fab6d6
*** SHOWDOWN ***
e9fab6d6 collected $0.53 from pot
*** SUMMARY ***
Total pot $0.55 | Rake $0.02 | Jackpot $0 | Bingo $0 | Fortune $0 | Tax $0
Seat 1: f957cbbc (small blind) folded before Flop
Seat 2: e9fab6d6 (big blind) collected ($0.53)
Seat 3: 11f604be folded before Flop (didn't bet)
Seat 4: Hero folded before Flop (didn't bet)
Seat 5: 46f12dac folded before Flop (didn't bet)
Seat 6: 55161534 (button) folded before Flop


Poker Hand #HD1753915277: Hold'em No Limit ($0.05/$0.1) - 2024/05/01 11:53:23
Table 'NLHRed10' 6-max Seat #5 is the button
Seat 1: f957cbbc ($9.41 in chips)
Seat 2: e9fab6d6 ($10.15 in chips)
Seat 3: 11f604be ($9.15 in chips)
Seat 4: Hero ($12.46 in chips)
Seat 5: 46f12dac ($16.34 in chips)
Seat 6: 55161534 ($19.54 in chips)
55161534: posts small blind $0.05
f957cbbc: posts big blind $0.1
*** HOLE CARDS ***
Dealt to f957cbbc 
Dealt to e9fab6d6 
Dealt to 11f604be 
Dealt to Hero [Ad 6d]
Dealt to 46f12dac 
Dealt to 55161534 
e9fab6d6: folds
11f604be: raises $0.1 to $0.2
Hero: folds
46f12dac: folds
55161534: folds
f957cbbc: calls $0.1
*** FLOP *** [8h Kh 8d]
f957cbbc: checks
11f604be: bets $0.15
f957cbbc: folds
Uncalled bet ($0.15) returned to 11f604be
*** SHOWDOWN ***
11f604be collected $0.43 from pot
*** SUMMARY ***
Total pot $0.45 | Rake $0.02 | Jackpot $0 | Bingo $0 | Fortune $0 | Tax $0
Board [8h Kh 8d]
Seat 1: f957cbbc (big blind) folded on the Flop
Seat 2: e9fab6d6 folded before Flop (didn't bet)
Seat 3: 11f604be won ($0.43)
Seat 4: Hero folded before Flop (didn't bet)
Seat 5: 46f12dac (button) folded before Flop (didn't bet)
Seat 6: 55161534 (small blind) folded before Flop


Poker Hand #HD1753915260: Hold'em No Limit ($0.05/$0.1) - 2024/05/01 11:53:11
Table 'NLHRed10' 6-max Seat #4 is the button
Seat 1: f957cbbc ($9.41 in chips)
Seat 2: e9fab6d6 ($10.15 in chips)
Seat 3: 11f604be ($9.15 in chips)
Seat 4: Hero ($12.46 in chips)
Seat 5: 46f12dac ($16.39 in chips)
Seat 6: 55161534 ($19.49 in chips)
46f12dac: posts small blind $0.05
55161534: posts big blind $0.1
*** HOLE CARDS ***
Dealt to f957cbbc 
Dealt to e9fab6d6 
Dealt to 11f604be 
Dealt to Hero [6c Tc]
Dealt to 46f12dac 
Dealt to 55161534 
f957cbbc: folds
e9fab6d6: folds
11f604be: folds
Hero: folds
46f12dac: folds
Uncalled bet ($0.05) returned to 55161534
*** SHOWDOWN ***
55161534 collected $0.1 from pot
*** SUMMARY ***
Total pot $0.1 | Rake $0 | Jackpot $0 | Bingo $0 | Fortune $0 | Tax $0
Seat 1: f957cbbc folded before Flop (didn't bet)
Seat 2: e9fab6d6 folded before Flop (didn't bet)
Seat 3: 11f604be folded before Flop (didn't bet)
Seat 4: Hero (button) folded before Flop (didn't bet)
Seat 5: 46f12dac (small blind) folded before Flop
Seat 6: 55161534 (big blind) collected ($0.1)


Poker Hand #HD1753915143: Hold'em No Limit ($0.05/$0.1) - 2024/05/01 11:51:46
Table 'NLHRed10' 6-max Seat #3 is the button
Seat 1: f957cbbc ($9.41 in chips)
Seat 2: e9fab6d6 ($10.15 in chips)
Seat 3: 11f604be ($9.15 in chips)
Seat 4: Hero ($10.75 in chips)
Seat 5: 46f12dac ($16.49 in chips)
Seat 6: 55161534 ($21.39 in chips)
Hero: posts small blind $0.05
46f12dac: posts big blind $0.1
*** HOLE CARDS ***
Dealt to f957cbbc 
Dealt to e9fab6d6 
Dealt to 11f604be 
Dealt to Hero [Ac Ah]
Dealt to 46f12dac 
Dealt to 55161534 
55161534: raises $0.15 to $0.25
f957cbbc: folds
e9fab6d6: folds
11f604be: folds
Hero: raises $0.75 to $1
46f12dac: folds
55161534: calls $0.75
*** FLOP *** [7c Jc 6c]
Hero: bets $0.9
55161534: calls $0.9
*** TURN *** [7c Jc 6c] [5h]
Hero: bets $2.58
55161534: folds
Uncalled bet ($2.58) returned to Hero
*** SHOWDOWN ***
Hero collected $3.61 from pot
*** SUMMARY ***
Total pot $3.9 | Rake $0.19 | Jackpot $0.1 | Bingo $0 | Fortune $0 | Tax $0
Board [7c Jc 6c 5h]
Seat 1: f957cbbc folded before Flop (didn't bet)
Seat 2: e9fab6d6 folded before Flop (didn't bet)
Seat 3: 11f604be (button) folded before Flop (didn't bet)
Seat 4: Hero (small blind) won ($3.61)
Seat 5: 46f12dac (big blind) folded before Flop
Seat 6: 55161534 folded on the Turn


Poker Hand #HD1753915126: Hold'em No Limit ($0.05/$0.1) - 2024/05/01 11:51:31
Table 'NLHRed10' 6-max Seat #2 is the button
Seat 1: f957cbbc ($9.41 in chips)
Seat 2: e9fab6d6 ($10.15 in chips)
Seat 3: 11f604be ($9.05 in chips)
Seat 4: Hero ($10.85 in chips)
Seat 5: 46f12dac ($16.49 in chips)
Seat 6: 55161534 ($21.39 in chips)
11f604be: posts small blind $0.05
Hero: posts big blind $0.1
*** HOLE CARDS ***
Dealt to f957cbbc 
Dealt to e9fab6d6 
Dealt to 11f604be 
Dealt to Hero [As 7d]
Dealt to 46f12dac 
Dealt to 55161534 
46f12dac: folds
55161534: folds
f957cbbc: folds
e9fab6d6: folds
11f604be: raises $0.25 to $0.35
Hero: folds
Uncalled bet ($0.25) returned to 11f604be
*** SHOWDOWN ***
11f604be collected $0.2 from pot
*** SUMMARY ***
Total pot $0.2 | Rake $0 | Jackpot $0 | Bingo $0 | Fortune $0 | Tax $0
Seat 1: f957cbbc folded before Flop (didn't bet)
Seat 2: e9fab6d6 (button) folded before Flop (didn't bet)
Seat 3: 11f604be (small blind) collected ($0.2)
Seat 4: Hero (big blind) folded before Flop
Seat 5: 46f12dac folded before Flop (didn't bet)
Seat 6: 55161534 folded before Flop (didn't bet)


Poker Hand #HD1753915023: Hold'em No Limit ($0.05/$0.1) - 2024/05/01 11:50:05
Table 'NLHRed10' 6-max Seat #1 is the button
Seat 1: f957cbbc ($9.85 in chips)
Seat 2: e9fab6d6 ($10.2 in chips)
Seat 3: 11f604be ($8.6 in chips)
Seat 4: Hero ($10.85 in chips)
Seat 5: 46f12dac ($16.49 in chips)
Seat 6: 55161534 ($21.39 in chips)
e9fab6d6: posts small blind $0.05
11f604be: posts big blind $0.1
*** HOLE CARDS ***
Dealt to f957cbbc 
Dealt to e9fab6d6 
Dealt to 11f604be 
Dealt to Hero [3d 7d]
Dealt to 46f12dac 
Dealt to 55161534 
Hero: folds
46f12dac: folds
55161534: folds
f957cbbc: raises $0.15 to $0.25
e9fab6d6: folds
11f604be: calls $0.15
*** FLOP *** [8c 4s 6h]
11f604be: bets $0.19
f957cbbc: calls $0.19
*** TURN *** [8c 4s 6h] [Qs]
11f604be: bets $0.7
f957cbbc: folds
Uncalled bet ($0.7) returned to 11f604be
*** SHOWDOWN ***
11f604be collected $0.89 from pot
*** SUMMARY ***
Total pot $0.93 | Rake $0.04 | Jackpot $0 | Bingo $0 | Fortune $0 | Tax $0
Board [8c 4s 6h Qs]
Seat 1: f957cbbc (button) folded on the Turn
Seat 2: e9fab6d6 (small blind) folded before Flop
Seat 3: 11f604be (big blind) won ($0.89)
Seat 4: Hero folded before Flop (didn't bet)
Seat 5: 46f12dac folded before Flop (didn't bet)
Seat 6: 55161534 folded before Flop (didn't bet)


Poker Hand #HD1753914996: Hold'em No Limit ($0.05/$0.1) - 2024/05/01 11:49:43
Table 'NLHRed10' 6-max Seat #6 is the button
Seat 1: f957cbbc ($9.9 in chips)
Seat 2: e9fab6d6 ($10.3 in chips)
Seat 3: 11f604be ($8.6 in chips)
Seat 4: Hero ($10.85 in chips)
Seat 5: 46f12dac ($16.49 in chips)
Seat 6: 55161534 ($21.24 in chips)
f957cbbc: posts small blind $0.05
e9fab6d6: posts big blind $0.1
*** HOLE CARDS ***
Dealt to f957cbbc 
Dealt to e9fab6d6 
Dealt to 11f604be 
Dealt to Hero [Qd 8c]
Dealt to 46f12dac 
Dealt to 55161534 
11f604be: folds
Hero: folds
46f12dac: folds
55161534: raises $0.15 to $0.25
f957cbbc: folds
e9fab6d6: folds
Uncalled bet ($0.15) returned to 55161534
*** SHOWDOWN ***
55161534 collected $0.25 from pot
*** SUMMARY ***
Total pot $0.25 | Rake $0 | Jackpot $0 | Bingo $0 | Fortune $0 | Tax $0
Seat 1: f957cbbc (small blind) folded before Flop
Seat 2: e9fab6d6 (big blind) folded before Flop
Seat 3: 11f604be folded before Flop (didn't bet)
Seat 4: Hero folded before Flop (didn't bet)
Seat 5: 46f12dac folded before Flop (didn't bet)
Seat 6: 55161534 (button) collected ($0.25)


Poker Hand #HD1753914972: Hold'em No Limit ($0.05/$0.1) - 2024/05/01 11:49:21
Table 'NLHRed10' 6-max Seat #5 is the button
Seat 1: f957cbbc ($10 in chips)
Seat 2: e9fab6d6 ($10.3 in chips)
Seat 3: 11f604be ($8.6 in chips)
Seat 4: Hero ($10.7 in chips)
Seat 5: 46f12dac ($16.49 in chips)
Seat 6: 55161534 ($21.29 in chips)
55161534: posts small blind $0.05
f957cbbc: posts big blind $0.1
*** HOLE CARDS ***
Dealt to f957cbbc 
Dealt to e9fab6d6 
Dealt to 11f604be 
Dealt to Hero [9d 9c]
Dealt to 46f12dac 
Dealt to 55161534 
e9fab6d6: folds
11f604be: folds
Hero: raises $0.14 to $0.24
46f12dac: folds
55161534: folds
f957cbbc: folds
Uncalled bet ($0.14) returned to Hero
*** SHOWDOWN ***
Hero collected $0.25 from pot
*** SUMMARY ***
Total pot $0.25 | Rake $0 | Jackpot $0 | Bingo $0 | Fortune $0 | Tax $0
Seat 1: f957cbbc (big blind) folded before Flop
Seat 2: e9fab6d6 folded before Flop (didn't bet)
Seat 3: 11f604be folded before Flop (didn't bet)
Seat 4: Hero collected ($0.25)
Seat 5: 46f12dac (button) folded before Flop (didn't bet)
Seat 6: 55161534 (small blind) folded before Flop


Poker Hand #HD1753914953: Hold'em No Limit ($0.05/$0.1) - 2024/05/01 11:49:08
Table 'NLHRed10' 6-max Seat #4 is the button
Seat 2: e9fab6d6 ($10.15 in chips)
Seat 3: 11f604be ($8.6 in chips)
Seat 4: Hero ($10.7 in chips)
Seat 5: 46f12dac ($16.54 in chips)
Seat 6: 55161534 ($21.39 in chips)
46f12dac: posts small blind $0.05
55161534: posts big blind $0.1
*** HOLE CARDS ***
Dealt to e9fab6d6 
Dealt to 11f604be 
Dealt to Hero [5c 6d]
Dealt to 46f12dac 
Dealt to 55161534 
e9fab6d6: raises $0.15 to $0.25
11f604be: folds
Hero: folds
46f12dac: folds
55161534: folds
Uncalled bet ($0.15) returned to e9fab6d6
*** SHOWDOWN ***
e9fab6d6 collected $0.25 from pot
*** SUMMARY ***
Total pot $0.25 | Rake $0 | Jackpot $0 | Bingo $0 | Fortune $0 | Tax $0
Seat 2: e9fab6d6 collected ($0.25)
Seat 3: 11f604be folded before Flop (didn't bet)
Seat 4: Hero (button) folded before Flop (didn't bet)
Seat 5: 46f12dac (small blind) folded before Flop
Seat 6: 55161534 (big blind) folded before Flop


Poker Hand #HD1753914911: Hold'em No Limit ($0.05/$0.1) - 2024/05/01 11:48:38
Table 'NLHRed10' 6-max Seat #3 is the button
Seat 2: e9fab6d6 ($10.15 in chips)
Seat 3: 11f604be ($8.23 in chips)
Seat 4: Hero ($10.75 in chips)
Seat 5: 46f12dac ($16.64 in chips)
Seat 6: 55161534 ($21.64 in chips)
Hero: posts small blind $0.05
46f12dac: posts big blind $0.1
*** HOLE CARDS ***
Dealt to e9fab6d6 
Dealt to 11f604be 
Dealt to Hero [As 4c]
Dealt to 46f12dac 
Dealt to 55161534 
55161534: raises $0.15 to $0.25
e9fab6d6: folds
11f604be: raises $0.49 to $0.74
Hero: folds
46f12dac: folds
55161534: folds
Uncalled bet ($0.49) returned to 11f604be
*** SHOWDOWN ***
11f604be collected $0.62 from pot
*** SUMMARY ***
Total pot $0.65 | Rake $0.03 | Jackpot $0 | Bingo $0 | Fortune $0 | Tax $0
Seat 2: e9fab6d6 folded before Flop (didn't bet)
Seat 3: 11f604be (button) collected ($0.62)
Seat 4: Hero (small blind) folded before Flop
Seat 5: 46f12dac (big blind) folded before Flop
Seat 6: 55161534 folded before Flop


Poker Hand #HD1753914796: Hold'em No Limit ($0.05/$0.1) - 2024/05/01 11:47:04
Table 'NLHRed10' 6-max Seat #2 is the button
Seat 2: e9fab6d6 ($10.15 in chips)
Seat 3: 11f604be ($8.28 in chips)
Seat 4: Hero ($15.05 in chips)
Seat 5: 46f12dac ($12.81 in chips)
Seat 6: 55161534 ($21.64 in chips)
11f604be: posts small blind $0.05
Hero: posts big blind $0.1
*** HOLE CARDS ***
Dealt to e9fab6d6 
Dealt to 11f604be 
Dealt to Hero [Js Jc]
Dealt to 46f12dac 
Dealt to 55161534 
46f12dac: raises $0.15 to $0.25
55161534: folds
e9fab6d6: folds
11f604be: folds
Hero: raises $0.65 to $0.9
46f12dac: raises $1.68 to $2.58
Hero: calls $1.68
*** FLOP *** [4d 2s 5h]
Hero: checks
46f12dac: bets $1.72
Hero: calls $1.72
*** TURN *** [4d 2s 5h] [3d]
Hero: checks
46f12dac: bets $4.33
Hero: folds
Uncalled bet ($4.33) returned to 46f12dac
*** SHOWDOWN ***
46f12dac collected $8.13 from pot
*** SUMMARY ***
Total pot $8.65 | Rake $0.42 | Jackpot $0.1 | Bingo $0 | Fortune $0 | Tax $0
Board [4d 2s 5h 3d]
Seat 2: e9fab6d6 (button) folded before Flop (didn't bet)
Seat 3: 11f604be (small blind) folded before Flop
Seat 4: Hero (big blind) folded on the Turn
Seat 5: 46f12dac won ($8.13)
Seat 6: 55161534 folded before Flop (didn't bet)


Poker Hand #HD1753914778: Hold'em No Limit ($0.05/$0.1) - 2024/05/01 11:46:49
Table 'NLHRed10' 6-max Seat #6 is the button
Seat 2: e9fab6d6 ($10.05 in chips)
Seat 3: 11f604be ($8.38 in chips)
Seat 4: Hero ($15.05 in chips)
Seat 5: 46f12dac ($12.81 in chips)
Seat 6: 55161534 ($21.64 in chips)
e9fab6d6: posts small blind $0.05
11f604be: posts big blind $0.1
*** HOLE CARDS ***
Dealt to e9fab6d6 
Dealt to 11f604be 
Dealt to Hero [6d 9h]
Dealt to 46f12dac 
Dealt to 55161534 
Hero: folds
46f12dac: folds
55161534: folds
e9fab6d6: raises $0.25 to $0.35
11f604be: folds
Uncalled bet ($0.25) returned to e9fab6d6
*** SHOWDOWN ***
e9fab6d6 collected $0.2 from pot
*** SUMMARY ***
Total pot $0.2 | Rake $0 | Jackpot $0 | Bingo $0 | Fortune $0 | Tax $0
Seat 2: e9fab6d6 (small blind) collected ($0.2)
Seat 3: 11f604be (big blind) folded before Flop
Seat 4: Hero folded before Flop (didn't bet)
Seat 5: 46f12dac folded before Flop (didn't bet)
Seat 6: 55161534 (button) folded before Flop (didn't bet)


Poker Hand #HD1753914762: Hold'em No Limit ($0.05/$0.1) - 2024/05/01 11:46:35
Table 'NLHRed10' 6-max Seat #5 is the button
Seat 2: e9fab6d6 ($10 in chips)
Seat 3: 11f604be ($8.38 in chips)
Seat 4: Hero ($15.05 in chips)
Seat 5: 46f12dac ($12.81 in chips)
Seat 6: 55161534 ($21.69 in chips)
55161534: posts small blind $0.05
e9fab6d6: posts big blind $0.1
*** HOLE CARDS ***
Dealt to e9fab6d6 
Dealt to 11f604be 
Dealt to Hero [9d Kc]
Dealt to 46f12dac 
Dealt to 55161534 
11f604be: folds
Hero: folds
46f12dac: folds
55161534: folds
Uncalled bet ($0.05) returned to e9fab6d6
*** SHOWDOWN ***
e9fab6d6 collected $0.1 from pot
*** SUMMARY ***
Total pot $0.1 | Rake $0 | Jackpot $0 | Bingo $0 | Fortune $0 | Tax $0
Seat 2: e9fab6d6 (big blind) collected ($0.1)
Seat 3: 11f604be folded before Flop (didn't bet)
Seat 4: Hero folded before Flop (didn't bet)
Seat 5: 46f12dac (button) folded before Flop (didn't bet)
Seat 6: 55161534 (small blind) folded before Flop


Poker Hand #HD1753914755: Hold'em No Limit ($0.05/$0.1) - 2024/05/01 11:46:29
Table 'NLHRed10' 6-max Seat #4 is the button
Seat 3: 11f604be ($8.38 in chips)
Seat 4: Hero ($15.05 in chips)
Seat 5: 46f12dac ($12.86 in chips)
Seat 6: 55161534 ($21.64 in chips)
46f12dac: posts small blind $0.05
55161534: posts big blind $0.1
*** HOLE CARDS ***
Dealt to 11f604be 
Dealt to Hero [5h 6d]
Dealt to 46f12dac 
Dealt to 55161534 
11f604be: folds
Hero: folds
46f12dac: folds
Uncalled bet ($0.05) returned to 55161534
*** SHOWDOWN ***
55161534 collected $0.1 from pot
*** SUMMARY ***
Total pot $0.1 | Rake $0 | Jackpot $0 | Bingo $0 | Fortune $0 | Tax $0
Seat 3: 11f604be folded before Flop (didn't bet)
Seat 4: Hero (button) folded before Flop (didn't bet)
Seat 5: 46f12dac (small blind) folded before Flop
Seat 6: 55161534 (big blind) collected ($0.1)


Poker Hand #HD1753914617: Hold'em No Limit ($0.05/$0.1) - 2024/05/01 11:44:50
Table 'NLHRed10' 6-max Seat #3 is the button
Seat 1: 7681f177 ($11.36 in chips)
Seat 3: 11f604be ($8.38 in chips)
Seat 4: Hero ($11.46 in chips)
Seat 5: 46f12dac ($12.96 in chips)
Seat 6: 55161534 ($25.62 in chips)
Hero: posts small blind $0.05
46f12dac: posts big blind $0.1
*** HOLE CARDS ***
Dealt to 7681f177 
Dealt to 11f604be 
Dealt to Hero [Ah Kc]
Dealt to 46f12dac 
Dealt to 55161534 
55161534: raises $0.15 to $0.25
7681f177: folds
11f604be: folds
Hero: raises $0.75 to $1
46f12dac: folds
55161534: calls $0.75
*** FLOP *** [As 8h Qd]
Hero: bets $0.7
55161534: calls $0.7
*** TURN *** [As 8h Qd] [3s]
Hero: checks
55161534: bets $2.28
Hero: calls $2.28
*** RIVER *** [As 8h Qd 3s] [Qs]
Hero: checks
55161534: checks
Hero: shows [Ah Kc] (Pair of Aces and Pair of Queens)
55161534: shows [3d Ad] (Pair of Aces and Pair of Queens)
*** SHOWDOWN ***
Hero collected $7.57 from pot
*** SUMMARY ***
Total pot $8.06 | Rake $0.39 | Jackpot $0.1 | Bingo $0 | Fortune $0 | Tax $0
Board [As 8h Qd 3s Qs]
Seat 1: 7681f177 folded before Flop (didn't bet)
Seat 3: 11f604be (button) folded before Flop (didn't bet)
Seat 4: Hero (small blind) showed [Ah Kc] and won ($7.57) with Pair of Aces and Pair of Queens
Seat 5: 46f12dac (big blind) folded before Flop
Seat 6: 55161534 showed [3d Ad] and lost with Pair of Aces and Pair of Queens


Poker Hand #HD1753914504: Hold'em No Limit ($0.05/$0.1) - 2024/05/01 11:43:29
Table 'NLHRed10' 6-max Seat #2 is the button
Seat 1: 7681f177 ($11.36 in chips)
Seat 2: 7c1ce00 ($13.81 in chips)
Seat 3: 11f604be ($10.19 in chips)
Seat 4: Hero ($11.56 in chips)
Seat 5: 46f12dac ($12.96 in chips)
Seat 6: 55161534 ($22.27 in chips)
11f604be: posts small blind $0.05
Hero: posts big blind $0.1
*** HOLE CARDS ***
Dealt to 7681f177 
Dealt to 7c1ce00 
Dealt to 11f604be 
Dealt to Hero [8c 8s]
Dealt to 46f12dac 
Dealt to 55161534 
46f12dac: folds
55161534: raises $0.15 to $0.25
7681f177: folds
7c1ce00: calls $0.25
11f604be: raises $0.64 to $0.89
Hero: folds
55161534: calls $0.64
7c1ce00: calls $0.64
*** FLOP *** [3c Ah 3d]
11f604be: checks
55161534: checks
7c1ce00: checks
*** TURN *** [3c Ah 3d] [2c]
11f604be: bets $0.92
55161534: calls $0.92
7c1ce00: calls $0.92
*** RIVER *** [3c Ah 3d 2c] [6c]
11f604be: checks
55161534: bets $4.59
7c1ce00: folds
11f604be: folds
Uncalled bet ($4.59) returned to 55161534
*** SHOWDOWN ***
55161534 collected $5.16 from pot
*** SUMMARY ***
Total pot $5.53 | Rake $0.27 | Jackpot $0.1 | Bingo $0 | Fortune $0 | Tax $0
Board [3c Ah 3d 2c 6c]
Seat 1: 7681f177 folded before Flop (didn't bet)
Seat 2: 7c1ce00 (button) folded on the River
Seat 3: 11f604be (small blind) folded on the River
Seat 4: Hero (big blind) folded before Flop
Seat 5: 46f12dac folded before Flop (didn't bet)
Seat 6: 55161534 won ($5.16)


Poker Hand #HD1753914443: Hold'em No Limit ($0.05/$0.1) - 2024/05/01 11:42:44
Table 'NLHRed10' 6-max Seat #1 is the button
Seat 1: 7681f177 ($11.36 in chips)
Seat 2: 7c1ce00 ($14.02 in chips)
Seat 3: 11f604be ($10 in chips)
Seat 4: Hero ($11.56 in chips)
Seat 5: 46f12dac ($12.96 in chips)
Seat 6: 55161534 ($22.27 in chips)
7c1ce00: posts small blind $0.05
11f604be: posts big blind $0.1
*** HOLE CARDS ***
Dealt to 7681f177 
Dealt to 7c1ce00 
Dealt to 11f604be 
Dealt to Hero [3d Js]
Dealt to 46f12dac 
Dealt to 55161534 
Hero: folds
46f12dac: folds
55161534: folds
7681f177: folds
7c1ce00: raises $0.11 to $0.21
11f604be: calls $0.11
*** FLOP *** [6d 8h 7c]
7c1ce00: checks
11f604be: checks
*** TURN *** [6d 8h 7c] [5h]
7c1ce00: checks
11f604be: bets $0.21
7c1ce00: folds
Uncalled bet ($0.21) returned to 11f604be
*** SHOWDOWN ***
11f604be collected $0.4 from pot
*** SUMMARY ***
Total pot $0.42 | Rake $0.02 | Jackpot $0 | Bingo $0 | Fortune $0 | Tax $0
Board [6d 8h 7c 5h]
Seat 1: 7681f177 (button) folded before Flop (didn't bet)
Seat 2: 7c1ce00 (small blind) folded on the Turn
Seat 3: 11f604be (big blind) won ($0.4)
Seat 4: Hero folded before Flop (didn't bet)
Seat 5: 46f12dac folded before Flop (didn't bet)
Seat 6: 55161534 folded before Flop (didn't bet)


Poker Hand #HD1753914421: Hold'em No Limit ($0.05/$0.1) - 2024/05/01 11:42:30
Table 'NLHRed10' 6-max Seat #6 is the button
Seat 1: 7681f177 ($11.26 in chips)
Seat 2: 7c1ce00 ($14.12 in chips)
Seat 4: Hero ($11.56 in chips)
Seat 5: 46f12dac ($12.96 in chips)
Seat 6: 55161534 ($22.27 in chips)
7681f177: posts small blind $0.05
7c1ce00: posts big blind $0.1
*** HOLE CARDS ***
Dealt to 7681f177 
Dealt to 7c1ce00 
Dealt to Hero [7c 4d]
Dealt to 46f12dac 
Dealt to 55161534 
Hero: folds
46f12dac: folds
55161534: folds
7681f177: raises $0.2 to $0.3
7c1ce00: folds
Uncalled bet ($0.2) returned to 7681f177
*** SHOWDOWN ***
7681f177 collected $0.2 from pot
*** SUMMARY ***
Total pot $0.2 | Rake $0 | Jackpot $0 | Bingo $0 | Fortune $0 | Tax $0
Seat 1: 7681f177 (small blind) collected ($0.2)
Seat 2: 7c1ce00 (big blind) folded before Flop
Seat 4: Hero folded before Flop (didn't bet)
Seat 5: 46f12dac folded before Flop (didn't bet)
Seat 6: 55161534 (button) folded before Flop (didn't bet)


Poker Hand #HD1753914372: Hold'em No Limit ($0.05/$0.1) - 2024/05/01 11:42:02
Table 'NLHRed10' 6-max Seat #5 is the button
Seat 1: 7681f177 ($11.36 in chips)
Seat 2: 7c1ce00 ($14.33 in chips)
Seat 4: Hero ($11.22 in chips)
Seat 5: 46f12dac ($12.96 in chips)
Seat 6: 55161534 ($22.32 in chips)
55161534: posts small blind $0.05
7681f177: posts big blind $0.1
*** HOLE CARDS ***
Dealt to 7681f177 
Dealt to 7c1ce00 
Dealt to Hero [Kd Qc]
Dealt to 46f12dac 
Dealt to 55161534 
7c1ce00: raises $0.11 to $0.21
Hero: raises $0.57 to $0.78
46f12dac: folds
55161534: folds
7681f177: folds
7c1ce00: folds
Uncalled bet ($0.57) returned to Hero
*** SHOWDOWN ***
Hero collected $0.55 from pot
*** SUMMARY ***
Total pot $0.57 | Rake $0.02 | Jackpot $0 | Bingo $0 | Fortune $0 | Tax $0
Seat 1: 7681f177 (big blind) folded before Flop
Seat 2: 7c1ce00 folded before Flop
Seat 4: Hero collected ($0.55)
Seat 5: 46f12dac (button) folded before Flop (didn't bet)
Seat 6: 55161534 (small blind) folded before Flop


Poker Hand #HD1753914321: Hold'em No Limit ($0.05/$0.1) - 2024/05/01 11:41:32
Table 'NLHRed10' 6-max Seat #4 is the button
Seat 1: 7681f177 ($11.36 in chips)
Seat 2: 7c1ce00 ($14.33 in chips)
Seat 4: Hero ($11.22 in chips)
Seat 5: 46f12dac ($13.21 in chips)
Seat 6: 55161534 ($22.09 in chips)
46f12dac: posts small blind $0.05
55161534: posts big blind $0.1
*** HOLE CARDS ***
Dealt to 7681f177 
Dealt to 7c1ce00 
Dealt to Hero [4d 5h]
Dealt to 46f12dac 
Dealt to 55161534 
7681f177: folds
7c1ce00: folds
Hero: folds
46f12dac: raises $0.15 to $0.25
55161534: raises $0.65 to $0.9
46f12dac: folds
Uncalled bet ($0.65) returned to 55161534
*** SHOWDOWN ***
55161534 collected $0.48 from pot
*** SUMMARY ***
Total pot $0.5 | Rake $0.02 | Jackpot $0 | Bingo $0 | Fortune $0 | Tax $0
Seat 1: 7681f177 folded before Flop (didn't bet)
Seat 2: 7c1ce00 folded before Flop (didn't bet)
Seat 4: Hero (button) folded before Flop (didn't bet)
Seat 5: 46f12dac (small blind) folded before Flop
Seat 6: 55161534 (big blind) collected ($0.48)


Poker Hand #HD1753914198: Hold'em No Limit ($0.05/$0.1) - 2024/05/01 11:40:05
Table 'NLHRed10' 6-max Seat #2 is the button
Seat 1: 7681f177 ($11.36 in chips)
Seat 2: 7c1ce00 ($16.7 in chips)
Seat 4: Hero ($11.27 in chips)
Seat 5: 46f12dac ($11.12 in chips)
Seat 6: 55161534 ($22.09 in chips)
Hero: posts small blind $0.05
46f12dac: posts big blind $0.1
*** HOLE CARDS ***
Dealt to 7681f177 
Dealt to 7c1ce00 
Dealt to Hero [Kc 9h]
Dealt to 46f12dac 
Dealt to 55161534 
55161534: folds
7681f177: folds
7c1ce00: raises $0.11 to $0.21
Hero: folds
46f12dac: calls $0.11
*** FLOP *** [Jc 7d Td]
46f12dac: checks
7c1ce00: bets $0.24
46f12dac: raises $0.48 to $0.72
7c1ce00: raises $1.44 to $2.16
46f12dac: calls $1.44
*** TURN *** [Jc 7d Td] [Qh]
46f12dac: bets $8.75 and is all-in
7c1ce00: folds
Uncalled bet ($8.75) returned to 46f12dac
46f12dac: shows [8s] (Queen-High)
*** SHOWDOWN ***
46f12dac collected $4.46 from pot
*** SUMMARY ***
Total pot $4.79 | Rake $0.23 | Jackpot $0.1 | Bingo $0 | Fortune $0 | Tax $0
Board [Jc 7d Td Qh]
Seat 1: 7681f177 folded before Flop (didn't bet)
Seat 2: 7c1ce00 (button) folded on the Turn
Seat 4: Hero (small blind) folded before Flop
Seat 5: 46f12dac (big blind) showed [8s] and won ($4.46)
Seat 6: 55161534 folded before Flop (didn't bet)


Poker Hand #HD1753914182: Hold'em No Limit ($0.05/$0.1) - 2024/05/01 11:39:54
Table 'NLHRed10' 6-max Seat #1 is the button
Seat 1: 7681f177 ($11.36 in chips)
Seat 2: 7c1ce00 ($16.6 in chips)
Seat 4: Hero ($11.37 in chips)
Seat 5: 46f12dac ($11.12 in chips)
Seat 6: 55161534 ($22.09 in chips)
7c1ce00: posts small blind $0.05
Hero: posts big blind $0.1
*** HOLE CARDS ***
Dealt to 7681f177 
Dealt to 7c1ce00 
Dealt to Hero [Td 4c]
Dealt to 46f12dac 
Dealt to 55161534 
46f12dac: folds
55161534: folds
7681f177: folds
7c1ce00: raises $0.11 to $0.21
Hero: folds
Uncalled bet ($0.11) returned to 7c1ce00
*** SHOWDOWN ***
7c1ce00 collected $0.2 from pot
*** SUMMARY ***
Total pot $0.2 | Rake $0 | Jackpot $0 | Bingo $0 | Fortune $0 | Tax $0
Seat 1: 7681f177 (button) folded before Flop (didn't bet)
Seat 2: 7c1ce00 (small blind) collected ($0.2)
Seat 4: Hero (big blind) folded before Flop
Seat 5: 46f12dac folded before Flop (didn't bet)
Seat 6: 55161534 folded before Flop (didn't bet)


Poker Hand #HD1753914156: Hold'em No Limit ($0.05/$0.1) - 2024/05/01 11:39:39
Table 'NLHRed10' 6-max Seat #6 is the button
Seat 1: 7681f177 ($11.41 in chips)
Seat 2: 7c1ce00 ($16.7 in chips)
Seat 4: Hero ($11.37 in chips)
Seat 5: 46f12dac ($11.12 in chips)
Seat 6: 55161534 ($21.94 in chips)
7681f177: posts small blind $0.05
7c1ce00: posts big blind $0.1
*** HOLE CARDS ***
Dealt to 7681f177 
Dealt to 7c1ce00 
Dealt to Hero [Kh 9s]
Dealt to 46f12dac 
Dealt to 55161534 
Hero: folds
46f12dac: folds
55161534: raises $0.15 to $0.25
7681f177: folds
7c1ce00: folds
Uncalled bet ($0.15) returned to 55161534
*** SHOWDOWN ***
55161534 collected $0.25 from pot
*** SUMMARY ***
Total pot $0.25 | Rake $0 | Jackpot $0 | Bingo $0 | Fortune $0 | Tax $0
Seat 1: 7681f177 (small blind) folded before Flop
Seat 2: 7c1ce00 (big blind) folded before Flop
Seat 4: Hero folded before Flop (didn't bet)
Seat 5: 46f12dac folded before Flop (didn't bet)
Seat 6: 55161534 (button) collected ($0.25)


Poker Hand #HD1753914127: Hold'em No Limit ($0.05/$0.1) - 2024/05/01 11:39:17
Table 'NLHRed10' 6-max Seat #5 is the button
Seat 1: 7681f177 ($11.69 in chips)
Seat 2: 7c1ce00 ($16.7 in chips)
Seat 4: Hero ($11.37 in chips)
Seat 5: 46f12dac ($11.12 in chips)
Seat 6: 55161534 ($21.68 in chips)
55161534: posts small blind $0.05
7681f177: posts big blind $0.1
*** HOLE CARDS ***
Dealt to 7681f177 
Dealt to 7c1ce00 
Dealt to Hero [8s 6h]
Dealt to 46f12dac 
Dealt to 55161534 
7c1ce00: folds
Hero: folds
46f12dac: folds
55161534: raises $0.18 to $0.28
7681f177: calls $0.18
*** FLOP *** [3c Qd Th]
55161534: bets $0.23
7681f177: folds
Uncalled bet ($0.23) returned to 55161534
*** SHOWDOWN ***
55161534 collected $0.54 from pot
*** SUMMARY ***
Total pot $0.56 | Rake $0.02 | Jackpot $0 | Bingo $0 | Fortune $0 | Tax $0
Board [3c Qd Th]
Seat 1: 7681f177 (big blind) folded on the Flop
Seat 2: 7c1ce00 folded before Flop (didn't bet)
Seat 4: Hero folded before Flop (didn't bet)
Seat 5: 46f12dac (button) folded before Flop (didn't bet)
Seat 6: 55161534 (small blind) won ($0.54)


Poker Hand #HD1753914104: Hold'em No Limit ($0.05/$0.1) - 2024/05/01 11:39:02
Table 'NLHRed10' 6-max Seat #4 is the button
Seat 1: 7681f177 ($11.69 in chips)
Seat 2: 7c1ce00 ($16.7 in chips)
Seat 3: 76bbf16f ($9.95 in chips)
Seat 4: Hero ($11.37 in chips)
Seat 5: 46f12dac ($11.17 in chips)
Seat 6: 55161534 ($21.63 in chips)
46f12dac: posts small blind $0.05
55161534: posts big blind $0.1
*** HOLE CARDS ***
Dealt to 7681f177 
Dealt to 7c1ce00 
Dealt to 76bbf16f 
Dealt to Hero [Kd 4s]
Dealt to 46f12dac 
Dealt to 55161534 
7681f177: folds
7c1ce00: folds
76bbf16f: folds
Hero: folds
46f12dac: folds
Uncalled bet ($0.05) returned to 55161534
*** SHOWDOWN ***
55161534 collected $0.1 from pot
*** SUMMARY ***
Total pot $0.1 | Rake $0 | Jackpot $0 | Bingo $0 | Fortune $0 | Tax $0
Seat 1: 7681f177 folded before Flop (didn't bet)
Seat 2: 7c1ce00 folded before Flop (didn't bet)
Seat 3: 76bbf16f folded before Flop (didn't bet)
Seat 4: Hero (button) folded before Flop (didn't bet)
Seat 5: 46f12dac (small blind) folded before Flop
Seat 6: 55161534 (big blind) collected ($0.1)


Poker Hand #HD1753914091: Hold'em No Limit ($0.05/$0.1) - 2024/05/01 11:38:50
Table 'NLHRed10' 6-max Seat #3 is the button
Seat 1: 7681f177 ($11.69 in chips)
Seat 2: 7c1ce00 ($16.7 in chips)
Seat 3: 76bbf16f ($9.95 in chips)
Seat 4: Hero ($11.42 in chips)
Seat 5: 46f12dac ($11.12 in chips)
Seat 6: 55161534 ($21.63 in chips)
Hero: posts small blind $0.05
46f12dac: posts big blind $0.1
*** HOLE CARDS ***
Dealt to 7681f177 
Dealt to 7c1ce00 
Dealt to 76bbf16f 
Dealt to Hero [Qd 4h]
Dealt to 46f12dac 
Dealt to 55161534 
55161534: folds
7681f177: folds
7c1ce00: folds
76bbf16f: folds
Hero: folds
Uncalled bet ($0.05) returned to 46f12dac
*** SHOWDOWN ***
46f12dac collected $0.1 from pot
*** SUMMARY ***
Total pot $0.1 | Rake $0 | Jackpot $0 | Bingo $0 | Fortune $0 | Tax $0
Seat 1: 7681f177 folded before Flop (didn't bet)
Seat 2: 7c1ce00 folded before Flop (didn't bet)
Seat 3: 76bbf16f (button) folded before Flop (didn't bet)
Seat 4: Hero (small blind) folded before Flop
Seat 5: 46f12dac (big blind) collected ($0.1)
Seat 6: 55161534 folded before Flop (didn't bet)


Poker Hand #HD1753914071: Hold'em No Limit ($0.05/$0.1) - 2024/05/01 11:38:33
Table 'NLHRed10' 6-max Seat #2 is the button
Seat 1: 7681f177 ($11.54 in chips)
Seat 2: 7c1ce00 ($16.7 in chips)
Seat 3: 76bbf16f ($10 in chips)
Seat 4: Hero ($11.52 in chips)
Seat 5: 46f12dac ($11.12 in chips)
Seat 6: 55161534 ($21.63 in chips)
76bbf16f: posts small blind $0.05
Hero: posts big blind $0.1
*** HOLE CARDS ***
Dealt to 7681f177 
Dealt to 7c1ce00 
Dealt to 76bbf16f 
Dealt to Hero [8s 3d]
Dealt to 46f12dac 
Dealt to 55161534 
46f12dac: folds
55161534: folds
7681f177: raises $0.13 to $0.23
7c1ce00: folds
76bbf16f: folds
Hero: folds
Uncalled bet ($0.13) returned to 7681f177
*** SHOWDOWN ***
7681f177 collected $0.25 from pot
*** SUMMARY ***
Total pot $0.25 | Rake $0 | Jackpot $0 | Bingo $0 | Fortune $0 | Tax $0
Seat 1: 7681f177 collected ($0.25)
Seat 2: 7c1ce00 (button) folded before Flop (didn't bet)
Seat 3: 76bbf16f (small blind) folded before Flop
Seat 4: Hero (big blind) folded before Flop
Seat 5: 46f12dac folded before Flop (didn't bet)
Seat 6: 55161534 folded before Flop (didn't bet)


Poker Hand #HD1753914045: Hold'em No Limit ($0.05/$0.1) - 2024/05/01 11:38:14
Table 'NLHRed10' 6-max Seat #1 is the button
Seat 1: 7681f177 ($11.54 in chips)
Seat 2: 7c1ce00 ($16.75 in chips)
Seat 3: 76bbf16f ($10 in chips)
Seat 4: Hero ($11.52 in chips)
Seat 5: 46f12dac ($11.12 in chips)
Seat 6: 55161534 ($21.48 in chips)
7c1ce00: posts small blind $0.05
76bbf16f: posts big blind $0.1
*** HOLE CARDS ***
Dealt to 7681f177 
Dealt to 7c1ce00 
Dealt to 76bbf16f 
Dealt to Hero [Jd 3s]
Dealt to 46f12dac 
Dealt to 55161534 
Hero: folds
46f12dac: folds
55161534: raises $0.15 to $0.25
7681f177: folds
7c1ce00: folds
76bbf16f: folds
Uncalled bet ($0.15) returned to 55161534
*** SHOWDOWN ***
55161534 collected $0.25 from pot
*** SUMMARY ***
Total pot $0.25 | Rake $0 | Jackpot $0 | Bingo $0 | Fortune $0 | Tax $0
Seat 1: 7681f177 (button) folded before Flop (didn't bet)
Seat 2: 7c1ce00 (small blind) folded before Flop
Seat 3: 76bbf16f (big blind) folded before Flop
Seat 4: Hero folded before Flop (didn't bet)
Seat 5: 46f12dac folded before Flop (didn't bet)
Seat 6: 55161534 collected ($0.25)


Poker Hand #HD1753914000: Hold'em No Limit ($0.05/$0.1) - 2024/05/01 11:37:34
Table 'NLHRed10' 6-max Seat #6 is the button
Seat 1: 7681f177 ($11.22 in chips)
Seat 2: 7c1ce00 ($16.85 in chips)
Seat 3: 56184446 ($10 in chips)
Seat 4: Hero ($11.52 in chips)
Seat 5: 46f12dac ($11.12 in chips)
Seat 6: 55161534 ($21.73 in chips)
7681f177: posts small blind $0.05
7c1ce00: posts big blind $0.1
*** HOLE CARDS ***
Dealt to 7681f177 
Dealt to 7c1ce00 
Dealt to 56184446 
Dealt to Hero [3c 4c]
Dealt to 46f12dac 
Dealt to 55161534 
56184446: folds
Hero: folds
46f12dac: folds
55161534: raises $0.15 to $0.25
7681f177: raises $0.6 to $0.85
7c1ce00: folds
55161534: folds
Uncalled bet ($0.6) returned to 7681f177
*** SHOWDOWN ***
7681f177 collected $0.57 from pot
*** SUMMARY ***
Total pot $0.6 | Rake $0.03 | Jackpot $0 | Bingo $0 | Fortune $0 | Tax $0
Seat 1: 7681f177 (small blind) collected ($0.57)
Seat 2: 7c1ce00 (big blind) folded before Flop
Seat 3: 56184446 folded before Flop (didn't bet)
Seat 4: Hero folded before Flop (didn't bet)
Seat 5: 46f12dac folded before Flop (didn't bet)
Seat 6: 55161534 (button) folded before Flop


Poker Hand #HD1753913914: Hold'em No Limit ($0.05/$0.1) - 2024/05/01 11:36:32
Table 'NLHRed10' 6-max Seat #5 is the button
Seat 1: 7681f177 ($11.32 in chips)
Seat 2: 7c1ce00 ($16.85 in chips)
Seat 3: 56184446 ($10 in chips)
Seat 4: Hero ($10 in chips)
Seat 5: 46f12dac ($11.12 in chips)
Seat 6: 55161534 ($21.78 in chips)
55161534: posts small blind $0.05
7681f177: posts big blind $0.1
*** HOLE CARDS ***
Dealt to 7681f177 
Dealt to 7c1ce00 
Dealt to 56184446 
Dealt to Hero [Jc Js]
Dealt to 46f12dac 
Dealt to 55161534 
7c1ce00: folds
56184446: raises $0.16 to $0.26
Hero: raises $0.67 to $0.93
46f12dac: folds
55161534: folds
7681f177: folds
56184446: calls $0.67
*** FLOP *** [Th 5h Qs]
56184446: checks
Hero: bets $0.7
56184446: calls $0.7
*** TURN *** [Th 5h Qs] [5c]
56184446: checks
Hero: checks
*** RIVER *** [Th 5h Qs 5c] [Qh]
56184446: checks
Hero: checks
56184446: shows [8s 8h] (Pair of Queens and Pair of Eights)
Hero: shows [Jc Js] (Pair of Queens and Pair of Jacks)
*** SHOWDOWN ***
Hero collected $3.15 from pot
*** SUMMARY ***
Total pot $3.41 | Rake $0.16 | Jackpot $0.1 | Bingo $0 | Fortune $0 | Tax $0
Board [Th 5h Qs 5c Qh]
Seat 1: 7681f177 (big blind) folded before Flop
Seat 2: 7c1ce00 folded before Flop (didn't bet)
Seat 3: 56184446 showed [8s 8h] and lost with Pair of Queens and Pair of Eights
Seat 4: Hero showed [Jc Js] and won ($3.15) with Pair of Queens and Pair of Jacks
Seat 5: 46f12dac (button) folded before Flop (didn't bet)
Seat 6: 55161534 (small blind) folded before Flop


Poker Hand #HD1753913895: Hold'em No Limit ($0.05/$0.1) - 2024/05/01 11:36:19
Table 'NLHRed10' 6-max Seat #4 is the button
Seat 1: 7681f177 ($11.32 in chips)
Seat 2: 7c1ce00 ($16.85 in chips)
Seat 3: 56184446 ($10 in chips)
Seat 4: Hero ($10 in chips)
Seat 5: 46f12dac ($11.17 in chips)
Seat 6: 55161534 ($21.73 in chips)
46f12dac: posts small blind $0.05
55161534: posts big blind $0.1
*** HOLE CARDS ***
Dealt to 7681f177 
Dealt to 7c1ce00 
Dealt to 56184446 
Dealt to Hero [2c 5s]
Dealt to 46f12dac 
Dealt to 55161534 
7681f177: folds
7c1ce00: folds
56184446: folds
Hero: folds
46f12dac: folds
Uncalled bet ($0.05) returned to 55161534
*** SHOWDOWN ***
55161534 collected $0.1 from pot
*** SUMMARY ***
Total pot $0.1 | Rake $0 | Jackpot $0 | Bingo $0 | Fortune $0 | Tax $0
Seat 1: 7681f177 folded before Flop (didn't bet)
Seat 2: 7c1ce00 folded before Flop (didn't bet)
Seat 3: 56184446 folded before Flop (didn't bet)
Seat 4: Hero (button) folded before Flop (didn't bet)
Seat 5: 46f12dac (small blind) folded before Flop
Seat 6: 55161534 (big blind) collected ($0.1)


Poker Hand #HD1753913867: Hold'em No Limit ($0.05/$0.1) - 2024/05/01 11:36:04
Table 'NLHRed10' 6-max Seat #3 is the button
Seat 1: 7681f177 ($11.32 in chips)
Seat 2: 7c1ce00 ($16.85 in chips)
Seat 3: 56184446 ($10 in chips)
Seat 4: Hero ($10.05 in chips)
Seat 5: 46f12dac ($11.12 in chips)
Seat 6: 55161534 ($21.73 in chips)
Hero: posts small blind $0.05
46f12dac: posts big blind $0.1
*** HOLE CARDS ***
Dealt to 7681f177 
Dealt to 7c1ce00 
Dealt to 56184446 
Dealt to Hero [Ah 6s]
Dealt to 46f12dac 
Dealt to 55161534 
55161534: folds
7681f177: folds
7c1ce00: folds
56184446: folds
Hero: folds
Uncalled bet ($0.05) returned to 46f12dac
*** SHOWDOWN ***
46f12dac collected $0.1 from pot
*** SUMMARY ***
Total pot $0.1 | Rake $0 | Jackpot $0 | Bingo $0 | Fortune $0 | Tax $0
Seat 1: 7681f177 folded before Flop (didn't bet)
Seat 2: 7c1ce00 folded before Flop (didn't bet)
Seat 3: 56184446 (button) folded before Flop (didn't bet)
Seat 4: Hero (small blind) folded before Flop
Seat 5: 46f12dac (big blind) collected ($0.1)
Seat 6: 55161534 folded before Flop (didn't bet)


Poker Hand #HD1753913857: Hold'em No Limit ($0.05/$0.1) - 2024/05/01 11:35:52
Table 'NLHRed10' 6-max Seat #2 is the button
Seat 1: 7681f177 ($11.32 in chips)
Seat 2: 7c1ce00 ($16.85 in chips)
Seat 3: 56184446 ($10 in chips)
Seat 4: Hero ($10 in chips)
Seat 5: 46f12dac ($11.12 in chips)
Seat 6: 55161534 ($21.73 in chips)
56184446: posts small blind $0.05
Hero: posts big blind $0.1
*** HOLE CARDS ***
Dealt to 7681f177 
Dealt to 7c1ce00 
Dealt to 56184446 
Dealt to Hero [Kd Ac]
Dealt to 46f12dac 
Dealt to 55161534 
46f12dac: folds
55161534: folds
7681f177: folds
7c1ce00: folds
56184446: folds
Uncalled bet ($0.05) returned to Hero
*** SHOWDOWN ***
Hero collected $0.1 from pot
*** SUMMARY ***
Total pot $0.1 | Rake $0 | Jackpot $0 | Bingo $0 | Fortune $0 | Tax $0
Seat 1: 7681f177 folded before Flop (didn't bet)
Seat 2: 7c1ce00 (button) folded before Flop (didn't bet)
Seat 3: 56184446 (small blind) folded before Flop
Seat 4: Hero (big blind) collected ($0.1)
Seat 5: 46f12dac folded before Flop (didn't bet)
Seat 6: 55161534 folded before Flop (didn't bet)


