Poker Hand #HD1826860635: Hold'em No Limit ($0.05/$0.1) - 2024/06/22 19:13:06
Table 'NLHRed37' 6-max Seat #3 is the button
Seat 1: ab602578 ($15.22 in chips)
Seat 2: 91446dad ($11.21 in chips)
Seat 3: 7ea70711 ($10 in chips)
Seat 4: Hero ($21.09 in chips)
Seat 5: 6f2fa861 ($10.55 in chips)
Seat 6: e99266b4 ($5.45 in chips)
Hero: posts small blind $0.05
6f2fa861: posts big blind $0.1
*** HOLE CARDS ***
Dealt to ab602578 
Dealt to 91446dad 
Dealt to 7ea70711 
Dealt to Hero [Ks 7d]
Dealt to 6f2fa861 
Dealt to e99266b4 
e99266b4: folds
ab602578: folds
91446dad: folds
7ea70711: folds
Hero: folds
Uncalled bet ($0.05) returned to 6f2fa861
*** SHOWDOWN ***
6f2fa861 collected $0.1 from pot
*** SUMMARY ***
Total pot $0.1 | Rake $0 | Jackpot $0 | Bingo $0 | Fortune $0 | Tax $0
Seat 1: ab602578 folded before Flop (didn't bet)
Seat 2: 91446dad folded before Flop (didn't bet)
Seat 3: 7ea70711 (button) folded before Flop (didn't bet)
Seat 4: Hero (small blind) folded before Flop
Seat 5: 6f2fa861 (big blind) collected ($0.1)
Seat 6: e99266b4 folded before Flop (didn't bet)


Poker Hand #HD1826860570: Hold'em No Limit ($0.05/$0.1) - 2024/06/22 19:12:36
Table 'NLHRed37' 6-max Seat #2 is the button
Seat 1: ab602578 ($15.22 in chips)
Seat 2: 91446dad ($11.21 in chips)
Seat 3: 7ea70711 ($10.05 in chips)
Seat 4: Hero ($21.19 in chips)
Seat 5: 6f2fa861 ($10 in chips)
Seat 6: e99266b4 ($5.9 in chips)
7ea70711: posts small blind $0.05
Hero: posts big blind $0.1
*** HOLE CARDS ***
Dealt to ab602578 
Dealt to 91446dad 
Dealt to 7ea70711 
Dealt to Hero [9d 3h]
Dealt to 6f2fa861 
Dealt to e99266b4 
6f2fa861: raises $0.14 to $0.24
e99266b4: calls $0.24
ab602578: folds
91446dad: folds
7ea70711: folds
Hero: folds
*** FLOP *** [Ac 7d 5h]
6f2fa861: bets $0.21
e99266b4: calls $0.21
*** TURN *** [Ac 7d 5h] [4s]
6f2fa861: bets $0.84
e99266b4: folds
Uncalled bet ($0.84) returned to 6f2fa861
*** SHOWDOWN ***
6f2fa861 collected $1 from pot
*** SUMMARY ***
Total pot $1.05 | Rake $0.05 | Jackpot $0 | Bingo $0 | Fortune $0 | Tax $0
Board [Ac 7d 5h 4s]
Seat 1: ab602578 folded before Flop (didn't bet)
Seat 2: 91446dad (button) folded before Flop (didn't bet)
Seat 3: 7ea70711 (small blind) folded before Flop
Seat 4: Hero (big blind) folded before Flop
Seat 5: 6f2fa861 won ($1)
Seat 6: e99266b4 folded on the Turn


Poker Hand #HD1826860510: Hold'em No Limit ($0.05/$0.1) - 2024/06/22 19:12:07
Table 'NLHRed37' 6-max Seat #1 is the button
Seat 1: ab602578 ($15.22 in chips)
Seat 2: 91446dad ($11.02 in chips)
Seat 3: 7ea70711 ($10.15 in chips)
Seat 4: Hero ($21.19 in chips)
Seat 5: 6f2fa861 ($10 in chips)
Seat 6: e99266b4 ($6 in chips)
91446dad: posts small blind $0.05
7ea70711: posts big blind $0.1
e99266b4: posts big blind $0.1
*** HOLE CARDS ***
Dealt to ab602578 
Dealt to 91446dad 
Dealt to 7ea70711 
Dealt to Hero [Tc 8s]
Dealt to 6f2fa861 
Dealt to e99266b4 
Hero: folds
6f2fa861: folds
e99266b4: checks
ab602578: folds
91446dad: raises $0.4 to $0.5
7ea70711: folds
e99266b4: folds
Uncalled bet ($0.4) returned to 91446dad
*** SHOWDOWN ***
91446dad collected $0.29 from pot
*** SUMMARY ***
Total pot $0.3 | Rake $0.01 | Jackpot $0 | Bingo $0 | Fortune $0 | Tax $0
Seat 1: ab602578 (button) folded before Flop (didn't bet)
Seat 2: 91446dad (small blind) collected ($0.29)
Seat 3: 7ea70711 (big blind) folded before Flop
Seat 4: Hero folded before Flop (didn't bet)
Seat 5: 6f2fa861 folded before Flop (didn't bet)
Seat 6: e99266b4 folded before Flop


Poker Hand #HD1826860494: Hold'em No Limit ($0.05/$0.1) - 2024/06/22 19:11:59
Table 'NLHRed37' 6-max Seat #5 is the button
Seat 1: ab602578 ($15.27 in chips)
Seat 2: 91446dad ($10.97 in chips)
Seat 3: 7ea70711 ($10.15 in chips)
Seat 4: Hero ($21.19 in chips)
Seat 5: 6f2fa861 ($10 in chips)
ab602578: posts small blind $0.05
91446dad: posts big blind $0.1
*** HOLE CARDS ***
Dealt to ab602578 
Dealt to 91446dad 
Dealt to 7ea70711 
Dealt to Hero [2c Qh]
Dealt to 6f2fa861 
7ea70711: folds
Hero: folds
6f2fa861: folds
ab602578: folds
Uncalled bet ($0.05) returned to 91446dad
*** SHOWDOWN ***
91446dad collected $0.1 from pot
*** SUMMARY ***
Total pot $0.1 | Rake $0 | Jackpot $0 | Bingo $0 | Fortune $0 | Tax $0
Seat 1: ab602578 (small blind) folded before Flop
Seat 2: 91446dad (big blind) collected ($0.1)
Seat 3: 7ea70711 folded before Flop (didn't bet)
Seat 4: Hero folded before Flop (didn't bet)
Seat 5: 6f2fa861 (button) folded before Flop (didn't bet)


Poker Hand #HD1826860452: Hold'em No Limit ($0.05/$0.1) - 2024/06/22 19:11:39
Table 'NLHRed37' 6-max Seat #4 is the button
Seat 1: ab602578 ($15.37 in chips)
Seat 2: 91446dad ($10.97 in chips)
Seat 3: 7ea70711 ($10 in chips)
Seat 4: Hero ($21.19 in chips)
Seat 5: 6f2fa861 ($10 in chips)
6f2fa861: posts small blind $0.05
ab602578: posts big blind $0.1
7ea70711: posts big blind $0.1
*** HOLE CARDS ***
Dealt to ab602578 
Dealt to 91446dad 
Dealt to 7ea70711 
Dealt to Hero [8c 9d]
Dealt to 6f2fa861 
91446dad: folds
7ea70711: raises $0.2 to $0.3
Hero: folds
6f2fa861: folds
ab602578: folds
Uncalled bet ($0.2) returned to 7ea70711
*** SHOWDOWN ***
7ea70711 collected $0.25 from pot
*** SUMMARY ***
Total pot $0.25 | Rake $0 | Jackpot $0 | Bingo $0 | Fortune $0 | Tax $0
Seat 1: ab602578 (big blind) folded before Flop
Seat 2: 91446dad folded before Flop (didn't bet)
Seat 3: 7ea70711 collected ($0.25)
Seat 4: Hero (button) folded before Flop (didn't bet)
Seat 5: 6f2fa861 (small blind) folded before Flop


Poker Hand #HD1826860412: Hold'em No Limit ($0.05/$0.1) - 2024/06/22 19:11:23
Table 'NLHRed37' 6-max Seat #2 is the button
Seat 1: ab602578 ($15.22 in chips)
Seat 2: 91446dad ($10.97 in chips)
Seat 4: Hero ($21.24 in chips)
Seat 5: 6f2fa861 ($10 in chips)
Seat 6: ae88b7c8 ($11.23 in chips)
Hero: posts small blind $0.05
6f2fa861: posts big blind $0.1
*** HOLE CARDS ***
Dealt to ab602578 
Dealt to 91446dad 
Dealt to Hero [Jh 6h]
Dealt to 6f2fa861 
Dealt to ae88b7c8 
ae88b7c8: folds
ab602578: raises $0.13 to $0.23
91446dad: folds
Hero: folds
6f2fa861: folds
Uncalled bet ($0.13) returned to ab602578
*** SHOWDOWN ***
ab602578 collected $0.25 from pot
*** SUMMARY ***
Total pot $0.25 | Rake $0 | Jackpot $0 | Bingo $0 | Fortune $0 | Tax $0
Seat 1: ab602578 collected ($0.25)
Seat 2: 91446dad (button) folded before Flop (didn't bet)
Seat 4: Hero (small blind) folded before Flop
Seat 5: 6f2fa861 (big blind) folded before Flop
Seat 6: ae88b7c8 folded before Flop (didn't bet)


Poker Hand #HD1826860388: Hold'em No Limit ($0.05/$0.1) - 2024/06/22 19:11:08
Table 'NLHRed37' 6-max Seat #1 is the button
Seat 1: ab602578 ($15.22 in chips)
Seat 2: 91446dad ($11.02 in chips)
Seat 4: Hero ($21.19 in chips)
Seat 5: 6f2fa861 ($10 in chips)
Seat 6: ae88b7c8 ($11.23 in chips)
91446dad: posts small blind $0.05
Hero: posts big blind $0.1
*** HOLE CARDS ***
Dealt to ab602578 
Dealt to 91446dad 
Dealt to Hero [3s Ah]
Dealt to 6f2fa861 
Dealt to ae88b7c8 
6f2fa861: folds
ae88b7c8: folds
ab602578: folds
91446dad: folds
Uncalled bet ($0.05) returned to Hero
*** SHOWDOWN ***
Hero collected $0.1 from pot
*** SUMMARY ***
Total pot $0.1 | Rake $0 | Jackpot $0 | Bingo $0 | Fortune $0 | Tax $0
Seat 1: ab602578 (button) folded before Flop (didn't bet)
Seat 2: 91446dad (small blind) folded before Flop
Seat 4: Hero (big blind) collected ($0.1)
Seat 5: 6f2fa861 folded before Flop (didn't bet)
Seat 6: ae88b7c8 folded before Flop (didn't bet)


Poker Hand #HD1826860356: Hold'em No Limit ($0.05/$0.1) - 2024/06/22 19:10:56
Table 'NLHRed37' 6-max Seat #6 is the button
Seat 1: ab602578 ($15.27 in chips)
Seat 2: 91446dad ($10.97 in chips)
Seat 4: Hero ($21.19 in chips)
Seat 5: 6f2fa861 ($10 in chips)
Seat 6: ae88b7c8 ($11.23 in chips)
ab602578: posts small blind $0.05
91446dad: posts big blind $0.1
*** HOLE CARDS ***
Dealt to ab602578 
Dealt to 91446dad 
Dealt to Hero [7c Td]
Dealt to 6f2fa861 
Dealt to ae88b7c8 
Hero: folds
6f2fa861: folds
ae88b7c8: folds
ab602578: folds
Uncalled bet ($0.05) returned to 91446dad
*** SHOWDOWN ***
91446dad collected $0.1 from pot
*** SUMMARY ***
Total pot $0.1 | Rake $0 | Jackpot $0 | Bingo $0 | Fortune $0 | Tax $0
Seat 1: ab602578 (small blind) folded before Flop
Seat 2: 91446dad (big blind) collected ($0.1)
Seat 4: Hero folded before Flop (didn't bet)
Seat 5: 6f2fa861 folded before Flop (didn't bet)
Seat 6: ae88b7c8 (button) folded before Flop (didn't bet)


Poker Hand #HD1826860328: Hold'em No Limit ($0.05/$0.1) - 2024/06/22 19:10:43
Table 'NLHRed37' 6-max Seat #5 is the button
Seat 1: ab602578 ($15.37 in chips)
Seat 2: 91446dad ($10.82 in chips)
Seat 4: Hero ($21.19 in chips)
Seat 5: 6f2fa861 ($10 in chips)
Seat 6: ae88b7c8 ($11.28 in chips)
ae88b7c8: posts small blind $0.05
ab602578: posts big blind $0.1
*** HOLE CARDS ***
Dealt to ab602578 
Dealt to 91446dad 
Dealt to Hero [Jc 5d]
Dealt to 6f2fa861 
Dealt to ae88b7c8 
91446dad: raises $0.18 to $0.28
Hero: folds
6f2fa861: folds
ae88b7c8: folds
ab602578: folds
Uncalled bet ($0.18) returned to 91446dad
*** SHOWDOWN ***
91446dad collected $0.25 from pot
*** SUMMARY ***
Total pot $0.25 | Rake $0 | Jackpot $0 | Bingo $0 | Fortune $0 | Tax $0
Seat 1: ab602578 (big blind) folded before Flop
Seat 2: 91446dad collected ($0.25)
Seat 4: Hero folded before Flop (didn't bet)
Seat 5: 6f2fa861 (button) folded before Flop (didn't bet)
Seat 6: ae88b7c8 (small blind) folded before Flop


Poker Hand #HD1826860243: Hold'em No Limit ($0.05/$0.1) - 2024/06/22 19:10:07
Table 'NLHRed37' 6-max Seat #4 is the button
Seat 1: ab602578 ($15.37 in chips)
Seat 2: 91446dad ($10.82 in chips)
Seat 3: 36e40870 ($6.73 in chips)
Seat 4: Hero ($20.95 in chips)
Seat 5: 6f2fa861 ($10 in chips)
Seat 6: ae88b7c8 ($11.38 in chips)
6f2fa861: posts small blind $0.05
ae88b7c8: posts big blind $0.1
*** HOLE CARDS ***
Dealt to ab602578 
Dealt to 91446dad 
Dealt to 36e40870 
Dealt to Hero [Ks Jd]
Dealt to 6f2fa861 
Dealt to ae88b7c8 
ab602578: folds
91446dad: folds
36e40870: calls $0.1
Hero: raises $0.24 to $0.34
6f2fa861: folds
ae88b7c8: folds
36e40870: folds
Uncalled bet ($0.24) returned to Hero
*** SHOWDOWN ***
Hero collected $0.34 from pot
*** SUMMARY ***
Total pot $0.35 | Rake $0.01 | Jackpot $0 | Bingo $0 | Fortune $0 | Tax $0
Seat 1: ab602578 folded before Flop (didn't bet)
Seat 2: 91446dad folded before Flop (didn't bet)
Seat 3: 36e40870 folded before Flop
Seat 4: Hero (button) collected ($0.34)
Seat 5: 6f2fa861 (small blind) folded before Flop
Seat 6: ae88b7c8 (big blind) folded before Flop


Poker Hand #HD1826860127: Hold'em No Limit ($0.05/$0.1) - 2024/06/22 19:09:15
Table 'NLHRed37' 6-max Seat #3 is the button
Seat 1: ab602578 ($15.37 in chips)
Seat 2: 91446dad ($10 in chips)
Seat 3: 36e40870 ($7.48 in chips)
Seat 4: Hero ($21 in chips)
Seat 5: 6f2fa861 ($10 in chips)
Seat 6: ae88b7c8 ($11.38 in chips)
Hero: posts small blind $0.05
6f2fa861: posts big blind $0.1
*** HOLE CARDS ***
Dealt to ab602578 
Dealt to 91446dad 
Dealt to 36e40870 
Dealt to Hero [Ks 3s]
Dealt to 6f2fa861 
Dealt to ae88b7c8 
ae88b7c8: folds
ab602578: folds
91446dad: raises $0.15 to $0.25
36e40870: calls $0.25
Hero: folds
6f2fa861: folds
*** FLOP *** [Td Js 2c]
91446dad: checks
36e40870: checks
*** TURN *** [Td Js 2c] [9d]
91446dad: bets $0.5
36e40870: calls $0.5
*** RIVER *** [Td Js 2c 9d] [8h]
91446dad: bets $2.15
36e40870: folds
Uncalled bet ($2.15) returned to 91446dad
*** SHOWDOWN ***
91446dad collected $1.57 from pot
*** SUMMARY ***
Total pot $1.65 | Rake $0.08 | Jackpot $0 | Bingo $0 | Fortune $0 | Tax $0
Board [Td Js 2c 9d 8h]
Seat 1: ab602578 folded before Flop (didn't bet)
Seat 2: 91446dad won ($1.57)
Seat 3: 36e40870 (button) folded on the River
Seat 4: Hero (small blind) folded before Flop
Seat 5: 6f2fa861 (big blind) folded before Flop
Seat 6: ae88b7c8 folded before Flop (didn't bet)


Poker Hand #HD1826860036: Hold'em No Limit ($0.05/$0.1) - 2024/06/22 19:08:29
Table 'NLHRed37' 6-max Seat #2 is the button
Seat 1: ab602578 ($15.37 in chips)
Seat 2: 91446dad ($10 in chips)
Seat 3: 36e40870 ($7.07 in chips)
Seat 4: Hero ($21.22 in chips)
Seat 5: 2967ee6b ($10.46 in chips)
Seat 6: ae88b7c8 ($11.38 in chips)
36e40870: posts small blind $0.05
Hero: posts big blind $0.1
*** HOLE CARDS ***
Dealt to ab602578 
Dealt to 91446dad 
Dealt to 36e40870 
Dealt to Hero [8d 6d]
Dealt to 2967ee6b 
Dealt to ae88b7c8 
2967ee6b: folds
ae88b7c8: folds
ab602578: folds
91446dad: raises $0.12 to $0.22
36e40870: calls $0.17
Hero: calls $0.12
*** FLOP *** [Kd 6c 4h]
36e40870: checks
Hero: checks
91446dad: checks
*** TURN *** [Kd 6c 4h] [3c]
36e40870: bets $0.66
Hero: folds
91446dad: folds
Uncalled bet ($0.66) returned to 36e40870
*** SHOWDOWN ***
36e40870 collected $0.63 from pot
*** SUMMARY ***
Total pot $0.66 | Rake $0.03 | Jackpot $0 | Bingo $0 | Fortune $0 | Tax $0
Board [Kd 6c 4h 3c]
Seat 1: ab602578 folded before Flop (didn't bet)
Seat 2: 91446dad (button) folded on the Turn
Seat 3: 36e40870 (small blind) won ($0.63)
Seat 4: Hero (big blind) folded on the Turn
Seat 5: 2967ee6b folded before Flop (didn't bet)
Seat 6: ae88b7c8 folded before Flop (didn't bet)


Poker Hand #HD1826859881: Hold'em No Limit ($0.05/$0.1) - 2024/06/22 19:07:23
Table 'NLHRed37' 6-max Seat #1 is the button
Seat 1: ab602578 ($12.26 in chips)
Seat 2: 91446dad ($10.8 in chips)
Seat 3: 36e40870 ($9.57 in chips)
Seat 4: Hero ($21.22 in chips)
Seat 5: 2967ee6b ($10.46 in chips)
Seat 6: ae88b7c8 ($11.38 in chips)
91446dad: posts small blind $0.05
36e40870: posts big blind $0.1
*** HOLE CARDS ***
Dealt to ab602578 
Dealt to 91446dad 
Dealt to 36e40870 
Dealt to Hero [Th 7s]
Dealt to 2967ee6b 
Dealt to ae88b7c8 
Hero: folds
2967ee6b: folds
ae88b7c8: folds
ab602578: raises $0.15 to $0.25
91446dad: raises $0.75 to $1
36e40870: calls $0.9
ab602578: calls $0.75
*** FLOP *** [5s 2h Qs]
91446dad: checks
36e40870: bets $1.5
ab602578: calls $1.5
91446dad: folds
*** TURN *** [5s 2h Qs] [4d]
36e40870: checks
ab602578: checks
*** RIVER *** [5s 2h Qs 4d] [Js]
36e40870: checks
ab602578: checks
36e40870: shows [Ac 9c] (Ace-High)
ab602578: shows [Ah Qh] (Pair of Queens)
*** SHOWDOWN ***
ab602578 collected $5.61 from pot
*** SUMMARY ***
Total pot $6 | Rake $0.29 | Jackpot $0.1 | Bingo $0 | Fortune $0 | Tax $0
Board [5s 2h Qs 4d Js]
Seat 1: ab602578 (button) showed [Ah Qh] and won ($5.61) with Pair of Queens
Seat 2: 91446dad (small blind) folded on the Flop
Seat 3: 36e40870 (big blind) showed [Ac 9c] and lost with Ace-High
Seat 4: Hero folded before Flop (didn't bet)
Seat 5: 2967ee6b folded before Flop (didn't bet)
Seat 6: ae88b7c8 folded before Flop (didn't bet)


Poker Hand #HD1826859799: Hold'em No Limit ($0.05/$0.1) - 2024/06/22 19:06:44
Table 'NLHRed37' 6-max Seat #6 is the button
Seat 1: ab602578 ($12.31 in chips)
Seat 2: 91446dad ($11.15 in chips)
Seat 3: 36e40870 ($9.2 in chips)
Seat 4: Hero ($21.22 in chips)
Seat 5: 2967ee6b ($10.46 in chips)
Seat 6: ae88b7c8 ($11.38 in chips)
ab602578: posts small blind $0.05
91446dad: posts big blind $0.1
*** HOLE CARDS ***
Dealt to ab602578 
Dealt to 91446dad 
Dealt to 36e40870 
Dealt to Hero [7c 9d]
Dealt to 2967ee6b 
Dealt to ae88b7c8 
36e40870: calls $0.1
Hero: folds
2967ee6b: folds
ae88b7c8: folds
ab602578: folds
91446dad: checks
*** FLOP *** [6h 8c 7s]
91446dad: checks
36e40870: bets $0.25
91446dad: calls $0.25
*** TURN *** [6h 8c 7s] [4c]
91446dad: checks
36e40870: checks
*** RIVER *** [6h 8c 7s 4c] [Jd]
91446dad: checks
36e40870: bets $0.75
91446dad: folds
Uncalled bet ($0.75) returned to 36e40870
*** SHOWDOWN ***
36e40870 collected $0.72 from pot
*** SUMMARY ***
Total pot $0.75 | Rake $0.03 | Jackpot $0 | Bingo $0 | Fortune $0 | Tax $0
Board [6h 8c 7s 4c Jd]
Seat 1: ab602578 (small blind) folded before Flop
Seat 2: 91446dad (big blind) folded on the River
Seat 3: 36e40870 won ($0.72)
Seat 4: Hero folded before Flop (didn't bet)
Seat 5: 2967ee6b folded before Flop (didn't bet)
Seat 6: ae88b7c8 (button) folded before Flop (didn't bet)


Poker Hand #HD1826859667: Hold'em No Limit ($0.05/$0.1) - 2024/06/22 19:05:45
Table 'NLHRed37' 6-max Seat #5 is the button
Seat 1: ab602578 ($11.85 in chips)
Seat 2: 91446dad ($11.15 in chips)
Seat 3: 36e40870 ($9.6 in chips)
Seat 4: Hero ($21.22 in chips)
Seat 5: 2967ee6b ($10.46 in chips)
Seat 6: ae88b7c8 ($11.48 in chips)
ae88b7c8: posts small blind $0.05
ab602578: posts big blind $0.1
*** HOLE CARDS ***
Dealt to ab602578 
Dealt to 91446dad 
Dealt to 36e40870 
Dealt to Hero [4s 8c]
Dealt to 2967ee6b 
Dealt to ae88b7c8 
91446dad: folds
36e40870: calls $0.1
Hero: folds
2967ee6b: folds
ae88b7c8: calls $0.05
ab602578: checks
*** FLOP *** [6s Ts 5h]
ae88b7c8: checks
ab602578: checks
36e40870: bets $0.3
ae88b7c8: folds
ab602578: calls $0.3
*** TURN *** [6s Ts 5h] [Tc]
ab602578: checks
36e40870: checks
*** RIVER *** [6s Ts 5h Tc] [Td]
ab602578: checks
36e40870: checks
ab602578: shows [Ks Qs] (Three Tens)
36e40870: shows [Jd Kh] (Three Tens)
*** SHOWDOWN ***
ab602578 collected $0.86 from pot
*** SUMMARY ***
Total pot $0.9 | Rake $0.04 | Jackpot $0 | Bingo $0 | Fortune $0 | Tax $0
Board [6s Ts 5h Tc Td]
Seat 1: ab602578 (big blind) showed [Ks Qs] and won ($0.86) with Three Tens
Seat 2: 91446dad folded before Flop (didn't bet)
Seat 3: 36e40870 showed [Jd Kh] and lost with Three Tens
Seat 4: Hero folded before Flop (didn't bet)
Seat 5: 2967ee6b (button) folded before Flop (didn't bet)
Seat 6: ae88b7c8 (small blind) folded on the Flop


Poker Hand #HD1826859646: Hold'em No Limit ($0.05/$0.1) - 2024/06/22 19:05:33
Table 'NLHRed37' 6-max Seat #4 is the button
Seat 1: ab602578 ($11.85 in chips)
Seat 2: 91446dad ($11.15 in chips)
Seat 3: 36e40870 ($9.6 in chips)
Seat 4: Hero ($21.22 in chips)
Seat 5: 2967ee6b ($10.51 in chips)
Seat 6: ae88b7c8 ($11.43 in chips)
2967ee6b: posts small blind $0.05
ae88b7c8: posts big blind $0.1
*** HOLE CARDS ***
Dealt to ab602578 
Dealt to 91446dad 
Dealt to 36e40870 
Dealt to Hero [2c 4h]
Dealt to 2967ee6b 
Dealt to ae88b7c8 
ab602578: folds
91446dad: folds
36e40870: folds
Hero: folds
2967ee6b: folds
Uncalled bet ($0.05) returned to ae88b7c8
*** SHOWDOWN ***
ae88b7c8 collected $0.1 from pot
*** SUMMARY ***
Total pot $0.1 | Rake $0 | Jackpot $0 | Bingo $0 | Fortune $0 | Tax $0
Seat 1: ab602578 folded before Flop (didn't bet)
Seat 2: 91446dad folded before Flop (didn't bet)
Seat 3: 36e40870 folded before Flop (didn't bet)
Seat 4: Hero (button) folded before Flop (didn't bet)
Seat 5: 2967ee6b (small blind) folded before Flop
Seat 6: ae88b7c8 (big blind) collected ($0.1)


Poker Hand #HD1826859559: Hold'em No Limit ($0.05/$0.1) - 2024/06/22 19:04:55
Table 'NLHRed37' 6-max Seat #3 is the button
Seat 1: ab602578 ($11.85 in chips)
Seat 2: 91446dad ($11.15 in chips)
Seat 3: 36e40870 ($10.02 in chips)
Seat 4: Hero ($21.27 in chips)
Seat 5: 2967ee6b ($10.08 in chips)
Seat 6: ae88b7c8 ($11.43 in chips)
Hero: posts small blind $0.05
2967ee6b: posts big blind $0.1
*** HOLE CARDS ***
Dealt to ab602578 
Dealt to 91446dad 
Dealt to 36e40870 
Dealt to Hero [Th 5d]
Dealt to 2967ee6b 
Dealt to ae88b7c8 
ae88b7c8: folds
ab602578: folds
91446dad: folds
36e40870: calls $0.1
Hero: folds
2967ee6b: raises $0.32 to $0.42
36e40870: calls $0.32
*** FLOP *** [2c 4s Kc]
2967ee6b: checks
36e40870: checks
*** TURN *** [2c 4s Kc] [5s]
2967ee6b: bets $0.59
36e40870: folds
Uncalled bet ($0.59) returned to 2967ee6b
*** SHOWDOWN ***
2967ee6b collected $0.85 from pot
*** SUMMARY ***
Total pot $0.89 | Rake $0.04 | Jackpot $0 | Bingo $0 | Fortune $0 | Tax $0
Board [2c 4s Kc 5s]
Seat 1: ab602578 folded before Flop (didn't bet)
Seat 2: 91446dad folded before Flop (didn't bet)
Seat 3: 36e40870 (button) folded on the Turn
Seat 4: Hero (small blind) folded before Flop
Seat 5: 2967ee6b (big blind) won ($0.85)
Seat 6: ae88b7c8 folded before Flop (didn't bet)


Poker Hand #HD1826859535: Hold'em No Limit ($0.05/$0.1) - 2024/06/22 19:04:43
Table 'NLHRed37' 6-max Seat #2 is the button
Seat 1: ab602578 ($11.85 in chips)
Seat 2: 91446dad ($11.15 in chips)
Seat 3: 36e40870 ($10.07 in chips)
Seat 4: Hero ($21.22 in chips)
Seat 5: 2967ee6b ($10.08 in chips)
Seat 6: ae88b7c8 ($11.43 in chips)
36e40870: posts small blind $0.05
Hero: posts big blind $0.1
*** HOLE CARDS ***
Dealt to ab602578 
Dealt to 91446dad 
Dealt to 36e40870 
Dealt to Hero [Ad Ah]
Dealt to 2967ee6b 
Dealt to ae88b7c8 
2967ee6b: folds
ae88b7c8: folds
ab602578: folds
91446dad: folds
36e40870: folds
Uncalled bet ($0.05) returned to Hero
*** SHOWDOWN ***
Hero collected $0.1 from pot
*** SUMMARY ***
Total pot $0.1 | Rake $0 | Jackpot $0 | Bingo $0 | Fortune $0 | Tax $0
Seat 1: ab602578 folded before Flop (didn't bet)
Seat 2: 91446dad (button) folded before Flop (didn't bet)
Seat 3: 36e40870 (small blind) folded before Flop
Seat 4: Hero (big blind) collected ($0.1)
Seat 5: 2967ee6b folded before Flop (didn't bet)
Seat 6: ae88b7c8 folded before Flop (didn't bet)


Poker Hand #HD1826858811: Hold'em No Limit ($0.05/$0.1) - 2024/06/22 18:59:46
Table 'NLHRed37' 6-max Seat #5 is the button
Seat 1: ab602578 ($9.55 in chips)
Seat 2: 91446dad ($10.99 in chips)
Seat 3: 36e40870 ($11.41 in chips)
Seat 4: Hero ($21.22 in chips)
Seat 5: 2967ee6b ($10 in chips)
Seat 6: ae88b7c8 ($10.32 in chips)
ae88b7c8: posts small blind $0.05
ab602578: posts big blind $0.1
*** HOLE CARDS ***
Dealt to ab602578 
Dealt to 91446dad 
Dealt to 36e40870 
Dealt to Hero [9c 7h]
Dealt to 2967ee6b 
Dealt to ae88b7c8 
91446dad: folds
36e40870: folds
Hero: folds
2967ee6b: raises $0.2 to $0.3
ae88b7c8: folds
ab602578: calls $0.2
*** FLOP *** [Kc Js Ts]
ab602578: checks
2967ee6b: bets $0.17
ab602578: calls $0.17
*** TURN *** [Kc Js Ts] [Th]
ab602578: checks
2967ee6b: bets $0.66
ab602578: calls $0.66
*** RIVER *** [Kc Js Ts Th] [4d]
ab602578: checks
2967ee6b: bets $1.95
ab602578: calls $1.95
2967ee6b: shows [5c Ac] (Pair of Tens)
ab602578: shows [8c Jc] (Pair of Jacks and Pair of Tens)
*** SHOWDOWN ***
ab602578 collected $5.81 from pot
*** SUMMARY ***
Total pot $6.21 | Rake $0.3 | Jackpot $0.1 | Bingo $0 | Fortune $0 | Tax $0
Board [Kc Js Ts Th 4d]
Seat 1: ab602578 (big blind) showed [8c Jc] and won ($5.81) with Pair of Jacks and Pair of Tens
Seat 2: 91446dad folded before Flop (didn't bet)
Seat 3: 36e40870 folded before Flop (didn't bet)
Seat 4: Hero folded before Flop (didn't bet)
Seat 5: 2967ee6b (button) showed [5c Ac] and lost with Pair of Tens
Seat 6: ae88b7c8 (small blind) folded before Flop


Poker Hand #HD1826858644: Hold'em No Limit ($0.05/$0.1) - 2024/06/22 18:58:38
Table 'NLHRed37' 6-max Seat #4 is the button
Seat 1: ab602578 ($9.55 in chips)
Seat 2: 91446dad ($10.99 in chips)
Seat 3: 36e40870 ($11.51 in chips)
Seat 4: Hero ($11.06 in chips)
Seat 5: 2967ee6b ($11.77 in chips)
Seat 6: ae88b7c8 ($10.42 in chips)
2967ee6b: posts small blind $0.05
ae88b7c8: posts big blind $0.1
*** HOLE CARDS ***
Dealt to ab602578 
Dealt to 91446dad 
Dealt to 36e40870 
Dealt to Hero [Ac As]
Dealt to 2967ee6b 
Dealt to ae88b7c8 
ab602578: folds
91446dad: folds
36e40870: calls $0.1
Hero: raises $0.4 to $0.5
2967ee6b: raises $1 to $1.5
ae88b7c8: folds
36e40870: folds
Hero: raises $9.56 to $11.06 and is all-in
2967ee6b: calls $9.56
Hero: shows [Ac As]
2967ee6b: shows [Kh Ks]
*** FIRST FLOP *** [9c 7h 7s]
*** FIRST TURN *** [9c 7h 7s] [2h]
*** FIRST RIVER *** [9c 7h 7s 2h] [5h]
*** SECOND FLOP *** [8d 5s 4h]
*** SECOND TURN *** [8d 5s 4h] [Td]
*** SECOND RIVER *** [8d 5s 4h Td] [Tc]
*** FIRST SHOWDOWN ***
Hero collected $10.61 from pot
*** SECOND SHOWDOWN ***
Hero collected $10.61 from pot
*** SUMMARY ***
Total pot $22.32 | Rake $1 | Jackpot $0.1 | Bingo $0 | Fortune $0 | Tax $0
Hand was run two times
FIRST Board [9c 7h 7s 2h 5h]
SECOND Board [8d 5s 4h Td Tc]
Seat 1: ab602578 folded before Flop (didn't bet)
Seat 2: 91446dad folded before Flop (didn't bet)
Seat 3: 36e40870 folded before Flop
Seat 4: Hero (button) showed [Ac As] and won ($10.61) with Pair of Aces and Pair of Sevens, and won ($10.61) with Pair of Aces and Pair of Tens
Seat 5: 2967ee6b (small blind) showed [Kh Ks] and lost with Pair of Kings and Pair of Sevens, and lost with Pair of Kings and Pair of Tens
Seat 6: ae88b7c8 (big blind) folded before Flop


Poker Hand #HD1826858523: Hold'em No Limit ($0.05/$0.1) - 2024/06/22 18:57:47
Table 'NLHRed37' 6-max Seat #3 is the button
Seat 1: ab602578 ($10.07 in chips)
Seat 2: 91446dad ($10.99 in chips)
Seat 3: 36e40870 ($10.9 in chips)
Seat 4: Hero ($11.11 in chips)
Seat 5: 2967ee6b ($11.87 in chips)
Seat 6: ae88b7c8 ($10.42 in chips)
Hero: posts small blind $0.05
2967ee6b: posts big blind $0.1
*** HOLE CARDS ***
Dealt to ab602578 
Dealt to 91446dad 
Dealt to 36e40870 
Dealt to Hero [8d Qs]
Dealt to 2967ee6b 
Dealt to ae88b7c8 
ae88b7c8: folds
ab602578: raises $0.12 to $0.22
91446dad: folds
36e40870: calls $0.22
Hero: folds
2967ee6b: folds
*** FLOP *** [Kd Jh 9s]
ab602578: checks
36e40870: checks
*** TURN *** [Kd Jh 9s] [4c]
ab602578: checks
36e40870: bets $0.3
ab602578: calls $0.3
*** RIVER *** [Kd Jh 9s 4c] [Jd]
ab602578: checks
36e40870: bets $1.15
ab602578: folds
Uncalled bet ($1.15) returned to 36e40870
*** SHOWDOWN ***
36e40870 collected $1.13 from pot
*** SUMMARY ***
Total pot $1.19 | Rake $0.06 | Jackpot $0 | Bingo $0 | Fortune $0 | Tax $0
Board [Kd Jh 9s 4c Jd]
Seat 1: ab602578 folded on the River
Seat 2: 91446dad folded before Flop (didn't bet)
Seat 3: 36e40870 (button) won ($1.13)
Seat 4: Hero (small blind) folded before Flop
Seat 5: 2967ee6b (big blind) folded before Flop
Seat 6: ae88b7c8 folded before Flop (didn't bet)


Poker Hand #HD1826858442: Hold'em No Limit ($0.05/$0.1) - 2024/06/22 18:57:14
Table 'NLHRed37' 6-max Seat #2 is the button
Seat 1: ab602578 ($10.07 in chips)
Seat 2: 91446dad ($10.99 in chips)
Seat 3: 36e40870 ($11.15 in chips)
Seat 4: Hero ($10.64 in chips)
Seat 5: 2967ee6b ($11.87 in chips)
Seat 6: ae88b7c8 ($10.67 in chips)
36e40870: posts small blind $0.05
Hero: posts big blind $0.1
*** HOLE CARDS ***
Dealt to ab602578 
Dealt to 91446dad 
Dealt to 36e40870 
Dealt to Hero [Ac Ah]
Dealt to 2967ee6b 
Dealt to ae88b7c8 
2967ee6b: folds
ae88b7c8: raises $0.15 to $0.25
ab602578: folds
91446dad: folds
36e40870: calls $0.2
Hero: raises $0.95 to $1.2
ae88b7c8: folds
36e40870: folds
Uncalled bet ($0.95) returned to Hero
*** SHOWDOWN ***
Hero collected $0.72 from pot
*** SUMMARY ***
Total pot $0.75 | Rake $0.03 | Jackpot $0 | Bingo $0 | Fortune $0 | Tax $0
Seat 1: ab602578 folded before Flop (didn't bet)
Seat 2: 91446dad (button) folded before Flop (didn't bet)
Seat 3: 36e40870 (small blind) folded before Flop
Seat 4: Hero (big blind) collected ($0.72)
Seat 5: 2967ee6b folded before Flop (didn't bet)
Seat 6: ae88b7c8 folded before Flop


Poker Hand #HD1826858425: Hold'em No Limit ($0.05/$0.1) - 2024/06/22 18:57:04
Table 'NLHRed37' 6-max Seat #1 is the button
Seat 1: ab602578 ($10.07 in chips)
Seat 2: 91446dad ($11.04 in chips)
Seat 3: 36e40870 ($11.1 in chips)
Seat 4: Hero ($10.64 in chips)
Seat 5: 2967ee6b ($11.87 in chips)
Seat 6: ae88b7c8 ($10.67 in chips)
91446dad: posts small blind $0.05
36e40870: posts big blind $0.1
*** HOLE CARDS ***
Dealt to ab602578 
Dealt to 91446dad 
Dealt to 36e40870 
Dealt to Hero [2s Qd]
Dealt to 2967ee6b 
Dealt to ae88b7c8 
Hero: folds
2967ee6b: folds
ae88b7c8: folds
ab602578: folds
91446dad: folds
Uncalled bet ($0.05) returned to 36e40870
*** SHOWDOWN ***
36e40870 collected $0.1 from pot
*** SUMMARY ***
Total pot $0.1 | Rake $0 | Jackpot $0 | Bingo $0 | Fortune $0 | Tax $0
Seat 1: ab602578 (button) folded before Flop (didn't bet)
Seat 2: 91446dad (small blind) folded before Flop
Seat 3: 36e40870 (big blind) collected ($0.1)
Seat 4: Hero folded before Flop (didn't bet)
Seat 5: 2967ee6b folded before Flop (didn't bet)
Seat 6: ae88b7c8 folded before Flop (didn't bet)


Poker Hand #HD1826858254: Hold'em No Limit ($0.05/$0.1) - 2024/06/22 18:55:55
Table 'NLHRed37' 6-max Seat #6 is the button
Seat 1: ab602578 ($11.12 in chips)
Seat 2: 91446dad ($10 in chips)
Seat 3: 36e40870 ($11.2 in chips)
Seat 4: Hero ($10.64 in chips)
Seat 5: 2967ee6b ($11.87 in chips)
Seat 6: ae88b7c8 ($10.67 in chips)
ab602578: posts small blind $0.05
91446dad: posts big blind $0.1
*** HOLE CARDS ***
Dealt to ab602578 
Dealt to 91446dad 
Dealt to 36e40870 
Dealt to Hero [8d Ts]
Dealt to 2967ee6b 
Dealt to ae88b7c8 
36e40870: calls $0.1
Hero: folds
2967ee6b: folds
ae88b7c8: folds
ab602578: calls $0.05
91446dad: raises $0.4 to $0.5
36e40870: folds
ab602578: calls $0.4
*** FLOP *** [4s 5c Kc]
ab602578: checks
91446dad: bets $0.55
ab602578: calls $0.55
*** TURN *** [4s 5c Kc] [2c]
ab602578: checks
91446dad: checks
*** RIVER *** [4s 5c Kc 2c] [Qd]
ab602578: checks
91446dad: checks
ab602578: shows [As 7s] (Ace-High)
91446dad: shows [Ad Kh] (Pair of Kings)
*** SHOWDOWN ***
91446dad collected $2.09 from pot
*** SUMMARY ***
Total pot $2.2 | Rake $0.11 | Jackpot $0 | Bingo $0 | Fortune $0 | Tax $0
Board [4s 5c Kc 2c Qd]
Seat 1: ab602578 (small blind) showed [As 7s] and lost with Ace-High
Seat 2: 91446dad (big blind) showed [Ad Kh] and won ($2.09) with Pair of Kings
Seat 3: 36e40870 folded before Flop
Seat 4: Hero folded before Flop (didn't bet)
Seat 5: 2967ee6b folded before Flop (didn't bet)
Seat 6: ae88b7c8 (button) folded before Flop (didn't bet)


Poker Hand #HD1826858223: Hold'em No Limit ($0.05/$0.1) - 2024/06/22 18:55:42
Table 'NLHRed37' 6-max Seat #5 is the button
Seat 1: ab602578 ($11.07 in chips)
Seat 2: 91446dad ($10 in chips)
Seat 3: 36e40870 ($11.2 in chips)
Seat 4: Hero ($10.64 in chips)
Seat 5: 2967ee6b ($11.87 in chips)
Seat 6: ae88b7c8 ($10.72 in chips)
ae88b7c8: posts small blind $0.05
ab602578: posts big blind $0.1
*** HOLE CARDS ***
Dealt to ab602578 
Dealt to 91446dad 
Dealt to 36e40870 
Dealt to Hero [Ts 7d]
Dealt to 2967ee6b 
Dealt to ae88b7c8 
91446dad: folds
36e40870: folds
Hero: folds
2967ee6b: folds
ae88b7c8: folds
Uncalled bet ($0.05) returned to ab602578
*** SHOWDOWN ***
ab602578 collected $0.1 from pot
*** SUMMARY ***
Total pot $0.1 | Rake $0 | Jackpot $0 | Bingo $0 | Fortune $0 | Tax $0
Seat 1: ab602578 (big blind) collected ($0.1)
Seat 2: 91446dad folded before Flop (didn't bet)
Seat 3: 36e40870 folded before Flop (didn't bet)
Seat 4: Hero folded before Flop (didn't bet)
Seat 5: 2967ee6b (button) folded before Flop (didn't bet)
Seat 6: ae88b7c8 (small blind) folded before Flop


Poker Hand #HD1826858147: Hold'em No Limit ($0.05/$0.1) - 2024/06/22 18:55:12
Table 'NLHRed37' 6-max Seat #4 is the button
Seat 1: ab602578 ($11.07 in chips)
Seat 2: 91446dad ($10 in chips)
Seat 3: 36e40870 ($11.06 in chips)
Seat 4: Hero ($10.64 in chips)
Seat 5: 2967ee6b ($11.92 in chips)
Seat 6: ae88b7c8 ($10.82 in chips)
2967ee6b: posts small blind $0.05
ae88b7c8: posts big blind $0.1
*** HOLE CARDS ***
Dealt to ab602578 
Dealt to 91446dad 
Dealt to 36e40870 
Dealt to Hero [4d 3s]
Dealt to 2967ee6b 
Dealt to ae88b7c8 
ab602578: folds
91446dad: folds
36e40870: calls $0.1
Hero: folds
2967ee6b: folds
ae88b7c8: checks
*** FLOP *** [Ah Jh Qh]
ae88b7c8: checks
36e40870: checks
*** TURN *** [Ah Jh Qh] [Kc]
ae88b7c8: checks
36e40870: bets $0.25
ae88b7c8: folds
Uncalled bet ($0.25) returned to 36e40870
*** SHOWDOWN ***
36e40870 collected $0.24 from pot
*** SUMMARY ***
Total pot $0.25 | Rake $0.01 | Jackpot $0 | Bingo $0 | Fortune $0 | Tax $0
Board [Ah Jh Qh Kc]
Seat 1: ab602578 folded before Flop (didn't bet)
Seat 2: 91446dad folded before Flop (didn't bet)
Seat 3: 36e40870 won ($0.24)
Seat 4: Hero (button) folded before Flop (didn't bet)
Seat 5: 2967ee6b (small blind) folded before Flop
Seat 6: ae88b7c8 (big blind) folded on the Turn


Poker Hand #HD1826858103: Hold'em No Limit ($0.05/$0.1) - 2024/06/22 18:54:47
Table 'NLHRed37' 6-max Seat #3 is the button
Seat 1: ab602578 ($11.07 in chips)
Seat 2: 91446dad ($10.17 in chips)
Seat 3: 36e40870 ($10.69 in chips)
Seat 4: Hero ($10.69 in chips)
Seat 5: 2967ee6b ($12.02 in chips)
Seat 6: ae88b7c8 ($10.82 in chips)
Hero: posts small blind $0.05
2967ee6b: posts big blind $0.1
*** HOLE CARDS ***
Dealt to ab602578 
Dealt to 91446dad 
Dealt to 36e40870 
Dealt to Hero [Ks 5d]
Dealt to 2967ee6b 
Dealt to ae88b7c8 
ae88b7c8: folds
ab602578: folds
91446dad: raises $0.15 to $0.25
36e40870: calls $0.25
Hero: folds
2967ee6b: folds
*** FLOP *** [5c 4s Ad]
91446dad: checks
36e40870: bets $0.33
91446dad: folds
Uncalled bet ($0.33) returned to 36e40870
*** SHOWDOWN ***
36e40870 collected $0.62 from pot
*** SUMMARY ***
Total pot $0.65 | Rake $0.03 | Jackpot $0 | Bingo $0 | Fortune $0 | Tax $0
Board [5c 4s Ad]
Seat 1: ab602578 folded before Flop (didn't bet)
Seat 2: 91446dad folded on the Flop
Seat 3: 36e40870 (button) won ($0.62)
Seat 4: Hero (small blind) folded before Flop
Seat 5: 2967ee6b (big blind) folded before Flop
Seat 6: ae88b7c8 folded before Flop (didn't bet)


Poker Hand #HD1826857997: Hold'em No Limit ($0.05/$0.1) - 2024/06/22 18:54:05
Table 'NLHRed37' 6-max Seat #2 is the button
Seat 1: ab602578 ($11.07 in chips)
Seat 2: 91446dad ($10.92 in chips)
Seat 3: 36e40870 ($10.74 in chips)
Seat 4: Hero ($10.79 in chips)
Seat 5: 2967ee6b ($12.02 in chips)
Seat 6: ae88b7c8 ($10 in chips)
36e40870: posts small blind $0.05
Hero: posts big blind $0.1
*** HOLE CARDS ***
Dealt to ab602578 
Dealt to 91446dad 
Dealt to 36e40870 
Dealt to Hero [Ts 9d]
Dealt to 2967ee6b 
Dealt to ae88b7c8 
2967ee6b: folds
ae88b7c8: raises $0.15 to $0.25
ab602578: folds
91446dad: raises $0.5 to $0.75
36e40870: folds
Hero: folds
ae88b7c8: raises $1.24 to $1.99
91446dad: folds
Uncalled bet ($1.24) returned to ae88b7c8
*** SHOWDOWN ***
ae88b7c8 collected $1.57 from pot
*** SUMMARY ***
Total pot $1.65 | Rake $0.08 | Jackpot $0 | Bingo $0 | Fortune $0 | Tax $0
Seat 1: ab602578 folded before Flop (didn't bet)
Seat 2: 91446dad (button) folded before Flop
Seat 3: 36e40870 (small blind) folded before Flop
Seat 4: Hero (big blind) folded before Flop
Seat 5: 2967ee6b folded before Flop (didn't bet)
Seat 6: ae88b7c8 collected ($1.57)


Poker Hand #HD1826857966: Hold'em No Limit ($0.05/$0.1) - 2024/06/22 18:53:53
Table 'NLHRed37' 6-max Seat #1 is the button
Seat 1: ab602578 ($11.07 in chips)
Seat 2: 91446dad ($10.97 in chips)
Seat 3: 36e40870 ($10.69 in chips)
Seat 4: Hero ($10.79 in chips)
Seat 5: 2967ee6b ($12.02 in chips)
Seat 6: ae88b7c8 ($10 in chips)
91446dad: posts small blind $0.05
36e40870: posts big blind $0.1
*** HOLE CARDS ***
Dealt to ab602578 
Dealt to 91446dad 
Dealt to 36e40870 
Dealt to Hero [As 2h]
Dealt to 2967ee6b 
Dealt to ae88b7c8 
Hero: folds
2967ee6b: folds
ae88b7c8: folds
ab602578: folds
91446dad: folds
Uncalled bet ($0.05) returned to 36e40870
*** SHOWDOWN ***
36e40870 collected $0.1 from pot
*** SUMMARY ***
Total pot $0.1 | Rake $0 | Jackpot $0 | Bingo $0 | Fortune $0 | Tax $0
Seat 1: ab602578 (button) folded before Flop (didn't bet)
Seat 2: 91446dad (small blind) folded before Flop
Seat 3: 36e40870 (big blind) collected ($0.1)
Seat 4: Hero folded before Flop (didn't bet)
Seat 5: 2967ee6b folded before Flop (didn't bet)
Seat 6: ae88b7c8 folded before Flop (didn't bet)


Poker Hand #HD1826857883: Hold'em No Limit ($0.05/$0.1) - 2024/06/22 18:53:19
Table 'NLHRed37' 6-max Seat #6 is the button
Seat 1: ab602578 ($11.12 in chips)
Seat 2: 91446dad ($10.69 in chips)
Seat 3: 36e40870 ($10.69 in chips)
Seat 4: Hero ($10.79 in chips)
Seat 5: 2967ee6b ($12.02 in chips)
Seat 6: ae88b7c8 ($10 in chips)
ab602578: posts small blind $0.05
91446dad: posts big blind $0.1
*** HOLE CARDS ***
Dealt to ab602578 
Dealt to 91446dad 
Dealt to 36e40870 
Dealt to Hero [Kd 9s]
Dealt to 2967ee6b 
Dealt to ae88b7c8 
36e40870: folds
Hero: folds
2967ee6b: folds
ae88b7c8: raises $0.15 to $0.25
ab602578: folds
91446dad: calls $0.15
*** FLOP *** [2h 3d 4d]
91446dad: checks
ae88b7c8: checks
*** TURN *** [2h 3d 4d] [3h]
91446dad: bets $0.45
ae88b7c8: folds
Uncalled bet ($0.45) returned to 91446dad
*** SHOWDOWN ***
91446dad collected $0.53 from pot
*** SUMMARY ***
Total pot $0.55 | Rake $0.02 | Jackpot $0 | Bingo $0 | Fortune $0 | Tax $0
Board [2h 3d 4d 3h]
Seat 1: ab602578 (small blind) folded before Flop
Seat 2: 91446dad (big blind) won ($0.53)
Seat 3: 36e40870 folded before Flop (didn't bet)
Seat 4: Hero folded before Flop (didn't bet)
Seat 5: 2967ee6b folded before Flop (didn't bet)
Seat 6: ae88b7c8 (button) folded on the Turn


Poker Hand #HD1826857845: Hold'em No Limit ($0.05/$0.1) - 2024/06/22 18:53:03
Table 'NLHRed37' 6-max Seat #5 is the button
Seat 1: ab602578 ($11.07 in chips)
Seat 2: 91446dad ($10.69 in chips)
Seat 3: 36e40870 ($10.69 in chips)
Seat 4: Hero ($10.79 in chips)
Seat 5: 2967ee6b ($12.02 in chips)
Seat 6: ae88b7c8 ($10 in chips)
ae88b7c8: posts small blind $0.05
ab602578: posts big blind $0.1
*** HOLE CARDS ***
Dealt to ab602578 
Dealt to 91446dad 
Dealt to 36e40870 
Dealt to Hero [8d Jc]
Dealt to 2967ee6b 
Dealt to ae88b7c8 
91446dad: folds
36e40870: folds
Hero: folds
2967ee6b: folds
ae88b7c8: folds
Uncalled bet ($0.05) returned to ab602578
*** SHOWDOWN ***
ab602578 collected $0.1 from pot
*** SUMMARY ***
Total pot $0.1 | Rake $0 | Jackpot $0 | Bingo $0 | Fortune $0 | Tax $0
Seat 1: ab602578 (big blind) collected ($0.1)
Seat 2: 91446dad folded before Flop (didn't bet)
Seat 3: 36e40870 folded before Flop (didn't bet)
Seat 4: Hero folded before Flop (didn't bet)
Seat 5: 2967ee6b (button) folded before Flop (didn't bet)
Seat 6: ae88b7c8 (small blind) folded before Flop


Poker Hand #HD1826857709: Hold'em No Limit ($0.05/$0.1) - 2024/06/22 18:52:02
Table 'NLHRed37' 6-max Seat #4 is the button
Seat 1: ab602578 ($10.6 in chips)
Seat 2: 91446dad ($10.69 in chips)
Seat 3: 36e40870 ($10.69 in chips)
Seat 4: Hero ($10.79 in chips)
Seat 5: 2967ee6b ($12.07 in chips)
Seat 6: ae88b7c8 ($10.33 in chips)
2967ee6b: posts small blind $0.05
ae88b7c8: posts big blind $0.1
*** HOLE CARDS ***
Dealt to ab602578 
Dealt to 91446dad 
Dealt to 36e40870 
Dealt to Hero [5s 9s]
Dealt to 2967ee6b 
Dealt to ae88b7c8 
ab602578: raises $0.12 to $0.22
91446dad: folds
36e40870: folds
Hero: folds
2967ee6b: folds
ae88b7c8: calls $0.12
*** FLOP *** [8s 5h Jc]
ae88b7c8: checks
ab602578: checks
*** TURN *** [8s 5h Jc] [9h]
ae88b7c8: checks
ab602578: bets $0.25
ae88b7c8: calls $0.25
*** RIVER *** [8s 5h Jc 9h] [Td]
ae88b7c8: checks
ab602578: bets $1.29
ae88b7c8: folds
Uncalled bet ($1.29) returned to ab602578
*** SHOWDOWN ***
ab602578 collected $0.94 from pot
*** SUMMARY ***
Total pot $0.99 | Rake $0.05 | Jackpot $0 | Bingo $0 | Fortune $0 | Tax $0
Board [8s 5h Jc 9h Td]
Seat 1: ab602578 won ($0.94)
Seat 2: 91446dad folded before Flop (didn't bet)
Seat 3: 36e40870 folded before Flop (didn't bet)
Seat 4: Hero (button) folded before Flop (didn't bet)
Seat 5: 2967ee6b (small blind) folded before Flop
Seat 6: ae88b7c8 (big blind) folded on the River


Poker Hand #HD1826857633: Hold'em No Limit ($0.05/$0.1) - 2024/06/22 18:51:26
Table 'NLHRed37' 6-max Seat #3 is the button
Seat 1: ab602578 ($10.6 in chips)
Seat 2: 91446dad ($10 in chips)
Seat 3: 36e40870 ($11.29 in chips)
Seat 4: Hero ($10.84 in chips)
Seat 5: 2967ee6b ($12.17 in chips)
Seat 6: ae88b7c8 ($10.33 in chips)
Hero: posts small blind $0.05
2967ee6b: posts big blind $0.1
*** HOLE CARDS ***
Dealt to ab602578 
Dealt to 91446dad 
Dealt to 36e40870 
Dealt to Hero [Ad 7h]
Dealt to 2967ee6b 
Dealt to ae88b7c8 
ae88b7c8: folds
ab602578: folds
91446dad: raises $0.15 to $0.25
36e40870: calls $0.25
Hero: folds
2967ee6b: folds
*** FLOP *** [Js 4d Ac]
91446dad: bets $0.35
36e40870: calls $0.35
*** TURN *** [Js 4d Ac] [7d]
91446dad: bets $1.05
36e40870: folds
Uncalled bet ($1.05) returned to 91446dad
*** SHOWDOWN ***
91446dad collected $1.29 from pot
*** SUMMARY ***
Total pot $1.35 | Rake $0.06 | Jackpot $0 | Bingo $0 | Fortune $0 | Tax $0
Board [Js 4d Ac 7d]
Seat 1: ab602578 folded before Flop (didn't bet)
Seat 2: 91446dad won ($1.29)
Seat 3: 36e40870 (button) folded on the Turn
Seat 4: Hero (small blind) folded before Flop
Seat 5: 2967ee6b (big blind) folded before Flop
Seat 6: ae88b7c8 folded before Flop (didn't bet)


Poker Hand #HD1826857595: Hold'em No Limit ($0.05/$0.1) - 2024/06/22 18:51:13
Table 'NLHRed37' 6-max Seat #2 is the button
Seat 1: ab602578 ($10.6 in chips)
Seat 2: 91446dad ($10 in chips)
Seat 3: 36e40870 ($11.34 in chips)
Seat 4: Hero ($10.79 in chips)
Seat 5: 2967ee6b ($12.17 in chips)
Seat 6: ae88b7c8 ($10.33 in chips)
36e40870: posts small blind $0.05
Hero: posts big blind $0.1
*** HOLE CARDS ***
Dealt to ab602578 
Dealt to 91446dad 
Dealt to 36e40870 
Dealt to Hero [7d Tc]
Dealt to 2967ee6b 
Dealt to ae88b7c8 
2967ee6b: folds
ae88b7c8: folds
ab602578: folds
91446dad: folds
36e40870: folds
Uncalled bet ($0.05) returned to Hero
*** SHOWDOWN ***
Hero collected $0.1 from pot
*** SUMMARY ***
Total pot $0.1 | Rake $0 | Jackpot $0 | Bingo $0 | Fortune $0 | Tax $0
Seat 1: ab602578 folded before Flop (didn't bet)
Seat 2: 91446dad (button) folded before Flop (didn't bet)
Seat 3: 36e40870 (small blind) folded before Flop
Seat 4: Hero (big blind) collected ($0.1)
Seat 5: 2967ee6b folded before Flop (didn't bet)
Seat 6: ae88b7c8 folded before Flop (didn't bet)


Poker Hand #HD1826857549: Hold'em No Limit ($0.05/$0.1) - 2024/06/22 18:50:51
Table 'NLHRed37' 6-max Seat #1 is the button
Seat 1: ab602578 ($10.6 in chips)
Seat 2: 91446dad ($10 in chips)
Seat 3: 36e40870 ($11.44 in chips)
Seat 4: Hero ($10.99 in chips)
Seat 5: 2967ee6b ($12.17 in chips)
Seat 6: ae88b7c8 ($10 in chips)
91446dad: posts small blind $0.05
36e40870: posts big blind $0.1
*** HOLE CARDS ***
Dealt to ab602578 
Dealt to 91446dad 
Dealt to 36e40870 
Dealt to Hero [Tc As]
Dealt to 2967ee6b 
Dealt to ae88b7c8 
Hero: raises $0.1 to $0.2
2967ee6b: folds
ae88b7c8: raises $0.55 to $0.75
ab602578: folds
91446dad: folds
36e40870: folds
Hero: folds
Uncalled bet ($0.55) returned to ae88b7c8
*** SHOWDOWN ***
ae88b7c8 collected $0.53 from pot
*** SUMMARY ***
Total pot $0.55 | Rake $0.02 | Jackpot $0 | Bingo $0 | Fortune $0 | Tax $0
Seat 1: ab602578 (button) folded before Flop (didn't bet)
Seat 2: 91446dad (small blind) folded before Flop
Seat 3: 36e40870 (big blind) folded before Flop
Seat 4: Hero folded before Flop
Seat 5: 2967ee6b folded before Flop (didn't bet)
Seat 6: ae88b7c8 collected ($0.53)


Poker Hand #HD1826857513: Hold'em No Limit ($0.05/$0.1) - 2024/06/22 18:50:34
Table 'NLHRed37' 6-max Seat #6 is the button
Seat 1: ab602578 ($10.65 in chips)
Seat 2: 91446dad ($10 in chips)
Seat 3: 36e40870 ($11.44 in chips)
Seat 4: Hero ($10.99 in chips)
Seat 5: 2967ee6b ($12.02 in chips)
Seat 6: ae88b7c8 ($10 in chips)
ab602578: posts small blind $0.05
91446dad: posts big blind $0.1
*** HOLE CARDS ***
Dealt to ab602578 
Dealt to 91446dad 
Dealt to 36e40870 
Dealt to Hero [6h 8c]
Dealt to 2967ee6b 
Dealt to ae88b7c8 
36e40870: folds
Hero: folds
2967ee6b: raises $0.1 to $0.2
ae88b7c8: folds
ab602578: folds
91446dad: folds
Uncalled bet ($0.1) returned to 2967ee6b
*** SHOWDOWN ***
2967ee6b collected $0.25 from pot
*** SUMMARY ***
Total pot $0.25 | Rake $0 | Jackpot $0 | Bingo $0 | Fortune $0 | Tax $0
Seat 1: ab602578 (small blind) folded before Flop
Seat 2: 91446dad (big blind) folded before Flop
Seat 3: 36e40870 folded before Flop (didn't bet)
Seat 4: Hero folded before Flop (didn't bet)
Seat 5: 2967ee6b collected ($0.25)
Seat 6: ae88b7c8 (button) folded before Flop (didn't bet)


Poker Hand #HD1826857447: Hold'em No Limit ($0.05/$0.1) - 2024/06/22 18:50:07
Table 'NLHRed37' 6-max Seat #5 is the button
Seat 1: ab602578 ($10.75 in chips)
Seat 3: 36e40870 ($10.93 in chips)
Seat 4: Hero ($11.39 in chips)
Seat 5: 2967ee6b ($12.02 in chips)
Seat 6: ae88b7c8 ($10 in chips)
ae88b7c8: posts small blind $0.05
ab602578: posts big blind $0.1
*** HOLE CARDS ***
Dealt to ab602578 
Dealt to 36e40870 
Dealt to Hero [4c Ac]
Dealt to 2967ee6b 
Dealt to ae88b7c8 
36e40870: calls $0.1
Hero: raises $0.3 to $0.4
2967ee6b: folds
ae88b7c8: folds
ab602578: folds
36e40870: calls $0.3
*** FLOP *** [7h 5h Kc]
36e40870: bets $0.48
Hero: folds
Uncalled bet ($0.48) returned to 36e40870
*** SHOWDOWN ***
36e40870 collected $0.91 from pot
*** SUMMARY ***
Total pot $0.95 | Rake $0.04 | Jackpot $0 | Bingo $0 | Fortune $0 | Tax $0
Board [7h 5h Kc]
Seat 1: ab602578 (big blind) folded before Flop
Seat 3: 36e40870 won ($0.91)
Seat 4: Hero folded on the Flop
Seat 5: 2967ee6b (button) folded before Flop (didn't bet)
Seat 6: ae88b7c8 (small blind) folded before Flop


Poker Hand #HD1826857288: Hold'em No Limit ($0.05/$0.1) - 2024/06/22 18:49:01
Table 'NLHRed37' 6-max Seat #4 is the button
Seat 1: ab602578 ($10.75 in chips)
Seat 3: 36e40870 ($12.42 in chips)
Seat 4: Hero ($11.39 in chips)
Seat 5: 2967ee6b ($10.29 in chips)
Seat 6: ae88b7c8 ($10 in chips)
2967ee6b: posts small blind $0.05
ae88b7c8: posts big blind $0.1
*** HOLE CARDS ***
Dealt to ab602578 
Dealt to 36e40870 
Dealt to Hero [Td Qs]
Dealt to 2967ee6b 
Dealt to ae88b7c8 
ab602578: folds
36e40870: calls $0.1
Hero: folds
2967ee6b: raises $0.4 to $0.5
ae88b7c8: calls $0.4
36e40870: calls $0.4
*** FLOP *** [2s Qd As]
2967ee6b: checks
ae88b7c8: checks
36e40870: checks
*** TURN *** [2s Qd As] [7d]
2967ee6b: bets $0.99
ae88b7c8: folds
36e40870: calls $0.99
*** RIVER *** [2s Qd As 7d] [Qc]
2967ee6b: checks
36e40870: checks
2967ee6b: shows [Kh Ac] (Pair of Aces and Pair of Queens)
36e40870: shows [Jd Kc] (Pair of Queens)
*** SHOWDOWN ***
2967ee6b collected $3.22 from pot
*** SUMMARY ***
Total pot $3.48 | Rake $0.16 | Jackpot $0.1 | Bingo $0 | Fortune $0 | Tax $0
Board [2s Qd As 7d Qc]
Seat 1: ab602578 folded before Flop (didn't bet)
Seat 3: 36e40870 showed [Jd Kc] and lost with Pair of Queens
Seat 4: Hero (button) folded before Flop (didn't bet)
Seat 5: 2967ee6b (small blind) showed [Kh Ac] and won ($3.22) with Pair of Aces and Pair of Queens
Seat 6: ae88b7c8 (big blind) folded on the Turn


Poker Hand #HD1826857252: Hold'em No Limit ($0.05/$0.1) - 2024/06/22 18:48:43
Table 'NLHRed37' 6-max Seat #3 is the button
Seat 1: ab602578 ($10.75 in chips)
Seat 2: 31faa19d ($14.43 in chips)
Seat 3: 36e40870 ($12.42 in chips)
Seat 4: Hero ($11.44 in chips)
Seat 5: 2967ee6b ($10.24 in chips)
Hero: posts small blind $0.05
2967ee6b: posts big blind $0.1
*** HOLE CARDS ***
Dealt to ab602578 
Dealt to 31faa19d 
Dealt to 36e40870 
Dealt to Hero [3h Qs]
Dealt to 2967ee6b 
ab602578: folds
31faa19d: folds
36e40870: folds
Hero: folds
Uncalled bet ($0.05) returned to 2967ee6b
*** SHOWDOWN ***
2967ee6b collected $0.1 from pot
*** SUMMARY ***
Total pot $0.1 | Rake $0 | Jackpot $0 | Bingo $0 | Fortune $0 | Tax $0
Seat 1: ab602578 folded before Flop (didn't bet)
Seat 2: 31faa19d folded before Flop (didn't bet)
Seat 3: 36e40870 (button) folded before Flop (didn't bet)
Seat 4: Hero (small blind) folded before Flop
Seat 5: 2967ee6b (big blind) collected ($0.1)


Poker Hand #HD1826857125: Hold'em No Limit ($0.05/$0.1) - 2024/06/22 18:47:45
Table 'NLHRed37' 6-max Seat #2 is the button
Seat 1: ab602578 ($10.75 in chips)
Seat 2: 31faa19d ($14.43 in chips)
Seat 3: 36e40870 ($13.68 in chips)
Seat 4: Hero ($10.3 in chips)
Seat 5: 2967ee6b ($10.24 in chips)
36e40870: posts small blind $0.05
Hero: posts big blind $0.1
*** HOLE CARDS ***
Dealt to ab602578 
Dealt to 31faa19d 
Dealt to 36e40870 
Dealt to Hero [3s 3h]
Dealt to 2967ee6b 
2967ee6b: folds
ab602578: folds
31faa19d: folds
36e40870: raises $0.2 to $0.3
Hero: calls $0.2
*** FLOP *** [Jh Jd 3c]
36e40870: bets $0.6
Hero: calls $0.6
*** TURN *** [Jh Jd 3c] [2c]
36e40870: checks
Hero: checks
*** RIVER *** [Jh Jd 3c 2c] [5d]
36e40870: checks
Hero: bets $0.36
36e40870: calls $0.36
Hero: shows [3s 3h] (Treys Full over Jacks)
36e40870: shows [Th Ac] (Pair of Jacks)
*** SHOWDOWN ***
Hero collected $2.4 from pot
*** SUMMARY ***
Total pot $2.52 | Rake $0.12 | Jackpot $0 | Bingo $0 | Fortune $0 | Tax $0
Board [Jh Jd 3c 2c 5d]
Seat 1: ab602578 folded before Flop (didn't bet)
Seat 2: 31faa19d (button) folded before Flop (didn't bet)
Seat 3: 36e40870 (small blind) showed [Th Ac] and lost with Pair of Jacks
Seat 4: Hero (big blind) showed [3s 3h] and won ($2.4) with Treys Full over Jacks
Seat 5: 2967ee6b folded before Flop (didn't bet)


Poker Hand #HD1826857077: Hold'em No Limit ($0.05/$0.1) - 2024/06/22 18:47:25
Table 'NLHRed37' 6-max Seat #1 is the button
Seat 1: ab602578 ($10.75 in chips)
Seat 2: 31faa19d ($14.48 in chips)
Seat 3: 36e40870 ($13.63 in chips)
Seat 4: Hero ($10.3 in chips)
Seat 5: 2967ee6b ($10.24 in chips)
31faa19d: posts small blind $0.05
36e40870: posts big blind $0.1
*** HOLE CARDS ***
Dealt to ab602578 
Dealt to 31faa19d 
Dealt to 36e40870 
Dealt to Hero [Jd 5c]
Dealt to 2967ee6b 
Hero: folds
2967ee6b: folds
ab602578: folds
31faa19d: folds
Uncalled bet ($0.05) returned to 36e40870
*** SHOWDOWN ***
36e40870 collected $0.1 from pot
*** SUMMARY ***
Total pot $0.1 | Rake $0 | Jackpot $0 | Bingo $0 | Fortune $0 | Tax $0
Seat 1: ab602578 (button) folded before Flop (didn't bet)
Seat 2: 31faa19d (small blind) folded before Flop
Seat 3: 36e40870 (big blind) collected ($0.1)
Seat 4: Hero folded before Flop (didn't bet)
Seat 5: 2967ee6b folded before Flop (didn't bet)


Poker Hand #HD1826857028: Hold'em No Limit ($0.05/$0.1) - 2024/06/22 18:47:01
Table 'NLHRed37' 6-max Seat #5 is the button
Seat 1: ab602578 ($10.8 in chips)
Seat 2: 31faa19d ($14.58 in chips)
Seat 3: 36e40870 ($13.73 in chips)
Seat 4: Hero ($10.3 in chips)
Seat 5: 2967ee6b ($10 in chips)
ab602578: posts small blind $0.05
31faa19d: posts big blind $0.1
*** HOLE CARDS ***
Dealt to ab602578 
Dealt to 31faa19d 
Dealt to 36e40870 
Dealt to Hero [6s Ac]
Dealt to 2967ee6b 
36e40870: calls $0.1
Hero: folds
2967ee6b: raises $0.4 to $0.5
ab602578: folds
31faa19d: folds
36e40870: folds
Uncalled bet ($0.4) returned to 2967ee6b
*** SHOWDOWN ***
2967ee6b collected $0.34 from pot
*** SUMMARY ***
Total pot $0.35 | Rake $0.01 | Jackpot $0 | Bingo $0 | Fortune $0 | Tax $0
Seat 1: ab602578 (small blind) folded before Flop
Seat 2: 31faa19d (big blind) folded before Flop
Seat 3: 36e40870 folded before Flop
Seat 4: Hero folded before Flop (didn't bet)
Seat 5: 2967ee6b (button) collected ($0.34)


Poker Hand #HD1826856891: Hold'em No Limit ($0.05/$0.1) - 2024/06/22 18:46:06
Table 'NLHRed37' 6-max Seat #4 is the button
Seat 1: ab602578 ($10.66 in chips)
Seat 2: 31faa19d ($14.58 in chips)
Seat 3: 36e40870 ($13.83 in chips)
Seat 4: Hero ($10.3 in chips)
Seat 5: 2967ee6b ($10 in chips)
2967ee6b: posts small blind $0.05
ab602578: posts big blind $0.1
*** HOLE CARDS ***
Dealt to ab602578 
Dealt to 31faa19d 
Dealt to 36e40870 
Dealt to Hero [4d Qd]
Dealt to 2967ee6b 
31faa19d: folds
36e40870: calls $0.1
Hero: folds
2967ee6b: folds
ab602578: checks
*** FLOP *** [6d 3d Kc]
ab602578: checks
36e40870: checks
*** TURN *** [6d 3d Kc] [Jc]
ab602578: checks
36e40870: checks
*** RIVER *** [6d 3d Kc Jc] [7h]
ab602578: bets $0.33
36e40870: folds
Uncalled bet ($0.33) returned to ab602578
*** SHOWDOWN ***
ab602578 collected $0.24 from pot
*** SUMMARY ***
Total pot $0.25 | Rake $0.01 | Jackpot $0 | Bingo $0 | Fortune $0 | Tax $0
Board [6d 3d Kc Jc 7h]
Seat 1: ab602578 (big blind) won ($0.24)
Seat 2: 31faa19d folded before Flop (didn't bet)
Seat 3: 36e40870 folded on the River
Seat 4: Hero (button) folded before Flop (didn't bet)
Seat 5: 2967ee6b (small blind) folded before Flop


Poker Hand #HD1826856662: Hold'em No Limit ($0.05/$0.1) - 2024/06/22 18:44:27
Table 'NLHRed37' 6-max Seat #3 is the button
Seat 1: ab602578 ($10.66 in chips)
Seat 2: 31faa19d ($10 in chips)
Seat 3: 36e40870 ($18.28 in chips)
Seat 4: Hero ($10.35 in chips)
Seat 5: 2967ee6b ($10.25 in chips)
Seat 6: b0c20a9e ($16.19 in chips)
Hero: posts small blind $0.05
2967ee6b: posts big blind $0.1
*** HOLE CARDS ***
Dealt to ab602578 
Dealt to 31faa19d 
Dealt to 36e40870 
Dealt to Hero [Kh Tc]
Dealt to 2967ee6b 
Dealt to b0c20a9e 
b0c20a9e: folds
ab602578: folds
31faa19d: raises $0.15 to $0.25
36e40870: calls $0.25
Hero: folds
2967ee6b: calls $0.15
*** FLOP *** [2s Jh 2c]
2967ee6b: checks
31faa19d: checks
36e40870: bets $0.4
2967ee6b: calls $0.4
31faa19d: calls $0.4
*** TURN *** [2s Jh 2c] [Qs]
2967ee6b: checks
31faa19d: bets $1.3
36e40870: calls $1.3
2967ee6b: folds
*** RIVER *** [2s Jh 2c Qs] [Ts]
31faa19d: bets $2.5
36e40870: calls $2.5
31faa19d: shows [Kc Kd] (Pair of Kings and Pair of Twos)
36e40870: shows [Js Ad] (Pair of Jacks and Pair of Twos)
*** SHOWDOWN ***
31faa19d collected $9.03 from pot
*** SUMMARY ***
Total pot $9.6 | Rake $0.47 | Jackpot $0.1 | Bingo $0 | Fortune $0 | Tax $0
Board [2s Jh 2c Qs Ts]
Seat 1: ab602578 folded before Flop (didn't bet)
Seat 2: 31faa19d showed [Kc Kd] and won ($9.03) with Pair of Kings and Pair of Twos
Seat 3: 36e40870 (button) showed [Js Ad] and lost with Pair of Jacks and Pair of Twos
Seat 4: Hero (small blind) folded before Flop
Seat 5: 2967ee6b (big blind) folded on the Turn
Seat 6: b0c20a9e folded before Flop (didn't bet)


Poker Hand #HD1826856609: Hold'em No Limit ($0.05/$0.1) - 2024/06/22 18:44:05
Table 'NLHRed37' 6-max Seat #2 is the button
Seat 1: ab602578 ($10.66 in chips)
Seat 2: 31faa19d ($10 in chips)
Seat 3: 36e40870 ($18.33 in chips)
Seat 4: Hero ($10.45 in chips)
Seat 5: 2967ee6b ($10.1 in chips)
Seat 6: b0c20a9e ($16.19 in chips)
36e40870: posts small blind $0.05
Hero: posts big blind $0.1
*** HOLE CARDS ***
Dealt to ab602578 
Dealt to 31faa19d 
Dealt to 36e40870 
Dealt to Hero [9d 5d]
Dealt to 2967ee6b 
Dealt to b0c20a9e 
2967ee6b: raises $0.1 to $0.2
b0c20a9e: folds
ab602578: folds
31faa19d: folds
36e40870: folds
Hero: folds
Uncalled bet ($0.1) returned to 2967ee6b
*** SHOWDOWN ***
2967ee6b collected $0.25 from pot
*** SUMMARY ***
Total pot $0.25 | Rake $0 | Jackpot $0 | Bingo $0 | Fortune $0 | Tax $0
Seat 1: ab602578 folded before Flop (didn't bet)
Seat 2: 31faa19d (button) folded before Flop (didn't bet)
Seat 3: 36e40870 (small blind) folded before Flop
Seat 4: Hero (big blind) folded before Flop
Seat 5: 2967ee6b collected ($0.25)
Seat 6: b0c20a9e folded before Flop (didn't bet)


Poker Hand #HD1826856559: Hold'em No Limit ($0.05/$0.1) - 2024/06/22 18:43:44
Table 'NLHRed37' 6-max Seat #1 is the button
Seat 1: ab602578 ($10.66 in chips)
Seat 2: 31faa19d ($10 in chips)
Seat 3: 36e40870 ($18.28 in chips)
Seat 4: Hero ($10.45 in chips)
Seat 5: 2967ee6b ($10.1 in chips)
Seat 6: b0c20a9e ($16.19 in chips)
31faa19d: posts small blind $0.05
36e40870: posts big blind $0.1
*** HOLE CARDS ***
Dealt to ab602578 
Dealt to 31faa19d 
Dealt to 36e40870 
Dealt to Hero [2c Ks]
Dealt to 2967ee6b 
Dealt to b0c20a9e 
Hero: folds
2967ee6b: folds
b0c20a9e: folds
ab602578: folds
31faa19d: folds
Uncalled bet ($0.05) returned to 36e40870
*** SHOWDOWN ***
36e40870 collected $0.1 from pot
*** SUMMARY ***
Total pot $0.1 | Rake $0 | Jackpot $0 | Bingo $0 | Fortune $0 | Tax $0
Seat 1: ab602578 (button) folded before Flop (didn't bet)
Seat 2: 31faa19d (small blind) folded before Flop
Seat 3: 36e40870 (big blind) collected ($0.1)
Seat 4: Hero folded before Flop (didn't bet)
Seat 5: 2967ee6b folded before Flop (didn't bet)
Seat 6: b0c20a9e folded before Flop (didn't bet)


Poker Hand #HD1826856421: Hold'em No Limit ($0.05/$0.1) - 2024/06/22 18:42:37
Table 'NLHRed37' 6-max Seat #6 is the button
Seat 1: ab602578 ($10.71 in chips)
Seat 2: 31faa19d ($10 in chips)
Seat 3: 36e40870 ($18.28 in chips)
Seat 4: Hero ($10.45 in chips)
Seat 5: 2967ee6b ($10.1 in chips)
Seat 6: b0c20a9e ($15.66 in chips)
ab602578: posts small blind $0.05
31faa19d: posts big blind $0.1
*** HOLE CARDS ***
Dealt to ab602578 
Dealt to 31faa19d 
Dealt to 36e40870 
Dealt to Hero [Qc 5d]
Dealt to 2967ee6b 
Dealt to b0c20a9e 
36e40870: folds
Hero: folds
2967ee6b: folds
b0c20a9e: raises $0.13 to $0.23
ab602578: folds
31faa19d: calls $0.13
*** FLOP *** [2s 9c Td]
31faa19d: checks
b0c20a9e: checks
*** TURN *** [2s 9c Td] [Qs]
31faa19d: bets $0.3
b0c20a9e: raises $0.89 to $1.19
31faa19d: folds
Uncalled bet ($0.89) returned to b0c20a9e
*** SHOWDOWN ***
b0c20a9e collected $1.06 from pot
*** SUMMARY ***
Total pot $1.11 | Rake $0.05 | Jackpot $0 | Bingo $0 | Fortune $0 | Tax $0
Board [2s 9c Td Qs]
Seat 1: ab602578 (small blind) folded before Flop
Seat 2: 31faa19d (big blind) folded on the Turn
Seat 3: 36e40870 folded before Flop (didn't bet)
Seat 4: Hero folded before Flop (didn't bet)
Seat 5: 2967ee6b folded before Flop (didn't bet)
Seat 6: b0c20a9e (button) won ($1.06)


Poker Hand #HD1826856327: Hold'em No Limit ($0.05/$0.1) - 2024/06/22 18:41:57
Table 'NLHRed37' 6-max Seat #5 is the button
Seat 1: ab602578 ($10.81 in chips)
Seat 3: 36e40870 ($18.62 in chips)
Seat 4: Hero ($10 in chips)
Seat 5: 2967ee6b ($10.1 in chips)
Seat 6: b0c20a9e ($15.71 in chips)
b0c20a9e: posts small blind $0.05
ab602578: posts big blind $0.1
*** HOLE CARDS ***
Dealt to ab602578 
Dealt to 36e40870 
Dealt to Hero [Qh Ks]
Dealt to 2967ee6b 
Dealt to b0c20a9e 
36e40870: calls $0.1
Hero: raises $0.24 to $0.34
2967ee6b: folds
b0c20a9e: folds
ab602578: folds
36e40870: calls $0.24
*** FLOP *** [9c As 6h]
36e40870: checks
Hero: bets $0.3
36e40870: folds
Uncalled bet ($0.3) returned to Hero
*** SHOWDOWN ***
Hero collected $0.79 from pot
*** SUMMARY ***
Total pot $0.83 | Rake $0.04 | Jackpot $0 | Bingo $0 | Fortune $0 | Tax $0
Board [9c As 6h]
Seat 1: ab602578 (big blind) folded before Flop
Seat 3: 36e40870 folded on the Flop
Seat 4: Hero won ($0.79)
Seat 5: 2967ee6b (button) folded before Flop (didn't bet)
Seat 6: b0c20a9e (small blind) folded before Flop


Poker Hand #HD1826856283: Hold'em No Limit ($0.05/$0.1) - 2024/06/22 18:41:38
Table 'NLHRed37' 6-max Seat #4 is the button
Seat 1: ab602578 ($10.81 in chips)
Seat 3: 36e40870 ($18.62 in chips)
Seat 4: Hero ($10 in chips)
Seat 5: 2967ee6b ($10 in chips)
Seat 6: b0c20a9e ($15.81 in chips)
2967ee6b: posts small blind $0.05
b0c20a9e: posts big blind $0.1
*** HOLE CARDS ***
Dealt to ab602578 
Dealt to 36e40870 
Dealt to Hero [As 3d]
Dealt to 2967ee6b 
Dealt to b0c20a9e 
ab602578: folds
36e40870: folds
Hero: folds
2967ee6b: raises $0.2 to $0.3
b0c20a9e: folds
Uncalled bet ($0.2) returned to 2967ee6b
*** SHOWDOWN ***
2967ee6b collected $0.2 from pot
*** SUMMARY ***
Total pot $0.2 | Rake $0 | Jackpot $0 | Bingo $0 | Fortune $0 | Tax $0
Seat 1: ab602578 folded before Flop (didn't bet)
Seat 3: 36e40870 folded before Flop (didn't bet)
Seat 4: Hero (button) folded before Flop (didn't bet)
Seat 5: 2967ee6b (small blind) collected ($0.2)
Seat 6: b0c20a9e (big blind) folded before Flop


Poker Hand #HD1826856189: Hold'em No Limit ($0.05/$0.1) - 2024/06/22 18:40:57
Table 'NLHRed37' 6-max Seat #3 is the button
Seat 1: ab602578 ($10.81 in chips)
Seat 3: 36e40870 ($18.83 in chips)
Seat 4: Hero ($10 in chips)
Seat 5: 2967ee6b ($10 in chips)
Seat 6: b0c20a9e ($15.47 in chips)
Hero: posts small blind $0.05
2967ee6b: posts big blind $0.1
*** HOLE CARDS ***
Dealt to ab602578 
Dealt to 36e40870 
Dealt to Hero [5s Js]
Dealt to 2967ee6b 
Dealt to b0c20a9e 
b0c20a9e: raises $0.11 to $0.21
ab602578: folds
36e40870: calls $0.21
Hero: folds
2967ee6b: folds
*** FLOP *** [7h 4h Jd]
b0c20a9e: bets $0.38
36e40870: folds
Uncalled bet ($0.38) returned to b0c20a9e
*** SHOWDOWN ***
b0c20a9e collected $0.55 from pot
*** SUMMARY ***
Total pot $0.57 | Rake $0.02 | Jackpot $0 | Bingo $0 | Fortune $0 | Tax $0
Board [7h 4h Jd]
Seat 1: ab602578 folded before Flop (didn't bet)
Seat 3: 36e40870 (button) folded on the Flop
Seat 4: Hero (small blind) folded before Flop
Seat 5: 2967ee6b (big blind) folded before Flop
Seat 6: b0c20a9e won ($0.55)


Poker Hand #HD1826856054: Hold'em No Limit ($0.05/$0.1) - 2024/06/22 18:40:01
Table 'NLHRed37' 6-max Seat #1 is the button
Seat 1: ab602578 ($10.81 in chips)
Seat 3: 36e40870 ($18.07 in chips)
Seat 4: Hero ($10 in chips)
Seat 5: 2967ee6b ($10 in chips)
Seat 6: b0c20a9e ($16.2 in chips)
36e40870: posts small blind $0.05
Hero: posts big blind $0.1
*** HOLE CARDS ***
Dealt to ab602578 
Dealt to 36e40870 
Dealt to Hero [6s 4s]
Dealt to 2967ee6b 
Dealt to b0c20a9e 
2967ee6b: folds
b0c20a9e: raises $0.11 to $0.21
ab602578: folds
36e40870: calls $0.16
Hero: folds
*** FLOP *** [7h 8c 5s]
36e40870: checks
b0c20a9e: checks
*** TURN *** [7h 8c 5s] [2s]
36e40870: bets $0.52
b0c20a9e: calls $0.52
*** RIVER *** [7h 8c 5s 2s] [2h]
36e40870: checks
b0c20a9e: checks
36e40870: shows [As 6h] (Pair of Twos)
b0c20a9e: shows [Js Ks] (Pair of Twos)
*** SHOWDOWN ***
36e40870 collected $1.49 from pot
*** SUMMARY ***
Total pot $1.56 | Rake $0.07 | Jackpot $0 | Bingo $0 | Fortune $0 | Tax $0
Board [7h 8c 5s 2s 2h]
Seat 1: ab602578 (button) folded before Flop (didn't bet)
Seat 3: 36e40870 (small blind) showed [As 6h] and won ($1.49) with Pair of Twos
Seat 4: Hero (big blind) folded before Flop
Seat 5: 2967ee6b folded before Flop (didn't bet)
Seat 6: b0c20a9e showed [Js Ks] and lost with Pair of Twos


Poker Hand #HD1826855956: Hold'em No Limit ($0.05/$0.1) - 2024/06/22 18:39:18
Table 'NLHRed37' 6-max Seat #6 is the button
Seat 1: ab602578 ($10.86 in chips)
Seat 3: 36e40870 ($19.15 in chips)
Seat 4: Hero ($10 in chips)
Seat 5: 2967ee6b ($10 in chips)
Seat 6: b0c20a9e ($14.99 in chips)
ab602578: posts small blind $0.05
36e40870: posts big blind $0.1
*** HOLE CARDS ***
Dealt to ab602578 
Dealt to 36e40870 
Dealt to Hero [5c 9c]
Dealt to 2967ee6b 
Dealt to b0c20a9e 
Hero: folds
2967ee6b: raises $0.1 to $0.2
b0c20a9e: raises $0.4 to $0.6
ab602578: folds
36e40870: calls $0.5
2967ee6b: folds
*** FLOP *** [3d 2c 7h]
36e40870: checks
b0c20a9e: bets $0.48
36e40870: calls $0.48
*** TURN *** [3d 2c 7h] [Ac]
36e40870: checks
b0c20a9e: bets $2.25
36e40870: folds
Uncalled bet ($2.25) returned to b0c20a9e
*** SHOWDOWN ***
b0c20a9e collected $2.29 from pot
*** SUMMARY ***
Total pot $2.41 | Rake $0.12 | Jackpot $0 | Bingo $0 | Fortune $0 | Tax $0
Board [3d 2c 7h Ac]
Seat 1: ab602578 (small blind) folded before Flop
Seat 3: 36e40870 (big blind) folded on the Turn
Seat 4: Hero folded before Flop (didn't bet)
Seat 5: 2967ee6b folded before Flop
Seat 6: b0c20a9e (button) won ($2.29)


Poker Hand #HD1826855909: Hold'em No Limit ($0.05/$0.1) - 2024/06/22 18:38:58
Table 'NLHRed37' 6-max Seat #5 is the button
Seat 1: ab602578 ($10.96 in chips)
Seat 2: bfdda08d ($20.17 in chips)
Seat 3: 36e40870 ($19.15 in chips)
Seat 4: Hero ($10 in chips)
Seat 5: 2967ee6b ($10 in chips)
Seat 6: b0c20a9e ($15.04 in chips)
b0c20a9e: posts small blind $0.05
ab602578: posts big blind $0.1
*** HOLE CARDS ***
Dealt to ab602578 
Dealt to bfdda08d 
Dealt to 36e40870 
Dealt to Hero [Qc Th]
Dealt to 2967ee6b 
Dealt to b0c20a9e 
bfdda08d: raises $0.15 to $0.25
36e40870: folds
Hero: folds
2967ee6b: folds
b0c20a9e: folds
ab602578: folds
Uncalled bet ($0.15) returned to bfdda08d
*** SHOWDOWN ***
bfdda08d collected $0.25 from pot
*** SUMMARY ***
Total pot $0.25 | Rake $0 | Jackpot $0 | Bingo $0 | Fortune $0 | Tax $0
Seat 1: ab602578 (big blind) folded before Flop
Seat 2: bfdda08d collected ($0.25)
Seat 3: 36e40870 folded before Flop (didn't bet)
Seat 4: Hero folded before Flop (didn't bet)
Seat 5: 2967ee6b (button) folded before Flop (didn't bet)
Seat 6: b0c20a9e (small blind) folded before Flop


Poker Hand #HD1826855709: Hold'em No Limit ($0.05/$0.1) - 2024/06/22 18:37:35
Table 'NLHRed37' 6-max Seat #4 is the button
Seat 2: bfdda08d ($10.5 in chips)
Seat 3: 36e40870 ($19.4 in chips)
Seat 4: Hero ($10 in chips)
Seat 5: 2967ee6b ($10.27 in chips)
Seat 6: b0c20a9e ($15.29 in chips)
2967ee6b: posts small blind $0.05
b0c20a9e: posts big blind $0.1
*** HOLE CARDS ***
Dealt to bfdda08d 
Dealt to 36e40870 
Dealt to Hero [7h 5c]
Dealt to 2967ee6b 
Dealt to b0c20a9e 
bfdda08d: raises $0.15 to $0.25
36e40870: calls $0.25
Hero: folds
2967ee6b: calls $0.2
b0c20a9e: calls $0.15
*** FLOP *** [2d 3s Ts]
2967ee6b: checks
b0c20a9e: checks
bfdda08d: checks
36e40870: checks
*** TURN *** [2d 3s Ts] [Kd]
2967ee6b: checks
b0c20a9e: checks
bfdda08d: checks
36e40870: checks
*** RIVER *** [2d 3s Ts Kd] [4h]
2967ee6b: bets $0.66
b0c20a9e: folds
bfdda08d: raises $3.3 to $3.96
36e40870: folds
2967ee6b: raises $6.06 to $10.02 and is all-in
bfdda08d: calls $6.06
2967ee6b: shows [5s As] (Fives-High Straight)
bfdda08d: shows [6d 5d] (Sixes-High Straight)
*** SHOWDOWN ***
bfdda08d collected $19.94 from pot
*** SUMMARY ***
Total pot $21.04 | Rake $1 | Jackpot $0.1 | Bingo $0 | Fortune $0 | Tax $0
Board [2d 3s Ts Kd 4h]
Seat 2: bfdda08d showed [6d 5d] and won ($19.94) with Sixes-High Straight
Seat 3: 36e40870 folded on the River
Seat 4: Hero (button) folded before Flop (didn't bet)
Seat 5: 2967ee6b (small blind) showed [5s As] and lost with Fives-High Straight
Seat 6: b0c20a9e (big blind) folded on the River


Poker Hand #HD1826765632: Hold'em No Limit ($0.05/$0.1) - 2024/06/22 18:37:01
Table 'NLHRed37' 6-max Seat #3 is the button
Seat 2: bfdda08d ($10.5 in chips)
Seat 3: 36e40870 ($19.4 in chips)
Seat 4: Hero ($10.05 in chips)
Seat 5: 2967ee6b ($10 in chips)
Seat 6: b0c20a9e ($15.29 in chips)
Hero: posts small blind $0.05
2967ee6b: posts big blind $0.1
*** HOLE CARDS ***
Dealt to bfdda08d 
Dealt to 36e40870 
Dealt to Hero [9d Jh]
Dealt to 2967ee6b 
Dealt to b0c20a9e 
b0c20a9e: folds
bfdda08d: folds
36e40870: folds
Hero: raises $0.2 to $0.3
2967ee6b: raises $0.7 to $1
Hero: folds
Uncalled bet ($0.7) returned to 2967ee6b
*** SHOWDOWN ***
2967ee6b collected $0.57 from pot
*** SUMMARY ***
Total pot $0.6 | Rake $0.03 | Jackpot $0 | Bingo $0 | Fortune $0 | Tax $0
Seat 2: bfdda08d folded before Flop (didn't bet)
Seat 3: 36e40870 (button) folded before Flop (didn't bet)
Seat 4: Hero (small blind) folded before Flop
Seat 5: 2967ee6b (big blind) collected ($0.57)
Seat 6: b0c20a9e folded before Flop (didn't bet)


Poker Hand #HD1826765482: Hold'em No Limit ($0.05/$0.1) - 2024/06/22 18:35:57
Table 'NLHRed37' 6-max Seat #2 is the button
Seat 2: bfdda08d ($10 in chips)
Seat 3: 36e40870 ($19.85 in chips)
Seat 4: Hero ($10.15 in chips)
Seat 5: 2967ee6b ($10 in chips)
Seat 6: b0c20a9e ($15.29 in chips)
36e40870: posts small blind $0.05
Hero: posts big blind $0.1
*** HOLE CARDS ***
Dealt to bfdda08d 
Dealt to 36e40870 
Dealt to Hero [2h 7c]
Dealt to 2967ee6b 
Dealt to b0c20a9e 
2967ee6b: folds
b0c20a9e: folds
bfdda08d: raises $0.15 to $0.25
36e40870: calls $0.2
Hero: folds
*** FLOP *** [Ah 5h 3d]
36e40870: checks
bfdda08d: checks
*** TURN *** [Ah 5h 3d] [Kc]
36e40870: bets $0.2
bfdda08d: calls $0.2
*** RIVER *** [Ah 5h 3d Kc] [8d]
36e40870: checks
bfdda08d: bets $0.5
36e40870: folds
Uncalled bet ($0.5) returned to bfdda08d
*** SHOWDOWN ***
bfdda08d collected $0.95 from pot
*** SUMMARY ***
Total pot $1 | Rake $0.05 | Jackpot $0 | Bingo $0 | Fortune $0 | Tax $0
Board [Ah 5h 3d Kc 8d]
Seat 2: bfdda08d (button) won ($0.95)
Seat 3: 36e40870 (small blind) folded on the River
Seat 4: Hero (big blind) folded before Flop
Seat 5: 2967ee6b folded before Flop (didn't bet)
Seat 6: b0c20a9e folded before Flop (didn't bet)


Poker Hand #HD1826765446: Hold'em No Limit ($0.05/$0.1) - 2024/06/22 18:35:42
Table 'NLHRed37' 6-max Seat #6 is the button
Seat 2: bfdda08d ($10 in chips)
Seat 3: 36e40870 ($19.8 in chips)
Seat 4: Hero ($10.15 in chips)
Seat 5: 2967ee6b ($10 in chips)
Seat 6: b0c20a9e ($15.29 in chips)
bfdda08d: posts small blind $0.05
36e40870: posts big blind $0.1
*** HOLE CARDS ***
Dealt to bfdda08d 
Dealt to 36e40870 
Dealt to Hero [8s 5d]
Dealt to 2967ee6b 
Dealt to b0c20a9e 
Hero: folds
2967ee6b: folds
b0c20a9e: folds
bfdda08d: folds
Uncalled bet ($0.05) returned to 36e40870
*** SHOWDOWN ***
36e40870 collected $0.1 from pot
*** SUMMARY ***
Total pot $0.1 | Rake $0 | Jackpot $0 | Bingo $0 | Fortune $0 | Tax $0
Seat 2: bfdda08d (small blind) folded before Flop
Seat 3: 36e40870 (big blind) collected ($0.1)
Seat 4: Hero folded before Flop (didn't bet)
Seat 5: 2967ee6b folded before Flop (didn't bet)
Seat 6: b0c20a9e (button) folded before Flop (didn't bet)


Poker Hand #HD1826765413: Hold'em No Limit ($0.05/$0.1) - 2024/06/22 18:35:28
Table 'NLHRed37' 6-max Seat #5 is the button
Seat 2: bfdda08d ($10 in chips)
Seat 3: 36e40870 ($19.8 in chips)
Seat 4: Hero ($10 in chips)
Seat 5: 2967ee6b ($10 in chips)
Seat 6: b0c20a9e ($15.34 in chips)
b0c20a9e: posts small blind $0.05
bfdda08d: posts big blind $0.1
*** HOLE CARDS ***
Dealt to bfdda08d 
Dealt to 36e40870 
Dealt to Hero [Tc Ad]
Dealt to 2967ee6b 
Dealt to b0c20a9e 
36e40870: folds
Hero: raises $0.14 to $0.24
2967ee6b: folds
b0c20a9e: folds
bfdda08d: folds
Uncalled bet ($0.14) returned to Hero
*** SHOWDOWN ***
Hero collected $0.25 from pot
*** SUMMARY ***
Total pot $0.25 | Rake $0 | Jackpot $0 | Bingo $0 | Fortune $0 | Tax $0
Seat 2: bfdda08d (big blind) folded before Flop
Seat 3: 36e40870 folded before Flop (didn't bet)
Seat 4: Hero collected ($0.25)
Seat 5: 2967ee6b (button) folded before Flop (didn't bet)
Seat 6: b0c20a9e (small blind) folded before Flop


Poker Hand #HD1826765319: Hold'em No Limit ($0.05/$0.1) - 2024/06/22 18:34:46
Table 'NLHRed37' 6-max Seat #4 is the button
Seat 3: 36e40870 ($19.8 in chips)
Seat 4: Hero ($10 in chips)
Seat 5: 2967ee6b ($10.68 in chips)
Seat 6: b0c20a9e ($14.71 in chips)
2967ee6b: posts small blind $0.05
b0c20a9e: posts big blind $0.1
*** HOLE CARDS ***
Dealt to 36e40870 
Dealt to Hero [8s Jh]
Dealt to 2967ee6b 
Dealt to b0c20a9e 
36e40870: folds
Hero: folds
2967ee6b: raises $0.2 to $0.3
b0c20a9e: calls $0.2
*** FLOP *** [6c 7s 9s]
2967ee6b: checks
b0c20a9e: bets $0.39
2967ee6b: calls $0.39
*** TURN *** [6c 7s 9s] [7h]
2967ee6b: checks
b0c20a9e: bets $1.05
2967ee6b: folds
Uncalled bet ($1.05) returned to b0c20a9e
*** SHOWDOWN ***
b0c20a9e collected $1.32 from pot
*** SUMMARY ***
Total pot $1.38 | Rake $0.06 | Jackpot $0 | Bingo $0 | Fortune $0 | Tax $0
Board [6c 7s 9s 7h]
Seat 3: 36e40870 folded before Flop (didn't bet)
Seat 4: Hero (button) folded before Flop (didn't bet)
Seat 5: 2967ee6b (small blind) folded on the Turn
Seat 6: b0c20a9e (big blind) won ($1.32)


Poker Hand #HD1826765287: Hold'em No Limit ($0.05/$0.1) - 2024/06/22 18:34:31
Table 'NLHRed37' 6-max Seat #3 is the button
Seat 3: 36e40870 ($19.65 in chips)
Seat 4: Hero ($10 in chips)
Seat 5: 2967ee6b ($10.78 in chips)
Seat 6: b0c20a9e ($14.71 in chips)
Hero: posts small blind $0.05
2967ee6b: posts big blind $0.1
*** HOLE CARDS ***
Dealt to 36e40870 
Dealt to Hero [8s Ac]
Dealt to 2967ee6b 
Dealt to b0c20a9e 
b0c20a9e: folds
36e40870: raises $0.2 to $0.3
Hero: folds
2967ee6b: folds
Uncalled bet ($0.2) returned to 36e40870
*** SHOWDOWN ***
36e40870 collected $0.25 from pot
*** SUMMARY ***
Total pot $0.25 | Rake $0 | Jackpot $0 | Bingo $0 | Fortune $0 | Tax $0
Seat 3: 36e40870 (button) collected ($0.25)
Seat 4: Hero (small blind) folded before Flop
Seat 5: 2967ee6b (big blind) folded before Flop
Seat 6: b0c20a9e folded before Flop (didn't bet)


Poker Hand #HD1826765240: Hold'em No Limit ($0.05/$0.1) - 2024/06/22 18:34:13
Table 'NLHRed37' 6-max Seat #6 is the button
Seat 3: 36e40870 ($19.7 in chips)
Seat 4: Hero ($10 in chips)
Seat 5: 2967ee6b ($10.63 in chips)
Seat 6: b0c20a9e ($14.71 in chips)
36e40870: posts small blind $0.05
Hero: posts big blind $0.1
*** HOLE CARDS ***
Dealt to 36e40870 
Dealt to Hero [5h Th]
Dealt to 2967ee6b 
Dealt to b0c20a9e 
2967ee6b: raises $0.1 to $0.2
b0c20a9e: folds
36e40870: folds
Hero: folds
Uncalled bet ($0.1) returned to 2967ee6b
*** SHOWDOWN ***
2967ee6b collected $0.25 from pot
*** SUMMARY ***
Total pot $0.25 | Rake $0 | Jackpot $0 | Bingo $0 | Fortune $0 | Tax $0
Seat 3: 36e40870 (small blind) folded before Flop
Seat 4: Hero (big blind) folded before Flop
Seat 5: 2967ee6b collected ($0.25)
Seat 6: b0c20a9e (button) folded before Flop (didn't bet)


Poker Hand #HD1826765172: Hold'em No Limit ($0.05/$0.1) - 2024/06/22 18:33:39
Table 'NLHRed37' 6-max Seat #5 is the button
Seat 1: ab602578 ($11.06 in chips)
Seat 3: 36e40870 ($19.51 in chips)
Seat 4: Hero ($10 in chips)
Seat 5: 2967ee6b ($10.63 in chips)
Seat 6: b0c20a9e ($14.81 in chips)
b0c20a9e: posts small blind $0.05
ab602578: posts big blind $0.1
*** HOLE CARDS ***
Dealt to ab602578 
Dealt to 36e40870 
Dealt to Hero [9s 5c]
Dealt to 2967ee6b 
Dealt to b0c20a9e 
36e40870: calls $0.1
Hero: folds
2967ee6b: folds
b0c20a9e: calls $0.05
ab602578: checks
*** FLOP *** [8h Ac As]
b0c20a9e: checks
ab602578: checks
36e40870: bets $0.3
b0c20a9e: folds
ab602578: folds
Uncalled bet ($0.3) returned to 36e40870
*** SHOWDOWN ***
36e40870 collected $0.29 from pot
*** SUMMARY ***
Total pot $0.3 | Rake $0.01 | Jackpot $0 | Bingo $0 | Fortune $0 | Tax $0
Board [8h Ac As]
Seat 1: ab602578 (big blind) folded on the Flop
Seat 3: 36e40870 won ($0.29)
Seat 4: Hero folded before Flop (didn't bet)
Seat 5: 2967ee6b (button) folded before Flop (didn't bet)
Seat 6: b0c20a9e (small blind) folded on the Flop


Poker Hand #HD1826765080: Hold'em No Limit ($0.05/$0.1) - 2024/06/22 18:32:56
Table 'NLHRed37' 6-max Seat #4 is the button
Seat 1: ab602578 ($11.06 in chips)
Seat 3: 36e40870 ($19.51 in chips)
Seat 4: Hero ($10 in chips)
Seat 5: 2967ee6b ($10.68 in chips)
Seat 6: b0c20a9e ($14.09 in chips)
2967ee6b: posts small blind $0.05
b0c20a9e: posts big blind $0.1
*** HOLE CARDS ***
Dealt to ab602578 
Dealt to 36e40870 
Dealt to Hero [5h Ah]
Dealt to 2967ee6b 
Dealt to b0c20a9e 
ab602578: folds
36e40870: folds
Hero: raises $0.14 to $0.24
2967ee6b: folds
b0c20a9e: calls $0.14
*** FLOP *** [Js 8c 2h]
b0c20a9e: checks
Hero: checks
*** TURN *** [Js 8c 2h] [9h]
b0c20a9e: bets $0.5
Hero: calls $0.5
*** RIVER *** [Js 8c 2h 9h] [9c]
b0c20a9e: bets $1.45
Hero: folds
Uncalled bet ($1.45) returned to b0c20a9e
*** SHOWDOWN ***
b0c20a9e collected $1.46 from pot
*** SUMMARY ***
Total pot $1.53 | Rake $0.07 | Jackpot $0 | Bingo $0 | Fortune $0 | Tax $0
Board [Js 8c 2h 9h 9c]
Seat 1: ab602578 folded before Flop (didn't bet)
Seat 3: 36e40870 folded before Flop (didn't bet)
Seat 4: Hero (button) folded on the River
Seat 5: 2967ee6b (small blind) folded before Flop
Seat 6: b0c20a9e (big blind) won ($1.46)


Poker Hand #HD1826765067: Hold'em No Limit ($0.05/$0.1) - 2024/06/22 18:32:48
Table 'NLHRed37' 6-max Seat #3 is the button
Seat 1: ab602578 ($11.06 in chips)
Seat 3: 36e40870 ($19.51 in chips)
Seat 4: Hero ($10 in chips)
Seat 5: 2967ee6b ($10.63 in chips)
Seat 6: b0c20a9e ($14.09 in chips)
Hero: posts small blind $0.05
2967ee6b: posts big blind $0.1
*** HOLE CARDS ***
Dealt to ab602578 
Dealt to 36e40870 
Dealt to Hero [8d 3c]
Dealt to 2967ee6b 
Dealt to b0c20a9e 
b0c20a9e: folds
ab602578: folds
36e40870: folds
Hero: folds
Uncalled bet ($0.05) returned to 2967ee6b
*** SHOWDOWN ***
2967ee6b collected $0.1 from pot
*** SUMMARY ***
Total pot $0.1 | Rake $0 | Jackpot $0 | Bingo $0 | Fortune $0 | Tax $0
Seat 1: ab602578 folded before Flop (didn't bet)
Seat 3: 36e40870 (button) folded before Flop (didn't bet)
Seat 4: Hero (small blind) folded before Flop
Seat 5: 2967ee6b (big blind) collected ($0.1)
Seat 6: b0c20a9e folded before Flop (didn't bet)


Poker Hand #HD1826764943: Hold'em No Limit ($0.05/$0.1) - 2024/06/22 18:31:50
Table 'NLHRed37' 6-max Seat #1 is the button
Seat 1: ab602578 ($11.06 in chips)
Seat 3: 36e40870 ($18.55 in chips)
Seat 4: Hero ($10 in chips)
Seat 5: 2967ee6b ($10.63 in chips)
Seat 6: b0c20a9e ($14.93 in chips)
36e40870: posts small blind $0.05
Hero: posts big blind $0.1
*** HOLE CARDS ***
Dealt to ab602578 
Dealt to 36e40870 
Dealt to Hero [Kd Td]
Dealt to 2967ee6b 
Dealt to b0c20a9e 
2967ee6b: folds
b0c20a9e: raises $0.11 to $0.21
ab602578: folds
36e40870: calls $0.16
Hero: calls $0.11
*** FLOP *** [Ts 9h 8h]
36e40870: checks
Hero: checks
b0c20a9e: checks
*** TURN *** [Ts 9h 8h] [Jh]
36e40870: bets $0.63
Hero: folds
b0c20a9e: calls $0.63
*** RIVER *** [Ts 9h 8h Jh] [8d]
36e40870: bets $3.4
b0c20a9e: folds
Uncalled bet ($3.4) returned to 36e40870
*** SHOWDOWN ***
36e40870 collected $1.8 from pot
*** SUMMARY ***
Total pot $1.89 | Rake $0.09 | Jackpot $0 | Bingo $0 | Fortune $0 | Tax $0
Board [Ts 9h 8h Jh 8d]
Seat 1: ab602578 (button) folded before Flop (didn't bet)
Seat 3: 36e40870 (small blind) won ($1.8)
Seat 4: Hero (big blind) folded on the Turn
Seat 5: 2967ee6b folded before Flop (didn't bet)
Seat 6: b0c20a9e folded on the River


Poker Hand #HD1826764838: Hold'em No Limit ($0.05/$0.1) - 2024/06/22 18:31:09
Table 'NLHRed37' 6-max Seat #6 is the button
Seat 1: ab602578 ($11.3 in chips)
Seat 3: 36e40870 ($17.62 in chips)
Seat 4: Hero ($10.15 in chips)
Seat 5: 2967ee6b ($10.63 in chips)
Seat 6: b0c20a9e ($14.93 in chips)
ab602578: posts small blind $0.05
36e40870: posts big blind $0.1
*** HOLE CARDS ***
Dealt to ab602578 
Dealt to 36e40870 
Dealt to Hero [Kh Qh]
Dealt to 2967ee6b 
Dealt to b0c20a9e 
Hero: raises $0.14 to $0.24
2967ee6b: folds
b0c20a9e: folds
ab602578: calls $0.19
36e40870: raises $0.54 to $0.78
Hero: calls $0.54
ab602578: folds
*** FLOP *** [5h 4s Ac]
36e40870: checks
Hero: checks
*** TURN *** [5h 4s Ac] [4d]
36e40870: bets $1.35
Hero: folds
Uncalled bet ($1.35) returned to 36e40870
*** SHOWDOWN ***
36e40870 collected $1.71 from pot
*** SUMMARY ***
Total pot $1.8 | Rake $0.09 | Jackpot $0 | Bingo $0 | Fortune $0 | Tax $0
Board [5h 4s Ac 4d]
Seat 1: ab602578 (small blind) folded before Flop
Seat 3: 36e40870 (big blind) won ($1.71)
Seat 4: Hero folded on the Turn
Seat 5: 2967ee6b folded before Flop (didn't bet)
Seat 6: b0c20a9e (button) folded before Flop (didn't bet)


Poker Hand #HD1826764812: Hold'em No Limit ($0.05/$0.1) - 2024/06/22 18:30:55
Table 'NLHRed37' 6-max Seat #5 is the button
Seat 1: ab602578 ($11.4 in chips)
Seat 2: af00a28 ($19.23 in chips)
Seat 3: 36e40870 ($17.62 in chips)
Seat 4: Hero ($10 in chips)
Seat 5: 2967ee6b ($10.63 in chips)
Seat 6: b0c20a9e ($14.98 in chips)
b0c20a9e: posts small blind $0.05
ab602578: posts big blind $0.1
*** HOLE CARDS ***
Dealt to ab602578 
Dealt to af00a28 
Dealt to 36e40870 
Dealt to Hero [8s 8d]
Dealt to 2967ee6b 
Dealt to b0c20a9e 
af00a28: folds
36e40870: folds
Hero: raises $0.14 to $0.24
2967ee6b: folds
b0c20a9e: folds
ab602578: folds
Uncalled bet ($0.14) returned to Hero
*** SHOWDOWN ***
Hero collected $0.25 from pot
*** SUMMARY ***
Total pot $0.25 | Rake $0 | Jackpot $0 | Bingo $0 | Fortune $0 | Tax $0
Seat 1: ab602578 (big blind) folded before Flop
Seat 2: af00a28 folded before Flop (didn't bet)
Seat 3: 36e40870 folded before Flop (didn't bet)
Seat 4: Hero collected ($0.25)
Seat 5: 2967ee6b (button) folded before Flop (didn't bet)
Seat 6: b0c20a9e (small blind) folded before Flop


Poker Hand #HD1826764767: Hold'em No Limit ($0.05/$0.1) - 2024/06/22 18:30:35
Table 'NLHRed37' 6-max Seat #4 is the button
Seat 1: ab602578 ($11.4 in chips)
Seat 2: af00a28 ($19.23 in chips)
Seat 3: 36e40870 ($17.47 in chips)
Seat 4: Hero ($10 in chips)
Seat 5: 2967ee6b ($10.68 in chips)
Seat 6: b0c20a9e ($15.08 in chips)
2967ee6b: posts small blind $0.05
b0c20a9e: posts big blind $0.1
*** HOLE CARDS ***
Dealt to ab602578 
Dealt to af00a28 
Dealt to 36e40870 
Dealt to Hero [7d 8d]
Dealt to 2967ee6b 
Dealt to b0c20a9e 
ab602578: folds
af00a28: folds
36e40870: raises $0.2 to $0.3
Hero: folds
2967ee6b: folds
b0c20a9e: folds
Uncalled bet ($0.2) returned to 36e40870
*** SHOWDOWN ***
36e40870 collected $0.25 from pot
*** SUMMARY ***
Total pot $0.25 | Rake $0 | Jackpot $0 | Bingo $0 | Fortune $0 | Tax $0
Seat 1: ab602578 folded before Flop (didn't bet)
Seat 2: af00a28 folded before Flop (didn't bet)
Seat 3: 36e40870 collected ($0.25)
Seat 4: Hero (button) folded before Flop (didn't bet)
Seat 5: 2967ee6b (small blind) folded before Flop
Seat 6: b0c20a9e (big blind) folded before Flop


Poker Hand #HD1826764664: Hold'em No Limit ($0.05/$0.1) - 2024/06/22 18:29:47
Table 'NLHRed37' 6-max Seat #3 is the button
Seat 1: ab602578 ($11.4 in chips)
Seat 2: af00a28 ($18.31 in chips)
Seat 3: 36e40870 ($18.33 in chips)
Seat 4: Hero ($10 in chips)
Seat 5: 2967ee6b ($10.78 in chips)
Seat 6: b0c20a9e ($15.08 in chips)
Hero: posts small blind $0.05
2967ee6b: posts big blind $0.1
*** HOLE CARDS ***
Dealt to ab602578 
Dealt to af00a28 
Dealt to 36e40870 
Dealt to Hero [3s 4s]
Dealt to 2967ee6b 
Dealt to b0c20a9e 
b0c20a9e: folds
ab602578: folds
af00a28: raises $0.1 to $0.2
36e40870: calls $0.2
Hero: folds
2967ee6b: folds
*** FLOP *** [Js 3h 5d]
af00a28: bets $0.19
36e40870: calls $0.19
*** TURN *** [Js 3h 5d] [3d]
af00a28: bets $0.47
36e40870: calls $0.47
*** RIVER *** [Js 3h 5d 3d] [Ts]
af00a28: bets $0.94
36e40870: folds
Uncalled bet ($0.94) returned to af00a28
*** SHOWDOWN ***
af00a28 collected $1.78 from pot
*** SUMMARY ***
Total pot $1.87 | Rake $0.09 | Jackpot $0 | Bingo $0 | Fortune $0 | Tax $0
Board [Js 3h 5d 3d Ts]
Seat 1: ab602578 folded before Flop (didn't bet)
Seat 2: af00a28 won ($1.78)
Seat 3: 36e40870 (button) folded on the River
Seat 4: Hero (small blind) folded before Flop
Seat 5: 2967ee6b (big blind) folded before Flop
Seat 6: b0c20a9e folded before Flop (didn't bet)


Poker Hand #HD1826764622: Hold'em No Limit ($0.05/$0.1) - 2024/06/22 18:29:29
Table 'NLHRed37' 6-max Seat #2 is the button
Seat 1: ab602578 ($11.4 in chips)
Seat 2: af00a28 ($18.16 in chips)
Seat 3: 36e40870 ($18.38 in chips)
Seat 4: Hero ($10 in chips)
Seat 5: 2967ee6b ($10.78 in chips)
Seat 6: b0c20a9e ($15.08 in chips)
36e40870: posts small blind $0.05
Hero: posts big blind $0.1
*** HOLE CARDS ***
Dealt to ab602578 
Dealt to af00a28 
Dealt to 36e40870 
Dealt to Hero [Ks 7d]
Dealt to 2967ee6b 
Dealt to b0c20a9e 
2967ee6b: folds
b0c20a9e: folds
ab602578: folds
af00a28: raises $0.1 to $0.2
36e40870: folds
Hero: folds
Uncalled bet ($0.1) returned to af00a28
*** SHOWDOWN ***
af00a28 collected $0.25 from pot
*** SUMMARY ***
Total pot $0.25 | Rake $0 | Jackpot $0 | Bingo $0 | Fortune $0 | Tax $0
Seat 1: ab602578 folded before Flop (didn't bet)
Seat 2: af00a28 (button) collected ($0.25)
Seat 3: 36e40870 (small blind) folded before Flop
Seat 4: Hero (big blind) folded before Flop
Seat 5: 2967ee6b folded before Flop (didn't bet)
Seat 6: b0c20a9e folded before Flop (didn't bet)


Poker Hand #HD1826764525: Hold'em No Limit ($0.05/$0.1) - 2024/06/22 18:28:51
Table 'NLHRed37' 6-max Seat #1 is the button
Seat 1: ab602578 ($11.84 in chips)
Seat 2: af00a28 ($18.21 in chips)
Seat 3: 36e40870 ($17.93 in chips)
Seat 4: Hero ($10 in chips)
Seat 5: 2967ee6b ($10.78 in chips)
Seat 6: b0c20a9e ($15.08 in chips)
af00a28: posts small blind $0.05
36e40870: posts big blind $0.1
*** HOLE CARDS ***
Dealt to ab602578 
Dealt to af00a28 
Dealt to 36e40870 
Dealt to Hero [2h 6s]
Dealt to 2967ee6b 
Dealt to b0c20a9e 
Hero: folds
2967ee6b: folds
b0c20a9e: folds
ab602578: raises $0.15 to $0.25
af00a28: folds
36e40870: calls $0.15
*** FLOP *** [Ah 9h Ks]
36e40870: checks
ab602578: bets $0.19
36e40870: calls $0.19
*** TURN *** [Ah 9h Ks] [2d]
36e40870: checks
ab602578: checks
*** RIVER *** [Ah 9h Ks 2d] [6d]
36e40870: bets $0.47
ab602578: folds
Uncalled bet ($0.47) returned to 36e40870
*** SHOWDOWN ***
36e40870 collected $0.89 from pot
*** SUMMARY ***
Total pot $0.93 | Rake $0.04 | Jackpot $0 | Bingo $0 | Fortune $0 | Tax $0
Board [Ah 9h Ks 2d 6d]
Seat 1: ab602578 (button) folded on the River
Seat 2: af00a28 (small blind) folded before Flop
Seat 3: 36e40870 (big blind) won ($0.89)
Seat 4: Hero folded before Flop (didn't bet)
Seat 5: 2967ee6b folded before Flop (didn't bet)
Seat 6: b0c20a9e folded before Flop (didn't bet)


Poker Hand #HD1826764463: Hold'em No Limit ($0.05/$0.1) - 2024/06/22 18:28:29
Table 'NLHRed37' 6-max Seat #6 is the button
Seat 1: ab602578 ($11.89 in chips)
Seat 2: af00a28 ($18.31 in chips)
Seat 3: 36e40870 ($18.03 in chips)
Seat 4: Hero ($10 in chips)
Seat 5: 2967ee6b ($10.54 in chips)
Seat 6: b0c20a9e ($15.08 in chips)
ab602578: posts small blind $0.05
af00a28: posts big blind $0.1
*** HOLE CARDS ***
Dealt to ab602578 
Dealt to af00a28 
Dealt to 36e40870 
Dealt to Hero [4c Ks]
Dealt to 2967ee6b 
Dealt to b0c20a9e 
36e40870: calls $0.1
Hero: folds
2967ee6b: raises $0.4 to $0.5
b0c20a9e: folds
ab602578: folds
af00a28: folds
36e40870: folds
Uncalled bet ($0.4) returned to 2967ee6b
*** SHOWDOWN ***
2967ee6b collected $0.34 from pot
*** SUMMARY ***
Total pot $0.35 | Rake $0.01 | Jackpot $0 | Bingo $0 | Fortune $0 | Tax $0
Seat 1: ab602578 (small blind) folded before Flop
Seat 2: af00a28 (big blind) folded before Flop
Seat 3: 36e40870 folded before Flop
Seat 4: Hero folded before Flop (didn't bet)
Seat 5: 2967ee6b collected ($0.34)
Seat 6: b0c20a9e (button) folded before Flop (didn't bet)


Poker Hand #HD1826764384: Hold'em No Limit ($0.05/$0.1) - 2024/06/22 18:27:57
Table 'NLHRed37' 6-max Seat #5 is the button
Seat 1: ab602578 ($12.09 in chips)
Seat 2: af00a28 ($18.08 in chips)
Seat 3: 36e40870 ($18.03 in chips)
Seat 4: Hero ($10 in chips)
Seat 5: 2967ee6b ($10.54 in chips)
Seat 6: b0c20a9e ($15.13 in chips)
b0c20a9e: posts small blind $0.05
ab602578: posts big blind $0.1
*** HOLE CARDS ***
Dealt to ab602578 
Dealt to af00a28 
Dealt to 36e40870 
Dealt to Hero [3d 2h]
Dealt to 2967ee6b 
Dealt to b0c20a9e 
af00a28: raises $0.1 to $0.2
36e40870: folds
Hero: folds
2967ee6b: folds
b0c20a9e: folds
ab602578: calls $0.1
*** FLOP *** [2s 4h 4s]
ab602578: checks
af00a28: bets $0.15
ab602578: folds
Uncalled bet ($0.15) returned to af00a28
*** SHOWDOWN ***
af00a28 collected $0.43 from pot
*** SUMMARY ***
Total pot $0.45 | Rake $0.02 | Jackpot $0 | Bingo $0 | Fortune $0 | Tax $0
Board [2s 4h 4s]
Seat 1: ab602578 (big blind) folded on the Flop
Seat 2: af00a28 won ($0.43)
Seat 3: 36e40870 folded before Flop (didn't bet)
Seat 4: Hero folded before Flop (didn't bet)
Seat 5: 2967ee6b (button) folded before Flop (didn't bet)
Seat 6: b0c20a9e (small blind) folded before Flop


Poker Hand #HD1826764355: Hold'em No Limit ($0.05/$0.1) - 2024/06/22 18:27:43
Table 'NLHRed37' 6-max Seat #4 is the button
Seat 1: ab602578 ($12.09 in chips)
Seat 2: af00a28 ($17.93 in chips)
Seat 3: 36e40870 ($18.03 in chips)
Seat 4: Hero ($10 in chips)
Seat 5: 2967ee6b ($10.59 in chips)
Seat 6: b0c20a9e ($15.23 in chips)
2967ee6b: posts small blind $0.05
b0c20a9e: posts big blind $0.1
*** HOLE CARDS ***
Dealt to ab602578 
Dealt to af00a28 
Dealt to 36e40870 
Dealt to Hero [Jh Qc]
Dealt to 2967ee6b 
Dealt to b0c20a9e 
ab602578: folds
af00a28: raises $0.1 to $0.2
36e40870: folds
Hero: folds
2967ee6b: folds
b0c20a9e: folds
Uncalled bet ($0.1) returned to af00a28
*** SHOWDOWN ***
af00a28 collected $0.25 from pot
*** SUMMARY ***
Total pot $0.25 | Rake $0 | Jackpot $0 | Bingo $0 | Fortune $0 | Tax $0
Seat 1: ab602578 folded before Flop (didn't bet)
Seat 2: af00a28 collected ($0.25)
Seat 3: 36e40870 folded before Flop (didn't bet)
Seat 4: Hero (button) folded before Flop (didn't bet)
Seat 5: 2967ee6b (small blind) folded before Flop
Seat 6: b0c20a9e (big blind) folded before Flop


Poker Hand #HD1826764189: Hold'em No Limit ($0.05/$0.1) - 2024/06/22 18:26:37
Table 'NLHRed37' 6-max Seat #3 is the button
Seat 1: ab602578 ($12.09 in chips)
Seat 2: af00a28 ($17.93 in chips)
Seat 3: 36e40870 ($18.03 in chips)
Seat 4: Hero ($10 in chips)
Seat 5: 2967ee6b ($10.69 in chips)
Seat 6: b0c20a9e ($12.21 in chips)
Hero: posts small blind $0.05
2967ee6b: posts big blind $0.1
*** HOLE CARDS ***
Dealt to ab602578 
Dealt to af00a28 
Dealt to 36e40870 
Dealt to Hero [Qc Qs]
Dealt to 2967ee6b 
Dealt to b0c20a9e 
b0c20a9e: raises $0.11 to $0.21
ab602578: folds
af00a28: folds
36e40870: folds
Hero: raises $0.89 to $1.1
2967ee6b: folds
b0c20a9e: calls $0.89
*** FLOP *** [Jd 5h Td]
Hero: bets $0.76
b0c20a9e: raises $1.49 to $2.25
Hero: calls $1.49
*** TURN *** [Jd 5h Td] [Ad]
Hero: checks
b0c20a9e: checks
*** RIVER *** [Jd 5h Td Ad] [2h]
Hero: checks
b0c20a9e: checks
Hero: shows [Qc Qs] (Pair of Queens)
b0c20a9e: shows [Ah 9h] (Pair of Aces)
*** SHOWDOWN ***
b0c20a9e collected $6.37 from pot
*** SUMMARY ***
Total pot $6.8 | Rake $0.33 | Jackpot $0.1 | Bingo $0 | Fortune $0 | Tax $0
Board [Jd 5h Td Ad 2h]
Seat 1: ab602578 folded before Flop (didn't bet)
Seat 2: af00a28 folded before Flop (didn't bet)
Seat 3: 36e40870 (button) folded before Flop (didn't bet)
Seat 4: Hero (small blind) showed [Qc Qs] and lost with Pair of Queens
Seat 5: 2967ee6b (big blind) folded before Flop
Seat 6: b0c20a9e showed [Ah 9h] and won ($6.37) with Pair of Aces


Poker Hand #HD1826764131: Hold'em No Limit ($0.05/$0.1) - 2024/06/22 18:26:14
Table 'NLHRed37' 6-max Seat #2 is the button
Seat 1: ab602578 ($11.94 in chips)
Seat 2: af00a28 ($17.93 in chips)
Seat 3: 36e40870 ($18.08 in chips)
Seat 4: Hero ($10.08 in chips)
Seat 5: 2967ee6b ($10.69 in chips)
Seat 6: b0c20a9e ($12.21 in chips)
36e40870: posts small blind $0.05
Hero: posts big blind $0.1
*** HOLE CARDS ***
Dealt to ab602578 
Dealt to af00a28 
Dealt to 36e40870 
Dealt to Hero [2c Jd]
Dealt to 2967ee6b 
Dealt to b0c20a9e 
2967ee6b: folds
b0c20a9e: folds
ab602578: raises $0.13 to $0.23
af00a28: folds
36e40870: folds
Hero: folds
Uncalled bet ($0.13) returned to ab602578
*** SHOWDOWN ***
ab602578 collected $0.25 from pot
*** SUMMARY ***
Total pot $0.25 | Rake $0 | Jackpot $0 | Bingo $0 | Fortune $0 | Tax $0
Seat 1: ab602578 collected ($0.25)
Seat 2: af00a28 (button) folded before Flop (didn't bet)
Seat 3: 36e40870 (small blind) folded before Flop
Seat 4: Hero (big blind) folded before Flop
Seat 5: 2967ee6b folded before Flop (didn't bet)
Seat 6: b0c20a9e folded before Flop (didn't bet)


Poker Hand #HD1826764105: Hold'em No Limit ($0.05/$0.1) - 2024/06/22 18:26:03
Table 'NLHRed37' 6-max Seat #1 is the button
Seat 1: ab602578 ($11.94 in chips)
Seat 2: af00a28 ($17.98 in chips)
Seat 3: 36e40870 ($18.18 in chips)
Seat 4: Hero ($10.08 in chips)
Seat 5: 2967ee6b ($10.69 in chips)
Seat 6: b0c20a9e ($12.06 in chips)
af00a28: posts small blind $0.05
36e40870: posts big blind $0.1
*** HOLE CARDS ***
Dealt to ab602578 
Dealt to af00a28 
Dealt to 36e40870 
Dealt to Hero [8s Ts]
Dealt to 2967ee6b 
Dealt to b0c20a9e 
Hero: folds
2967ee6b: folds
b0c20a9e: raises $0.11 to $0.21
ab602578: folds
af00a28: folds
36e40870: folds
Uncalled bet ($0.11) returned to b0c20a9e
*** SHOWDOWN ***
b0c20a9e collected $0.25 from pot
*** SUMMARY ***
Total pot $0.25 | Rake $0 | Jackpot $0 | Bingo $0 | Fortune $0 | Tax $0
Seat 1: ab602578 (button) folded before Flop (didn't bet)
Seat 2: af00a28 (small blind) folded before Flop
Seat 3: 36e40870 (big blind) folded before Flop
Seat 4: Hero folded before Flop (didn't bet)
Seat 5: 2967ee6b folded before Flop (didn't bet)
Seat 6: b0c20a9e collected ($0.25)


Poker Hand #HD1826764049: Hold'em No Limit ($0.05/$0.1) - 2024/06/22 18:25:39
Table 'NLHRed37' 6-max Seat #6 is the button
Seat 1: ab602578 ($11.99 in chips)
Seat 2: af00a28 ($18.08 in chips)
Seat 3: 36e40870 ($18.18 in chips)
Seat 4: Hero ($10.08 in chips)
Seat 5: 2967ee6b ($10 in chips)
Seat 6: b0c20a9e ($12.66 in chips)
ab602578: posts small blind $0.05
af00a28: posts big blind $0.1
*** HOLE CARDS ***
Dealt to ab602578 
Dealt to af00a28 
Dealt to 36e40870 
Dealt to Hero [5s 9d]
Dealt to 2967ee6b 
Dealt to b0c20a9e 
36e40870: folds
Hero: folds
2967ee6b: raises $0.1 to $0.2
b0c20a9e: raises $0.4 to $0.6
ab602578: folds
af00a28: folds
2967ee6b: raises $1.2 to $1.8
b0c20a9e: folds
Uncalled bet ($1.2) returned to 2967ee6b
*** SHOWDOWN ***
2967ee6b collected $1.29 from pot
*** SUMMARY ***
Total pot $1.35 | Rake $0.06 | Jackpot $0 | Bingo $0 | Fortune $0 | Tax $0
Seat 1: ab602578 (small blind) folded before Flop
Seat 2: af00a28 (big blind) folded before Flop
Seat 3: 36e40870 folded before Flop (didn't bet)
Seat 4: Hero folded before Flop (didn't bet)
Seat 5: 2967ee6b collected ($1.29)
Seat 6: b0c20a9e (button) folded before Flop


Poker Hand #HD1826763995: Hold'em No Limit ($0.05/$0.1) - 2024/06/22 18:25:12
Table 'NLHRed37' 6-max Seat #5 is the button
Seat 1: ab602578 ($12.09 in chips)
Seat 2: af00a28 ($18.08 in chips)
Seat 3: 36e40870 ($18.18 in chips)
Seat 4: Hero ($10.08 in chips)
Seat 5: 2967ee6b ($10 in chips)
Seat 6: b0c20a9e ($12.56 in chips)
b0c20a9e: posts small blind $0.05
ab602578: posts big blind $0.1
*** HOLE CARDS ***
Dealt to ab602578 
Dealt to af00a28 
Dealt to 36e40870 
Dealt to Hero [Jd 5c]
Dealt to 2967ee6b 
Dealt to b0c20a9e 
af00a28: folds
36e40870: folds
Hero: folds
2967ee6b: folds
b0c20a9e: raises $0.17 to $0.27
ab602578: folds
Uncalled bet ($0.17) returned to b0c20a9e
*** SHOWDOWN ***
b0c20a9e collected $0.2 from pot
*** SUMMARY ***
Total pot $0.2 | Rake $0 | Jackpot $0 | Bingo $0 | Fortune $0 | Tax $0
Seat 1: ab602578 (big blind) folded before Flop
Seat 2: af00a28 folded before Flop (didn't bet)
Seat 3: 36e40870 folded before Flop (didn't bet)
Seat 4: Hero folded before Flop (didn't bet)
Seat 5: 2967ee6b (button) folded before Flop (didn't bet)
Seat 6: b0c20a9e (small blind) collected ($0.2)


Poker Hand #HD1826763960: Hold'em No Limit ($0.05/$0.1) - 2024/06/22 18:24:57
Table 'NLHRed37' 6-max Seat #4 is the button
Seat 1: ab602578 ($12.09 in chips)
Seat 2: af00a28 ($18.08 in chips)
Seat 3: 36e40870 ($18.18 in chips)
Seat 4: Hero ($10.08 in chips)
Seat 5: 2967ee6b ($10 in chips)
Seat 6: b0c20a9e ($12.51 in chips)
2967ee6b: posts small blind $0.05
b0c20a9e: posts big blind $0.1
*** HOLE CARDS ***
Dealt to ab602578 
Dealt to af00a28 
Dealt to 36e40870 
Dealt to Hero [8c Kd]
Dealt to 2967ee6b 
Dealt to b0c20a9e 
ab602578: folds
af00a28: folds
36e40870: folds
Hero: folds
2967ee6b: folds
Uncalled bet ($0.05) returned to b0c20a9e
*** SHOWDOWN ***
b0c20a9e collected $0.1 from pot
*** SUMMARY ***
Total pot $0.1 | Rake $0 | Jackpot $0 | Bingo $0 | Fortune $0 | Tax $0
Seat 1: ab602578 folded before Flop (didn't bet)
Seat 2: af00a28 folded before Flop (didn't bet)
Seat 3: 36e40870 folded before Flop (didn't bet)
Seat 4: Hero (button) folded before Flop (didn't bet)
Seat 5: 2967ee6b (small blind) folded before Flop
Seat 6: b0c20a9e (big blind) collected ($0.1)


Poker Hand #HD1826763874: Hold'em No Limit ($0.05/$0.1) - 2024/06/22 18:24:23
Table 'NLHRed37' 6-max Seat #3 is the button
Seat 1: ab602578 ($12.09 in chips)
Seat 2: af00a28 ($17.75 in chips)
Seat 3: 36e40870 ($18.38 in chips)
Seat 4: Hero ($10.13 in chips)
Seat 5: 2967ee6b ($10 in chips)
Seat 6: b0c20a9e ($12.51 in chips)
Hero: posts small blind $0.05
2967ee6b: posts big blind $0.1
*** HOLE CARDS ***
Dealt to ab602578 
Dealt to af00a28 
Dealt to 36e40870 
Dealt to Hero [Qc 3d]
Dealt to 2967ee6b 
Dealt to b0c20a9e 
b0c20a9e: folds
ab602578: folds
af00a28: raises $0.1 to $0.2
36e40870: calls $0.2
Hero: folds
2967ee6b: folds
*** FLOP *** [Ad 7h Ks]
af00a28: bets $0.19
36e40870: folds
Uncalled bet ($0.19) returned to af00a28
*** SHOWDOWN ***
af00a28 collected $0.53 from pot
*** SUMMARY ***
Total pot $0.55 | Rake $0.02 | Jackpot $0 | Bingo $0 | Fortune $0 | Tax $0
Board [Ad 7h Ks]
Seat 1: ab602578 folded before Flop (didn't bet)
Seat 2: af00a28 won ($0.53)
Seat 3: 36e40870 (button) folded on the Flop
Seat 4: Hero (small blind) folded before Flop
Seat 5: 2967ee6b (big blind) folded before Flop
Seat 6: b0c20a9e folded before Flop (didn't bet)


Poker Hand #HD1826763798: Hold'em No Limit ($0.05/$0.1) - 2024/06/22 18:23:48
Table 'NLHRed37' 6-max Seat #2 is the button
Seat 1: ab602578 ($12.09 in chips)
Seat 2: af00a28 ($17.75 in chips)
Seat 3: 36e40870 ($18.59 in chips)
Seat 4: Hero ($10.23 in chips)
Seat 5: 2967ee6b ($10 in chips)
Seat 6: b0c20a9e ($12.22 in chips)
36e40870: posts small blind $0.05
Hero: posts big blind $0.1
*** HOLE CARDS ***
Dealt to ab602578 
Dealt to af00a28 
Dealt to 36e40870 
Dealt to Hero [4d 3h]
Dealt to 2967ee6b 
Dealt to b0c20a9e 
2967ee6b: folds
b0c20a9e: raises $0.11 to $0.21
ab602578: folds
af00a28: folds
36e40870: calls $0.16
Hero: folds
*** FLOP *** [Jh 2d Kd]
36e40870: checks
b0c20a9e: bets $0.42
36e40870: folds
Uncalled bet ($0.42) returned to b0c20a9e
*** SHOWDOWN ***
b0c20a9e collected $0.5 from pot
*** SUMMARY ***
Total pot $0.52 | Rake $0.02 | Jackpot $0 | Bingo $0 | Fortune $0 | Tax $0
Board [Jh 2d Kd]
Seat 1: ab602578 folded before Flop (didn't bet)
Seat 2: af00a28 (button) folded before Flop (didn't bet)
Seat 3: 36e40870 (small blind) folded on the Flop
Seat 4: Hero (big blind) folded before Flop
Seat 5: 2967ee6b folded before Flop (didn't bet)
Seat 6: b0c20a9e won ($0.5)


Poker Hand #HD1826763570: Hold'em No Limit ($0.05/$0.1) - 2024/06/22 18:22:03
Table 'NLHRed37' 6-max Seat #1 is the button
Seat 1: ab602578 ($12.09 in chips)
Seat 2: af00a28 ($8.35 in chips)
Seat 3: 36e40870 ($26.94 in chips)
Seat 4: Hero ($10.23 in chips)
Seat 5: 2967ee6b ($10.39 in chips)
Seat 6: b0c20a9e ($12.22 in chips)
af00a28: posts small blind $0.05
36e40870: posts big blind $0.1
*** HOLE CARDS ***
Dealt to ab602578 
Dealt to af00a28 
Dealt to 36e40870 
Dealt to Hero [9c 3c]
Dealt to 2967ee6b 
Dealt to b0c20a9e 
Hero: folds
2967ee6b: raises $0.1 to $0.2
b0c20a9e: folds
ab602578: folds
af00a28: calls $0.15
36e40870: calls $0.1
*** FLOP *** [Kd 8s 3s]
af00a28: checks
36e40870: checks
2967ee6b: bets $0.32
af00a28: calls $0.32
36e40870: raises $1.56 to $1.88
2967ee6b: calls $1.56
af00a28: calls $1.56
*** TURN *** [Kd 8s 3s] [Jd]
af00a28: checks
36e40870: bets $3.12
2967ee6b: folds
af00a28: raises $3.15 to $6.27 and is all-in
36e40870: calls $3.15
af00a28: shows [Kh Js] (Pair of Kings and Pair of Jacks)
36e40870: shows [Ts Kc] (Pair of Kings)
*** RIVER *** [Kd 8s 3s Jd] [8h]
*** SHOWDOWN ***
af00a28 collected $17.75 from pot
*** SUMMARY ***
Total pot $18.78 | Rake $0.93 | Jackpot $0.1 | Bingo $0 | Fortune $0 | Tax $0
Board [Kd 8s 3s Jd 8h]
Seat 1: ab602578 (button) folded before Flop (didn't bet)
Seat 2: af00a28 (small blind) showed [Kh Js] and won ($17.75) with Pair of Kings and Pair of Jacks
Seat 3: 36e40870 (big blind) showed [Ts Kc] and lost with Pair of Kings and Pair of Eights
Seat 4: Hero folded before Flop (didn't bet)
Seat 5: 2967ee6b folded on the Turn
Seat 6: b0c20a9e folded before Flop (didn't bet)


Poker Hand #HD1826763508: Hold'em No Limit ($0.05/$0.1) - 2024/06/22 18:21:32
Table 'NLHRed37' 6-max Seat #6 is the button
Seat 1: ab602578 ($12.14 in chips)
Seat 2: af00a28 ($8.45 in chips)
Seat 3: 36e40870 ($27.04 in chips)
Seat 4: Hero ($10.23 in chips)
Seat 5: 2967ee6b ($10.15 in chips)
Seat 6: b0c20a9e ($12.22 in chips)
ab602578: posts small blind $0.05
af00a28: posts big blind $0.1
*** HOLE CARDS ***
Dealt to ab602578 
Dealt to af00a28 
Dealt to 36e40870 
Dealt to Hero [3s 9h]
Dealt to 2967ee6b 
Dealt to b0c20a9e 
36e40870: calls $0.1
Hero: folds
2967ee6b: raises $0.4 to $0.5
b0c20a9e: folds
ab602578: folds
af00a28: folds
36e40870: folds
Uncalled bet ($0.4) returned to 2967ee6b
*** SHOWDOWN ***
2967ee6b collected $0.34 from pot
*** SUMMARY ***
Total pot $0.35 | Rake $0.01 | Jackpot $0 | Bingo $0 | Fortune $0 | Tax $0
Seat 1: ab602578 (small blind) folded before Flop
Seat 2: af00a28 (big blind) folded before Flop
Seat 3: 36e40870 folded before Flop
Seat 4: Hero folded before Flop (didn't bet)
Seat 5: 2967ee6b collected ($0.34)
Seat 6: b0c20a9e (button) folded before Flop (didn't bet)


Poker Hand #HD1826763466: Hold'em No Limit ($0.05/$0.1) - 2024/06/22 18:21:17
Table 'NLHRed37' 6-max Seat #5 is the button
Seat 1: ab602578 ($12.24 in chips)
Seat 2: af00a28 ($8.45 in chips)
Seat 3: 36e40870 ($27.04 in chips)
Seat 4: Hero ($10.23 in chips)
Seat 5: 2967ee6b ($10 in chips)
Seat 6: b0c20a9e ($12.27 in chips)
b0c20a9e: posts small blind $0.05
ab602578: posts big blind $0.1
*** HOLE CARDS ***
Dealt to ab602578 
Dealt to af00a28 
Dealt to 36e40870 
Dealt to Hero [3s 9c]
Dealt to 2967ee6b 
Dealt to b0c20a9e 
af00a28: folds
36e40870: folds
Hero: folds
2967ee6b: raises $0.2 to $0.3
b0c20a9e: folds
ab602578: folds
Uncalled bet ($0.2) returned to 2967ee6b
*** SHOWDOWN ***
2967ee6b collected $0.25 from pot
*** SUMMARY ***
Total pot $0.25 | Rake $0 | Jackpot $0 | Bingo $0 | Fortune $0 | Tax $0
Seat 1: ab602578 (big blind) folded before Flop
Seat 2: af00a28 folded before Flop (didn't bet)
Seat 3: 36e40870 folded before Flop (didn't bet)
Seat 4: Hero folded before Flop (didn't bet)
Seat 5: 2967ee6b (button) collected ($0.25)
Seat 6: b0c20a9e (small blind) folded before Flop


Poker Hand #HD1826763397: Hold'em No Limit ($0.05/$0.1) - 2024/06/22 18:20:45
Table 'NLHRed37' 6-max Seat #4 is the button
Seat 1: ab602578 ($12.24 in chips)
Seat 2: af00a28 ($8.45 in chips)
Seat 3: 36e40870 ($26.9 in chips)
Seat 4: Hero ($10.23 in chips)
Seat 5: 2967ee6b ($10.05 in chips)
Seat 6: b0c20a9e ($12.37 in chips)
2967ee6b: posts small blind $0.05
b0c20a9e: posts big blind $0.1
*** HOLE CARDS ***
Dealt to ab602578 
Dealt to af00a28 
Dealt to 36e40870 
Dealt to Hero [Ts Kc]
Dealt to 2967ee6b 
Dealt to b0c20a9e 
ab602578: folds
af00a28: folds
36e40870: calls $0.1
Hero: folds
2967ee6b: folds
b0c20a9e: checks
*** FLOP *** [5d 5c 2h]
b0c20a9e: checks
36e40870: bets $0.25
b0c20a9e: folds
Uncalled bet ($0.25) returned to 36e40870
*** SHOWDOWN ***
36e40870 collected $0.24 from pot
*** SUMMARY ***
Total pot $0.25 | Rake $0.01 | Jackpot $0 | Bingo $0 | Fortune $0 | Tax $0
Board [5d 5c 2h]
Seat 1: ab602578 folded before Flop (didn't bet)
Seat 2: af00a28 folded before Flop (didn't bet)
Seat 3: 36e40870 won ($0.24)
Seat 4: Hero (button) folded before Flop (didn't bet)
Seat 5: 2967ee6b (small blind) folded before Flop
Seat 6: b0c20a9e (big blind) folded on the Flop


Poker Hand #HD1826763353: Hold'em No Limit ($0.05/$0.1) - 2024/06/22 18:20:27
Table 'NLHRed37' 6-max Seat #3 is the button
Seat 1: ab602578 ($12.24 in chips)
Seat 2: af00a28 ($8.45 in chips)
Seat 3: 36e40870 ($26.9 in chips)
Seat 4: Hero ($10.28 in chips)
Seat 5: 2967ee6b ($10 in chips)
Seat 6: b0c20a9e ($12.37 in chips)
Hero: posts small blind $0.05
2967ee6b: posts big blind $0.1
*** HOLE CARDS ***
Dealt to ab602578 
Dealt to af00a28 
Dealt to 36e40870 
Dealt to Hero [Ts 6h]
Dealt to 2967ee6b 
Dealt to b0c20a9e 
b0c20a9e: folds
ab602578: folds
af00a28: folds
36e40870: folds
Hero: folds
Uncalled bet ($0.05) returned to 2967ee6b
*** SHOWDOWN ***
2967ee6b collected $0.1 from pot
*** SUMMARY ***
Total pot $0.1 | Rake $0 | Jackpot $0 | Bingo $0 | Fortune $0 | Tax $0
Seat 1: ab602578 folded before Flop (didn't bet)
Seat 2: af00a28 folded before Flop (didn't bet)
Seat 3: 36e40870 (button) folded before Flop (didn't bet)
Seat 4: Hero (small blind) folded before Flop
Seat 5: 2967ee6b (big blind) collected ($0.1)
Seat 6: b0c20a9e folded before Flop (didn't bet)


Poker Hand #HD1826763292: Hold'em No Limit ($0.05/$0.1) - 2024/06/22 18:20:02
Table 'NLHRed37' 6-max Seat #2 is the button
Seat 1: ab602578 ($12.24 in chips)
Seat 2: af00a28 ($8.45 in chips)
Seat 3: 36e40870 ($27 in chips)
Seat 4: Hero ($10.18 in chips)
Seat 5: 2967ee6b ($10 in chips)
Seat 6: b0c20a9e ($12.37 in chips)
36e40870: posts small blind $0.05
Hero: posts big blind $0.1
*** HOLE CARDS ***
Dealt to ab602578 
Dealt to af00a28 
Dealt to 36e40870 
Dealt to Hero [Ac Ah]
Dealt to 2967ee6b 
Dealt to b0c20a9e 
2967ee6b: folds
b0c20a9e: folds
ab602578: folds
af00a28: folds
36e40870: calls $0.05
Hero: raises $0.4 to $0.5
36e40870: folds
Uncalled bet ($0.4) returned to Hero
*** SHOWDOWN ***
Hero collected $0.2 from pot
*** SUMMARY ***
Total pot $0.2 | Rake $0 | Jackpot $0 | Bingo $0 | Fortune $0 | Tax $0
Seat 1: ab602578 folded before Flop (didn't bet)
Seat 2: af00a28 (button) folded before Flop (didn't bet)
Seat 3: 36e40870 (small blind) folded before Flop
Seat 4: Hero (big blind) collected ($0.2)
Seat 5: 2967ee6b folded before Flop (didn't bet)
Seat 6: b0c20a9e folded before Flop (didn't bet)


Poker Hand #HD1826763258: Hold'em No Limit ($0.05/$0.1) - 2024/06/22 18:19:47
Table 'NLHRed37' 6-max Seat #1 is the button
Seat 1: ab602578 ($12.24 in chips)
Seat 2: af00a28 ($8.35 in chips)
Seat 3: 36e40870 ($27.1 in chips)
Seat 4: Hero ($10.18 in chips)
Seat 5: 2967ee6b ($10 in chips)
Seat 6: b0c20a9e ($12.37 in chips)
af00a28: posts small blind $0.05
36e40870: posts big blind $0.1
*** HOLE CARDS ***
Dealt to ab602578 
Dealt to af00a28 
Dealt to 36e40870 
Dealt to Hero [4c 6c]
Dealt to 2967ee6b 
Dealt to b0c20a9e 
Hero: folds
2967ee6b: folds
b0c20a9e: folds
ab602578: folds
af00a28: raises $0.1 to $0.2
36e40870: folds
Uncalled bet ($0.1) returned to af00a28
*** SHOWDOWN ***
af00a28 collected $0.2 from pot
*** SUMMARY ***
Total pot $0.2 | Rake $0 | Jackpot $0 | Bingo $0 | Fortune $0 | Tax $0
Seat 1: ab602578 (button) folded before Flop (didn't bet)
Seat 2: af00a28 (small blind) collected ($0.2)
Seat 3: 36e40870 (big blind) folded before Flop
Seat 4: Hero folded before Flop (didn't bet)
Seat 5: 2967ee6b folded before Flop (didn't bet)
Seat 6: b0c20a9e folded before Flop (didn't bet)


Poker Hand #HD1826763182: Hold'em No Limit ($0.05/$0.1) - 2024/06/22 18:19:11
Table 'NLHRed37' 6-max Seat #6 is the button
Seat 1: ab602578 ($12.29 in chips)
Seat 2: af00a28 ($8.45 in chips)
Seat 3: 36e40870 ($26.96 in chips)
Seat 4: Hero ($10.18 in chips)
Seat 5: 2967ee6b ($10 in chips)
Seat 6: b0c20a9e ($12.37 in chips)
ab602578: posts small blind $0.05
af00a28: posts big blind $0.1
*** HOLE CARDS ***
Dealt to ab602578 
Dealt to af00a28 
Dealt to 36e40870 
Dealt to Hero [4h 9h]
Dealt to 2967ee6b 
Dealt to b0c20a9e 
36e40870: calls $0.1
Hero: folds
2967ee6b: folds
b0c20a9e: folds
ab602578: folds
af00a28: checks
*** FLOP *** [Th 5s Ah]
af00a28: checks
36e40870: bets $0.25
af00a28: folds
Uncalled bet ($0.25) returned to 36e40870
*** SHOWDOWN ***
36e40870 collected $0.24 from pot
*** SUMMARY ***
Total pot $0.25 | Rake $0.01 | Jackpot $0 | Bingo $0 | Fortune $0 | Tax $0
Board [Th 5s Ah]
Seat 1: ab602578 (small blind) folded before Flop
Seat 2: af00a28 (big blind) folded on the Flop
Seat 3: 36e40870 won ($0.24)
Seat 4: Hero folded before Flop (didn't bet)
Seat 5: 2967ee6b folded before Flop (didn't bet)
Seat 6: b0c20a9e (button) folded before Flop (didn't bet)


Poker Hand #HD1826763122: Hold'em No Limit ($0.05/$0.1) - 2024/06/22 18:18:37
Table 'NLHRed37' 6-max Seat #5 is the button
Seat 1: ab602578 ($12.39 in chips)
Seat 3: 36e40870 ($27.81 in chips)
Seat 4: Hero ($10.18 in chips)
Seat 5: 2967ee6b ($10 in chips)
Seat 6: b0c20a9e ($11.51 in chips)
b0c20a9e: posts small blind $0.05
ab602578: posts big blind $0.1
*** HOLE CARDS ***
Dealt to ab602578 
Dealt to 36e40870 
Dealt to Hero [7d Th]
Dealt to 2967ee6b 
Dealt to b0c20a9e 
36e40870: calls $0.1
Hero: folds
2967ee6b: folds
b0c20a9e: raises $0.4 to $0.5
ab602578: folds
36e40870: calls $0.4
*** FLOP *** [7c 4c Qc]
b0c20a9e: bets $0.35
36e40870: calls $0.35
*** TURN *** [7c 4c Qc] [Ks]
b0c20a9e: bets $1.4
36e40870: folds
Uncalled bet ($1.4) returned to b0c20a9e
*** SHOWDOWN ***
b0c20a9e collected $1.71 from pot
*** SUMMARY ***
Total pot $1.8 | Rake $0.09 | Jackpot $0 | Bingo $0 | Fortune $0 | Tax $0
Board [7c 4c Qc Ks]
Seat 1: ab602578 (big blind) folded before Flop
Seat 3: 36e40870 folded on the Turn
Seat 4: Hero folded before Flop (didn't bet)
Seat 5: 2967ee6b (button) folded before Flop (didn't bet)
Seat 6: b0c20a9e (small blind) won ($1.71)


Poker Hand #HD1826763087: Hold'em No Limit ($0.05/$0.1) - 2024/06/22 18:18:18
Table 'NLHRed37' 6-max Seat #4 is the button
Seat 1: ab602578 ($12.24 in chips)
Seat 3: 36e40870 ($27.81 in chips)
Seat 4: Hero ($10.18 in chips)
Seat 5: 2967ee6b ($10 in chips)
Seat 6: b0c20a9e ($11.61 in chips)
2967ee6b: posts small blind $0.05
b0c20a9e: posts big blind $0.1
*** HOLE CARDS ***
Dealt to ab602578 
Dealt to 36e40870 
Dealt to Hero [Th 6s]
Dealt to 2967ee6b 
Dealt to b0c20a9e 
ab602578: raises $0.12 to $0.22
36e40870: folds
Hero: folds
2967ee6b: folds
b0c20a9e: folds
Uncalled bet ($0.12) returned to ab602578
*** SHOWDOWN ***
ab602578 collected $0.25 from pot
*** SUMMARY ***
Total pot $0.25 | Rake $0 | Jackpot $0 | Bingo $0 | Fortune $0 | Tax $0
Seat 1: ab602578 collected ($0.25)
Seat 3: 36e40870 folded before Flop (didn't bet)
Seat 4: Hero (button) folded before Flop (didn't bet)
Seat 5: 2967ee6b (small blind) folded before Flop
Seat 6: b0c20a9e (big blind) folded before Flop


Poker Hand #HD1826762969: Hold'em No Limit ($0.05/$0.1) - 2024/06/22 18:17:25
Table 'NLHRed37' 6-max Seat #3 is the button
Seat 1: ab602578 ($10.17 in chips)
Seat 2: f68735f8 ($7.53 in chips)
Seat 3: 36e40870 ($27.81 in chips)
Seat 4: Hero ($10.23 in chips)
Seat 5: 2967ee6b ($10 in chips)
Seat 6: b0c20a9e ($11.61 in chips)
Hero: posts small blind $0.05
2967ee6b: posts big blind $0.1
*** HOLE CARDS ***
Dealt to ab602578 
Dealt to f68735f8 
Dealt to 36e40870 
Dealt to Hero [3c Ah]
Dealt to 2967ee6b 
Dealt to b0c20a9e 
b0c20a9e: folds
ab602578: raises $0.12 to $0.22
f68735f8: calls $0.22
36e40870: folds
Hero: folds
2967ee6b: folds
*** FLOP *** [Th 4d Jh]
ab602578: checks
f68735f8: bets $0.2
ab602578: calls $0.2
*** TURN *** [Th 4d Jh] [8d]
ab602578: checks
f68735f8: bets $0.5
ab602578: raises $1.32 to $1.82
f68735f8: calls $1.32
*** RIVER *** [Th 4d Jh 8d] [5c]
ab602578: bets $7.93 and is all-in
f68735f8: folds
Uncalled bet ($7.93) returned to ab602578
*** SHOWDOWN ***
ab602578 collected $4.31 from pot
*** SUMMARY ***
Total pot $4.63 | Rake $0.22 | Jackpot $0.1 | Bingo $0 | Fortune $0 | Tax $0
Board [Th 4d Jh 8d 5c]
Seat 1: ab602578 won ($4.31)
Seat 2: f68735f8 folded on the River
Seat 3: 36e40870 (button) folded before Flop (didn't bet)
Seat 4: Hero (small blind) folded before Flop
Seat 5: 2967ee6b (big blind) folded before Flop
Seat 6: b0c20a9e folded before Flop (didn't bet)


Poker Hand #HD1826762892: Hold'em No Limit ($0.05/$0.1) - 2024/06/22 18:16:48
Table 'NLHRed37' 6-max Seat #2 is the button
Seat 1: ab602578 ($10.17 in chips)
Seat 2: f68735f8 ($7.53 in chips)
Seat 3: 36e40870 ($27.86 in chips)
Seat 4: Hero ($10 in chips)
Seat 5: 2967ee6b ($10 in chips)
Seat 6: b0c20a9e ($11.61 in chips)
36e40870: posts small blind $0.05
Hero: posts big blind $0.1
*** HOLE CARDS ***
Dealt to ab602578 
Dealt to f68735f8 
Dealt to 36e40870 
Dealt to Hero [Ah Th]
Dealt to 2967ee6b 
Dealt to b0c20a9e 
2967ee6b: raises $0.1 to $0.2
b0c20a9e: folds
ab602578: folds
f68735f8: folds
36e40870: folds
Hero: calls $0.1
*** FLOP *** [7d Td Jd]
Hero: checks
2967ee6b: checks
*** TURN *** [7d Td Jd] [Js]
Hero: bets $0.15
2967ee6b: folds
Uncalled bet ($0.15) returned to Hero
*** SHOWDOWN ***
Hero collected $0.43 from pot
*** SUMMARY ***
Total pot $0.45 | Rake $0.02 | Jackpot $0 | Bingo $0 | Fortune $0 | Tax $0
Board [7d Td Jd Js]
Seat 1: ab602578 folded before Flop (didn't bet)
Seat 2: f68735f8 (button) folded before Flop (didn't bet)
Seat 3: 36e40870 (small blind) folded before Flop
Seat 4: Hero (big blind) won ($0.43)
Seat 5: 2967ee6b folded on the Turn
Seat 6: b0c20a9e folded before Flop (didn't bet)


Poker Hand #HD1826762844: Hold'em No Limit ($0.05/$0.1) - 2024/06/22 18:16:27
Table 'NLHRed37' 6-max Seat #1 is the button
Seat 1: ab602578 ($10.17 in chips)
Seat 2: f68735f8 ($7.58 in chips)
Seat 3: 36e40870 ($27.96 in chips)
Seat 4: Hero ($10 in chips)
Seat 5: 2967ee6b ($10 in chips)
Seat 6: b0c20a9e ($11.28 in chips)
f68735f8: posts small blind $0.05
36e40870: posts big blind $0.1
*** HOLE CARDS ***
Dealt to ab602578 
Dealt to f68735f8 
Dealt to 36e40870 
Dealt to Hero [6s 4c]
Dealt to 2967ee6b 
Dealt to b0c20a9e 
Hero: folds
2967ee6b: raises $0.1 to $0.2
b0c20a9e: raises $0.4 to $0.6
ab602578: folds
f68735f8: folds
36e40870: folds
2967ee6b: folds
Uncalled bet ($0.4) returned to b0c20a9e
*** SHOWDOWN ***
b0c20a9e collected $0.53 from pot
*** SUMMARY ***
Total pot $0.55 | Rake $0.02 | Jackpot $0 | Bingo $0 | Fortune $0 | Tax $0
Seat 1: ab602578 (button) folded before Flop (didn't bet)
Seat 2: f68735f8 (small blind) folded before Flop
Seat 3: 36e40870 (big blind) folded before Flop
Seat 4: Hero folded before Flop (didn't bet)
Seat 5: 2967ee6b folded before Flop
Seat 6: b0c20a9e collected ($0.53)


Poker Hand #HD1826762760: Hold'em No Limit ($0.05/$0.1) - 2024/06/22 18:15:48
Table 'NLHRed37' 6-max Seat #6 is the button
Seat 1: ab602578 ($9.9 in chips)
Seat 2: f68735f8 ($7.88 in chips)
Seat 3: 36e40870 ($27.96 in chips)
Seat 4: Hero ($10 in chips)
Seat 5: 2967ee6b ($10 in chips)
Seat 6: b0c20a9e ($11.28 in chips)
ab602578: posts small blind $0.05
f68735f8: posts big blind $0.1
*** HOLE CARDS ***
Dealt to ab602578 
Dealt to f68735f8 
Dealt to 36e40870 
Dealt to Hero [5h 3s]
Dealt to 2967ee6b 
Dealt to b0c20a9e 
36e40870: folds
Hero: folds
2967ee6b: folds
b0c20a9e: folds
ab602578: raises $0.2 to $0.3
f68735f8: calls $0.2
*** FLOP *** [Js Ts 6c]
ab602578: bets $0.3
f68735f8: folds
Uncalled bet ($0.3) returned to ab602578
*** SHOWDOWN ***
ab602578 collected $0.57 from pot
*** SUMMARY ***
Total pot $0.6 | Rake $0.03 | Jackpot $0 | Bingo $0 | Fortune $0 | Tax $0
Board [Js Ts 6c]
Seat 1: ab602578 (small blind) won ($0.57)
Seat 2: f68735f8 (big blind) folded on the Flop
Seat 3: 36e40870 folded before Flop (didn't bet)
Seat 4: Hero folded before Flop (didn't bet)
Seat 5: 2967ee6b folded before Flop (didn't bet)
Seat 6: b0c20a9e (button) folded before Flop (didn't bet)


Poker Hand #HD1826762696: Hold'em No Limit ($0.05/$0.1) - 2024/06/22 18:15:17
Table 'NLHRed37' 6-max Seat #5 is the button
Seat 1: ab602578 ($10 in chips)
Seat 2: f68735f8 ($7.88 in chips)
Seat 3: 36e40870 ($29.06 in chips)
Seat 4: Hero ($10 in chips)
Seat 5: 2967ee6b ($10 in chips)
Seat 6: b0c20a9e ($10.19 in chips)
b0c20a9e: posts small blind $0.05
ab602578: posts big blind $0.1
*** HOLE CARDS ***
Dealt to ab602578 
Dealt to f68735f8 
Dealt to 36e40870 
Dealt to Hero [Th 6c]
Dealt to 2967ee6b 
Dealt to b0c20a9e 
f68735f8: folds
36e40870: raises $0.2 to $0.3
Hero: folds
2967ee6b: folds
b0c20a9e: raises $0.8 to $1.1
ab602578: folds
36e40870: calls $0.8
*** FLOP *** [2s 4c 5h]
b0c20a9e: bets $0.76
36e40870: folds
Uncalled bet ($0.76) returned to b0c20a9e
*** SHOWDOWN ***
b0c20a9e collected $2.19 from pot
*** SUMMARY ***
Total pot $2.3 | Rake $0.11 | Jackpot $0 | Bingo $0 | Fortune $0 | Tax $0
Board [2s 4c 5h]
Seat 1: ab602578 (big blind) folded before Flop
Seat 2: f68735f8 folded before Flop (didn't bet)
Seat 3: 36e40870 folded on the Flop
Seat 4: Hero folded before Flop (didn't bet)
Seat 5: 2967ee6b (button) folded before Flop (didn't bet)
Seat 6: b0c20a9e (small blind) won ($2.19)


Poker Hand #HD1826762638: Hold'em No Limit ($0.05/$0.1) - 2024/06/22 18:14:50
Table 'NLHRed37' 6-max Seat #4 is the button
Seat 1: ab602578 ($10 in chips)
Seat 2: f68735f8 ($7.88 in chips)
Seat 3: 36e40870 ($28.92 in chips)
Seat 4: Hero ($10 in chips)
Seat 5: 2967ee6b ($10 in chips)
Seat 6: b0c20a9e ($10.29 in chips)
2967ee6b: posts small blind $0.05
b0c20a9e: posts big blind $0.1
*** HOLE CARDS ***
Dealt to ab602578 
Dealt to f68735f8 
Dealt to 36e40870 
Dealt to Hero [2d 5s]
Dealt to 2967ee6b 
Dealt to b0c20a9e 
ab602578: folds
f68735f8: folds
36e40870: calls $0.1
Hero: folds
2967ee6b: folds
b0c20a9e: checks
*** FLOP *** [Ad 7s Kd]
b0c20a9e: checks
36e40870: bets $0.25
b0c20a9e: folds
Uncalled bet ($0.25) returned to 36e40870
*** SHOWDOWN ***
36e40870 collected $0.24 from pot
*** SUMMARY ***
Total pot $0.25 | Rake $0.01 | Jackpot $0 | Bingo $0 | Fortune $0 | Tax $0
Board [Ad 7s Kd]
Seat 1: ab602578 folded before Flop (didn't bet)
Seat 2: f68735f8 folded before Flop (didn't bet)
Seat 3: 36e40870 won ($0.24)
Seat 4: Hero (button) folded before Flop (didn't bet)
Seat 5: 2967ee6b (small blind) folded before Flop
Seat 6: b0c20a9e (big blind) folded on the Flop


Poker Hand #HD1826762568: Hold'em No Limit ($0.05/$0.1) - 2024/06/22 18:14:17
Table 'NLHRed37' 6-max Seat #3 is the button
Seat 1: ab602578 ($10 in chips)
Seat 2: f68735f8 ($7.88 in chips)
Seat 3: 36e40870 ($28.78 in chips)
Seat 4: Hero ($10 in chips)
Seat 5: 2967ee6b ($10 in chips)
Seat 6: b0c20a9e ($10.29 in chips)
Hero: posts small blind $0.05
2967ee6b: posts big blind $0.1
*** HOLE CARDS ***
Dealt to ab602578 
Dealt to f68735f8 
Dealt to 36e40870 
Dealt to Hero [2h Js]
Dealt to 2967ee6b 
Dealt to b0c20a9e 
b0c20a9e: folds
ab602578: folds
f68735f8: folds
36e40870: calls $0.1
Hero: folds
2967ee6b: checks
*** FLOP *** [As 5d 9c]
2967ee6b: checks
36e40870: checks
*** TURN *** [As 5d 9c] [6s]
2967ee6b: checks
36e40870: bets $0.25
2967ee6b: folds
Uncalled bet ($0.25) returned to 36e40870
*** SHOWDOWN ***
36e40870 collected $0.24 from pot
*** SUMMARY ***
Total pot $0.25 | Rake $0.01 | Jackpot $0 | Bingo $0 | Fortune $0 | Tax $0
Board [As 5d 9c 6s]
Seat 1: ab602578 folded before Flop (didn't bet)
Seat 2: f68735f8 folded before Flop (didn't bet)
Seat 3: 36e40870 (button) won ($0.24)
Seat 4: Hero (small blind) folded before Flop
Seat 5: 2967ee6b (big blind) folded on the Turn
Seat 6: b0c20a9e folded before Flop (didn't bet)


Poker Hand #HD1826762474: Hold'em No Limit ($0.05/$0.1) - 2024/06/22 18:13:36
Table 'NLHRed37' 6-max Seat #2 is the button
Seat 1: ab602578 ($10 in chips)
Seat 2: f68735f8 ($7.88 in chips)
Seat 3: 36e40870 ($28.99 in chips)
Seat 4: Hero ($10 in chips)
Seat 5: 2967ee6b ($10 in chips)
Seat 6: b0c20a9e ($10 in chips)
36e40870: posts small blind $0.05
Hero: posts big blind $0.1
*** HOLE CARDS ***
Dealt to ab602578 
Dealt to f68735f8 
Dealt to 36e40870 
Dealt to Hero [7c 3s]
Dealt to 2967ee6b 
Dealt to b0c20a9e 
2967ee6b: folds
b0c20a9e: raises $0.11 to $0.21
ab602578: folds
f68735f8: folds
36e40870: calls $0.16
Hero: folds
*** FLOP *** [Ad 7h Tc]
36e40870: checks
b0c20a9e: bets $0.35
36e40870: folds
Uncalled bet ($0.35) returned to b0c20a9e
*** SHOWDOWN ***
b0c20a9e collected $0.5 from pot
*** SUMMARY ***
Total pot $0.52 | Rake $0.02 | Jackpot $0 | Bingo $0 | Fortune $0 | Tax $0
Board [Ad 7h Tc]
Seat 1: ab602578 folded before Flop (didn't bet)
Seat 2: f68735f8 (button) folded before Flop (didn't bet)
Seat 3: 36e40870 (small blind) folded on the Flop
Seat 4: Hero (big blind) folded before Flop
Seat 5: 2967ee6b folded before Flop (didn't bet)
Seat 6: b0c20a9e won ($0.5)


Poker Hand #HD1826762320: Hold'em No Limit ($0.05/$0.1) - 2024/06/22 18:12:21
Table 'NLHRed37' 6-max Seat #1 is the button
Seat 1: ab602578 ($11.06 in chips)
Seat 2: f68735f8 ($7.93 in chips)
Seat 3: 36e40870 ($26.09 in chips)
Seat 4: Hero ($10 in chips)
Seat 5: 2967ee6b ($10 in chips)
Seat 6: b0c20a9e ($10.1 in chips)
f68735f8: posts small blind $0.05
36e40870: posts big blind $0.1
*** HOLE CARDS ***
Dealt to ab602578 
Dealt to f68735f8 
Dealt to 36e40870 
Dealt to Hero [3d 3s]
Dealt to 2967ee6b 
Dealt to b0c20a9e 
Hero: folds
2967ee6b: folds
b0c20a9e: raises $0.11 to $0.21
ab602578: raises $0.54 to $0.75
f68735f8: folds
36e40870: calls $0.65
b0c20a9e: calls $0.54
*** FLOP *** [4h 4d Td]
36e40870: checks
b0c20a9e: checks
ab602578: checks
*** TURN *** [4h 4d Td] [Qs]
36e40870: bets $1.73
b0c20a9e: folds
ab602578: calls $1.73
*** RIVER *** [4h 4d Td Qs] [5s]
36e40870: checks
ab602578: checks
36e40870: shows [9s Ts] (Pair of Tens and Pair of Fours)
ab602578: shows [6s 6d] (Pair of Sixes and Pair of Fours)
*** SHOWDOWN ***
36e40870 collected $5.38 from pot
*** SUMMARY ***
Total pot $5.76 | Rake $0.28 | Jackpot $0.1 | Bingo $0 | Fortune $0 | Tax $0
Board [4h 4d Td Qs 5s]
Seat 1: ab602578 (button) showed [6s 6d] and lost with Pair of Sixes and Pair of Fours
Seat 2: f68735f8 (small blind) folded before Flop
Seat 3: 36e40870 (big blind) showed [9s Ts] and won ($5.38) with Pair of Tens and Pair of Fours
Seat 4: Hero folded before Flop (didn't bet)
Seat 5: 2967ee6b folded before Flop (didn't bet)
Seat 6: b0c20a9e folded on the Turn


Poker Hand #HD1826762264: Hold'em No Limit ($0.05/$0.1) - 2024/06/22 18:11:52
Table 'NLHRed37' 6-max Seat #6 is the button
Seat 1: ab602578 ($11.11 in chips)
Seat 2: f68735f8 ($8.03 in chips)
Seat 3: 36e40870 ($25.95 in chips)
Seat 4: Hero ($10 in chips)
Seat 5: 2967ee6b ($10 in chips)
Seat 6: b0c20a9e ($10.1 in chips)
ab602578: posts small blind $0.05
f68735f8: posts big blind $0.1
*** HOLE CARDS ***
Dealt to ab602578 
Dealt to f68735f8 
Dealt to 36e40870 
Dealt to Hero [Jd 3s]
Dealt to 2967ee6b 
Dealt to b0c20a9e 
36e40870: calls $0.1
Hero: folds
2967ee6b: folds
b0c20a9e: folds
ab602578: folds
f68735f8: checks
*** FLOP *** [7s Js Ah]
f68735f8: checks
36e40870: bets $0.25
f68735f8: folds
Uncalled bet ($0.25) returned to 36e40870
*** SHOWDOWN ***
36e40870 collected $0.24 from pot
*** SUMMARY ***
Total pot $0.25 | Rake $0.01 | Jackpot $0 | Bingo $0 | Fortune $0 | Tax $0
Board [7s Js Ah]
Seat 1: ab602578 (small blind) folded before Flop
Seat 2: f68735f8 (big blind) folded on the Flop
Seat 3: 36e40870 won ($0.24)
Seat 4: Hero folded before Flop (didn't bet)
Seat 5: 2967ee6b folded before Flop (didn't bet)
Seat 6: b0c20a9e (button) folded before Flop (didn't bet)


Poker Hand #HD1826762204: Hold'em No Limit ($0.05/$0.1) - 2024/06/22 18:11:27
Table 'NLHRed37' 6-max Seat #5 is the button
Seat 1: ab602578 ($11.21 in chips)
Seat 2: f68735f8 ($8.03 in chips)
Seat 3: 36e40870 ($25.95 in chips)
Seat 4: Hero ($10 in chips)
Seat 5: 2967ee6b ($10 in chips)
Seat 6: b0c20a9e ($10 in chips)
b0c20a9e: posts small blind $0.05
ab602578: posts big blind $0.1
*** HOLE CARDS ***
Dealt to ab602578 
Dealt to f68735f8 
Dealt to 36e40870 
Dealt to Hero [4d 3d]
Dealt to 2967ee6b 
Dealt to b0c20a9e 
f68735f8: folds
36e40870: folds
Hero: folds
2967ee6b: folds
b0c20a9e: raises $0.17 to $0.27
ab602578: folds
Uncalled bet ($0.17) returned to b0c20a9e
*** SHOWDOWN ***
b0c20a9e collected $0.2 from pot
*** SUMMARY ***
Total pot $0.2 | Rake $0 | Jackpot $0 | Bingo $0 | Fortune $0 | Tax $0
Seat 1: ab602578 (big blind) folded before Flop
Seat 2: f68735f8 folded before Flop (didn't bet)
Seat 3: 36e40870 folded before Flop (didn't bet)
Seat 4: Hero folded before Flop (didn't bet)
Seat 5: 2967ee6b (button) folded before Flop (didn't bet)
Seat 6: b0c20a9e (small blind) collected ($0.2)


Poker Hand #HD1826762051: Hold'em No Limit ($0.05/$0.1) - 2024/06/22 18:10:18
Table 'NLHRed37' 6-max Seat #4 is the button
Seat 1: ab602578 ($11.21 in chips)
Seat 2: f68735f8 ($8.03 in chips)
Seat 3: 36e40870 ($25.41 in chips)
Seat 4: Hero ($10 in chips)
Seat 5: 2967ee6b ($10 in chips)
Seat 6: b0c20a9e ($10 in chips)
2967ee6b: posts small blind $0.05
b0c20a9e: posts big blind $0.1
*** HOLE CARDS ***
Dealt to ab602578 
Dealt to f68735f8 
Dealt to 36e40870 
Dealt to Hero [8h 2d]
Dealt to 2967ee6b 
Dealt to b0c20a9e 
ab602578: folds
f68735f8: folds
36e40870: calls $0.1
Hero: folds
2967ee6b: raises $0.2 to $0.3
b0c20a9e: folds
36e40870: calls $0.2
*** FLOP *** [6s Ah Kh]
2967ee6b: bets $0.19
36e40870: calls $0.19
*** TURN *** [6s Ah Kh] [Qd]
2967ee6b: checks
36e40870: bets $0.81
2967ee6b: folds
Uncalled bet ($0.81) returned to 36e40870
*** SHOWDOWN ***
36e40870 collected $1.03 from pot
*** SUMMARY ***
Total pot $1.08 | Rake $0.05 | Jackpot $0 | Bingo $0 | Fortune $0 | Tax $0
Board [6s Ah Kh Qd]
Seat 1: ab602578 folded before Flop (didn't bet)
Seat 2: f68735f8 folded before Flop (didn't bet)
Seat 3: 36e40870 won ($1.03)
Seat 4: Hero (button) folded before Flop (didn't bet)
Seat 5: 2967ee6b (small blind) folded on the Turn
Seat 6: b0c20a9e (big blind) folded before Flop


Poker Hand #HD1826761911: Hold'em No Limit ($0.05/$0.1) - 2024/06/22 18:09:17
Table 'NLHRed37' 6-max Seat #3 is the button
Seat 1: ab602578 ($11.43 in chips)
Seat 2: f68735f8 ($8.03 in chips)
Seat 3: 36e40870 ($24.95 in chips)
Seat 4: Hero ($10 in chips)
Seat 5: 2967ee6b ($10 in chips)
Hero: posts small blind $0.05
2967ee6b: posts big blind $0.1
*** HOLE CARDS ***
Dealt to ab602578 
Dealt to f68735f8 
Dealt to 36e40870 
Dealt to Hero [As 6c]
Dealt to 2967ee6b 
ab602578: raises $0.12 to $0.22
f68735f8: folds
36e40870: calls $0.22
Hero: folds
2967ee6b: calls $0.12
*** FLOP *** [Ah 9s 8c]
2967ee6b: checks
ab602578: checks
36e40870: checks
*** TURN *** [Ah 9s 8c] [9c]
2967ee6b: checks
ab602578: checks
36e40870: bets $0.54
2967ee6b: folds
ab602578: folds
Uncalled bet ($0.54) returned to 36e40870
*** SHOWDOWN ***
36e40870 collected $0.68 from pot
*** SUMMARY ***
Total pot $0.71 | Rake $0.03 | Jackpot $0 | Bingo $0 | Fortune $0 | Tax $0
Board [Ah 9s 8c 9c]
Seat 1: ab602578 folded on the Turn
Seat 2: f68735f8 folded before Flop (didn't bet)
Seat 3: 36e40870 (button) won ($0.68)
Seat 4: Hero (small blind) folded before Flop
Seat 5: 2967ee6b (big blind) folded on the Turn


Poker Hand #HD1826761817: Hold'em No Limit ($0.05/$0.1) - 2024/06/22 18:08:34
Table 'NLHRed37' 6-max Seat #2 is the button
Seat 1: ab602578 ($11.12 in chips)
Seat 2: f68735f8 ($8.03 in chips)
Seat 3: 36e40870 ($25.18 in chips)
Seat 4: Hero ($10 in chips)
Seat 5: 2967ee6b ($10 in chips)
36e40870: posts small blind $0.05
Hero: posts big blind $0.1
*** HOLE CARDS ***
Dealt to ab602578 
Dealt to f68735f8 
Dealt to 36e40870 
Dealt to Hero [5d 8h]
Dealt to 2967ee6b 
2967ee6b: folds
ab602578: raises $0.13 to $0.23
f68735f8: folds
36e40870: calls $0.18
Hero: folds
*** FLOP *** [Js 4c Ks]
36e40870: checks
ab602578: checks
*** TURN *** [Js 4c Ks] [5c]
36e40870: checks
ab602578: bets $0.73
36e40870: folds
Uncalled bet ($0.73) returned to ab602578
*** SHOWDOWN ***
ab602578 collected $0.54 from pot
*** SUMMARY ***
Total pot $0.56 | Rake $0.02 | Jackpot $0 | Bingo $0 | Fortune $0 | Tax $0
Board [Js 4c Ks 5c]
Seat 1: ab602578 won ($0.54)
Seat 2: f68735f8 (button) folded before Flop (didn't bet)
Seat 3: 36e40870 (small blind) folded on the Turn
Seat 4: Hero (big blind) folded before Flop
Seat 5: 2967ee6b folded before Flop (didn't bet)


