Poker Hand #RC2766102253: Hold'em No Limit ($0.05/$0.1) - 2024/08/02 11:32:35
Table 'RushAndCash19677513' 6-max Seat #1 is the button
Seat 1: 29a16c83 ($10 in chips)
Seat 2: ec6cb7b5 ($16.77 in chips)
Seat 3: 25fe1d4f ($13.11 in chips)
Seat 4: 62a3176a ($15.18 in chips)
Seat 5: 52f3b3f4 ($10 in chips)
Seat 6: Hero ($10.31 in chips)
ec6cb7b5: posts small blind $0.05
25fe1d4f: posts big blind $0.1
*** HOLE CARDS ***
Dealt to 29a16c83 
Dealt to ec6cb7b5 
Dealt to 25fe1d4f 
Dealt to 62a3176a 
Dealt to 52f3b3f4 
Dealt to Hero [Ad 3h]
62a3176a: raises $0.15 to $0.25
52f3b3f4: raises $0.59 to $0.84
Hero: folds
29a16c83: folds
ec6cb7b5: folds
25fe1d4f: folds
62a3176a: folds
Uncalled bet ($0.59) returned to 52f3b3f4
*** SHOWDOWN ***
52f3b3f4 collected $0.62 from pot
*** SUMMARY ***
Total pot $0.65 | Rake $0.03 | Jackpot $0 | Bingo $0 | Fortune $0 | Tax $0
Seat 1: 29a16c83 (button) folded before Flop (didn't bet)
Seat 2: ec6cb7b5 (small blind) folded before Flop
Seat 3: 25fe1d4f (big blind) folded before Flop
Seat 4: 62a3176a folded before Flop
Seat 5: 52f3b3f4 collected ($0.62)
Seat 6: Hero folded before Flop (didn't bet)


Poker Hand #RC2766102227: Hold'em No Limit ($0.05/$0.1) - 2024/08/02 11:32:31
Table 'RushAndCash19677487' 6-max Seat #1 is the button
Seat 1: Hero ($10.31 in chips)
Seat 2: f0389071 ($12.63 in chips)
Seat 3: 59cb980c ($5 in chips)
Seat 4: fec52810 ($10 in chips)
Seat 5: 37d1d1cd ($13.27 in chips)
Seat 6: 25fe1d4f ($13.11 in chips)
f0389071: posts small blind $0.05
59cb980c: posts big blind $0.1
*** HOLE CARDS ***
Dealt to Hero [4h 9h]
Dealt to f0389071 
Dealt to 59cb980c 
Dealt to fec52810 
Dealt to 37d1d1cd 
Dealt to 25fe1d4f 
fec52810: folds
37d1d1cd: raises $0.12 to $0.22
25fe1d4f: folds
Hero: folds
f0389071: folds
59cb980c: folds
Uncalled bet ($0.12) returned to 37d1d1cd
*** SHOWDOWN ***
37d1d1cd collected $0.25 from pot
*** SUMMARY ***
Total pot $0.25 | Rake $0 | Jackpot $0 | Bingo $0 | Fortune $0 | Tax $0
Seat 1: Hero (button) folded before Flop (didn't bet)
Seat 2: f0389071 (small blind) folded before Flop
Seat 3: 59cb980c (big blind) folded before Flop
Seat 4: fec52810 folded before Flop (didn't bet)
Seat 5: 37d1d1cd collected ($0.25)
Seat 6: 25fe1d4f folded before Flop (didn't bet)


Poker Hand #RC2766102200: Hold'em No Limit ($0.05/$0.1) - 2024/08/02 11:32:27
Table 'RushAndCash19677460' 6-max Seat #1 is the button
Seat 1: 7563ae19 ($1.85 in chips)
Seat 2: Hero ($10.36 in chips)
Seat 3: 1cfc820e ($10.34 in chips)
Seat 4: 25fe1d4f ($13.11 in chips)
Seat 5: ff632ee2 ($6.58 in chips)
Seat 6: 969e2626 ($13.28 in chips)
Hero: posts small blind $0.05
1cfc820e: posts big blind $0.1
*** HOLE CARDS ***
Dealt to 7563ae19 
Dealt to Hero [Td 6c]
Dealt to 1cfc820e 
Dealt to 25fe1d4f 
Dealt to ff632ee2 
Dealt to 969e2626 
25fe1d4f: folds
ff632ee2: raises $0.15 to $0.25
969e2626: folds
7563ae19: folds
Hero: folds
1cfc820e: folds
Uncalled bet ($0.15) returned to ff632ee2
*** SHOWDOWN ***
ff632ee2 collected $0.25 from pot
*** SUMMARY ***
Total pot $0.25 | Rake $0 | Jackpot $0 | Bingo $0 | Fortune $0 | Tax $0
Seat 1: 7563ae19 (button) folded before Flop (didn't bet)
Seat 2: Hero (small blind) folded before Flop
Seat 3: 1cfc820e (big blind) folded before Flop
Seat 4: 25fe1d4f folded before Flop (didn't bet)
Seat 5: ff632ee2 collected ($0.25)
Seat 6: 969e2626 folded before Flop (didn't bet)


Poker Hand #RC2766102128: Hold'em No Limit ($0.05/$0.1) - 2024/08/02 11:32:18
Table 'RushAndCash19677388' 6-max Seat #1 is the button
Seat 1: eb4ed90 ($10 in chips)
Seat 2: 116d4fce ($7.93 in chips)
Seat 3: Hero ($10.31 in chips)
Seat 4: 51787e78 ($29.74 in chips)
Seat 5: 253a12fe ($23.93 in chips)
Seat 6: 3c8bdee6 ($8.07 in chips)
116d4fce: posts small blind $0.05
Hero: posts big blind $0.1
*** HOLE CARDS ***
Dealt to eb4ed90 
Dealt to 116d4fce 
Dealt to Hero [Ks Jh]
Dealt to 51787e78 
Dealt to 253a12fe 
Dealt to 3c8bdee6 
51787e78: folds
253a12fe: folds
3c8bdee6: folds
eb4ed90: folds
116d4fce: folds
Uncalled bet ($0.05) returned to Hero
*** SHOWDOWN ***
Hero collected $0.1 from pot
*** SUMMARY ***
Total pot $0.1 | Rake $0 | Jackpot $0 | Bingo $0 | Fortune $0 | Tax $0
Seat 1: eb4ed90 (button) folded before Flop (didn't bet)
Seat 2: 116d4fce (small blind) folded before Flop
Seat 3: Hero (big blind) collected ($0.1)
Seat 4: 51787e78 folded before Flop (didn't bet)
Seat 5: 253a12fe folded before Flop (didn't bet)
Seat 6: 3c8bdee6 folded before Flop (didn't bet)


Poker Hand #RC2766102103: Hold'em No Limit ($0.05/$0.1) - 2024/08/02 11:32:14
Table 'RushAndCash19677363' 6-max Seat #1 is the button
Seat 1: d1addeeb ($11.34 in chips)
Seat 2: 5514f2f1 ($10.13 in chips)
Seat 3: 91f3e23f ($14.28 in chips)
Seat 4: Hero ($10.31 in chips)
Seat 5: cbf16bd ($14.81 in chips)
Seat 6: 2436e955 ($11.33 in chips)
5514f2f1: posts small blind $0.05
91f3e23f: posts big blind $0.1
*** HOLE CARDS ***
Dealt to d1addeeb 
Dealt to 5514f2f1 
Dealt to 91f3e23f 
Dealt to Hero [Jh 5d]
Dealt to cbf16bd 
Dealt to 2436e955 
Hero: folds
cbf16bd: folds
2436e955: folds
d1addeeb: folds
5514f2f1: folds
Uncalled bet ($0.05) returned to 91f3e23f
*** SHOWDOWN ***
91f3e23f collected $0.1 from pot
*** SUMMARY ***
Total pot $0.1 | Rake $0 | Jackpot $0 | Bingo $0 | Fortune $0 | Tax $0
Seat 1: d1addeeb (button) folded before Flop (didn't bet)
Seat 2: 5514f2f1 (small blind) folded before Flop
Seat 3: 91f3e23f (big blind) collected ($0.1)
Seat 4: Hero folded before Flop (didn't bet)
Seat 5: cbf16bd folded before Flop (didn't bet)
Seat 6: 2436e955 folded before Flop (didn't bet)


Poker Hand #RC2766102076: Hold'em No Limit ($0.05/$0.1) - 2024/08/02 11:32:10
Table 'RushAndCash19677336' 6-max Seat #1 is the button
Seat 1: b9e07ebb ($20.84 in chips)
Seat 2: ebe6cb81 ($8.29 in chips)
Seat 3: ff074227 ($13.17 in chips)
Seat 4: 1e529d98 ($11.93 in chips)
Seat 5: 31cef91 ($20.11 in chips)
Seat 6: Hero ($10.31 in chips)
ebe6cb81: posts small blind $0.05
ff074227: posts big blind $0.1
*** HOLE CARDS ***
Dealt to b9e07ebb 
Dealt to ebe6cb81 
Dealt to ff074227 
Dealt to 1e529d98 
Dealt to 31cef91 
Dealt to Hero [5s Tc]
1e529d98: raises $0.1 to $0.2
31cef91: folds
Hero: folds
b9e07ebb: folds
ebe6cb81: folds
ff074227: folds
Uncalled bet ($0.1) returned to 1e529d98
*** SHOWDOWN ***
1e529d98 collected $0.25 from pot
*** SUMMARY ***
Total pot $0.25 | Rake $0 | Jackpot $0 | Bingo $0 | Fortune $0 | Tax $0
Seat 1: b9e07ebb (button) folded before Flop (didn't bet)
Seat 2: ebe6cb81 (small blind) folded before Flop
Seat 3: ff074227 (big blind) folded before Flop
Seat 4: 1e529d98 collected ($0.25)
Seat 5: 31cef91 folded before Flop (didn't bet)
Seat 6: Hero folded before Flop (didn't bet)


Poker Hand #RC2766102001: Hold'em No Limit ($0.05/$0.1) - 2024/08/02 11:32:00
Table 'RushAndCash19677261' 6-max Seat #1 is the button
Seat 1: 11c23558 ($16.54 in chips)
Seat 2: c04f8d69 ($31.16 in chips)
Seat 3: f9aea41f ($18.87 in chips)
Seat 4: Hero ($10.16 in chips)
Seat 5: 64ed497f ($3.85 in chips)
Seat 6: d1650761 ($10 in chips)
c04f8d69: posts small blind $0.05
f9aea41f: posts big blind $0.1
*** HOLE CARDS ***
Dealt to 11c23558 
Dealt to c04f8d69 
Dealt to f9aea41f 
Dealt to Hero [Ah As]
Dealt to 64ed497f 
Dealt to d1650761 
Hero: raises $0.1 to $0.2
64ed497f: folds
d1650761: folds
11c23558: folds
c04f8d69: folds
f9aea41f: folds
Uncalled bet ($0.1) returned to Hero
*** SHOWDOWN ***
Hero collected $0.25 from pot
*** SUMMARY ***
Total pot $0.25 | Rake $0 | Jackpot $0 | Bingo $0 | Fortune $0 | Tax $0
Seat 1: 11c23558 (button) folded before Flop (didn't bet)
Seat 2: c04f8d69 (small blind) folded before Flop
Seat 3: f9aea41f (big blind) folded before Flop
Seat 4: Hero collected ($0.25)
Seat 5: 64ed497f folded before Flop (didn't bet)
Seat 6: d1650761 folded before Flop (didn't bet)


Poker Hand #RC2766101933: Hold'em No Limit ($0.05/$0.1) - 2024/08/02 11:31:51
Table 'RushAndCash19677193' 6-max Seat #1 is the button
Seat 1: 6b9fde5d ($26.26 in chips)
Seat 2: b184bed7 ($12.9 in chips)
Seat 3: d42c59f2 ($10 in chips)
Seat 4: 6081206 ($10.12 in chips)
Seat 5: Hero ($10.01 in chips)
Seat 6: 867e1e38 ($11.02 in chips)
Cash Drop to Pot : total $1 
b184bed7: posts small blind $0.05
d42c59f2: posts big blind $0.1
*** HOLE CARDS ***
Dealt to 6b9fde5d 
Dealt to b184bed7 
Dealt to d42c59f2 
Dealt to 6081206 
Dealt to Hero [Td 2h]
Dealt to 867e1e38 
6081206: folds
Hero: folds
867e1e38: raises $0.1 to $0.2
6b9fde5d: raises $26.06 to $26.26 and is all-in
b184bed7: folds
d42c59f2: folds
867e1e38: folds
Uncalled bet ($26.06) returned to 6b9fde5d
*** SHOWDOWN ***
6b9fde5d collected $1.48 from pot
*** SUMMARY ***
Total pot $1.55 | Rake $0.07 | Jackpot $0 | Bingo $0 | Fortune $0 | Tax $0
Seat 1: 6b9fde5d (button) collected ($1.48)
Seat 2: b184bed7 (small blind) folded before Flop
Seat 3: d42c59f2 (big blind) folded before Flop
Seat 4: 6081206 folded before Flop (didn't bet)
Seat 5: Hero folded before Flop (didn't bet)
Seat 6: 867e1e38 folded before Flop


Poker Hand #RC2766101906: Hold'em No Limit ($0.05/$0.1) - 2024/08/02 11:31:47
Table 'RushAndCash19677166' 6-max Seat #1 is the button
Seat 1: Hero ($10.01 in chips)
Seat 2: 7563ae19 ($2.23 in chips)
Seat 3: 486c56db ($10.73 in chips)
Seat 4: adf6a940 ($10 in chips)
Seat 5: 3862ce91 ($10.48 in chips)
Seat 6: d5e87bd3 ($10 in chips)
7563ae19: posts small blind $0.05
486c56db: posts big blind $0.1
*** HOLE CARDS ***
Dealt to Hero [2c 6s]
Dealt to 7563ae19 
Dealt to 486c56db 
Dealt to adf6a940 
Dealt to 3862ce91 
Dealt to d5e87bd3 
adf6a940: folds
3862ce91: folds
d5e87bd3: raises $0.1 to $0.2
Hero: folds
7563ae19: folds
486c56db: folds
Uncalled bet ($0.1) returned to d5e87bd3
*** SHOWDOWN ***
d5e87bd3 collected $0.25 from pot
*** SUMMARY ***
Total pot $0.25 | Rake $0 | Jackpot $0 | Bingo $0 | Fortune $0 | Tax $0
Seat 1: Hero (button) folded before Flop (didn't bet)
Seat 2: 7563ae19 (small blind) folded before Flop
Seat 3: 486c56db (big blind) folded before Flop
Seat 4: adf6a940 folded before Flop (didn't bet)
Seat 5: 3862ce91 folded before Flop (didn't bet)
Seat 6: d5e87bd3 collected ($0.25)


Poker Hand #RC2766101879: Hold'em No Limit ($0.05/$0.1) - 2024/08/02 11:31:44
Table 'RushAndCash19677139' 6-max Seat #1 is the button
Seat 1: e6f4d2a9 ($24.9 in chips)
Seat 2: Hero ($10.06 in chips)
Seat 3: 9c8597d2 ($11.23 in chips)
Seat 4: c100a381 ($11.89 in chips)
Seat 5: 79d47e1a ($11.77 in chips)
Seat 6: b509c265 ($5.92 in chips)
Hero: posts small blind $0.05
9c8597d2: posts big blind $0.1
*** HOLE CARDS ***
Dealt to e6f4d2a9 
Dealt to Hero [3s 4s]
Dealt to 9c8597d2 
Dealt to c100a381 
Dealt to 79d47e1a 
Dealt to b509c265 
c100a381: raises $0.1 to $0.2
79d47e1a: folds
b509c265: calls $0.2
e6f4d2a9: folds
Hero: folds
9c8597d2: folds
*** FLOP *** [Qh 8h 5c]
c100a381: bets $0.2
b509c265: calls $0.2
*** TURN *** [Qh 8h 5c] [8s]
c100a381: checks
b509c265: bets $0.72
c100a381: folds
Uncalled bet ($0.72) returned to b509c265
*** SHOWDOWN ***
b509c265 collected $0.91 from pot
*** SUMMARY ***
Total pot $0.95 | Rake $0.04 | Jackpot $0 | Bingo $0 | Fortune $0 | Tax $0
Board [Qh 8h 5c 8s]
Seat 1: e6f4d2a9 (button) folded before Flop (didn't bet)
Seat 2: Hero (small blind) folded before Flop
Seat 3: 9c8597d2 (big blind) folded before Flop
Seat 4: c100a381 folded on the Turn
Seat 5: 79d47e1a folded before Flop (didn't bet)
Seat 6: b509c265 won ($0.91)


Poker Hand #RC2766101849: Hold'em No Limit ($0.05/$0.1) - 2024/08/02 11:31:40
Table 'RushAndCash19677109' 6-max Seat #1 is the button
Seat 1: 3d2dd814 ($13.62 in chips)
Seat 2: 8b7f6f1 ($10 in chips)
Seat 3: Hero ($10.16 in chips)
Seat 4: 79522d3d ($10.29 in chips)
Seat 5: 30bc15d4 ($14.87 in chips)
Seat 6: 6dbcbd79 ($11.77 in chips)
8b7f6f1: posts small blind $0.05
Hero: posts big blind $0.1
*** HOLE CARDS ***
Dealt to 3d2dd814 
Dealt to 8b7f6f1 
Dealt to Hero [8h 9d]
Dealt to 79522d3d 
Dealt to 30bc15d4 
Dealt to 6dbcbd79 
79522d3d: folds
30bc15d4: folds
6dbcbd79: folds
3d2dd814: folds
8b7f6f1: folds
Uncalled bet ($0.05) returned to Hero
*** SHOWDOWN ***
Hero collected $0.1 from pot
*** SUMMARY ***
Total pot $0.1 | Rake $0 | Jackpot $0 | Bingo $0 | Fortune $0 | Tax $0
Seat 1: 3d2dd814 (button) folded before Flop (didn't bet)
Seat 2: 8b7f6f1 (small blind) folded before Flop
Seat 3: Hero (big blind) collected ($0.1)
Seat 4: 79522d3d folded before Flop (didn't bet)
Seat 5: 30bc15d4 folded before Flop (didn't bet)
Seat 6: 6dbcbd79 folded before Flop (didn't bet)


Poker Hand #RC2766101814: Hold'em No Limit ($0.05/$0.1) - 2024/08/02 11:31:35
Table 'RushAndCash19677074' 6-max Seat #1 is the button
Seat 1: 37d1d1cd ($13.27 in chips)
Seat 2: fc573a ($10.61 in chips)
Seat 3: 2d629a9c ($15.21 in chips)
Seat 4: 8214daa7 ($10.5 in chips)
Seat 5: Hero ($10.16 in chips)
Seat 6: 3c8bdee6 ($8.07 in chips)
fc573a: posts small blind $0.05
2d629a9c: posts big blind $0.1
*** HOLE CARDS ***
Dealt to 37d1d1cd 
Dealt to fc573a 
Dealt to 2d629a9c 
Dealt to 8214daa7 
Dealt to Hero [7c 5h]
Dealt to 3c8bdee6 
8214daa7: folds
Hero: folds
3c8bdee6: folds
37d1d1cd: raises $0.15 to $0.25
fc573a: folds
2d629a9c: folds
Uncalled bet ($0.15) returned to 37d1d1cd
*** SHOWDOWN ***
37d1d1cd collected $0.25 from pot
*** SUMMARY ***
Total pot $0.25 | Rake $0 | Jackpot $0 | Bingo $0 | Fortune $0 | Tax $0
Seat 1: 37d1d1cd (button) collected ($0.25)
Seat 2: fc573a (small blind) folded before Flop
Seat 3: 2d629a9c (big blind) folded before Flop
Seat 4: 8214daa7 folded before Flop (didn't bet)
Seat 5: Hero folded before Flop (didn't bet)
Seat 6: 3c8bdee6 folded before Flop (didn't bet)


Poker Hand #RC2766101791: Hold'em No Limit ($0.05/$0.1) - 2024/08/02 11:31:32
Table 'RushAndCash19677051' 6-max Seat #1 is the button
Seat 1: Hero ($10.16 in chips)
Seat 2: ced1980e ($14.6 in chips)
Seat 3: 3accd107 ($14.78 in chips)
Seat 4: fc573a ($10.61 in chips)
Seat 5: 5ea01403 ($28.6 in chips)
Seat 6: ba102060 ($11.85 in chips)
ced1980e: posts small blind $0.05
3accd107: posts big blind $0.1
*** HOLE CARDS ***
Dealt to Hero [4h 3c]
Dealt to ced1980e 
Dealt to 3accd107 
Dealt to fc573a 
Dealt to 5ea01403 
Dealt to ba102060 
fc573a: folds
5ea01403: folds
ba102060: folds
Hero: folds
ced1980e: raises $0.2 to $0.3
3accd107: folds
Uncalled bet ($0.2) returned to ced1980e
*** SHOWDOWN ***
ced1980e collected $0.2 from pot
*** SUMMARY ***
Total pot $0.2 | Rake $0 | Jackpot $0 | Bingo $0 | Fortune $0 | Tax $0
Seat 1: Hero (button) folded before Flop (didn't bet)
Seat 2: ced1980e (small blind) collected ($0.2)
Seat 3: 3accd107 (big blind) folded before Flop
Seat 4: fc573a folded before Flop (didn't bet)
Seat 5: 5ea01403 folded before Flop (didn't bet)
Seat 6: ba102060 folded before Flop (didn't bet)


Poker Hand #RC2766101766: Hold'em No Limit ($0.05/$0.1) - 2024/08/02 11:31:28
Table 'RushAndCash19677026' 6-max Seat #1 is the button
Seat 1: c9d830d2 ($9.31 in chips)
Seat 2: Hero ($10.21 in chips)
Seat 3: b912a729 ($15.52 in chips)
Seat 4: 41fc2aa3 ($11.71 in chips)
Seat 5: 5095a96 ($11.45 in chips)
Seat 6: ced1980e ($14.6 in chips)
Hero: posts small blind $0.05
b912a729: posts big blind $0.1
*** HOLE CARDS ***
Dealt to c9d830d2 
Dealt to Hero [5c 9s]
Dealt to b912a729 
Dealt to 41fc2aa3 
Dealt to 5095a96 
Dealt to ced1980e 
41fc2aa3: raises $0.1 to $0.2
5095a96: raises $0.45 to $0.65
ced1980e: folds
c9d830d2: folds
Hero: folds
b912a729: folds
41fc2aa3: raises $1.09 to $1.74
5095a96: calls $1.09
*** FLOP *** [4h 3d Th]
41fc2aa3: bets $0.8
5095a96: calls $0.8
*** TURN *** [4h 3d Th] [5s]
41fc2aa3: bets $1.73
5095a96: calls $1.73
*** RIVER *** [4h 3d Th 5s] [Td]
41fc2aa3: checks
5095a96: checks
41fc2aa3: shows [Qc Kh] (Pair of Tens)
5095a96: shows [Jc Jh] (Pair of Jacks and Pair of Tens)
*** SHOWDOWN ***
5095a96 collected $8.24 from pot
*** SUMMARY ***
Total pot $8.69 | Rake $0.3 | Jackpot $0.15 | Bingo $0 | Fortune $0 | Tax $0
Board [4h 3d Th 5s Td]
Seat 1: c9d830d2 (button) folded before Flop (didn't bet)
Seat 2: Hero (small blind) folded before Flop
Seat 3: b912a729 (big blind) folded before Flop
Seat 4: 41fc2aa3 showed [Qc Kh] and lost with Pair of Tens
Seat 5: 5095a96 showed [Jc Jh] and won ($8.24) with Pair of Jacks and Pair of Tens
Seat 6: ced1980e folded before Flop (didn't bet)


Poker Hand #RC2766101588: Hold'em No Limit ($0.05/$0.1) - 2024/08/02 11:31:05
Table 'RushAndCash19676848' 6-max Seat #1 is the button
Seat 1: 7a7a4c1c ($9.59 in chips)
Seat 2: 3dcda1fa ($11.75 in chips)
Seat 3: Hero ($10.46 in chips)
Seat 4: bd3fb8ef ($25.61 in chips)
Seat 5: 1db22533 ($10.93 in chips)
Seat 6: cb9e8e8b ($10.43 in chips)
3dcda1fa: posts small blind $0.05
Hero: posts big blind $0.1
*** HOLE CARDS ***
Dealt to 7a7a4c1c 
Dealt to 3dcda1fa 
Dealt to Hero [8c Ac]
Dealt to bd3fb8ef 
Dealt to 1db22533 
Dealt to cb9e8e8b 
bd3fb8ef: folds
1db22533: folds
cb9e8e8b: raises $0.15 to $0.25
7a7a4c1c: folds
3dcda1fa: folds
Hero: calls $0.15
*** FLOP *** [3h Ks 6s]
Hero: checks
cb9e8e8b: bets $0.42
Hero: folds
Uncalled bet ($0.42) returned to cb9e8e8b
*** SHOWDOWN ***
cb9e8e8b collected $0.53 from pot
*** SUMMARY ***
Total pot $0.55 | Rake $0.02 | Jackpot $0 | Bingo $0 | Fortune $0 | Tax $0
Board [3h Ks 6s]
Seat 1: 7a7a4c1c (button) folded before Flop (didn't bet)
Seat 2: 3dcda1fa (small blind) folded before Flop
Seat 3: Hero (big blind) folded on the Flop
Seat 4: bd3fb8ef folded before Flop (didn't bet)
Seat 5: 1db22533 folded before Flop (didn't bet)
Seat 6: cb9e8e8b won ($0.53)


Poker Hand #RC2766101564: Hold'em No Limit ($0.05/$0.1) - 2024/08/02 11:31:02
Table 'RushAndCash19676824' 6-max Seat #1 is the button
Seat 1: 6b9fde5d ($26.8 in chips)
Seat 2: 8b7f6f1 ($10 in chips)
Seat 3: ca1eb82a ($8.25 in chips)
Seat 4: Hero ($10.46 in chips)
Seat 5: c488756c ($11.48 in chips)
Seat 6: f6708672 ($14.62 in chips)
8b7f6f1: posts small blind $0.05
ca1eb82a: posts big blind $0.1
*** HOLE CARDS ***
Dealt to 6b9fde5d 
Dealt to 8b7f6f1 
Dealt to ca1eb82a 
Dealt to Hero [7h Th]
Dealt to c488756c 
Dealt to f6708672 
Hero: folds
c488756c: raises $0.1 to $0.2
f6708672: folds
6b9fde5d: folds
8b7f6f1: folds
ca1eb82a: raises $0.45 to $0.65
c488756c: calls $0.45
*** FLOP *** [4c 8c 6h]
ca1eb82a: bets $1.35
c488756c: calls $1.35
*** TURN *** [4c 8c 6h] [4s]
ca1eb82a: checks
c488756c: bets $2.23
ca1eb82a: folds
Uncalled bet ($2.23) returned to c488756c
*** SHOWDOWN ***
c488756c collected $3.71 from pot
*** SUMMARY ***
Total pot $4.05 | Rake $0.19 | Jackpot $0.15 | Bingo $0 | Fortune $0 | Tax $0
Board [4c 8c 6h 4s]
Seat 1: 6b9fde5d (button) folded before Flop (didn't bet)
Seat 2: 8b7f6f1 (small blind) folded before Flop
Seat 3: ca1eb82a (big blind) folded on the Turn
Seat 4: Hero folded before Flop (didn't bet)
Seat 5: c488756c won ($3.71)
Seat 6: f6708672 folded before Flop (didn't bet)


Poker Hand #RC2766101538: Hold'em No Limit ($0.05/$0.1) - 2024/08/02 11:30:59
Table 'RushAndCash19676798' 6-max Seat #1 is the button
Seat 1: c488756c ($11.48 in chips)
Seat 2: f73138ad ($10.35 in chips)
Seat 3: b5c11bef ($10 in chips)
Seat 4: Hero ($10.46 in chips)
Seat 5: a8fc2290 ($15.72 in chips)
Seat 6: 15e0337c ($16.11 in chips)
f73138ad: posts small blind $0.05
b5c11bef: posts big blind $0.1
*** HOLE CARDS ***
Dealt to c488756c 
Dealt to f73138ad 
Dealt to b5c11bef 
Dealt to Hero [Tc 5d]
Dealt to a8fc2290 
Dealt to 15e0337c 
Hero: folds
a8fc2290: folds
15e0337c: raises $0.1 to $0.2
c488756c: folds
f73138ad: folds
b5c11bef: calls $0.1
*** FLOP *** [9h 3s 4d]
b5c11bef: checks
15e0337c: bets $0.15
b5c11bef: calls $0.15
*** TURN *** [9h 3s 4d] [6c]
b5c11bef: checks
15e0337c: bets $0.48
b5c11bef: folds
Uncalled bet ($0.48) returned to 15e0337c
*** SHOWDOWN ***
15e0337c collected $0.72 from pot
*** SUMMARY ***
Total pot $0.75 | Rake $0.03 | Jackpot $0 | Bingo $0 | Fortune $0 | Tax $0
Board [9h 3s 4d 6c]
Seat 1: c488756c (button) folded before Flop (didn't bet)
Seat 2: f73138ad (small blind) folded before Flop
Seat 3: b5c11bef (big blind) folded on the Turn
Seat 4: Hero folded before Flop (didn't bet)
Seat 5: a8fc2290 folded before Flop (didn't bet)
Seat 6: 15e0337c won ($0.72)


Poker Hand #RC2766101224: Hold'em No Limit ($0.05/$0.1) - 2024/08/02 11:30:17
Table 'RushAndCash19676484' 6-max Seat #1 is the button
Seat 1: de5c9d21 ($12.3 in chips)
Seat 2: 4cb30a1 ($13.12 in chips)
Seat 3: c6838e41 ($10 in chips)
Seat 4: Hero ($10.05 in chips)
Seat 5: b33229f ($8.47 in chips)
Seat 6: a6aaee7d ($11.03 in chips)
4cb30a1: posts small blind $0.05
c6838e41: posts big blind $0.1
*** HOLE CARDS ***
Dealt to de5c9d21 
Dealt to 4cb30a1 
Dealt to c6838e41 
Dealt to Hero [9d Ad]
Dealt to b33229f 
Dealt to a6aaee7d 
Hero: raises $0.1 to $0.2
b33229f: folds
a6aaee7d: folds
de5c9d21: folds
4cb30a1: folds
c6838e41: calls $0.1
*** FLOP *** [2h 4d 7s]
c6838e41: checks
Hero: checks
*** TURN *** [2h 4d 7s] [Kh]
c6838e41: checks
Hero: bets $0.2
c6838e41: calls $0.2
*** RIVER *** [2h 4d 7s Kh] [4s]
c6838e41: checks
Hero: checks
c6838e41: shows [6h Qh] (Pair of Fours)
Hero: shows [9d Ad] (Pair of Fours)
*** SHOWDOWN ***
Hero collected $0.81 from pot
*** SUMMARY ***
Total pot $0.85 | Rake $0.04 | Jackpot $0 | Bingo $0 | Fortune $0 | Tax $0
Board [2h 4d 7s Kh 4s]
Seat 1: de5c9d21 (button) folded before Flop (didn't bet)
Seat 2: 4cb30a1 (small blind) folded before Flop
Seat 3: c6838e41 (big blind) showed [6h Qh] and lost with Pair of Fours
Seat 4: Hero showed [9d Ad] and won ($0.81) with Pair of Fours
Seat 5: b33229f folded before Flop (didn't bet)
Seat 6: a6aaee7d folded before Flop (didn't bet)


Poker Hand #RC2766101193: Hold'em No Limit ($0.05/$0.1) - 2024/08/02 11:30:13
Table 'RushAndCash19676453' 6-max Seat #1 is the button
Seat 1: 76471903 ($15.96 in chips)
Seat 2: 18159279 ($10 in chips)
Seat 3: d6cf0310 ($11.18 in chips)
Seat 4: c10fba63 ($11.49 in chips)
Seat 5: b5448711 ($31.59 in chips)
Seat 6: Hero ($10.05 in chips)
18159279: posts small blind $0.05
d6cf0310: posts big blind $0.1
*** HOLE CARDS ***
Dealt to 76471903 
Dealt to 18159279 
Dealt to d6cf0310 
Dealt to c10fba63 
Dealt to b5448711 
Dealt to Hero [3h 8h]
c10fba63: raises $0.14 to $0.24
b5448711: folds
Hero: folds
76471903: folds
18159279: folds
d6cf0310: calls $0.14
*** FLOP *** [Kh 8c 5c]
d6cf0310: checks
c10fba63: bets $0.18
d6cf0310: raises $0.67 to $0.85
c10fba63: folds
Uncalled bet ($0.67) returned to d6cf0310
*** SHOWDOWN ***
d6cf0310 collected $0.85 from pot
*** SUMMARY ***
Total pot $0.89 | Rake $0.04 | Jackpot $0 | Bingo $0 | Fortune $0 | Tax $0
Board [Kh 8c 5c]
Seat 1: 76471903 (button) folded before Flop (didn't bet)
Seat 2: 18159279 (small blind) folded before Flop
Seat 3: d6cf0310 (big blind) won ($0.85)
Seat 4: c10fba63 folded on the Flop
Seat 5: b5448711 folded before Flop (didn't bet)
Seat 6: Hero folded before Flop (didn't bet)


Poker Hand #RC2766101163: Hold'em No Limit ($0.05/$0.1) - 2024/08/02 11:30:10
Table 'RushAndCash19676423' 6-max Seat #1 is the button
Seat 1: Hero ($10.05 in chips)
Seat 2: 82970e4f ($10.74 in chips)
Seat 3: 4be882b5 ($5.06 in chips)
Seat 4: fa4854a2 ($10 in chips)
Seat 5: ebe6cb81 ($9.04 in chips)
Seat 6: 26502f49 ($30.25 in chips)
82970e4f: posts small blind $0.05
4be882b5: posts big blind $0.1
*** HOLE CARDS ***
Dealt to Hero [5c 4h]
Dealt to 82970e4f 
Dealt to 4be882b5 
Dealt to fa4854a2 
Dealt to ebe6cb81 
Dealt to 26502f49 
fa4854a2: raises $0.2 to $0.3
ebe6cb81: folds
26502f49: folds
Hero: folds
82970e4f: folds
4be882b5: folds
Uncalled bet ($0.2) returned to fa4854a2
*** SHOWDOWN ***
fa4854a2 collected $0.25 from pot
*** SUMMARY ***
Total pot $0.25 | Rake $0 | Jackpot $0 | Bingo $0 | Fortune $0 | Tax $0
Seat 1: Hero (button) folded before Flop (didn't bet)
Seat 2: 82970e4f (small blind) folded before Flop
Seat 3: 4be882b5 (big blind) folded before Flop
Seat 4: fa4854a2 collected ($0.25)
Seat 5: ebe6cb81 folded before Flop (didn't bet)
Seat 6: 26502f49 folded before Flop (didn't bet)


Poker Hand #RC2766101103: Hold'em No Limit ($0.05/$0.1) - 2024/08/02 11:30:01
Table 'RushAndCash19676363' 6-max Seat #1 is the button
Seat 1: a44ffc89 ($14 in chips)
Seat 2: 880072b1 ($10.05 in chips)
Seat 3: Hero ($10 in chips)
Seat 4: 4cd78b7 ($10 in chips)
Seat 5: 80d1b016 ($10.89 in chips)
Seat 6: 6f1dbb0d ($10.58 in chips)
880072b1: posts small blind $0.05
Hero: posts big blind $0.1
*** HOLE CARDS ***
Dealt to a44ffc89 
Dealt to 880072b1 
Dealt to Hero [Js Qh]
Dealt to 4cd78b7 
Dealt to 80d1b016 
Dealt to 6f1dbb0d 
4cd78b7: folds
80d1b016: folds
6f1dbb0d: folds
a44ffc89: folds
880072b1: folds
Uncalled bet ($0.05) returned to Hero
*** SHOWDOWN ***
Hero collected $0.1 from pot
*** SUMMARY ***
Total pot $0.1 | Rake $0 | Jackpot $0 | Bingo $0 | Fortune $0 | Tax $0
Seat 1: a44ffc89 (button) folded before Flop (didn't bet)
Seat 2: 880072b1 (small blind) folded before Flop
Seat 3: Hero (big blind) collected ($0.1)
Seat 4: 4cd78b7 folded before Flop (didn't bet)
Seat 5: 80d1b016 folded before Flop (didn't bet)
Seat 6: 6f1dbb0d folded before Flop (didn't bet)


Poker Hand #RC2766101076: Hold'em No Limit ($0.05/$0.1) - 2024/08/02 11:29:58
Table 'RushAndCash19676336' 6-max Seat #1 is the button
Seat 1: c8712fc2 ($10 in chips)
Seat 2: Hero ($10 in chips)
Seat 3: eb0173ac ($10.1 in chips)
Seat 4: c2ccb554 ($10.32 in chips)
Seat 5: 7ed748eb ($14.81 in chips)
Seat 6: a32b6964 ($13.73 in chips)
Hero: posts small blind $0.05
eb0173ac: posts big blind $0.1
*** HOLE CARDS ***
Dealt to c8712fc2 
Dealt to Hero [9d Tc]
Dealt to eb0173ac 
Dealt to c2ccb554 
Dealt to 7ed748eb 
Dealt to a32b6964 
c2ccb554: folds
7ed748eb: folds
a32b6964: folds
c8712fc2: folds
Hero: folds
Uncalled bet ($0.05) returned to eb0173ac
*** SHOWDOWN ***
eb0173ac collected $0.1 from pot
*** SUMMARY ***
Total pot $0.1 | Rake $0 | Jackpot $0 | Bingo $0 | Fortune $0 | Tax $0
Seat 1: c8712fc2 (button) folded before Flop (didn't bet)
Seat 2: Hero (small blind) folded before Flop
Seat 3: eb0173ac (big blind) collected ($0.1)
Seat 4: c2ccb554 folded before Flop (didn't bet)
Seat 5: 7ed748eb folded before Flop (didn't bet)
Seat 6: a32b6964 folded before Flop (didn't bet)


Poker Hand #RC2766101033: Hold'em No Limit ($0.05/$0.1) - 2024/08/02 11:29:51
Table 'RushAndCash19676293' 6-max Seat #1 is the button
Seat 1: 74982d6d ($22.85 in chips)
Seat 2: 71e89abd ($10.59 in chips)
Seat 3: 30bc15d4 ($13.86 in chips)
Seat 4: 811cc3c3 ($10.47 in chips)
Seat 5: ea40cd73 ($6.62 in chips)
Seat 6: Hero ($10 in chips)
71e89abd: posts small blind $0.05
30bc15d4: posts big blind $0.1
*** HOLE CARDS ***
Dealt to 74982d6d 
Dealt to 71e89abd 
Dealt to 30bc15d4 
Dealt to 811cc3c3 
Dealt to ea40cd73 
Dealt to Hero [9d 7s]
811cc3c3: folds
ea40cd73: raises $0.1 to $0.2
Hero: folds
74982d6d: folds
71e89abd: folds
30bc15d4: folds
Uncalled bet ($0.1) returned to ea40cd73
*** SHOWDOWN ***
ea40cd73 collected $0.25 from pot
*** SUMMARY ***
Total pot $0.25 | Rake $0 | Jackpot $0 | Bingo $0 | Fortune $0 | Tax $0
Seat 1: 74982d6d (button) folded before Flop (didn't bet)
Seat 2: 71e89abd (small blind) folded before Flop
Seat 3: 30bc15d4 (big blind) folded before Flop
Seat 4: 811cc3c3 folded before Flop (didn't bet)
Seat 5: ea40cd73 collected ($0.25)
Seat 6: Hero folded before Flop (didn't bet)


Poker Hand #RC2766101013: Hold'em No Limit ($0.05/$0.1) - 2024/08/02 11:29:48
Table 'RushAndCash19676273' 6-max Seat #1 is the button
Seat 1: 39c4c863 ($18.6 in chips)
Seat 2: 373f3814 ($13.91 in chips)
Seat 3: b74f7c3c ($10.27 in chips)
Seat 4: Hero ($10 in chips)
Seat 5: 6107bb41 ($10.48 in chips)
Seat 6: 880072b1 ($10.15 in chips)
373f3814: posts small blind $0.05
b74f7c3c: posts big blind $0.1
*** HOLE CARDS ***
Dealt to 39c4c863 
Dealt to 373f3814 
Dealt to b74f7c3c 
Dealt to Hero [7c 4s]
Dealt to 6107bb41 
Dealt to 880072b1 
Hero: folds
6107bb41: folds
880072b1: folds
39c4c863: raises $0.15 to $0.25
373f3814: folds
b74f7c3c: calls $0.15
*** FLOP *** [3c 8s Qc]
b74f7c3c: checks
39c4c863: checks
*** TURN *** [3c 8s Qc] [Jd]
b74f7c3c: checks
39c4c863: checks
*** RIVER *** [3c 8s Qc Jd] [Jh]
b74f7c3c: checks
39c4c863: checks
b74f7c3c: shows [3d Ac] (Pair of Jacks and Pair of Treys)
39c4c863: shows [6h Kh] (Pair of Jacks)
*** SHOWDOWN ***
b74f7c3c collected $0.53 from pot
*** SUMMARY ***
Total pot $0.55 | Rake $0.02 | Jackpot $0 | Bingo $0 | Fortune $0 | Tax $0
Board [3c 8s Qc Jd Jh]
Seat 1: 39c4c863 (button) showed [6h Kh] and lost with Pair of Jacks
Seat 2: 373f3814 (small blind) folded before Flop
Seat 3: b74f7c3c (big blind) showed [3d Ac] and won ($0.53) with Pair of Jacks and Pair of Treys
Seat 4: Hero folded before Flop (didn't bet)
Seat 5: 6107bb41 folded before Flop (didn't bet)
Seat 6: 880072b1 folded before Flop (didn't bet)


Poker Hand #RC2766100987: Hold'em No Limit ($0.05/$0.1) - 2024/08/02 11:29:44
Table 'RushAndCash19676247' 6-max Seat #1 is the button
Seat 1: 1f774f82 ($10.05 in chips)
Seat 2: 80d1b016 ($10.94 in chips)
Seat 3: 5331d9c3 ($13.54 in chips)
Seat 4: 72082216 ($10 in chips)
Seat 5: 3615f3ec ($10.15 in chips)
Seat 6: Hero ($10 in chips)
80d1b016: posts small blind $0.05
5331d9c3: posts big blind $0.1
*** HOLE CARDS ***
Dealt to 1f774f82 
Dealt to 80d1b016 
Dealt to 5331d9c3 
Dealt to 72082216 
Dealt to 3615f3ec 
Dealt to Hero [2s Kh]
72082216: raises $0.11 to $0.21
3615f3ec: folds
Hero: folds
1f774f82: folds
80d1b016: folds
5331d9c3: raises $0.69 to $0.9
72082216: calls $0.69
*** FLOP *** [6c 2d Kd]
5331d9c3: checks
72082216: checks
*** TURN *** [6c 2d Kd] [Ac]
5331d9c3: checks
72082216: checks
*** RIVER *** [6c 2d Kd Ac] [5c]
5331d9c3: checks
72082216: checks
5331d9c3: shows [Jc Jh] (Pair of Jacks)
72082216: shows [8h Ah] (Pair of Aces)
*** SHOWDOWN ***
72082216 collected $1.76 from pot
*** SUMMARY ***
Total pot $1.85 | Rake $0.09 | Jackpot $0 | Bingo $0 | Fortune $0 | Tax $0
Board [6c 2d Kd Ac 5c]
Seat 1: 1f774f82 (button) folded before Flop (didn't bet)
Seat 2: 80d1b016 (small blind) folded before Flop
Seat 3: 5331d9c3 (big blind) showed [Jc Jh] and lost with Pair of Jacks
Seat 4: 72082216 showed [8h Ah] and won ($1.76) with Pair of Aces
Seat 5: 3615f3ec folded before Flop (didn't bet)
Seat 6: Hero folded before Flop (didn't bet)


Poker Hand #RC2766100943: Hold'em No Limit ($0.05/$0.1) - 2024/08/02 11:29:39
Table 'RushAndCash19676203' 6-max Seat #1 is the button
Seat 1: 8591bf71 ($10.66 in chips)
Seat 2: Hero ($10.05 in chips)
Seat 3: 67699d11 ($10.16 in chips)
Seat 4: 64ed497f ($5.29 in chips)
Seat 5: f7fd653 ($10.15 in chips)
Seat 6: dc1c6b6e ($18.93 in chips)
Hero: posts small blind $0.05
67699d11: posts big blind $0.1
*** HOLE CARDS ***
Dealt to 8591bf71 
Dealt to Hero [7h Kc]
Dealt to 67699d11 
Dealt to 64ed497f 
Dealt to f7fd653 
Dealt to dc1c6b6e 
64ed497f: folds
f7fd653: folds
dc1c6b6e: folds
8591bf71: raises $0.15 to $0.25
Hero: folds
67699d11: folds
Uncalled bet ($0.15) returned to 8591bf71
*** SHOWDOWN ***
8591bf71 collected $0.25 from pot
*** SUMMARY ***
Total pot $0.25 | Rake $0 | Jackpot $0 | Bingo $0 | Fortune $0 | Tax $0
Seat 1: 8591bf71 (button) collected ($0.25)
Seat 2: Hero (small blind) folded before Flop
Seat 3: 67699d11 (big blind) folded before Flop
Seat 4: 64ed497f folded before Flop (didn't bet)
Seat 5: f7fd653 folded before Flop (didn't bet)
Seat 6: dc1c6b6e folded before Flop (didn't bet)


Poker Hand #RC2766100915: Hold'em No Limit ($0.05/$0.1) - 2024/08/02 11:29:35
Table 'RushAndCash19676175' 6-max Seat #1 is the button
Seat 1: 2949cd4c ($12.39 in chips)
Seat 2: 9aa9ed14 ($10.18 in chips)
Seat 3: Hero ($10.15 in chips)
Seat 4: c1e8024e ($16.49 in chips)
Seat 5: b1f65af6 ($37.08 in chips)
Seat 6: ddde0159 ($10.33 in chips)
9aa9ed14: posts small blind $0.05
Hero: posts big blind $0.1
*** HOLE CARDS ***
Dealt to 2949cd4c 
Dealt to 9aa9ed14 
Dealt to Hero [Qd 5d]
Dealt to c1e8024e 
Dealt to b1f65af6 
Dealt to ddde0159 
c1e8024e: folds
b1f65af6: raises $0.1 to $0.2
ddde0159: folds
2949cd4c: folds
9aa9ed14: folds
Hero: folds
Uncalled bet ($0.1) returned to b1f65af6
*** SHOWDOWN ***
b1f65af6 collected $0.25 from pot
*** SUMMARY ***
Total pot $0.25 | Rake $0 | Jackpot $0 | Bingo $0 | Fortune $0 | Tax $0
Seat 1: 2949cd4c (button) folded before Flop (didn't bet)
Seat 2: 9aa9ed14 (small blind) folded before Flop
Seat 3: Hero (big blind) folded before Flop
Seat 4: c1e8024e folded before Flop (didn't bet)
Seat 5: b1f65af6 collected ($0.25)
Seat 6: ddde0159 folded before Flop (didn't bet)


Poker Hand #RC2766100867: Hold'em No Limit ($0.05/$0.1) - 2024/08/02 11:29:29
Table 'RushAndCash19676127' 6-max Seat #1 is the button
Seat 1: Hero ($10.15 in chips)
Seat 2: ef6bb733 ($29.71 in chips)
Seat 3: f57786f4 ($19.35 in chips)
Seat 4: 1521bb02 ($12.59 in chips)
Seat 5: 486c56db ($11.05 in chips)
Seat 6: b7c3b136 ($5.45 in chips)
ef6bb733: posts small blind $0.05
f57786f4: posts big blind $0.1
*** HOLE CARDS ***
Dealt to Hero [Ac 9d]
Dealt to ef6bb733 
Dealt to f57786f4 
Dealt to 1521bb02 
Dealt to 486c56db 
Dealt to b7c3b136 
1521bb02: folds
486c56db: folds
b7c3b136: folds
Hero: folds
ef6bb733: raises $0.2 to $0.3
f57786f4: calls $0.2
*** FLOP *** [Jd 2s 5d]
ef6bb733: bets $0.45
f57786f4: calls $0.45
*** TURN *** [Jd 2s 5d] [Ks]
ef6bb733: bets $1.13
f57786f4: folds
Uncalled bet ($1.13) returned to ef6bb733
*** SHOWDOWN ***
ef6bb733 collected $1.41 from pot
*** SUMMARY ***
Total pot $1.5 | Rake $0.09 | Jackpot $0 | Bingo $0 | Fortune $0 | Tax $0
Board [Jd 2s 5d Ks]
Seat 1: Hero (button) folded before Flop (didn't bet)
Seat 2: ef6bb733 (small blind) won ($1.41)
Seat 3: f57786f4 (big blind) folded on the Turn
Seat 4: 1521bb02 folded before Flop (didn't bet)
Seat 5: 486c56db folded before Flop (didn't bet)
Seat 6: b7c3b136 folded before Flop (didn't bet)


Poker Hand #RC2766100831: Hold'em No Limit ($0.05/$0.1) - 2024/08/02 11:29:24
Table 'RushAndCash19676091' 6-max Seat #1 is the button
Seat 1: 37397002 ($10 in chips)
Seat 2: 1cfc820e ($11.51 in chips)
Seat 3: 9aa9ed14 ($10.28 in chips)
Seat 4: 3862ce91 ($10.66 in chips)
Seat 5: 509575e8 ($5.32 in chips)
Seat 6: Hero ($10.15 in chips)
1cfc820e: posts small blind $0.05
9aa9ed14: posts big blind $0.1
*** HOLE CARDS ***
Dealt to 37397002 
Dealt to 1cfc820e 
Dealt to 9aa9ed14 
Dealt to 3862ce91 
Dealt to 509575e8 
Dealt to Hero [7s Kd]
3862ce91: folds
509575e8: raises $0.1 to $0.2
Hero: folds
37397002: folds
1cfc820e: folds
9aa9ed14: folds
Uncalled bet ($0.1) returned to 509575e8
*** SHOWDOWN ***
509575e8 collected $0.25 from pot
*** SUMMARY ***
Total pot $0.25 | Rake $0 | Jackpot $0 | Bingo $0 | Fortune $0 | Tax $0
Seat 1: 37397002 (button) folded before Flop (didn't bet)
Seat 2: 1cfc820e (small blind) folded before Flop
Seat 3: 9aa9ed14 (big blind) folded before Flop
Seat 4: 3862ce91 folded before Flop (didn't bet)
Seat 5: 509575e8 collected ($0.25)
Seat 6: Hero folded before Flop (didn't bet)


Poker Hand #RC2766100805: Hold'em No Limit ($0.05/$0.1) - 2024/08/02 11:29:21
Table 'RushAndCash19676065' 6-max Seat #1 is the button
Seat 1: bfb1df3c ($10.05 in chips)
Seat 2: ce995ab5 ($23.73 in chips)
Seat 3: f05cfcb4 ($10.9 in chips)
Seat 4: 80d1b016 ($10.94 in chips)
Seat 5: ca5ce4bc ($4.16 in chips)
Seat 6: Hero ($10.15 in chips)
ce995ab5: posts small blind $0.05
f05cfcb4: posts big blind $0.1
*** HOLE CARDS ***
Dealt to bfb1df3c 
Dealt to ce995ab5 
Dealt to f05cfcb4 
Dealt to 80d1b016 
Dealt to ca5ce4bc 
Dealt to Hero [3h 5c]
80d1b016: folds
ca5ce4bc: folds
Hero: folds
bfb1df3c: raises $0.12 to $0.22
ce995ab5: folds
f05cfcb4: calls $0.12
*** FLOP *** [5s Jh 3s]
f05cfcb4: checks
bfb1df3c: bets $0.17
f05cfcb4: folds
Uncalled bet ($0.17) returned to bfb1df3c
*** SHOWDOWN ***
bfb1df3c collected $0.47 from pot
*** SUMMARY ***
Total pot $0.49 | Rake $0.02 | Jackpot $0 | Bingo $0 | Fortune $0 | Tax $0
Board [5s Jh 3s]
Seat 1: bfb1df3c (button) won ($0.47)
Seat 2: ce995ab5 (small blind) folded before Flop
Seat 3: f05cfcb4 (big blind) folded on the Flop
Seat 4: 80d1b016 folded before Flop (didn't bet)
Seat 5: ca5ce4bc folded before Flop (didn't bet)
Seat 6: Hero folded before Flop (didn't bet)


Poker Hand #RC2766100768: Hold'em No Limit ($0.05/$0.1) - 2024/08/02 11:29:15
Table 'RushAndCash19676028' 6-max Seat #1 is the button
Seat 1: Hero ($10.15 in chips)
Seat 2: 22fd2bbe ($10.72 in chips)
Seat 3: 262d699 ($10.38 in chips)
Seat 4: 7ca7831 ($10.47 in chips)
Seat 5: 9670cfff ($17.82 in chips)
Seat 6: d1433732 ($10.15 in chips)
22fd2bbe: posts small blind $0.05
262d699: posts big blind $0.1
*** HOLE CARDS ***
Dealt to Hero [Kh 8s]
Dealt to 22fd2bbe 
Dealt to 262d699 
Dealt to 7ca7831 
Dealt to 9670cfff 
Dealt to d1433732 
7ca7831: folds
9670cfff: folds
d1433732: folds
Hero: folds
22fd2bbe: raises $0.2 to $0.3
262d699: folds
Uncalled bet ($0.2) returned to 22fd2bbe
*** SHOWDOWN ***
22fd2bbe collected $0.2 from pot
*** SUMMARY ***
Total pot $0.2 | Rake $0 | Jackpot $0 | Bingo $0 | Fortune $0 | Tax $0
Seat 1: Hero (button) folded before Flop (didn't bet)
Seat 2: 22fd2bbe (small blind) collected ($0.2)
Seat 3: 262d699 (big blind) folded before Flop
Seat 4: 7ca7831 folded before Flop (didn't bet)
Seat 5: 9670cfff folded before Flop (didn't bet)
Seat 6: d1433732 folded before Flop (didn't bet)


Poker Hand #RC2766100693: Hold'em No Limit ($0.05/$0.1) - 2024/08/02 11:29:06
Table 'RushAndCash19675953' 6-max Seat #1 is the button
Seat 1: eb0173ac ($10.3 in chips)
Seat 2: b96c624 ($20.46 in chips)
Seat 3: 6efaa2b ($10.56 in chips)
Seat 4: dd52cc53 ($16.55 in chips)
Seat 5: 84df184c ($10 in chips)
Seat 6: Hero ($10 in chips)
b96c624: posts small blind $0.05
6efaa2b: posts big blind $0.1
*** HOLE CARDS ***
Dealt to eb0173ac 
Dealt to b96c624 
Dealt to 6efaa2b 
Dealt to dd52cc53 
Dealt to 84df184c 
Dealt to Hero [3s 7c]
dd52cc53: folds
84df184c: raises $0.15 to $0.25
Hero: folds
eb0173ac: folds
b96c624: folds
6efaa2b: folds
Uncalled bet ($0.15) returned to 84df184c
*** SHOWDOWN ***
84df184c collected $0.25 from pot
*** SUMMARY ***
Total pot $0.25 | Rake $0 | Jackpot $0 | Bingo $0 | Fortune $0 | Tax $0
Seat 1: eb0173ac (button) folded before Flop (didn't bet)
Seat 2: b96c624 (small blind) folded before Flop
Seat 3: 6efaa2b (big blind) folded before Flop
Seat 4: dd52cc53 folded before Flop (didn't bet)
Seat 5: 84df184c collected ($0.25)
Seat 6: Hero folded before Flop (didn't bet)


Poker Hand #RC2766100666: Hold'em No Limit ($0.05/$0.1) - 2024/08/02 11:29:02
Table 'RushAndCash19675926' 6-max Seat #1 is the button
Seat 1: 50f1280 ($9.6 in chips)
Seat 2: Hero ($10 in chips)
Seat 3: d1433732 ($10 in chips)
Seat 4: 7a7a4c1c ($9.72 in chips)
Seat 5: 7360b578 ($11.83 in chips)
Seat 6: c228c2a0 ($5.97 in chips)
Hero: posts small blind $0.05
d1433732: posts big blind $0.1
*** HOLE CARDS ***
Dealt to 50f1280 
Dealt to Hero [4s 7h]
Dealt to d1433732 
Dealt to 7a7a4c1c 
Dealt to 7360b578 
Dealt to c228c2a0 
7a7a4c1c: folds
7360b578: folds
c228c2a0: folds
50f1280: folds
Hero: folds
Uncalled bet ($0.05) returned to d1433732
*** SHOWDOWN ***
d1433732 collected $0.1 from pot
*** SUMMARY ***
Total pot $0.1 | Rake $0 | Jackpot $0 | Bingo $0 | Fortune $0 | Tax $0
Seat 1: 50f1280 (button) folded before Flop (didn't bet)
Seat 2: Hero (small blind) folded before Flop
Seat 3: d1433732 (big blind) collected ($0.1)
Seat 4: 7a7a4c1c folded before Flop (didn't bet)
Seat 5: 7360b578 folded before Flop (didn't bet)
Seat 6: c228c2a0 folded before Flop (didn't bet)


Poker Hand #RC2766100641: Hold'em No Limit ($0.05/$0.1) - 2024/08/02 11:28:58
Table 'RushAndCash19675901' 6-max Seat #1 is the button
Seat 1: 31cef91 ($20.07 in chips)
Seat 2: fee31843 ($13.3 in chips)
Seat 3: Hero ($10 in chips)
Seat 4: 7565e60f ($10.03 in chips)
Seat 5: 3236846 ($12.55 in chips)
Seat 6: 543e3909 ($10.72 in chips)
fee31843: posts small blind $0.05
Hero: posts big blind $0.1
*** HOLE CARDS ***
Dealt to 31cef91 
Dealt to fee31843 
Dealt to Hero [6h 8d]
Dealt to 7565e60f 
Dealt to 3236846 
Dealt to 543e3909 
7565e60f: folds
3236846: folds
543e3909: folds
31cef91: folds
fee31843: folds
Uncalled bet ($0.05) returned to Hero
*** SHOWDOWN ***
Hero collected $0.1 from pot
*** SUMMARY ***
Total pot $0.1 | Rake $0 | Jackpot $0 | Bingo $0 | Fortune $0 | Tax $0
Seat 1: 31cef91 (button) folded before Flop (didn't bet)
Seat 2: fee31843 (small blind) folded before Flop
Seat 3: Hero (big blind) collected ($0.1)
Seat 4: 7565e60f folded before Flop (didn't bet)
Seat 5: 3236846 folded before Flop (didn't bet)
Seat 6: 543e3909 folded before Flop (didn't bet)


Poker Hand #RC2766100619: Hold'em No Limit ($0.05/$0.1) - 2024/08/02 11:28:55
Table 'RushAndCash19675879' 6-max Seat #1 is the button
Seat 1: ba527cf6 ($14.24 in chips)
Seat 2: a87e7fad ($33.01 in chips)
Seat 3: 57bca571 ($11.37 in chips)
Seat 4: b9e07ebb ($20.1 in chips)
Seat 5: Hero ($10 in chips)
Seat 6: d42c59f2 ($10 in chips)
a87e7fad: posts small blind $0.05
57bca571: posts big blind $0.1
*** HOLE CARDS ***
Dealt to ba527cf6 
Dealt to a87e7fad 
Dealt to 57bca571 
Dealt to b9e07ebb 
Dealt to Hero [2h Ks]
Dealt to d42c59f2 
b9e07ebb: folds
Hero: folds
d42c59f2: folds
ba527cf6: raises $0.1 to $0.2
a87e7fad: folds
57bca571: calls $0.1
*** FLOP *** [7s 6d 6c]
57bca571: checks
ba527cf6: checks
*** TURN *** [7s 6d 6c] [Js]
57bca571: bets $0.15
ba527cf6: calls $0.15
*** RIVER *** [7s 6d 6c Js] [5c]
57bca571: bets $0.38
ba527cf6: folds
Uncalled bet ($0.38) returned to 57bca571
*** SHOWDOWN ***
57bca571 collected $0.72 from pot
*** SUMMARY ***
Total pot $0.75 | Rake $0.03 | Jackpot $0 | Bingo $0 | Fortune $0 | Tax $0
Board [7s 6d 6c Js 5c]
Seat 1: ba527cf6 (button) folded on the River
Seat 2: a87e7fad (small blind) folded before Flop
Seat 3: 57bca571 (big blind) won ($0.72)
Seat 4: b9e07ebb folded before Flop (didn't bet)
Seat 5: Hero folded before Flop (didn't bet)
Seat 6: d42c59f2 folded before Flop (didn't bet)


Poker Hand #RC2766100593: Hold'em No Limit ($0.05/$0.1) - 2024/08/02 11:28:52
Table 'RushAndCash19675853' 6-max Seat #1 is the button
Seat 1: 4dedd1c2 ($10.2 in chips)
Seat 2: 781c8a00 ($11.45 in chips)
Seat 3: 20dff922 ($10 in chips)
Seat 4: 9fc0cbc2 ($10.15 in chips)
Seat 5: dc3a5b3d ($9.95 in chips)
Seat 6: Hero ($10 in chips)
781c8a00: posts small blind $0.05
20dff922: posts big blind $0.1
*** HOLE CARDS ***
Dealt to 4dedd1c2 
Dealt to 781c8a00 
Dealt to 20dff922 
Dealt to 9fc0cbc2 
Dealt to dc3a5b3d 
Dealt to Hero [7c Qh]
9fc0cbc2: folds
dc3a5b3d: raises $0.13 to $0.23
Hero: folds
4dedd1c2: folds
781c8a00: folds
20dff922: folds
Uncalled bet ($0.13) returned to dc3a5b3d
*** SHOWDOWN ***
dc3a5b3d collected $0.25 from pot
*** SUMMARY ***
Total pot $0.25 | Rake $0 | Jackpot $0 | Bingo $0 | Fortune $0 | Tax $0
Seat 1: 4dedd1c2 (button) folded before Flop (didn't bet)
Seat 2: 781c8a00 (small blind) folded before Flop
Seat 3: 20dff922 (big blind) folded before Flop
Seat 4: 9fc0cbc2 folded before Flop (didn't bet)
Seat 5: dc3a5b3d collected ($0.25)
Seat 6: Hero folded before Flop (didn't bet)


Poker Hand #RC2766100567: Hold'em No Limit ($0.05/$0.1) - 2024/08/02 11:28:48
Table 'RushAndCash19675827' 6-max Seat #1 is the button
Seat 1: 1c98eecb ($15.21 in chips)
Seat 2: 79d47e1a ($12.45 in chips)
Seat 3: 2dc2f9e8 ($10.21 in chips)
Seat 4: Hero ($10 in chips)
Seat 5: daf199d6 ($9.36 in chips)
Seat 6: 2e224143 ($10.12 in chips)
79d47e1a: posts small blind $0.05
2dc2f9e8: posts big blind $0.1
*** HOLE CARDS ***
Dealt to 1c98eecb 
Dealt to 79d47e1a 
Dealt to 2dc2f9e8 
Dealt to Hero [3s 5h]
Dealt to daf199d6 
Dealt to 2e224143 
Hero: folds
daf199d6: calls $0.1
2e224143: folds
1c98eecb: raises $0.18 to $0.28
79d47e1a: folds
2dc2f9e8: folds
daf199d6: calls $0.18
*** FLOP *** [Th 9s Tc]
daf199d6: checks
1c98eecb: checks
*** TURN *** [Th 9s Tc] [As]
daf199d6: checks
1c98eecb: bets $0.54
daf199d6: calls $0.54
*** RIVER *** [Th 9s Tc As] [7h]
daf199d6: checks
1c98eecb: checks
daf199d6: shows [Ts Jd] (Three Tens)
1c98eecb: shows [Js Ks] (Pair of Tens)
*** SHOWDOWN ***
daf199d6 collected $1.7 from pot
*** SUMMARY ***
Total pot $1.79 | Rake $0.09 | Jackpot $0 | Bingo $0 | Fortune $0 | Tax $0
Board [Th 9s Tc As 7h]
Seat 1: 1c98eecb (button) showed [Js Ks] and lost with Pair of Tens
Seat 2: 79d47e1a (small blind) folded before Flop
Seat 3: 2dc2f9e8 (big blind) folded before Flop
Seat 4: Hero folded before Flop (didn't bet)
Seat 5: daf199d6 showed [Ts Jd] and won ($1.7) with Three Tens
Seat 6: 2e224143 folded before Flop (didn't bet)


Poker Hand #RC2766100537: Hold'em No Limit ($0.05/$0.1) - 2024/08/02 11:28:44
Table 'RushAndCash19675797' 6-max Seat #1 is the button
Seat 1: 9807f282 ($10.02 in chips)
Seat 2: 7c341209 ($10.05 in chips)
Seat 3: d1650761 ($10.33 in chips)
Seat 4: eafcb8ce ($29.51 in chips)
Seat 5: 2c64ff1a ($11.3 in chips)
Seat 6: Hero ($10 in chips)
7c341209: posts small blind $0.05
d1650761: posts big blind $0.1
*** HOLE CARDS ***
Dealt to 9807f282 
Dealt to 7c341209 
Dealt to d1650761 
Dealt to eafcb8ce 
Dealt to 2c64ff1a 
Dealt to Hero [6h 7h]
eafcb8ce: folds
2c64ff1a: folds
Hero: folds
9807f282: folds
7c341209: folds
Uncalled bet ($0.05) returned to d1650761
*** SHOWDOWN ***
d1650761 collected $0.1 from pot
*** SUMMARY ***
Total pot $0.1 | Rake $0 | Jackpot $0 | Bingo $0 | Fortune $0 | Tax $0
Seat 1: 9807f282 (button) folded before Flop (didn't bet)
Seat 2: 7c341209 (small blind) folded before Flop
Seat 3: d1650761 (big blind) collected ($0.1)
Seat 4: eafcb8ce folded before Flop (didn't bet)
Seat 5: 2c64ff1a folded before Flop (didn't bet)
Seat 6: Hero folded before Flop (didn't bet)


Poker Hand #RC2766100510: Hold'em No Limit ($0.05/$0.1) - 2024/08/02 11:28:41
Table 'RushAndCash19675770' 6-max Seat #1 is the button
Seat 1: 8036083b ($17.06 in chips)
Seat 2: Hero ($10 in chips)
Seat 3: 7c341209 ($10.15 in chips)
Seat 4: b6ef32d8 ($10.73 in chips)
Seat 5: f2999605 ($10.88 in chips)
Seat 6: 1f774f82 ($10.05 in chips)
Hero: posts small blind $0.05
7c341209: posts big blind $0.1
*** HOLE CARDS ***
Dealt to 8036083b 
Dealt to Hero [2d 5s]
Dealt to 7c341209 
Dealt to b6ef32d8 
Dealt to f2999605 
Dealt to 1f774f82 
b6ef32d8: folds
f2999605: folds
1f774f82: raises $0.1 to $0.2
8036083b: folds
Hero: folds
7c341209: folds
Uncalled bet ($0.1) returned to 1f774f82
*** SHOWDOWN ***
1f774f82 collected $0.25 from pot
*** SUMMARY ***
Total pot $0.25 | Rake $0 | Jackpot $0 | Bingo $0 | Fortune $0 | Tax $0
Seat 1: 8036083b (button) folded before Flop (didn't bet)
Seat 2: Hero (small blind) folded before Flop
Seat 3: 7c341209 (big blind) folded before Flop
Seat 4: b6ef32d8 folded before Flop (didn't bet)
Seat 5: f2999605 folded before Flop (didn't bet)
Seat 6: 1f774f82 collected ($0.25)


Poker Hand #RC2766100478: Hold'em No Limit ($0.05/$0.1) - 2024/08/02 11:28:36
Table 'RushAndCash19675738' 6-max Seat #1 is the button
Seat 1: b5850f6f ($17.66 in chips)
Seat 2: 36fb1a35 ($12.51 in chips)
Seat 3: Hero ($10 in chips)
Seat 4: 22965e99 ($13.95 in chips)
Seat 5: a6065b32 ($11.61 in chips)
Seat 6: 27d651fe ($10.29 in chips)
36fb1a35: posts small blind $0.05
Hero: posts big blind $0.1
*** HOLE CARDS ***
Dealt to b5850f6f 
Dealt to 36fb1a35 
Dealt to Hero [Js 6c]
Dealt to 22965e99 
Dealt to a6065b32 
Dealt to 27d651fe 
22965e99: folds
a6065b32: raises $0.1 to $0.2
27d651fe: folds
b5850f6f: calls $0.2
36fb1a35: folds
Hero: folds
*** FLOP *** [7h Ac Qh]
a6065b32: bets $0.28
b5850f6f: calls $0.28
*** TURN *** [7h Ac Qh] [Ad]
a6065b32: bets $0.84
b5850f6f: calls $0.84
*** RIVER *** [7h Ac Qh Ad] [7d]
a6065b32: checks
b5850f6f: checks
a6065b32: shows [Kh 3h] (Pair of Aces and Pair of Sevens)
b5850f6f: shows [Ah Th] (Aces Full over Sevens)
*** SHOWDOWN ***
b5850f6f collected $2.65 from pot
*** SUMMARY ***
Total pot $2.79 | Rake $0.14 | Jackpot $0 | Bingo $0 | Fortune $0 | Tax $0
Board [7h Ac Qh Ad 7d]
Seat 1: b5850f6f (button) showed [Ah Th] and won ($2.65) with Aces Full over Sevens
Seat 2: 36fb1a35 (small blind) folded before Flop
Seat 3: Hero (big blind) folded before Flop
Seat 4: 22965e99 folded before Flop (didn't bet)
Seat 5: a6065b32 showed [Kh 3h] and lost with Pair of Aces and Pair of Sevens
Seat 6: 27d651fe folded before Flop (didn't bet)


Poker Hand #RC2766100455: Hold'em No Limit ($0.05/$0.1) - 2024/08/02 11:28:33
Table 'RushAndCash19675715' 6-max Seat #1 is the button
Seat 1: Hero ($10 in chips)
Seat 2: af13bbb4 ($14.17 in chips)
Seat 3: f551b6a7 ($19.62 in chips)
Seat 4: 3ecd60bf ($4.93 in chips)
Seat 5: ae3669ae ($18.36 in chips)
Seat 6: 61a25ffa ($24.33 in chips)
af13bbb4: posts small blind $0.05
f551b6a7: posts big blind $0.1
*** HOLE CARDS ***
Dealt to Hero [2h 7s]
Dealt to af13bbb4 
Dealt to f551b6a7 
Dealt to 3ecd60bf 
Dealt to ae3669ae 
Dealt to 61a25ffa 
3ecd60bf: folds
ae3669ae: folds
61a25ffa: folds
Hero: folds
af13bbb4: folds
Uncalled bet ($0.05) returned to f551b6a7
*** SHOWDOWN ***
f551b6a7 collected $0.1 from pot
*** SUMMARY ***
Total pot $0.1 | Rake $0 | Jackpot $0 | Bingo $0 | Fortune $0 | Tax $0
Seat 1: Hero (button) folded before Flop (didn't bet)
Seat 2: af13bbb4 (small blind) folded before Flop
Seat 3: f551b6a7 (big blind) collected ($0.1)
Seat 4: 3ecd60bf folded before Flop (didn't bet)
Seat 5: ae3669ae folded before Flop (didn't bet)
Seat 6: 61a25ffa folded before Flop (didn't bet)


Poker Hand #RC2766100432: Hold'em No Limit ($0.05/$0.1) - 2024/08/02 11:28:30
Table 'RushAndCash19675692' 6-max Seat #1 is the button
Seat 1: 68707f14 ($11.19 in chips)
Seat 2: 2f8447b1 ($10.74 in chips)
Seat 3: 2d629a9c ($14.09 in chips)
Seat 4: d348cc1f ($13.51 in chips)
Seat 5: f551b6a7 ($19.62 in chips)
Seat 6: Hero ($10 in chips)
2f8447b1: posts small blind $0.05
2d629a9c: posts big blind $0.1
*** HOLE CARDS ***
Dealt to 68707f14 
Dealt to 2f8447b1 
Dealt to 2d629a9c 
Dealt to d348cc1f 
Dealt to f551b6a7 
Dealt to Hero [2c Kh]
d348cc1f: folds
f551b6a7: folds
Hero: folds
68707f14: folds
2f8447b1: folds
Uncalled bet ($0.05) returned to 2d629a9c
*** SHOWDOWN ***
2d629a9c collected $0.1 from pot
*** SUMMARY ***
Total pot $0.1 | Rake $0 | Jackpot $0 | Bingo $0 | Fortune $0 | Tax $0
Seat 1: 68707f14 (button) folded before Flop (didn't bet)
Seat 2: 2f8447b1 (small blind) folded before Flop
Seat 3: 2d629a9c (big blind) collected ($0.1)
Seat 4: d348cc1f folded before Flop (didn't bet)
Seat 5: f551b6a7 folded before Flop (didn't bet)
Seat 6: Hero folded before Flop (didn't bet)


Poker Hand #RC2766100390: Hold'em No Limit ($0.05/$0.1) - 2024/08/02 11:28:23
Table 'RushAndCash19675650' 6-max Seat #1 is the button
Seat 1: ca5ce4bc ($4.26 in chips)
Seat 2: ce1597bf ($8.24 in chips)
Seat 3: ba102060 ($22.85 in chips)
Seat 4: c6838e41 ($10 in chips)
Seat 5: Hero ($10 in chips)
Seat 6: c18a269d ($11.93 in chips)
ce1597bf: posts small blind $0.05
ba102060: posts big blind $0.1
*** HOLE CARDS ***
Dealt to ca5ce4bc 
Dealt to ce1597bf 
Dealt to ba102060 
Dealt to c6838e41 
Dealt to Hero [6c 5d]
Dealt to c18a269d 
c6838e41: folds
Hero: folds
c18a269d: raises $0.15 to $0.25
ca5ce4bc: folds
ce1597bf: folds
ba102060: folds
Uncalled bet ($0.15) returned to c18a269d
*** SHOWDOWN ***
c18a269d collected $0.25 from pot
*** SUMMARY ***
Total pot $0.25 | Rake $0 | Jackpot $0 | Bingo $0 | Fortune $0 | Tax $0
Seat 1: ca5ce4bc (button) folded before Flop (didn't bet)
Seat 2: ce1597bf (small blind) folded before Flop
Seat 3: ba102060 (big blind) folded before Flop
Seat 4: c6838e41 folded before Flop (didn't bet)
Seat 5: Hero folded before Flop (didn't bet)
Seat 6: c18a269d collected ($0.25)


Poker Hand #RC2766100371: Hold'em No Limit ($0.05/$0.1) - 2024/08/02 11:28:19
Table 'RushAndCash19675631' 6-max Seat #1 is the button
Seat 1: de5ad537 ($9.55 in chips)
Seat 2: 7df6783e ($16.72 in chips)
Seat 3: 294f855a ($11.45 in chips)
Seat 4: Hero ($10 in chips)
Seat 5: e8c7fb54 ($10 in chips)
Seat 6: ba102060 ($22.85 in chips)
7df6783e: posts small blind $0.05
294f855a: posts big blind $0.1
*** HOLE CARDS ***
Dealt to de5ad537 
Dealt to 7df6783e 
Dealt to 294f855a 
Dealt to Hero [Jd 6c]
Dealt to e8c7fb54 
Dealt to ba102060 
Hero: folds
e8c7fb54: folds
ba102060: folds
de5ad537: folds
7df6783e: folds
Uncalled bet ($0.05) returned to 294f855a
*** SHOWDOWN ***
294f855a collected $0.1 from pot
*** SUMMARY ***
Total pot $0.1 | Rake $0 | Jackpot $0 | Bingo $0 | Fortune $0 | Tax $0
Seat 1: de5ad537 (button) folded before Flop (didn't bet)
Seat 2: 7df6783e (small blind) folded before Flop
Seat 3: 294f855a (big blind) collected ($0.1)
Seat 4: Hero folded before Flop (didn't bet)
Seat 5: e8c7fb54 folded before Flop (didn't bet)
Seat 6: ba102060 folded before Flop (didn't bet)


Poker Hand #RC2766100337: Hold'em No Limit ($0.05/$0.1) - 2024/08/02 11:28:14
Table 'RushAndCash19675597' 6-max Seat #1 is the button
Seat 1: 51571fdf ($17.83 in chips)
Seat 2: Hero ($10 in chips)
Seat 3: ce1597bf ($8.34 in chips)
Seat 4: e6781fa3 ($7.49 in chips)
Seat 5: e806732a ($15.73 in chips)
Seat 6: b870ae6a ($10 in chips)
Hero: posts small blind $0.05
ce1597bf: posts big blind $0.1
*** HOLE CARDS ***
Dealt to 51571fdf 
Dealt to Hero [3c 5d]
Dealt to ce1597bf 
Dealt to e6781fa3 
Dealt to e806732a 
Dealt to b870ae6a 
e6781fa3: folds
e806732a: folds
b870ae6a: raises $0.13 to $0.23
51571fdf: raises $0.46 to $0.69
Hero: folds
ce1597bf: folds
b870ae6a: folds
Uncalled bet ($0.46) returned to 51571fdf
*** SHOWDOWN ***
51571fdf collected $0.58 from pot
*** SUMMARY ***
Total pot $0.61 | Rake $0.03 | Jackpot $0 | Bingo $0 | Fortune $0 | Tax $0
Seat 1: 51571fdf (button) collected ($0.58)
Seat 2: Hero (small blind) folded before Flop
Seat 3: ce1597bf (big blind) folded before Flop
Seat 4: e6781fa3 folded before Flop (didn't bet)
Seat 5: e806732a folded before Flop (didn't bet)
Seat 6: b870ae6a folded before Flop


Poker Hand #RC2766100278: Hold'em No Limit ($0.05/$0.1) - 2024/08/02 11:28:06
Table 'RushAndCash19675538' 6-max Seat #1 is the button
Seat 1: b8569e39 ($13.69 in chips)
Seat 2: f11d426b ($23.59 in chips)
Seat 3: Hero ($10 in chips)
Seat 4: 80d1b016 ($11.54 in chips)
Seat 5: ca5ce4bc ($4.11 in chips)
Seat 6: 90ff1994 ($20.46 in chips)
f11d426b: posts small blind $0.05
Hero: posts big blind $0.1
*** HOLE CARDS ***
Dealt to b8569e39 
Dealt to f11d426b 
Dealt to Hero [8d Qh]
Dealt to 80d1b016 
Dealt to ca5ce4bc 
Dealt to 90ff1994 
80d1b016: folds
ca5ce4bc: raises $0.2 to $0.3
90ff1994: folds
b8569e39: folds
f11d426b: folds
Hero: folds
Uncalled bet ($0.2) returned to ca5ce4bc
*** SHOWDOWN ***
ca5ce4bc collected $0.25 from pot
*** SUMMARY ***
Total pot $0.25 | Rake $0 | Jackpot $0 | Bingo $0 | Fortune $0 | Tax $0
Seat 1: b8569e39 (button) folded before Flop (didn't bet)
Seat 2: f11d426b (small blind) folded before Flop
Seat 3: Hero (big blind) folded before Flop
Seat 4: 80d1b016 folded before Flop (didn't bet)
Seat 5: ca5ce4bc collected ($0.25)
Seat 6: 90ff1994 folded before Flop (didn't bet)


Poker Hand #RC2766100244: Hold'em No Limit ($0.05/$0.1) - 2024/08/02 11:28:01
Table 'RushAndCash19675504' 6-max Seat #1 is the button
Seat 1: Hero ($10 in chips)
Seat 2: 21128af7 ($19.55 in chips)
Seat 3: 76959e56 ($42.87 in chips)
Seat 4: f21c0afb ($7.39 in chips)
Seat 5: 4ce12a69 ($10.47 in chips)
Seat 6: 917f2f35 ($8.59 in chips)
21128af7: posts small blind $0.05
76959e56: posts big blind $0.1
*** HOLE CARDS ***
Dealt to Hero [2c 4h]
Dealt to 21128af7 
Dealt to 76959e56 
Dealt to f21c0afb 
Dealt to 4ce12a69 
Dealt to 917f2f35 
f21c0afb: folds
4ce12a69: folds
917f2f35: folds
Hero: folds
21128af7: folds
Uncalled bet ($0.05) returned to 76959e56
*** SHOWDOWN ***
76959e56 collected $0.1 from pot
*** SUMMARY ***
Total pot $0.1 | Rake $0 | Jackpot $0 | Bingo $0 | Fortune $0 | Tax $0
Seat 1: Hero (button) folded before Flop (didn't bet)
Seat 2: 21128af7 (small blind) folded before Flop
Seat 3: 76959e56 (big blind) collected ($0.1)
Seat 4: f21c0afb folded before Flop (didn't bet)
Seat 5: 4ce12a69 folded before Flop (didn't bet)
Seat 6: 917f2f35 folded before Flop (didn't bet)


Poker Hand #RC2766100221: Hold'em No Limit ($0.05/$0.1) - 2024/08/02 11:27:57
Table 'RushAndCash19675481' 6-max Seat #1 is the button
Seat 1: 4be882b5 ($4.65 in chips)
Seat 2: 26502f49 ($29.95 in chips)
Seat 3: f551b6a7 ($19.62 in chips)
Seat 4: Hero ($10 in chips)
Seat 5: badeb1fc ($21.8 in chips)
Seat 6: f3d828da ($10.04 in chips)
26502f49: posts small blind $0.05
f551b6a7: posts big blind $0.1
*** HOLE CARDS ***
Dealt to 4be882b5 
Dealt to 26502f49 
Dealt to f551b6a7 
Dealt to Hero [7c 6c]
Dealt to badeb1fc 
Dealt to f3d828da 
Hero: folds
badeb1fc: folds
f3d828da: folds
4be882b5: folds
26502f49: folds
Uncalled bet ($0.05) returned to f551b6a7
*** SHOWDOWN ***
f551b6a7 collected $0.1 from pot
*** SUMMARY ***
Total pot $0.1 | Rake $0 | Jackpot $0 | Bingo $0 | Fortune $0 | Tax $0
Seat 1: 4be882b5 (button) folded before Flop (didn't bet)
Seat 2: 26502f49 (small blind) folded before Flop
Seat 3: f551b6a7 (big blind) collected ($0.1)
Seat 4: Hero folded before Flop (didn't bet)
Seat 5: badeb1fc folded before Flop (didn't bet)
Seat 6: f3d828da folded before Flop (didn't bet)


Poker Hand #RC2766100170: Hold'em No Limit ($0.05/$0.1) - 2024/08/02 11:27:51
Table 'RushAndCash19675430' 6-max Seat #1 is the button
Seat 1: 7565e60f ($9.85 in chips)
Seat 2: dfbe8f53 ($16.39 in chips)
Seat 3: 4d23405e ($11.03 in chips)
Seat 4: c1ac16ce ($15.74 in chips)
Seat 5: Hero ($10 in chips)
Seat 6: de7ce564 ($10.46 in chips)
dfbe8f53: posts small blind $0.05
4d23405e: posts big blind $0.1
*** HOLE CARDS ***
Dealt to 7565e60f 
Dealt to dfbe8f53 
Dealt to 4d23405e 
Dealt to c1ac16ce 
Dealt to Hero [Qd Js]
Dealt to de7ce564 
c1ac16ce: raises $0.16 to $0.26
Hero: folds
de7ce564: folds
7565e60f: folds
dfbe8f53: raises $0.47 to $0.73
4d23405e: folds
c1ac16ce: raises $1.67 to $2.4
dfbe8f53: folds
Uncalled bet ($1.67) returned to c1ac16ce
*** SHOWDOWN ***
c1ac16ce collected $1.49 from pot
*** SUMMARY ***
Total pot $1.56 | Rake $0.07 | Jackpot $0 | Bingo $0 | Fortune $0 | Tax $0
Seat 1: 7565e60f (button) folded before Flop (didn't bet)
Seat 2: dfbe8f53 (small blind) folded before Flop
Seat 3: 4d23405e (big blind) folded before Flop
Seat 4: c1ac16ce collected ($1.49)
Seat 5: Hero folded before Flop (didn't bet)
Seat 6: de7ce564 folded before Flop (didn't bet)


Poker Hand #RC2766100128: Hold'em No Limit ($0.05/$0.1) - 2024/08/02 11:27:46
Table 'RushAndCash19675388' 6-max Seat #1 is the button
Seat 1: Hero ($10 in chips)
Seat 2: b72b10f9 ($10.08 in chips)
Seat 3: 2d629a9c ($14.44 in chips)
Seat 4: 2949cd4c ($10 in chips)
Seat 5: 875bcc22 ($10 in chips)
Seat 6: b7c3b136 ($5.07 in chips)
b72b10f9: posts small blind $0.05
2d629a9c: posts big blind $0.1
*** HOLE CARDS ***
Dealt to Hero [7h 2h]
Dealt to b72b10f9 
Dealt to 2d629a9c 
Dealt to 2949cd4c 
Dealt to 875bcc22 
Dealt to b7c3b136 
2949cd4c: folds
875bcc22: raises $0.1 to $0.2
b7c3b136: folds
Hero: folds
b72b10f9: folds
2d629a9c: folds
Uncalled bet ($0.1) returned to 875bcc22
*** SHOWDOWN ***
875bcc22 collected $0.25 from pot
*** SUMMARY ***
Total pot $0.25 | Rake $0 | Jackpot $0 | Bingo $0 | Fortune $0 | Tax $0
Seat 1: Hero (button) folded before Flop (didn't bet)
Seat 2: b72b10f9 (small blind) folded before Flop
Seat 3: 2d629a9c (big blind) folded before Flop
Seat 4: 2949cd4c folded before Flop (didn't bet)
Seat 5: 875bcc22 collected ($0.25)
Seat 6: b7c3b136 folded before Flop (didn't bet)


Poker Hand #RC2766100056: Hold'em No Limit ($0.05/$0.1) - 2024/08/02 11:27:36
Table 'RushAndCash19675316' 6-max Seat #1 is the button
Seat 1: 776b9aed ($10 in chips)
Seat 2: cdd9816a ($11.54 in chips)
Seat 3: Hero ($10.05 in chips)
Seat 4: 52f3b3f4 ($10.48 in chips)
Seat 5: f551b6a7 ($19.62 in chips)
Seat 6: 728bf6fe ($10.41 in chips)
cdd9816a: posts small blind $0.05
Hero: posts big blind $0.1
*** HOLE CARDS ***
Dealt to 776b9aed 
Dealt to cdd9816a 
Dealt to Hero [Jh 2d]
Dealt to 52f3b3f4 
Dealt to f551b6a7 
Dealt to 728bf6fe 
52f3b3f4: folds
f551b6a7: folds
728bf6fe: folds
776b9aed: raises $0.15 to $0.25
cdd9816a: folds
Hero: folds
Uncalled bet ($0.15) returned to 776b9aed
*** SHOWDOWN ***
776b9aed collected $0.25 from pot
*** SUMMARY ***
Total pot $0.25 | Rake $0 | Jackpot $0 | Bingo $0 | Fortune $0 | Tax $0
Seat 1: 776b9aed (button) collected ($0.25)
Seat 2: cdd9816a (small blind) folded before Flop
Seat 3: Hero (big blind) folded before Flop
Seat 4: 52f3b3f4 folded before Flop (didn't bet)
Seat 5: f551b6a7 folded before Flop (didn't bet)
Seat 6: 728bf6fe folded before Flop (didn't bet)


Poker Hand #RC2766100029: Hold'em No Limit ($0.05/$0.1) - 2024/08/02 11:27:33
Table 'RushAndCash19675289' 6-max Seat #1 is the button
Seat 1: 6ad17960 ($10.47 in chips)
Seat 2: Hero ($10.1 in chips)
Seat 3: ebe6cb81 ($10 in chips)
Seat 4: 21915e1f ($17.08 in chips)
Seat 5: 50036af0 ($62.13 in chips)
Seat 6: ba102060 ($22.7 in chips)
Hero: posts small blind $0.05
ebe6cb81: posts big blind $0.1
*** HOLE CARDS ***
Dealt to 6ad17960 
Dealt to Hero [As 3d]
Dealt to ebe6cb81 
Dealt to 21915e1f 
Dealt to 50036af0 
Dealt to ba102060 
21915e1f: folds
50036af0: folds
ba102060: folds
6ad17960: folds
Hero: folds
Uncalled bet ($0.05) returned to ebe6cb81
*** SHOWDOWN ***
ebe6cb81 collected $0.1 from pot
*** SUMMARY ***
Total pot $0.1 | Rake $0 | Jackpot $0 | Bingo $0 | Fortune $0 | Tax $0
Seat 1: 6ad17960 (button) folded before Flop (didn't bet)
Seat 2: Hero (small blind) folded before Flop
Seat 3: ebe6cb81 (big blind) collected ($0.1)
Seat 4: 21915e1f folded before Flop (didn't bet)
Seat 5: 50036af0 folded before Flop (didn't bet)
Seat 6: ba102060 folded before Flop (didn't bet)


Poker Hand #RC2766100004: Hold'em No Limit ($0.05/$0.1) - 2024/08/02 11:27:29
Table 'RushAndCash19675264' 6-max Seat #1 is the button
Seat 1: 386850bc ($23.85 in chips)
Seat 2: 1a532c20 ($14.98 in chips)
Seat 3: 8f2fea3e ($11.51 in chips)
Seat 4: 1446358e ($11.4 in chips)
Seat 5: Hero ($10.1 in chips)
Seat 6: 6ad17960 ($10.47 in chips)
1a532c20: posts small blind $0.05
8f2fea3e: posts big blind $0.1
*** HOLE CARDS ***
Dealt to 386850bc 
Dealt to 1a532c20 
Dealt to 8f2fea3e 
Dealt to 1446358e 
Dealt to Hero [2s Jd]
Dealt to 6ad17960 
1446358e: folds
Hero: folds
6ad17960: folds
386850bc: folds
1a532c20: folds
Uncalled bet ($0.05) returned to 8f2fea3e
*** SHOWDOWN ***
8f2fea3e collected $0.1 from pot
*** SUMMARY ***
Total pot $0.1 | Rake $0 | Jackpot $0 | Bingo $0 | Fortune $0 | Tax $0
Seat 1: 386850bc (button) folded before Flop (didn't bet)
Seat 2: 1a532c20 (small blind) folded before Flop
Seat 3: 8f2fea3e (big blind) collected ($0.1)
Seat 4: 1446358e folded before Flop (didn't bet)
Seat 5: Hero folded before Flop (didn't bet)
Seat 6: 6ad17960 folded before Flop (didn't bet)


Poker Hand #RC2766099978: Hold'em No Limit ($0.05/$0.1) - 2024/08/02 11:27:26
Table 'RushAndCash19675238' 6-max Seat #1 is the button
Seat 1: 9be853cb ($10.15 in chips)
Seat 2: ac34c377 ($10.15 in chips)
Seat 3: 67699d11 ($8.76 in chips)
Seat 4: d7caa94f ($10.16 in chips)
Seat 5: d5ee33c5 ($7.23 in chips)
Seat 6: Hero ($10.1 in chips)
ac34c377: posts small blind $0.05
67699d11: posts big blind $0.1
*** HOLE CARDS ***
Dealt to 9be853cb 
Dealt to ac34c377 
Dealt to 67699d11 
Dealt to d7caa94f 
Dealt to d5ee33c5 
Dealt to Hero [9s 2d]
d7caa94f: raises $0.15 to $0.25
d5ee33c5: folds
Hero: folds
9be853cb: folds
ac34c377: folds
67699d11: folds
Uncalled bet ($0.15) returned to d7caa94f
*** SHOWDOWN ***
d7caa94f collected $0.25 from pot
*** SUMMARY ***
Total pot $0.25 | Rake $0 | Jackpot $0 | Bingo $0 | Fortune $0 | Tax $0
Seat 1: 9be853cb (button) folded before Flop (didn't bet)
Seat 2: ac34c377 (small blind) folded before Flop
Seat 3: 67699d11 (big blind) folded before Flop
Seat 4: d7caa94f collected ($0.25)
Seat 5: d5ee33c5 folded before Flop (didn't bet)
Seat 6: Hero folded before Flop (didn't bet)


Poker Hand #RC2766099942: Hold'em No Limit ($0.05/$0.1) - 2024/08/02 11:27:21
Table 'RushAndCash19675202' 6-max Seat #1 is the button
Seat 1: 2f01db4f ($10.38 in chips)
Seat 2: f3d828da ($10.19 in chips)
Seat 3: e6f4d2a9 ($23.55 in chips)
Seat 4: c99a6c44 ($4.18 in chips)
Seat 5: Hero ($10.1 in chips)
Seat 6: 63617d5d ($19.82 in chips)
f3d828da: posts small blind $0.05
e6f4d2a9: posts big blind $0.1
*** HOLE CARDS ***
Dealt to 2f01db4f 
Dealt to f3d828da 
Dealt to e6f4d2a9 
Dealt to c99a6c44 
Dealt to Hero [Jc 4d]
Dealt to 63617d5d 
c99a6c44: folds
Hero: folds
63617d5d: raises $0.1 to $0.2
2f01db4f: folds
f3d828da: folds
e6f4d2a9: folds
Uncalled bet ($0.1) returned to 63617d5d
*** SHOWDOWN ***
63617d5d collected $0.25 from pot
*** SUMMARY ***
Total pot $0.25 | Rake $0 | Jackpot $0 | Bingo $0 | Fortune $0 | Tax $0
Seat 1: 2f01db4f (button) folded before Flop (didn't bet)
Seat 2: f3d828da (small blind) folded before Flop
Seat 3: e6f4d2a9 (big blind) folded before Flop
Seat 4: c99a6c44 folded before Flop (didn't bet)
Seat 5: Hero folded before Flop (didn't bet)
Seat 6: 63617d5d collected ($0.25)


Poker Hand #RC2766099588: Hold'em No Limit ($0.05/$0.1) - 2024/08/02 11:26:36
Table 'RushAndCash19674848' 6-max Seat #1 is the button
Seat 1: 8eed8009 ($10.31 in chips)
Seat 2: 1a532c20 ($15.13 in chips)
Seat 3: 25784e68 ($12.45 in chips)
Seat 4: c7a3db94 ($26.76 in chips)
Seat 5: 1f132347 ($10.54 in chips)
Seat 6: Hero ($10.34 in chips)
1a532c20: posts small blind $0.05
25784e68: posts big blind $0.1
*** HOLE CARDS ***
Dealt to 8eed8009 
Dealt to 1a532c20 
Dealt to 25784e68 
Dealt to c7a3db94 
Dealt to 1f132347 
Dealt to Hero [Td Kd]
c7a3db94: folds
1f132347: folds
Hero: raises $0.14 to $0.24
8eed8009: folds
1a532c20: folds
25784e68: calls $0.14
*** FLOP *** [Tc 3h Ah]
25784e68: checks
Hero: checks
*** TURN *** [Tc 3h Ah] [8h]
25784e68: bets $0.3
Hero: folds
Uncalled bet ($0.3) returned to 25784e68
*** SHOWDOWN ***
25784e68 collected $0.51 from pot
*** SUMMARY ***
Total pot $0.53 | Rake $0.02 | Jackpot $0 | Bingo $0 | Fortune $0 | Tax $0
Board [Tc 3h Ah 8h]
Seat 1: 8eed8009 (button) folded before Flop (didn't bet)
Seat 2: 1a532c20 (small blind) folded before Flop
Seat 3: 25784e68 (big blind) won ($0.51)
Seat 4: c7a3db94 folded before Flop (didn't bet)
Seat 5: 1f132347 folded before Flop (didn't bet)
Seat 6: Hero folded on the Turn


Poker Hand #RC2766099307: Hold'em No Limit ($0.05/$0.1) - 2024/08/02 11:26:01
Table 'RushAndCash19674567' 6-max Seat #1 is the button
Seat 1: Hero ($10 in chips)
Seat 2: 63410518 ($10.2 in chips)
Seat 3: 1abdc5f9 ($12.28 in chips)
Seat 4: 1249f8d4 ($22.42 in chips)
Seat 5: bb1cdbcb ($10.99 in chips)
Seat 6: a584c74a ($10 in chips)
63410518: posts small blind $0.05
1abdc5f9: posts big blind $0.1
*** HOLE CARDS ***
Dealt to Hero [As Ah]
Dealt to 63410518 
Dealt to 1abdc5f9 
Dealt to 1249f8d4 
Dealt to bb1cdbcb 
Dealt to a584c74a 
1249f8d4: folds
bb1cdbcb: folds
a584c74a: raises $0.12 to $0.22
Hero: raises $0.49 to $0.71
63410518: folds
1abdc5f9: folds
a584c74a: folds
Uncalled bet ($0.49) returned to Hero
*** SHOWDOWN ***
Hero collected $0.56 from pot
*** SUMMARY ***
Total pot $0.59 | Rake $0.03 | Jackpot $0 | Bingo $0 | Fortune $0 | Tax $0
Seat 1: Hero (button) collected ($0.56)
Seat 2: 63410518 (small blind) folded before Flop
Seat 3: 1abdc5f9 (big blind) folded before Flop
Seat 4: 1249f8d4 folded before Flop (didn't bet)
Seat 5: bb1cdbcb folded before Flop (didn't bet)
Seat 6: a584c74a folded before Flop


Poker Hand #RC2766099280: Hold'em No Limit ($0.05/$0.1) - 2024/08/02 11:25:57
Table 'RushAndCash19674540' 6-max Seat #1 is the button
Seat 1: f21c0afb ($9.48 in chips)
Seat 2: Hero ($10 in chips)
Seat 3: 31cef91 ($19.01 in chips)
Seat 4: bcdbe28b ($11.13 in chips)
Seat 5: c20ef2f3 ($11.69 in chips)
Seat 6: 51571fdf ($17.43 in chips)
Hero: posts small blind $0.05
31cef91: posts big blind $0.1
*** HOLE CARDS ***
Dealt to f21c0afb 
Dealt to Hero [2c 8s]
Dealt to 31cef91 
Dealt to bcdbe28b 
Dealt to c20ef2f3 
Dealt to 51571fdf 
bcdbe28b: folds
c20ef2f3: raises $0.1 to $0.2
51571fdf: raises $0.42 to $0.62
f21c0afb: folds
Hero: folds
31cef91: folds
c20ef2f3: raises $1.88 to $2.5
51571fdf: folds
Uncalled bet ($1.88) returned to c20ef2f3
*** SHOWDOWN ***
c20ef2f3 collected $1.32 from pot
*** SUMMARY ***
Total pot $1.39 | Rake $0.07 | Jackpot $0 | Bingo $0 | Fortune $0 | Tax $0
Seat 1: f21c0afb (button) folded before Flop (didn't bet)
Seat 2: Hero (small blind) folded before Flop
Seat 3: 31cef91 (big blind) folded before Flop
Seat 4: bcdbe28b folded before Flop (didn't bet)
Seat 5: c20ef2f3 collected ($1.32)
Seat 6: 51571fdf folded before Flop


Poker Hand #RC2766098860: Hold'em No Limit ($0.05/$0.1) - 2024/08/02 11:25:01
Table 'RushAndCash19674120' 6-max Seat #1 is the button
Seat 1: 48083a1e ($11.48 in chips)
Seat 2: b4afc497 ($10.05 in chips)
Seat 3: Hero ($10.15 in chips)
Seat 4: 67699d11 ($8.6 in chips)
Seat 5: 8177b6e4 ($10 in chips)
Seat 6: eb432f3a ($10 in chips)
b4afc497: posts small blind $0.05
Hero: posts big blind $0.1
*** HOLE CARDS ***
Dealt to 48083a1e 
Dealt to b4afc497 
Dealt to Hero [Th Jh]
Dealt to 67699d11 
Dealt to 8177b6e4 
Dealt to eb432f3a 
67699d11: folds
8177b6e4: folds
eb432f3a: folds
48083a1e: folds
b4afc497: raises $0.2 to $0.3
Hero: calls $0.2
*** FLOP *** [4h 6h 2s]
b4afc497: bets $0.45
Hero: calls $0.45
*** TURN *** [4h 6h 2s] [4c]
b4afc497: bets $1.13
Hero: calls $1.13
*** RIVER *** [4h 6h 2s 4c] [5s]
b4afc497: bets $8.17 and is all-in
Hero: folds
Uncalled bet ($8.17) returned to b4afc497
*** SHOWDOWN ***
b4afc497 collected $3.43 from pot
*** SUMMARY ***
Total pot $3.76 | Rake $0.18 | Jackpot $0.15 | Bingo $0 | Fortune $0 | Tax $0
Board [4h 6h 2s 4c 5s]
Seat 1: 48083a1e (button) folded before Flop (didn't bet)
Seat 2: b4afc497 (small blind) won ($3.43)
Seat 3: Hero (big blind) folded on the River
Seat 4: 67699d11 folded before Flop (didn't bet)
Seat 5: 8177b6e4 folded before Flop (didn't bet)
Seat 6: eb432f3a folded before Flop (didn't bet)


Poker Hand #RC2766098829: Hold'em No Limit ($0.05/$0.1) - 2024/08/02 11:24:58
Table 'RushAndCash19674089' 6-max Seat #1 is the button
Seat 1: ae3669ae ($18.61 in chips)
Seat 2: f27e2e28 ($10.19 in chips)
Seat 3: 3a6f4b8 ($10.01 in chips)
Seat 4: Hero ($10.15 in chips)
Seat 5: f80eeafb ($12.47 in chips)
Seat 6: d305896b ($11.68 in chips)
f27e2e28: posts small blind $0.05
3a6f4b8: posts big blind $0.1
*** HOLE CARDS ***
Dealt to ae3669ae 
Dealt to f27e2e28 
Dealt to 3a6f4b8 
Dealt to Hero [2c Jc]
Dealt to f80eeafb 
Dealt to d305896b 
Hero: folds
f80eeafb: raises $0.12 to $0.22
d305896b: folds
ae3669ae: folds
f27e2e28: calls $0.17
3a6f4b8: calls $0.12
*** FLOP *** [Qd Qs 6s]
f27e2e28: checks
3a6f4b8: checks
f80eeafb: checks
*** TURN *** [Qd Qs 6s] [6c]
f27e2e28: bets $0.22
3a6f4b8: calls $0.22
f80eeafb: folds
*** RIVER *** [Qd Qs 6s 6c] [4h]
f27e2e28: bets $0.2
3a6f4b8: raises $0.77 to $0.97
f27e2e28: folds
Uncalled bet ($0.77) returned to 3a6f4b8
*** SHOWDOWN ***
3a6f4b8 collected $1.43 from pot
*** SUMMARY ***
Total pot $1.5 | Rake $0.07 | Jackpot $0 | Bingo $0 | Fortune $0 | Tax $0
Board [Qd Qs 6s 6c 4h]
Seat 1: ae3669ae (button) folded before Flop (didn't bet)
Seat 2: f27e2e28 (small blind) folded on the River
Seat 3: 3a6f4b8 (big blind) won ($1.43)
Seat 4: Hero folded before Flop (didn't bet)
Seat 5: f80eeafb folded on the Turn
Seat 6: d305896b folded before Flop (didn't bet)


Poker Hand #RC2766098800: Hold'em No Limit ($0.05/$0.1) - 2024/08/02 11:24:54
Table 'RushAndCash19674060' 6-max Seat #1 is the button
Seat 1: f6708672 ($10.98 in chips)
Seat 2: b52ff236 ($19.28 in chips)
Seat 3: 9e40fd63 ($11.24 in chips)
Seat 4: Hero ($10.15 in chips)
Seat 5: 9c8597d2 ($11.7 in chips)
Seat 6: 7e72ac50 ($10 in chips)
b52ff236: posts small blind $0.05
9e40fd63: posts big blind $0.1
*** HOLE CARDS ***
Dealt to f6708672 
Dealt to b52ff236 
Dealt to 9e40fd63 
Dealt to Hero [5d Js]
Dealt to 9c8597d2 
Dealt to 7e72ac50 
Hero: folds
9c8597d2: raises $0.15 to $0.25
7e72ac50: folds
f6708672: folds
b52ff236: calls $0.2
9e40fd63: folds
*** FLOP *** [Jd 6s Ac]
b52ff236: checks
9c8597d2: bets $0.2
b52ff236: folds
Uncalled bet ($0.2) returned to 9c8597d2
*** SHOWDOWN ***
9c8597d2 collected $0.57 from pot
*** SUMMARY ***
Total pot $0.6 | Rake $0.03 | Jackpot $0 | Bingo $0 | Fortune $0 | Tax $0
Board [Jd 6s Ac]
Seat 1: f6708672 (button) folded before Flop (didn't bet)
Seat 2: b52ff236 (small blind) folded on the Flop
Seat 3: 9e40fd63 (big blind) folded before Flop
Seat 4: Hero folded before Flop (didn't bet)
Seat 5: 9c8597d2 won ($0.57)
Seat 6: 7e72ac50 folded before Flop (didn't bet)


Poker Hand #RC2766098775: Hold'em No Limit ($0.05/$0.1) - 2024/08/02 11:24:50
Table 'RushAndCash19674035' 6-max Seat #1 is the button
Seat 1: 1cfc820e ($10.01 in chips)
Seat 2: 8ce962c6 ($11.07 in chips)
Seat 3: cfd43251 ($11.71 in chips)
Seat 4: 9aa9ed14 ($9.75 in chips)
Seat 5: Hero ($10.15 in chips)
Seat 6: 8177b6e4 ($10 in chips)
8ce962c6: posts small blind $0.05
cfd43251: posts big blind $0.1
*** HOLE CARDS ***
Dealt to 1cfc820e 
Dealt to 8ce962c6 
Dealt to cfd43251 
Dealt to 9aa9ed14 
Dealt to Hero [6s 2c]
Dealt to 8177b6e4 
9aa9ed14: raises $0.15 to $0.25
Hero: folds
8177b6e4: folds
1cfc820e: folds
8ce962c6: folds
cfd43251: calls $0.15
*** FLOP *** [5d Jd Qs]
cfd43251: checks
9aa9ed14: checks
*** TURN *** [5d Jd Qs] [Ac]
cfd43251: checks
9aa9ed14: checks
*** RIVER *** [5d Jd Qs Ac] [Qc]
cfd43251: checks
9aa9ed14: checks
cfd43251: shows [4c 4d] (Pair of Queens and Pair of Fours)
9aa9ed14: shows [3s 3d] (Pair of Queens and Pair of Treys)
*** SHOWDOWN ***
cfd43251 collected $0.53 from pot
*** SUMMARY ***
Total pot $0.55 | Rake $0.02 | Jackpot $0 | Bingo $0 | Fortune $0 | Tax $0
Board [5d Jd Qs Ac Qc]
Seat 1: 1cfc820e (button) folded before Flop (didn't bet)
Seat 2: 8ce962c6 (small blind) folded before Flop
Seat 3: cfd43251 (big blind) showed [4c 4d] and won ($0.53) with Pair of Queens and Pair of Fours
Seat 4: 9aa9ed14 showed [3s 3d] and lost with Pair of Queens and Pair of Treys
Seat 5: Hero folded before Flop (didn't bet)
Seat 6: 8177b6e4 folded before Flop (didn't bet)


Poker Hand #RC2766098716: Hold'em No Limit ($0.05/$0.1) - 2024/08/02 11:24:43
Table 'RushAndCash19673976' 6-max Seat #1 is the button
Seat 1: 52f3b3f4 ($10.3 in chips)
Seat 2: Hero ($10 in chips)
Seat 3: ae544d7d ($12.51 in chips)
Seat 4: cf51aeaf ($16.76 in chips)
Seat 5: 509575e8 ($9.73 in chips)
Seat 6: 41fc2aa3 ($10.55 in chips)
Hero: posts small blind $0.05
ae544d7d: posts big blind $0.1
*** HOLE CARDS ***
Dealt to 52f3b3f4 
Dealt to Hero [9d 5c]
Dealt to ae544d7d 
Dealt to cf51aeaf 
Dealt to 509575e8 
Dealt to 41fc2aa3 
cf51aeaf: folds
509575e8: folds
41fc2aa3: raises $0.1 to $0.2
52f3b3f4: folds
Hero: folds
ae544d7d: calls $0.1
*** FLOP *** [8d Th 6h]
ae544d7d: checks
41fc2aa3: checks
*** TURN *** [8d Th 6h] [Qh]
ae544d7d: checks
41fc2aa3: bets $0.23
ae544d7d: calls $0.23
*** RIVER *** [8d Th 6h Qh] [8s]
ae544d7d: checks
41fc2aa3: bets $0.79
ae544d7d: folds
Uncalled bet ($0.79) returned to 41fc2aa3
*** SHOWDOWN ***
41fc2aa3 collected $0.87 from pot
*** SUMMARY ***
Total pot $0.91 | Rake $0.04 | Jackpot $0 | Bingo $0 | Fortune $0 | Tax $0
Board [8d Th 6h Qh 8s]
Seat 1: 52f3b3f4 (button) folded before Flop (didn't bet)
Seat 2: Hero (small blind) folded before Flop
Seat 3: ae544d7d (big blind) folded on the River
Seat 4: cf51aeaf folded before Flop (didn't bet)
Seat 5: 509575e8 folded before Flop (didn't bet)
Seat 6: 41fc2aa3 won ($0.87)


Poker Hand #RC2766098666: Hold'em No Limit ($0.05/$0.1) - 2024/08/02 11:24:37
Table 'RushAndCash19673926' 6-max Seat #1 is the button
Seat 1: d348cc1f ($12.73 in chips)
Seat 2: 81f4620c ($9.84 in chips)
Seat 3: Hero ($10 in chips)
Seat 4: 1f774f82 ($10 in chips)
Seat 5: 67699d11 ($8.6 in chips)
Seat 6: de7ce564 ($10 in chips)
81f4620c: posts small blind $0.05
Hero: posts big blind $0.1
*** HOLE CARDS ***
Dealt to d348cc1f 
Dealt to 81f4620c 
Dealt to Hero [2c Jd]
Dealt to 1f774f82 
Dealt to 67699d11 
Dealt to de7ce564 
1f774f82: folds
67699d11: folds
de7ce564: folds
d348cc1f: folds
81f4620c: folds
Uncalled bet ($0.05) returned to Hero
*** SHOWDOWN ***
Hero collected $0.1 from pot
*** SUMMARY ***
Total pot $0.1 | Rake $0 | Jackpot $0 | Bingo $0 | Fortune $0 | Tax $0
Seat 1: d348cc1f (button) folded before Flop (didn't bet)
Seat 2: 81f4620c (small blind) folded before Flop
Seat 3: Hero (big blind) collected ($0.1)
Seat 4: 1f774f82 folded before Flop (didn't bet)
Seat 5: 67699d11 folded before Flop (didn't bet)
Seat 6: de7ce564 folded before Flop (didn't bet)


Poker Hand #RC2766098600: Hold'em No Limit ($0.05/$0.1) - 2024/08/02 11:24:28
Table 'RushAndCash19673860' 6-max Seat #1 is the button
Seat 1: Hero ($10 in chips)
Seat 2: b46bcb26 ($26.95 in chips)
Seat 3: 8fe17ba2 ($10.53 in chips)
Seat 4: dc1c6b6e ($13.07 in chips)
Seat 5: 9d239120 ($9.55 in chips)
Seat 6: 2dc2f9e8 ($10.48 in chips)
b46bcb26: posts small blind $0.05
8fe17ba2: posts big blind $0.1
*** HOLE CARDS ***
Dealt to Hero [7c 9c]
Dealt to b46bcb26 
Dealt to 8fe17ba2 
Dealt to dc1c6b6e 
Dealt to 9d239120 
Dealt to 2dc2f9e8 
dc1c6b6e: folds
9d239120: raises $0.2 to $0.3
2dc2f9e8: folds
Hero: folds
b46bcb26: folds
8fe17ba2: raises $0.65 to $0.95
9d239120: calls $0.65
*** FLOP *** [6s 4c 5s]
8fe17ba2: checks
9d239120: bets $0.98
8fe17ba2: folds
Uncalled bet ($0.98) returned to 9d239120
*** SHOWDOWN ***
9d239120 collected $1.86 from pot
*** SUMMARY ***
Total pot $1.95 | Rake $0.09 | Jackpot $0 | Bingo $0 | Fortune $0 | Tax $0
Board [6s 4c 5s]
Seat 1: Hero (button) folded before Flop (didn't bet)
Seat 2: b46bcb26 (small blind) folded before Flop
Seat 3: 8fe17ba2 (big blind) folded on the Flop
Seat 4: dc1c6b6e folded before Flop (didn't bet)
Seat 5: 9d239120 won ($1.86)
Seat 6: 2dc2f9e8 folded before Flop (didn't bet)


Poker Hand #RC2766098546: Hold'em No Limit ($0.05/$0.1) - 2024/08/02 11:24:21
Table 'RushAndCash19673806' 6-max Seat #1 is the button
Seat 1: dc1c6b6e ($13.07 in chips)
Seat 2: 3be61aff ($10 in chips)
Seat 3: fea68516 ($27.58 in chips)
Seat 4: 63617d5d ($18.91 in chips)
Seat 5: 68707f14 ($10.87 in chips)
Seat 6: Hero ($10 in chips)
3be61aff: posts small blind $0.05
fea68516: posts big blind $0.1
*** HOLE CARDS ***
Dealt to dc1c6b6e 
Dealt to 3be61aff 
Dealt to fea68516 
Dealt to 63617d5d 
Dealt to 68707f14 
Dealt to Hero [Ad 7s]
63617d5d: folds
68707f14: folds
Hero: folds
dc1c6b6e: folds
3be61aff: folds
Uncalled bet ($0.05) returned to fea68516
*** SHOWDOWN ***
fea68516 collected $0.1 from pot
*** SUMMARY ***
Total pot $0.1 | Rake $0 | Jackpot $0 | Bingo $0 | Fortune $0 | Tax $0
Seat 1: dc1c6b6e (button) folded before Flop (didn't bet)
Seat 2: 3be61aff (small blind) folded before Flop
Seat 3: fea68516 (big blind) collected ($0.1)
Seat 4: 63617d5d folded before Flop (didn't bet)
Seat 5: 68707f14 folded before Flop (didn't bet)
Seat 6: Hero folded before Flop (didn't bet)


Poker Hand #RC2766098518: Hold'em No Limit ($0.05/$0.1) - 2024/08/02 11:24:18
Table 'RushAndCash19673778' 6-max Seat #1 is the button
Seat 1: 9e40fd63 ($11.09 in chips)
Seat 2: e4a4c296 ($27.98 in chips)
Seat 3: ba527cf6 ($10.02 in chips)
Seat 4: Hero ($10 in chips)
Seat 5: 9d239120 ($9.55 in chips)
Seat 6: 6db62354 ($16.9 in chips)
e4a4c296: posts small blind $0.05
ba527cf6: posts big blind $0.1
*** HOLE CARDS ***
Dealt to 9e40fd63 
Dealt to e4a4c296 
Dealt to ba527cf6 
Dealt to Hero [6c 8c]
Dealt to 9d239120 
Dealt to 6db62354 
Hero: folds
9d239120: folds
6db62354: raises $0.14 to $0.24
9e40fd63: folds
e4a4c296: folds
ba527cf6: folds
Uncalled bet ($0.14) returned to 6db62354
*** SHOWDOWN ***
6db62354 collected $0.25 from pot
*** SUMMARY ***
Total pot $0.25 | Rake $0 | Jackpot $0 | Bingo $0 | Fortune $0 | Tax $0
Seat 1: 9e40fd63 (button) folded before Flop (didn't bet)
Seat 2: e4a4c296 (small blind) folded before Flop
Seat 3: ba527cf6 (big blind) folded before Flop
Seat 4: Hero folded before Flop (didn't bet)
Seat 5: 9d239120 folded before Flop (didn't bet)
Seat 6: 6db62354 collected ($0.25)


Poker Hand #RC2766098491: Hold'em No Limit ($0.05/$0.1) - 2024/08/02 11:24:14
Table 'RushAndCash19673751' 6-max Seat #1 is the button
Seat 1: e4a4c296 ($27.98 in chips)
Seat 2: e2f56311 ($3.94 in chips)
Seat 3: c6838e41 ($10 in chips)
Seat 4: 875bcc22 ($10.35 in chips)
Seat 5: Hero ($10 in chips)
Seat 6: ba527cf6 ($10.02 in chips)
e2f56311: posts small blind $0.05
c6838e41: posts big blind $0.1
*** HOLE CARDS ***
Dealt to e4a4c296 
Dealt to e2f56311 
Dealt to c6838e41 
Dealt to 875bcc22 
Dealt to Hero [Qd 5s]
Dealt to ba527cf6 
875bcc22: folds
Hero: folds
ba527cf6: folds
e4a4c296: folds
e2f56311: raises $0.1 to $0.2
c6838e41: folds
Uncalled bet ($0.1) returned to e2f56311
*** SHOWDOWN ***
e2f56311 collected $0.2 from pot
*** SUMMARY ***
Total pot $0.2 | Rake $0 | Jackpot $0 | Bingo $0 | Fortune $0 | Tax $0
Seat 1: e4a4c296 (button) folded before Flop (didn't bet)
Seat 2: e2f56311 (small blind) collected ($0.2)
Seat 3: c6838e41 (big blind) folded before Flop
Seat 4: 875bcc22 folded before Flop (didn't bet)
Seat 5: Hero folded before Flop (didn't bet)
Seat 6: ba527cf6 folded before Flop (didn't bet)


Poker Hand #RC2766098468: Hold'em No Limit ($0.05/$0.1) - 2024/08/02 11:24:11
Table 'RushAndCash19673728' 6-max Seat #1 is the button
Seat 1: Hero ($10 in chips)
Seat 2: 3d2dd814 ($14.54 in chips)
Seat 3: 658ac7f3 ($10.49 in chips)
Seat 4: 8f2fea3e ($10.42 in chips)
Seat 5: b994f40e ($1.11 in chips)
Seat 6: c488756c ($11.38 in chips)
3d2dd814: posts small blind $0.05
658ac7f3: posts big blind $0.1
*** HOLE CARDS ***
Dealt to Hero [4c Qd]
Dealt to 3d2dd814 
Dealt to 658ac7f3 
Dealt to 8f2fea3e 
Dealt to b994f40e 
Dealt to c488756c 
8f2fea3e: folds
b994f40e: folds
c488756c: folds
Hero: folds
3d2dd814: raises $0.2 to $0.3
658ac7f3: calls $0.2
*** FLOP *** [Ts 6h Kd]
3d2dd814: checks
658ac7f3: bets $0.2
3d2dd814: calls $0.2
*** TURN *** [Ts 6h Kd] [7s]
3d2dd814: checks
658ac7f3: checks
*** RIVER *** [Ts 6h Kd 7s] [5s]
3d2dd814: checks
658ac7f3: checks
3d2dd814: shows [3d 3h] (Pair of Treys)
658ac7f3: shows [Tc Ac] (Pair of Tens)
*** SHOWDOWN ***
658ac7f3 collected $0.95 from pot
*** SUMMARY ***
Total pot $1 | Rake $0.05 | Jackpot $0 | Bingo $0 | Fortune $0 | Tax $0
Board [Ts 6h Kd 7s 5s]
Seat 1: Hero (button) folded before Flop (didn't bet)
Seat 2: 3d2dd814 (small blind) showed [3d 3h] and lost with Pair of Treys
Seat 3: 658ac7f3 (big blind) showed [Tc Ac] and won ($0.95) with Pair of Tens
Seat 4: 8f2fea3e folded before Flop (didn't bet)
Seat 5: b994f40e folded before Flop (didn't bet)
Seat 6: c488756c folded before Flop (didn't bet)


Poker Hand #RC2766098427: Hold'em No Limit ($0.05/$0.1) - 2024/08/02 11:24:06
Table 'RushAndCash19673687' 6-max Seat #1 is the button
Seat 1: 9be853cb ($10.05 in chips)
Seat 2: Hero ($10 in chips)
Seat 3: c1ac16ce ($10.75 in chips)
Seat 4: 323ea43c ($10 in chips)
Seat 5: 8ea99489 ($10.33 in chips)
Seat 6: 8767e8f ($6.57 in chips)
Hero: posts small blind $0.05
c1ac16ce: posts big blind $0.1
*** HOLE CARDS ***
Dealt to 9be853cb 
Dealt to Hero [2d 7h]
Dealt to c1ac16ce 
Dealt to 323ea43c 
Dealt to 8ea99489 
Dealt to 8767e8f 
323ea43c: folds
8ea99489: folds
8767e8f: raises $0.15 to $0.25
9be853cb: folds
Hero: folds
c1ac16ce: folds
Uncalled bet ($0.15) returned to 8767e8f
*** SHOWDOWN ***
8767e8f collected $0.25 from pot
*** SUMMARY ***
Total pot $0.25 | Rake $0 | Jackpot $0 | Bingo $0 | Fortune $0 | Tax $0
Seat 1: 9be853cb (button) folded before Flop (didn't bet)
Seat 2: Hero (small blind) folded before Flop
Seat 3: c1ac16ce (big blind) folded before Flop
Seat 4: 323ea43c folded before Flop (didn't bet)
Seat 5: 8ea99489 folded before Flop (didn't bet)
Seat 6: 8767e8f collected ($0.25)


Poker Hand #RC2766098371: Hold'em No Limit ($0.05/$0.1) - 2024/08/02 11:23:59
Table 'RushAndCash19673631' 6-max Seat #1 is the button
Seat 1: 74a78c38 ($13.36 in chips)
Seat 2: 79dee037 ($12.46 in chips)
Seat 3: Hero ($10 in chips)
Seat 4: d7c5b0ad ($3.09 in chips)
Seat 5: 386850bc ($22.53 in chips)
Seat 6: 68d3d3b9 ($22.72 in chips)
79dee037: posts small blind $0.05
Hero: posts big blind $0.1
*** HOLE CARDS ***
Dealt to 74a78c38 
Dealt to 79dee037 
Dealt to Hero [3d Kc]
Dealt to d7c5b0ad 
Dealt to 386850bc 
Dealt to 68d3d3b9 
d7c5b0ad: folds
386850bc: folds
68d3d3b9: raises $0.1 to $0.2
74a78c38: folds
79dee037: folds
Hero: folds
Uncalled bet ($0.1) returned to 68d3d3b9
*** SHOWDOWN ***
68d3d3b9 collected $0.25 from pot
*** SUMMARY ***
Total pot $0.25 | Rake $0 | Jackpot $0 | Bingo $0 | Fortune $0 | Tax $0
Seat 1: 74a78c38 (button) folded before Flop (didn't bet)
Seat 2: 79dee037 (small blind) folded before Flop
Seat 3: Hero (big blind) folded before Flop
Seat 4: d7c5b0ad folded before Flop (didn't bet)
Seat 5: 386850bc folded before Flop (didn't bet)
Seat 6: 68d3d3b9 collected ($0.25)


