Poker Hand #HD1778220238: Hold'em No Limit ($0.05/$0.1) - 2024/05/18 20:08:05
Table 'NLHRed14' 6-max Seat #2 is the button
Seat 1: 69b4cd39 ($9.95 in chips)
Seat 2: 2e37b0f0 ($9.24 in chips)
Seat 3: Hero ($36.04 in chips)
Seat 4: fe4024e2 ($11.78 in chips)
Seat 5: 88e75a90 ($1 in chips)
Hero: posts small blind $0.05
fe4024e2: posts big blind $0.1
*** HOLE CARDS ***
Dealt to 69b4cd39 
Dealt to 2e37b0f0 
Dealt to Hero [6s 5c]
Dealt to fe4024e2 
Dealt to 88e75a90 
88e75a90: raises $0.13 to $0.23
69b4cd39: folds
2e37b0f0: raises $0.57 to $0.8
Hero: folds
fe4024e2: folds
88e75a90: folds
Uncalled bet ($0.57) returned to 2e37b0f0
*** SHOWDOWN ***
2e37b0f0 collected $0.58 from pot
*** SUMMARY ***
Total pot $0.61 | Rake $0.03 | Jackpot $0 | Bingo $0 | Fortune $0 | Tax $0
Seat 1: 69b4cd39 folded before Flop (didn't bet)
Seat 2: 2e37b0f0 (button) collected ($0.58)
Seat 3: Hero (small blind) folded before Flop
Seat 4: fe4024e2 (big blind) folded before Flop
Seat 5: 88e75a90 folded before Flop


Poker Hand #HD1778220187: Hold'em No Limit ($0.05/$0.1) - 2024/05/18 20:07:44
Table 'NLHRed14' 6-max Seat #1 is the button
Seat 1: 69b4cd39 ($9.95 in chips)
Seat 2: 2e37b0f0 ($9.14 in chips)
Seat 3: Hero ($36.14 in chips)
Seat 4: fe4024e2 ($11.78 in chips)
Seat 5: 88e75a90 ($1 in chips)
2e37b0f0: posts small blind $0.05
Hero: posts big blind $0.1
*** HOLE CARDS ***
Dealt to 69b4cd39 
Dealt to 2e37b0f0 
Dealt to Hero [4d Ks]
Dealt to fe4024e2 
Dealt to 88e75a90 
fe4024e2: folds
88e75a90: folds
69b4cd39: folds
2e37b0f0: raises $0.11 to $0.21
Hero: folds
Uncalled bet ($0.11) returned to 2e37b0f0
*** SHOWDOWN ***
2e37b0f0 collected $0.2 from pot
*** SUMMARY ***
Total pot $0.2 | Rake $0 | Jackpot $0 | Bingo $0 | Fortune $0 | Tax $0
Seat 1: 69b4cd39 (button) folded before Flop (didn't bet)
Seat 2: 2e37b0f0 (small blind) collected ($0.2)
Seat 3: Hero (big blind) folded before Flop
Seat 4: fe4024e2 folded before Flop (didn't bet)
Seat 5: 88e75a90 folded before Flop (didn't bet)


Poker Hand #HD1778220024: Hold'em No Limit ($0.05/$0.1) - 2024/05/18 20:06:33
Table 'NLHRed14' 6-max Seat #5 is the button
Seat 1: 69b4cd39 ($10.05 in chips)
Seat 2: 2e37b0f0 ($9.14 in chips)
Seat 3: Hero ($36.14 in chips)
Seat 4: fe4024e2 ($11.24 in chips)
Seat 5: 88e75a90 ($1.45 in chips)
Seat 6: 40bb4c66 ($10 in chips)
40bb4c66: posts small blind $0.05
69b4cd39: posts big blind $0.1
*** HOLE CARDS ***
Dealt to 69b4cd39 
Dealt to 2e37b0f0 
Dealt to Hero [2d 6d]
Dealt to fe4024e2 
Dealt to 88e75a90 
Dealt to 40bb4c66 
2e37b0f0: folds
Hero: folds
fe4024e2: raises $0.13 to $0.23
88e75a90: calls $0.23
40bb4c66: folds
69b4cd39: folds
*** FLOP *** [7c Ah Kh]
fe4024e2: checks
88e75a90: checks
*** TURN *** [7c Ah Kh] [Kc]
fe4024e2: checks
88e75a90: bets $0.22
fe4024e2: calls $0.22
*** RIVER *** [7c Ah Kh Kc] [8d]
fe4024e2: checks
88e75a90: checks
fe4024e2: shows [Jh Jc] (Pair of Kings and Pair of Jacks)
88e75a90: shows [Ts Qc] (Pair of Kings)
*** SHOWDOWN ***
fe4024e2 collected $0.99 from pot
*** SUMMARY ***
Total pot $1.05 | Rake $0.06 | Jackpot $0 | Bingo $0 | Fortune $0 | Tax $0
Board [7c Ah Kh Kc 8d]
Seat 1: 69b4cd39 (big blind) folded before Flop
Seat 2: 2e37b0f0 folded before Flop (didn't bet)
Seat 3: Hero folded before Flop (didn't bet)
Seat 4: fe4024e2 showed [Jh Jc] and won ($0.99) with Pair of Kings and Pair of Jacks
Seat 5: 88e75a90 (button) showed [Ts Qc] and lost with Pair of Kings
Seat 6: 40bb4c66 (small blind) folded before Flop


Poker Hand #HD1778219923: Hold'em No Limit ($0.05/$0.1) - 2024/05/18 20:05:49
Table 'NLHRed14' 6-max Seat #4 is the button
Seat 2: 2e37b0f0 ($9.14 in chips)
Seat 3: Hero ($36.59 in chips)
Seat 4: fe4024e2 ($11.24 in chips)
Seat 5: 88e75a90 ($0.95 in chips)
Seat 6: 40bb4c66 ($10 in chips)
88e75a90: posts small blind $0.05
40bb4c66: posts big blind $0.1
*** HOLE CARDS ***
Dealt to 2e37b0f0 
Dealt to Hero [Jc Ad]
Dealt to fe4024e2 
Dealt to 88e75a90 
Dealt to 40bb4c66 
2e37b0f0: folds
Hero: raises $0.14 to $0.24
fe4024e2: folds
88e75a90: calls $0.19
40bb4c66: folds
*** FLOP *** [8d 9h 7c]
88e75a90: bets $0.21
Hero: calls $0.21
*** TURN *** [8d 9h 7c] [6s]
88e75a90: bets $0.5 and is all-in
Hero: folds
Uncalled bet ($0.5) returned to 88e75a90
*** SHOWDOWN ***
88e75a90 collected $0.95 from pot
*** SUMMARY ***
Total pot $1 | Rake $0.05 | Jackpot $0 | Bingo $0 | Fortune $0 | Tax $0
Board [8d 9h 7c 6s]
Seat 2: 2e37b0f0 folded before Flop (didn't bet)
Seat 3: Hero folded on the Turn
Seat 4: fe4024e2 (button) folded before Flop (didn't bet)
Seat 5: 88e75a90 (small blind) won ($0.95)
Seat 6: 40bb4c66 (big blind) folded before Flop


Poker Hand #HD1778219746: Hold'em No Limit ($0.05/$0.1) - 2024/05/18 20:04:32
Table 'NLHRed14' 6-max Seat #3 is the button
Seat 2: 2e37b0f0 ($9.14 in chips)
Seat 3: Hero ($35.84 in chips)
Seat 4: fe4024e2 ($11.29 in chips)
Seat 5: 88e75a90 ($1.73 in chips)
Seat 6: 40bb4c66 ($10 in chips)
fe4024e2: posts small blind $0.05
88e75a90: posts big blind $0.1
*** HOLE CARDS ***
Dealt to 2e37b0f0 
Dealt to Hero [Ah 5c]
Dealt to fe4024e2 
Dealt to 88e75a90 
Dealt to 40bb4c66 
40bb4c66: folds
2e37b0f0: folds
Hero: raises $0.14 to $0.24
fe4024e2: folds
88e75a90: calls $0.14
*** FLOP *** [5d 5h 2s]
88e75a90: bets $0.2
Hero: calls $0.2
*** TURN *** [5d 5h 2s] [9h]
88e75a90: checks
Hero: checks
*** RIVER *** [5d 5h 2s 9h] [4c]
88e75a90: bets $0.34
Hero: raises $1.16 to $1.5
88e75a90: folds
Uncalled bet ($1.16) returned to Hero
*** SHOWDOWN ***
Hero collected $1.53 from pot
*** SUMMARY ***
Total pot $1.61 | Rake $0.08 | Jackpot $0 | Bingo $0 | Fortune $0 | Tax $0
Board [5d 5h 2s 9h 4c]
Seat 2: 2e37b0f0 folded before Flop (didn't bet)
Seat 3: Hero (button) won ($1.53)
Seat 4: fe4024e2 (small blind) folded before Flop
Seat 5: 88e75a90 (big blind) folded on the River
Seat 6: 40bb4c66 folded before Flop (didn't bet)


Poker Hand #HD1778219704: Hold'em No Limit ($0.05/$0.1) - 2024/05/18 20:04:14
Table 'NLHRed14' 6-max Seat #2 is the button
Seat 2: 2e37b0f0 ($9.14 in chips)
Seat 3: Hero ($35.89 in chips)
Seat 4: fe4024e2 ($11.24 in chips)
Seat 5: 88e75a90 ($1.73 in chips)
Seat 6: 40bb4c66 ($10 in chips)
Hero: posts small blind $0.05
fe4024e2: posts big blind $0.1
*** HOLE CARDS ***
Dealt to 2e37b0f0 
Dealt to Hero [Qs 2s]
Dealt to fe4024e2 
Dealt to 88e75a90 
Dealt to 40bb4c66 
88e75a90: folds
40bb4c66: folds
2e37b0f0: folds
Hero: folds
Uncalled bet ($0.05) returned to fe4024e2
*** SHOWDOWN ***
fe4024e2 collected $0.1 from pot
*** SUMMARY ***
Total pot $0.1 | Rake $0 | Jackpot $0 | Bingo $0 | Fortune $0 | Tax $0
Seat 2: 2e37b0f0 (button) folded before Flop (didn't bet)
Seat 3: Hero (small blind) folded before Flop
Seat 4: fe4024e2 (big blind) collected ($0.1)
Seat 5: 88e75a90 folded before Flop (didn't bet)
Seat 6: 40bb4c66 folded before Flop (didn't bet)


Poker Hand #HD1778219669: Hold'em No Limit ($0.05/$0.1) - 2024/05/18 20:04:02
Table 'NLHRed14' 6-max Seat #6 is the button
Seat 2: 2e37b0f0 ($9.19 in chips)
Seat 3: Hero ($35.84 in chips)
Seat 4: fe4024e2 ($11.24 in chips)
Seat 5: 88e75a90 ($1.73 in chips)
Seat 6: 40bb4c66 ($10 in chips)
2e37b0f0: posts small blind $0.05
Hero: posts big blind $0.1
*** HOLE CARDS ***
Dealt to 2e37b0f0 
Dealt to Hero [Kd 9d]
Dealt to fe4024e2 
Dealt to 88e75a90 
Dealt to 40bb4c66 
fe4024e2: folds
88e75a90: folds
40bb4c66: folds
2e37b0f0: folds
Uncalled bet ($0.05) returned to Hero
*** SHOWDOWN ***
Hero collected $0.1 from pot
*** SUMMARY ***
Total pot $0.1 | Rake $0 | Jackpot $0 | Bingo $0 | Fortune $0 | Tax $0
Seat 2: 2e37b0f0 (small blind) folded before Flop
Seat 3: Hero (big blind) collected ($0.1)
Seat 4: fe4024e2 folded before Flop (didn't bet)
Seat 5: 88e75a90 folded before Flop (didn't bet)
Seat 6: 40bb4c66 (button) folded before Flop (didn't bet)


Poker Hand #HD1778219571: Hold'em No Limit ($0.05/$0.1) - 2024/05/18 20:03:14
Table 'NLHRed14' 6-max Seat #5 is the button
Seat 2: 2e37b0f0 ($9.29 in chips)
Seat 3: Hero ($36.04 in chips)
Seat 4: fe4024e2 ($11.24 in chips)
Seat 5: 88e75a90 ($1.4 in chips)
Seat 6: 40bb4c66 ($10 in chips)
40bb4c66: posts small blind $0.05
2e37b0f0: posts big blind $0.1
*** HOLE CARDS ***
Dealt to 2e37b0f0 
Dealt to Hero [Th Qh]
Dealt to fe4024e2 
Dealt to 88e75a90 
Dealt to 40bb4c66 
Hero: raises $0.1 to $0.2
fe4024e2: folds
88e75a90: calls $0.2
40bb4c66: folds
2e37b0f0: folds
*** FLOP *** [4d 6c 9d]
Hero: checks
88e75a90: bets $0.2
Hero: folds
Uncalled bet ($0.2) returned to 88e75a90
*** SHOWDOWN ***
88e75a90 collected $0.53 from pot
*** SUMMARY ***
Total pot $0.55 | Rake $0.02 | Jackpot $0 | Bingo $0 | Fortune $0 | Tax $0
Board [4d 6c 9d]
Seat 2: 2e37b0f0 (big blind) folded before Flop
Seat 3: Hero folded on the Flop
Seat 4: fe4024e2 folded before Flop (didn't bet)
Seat 5: 88e75a90 (button) won ($0.53)
Seat 6: 40bb4c66 (small blind) folded before Flop


Poker Hand #HD1778219484: Hold'em No Limit ($0.05/$0.1) - 2024/05/18 20:02:37
Table 'NLHRed14' 6-max Seat #4 is the button
Seat 1: 69b4cd39 ($10.05 in chips)
Seat 2: 2e37b0f0 ($9.29 in chips)
Seat 3: Hero ($36.04 in chips)
Seat 4: fe4024e2 ($11.24 in chips)
Seat 5: 88e75a90 ($1.3 in chips)
Seat 6: 40bb4c66 ($10 in chips)
88e75a90: posts small blind $0.05
40bb4c66: posts big blind $0.1
*** HOLE CARDS ***
Dealt to 69b4cd39 
Dealt to 2e37b0f0 
Dealt to Hero [Ac 4h]
Dealt to fe4024e2 
Dealt to 88e75a90 
Dealt to 40bb4c66 
69b4cd39: folds
2e37b0f0: folds
Hero: folds
fe4024e2: folds
88e75a90: raises $0.26 to $0.36
40bb4c66: folds
Uncalled bet ($0.26) returned to 88e75a90
*** SHOWDOWN ***
88e75a90 collected $0.2 from pot
*** SUMMARY ***
Total pot $0.2 | Rake $0 | Jackpot $0 | Bingo $0 | Fortune $0 | Tax $0
Seat 1: 69b4cd39 folded before Flop (didn't bet)
Seat 2: 2e37b0f0 folded before Flop (didn't bet)
Seat 3: Hero folded before Flop (didn't bet)
Seat 4: fe4024e2 (button) folded before Flop (didn't bet)
Seat 5: 88e75a90 (small blind) collected ($0.2)
Seat 6: 40bb4c66 (big blind) folded before Flop


Poker Hand #HD1778219238: Hold'em No Limit ($0.05/$0.1) - 2024/05/18 20:00:49
Table 'NLHRed14' 6-max Seat #3 is the button
Seat 1: 69b4cd39 ($10.05 in chips)
Seat 2: 2e37b0f0 ($9.29 in chips)
Seat 3: Hero ($35.29 in chips)
Seat 4: fe4024e2 ($11.29 in chips)
Seat 5: 88e75a90 ($2.08 in chips)
Seat 6: 40bb4c66 ($10 in chips)
fe4024e2: posts small blind $0.05
88e75a90: posts big blind $0.1
*** HOLE CARDS ***
Dealt to 69b4cd39 
Dealt to 2e37b0f0 
Dealt to Hero [Qc Kd]
Dealt to fe4024e2 
Dealt to 88e75a90 
Dealt to 40bb4c66 
40bb4c66: folds
69b4cd39: folds
2e37b0f0: folds
Hero: raises $0.14 to $0.24
fe4024e2: folds
88e75a90: calls $0.14
*** FLOP *** [Qs 5h 6s]
88e75a90: checks
Hero: bets $0.2
88e75a90: calls $0.2
*** TURN *** [Qs 5h 6s] [4s]
88e75a90: bets $0.34
Hero: calls $0.34
*** RIVER *** [Qs 5h 6s 4s] [Ad]
88e75a90: checks
Hero: checks
88e75a90: shows [9h Ks] (Ace-High)
Hero: shows [Qc Kd] (Pair of Queens)
*** SHOWDOWN ***
Hero collected $1.53 from pot
*** SUMMARY ***
Total pot $1.61 | Rake $0.08 | Jackpot $0 | Bingo $0 | Fortune $0 | Tax $0
Board [Qs 5h 6s 4s Ad]
Seat 1: 69b4cd39 folded before Flop (didn't bet)
Seat 2: 2e37b0f0 folded before Flop (didn't bet)
Seat 3: Hero (button) showed [Qc Kd] and won ($1.53) with Pair of Queens
Seat 4: fe4024e2 (small blind) folded before Flop
Seat 5: 88e75a90 (big blind) showed [9h Ks] and lost with Ace-High
Seat 6: 40bb4c66 folded before Flop (didn't bet)


Poker Hand #HD1778219129: Hold'em No Limit ($0.05/$0.1) - 2024/05/18 20:00:01
Table 'NLHRed14' 6-max Seat #2 is the button
Seat 1: 69b4cd39 ($10.05 in chips)
Seat 2: 2e37b0f0 ($9.29 in chips)
Seat 3: Hero ($35.19 in chips)
Seat 4: fe4024e2 ($11.39 in chips)
Seat 5: 88e75a90 ($2.08 in chips)
Seat 6: 40bb4c66 ($10 in chips)
Hero: posts small blind $0.05
fe4024e2: posts big blind $0.1
*** HOLE CARDS ***
Dealt to 69b4cd39 
Dealt to 2e37b0f0 
Dealt to Hero [5d Ad]
Dealt to fe4024e2 
Dealt to 88e75a90 
Dealt to 40bb4c66 
88e75a90: folds
40bb4c66: folds
69b4cd39: folds
2e37b0f0: folds
Hero: raises $0.2 to $0.3
fe4024e2: folds
Uncalled bet ($0.2) returned to Hero
*** SHOWDOWN ***
Hero collected $0.2 from pot
*** SUMMARY ***
Total pot $0.2 | Rake $0 | Jackpot $0 | Bingo $0 | Fortune $0 | Tax $0
Seat 1: 69b4cd39 folded before Flop (didn't bet)
Seat 2: 2e37b0f0 (button) folded before Flop (didn't bet)
Seat 3: Hero (small blind) collected ($0.2)
Seat 4: fe4024e2 (big blind) folded before Flop
Seat 5: 88e75a90 folded before Flop (didn't bet)
Seat 6: 40bb4c66 folded before Flop (didn't bet)


Poker Hand #HD1778219054: Hold'em No Limit ($0.05/$0.1) - 2024/05/18 19:59:28
Table 'NLHRed14' 6-max Seat #1 is the button
Seat 1: 69b4cd39 ($10.05 in chips)
Seat 2: 2e37b0f0 ($9.1 in chips)
Seat 3: Hero ($35.4 in chips)
Seat 4: fe4024e2 ($11.39 in chips)
Seat 5: 88e75a90 ($2.08 in chips)
Seat 6: 40bb4c66 ($10 in chips)
2e37b0f0: posts small blind $0.05
Hero: posts big blind $0.1
*** HOLE CARDS ***
Dealt to 69b4cd39 
Dealt to 2e37b0f0 
Dealt to Hero [5h 5d]
Dealt to fe4024e2 
Dealt to 88e75a90 
Dealt to 40bb4c66 
fe4024e2: folds
88e75a90: folds
40bb4c66: folds
69b4cd39: folds
2e37b0f0: raises $0.11 to $0.21
Hero: calls $0.11
*** FLOP *** [Th 4d Jh]
2e37b0f0: bets $0.32
Hero: folds
Uncalled bet ($0.32) returned to 2e37b0f0
*** SHOWDOWN ***
2e37b0f0 collected $0.4 from pot
*** SUMMARY ***
Total pot $0.42 | Rake $0.02 | Jackpot $0 | Bingo $0 | Fortune $0 | Tax $0
Board [Th 4d Jh]
Seat 1: 69b4cd39 (button) folded before Flop (didn't bet)
Seat 2: 2e37b0f0 (small blind) won ($0.4)
Seat 3: Hero (big blind) folded on the Flop
Seat 4: fe4024e2 folded before Flop (didn't bet)
Seat 5: 88e75a90 folded before Flop (didn't bet)
Seat 6: 40bb4c66 folded before Flop (didn't bet)


Poker Hand #HD1778218871: Hold'em No Limit ($0.05/$0.1) - 2024/05/18 19:58:08
Table 'NLHRed14' 6-max Seat #6 is the button
Seat 1: 69b4cd39 ($10.1 in chips)
Seat 2: 2e37b0f0 ($9.53 in chips)
Seat 3: Hero ($35.4 in chips)
Seat 4: fe4024e2 ($11.39 in chips)
Seat 5: 88e75a90 ($1.07 in chips)
Seat 6: 40bb4c66 ($10 in chips)
69b4cd39: posts small blind $0.05
2e37b0f0: posts big blind $0.1
*** HOLE CARDS ***
Dealt to 69b4cd39 
Dealt to 2e37b0f0 
Dealt to Hero [4h 8s]
Dealt to fe4024e2 
Dealt to 88e75a90 
Dealt to 40bb4c66 
Hero: folds
fe4024e2: folds
88e75a90: raises $0.26 to $0.36
40bb4c66: folds
69b4cd39: folds
2e37b0f0: calls $0.26
*** FLOP *** [Qh Td 5s]
2e37b0f0: checks
88e75a90: bets $0.54
2e37b0f0: calls $0.54
*** TURN *** [Qh Td 5s] [6s]
2e37b0f0: bets $0.47
88e75a90: calls $0.17 and is all-in
Uncalled bet ($0.3) returned to 2e37b0f0
2e37b0f0: shows [Ks 9s] (King-High)
88e75a90: shows [Ac 9d] (Ace-High)
*** RIVER *** [Qh Td 5s 6s] [9c]
*** SHOWDOWN ***
88e75a90 collected $2.08 from pot
*** SUMMARY ***
Total pot $2.19 | Rake $0.11 | Jackpot $0 | Bingo $0 | Fortune $0 | Tax $0
Board [Qh Td 5s 6s 9c]
Seat 1: 69b4cd39 (small blind) folded before Flop
Seat 2: 2e37b0f0 (big blind) showed [Ks 9s] and lost with Pair of Nines
Seat 3: Hero folded before Flop (didn't bet)
Seat 4: fe4024e2 folded before Flop (didn't bet)
Seat 5: 88e75a90 showed [Ac 9d] and won ($2.08) with Pair of Nines
Seat 6: 40bb4c66 (button) folded before Flop (didn't bet)


Poker Hand #HD1778218821: Hold'em No Limit ($0.05/$0.1) - 2024/05/18 19:57:46
Table 'NLHRed14' 6-max Seat #5 is the button
Seat 1: 69b4cd39 ($10.2 in chips)
Seat 2: 2e37b0f0 ($9.53 in chips)
Seat 3: Hero ($35.4 in chips)
Seat 4: fe4024e2 ($11.39 in chips)
Seat 5: 88e75a90 ($0.92 in chips)
Seat 6: 40bb4c66 ($10 in chips)
40bb4c66: posts small blind $0.05
69b4cd39: posts big blind $0.1
*** HOLE CARDS ***
Dealt to 69b4cd39 
Dealt to 2e37b0f0 
Dealt to Hero [Th 7h]
Dealt to fe4024e2 
Dealt to 88e75a90 
Dealt to 40bb4c66 
2e37b0f0: folds
Hero: folds
fe4024e2: folds
88e75a90: raises $0.26 to $0.36
40bb4c66: folds
69b4cd39: folds
Uncalled bet ($0.26) returned to 88e75a90
*** SHOWDOWN ***
88e75a90 collected $0.25 from pot
*** SUMMARY ***
Total pot $0.25 | Rake $0 | Jackpot $0 | Bingo $0 | Fortune $0 | Tax $0
Seat 1: 69b4cd39 (big blind) folded before Flop
Seat 2: 2e37b0f0 folded before Flop (didn't bet)
Seat 3: Hero folded before Flop (didn't bet)
Seat 4: fe4024e2 folded before Flop (didn't bet)
Seat 5: 88e75a90 (button) collected ($0.25)
Seat 6: 40bb4c66 (small blind) folded before Flop


Poker Hand #HD1778218644: Hold'em No Limit ($0.05/$0.1) - 2024/05/18 19:56:26
Table 'NLHRed14' 6-max Seat #4 is the button
Seat 1: 69b4cd39 ($10.2 in chips)
Seat 2: 2e37b0f0 ($9.53 in chips)
Seat 3: Hero ($35.64 in chips)
Seat 4: fe4024e2 ($11.7 in chips)
Seat 5: 88e75a90 ($0.31 in chips)
Seat 6: 40bb4c66 ($10 in chips)
88e75a90: posts small blind $0.05
40bb4c66: posts big blind $0.1
*** HOLE CARDS ***
Dealt to 69b4cd39 
Dealt to 2e37b0f0 
Dealt to Hero [4d 4c]
Dealt to fe4024e2 
Dealt to 88e75a90 
Dealt to 40bb4c66 
69b4cd39: folds
2e37b0f0: folds
Hero: raises $0.14 to $0.24
fe4024e2: raises $0.96 to $1.2
88e75a90: calls $0.26 and is all-in
40bb4c66: folds
Hero: folds
Uncalled bet ($0.89) returned to fe4024e2
fe4024e2: shows [Ah Ac]
88e75a90: shows [Jh Qd]
*** FLOP *** [Ks Ad Ts]
*** TURN *** [Ks Ad Ts] [8s]
*** RIVER *** [Ks Ad Ts 8s] [5d]
*** SHOWDOWN ***
88e75a90 collected $0.92 from pot
*** SUMMARY ***
Total pot $0.96 | Rake $0.04 | Jackpot $0 | Bingo $0 | Fortune $0 | Tax $0
Board [Ks Ad Ts 8s 5d]
Seat 1: 69b4cd39 folded before Flop (didn't bet)
Seat 2: 2e37b0f0 folded before Flop (didn't bet)
Seat 3: Hero folded before Flop
Seat 4: fe4024e2 (button) showed [Ah Ac] and lost with Three Aces
Seat 5: 88e75a90 (small blind) showed [Jh Qd] and won ($0.92) with Aces-High Straight
Seat 6: 40bb4c66 (big blind) folded before Flop


Poker Hand #HD1778218545: Hold'em No Limit ($0.05/$0.1) - 2024/05/18 19:55:43
Table 'NLHRed14' 6-max Seat #3 is the button
Seat 1: 69b4cd39 ($10.2 in chips)
Seat 2: 2e37b0f0 ($9.53 in chips)
Seat 3: Hero ($35.64 in chips)
Seat 4: fe4024e2 ($11.34 in chips)
Seat 5: 88e75a90 ($0.71 in chips)
Seat 6: 40bb4c66 ($10 in chips)
fe4024e2: posts small blind $0.05
88e75a90: posts big blind $0.1
*** HOLE CARDS ***
Dealt to 69b4cd39 
Dealt to 2e37b0f0 
Dealt to Hero [Ac 2h]
Dealt to fe4024e2 
Dealt to 88e75a90 
Dealt to 40bb4c66 
40bb4c66: folds
69b4cd39: folds
2e37b0f0: folds
Hero: folds
fe4024e2: raises $0.3 to $0.4
88e75a90: calls $0.3
*** FLOP *** [8s Jd 3h]
fe4024e2: bets $0.4
88e75a90: folds
Uncalled bet ($0.4) returned to fe4024e2
*** SHOWDOWN ***
fe4024e2 collected $0.76 from pot
*** SUMMARY ***
Total pot $0.8 | Rake $0.04 | Jackpot $0 | Bingo $0 | Fortune $0 | Tax $0
Board [8s Jd 3h]
Seat 1: 69b4cd39 folded before Flop (didn't bet)
Seat 2: 2e37b0f0 folded before Flop (didn't bet)
Seat 3: Hero (button) folded before Flop (didn't bet)
Seat 4: fe4024e2 (small blind) won ($0.76)
Seat 5: 88e75a90 (big blind) folded on the Flop
Seat 6: 40bb4c66 folded before Flop (didn't bet)


Poker Hand #HD1778218443: Hold'em No Limit ($0.05/$0.1) - 2024/05/18 19:54:56
Table 'NLHRed14' 6-max Seat #2 is the button
Seat 1: 69b4cd39 ($10.2 in chips)
Seat 2: 2e37b0f0 ($9.74 in chips)
Seat 3: Hero ($36.54 in chips)
Seat 4: fe4024e2 ($10.35 in chips)
Seat 5: 88e75a90 ($0.71 in chips)
Seat 6: 40bb4c66 ($10 in chips)
Hero: posts small blind $0.05
fe4024e2: posts big blind $0.1
*** HOLE CARDS ***
Dealt to 69b4cd39 
Dealt to 2e37b0f0 
Dealt to Hero [Kh Jd]
Dealt to fe4024e2 
Dealt to 88e75a90 
Dealt to 40bb4c66 
88e75a90: folds
40bb4c66: folds
69b4cd39: folds
2e37b0f0: raises $0.11 to $0.21
Hero: raises $0.69 to $0.9
fe4024e2: raises $1.31 to $2.21
2e37b0f0: folds
Hero: folds
Uncalled bet ($1.31) returned to fe4024e2
fe4024e2: shows [Qc Qs]
*** SHOWDOWN ***
fe4024e2 collected $1.89 from pot
*** SUMMARY ***
Total pot $2.01 | Rake $0.12 | Jackpot $0 | Bingo $0 | Fortune $0 | Tax $0
Seat 1: 69b4cd39 folded before Flop (didn't bet)
Seat 2: 2e37b0f0 (button) folded before Flop
Seat 3: Hero (small blind) folded before Flop
Seat 4: fe4024e2 (big blind) showed [Qc Qs] and collected ($1.89)
Seat 5: 88e75a90 folded before Flop (didn't bet)
Seat 6: 40bb4c66 folded before Flop (didn't bet)


Poker Hand #HD1778218356: Hold'em No Limit ($0.05/$0.1) - 2024/05/18 19:54:17
Table 'NLHRed14' 6-max Seat #1 is the button
Seat 1: 69b4cd39 ($9.85 in chips)
Seat 2: 2e37b0f0 ($9.79 in chips)
Seat 3: Hero ($36.64 in chips)
Seat 4: fe4024e2 ($10.35 in chips)
Seat 5: 88e75a90 ($0.94 in chips)
Seat 6: 40bb4c66 ($10 in chips)
2e37b0f0: posts small blind $0.05
Hero: posts big blind $0.1
*** HOLE CARDS ***
Dealt to 69b4cd39 
Dealt to 2e37b0f0 
Dealt to Hero [3s 4c]
Dealt to fe4024e2 
Dealt to 88e75a90 
Dealt to 40bb4c66 
fe4024e2: folds
88e75a90: raises $0.13 to $0.23
40bb4c66: folds
69b4cd39: calls $0.23
2e37b0f0: folds
Hero: folds
*** FLOP *** [Ts 9s As]
88e75a90: checks
69b4cd39: bets $0.25
88e75a90: folds
Uncalled bet ($0.25) returned to 69b4cd39
*** SHOWDOWN ***
69b4cd39 collected $0.58 from pot
*** SUMMARY ***
Total pot $0.61 | Rake $0.03 | Jackpot $0 | Bingo $0 | Fortune $0 | Tax $0
Board [Ts 9s As]
Seat 1: 69b4cd39 (button) won ($0.58)
Seat 2: 2e37b0f0 (small blind) folded before Flop
Seat 3: Hero (big blind) folded before Flop
Seat 4: fe4024e2 folded before Flop (didn't bet)
Seat 5: 88e75a90 folded on the Flop
Seat 6: 40bb4c66 folded before Flop (didn't bet)


Poker Hand #HD1778218268: Hold'em No Limit ($0.05/$0.1) - 2024/05/18 19:53:33
Table 'NLHRed14' 6-max Seat #6 is the button
Seat 1: 69b4cd39 ($9.9 in chips)
Seat 2: 2e37b0f0 ($9.89 in chips)
Seat 3: Hero ($36.64 in chips)
Seat 4: fe4024e2 ($10 in chips)
Seat 5: 88e75a90 ($0.94 in chips)
Seat 6: 40bb4c66 ($10.18 in chips)
69b4cd39: posts small blind $0.05
2e37b0f0: posts big blind $0.1
*** HOLE CARDS ***
Dealt to 69b4cd39 
Dealt to 2e37b0f0 
Dealt to Hero [Kh 3d]
Dealt to fe4024e2 
Dealt to 88e75a90 
Dealt to 40bb4c66 
Hero: folds
fe4024e2: raises $0.13 to $0.23
88e75a90: folds
40bb4c66: calls $0.23
69b4cd39: folds
2e37b0f0: folds
*** FLOP *** [2s Kd Ah]
fe4024e2: bets $0.26
40bb4c66: folds
Uncalled bet ($0.26) returned to fe4024e2
*** SHOWDOWN ***
fe4024e2 collected $0.58 from pot
*** SUMMARY ***
Total pot $0.61 | Rake $0.03 | Jackpot $0 | Bingo $0 | Fortune $0 | Tax $0
Board [2s Kd Ah]
Seat 1: 69b4cd39 (small blind) folded before Flop
Seat 2: 2e37b0f0 (big blind) folded before Flop
Seat 3: Hero folded before Flop (didn't bet)
Seat 4: fe4024e2 won ($0.58)
Seat 5: 88e75a90 folded before Flop (didn't bet)
Seat 6: 40bb4c66 (button) folded on the Flop


Poker Hand #HD1778218151: Hold'em No Limit ($0.05/$0.1) - 2024/05/18 19:52:39
Table 'NLHRed14' 6-max Seat #5 is the button
Seat 1: 69b4cd39 ($10 in chips)
Seat 2: 2e37b0f0 ($9.89 in chips)
Seat 3: Hero ($36.64 in chips)
Seat 4: fe4024e2 ($10 in chips)
Seat 5: 88e75a90 ($0.75 in chips)
Seat 6: 40bb4c66 ($10.28 in chips)
40bb4c66: posts small blind $0.05
69b4cd39: posts big blind $0.1
*** HOLE CARDS ***
Dealt to 69b4cd39 
Dealt to 2e37b0f0 
Dealt to Hero [Th 8c]
Dealt to fe4024e2 
Dealt to 88e75a90 
Dealt to 40bb4c66 
2e37b0f0: folds
Hero: folds
fe4024e2: folds
88e75a90: calls $0.1
40bb4c66: calls $0.05
69b4cd39: checks
*** FLOP *** [Qs Kh 2d]
40bb4c66: checks
69b4cd39: checks
88e75a90: checks
*** TURN *** [Qs Kh 2d] [Qh]
40bb4c66: checks
69b4cd39: checks
88e75a90: bets $0.11
40bb4c66: folds
69b4cd39: folds
Uncalled bet ($0.11) returned to 88e75a90
*** SHOWDOWN ***
88e75a90 collected $0.29 from pot
*** SUMMARY ***
Total pot $0.3 | Rake $0.01 | Jackpot $0 | Bingo $0 | Fortune $0 | Tax $0
Board [Qs Kh 2d Qh]
Seat 1: 69b4cd39 (big blind) folded on the Turn
Seat 2: 2e37b0f0 folded before Flop (didn't bet)
Seat 3: Hero folded before Flop (didn't bet)
Seat 4: fe4024e2 folded before Flop (didn't bet)
Seat 5: 88e75a90 (button) won ($0.29)
Seat 6: 40bb4c66 (small blind) folded on the Turn


Poker Hand #HD1778217939: Hold'em No Limit ($0.05/$0.1) - 2024/05/18 19:51:14
Table 'NLHRed14' 6-max Seat #4 is the button
Seat 2: 2e37b0f0 ($9.89 in chips)
Seat 3: Hero ($35.67 in chips)
Seat 4: fe4024e2 ($10 in chips)
Seat 5: 88e75a90 ($1.72 in chips)
Seat 6: 40bb4c66 ($10.38 in chips)
88e75a90: posts small blind $0.05
40bb4c66: posts big blind $0.1
*** HOLE CARDS ***
Dealt to 2e37b0f0 
Dealt to Hero [Td Qh]
Dealt to fe4024e2 
Dealt to 88e75a90 
Dealt to 40bb4c66 
2e37b0f0: folds
Hero: raises $0.14 to $0.24
fe4024e2: folds
88e75a90: calls $0.19
40bb4c66: folds
*** FLOP *** [4h 7h Qd]
88e75a90: checks
Hero: bets $0.3
88e75a90: calls $0.3
*** TURN *** [4h 7h Qd] [Qc]
88e75a90: bets $0.43
Hero: calls $0.43
*** RIVER *** [4h 7h Qd Qc] [Kc]
88e75a90: checks
Hero: bets $0.88
88e75a90: folds
Uncalled bet ($0.88) returned to Hero
88e75a90: shows [8s 8d] (Pair of Queens and Pair of Eights)
*** SHOWDOWN ***
Hero collected $1.94 from pot
*** SUMMARY ***
Total pot $2.04 | Rake $0.1 | Jackpot $0 | Bingo $0 | Fortune $0 | Tax $0
Board [4h 7h Qd Qc Kc]
Seat 2: 2e37b0f0 folded before Flop (didn't bet)
Seat 3: Hero won ($1.94)
Seat 4: fe4024e2 (button) folded before Flop (didn't bet)
Seat 5: 88e75a90 (small blind) folded on the River
Seat 6: 40bb4c66 (big blind) folded before Flop


Poker Hand #HD1778217912: Hold'em No Limit ($0.05/$0.1) - 2024/05/18 19:51:01
Table 'NLHRed14' 6-max Seat #3 is the button
Seat 2: 2e37b0f0 ($9.89 in chips)
Seat 3: Hero ($35.67 in chips)
Seat 4: fe4024e2 ($10 in chips)
Seat 5: 88e75a90 ($1.67 in chips)
Seat 6: 40bb4c66 ($10.38 in chips)
fe4024e2: posts small blind $0.05
88e75a90: posts big blind $0.1
*** HOLE CARDS ***
Dealt to 2e37b0f0 
Dealt to Hero [5d 2c]
Dealt to fe4024e2 
Dealt to 88e75a90 
Dealt to 40bb4c66 
40bb4c66: folds
2e37b0f0: folds
Hero: folds
fe4024e2: folds
Uncalled bet ($0.05) returned to 88e75a90
*** SHOWDOWN ***
88e75a90 collected $0.1 from pot
*** SUMMARY ***
Total pot $0.1 | Rake $0 | Jackpot $0 | Bingo $0 | Fortune $0 | Tax $0
Seat 2: 2e37b0f0 folded before Flop (didn't bet)
Seat 3: Hero (button) folded before Flop (didn't bet)
Seat 4: fe4024e2 (small blind) folded before Flop
Seat 5: 88e75a90 (big blind) collected ($0.1)
Seat 6: 40bb4c66 folded before Flop (didn't bet)


Poker Hand #HD1778217847: Hold'em No Limit ($0.05/$0.1) - 2024/05/18 19:50:31
Table 'NLHRed14' 6-max Seat #2 is the button
Seat 2: 2e37b0f0 ($9.89 in chips)
Seat 3: Hero ($35.72 in chips)
Seat 4: fe4024e2 ($10 in chips)
Seat 5: 88e75a90 ($1.52 in chips)
Seat 6: 40bb4c66 ($10.38 in chips)
Hero: posts small blind $0.05
fe4024e2: posts big blind $0.1
*** HOLE CARDS ***
Dealt to 2e37b0f0 
Dealt to Hero [Jh 5h]
Dealt to fe4024e2 
Dealt to 88e75a90 
Dealt to 40bb4c66 
88e75a90: raises $0.13 to $0.23
40bb4c66: folds
2e37b0f0: folds
Hero: folds
fe4024e2: folds
Uncalled bet ($0.13) returned to 88e75a90
*** SHOWDOWN ***
88e75a90 collected $0.25 from pot
*** SUMMARY ***
Total pot $0.25 | Rake $0 | Jackpot $0 | Bingo $0 | Fortune $0 | Tax $0
Seat 2: 2e37b0f0 (button) folded before Flop (didn't bet)
Seat 3: Hero (small blind) folded before Flop
Seat 4: fe4024e2 (big blind) folded before Flop
Seat 5: 88e75a90 collected ($0.25)
Seat 6: 40bb4c66 folded before Flop (didn't bet)


Poker Hand #HD1778217786: Hold'em No Limit ($0.05/$0.1) - 2024/05/18 19:50:08
Table 'NLHRed14' 6-max Seat #6 is the button
Seat 2: 2e37b0f0 ($9.94 in chips)
Seat 3: Hero ($35.67 in chips)
Seat 4: fe4024e2 ($10 in chips)
Seat 5: 88e75a90 ($1.52 in chips)
Seat 6: 40bb4c66 ($10.38 in chips)
2e37b0f0: posts small blind $0.05
Hero: posts big blind $0.1
*** HOLE CARDS ***
Dealt to 2e37b0f0 
Dealt to Hero [Td 7d]
Dealt to fe4024e2 
Dealt to 88e75a90 
Dealt to 40bb4c66 
fe4024e2: folds
88e75a90: folds
40bb4c66: folds
2e37b0f0: folds
Uncalled bet ($0.05) returned to Hero
*** SHOWDOWN ***
Hero collected $0.1 from pot
*** SUMMARY ***
Total pot $0.1 | Rake $0 | Jackpot $0 | Bingo $0 | Fortune $0 | Tax $0
Seat 2: 2e37b0f0 (small blind) folded before Flop
Seat 3: Hero (big blind) collected ($0.1)
Seat 4: fe4024e2 folded before Flop (didn't bet)
Seat 5: 88e75a90 folded before Flop (didn't bet)
Seat 6: 40bb4c66 (button) folded before Flop (didn't bet)


Poker Hand #HD1778217713: Hold'em No Limit ($0.05/$0.1) - 2024/05/18 19:49:39
Table 'NLHRed14' 6-max Seat #5 is the button
Seat 2: 2e37b0f0 ($10.04 in chips)
Seat 3: Hero ($35.67 in chips)
Seat 4: fe4024e2 ($10 in chips)
Seat 5: 88e75a90 ($1.52 in chips)
Seat 6: 40bb4c66 ($10.28 in chips)
40bb4c66: posts small blind $0.05
2e37b0f0: posts big blind $0.1
*** HOLE CARDS ***
Dealt to 2e37b0f0 
Dealt to Hero [5d 8h]
Dealt to fe4024e2 
Dealt to 88e75a90 
Dealt to 40bb4c66 
Hero: folds
fe4024e2: folds
88e75a90: folds
40bb4c66: raises $0.2 to $0.3
2e37b0f0: folds
Uncalled bet ($0.2) returned to 40bb4c66
*** SHOWDOWN ***
40bb4c66 collected $0.2 from pot
*** SUMMARY ***
Total pot $0.2 | Rake $0 | Jackpot $0 | Bingo $0 | Fortune $0 | Tax $0
Seat 2: 2e37b0f0 (big blind) folded before Flop
Seat 3: Hero folded before Flop (didn't bet)
Seat 4: fe4024e2 folded before Flop (didn't bet)
Seat 5: 88e75a90 (button) folded before Flop (didn't bet)
Seat 6: 40bb4c66 (small blind) collected ($0.2)


Poker Hand #HD1778217580: Hold'em No Limit ($0.05/$0.1) - 2024/05/18 19:48:46
Table 'NLHRed14' 6-max Seat #4 is the button
Seat 1: e51dabfa ($10.69 in chips)
Seat 2: 2e37b0f0 ($10.04 in chips)
Seat 3: Hero ($35.91 in chips)
Seat 4: fe4024e2 ($10 in chips)
Seat 5: 88e75a90 ($1.57 in chips)
Seat 6: 40bb4c66 ($10.01 in chips)
88e75a90: posts small blind $0.05
40bb4c66: posts big blind $0.1
*** HOLE CARDS ***
Dealt to e51dabfa 
Dealt to 2e37b0f0 
Dealt to Hero [Ts Td]
Dealt to fe4024e2 
Dealt to 88e75a90 
Dealt to 40bb4c66 
e51dabfa: folds
2e37b0f0: folds
Hero: raises $0.14 to $0.24
fe4024e2: folds
88e75a90: folds
40bb4c66: calls $0.14
*** FLOP *** [Ac 5s 6s]
40bb4c66: checks
Hero: checks
*** TURN *** [Ac 5s 6s] [Qc]
40bb4c66: bets $0.27
Hero: folds
Uncalled bet ($0.27) returned to 40bb4c66
*** SHOWDOWN ***
40bb4c66 collected $0.51 from pot
*** SUMMARY ***
Total pot $0.53 | Rake $0.02 | Jackpot $0 | Bingo $0 | Fortune $0 | Tax $0
Board [Ac 5s 6s Qc]
Seat 1: e51dabfa folded before Flop (didn't bet)
Seat 2: 2e37b0f0 folded before Flop (didn't bet)
Seat 3: Hero folded on the Turn
Seat 4: fe4024e2 (button) folded before Flop (didn't bet)
Seat 5: 88e75a90 (small blind) folded before Flop
Seat 6: 40bb4c66 (big blind) won ($0.51)


Poker Hand #HD1778217509: Hold'em No Limit ($0.05/$0.1) - 2024/05/18 19:48:13
Table 'NLHRed14' 6-max Seat #3 is the button
Seat 1: e51dabfa ($10.69 in chips)
Seat 2: 2e37b0f0 ($10.04 in chips)
Seat 3: Hero ($35.76 in chips)
Seat 4: fe4024e2 ($10 in chips)
Seat 5: 88e75a90 ($1.67 in chips)
Seat 6: 40bb4c66 ($10.01 in chips)
fe4024e2: posts small blind $0.05
88e75a90: posts big blind $0.1
*** HOLE CARDS ***
Dealt to e51dabfa 
Dealt to 2e37b0f0 
Dealt to Hero [Kh Qh]
Dealt to fe4024e2 
Dealt to 88e75a90 
Dealt to 40bb4c66 
40bb4c66: folds
e51dabfa: folds
2e37b0f0: folds
Hero: raises $0.14 to $0.24
fe4024e2: folds
88e75a90: folds
Uncalled bet ($0.14) returned to Hero
*** SHOWDOWN ***
Hero collected $0.25 from pot
*** SUMMARY ***
Total pot $0.25 | Rake $0 | Jackpot $0 | Bingo $0 | Fortune $0 | Tax $0
Seat 1: e51dabfa folded before Flop (didn't bet)
Seat 2: 2e37b0f0 folded before Flop (didn't bet)
Seat 3: Hero (button) collected ($0.25)
Seat 4: fe4024e2 (small blind) folded before Flop
Seat 5: 88e75a90 (big blind) folded before Flop
Seat 6: 40bb4c66 folded before Flop (didn't bet)


Poker Hand #HD1778217456: Hold'em No Limit ($0.05/$0.1) - 2024/05/18 19:47:52
Table 'NLHRed14' 6-max Seat #2 is the button
Seat 1: e51dabfa ($10.69 in chips)
Seat 2: 2e37b0f0 ($9.89 in chips)
Seat 3: Hero ($35.81 in chips)
Seat 4: fe4024e2 ($10 in chips)
Seat 5: 88e75a90 ($1.67 in chips)
Seat 6: 40bb4c66 ($10.01 in chips)
Hero: posts small blind $0.05
fe4024e2: posts big blind $0.1
*** HOLE CARDS ***
Dealt to e51dabfa 
Dealt to 2e37b0f0 
Dealt to Hero [9s 7h]
Dealt to fe4024e2 
Dealt to 88e75a90 
Dealt to 40bb4c66 
88e75a90: folds
40bb4c66: folds
e51dabfa: folds
2e37b0f0: raises $0.11 to $0.21
Hero: folds
fe4024e2: folds
Uncalled bet ($0.11) returned to 2e37b0f0
*** SHOWDOWN ***
2e37b0f0 collected $0.25 from pot
*** SUMMARY ***
Total pot $0.25 | Rake $0 | Jackpot $0 | Bingo $0 | Fortune $0 | Tax $0
Seat 1: e51dabfa folded before Flop (didn't bet)
Seat 2: 2e37b0f0 (button) collected ($0.25)
Seat 3: Hero (small blind) folded before Flop
Seat 4: fe4024e2 (big blind) folded before Flop
Seat 5: 88e75a90 folded before Flop (didn't bet)
Seat 6: 40bb4c66 folded before Flop (didn't bet)


Poker Hand #HD1778217344: Hold'em No Limit ($0.05/$0.1) - 2024/05/18 19:47:04
Table 'NLHRed14' 6-max Seat #1 is the button
Seat 1: e51dabfa ($10.94 in chips)
Seat 2: 2e37b0f0 ($9.94 in chips)
Seat 3: Hero ($35.53 in chips)
Seat 4: fe4024e2 ($10 in chips)
Seat 5: 88e75a90 ($1.67 in chips)
Seat 6: 40bb4c66 ($10.01 in chips)
2e37b0f0: posts small blind $0.05
Hero: posts big blind $0.1
*** HOLE CARDS ***
Dealt to e51dabfa 
Dealt to 2e37b0f0 
Dealt to Hero [Qd As]
Dealt to fe4024e2 
Dealt to 88e75a90 
Dealt to 40bb4c66 
fe4024e2: folds
88e75a90: folds
40bb4c66: folds
e51dabfa: raises $0.15 to $0.25
2e37b0f0: folds
Hero: raises $0.85 to $1.1
e51dabfa: folds
Uncalled bet ($0.85) returned to Hero
*** SHOWDOWN ***
Hero collected $0.53 from pot
*** SUMMARY ***
Total pot $0.55 | Rake $0.02 | Jackpot $0 | Bingo $0 | Fortune $0 | Tax $0
Seat 1: e51dabfa (button) folded before Flop
Seat 2: 2e37b0f0 (small blind) folded before Flop
Seat 3: Hero (big blind) collected ($0.53)
Seat 4: fe4024e2 folded before Flop (didn't bet)
Seat 5: 88e75a90 folded before Flop (didn't bet)
Seat 6: 40bb4c66 folded before Flop (didn't bet)


Poker Hand #HD1778217281: Hold'em No Limit ($0.05/$0.1) - 2024/05/18 19:46:37
Table 'NLHRed14' 6-max Seat #6 is the button
Seat 1: e51dabfa ($10.62 in chips)
Seat 2: 2e37b0f0 ($10.04 in chips)
Seat 3: Hero ($35.53 in chips)
Seat 4: fe4024e2 ($10 in chips)
Seat 5: 88e75a90 ($1.67 in chips)
Seat 6: 40bb4c66 ($10.25 in chips)
e51dabfa: posts small blind $0.05
2e37b0f0: posts big blind $0.1
*** HOLE CARDS ***
Dealt to e51dabfa 
Dealt to 2e37b0f0 
Dealt to Hero [8d 6c]
Dealt to fe4024e2 
Dealt to 88e75a90 
Dealt to 40bb4c66 
Hero: folds
fe4024e2: folds
88e75a90: folds
40bb4c66: raises $0.14 to $0.24
e51dabfa: raises $0.96 to $1.2
2e37b0f0: folds
40bb4c66: folds
Uncalled bet ($0.96) returned to e51dabfa
*** SHOWDOWN ***
e51dabfa collected $0.56 from pot
*** SUMMARY ***
Total pot $0.58 | Rake $0.02 | Jackpot $0 | Bingo $0 | Fortune $0 | Tax $0
Seat 1: e51dabfa (small blind) collected ($0.56)
Seat 2: 2e37b0f0 (big blind) folded before Flop
Seat 3: Hero folded before Flop (didn't bet)
Seat 4: fe4024e2 folded before Flop (didn't bet)
Seat 5: 88e75a90 folded before Flop (didn't bet)
Seat 6: 40bb4c66 (button) folded before Flop


Poker Hand #HD1778217244: Hold'em No Limit ($0.05/$0.1) - 2024/05/18 19:46:24
Table 'NLHRed14' 6-max Seat #5 is the button
Seat 1: e51dabfa ($10.72 in chips)
Seat 2: 2e37b0f0 ($10.04 in chips)
Seat 3: Hero ($35.53 in chips)
Seat 4: fe4024e2 ($10 in chips)
Seat 5: 88e75a90 ($1.67 in chips)
Seat 6: 40bb4c66 ($10.15 in chips)
40bb4c66: posts small blind $0.05
e51dabfa: posts big blind $0.1
*** HOLE CARDS ***
Dealt to e51dabfa 
Dealt to 2e37b0f0 
Dealt to Hero [8h Ks]
Dealt to fe4024e2 
Dealt to 88e75a90 
Dealt to 40bb4c66 
2e37b0f0: folds
Hero: folds
fe4024e2: folds
88e75a90: folds
40bb4c66: raises $0.2 to $0.3
e51dabfa: folds
Uncalled bet ($0.2) returned to 40bb4c66
*** SHOWDOWN ***
40bb4c66 collected $0.2 from pot
*** SUMMARY ***
Total pot $0.2 | Rake $0 | Jackpot $0 | Bingo $0 | Fortune $0 | Tax $0
Seat 1: e51dabfa (big blind) folded before Flop
Seat 2: 2e37b0f0 folded before Flop (didn't bet)
Seat 3: Hero folded before Flop (didn't bet)
Seat 4: fe4024e2 folded before Flop (didn't bet)
Seat 5: 88e75a90 (button) folded before Flop (didn't bet)
Seat 6: 40bb4c66 (small blind) collected ($0.2)


Poker Hand #HD1778217088: Hold'em No Limit ($0.05/$0.1) - 2024/05/18 19:45:22
Table 'NLHRed14' 6-max Seat #4 is the button
Seat 1: e51dabfa ($10.72 in chips)
Seat 2: 2e37b0f0 ($10.25 in chips)
Seat 3: Hero ($34.04 in chips)
Seat 4: fe4024e2 ($10 in chips)
Seat 5: 88e75a90 ($2.99 in chips)
Seat 6: 40bb4c66 ($10.25 in chips)
88e75a90: posts small blind $0.05
40bb4c66: posts big blind $0.1
*** HOLE CARDS ***
Dealt to e51dabfa 
Dealt to 2e37b0f0 
Dealt to Hero [Kh Ad]
Dealt to fe4024e2 
Dealt to 88e75a90 
Dealt to 40bb4c66 
e51dabfa: folds
2e37b0f0: raises $0.11 to $0.21
Hero: raises $0.49 to $0.7
fe4024e2: folds
88e75a90: calls $0.65
40bb4c66: folds
2e37b0f0: folds
*** FLOP *** [9h Ts 6h]
88e75a90: checks
Hero: checks
*** TURN *** [9h Ts 6h] [Kd]
88e75a90: bets $0.62
Hero: calls $0.62
*** RIVER *** [9h Ts 6h Kd] [Qh]
88e75a90: checks
Hero: checks
88e75a90: shows [Tc Ac] (Pair of Tens)
Hero: shows [Kh Ad] (Pair of Kings)
*** SHOWDOWN ***
Hero collected $2.81 from pot
*** SUMMARY ***
Total pot $2.95 | Rake $0.14 | Jackpot $0 | Bingo $0 | Fortune $0 | Tax $0
Board [9h Ts 6h Kd Qh]
Seat 1: e51dabfa folded before Flop (didn't bet)
Seat 2: 2e37b0f0 folded before Flop
Seat 3: Hero showed [Kh Ad] and won ($2.81) with Pair of Kings
Seat 4: fe4024e2 (button) folded before Flop (didn't bet)
Seat 5: 88e75a90 (small blind) showed [Tc Ac] and lost with Pair of Tens
Seat 6: 40bb4c66 (big blind) folded before Flop


Poker Hand #HD1778217053: Hold'em No Limit ($0.05/$0.1) - 2024/05/18 19:45:03
Table 'NLHRed14' 6-max Seat #3 is the button
Seat 1: e51dabfa ($10.72 in chips)
Seat 2: 2e37b0f0 ($10.25 in chips)
Seat 3: Hero ($34.04 in chips)
Seat 4: fe4024e2 ($10 in chips)
Seat 5: 88e75a90 ($2.94 in chips)
Seat 6: 40bb4c66 ($10.25 in chips)
fe4024e2: posts small blind $0.05
88e75a90: posts big blind $0.1
*** HOLE CARDS ***
Dealt to e51dabfa 
Dealt to 2e37b0f0 
Dealt to Hero [3c 5d]
Dealt to fe4024e2 
Dealt to 88e75a90 
Dealt to 40bb4c66 
40bb4c66: folds
e51dabfa: folds
2e37b0f0: folds
Hero: folds
fe4024e2: folds
Uncalled bet ($0.05) returned to 88e75a90
*** SHOWDOWN ***
88e75a90 collected $0.1 from pot
*** SUMMARY ***
Total pot $0.1 | Rake $0 | Jackpot $0 | Bingo $0 | Fortune $0 | Tax $0
Seat 1: e51dabfa folded before Flop (didn't bet)
Seat 2: 2e37b0f0 folded before Flop (didn't bet)
Seat 3: Hero (button) folded before Flop (didn't bet)
Seat 4: fe4024e2 (small blind) folded before Flop
Seat 5: 88e75a90 (big blind) collected ($0.1)
Seat 6: 40bb4c66 folded before Flop (didn't bet)


Poker Hand #HD1778216835: Hold'em No Limit ($0.05/$0.1) - 2024/05/18 19:43:42
Table 'NLHRed14' 6-max Seat #2 is the button
Seat 1: e51dabfa ($10.72 in chips)
Seat 2: 2e37b0f0 ($12.05 in chips)
Seat 3: Hero ($32.42 in chips)
Seat 4: fe4024e2 ($10 in chips)
Seat 5: 88e75a90 ($2.94 in chips)
Seat 6: 40bb4c66 ($10.25 in chips)
Hero: posts small blind $0.05
fe4024e2: posts big blind $0.1
*** HOLE CARDS ***
Dealt to e51dabfa 
Dealt to 2e37b0f0 
Dealt to Hero [Jc Kc]
Dealt to fe4024e2 
Dealt to 88e75a90 
Dealt to 40bb4c66 
88e75a90: folds
40bb4c66: folds
e51dabfa: folds
2e37b0f0: raises $0.11 to $0.21
Hero: raises $0.69 to $0.9
fe4024e2: folds
2e37b0f0: calls $0.69
*** FLOP *** [Ah 7s 4h]
Hero: checks
2e37b0f0: checks
*** TURN *** [Ah 7s 4h] [Qc]
Hero: bets $0.9
2e37b0f0: calls $0.9
*** RIVER *** [Ah 7s 4h Qc] [4c]
Hero: checks
2e37b0f0: checks
Hero: shows [Jc Kc] (Pair of Fours)
2e37b0f0: shows [8h 6h] (Pair of Fours)
*** SHOWDOWN ***
Hero collected $3.42 from pot
*** SUMMARY ***
Total pot $3.7 | Rake $0.18 | Jackpot $0.1 | Bingo $0 | Fortune $0 | Tax $0
Board [Ah 7s 4h Qc 4c]
Seat 1: e51dabfa folded before Flop (didn't bet)
Seat 2: 2e37b0f0 (button) showed [8h 6h] and lost with Pair of Fours
Seat 3: Hero (small blind) showed [Jc Kc] and won ($3.42) with Pair of Fours
Seat 4: fe4024e2 (big blind) folded before Flop
Seat 5: 88e75a90 folded before Flop (didn't bet)
Seat 6: 40bb4c66 folded before Flop (didn't bet)


Poker Hand #HD1778216741: Hold'em No Limit ($0.05/$0.1) - 2024/05/18 19:43:05
Table 'NLHRed14' 6-max Seat #1 is the button
Seat 1: e51dabfa ($10.72 in chips)
Seat 2: 2e37b0f0 ($12.1 in chips)
Seat 3: Hero ($32.52 in chips)
Seat 4: ae25d00b ($10 in chips)
Seat 5: 88e75a90 ($2.94 in chips)
Seat 6: 40bb4c66 ($10.1 in chips)
2e37b0f0: posts small blind $0.05
Hero: posts big blind $0.1
*** HOLE CARDS ***
Dealt to e51dabfa 
Dealt to 2e37b0f0 
Dealt to Hero [Jc 5d]
Dealt to ae25d00b 
Dealt to 88e75a90 
Dealt to 40bb4c66 
ae25d00b: folds
88e75a90: folds
40bb4c66: raises $0.14 to $0.24
e51dabfa: folds
2e37b0f0: folds
Hero: folds
Uncalled bet ($0.14) returned to 40bb4c66
*** SHOWDOWN ***
40bb4c66 collected $0.25 from pot
*** SUMMARY ***
Total pot $0.25 | Rake $0 | Jackpot $0 | Bingo $0 | Fortune $0 | Tax $0
Seat 1: e51dabfa (button) folded before Flop (didn't bet)
Seat 2: 2e37b0f0 (small blind) folded before Flop
Seat 3: Hero (big blind) folded before Flop
Seat 4: ae25d00b folded before Flop (didn't bet)
Seat 5: 88e75a90 folded before Flop (didn't bet)
Seat 6: 40bb4c66 collected ($0.25)


Poker Hand #HD1778216672: Hold'em No Limit ($0.05/$0.1) - 2024/05/18 19:42:34
Table 'NLHRed14' 6-max Seat #6 is the button
Seat 1: e51dabfa ($10.77 in chips)
Seat 2: 2e37b0f0 ($12.2 in chips)
Seat 3: Hero ($32.52 in chips)
Seat 4: ae25d00b ($10 in chips)
Seat 5: 88e75a90 ($2.79 in chips)
Seat 6: 40bb4c66 ($10.1 in chips)
e51dabfa: posts small blind $0.05
2e37b0f0: posts big blind $0.1
*** HOLE CARDS ***
Dealt to e51dabfa 
Dealt to 2e37b0f0 
Dealt to Hero [Tc Jh]
Dealt to ae25d00b 
Dealt to 88e75a90 
Dealt to 40bb4c66 
Hero: folds
ae25d00b: folds
88e75a90: raises $0.26 to $0.36
40bb4c66: folds
e51dabfa: folds
2e37b0f0: folds
Uncalled bet ($0.26) returned to 88e75a90
*** SHOWDOWN ***
88e75a90 collected $0.25 from pot
*** SUMMARY ***
Total pot $0.25 | Rake $0 | Jackpot $0 | Bingo $0 | Fortune $0 | Tax $0
Seat 1: e51dabfa (small blind) folded before Flop
Seat 2: 2e37b0f0 (big blind) folded before Flop
Seat 3: Hero folded before Flop (didn't bet)
Seat 4: ae25d00b folded before Flop (didn't bet)
Seat 5: 88e75a90 collected ($0.25)
Seat 6: 40bb4c66 (button) folded before Flop (didn't bet)


Poker Hand #HD1778216597: Hold'em No Limit ($0.05/$0.1) - 2024/05/18 19:42:05
Table 'NLHRed14' 6-max Seat #5 is the button
Seat 1: e51dabfa ($10.87 in chips)
Seat 2: 2e37b0f0 ($12.2 in chips)
Seat 3: Hero ($32.52 in chips)
Seat 4: ae25d00b ($10 in chips)
Seat 5: 88e75a90 ($2.79 in chips)
Seat 6: 40bb4c66 ($10 in chips)
40bb4c66: posts small blind $0.05
e51dabfa: posts big blind $0.1
*** HOLE CARDS ***
Dealt to e51dabfa 
Dealt to 2e37b0f0 
Dealt to Hero [Ks 8c]
Dealt to ae25d00b 
Dealt to 88e75a90 
Dealt to 40bb4c66 
2e37b0f0: folds
Hero: folds
ae25d00b: folds
88e75a90: folds
40bb4c66: raises $0.2 to $0.3
e51dabfa: folds
Uncalled bet ($0.2) returned to 40bb4c66
*** SHOWDOWN ***
40bb4c66 collected $0.2 from pot
*** SUMMARY ***
Total pot $0.2 | Rake $0 | Jackpot $0 | Bingo $0 | Fortune $0 | Tax $0
Seat 1: e51dabfa (big blind) folded before Flop
Seat 2: 2e37b0f0 folded before Flop (didn't bet)
Seat 3: Hero folded before Flop (didn't bet)
Seat 4: ae25d00b folded before Flop (didn't bet)
Seat 5: 88e75a90 (button) folded before Flop (didn't bet)
Seat 6: 40bb4c66 (small blind) collected ($0.2)


Poker Hand #HD1778216450: Hold'em No Limit ($0.05/$0.1) - 2024/05/18 19:41:01
Table 'NLHRed14' 6-max Seat #4 is the button
Seat 1: e51dabfa ($10.87 in chips)
Seat 2: 2e37b0f0 ($12.2 in chips)
Seat 3: Hero ($32.52 in chips)
Seat 4: ae25d00b ($10.22 in chips)
Seat 5: 88e75a90 ($2.27 in chips)
Seat 6: 40bb4c66 ($10 in chips)
88e75a90: posts small blind $0.05
40bb4c66: posts big blind $0.1
*** HOLE CARDS ***
Dealt to e51dabfa 
Dealt to 2e37b0f0 
Dealt to Hero [Qd 2c]
Dealt to ae25d00b 
Dealt to 88e75a90 
Dealt to 40bb4c66 
e51dabfa: folds
2e37b0f0: folds
Hero: folds
ae25d00b: raises $0.15 to $0.25
88e75a90: calls $0.2
40bb4c66: folds
*** FLOP *** [8h 3c 9h]
88e75a90: bets $0.22
ae25d00b: calls $0.22
*** TURN *** [8h 3c 9h] [4s]
88e75a90: checks
ae25d00b: checks
*** RIVER *** [8h 3c 9h 4s] [9c]
88e75a90: checks
ae25d00b: checks
88e75a90: shows [5s Ah] (Pair of Nines)
ae25d00b: shows [Kh Ts] (Pair of Nines)
*** SHOWDOWN ***
88e75a90 collected $0.99 from pot
*** SUMMARY ***
Total pot $1.04 | Rake $0.05 | Jackpot $0 | Bingo $0 | Fortune $0 | Tax $0
Board [8h 3c 9h 4s 9c]
Seat 1: e51dabfa folded before Flop (didn't bet)
Seat 2: 2e37b0f0 folded before Flop (didn't bet)
Seat 3: Hero folded before Flop (didn't bet)
Seat 4: ae25d00b (button) showed [Kh Ts] and lost with Pair of Nines
Seat 5: 88e75a90 (small blind) showed [5s Ah] and won ($0.99) with Pair of Nines
Seat 6: 40bb4c66 (big blind) folded before Flop


Poker Hand #HD1778216361: Hold'em No Limit ($0.05/$0.1) - 2024/05/18 19:40:19
Table 'NLHRed14' 6-max Seat #3 is the button
Seat 1: e51dabfa ($10.87 in chips)
Seat 2: 2e37b0f0 ($12.2 in chips)
Seat 3: Hero ($32.76 in chips)
Seat 4: ae25d00b ($10.27 in chips)
Seat 5: 88e75a90 ($2 in chips)
ae25d00b: posts small blind $0.05
88e75a90: posts big blind $0.1
*** HOLE CARDS ***
Dealt to e51dabfa 
Dealt to 2e37b0f0 
Dealt to Hero [Ac Kh]
Dealt to ae25d00b 
Dealt to 88e75a90 
e51dabfa: folds
2e37b0f0: folds
Hero: raises $0.14 to $0.24
ae25d00b: folds
88e75a90: calls $0.14
*** FLOP *** [6c 3h 3d]
88e75a90: checks
Hero: checks
*** TURN *** [6c 3h 3d] [2d]
88e75a90: bets $0.2
Hero: folds
Uncalled bet ($0.2) returned to 88e75a90
*** SHOWDOWN ***
88e75a90 collected $0.51 from pot
*** SUMMARY ***
Total pot $0.53 | Rake $0.02 | Jackpot $0 | Bingo $0 | Fortune $0 | Tax $0
Board [6c 3h 3d 2d]
Seat 1: e51dabfa folded before Flop (didn't bet)
Seat 2: 2e37b0f0 folded before Flop (didn't bet)
Seat 3: Hero (button) folded on the Turn
Seat 4: ae25d00b (small blind) folded before Flop
Seat 5: 88e75a90 (big blind) won ($0.51)


Poker Hand #HD1778216197: Hold'em No Limit ($0.05/$0.1) - 2024/05/18 19:39:05
Table 'NLHRed14' 6-max Seat #2 is the button
Seat 1: e51dabfa ($9.85 in chips)
Seat 2: 2e37b0f0 ($12.2 in chips)
Seat 3: Hero ($32.81 in chips)
Seat 4: ae25d00b ($10.37 in chips)
Seat 5: 88e75a90 ($0.97 in chips)
Hero: posts small blind $0.05
ae25d00b: posts big blind $0.1
*** HOLE CARDS ***
Dealt to e51dabfa 
Dealt to 2e37b0f0 
Dealt to Hero [6s 9d]
Dealt to ae25d00b 
Dealt to 88e75a90 
88e75a90: raises $0.26 to $0.36
e51dabfa: raises $0.66 to $1.02
2e37b0f0: folds
Hero: folds
ae25d00b: folds
88e75a90: calls $0.61 and is all-in
Uncalled bet ($0.05) returned to e51dabfa
e51dabfa: shows [Qs Kd]
88e75a90: shows [4s As]
*** FLOP *** [Td Kc Jc]
*** TURN *** [Td Kc Jc] [4d]
*** RIVER *** [Td Kc Jc 4d] [5d]
*** SHOWDOWN ***
e51dabfa collected $1.99 from pot
*** SUMMARY ***
Total pot $2.09 | Rake $0.1 | Jackpot $0 | Bingo $0 | Fortune $0 | Tax $0
Board [Td Kc Jc 4d 5d]
Seat 1: e51dabfa showed [Qs Kd] and won ($1.99) with Pair of Kings
Seat 2: 2e37b0f0 (button) folded before Flop (didn't bet)
Seat 3: Hero (small blind) folded before Flop
Seat 4: ae25d00b (big blind) folded before Flop
Seat 5: 88e75a90 showed [4s As] and lost with Pair of Fours


Poker Hand #HD1778216084: Hold'em No Limit ($0.05/$0.1) - 2024/05/18 19:38:10
Table 'NLHRed14' 6-max Seat #1 is the button
Seat 1: e51dabfa ($9.85 in chips)
Seat 2: 2e37b0f0 ($12.25 in chips)
Seat 3: Hero ($32.91 in chips)
Seat 4: ae25d00b ($10 in chips)
Seat 5: 88e75a90 ($1.22 in chips)
2e37b0f0: posts small blind $0.05
Hero: posts big blind $0.1
*** HOLE CARDS ***
Dealt to e51dabfa 
Dealt to 2e37b0f0 
Dealt to Hero [7s 8h]
Dealt to ae25d00b 
Dealt to 88e75a90 
ae25d00b: raises $0.15 to $0.25
88e75a90: calls $0.25
e51dabfa: folds
2e37b0f0: folds
Hero: folds
*** FLOP *** [9d 3d 9s]
ae25d00b: checks
88e75a90: checks
*** TURN *** [9d 3d 9s] [Ts]
ae25d00b: bets $0.3
88e75a90: folds
Uncalled bet ($0.3) returned to ae25d00b
*** SHOWDOWN ***
ae25d00b collected $0.62 from pot
*** SUMMARY ***
Total pot $0.65 | Rake $0.03 | Jackpot $0 | Bingo $0 | Fortune $0 | Tax $0
Board [9d 3d 9s Ts]
Seat 1: e51dabfa (button) folded before Flop (didn't bet)
Seat 2: 2e37b0f0 (small blind) folded before Flop
Seat 3: Hero (big blind) folded before Flop
Seat 4: ae25d00b won ($0.62)
Seat 5: 88e75a90 folded on the Turn


Poker Hand #HD1778216039: Hold'em No Limit ($0.05/$0.1) - 2024/05/18 19:37:51
Table 'NLHRed14' 6-max Seat #5 is the button
Seat 1: e51dabfa ($9.9 in chips)
Seat 2: 2e37b0f0 ($12.35 in chips)
Seat 3: Hero ($32.76 in chips)
Seat 4: ae25d00b ($10 in chips)
Seat 5: 88e75a90 ($1.22 in chips)
e51dabfa: posts small blind $0.05
2e37b0f0: posts big blind $0.1
*** HOLE CARDS ***
Dealt to e51dabfa 
Dealt to 2e37b0f0 
Dealt to Hero [Ah Ts]
Dealt to ae25d00b 
Dealt to 88e75a90 
Hero: raises $0.1 to $0.2
ae25d00b: folds
88e75a90: folds
e51dabfa: folds
2e37b0f0: folds
Uncalled bet ($0.1) returned to Hero
*** SHOWDOWN ***
Hero collected $0.25 from pot
*** SUMMARY ***
Total pot $0.25 | Rake $0 | Jackpot $0 | Bingo $0 | Fortune $0 | Tax $0
Seat 1: e51dabfa (small blind) folded before Flop
Seat 2: 2e37b0f0 (big blind) folded before Flop
Seat 3: Hero collected ($0.25)
Seat 4: ae25d00b folded before Flop (didn't bet)
Seat 5: 88e75a90 (button) folded before Flop (didn't bet)


Poker Hand #HD1778215877: Hold'em No Limit ($0.05/$0.1) - 2024/05/18 19:36:41
Table 'NLHRed14' 6-max Seat #4 is the button
Seat 1: e51dabfa ($10 in chips)
Seat 2: 2e37b0f0 ($12.35 in chips)
Seat 3: Hero ($32.76 in chips)
Seat 4: ae25d00b ($10 in chips)
Seat 5: 88e75a90 ($0.9 in chips)
88e75a90: posts small blind $0.05
e51dabfa: posts big blind $0.1
*** HOLE CARDS ***
Dealt to e51dabfa 
Dealt to 2e37b0f0 
Dealt to Hero [7h 2s]
Dealt to ae25d00b 
Dealt to 88e75a90 
2e37b0f0: folds
Hero: folds
ae25d00b: raises $0.15 to $0.25
88e75a90: calls $0.2
e51dabfa: folds
*** FLOP *** [Qh 9h 8s]
88e75a90: checks
ae25d00b: checks
*** TURN *** [Qh 9h 8s] [7s]
88e75a90: checks
ae25d00b: checks
*** RIVER *** [Qh 9h 8s 7s] [Ts]
88e75a90: bets $0.42
ae25d00b: folds
Uncalled bet ($0.42) returned to 88e75a90
*** SHOWDOWN ***
88e75a90 collected $0.57 from pot
*** SUMMARY ***
Total pot $0.6 | Rake $0.03 | Jackpot $0 | Bingo $0 | Fortune $0 | Tax $0
Board [Qh 9h 8s 7s Ts]
Seat 1: e51dabfa (big blind) folded before Flop
Seat 2: 2e37b0f0 folded before Flop (didn't bet)
Seat 3: Hero folded before Flop (didn't bet)
Seat 4: ae25d00b (button) folded on the River
Seat 5: 88e75a90 (small blind) won ($0.57)


Poker Hand #HD1778215828: Hold'em No Limit ($0.05/$0.1) - 2024/05/18 19:36:18
Table 'NLHRed14' 6-max Seat #3 is the button
Seat 1: e51dabfa ($9.85 in chips)
Seat 2: 2e37b0f0 ($12.35 in chips)
Seat 3: Hero ($32.76 in chips)
Seat 4: ae25d00b ($10 in chips)
Seat 5: 88e75a90 ($1 in chips)
Seat 6: 5282772e ($10 in chips)
ae25d00b: posts small blind $0.05
88e75a90: posts big blind $0.1
*** HOLE CARDS ***
Dealt to e51dabfa 
Dealt to 2e37b0f0 
Dealt to Hero [Ts 7c]
Dealt to ae25d00b 
Dealt to 88e75a90 
Dealt to 5282772e 
5282772e: folds
e51dabfa: raises $0.15 to $0.25
2e37b0f0: folds
Hero: folds
ae25d00b: folds
88e75a90: folds
Uncalled bet ($0.15) returned to e51dabfa
*** SHOWDOWN ***
e51dabfa collected $0.25 from pot
*** SUMMARY ***
Total pot $0.25 | Rake $0 | Jackpot $0 | Bingo $0 | Fortune $0 | Tax $0
Seat 1: e51dabfa collected ($0.25)
Seat 2: 2e37b0f0 folded before Flop (didn't bet)
Seat 3: Hero (button) folded before Flop (didn't bet)
Seat 4: ae25d00b (small blind) folded before Flop
Seat 5: 88e75a90 (big blind) folded before Flop
Seat 6: 5282772e folded before Flop (didn't bet)


Poker Hand #HD1778215744: Hold'em No Limit ($0.05/$0.1) - 2024/05/18 19:35:41
Table 'NLHRed14' 6-max Seat #2 is the button
Seat 1: e51dabfa ($9.85 in chips)
Seat 2: 2e37b0f0 ($12 in chips)
Seat 3: Hero ($32.81 in chips)
Seat 4: ae25d00b ($10 in chips)
Seat 5: 88e75a90 ($1.23 in chips)
Seat 6: 5282772e ($10 in chips)
Hero: posts small blind $0.05
ae25d00b: posts big blind $0.1
*** HOLE CARDS ***
Dealt to e51dabfa 
Dealt to 2e37b0f0 
Dealt to Hero [4h Qd]
Dealt to ae25d00b 
Dealt to 88e75a90 
Dealt to 5282772e 
88e75a90: raises $0.13 to $0.23
5282772e: folds
e51dabfa: folds
2e37b0f0: raises $1.07 to $1.3
Hero: folds
ae25d00b: folds
88e75a90: folds
Uncalled bet ($1.07) returned to 2e37b0f0
*** SHOWDOWN ***
2e37b0f0 collected $0.58 from pot
*** SUMMARY ***
Total pot $0.61 | Rake $0.03 | Jackpot $0 | Bingo $0 | Fortune $0 | Tax $0
Seat 1: e51dabfa folded before Flop (didn't bet)
Seat 2: 2e37b0f0 (button) collected ($0.58)
Seat 3: Hero (small blind) folded before Flop
Seat 4: ae25d00b (big blind) folded before Flop
Seat 5: 88e75a90 folded before Flop
Seat 6: 5282772e folded before Flop (didn't bet)


Poker Hand #HD1778175562: Hold'em No Limit ($0.05/$0.1) - 2024/05/18 19:34:14
Table 'NLHRed14' 6-max Seat #1 is the button
Seat 1: e51dabfa ($9.85 in chips)
Seat 2: 2e37b0f0 ($12.05 in chips)
Seat 3: Hero ($31.9 in chips)
Seat 4: ae25d00b ($10 in chips)
Seat 5: 88e75a90 ($2.18 in chips)
Seat 6: 5282772e ($10 in chips)
2e37b0f0: posts small blind $0.05
Hero: posts big blind $0.1
*** HOLE CARDS ***
Dealt to e51dabfa 
Dealt to 2e37b0f0 
Dealt to Hero [Kd Kh]
Dealt to ae25d00b 
Dealt to 88e75a90 
Dealt to 5282772e 
ae25d00b: folds
88e75a90: raises $0.26 to $0.36
5282772e: folds
e51dabfa: folds
2e37b0f0: folds
Hero: calls $0.26
*** FLOP *** [9s 5c 3s]
Hero: checks
88e75a90: checks
*** TURN *** [9s 5c 3s] [2h]
Hero: bets $0.2
88e75a90: calls $0.2
*** RIVER *** [9s 5c 3s 2h] [Qh]
Hero: bets $0.39
88e75a90: calls $0.39
Hero: shows [Kd Kh] (Pair of Kings)
88e75a90: shows [Qs Th] (Pair of Queens)
*** SHOWDOWN ***
Hero collected $1.86 from pot
*** SUMMARY ***
Total pot $1.95 | Rake $0.09 | Jackpot $0 | Bingo $0 | Fortune $0 | Tax $0
Board [9s 5c 3s 2h Qh]
Seat 1: e51dabfa (button) folded before Flop (didn't bet)
Seat 2: 2e37b0f0 (small blind) folded before Flop
Seat 3: Hero (big blind) showed [Kd Kh] and won ($1.86) with Pair of Kings
Seat 4: ae25d00b folded before Flop (didn't bet)
Seat 5: 88e75a90 showed [Qs Th] and lost with Pair of Queens
Seat 6: 5282772e folded before Flop (didn't bet)


Poker Hand #HD1778175467: Hold'em No Limit ($0.05/$0.1) - 2024/05/18 19:33:35
Table 'NLHRed14' 6-max Seat #6 is the button
Seat 1: e51dabfa ($9.9 in chips)
Seat 2: 2e37b0f0 ($12.15 in chips)
Seat 3: Hero ($31.57 in chips)
Seat 4: ae25d00b ($10 in chips)
Seat 5: 88e75a90 ($2.38 in chips)
Seat 6: 5282772e ($10 in chips)
e51dabfa: posts small blind $0.05
2e37b0f0: posts big blind $0.1
*** HOLE CARDS ***
Dealt to e51dabfa 
Dealt to 2e37b0f0 
Dealt to Hero [8d 9d]
Dealt to ae25d00b 
Dealt to 88e75a90 
Dealt to 5282772e 
Hero: raises $0.1 to $0.2
ae25d00b: folds
88e75a90: calls $0.2
5282772e: folds
e51dabfa: folds
2e37b0f0: folds
*** FLOP *** [Jh 7h 3s]
Hero: bets $0.2
88e75a90: folds
Uncalled bet ($0.2) returned to Hero
*** SHOWDOWN ***
Hero collected $0.53 from pot
*** SUMMARY ***
Total pot $0.55 | Rake $0.02 | Jackpot $0 | Bingo $0 | Fortune $0 | Tax $0
Board [Jh 7h 3s]
Seat 1: e51dabfa (small blind) folded before Flop
Seat 2: 2e37b0f0 (big blind) folded before Flop
Seat 3: Hero won ($0.53)
Seat 4: ae25d00b folded before Flop (didn't bet)
Seat 5: 88e75a90 folded on the Flop
Seat 6: 5282772e (button) folded before Flop (didn't bet)


Poker Hand #HD1778175340: Hold'em No Limit ($0.05/$0.1) - 2024/05/18 19:32:40
Table 'NLHRed14' 6-max Seat #5 is the button
Seat 1: e51dabfa ($10 in chips)
Seat 2: 2e37b0f0 ($12.15 in chips)
Seat 3: Hero ($31.57 in chips)
Seat 4: ae25d00b ($10 in chips)
Seat 5: 88e75a90 ($2.01 in chips)
Seat 6: 5282772e ($10.05 in chips)
5282772e: posts small blind $0.05
e51dabfa: posts big blind $0.1
*** HOLE CARDS ***
Dealt to e51dabfa 
Dealt to 2e37b0f0 
Dealt to Hero [7c Kc]
Dealt to ae25d00b 
Dealt to 88e75a90 
Dealt to 5282772e 
2e37b0f0: folds
Hero: folds
ae25d00b: raises $0.15 to $0.25
88e75a90: calls $0.25
5282772e: folds
e51dabfa: folds
*** FLOP *** [8c 7h Jd]
ae25d00b: checks
88e75a90: bets $0.24
ae25d00b: folds
Uncalled bet ($0.24) returned to 88e75a90
*** SHOWDOWN ***
88e75a90 collected $0.62 from pot
*** SUMMARY ***
Total pot $0.65 | Rake $0.03 | Jackpot $0 | Bingo $0 | Fortune $0 | Tax $0
Board [8c 7h Jd]
Seat 1: e51dabfa (big blind) folded before Flop
Seat 2: 2e37b0f0 folded before Flop (didn't bet)
Seat 3: Hero folded before Flop (didn't bet)
Seat 4: ae25d00b folded on the Flop
Seat 5: 88e75a90 (button) won ($0.62)
Seat 6: 5282772e (small blind) folded before Flop


Poker Hand #HD1778175289: Hold'em No Limit ($0.05/$0.1) - 2024/05/18 19:32:18
Table 'NLHRed14' 6-max Seat #4 is the button
Seat 2: 2e37b0f0 ($12.15 in chips)
Seat 3: Hero ($31.57 in chips)
Seat 4: ae25d00b ($10 in chips)
Seat 5: 88e75a90 ($2.06 in chips)
Seat 6: 5282772e ($10 in chips)
88e75a90: posts small blind $0.05
5282772e: posts big blind $0.1
*** HOLE CARDS ***
Dealt to 2e37b0f0 
Dealt to Hero [7d 4c]
Dealt to ae25d00b 
Dealt to 88e75a90 
Dealt to 5282772e 
2e37b0f0: folds
Hero: folds
ae25d00b: folds
88e75a90: folds
Uncalled bet ($0.05) returned to 5282772e
*** SHOWDOWN ***
5282772e collected $0.1 from pot
*** SUMMARY ***
Total pot $0.1 | Rake $0 | Jackpot $0 | Bingo $0 | Fortune $0 | Tax $0
Seat 2: 2e37b0f0 folded before Flop (didn't bet)
Seat 3: Hero folded before Flop (didn't bet)
Seat 4: ae25d00b (button) folded before Flop (didn't bet)
Seat 5: 88e75a90 (small blind) folded before Flop
Seat 6: 5282772e (big blind) collected ($0.1)


Poker Hand #HD1778175168: Hold'em No Limit ($0.05/$0.1) - 2024/05/18 19:31:24
Table 'NLHRed14' 6-max Seat #3 is the button
Seat 2: 2e37b0f0 ($11.91 in chips)
Seat 3: Hero ($31.57 in chips)
Seat 4: ae25d00b ($10 in chips)
Seat 5: 88e75a90 ($2.27 in chips)
Seat 6: 5282772e ($10 in chips)
ae25d00b: posts small blind $0.05
88e75a90: posts big blind $0.1
*** HOLE CARDS ***
Dealt to 2e37b0f0 
Dealt to Hero [Th 5d]
Dealt to ae25d00b 
Dealt to 88e75a90 
Dealt to 5282772e 
5282772e: folds
2e37b0f0: raises $0.11 to $0.21
Hero: folds
ae25d00b: folds
88e75a90: calls $0.11
*** FLOP *** [8d As Js]
88e75a90: checks
2e37b0f0: bets $0.24
88e75a90: folds
Uncalled bet ($0.24) returned to 2e37b0f0
*** SHOWDOWN ***
2e37b0f0 collected $0.45 from pot
*** SUMMARY ***
Total pot $0.47 | Rake $0.02 | Jackpot $0 | Bingo $0 | Fortune $0 | Tax $0
Board [8d As Js]
Seat 2: 2e37b0f0 won ($0.45)
Seat 3: Hero (button) folded before Flop (didn't bet)
Seat 4: ae25d00b (small blind) folded before Flop
Seat 5: 88e75a90 (big blind) folded on the Flop
Seat 6: 5282772e folded before Flop (didn't bet)


Poker Hand #HD1778175054: Hold'em No Limit ($0.05/$0.1) - 2024/05/18 19:30:34
Table 'NLHRed14' 6-max Seat #2 is the button
Seat 2: 2e37b0f0 ($11.41 in chips)
Seat 3: Hero ($31.62 in chips)
Seat 4: ae25d00b ($10 in chips)
Seat 5: 88e75a90 ($2.66 in chips)
Seat 6: 5282772e ($10 in chips)
Hero: posts small blind $0.05
ae25d00b: posts big blind $0.1
*** HOLE CARDS ***
Dealt to 2e37b0f0 
Dealt to Hero [Ad 7s]
Dealt to ae25d00b 
Dealt to 88e75a90 
Dealt to 5282772e 
88e75a90: raises $0.13 to $0.23
5282772e: folds
2e37b0f0: calls $0.23
Hero: folds
ae25d00b: folds
*** FLOP *** [8h Jh Td]
88e75a90: checks
2e37b0f0: bets $0.16
88e75a90: calls $0.16
*** TURN *** [8h Jh Td] [3c]
88e75a90: checks
2e37b0f0: bets $0.7
88e75a90: folds
Uncalled bet ($0.7) returned to 2e37b0f0
*** SHOWDOWN ***
2e37b0f0 collected $0.89 from pot
*** SUMMARY ***
Total pot $0.93 | Rake $0.04 | Jackpot $0 | Bingo $0 | Fortune $0 | Tax $0
Board [8h Jh Td 3c]
Seat 2: 2e37b0f0 (button) won ($0.89)
Seat 3: Hero (small blind) folded before Flop
Seat 4: ae25d00b (big blind) folded before Flop
Seat 5: 88e75a90 folded on the Turn
Seat 6: 5282772e folded before Flop (didn't bet)


Poker Hand #HD1778174984: Hold'em No Limit ($0.05/$0.1) - 2024/05/18 19:30:01
Table 'NLHRed14' 6-max Seat #6 is the button
Seat 1: 46982f42 ($10.09 in chips)
Seat 2: 2e37b0f0 ($11.36 in chips)
Seat 3: Hero ($31.62 in chips)
Seat 4: ae25d00b ($10 in chips)
Seat 5: 88e75a90 ($2.66 in chips)
Seat 6: 5282772e ($10 in chips)
46982f42: posts small blind $0.05
2e37b0f0: posts big blind $0.1
*** HOLE CARDS ***
Dealt to 46982f42 
Dealt to 2e37b0f0 
Dealt to Hero [4c 3c]
Dealt to ae25d00b 
Dealt to 88e75a90 
Dealt to 5282772e 
Hero: folds
ae25d00b: folds
88e75a90: folds
5282772e: folds
46982f42: folds
Uncalled bet ($0.05) returned to 2e37b0f0
*** SHOWDOWN ***
2e37b0f0 collected $0.1 from pot
*** SUMMARY ***
Total pot $0.1 | Rake $0 | Jackpot $0 | Bingo $0 | Fortune $0 | Tax $0
Seat 1: 46982f42 (small blind) folded before Flop
Seat 2: 2e37b0f0 (big blind) collected ($0.1)
Seat 3: Hero folded before Flop (didn't bet)
Seat 4: ae25d00b folded before Flop (didn't bet)
Seat 5: 88e75a90 folded before Flop (didn't bet)
Seat 6: 5282772e (button) folded before Flop (didn't bet)


Poker Hand #HD1778174751: Hold'em No Limit ($0.05/$0.1) - 2024/05/18 19:28:17
Table 'NLHRed14' 6-max Seat #5 is the button
Seat 1: 46982f42 ($10.19 in chips)
Seat 2: 2e37b0f0 ($11.36 in chips)
Seat 3: Hero ($22.33 in chips)
Seat 4: ae25d00b ($10.04 in chips)
Seat 5: 88e75a90 ($2.86 in chips)
Seat 6: 5282772e ($10 in chips)
5282772e: posts small blind $0.05
46982f42: posts big blind $0.1
*** HOLE CARDS ***
Dealt to 46982f42 
Dealt to 2e37b0f0 
Dealt to Hero [Kc Jd]
Dealt to ae25d00b 
Dealt to 88e75a90 
Dealt to 5282772e 
2e37b0f0: folds
Hero: raises $0.1 to $0.2
ae25d00b: calls $0.2
88e75a90: calls $0.2
5282772e: folds
46982f42: folds
*** FLOP *** [Jh Qs Kh]
Hero: bets $0.3
ae25d00b: raises $0.8 to $1.1
88e75a90: folds
Hero: calls $0.8
*** TURN *** [Jh Qs Kh] [6c]
Hero: checks
ae25d00b: bets $3.85
Hero: calls $3.85
*** RIVER *** [Jh Qs Kh 6c] [Jc]
Hero: bets $1.1
ae25d00b: raises $3.79 to $4.89 and is all-in
Hero: calls $3.79
ae25d00b: shows [7h 8h] (Pair of Jacks)
Hero: shows [Kc Jd] (Jacks Full over Kings)
*** SHOWDOWN ***
Hero collected $19.33 from pot
*** SUMMARY ***
Total pot $20.43 | Rake $1 | Jackpot $0.1 | Bingo $0 | Fortune $0 | Tax $0
Board [Jh Qs Kh 6c Jc]
Seat 1: 46982f42 (big blind) folded before Flop
Seat 2: 2e37b0f0 folded before Flop (didn't bet)
Seat 3: Hero showed [Kc Jd] and won ($19.33) with Jacks Full over Kings
Seat 4: ae25d00b showed [7h 8h] and lost with Pair of Jacks
Seat 5: 88e75a90 (button) folded on the Flop
Seat 6: 5282772e (small blind) folded before Flop


Poker Hand #HD1778174691: Hold'em No Limit ($0.05/$0.1) - 2024/05/18 19:27:53
Table 'NLHRed14' 6-max Seat #4 is the button
Seat 2: 2e37b0f0 ($11.36 in chips)
Seat 3: Hero ($22.33 in chips)
Seat 4: ae25d00b ($10.04 in chips)
Seat 5: 88e75a90 ($2.76 in chips)
Seat 6: 5282772e ($10.1 in chips)
88e75a90: posts small blind $0.05
5282772e: posts big blind $0.1
*** HOLE CARDS ***
Dealt to 2e37b0f0 
Dealt to Hero [2s 3d]
Dealt to ae25d00b 
Dealt to 88e75a90 
Dealt to 5282772e 
2e37b0f0: folds
Hero: folds
ae25d00b: folds
88e75a90: raises $0.13 to $0.23
5282772e: folds
Uncalled bet ($0.13) returned to 88e75a90
*** SHOWDOWN ***
88e75a90 collected $0.2 from pot
*** SUMMARY ***
Total pot $0.2 | Rake $0 | Jackpot $0 | Bingo $0 | Fortune $0 | Tax $0
Seat 2: 2e37b0f0 folded before Flop (didn't bet)
Seat 3: Hero folded before Flop (didn't bet)
Seat 4: ae25d00b (button) folded before Flop (didn't bet)
Seat 5: 88e75a90 (small blind) collected ($0.2)
Seat 6: 5282772e (big blind) folded before Flop


Poker Hand #HD1778174529: Hold'em No Limit ($0.05/$0.1) - 2024/05/18 19:26:51
Table 'NLHRed14' 6-max Seat #3 is the button
Seat 1: 46982f42 ($10.19 in chips)
Seat 2: 2e37b0f0 ($11.36 in chips)
Seat 3: Hero ($22.57 in chips)
Seat 4: ae25d00b ($10.28 in chips)
Seat 5: 88e75a90 ($2.31 in chips)
Seat 6: 5282772e ($10.1 in chips)
ae25d00b: posts small blind $0.05
88e75a90: posts big blind $0.1
*** HOLE CARDS ***
Dealt to 46982f42 
Dealt to 2e37b0f0 
Dealt to Hero [9s 9c]
Dealt to ae25d00b 
Dealt to 88e75a90 
Dealt to 5282772e 
5282772e: folds
46982f42: folds
2e37b0f0: folds
Hero: raises $0.14 to $0.24
ae25d00b: calls $0.19
88e75a90: calls $0.14
*** FLOP *** [6d Qd 4d]
ae25d00b: checks
88e75a90: bets $0.26
Hero: folds
ae25d00b: folds
Uncalled bet ($0.26) returned to 88e75a90
*** SHOWDOWN ***
88e75a90 collected $0.69 from pot
*** SUMMARY ***
Total pot $0.72 | Rake $0.03 | Jackpot $0 | Bingo $0 | Fortune $0 | Tax $0
Board [6d Qd 4d]
Seat 1: 46982f42 folded before Flop (didn't bet)
Seat 2: 2e37b0f0 folded before Flop (didn't bet)
Seat 3: Hero (button) folded on the Flop
Seat 4: ae25d00b (small blind) folded on the Flop
Seat 5: 88e75a90 (big blind) won ($0.69)
Seat 6: 5282772e folded before Flop (didn't bet)


Poker Hand #HD1778174454: Hold'em No Limit ($0.05/$0.1) - 2024/05/18 19:26:14
Table 'NLHRed14' 6-max Seat #2 is the button
Seat 1: 46982f42 ($10.19 in chips)
Seat 2: 2e37b0f0 ($11.36 in chips)
Seat 3: Hero ($22.62 in chips)
Seat 4: ae25d00b ($10.51 in chips)
Seat 5: 88e75a90 ($2.05 in chips)
Seat 6: 5282772e ($10.1 in chips)
Hero: posts small blind $0.05
ae25d00b: posts big blind $0.1
*** HOLE CARDS ***
Dealt to 46982f42 
Dealt to 2e37b0f0 
Dealt to Hero [6c Qd]
Dealt to ae25d00b 
Dealt to 88e75a90 
Dealt to 5282772e 
88e75a90: raises $0.13 to $0.23
5282772e: folds
46982f42: folds
2e37b0f0: folds
Hero: folds
ae25d00b: calls $0.13
*** FLOP *** [6s Kd Tc]
ae25d00b: checks
88e75a90: checks
*** TURN *** [6s Kd Tc] [5d]
ae25d00b: checks
88e75a90: bets $0.19
ae25d00b: folds
Uncalled bet ($0.19) returned to 88e75a90
*** SHOWDOWN ***
88e75a90 collected $0.49 from pot
*** SUMMARY ***
Total pot $0.51 | Rake $0.02 | Jackpot $0 | Bingo $0 | Fortune $0 | Tax $0
Board [6s Kd Tc 5d]
Seat 1: 46982f42 folded before Flop (didn't bet)
Seat 2: 2e37b0f0 (button) folded before Flop (didn't bet)
Seat 3: Hero (small blind) folded before Flop
Seat 4: ae25d00b (big blind) folded on the Turn
Seat 5: 88e75a90 won ($0.49)
Seat 6: 5282772e folded before Flop (didn't bet)


Poker Hand #HD1778174408: Hold'em No Limit ($0.05/$0.1) - 2024/05/18 19:25:50
Table 'NLHRed14' 6-max Seat #1 is the button
Seat 1: 46982f42 ($10.19 in chips)
Seat 2: 2e37b0f0 ($11.41 in chips)
Seat 3: Hero ($22.72 in chips)
Seat 4: ae25d00b ($10.51 in chips)
Seat 5: 88e75a90 ($1.9 in chips)
Seat 6: 5282772e ($10.1 in chips)
2e37b0f0: posts small blind $0.05
Hero: posts big blind $0.1
*** HOLE CARDS ***
Dealt to 46982f42 
Dealt to 2e37b0f0 
Dealt to Hero [8h 3c]
Dealt to ae25d00b 
Dealt to 88e75a90 
Dealt to 5282772e 
ae25d00b: folds
88e75a90: raises $0.26 to $0.36
5282772e: folds
46982f42: folds
2e37b0f0: folds
Hero: folds
Uncalled bet ($0.26) returned to 88e75a90
*** SHOWDOWN ***
88e75a90 collected $0.25 from pot
*** SUMMARY ***
Total pot $0.25 | Rake $0 | Jackpot $0 | Bingo $0 | Fortune $0 | Tax $0
Seat 1: 46982f42 (button) folded before Flop (didn't bet)
Seat 2: 2e37b0f0 (small blind) folded before Flop
Seat 3: Hero (big blind) folded before Flop
Seat 4: ae25d00b folded before Flop (didn't bet)
Seat 5: 88e75a90 collected ($0.25)
Seat 6: 5282772e folded before Flop (didn't bet)


Poker Hand #HD1778174276: Hold'em No Limit ($0.05/$0.1) - 2024/05/18 19:24:50
Table 'NLHRed14' 6-max Seat #6 is the button
Seat 1: 46982f42 ($10 in chips)
Seat 2: 2e37b0f0 ($11.51 in chips)
Seat 3: Hero ($22.72 in chips)
Seat 4: ae25d00b ($10.51 in chips)
Seat 5: 88e75a90 ($2 in chips)
Seat 6: 5282772e ($10.1 in chips)
46982f42: posts small blind $0.05
2e37b0f0: posts big blind $0.1
88e75a90: posts big blind $0.1
*** HOLE CARDS ***
Dealt to 46982f42 
Dealt to 2e37b0f0 
Dealt to Hero [3s 3c]
Dealt to ae25d00b 
Dealt to 88e75a90 
Dealt to 5282772e 
Hero: folds
ae25d00b: folds
88e75a90: checks
5282772e: folds
46982f42: raises $0.4 to $0.5
2e37b0f0: folds
88e75a90: folds
Uncalled bet ($0.4) returned to 46982f42
*** SHOWDOWN ***
46982f42 collected $0.29 from pot
*** SUMMARY ***
Total pot $0.3 | Rake $0.01 | Jackpot $0 | Bingo $0 | Fortune $0 | Tax $0
Seat 1: 46982f42 (small blind) collected ($0.29)
Seat 2: 2e37b0f0 (big blind) folded before Flop
Seat 3: Hero folded before Flop (didn't bet)
Seat 4: ae25d00b folded before Flop (didn't bet)
Seat 5: 88e75a90 folded before Flop
Seat 6: 5282772e (button) folded before Flop (didn't bet)


Poker Hand #HD1778174233: Hold'em No Limit ($0.05/$0.1) - 2024/05/18 19:24:29
Table 'NLHRed14' 6-max Seat #4 is the button
Seat 1: 46982f42 ($10 in chips)
Seat 2: 2e37b0f0 ($11.51 in chips)
Seat 3: Hero ($22.72 in chips)
Seat 4: ae25d00b ($10.51 in chips)
Seat 6: 5282772e ($10 in chips)
5282772e: posts small blind $0.05
46982f42: posts big blind $0.1
*** HOLE CARDS ***
Dealt to 46982f42 
Dealt to 2e37b0f0 
Dealt to Hero [3d 8h]
Dealt to ae25d00b 
Dealt to 5282772e 
2e37b0f0: folds
Hero: folds
ae25d00b: folds
5282772e: raises $0.2 to $0.3
46982f42: folds
Uncalled bet ($0.2) returned to 5282772e
*** SHOWDOWN ***
5282772e collected $0.2 from pot
*** SUMMARY ***
Total pot $0.2 | Rake $0 | Jackpot $0 | Bingo $0 | Fortune $0 | Tax $0
Seat 1: 46982f42 (big blind) folded before Flop
Seat 2: 2e37b0f0 folded before Flop (didn't bet)
Seat 3: Hero folded before Flop (didn't bet)
Seat 4: ae25d00b (button) folded before Flop (didn't bet)
Seat 6: 5282772e (small blind) collected ($0.2)


Poker Hand #HD1778174159: Hold'em No Limit ($0.05/$0.1) - 2024/05/18 19:23:55
Table 'NLHRed14' 6-max Seat #3 is the button
Seat 1: 46982f42 ($10 in chips)
Seat 2: 2e37b0f0 ($11.36 in chips)
Seat 3: Hero ($22.72 in chips)
Seat 4: ae25d00b ($10.56 in chips)
Seat 6: 5282772e ($10 in chips)
ae25d00b: posts small blind $0.05
5282772e: posts big blind $0.1
*** HOLE CARDS ***
Dealt to 46982f42 
Dealt to 2e37b0f0 
Dealt to Hero [6h 2h]
Dealt to ae25d00b 
Dealt to 5282772e 
46982f42: folds
2e37b0f0: raises $0.11 to $0.21
Hero: folds
ae25d00b: folds
5282772e: folds
Uncalled bet ($0.11) returned to 2e37b0f0
*** SHOWDOWN ***
2e37b0f0 collected $0.25 from pot
*** SUMMARY ***
Total pot $0.25 | Rake $0 | Jackpot $0 | Bingo $0 | Fortune $0 | Tax $0
Seat 1: 46982f42 folded before Flop (didn't bet)
Seat 2: 2e37b0f0 collected ($0.25)
Seat 3: Hero (button) folded before Flop (didn't bet)
Seat 4: ae25d00b (small blind) folded before Flop
Seat 6: 5282772e (big blind) folded before Flop


Poker Hand #HD1778174072: Hold'em No Limit ($0.05/$0.1) - 2024/05/18 19:23:12
Table 'NLHRed14' 6-max Seat #2 is the button
Seat 1: 46982f42 ($10 in chips)
Seat 2: 2e37b0f0 ($11.93 in chips)
Seat 3: Hero ($22.77 in chips)
Seat 4: ae25d00b ($10 in chips)
Seat 5: aaccc07c ($22.35 in chips)
Seat 6: 5282772e ($10 in chips)
Hero: posts small blind $0.05
ae25d00b: posts big blind $0.1
*** HOLE CARDS ***
Dealt to 46982f42 
Dealt to 2e37b0f0 
Dealt to Hero [5s Js]
Dealt to ae25d00b 
Dealt to aaccc07c 
Dealt to 5282772e 
aaccc07c: folds
5282772e: folds
46982f42: folds
2e37b0f0: raises $0.11 to $0.21
Hero: folds
ae25d00b: calls $0.11
*** FLOP *** [8s 8d Ac]
ae25d00b: checks
2e37b0f0: bets $0.36
ae25d00b: calls $0.36
*** TURN *** [8s 8d Ac] [3h]
ae25d00b: checks
2e37b0f0: checks
*** RIVER *** [8s 8d Ac 3h] [Ah]
ae25d00b: bets $0.93
2e37b0f0: folds
Uncalled bet ($0.93) returned to ae25d00b
*** SHOWDOWN ***
ae25d00b collected $1.13 from pot
*** SUMMARY ***
Total pot $1.19 | Rake $0.06 | Jackpot $0 | Bingo $0 | Fortune $0 | Tax $0
Board [8s 8d Ac 3h Ah]
Seat 1: 46982f42 folded before Flop (didn't bet)
Seat 2: 2e37b0f0 (button) folded on the River
Seat 3: Hero (small blind) folded before Flop
Seat 4: ae25d00b (big blind) won ($1.13)
Seat 5: aaccc07c folded before Flop (didn't bet)
Seat 6: 5282772e folded before Flop (didn't bet)


Poker Hand #HD1778173989: Hold'em No Limit ($0.05/$0.1) - 2024/05/18 19:22:34
Table 'NLHRed14' 6-max Seat #1 is the button
Seat 1: 46982f42 ($10 in chips)
Seat 2: 2e37b0f0 ($11.56 in chips)
Seat 3: Hero ($22.87 in chips)
Seat 4: ae25d00b ($10 in chips)
Seat 5: aaccc07c ($22.35 in chips)
Seat 6: 5282772e ($10.3 in chips)
2e37b0f0: posts small blind $0.05
Hero: posts big blind $0.1
*** HOLE CARDS ***
Dealt to 46982f42 
Dealt to 2e37b0f0 
Dealt to Hero [Kh Jd]
Dealt to ae25d00b 
Dealt to aaccc07c 
Dealt to 5282772e 
ae25d00b: folds
aaccc07c: folds
5282772e: raises $0.2 to $0.3
46982f42: folds
2e37b0f0: raises $1 to $1.3
Hero: folds
5282772e: folds
Uncalled bet ($1) returned to 2e37b0f0
*** SHOWDOWN ***
2e37b0f0 collected $0.67 from pot
*** SUMMARY ***
Total pot $0.7 | Rake $0.03 | Jackpot $0 | Bingo $0 | Fortune $0 | Tax $0
Seat 1: 46982f42 (button) folded before Flop (didn't bet)
Seat 2: 2e37b0f0 (small blind) collected ($0.67)
Seat 3: Hero (big blind) folded before Flop
Seat 4: ae25d00b folded before Flop (didn't bet)
Seat 5: aaccc07c folded before Flop (didn't bet)
Seat 6: 5282772e folded before Flop


Poker Hand #HD1778173932: Hold'em No Limit ($0.05/$0.1) - 2024/05/18 19:22:11
Table 'NLHRed14' 6-max Seat #6 is the button
Seat 1: 46982f42 ($10 in chips)
Seat 2: 2e37b0f0 ($11.66 in chips)
Seat 3: Hero ($22.87 in chips)
Seat 4: ae25d00b ($10 in chips)
Seat 5: aaccc07c ($22.35 in chips)
Seat 6: 5282772e ($10.15 in chips)
46982f42: posts small blind $0.05
2e37b0f0: posts big blind $0.1
*** HOLE CARDS ***
Dealt to 46982f42 
Dealt to 2e37b0f0 
Dealt to Hero [2c Qd]
Dealt to ae25d00b 
Dealt to aaccc07c 
Dealt to 5282772e 
Hero: folds
ae25d00b: folds
aaccc07c: folds
5282772e: raises $0.15 to $0.25
46982f42: folds
2e37b0f0: folds
Uncalled bet ($0.15) returned to 5282772e
*** SHOWDOWN ***
5282772e collected $0.25 from pot
*** SUMMARY ***
Total pot $0.25 | Rake $0 | Jackpot $0 | Bingo $0 | Fortune $0 | Tax $0
Seat 1: 46982f42 (small blind) folded before Flop
Seat 2: 2e37b0f0 (big blind) folded before Flop
Seat 3: Hero folded before Flop (didn't bet)
Seat 4: ae25d00b folded before Flop (didn't bet)
Seat 5: aaccc07c folded before Flop (didn't bet)
Seat 6: 5282772e (button) collected ($0.25)


Poker Hand #HD1778173673: Hold'em No Limit ($0.05/$0.1) - 2024/05/18 19:20:15
Table 'NLHRed14' 6-max Seat #5 is the button
Seat 1: 46982f42 ($10 in chips)
Seat 2: 2e37b0f0 ($11.66 in chips)
Seat 3: Hero ($11.91 in chips)
Seat 4: ae25d00b ($18.14 in chips)
Seat 5: aaccc07c ($22.35 in chips)
Seat 6: 5282772e ($10.2 in chips)
5282772e: posts small blind $0.05
46982f42: posts big blind $0.1
*** HOLE CARDS ***
Dealt to 46982f42 
Dealt to 2e37b0f0 
Dealt to Hero [Kd Ks]
Dealt to ae25d00b 
Dealt to aaccc07c 
Dealt to 5282772e 
2e37b0f0: folds
Hero: raises $0.1 to $0.2
ae25d00b: calls $0.2
aaccc07c: folds
5282772e: folds
46982f42: folds
*** FLOP *** [Kc 9d 7c]
Hero: checks
ae25d00b: bets $0.17
Hero: raises $0.17 to $0.34
ae25d00b: raises $0.87 to $1.21
Hero: calls $0.87
*** TURN *** [Kc 9d 7c] [Qd]
Hero: checks
ae25d00b: checks
*** RIVER *** [Kc 9d 7c Qd] [Qc]
Hero: checks
ae25d00b: bets $2.52
Hero: raises $7.98 to $10.5 and is all-in
ae25d00b: calls $7.98
Hero: shows [Kd Ks] (Kings Full over Queens)
ae25d00b: shows [Ac Jc] (Ace High Flush)
*** SHOWDOWN ***
Hero collected $22.87 from pot
*** SUMMARY ***
Total pot $23.97 | Rake $1 | Jackpot $0.1 | Bingo $0 | Fortune $0 | Tax $0
Board [Kc 9d 7c Qd Qc]
Seat 1: 46982f42 (big blind) folded before Flop
Seat 2: 2e37b0f0 folded before Flop (didn't bet)
Seat 3: Hero showed [Kd Ks] and won ($22.87) with Kings Full over Queens
Seat 4: ae25d00b showed [Ac Jc] and lost with Ace High Flush
Seat 5: aaccc07c (button) folded before Flop (didn't bet)
Seat 6: 5282772e (small blind) folded before Flop


Poker Hand #HD1778173658: Hold'em No Limit ($0.05/$0.1) - 2024/05/18 19:20:09
Table 'NLHRed14' 6-max Seat #4 is the button
Seat 2: 2e37b0f0 ($11.66 in chips)
Seat 3: Hero ($11.91 in chips)
Seat 4: ae25d00b ($18.14 in chips)
Seat 5: aaccc07c ($22.4 in chips)
Seat 6: 5282772e ($10.15 in chips)
aaccc07c: posts small blind $0.05
5282772e: posts big blind $0.1
*** HOLE CARDS ***
Dealt to 2e37b0f0 
Dealt to Hero [8h Jd]
Dealt to ae25d00b 
Dealt to aaccc07c 
Dealt to 5282772e 
2e37b0f0: folds
Hero: folds
ae25d00b: folds
aaccc07c: folds
Uncalled bet ($0.05) returned to 5282772e
*** SHOWDOWN ***
5282772e collected $0.1 from pot
*** SUMMARY ***
Total pot $0.1 | Rake $0 | Jackpot $0 | Bingo $0 | Fortune $0 | Tax $0
Seat 2: 2e37b0f0 folded before Flop (didn't bet)
Seat 3: Hero folded before Flop (didn't bet)
Seat 4: ae25d00b (button) folded before Flop (didn't bet)
Seat 5: aaccc07c (small blind) folded before Flop
Seat 6: 5282772e (big blind) collected ($0.1)


Poker Hand #HD1778173625: Hold'em No Limit ($0.05/$0.1) - 2024/05/18 19:19:55
Table 'NLHRed14' 6-max Seat #3 is the button
Seat 2: 2e37b0f0 ($11.66 in chips)
Seat 3: Hero ($11.91 in chips)
Seat 4: ae25d00b ($18.19 in chips)
Seat 5: aaccc07c ($22.35 in chips)
Seat 6: 5282772e ($10.15 in chips)
ae25d00b: posts small blind $0.05
aaccc07c: posts big blind $0.1
*** HOLE CARDS ***
Dealt to 2e37b0f0 
Dealt to Hero [7c 5d]
Dealt to ae25d00b 
Dealt to aaccc07c 
Dealt to 5282772e 
5282772e: folds
2e37b0f0: folds
Hero: folds
ae25d00b: folds
Uncalled bet ($0.05) returned to aaccc07c
*** SHOWDOWN ***
aaccc07c collected $0.1 from pot
*** SUMMARY ***
Total pot $0.1 | Rake $0 | Jackpot $0 | Bingo $0 | Fortune $0 | Tax $0
Seat 2: 2e37b0f0 folded before Flop (didn't bet)
Seat 3: Hero (button) folded before Flop (didn't bet)
Seat 4: ae25d00b (small blind) folded before Flop
Seat 5: aaccc07c (big blind) collected ($0.1)
Seat 6: 5282772e folded before Flop (didn't bet)


Poker Hand #HD1778173584: Hold'em No Limit ($0.05/$0.1) - 2024/05/18 19:19:40
Table 'NLHRed14' 6-max Seat #2 is the button
Seat 2: 2e37b0f0 ($11.66 in chips)
Seat 3: Hero ($11.96 in chips)
Seat 4: ae25d00b ($18.29 in chips)
Seat 5: aaccc07c ($22.2 in chips)
Seat 6: 5282772e ($10.15 in chips)
Hero: posts small blind $0.05
ae25d00b: posts big blind $0.1
*** HOLE CARDS ***
Dealt to 2e37b0f0 
Dealt to Hero [5c 9h]
Dealt to ae25d00b 
Dealt to aaccc07c 
Dealt to 5282772e 
aaccc07c: raises $0.15 to $0.25
5282772e: folds
2e37b0f0: folds
Hero: folds
ae25d00b: folds
Uncalled bet ($0.15) returned to aaccc07c
*** SHOWDOWN ***
aaccc07c collected $0.25 from pot
*** SUMMARY ***
Total pot $0.25 | Rake $0 | Jackpot $0 | Bingo $0 | Fortune $0 | Tax $0
Seat 2: 2e37b0f0 (button) folded before Flop (didn't bet)
Seat 3: Hero (small blind) folded before Flop
Seat 4: ae25d00b (big blind) folded before Flop
Seat 5: aaccc07c collected ($0.25)
Seat 6: 5282772e folded before Flop (didn't bet)


Poker Hand #HD1778173547: Hold'em No Limit ($0.05/$0.1) - 2024/05/18 19:19:23
Table 'NLHRed14' 6-max Seat #6 is the button
Seat 2: 2e37b0f0 ($11.71 in chips)
Seat 3: Hero ($12.06 in chips)
Seat 4: ae25d00b ($18.29 in chips)
Seat 5: aaccc07c ($22.2 in chips)
Seat 6: 5282772e ($10 in chips)
2e37b0f0: posts small blind $0.05
Hero: posts big blind $0.1
*** HOLE CARDS ***
Dealt to 2e37b0f0 
Dealt to Hero [7d Ks]
Dealt to ae25d00b 
Dealt to aaccc07c 
Dealt to 5282772e 
ae25d00b: folds
aaccc07c: folds
5282772e: raises $0.15 to $0.25
2e37b0f0: folds
Hero: folds
Uncalled bet ($0.15) returned to 5282772e
*** SHOWDOWN ***
5282772e collected $0.25 from pot
*** SUMMARY ***
Total pot $0.25 | Rake $0 | Jackpot $0 | Bingo $0 | Fortune $0 | Tax $0
Seat 2: 2e37b0f0 (small blind) folded before Flop
Seat 3: Hero (big blind) folded before Flop
Seat 4: ae25d00b folded before Flop (didn't bet)
Seat 5: aaccc07c folded before Flop (didn't bet)
Seat 6: 5282772e (button) collected ($0.25)


Poker Hand #HD1778173285: Hold'em No Limit ($0.05/$0.1) - 2024/05/18 19:17:30
Table 'NLHRed14' 6-max Seat #5 is the button
Seat 2: 2e37b0f0 ($11.81 in chips)
Seat 3: Hero ($12.06 in chips)
Seat 4: ae25d00b ($18.29 in chips)
Seat 5: aaccc07c ($13.15 in chips)
Seat 6: 5282772e ($10.05 in chips)
5282772e: posts small blind $0.05
2e37b0f0: posts big blind $0.1
*** HOLE CARDS ***
Dealt to 2e37b0f0 
Dealt to Hero [5h 5s]
Dealt to ae25d00b 
Dealt to aaccc07c 
Dealt to 5282772e 
Hero: folds
ae25d00b: folds
aaccc07c: raises $0.15 to $0.25
5282772e: raises $0.9 to $1.15
2e37b0f0: folds
aaccc07c: raises $1.2 to $2.35
5282772e: calls $1.2
*** FLOP *** [3d 2s 9h]
5282772e: checks
aaccc07c: bets $2.4
5282772e: calls $2.4
*** TURN *** [3d 2s 9h] [7c]
5282772e: checks
aaccc07c: bets $8.4 and is all-in
5282772e: calls $5.3 and is all-in
Uncalled bet ($3.1) returned to aaccc07c
aaccc07c: shows [Jd Js] (Pair of Jacks)
5282772e: shows [Td Ts] (Pair of Tens)
*** RIVER *** [3d 2s 9h 7c] [As]
*** SHOWDOWN ***
aaccc07c collected $19.1 from pot
*** SUMMARY ***
Total pot $20.2 | Rake $1 | Jackpot $0.1 | Bingo $0 | Fortune $0 | Tax $0
Board [3d 2s 9h 7c As]
Seat 2: 2e37b0f0 (big blind) folded before Flop
Seat 3: Hero folded before Flop (didn't bet)
Seat 4: ae25d00b folded before Flop (didn't bet)
Seat 5: aaccc07c (button) showed [Jd Js] and won ($19.1) with Pair of Jacks
Seat 6: 5282772e (small blind) showed [Td Ts] and lost with Pair of Tens


Poker Hand #HD1778173250: Hold'em No Limit ($0.05/$0.1) - 2024/05/18 19:17:12
Table 'NLHRed14' 6-max Seat #4 is the button
Seat 2: 2e37b0f0 ($11.66 in chips)
Seat 3: Hero ($12.06 in chips)
Seat 4: ae25d00b ($18.29 in chips)
Seat 5: aaccc07c ($13.2 in chips)
Seat 6: 5282772e ($10.15 in chips)
aaccc07c: posts small blind $0.05
5282772e: posts big blind $0.1
*** HOLE CARDS ***
Dealt to 2e37b0f0 
Dealt to Hero [5d 7c]
Dealt to ae25d00b 
Dealt to aaccc07c 
Dealt to 5282772e 
2e37b0f0: raises $0.11 to $0.21
Hero: folds
ae25d00b: folds
aaccc07c: folds
5282772e: folds
Uncalled bet ($0.11) returned to 2e37b0f0
*** SHOWDOWN ***
2e37b0f0 collected $0.25 from pot
*** SUMMARY ***
Total pot $0.25 | Rake $0 | Jackpot $0 | Bingo $0 | Fortune $0 | Tax $0
Seat 2: 2e37b0f0 collected ($0.25)
Seat 3: Hero folded before Flop (didn't bet)
Seat 4: ae25d00b (button) folded before Flop (didn't bet)
Seat 5: aaccc07c (small blind) folded before Flop
Seat 6: 5282772e (big blind) folded before Flop


Poker Hand #HD1778173178: Hold'em No Limit ($0.05/$0.1) - 2024/05/18 19:16:42
Table 'NLHRed14' 6-max Seat #3 is the button
Seat 2: 2e37b0f0 ($11.66 in chips)
Seat 3: Hero ($12.06 in chips)
Seat 4: ae25d00b ($18.34 in chips)
Seat 5: aaccc07c ($13.3 in chips)
Seat 6: 5282772e ($10 in chips)
ae25d00b: posts small blind $0.05
aaccc07c: posts big blind $0.1
*** HOLE CARDS ***
Dealt to 2e37b0f0 
Dealt to Hero [Kd 8c]
Dealt to ae25d00b 
Dealt to aaccc07c 
Dealt to 5282772e 
5282772e: raises $0.15 to $0.25
2e37b0f0: folds
Hero: folds
ae25d00b: folds
aaccc07c: folds
Uncalled bet ($0.15) returned to 5282772e
*** SHOWDOWN ***
5282772e collected $0.25 from pot
*** SUMMARY ***
Total pot $0.25 | Rake $0 | Jackpot $0 | Bingo $0 | Fortune $0 | Tax $0
Seat 2: 2e37b0f0 folded before Flop (didn't bet)
Seat 3: Hero (button) folded before Flop (didn't bet)
Seat 4: ae25d00b (small blind) folded before Flop
Seat 5: aaccc07c (big blind) folded before Flop
Seat 6: 5282772e collected ($0.25)


Poker Hand #HD1778173144: Hold'em No Limit ($0.05/$0.1) - 2024/05/18 19:16:27
Table 'NLHRed14' 6-max Seat #2 is the button
Seat 1: 97a81435 ($10.83 in chips)
Seat 2: 2e37b0f0 ($11.66 in chips)
Seat 3: Hero ($12.11 in chips)
Seat 4: ae25d00b ($18.29 in chips)
Seat 5: aaccc07c ($13.3 in chips)
Seat 6: 5282772e ($10 in chips)
Hero: posts small blind $0.05
ae25d00b: posts big blind $0.1
*** HOLE CARDS ***
Dealt to 97a81435 
Dealt to 2e37b0f0 
Dealt to Hero [2h Ac]
Dealt to ae25d00b 
Dealt to aaccc07c 
Dealt to 5282772e 
aaccc07c: folds
5282772e: folds
97a81435: folds
2e37b0f0: folds
Hero: folds
Uncalled bet ($0.05) returned to ae25d00b
*** SHOWDOWN ***
ae25d00b collected $0.1 from pot
*** SUMMARY ***
Total pot $0.1 | Rake $0 | Jackpot $0 | Bingo $0 | Fortune $0 | Tax $0
Seat 1: 97a81435 folded before Flop (didn't bet)
Seat 2: 2e37b0f0 (button) folded before Flop (didn't bet)
Seat 3: Hero (small blind) folded before Flop
Seat 4: ae25d00b (big blind) collected ($0.1)
Seat 5: aaccc07c folded before Flop (didn't bet)
Seat 6: 5282772e folded before Flop (didn't bet)


Poker Hand #HD1778172926: Hold'em No Limit ($0.05/$0.1) - 2024/05/18 19:14:49
Table 'NLHRed14' 6-max Seat #1 is the button
Seat 1: 97a81435 ($10.83 in chips)
Seat 2: 2e37b0f0 ($11.71 in chips)
Seat 3: Hero ($12.63 in chips)
Seat 4: ae25d00b ($18.29 in chips)
Seat 5: aaccc07c ($12.54 in chips)
Seat 6: 5282772e ($10.15 in chips)
2e37b0f0: posts small blind $0.05
Hero: posts big blind $0.1
*** HOLE CARDS ***
Dealt to 97a81435 
Dealt to 2e37b0f0 
Dealt to Hero [4s Qs]
Dealt to ae25d00b 
Dealt to aaccc07c 
Dealt to 5282772e 
ae25d00b: folds
aaccc07c: raises $0.15 to $0.25
5282772e: calls $0.25
97a81435: folds
2e37b0f0: folds
Hero: calls $0.15
*** FLOP *** [6c 7s 5c]
Hero: checks
aaccc07c: checks
5282772e: checks
*** TURN *** [6c 7s 5c] [8d]
Hero: bets $0.27
aaccc07c: calls $0.27
5282772e: folds
*** RIVER *** [6c 7s 5c 8d] [Ts]
Hero: checks
aaccc07c: bets $1.7
Hero: folds
Uncalled bet ($1.7) returned to aaccc07c
*** SHOWDOWN ***
aaccc07c collected $1.28 from pot
*** SUMMARY ***
Total pot $1.34 | Rake $0.06 | Jackpot $0 | Bingo $0 | Fortune $0 | Tax $0
Board [6c 7s 5c 8d Ts]
Seat 1: 97a81435 (button) folded before Flop (didn't bet)
Seat 2: 2e37b0f0 (small blind) folded before Flop
Seat 3: Hero (big blind) folded on the River
Seat 4: ae25d00b folded before Flop (didn't bet)
Seat 5: aaccc07c won ($1.28)
Seat 6: 5282772e folded on the Turn


Poker Hand #HD1778172869: Hold'em No Limit ($0.05/$0.1) - 2024/05/18 19:14:23
Table 'NLHRed14' 6-max Seat #6 is the button
Seat 1: 97a81435 ($10.88 in chips)
Seat 2: 2e37b0f0 ($11.81 in chips)
Seat 3: Hero ($12.63 in chips)
Seat 4: ae25d00b ($18.29 in chips)
Seat 5: aaccc07c ($12.54 in chips)
Seat 6: 5282772e ($10 in chips)
97a81435: posts small blind $0.05
2e37b0f0: posts big blind $0.1
*** HOLE CARDS ***
Dealt to 97a81435 
Dealt to 2e37b0f0 
Dealt to Hero [Tc 8c]
Dealt to ae25d00b 
Dealt to aaccc07c 
Dealt to 5282772e 
Hero: folds
ae25d00b: folds
aaccc07c: folds
5282772e: raises $0.15 to $0.25
97a81435: folds
2e37b0f0: folds
Uncalled bet ($0.15) returned to 5282772e
*** SHOWDOWN ***
5282772e collected $0.25 from pot
*** SUMMARY ***
Total pot $0.25 | Rake $0 | Jackpot $0 | Bingo $0 | Fortune $0 | Tax $0
Seat 1: 97a81435 (small blind) folded before Flop
Seat 2: 2e37b0f0 (big blind) folded before Flop
Seat 3: Hero folded before Flop (didn't bet)
Seat 4: ae25d00b folded before Flop (didn't bet)
Seat 5: aaccc07c folded before Flop (didn't bet)
Seat 6: 5282772e (button) collected ($0.25)


Poker Hand #HD1778172832: Hold'em No Limit ($0.05/$0.1) - 2024/05/18 19:14:05
Table 'NLHRed14' 6-max Seat #5 is the button
Seat 1: 97a81435 ($10.98 in chips)
Seat 2: 2e37b0f0 ($11.66 in chips)
Seat 3: Hero ($12.63 in chips)
Seat 4: ae25d00b ($18.29 in chips)
Seat 5: aaccc07c ($12.54 in chips)
Seat 6: 5282772e ($10.05 in chips)
5282772e: posts small blind $0.05
97a81435: posts big blind $0.1
*** HOLE CARDS ***
Dealt to 97a81435 
Dealt to 2e37b0f0 
Dealt to Hero [Qh Jc]
Dealt to ae25d00b 
Dealt to aaccc07c 
Dealt to 5282772e 
2e37b0f0: raises $0.11 to $0.21
Hero: folds
ae25d00b: folds
aaccc07c: folds
5282772e: folds
97a81435: folds
Uncalled bet ($0.11) returned to 2e37b0f0
*** SHOWDOWN ***
2e37b0f0 collected $0.25 from pot
*** SUMMARY ***
Total pot $0.25 | Rake $0 | Jackpot $0 | Bingo $0 | Fortune $0 | Tax $0
Seat 1: 97a81435 (big blind) folded before Flop
Seat 2: 2e37b0f0 collected ($0.25)
Seat 3: Hero folded before Flop (didn't bet)
Seat 4: ae25d00b folded before Flop (didn't bet)
Seat 5: aaccc07c (button) folded before Flop (didn't bet)
Seat 6: 5282772e (small blind) folded before Flop


Poker Hand #HD1778172766: Hold'em No Limit ($0.05/$0.1) - 2024/05/18 19:13:40
Table 'NLHRed14' 6-max Seat #4 is the button
Seat 1: 97a81435 ($10.98 in chips)
Seat 2: 2e37b0f0 ($11.66 in chips)
Seat 3: Hero ($12.63 in chips)
Seat 4: ae25d00b ($18.29 in chips)
Seat 5: aaccc07c ($12.44 in chips)
Seat 6: 5282772e ($10.15 in chips)
aaccc07c: posts small blind $0.05
5282772e: posts big blind $0.1
*** HOLE CARDS ***
Dealt to 97a81435 
Dealt to 2e37b0f0 
Dealt to Hero [Ks 6h]
Dealt to ae25d00b 
Dealt to aaccc07c 
Dealt to 5282772e 
97a81435: folds
2e37b0f0: folds
Hero: folds
ae25d00b: folds
aaccc07c: raises $0.2 to $0.3
5282772e: folds
Uncalled bet ($0.2) returned to aaccc07c
*** SHOWDOWN ***
aaccc07c collected $0.2 from pot
*** SUMMARY ***
Total pot $0.2 | Rake $0 | Jackpot $0 | Bingo $0 | Fortune $0 | Tax $0
Seat 1: 97a81435 folded before Flop (didn't bet)
Seat 2: 2e37b0f0 folded before Flop (didn't bet)
Seat 3: Hero folded before Flop (didn't bet)
Seat 4: ae25d00b (button) folded before Flop (didn't bet)
Seat 5: aaccc07c (small blind) collected ($0.2)
Seat 6: 5282772e (big blind) folded before Flop


Poker Hand #HD1778172676: Hold'em No Limit ($0.05/$0.1) - 2024/05/18 19:12:50
Table 'NLHRed14' 6-max Seat #3 is the button
Seat 1: 97a81435 ($10.98 in chips)
Seat 2: 2e37b0f0 ($11.66 in chips)
Seat 3: Hero ($12.63 in chips)
Seat 4: ae25d00b ($18.49 in chips)
Seat 5: aaccc07c ($12.26 in chips)
ae25d00b: posts small blind $0.05
aaccc07c: posts big blind $0.1
*** HOLE CARDS ***
Dealt to 97a81435 
Dealt to 2e37b0f0 
Dealt to Hero [6h 8d]
Dealt to ae25d00b 
Dealt to aaccc07c 
97a81435: folds
2e37b0f0: folds
Hero: folds
ae25d00b: raises $0.1 to $0.2
aaccc07c: calls $0.1
*** FLOP *** [Jc Jd 5h]
ae25d00b: checks
aaccc07c: checks
*** TURN *** [Jc Jd 5h] [4s]
ae25d00b: checks
aaccc07c: checks
*** RIVER *** [Jc Jd 5h 4s] [3d]
ae25d00b: checks
aaccc07c: checks
ae25d00b: shows [Qd 2d] (Pair of Jacks)
aaccc07c: shows [2s Ks] (Pair of Jacks)
*** SHOWDOWN ***
aaccc07c collected $0.38 from pot
*** SUMMARY ***
Total pot $0.4 | Rake $0.02 | Jackpot $0 | Bingo $0 | Fortune $0 | Tax $0
Board [Jc Jd 5h 4s 3d]
Seat 1: 97a81435 folded before Flop (didn't bet)
Seat 2: 2e37b0f0 folded before Flop (didn't bet)
Seat 3: Hero (button) folded before Flop (didn't bet)
Seat 4: ae25d00b (small blind) showed [Qd 2d] and lost with Pair of Jacks
Seat 5: aaccc07c (big blind) showed [2s Ks] and won ($0.38) with Pair of Jacks


Poker Hand #HD1778172643: Hold'em No Limit ($0.05/$0.1) - 2024/05/18 19:12:38
Table 'NLHRed14' 6-max Seat #2 is the button
Seat 1: 97a81435 ($10.98 in chips)
Seat 2: 2e37b0f0 ($11.51 in chips)
Seat 3: Hero ($12.68 in chips)
Seat 4: ae25d00b ($18.59 in chips)
Seat 5: aaccc07c ($12.26 in chips)
Hero: posts small blind $0.05
ae25d00b: posts big blind $0.1
*** HOLE CARDS ***
Dealt to 97a81435 
Dealt to 2e37b0f0 
Dealt to Hero [Kh 6c]
Dealt to ae25d00b 
Dealt to aaccc07c 
aaccc07c: folds
97a81435: folds
2e37b0f0: raises $0.11 to $0.21
Hero: folds
ae25d00b: folds
Uncalled bet ($0.11) returned to 2e37b0f0
*** SHOWDOWN ***
2e37b0f0 collected $0.25 from pot
*** SUMMARY ***
Total pot $0.25 | Rake $0 | Jackpot $0 | Bingo $0 | Fortune $0 | Tax $0
Seat 1: 97a81435 folded before Flop (didn't bet)
Seat 2: 2e37b0f0 (button) collected ($0.25)
Seat 3: Hero (small blind) folded before Flop
Seat 4: ae25d00b (big blind) folded before Flop
Seat 5: aaccc07c folded before Flop (didn't bet)


Poker Hand #HD1778172553: Hold'em No Limit ($0.05/$0.1) - 2024/05/18 19:11:58
Table 'NLHRed14' 6-max Seat #1 is the button
Seat 1: 97a81435 ($11.23 in chips)
Seat 2: 2e37b0f0 ($11.19 in chips)
Seat 3: Hero ($12.78 in chips)
Seat 4: ae25d00b ($18.59 in chips)
Seat 5: aaccc07c ($12.26 in chips)
2e37b0f0: posts small blind $0.05
Hero: posts big blind $0.1
*** HOLE CARDS ***
Dealt to 97a81435 
Dealt to 2e37b0f0 
Dealt to Hero [5h 6s]
Dealt to ae25d00b 
Dealt to aaccc07c 
ae25d00b: folds
aaccc07c: folds
97a81435: raises $0.15 to $0.25
2e37b0f0: raises $0.95 to $1.2
Hero: folds
97a81435: folds
Uncalled bet ($0.95) returned to 2e37b0f0
*** SHOWDOWN ***
2e37b0f0 collected $0.57 from pot
*** SUMMARY ***
Total pot $0.6 | Rake $0.03 | Jackpot $0 | Bingo $0 | Fortune $0 | Tax $0
Seat 1: 97a81435 (button) folded before Flop
Seat 2: 2e37b0f0 (small blind) collected ($0.57)
Seat 3: Hero (big blind) folded before Flop
Seat 4: ae25d00b folded before Flop (didn't bet)
Seat 5: aaccc07c folded before Flop (didn't bet)


Poker Hand #HD1778172526: Hold'em No Limit ($0.05/$0.1) - 2024/05/18 19:11:47
Table 'NLHRed14' 6-max Seat #5 is the button
Seat 1: 97a81435 ($11.28 in chips)
Seat 2: 2e37b0f0 ($11.14 in chips)
Seat 3: Hero ($12.78 in chips)
Seat 4: ae25d00b ($18.59 in chips)
Seat 5: aaccc07c ($12.26 in chips)
97a81435: posts small blind $0.05
2e37b0f0: posts big blind $0.1
*** HOLE CARDS ***
Dealt to 97a81435 
Dealt to 2e37b0f0 
Dealt to Hero [Qc 6d]
Dealt to ae25d00b 
Dealt to aaccc07c 
Hero: folds
ae25d00b: folds
aaccc07c: folds
97a81435: folds
Uncalled bet ($0.05) returned to 2e37b0f0
*** SHOWDOWN ***
2e37b0f0 collected $0.1 from pot
*** SUMMARY ***
Total pot $0.1 | Rake $0 | Jackpot $0 | Bingo $0 | Fortune $0 | Tax $0
Seat 1: 97a81435 (small blind) folded before Flop
Seat 2: 2e37b0f0 (big blind) collected ($0.1)
Seat 3: Hero folded before Flop (didn't bet)
Seat 4: ae25d00b folded before Flop (didn't bet)
Seat 5: aaccc07c (button) folded before Flop (didn't bet)


Poker Hand #HD1778172358: Hold'em No Limit ($0.05/$0.1) - 2024/05/18 19:10:36
Table 'NLHRed14' 6-max Seat #4 is the button
Seat 1: 97a81435 ($11.76 in chips)
Seat 2: 2e37b0f0 ($11.14 in chips)
Seat 3: Hero ($12.12 in chips)
Seat 4: ae25d00b ($18.59 in chips)
Seat 5: aaccc07c ($12.5 in chips)
aaccc07c: posts small blind $0.05
97a81435: posts big blind $0.1
*** HOLE CARDS ***
Dealt to 97a81435 
Dealt to 2e37b0f0 
Dealt to Hero [Jc Kd]
Dealt to ae25d00b 
Dealt to aaccc07c 
2e37b0f0: folds
Hero: raises $0.14 to $0.24
ae25d00b: folds
aaccc07c: calls $0.19
97a81435: calls $0.14
*** FLOP *** [5d Ks Qc]
aaccc07c: checks
97a81435: checks
Hero: bets $0.24
aaccc07c: folds
97a81435: calls $0.24
*** TURN *** [5d Ks Qc] [3h]
97a81435: checks
Hero: bets $0.6
97a81435: folds
Uncalled bet ($0.6) returned to Hero
*** SHOWDOWN ***
Hero collected $1.14 from pot
*** SUMMARY ***
Total pot $1.2 | Rake $0.06 | Jackpot $0 | Bingo $0 | Fortune $0 | Tax $0
Board [5d Ks Qc 3h]
Seat 1: 97a81435 (big blind) folded on the Turn
Seat 2: 2e37b0f0 folded before Flop (didn't bet)
Seat 3: Hero won ($1.14)
Seat 4: ae25d00b (button) folded before Flop (didn't bet)
Seat 5: aaccc07c (small blind) folded on the Flop


Poker Hand #HD1778172325: Hold'em No Limit ($0.05/$0.1) - 2024/05/18 19:10:22
Table 'NLHRed14' 6-max Seat #3 is the button
Seat 1: 97a81435 ($11.61 in chips)
Seat 2: 2e37b0f0 ($11.14 in chips)
Seat 3: Hero ($12.12 in chips)
Seat 4: ae25d00b ($18.64 in chips)
Seat 5: aaccc07c ($12.6 in chips)
ae25d00b: posts small blind $0.05
aaccc07c: posts big blind $0.1
*** HOLE CARDS ***
Dealt to 97a81435 
Dealt to 2e37b0f0 
Dealt to Hero [8c Tc]
Dealt to ae25d00b 
Dealt to aaccc07c 
97a81435: raises $0.1 to $0.2
2e37b0f0: folds
Hero: folds
ae25d00b: folds
aaccc07c: folds
Uncalled bet ($0.1) returned to 97a81435
*** SHOWDOWN ***
97a81435 collected $0.25 from pot
*** SUMMARY ***
Total pot $0.25 | Rake $0 | Jackpot $0 | Bingo $0 | Fortune $0 | Tax $0
Seat 1: 97a81435 collected ($0.25)
Seat 2: 2e37b0f0 folded before Flop (didn't bet)
Seat 3: Hero (button) folded before Flop (didn't bet)
Seat 4: ae25d00b (small blind) folded before Flop
Seat 5: aaccc07c (big blind) folded before Flop


Poker Hand #HD1778172260: Hold'em No Limit ($0.05/$0.1) - 2024/05/18 19:09:54
Table 'NLHRed14' 6-max Seat #2 is the button
Seat 1: 97a81435 ($11.86 in chips)
Seat 2: 2e37b0f0 ($11.14 in chips)
Seat 3: Hero ($11.8 in chips)
Seat 4: ae25d00b ($18.74 in chips)
Seat 5: aaccc07c ($12.6 in chips)
Hero: posts small blind $0.05
ae25d00b: posts big blind $0.1
*** HOLE CARDS ***
Dealt to 97a81435 
Dealt to 2e37b0f0 
Dealt to Hero [8d 8s]
Dealt to ae25d00b 
Dealt to aaccc07c 
aaccc07c: folds
97a81435: raises $0.15 to $0.25
2e37b0f0: folds
Hero: raises $0.85 to $1.1
ae25d00b: folds
97a81435: folds
Uncalled bet ($0.85) returned to Hero
*** SHOWDOWN ***
Hero collected $0.57 from pot
*** SUMMARY ***
Total pot $0.6 | Rake $0.03 | Jackpot $0 | Bingo $0 | Fortune $0 | Tax $0
Seat 1: 97a81435 folded before Flop
Seat 2: 2e37b0f0 (button) folded before Flop (didn't bet)
Seat 3: Hero (small blind) collected ($0.57)
Seat 4: ae25d00b (big blind) folded before Flop
Seat 5: aaccc07c folded before Flop (didn't bet)


Poker Hand #HD1778172232: Hold'em No Limit ($0.05/$0.1) - 2024/05/18 19:09:40
Table 'NLHRed14' 6-max Seat #1 is the button
Seat 1: 97a81435 ($11.86 in chips)
Seat 2: 2e37b0f0 ($11.19 in chips)
Seat 3: Hero ($11.75 in chips)
Seat 4: ae25d00b ($18.74 in chips)
Seat 5: aaccc07c ($12.6 in chips)
2e37b0f0: posts small blind $0.05
Hero: posts big blind $0.1
*** HOLE CARDS ***
Dealt to 97a81435 
Dealt to 2e37b0f0 
Dealt to Hero [9c 6d]
Dealt to ae25d00b 
Dealt to aaccc07c 
ae25d00b: folds
aaccc07c: folds
97a81435: folds
2e37b0f0: folds
Uncalled bet ($0.05) returned to Hero
*** SHOWDOWN ***
Hero collected $0.1 from pot
*** SUMMARY ***
Total pot $0.1 | Rake $0 | Jackpot $0 | Bingo $0 | Fortune $0 | Tax $0
Seat 1: 97a81435 (button) folded before Flop (didn't bet)
Seat 2: 2e37b0f0 (small blind) folded before Flop
Seat 3: Hero (big blind) collected ($0.1)
Seat 4: ae25d00b folded before Flop (didn't bet)
Seat 5: aaccc07c folded before Flop (didn't bet)


Poker Hand #HD1778172194: Hold'em No Limit ($0.05/$0.1) - 2024/05/18 19:09:26
Table 'NLHRed14' 6-max Seat #5 is the button
Seat 1: 97a81435 ($11.91 in chips)
Seat 2: 2e37b0f0 ($11.29 in chips)
Seat 3: Hero ($11.75 in chips)
Seat 4: ae25d00b ($18.59 in chips)
Seat 5: aaccc07c ($12.6 in chips)
97a81435: posts small blind $0.05
2e37b0f0: posts big blind $0.1
*** HOLE CARDS ***
Dealt to 97a81435 
Dealt to 2e37b0f0 
Dealt to Hero [Jd 4c]
Dealt to ae25d00b 
Dealt to aaccc07c 
Hero: folds
ae25d00b: raises $0.15 to $0.25
aaccc07c: folds
97a81435: folds
2e37b0f0: folds
Uncalled bet ($0.15) returned to ae25d00b
*** SHOWDOWN ***
ae25d00b collected $0.25 from pot
*** SUMMARY ***
Total pot $0.25 | Rake $0 | Jackpot $0 | Bingo $0 | Fortune $0 | Tax $0
Seat 1: 97a81435 (small blind) folded before Flop
Seat 2: 2e37b0f0 (big blind) folded before Flop
Seat 3: Hero folded before Flop (didn't bet)
Seat 4: ae25d00b collected ($0.25)
Seat 5: aaccc07c (button) folded before Flop (didn't bet)


Poker Hand #HD1778172146: Hold'em No Limit ($0.05/$0.1) - 2024/05/18 19:09:03
Table 'NLHRed14' 6-max Seat #4 is the button
Seat 1: 97a81435 ($12.01 in chips)
Seat 2: 2e37b0f0 ($11.14 in chips)
Seat 3: Hero ($11.75 in chips)
Seat 4: ae25d00b ($18.59 in chips)
Seat 5: aaccc07c ($12.65 in chips)
aaccc07c: posts small blind $0.05
97a81435: posts big blind $0.1
*** HOLE CARDS ***
Dealt to 97a81435 
Dealt to 2e37b0f0 
Dealt to Hero [6h Kh]
Dealt to ae25d00b 
Dealt to aaccc07c 
2e37b0f0: raises $0.11 to $0.21
Hero: folds
ae25d00b: folds
aaccc07c: folds
97a81435: folds
Uncalled bet ($0.11) returned to 2e37b0f0
*** SHOWDOWN ***
2e37b0f0 collected $0.25 from pot
*** SUMMARY ***
Total pot $0.25 | Rake $0 | Jackpot $0 | Bingo $0 | Fortune $0 | Tax $0
Seat 1: 97a81435 (big blind) folded before Flop
Seat 2: 2e37b0f0 collected ($0.25)
Seat 3: Hero folded before Flop (didn't bet)
Seat 4: ae25d00b (button) folded before Flop (didn't bet)
Seat 5: aaccc07c (small blind) folded before Flop


Poker Hand #HD1778172091: Hold'em No Limit ($0.05/$0.1) - 2024/05/18 19:08:40
Table 'NLHRed14' 6-max Seat #3 is the button
Seat 1: 97a81435 ($12.01 in chips)
Seat 2: 2e37b0f0 ($11.14 in chips)
Seat 3: Hero ($11.75 in chips)
Seat 4: ae25d00b ($18.64 in chips)
Seat 5: aaccc07c ($12.75 in chips)
Seat 6: 5282772e ($10 in chips)
ae25d00b: posts small blind $0.05
aaccc07c: posts big blind $0.1
*** HOLE CARDS ***
Dealt to 97a81435 
Dealt to 2e37b0f0 
Dealt to Hero [6s 5d]
Dealt to ae25d00b 
Dealt to aaccc07c 
Dealt to 5282772e 
5282772e: raises $0.15 to $0.25
97a81435: folds
2e37b0f0: folds
Hero: folds
ae25d00b: folds
aaccc07c: folds
Uncalled bet ($0.15) returned to 5282772e
*** SHOWDOWN ***
5282772e collected $0.25 from pot
*** SUMMARY ***
Total pot $0.25 | Rake $0 | Jackpot $0 | Bingo $0 | Fortune $0 | Tax $0
Seat 1: 97a81435 folded before Flop (didn't bet)
Seat 2: 2e37b0f0 folded before Flop (didn't bet)
Seat 3: Hero (button) folded before Flop (didn't bet)
Seat 4: ae25d00b (small blind) folded before Flop
Seat 5: aaccc07c (big blind) folded before Flop
Seat 6: 5282772e collected ($0.25)


Poker Hand #HD1778171970: Hold'em No Limit ($0.05/$0.1) - 2024/05/18 19:07:44
Table 'NLHRed14' 6-max Seat #2 is the button
Seat 1: 97a81435 ($12.01 in chips)
Seat 2: 2e37b0f0 ($10.68 in chips)
Seat 3: Hero ($11.8 in chips)
Seat 4: ae25d00b ($19.09 in chips)
Seat 5: aaccc07c ($12.75 in chips)
Seat 6: 5282772e ($10 in chips)
Hero: posts small blind $0.05
ae25d00b: posts big blind $0.1
*** HOLE CARDS ***
Dealt to 97a81435 
Dealt to 2e37b0f0 
Dealt to Hero [3s Td]
Dealt to ae25d00b 
Dealt to aaccc07c 
Dealt to 5282772e 
aaccc07c: folds
5282772e: folds
97a81435: folds
2e37b0f0: raises $0.11 to $0.21
Hero: folds
ae25d00b: calls $0.11
*** FLOP *** [Ad Ts 3d]
ae25d00b: checks
2e37b0f0: checks
*** TURN *** [Ad Ts 3d] [Kc]
ae25d00b: checks
2e37b0f0: bets $0.24
ae25d00b: calls $0.24
*** RIVER *** [Ad Ts 3d Kc] [8d]
ae25d00b: checks
2e37b0f0: bets $0.72
ae25d00b: folds
Uncalled bet ($0.72) returned to 2e37b0f0
*** SHOWDOWN ***
2e37b0f0 collected $0.91 from pot
*** SUMMARY ***
Total pot $0.95 | Rake $0.04 | Jackpot $0 | Bingo $0 | Fortune $0 | Tax $0
Board [Ad Ts 3d Kc 8d]
Seat 1: 97a81435 folded before Flop (didn't bet)
Seat 2: 2e37b0f0 (button) won ($0.91)
Seat 3: Hero (small blind) folded before Flop
Seat 4: ae25d00b (big blind) folded on the River
Seat 5: aaccc07c folded before Flop (didn't bet)
Seat 6: 5282772e folded before Flop (didn't bet)


Poker Hand #HD1778171797: Hold'em No Limit ($0.05/$0.1) - 2024/05/18 19:06:28
Table 'NLHRed14' 6-max Seat #1 is the button
Seat 1: 97a81435 ($12.01 in chips)
Seat 2: 2e37b0f0 ($11.76 in chips)
Seat 3: Hero ($11.9 in chips)
Seat 4: ae25d00b ($18.02 in chips)
Seat 5: aaccc07c ($12.75 in chips)
Seat 6: 5282772e ($10 in chips)
2e37b0f0: posts small blind $0.05
Hero: posts big blind $0.1
*** HOLE CARDS ***
Dealt to 97a81435 
Dealt to 2e37b0f0 
Dealt to Hero [8c 2d]
Dealt to ae25d00b 
Dealt to aaccc07c 
Dealt to 5282772e 
ae25d00b: raises $0.15 to $0.25
aaccc07c: folds
5282772e: folds
97a81435: folds
2e37b0f0: calls $0.2
Hero: folds
*** FLOP *** [6s 4h 9c]
2e37b0f0: bets $0.15
ae25d00b: calls $0.15
*** TURN *** [6s 4h 9c] [2s]
2e37b0f0: bets $0.68
ae25d00b: calls $0.68
*** RIVER *** [6s 4h 9c 2s] [Js]
2e37b0f0: checks
ae25d00b: bets $2.17
2e37b0f0: folds
Uncalled bet ($2.17) returned to ae25d00b
*** SHOWDOWN ***
ae25d00b collected $2.15 from pot
*** SUMMARY ***
Total pot $2.26 | Rake $0.11 | Jackpot $0 | Bingo $0 | Fortune $0 | Tax $0
Board [6s 4h 9c 2s Js]
Seat 1: 97a81435 (button) folded before Flop (didn't bet)
Seat 2: 2e37b0f0 (small blind) folded on the River
Seat 3: Hero (big blind) folded before Flop
Seat 4: ae25d00b won ($2.15)
Seat 5: aaccc07c folded before Flop (didn't bet)
Seat 6: 5282772e folded before Flop (didn't bet)


Poker Hand #HD1778171554: Hold'em No Limit ($0.05/$0.1) - 2024/05/18 19:04:47
Table 'NLHRed14' 6-max Seat #6 is the button
Seat 1: 97a81435 ($12.06 in chips)
Seat 2: 2e37b0f0 ($11.86 in chips)
Seat 3: Hero ($11.9 in chips)
Seat 4: ae25d00b ($18.02 in chips)
Seat 5: aaccc07c ($10 in chips)
Seat 6: 5282772e ($10.19 in chips)
97a81435: posts small blind $0.05
2e37b0f0: posts big blind $0.1
*** HOLE CARDS ***
Dealt to 97a81435 
Dealt to 2e37b0f0 
Dealt to Hero [2c Jc]
Dealt to ae25d00b 
Dealt to aaccc07c 
Dealt to 5282772e 
Hero: folds
ae25d00b: folds
aaccc07c: raises $0.1 to $0.2
5282772e: raises $0.55 to $0.75
97a81435: folds
2e37b0f0: folds
aaccc07c: raises $1.35 to $2.1
5282772e: calls $1.35
*** FLOP *** [Jh Ac 9h]
aaccc07c: bets $0.4
5282772e: calls $0.4
*** TURN *** [Jh Ac 9h] [6s]
aaccc07c: bets $0.5
5282772e: calls $0.5
*** RIVER *** [Jh Ac 9h 6s] [Tc]
aaccc07c: checks
5282772e: checks
aaccc07c: shows [Kd Ks] (Pair of Kings)
5282772e: shows [Kc 9c] (Pair of Nines)
*** SHOWDOWN ***
aaccc07c collected $5.75 from pot
*** SUMMARY ***
Total pot $6.15 | Rake $0.3 | Jackpot $0.1 | Bingo $0 | Fortune $0 | Tax $0
Board [Jh Ac 9h 6s Tc]
Seat 1: 97a81435 (small blind) folded before Flop
Seat 2: 2e37b0f0 (big blind) folded before Flop
Seat 3: Hero folded before Flop (didn't bet)
Seat 4: ae25d00b folded before Flop (didn't bet)
Seat 5: aaccc07c showed [Kd Ks] and won ($5.75) with Pair of Kings
Seat 6: 5282772e (button) showed [Kc 9c] and lost with Pair of Nines


Poker Hand #HD1778171453: Hold'em No Limit ($0.05/$0.1) - 2024/05/18 19:04:05
Table 'NLHRed14' 6-max Seat #5 is the button
Seat 1: 97a81435 ($12.51 in chips)
Seat 2: 2e37b0f0 ($11.4 in chips)
Seat 3: Hero ($11.9 in chips)
Seat 4: ae25d00b ($18.02 in chips)
Seat 5: aaccc07c ($10 in chips)
Seat 6: 5282772e ($10.24 in chips)
5282772e: posts small blind $0.05
97a81435: posts big blind $0.1
*** HOLE CARDS ***
Dealt to 97a81435 
Dealt to 2e37b0f0 
Dealt to Hero [2c 6d]
Dealt to ae25d00b 
Dealt to aaccc07c 
Dealt to 5282772e 
2e37b0f0: raises $0.11 to $0.21
Hero: folds
ae25d00b: folds
aaccc07c: folds
5282772e: folds
97a81435: calls $0.11
*** FLOP *** [9c 4s 7s]
97a81435: checks
2e37b0f0: checks
*** TURN *** [9c 4s 7s] [3c]
97a81435: bets $0.24
2e37b0f0: calls $0.24
*** RIVER *** [9c 4s 7s 3c] [Ac]
97a81435: checks
2e37b0f0: bets $1.2
97a81435: folds
Uncalled bet ($1.2) returned to 2e37b0f0
*** SHOWDOWN ***
2e37b0f0 collected $0.91 from pot
*** SUMMARY ***
Total pot $0.95 | Rake $0.04 | Jackpot $0 | Bingo $0 | Fortune $0 | Tax $0
Board [9c 4s 7s 3c Ac]
Seat 1: 97a81435 (big blind) folded on the River
Seat 2: 2e37b0f0 won ($0.91)
Seat 3: Hero folded before Flop (didn't bet)
Seat 4: ae25d00b folded before Flop (didn't bet)
Seat 5: aaccc07c (button) folded before Flop (didn't bet)
Seat 6: 5282772e (small blind) folded before Flop


Poker Hand #HD1778171387: Hold'em No Limit ($0.05/$0.1) - 2024/05/18 19:03:37
Table 'NLHRed14' 6-max Seat #4 is the button
Seat 1: 97a81435 ($12.51 in chips)
Seat 2: 2e37b0f0 ($11.61 in chips)
Seat 3: Hero ($11.9 in chips)
Seat 4: ae25d00b ($18.02 in chips)
Seat 5: aaccc07c ($10 in chips)
Seat 6: 5282772e ($10 in chips)
aaccc07c: posts small blind $0.05
5282772e: posts big blind $0.1
*** HOLE CARDS ***
Dealt to 97a81435 
Dealt to 2e37b0f0 
Dealt to Hero [9h Ts]
Dealt to ae25d00b 
Dealt to aaccc07c 
Dealt to 5282772e 
97a81435: folds
2e37b0f0: raises $0.11 to $0.21
Hero: folds
ae25d00b: folds
aaccc07c: folds
5282772e: raises $0.99 to $1.2
2e37b0f0: folds
Uncalled bet ($0.99) returned to 5282772e
*** SHOWDOWN ***
5282772e collected $0.45 from pot
*** SUMMARY ***
Total pot $0.47 | Rake $0.02 | Jackpot $0 | Bingo $0 | Fortune $0 | Tax $0
Seat 1: 97a81435 folded before Flop (didn't bet)
Seat 2: 2e37b0f0 folded before Flop
Seat 3: Hero folded before Flop (didn't bet)
Seat 4: ae25d00b (button) folded before Flop (didn't bet)
Seat 5: aaccc07c (small blind) folded before Flop
Seat 6: 5282772e (big blind) collected ($0.45)


Poker Hand #HD1778171326: Hold'em No Limit ($0.05/$0.1) - 2024/05/18 19:03:14
Table 'NLHRed14' 6-max Seat #3 is the button
Seat 1: 97a81435 ($12.51 in chips)
Seat 2: 2e37b0f0 ($11.61 in chips)
Seat 3: Hero ($11.9 in chips)
Seat 4: ae25d00b ($17.92 in chips)
Seat 5: aaccc07c ($10 in chips)
Seat 6: 5282772e ($10 in chips)
ae25d00b: posts small blind $0.05
aaccc07c: posts big blind $0.1
*** HOLE CARDS ***
Dealt to 97a81435 
Dealt to 2e37b0f0 
Dealt to Hero [2d Kh]
Dealt to ae25d00b 
Dealt to aaccc07c 
Dealt to 5282772e 
5282772e: folds
97a81435: folds
2e37b0f0: folds
Hero: folds
ae25d00b: raises $0.2 to $0.3
aaccc07c: folds
Uncalled bet ($0.2) returned to ae25d00b
*** SHOWDOWN ***
ae25d00b collected $0.2 from pot
*** SUMMARY ***
Total pot $0.2 | Rake $0 | Jackpot $0 | Bingo $0 | Fortune $0 | Tax $0
Seat 1: 97a81435 folded before Flop (didn't bet)
Seat 2: 2e37b0f0 folded before Flop (didn't bet)
Seat 3: Hero (button) folded before Flop (didn't bet)
Seat 4: ae25d00b (small blind) collected ($0.2)
Seat 5: aaccc07c (big blind) folded before Flop
Seat 6: 5282772e folded before Flop (didn't bet)


Poker Hand #HD1778171255: Hold'em No Limit ($0.05/$0.1) - 2024/05/18 19:02:44
Table 'NLHRed14' 6-max Seat #2 is the button
Seat 1: 97a81435 ($12.14 in chips)
Seat 2: 2e37b0f0 ($11.61 in chips)
Seat 3: Hero ($11.95 in chips)
Seat 4: ae25d00b ($18.02 in chips)
Seat 5: aaccc07c ($10 in chips)
Seat 6: 5282772e ($10 in chips)
Hero: posts small blind $0.05
ae25d00b: posts big blind $0.1
*** HOLE CARDS ***
Dealt to 97a81435 
Dealt to 2e37b0f0 
Dealt to Hero [Qs 2c]
Dealt to ae25d00b 
Dealt to aaccc07c 
Dealt to 5282772e 
aaccc07c: folds
5282772e: raises $0.15 to $0.25
97a81435: raises $0.49 to $0.74
2e37b0f0: folds
Hero: folds
ae25d00b: folds
5282772e: folds
Uncalled bet ($0.49) returned to 97a81435
*** SHOWDOWN ***
97a81435 collected $0.62 from pot
*** SUMMARY ***
Total pot $0.65 | Rake $0.03 | Jackpot $0 | Bingo $0 | Fortune $0 | Tax $0
Seat 1: 97a81435 collected ($0.62)
Seat 2: 2e37b0f0 (button) folded before Flop (didn't bet)
Seat 3: Hero (small blind) folded before Flop
Seat 4: ae25d00b (big blind) folded before Flop
Seat 5: aaccc07c folded before Flop (didn't bet)
Seat 6: 5282772e folded before Flop


Poker Hand #HD1778171188: Hold'em No Limit ($0.05/$0.1) - 2024/05/18 19:02:15
Table 'NLHRed14' 6-max Seat #1 is the button
Seat 1: 97a81435 ($12.14 in chips)
Seat 2: 2e37b0f0 ($11.66 in chips)
Seat 3: Hero ($12.05 in chips)
Seat 4: ae25d00b ($17.87 in chips)
Seat 5: aaccc07c ($10 in chips)
Seat 6: 5282772e ($10 in chips)
2e37b0f0: posts small blind $0.05
Hero: posts big blind $0.1
*** HOLE CARDS ***
Dealt to 97a81435 
Dealt to 2e37b0f0 
Dealt to Hero [4c Qd]
Dealt to ae25d00b 
Dealt to aaccc07c 
Dealt to 5282772e 
ae25d00b: raises $0.15 to $0.25
aaccc07c: folds
5282772e: folds
97a81435: folds
2e37b0f0: folds
Hero: folds
Uncalled bet ($0.15) returned to ae25d00b
*** SHOWDOWN ***
ae25d00b collected $0.25 from pot
*** SUMMARY ***
Total pot $0.25 | Rake $0 | Jackpot $0 | Bingo $0 | Fortune $0 | Tax $0
Seat 1: 97a81435 (button) folded before Flop (didn't bet)
Seat 2: 2e37b0f0 (small blind) folded before Flop
Seat 3: Hero (big blind) folded before Flop
Seat 4: ae25d00b collected ($0.25)
Seat 5: aaccc07c folded before Flop (didn't bet)
Seat 6: 5282772e folded before Flop (didn't bet)


Poker Hand #HD1778170991: Hold'em No Limit ($0.05/$0.1) - 2024/05/18 19:00:55
Table 'NLHRed14' 6-max Seat #6 is the button
Seat 1: 97a81435 ($12.19 in chips)
Seat 2: 2e37b0f0 ($11.76 in chips)
Seat 3: Hero ($12.05 in chips)
Seat 4: ae25d00b ($17.32 in chips)
Seat 5: aaccc07c ($10 in chips)
Seat 6: 5282772e ($10.4 in chips)
97a81435: posts small blind $0.05
2e37b0f0: posts big blind $0.1
*** HOLE CARDS ***
Dealt to 97a81435 
Dealt to 2e37b0f0 
Dealt to Hero [9h Td]
Dealt to ae25d00b 
Dealt to aaccc07c 
Dealt to 5282772e 
Hero: folds
ae25d00b: raises $0.15 to $0.25
aaccc07c: folds
5282772e: calls $0.25
97a81435: folds
2e37b0f0: folds
*** FLOP *** [Js Ks 3h]
ae25d00b: bets $0.2
5282772e: calls $0.2
*** TURN *** [Js Ks 3h] [6c]
ae25d00b: checks
5282772e: checks
*** RIVER *** [Js Ks 3h 6c] [7d]
ae25d00b: checks
5282772e: checks
ae25d00b: shows [Jh Qc] (Pair of Jacks)
5282772e: shows [Ts Th] (Pair of Tens)
*** SHOWDOWN ***
ae25d00b collected $1 from pot
*** SUMMARY ***
Total pot $1.05 | Rake $0.05 | Jackpot $0 | Bingo $0 | Fortune $0 | Tax $0
Board [Js Ks 3h 6c 7d]
Seat 1: 97a81435 (small blind) folded before Flop
Seat 2: 2e37b0f0 (big blind) folded before Flop
Seat 3: Hero folded before Flop (didn't bet)
Seat 4: ae25d00b showed [Jh Qc] and won ($1) with Pair of Jacks
Seat 5: aaccc07c folded before Flop (didn't bet)
Seat 6: 5282772e (button) showed [Ts Th] and lost with Pair of Tens


Poker Hand #HD1778170923: Hold'em No Limit ($0.05/$0.1) - 2024/05/18 19:00:23
Table 'NLHRed14' 6-max Seat #5 is the button
Seat 1: 97a81435 ($12.29 in chips)
Seat 2: 2e37b0f0 ($11.61 in chips)
Seat 3: Hero ($12.05 in chips)
Seat 4: ae25d00b ($17.32 in chips)
Seat 5: aaccc07c ($10 in chips)
Seat 6: 5282772e ($10.45 in chips)
5282772e: posts small blind $0.05
97a81435: posts big blind $0.1
*** HOLE CARDS ***
Dealt to 97a81435 
Dealt to 2e37b0f0 
Dealt to Hero [Th 8d]
Dealt to ae25d00b 
Dealt to aaccc07c 
Dealt to 5282772e 
2e37b0f0: raises $0.11 to $0.21
Hero: folds
ae25d00b: folds
aaccc07c: folds
5282772e: folds
97a81435: folds
Uncalled bet ($0.11) returned to 2e37b0f0
*** SHOWDOWN ***
2e37b0f0 collected $0.25 from pot
*** SUMMARY ***
Total pot $0.25 | Rake $0 | Jackpot $0 | Bingo $0 | Fortune $0 | Tax $0
Seat 1: 97a81435 (big blind) folded before Flop
Seat 2: 2e37b0f0 collected ($0.25)
Seat 3: Hero folded before Flop (didn't bet)
Seat 4: ae25d00b folded before Flop (didn't bet)
Seat 5: aaccc07c (button) folded before Flop (didn't bet)
Seat 6: 5282772e (small blind) folded before Flop


Poker Hand #HD1778170784: Hold'em No Limit ($0.05/$0.1) - 2024/05/18 18:59:25
Table 'NLHRed14' 6-max Seat #4 is the button
Seat 1: 97a81435 ($12.29 in chips)
Seat 2: 2e37b0f0 ($11.61 in chips)
Seat 3: Hero ($12.05 in chips)
Seat 4: ae25d00b ($17.32 in chips)
Seat 5: aaccc07c ($10 in chips)
Seat 6: 5282772e ($10.27 in chips)
aaccc07c: posts small blind $0.05
5282772e: posts big blind $0.1
*** HOLE CARDS ***
Dealt to 97a81435 
Dealt to 2e37b0f0 
Dealt to Hero [Qh 9c]
Dealt to ae25d00b 
Dealt to aaccc07c 
Dealt to 5282772e 
97a81435: folds
2e37b0f0: folds
Hero: folds
ae25d00b: folds
aaccc07c: calls $0.05
5282772e: checks
*** FLOP *** [Qd 5d 7h]
aaccc07c: bets $0.1
5282772e: raises $0.48 to $0.58
aaccc07c: folds
Uncalled bet ($0.48) returned to 5282772e
*** SHOWDOWN ***
5282772e collected $0.38 from pot
*** SUMMARY ***
Total pot $0.4 | Rake $0.02 | Jackpot $0 | Bingo $0 | Fortune $0 | Tax $0
Board [Qd 5d 7h]
Seat 1: 97a81435 folded before Flop (didn't bet)
Seat 2: 2e37b0f0 folded before Flop (didn't bet)
Seat 3: Hero folded before Flop (didn't bet)
Seat 4: ae25d00b (button) folded before Flop (didn't bet)
Seat 5: aaccc07c (small blind) folded on the Flop
Seat 6: 5282772e (big blind) won ($0.38)


Poker Hand #HD1778170704: Hold'em No Limit ($0.05/$0.1) - 2024/05/18 18:58:55
Table 'NLHRed14' 6-max Seat #3 is the button
Seat 1: 97a81435 ($12.49 in chips)
Seat 2: 2e37b0f0 ($11.61 in chips)
Seat 3: Hero ($11.72 in chips)
Seat 4: ae25d00b ($17.37 in chips)
Seat 5: aaccc07c ($10 in chips)
Seat 6: 5282772e ($10.27 in chips)
ae25d00b: posts small blind $0.05
aaccc07c: posts big blind $0.1
*** HOLE CARDS ***
Dealt to 97a81435 
Dealt to 2e37b0f0 
Dealt to Hero [Qh Kh]
Dealt to ae25d00b 
Dealt to aaccc07c 
Dealt to 5282772e 
5282772e: folds
97a81435: raises $0.1 to $0.2
2e37b0f0: folds
Hero: raises $0.6 to $0.8
ae25d00b: folds
aaccc07c: folds
97a81435: folds
Uncalled bet ($0.6) returned to Hero
*** SHOWDOWN ***
Hero collected $0.53 from pot
*** SUMMARY ***
Total pot $0.55 | Rake $0.02 | Jackpot $0 | Bingo $0 | Fortune $0 | Tax $0
Seat 1: 97a81435 folded before Flop
Seat 2: 2e37b0f0 folded before Flop (didn't bet)
Seat 3: Hero (button) collected ($0.53)
Seat 4: ae25d00b (small blind) folded before Flop
Seat 5: aaccc07c (big blind) folded before Flop
Seat 6: 5282772e folded before Flop (didn't bet)


Poker Hand #HD1778170637: Hold'em No Limit ($0.05/$0.1) - 2024/05/18 18:58:26
Table 'NLHRed14' 6-max Seat #2 is the button
Seat 1: 97a81435 ($12.49 in chips)
Seat 2: 2e37b0f0 ($11.61 in chips)
Seat 3: Hero ($11.77 in chips)
Seat 4: ae25d00b ($17.09 in chips)
Seat 5: aaccc07c ($10.15 in chips)
Seat 6: 5282772e ($10.27 in chips)
Hero: posts small blind $0.05
ae25d00b: posts big blind $0.1
*** HOLE CARDS ***
Dealt to 97a81435 
Dealt to 2e37b0f0 
Dealt to Hero [6d 2h]
Dealt to ae25d00b 
Dealt to aaccc07c 
Dealt to 5282772e 
aaccc07c: raises $0.15 to $0.25
5282772e: folds
97a81435: folds
2e37b0f0: folds
Hero: folds
ae25d00b: raises $0.95 to $1.2
aaccc07c: folds
Uncalled bet ($0.95) returned to ae25d00b
*** SHOWDOWN ***
ae25d00b collected $0.53 from pot
*** SUMMARY ***
Total pot $0.55 | Rake $0.02 | Jackpot $0 | Bingo $0 | Fortune $0 | Tax $0
Seat 1: 97a81435 folded before Flop (didn't bet)
Seat 2: 2e37b0f0 (button) folded before Flop (didn't bet)
Seat 3: Hero (small blind) folded before Flop
Seat 4: ae25d00b (big blind) collected ($0.53)
Seat 5: aaccc07c folded before Flop
Seat 6: 5282772e folded before Flop (didn't bet)


Poker Hand #HD1778170447: Hold'em No Limit ($0.05/$0.1) - 2024/05/18 18:57:13
Table 'NLHRed14' 6-max Seat #1 is the button
Seat 1: 97a81435 ($12.49 in chips)
Seat 2: 2e37b0f0 ($11.66 in chips)
Seat 3: Hero ($10.15 in chips)
Seat 4: ae25d00b ($17.09 in chips)
Seat 5: aaccc07c ($10.15 in chips)
Seat 6: 5282772e ($12.12 in chips)
2e37b0f0: posts small blind $0.05
Hero: posts big blind $0.1
*** HOLE CARDS ***
Dealt to 97a81435 
Dealt to 2e37b0f0 
Dealt to Hero [Kd As]
Dealt to ae25d00b 
Dealt to aaccc07c 
Dealt to 5282772e 
ae25d00b: folds
aaccc07c: folds
5282772e: raises $0.15 to $0.25
97a81435: folds
2e37b0f0: folds
Hero: raises $0.85 to $1.1
5282772e: calls $0.85
*** FLOP *** [Tc Qd Kh]
Hero: bets $0.75
5282772e: calls $0.75
*** TURN *** [Tc Qd Kh] [Jc]
Hero: checks
5282772e: checks
*** RIVER *** [Tc Qd Kh Jc] [9h]
Hero: bets $2
5282772e: folds
Uncalled bet ($2) returned to Hero
*** SHOWDOWN ***
Hero collected $3.47 from pot
*** SUMMARY ***
Total pot $3.75 | Rake $0.18 | Jackpot $0.1 | Bingo $0 | Fortune $0 | Tax $0
Board [Tc Qd Kh Jc 9h]
Seat 1: 97a81435 (button) folded before Flop (didn't bet)
Seat 2: 2e37b0f0 (small blind) folded before Flop
Seat 3: Hero (big blind) won ($3.47)
Seat 4: ae25d00b folded before Flop (didn't bet)
Seat 5: aaccc07c folded before Flop (didn't bet)
Seat 6: 5282772e folded on the River


Poker Hand #HD1778170416: Hold'em No Limit ($0.05/$0.1) - 2024/05/18 18:56:56
Table 'NLHRed14' 6-max Seat #6 is the button
Seat 1: 97a81435 ($12.54 in chips)
Seat 2: 2e37b0f0 ($11.76 in chips)
Seat 3: Hero ($10 in chips)
Seat 4: ae25d00b ($17.09 in chips)
Seat 5: aaccc07c ($10.15 in chips)
Seat 6: 5282772e ($12.12 in chips)
97a81435: posts small blind $0.05
2e37b0f0: posts big blind $0.1
*** HOLE CARDS ***
Dealt to 97a81435 
Dealt to 2e37b0f0 
Dealt to Hero [Ad 9d]
Dealt to ae25d00b 
Dealt to aaccc07c 
Dealt to 5282772e 
Hero: raises $0.1 to $0.2
ae25d00b: folds
aaccc07c: folds
5282772e: folds
97a81435: folds
2e37b0f0: folds
Uncalled bet ($0.1) returned to Hero
*** SHOWDOWN ***
Hero collected $0.25 from pot
*** SUMMARY ***
Total pot $0.25 | Rake $0 | Jackpot $0 | Bingo $0 | Fortune $0 | Tax $0
Seat 1: 97a81435 (small blind) folded before Flop
Seat 2: 2e37b0f0 (big blind) folded before Flop
Seat 3: Hero collected ($0.25)
Seat 4: ae25d00b folded before Flop (didn't bet)
Seat 5: aaccc07c folded before Flop (didn't bet)
Seat 6: 5282772e (button) folded before Flop (didn't bet)


Poker Hand #HD1778170350: Hold'em No Limit ($0.05/$0.1) - 2024/05/18 18:56:30
Table 'NLHRed14' 6-max Seat #5 is the button
Seat 1: 97a81435 ($12.64 in chips)
Seat 2: 2e37b0f0 ($11.76 in chips)
Seat 3: Hero ($10 in chips)
Seat 4: ae25d00b ($17.09 in chips)
Seat 5: aaccc07c ($10 in chips)
Seat 6: 5282772e ($12.17 in chips)
5282772e: posts small blind $0.05
97a81435: posts big blind $0.1
*** HOLE CARDS ***
Dealt to 97a81435 
Dealt to 2e37b0f0 
Dealt to Hero [2d 3d]
Dealt to ae25d00b 
Dealt to aaccc07c 
Dealt to 5282772e 
2e37b0f0: folds
Hero: folds
ae25d00b: folds
aaccc07c: raises $0.15 to $0.25
5282772e: folds
97a81435: folds
Uncalled bet ($0.15) returned to aaccc07c
*** SHOWDOWN ***
aaccc07c collected $0.25 from pot
*** SUMMARY ***
Total pot $0.25 | Rake $0 | Jackpot $0 | Bingo $0 | Fortune $0 | Tax $0
Seat 1: 97a81435 (big blind) folded before Flop
Seat 2: 2e37b0f0 folded before Flop (didn't bet)
Seat 3: Hero folded before Flop (didn't bet)
Seat 4: ae25d00b folded before Flop (didn't bet)
Seat 5: aaccc07c (button) collected ($0.25)
Seat 6: 5282772e (small blind) folded before Flop


Poker Hand #HD1778170310: Hold'em No Limit ($0.05/$0.1) - 2024/05/18 18:56:14
Table 'NLHRed14' 6-max Seat #4 is the button
Seat 1: 97a81435 ($12.64 in chips)
Seat 2: 2e37b0f0 ($11.76 in chips)
Seat 3: Hero ($10 in chips)
Seat 4: ae25d00b ($17.09 in chips)
Seat 5: aaccc07c ($10 in chips)
Seat 6: 5282772e ($12.12 in chips)
aaccc07c: posts small blind $0.05
5282772e: posts big blind $0.1
*** HOLE CARDS ***
Dealt to 97a81435 
Dealt to 2e37b0f0 
Dealt to Hero [2c 4c]
Dealt to ae25d00b 
Dealt to aaccc07c 
Dealt to 5282772e 
97a81435: folds
2e37b0f0: folds
Hero: folds
ae25d00b: folds
aaccc07c: folds
Uncalled bet ($0.05) returned to 5282772e
*** SHOWDOWN ***
5282772e collected $0.1 from pot
*** SUMMARY ***
Total pot $0.1 | Rake $0 | Jackpot $0 | Bingo $0 | Fortune $0 | Tax $0
Seat 1: 97a81435 folded before Flop (didn't bet)
Seat 2: 2e37b0f0 folded before Flop (didn't bet)
Seat 3: Hero folded before Flop (didn't bet)
Seat 4: ae25d00b (button) folded before Flop (didn't bet)
Seat 5: aaccc07c (small blind) folded before Flop
Seat 6: 5282772e (big blind) collected ($0.1)


Poker Hand #HD1778170273: Hold'em No Limit ($0.05/$0.1) - 2024/05/18 18:56:01
Table 'NLHRed14' 6-max Seat #3 is the button
Seat 1: 97a81435 ($12.64 in chips)
Seat 2: 2e37b0f0 ($11.61 in chips)
Seat 3: Hero ($10 in chips)
Seat 4: ae25d00b ($17.14 in chips)
Seat 5: aaccc07c ($10 in chips)
Seat 6: 5282772e ($12.12 in chips)
ae25d00b: posts small blind $0.05
aaccc07c: posts big blind $0.1
*** HOLE CARDS ***
Dealt to 97a81435 
Dealt to 2e37b0f0 
Dealt to Hero [Ts 2h]
Dealt to ae25d00b 
Dealt to aaccc07c 
Dealt to 5282772e 
5282772e: folds
97a81435: folds
2e37b0f0: raises $0.11 to $0.21
Hero: folds
ae25d00b: folds
aaccc07c: folds
Uncalled bet ($0.11) returned to 2e37b0f0
*** SHOWDOWN ***
2e37b0f0 collected $0.25 from pot
*** SUMMARY ***
Total pot $0.25 | Rake $0 | Jackpot $0 | Bingo $0 | Fortune $0 | Tax $0
Seat 1: 97a81435 folded before Flop (didn't bet)
Seat 2: 2e37b0f0 collected ($0.25)
Seat 3: Hero (button) folded before Flop (didn't bet)
Seat 4: ae25d00b (small blind) folded before Flop
Seat 5: aaccc07c (big blind) folded before Flop
Seat 6: 5282772e folded before Flop (didn't bet)


Poker Hand #HD1778170219: Hold'em No Limit ($0.05/$0.1) - 2024/05/18 18:55:39
Table 'NLHRed14' 6-max Seat #2 is the button
Seat 1: 97a81435 ($12.64 in chips)
Seat 2: 2e37b0f0 ($11.61 in chips)
Seat 3: Hero ($10 in chips)
Seat 4: ae25d00b ($17.24 in chips)
Seat 5: aaccc07c ($10 in chips)
Seat 6: 5282772e ($11.75 in chips)
Hero: posts small blind $0.05
ae25d00b: posts big blind $0.1
*** HOLE CARDS ***
Dealt to 97a81435 
Dealt to 2e37b0f0 
Dealt to Hero [5h Jc]
Dealt to ae25d00b 
Dealt to aaccc07c 
Dealt to 5282772e 
aaccc07c: raises $0.15 to $0.25
5282772e: raises $0.5 to $0.75
97a81435: folds
2e37b0f0: folds
Hero: folds
ae25d00b: folds
aaccc07c: folds
Uncalled bet ($0.5) returned to 5282772e
*** SHOWDOWN ***
5282772e collected $0.62 from pot
*** SUMMARY ***
Total pot $0.65 | Rake $0.03 | Jackpot $0 | Bingo $0 | Fortune $0 | Tax $0
Seat 1: 97a81435 folded before Flop (didn't bet)
Seat 2: 2e37b0f0 (button) folded before Flop (didn't bet)
Seat 3: Hero (small blind) folded before Flop
Seat 4: ae25d00b (big blind) folded before Flop
Seat 5: aaccc07c folded before Flop
Seat 6: 5282772e collected ($0.62)


Poker Hand #HD1778170168: Hold'em No Limit ($0.05/$0.1) - 2024/05/18 18:55:15
Table 'NLHRed14' 6-max Seat #1 is the button
Seat 1: 97a81435 ($12.49 in chips)
Seat 2: 2e37b0f0 ($11.66 in chips)
Seat 3: Hero ($10 in chips)
Seat 4: ae25d00b ($17.24 in chips)
Seat 5: aaccc07c ($10 in chips)
Seat 6: 5282772e ($11.75 in chips)
2e37b0f0: posts small blind $0.05
Hero: posts big blind $0.1
*** HOLE CARDS ***
Dealt to 97a81435 
Dealt to 2e37b0f0 
Dealt to Hero [6c 4h]
Dealt to ae25d00b 
Dealt to aaccc07c 
Dealt to 5282772e 
ae25d00b: folds
aaccc07c: folds
5282772e: folds
97a81435: raises $0.15 to $0.25
2e37b0f0: folds
Hero: folds
Uncalled bet ($0.15) returned to 97a81435
*** SHOWDOWN ***
97a81435 collected $0.25 from pot
*** SUMMARY ***
Total pot $0.25 | Rake $0 | Jackpot $0 | Bingo $0 | Fortune $0 | Tax $0
Seat 1: 97a81435 (button) collected ($0.25)
Seat 2: 2e37b0f0 (small blind) folded before Flop
Seat 3: Hero (big blind) folded before Flop
Seat 4: ae25d00b folded before Flop (didn't bet)
Seat 5: aaccc07c folded before Flop (didn't bet)
Seat 6: 5282772e folded before Flop (didn't bet)


Poker Hand #HD1778170078: Hold'em No Limit ($0.05/$0.1) - 2024/05/18 18:54:40
Table 'NLHRed14' 6-max Seat #6 is the button
Seat 1: 97a81435 ($12.54 in chips)
Seat 2: 2e37b0f0 ($11.76 in chips)
Seat 3: Hero ($10 in chips)
Seat 4: ae25d00b ($17.24 in chips)
Seat 5: aaccc07c ($10.17 in chips)
Seat 6: 5282772e ($11.38 in chips)
97a81435: posts small blind $0.05
2e37b0f0: posts big blind $0.1
*** HOLE CARDS ***
Dealt to 97a81435 
Dealt to 2e37b0f0 
Dealt to Hero [3d 8c]
Dealt to ae25d00b 
Dealt to aaccc07c 
Dealt to 5282772e 
Hero: folds
ae25d00b: folds
aaccc07c: raises $0.15 to $0.25
5282772e: raises $0.55 to $0.8
97a81435: folds
2e37b0f0: folds
aaccc07c: folds
Uncalled bet ($0.55) returned to 5282772e
*** SHOWDOWN ***
5282772e collected $0.62 from pot
*** SUMMARY ***
Total pot $0.65 | Rake $0.03 | Jackpot $0 | Bingo $0 | Fortune $0 | Tax $0
Seat 1: 97a81435 (small blind) folded before Flop
Seat 2: 2e37b0f0 (big blind) folded before Flop
Seat 3: Hero folded before Flop (didn't bet)
Seat 4: ae25d00b folded before Flop (didn't bet)
Seat 5: aaccc07c folded before Flop
Seat 6: 5282772e (button) collected ($0.62)


Poker Hand #HD1778169979: Hold'em No Limit ($0.05/$0.1) - 2024/05/18 18:53:59
Table 'NLHRed14' 6-max Seat #5 is the button
Seat 1: 97a81435 ($12.3 in chips)
Seat 2: 2e37b0f0 ($11.97 in chips)
Seat 3: Hero ($10 in chips)
Seat 4: ae25d00b ($17.24 in chips)
Seat 5: aaccc07c ($10.17 in chips)
Seat 6: 5282772e ($11.43 in chips)
5282772e: posts small blind $0.05
97a81435: posts big blind $0.1
*** HOLE CARDS ***
Dealt to 97a81435 
Dealt to 2e37b0f0 
Dealt to Hero [3h Ac]
Dealt to ae25d00b 
Dealt to aaccc07c 
Dealt to 5282772e 
2e37b0f0: raises $0.11 to $0.21
Hero: folds
ae25d00b: folds
aaccc07c: folds
5282772e: folds
97a81435: calls $0.11
*** FLOP *** [8d Ts Td]
97a81435: checks
2e37b0f0: checks
*** TURN *** [8d Ts Td] [8s]
97a81435: bets $0.16
2e37b0f0: folds
Uncalled bet ($0.16) returned to 97a81435
*** SHOWDOWN ***
97a81435 collected $0.45 from pot
*** SUMMARY ***
Total pot $0.47 | Rake $0.02 | Jackpot $0 | Bingo $0 | Fortune $0 | Tax $0
Board [8d Ts Td 8s]
Seat 1: 97a81435 (big blind) won ($0.45)
Seat 2: 2e37b0f0 folded on the Turn
Seat 3: Hero folded before Flop (didn't bet)
Seat 4: ae25d00b folded before Flop (didn't bet)
Seat 5: aaccc07c (button) folded before Flop (didn't bet)
Seat 6: 5282772e (small blind) folded before Flop


Poker Hand #HD1778169856: Hold'em No Limit ($0.05/$0.1) - 2024/05/18 18:53:10
Table 'NLHRed14' 6-max Seat #4 is the button
Seat 1: 97a81435 ($12.3 in chips)
Seat 2: 2e37b0f0 ($11.97 in chips)
Seat 3: Hero ($10.15 in chips)
Seat 4: ae25d00b ($17.24 in chips)
Seat 5: aaccc07c ($10.22 in chips)
Seat 6: 5282772e ($10.43 in chips)
aaccc07c: posts small blind $0.05
5282772e: posts big blind $0.1
*** HOLE CARDS ***
Dealt to 97a81435 
Dealt to 2e37b0f0 
Dealt to Hero [Jd Kd]
Dealt to ae25d00b 
Dealt to aaccc07c 
Dealt to 5282772e 
97a81435: folds
2e37b0f0: folds
Hero: raises $0.14 to $0.24
ae25d00b: folds
aaccc07c: folds
5282772e: raises $0.81 to $1.05
Hero: calls $0.81
*** FLOP *** [4c 2s 6s]
5282772e: bets $0.65
Hero: folds
Uncalled bet ($0.65) returned to 5282772e
*** SHOWDOWN ***
5282772e collected $2.05 from pot
*** SUMMARY ***
Total pot $2.15 | Rake $0.1 | Jackpot $0 | Bingo $0 | Fortune $0 | Tax $0
Board [4c 2s 6s]
Seat 1: 97a81435 folded before Flop (didn't bet)
Seat 2: 2e37b0f0 folded before Flop (didn't bet)
Seat 3: Hero folded on the Flop
Seat 4: ae25d00b (button) folded before Flop (didn't bet)
Seat 5: aaccc07c (small blind) folded before Flop
Seat 6: 5282772e (big blind) won ($2.05)


Poker Hand #HD1778169772: Hold'em No Limit ($0.05/$0.1) - 2024/05/18 18:52:28
Table 'NLHRed14' 6-max Seat #3 is the button
Seat 1: 97a81435 ($12.3 in chips)
Seat 2: 2e37b0f0 ($11.73 in chips)
Seat 3: Hero ($10.15 in chips)
Seat 4: ae25d00b ($17.29 in chips)
Seat 5: aaccc07c ($10.43 in chips)
Seat 6: 5282772e ($10.43 in chips)
ae25d00b: posts small blind $0.05
aaccc07c: posts big blind $0.1
*** HOLE CARDS ***
Dealt to 97a81435 
Dealt to 2e37b0f0 
Dealt to Hero [Kd 4s]
Dealt to ae25d00b 
Dealt to aaccc07c 
Dealt to 5282772e 
5282772e: folds
97a81435: folds
2e37b0f0: raises $0.11 to $0.21
Hero: folds
ae25d00b: folds
aaccc07c: calls $0.11
*** FLOP *** [Ad 9c Th]
aaccc07c: checks
2e37b0f0: bets $0.2
aaccc07c: folds
Uncalled bet ($0.2) returned to 2e37b0f0
*** SHOWDOWN ***
2e37b0f0 collected $0.45 from pot
*** SUMMARY ***
Total pot $0.47 | Rake $0.02 | Jackpot $0 | Bingo $0 | Fortune $0 | Tax $0
Board [Ad 9c Th]
Seat 1: 97a81435 folded before Flop (didn't bet)
Seat 2: 2e37b0f0 won ($0.45)
Seat 3: Hero (button) folded before Flop (didn't bet)
Seat 4: ae25d00b (small blind) folded before Flop
Seat 5: aaccc07c (big blind) folded on the Flop
Seat 6: 5282772e folded before Flop (didn't bet)


Poker Hand #HD1778169715: Hold'em No Limit ($0.05/$0.1) - 2024/05/18 18:52:06
Table 'NLHRed14' 6-max Seat #2 is the button
Seat 1: 97a81435 ($12.3 in chips)
Seat 2: 2e37b0f0 ($11.73 in chips)
Seat 3: Hero ($10.05 in chips)
Seat 4: ae25d00b ($17.39 in chips)
Seat 5: aaccc07c ($10.43 in chips)
Seat 6: 5282772e ($10.43 in chips)
Hero: posts small blind $0.05
ae25d00b: posts big blind $0.1
*** HOLE CARDS ***
Dealt to 97a81435 
Dealt to 2e37b0f0 
Dealt to Hero [Js Qs]
Dealt to ae25d00b 
Dealt to aaccc07c 
Dealt to 5282772e 
aaccc07c: folds
5282772e: folds
97a81435: folds
2e37b0f0: folds
Hero: raises $0.2 to $0.3
ae25d00b: folds
Uncalled bet ($0.2) returned to Hero
*** SHOWDOWN ***
Hero collected $0.2 from pot
*** SUMMARY ***
Total pot $0.2 | Rake $0 | Jackpot $0 | Bingo $0 | Fortune $0 | Tax $0
Seat 1: 97a81435 folded before Flop (didn't bet)
Seat 2: 2e37b0f0 (button) folded before Flop (didn't bet)
Seat 3: Hero (small blind) collected ($0.2)
Seat 4: ae25d00b (big blind) folded before Flop
Seat 5: aaccc07c folded before Flop (didn't bet)
Seat 6: 5282772e folded before Flop (didn't bet)


Poker Hand #HD1778169693: Hold'em No Limit ($0.05/$0.1) - 2024/05/18 18:51:54
Table 'NLHRed14' 6-max Seat #1 is the button
Seat 1: 97a81435 ($12.3 in chips)
Seat 2: 2e37b0f0 ($11.78 in chips)
Seat 3: Hero ($10 in chips)
Seat 4: ae25d00b ($17.39 in chips)
Seat 5: aaccc07c ($10.43 in chips)
Seat 6: 5282772e ($10.43 in chips)
2e37b0f0: posts small blind $0.05
Hero: posts big blind $0.1
*** HOLE CARDS ***
Dealt to 97a81435 
Dealt to 2e37b0f0 
Dealt to Hero [7c 4s]
Dealt to ae25d00b 
Dealt to aaccc07c 
Dealt to 5282772e 
ae25d00b: folds
aaccc07c: folds
5282772e: folds
97a81435: folds
2e37b0f0: folds
Uncalled bet ($0.05) returned to Hero
*** SHOWDOWN ***
Hero collected $0.1 from pot
*** SUMMARY ***
Total pot $0.1 | Rake $0 | Jackpot $0 | Bingo $0 | Fortune $0 | Tax $0
Seat 1: 97a81435 (button) folded before Flop (didn't bet)
Seat 2: 2e37b0f0 (small blind) folded before Flop
Seat 3: Hero (big blind) collected ($0.1)
Seat 4: ae25d00b folded before Flop (didn't bet)
Seat 5: aaccc07c folded before Flop (didn't bet)
Seat 6: 5282772e folded before Flop (didn't bet)


Poker Hand #HD1778169638: Hold'em No Limit ($0.05/$0.1) - 2024/05/18 18:51:35
Table 'NLHRed14' 6-max Seat #6 is the button
Seat 1: 97a81435 ($12.35 in chips)
Seat 2: 2e37b0f0 ($11.88 in chips)
Seat 3: Hero ($10 in chips)
Seat 4: ae25d00b ($17.39 in chips)
Seat 5: aaccc07c ($10.28 in chips)
Seat 6: 5282772e ($10.43 in chips)
97a81435: posts small blind $0.05
2e37b0f0: posts big blind $0.1
*** HOLE CARDS ***
Dealt to 97a81435 
Dealt to 2e37b0f0 
Dealt to Hero [Ah 8s]
Dealt to ae25d00b 
Dealt to aaccc07c 
Dealt to 5282772e 
Hero: folds
ae25d00b: folds
aaccc07c: raises $0.15 to $0.25
5282772e: folds
97a81435: folds
2e37b0f0: folds
Uncalled bet ($0.15) returned to aaccc07c
*** SHOWDOWN ***
aaccc07c collected $0.25 from pot
*** SUMMARY ***
Total pot $0.25 | Rake $0 | Jackpot $0 | Bingo $0 | Fortune $0 | Tax $0
Seat 1: 97a81435 (small blind) folded before Flop
Seat 2: 2e37b0f0 (big blind) folded before Flop
Seat 3: Hero folded before Flop (didn't bet)
Seat 4: ae25d00b folded before Flop (didn't bet)
Seat 5: aaccc07c collected ($0.25)
Seat 6: 5282772e (button) folded before Flop (didn't bet)


Poker Hand #HD1778169555: Hold'em No Limit ($0.05/$0.1) - 2024/05/18 18:51:05
Table 'NLHRed14' 6-max Seat #5 is the button
Seat 1: 97a81435 ($12.6 in chips)
Seat 2: 2e37b0f0 ($11.88 in chips)
Seat 3: Hero ($10 in chips)
Seat 4: ae25d00b ($17.39 in chips)
Seat 5: aaccc07c ($10 in chips)
Seat 6: 5282772e ($10.48 in chips)
5282772e: posts small blind $0.05
97a81435: posts big blind $0.1
*** HOLE CARDS ***
Dealt to 97a81435 
Dealt to 2e37b0f0 
Dealt to Hero [Ah 6c]
Dealt to ae25d00b 
Dealt to aaccc07c 
Dealt to 5282772e 
2e37b0f0: folds
Hero: folds
ae25d00b: folds
aaccc07c: raises $0.15 to $0.25
5282772e: folds
97a81435: calls $0.15
*** FLOP *** [3d Qh Jd]
97a81435: checks
aaccc07c: bets $0.7
97a81435: folds
Uncalled bet ($0.7) returned to aaccc07c
*** SHOWDOWN ***
aaccc07c collected $0.53 from pot
*** SUMMARY ***
Total pot $0.55 | Rake $0.02 | Jackpot $0 | Bingo $0 | Fortune $0 | Tax $0
Board [3d Qh Jd]
Seat 1: 97a81435 (big blind) folded on the Flop
Seat 2: 2e37b0f0 folded before Flop (didn't bet)
Seat 3: Hero folded before Flop (didn't bet)
Seat 4: ae25d00b folded before Flop (didn't bet)
Seat 5: aaccc07c (button) won ($0.53)
Seat 6: 5282772e (small blind) folded before Flop


Poker Hand #HD1778169496: Hold'em No Limit ($0.05/$0.1) - 2024/05/18 18:50:40
Table 'NLHRed14' 6-max Seat #4 is the button
Seat 1: 97a81435 ($12.45 in chips)
Seat 2: 2e37b0f0 ($11.88 in chips)
Seat 3: Hero ($10 in chips)
Seat 4: ae25d00b ($17.39 in chips)
Seat 5: aaccc07c ($10.05 in chips)
Seat 6: 5282772e ($10.58 in chips)
aaccc07c: posts small blind $0.05
5282772e: posts big blind $0.1
*** HOLE CARDS ***
Dealt to 97a81435 
Dealt to 2e37b0f0 
Dealt to Hero [5c 8h]
Dealt to ae25d00b 
Dealt to aaccc07c 
Dealt to 5282772e 
97a81435: raises $0.1 to $0.2
2e37b0f0: folds
Hero: folds
ae25d00b: folds
aaccc07c: folds
5282772e: folds
Uncalled bet ($0.1) returned to 97a81435
*** SHOWDOWN ***
97a81435 collected $0.25 from pot
*** SUMMARY ***
Total pot $0.25 | Rake $0 | Jackpot $0 | Bingo $0 | Fortune $0 | Tax $0
Seat 1: 97a81435 collected ($0.25)
Seat 2: 2e37b0f0 folded before Flop (didn't bet)
Seat 3: Hero folded before Flop (didn't bet)
Seat 4: ae25d00b (button) folded before Flop (didn't bet)
Seat 5: aaccc07c (small blind) folded before Flop
Seat 6: 5282772e (big blind) folded before Flop


Poker Hand #HD1778169339: Hold'em No Limit ($0.05/$0.1) - 2024/05/18 18:49:39
Table 'NLHRed14' 6-max Seat #3 is the button
Seat 1: 97a81435 ($12.82 in chips)
Seat 2: 2e37b0f0 ($11.88 in chips)
Seat 3: Hero ($10 in chips)
Seat 4: ae25d00b ($16.96 in chips)
Seat 5: aaccc07c ($10.15 in chips)
Seat 6: 5282772e ($10.58 in chips)
ae25d00b: posts small blind $0.05
aaccc07c: posts big blind $0.1
*** HOLE CARDS ***
Dealt to 97a81435 
Dealt to 2e37b0f0 
Dealt to Hero [4h Tc]
Dealt to ae25d00b 
Dealt to aaccc07c 
Dealt to 5282772e 
5282772e: folds
97a81435: raises $0.1 to $0.2
2e37b0f0: folds
Hero: folds
ae25d00b: calls $0.15
aaccc07c: folds
*** FLOP *** [Jh 6h 3h]
ae25d00b: checks
97a81435: checks
*** TURN *** [Jh 6h 3h] [2d]
ae25d00b: checks
97a81435: bets $0.17
ae25d00b: calls $0.17
*** RIVER *** [Jh 6h 3h 2d] [Jc]
ae25d00b: checks
97a81435: checks
ae25d00b: shows [5s 6s] (Pair of Jacks and Pair of Sixes)
97a81435: shows [Ac 4c] (Pair of Jacks)
*** SHOWDOWN ***
ae25d00b collected $0.8 from pot
*** SUMMARY ***
Total pot $0.84 | Rake $0.04 | Jackpot $0 | Bingo $0 | Fortune $0 | Tax $0
Board [Jh 6h 3h 2d Jc]
Seat 1: 97a81435 showed [Ac 4c] and lost with Pair of Jacks
Seat 2: 2e37b0f0 folded before Flop (didn't bet)
Seat 3: Hero (button) folded before Flop (didn't bet)
Seat 4: ae25d00b (small blind) showed [5s 6s] and won ($0.8) with Pair of Jacks and Pair of Sixes
Seat 5: aaccc07c (big blind) folded before Flop
Seat 6: 5282772e folded before Flop (didn't bet)


Poker Hand #HD1778169299: Hold'em No Limit ($0.05/$0.1) - 2024/05/18 18:49:24
Table 'NLHRed14' 6-max Seat #2 is the button
Seat 1: 97a81435 ($12.82 in chips)
Seat 2: 2e37b0f0 ($11.88 in chips)
Seat 3: Hero ($10 in chips)
Seat 4: ae25d00b ($16.91 in chips)
Seat 5: aaccc07c ($10.15 in chips)
Seat 6: 5282772e ($10.58 in chips)
Hero: posts small blind $0.05
ae25d00b: posts big blind $0.1
*** HOLE CARDS ***
Dealt to 97a81435 
Dealt to 2e37b0f0 
Dealt to Hero [Jh 8d]
Dealt to ae25d00b 
Dealt to aaccc07c 
Dealt to 5282772e 
aaccc07c: folds
5282772e: folds
97a81435: folds
2e37b0f0: folds
Hero: folds
Uncalled bet ($0.05) returned to ae25d00b
*** SHOWDOWN ***
ae25d00b collected $0.1 from pot
*** SUMMARY ***
Total pot $0.1 | Rake $0 | Jackpot $0 | Bingo $0 | Fortune $0 | Tax $0
Seat 1: 97a81435 folded before Flop (didn't bet)
Seat 2: 2e37b0f0 (button) folded before Flop (didn't bet)
Seat 3: Hero (small blind) folded before Flop
Seat 4: ae25d00b (big blind) collected ($0.1)
Seat 5: aaccc07c folded before Flop (didn't bet)
Seat 6: 5282772e folded before Flop (didn't bet)


Poker Hand #HD1778169232: Hold'em No Limit ($0.05/$0.1) - 2024/05/18 18:48:57
Table 'NLHRed14' 6-max Seat #1 is the button
Seat 1: 97a81435 ($12.82 in chips)
Seat 2: 2e37b0f0 ($11.93 in chips)
Seat 3: Hero ($10 in chips)
Seat 4: ae25d00b ($16.91 in chips)
Seat 5: aaccc07c ($10.15 in chips)
Seat 6: 5282772e ($10.43 in chips)
2e37b0f0: posts small blind $0.05
Hero: posts big blind $0.1
*** HOLE CARDS ***
Dealt to 97a81435 
Dealt to 2e37b0f0 
Dealt to Hero [Jd 3s]
Dealt to ae25d00b 
Dealt to aaccc07c 
Dealt to 5282772e 
ae25d00b: folds
aaccc07c: folds
5282772e: raises $0.15 to $0.25
97a81435: folds
2e37b0f0: folds
Hero: folds
Uncalled bet ($0.15) returned to 5282772e
*** SHOWDOWN ***
5282772e collected $0.25 from pot
*** SUMMARY ***
Total pot $0.25 | Rake $0 | Jackpot $0 | Bingo $0 | Fortune $0 | Tax $0
Seat 1: 97a81435 (button) folded before Flop (didn't bet)
Seat 2: 2e37b0f0 (small blind) folded before Flop
Seat 3: Hero (big blind) folded before Flop
Seat 4: ae25d00b folded before Flop (didn't bet)
Seat 5: aaccc07c folded before Flop (didn't bet)
Seat 6: 5282772e collected ($0.25)


