Poker Hand #HD1780752661: Hold'em No Limit ($0.05/$0.1) - 2024/05/20 18:20:30
Table 'NLHRed27' 6-max Seat #4 is the button
Seat 1: c105065a ($16.06 in chips)
Seat 2: 55e53784 ($14.42 in chips)
Seat 3: 81f4d0d9 ($1.85 in chips)
Seat 4: d5db61a ($12.26 in chips)
Seat 5: 353d2018 ($10 in chips)
Seat 6: Hero ($16.12 in chips)
353d2018: posts small blind $0.05
Hero: posts big blind $0.1
*** HOLE CARDS ***
Dealt to c105065a 
Dealt to 55e53784 
Dealt to 81f4d0d9 
Dealt to d5db61a 
Dealt to 353d2018 
Dealt to Hero [3s 2s]
c105065a: folds
55e53784: raises $0.15 to $0.25
81f4d0d9: folds
d5db61a: calls $0.25
353d2018: folds
Hero: folds
*** FLOP *** [Ts Tc Td]
55e53784: bets $0.43
d5db61a: folds
Uncalled bet ($0.43) returned to 55e53784
*** SHOWDOWN ***
55e53784 collected $0.62 from pot
*** SUMMARY ***
Total pot $0.65 | Rake $0.03 | Jackpot $0 | Bingo $0 | Fortune $0 | Tax $0
Board [Ts Tc Td]
Seat 1: c105065a folded before Flop (didn't bet)
Seat 2: 55e53784 won ($0.62)
Seat 3: 81f4d0d9 folded before Flop (didn't bet)
Seat 4: d5db61a (button) folded on the Flop
Seat 5: 353d2018 (small blind) folded before Flop
Seat 6: Hero (big blind) folded before Flop


Poker Hand #HD1780752620: Hold'em No Limit ($0.05/$0.1) - 2024/05/20 18:20:15
Table 'NLHRed27' 6-max Seat #3 is the button
Seat 1: c105065a ($16.06 in chips)
Seat 2: 55e53784 ($14.42 in chips)
Seat 3: 81f4d0d9 ($1.85 in chips)
Seat 4: d5db61a ($12.16 in chips)
Seat 5: 353d2018 ($10 in chips)
Seat 6: Hero ($16.12 in chips)
d5db61a: posts small blind $0.05
353d2018: posts big blind $0.1
*** HOLE CARDS ***
Dealt to c105065a 
Dealt to 55e53784 
Dealt to 81f4d0d9 
Dealt to d5db61a 
Dealt to 353d2018 
Dealt to Hero [5d Ts]
Hero: folds
c105065a: folds
55e53784: folds
81f4d0d9: folds
d5db61a: raises $0.15 to $0.25
353d2018: folds
Uncalled bet ($0.15) returned to d5db61a
*** SHOWDOWN ***
d5db61a collected $0.2 from pot
*** SUMMARY ***
Total pot $0.2 | Rake $0 | Jackpot $0 | Bingo $0 | Fortune $0 | Tax $0
Seat 1: c105065a folded before Flop (didn't bet)
Seat 2: 55e53784 folded before Flop (didn't bet)
Seat 3: 81f4d0d9 (button) folded before Flop (didn't bet)
Seat 4: d5db61a (small blind) collected ($0.2)
Seat 5: 353d2018 (big blind) folded before Flop
Seat 6: Hero folded before Flop (didn't bet)


Poker Hand #HD1780752574: Hold'em No Limit ($0.05/$0.1) - 2024/05/20 18:19:59
Table 'NLHRed27' 6-max Seat #2 is the button
Seat 1: c105065a ($15.91 in chips)
Seat 2: 55e53784 ($14.42 in chips)
Seat 3: 81f4d0d9 ($1.9 in chips)
Seat 4: d5db61a ($12.26 in chips)
Seat 6: Hero ($16.12 in chips)
81f4d0d9: posts small blind $0.05
d5db61a: posts big blind $0.1
*** HOLE CARDS ***
Dealt to c105065a 
Dealt to 55e53784 
Dealt to 81f4d0d9 
Dealt to d5db61a 
Dealt to Hero [4c 8c]
Hero: folds
c105065a: raises $0.14 to $0.24
55e53784: folds
81f4d0d9: folds
d5db61a: folds
Uncalled bet ($0.14) returned to c105065a
*** SHOWDOWN ***
c105065a collected $0.25 from pot
*** SUMMARY ***
Total pot $0.25 | Rake $0 | Jackpot $0 | Bingo $0 | Fortune $0 | Tax $0
Seat 1: c105065a collected ($0.25)
Seat 2: 55e53784 (button) folded before Flop (didn't bet)
Seat 3: 81f4d0d9 (small blind) folded before Flop
Seat 4: d5db61a (big blind) folded before Flop
Seat 6: Hero folded before Flop (didn't bet)


Poker Hand #HD1780752529: Hold'em No Limit ($0.05/$0.1) - 2024/05/20 18:19:39
Table 'NLHRed27' 6-max Seat #1 is the button
Seat 1: c105065a ($15.91 in chips)
Seat 2: 55e53784 ($14.47 in chips)
Seat 3: 81f4d0d9 ($2 in chips)
Seat 4: d5db61a ($12.51 in chips)
Seat 6: Hero ($15.75 in chips)
55e53784: posts small blind $0.05
81f4d0d9: posts big blind $0.1
*** HOLE CARDS ***
Dealt to c105065a 
Dealt to 55e53784 
Dealt to 81f4d0d9 
Dealt to d5db61a 
Dealt to Hero [Qc As]
d5db61a: raises $0.15 to $0.25
Hero: raises $0.55 to $0.8
c105065a: folds
55e53784: folds
81f4d0d9: folds
d5db61a: folds
Uncalled bet ($0.55) returned to Hero
*** SHOWDOWN ***
Hero collected $0.62 from pot
*** SUMMARY ***
Total pot $0.65 | Rake $0.03 | Jackpot $0 | Bingo $0 | Fortune $0 | Tax $0
Seat 1: c105065a (button) folded before Flop (didn't bet)
Seat 2: 55e53784 (small blind) folded before Flop
Seat 3: 81f4d0d9 (big blind) folded before Flop
Seat 4: d5db61a folded before Flop
Seat 6: Hero collected ($0.62)


Poker Hand #HD1780752510: Hold'em No Limit ($0.05/$0.1) - 2024/05/20 18:19:30
Table 'NLHRed27' 6-max Seat #6 is the button
Seat 1: c105065a ($15.96 in chips)
Seat 2: 55e53784 ($14.57 in chips)
Seat 4: d5db61a ($12.36 in chips)
Seat 6: Hero ($15.75 in chips)
c105065a: posts small blind $0.05
55e53784: posts big blind $0.1
*** HOLE CARDS ***
Dealt to c105065a 
Dealt to 55e53784 
Dealt to d5db61a 
Dealt to Hero [7c Th]
d5db61a: raises $0.15 to $0.25
Hero: folds
c105065a: folds
55e53784: folds
Uncalled bet ($0.15) returned to d5db61a
*** SHOWDOWN ***
d5db61a collected $0.25 from pot
*** SUMMARY ***
Total pot $0.25 | Rake $0 | Jackpot $0 | Bingo $0 | Fortune $0 | Tax $0
Seat 1: c105065a (small blind) folded before Flop
Seat 2: 55e53784 (big blind) folded before Flop
Seat 4: d5db61a collected ($0.25)
Seat 6: Hero (button) folded before Flop (didn't bet)


Poker Hand #HD1780752374: Hold'em No Limit ($0.05/$0.1) - 2024/05/20 18:18:30
Table 'NLHRed27' 6-max Seat #5 is the button
Seat 1: c105065a ($10 in chips)
Seat 2: 55e53784 ($14.57 in chips)
Seat 4: d5db61a ($12.61 in chips)
Seat 5: e23459ba ($8.92 in chips)
Seat 6: Hero ($15.8 in chips)
Hero: posts small blind $0.05
c105065a: posts big blind $0.1
*** HOLE CARDS ***
Dealt to c105065a 
Dealt to 55e53784 
Dealt to d5db61a 
Dealt to e23459ba 
Dealt to Hero [2h 5s]
55e53784: folds
d5db61a: raises $0.15 to $0.25
e23459ba: calls $0.25
Hero: folds
c105065a: raises $0.8 to $1.05
d5db61a: folds
e23459ba: calls $0.8
*** FLOP *** [Qh 8h 2c]
c105065a: bets $1.2
e23459ba: calls $1.2
*** TURN *** [Qh 8h 2c] [7c]
c105065a: bets $2.4
e23459ba: raises $4.27 to $6.67 and is all-in
c105065a: calls $4.27
e23459ba: shows [Qd Tc] (Pair of Queens)
c105065a: shows [Kh Kd] (Pair of Kings)
c105065a: Chooses to EV Cashout 
*** RIVER *** [Qh 8h 2c 7c] [3s]
c105065a: Pays Cashout Risk ($2.08)
*** SHOWDOWN ***
c105065a collected $16.96 from pot
*** SUMMARY ***
Total pot $18.14 | Rake $1.08 | Jackpot $0.1 | Bingo $0 | Fortune $0 | Tax $0
Board [Qh 8h 2c 7c 3s]
Seat 1: c105065a (big blind) showed [Kh Kd] and won ($16.96) with Pair of Kings, Cashout Risk ($2.08)
Seat 2: 55e53784 folded before Flop (didn't bet)
Seat 4: d5db61a folded before Flop
Seat 5: e23459ba (button) showed [Qd Tc] and lost with Pair of Queens
Seat 6: Hero (small blind) folded before Flop


Poker Hand #HD1780752278: Hold'em No Limit ($0.05/$0.1) - 2024/05/20 18:17:45
Table 'NLHRed27' 6-max Seat #4 is the button
Seat 2: 55e53784 ($14.57 in chips)
Seat 4: d5db61a ($12.61 in chips)
Seat 5: e23459ba ($8.65 in chips)
Seat 6: Hero ($16.1 in chips)
e23459ba: posts small blind $0.05
Hero: posts big blind $0.1
*** HOLE CARDS ***
Dealt to 55e53784 
Dealt to d5db61a 
Dealt to e23459ba 
Dealt to Hero [8s 9s]
55e53784: folds
d5db61a: folds
e23459ba: raises $0.1 to $0.2
Hero: calls $0.1
*** FLOP *** [2c 3s 5d]
e23459ba: bets $0.1
Hero: calls $0.1
*** TURN *** [2c 3s 5d] [6s]
e23459ba: bets $2.3
Hero: folds
Uncalled bet ($2.3) returned to e23459ba
*** SHOWDOWN ***
e23459ba collected $0.57 from pot
*** SUMMARY ***
Total pot $0.6 | Rake $0.03 | Jackpot $0 | Bingo $0 | Fortune $0 | Tax $0
Board [2c 3s 5d 6s]
Seat 2: 55e53784 folded before Flop (didn't bet)
Seat 4: d5db61a (button) folded before Flop (didn't bet)
Seat 5: e23459ba (small blind) won ($0.57)
Seat 6: Hero (big blind) folded on the Turn


Poker Hand #HD1780752066: Hold'em No Limit ($0.05/$0.1) - 2024/05/20 18:16:17
Table 'NLHRed27' 6-max Seat #2 is the button
Seat 1: 4d05c2d8 ($1.09 in chips)
Seat 2: 55e53784 ($14.57 in chips)
Seat 4: d5db61a ($11.53 in chips)
Seat 5: e23459ba ($8.75 in chips)
Seat 6: Hero ($16.1 in chips)
d5db61a: posts small blind $0.05
e23459ba: posts big blind $0.1
*** HOLE CARDS ***
Dealt to 4d05c2d8 
Dealt to 55e53784 
Dealt to d5db61a 
Dealt to e23459ba 
Dealt to Hero [8c 4d]
Hero: folds
4d05c2d8: calls $0.1
55e53784: folds
d5db61a: raises $0.3 to $0.4
e23459ba: folds
4d05c2d8: calls $0.3
*** FLOP *** [9h Ks 6c]
d5db61a: checks
4d05c2d8: checks
*** TURN *** [9h Ks 6c] [Kd]
d5db61a: checks
4d05c2d8: bets $0.45
d5db61a: calls $0.45
*** RIVER *** [9h Ks 6c Kd] [Qs]
d5db61a: bets $0.3
4d05c2d8: calls $0.24 and is all-in
Uncalled bet ($0.06) returned to d5db61a
d5db61a: shows [Jd Jc] (Pair of Kings and Pair of Jacks)
4d05c2d8: shows [6s 9s] (Pair of Kings and Pair of Nines)
*** SHOWDOWN ***
d5db61a collected $2.17 from pot
*** SUMMARY ***
Total pot $2.28 | Rake $0.11 | Jackpot $0 | Bingo $0 | Fortune $0 | Tax $0
Board [9h Ks 6c Kd Qs]
Seat 1: 4d05c2d8 showed [6s 9s] and lost with Pair of Kings and Pair of Nines
Seat 2: 55e53784 (button) folded before Flop (didn't bet)
Seat 4: d5db61a (small blind) showed [Jd Jc] and won ($2.17) with Pair of Kings and Pair of Jacks
Seat 5: e23459ba (big blind) folded before Flop
Seat 6: Hero folded before Flop (didn't bet)


Poker Hand #HD1780751928: Hold'em No Limit ($0.05/$0.1) - 2024/05/20 18:15:14
Table 'NLHRed27' 6-max Seat #1 is the button
Seat 1: 4d05c2d8 ($1.09 in chips)
Seat 2: 55e53784 ($14.62 in chips)
Seat 4: d5db61a ($10.73 in chips)
Seat 5: e23459ba ($9.58 in chips)
Seat 6: Hero ($16.1 in chips)
55e53784: posts small blind $0.05
d5db61a: posts big blind $0.1
*** HOLE CARDS ***
Dealt to 4d05c2d8 
Dealt to 55e53784 
Dealt to d5db61a 
Dealt to e23459ba 
Dealt to Hero [6h 7h]
e23459ba: calls $0.1
Hero: folds
4d05c2d8: folds
55e53784: folds
d5db61a: raises $0.2 to $0.3
e23459ba: calls $0.2
*** FLOP *** [6d Qd 5d]
d5db61a: checks
e23459ba: checks
*** TURN *** [6d Qd 5d] [9h]
d5db61a: checks
e23459ba: bets $0.1
d5db61a: raises $0.43 to $0.53
e23459ba: calls $0.43
*** RIVER *** [6d Qd 5d 9h] [7c]
d5db61a: bets $0.86
e23459ba: folds
Uncalled bet ($0.86) returned to d5db61a
*** SHOWDOWN ***
d5db61a collected $1.63 from pot
*** SUMMARY ***
Total pot $1.71 | Rake $0.08 | Jackpot $0 | Bingo $0 | Fortune $0 | Tax $0
Board [6d Qd 5d 9h 7c]
Seat 1: 4d05c2d8 (button) folded before Flop (didn't bet)
Seat 2: 55e53784 (small blind) folded before Flop
Seat 4: d5db61a (big blind) won ($1.63)
Seat 5: e23459ba folded on the River
Seat 6: Hero folded before Flop (didn't bet)


Poker Hand #HD1780751910: Hold'em No Limit ($0.05/$0.1) - 2024/05/20 18:15:06
Table 'NLHRed27' 6-max Seat #6 is the button
Seat 1: 4d05c2d8 ($1.14 in chips)
Seat 2: 55e53784 ($14.57 in chips)
Seat 3: fab0c023 ($10.3 in chips)
Seat 4: d5db61a ($10.73 in chips)
Seat 5: e23459ba ($9.58 in chips)
Seat 6: Hero ($16.1 in chips)
4d05c2d8: posts small blind $0.05
55e53784: posts big blind $0.1
*** HOLE CARDS ***
Dealt to 4d05c2d8 
Dealt to 55e53784 
Dealt to fab0c023 
Dealt to d5db61a 
Dealt to e23459ba 
Dealt to Hero [2h 6c]
fab0c023: folds
d5db61a: folds
e23459ba: folds
Hero: folds
4d05c2d8: folds
Uncalled bet ($0.05) returned to 55e53784
*** SHOWDOWN ***
55e53784 collected $0.1 from pot
*** SUMMARY ***
Total pot $0.1 | Rake $0 | Jackpot $0 | Bingo $0 | Fortune $0 | Tax $0
Seat 1: 4d05c2d8 (small blind) folded before Flop
Seat 2: 55e53784 (big blind) collected ($0.1)
Seat 3: fab0c023 folded before Flop (didn't bet)
Seat 4: d5db61a folded before Flop (didn't bet)
Seat 5: e23459ba folded before Flop (didn't bet)
Seat 6: Hero (button) folded before Flop (didn't bet)


Poker Hand #HD1780751801: Hold'em No Limit ($0.05/$0.1) - 2024/05/20 18:14:25
Table 'NLHRed27' 6-max Seat #5 is the button
Seat 1: 4d05c2d8 ($1.44 in chips)
Seat 2: 55e53784 ($14.57 in chips)
Seat 3: fab0c023 ($10.3 in chips)
Seat 4: d5db61a ($10.41 in chips)
Seat 5: e23459ba ($9.58 in chips)
Seat 6: Hero ($16.15 in chips)
Hero: posts small blind $0.05
4d05c2d8: posts big blind $0.1
*** HOLE CARDS ***
Dealt to 4d05c2d8 
Dealt to 55e53784 
Dealt to fab0c023 
Dealt to d5db61a 
Dealt to e23459ba 
Dealt to Hero [Ac 9h]
55e53784: folds
fab0c023: folds
d5db61a: raises $0.2 to $0.3
e23459ba: folds
Hero: folds
4d05c2d8: calls $0.2
*** FLOP *** [Kc As 4c]
4d05c2d8: checks
d5db61a: bets $0.4
4d05c2d8: folds
Uncalled bet ($0.4) returned to d5db61a
*** SHOWDOWN ***
d5db61a collected $0.62 from pot
*** SUMMARY ***
Total pot $0.65 | Rake $0.03 | Jackpot $0 | Bingo $0 | Fortune $0 | Tax $0
Board [Kc As 4c]
Seat 1: 4d05c2d8 (big blind) folded on the Flop
Seat 2: 55e53784 folded before Flop (didn't bet)
Seat 3: fab0c023 folded before Flop (didn't bet)
Seat 4: d5db61a won ($0.62)
Seat 5: e23459ba (button) folded before Flop (didn't bet)
Seat 6: Hero (small blind) folded before Flop


Poker Hand #HD1780751732: Hold'em No Limit ($0.05/$0.1) - 2024/05/20 18:13:57
Table 'NLHRed27' 6-max Seat #4 is the button
Seat 1: 4d05c2d8 ($1.44 in chips)
Seat 2: 55e53784 ($14.57 in chips)
Seat 3: fab0c023 ($10 in chips)
Seat 4: d5db61a ($10.41 in chips)
Seat 5: e23459ba ($9.8 in chips)
Seat 6: Hero ($16.25 in chips)
e23459ba: posts small blind $0.05
Hero: posts big blind $0.1
*** HOLE CARDS ***
Dealt to 4d05c2d8 
Dealt to 55e53784 
Dealt to fab0c023 
Dealt to d5db61a 
Dealt to e23459ba 
Dealt to Hero [Ks 9c]
4d05c2d8: folds
55e53784: folds
fab0c023: raises $0.12 to $0.22
d5db61a: folds
e23459ba: calls $0.17
Hero: folds
*** FLOP *** [7h 7d 9h]
e23459ba: checks
fab0c023: bets $0.18
e23459ba: folds
Uncalled bet ($0.18) returned to fab0c023
*** SHOWDOWN ***
fab0c023 collected $0.52 from pot
*** SUMMARY ***
Total pot $0.54 | Rake $0.02 | Jackpot $0 | Bingo $0 | Fortune $0 | Tax $0
Board [7h 7d 9h]
Seat 1: 4d05c2d8 folded before Flop (didn't bet)
Seat 2: 55e53784 folded before Flop (didn't bet)
Seat 3: fab0c023 won ($0.52)
Seat 4: d5db61a (button) folded before Flop (didn't bet)
Seat 5: e23459ba (small blind) folded on the Flop
Seat 6: Hero (big blind) folded before Flop


Poker Hand #HD1780751655: Hold'em No Limit ($0.05/$0.1) - 2024/05/20 18:13:22
Table 'NLHRed27' 6-max Seat #3 is the button
Seat 1: 4d05c2d8 ($1.54 in chips)
Seat 2: 55e53784 ($14.57 in chips)
Seat 3: fab0c023 ($10 in chips)
Seat 4: d5db61a ($10.22 in chips)
Seat 5: e23459ba ($9.9 in chips)
Seat 6: Hero ($16.25 in chips)
d5db61a: posts small blind $0.05
e23459ba: posts big blind $0.1
*** HOLE CARDS ***
Dealt to 4d05c2d8 
Dealt to 55e53784 
Dealt to fab0c023 
Dealt to d5db61a 
Dealt to e23459ba 
Dealt to Hero [6c 8s]
Hero: folds
4d05c2d8: calls $0.1
55e53784: folds
fab0c023: folds
d5db61a: raises $0.3 to $0.4
e23459ba: folds
4d05c2d8: folds
Uncalled bet ($0.3) returned to d5db61a
*** SHOWDOWN ***
d5db61a collected $0.29 from pot
*** SUMMARY ***
Total pot $0.3 | Rake $0.01 | Jackpot $0 | Bingo $0 | Fortune $0 | Tax $0
Seat 1: 4d05c2d8 folded before Flop
Seat 2: 55e53784 folded before Flop (didn't bet)
Seat 3: fab0c023 (button) folded before Flop (didn't bet)
Seat 4: d5db61a (small blind) collected ($0.29)
Seat 5: e23459ba (big blind) folded before Flop
Seat 6: Hero folded before Flop (didn't bet)


Poker Hand #HD1780751559: Hold'em No Limit ($0.05/$0.1) - 2024/05/20 18:12:43
Table 'NLHRed27' 6-max Seat #2 is the button
Seat 1: 4d05c2d8 ($1.31 in chips)
Seat 2: 55e53784 ($14.57 in chips)
Seat 3: fab0c023 ($10 in chips)
Seat 4: d5db61a ($10.32 in chips)
Seat 5: e23459ba ($10 in chips)
Seat 6: Hero ($16.25 in chips)
fab0c023: posts small blind $0.05
d5db61a: posts big blind $0.1
e23459ba: posts big blind $0.1
*** HOLE CARDS ***
Dealt to 4d05c2d8 
Dealt to 55e53784 
Dealt to fab0c023 
Dealt to d5db61a 
Dealt to e23459ba 
Dealt to Hero [3d Kd]
e23459ba: checks
Hero: folds
4d05c2d8: calls $0.1
55e53784: folds
fab0c023: folds
d5db61a: checks
*** FLOP *** [6c 5s Js]
d5db61a: checks
e23459ba: checks
4d05c2d8: checks
*** TURN *** [6c 5s Js] [4c]
d5db61a: checks
e23459ba: checks
4d05c2d8: bets $0.18
d5db61a: folds
e23459ba: folds
Uncalled bet ($0.18) returned to 4d05c2d8
*** SHOWDOWN ***
4d05c2d8 collected $0.33 from pot
*** SUMMARY ***
Total pot $0.35 | Rake $0.02 | Jackpot $0 | Bingo $0 | Fortune $0 | Tax $0
Board [6c 5s Js 4c]
Seat 1: 4d05c2d8 won ($0.33)
Seat 2: 55e53784 (button) folded before Flop (didn't bet)
Seat 3: fab0c023 (small blind) folded before Flop
Seat 4: d5db61a (big blind) folded on the Turn
Seat 5: e23459ba folded on the Turn
Seat 6: Hero folded before Flop (didn't bet)


Poker Hand #HD1780751435: Hold'em No Limit ($0.05/$0.1) - 2024/05/20 18:11:54
Table 'NLHRed27' 6-max Seat #1 is the button
Seat 1: 4d05c2d8 ($1.31 in chips)
Seat 2: 55e53784 ($14.62 in chips)
Seat 3: fab0c023 ($10 in chips)
Seat 4: d5db61a ($10.32 in chips)
Seat 6: Hero ($16.25 in chips)
55e53784: posts small blind $0.05
fab0c023: posts big blind $0.1
*** HOLE CARDS ***
Dealt to 4d05c2d8 
Dealt to 55e53784 
Dealt to fab0c023 
Dealt to d5db61a 
Dealt to Hero [6s 2h]
d5db61a: folds
Hero: folds
4d05c2d8: folds
55e53784: raises $0.15 to $0.25
fab0c023: calls $0.15
*** FLOP *** [8h Jh 9c]
55e53784: bets $0.17
fab0c023: calls $0.17
*** TURN *** [8h Jh 9c] [7h]
55e53784: bets $0.28
fab0c023: calls $0.28
*** RIVER *** [8h Jh 9c 7h] [Kc]
55e53784: bets $0.47
fab0c023: calls $0.47
55e53784: shows [Ts Td] (Jacks-High Straight)
fab0c023: shows [Ad Tc] (Jacks-High Straight)
*** SHOWDOWN ***
55e53784 collected $1.12 from pot
fab0c023 collected $1.12 from pot
*** SUMMARY ***
Total pot $2.34 | Rake $0.1 | Jackpot $0 | Bingo $0 | Fortune $0 | Tax $0
Board [8h Jh 9c 7h Kc]
Seat 1: 4d05c2d8 (button) folded before Flop (didn't bet)
Seat 2: 55e53784 (small blind) showed [Ts Td] and won ($1.12) with Jacks-High Straight
Seat 3: fab0c023 (big blind) showed [Ad Tc] and won ($1.12) with Jacks-High Straight
Seat 4: d5db61a folded before Flop (didn't bet)
Seat 6: Hero folded before Flop (didn't bet)


Poker Hand #HD1780751408: Hold'em No Limit ($0.05/$0.1) - 2024/05/20 18:11:44
Table 'NLHRed27' 6-max Seat #6 is the button
Seat 1: 4d05c2d8 ($1.36 in chips)
Seat 2: 55e53784 ($14.57 in chips)
Seat 3: fab0c023 ($10 in chips)
Seat 4: d5db61a ($10.32 in chips)
Seat 6: Hero ($16.25 in chips)
4d05c2d8: posts small blind $0.05
55e53784: posts big blind $0.1
*** HOLE CARDS ***
Dealt to 4d05c2d8 
Dealt to 55e53784 
Dealt to fab0c023 
Dealt to d5db61a 
Dealt to Hero [9d Tc]
fab0c023: folds
d5db61a: folds
Hero: folds
4d05c2d8: folds
Uncalled bet ($0.05) returned to 55e53784
*** SHOWDOWN ***
55e53784 collected $0.1 from pot
*** SUMMARY ***
Total pot $0.1 | Rake $0 | Jackpot $0 | Bingo $0 | Fortune $0 | Tax $0
Seat 1: 4d05c2d8 (small blind) folded before Flop
Seat 2: 55e53784 (big blind) collected ($0.1)
Seat 3: fab0c023 folded before Flop (didn't bet)
Seat 4: d5db61a folded before Flop (didn't bet)
Seat 6: Hero (button) folded before Flop (didn't bet)


Poker Hand #HD1780751346: Hold'em No Limit ($0.05/$0.1) - 2024/05/20 18:11:16
Table 'NLHRed27' 6-max Seat #4 is the button
Seat 1: 4d05c2d8 ($1.61 in chips)
Seat 2: 55e53784 ($14.29 in chips)
Seat 3: fab0c023 ($10 in chips)
Seat 4: d5db61a ($10.32 in chips)
Seat 6: Hero ($16.3 in chips)
Hero: posts small blind $0.05
4d05c2d8: posts big blind $0.1
*** HOLE CARDS ***
Dealt to 4d05c2d8 
Dealt to 55e53784 
Dealt to fab0c023 
Dealt to d5db61a 
Dealt to Hero [6c Js]
55e53784: raises $0.15 to $0.25
fab0c023: folds
d5db61a: folds
Hero: folds
4d05c2d8: calls $0.15
*** FLOP *** [2s 3d Ac]
4d05c2d8: checks
55e53784: bets $0.28
4d05c2d8: folds
Uncalled bet ($0.28) returned to 55e53784
*** SHOWDOWN ***
55e53784 collected $0.53 from pot
*** SUMMARY ***
Total pot $0.55 | Rake $0.02 | Jackpot $0 | Bingo $0 | Fortune $0 | Tax $0
Board [2s 3d Ac]
Seat 1: 4d05c2d8 (big blind) folded on the Flop
Seat 2: 55e53784 won ($0.53)
Seat 3: fab0c023 folded before Flop (didn't bet)
Seat 4: d5db61a (button) folded before Flop (didn't bet)
Seat 6: Hero (small blind) folded before Flop


Poker Hand #HD1780751231: Hold'em No Limit ($0.05/$0.1) - 2024/05/20 18:10:31
Table 'NLHRed27' 6-max Seat #3 is the button
Seat 1: 4d05c2d8 ($0.78 in chips)
Seat 2: 55e53784 ($14.29 in chips)
Seat 3: fab0c023 ($10.49 in chips)
Seat 4: d5db61a ($10.37 in chips)
Seat 6: Hero ($16.4 in chips)
d5db61a: posts small blind $0.05
Hero: posts big blind $0.1
*** HOLE CARDS ***
Dealt to 4d05c2d8 
Dealt to 55e53784 
Dealt to fab0c023 
Dealt to d5db61a 
Dealt to Hero [Kh Ts]
4d05c2d8: calls $0.1
55e53784: folds
fab0c023: raises $0.3 to $0.4
d5db61a: folds
Hero: folds
4d05c2d8: raises $0.38 to $0.78 and is all-in
fab0c023: calls $0.38
4d05c2d8: shows [6c 5c]
fab0c023: shows [Ad Jd]
*** FLOP *** [Qh 6s 4d]
*** TURN *** [Qh 6s 4d] [9d]
*** RIVER *** [Qh 6s 4d 9d] [5h]
*** SHOWDOWN ***
4d05c2d8 collected $1.61 from pot
*** SUMMARY ***
Total pot $1.71 | Rake $0.1 | Jackpot $0 | Bingo $0 | Fortune $0 | Tax $0
Board [Qh 6s 4d 9d 5h]
Seat 1: 4d05c2d8 showed [6c 5c] and won ($1.61) with Pair of Sixes and Pair of Fives
Seat 2: 55e53784 folded before Flop (didn't bet)
Seat 3: fab0c023 (button) showed [Ad Jd] and lost with Ace-High
Seat 4: d5db61a (small blind) folded before Flop
Seat 6: Hero (big blind) folded before Flop


Poker Hand #HD1780751116: Hold'em No Limit ($0.05/$0.1) - 2024/05/20 18:09:39
Table 'NLHRed27' 6-max Seat #2 is the button
Seat 1: 4d05c2d8 ($0.98 in chips)
Seat 2: 55e53784 ($14.29 in chips)
Seat 3: fab0c023 ($10.54 in chips)
Seat 4: d5db61a ($9.95 in chips)
Seat 6: Hero ($16.6 in chips)
fab0c023: posts small blind $0.05
d5db61a: posts big blind $0.1
*** HOLE CARDS ***
Dealt to 4d05c2d8 
Dealt to 55e53784 
Dealt to fab0c023 
Dealt to d5db61a 
Dealt to Hero [Js Ah]
Hero: raises $0.1 to $0.2
4d05c2d8: calls $0.2
55e53784: folds
fab0c023: folds
d5db61a: calls $0.1
*** FLOP *** [5d 9s 4h]
d5db61a: checks
Hero: checks
4d05c2d8: checks
*** TURN *** [5d 9s 4h] [Qs]
d5db61a: checks
Hero: checks
4d05c2d8: checks
*** RIVER *** [5d 9s 4h Qs] [Tc]
d5db61a: checks
Hero: checks
4d05c2d8: checks
d5db61a: shows [2c 4s] (Pair of Fours)
Hero: shows [Js Ah] (Ace-High)
4d05c2d8: shows [Kc 8c] (King-High)
*** SHOWDOWN ***
d5db61a collected $0.62 from pot
*** SUMMARY ***
Total pot $0.65 | Rake $0.03 | Jackpot $0 | Bingo $0 | Fortune $0 | Tax $0
Board [5d 9s 4h Qs Tc]
Seat 1: 4d05c2d8 showed [Kc 8c] and lost with King-High
Seat 2: 55e53784 (button) folded before Flop (didn't bet)
Seat 3: fab0c023 (small blind) folded before Flop
Seat 4: d5db61a (big blind) showed [2c 4s] and won ($0.62) with Pair of Fours
Seat 6: Hero showed [Js Ah] and lost with Ace-High


Poker Hand #HD1780751019: Hold'em No Limit ($0.05/$0.1) - 2024/05/20 18:08:56
Table 'NLHRed27' 6-max Seat #1 is the button
Seat 1: 4d05c2d8 ($1.52 in chips)
Seat 2: 55e53784 ($14.34 in chips)
Seat 3: fab0c023 ($10 in chips)
Seat 4: d5db61a ($9.95 in chips)
Seat 6: Hero ($16.6 in chips)
55e53784: posts small blind $0.05
fab0c023: posts big blind $0.1
*** HOLE CARDS ***
Dealt to 4d05c2d8 
Dealt to 55e53784 
Dealt to fab0c023 
Dealt to d5db61a 
Dealt to Hero [9d Qh]
d5db61a: folds
Hero: folds
4d05c2d8: calls $0.1
55e53784: folds
fab0c023: checks
*** FLOP *** [3d 5d 8s]
fab0c023: bets $0.1
4d05c2d8: calls $0.1
*** TURN *** [3d 5d 8s] [2d]
fab0c023: bets $0.34
4d05c2d8: calls $0.34
*** RIVER *** [3d 5d 8s 2d] [As]
fab0c023: bets $1.7
4d05c2d8: folds
Uncalled bet ($1.7) returned to fab0c023
*** SHOWDOWN ***
fab0c023 collected $1.08 from pot
*** SUMMARY ***
Total pot $1.13 | Rake $0.05 | Jackpot $0 | Bingo $0 | Fortune $0 | Tax $0
Board [3d 5d 8s 2d As]
Seat 1: 4d05c2d8 (button) folded on the River
Seat 2: 55e53784 (small blind) folded before Flop
Seat 3: fab0c023 (big blind) won ($1.08)
Seat 4: d5db61a folded before Flop (didn't bet)
Seat 6: Hero folded before Flop (didn't bet)


Poker Hand #HD1780750922: Hold'em No Limit ($0.05/$0.1) - 2024/05/20 18:08:10
Table 'NLHRed27' 6-max Seat #6 is the button
Seat 1: 4d05c2d8 ($1.57 in chips)
Seat 2: 55e53784 ($13.37 in chips)
Seat 3: fab0c023 ($10.6 in chips)
Seat 4: d5db61a ($9.95 in chips)
Seat 6: Hero ($16.6 in chips)
4d05c2d8: posts small blind $0.05
55e53784: posts big blind $0.1
*** HOLE CARDS ***
Dealt to 4d05c2d8 
Dealt to 55e53784 
Dealt to fab0c023 
Dealt to d5db61a 
Dealt to Hero [2d Qh]
fab0c023: raises $0.12 to $0.22
d5db61a: folds
Hero: folds
4d05c2d8: folds
55e53784: calls $0.12
*** FLOP *** [6d 8d 6s]
55e53784: checks
fab0c023: bets $0.17
55e53784: calls $0.17
*** TURN *** [6d 8d 6s] [6h]
55e53784: checks
fab0c023: checks
*** RIVER *** [6d 8d 6s 6h] [9h]
55e53784: bets $0.63
fab0c023: calls $0.63
55e53784: shows [8c 6c] (Four Sixes)
fab0c023: shows [Kh Ah] (Three Sixes)
*** SHOWDOWN ***
55e53784 collected $1.99 from pot
*** SUMMARY ***
Total pot $2.09 | Rake $0.1 | Jackpot $0 | Bingo $0 | Fortune $0 | Tax $0
Board [6d 8d 6s 6h 9h]
Seat 1: 4d05c2d8 (small blind) folded before Flop
Seat 2: 55e53784 (big blind) showed [8c 6c] and won ($1.99) with Four Sixes
Seat 3: fab0c023 showed [Kh Ah] and lost with Three Sixes
Seat 4: d5db61a folded before Flop (didn't bet)
Seat 6: Hero (button) folded before Flop (didn't bet)


Poker Hand #HD1780750833: Hold'em No Limit ($0.05/$0.1) - 2024/05/20 18:07:38
Table 'NLHRed27' 6-max Seat #4 is the button
Seat 1: 4d05c2d8 ($1.79 in chips)
Seat 2: 55e53784 ($13.37 in chips)
Seat 3: fab0c023 ($10.35 in chips)
Seat 4: d5db61a ($9.95 in chips)
Seat 6: Hero ($16.65 in chips)
Hero: posts small blind $0.05
4d05c2d8: posts big blind $0.1
*** HOLE CARDS ***
Dealt to 4d05c2d8 
Dealt to 55e53784 
Dealt to fab0c023 
Dealt to d5db61a 
Dealt to Hero [5d 4s]
55e53784: folds
fab0c023: raises $0.12 to $0.22
d5db61a: folds
Hero: folds
4d05c2d8: calls $0.12
*** FLOP *** [Qs Ac Jd]
4d05c2d8: checks
fab0c023: checks
*** TURN *** [Qs Ac Jd] [Kd]
4d05c2d8: checks
fab0c023: checks
*** RIVER *** [Qs Ac Jd Kd] [Qd]
4d05c2d8: checks
fab0c023: checks
4d05c2d8: shows [6s 8s] (Pair of Queens)
fab0c023: shows [Js Kc] (Pair of Kings and Pair of Queens)
*** SHOWDOWN ***
fab0c023 collected $0.47 from pot
*** SUMMARY ***
Total pot $0.49 | Rake $0.02 | Jackpot $0 | Bingo $0 | Fortune $0 | Tax $0
Board [Qs Ac Jd Kd Qd]
Seat 1: 4d05c2d8 (big blind) showed [6s 8s] and lost with Pair of Queens
Seat 2: 55e53784 folded before Flop (didn't bet)
Seat 3: fab0c023 showed [Js Kc] and won ($0.47) with Pair of Kings and Pair of Queens
Seat 4: d5db61a (button) folded before Flop (didn't bet)
Seat 6: Hero (small blind) folded before Flop


Poker Hand #HD1780750768: Hold'em No Limit ($0.05/$0.1) - 2024/05/20 18:07:10
Table 'NLHRed27' 6-max Seat #3 is the button
Seat 1: 4d05c2d8 ($1.65 in chips)
Seat 2: 55e53784 ($13.37 in chips)
Seat 3: fab0c023 ($10.35 in chips)
Seat 4: d5db61a ($10 in chips)
Seat 6: Hero ($16.75 in chips)
d5db61a: posts small blind $0.05
Hero: posts big blind $0.1
*** HOLE CARDS ***
Dealt to 4d05c2d8 
Dealt to 55e53784 
Dealt to fab0c023 
Dealt to d5db61a 
Dealt to Hero [8h Ac]
4d05c2d8: calls $0.1
55e53784: folds
fab0c023: folds
d5db61a: folds
Hero: checks
*** FLOP *** [5s 4h 3d]
Hero: checks
4d05c2d8: bets $0.13
Hero: folds
Uncalled bet ($0.13) returned to 4d05c2d8
*** SHOWDOWN ***
4d05c2d8 collected $0.24 from pot
*** SUMMARY ***
Total pot $0.25 | Rake $0.01 | Jackpot $0 | Bingo $0 | Fortune $0 | Tax $0
Board [5s 4h 3d]
Seat 1: 4d05c2d8 won ($0.24)
Seat 2: 55e53784 folded before Flop (didn't bet)
Seat 3: fab0c023 (button) folded before Flop (didn't bet)
Seat 4: d5db61a (small blind) folded before Flop
Seat 6: Hero (big blind) folded on the Flop


Poker Hand #HD1780750666: Hold'em No Limit ($0.05/$0.1) - 2024/05/20 18:06:21
Table 'NLHRed27' 6-max Seat #2 is the button
Seat 1: 4d05c2d8 ($1.65 in chips)
Seat 2: 55e53784 ($13.59 in chips)
Seat 3: fab0c023 ($13.18 in chips)
Seat 4: d5db61a ($7.33 in chips)
Seat 6: Hero ($16.75 in chips)
fab0c023: posts small blind $0.05
d5db61a: posts big blind $0.1
*** HOLE CARDS ***
Dealt to 4d05c2d8 
Dealt to 55e53784 
Dealt to fab0c023 
Dealt to d5db61a 
Dealt to Hero [9c Ks]
Hero: folds
4d05c2d8: folds
55e53784: raises $0.12 to $0.22
fab0c023: raises $0.93 to $1.15
d5db61a: calls $1.05
55e53784: folds
*** FLOP *** [Jh 5d Qh]
fab0c023: bets $0.84
d5db61a: raises $0.84 to $1.68
fab0c023: calls $0.84
*** TURN *** [Jh 5d Qh] [Qd]
fab0c023: checks
d5db61a: bets $4.5 and is all-in
fab0c023: folds
Uncalled bet ($4.5) returned to d5db61a
*** SHOWDOWN ***
d5db61a collected $5.5 from pot
*** SUMMARY ***
Total pot $5.88 | Rake $0.28 | Jackpot $0.1 | Bingo $0 | Fortune $0 | Tax $0
Board [Jh 5d Qh Qd]
Seat 1: 4d05c2d8 folded before Flop (didn't bet)
Seat 2: 55e53784 (button) folded before Flop
Seat 3: fab0c023 (small blind) folded on the Turn
Seat 4: d5db61a (big blind) won ($5.5)
Seat 6: Hero folded before Flop (didn't bet)


Poker Hand #HD1780750631: Hold'em No Limit ($0.05/$0.1) - 2024/05/20 18:06:09
Table 'NLHRed27' 6-max Seat #1 is the button
Seat 1: 4d05c2d8 ($1.65 in chips)
Seat 2: 55e53784 ($13.49 in chips)
Seat 3: fab0c023 ($13.28 in chips)
Seat 4: d5db61a ($7.33 in chips)
Seat 6: Hero ($16.75 in chips)
55e53784: posts small blind $0.05
fab0c023: posts big blind $0.1
*** HOLE CARDS ***
Dealt to 4d05c2d8 
Dealt to 55e53784 
Dealt to fab0c023 
Dealt to d5db61a 
Dealt to Hero [4h Tc]
d5db61a: folds
Hero: folds
4d05c2d8: folds
55e53784: raises $0.15 to $0.25
fab0c023: folds
Uncalled bet ($0.15) returned to 55e53784
*** SHOWDOWN ***
55e53784 collected $0.2 from pot
*** SUMMARY ***
Total pot $0.2 | Rake $0 | Jackpot $0 | Bingo $0 | Fortune $0 | Tax $0
Seat 1: 4d05c2d8 (button) folded before Flop (didn't bet)
Seat 2: 55e53784 (small blind) collected ($0.2)
Seat 3: fab0c023 (big blind) folded before Flop
Seat 4: d5db61a folded before Flop (didn't bet)
Seat 6: Hero folded before Flop (didn't bet)


Poker Hand #HD1780750495: Hold'em No Limit ($0.05/$0.1) - 2024/05/20 18:05:10
Table 'NLHRed27' 6-max Seat #6 is the button
Seat 1: 4d05c2d8 ($1.9 in chips)
Seat 2: 55e53784 ($13.02 in chips)
Seat 3: fab0c023 ($13.28 in chips)
Seat 4: d5db61a ($7.58 in chips)
Seat 6: Hero ($16.75 in chips)
4d05c2d8: posts small blind $0.05
55e53784: posts big blind $0.1
*** HOLE CARDS ***
Dealt to 4d05c2d8 
Dealt to 55e53784 
Dealt to fab0c023 
Dealt to d5db61a 
Dealt to Hero [Qc 2s]
fab0c023: folds
d5db61a: raises $0.15 to $0.25
Hero: folds
4d05c2d8: calls $0.2
55e53784: calls $0.15
*** FLOP *** [8s Kc Tc]
4d05c2d8: checks
55e53784: checks
d5db61a: checks
*** TURN *** [8s Kc Tc] [8d]
4d05c2d8: checks
55e53784: bets $0.38
d5db61a: folds
4d05c2d8: folds
Uncalled bet ($0.38) returned to 55e53784
*** SHOWDOWN ***
55e53784 collected $0.72 from pot
*** SUMMARY ***
Total pot $0.75 | Rake $0.03 | Jackpot $0 | Bingo $0 | Fortune $0 | Tax $0
Board [8s Kc Tc 8d]
Seat 1: 4d05c2d8 (small blind) folded on the Turn
Seat 2: 55e53784 (big blind) won ($0.72)
Seat 3: fab0c023 folded before Flop (didn't bet)
Seat 4: d5db61a folded on the Turn
Seat 6: Hero (button) folded before Flop (didn't bet)


Poker Hand #HD1780750411: Hold'em No Limit ($0.05/$0.1) - 2024/05/20 18:04:36
Table 'NLHRed27' 6-max Seat #4 is the button
Seat 1: 4d05c2d8 ($2 in chips)
Seat 2: 55e53784 ($12.65 in chips)
Seat 3: fab0c023 ($13.28 in chips)
Seat 4: d5db61a ($7.83 in chips)
Seat 6: Hero ($16.8 in chips)
Hero: posts small blind $0.05
4d05c2d8: posts big blind $0.1
*** HOLE CARDS ***
Dealt to 4d05c2d8 
Dealt to 55e53784 
Dealt to fab0c023 
Dealt to d5db61a 
Dealt to Hero [3c 7h]
55e53784: raises $0.15 to $0.25
fab0c023: folds
d5db61a: calls $0.25
Hero: folds
4d05c2d8: folds
*** FLOP *** [Ah 6d Kd]
55e53784: bets $0.22
d5db61a: folds
Uncalled bet ($0.22) returned to 55e53784
*** SHOWDOWN ***
55e53784 collected $0.62 from pot
*** SUMMARY ***
Total pot $0.65 | Rake $0.03 | Jackpot $0 | Bingo $0 | Fortune $0 | Tax $0
Board [Ah 6d Kd]
Seat 1: 4d05c2d8 (big blind) folded before Flop
Seat 2: 55e53784 won ($0.62)
Seat 3: fab0c023 folded before Flop (didn't bet)
Seat 4: d5db61a (button) folded on the Flop
Seat 6: Hero (small blind) folded before Flop


Poker Hand #HD1780750367: Hold'em No Limit ($0.05/$0.1) - 2024/05/20 18:04:17
Table 'NLHRed27' 6-max Seat #3 is the button
Seat 2: 55e53784 ($12.65 in chips)
Seat 3: fab0c023 ($13.13 in chips)
Seat 4: d5db61a ($7.88 in chips)
Seat 6: Hero ($16.9 in chips)
d5db61a: posts small blind $0.05
Hero: posts big blind $0.1
*** HOLE CARDS ***
Dealt to 55e53784 
Dealt to fab0c023 
Dealt to d5db61a 
Dealt to Hero [5h 4s]
55e53784: folds
fab0c023: raises $0.14 to $0.24
d5db61a: folds
Hero: folds
Uncalled bet ($0.14) returned to fab0c023
*** SHOWDOWN ***
fab0c023 collected $0.25 from pot
*** SUMMARY ***
Total pot $0.25 | Rake $0 | Jackpot $0 | Bingo $0 | Fortune $0 | Tax $0
Seat 2: 55e53784 folded before Flop (didn't bet)
Seat 3: fab0c023 (button) collected ($0.25)
Seat 4: d5db61a (small blind) folded before Flop
Seat 6: Hero (big blind) folded before Flop


Poker Hand #HD1780750328: Hold'em No Limit ($0.05/$0.1) - 2024/05/20 18:04:03
Table 'NLHRed27' 6-max Seat #2 is the button
Seat 1: 1057b178 ($11.11 in chips)
Seat 2: 55e53784 ($12.65 in chips)
Seat 3: fab0c023 ($13.03 in chips)
Seat 4: d5db61a ($7.98 in chips)
Seat 6: Hero ($16.9 in chips)
fab0c023: posts small blind $0.05
d5db61a: posts big blind $0.1
*** HOLE CARDS ***
Dealt to 1057b178 
Dealt to 55e53784 
Dealt to fab0c023 
Dealt to d5db61a 
Dealt to Hero [2h 9d]
Hero: folds
1057b178: folds
55e53784: folds
fab0c023: raises $0.16 to $0.26
d5db61a: folds
Uncalled bet ($0.16) returned to fab0c023
*** SHOWDOWN ***
fab0c023 collected $0.2 from pot
*** SUMMARY ***
Total pot $0.2 | Rake $0 | Jackpot $0 | Bingo $0 | Fortune $0 | Tax $0
Seat 1: 1057b178 folded before Flop (didn't bet)
Seat 2: 55e53784 (button) folded before Flop (didn't bet)
Seat 3: fab0c023 (small blind) collected ($0.2)
Seat 4: d5db61a (big blind) folded before Flop
Seat 6: Hero folded before Flop (didn't bet)


Poker Hand #HD1780750231: Hold'em No Limit ($0.05/$0.1) - 2024/05/20 18:03:25
Table 'NLHRed27' 6-max Seat #1 is the button
Seat 1: 1057b178 ($11.11 in chips)
Seat 2: 55e53784 ($12.7 in chips)
Seat 3: fab0c023 ($12.76 in chips)
Seat 4: d5db61a ($7.98 in chips)
Seat 6: Hero ($17.14 in chips)
55e53784: posts small blind $0.05
fab0c023: posts big blind $0.1
*** HOLE CARDS ***
Dealt to 1057b178 
Dealt to 55e53784 
Dealt to fab0c023 
Dealt to d5db61a 
Dealt to Hero [Ac Qc]
d5db61a: folds
Hero: raises $0.14 to $0.24
1057b178: folds
55e53784: folds
fab0c023: calls $0.14
*** FLOP *** [2c 4s 6h]
fab0c023: checks
Hero: checks
*** TURN *** [2c 4s 6h] [3h]
fab0c023: bets $0.4
Hero: folds
Uncalled bet ($0.4) returned to fab0c023
*** SHOWDOWN ***
fab0c023 collected $0.51 from pot
*** SUMMARY ***
Total pot $0.53 | Rake $0.02 | Jackpot $0 | Bingo $0 | Fortune $0 | Tax $0
Board [2c 4s 6h 3h]
Seat 1: 1057b178 (button) folded before Flop (didn't bet)
Seat 2: 55e53784 (small blind) folded before Flop
Seat 3: fab0c023 (big blind) won ($0.51)
Seat 4: d5db61a folded before Flop (didn't bet)
Seat 6: Hero folded on the Turn


Poker Hand #HD1780750081: Hold'em No Limit ($0.05/$0.1) - 2024/05/20 18:02:17
Table 'NLHRed27' 6-max Seat #6 is the button
Seat 1: 1057b178 ($11.16 in chips)
Seat 2: 55e53784 ($12.8 in chips)
Seat 3: fab0c023 ($10.48 in chips)
Seat 4: d5db61a ($10.46 in chips)
Seat 6: Hero ($17.14 in chips)
1057b178: posts small blind $0.05
55e53784: posts big blind $0.1
*** HOLE CARDS ***
Dealt to 1057b178 
Dealt to 55e53784 
Dealt to fab0c023 
Dealt to d5db61a 
Dealt to Hero [5c 6c]
fab0c023: raises $0.12 to $0.22
d5db61a: raises $0.12 to $0.34
Hero: folds
1057b178: folds
55e53784: folds
fab0c023: raises $0.86 to $1.2
d5db61a: calls $0.86
*** FLOP *** [Qs 7d 4c]
fab0c023: checks
d5db61a: checks
*** TURN *** [Qs 7d 4c] [9s]
fab0c023: checks
d5db61a: bets $1.28
fab0c023: calls $1.28
*** RIVER *** [Qs 7d 4c 9s] [6h]
fab0c023: checks
d5db61a: checks
fab0c023: shows [Jd Jh] (Pair of Jacks)
d5db61a: shows [Ad Th] (Ace-High)
*** SHOWDOWN ***
fab0c023 collected $4.76 from pot
*** SUMMARY ***
Total pot $5.11 | Rake $0.25 | Jackpot $0.1 | Bingo $0 | Fortune $0 | Tax $0
Board [Qs 7d 4c 9s 6h]
Seat 1: 1057b178 (small blind) folded before Flop
Seat 2: 55e53784 (big blind) folded before Flop
Seat 3: fab0c023 showed [Jd Jh] and won ($4.76) with Pair of Jacks
Seat 4: d5db61a showed [Ad Th] and lost with Ace-High
Seat 6: Hero (button) folded before Flop (didn't bet)


Poker Hand #HD1780750041: Hold'em No Limit ($0.05/$0.1) - 2024/05/20 18:02:01
Table 'NLHRed27' 6-max Seat #4 is the button
Seat 1: 1057b178 ($11.26 in chips)
Seat 2: 55e53784 ($12.8 in chips)
Seat 3: fab0c023 ($10.48 in chips)
Seat 4: d5db61a ($10.31 in chips)
Seat 6: Hero ($17.19 in chips)
Hero: posts small blind $0.05
1057b178: posts big blind $0.1
*** HOLE CARDS ***
Dealt to 1057b178 
Dealt to 55e53784 
Dealt to fab0c023 
Dealt to d5db61a 
Dealt to Hero [2c 4c]
55e53784: folds
fab0c023: folds
d5db61a: raises $0.15 to $0.25
Hero: folds
1057b178: folds
Uncalled bet ($0.15) returned to d5db61a
*** SHOWDOWN ***
d5db61a collected $0.25 from pot
*** SUMMARY ***
Total pot $0.25 | Rake $0 | Jackpot $0 | Bingo $0 | Fortune $0 | Tax $0
Seat 1: 1057b178 (big blind) folded before Flop
Seat 2: 55e53784 folded before Flop (didn't bet)
Seat 3: fab0c023 folded before Flop (didn't bet)
Seat 4: d5db61a (button) collected ($0.25)
Seat 6: Hero (small blind) folded before Flop


Poker Hand #HD1780750002: Hold'em No Limit ($0.05/$0.1) - 2024/05/20 18:01:44
Table 'NLHRed27' 6-max Seat #3 is the button
Seat 1: 1057b178 ($11.26 in chips)
Seat 2: 55e53784 ($12.8 in chips)
Seat 3: fab0c023 ($10.33 in chips)
Seat 4: d5db61a ($10.36 in chips)
Seat 6: Hero ($17.29 in chips)
d5db61a: posts small blind $0.05
Hero: posts big blind $0.1
*** HOLE CARDS ***
Dealt to 1057b178 
Dealt to 55e53784 
Dealt to fab0c023 
Dealt to d5db61a 
Dealt to Hero [Kd 2s]
1057b178: folds
55e53784: folds
fab0c023: raises $0.14 to $0.24
d5db61a: folds
Hero: folds
Uncalled bet ($0.14) returned to fab0c023
*** SHOWDOWN ***
fab0c023 collected $0.25 from pot
*** SUMMARY ***
Total pot $0.25 | Rake $0 | Jackpot $0 | Bingo $0 | Fortune $0 | Tax $0
Seat 1: 1057b178 folded before Flop (didn't bet)
Seat 2: 55e53784 folded before Flop (didn't bet)
Seat 3: fab0c023 (button) collected ($0.25)
Seat 4: d5db61a (small blind) folded before Flop
Seat 6: Hero (big blind) folded before Flop


Poker Hand #HD1780749915: Hold'em No Limit ($0.05/$0.1) - 2024/05/20 18:01:05
Table 'NLHRed27' 6-max Seat #2 is the button
Seat 1: 1057b178 ($11.26 in chips)
Seat 2: 55e53784 ($12.8 in chips)
Seat 3: fab0c023 ($10.72 in chips)
Seat 4: d5db61a ($10 in chips)
Seat 6: Hero ($17.29 in chips)
fab0c023: posts small blind $0.05
d5db61a: posts big blind $0.1
*** HOLE CARDS ***
Dealt to 1057b178 
Dealt to 55e53784 
Dealt to fab0c023 
Dealt to d5db61a 
Dealt to Hero [As 8h]
Hero: folds
1057b178: folds
55e53784: folds
fab0c023: raises $0.16 to $0.26
d5db61a: calls $0.16
*** FLOP *** [7h 4s Td]
fab0c023: bets $0.13
d5db61a: raises $0.39 to $0.52
fab0c023: folds
Uncalled bet ($0.39) returned to d5db61a
*** SHOWDOWN ***
d5db61a collected $0.75 from pot
*** SUMMARY ***
Total pot $0.78 | Rake $0.03 | Jackpot $0 | Bingo $0 | Fortune $0 | Tax $0
Board [7h 4s Td]
Seat 1: 1057b178 folded before Flop (didn't bet)
Seat 2: 55e53784 (button) folded before Flop (didn't bet)
Seat 3: fab0c023 (small blind) folded on the Flop
Seat 4: d5db61a (big blind) won ($0.75)
Seat 6: Hero folded before Flop (didn't bet)


Poker Hand #HD1780749892: Hold'em No Limit ($0.05/$0.1) - 2024/05/20 18:00:56
Table 'NLHRed27' 6-max Seat #1 is the button
Seat 1: 1057b178 ($11.26 in chips)
Seat 2: 55e53784 ($12.85 in chips)
Seat 3: fab0c023 ($10.67 in chips)
Seat 6: Hero ($17.29 in chips)
55e53784: posts small blind $0.05
fab0c023: posts big blind $0.1
*** HOLE CARDS ***
Dealt to 1057b178 
Dealt to 55e53784 
Dealt to fab0c023 
Dealt to Hero [Qs 4h]
Hero: folds
1057b178: folds
55e53784: folds
Uncalled bet ($0.05) returned to fab0c023
*** SHOWDOWN ***
fab0c023 collected $0.1 from pot
*** SUMMARY ***
Total pot $0.1 | Rake $0 | Jackpot $0 | Bingo $0 | Fortune $0 | Tax $0
Seat 1: 1057b178 (button) folded before Flop (didn't bet)
Seat 2: 55e53784 (small blind) folded before Flop
Seat 3: fab0c023 (big blind) collected ($0.1)
Seat 6: Hero folded before Flop (didn't bet)


Poker Hand #HD1780749715: Hold'em No Limit ($0.05/$0.1) - 2024/05/20 17:59:39
Table 'NLHRed27' 6-max Seat #6 is the button
Seat 1: 1057b178 ($10 in chips)
Seat 2: 55e53784 ($14.35 in chips)
Seat 3: fab0c023 ($10.67 in chips)
Seat 6: Hero ($17.29 in chips)
1057b178: posts small blind $0.05
55e53784: posts big blind $0.1
*** HOLE CARDS ***
Dealt to 1057b178 
Dealt to 55e53784 
Dealt to fab0c023 
Dealt to Hero [8d 2s]
fab0c023: folds
Hero: folds
1057b178: raises $0.2 to $0.3
55e53784: calls $0.2
*** FLOP *** [Jh 5s Jd]
1057b178: bets $0.3
55e53784: calls $0.3
*** TURN *** [Jh 5s Jd] [Tc]
1057b178: bets $0.9
55e53784: calls $0.9
*** RIVER *** [Jh 5s Jd Tc] [6h]
1057b178: bets $3.6
55e53784: folds
Uncalled bet ($3.6) returned to 1057b178
1057b178: shows [Ah] (Pair of Jacks)
*** SHOWDOWN ***
1057b178 collected $2.76 from pot
*** SUMMARY ***
Total pot $3 | Rake $0.14 | Jackpot $0.1 | Bingo $0 | Fortune $0 | Tax $0
Board [Jh 5s Jd Tc 6h]
Seat 1: 1057b178 (small blind) showed [Ah] and won ($2.76)
Seat 2: 55e53784 (big blind) folded on the River
Seat 3: fab0c023 folded before Flop (didn't bet)
Seat 6: Hero (button) folded before Flop (didn't bet)


Poker Hand #HD1780749602: Hold'em No Limit ($0.05/$0.1) - 2024/05/20 17:58:51
Table 'NLHRed27' 6-max Seat #3 is the button
Seat 1: 1057b178 ($10.15 in chips)
Seat 2: 55e53784 ($14.35 in chips)
Seat 3: fab0c023 ($10.4 in chips)
Seat 6: Hero ($17.34 in chips)
Hero: posts small blind $0.05
1057b178: posts big blind $0.1
*** HOLE CARDS ***
Dealt to 1057b178 
Dealt to 55e53784 
Dealt to fab0c023 
Dealt to Hero [7c 2s]
55e53784: folds
fab0c023: raises $0.14 to $0.24
Hero: folds
1057b178: calls $0.14
*** FLOP *** [4c 8d 2c]
1057b178: checks
fab0c023: bets $0.4
1057b178: folds
Uncalled bet ($0.4) returned to fab0c023
*** SHOWDOWN ***
fab0c023 collected $0.51 from pot
*** SUMMARY ***
Total pot $0.53 | Rake $0.02 | Jackpot $0 | Bingo $0 | Fortune $0 | Tax $0
Board [4c 8d 2c]
Seat 1: 1057b178 (big blind) folded on the Flop
Seat 2: 55e53784 folded before Flop (didn't bet)
Seat 3: fab0c023 (button) won ($0.51)
Seat 6: Hero (small blind) folded before Flop


Poker Hand #HD1780749576: Hold'em No Limit ($0.05/$0.1) - 2024/05/20 17:58:40
Table 'NLHRed27' 6-max Seat #2 is the button
Seat 1: 1057b178 ($10 in chips)
Seat 2: 55e53784 ($14.35 in chips)
Seat 3: fab0c023 ($10.45 in chips)
Seat 6: Hero ($17.44 in chips)
fab0c023: posts small blind $0.05
Hero: posts big blind $0.1
*** HOLE CARDS ***
Dealt to 1057b178 
Dealt to 55e53784 
Dealt to fab0c023 
Dealt to Hero [9d 6c]
1057b178: raises $0.15 to $0.25
55e53784: folds
fab0c023: folds
Hero: folds
Uncalled bet ($0.15) returned to 1057b178
*** SHOWDOWN ***
1057b178 collected $0.25 from pot
*** SUMMARY ***
Total pot $0.25 | Rake $0 | Jackpot $0 | Bingo $0 | Fortune $0 | Tax $0
Seat 1: 1057b178 collected ($0.25)
Seat 2: 55e53784 (button) folded before Flop (didn't bet)
Seat 3: fab0c023 (small blind) folded before Flop
Seat 6: Hero (big blind) folded before Flop


Poker Hand #HD1780749462: Hold'em No Limit ($0.05/$0.1) - 2024/05/20 17:57:50
Table 'NLHRed27' 6-max Seat #1 is the button
Seat 1: 1057b178 ($10.38 in chips)
Seat 2: 55e53784 ($14.4 in chips)
Seat 3: fab0c023 ($10 in chips)
Seat 6: Hero ($17.44 in chips)
55e53784: posts small blind $0.05
fab0c023: posts big blind $0.1
*** HOLE CARDS ***
Dealt to 1057b178 
Dealt to 55e53784 
Dealt to fab0c023 
Dealt to Hero [8s 5c]
Hero: folds
1057b178: raises $0.15 to $0.25
55e53784: folds
fab0c023: calls $0.15
*** FLOP *** [Ks Kd Ts]
fab0c023: checks
1057b178: bets $0.19
fab0c023: calls $0.19
*** TURN *** [Ks Kd Ts] [Jh]
fab0c023: checks
1057b178: checks
*** RIVER *** [Ks Kd Ts Jh] [Tc]
fab0c023: bets $0.7
1057b178: folds
Uncalled bet ($0.7) returned to fab0c023
*** SHOWDOWN ***
fab0c023 collected $0.89 from pot
*** SUMMARY ***
Total pot $0.93 | Rake $0.04 | Jackpot $0 | Bingo $0 | Fortune $0 | Tax $0
Board [Ks Kd Ts Jh Tc]
Seat 1: 1057b178 (button) folded on the River
Seat 2: 55e53784 (small blind) folded before Flop
Seat 3: fab0c023 (big blind) won ($0.89)
Seat 6: Hero folded before Flop (didn't bet)


Poker Hand #HD1780749357: Hold'em No Limit ($0.05/$0.1) - 2024/05/20 17:57:03
Table 'NLHRed27' 6-max Seat #6 is the button
Seat 1: 1057b178 ($10 in chips)
Seat 2: 55e53784 ($14.82 in chips)
Seat 3: fab0c023 ($10 in chips)
Seat 4: 99567913 ($10 in chips)
Seat 6: Hero ($17.44 in chips)
1057b178: posts small blind $0.05
55e53784: posts big blind $0.1
*** HOLE CARDS ***
Dealt to 1057b178 
Dealt to 55e53784 
Dealt to fab0c023 
Dealt to 99567913 
Dealt to Hero [7s Td]
fab0c023: folds
99567913: folds
Hero: folds
1057b178: raises $0.15 to $0.25
55e53784: calls $0.15
*** FLOP *** [5c 9s 3h]
1057b178: bets $0.17
55e53784: calls $0.17
*** TURN *** [5c 9s 3h] [Ac]
1057b178: bets $0.63
55e53784: folds
Uncalled bet ($0.63) returned to 1057b178
*** SHOWDOWN ***
1057b178 collected $0.8 from pot
*** SUMMARY ***
Total pot $0.84 | Rake $0.04 | Jackpot $0 | Bingo $0 | Fortune $0 | Tax $0
Board [5c 9s 3h Ac]
Seat 1: 1057b178 (small blind) won ($0.8)
Seat 2: 55e53784 (big blind) folded on the Turn
Seat 3: fab0c023 folded before Flop (didn't bet)
Seat 4: 99567913 folded before Flop (didn't bet)
Seat 6: Hero (button) folded before Flop (didn't bet)


Poker Hand #HD1780749130: Hold'em No Limit ($0.05/$0.1) - 2024/05/20 17:55:27
Table 'NLHRed27' 6-max Seat #4 is the button
Seat 1: 1057b178 ($10 in chips)
Seat 2: 55e53784 ($11.52 in chips)
Seat 3: fab0c023 ($10 in chips)
Seat 4: 99567913 ($10.7 in chips)
Seat 5: a5bb93a3 ($1.78 in chips)
Seat 6: Hero ($17.54 in chips)
a5bb93a3: posts small blind $0.05
Hero: posts big blind $0.1
*** HOLE CARDS ***
Dealt to 1057b178 
Dealt to 55e53784 
Dealt to fab0c023 
Dealt to 99567913 
Dealt to a5bb93a3 
Dealt to Hero [Qd 4s]
1057b178: folds
55e53784: raises $0.15 to $0.25
fab0c023: folds
99567913: calls $0.25
a5bb93a3: calls $0.2
Hero: folds
*** FLOP *** [2c 4d Ac]
a5bb93a3: checks
55e53784: bets $0.64
99567913: calls $0.64
a5bb93a3: raises $0.89 to $1.53 and is all-in
55e53784: calls $0.89
99567913: calls $0.89
*** TURN *** [2c 4d Ac] [Qs]
55e53784: bets $3.98
99567913: folds
Uncalled bet ($3.98) returned to 55e53784
55e53784: shows [Kh Ad] (Pair of Aces)
a5bb93a3: shows [Th As] (Pair of Aces)
*** RIVER *** [2c 4d Ac Qs] [Kd]
*** SHOWDOWN ***
55e53784 collected $5.08 from pot
*** SUMMARY ***
Total pot $5.44 | Rake $0.26 | Jackpot $0.1 | Bingo $0 | Fortune $0 | Tax $0
Board [2c 4d Ac Qs Kd]
Seat 1: 1057b178 folded before Flop (didn't bet)
Seat 2: 55e53784 showed [Kh Ad] and won ($5.08) with Pair of Aces and Pair of Kings
Seat 3: fab0c023 folded before Flop (didn't bet)
Seat 4: 99567913 (button) folded on the Turn
Seat 5: a5bb93a3 (small blind) showed [Th As] and lost with Pair of Aces
Seat 6: Hero (big blind) folded before Flop


Poker Hand #HD1780749074: Hold'em No Limit ($0.05/$0.1) - 2024/05/20 17:55:07
Table 'NLHRed27' 6-max Seat #3 is the button
Seat 1: 1057b178 ($10 in chips)
Seat 2: 55e53784 ($11.19 in chips)
Seat 3: fab0c023 ($10 in chips)
Seat 4: 99567913 ($10.75 in chips)
Seat 5: a5bb93a3 ($1.88 in chips)
Seat 6: Hero ($17.74 in chips)
99567913: posts small blind $0.05
a5bb93a3: posts big blind $0.1
*** HOLE CARDS ***
Dealt to 1057b178 
Dealt to 55e53784 
Dealt to fab0c023 
Dealt to 99567913 
Dealt to a5bb93a3 
Dealt to Hero [8s 9s]
Hero: raises $0.1 to $0.2
1057b178: folds
55e53784: raises $0.42 to $0.62
fab0c023: folds
99567913: folds
a5bb93a3: folds
Hero: folds
Uncalled bet ($0.42) returned to 55e53784
*** SHOWDOWN ***
55e53784 collected $0.53 from pot
*** SUMMARY ***
Total pot $0.55 | Rake $0.02 | Jackpot $0 | Bingo $0 | Fortune $0 | Tax $0
Seat 1: 1057b178 folded before Flop (didn't bet)
Seat 2: 55e53784 collected ($0.53)
Seat 3: fab0c023 (button) folded before Flop (didn't bet)
Seat 4: 99567913 (small blind) folded before Flop
Seat 5: a5bb93a3 (big blind) folded before Flop
Seat 6: Hero folded before Flop


Poker Hand #HD1780749052: Hold'em No Limit ($0.05/$0.1) - 2024/05/20 17:54:54
Table 'NLHRed27' 6-max Seat #2 is the button
Seat 1: 1057b178 ($10 in chips)
Seat 2: 55e53784 ($11.19 in chips)
Seat 3: fab0c023 ($10.05 in chips)
Seat 4: 99567913 ($10.7 in chips)
Seat 5: a5bb93a3 ($1.88 in chips)
Seat 6: Hero ($17.74 in chips)
fab0c023: posts small blind $0.05
99567913: posts big blind $0.1
*** HOLE CARDS ***
Dealt to 1057b178 
Dealt to 55e53784 
Dealt to fab0c023 
Dealt to 99567913 
Dealt to a5bb93a3 
Dealt to Hero [8s Kd]
a5bb93a3: folds
Hero: folds
1057b178: folds
55e53784: folds
fab0c023: folds
Uncalled bet ($0.05) returned to 99567913
*** SHOWDOWN ***
99567913 collected $0.1 from pot
*** SUMMARY ***
Total pot $0.1 | Rake $0 | Jackpot $0 | Bingo $0 | Fortune $0 | Tax $0
Seat 1: 1057b178 folded before Flop (didn't bet)
Seat 2: 55e53784 (button) folded before Flop (didn't bet)
Seat 3: fab0c023 (small blind) folded before Flop
Seat 4: 99567913 (big blind) collected ($0.1)
Seat 5: a5bb93a3 folded before Flop (didn't bet)
Seat 6: Hero folded before Flop (didn't bet)


Poker Hand #HD1780749019: Hold'em No Limit ($0.05/$0.1) - 2024/05/20 17:54:41
Table 'NLHRed27' 6-max Seat #1 is the button
Seat 1: 1057b178 ($10 in chips)
Seat 2: 55e53784 ($11.24 in chips)
Seat 3: fab0c023 ($10.15 in chips)
Seat 4: 99567913 ($10.55 in chips)
Seat 5: a5bb93a3 ($1.88 in chips)
Seat 6: Hero ($17.74 in chips)
55e53784: posts small blind $0.05
fab0c023: posts big blind $0.1
*** HOLE CARDS ***
Dealt to 1057b178 
Dealt to 55e53784 
Dealt to fab0c023 
Dealt to 99567913 
Dealt to a5bb93a3 
Dealt to Hero [9s Ah]
99567913: raises $0.15 to $0.25
a5bb93a3: folds
Hero: folds
1057b178: folds
55e53784: folds
fab0c023: folds
Uncalled bet ($0.15) returned to 99567913
*** SHOWDOWN ***
99567913 collected $0.25 from pot
*** SUMMARY ***
Total pot $0.25 | Rake $0 | Jackpot $0 | Bingo $0 | Fortune $0 | Tax $0
Seat 1: 1057b178 (button) folded before Flop (didn't bet)
Seat 2: 55e53784 (small blind) folded before Flop
Seat 3: fab0c023 (big blind) folded before Flop
Seat 4: 99567913 collected ($0.25)
Seat 5: a5bb93a3 folded before Flop (didn't bet)
Seat 6: Hero folded before Flop (didn't bet)


Poker Hand #HD1780748983: Hold'em No Limit ($0.05/$0.1) - 2024/05/20 17:54:26
Table 'NLHRed27' 6-max Seat #6 is the button
Seat 1: 1057b178 ($10 in chips)
Seat 2: 55e53784 ($11.34 in chips)
Seat 3: fab0c023 ($10.15 in chips)
Seat 4: 99567913 ($10.55 in chips)
Seat 5: a5bb93a3 ($1.73 in chips)
Seat 6: Hero ($17.74 in chips)
1057b178: posts small blind $0.05
55e53784: posts big blind $0.1
*** HOLE CARDS ***
Dealt to 1057b178 
Dealt to 55e53784 
Dealt to fab0c023 
Dealt to 99567913 
Dealt to a5bb93a3 
Dealt to Hero [Th 2d]
fab0c023: folds
99567913: folds
a5bb93a3: raises $0.2 to $0.3
Hero: folds
1057b178: folds
55e53784: folds
Uncalled bet ($0.2) returned to a5bb93a3
*** SHOWDOWN ***
a5bb93a3 collected $0.25 from pot
*** SUMMARY ***
Total pot $0.25 | Rake $0 | Jackpot $0 | Bingo $0 | Fortune $0 | Tax $0
Seat 1: 1057b178 (small blind) folded before Flop
Seat 2: 55e53784 (big blind) folded before Flop
Seat 3: fab0c023 folded before Flop (didn't bet)
Seat 4: 99567913 folded before Flop (didn't bet)
Seat 5: a5bb93a3 collected ($0.25)
Seat 6: Hero (button) folded before Flop (didn't bet)


Poker Hand #HD1780748875: Hold'em No Limit ($0.05/$0.1) - 2024/05/20 17:53:38
Table 'NLHRed27' 6-max Seat #5 is the button
Seat 1: 1057b178 ($10 in chips)
Seat 2: 55e53784 ($10.97 in chips)
Seat 3: fab0c023 ($10.15 in chips)
Seat 4: 99567913 ($10.55 in chips)
Seat 5: a5bb93a3 ($1.98 in chips)
Seat 6: Hero ($17.79 in chips)
Hero: posts small blind $0.05
1057b178: posts big blind $0.1
*** HOLE CARDS ***
Dealt to 1057b178 
Dealt to 55e53784 
Dealt to fab0c023 
Dealt to 99567913 
Dealt to a5bb93a3 
Dealt to Hero [2s 7c]
55e53784: raises $0.15 to $0.25
fab0c023: folds
99567913: folds
a5bb93a3: calls $0.25
Hero: folds
1057b178: folds
*** FLOP *** [Qh Ac 9c]
55e53784: checks
a5bb93a3: checks
*** TURN *** [Qh Ac 9c] [2c]
55e53784: bets $0.22
a5bb93a3: folds
Uncalled bet ($0.22) returned to 55e53784
*** SHOWDOWN ***
55e53784 collected $0.62 from pot
*** SUMMARY ***
Total pot $0.65 | Rake $0.03 | Jackpot $0 | Bingo $0 | Fortune $0 | Tax $0
Board [Qh Ac 9c 2c]
Seat 1: 1057b178 (big blind) folded before Flop
Seat 2: 55e53784 won ($0.62)
Seat 3: fab0c023 folded before Flop (didn't bet)
Seat 4: 99567913 folded before Flop (didn't bet)
Seat 5: a5bb93a3 (button) folded on the Turn
Seat 6: Hero (small blind) folded before Flop


Poker Hand #HD1780748833: Hold'em No Limit ($0.05/$0.1) - 2024/05/20 17:53:19
Table 'NLHRed27' 6-max Seat #4 is the button
Seat 1: 1057b178 ($10 in chips)
Seat 2: 55e53784 ($10.97 in chips)
Seat 3: fab0c023 ($10 in chips)
Seat 4: 99567913 ($10.55 in chips)
Seat 5: a5bb93a3 ($2.03 in chips)
Seat 6: Hero ($17.89 in chips)
a5bb93a3: posts small blind $0.05
Hero: posts big blind $0.1
*** HOLE CARDS ***
Dealt to 1057b178 
Dealt to 55e53784 
Dealt to fab0c023 
Dealt to 99567913 
Dealt to a5bb93a3 
Dealt to Hero [6h Qd]
1057b178: folds
55e53784: folds
fab0c023: raises $0.12 to $0.22
99567913: folds
a5bb93a3: folds
Hero: folds
Uncalled bet ($0.12) returned to fab0c023
*** SHOWDOWN ***
fab0c023 collected $0.25 from pot
*** SUMMARY ***
Total pot $0.25 | Rake $0 | Jackpot $0 | Bingo $0 | Fortune $0 | Tax $0
Seat 1: 1057b178 folded before Flop (didn't bet)
Seat 2: 55e53784 folded before Flop (didn't bet)
Seat 3: fab0c023 collected ($0.25)
Seat 4: 99567913 (button) folded before Flop (didn't bet)
Seat 5: a5bb93a3 (small blind) folded before Flop
Seat 6: Hero (big blind) folded before Flop


Poker Hand #HD1780748770: Hold'em No Limit ($0.05/$0.1) - 2024/05/20 17:52:49
Table 'NLHRed27' 6-max Seat #3 is the button
Seat 1: 1057b178 ($10 in chips)
Seat 2: 55e53784 ($10.82 in chips)
Seat 3: fab0c023 ($10 in chips)
Seat 4: 99567913 ($10.6 in chips)
Seat 5: a5bb93a3 ($2.13 in chips)
Seat 6: Hero ($17.89 in chips)
99567913: posts small blind $0.05
a5bb93a3: posts big blind $0.1
*** HOLE CARDS ***
Dealt to 1057b178 
Dealt to 55e53784 
Dealt to fab0c023 
Dealt to 99567913 
Dealt to a5bb93a3 
Dealt to Hero [2s 9d]
Hero: folds
1057b178: folds
55e53784: raises $0.15 to $0.25
fab0c023: folds
99567913: folds
a5bb93a3: folds
Uncalled bet ($0.15) returned to 55e53784
*** SHOWDOWN ***
55e53784 collected $0.25 from pot
*** SUMMARY ***
Total pot $0.25 | Rake $0 | Jackpot $0 | Bingo $0 | Fortune $0 | Tax $0
Seat 1: 1057b178 folded before Flop (didn't bet)
Seat 2: 55e53784 collected ($0.25)
Seat 3: fab0c023 (button) folded before Flop (didn't bet)
Seat 4: 99567913 (small blind) folded before Flop
Seat 5: a5bb93a3 (big blind) folded before Flop
Seat 6: Hero folded before Flop (didn't bet)


Poker Hand #HD1780748641: Hold'em No Limit ($0.05/$0.1) - 2024/05/20 17:51:56
Table 'NLHRed27' 6-max Seat #2 is the button
Seat 1: 1057b178 ($10 in chips)
Seat 2: 55e53784 ($11.21 in chips)
Seat 3: fab0c023 ($10 in chips)
Seat 4: 99567913 ($10.2 in chips)
Seat 5: a5bb93a3 ($2.13 in chips)
Seat 6: Hero ($17.89 in chips)
fab0c023: posts small blind $0.05
99567913: posts big blind $0.1
*** HOLE CARDS ***
Dealt to 1057b178 
Dealt to 55e53784 
Dealt to fab0c023 
Dealt to 99567913 
Dealt to a5bb93a3 
Dealt to Hero [2s Td]
a5bb93a3: folds
Hero: folds
1057b178: folds
55e53784: raises $0.12 to $0.22
fab0c023: folds
99567913: calls $0.12
*** FLOP *** [6d 9s As]
99567913: checks
55e53784: bets $0.17
99567913: calls $0.17
*** TURN *** [6d 9s As] [Ac]
99567913: checks
55e53784: checks
*** RIVER *** [6d 9s As Ac] [4h]
99567913: bets $0.62
55e53784: folds
Uncalled bet ($0.62) returned to 99567913
*** SHOWDOWN ***
99567913 collected $0.79 from pot
*** SUMMARY ***
Total pot $0.83 | Rake $0.04 | Jackpot $0 | Bingo $0 | Fortune $0 | Tax $0
Board [6d 9s As Ac 4h]
Seat 1: 1057b178 folded before Flop (didn't bet)
Seat 2: 55e53784 (button) folded on the River
Seat 3: fab0c023 (small blind) folded before Flop
Seat 4: 99567913 (big blind) won ($0.79)
Seat 5: a5bb93a3 folded before Flop (didn't bet)
Seat 6: Hero folded before Flop (didn't bet)


Poker Hand #HD1780748606: Hold'em No Limit ($0.05/$0.1) - 2024/05/20 17:51:38
Table 'NLHRed27' 6-max Seat #1 is the button
Seat 1: 1057b178 ($10 in chips)
Seat 2: 55e53784 ($11.26 in chips)
Seat 3: fab0c023 ($10 in chips)
Seat 4: 99567913 ($10.2 in chips)
Seat 5: a5bb93a3 ($2.13 in chips)
Seat 6: Hero ($17.74 in chips)
55e53784: posts small blind $0.05
fab0c023: posts big blind $0.1
*** HOLE CARDS ***
Dealt to 1057b178 
Dealt to 55e53784 
Dealt to fab0c023 
Dealt to 99567913 
Dealt to a5bb93a3 
Dealt to Hero [5d 6d]
99567913: folds
a5bb93a3: folds
Hero: raises $0.14 to $0.24
1057b178: folds
55e53784: folds
fab0c023: folds
Uncalled bet ($0.14) returned to Hero
*** SHOWDOWN ***
Hero collected $0.25 from pot
*** SUMMARY ***
Total pot $0.25 | Rake $0 | Jackpot $0 | Bingo $0 | Fortune $0 | Tax $0
Seat 1: 1057b178 (button) folded before Flop (didn't bet)
Seat 2: 55e53784 (small blind) folded before Flop
Seat 3: fab0c023 (big blind) folded before Flop
Seat 4: 99567913 folded before Flop (didn't bet)
Seat 5: a5bb93a3 folded before Flop (didn't bet)
Seat 6: Hero collected ($0.25)


Poker Hand #HD1780748548: Hold'em No Limit ($0.05/$0.1) - 2024/05/20 17:51:16
Table 'NLHRed27' 6-max Seat #6 is the button
Seat 1: 1057b178 ($10.05 in chips)
Seat 2: 55e53784 ($11.36 in chips)
Seat 4: 99567913 ($10.05 in chips)
Seat 5: a5bb93a3 ($2.13 in chips)
Seat 6: Hero ($17.74 in chips)
1057b178: posts small blind $0.05
55e53784: posts big blind $0.1
*** HOLE CARDS ***
Dealt to 1057b178 
Dealt to 55e53784 
Dealt to 99567913 
Dealt to a5bb93a3 
Dealt to Hero [Ah Td]
99567913: raises $0.15 to $0.25
a5bb93a3: folds
Hero: folds
1057b178: folds
55e53784: folds
Uncalled bet ($0.15) returned to 99567913
*** SHOWDOWN ***
99567913 collected $0.25 from pot
*** SUMMARY ***
Total pot $0.25 | Rake $0 | Jackpot $0 | Bingo $0 | Fortune $0 | Tax $0
Seat 1: 1057b178 (small blind) folded before Flop
Seat 2: 55e53784 (big blind) folded before Flop
Seat 4: 99567913 collected ($0.25)
Seat 5: a5bb93a3 folded before Flop (didn't bet)
Seat 6: Hero (button) folded before Flop (didn't bet)


Poker Hand #HD1780748481: Hold'em No Limit ($0.05/$0.1) - 2024/05/20 17:50:47
Table 'NLHRed27' 6-max Seat #5 is the button
Seat 1: 1057b178 ($10.15 in chips)
Seat 2: 55e53784 ($11.36 in chips)
Seat 4: 99567913 ($10.3 in chips)
Seat 5: a5bb93a3 ($2.13 in chips)
Seat 6: Hero ($17.42 in chips)
Hero: posts small blind $0.05
1057b178: posts big blind $0.1
*** HOLE CARDS ***
Dealt to 1057b178 
Dealt to 55e53784 
Dealt to 99567913 
Dealt to a5bb93a3 
Dealt to Hero [Ad 4d]
55e53784: folds
99567913: raises $0.15 to $0.25
a5bb93a3: folds
Hero: raises $0.85 to $1.1
1057b178: folds
99567913: folds
Uncalled bet ($0.85) returned to Hero
*** SHOWDOWN ***
Hero collected $0.57 from pot
*** SUMMARY ***
Total pot $0.6 | Rake $0.03 | Jackpot $0 | Bingo $0 | Fortune $0 | Tax $0
Seat 1: 1057b178 (big blind) folded before Flop
Seat 2: 55e53784 folded before Flop (didn't bet)
Seat 4: 99567913 folded before Flop
Seat 5: a5bb93a3 (button) folded before Flop (didn't bet)
Seat 6: Hero (small blind) collected ($0.57)


Poker Hand #HD1780748374: Hold'em No Limit ($0.05/$0.1) - 2024/05/20 17:50:04
Table 'NLHRed27' 6-max Seat #4 is the button
Seat 1: 1057b178 ($10.15 in chips)
Seat 2: 55e53784 ($11.08 in chips)
Seat 4: 99567913 ($10.3 in chips)
Seat 5: a5bb93a3 ($2.18 in chips)
Seat 6: Hero ($17.67 in chips)
a5bb93a3: posts small blind $0.05
Hero: posts big blind $0.1
*** HOLE CARDS ***
Dealt to 1057b178 
Dealt to 55e53784 
Dealt to 99567913 
Dealt to a5bb93a3 
Dealt to Hero [4s 4h]
1057b178: folds
55e53784: raises $0.15 to $0.25
99567913: folds
a5bb93a3: folds
Hero: calls $0.15
*** FLOP *** [Qd 3h 3d]
Hero: checks
55e53784: bets $0.28
Hero: folds
Uncalled bet ($0.28) returned to 55e53784
*** SHOWDOWN ***
55e53784 collected $0.53 from pot
*** SUMMARY ***
Total pot $0.55 | Rake $0.02 | Jackpot $0 | Bingo $0 | Fortune $0 | Tax $0
Board [Qd 3h 3d]
Seat 1: 1057b178 folded before Flop (didn't bet)
Seat 2: 55e53784 won ($0.53)
Seat 4: 99567913 (button) folded before Flop (didn't bet)
Seat 5: a5bb93a3 (small blind) folded before Flop
Seat 6: Hero (big blind) folded on the Flop


Poker Hand #HD1780748293: Hold'em No Limit ($0.05/$0.1) - 2024/05/20 17:49:28
Table 'NLHRed27' 6-max Seat #2 is the button
Seat 1: 1057b178 ($10.15 in chips)
Seat 2: 55e53784 ($11.3 in chips)
Seat 4: 99567913 ($10 in chips)
Seat 5: a5bb93a3 ($2.28 in chips)
Seat 6: Hero ($17.67 in chips)
99567913: posts small blind $0.05
a5bb93a3: posts big blind $0.1
*** HOLE CARDS ***
Dealt to 1057b178 
Dealt to 55e53784 
Dealt to 99567913 
Dealt to a5bb93a3 
Dealt to Hero [8s 5s]
Hero: folds
1057b178: folds
55e53784: raises $0.12 to $0.22
99567913: raises $0.68 to $0.9
a5bb93a3: folds
55e53784: folds
Uncalled bet ($0.68) returned to 99567913
*** SHOWDOWN ***
99567913 collected $0.52 from pot
*** SUMMARY ***
Total pot $0.54 | Rake $0.02 | Jackpot $0 | Bingo $0 | Fortune $0 | Tax $0
Seat 1: 1057b178 folded before Flop (didn't bet)
Seat 2: 55e53784 (button) folded before Flop
Seat 4: 99567913 (small blind) collected ($0.52)
Seat 5: a5bb93a3 (big blind) folded before Flop
Seat 6: Hero folded before Flop (didn't bet)


Poker Hand #HD1780748266: Hold'em No Limit ($0.05/$0.1) - 2024/05/20 17:49:15
Table 'NLHRed27' 6-max Seat #1 is the button
Seat 1: 1057b178 ($10 in chips)
Seat 2: 55e53784 ($11.35 in chips)
Seat 4: 99567913 ($10 in chips)
Seat 5: a5bb93a3 ($2.28 in chips)
Seat 6: Hero ($17.67 in chips)
55e53784: posts small blind $0.05
99567913: posts big blind $0.1
*** HOLE CARDS ***
Dealt to 1057b178 
Dealt to 55e53784 
Dealt to 99567913 
Dealt to a5bb93a3 
Dealt to Hero [2d Jd]
a5bb93a3: folds
Hero: folds
1057b178: raises $0.15 to $0.25
55e53784: folds
99567913: folds
Uncalled bet ($0.15) returned to 1057b178
*** SHOWDOWN ***
1057b178 collected $0.25 from pot
*** SUMMARY ***
Total pot $0.25 | Rake $0 | Jackpot $0 | Bingo $0 | Fortune $0 | Tax $0
Seat 1: 1057b178 (button) collected ($0.25)
Seat 2: 55e53784 (small blind) folded before Flop
Seat 4: 99567913 (big blind) folded before Flop
Seat 5: a5bb93a3 folded before Flop (didn't bet)
Seat 6: Hero folded before Flop (didn't bet)


Poker Hand #HD1780748214: Hold'em No Limit ($0.05/$0.1) - 2024/05/20 17:48:51
Table 'NLHRed27' 6-max Seat #6 is the button
Seat 1: 1057b178 ($10 in chips)
Seat 2: 55e53784 ($11.45 in chips)
Seat 3: 36e43699 ($12.32 in chips)
Seat 5: a5bb93a3 ($2.38 in chips)
Seat 6: Hero ($17.43 in chips)
1057b178: posts small blind $0.05
55e53784: posts big blind $0.1
a5bb93a3: posts big blind $0.1
*** HOLE CARDS ***
Dealt to 1057b178 
Dealt to 55e53784 
Dealt to 36e43699 
Dealt to a5bb93a3 
Dealt to Hero [As 2s]
36e43699: folds
a5bb93a3: checks
Hero: raises $0.3 to $0.4
1057b178: folds
55e53784: folds
a5bb93a3: folds
Uncalled bet ($0.3) returned to Hero
*** SHOWDOWN ***
Hero collected $0.34 from pot
*** SUMMARY ***
Total pot $0.35 | Rake $0.01 | Jackpot $0 | Bingo $0 | Fortune $0 | Tax $0
Seat 1: 1057b178 (small blind) folded before Flop
Seat 2: 55e53784 (big blind) folded before Flop
Seat 3: 36e43699 folded before Flop (didn't bet)
Seat 5: a5bb93a3 folded before Flop
Seat 6: Hero (button) collected ($0.34)


Poker Hand #HD1780748083: Hold'em No Limit ($0.05/$0.1) - 2024/05/20 17:47:55
Table 'NLHRed27' 6-max Seat #3 is the button
Seat 1: 1057b178 ($10 in chips)
Seat 2: 55e53784 ($10 in chips)
Seat 3: 36e43699 ($12.32 in chips)
Seat 4: de21955e ($11.06 in chips)
Seat 6: Hero ($17.53 in chips)
de21955e: posts small blind $0.05
Hero: posts big blind $0.1
*** HOLE CARDS ***
Dealt to 1057b178 
Dealt to 55e53784 
Dealt to 36e43699 
Dealt to de21955e 
Dealt to Hero [Tc 7s]
1057b178: raises $0.15 to $0.25
55e53784: raises $0.65 to $0.9
36e43699: folds
de21955e: folds
Hero: folds
1057b178: calls $0.65
*** FLOP *** [5h 6s 5c]
1057b178: checks
55e53784: bets $0.65
1057b178: calls $0.65
*** TURN *** [5h 6s 5c] [6d]
1057b178: checks
55e53784: bets $1.63
1057b178: folds
Uncalled bet ($1.63) returned to 55e53784
*** SHOWDOWN ***
55e53784 collected $3 from pot
*** SUMMARY ***
Total pot $3.25 | Rake $0.15 | Jackpot $0.1 | Bingo $0 | Fortune $0 | Tax $0
Board [5h 6s 5c 6d]
Seat 1: 1057b178 folded on the Turn
Seat 2: 55e53784 won ($3)
Seat 3: 36e43699 (button) folded before Flop (didn't bet)
Seat 4: de21955e (small blind) folded before Flop
Seat 6: Hero (big blind) folded before Flop


Poker Hand #HD1780748037: Hold'em No Limit ($0.05/$0.1) - 2024/05/20 17:47:39
Table 'NLHRed27' 6-max Seat #2 is the button
Seat 1: 1057b178 ($10 in chips)
Seat 2: 55e53784 ($10 in chips)
Seat 3: 36e43699 ($12.37 in chips)
Seat 4: de21955e ($11.16 in chips)
Seat 6: Hero ($17.38 in chips)
36e43699: posts small blind $0.05
de21955e: posts big blind $0.1
*** HOLE CARDS ***
Dealt to 1057b178 
Dealt to 55e53784 
Dealt to 36e43699 
Dealt to de21955e 
Dealt to Hero [8d 9d]
Hero: raises $0.1 to $0.2
1057b178: folds
55e53784: folds
36e43699: folds
de21955e: folds
Uncalled bet ($0.1) returned to Hero
*** SHOWDOWN ***
Hero collected $0.25 from pot
*** SUMMARY ***
Total pot $0.25 | Rake $0 | Jackpot $0 | Bingo $0 | Fortune $0 | Tax $0
Seat 1: 1057b178 folded before Flop (didn't bet)
Seat 2: 55e53784 (button) folded before Flop (didn't bet)
Seat 3: 36e43699 (small blind) folded before Flop
Seat 4: de21955e (big blind) folded before Flop
Seat 6: Hero collected ($0.25)


Poker Hand #HD1780748008: Hold'em No Limit ($0.05/$0.1) - 2024/05/20 17:47:27
Table 'NLHRed27' 6-max Seat #1 is the button
Seat 1: 1057b178 ($10 in chips)
Seat 2: 55e53784 ($10 in chips)
Seat 3: 36e43699 ($12.32 in chips)
Seat 4: de21955e ($11.16 in chips)
Seat 6: Hero ($17.38 in chips)
55e53784: posts small blind $0.05
36e43699: posts big blind $0.1
*** HOLE CARDS ***
Dealt to 1057b178 
Dealt to 55e53784 
Dealt to 36e43699 
Dealt to de21955e 
Dealt to Hero [Jc 6c]
de21955e: folds
Hero: folds
1057b178: folds
55e53784: folds
Uncalled bet ($0.05) returned to 36e43699
*** SHOWDOWN ***
36e43699 collected $0.1 from pot
*** SUMMARY ***
Total pot $0.1 | Rake $0 | Jackpot $0 | Bingo $0 | Fortune $0 | Tax $0
Seat 1: 1057b178 (button) folded before Flop (didn't bet)
Seat 2: 55e53784 (small blind) folded before Flop
Seat 3: 36e43699 (big blind) collected ($0.1)
Seat 4: de21955e folded before Flop (didn't bet)
Seat 6: Hero folded before Flop (didn't bet)


Poker Hand #HD1780747817: Hold'em No Limit ($0.05/$0.1) - 2024/05/20 17:46:06
Table 'NLHRed27' 6-max Seat #6 is the button
Seat 1: 1057b178 ($9.9 in chips)
Seat 2: 55e53784 ($10.29 in chips)
Seat 3: 36e43699 ($10.94 in chips)
Seat 4: de21955e ($11.16 in chips)
Seat 5: eefe3313 ($1.16 in chips)
Seat 6: Hero ($17.38 in chips)
1057b178: posts small blind $0.05
55e53784: posts big blind $0.1
*** HOLE CARDS ***
Dealt to 1057b178 
Dealt to 55e53784 
Dealt to 36e43699 
Dealt to de21955e 
Dealt to eefe3313 
Dealt to Hero [7s 8d]
36e43699: raises $0.2 to $0.3
de21955e: folds
eefe3313: calls $0.3
Hero: folds
1057b178: folds
55e53784: calls $0.2
*** FLOP *** [3d 2c 5s]
55e53784: checks
36e43699: bets $0.32
eefe3313: raises $0.54 to $0.86 and is all-in
55e53784: folds
36e43699: calls $0.54
eefe3313: shows [Td Ac] (Ace-High)
36e43699: shows [Ad Kh] (Ace-High)
*** TURN *** [3d 2c 5s] [9s]
*** RIVER *** [3d 2c 5s 9s] [As]
*** SHOWDOWN ***
36e43699 collected $2.54 from pot
*** SUMMARY ***
Total pot $2.67 | Rake $0.13 | Jackpot $0 | Bingo $0 | Fortune $0 | Tax $0
Board [3d 2c 5s 9s As]
Seat 1: 1057b178 (small blind) folded before Flop
Seat 2: 55e53784 (big blind) folded on the Flop
Seat 3: 36e43699 showed [Ad Kh] and won ($2.54) with Pair of Aces
Seat 4: de21955e folded before Flop (didn't bet)
Seat 5: eefe3313 showed [Td Ac] and lost with Pair of Aces
Seat 6: Hero (button) folded before Flop (didn't bet)


Poker Hand #HD1780747710: Hold'em No Limit ($0.05/$0.1) - 2024/05/20 17:45:23
Table 'NLHRed27' 6-max Seat #5 is the button
Seat 1: 1057b178 ($10 in chips)
Seat 2: 55e53784 ($10.29 in chips)
Seat 3: 36e43699 ($10.94 in chips)
Seat 4: de21955e ($10.38 in chips)
Seat 5: eefe3313 ($1.86 in chips)
Seat 6: Hero ($17.43 in chips)
Hero: posts small blind $0.05
1057b178: posts big blind $0.1
*** HOLE CARDS ***
Dealt to 1057b178 
Dealt to 55e53784 
Dealt to 36e43699 
Dealt to de21955e 
Dealt to eefe3313 
Dealt to Hero [6d 7s]
55e53784: folds
36e43699: folds
de21955e: raises $0.2 to $0.3
eefe3313: calls $0.3
Hero: folds
1057b178: folds
*** FLOP *** [Qc 9h As]
de21955e: bets $0.4
eefe3313: calls $0.4
*** TURN *** [Qc 9h As] [Kh]
de21955e: checks
eefe3313: checks
*** RIVER *** [Qc 9h As Kh] [9d]
de21955e: bets $1.2
eefe3313: folds
Uncalled bet ($1.2) returned to de21955e
*** SHOWDOWN ***
de21955e collected $1.48 from pot
*** SUMMARY ***
Total pot $1.55 | Rake $0.07 | Jackpot $0 | Bingo $0 | Fortune $0 | Tax $0
Board [Qc 9h As Kh 9d]
Seat 1: 1057b178 (big blind) folded before Flop
Seat 2: 55e53784 folded before Flop (didn't bet)
Seat 3: 36e43699 folded before Flop (didn't bet)
Seat 4: de21955e won ($1.48)
Seat 5: eefe3313 (button) folded on the River
Seat 6: Hero (small blind) folded before Flop


Poker Hand #HD1780747596: Hold'em No Limit ($0.05/$0.1) - 2024/05/20 17:44:31
Table 'NLHRed27' 6-max Seat #4 is the button
Seat 2: 55e53784 ($10.29 in chips)
Seat 3: 36e43699 ($10.94 in chips)
Seat 4: de21955e ($10.38 in chips)
Seat 5: eefe3313 ($2.02 in chips)
Seat 6: Hero ($17.57 in chips)
eefe3313: posts small blind $0.05
Hero: posts big blind $0.1
*** HOLE CARDS ***
Dealt to 55e53784 
Dealt to 36e43699 
Dealt to de21955e 
Dealt to eefe3313 
Dealt to Hero [Ks Td]
55e53784: folds
36e43699: folds
de21955e: folds
eefe3313: raises $0.2 to $0.3
Hero: calls $0.2
*** FLOP *** [6s 5s 8s]
eefe3313: bets $0.3
Hero: raises $16.97 to $17.27 and is all-in
eefe3313: calls $1.42 and is all-in
Uncalled bet ($15.55) returned to Hero
Hero: shows [Ks Td] (King-High)
eefe3313: shows [Qh Qd] (Pair of Queens)
*** FIRST TURN *** [6s 5s 8s] [8h]
*** FIRST RIVER *** [6s 5s 8s 8h] [Ad]
*** SECOND TURN *** [6s 5s 8s] [9s]
*** SECOND RIVER *** [6s 5s 8s 9s] [3c]
*** FIRST SHOWDOWN ***
eefe3313 collected $1.86 from pot
*** SECOND SHOWDOWN ***
Hero collected $1.88 from pot
*** SUMMARY ***
Total pot $4.04 | Rake $0.2 | Jackpot $0.1 | Bingo $0 | Fortune $0 | Tax $0
Hand was run two times
FIRST Board [6s 5s 8s 8h Ad]
SECOND Board [9s 3c]
Seat 2: 55e53784 folded before Flop (didn't bet)
Seat 3: 36e43699 folded before Flop (didn't bet)
Seat 4: de21955e (button) folded before Flop (didn't bet)
Seat 5: eefe3313 (small blind) showed [Qh Qd] and won ($1.86) with Pair of Queens and Pair of Eights, and lost
Seat 6: Hero (big blind) showed [Ks Td] and lost with Pair of Eights, and won ($1.88)


Poker Hand #HD1780747565: Hold'em No Limit ($0.05/$0.1) - 2024/05/20 17:44:16
Table 'NLHRed27' 6-max Seat #3 is the button
Seat 2: 55e53784 ($10.29 in chips)
Seat 3: 36e43699 ($10.94 in chips)
Seat 4: de21955e ($10.43 in chips)
Seat 5: eefe3313 ($1.97 in chips)
Seat 6: Hero ($17.57 in chips)
de21955e: posts small blind $0.05
eefe3313: posts big blind $0.1
*** HOLE CARDS ***
Dealt to 55e53784 
Dealt to 36e43699 
Dealt to de21955e 
Dealt to eefe3313 
Dealt to Hero [3d Td]
Hero: folds
55e53784: folds
36e43699: folds
de21955e: folds
Uncalled bet ($0.05) returned to eefe3313
*** SHOWDOWN ***
eefe3313 collected $0.1 from pot
*** SUMMARY ***
Total pot $0.1 | Rake $0 | Jackpot $0 | Bingo $0 | Fortune $0 | Tax $0
Seat 2: 55e53784 folded before Flop (didn't bet)
Seat 3: 36e43699 (button) folded before Flop (didn't bet)
Seat 4: de21955e (small blind) folded before Flop
Seat 5: eefe3313 (big blind) collected ($0.1)
Seat 6: Hero folded before Flop (didn't bet)


Poker Hand #HD1780747508: Hold'em No Limit ($0.05/$0.1) - 2024/05/20 17:43:54
Table 'NLHRed27' 6-max Seat #2 is the button
Seat 2: 55e53784 ($10.29 in chips)
Seat 3: 36e43699 ($10.99 in chips)
Seat 4: de21955e ($10.53 in chips)
Seat 5: eefe3313 ($1.82 in chips)
Seat 6: Hero ($17.57 in chips)
36e43699: posts small blind $0.05
de21955e: posts big blind $0.1
*** HOLE CARDS ***
Dealt to 55e53784 
Dealt to 36e43699 
Dealt to de21955e 
Dealt to eefe3313 
Dealt to Hero [Ts 2s]
eefe3313: raises $0.5 to $0.6
Hero: folds
55e53784: folds
36e43699: folds
de21955e: folds
Uncalled bet ($0.5) returned to eefe3313
*** SHOWDOWN ***
eefe3313 collected $0.25 from pot
*** SUMMARY ***
Total pot $0.25 | Rake $0 | Jackpot $0 | Bingo $0 | Fortune $0 | Tax $0
Seat 2: 55e53784 (button) folded before Flop (didn't bet)
Seat 3: 36e43699 (small blind) folded before Flop
Seat 4: de21955e (big blind) folded before Flop
Seat 5: eefe3313 collected ($0.25)
Seat 6: Hero folded before Flop (didn't bet)


Poker Hand #HD1780747409: Hold'em No Limit ($0.05/$0.1) - 2024/05/20 17:43:11
Table 'NLHRed27' 6-max Seat #6 is the button
Seat 1: 2104f7af ($11.68 in chips)
Seat 2: 55e53784 ($10.59 in chips)
Seat 3: 36e43699 ($10.99 in chips)
Seat 4: de21955e ($10.21 in chips)
Seat 5: eefe3313 ($1.82 in chips)
Seat 6: Hero ($17.57 in chips)
2104f7af: posts small blind $0.05
55e53784: posts big blind $0.1
*** HOLE CARDS ***
Dealt to 2104f7af 
Dealt to 55e53784 
Dealt to 36e43699 
Dealt to de21955e 
Dealt to eefe3313 
Dealt to Hero [7h 8c]
36e43699: folds
de21955e: raises $0.2 to $0.3
eefe3313: folds
Hero: folds
2104f7af: folds
55e53784: calls $0.2
*** FLOP *** [8h Js Ad]
55e53784: checks
de21955e: bets $0.35
55e53784: folds
Uncalled bet ($0.35) returned to de21955e
*** SHOWDOWN ***
de21955e collected $0.62 from pot
*** SUMMARY ***
Total pot $0.65 | Rake $0.03 | Jackpot $0 | Bingo $0 | Fortune $0 | Tax $0
Board [8h Js Ad]
Seat 1: 2104f7af (small blind) folded before Flop
Seat 2: 55e53784 (big blind) folded on the Flop
Seat 3: 36e43699 folded before Flop (didn't bet)
Seat 4: de21955e won ($0.62)
Seat 5: eefe3313 folded before Flop (didn't bet)
Seat 6: Hero (button) folded before Flop (didn't bet)


Poker Hand #HD1780747377: Hold'em No Limit ($0.05/$0.1) - 2024/05/20 17:42:56
Table 'NLHRed27' 6-max Seat #5 is the button
Seat 1: 2104f7af ($11.63 in chips)
Seat 2: 55e53784 ($10.59 in chips)
Seat 3: 36e43699 ($10.99 in chips)
Seat 4: de21955e ($10.21 in chips)
Seat 5: eefe3313 ($1.82 in chips)
Seat 6: Hero ($17.62 in chips)
Hero: posts small blind $0.05
2104f7af: posts big blind $0.1
*** HOLE CARDS ***
Dealt to 2104f7af 
Dealt to 55e53784 
Dealt to 36e43699 
Dealt to de21955e 
Dealt to eefe3313 
Dealt to Hero [Qd 3s]
55e53784: folds
36e43699: folds
de21955e: folds
eefe3313: folds
Hero: folds
Uncalled bet ($0.05) returned to 2104f7af
*** SHOWDOWN ***
2104f7af collected $0.1 from pot
*** SUMMARY ***
Total pot $0.1 | Rake $0 | Jackpot $0 | Bingo $0 | Fortune $0 | Tax $0
Seat 1: 2104f7af (big blind) collected ($0.1)
Seat 2: 55e53784 folded before Flop (didn't bet)
Seat 3: 36e43699 folded before Flop (didn't bet)
Seat 4: de21955e folded before Flop (didn't bet)
Seat 5: eefe3313 (button) folded before Flop (didn't bet)
Seat 6: Hero (small blind) folded before Flop


Poker Hand #HD1780747346: Hold'em No Limit ($0.05/$0.1) - 2024/05/20 17:42:43
Table 'NLHRed27' 6-max Seat #4 is the button
Seat 1: 2104f7af ($11.63 in chips)
Seat 2: 55e53784 ($10.59 in chips)
Seat 3: 36e43699 ($10.99 in chips)
Seat 4: de21955e ($10.21 in chips)
Seat 5: eefe3313 ($1.72 in chips)
Seat 6: Hero ($17.72 in chips)
eefe3313: posts small blind $0.05
Hero: posts big blind $0.1
*** HOLE CARDS ***
Dealt to 2104f7af 
Dealt to 55e53784 
Dealt to 36e43699 
Dealt to de21955e 
Dealt to eefe3313 
Dealt to Hero [5h 6s]
2104f7af: folds
55e53784: folds
36e43699: folds
de21955e: folds
eefe3313: raises $0.2 to $0.3
Hero: folds
Uncalled bet ($0.2) returned to eefe3313
*** SHOWDOWN ***
eefe3313 collected $0.2 from pot
*** SUMMARY ***
Total pot $0.2 | Rake $0 | Jackpot $0 | Bingo $0 | Fortune $0 | Tax $0
Seat 1: 2104f7af folded before Flop (didn't bet)
Seat 2: 55e53784 folded before Flop (didn't bet)
Seat 3: 36e43699 folded before Flop (didn't bet)
Seat 4: de21955e (button) folded before Flop (didn't bet)
Seat 5: eefe3313 (small blind) collected ($0.2)
Seat 6: Hero (big blind) folded before Flop


Poker Hand #HD1780747276: Hold'em No Limit ($0.05/$0.1) - 2024/05/20 17:42:11
Table 'NLHRed27' 6-max Seat #3 is the button
Seat 1: 2104f7af ($11.63 in chips)
Seat 2: 55e53784 ($10.84 in chips)
Seat 3: 36e43699 ($10.99 in chips)
Seat 4: de21955e ($9.89 in chips)
Seat 5: eefe3313 ($1.82 in chips)
Seat 6: Hero ($17.72 in chips)
de21955e: posts small blind $0.05
eefe3313: posts big blind $0.1
*** HOLE CARDS ***
Dealt to 2104f7af 
Dealt to 55e53784 
Dealt to 36e43699 
Dealt to de21955e 
Dealt to eefe3313 
Dealt to Hero [Ks 7d]
Hero: folds
2104f7af: folds
55e53784: raises $0.15 to $0.25
36e43699: folds
de21955e: raises $0.95 to $1.2
eefe3313: folds
55e53784: folds
Uncalled bet ($0.95) returned to de21955e
*** SHOWDOWN ***
de21955e collected $0.57 from pot
*** SUMMARY ***
Total pot $0.6 | Rake $0.03 | Jackpot $0 | Bingo $0 | Fortune $0 | Tax $0
Seat 1: 2104f7af folded before Flop (didn't bet)
Seat 2: 55e53784 folded before Flop
Seat 3: 36e43699 (button) folded before Flop (didn't bet)
Seat 4: de21955e (small blind) collected ($0.57)
Seat 5: eefe3313 (big blind) folded before Flop
Seat 6: Hero folded before Flop (didn't bet)


Poker Hand #HD1780747176: Hold'em No Limit ($0.05/$0.1) - 2024/05/20 17:41:30
Table 'NLHRed27' 6-max Seat #2 is the button
Seat 1: 2104f7af ($11.63 in chips)
Seat 2: 55e53784 ($10.84 in chips)
Seat 3: 36e43699 ($11.04 in chips)
Seat 4: de21955e ($8.33 in chips)
Seat 5: eefe3313 ($1.96 in chips)
Seat 6: Hero ($17.72 in chips)
36e43699: posts small blind $0.05
de21955e: posts big blind $0.1
*** HOLE CARDS ***
Dealt to 2104f7af 
Dealt to 55e53784 
Dealt to 36e43699 
Dealt to de21955e 
Dealt to eefe3313 
Dealt to Hero [3d 2c]
eefe3313: raises $0.2 to $0.3
Hero: folds
2104f7af: folds
55e53784: folds
36e43699: folds
de21955e: calls $0.2
*** FLOP *** [8s Td 7d]
de21955e: checks
eefe3313: bets $0.33
de21955e: calls $0.33
*** TURN *** [8s Td 7d] [9d]
de21955e: checks
eefe3313: bets $0.66
de21955e: raises $1.34 to $2
eefe3313: calls $0.67 and is all-in
Uncalled bet ($0.67) returned to de21955e
de21955e: shows [Ac Js] (Jacks-High Straight)
eefe3313: shows [Jc Ts] (Jacks-High Straight)
*** RIVER *** [8s Td 7d 9d] [7h]
*** SHOWDOWN ***
de21955e collected $1.85 from pot
eefe3313 collected $1.82 from pot
*** SUMMARY ***
Total pot $3.97 | Rake $0.2 | Jackpot $0.1 | Bingo $0 | Fortune $0 | Tax $0
Board [8s Td 7d 9d 7h]
Seat 1: 2104f7af folded before Flop (didn't bet)
Seat 2: 55e53784 (button) folded before Flop (didn't bet)
Seat 3: 36e43699 (small blind) folded before Flop
Seat 4: de21955e (big blind) showed [Ac Js] and won ($1.85) with Jacks-High Straight
Seat 5: eefe3313 showed [Jc Ts] and won ($1.82) with Jacks-High Straight
Seat 6: Hero folded before Flop (didn't bet)


Poker Hand #HD1780747058: Hold'em No Limit ($0.05/$0.1) - 2024/05/20 17:40:40
Table 'NLHRed27' 6-max Seat #1 is the button
Seat 1: 2104f7af ($11.63 in chips)
Seat 2: 55e53784 ($10.89 in chips)
Seat 3: 36e43699 ($9.62 in chips)
Seat 4: de21955e ($9.96 in chips)
Seat 5: eefe3313 ($1.96 in chips)
Seat 6: Hero ($17.72 in chips)
55e53784: posts small blind $0.05
36e43699: posts big blind $0.1
*** HOLE CARDS ***
Dealt to 2104f7af 
Dealt to 55e53784 
Dealt to 36e43699 
Dealt to de21955e 
Dealt to eefe3313 
Dealt to Hero [9s 7s]
de21955e: raises $0.2 to $0.3
eefe3313: folds
Hero: folds
2104f7af: folds
55e53784: folds
36e43699: calls $0.2
*** FLOP *** [Td 4d Qc]
36e43699: checks
de21955e: bets $0.5
36e43699: calls $0.5
*** TURN *** [Td 4d Qc] [2h]
36e43699: checks
de21955e: checks
*** RIVER *** [Td 4d Qc 2h] [Qh]
36e43699: bets $0.83
de21955e: calls $0.83
36e43699: shows [Kh Qs] (Three Queens)
de21955e: shows [Ah 4h] (Pair of Queens and Pair of Fours)
*** SHOWDOWN ***
36e43699 collected $3.05 from pot
*** SUMMARY ***
Total pot $3.31 | Rake $0.16 | Jackpot $0.1 | Bingo $0 | Fortune $0 | Tax $0
Board [Td 4d Qc 2h Qh]
Seat 1: 2104f7af (button) folded before Flop (didn't bet)
Seat 2: 55e53784 (small blind) folded before Flop
Seat 3: 36e43699 (big blind) showed [Kh Qs] and won ($3.05) with Three Queens
Seat 4: de21955e showed [Ah 4h] and lost with Pair of Queens and Pair of Fours
Seat 5: eefe3313 folded before Flop (didn't bet)
Seat 6: Hero folded before Flop (didn't bet)


Poker Hand #HD1780747006: Hold'em No Limit ($0.05/$0.1) - 2024/05/20 17:40:11
Table 'NLHRed27' 6-max Seat #6 is the button
Seat 1: 2104f7af ($11.68 in chips)
Seat 2: 55e53784 ($10.99 in chips)
Seat 3: 36e43699 ($9.62 in chips)
Seat 4: de21955e ($10.26 in chips)
Seat 5: eefe3313 ($1.55 in chips)
Seat 6: Hero ($17.72 in chips)
2104f7af: posts small blind $0.05
55e53784: posts big blind $0.1
*** HOLE CARDS ***
Dealt to 2104f7af 
Dealt to 55e53784 
Dealt to 36e43699 
Dealt to de21955e 
Dealt to eefe3313 
Dealt to Hero [Th 6c]
36e43699: folds
de21955e: raises $0.2 to $0.3
eefe3313: calls $0.3
Hero: folds
2104f7af: folds
55e53784: folds
*** FLOP *** [Tc Jc 3c]
de21955e: checks
eefe3313: bets $0.1
de21955e: folds
Uncalled bet ($0.1) returned to eefe3313
*** SHOWDOWN ***
eefe3313 collected $0.71 from pot
*** SUMMARY ***
Total pot $0.75 | Rake $0.04 | Jackpot $0 | Bingo $0 | Fortune $0 | Tax $0
Board [Tc Jc 3c]
Seat 1: 2104f7af (small blind) folded before Flop
Seat 2: 55e53784 (big blind) folded before Flop
Seat 3: 36e43699 folded before Flop (didn't bet)
Seat 4: de21955e folded on the Flop
Seat 5: eefe3313 won ($0.71)
Seat 6: Hero (button) folded before Flop (didn't bet)


Poker Hand #HD1780746919: Hold'em No Limit ($0.05/$0.1) - 2024/05/20 17:39:37
Table 'NLHRed27' 6-max Seat #5 is the button
Seat 1: 2104f7af ($11.91 in chips)
Seat 2: 55e53784 ($10.99 in chips)
Seat 3: 36e43699 ($9.62 in chips)
Seat 4: de21955e ($10 in chips)
Seat 5: eefe3313 ($1.55 in chips)
Seat 6: Hero ($17.77 in chips)
Hero: posts small blind $0.05
2104f7af: posts big blind $0.1
de21955e: posts big blind $0.1
*** HOLE CARDS ***
Dealt to 2104f7af 
Dealt to 55e53784 
Dealt to 36e43699 
Dealt to de21955e 
Dealt to eefe3313 
Dealt to Hero [7s Kd]
55e53784: folds
36e43699: folds
de21955e: checks
eefe3313: folds
Hero: folds
2104f7af: checks
*** FLOP *** [3h Qd 2s]
2104f7af: bets $0.13
de21955e: calls $0.13
*** TURN *** [3h Qd 2s] [Th]
2104f7af: checks
de21955e: bets $0.4
2104f7af: folds
Uncalled bet ($0.4) returned to de21955e
*** SHOWDOWN ***
de21955e collected $0.49 from pot
*** SUMMARY ***
Total pot $0.51 | Rake $0.02 | Jackpot $0 | Bingo $0 | Fortune $0 | Tax $0
Board [3h Qd 2s Th]
Seat 1: 2104f7af (big blind) folded on the Turn
Seat 2: 55e53784 folded before Flop (didn't bet)
Seat 3: 36e43699 folded before Flop (didn't bet)
Seat 4: de21955e won ($0.49)
Seat 5: eefe3313 (button) folded before Flop (didn't bet)
Seat 6: Hero (small blind) folded before Flop


Poker Hand #HD1780746785: Hold'em No Limit ($0.05/$0.1) - 2024/05/20 17:38:37
Table 'NLHRed27' 6-max Seat #3 is the button
Seat 1: 2104f7af ($10 in chips)
Seat 2: 55e53784 ($10.99 in chips)
Seat 3: 36e43699 ($9.92 in chips)
Seat 5: eefe3313 ($3.35 in chips)
Seat 6: Hero ($17.87 in chips)
eefe3313: posts small blind $0.05
Hero: posts big blind $0.1
*** HOLE CARDS ***
Dealt to 2104f7af 
Dealt to 55e53784 
Dealt to 36e43699 
Dealt to eefe3313 
Dealt to Hero [6s 5d]
2104f7af: raises $0.1 to $0.2
55e53784: folds
36e43699: calls $0.2
eefe3313: calls $0.15
Hero: folds
*** FLOP *** [9c Ad Qc]
eefe3313: bets $0.1
2104f7af: calls $0.1
36e43699: calls $0.1
*** TURN *** [9c Ad Qc] [Jh]
eefe3313: bets $0.5
2104f7af: raises $1 to $1.5
36e43699: folds
eefe3313: calls $1
*** RIVER *** [9c Ad Qc Jh] [7h]
eefe3313: checks
2104f7af: bets $2
eefe3313: folds
Uncalled bet ($2) returned to 2104f7af
*** SHOWDOWN ***
2104f7af collected $3.71 from pot
*** SUMMARY ***
Total pot $4 | Rake $0.19 | Jackpot $0.1 | Bingo $0 | Fortune $0 | Tax $0
Board [9c Ad Qc Jh 7h]
Seat 1: 2104f7af won ($3.71)
Seat 2: 55e53784 folded before Flop (didn't bet)
Seat 3: 36e43699 (button) folded on the Turn
Seat 5: eefe3313 (small blind) folded on the River
Seat 6: Hero (big blind) folded before Flop


Poker Hand #HD1780746676: Hold'em No Limit ($0.05/$0.1) - 2024/05/20 17:37:44
Table 'NLHRed27' 6-max Seat #2 is the button
Seat 1: 2104f7af ($10 in chips)
Seat 2: 55e53784 ($10.49 in chips)
Seat 3: 36e43699 ($10.14 in chips)
Seat 5: eefe3313 ($3.67 in chips)
Seat 6: Hero ($17.87 in chips)
36e43699: posts small blind $0.05
eefe3313: posts big blind $0.1
*** HOLE CARDS ***
Dealt to 2104f7af 
Dealt to 55e53784 
Dealt to 36e43699 
Dealt to eefe3313 
Dealt to Hero [3s 2c]
Hero: folds
2104f7af: folds
55e53784: raises $0.12 to $0.22
36e43699: calls $0.17
eefe3313: calls $0.12
*** FLOP *** [4s 3d 6s]
36e43699: checks
eefe3313: bets $0.1
55e53784: raises $0.43 to $0.53
36e43699: folds
eefe3313: folds
Uncalled bet ($0.43) returned to 55e53784
*** SHOWDOWN ***
55e53784 collected $0.82 from pot
*** SUMMARY ***
Total pot $0.86 | Rake $0.04 | Jackpot $0 | Bingo $0 | Fortune $0 | Tax $0
Board [4s 3d 6s]
Seat 1: 2104f7af folded before Flop (didn't bet)
Seat 2: 55e53784 (button) won ($0.82)
Seat 3: 36e43699 (small blind) folded on the Flop
Seat 5: eefe3313 (big blind) folded on the Flop
Seat 6: Hero folded before Flop (didn't bet)


Poker Hand #HD1780746627: Hold'em No Limit ($0.05/$0.1) - 2024/05/20 17:37:23
Table 'NLHRed27' 6-max Seat #1 is the button
Seat 1: 2104f7af ($10 in chips)
Seat 2: 55e53784 ($10.54 in chips)
Seat 3: 36e43699 ($10.09 in chips)
Seat 4: c3885f7a ($15.44 in chips)
Seat 5: eefe3313 ($3.67 in chips)
Seat 6: Hero ($17.87 in chips)
55e53784: posts small blind $0.05
36e43699: posts big blind $0.1
*** HOLE CARDS ***
Dealt to 2104f7af 
Dealt to 55e53784 
Dealt to 36e43699 
Dealt to c3885f7a 
Dealt to eefe3313 
Dealt to Hero [5c Qs]
c3885f7a: folds
eefe3313: folds
Hero: folds
2104f7af: folds
55e53784: folds
Uncalled bet ($0.05) returned to 36e43699
*** SHOWDOWN ***
36e43699 collected $0.1 from pot
*** SUMMARY ***
Total pot $0.1 | Rake $0 | Jackpot $0 | Bingo $0 | Fortune $0 | Tax $0
Seat 1: 2104f7af (button) folded before Flop (didn't bet)
Seat 2: 55e53784 (small blind) folded before Flop
Seat 3: 36e43699 (big blind) collected ($0.1)
Seat 4: c3885f7a folded before Flop (didn't bet)
Seat 5: eefe3313 folded before Flop (didn't bet)
Seat 6: Hero folded before Flop (didn't bet)


Poker Hand #HD1780746588: Hold'em No Limit ($0.05/$0.1) - 2024/05/20 17:37:03
Table 'NLHRed27' 6-max Seat #6 is the button
Seat 1: 2104f7af ($10 in chips)
Seat 2: 55e53784 ($10.64 in chips)
Seat 3: 36e43699 ($10.09 in chips)
Seat 4: c3885f7a ($15.44 in chips)
Seat 5: eefe3313 ($3.67 in chips)
Seat 6: Hero ($17.72 in chips)
2104f7af: posts small blind $0.05
55e53784: posts big blind $0.1
*** HOLE CARDS ***
Dealt to 2104f7af 
Dealt to 55e53784 
Dealt to 36e43699 
Dealt to c3885f7a 
Dealt to eefe3313 
Dealt to Hero [Js Ad]
36e43699: folds
c3885f7a: folds
eefe3313: folds
Hero: raises $0.14 to $0.24
2104f7af: folds
55e53784: folds
Uncalled bet ($0.14) returned to Hero
*** SHOWDOWN ***
Hero collected $0.25 from pot
*** SUMMARY ***
Total pot $0.25 | Rake $0 | Jackpot $0 | Bingo $0 | Fortune $0 | Tax $0
Seat 1: 2104f7af (small blind) folded before Flop
Seat 2: 55e53784 (big blind) folded before Flop
Seat 3: 36e43699 folded before Flop (didn't bet)
Seat 4: c3885f7a folded before Flop (didn't bet)
Seat 5: eefe3313 folded before Flop (didn't bet)
Seat 6: Hero (button) collected ($0.25)


Poker Hand #HD1780746526: Hold'em No Limit ($0.05/$0.1) - 2024/05/20 17:36:32
Table 'NLHRed27' 6-max Seat #5 is the button
Seat 1: 2104f7af ($10 in chips)
Seat 2: 55e53784 ($10.64 in chips)
Seat 3: 36e43699 ($10.09 in chips)
Seat 4: c3885f7a ($15.44 in chips)
Seat 5: eefe3313 ($3.53 in chips)
Seat 6: Hero ($17.77 in chips)
Hero: posts small blind $0.05
2104f7af: posts big blind $0.1
*** HOLE CARDS ***
Dealt to 2104f7af 
Dealt to 55e53784 
Dealt to 36e43699 
Dealt to c3885f7a 
Dealt to eefe3313 
Dealt to Hero [4s Qd]
55e53784: folds
36e43699: folds
c3885f7a: folds
eefe3313: calls $0.1
Hero: folds
2104f7af: checks
*** FLOP *** [Ts 2c Jc]
2104f7af: checks
eefe3313: checks
*** TURN *** [Ts 2c Jc] [8s]
2104f7af: checks
eefe3313: bets $0.13
2104f7af: folds
Uncalled bet ($0.13) returned to eefe3313
*** SHOWDOWN ***
eefe3313 collected $0.24 from pot
*** SUMMARY ***
Total pot $0.25 | Rake $0.01 | Jackpot $0 | Bingo $0 | Fortune $0 | Tax $0
Board [Ts 2c Jc 8s]
Seat 1: 2104f7af (big blind) folded on the Turn
Seat 2: 55e53784 folded before Flop (didn't bet)
Seat 3: 36e43699 folded before Flop (didn't bet)
Seat 4: c3885f7a folded before Flop (didn't bet)
Seat 5: eefe3313 (button) won ($0.24)
Seat 6: Hero (small blind) folded before Flop


Poker Hand #HD1780746488: Hold'em No Limit ($0.05/$0.1) - 2024/05/20 17:36:15
Table 'NLHRed27' 6-max Seat #4 is the button
Seat 1: 2104f7af ($10 in chips)
Seat 2: 55e53784 ($10.64 in chips)
Seat 3: 36e43699 ($10.09 in chips)
Seat 4: c3885f7a ($15.29 in chips)
Seat 5: eefe3313 ($3.58 in chips)
Seat 6: Hero ($17.87 in chips)
eefe3313: posts small blind $0.05
Hero: posts big blind $0.1
*** HOLE CARDS ***
Dealt to 2104f7af 
Dealt to 55e53784 
Dealt to 36e43699 
Dealt to c3885f7a 
Dealt to eefe3313 
Dealt to Hero [2s 5d]
2104f7af: folds
55e53784: folds
36e43699: folds
c3885f7a: raises $0.2 to $0.3
eefe3313: folds
Hero: folds
Uncalled bet ($0.2) returned to c3885f7a
*** SHOWDOWN ***
c3885f7a collected $0.25 from pot
*** SUMMARY ***
Total pot $0.25 | Rake $0 | Jackpot $0 | Bingo $0 | Fortune $0 | Tax $0
Seat 1: 2104f7af folded before Flop (didn't bet)
Seat 2: 55e53784 folded before Flop (didn't bet)
Seat 3: 36e43699 folded before Flop (didn't bet)
Seat 4: c3885f7a (button) collected ($0.25)
Seat 5: eefe3313 (small blind) folded before Flop
Seat 6: Hero (big blind) folded before Flop


Poker Hand #HD1780746438: Hold'em No Limit ($0.05/$0.1) - 2024/05/20 17:35:52
Table 'NLHRed27' 6-max Seat #3 is the button
Seat 1: 2104f7af ($10 in chips)
Seat 2: 55e53784 ($10.64 in chips)
Seat 3: 36e43699 ($10.09 in chips)
Seat 4: c3885f7a ($15.19 in chips)
Seat 5: eefe3313 ($3.68 in chips)
Seat 6: Hero ($17.87 in chips)
c3885f7a: posts small blind $0.05
eefe3313: posts big blind $0.1
*** HOLE CARDS ***
Dealt to 2104f7af 
Dealt to 55e53784 
Dealt to 36e43699 
Dealt to c3885f7a 
Dealt to eefe3313 
Dealt to Hero [5c Qs]
Hero: folds
2104f7af: folds
55e53784: folds
36e43699: folds
c3885f7a: raises $0.2 to $0.3
eefe3313: folds
Uncalled bet ($0.2) returned to c3885f7a
*** SHOWDOWN ***
c3885f7a collected $0.2 from pot
*** SUMMARY ***
Total pot $0.2 | Rake $0 | Jackpot $0 | Bingo $0 | Fortune $0 | Tax $0
Seat 1: 2104f7af folded before Flop (didn't bet)
Seat 2: 55e53784 folded before Flop (didn't bet)
Seat 3: 36e43699 (button) folded before Flop (didn't bet)
Seat 4: c3885f7a (small blind) collected ($0.2)
Seat 5: eefe3313 (big blind) folded before Flop
Seat 6: Hero folded before Flop (didn't bet)


Poker Hand #HD1780746268: Hold'em No Limit ($0.05/$0.1) - 2024/05/20 17:34:40
Table 'NLHRed27' 6-max Seat #2 is the button
Seat 1: 2104f7af ($10 in chips)
Seat 2: 55e53784 ($10.17 in chips)
Seat 3: 36e43699 ($10.14 in chips)
Seat 4: c3885f7a ($15.66 in chips)
Seat 5: eefe3313 ($3.68 in chips)
Seat 6: Hero ($17.87 in chips)
36e43699: posts small blind $0.05
c3885f7a: posts big blind $0.1
*** HOLE CARDS ***
Dealt to 2104f7af 
Dealt to 55e53784 
Dealt to 36e43699 
Dealt to c3885f7a 
Dealt to eefe3313 
Dealt to Hero [Th 7c]
eefe3313: folds
Hero: folds
2104f7af: folds
55e53784: raises $0.12 to $0.22
36e43699: folds
c3885f7a: calls $0.12
*** FLOP *** [6d 3h 4c]
c3885f7a: checks
55e53784: bets $0.25
c3885f7a: calls $0.25
*** TURN *** [6d 3h 4c] [Qs]
c3885f7a: checks
55e53784: bets $0.75
c3885f7a: folds
Uncalled bet ($0.75) returned to 55e53784
*** SHOWDOWN ***
55e53784 collected $0.94 from pot
*** SUMMARY ***
Total pot $0.99 | Rake $0.05 | Jackpot $0 | Bingo $0 | Fortune $0 | Tax $0
Board [6d 3h 4c Qs]
Seat 1: 2104f7af folded before Flop (didn't bet)
Seat 2: 55e53784 (button) won ($0.94)
Seat 3: 36e43699 (small blind) folded before Flop
Seat 4: c3885f7a (big blind) folded on the Turn
Seat 5: eefe3313 folded before Flop (didn't bet)
Seat 6: Hero folded before Flop (didn't bet)


Poker Hand #HD1780746158: Hold'em No Limit ($0.05/$0.1) - 2024/05/20 17:33:53
Table 'NLHRed27' 6-max Seat #1 is the button
Seat 1: 2104f7af ($10 in chips)
Seat 2: 55e53784 ($10.22 in chips)
Seat 3: 36e43699 ($10.36 in chips)
Seat 4: c3885f7a ($15.2 in chips)
Seat 5: eefe3313 ($3.9 in chips)
Seat 6: Hero ($17.87 in chips)
55e53784: posts small blind $0.05
36e43699: posts big blind $0.1
*** HOLE CARDS ***
Dealt to 2104f7af 
Dealt to 55e53784 
Dealt to 36e43699 
Dealt to c3885f7a 
Dealt to eefe3313 
Dealt to Hero [Jd 3s]
c3885f7a: raises $0.12 to $0.22
eefe3313: calls $0.22
Hero: folds
2104f7af: folds
55e53784: folds
36e43699: calls $0.12
*** FLOP *** [6h Tc 2s]
36e43699: checks
c3885f7a: checks
eefe3313: checks
*** TURN *** [6h Tc 2s] [Ks]
36e43699: checks
c3885f7a: bets $0.55
eefe3313: folds
36e43699: folds
Uncalled bet ($0.55) returned to c3885f7a
*** SHOWDOWN ***
c3885f7a collected $0.68 from pot
*** SUMMARY ***
Total pot $0.71 | Rake $0.03 | Jackpot $0 | Bingo $0 | Fortune $0 | Tax $0
Board [6h Tc 2s Ks]
Seat 1: 2104f7af (button) folded before Flop (didn't bet)
Seat 2: 55e53784 (small blind) folded before Flop
Seat 3: 36e43699 (big blind) folded on the Turn
Seat 4: c3885f7a won ($0.68)
Seat 5: eefe3313 folded on the Turn
Seat 6: Hero folded before Flop (didn't bet)


Poker Hand #HD1780746111: Hold'em No Limit ($0.05/$0.1) - 2024/05/20 17:33:32
Table 'NLHRed27' 6-max Seat #6 is the button
Seat 1: 2104f7af ($10 in chips)
Seat 2: 55e53784 ($10.32 in chips)
Seat 3: 36e43699 ($10.36 in chips)
Seat 4: c3885f7a ($15.2 in chips)
Seat 5: eefe3313 ($3.9 in chips)
Seat 6: Hero ($17.72 in chips)
2104f7af: posts small blind $0.05
55e53784: posts big blind $0.1
*** HOLE CARDS ***
Dealt to 2104f7af 
Dealt to 55e53784 
Dealt to 36e43699 
Dealt to c3885f7a 
Dealt to eefe3313 
Dealt to Hero [Jd 7d]
36e43699: folds
c3885f7a: folds
eefe3313: folds
Hero: raises $0.14 to $0.24
2104f7af: folds
55e53784: folds
Uncalled bet ($0.14) returned to Hero
*** SHOWDOWN ***
Hero collected $0.25 from pot
*** SUMMARY ***
Total pot $0.25 | Rake $0 | Jackpot $0 | Bingo $0 | Fortune $0 | Tax $0
Seat 1: 2104f7af (small blind) folded before Flop
Seat 2: 55e53784 (big blind) folded before Flop
Seat 3: 36e43699 folded before Flop (didn't bet)
Seat 4: c3885f7a folded before Flop (didn't bet)
Seat 5: eefe3313 folded before Flop (didn't bet)
Seat 6: Hero (button) collected ($0.25)


Poker Hand #HD1780745909: Hold'em No Limit ($0.05/$0.1) - 2024/05/20 17:31:57
Table 'NLHRed27' 6-max Seat #5 is the button
Seat 1: 2104f7af ($10.15 in chips)
Seat 2: 55e53784 ($10.32 in chips)
Seat 3: 36e43699 ($10.36 in chips)
Seat 4: c3885f7a ($15.2 in chips)
Seat 5: eefe3313 ($3.9 in chips)
Seat 6: Hero ($14.28 in chips)
Hero: posts small blind $0.05
2104f7af: posts big blind $0.1
*** HOLE CARDS ***
Dealt to 2104f7af 
Dealt to 55e53784 
Dealt to 36e43699 
Dealt to c3885f7a 
Dealt to eefe3313 
Dealt to Hero [Ks Ts]
55e53784: folds
36e43699: folds
c3885f7a: folds
eefe3313: folds
Hero: raises $0.2 to $0.3
2104f7af: raises $0.7 to $1
Hero: calls $0.7
*** FLOP *** [9s Jd Kd]
Hero: checks
2104f7af: checks
*** TURN *** [9s Jd Kd] [As]
Hero: checks
2104f7af: bets $0.76
Hero: calls $0.76
*** RIVER *** [9s Jd Kd As] [Qs]
Hero: checks
2104f7af: bets $2.16
Hero: raises $10.36 to $12.52 and is all-in
2104f7af: folds
Uncalled bet ($10.36) returned to Hero
*** SHOWDOWN ***
Hero collected $7.36 from pot
*** SUMMARY ***
Total pot $7.84 | Rake $0.38 | Jackpot $0.1 | Bingo $0 | Fortune $0 | Tax $0
Board [9s Jd Kd As Qs]
Seat 1: 2104f7af (big blind) folded on the River
Seat 2: 55e53784 folded before Flop (didn't bet)
Seat 3: 36e43699 folded before Flop (didn't bet)
Seat 4: c3885f7a folded before Flop (didn't bet)
Seat 5: eefe3313 (button) folded before Flop (didn't bet)
Seat 6: Hero (small blind) won ($7.36)


Poker Hand #HD1780745831: Hold'em No Limit ($0.05/$0.1) - 2024/05/20 17:31:24
Table 'NLHRed27' 6-max Seat #4 is the button
Seat 1: 2104f7af ($10.15 in chips)
Seat 2: 55e53784 ($10 in chips)
Seat 3: 36e43699 ($10.36 in chips)
Seat 4: c3885f7a ($15.2 in chips)
Seat 5: eefe3313 ($4.15 in chips)
Seat 6: Hero ($14.38 in chips)
eefe3313: posts small blind $0.05
Hero: posts big blind $0.1
*** HOLE CARDS ***
Dealt to 2104f7af 
Dealt to 55e53784 
Dealt to 36e43699 
Dealt to c3885f7a 
Dealt to eefe3313 
Dealt to Hero [5s 3c]
2104f7af: folds
55e53784: raises $0.15 to $0.25
36e43699: folds
c3885f7a: folds
eefe3313: calls $0.2
Hero: folds
*** FLOP *** [6d Jd 3s]
eefe3313: checks
55e53784: bets $0.45
eefe3313: folds
Uncalled bet ($0.45) returned to 55e53784
*** SHOWDOWN ***
55e53784 collected $0.57 from pot
*** SUMMARY ***
Total pot $0.6 | Rake $0.03 | Jackpot $0 | Bingo $0 | Fortune $0 | Tax $0
Board [6d Jd 3s]
Seat 1: 2104f7af folded before Flop (didn't bet)
Seat 2: 55e53784 won ($0.57)
Seat 3: 36e43699 folded before Flop (didn't bet)
Seat 4: c3885f7a (button) folded before Flop (didn't bet)
Seat 5: eefe3313 (small blind) folded on the Flop
Seat 6: Hero (big blind) folded before Flop


Poker Hand #HD1780745785: Hold'em No Limit ($0.05/$0.1) - 2024/05/20 17:31:04
Table 'NLHRed27' 6-max Seat #3 is the button
Seat 1: 2104f7af ($10.15 in chips)
Seat 2: 55e53784 ($10 in chips)
Seat 3: 36e43699 ($10.36 in chips)
Seat 4: c3885f7a ($15.25 in chips)
Seat 5: eefe3313 ($4.25 in chips)
Seat 6: Hero ($14.23 in chips)
c3885f7a: posts small blind $0.05
eefe3313: posts big blind $0.1
*** HOLE CARDS ***
Dealt to 2104f7af 
Dealt to 55e53784 
Dealt to 36e43699 
Dealt to c3885f7a 
Dealt to eefe3313 
Dealt to Hero [Ks Ah]
Hero: raises $0.1 to $0.2
2104f7af: folds
55e53784: folds
36e43699: folds
c3885f7a: folds
eefe3313: folds
Uncalled bet ($0.1) returned to Hero
*** SHOWDOWN ***
Hero collected $0.25 from pot
*** SUMMARY ***
Total pot $0.25 | Rake $0 | Jackpot $0 | Bingo $0 | Fortune $0 | Tax $0
Seat 1: 2104f7af folded before Flop (didn't bet)
Seat 2: 55e53784 folded before Flop (didn't bet)
Seat 3: 36e43699 (button) folded before Flop (didn't bet)
Seat 4: c3885f7a (small blind) folded before Flop
Seat 5: eefe3313 (big blind) folded before Flop
Seat 6: Hero collected ($0.25)


Poker Hand #HD1780745717: Hold'em No Limit ($0.05/$0.1) - 2024/05/20 17:30:36
Table 'NLHRed27' 6-max Seat #2 is the button
Seat 1: 2104f7af ($10 in chips)
Seat 2: 55e53784 ($10 in chips)
Seat 3: 36e43699 ($10.41 in chips)
Seat 4: c3885f7a ($15.35 in chips)
Seat 5: eefe3313 ($4.25 in chips)
Seat 6: Hero ($14.23 in chips)
36e43699: posts small blind $0.05
c3885f7a: posts big blind $0.1
*** HOLE CARDS ***
Dealt to 2104f7af 
Dealt to 55e53784 
Dealt to 36e43699 
Dealt to c3885f7a 
Dealt to eefe3313 
Dealt to Hero [Jc 9d]
eefe3313: folds
Hero: folds
2104f7af: raises $0.15 to $0.25
55e53784: folds
36e43699: folds
c3885f7a: folds
Uncalled bet ($0.15) returned to 2104f7af
*** SHOWDOWN ***
2104f7af collected $0.25 from pot
*** SUMMARY ***
Total pot $0.25 | Rake $0 | Jackpot $0 | Bingo $0 | Fortune $0 | Tax $0
Seat 1: 2104f7af collected ($0.25)
Seat 2: 55e53784 (button) folded before Flop (didn't bet)
Seat 3: 36e43699 (small blind) folded before Flop
Seat 4: c3885f7a (big blind) folded before Flop
Seat 5: eefe3313 folded before Flop (didn't bet)
Seat 6: Hero folded before Flop (didn't bet)


Poker Hand #HD1780635613: Hold'em No Limit ($0.05/$0.1) - 2024/05/20 17:29:51
Table 'NLHRed27' 6-max Seat #1 is the button
Seat 1: 2104f7af ($10 in chips)
Seat 2: 55e53784 ($10 in chips)
Seat 3: 36e43699 ($9.9 in chips)
Seat 4: c3885f7a ($15.35 in chips)
Seat 5: eefe3313 ($4.35 in chips)
Seat 6: Hero ($14.23 in chips)
55e53784: posts small blind $0.05
36e43699: posts big blind $0.1
*** HOLE CARDS ***
Dealt to 2104f7af 
Dealt to 55e53784 
Dealt to 36e43699 
Dealt to c3885f7a 
Dealt to eefe3313 
Dealt to Hero [7d Jh]
c3885f7a: folds
eefe3313: calls $0.1
Hero: folds
2104f7af: raises $0.3 to $0.4
55e53784: folds
36e43699: calls $0.3
eefe3313: folds
*** FLOP *** [Ts 6c 3s]
36e43699: checks
2104f7af: checks
*** TURN *** [Ts 6c 3s] [2s]
36e43699: bets $0.48
2104f7af: folds
Uncalled bet ($0.48) returned to 36e43699
*** SHOWDOWN ***
36e43699 collected $0.91 from pot
*** SUMMARY ***
Total pot $0.95 | Rake $0.04 | Jackpot $0 | Bingo $0 | Fortune $0 | Tax $0
Board [Ts 6c 3s 2s]
Seat 1: 2104f7af (button) folded on the Turn
Seat 2: 55e53784 (small blind) folded before Flop
Seat 3: 36e43699 (big blind) won ($0.91)
Seat 4: c3885f7a folded before Flop (didn't bet)
Seat 5: eefe3313 folded before Flop
Seat 6: Hero folded before Flop (didn't bet)


Poker Hand #HD1780635513: Hold'em No Limit ($0.05/$0.1) - 2024/05/20 17:29:07
Table 'NLHRed27' 6-max Seat #6 is the button
Seat 1: 2104f7af ($10 in chips)
Seat 2: 55e53784 ($10 in chips)
Seat 3: 36e43699 ($9.9 in chips)
Seat 4: c3885f7a ($15.35 in chips)
Seat 5: eefe3313 ($4.35 in chips)
Seat 6: Hero ($13.96 in chips)
2104f7af: posts small blind $0.05
55e53784: posts big blind $0.1
*** HOLE CARDS ***
Dealt to 2104f7af 
Dealt to 55e53784 
Dealt to 36e43699 
Dealt to c3885f7a 
Dealt to eefe3313 
Dealt to Hero [5c Jc]
36e43699: folds
c3885f7a: folds
eefe3313: folds
Hero: raises $0.14 to $0.24
2104f7af: folds
55e53784: calls $0.14
*** FLOP *** [5d 5s As]
55e53784: checks
Hero: checks
*** TURN *** [5d 5s As] [6c]
55e53784: checks
Hero: bets $0.2
55e53784: folds
Uncalled bet ($0.2) returned to Hero
*** SHOWDOWN ***
Hero collected $0.51 from pot
*** SUMMARY ***
Total pot $0.53 | Rake $0.02 | Jackpot $0 | Bingo $0 | Fortune $0 | Tax $0
Board [5d 5s As 6c]
Seat 1: 2104f7af (small blind) folded before Flop
Seat 2: 55e53784 (big blind) folded on the Turn
Seat 3: 36e43699 folded before Flop (didn't bet)
Seat 4: c3885f7a folded before Flop (didn't bet)
Seat 5: eefe3313 folded before Flop (didn't bet)
Seat 6: Hero (button) won ($0.51)


Poker Hand #HD1780635441: Hold'em No Limit ($0.05/$0.1) - 2024/05/20 17:28:37
Table 'NLHRed27' 6-max Seat #5 is the button
Seat 1: 2104f7af ($10 in chips)
Seat 3: 36e43699 ($9.9 in chips)
Seat 4: c3885f7a ($15.35 in chips)
Seat 5: eefe3313 ($4.21 in chips)
Seat 6: Hero ($14.01 in chips)
Hero: posts small blind $0.05
2104f7af: posts big blind $0.1
*** HOLE CARDS ***
Dealt to 2104f7af 
Dealt to 36e43699 
Dealt to c3885f7a 
Dealt to eefe3313 
Dealt to Hero [8h Qc]
36e43699: folds
c3885f7a: folds
eefe3313: calls $0.1
Hero: folds
2104f7af: checks
*** FLOP *** [2d Jc Ad]
2104f7af: checks
eefe3313: bets $0.1
2104f7af: folds
Uncalled bet ($0.1) returned to eefe3313
*** SHOWDOWN ***
eefe3313 collected $0.24 from pot
*** SUMMARY ***
Total pot $0.25 | Rake $0.01 | Jackpot $0 | Bingo $0 | Fortune $0 | Tax $0
Board [2d Jc Ad]
Seat 1: 2104f7af (big blind) folded on the Flop
Seat 3: 36e43699 folded before Flop (didn't bet)
Seat 4: c3885f7a folded before Flop (didn't bet)
Seat 5: eefe3313 (button) won ($0.24)
Seat 6: Hero (small blind) folded before Flop


Poker Hand #HD1780635263: Hold'em No Limit ($0.05/$0.1) - 2024/05/20 17:27:18
Table 'NLHRed27' 6-max Seat #4 is the button
Seat 1: 2104f7af ($10 in chips)
Seat 2: 711f17de ($9.15 in chips)
Seat 3: 36e43699 ($10 in chips)
Seat 4: c3885f7a ($8 in chips)
Seat 5: eefe3313 ($4.26 in chips)
Seat 6: Hero ($14.11 in chips)
eefe3313: posts small blind $0.05
Hero: posts big blind $0.1
36e43699: posts big blind $0.1
*** HOLE CARDS ***
Dealt to 2104f7af 
Dealt to 711f17de 
Dealt to 36e43699 
Dealt to c3885f7a 
Dealt to eefe3313 
Dealt to Hero [8d 7s]
2104f7af: folds
711f17de: raises $0.3 to $0.4
36e43699: folds
c3885f7a: raises $1 to $1.4
eefe3313: folds
Hero: folds
711f17de: raises $7.75 to $9.15 and is all-in
c3885f7a: calls $6.6 and is all-in
Uncalled bet ($1.15) returned to 711f17de
711f17de: shows [Th Ts]
c3885f7a: shows [8c 8s]
*** FLOP *** [9c 8h 4s]
*** TURN *** [9c 8h 4s] [9d]
*** RIVER *** [9c 8h 4s 9d] [5s]
*** SHOWDOWN ***
c3885f7a collected $15.35 from pot
*** SUMMARY ***
Total pot $16.25 | Rake $0.8 | Jackpot $0.1 | Bingo $0 | Fortune $0 | Tax $0
Board [9c 8h 4s 9d 5s]
Seat 1: 2104f7af folded before Flop (didn't bet)
Seat 2: 711f17de showed [Th Ts] and lost with Pair of Tens and Pair of Nines
Seat 3: 36e43699 folded before Flop
Seat 4: c3885f7a (button) showed [8c 8s] and won ($15.35) with Eights Full over Nines
Seat 5: eefe3313 (small blind) folded before Flop
Seat 6: Hero (big blind) folded before Flop


Poker Hand #HD1780635176: Hold'em No Limit ($0.05/$0.1) - 2024/05/20 17:26:41
Table 'NLHRed27' 6-max Seat #2 is the button
Seat 1: 2104f7af ($10 in chips)
Seat 2: 711f17de ($9.8 in chips)
Seat 3: 2ef9625e ($13.61 in chips)
Seat 4: c3885f7a ($8 in chips)
Seat 5: eefe3313 ($4.26 in chips)
Seat 6: Hero ($13.38 in chips)
2ef9625e: posts small blind $0.05
c3885f7a: posts big blind $0.1
*** HOLE CARDS ***
Dealt to 2104f7af 
Dealt to 711f17de 
Dealt to 2ef9625e 
Dealt to c3885f7a 
Dealt to eefe3313 
Dealt to Hero [Js Jc]
eefe3313: folds
Hero: raises $0.1 to $0.2
2104f7af: folds
711f17de: raises $0.45 to $0.65
2ef9625e: folds
c3885f7a: folds
Hero: raises $1.25 to $1.9
711f17de: folds
Uncalled bet ($1.25) returned to Hero
*** SHOWDOWN ***
Hero collected $1.38 from pot
*** SUMMARY ***
Total pot $1.45 | Rake $0.07 | Jackpot $0 | Bingo $0 | Fortune $0 | Tax $0
Seat 1: 2104f7af folded before Flop (didn't bet)
Seat 2: 711f17de (button) folded before Flop
Seat 3: 2ef9625e (small blind) folded before Flop
Seat 4: c3885f7a (big blind) folded before Flop
Seat 5: eefe3313 folded before Flop (didn't bet)
Seat 6: Hero collected ($1.38)


Poker Hand #HD1780635049: Hold'em No Limit ($0.05/$0.1) - 2024/05/20 17:25:37
Table 'NLHRed27' 6-max Seat #1 is the button
Seat 1: 2104f7af ($10.1 in chips)
Seat 2: 711f17de ($9.3 in chips)
Seat 3: 2ef9625e ($13.71 in chips)
Seat 4: c3885f7a ($8 in chips)
Seat 5: eefe3313 ($4.26 in chips)
Seat 6: Hero ($13.38 in chips)
711f17de: posts small blind $0.05
2ef9625e: posts big blind $0.1
*** HOLE CARDS ***
Dealt to 2104f7af 
Dealt to 711f17de 
Dealt to 2ef9625e 
Dealt to c3885f7a 
Dealt to eefe3313 
Dealt to Hero [2d Kh]
c3885f7a: folds
eefe3313: folds
Hero: folds
2104f7af: raises $0.15 to $0.25
711f17de: calls $0.2
2ef9625e: folds
*** FLOP *** [3s 9h Qd]
711f17de: checks
2104f7af: bets $0.2
711f17de: raises $0.5 to $0.7
2104f7af: folds
Uncalled bet ($0.5) returned to 711f17de
*** SHOWDOWN ***
711f17de collected $0.95 from pot
*** SUMMARY ***
Total pot $1 | Rake $0.05 | Jackpot $0 | Bingo $0 | Fortune $0 | Tax $0
Board [3s 9h Qd]
Seat 1: 2104f7af (button) folded on the Flop
Seat 2: 711f17de (small blind) won ($0.95)
Seat 3: 2ef9625e (big blind) folded before Flop
Seat 4: c3885f7a folded before Flop (didn't bet)
Seat 5: eefe3313 folded before Flop (didn't bet)
Seat 6: Hero folded before Flop (didn't bet)


Poker Hand #HD1780634976: Hold'em No Limit ($0.05/$0.1) - 2024/05/20 17:25:04
Table 'NLHRed27' 6-max Seat #6 is the button
Seat 1: 2104f7af ($10 in chips)
Seat 2: 711f17de ($9.4 in chips)
Seat 3: 2ef9625e ($13.71 in chips)
Seat 4: c3885f7a ($8 in chips)
Seat 5: eefe3313 ($4.26 in chips)
Seat 6: Hero ($13.38 in chips)
2104f7af: posts small blind $0.05
711f17de: posts big blind $0.1
*** HOLE CARDS ***
Dealt to 2104f7af 
Dealt to 711f17de 
Dealt to 2ef9625e 
Dealt to c3885f7a 
Dealt to eefe3313 
Dealt to Hero [4s Jd]
2ef9625e: folds
c3885f7a: folds
eefe3313: folds
Hero: folds
2104f7af: raises $0.2 to $0.3
711f17de: folds
Uncalled bet ($0.2) returned to 2104f7af
*** SHOWDOWN ***
2104f7af collected $0.2 from pot
*** SUMMARY ***
Total pot $0.2 | Rake $0 | Jackpot $0 | Bingo $0 | Fortune $0 | Tax $0
Seat 1: 2104f7af (small blind) collected ($0.2)
Seat 2: 711f17de (big blind) folded before Flop
Seat 3: 2ef9625e folded before Flop (didn't bet)
Seat 4: c3885f7a folded before Flop (didn't bet)
Seat 5: eefe3313 folded before Flop (didn't bet)
Seat 6: Hero (button) folded before Flop (didn't bet)


Poker Hand #HD1780634835: Hold'em No Limit ($0.05/$0.1) - 2024/05/20 17:23:59
Table 'NLHRed27' 6-max Seat #5 is the button
Seat 1: 2104f7af ($10 in chips)
Seat 2: 711f17de ($9.4 in chips)
Seat 3: 2ef9625e ($13.71 in chips)
Seat 4: c3885f7a ($8 in chips)
Seat 5: eefe3313 ($3.82 in chips)
Seat 6: Hero ($13.43 in chips)
Hero: posts small blind $0.05
2104f7af: posts big blind $0.1
*** HOLE CARDS ***
Dealt to 2104f7af 
Dealt to 711f17de 
Dealt to 2ef9625e 
Dealt to c3885f7a 
Dealt to eefe3313 
Dealt to Hero [Ts 4s]
711f17de: folds
2ef9625e: folds
c3885f7a: raises $0.12 to $0.22
eefe3313: raises $0.12 to $0.34
Hero: folds
2104f7af: folds
c3885f7a: calls $0.12
*** FLOP *** [4d 6h 8s]
c3885f7a: checks
eefe3313: bets $0.1
c3885f7a: folds
Uncalled bet ($0.1) returned to eefe3313
*** SHOWDOWN ***
eefe3313 collected $0.78 from pot
*** SUMMARY ***
Total pot $0.83 | Rake $0.05 | Jackpot $0 | Bingo $0 | Fortune $0 | Tax $0
Board [4d 6h 8s]
Seat 1: 2104f7af (big blind) folded before Flop
Seat 2: 711f17de folded before Flop (didn't bet)
Seat 3: 2ef9625e folded before Flop (didn't bet)
Seat 4: c3885f7a folded on the Flop
Seat 5: eefe3313 (button) won ($0.78)
Seat 6: Hero (small blind) folded before Flop


Poker Hand #HD1780634728: Hold'em No Limit ($0.05/$0.1) - 2024/05/20 17:23:13
Table 'NLHRed27' 6-max Seat #4 is the button
Seat 2: 711f17de ($9.4 in chips)
Seat 3: 2ef9625e ($13.96 in chips)
Seat 4: c3885f7a ($8 in chips)
Seat 5: eefe3313 ($4.07 in chips)
Seat 6: Hero ($12.96 in chips)
eefe3313: posts small blind $0.05
Hero: posts big blind $0.1
*** HOLE CARDS ***
Dealt to 711f17de 
Dealt to 2ef9625e 
Dealt to c3885f7a 
Dealt to eefe3313 
Dealt to Hero [Jc Tc]
711f17de: folds
2ef9625e: raises $0.15 to $0.25
c3885f7a: folds
eefe3313: calls $0.2
Hero: calls $0.15
*** FLOP *** [6h 2s Ts]
eefe3313: checks
Hero: checks
2ef9625e: checks
*** TURN *** [6h 2s Ts] [7c]
eefe3313: checks
Hero: bets $0.25
2ef9625e: folds
eefe3313: folds
Uncalled bet ($0.25) returned to Hero
2ef9625e: shows [Ad] (Ace-High)
*** SHOWDOWN ***
Hero collected $0.72 from pot
*** SUMMARY ***
Total pot $0.75 | Rake $0.03 | Jackpot $0 | Bingo $0 | Fortune $0 | Tax $0
Board [6h 2s Ts 7c]
Seat 2: 711f17de folded before Flop (didn't bet)
Seat 3: 2ef9625e folded on the Turn
Seat 4: c3885f7a (button) folded before Flop (didn't bet)
Seat 5: eefe3313 (small blind) folded on the Turn
Seat 6: Hero (big blind) won ($0.72)


Poker Hand #HD1780634585: Hold'em No Limit ($0.05/$0.1) - 2024/05/20 17:22:13
Table 'NLHRed27' 6-max Seat #3 is the button
Seat 2: 711f17de ($9.8 in chips)
Seat 3: 2ef9625e ($14.36 in chips)
Seat 4: c3885f7a ($8 in chips)
Seat 5: eefe3313 ($3.29 in chips)
Seat 6: Hero ($12.96 in chips)
c3885f7a: posts small blind $0.05
eefe3313: posts big blind $0.1
*** HOLE CARDS ***
Dealt to 711f17de 
Dealt to 2ef9625e 
Dealt to c3885f7a 
Dealt to eefe3313 
Dealt to Hero [8s 3h]
Hero: folds
711f17de: raises $0.2 to $0.3
2ef9625e: calls $0.3
c3885f7a: folds
eefe3313: calls $0.2
*** FLOP *** [Td Qc Js]
eefe3313: bets $0.1
711f17de: calls $0.1
2ef9625e: calls $0.1
*** TURN *** [Td Qc Js] [6h]
eefe3313: checks
711f17de: checks
2ef9625e: checks
*** RIVER *** [Td Qc Js 6h] [8c]
eefe3313: bets $1.4
711f17de: folds
2ef9625e: folds
Uncalled bet ($1.4) returned to eefe3313
*** SHOWDOWN ***
eefe3313 collected $1.18 from pot
*** SUMMARY ***
Total pot $1.25 | Rake $0.07 | Jackpot $0 | Bingo $0 | Fortune $0 | Tax $0
Board [Td Qc Js 6h 8c]
Seat 2: 711f17de folded on the River
Seat 3: 2ef9625e (button) folded on the River
Seat 4: c3885f7a (small blind) folded before Flop
Seat 5: eefe3313 (big blind) won ($1.18)
Seat 6: Hero folded before Flop (didn't bet)


Poker Hand #HD1780634517: Hold'em No Limit ($0.05/$0.1) - 2024/05/20 17:21:40
Table 'NLHRed27' 6-max Seat #2 is the button
Seat 2: 711f17de ($9.8 in chips)
Seat 3: 2ef9625e ($14.41 in chips)
Seat 4: c3885f7a ($8 in chips)
Seat 5: eefe3313 ($3.14 in chips)
Seat 6: Hero ($12.96 in chips)
2ef9625e: posts small blind $0.05
c3885f7a: posts big blind $0.1
*** HOLE CARDS ***
Dealt to 711f17de 
Dealt to 2ef9625e 
Dealt to c3885f7a 
Dealt to eefe3313 
Dealt to Hero [Qh Td]
eefe3313: raises $0.2 to $0.3
Hero: folds
711f17de: folds
2ef9625e: folds
c3885f7a: folds
Uncalled bet ($0.2) returned to eefe3313
*** SHOWDOWN ***
eefe3313 collected $0.25 from pot
*** SUMMARY ***
Total pot $0.25 | Rake $0 | Jackpot $0 | Bingo $0 | Fortune $0 | Tax $0
Seat 2: 711f17de (button) folded before Flop (didn't bet)
Seat 3: 2ef9625e (small blind) folded before Flop
Seat 4: c3885f7a (big blind) folded before Flop
Seat 5: eefe3313 collected ($0.25)
Seat 6: Hero folded before Flop (didn't bet)


Poker Hand #HD1780634443: Hold'em No Limit ($0.05/$0.1) - 2024/05/20 17:21:09
Table 'NLHRed27' 6-max Seat #6 is the button
Seat 2: 711f17de ($9.85 in chips)
Seat 3: 2ef9625e ($14.51 in chips)
Seat 4: c3885f7a ($8 in chips)
Seat 5: eefe3313 ($3.14 in chips)
Seat 6: Hero ($12.81 in chips)
711f17de: posts small blind $0.05
2ef9625e: posts big blind $0.1
*** HOLE CARDS ***
Dealt to 711f17de 
Dealt to 2ef9625e 
Dealt to c3885f7a 
Dealt to eefe3313 
Dealt to Hero [Jd Jc]
c3885f7a: folds
eefe3313: folds
Hero: raises $0.14 to $0.24
711f17de: folds
2ef9625e: folds
Uncalled bet ($0.14) returned to Hero
*** SHOWDOWN ***
Hero collected $0.25 from pot
*** SUMMARY ***
Total pot $0.25 | Rake $0 | Jackpot $0 | Bingo $0 | Fortune $0 | Tax $0
Seat 2: 711f17de (small blind) folded before Flop
Seat 3: 2ef9625e (big blind) folded before Flop
Seat 4: c3885f7a folded before Flop (didn't bet)
Seat 5: eefe3313 folded before Flop (didn't bet)
Seat 6: Hero (button) collected ($0.25)


Poker Hand #HD1780634332: Hold'em No Limit ($0.05/$0.1) - 2024/05/20 17:20:08
Table 'NLHRed27' 6-max Seat #5 is the button
Seat 2: 711f17de ($9.95 in chips)
Seat 3: 2ef9625e ($13.1 in chips)
Seat 4: c3885f7a ($8.69 in chips)
Seat 5: eefe3313 ($3.14 in chips)
Seat 6: Hero ($12.86 in chips)
Hero: posts small blind $0.05
711f17de: posts big blind $0.1
*** HOLE CARDS ***
Dealt to 711f17de 
Dealt to 2ef9625e 
Dealt to c3885f7a 
Dealt to eefe3313 
Dealt to Hero [5d 4d]
2ef9625e: raises $0.1 to $0.2
c3885f7a: raises $0.6 to $0.8
eefe3313: folds
Hero: folds
711f17de: folds
2ef9625e: calls $0.6
*** FLOP *** [Ad Qd Tc]
2ef9625e: checks
c3885f7a: bets $0.6
2ef9625e: calls $0.6
*** TURN *** [Ad Qd Tc] [3c]
2ef9625e: checks
c3885f7a: checks
*** RIVER *** [Ad Qd Tc 3c] [8h]
2ef9625e: checks
c3885f7a: checks
2ef9625e: shows [Ac Ks] (Pair of Aces)
c3885f7a: shows [Kd Kc] (Pair of Kings)
*** SHOWDOWN ***
2ef9625e collected $2.81 from pot
*** SUMMARY ***
Total pot $2.95 | Rake $0.14 | Jackpot $0 | Bingo $0 | Fortune $0 | Tax $0
Board [Ad Qd Tc 3c 8h]
Seat 2: 711f17de (big blind) folded before Flop
Seat 3: 2ef9625e showed [Ac Ks] and won ($2.81) with Pair of Aces
Seat 4: c3885f7a showed [Kd Kc] and lost with Pair of Kings
Seat 5: eefe3313 (button) folded before Flop (didn't bet)
Seat 6: Hero (small blind) folded before Flop


Poker Hand #HD1780634237: Hold'em No Limit ($0.05/$0.1) - 2024/05/20 17:19:26
Table 'NLHRed27' 6-max Seat #4 is the button
Seat 2: 711f17de ($9.95 in chips)
Seat 3: 2ef9625e ($13.1 in chips)
Seat 4: c3885f7a ($8.32 in chips)
Seat 5: eefe3313 ($3.44 in chips)
Seat 6: Hero ($12.96 in chips)
eefe3313: posts small blind $0.05
Hero: posts big blind $0.1
*** HOLE CARDS ***
Dealt to 711f17de 
Dealt to 2ef9625e 
Dealt to c3885f7a 
Dealt to eefe3313 
Dealt to Hero [5c Th]
711f17de: folds
2ef9625e: folds
c3885f7a: raises $0.2 to $0.3
eefe3313: calls $0.25
Hero: folds
*** FLOP *** [5h Jd 6c]
eefe3313: checks
c3885f7a: checks
*** TURN *** [5h Jd 6c] [7d]
eefe3313: checks
c3885f7a: bets $0.25
eefe3313: folds
Uncalled bet ($0.25) returned to c3885f7a
*** SHOWDOWN ***
c3885f7a collected $0.67 from pot
*** SUMMARY ***
Total pot $0.7 | Rake $0.03 | Jackpot $0 | Bingo $0 | Fortune $0 | Tax $0
Board [5h Jd 6c 7d]
Seat 2: 711f17de folded before Flop (didn't bet)
Seat 3: 2ef9625e folded before Flop (didn't bet)
Seat 4: c3885f7a (button) won ($0.67)
Seat 5: eefe3313 (small blind) folded on the Turn
Seat 6: Hero (big blind) folded before Flop


Poker Hand #HD1780634191: Hold'em No Limit ($0.05/$0.1) - 2024/05/20 17:19:04
Table 'NLHRed27' 6-max Seat #3 is the button
Seat 2: 711f17de ($9.95 in chips)
Seat 3: 2ef9625e ($13.35 in chips)
Seat 4: c3885f7a ($8 in chips)
Seat 5: eefe3313 ($3.54 in chips)
Seat 6: Hero ($12.96 in chips)
c3885f7a: posts small blind $0.05
eefe3313: posts big blind $0.1
*** HOLE CARDS ***
Dealt to 711f17de 
Dealt to 2ef9625e 
Dealt to c3885f7a 
Dealt to eefe3313 
Dealt to Hero [Ad 3s]
Hero: folds
711f17de: folds
2ef9625e: raises $0.15 to $0.25
c3885f7a: raises $0.85 to $1.1
eefe3313: folds
2ef9625e: folds
Uncalled bet ($0.85) returned to c3885f7a
2ef9625e: shows [As]
*** SHOWDOWN ***
c3885f7a collected $0.57 from pot
*** SUMMARY ***
Total pot $0.6 | Rake $0.03 | Jackpot $0 | Bingo $0 | Fortune $0 | Tax $0
Seat 2: 711f17de folded before Flop (didn't bet)
Seat 3: 2ef9625e (button) folded before Flop
Seat 4: c3885f7a (small blind) collected ($0.57)
Seat 5: eefe3313 (big blind) folded before Flop
Seat 6: Hero folded before Flop (didn't bet)


Poker Hand #HD1780634149: Hold'em No Limit ($0.05/$0.1) - 2024/05/20 17:18:48
Table 'NLHRed27' 6-max Seat #2 is the button
Seat 2: 711f17de ($9.8 in chips)
Seat 3: 2ef9625e ($13.4 in chips)
Seat 4: c3885f7a ($8 in chips)
Seat 5: eefe3313 ($3.54 in chips)
Seat 6: Hero ($12.96 in chips)
2ef9625e: posts small blind $0.05
c3885f7a: posts big blind $0.1
*** HOLE CARDS ***
Dealt to 711f17de 
Dealt to 2ef9625e 
Dealt to c3885f7a 
Dealt to eefe3313 
Dealt to Hero [3h 7d]
eefe3313: folds
Hero: folds
711f17de: raises $0.2 to $0.3
2ef9625e: folds
c3885f7a: folds
Uncalled bet ($0.2) returned to 711f17de
*** SHOWDOWN ***
711f17de collected $0.25 from pot
*** SUMMARY ***
Total pot $0.25 | Rake $0 | Jackpot $0 | Bingo $0 | Fortune $0 | Tax $0
Seat 2: 711f17de (button) collected ($0.25)
Seat 3: 2ef9625e (small blind) folded before Flop
Seat 4: c3885f7a (big blind) folded before Flop
Seat 5: eefe3313 folded before Flop (didn't bet)
Seat 6: Hero folded before Flop (didn't bet)


Poker Hand #HD1780634002: Hold'em No Limit ($0.05/$0.1) - 2024/05/20 17:17:39
Table 'NLHRed27' 6-max Seat #6 is the button
Seat 2: 711f17de ($9.85 in chips)
Seat 3: 2ef9625e ($13.5 in chips)
Seat 4: c3885f7a ($9.4 in chips)
Seat 5: eefe3313 ($3.54 in chips)
Seat 6: Hero ($11.2 in chips)
711f17de: posts small blind $0.05
2ef9625e: posts big blind $0.1
*** HOLE CARDS ***
Dealt to 711f17de 
Dealt to 2ef9625e 
Dealt to c3885f7a 
Dealt to eefe3313 
Dealt to Hero [Kc Ah]
c3885f7a: raises $0.2 to $0.3
eefe3313: folds
Hero: raises $0.7 to $1
711f17de: folds
2ef9625e: folds
c3885f7a: calls $0.7
*** FLOP *** [Js 6h 3c]
c3885f7a: checks
Hero: bets $0.9
c3885f7a: calls $0.9
*** TURN *** [Js 6h 3c] [Kh]
c3885f7a: checks
Hero: checks
*** RIVER *** [Js 6h 3c Kh] [2d]
c3885f7a: checks
Hero: bets $2
c3885f7a: folds
Uncalled bet ($2) returned to Hero
*** SHOWDOWN ***
Hero collected $3.66 from pot
*** SUMMARY ***
Total pot $3.95 | Rake $0.19 | Jackpot $0.1 | Bingo $0 | Fortune $0 | Tax $0
Board [Js 6h 3c Kh 2d]
Seat 2: 711f17de (small blind) folded before Flop
Seat 3: 2ef9625e (big blind) folded before Flop
Seat 4: c3885f7a folded on the River
Seat 5: eefe3313 folded before Flop (didn't bet)
Seat 6: Hero (button) won ($3.66)


Poker Hand #HD1780633891: Hold'em No Limit ($0.05/$0.1) - 2024/05/20 17:16:43
Table 'NLHRed27' 6-max Seat #5 is the button
Seat 2: 711f17de ($9.78 in chips)
Seat 3: 2ef9625e ($13.22 in chips)
Seat 4: c3885f7a ($9.4 in chips)
Seat 5: eefe3313 ($3.54 in chips)
Seat 6: Hero ($11.25 in chips)
Hero: posts small blind $0.05
711f17de: posts big blind $0.1
*** HOLE CARDS ***
Dealt to 711f17de 
Dealt to 2ef9625e 
Dealt to c3885f7a 
Dealt to eefe3313 
Dealt to Hero [3c Ad]
2ef9625e: raises $0.15 to $0.25
c3885f7a: folds
eefe3313: folds
Hero: folds
711f17de: calls $0.15
*** FLOP *** [8s As 4c]
711f17de: checks
2ef9625e: checks
*** TURN *** [8s As 4c] [2h]
711f17de: checks
2ef9625e: checks
*** RIVER *** [8s As 4c 2h] [6d]
711f17de: checks
2ef9625e: checks
711f17de: shows [Js Qc] (Ace-High)
2ef9625e: shows [Qd Kd] (Ace-High)
*** SHOWDOWN ***
2ef9625e collected $0.53 from pot
*** SUMMARY ***
Total pot $0.55 | Rake $0.02 | Jackpot $0 | Bingo $0 | Fortune $0 | Tax $0
Board [8s As 4c 2h 6d]
Seat 2: 711f17de (big blind) showed [Js Qc] and lost with Ace-High
Seat 3: 2ef9625e showed [Qd Kd] and won ($0.53) with Ace-High
Seat 4: c3885f7a folded before Flop (didn't bet)
Seat 5: eefe3313 (button) folded before Flop (didn't bet)
Seat 6: Hero (small blind) folded before Flop


Poker Hand #HD1780633866: Hold'em No Limit ($0.05/$0.1) - 2024/05/20 17:16:27
Table 'NLHRed27' 6-max Seat #4 is the button
Seat 2: 711f17de ($9.78 in chips)
Seat 3: 2ef9625e ($13.22 in chips)
Seat 4: c3885f7a ($9.4 in chips)
Seat 5: eefe3313 ($3.59 in chips)
Seat 6: Hero ($11.2 in chips)
eefe3313: posts small blind $0.05
Hero: posts big blind $0.1
*** HOLE CARDS ***
Dealt to 711f17de 
Dealt to 2ef9625e 
Dealt to c3885f7a 
Dealt to eefe3313 
Dealt to Hero [Ks 4h]
711f17de: folds
2ef9625e: folds
c3885f7a: folds
eefe3313: folds
Uncalled bet ($0.05) returned to Hero
*** SHOWDOWN ***
Hero collected $0.1 from pot
*** SUMMARY ***
Total pot $0.1 | Rake $0 | Jackpot $0 | Bingo $0 | Fortune $0 | Tax $0
Seat 2: 711f17de folded before Flop (didn't bet)
Seat 3: 2ef9625e folded before Flop (didn't bet)
Seat 4: c3885f7a (button) folded before Flop (didn't bet)
Seat 5: eefe3313 (small blind) folded before Flop
Seat 6: Hero (big blind) collected ($0.1)


Poker Hand #HD1780633825: Hold'em No Limit ($0.05/$0.1) - 2024/05/20 17:16:07
Table 'NLHRed27' 6-max Seat #3 is the button
Seat 2: 711f17de ($9.78 in chips)
Seat 3: 2ef9625e ($13.22 in chips)
Seat 4: c3885f7a ($9.45 in chips)
Seat 5: eefe3313 ($3.54 in chips)
Seat 6: Hero ($11.2 in chips)
c3885f7a: posts small blind $0.05
eefe3313: posts big blind $0.1
*** HOLE CARDS ***
Dealt to 711f17de 
Dealt to 2ef9625e 
Dealt to c3885f7a 
Dealt to eefe3313 
Dealt to Hero [3c 4s]
Hero: folds
711f17de: folds
2ef9625e: folds
c3885f7a: folds
Uncalled bet ($0.05) returned to eefe3313
*** SHOWDOWN ***
eefe3313 collected $0.1 from pot
*** SUMMARY ***
Total pot $0.1 | Rake $0 | Jackpot $0 | Bingo $0 | Fortune $0 | Tax $0
Seat 2: 711f17de folded before Flop (didn't bet)
Seat 3: 2ef9625e (button) folded before Flop (didn't bet)
Seat 4: c3885f7a (small blind) folded before Flop
Seat 5: eefe3313 (big blind) collected ($0.1)
Seat 6: Hero folded before Flop (didn't bet)


Poker Hand #HD1780633782: Hold'em No Limit ($0.05/$0.1) - 2024/05/20 17:15:48
Table 'NLHRed27' 6-max Seat #2 is the button
Seat 2: 711f17de ($9.78 in chips)
Seat 3: 2ef9625e ($13.27 in chips)
Seat 4: c3885f7a ($9.4 in chips)
Seat 5: eefe3313 ($3.54 in chips)
Seat 6: Hero ($11.2 in chips)
2ef9625e: posts small blind $0.05
c3885f7a: posts big blind $0.1
*** HOLE CARDS ***
Dealt to 711f17de 
Dealt to 2ef9625e 
Dealt to c3885f7a 
Dealt to eefe3313 
Dealt to Hero [7d 9c]
eefe3313: folds
Hero: folds
711f17de: folds
2ef9625e: folds
Uncalled bet ($0.05) returned to c3885f7a
*** SHOWDOWN ***
c3885f7a collected $0.1 from pot
*** SUMMARY ***
Total pot $0.1 | Rake $0 | Jackpot $0 | Bingo $0 | Fortune $0 | Tax $0
Seat 2: 711f17de (button) folded before Flop (didn't bet)
Seat 3: 2ef9625e (small blind) folded before Flop
Seat 4: c3885f7a (big blind) collected ($0.1)
Seat 5: eefe3313 folded before Flop (didn't bet)
Seat 6: Hero folded before Flop (didn't bet)


Poker Hand #HD1780633727: Hold'em No Limit ($0.05/$0.1) - 2024/05/20 17:15:22
Table 'NLHRed27' 6-max Seat #6 is the button
Seat 2: 711f17de ($9.83 in chips)
Seat 3: 2ef9625e ($13.37 in chips)
Seat 4: c3885f7a ($9.25 in chips)
Seat 5: eefe3313 ($3.54 in chips)
Seat 6: Hero ($11.2 in chips)
711f17de: posts small blind $0.05
2ef9625e: posts big blind $0.1
*** HOLE CARDS ***
Dealt to 711f17de 
Dealt to 2ef9625e 
Dealt to c3885f7a 
Dealt to eefe3313 
Dealt to Hero [Qc 6s]
c3885f7a: raises $0.12 to $0.22
eefe3313: folds
Hero: folds
711f17de: folds
2ef9625e: folds
Uncalled bet ($0.12) returned to c3885f7a
*** SHOWDOWN ***
c3885f7a collected $0.25 from pot
*** SUMMARY ***
Total pot $0.25 | Rake $0 | Jackpot $0 | Bingo $0 | Fortune $0 | Tax $0
Seat 2: 711f17de (small blind) folded before Flop
Seat 3: 2ef9625e (big blind) folded before Flop
Seat 4: c3885f7a collected ($0.25)
Seat 5: eefe3313 folded before Flop (didn't bet)
Seat 6: Hero (button) folded before Flop (didn't bet)


Poker Hand #HD1780633671: Hold'em No Limit ($0.05/$0.1) - 2024/05/20 17:14:49
Table 'NLHRed27' 6-max Seat #5 is the button
Seat 2: 711f17de ($9.93 in chips)
Seat 3: 2ef9625e ($13.37 in chips)
Seat 4: c3885f7a ($9.47 in chips)
Seat 5: eefe3313 ($3.88 in chips)
Seat 6: Hero ($10.59 in chips)
Hero: posts small blind $0.05
711f17de: posts big blind $0.1
*** HOLE CARDS ***
Dealt to 711f17de 
Dealt to 2ef9625e 
Dealt to c3885f7a 
Dealt to eefe3313 
Dealt to Hero [Qs Ks]
2ef9625e: folds
c3885f7a: raises $0.12 to $0.22
eefe3313: raises $0.12 to $0.34
Hero: raises $0.96 to $1.3
711f17de: folds
c3885f7a: folds
eefe3313: folds
Uncalled bet ($0.96) returned to Hero
*** SHOWDOWN ***
Hero collected $0.95 from pot
*** SUMMARY ***
Total pot $1 | Rake $0.05 | Jackpot $0 | Bingo $0 | Fortune $0 | Tax $0
Seat 2: 711f17de (big blind) folded before Flop
Seat 3: 2ef9625e folded before Flop (didn't bet)
Seat 4: c3885f7a folded before Flop
Seat 5: eefe3313 (button) folded before Flop
Seat 6: Hero (small blind) collected ($0.95)


Poker Hand #HD1780633592: Hold'em No Limit ($0.05/$0.1) - 2024/05/20 17:14:11
Table 'NLHRed27' 6-max Seat #4 is the button
Seat 2: 711f17de ($9.93 in chips)
Seat 3: 2ef9625e ($13.37 in chips)
Seat 4: c3885f7a ($9.47 in chips)
Seat 5: eefe3313 ($3.79 in chips)
Seat 6: Hero ($10.69 in chips)
eefe3313: posts small blind $0.05
Hero: posts big blind $0.1
*** HOLE CARDS ***
Dealt to 711f17de 
Dealt to 2ef9625e 
Dealt to c3885f7a 
Dealt to eefe3313 
Dealt to Hero [Tc 4d]
711f17de: folds
2ef9625e: folds
c3885f7a: folds
eefe3313: calls $0.05
Hero: checks
*** FLOP *** [2h 2d Th]
eefe3313: checks
Hero: checks
*** TURN *** [2h 2d Th] [Js]
eefe3313: checks
Hero: checks
*** RIVER *** [2h 2d Th Js] [9h]
eefe3313: bets $0.1
Hero: folds
Uncalled bet ($0.1) returned to eefe3313
*** SHOWDOWN ***
eefe3313 collected $0.19 from pot
*** SUMMARY ***
Total pot $0.2 | Rake $0.01 | Jackpot $0 | Bingo $0 | Fortune $0 | Tax $0
Board [2h 2d Th Js 9h]
Seat 2: 711f17de folded before Flop (didn't bet)
Seat 3: 2ef9625e folded before Flop (didn't bet)
Seat 4: c3885f7a (button) folded before Flop (didn't bet)
Seat 5: eefe3313 (small blind) won ($0.19)
Seat 6: Hero (big blind) folded on the River


Poker Hand #HD1780633558: Hold'em No Limit ($0.05/$0.1) - 2024/05/20 17:13:56
Table 'NLHRed27' 6-max Seat #3 is the button
Seat 2: 711f17de ($9.93 in chips)
Seat 3: 2ef9625e ($13.37 in chips)
Seat 4: c3885f7a ($9.52 in chips)
Seat 5: eefe3313 ($3.89 in chips)
Seat 6: Hero ($10.54 in chips)
c3885f7a: posts small blind $0.05
eefe3313: posts big blind $0.1
*** HOLE CARDS ***
Dealt to 711f17de 
Dealt to 2ef9625e 
Dealt to c3885f7a 
Dealt to eefe3313 
Dealt to Hero [Ts As]
Hero: raises $0.1 to $0.2
711f17de: folds
2ef9625e: folds
c3885f7a: folds
eefe3313: folds
Uncalled bet ($0.1) returned to Hero
*** SHOWDOWN ***
Hero collected $0.25 from pot
*** SUMMARY ***
Total pot $0.25 | Rake $0 | Jackpot $0 | Bingo $0 | Fortune $0 | Tax $0
Seat 2: 711f17de folded before Flop (didn't bet)
Seat 3: 2ef9625e (button) folded before Flop (didn't bet)
Seat 4: c3885f7a (small blind) folded before Flop
Seat 5: eefe3313 (big blind) folded before Flop
Seat 6: Hero collected ($0.25)


Poker Hand #HD1780633486: Hold'em No Limit ($0.05/$0.1) - 2024/05/20 17:13:21
Table 'NLHRed27' 6-max Seat #2 is the button
Seat 2: 711f17de ($10.18 in chips)
Seat 3: 2ef9625e ($13.62 in chips)
Seat 4: c3885f7a ($9.05 in chips)
Seat 5: eefe3313 ($3.89 in chips)
Seat 6: Hero ($10.54 in chips)
2ef9625e: posts small blind $0.05
c3885f7a: posts big blind $0.1
*** HOLE CARDS ***
Dealt to 711f17de 
Dealt to 2ef9625e 
Dealt to c3885f7a 
Dealt to eefe3313 
Dealt to Hero [9d Js]
eefe3313: folds
Hero: folds
711f17de: raises $0.15 to $0.25
2ef9625e: calls $0.2
c3885f7a: raises $1.15 to $1.4
711f17de: folds
2ef9625e: folds
Uncalled bet ($1.15) returned to c3885f7a
*** SHOWDOWN ***
c3885f7a collected $0.72 from pot
*** SUMMARY ***
Total pot $0.75 | Rake $0.03 | Jackpot $0 | Bingo $0 | Fortune $0 | Tax $0
Seat 2: 711f17de (button) folded before Flop
Seat 3: 2ef9625e (small blind) folded before Flop
Seat 4: c3885f7a (big blind) collected ($0.72)
Seat 5: eefe3313 folded before Flop (didn't bet)
Seat 6: Hero folded before Flop (didn't bet)


Poker Hand #HD1780633445: Hold'em No Limit ($0.05/$0.1) - 2024/05/20 17:13:01
Table 'NLHRed27' 6-max Seat #6 is the button
Seat 2: 711f17de ($10.23 in chips)
Seat 3: 2ef9625e ($13.72 in chips)
Seat 4: c3885f7a ($9.05 in chips)
Seat 5: eefe3313 ($3.74 in chips)
Seat 6: Hero ($10.54 in chips)
711f17de: posts small blind $0.05
2ef9625e: posts big blind $0.1
*** HOLE CARDS ***
Dealt to 711f17de 
Dealt to 2ef9625e 
Dealt to c3885f7a 
Dealt to eefe3313 
Dealt to Hero [Ah 4d]
c3885f7a: folds
eefe3313: raises $0.2 to $0.3
Hero: folds
711f17de: folds
2ef9625e: folds
Uncalled bet ($0.2) returned to eefe3313
*** SHOWDOWN ***
eefe3313 collected $0.25 from pot
*** SUMMARY ***
Total pot $0.25 | Rake $0 | Jackpot $0 | Bingo $0 | Fortune $0 | Tax $0
Seat 2: 711f17de (small blind) folded before Flop
Seat 3: 2ef9625e (big blind) folded before Flop
Seat 4: c3885f7a folded before Flop (didn't bet)
Seat 5: eefe3313 collected ($0.25)
Seat 6: Hero (button) folded before Flop (didn't bet)


Poker Hand #HD1780633353: Hold'em No Limit ($0.05/$0.1) - 2024/05/20 17:12:15
Table 'NLHRed27' 6-max Seat #5 is the button
Seat 2: 711f17de ($10 in chips)
Seat 3: 2ef9625e ($13.92 in chips)
Seat 4: c3885f7a ($9.05 in chips)
Seat 5: eefe3313 ($3.74 in chips)
Seat 6: Hero ($10.59 in chips)
Hero: posts small blind $0.05
711f17de: posts big blind $0.1
*** HOLE CARDS ***
Dealt to 711f17de 
Dealt to 2ef9625e 
Dealt to c3885f7a 
Dealt to eefe3313 
Dealt to Hero [Kc 9h]
2ef9625e: raises $0.1 to $0.2
c3885f7a: folds
eefe3313: folds
Hero: folds
711f17de: calls $0.1
*** FLOP *** [Jh 4c 3c]
711f17de: checks
2ef9625e: checks
*** TURN *** [Jh 4c 3c] [7c]
711f17de: bets $0.2
2ef9625e: folds
Uncalled bet ($0.2) returned to 711f17de
*** SHOWDOWN ***
711f17de collected $0.43 from pot
*** SUMMARY ***
Total pot $0.45 | Rake $0.02 | Jackpot $0 | Bingo $0 | Fortune $0 | Tax $0
Board [Jh 4c 3c 7c]
Seat 2: 711f17de (big blind) won ($0.43)
Seat 3: 2ef9625e folded on the Turn
Seat 4: c3885f7a folded before Flop (didn't bet)
Seat 5: eefe3313 (button) folded before Flop (didn't bet)
Seat 6: Hero (small blind) folded before Flop


Poker Hand #HD1780633319: Hold'em No Limit ($0.05/$0.1) - 2024/05/20 17:11:59
Table 'NLHRed27' 6-max Seat #4 is the button
Seat 3: 2ef9625e ($13.92 in chips)
Seat 4: c3885f7a ($9.05 in chips)
Seat 5: eefe3313 ($3.79 in chips)
Seat 6: Hero ($10.54 in chips)
eefe3313: posts small blind $0.05
Hero: posts big blind $0.1
*** HOLE CARDS ***
Dealt to 2ef9625e 
Dealt to c3885f7a 
Dealt to eefe3313 
Dealt to Hero [4d 6c]
2ef9625e: folds
c3885f7a: folds
eefe3313: folds
Uncalled bet ($0.05) returned to Hero
*** SHOWDOWN ***
Hero collected $0.1 from pot
*** SUMMARY ***
Total pot $0.1 | Rake $0 | Jackpot $0 | Bingo $0 | Fortune $0 | Tax $0
Seat 3: 2ef9625e folded before Flop (didn't bet)
Seat 4: c3885f7a (button) folded before Flop (didn't bet)
Seat 5: eefe3313 (small blind) folded before Flop
Seat 6: Hero (big blind) collected ($0.1)


Poker Hand #HD1780633252: Hold'em No Limit ($0.05/$0.1) - 2024/05/20 17:11:33
Table 'NLHRed27' 6-max Seat #3 is the button
Seat 3: 2ef9625e ($13.92 in chips)
Seat 4: c3885f7a ($8.95 in chips)
Seat 5: eefe3313 ($3.89 in chips)
Seat 6: Hero ($10.54 in chips)
c3885f7a: posts small blind $0.05
eefe3313: posts big blind $0.1
*** HOLE CARDS ***
Dealt to 2ef9625e 
Dealt to c3885f7a 
Dealt to eefe3313 
Dealt to Hero [Jc 8d]
Hero: folds
2ef9625e: folds
c3885f7a: raises $0.2 to $0.3
eefe3313: folds
Uncalled bet ($0.2) returned to c3885f7a
*** SHOWDOWN ***
c3885f7a collected $0.2 from pot
*** SUMMARY ***
Total pot $0.2 | Rake $0 | Jackpot $0 | Bingo $0 | Fortune $0 | Tax $0
Seat 3: 2ef9625e (button) folded before Flop (didn't bet)
Seat 4: c3885f7a (small blind) collected ($0.2)
Seat 5: eefe3313 (big blind) folded before Flop
Seat 6: Hero folded before Flop (didn't bet)


Poker Hand #HD1780633201: Hold'em No Limit ($0.05/$0.1) - 2024/05/20 17:11:10
Table 'NLHRed27' 6-max Seat #6 is the button
Seat 3: 2ef9625e ($13.97 in chips)
Seat 4: c3885f7a ($9.05 in chips)
Seat 5: eefe3313 ($3.74 in chips)
Seat 6: Hero ($10.54 in chips)
2ef9625e: posts small blind $0.05
c3885f7a: posts big blind $0.1
*** HOLE CARDS ***
Dealt to 2ef9625e 
Dealt to c3885f7a 
Dealt to eefe3313 
Dealt to Hero [2d 4h]
eefe3313: raises $0.2 to $0.3
Hero: folds
2ef9625e: folds
c3885f7a: folds
Uncalled bet ($0.2) returned to eefe3313
*** SHOWDOWN ***
eefe3313 collected $0.25 from pot
*** SUMMARY ***
Total pot $0.25 | Rake $0 | Jackpot $0 | Bingo $0 | Fortune $0 | Tax $0
Seat 3: 2ef9625e (small blind) folded before Flop
Seat 4: c3885f7a (big blind) folded before Flop
Seat 5: eefe3313 collected ($0.25)
Seat 6: Hero (button) folded before Flop (didn't bet)


Poker Hand #HD1780633167: Hold'em No Limit ($0.05/$0.1) - 2024/05/20 17:10:57
Table 'NLHRed27' 6-max Seat #5 is the button
Seat 3: 2ef9625e ($13.92 in chips)
Seat 4: c3885f7a ($9.05 in chips)
Seat 5: eefe3313 ($3.74 in chips)
Seat 6: Hero ($10.59 in chips)
Hero: posts small blind $0.05
2ef9625e: posts big blind $0.1
*** HOLE CARDS ***
Dealt to 2ef9625e 
Dealt to c3885f7a 
Dealt to eefe3313 
Dealt to Hero [8d 4c]
c3885f7a: folds
eefe3313: folds
Hero: folds
Uncalled bet ($0.05) returned to 2ef9625e
*** SHOWDOWN ***
2ef9625e collected $0.1 from pot
*** SUMMARY ***
Total pot $0.1 | Rake $0 | Jackpot $0 | Bingo $0 | Fortune $0 | Tax $0
Seat 3: 2ef9625e (big blind) collected ($0.1)
Seat 4: c3885f7a folded before Flop (didn't bet)
Seat 5: eefe3313 (button) folded before Flop (didn't bet)
Seat 6: Hero (small blind) folded before Flop


Poker Hand #HD1780633012: Hold'em No Limit ($0.05/$0.1) - 2024/05/20 17:09:43
Table 'NLHRed27' 6-max Seat #4 is the button
Seat 2: 54cffc7c ($16.6 in chips)
Seat 3: 2ef9625e ($13.92 in chips)
Seat 4: c3885f7a ($8.82 in chips)
Seat 5: eefe3313 ($3.79 in chips)
Seat 6: Hero ($10.79 in chips)
eefe3313: posts small blind $0.05
Hero: posts big blind $0.1
*** HOLE CARDS ***
Dealt to 54cffc7c 
Dealt to 2ef9625e 
Dealt to c3885f7a 
Dealt to eefe3313 
Dealt to Hero [Qc 9h]
54cffc7c: folds
2ef9625e: folds
c3885f7a: raises $0.1 to $0.2
eefe3313: folds
Hero: calls $0.1
*** FLOP *** [6c Qd 5d]
Hero: checks
c3885f7a: bets $0.45
Hero: folds
Uncalled bet ($0.45) returned to c3885f7a
*** SHOWDOWN ***
c3885f7a collected $0.43 from pot
*** SUMMARY ***
Total pot $0.45 | Rake $0.02 | Jackpot $0 | Bingo $0 | Fortune $0 | Tax $0
Board [6c Qd 5d]
Seat 2: 54cffc7c folded before Flop (didn't bet)
Seat 3: 2ef9625e folded before Flop (didn't bet)
Seat 4: c3885f7a (button) won ($0.43)
Seat 5: eefe3313 (small blind) folded before Flop
Seat 6: Hero (big blind) folded on the Flop


Poker Hand #HD1780632918: Hold'em No Limit ($0.05/$0.1) - 2024/05/20 17:09:02
Table 'NLHRed27' 6-max Seat #3 is the button
Seat 2: 54cffc7c ($16.6 in chips)
Seat 3: 2ef9625e ($12.83 in chips)
Seat 4: c3885f7a ($9.92 in chips)
Seat 5: eefe3313 ($3.89 in chips)
Seat 6: Hero ($10.79 in chips)
c3885f7a: posts small blind $0.05
eefe3313: posts big blind $0.1
*** HOLE CARDS ***
Dealt to 54cffc7c 
Dealt to 2ef9625e 
Dealt to c3885f7a 
Dealt to eefe3313 
Dealt to Hero [4c 7h]
Hero: folds
54cffc7c: folds
2ef9625e: raises $0.15 to $0.25
c3885f7a: raises $0.85 to $1.1
eefe3313: folds
2ef9625e: raises $1.95 to $3.05
c3885f7a: folds
Uncalled bet ($1.95) returned to 2ef9625e
*** SHOWDOWN ***
2ef9625e collected $2.19 from pot
*** SUMMARY ***
Total pot $2.3 | Rake $0.11 | Jackpot $0 | Bingo $0 | Fortune $0 | Tax $0
Seat 2: 54cffc7c folded before Flop (didn't bet)
Seat 3: 2ef9625e (button) collected ($2.19)
Seat 4: c3885f7a (small blind) folded before Flop
Seat 5: eefe3313 (big blind) folded before Flop
Seat 6: Hero folded before Flop (didn't bet)


Poker Hand #HD1780632775: Hold'em No Limit ($0.05/$0.1) - 2024/05/20 17:07:58
Table 'NLHRed27' 6-max Seat #2 is the button
Seat 2: 54cffc7c ($16.6 in chips)
Seat 3: 2ef9625e ($12.93 in chips)
Seat 4: c3885f7a ($9.73 in chips)
Seat 5: eefe3313 ($3.99 in chips)
Seat 6: Hero ($10.79 in chips)
2ef9625e: posts small blind $0.05
c3885f7a: posts big blind $0.1
*** HOLE CARDS ***
Dealt to 54cffc7c 
Dealt to 2ef9625e 
Dealt to c3885f7a 
Dealt to eefe3313 
Dealt to Hero [3d 4s]
eefe3313: calls $0.1
Hero: folds
54cffc7c: folds
2ef9625e: calls $0.05
c3885f7a: checks
*** FLOP *** [Td 6d As]
2ef9625e: checks
c3885f7a: bets $0.3
eefe3313: folds
2ef9625e: folds
Uncalled bet ($0.3) returned to c3885f7a
*** SHOWDOWN ***
c3885f7a collected $0.29 from pot
*** SUMMARY ***
Total pot $0.3 | Rake $0.01 | Jackpot $0 | Bingo $0 | Fortune $0 | Tax $0
Board [Td 6d As]
Seat 2: 54cffc7c (button) folded before Flop (didn't bet)
Seat 3: 2ef9625e (small blind) folded on the Flop
Seat 4: c3885f7a (big blind) won ($0.29)
Seat 5: eefe3313 folded on the Flop
Seat 6: Hero folded before Flop (didn't bet)


Poker Hand #HD1780632636: Hold'em No Limit ($0.05/$0.1) - 2024/05/20 17:06:49
Table 'NLHRed27' 6-max Seat #6 is the button
Seat 1: e5ef315a ($7.15 in chips)
Seat 2: 54cffc7c ($10.25 in chips)
Seat 3: 2ef9625e ($12.93 in chips)
Seat 4: c3885f7a ($9.73 in chips)
Seat 5: eefe3313 ($3.99 in chips)
Seat 6: Hero ($10.79 in chips)
e5ef315a: posts small blind $0.05
54cffc7c: posts big blind $0.1
*** HOLE CARDS ***
Dealt to e5ef315a 
Dealt to 54cffc7c 
Dealt to 2ef9625e 
Dealt to c3885f7a 
Dealt to eefe3313 
Dealt to Hero [3h 7s]
2ef9625e: folds
c3885f7a: folds
eefe3313: folds
Hero: folds
e5ef315a: calls $0.05
54cffc7c: checks
*** FLOP *** [Qs 5d 8s]
e5ef315a: bets $0.15
54cffc7c: raises $0.38 to $0.53
e5ef315a: calls $0.38
*** TURN *** [Qs 5d 8s] [Ah]
e5ef315a: bets $0.5
54cffc7c: raises $9.12 to $9.62 and is all-in
e5ef315a: calls $6.02 and is all-in
Uncalled bet ($3.1) returned to 54cffc7c
54cffc7c: shows [8c 5s] (Pair of Eights and Pair of Fives)
e5ef315a: shows [As Ks] (Pair of Aces)
*** FIRST RIVER *** [Qs 5d 8s Ah] [Td]
*** SECOND RIVER *** [Qs 5d 8s Ah] [6c]
*** FIRST SHOWDOWN ***
54cffc7c collected $6.75 from pot
*** SECOND SHOWDOWN ***
54cffc7c collected $6.75 from pot
*** SUMMARY ***
Total pot $14.3 | Rake $0.7 | Jackpot $0.1 | Bingo $0 | Fortune $0 | Tax $0
Hand was run two times
FIRST Board [Qs 5d 8s Ah Td]
SECOND Board [6c]
Seat 1: e5ef315a (small blind) showed [As Ks] and lost with Pair of Aces, and lost
Seat 2: 54cffc7c (big blind) showed [8c 5s] and won ($6.75) with Pair of Eights and Pair of Fives, and won ($6.75)
Seat 3: 2ef9625e folded before Flop (didn't bet)
Seat 4: c3885f7a folded before Flop (didn't bet)
Seat 5: eefe3313 folded before Flop (didn't bet)
Seat 6: Hero (button) folded before Flop (didn't bet)


Poker Hand #HD1780632584: Hold'em No Limit ($0.05/$0.1) - 2024/05/20 17:06:23
Table 'NLHRed27' 6-max Seat #5 is the button
Seat 1: e5ef315a ($7.25 in chips)
Seat 2: 54cffc7c ($10.25 in chips)
Seat 3: 2ef9625e ($12.93 in chips)
Seat 4: c3885f7a ($9.73 in chips)
Seat 5: eefe3313 ($3.99 in chips)
Seat 6: Hero ($10.69 in chips)
Hero: posts small blind $0.05
e5ef315a: posts big blind $0.1
*** HOLE CARDS ***
Dealt to e5ef315a 
Dealt to 54cffc7c 
Dealt to 2ef9625e 
Dealt to c3885f7a 
Dealt to eefe3313 
Dealt to Hero [Tc As]
54cffc7c: folds
2ef9625e: folds
c3885f7a: folds
eefe3313: folds
Hero: raises $0.2 to $0.3
e5ef315a: folds
Uncalled bet ($0.2) returned to Hero
*** SHOWDOWN ***
Hero collected $0.2 from pot
*** SUMMARY ***
Total pot $0.2 | Rake $0 | Jackpot $0 | Bingo $0 | Fortune $0 | Tax $0
Seat 1: e5ef315a (big blind) folded before Flop
Seat 2: 54cffc7c folded before Flop (didn't bet)
Seat 3: 2ef9625e folded before Flop (didn't bet)
Seat 4: c3885f7a folded before Flop (didn't bet)
Seat 5: eefe3313 (button) folded before Flop (didn't bet)
Seat 6: Hero (small blind) collected ($0.2)


Poker Hand #HD1780632384: Hold'em No Limit ($0.05/$0.1) - 2024/05/20 17:04:50
Table 'NLHRed27' 6-max Seat #4 is the button
Seat 1: e5ef315a ($7.25 in chips)
Seat 2: 54cffc7c ($10.5 in chips)
Seat 3: 2ef9625e ($12.93 in chips)
Seat 4: c3885f7a ($9.73 in chips)
Seat 5: eefe3313 ($4.49 in chips)
Seat 6: Hero ($10 in chips)
eefe3313: posts small blind $0.05
Hero: posts big blind $0.1
*** HOLE CARDS ***
Dealt to e5ef315a 
Dealt to 54cffc7c 
Dealt to 2ef9625e 
Dealt to c3885f7a 
Dealt to eefe3313 
Dealt to Hero [6c 7c]
e5ef315a: folds
54cffc7c: raises $0.15 to $0.25
2ef9625e: folds
c3885f7a: folds
eefe3313: calls $0.2
Hero: calls $0.15
*** FLOP *** [4d 3s Js]
eefe3313: checks
Hero: bets $0.25
54cffc7c: folds
eefe3313: calls $0.25
*** TURN *** [4d 3s Js] [Kc]
eefe3313: checks
Hero: checks
*** RIVER *** [4d 3s Js Kc] [3d]
eefe3313: checks
Hero: checks
eefe3313: shows [5d 6d] (Pair of Treys)
Hero: shows [6c 7c] (Pair of Treys)
*** SHOWDOWN ***
Hero collected $1.19 from pot
*** SUMMARY ***
Total pot $1.25 | Rake $0.06 | Jackpot $0 | Bingo $0 | Fortune $0 | Tax $0
Board [4d 3s Js Kc 3d]
Seat 1: e5ef315a folded before Flop (didn't bet)
Seat 2: 54cffc7c folded on the Flop
Seat 3: 2ef9625e folded before Flop (didn't bet)
Seat 4: c3885f7a (button) folded before Flop (didn't bet)
Seat 5: eefe3313 (small blind) showed [5d 6d] and lost with Pair of Treys
Seat 6: Hero (big blind) showed [6c 7c] and won ($1.19) with Pair of Treys


Poker Hand #HD1780632279: Hold'em No Limit ($0.05/$0.1) - 2024/05/20 17:04:01
Table 'NLHRed27' 6-max Seat #3 is the button
Seat 1: e5ef315a ($7.35 in chips)
Seat 2: 54cffc7c ($10.5 in chips)
Seat 3: 2ef9625e ($12.51 in chips)
Seat 4: c3885f7a ($9.78 in chips)
Seat 5: eefe3313 ($4.79 in chips)
Seat 6: Hero ($10 in chips)
c3885f7a: posts small blind $0.05
eefe3313: posts big blind $0.1
*** HOLE CARDS ***
Dealt to e5ef315a 
Dealt to 54cffc7c 
Dealt to 2ef9625e 
Dealt to c3885f7a 
Dealt to eefe3313 
Dealt to Hero [5s 5h]
Hero: folds
e5ef315a: calls $0.1
54cffc7c: folds
2ef9625e: raises $0.2 to $0.3
c3885f7a: folds
eefe3313: calls $0.2
e5ef315a: folds
*** FLOP *** [6h Ac 7c]
eefe3313: checks
2ef9625e: bets $0.25
eefe3313: folds
Uncalled bet ($0.25) returned to 2ef9625e
2ef9625e: shows [As]
*** SHOWDOWN ***
2ef9625e collected $0.72 from pot
*** SUMMARY ***
Total pot $0.75 | Rake $0.03 | Jackpot $0 | Bingo $0 | Fortune $0 | Tax $0
Board [6h Ac 7c]
Seat 1: e5ef315a folded before Flop
Seat 2: 54cffc7c folded before Flop (didn't bet)
Seat 3: 2ef9625e (button) showed [As] and won ($0.72)
Seat 4: c3885f7a (small blind) folded before Flop
Seat 5: eefe3313 (big blind) folded on the Flop
Seat 6: Hero folded before Flop (didn't bet)


Poker Hand #HD1780632219: Hold'em No Limit ($0.05/$0.1) - 2024/05/20 17:03:36
Table 'NLHRed27' 6-max Seat #2 is the button
Seat 1: e5ef315a ($7.35 in chips)
Seat 2: 54cffc7c ($10.5 in chips)
Seat 3: 2ef9625e ($12.41 in chips)
Seat 4: c3885f7a ($9.88 in chips)
Seat 5: eefe3313 ($4.79 in chips)
Seat 6: Hero ($10 in chips)
2ef9625e: posts small blind $0.05
c3885f7a: posts big blind $0.1
*** HOLE CARDS ***
Dealt to e5ef315a 
Dealt to 54cffc7c 
Dealt to 2ef9625e 
Dealt to c3885f7a 
Dealt to eefe3313 
Dealt to Hero [3s 9h]
eefe3313: folds
Hero: folds
e5ef315a: folds
54cffc7c: folds
2ef9625e: raises $0.15 to $0.25
c3885f7a: folds
Uncalled bet ($0.15) returned to 2ef9625e
*** SHOWDOWN ***
2ef9625e collected $0.2 from pot
*** SUMMARY ***
Total pot $0.2 | Rake $0 | Jackpot $0 | Bingo $0 | Fortune $0 | Tax $0
Seat 1: e5ef315a folded before Flop (didn't bet)
Seat 2: 54cffc7c (button) folded before Flop (didn't bet)
Seat 3: 2ef9625e (small blind) collected ($0.2)
Seat 4: c3885f7a (big blind) folded before Flop
Seat 5: eefe3313 folded before Flop (didn't bet)
Seat 6: Hero folded before Flop (didn't bet)


Poker Hand #HD1780632181: Hold'em No Limit ($0.05/$0.1) - 2024/05/20 17:03:16
Table 'NLHRed27' 6-max Seat #1 is the button
Seat 1: e5ef315a ($7.35 in chips)
Seat 2: 54cffc7c ($10.55 in chips)
Seat 3: 2ef9625e ($12.36 in chips)
Seat 4: c3885f7a ($9.88 in chips)
Seat 5: eefe3313 ($4.79 in chips)
Seat 6: Hero ($10 in chips)
54cffc7c: posts small blind $0.05
2ef9625e: posts big blind $0.1
*** HOLE CARDS ***
Dealt to e5ef315a 
Dealt to 54cffc7c 
Dealt to 2ef9625e 
Dealt to c3885f7a 
Dealt to eefe3313 
Dealt to Hero [6d Qc]
c3885f7a: folds
eefe3313: folds
Hero: folds
e5ef315a: folds
54cffc7c: folds
Uncalled bet ($0.05) returned to 2ef9625e
*** SHOWDOWN ***
2ef9625e collected $0.1 from pot
*** SUMMARY ***
Total pot $0.1 | Rake $0 | Jackpot $0 | Bingo $0 | Fortune $0 | Tax $0
Seat 1: e5ef315a (button) folded before Flop (didn't bet)
Seat 2: 54cffc7c (small blind) folded before Flop
Seat 3: 2ef9625e (big blind) collected ($0.1)
Seat 4: c3885f7a folded before Flop (didn't bet)
Seat 5: eefe3313 folded before Flop (didn't bet)
Seat 6: Hero folded before Flop (didn't bet)


Poker Hand #HD1780632152: Hold'em No Limit ($0.05/$0.1) - 2024/05/20 17:03:00
Table 'NLHRed27' 6-max Seat #6 is the button
Seat 1: e5ef315a ($7.4 in chips)
Seat 2: 54cffc7c ($10.65 in chips)
Seat 3: 2ef9625e ($12.36 in chips)
Seat 4: c3885f7a ($9.73 in chips)
Seat 5: eefe3313 ($4.79 in chips)
Seat 6: Hero ($10 in chips)
e5ef315a: posts small blind $0.05
54cffc7c: posts big blind $0.1
*** HOLE CARDS ***
Dealt to e5ef315a 
Dealt to 54cffc7c 
Dealt to 2ef9625e 
Dealt to c3885f7a 
Dealt to eefe3313 
Dealt to Hero [Qd 5c]
2ef9625e: folds
c3885f7a: raises $0.12 to $0.22
eefe3313: folds
Hero: folds
e5ef315a: folds
54cffc7c: folds
Uncalled bet ($0.12) returned to c3885f7a
*** SHOWDOWN ***
c3885f7a collected $0.25 from pot
*** SUMMARY ***
Total pot $0.25 | Rake $0 | Jackpot $0 | Bingo $0 | Fortune $0 | Tax $0
Seat 1: e5ef315a (small blind) folded before Flop
Seat 2: 54cffc7c (big blind) folded before Flop
Seat 3: 2ef9625e folded before Flop (didn't bet)
Seat 4: c3885f7a collected ($0.25)
Seat 5: eefe3313 folded before Flop (didn't bet)
Seat 6: Hero (button) folded before Flop (didn't bet)


Poker Hand #HD1780632101: Hold'em No Limit ($0.05/$0.1) - 2024/05/20 17:02:39
Table 'NLHRed27' 6-max Seat #5 is the button
Seat 1: e5ef315a ($7.5 in chips)
Seat 2: 54cffc7c ($10.65 in chips)
Seat 3: 2ef9625e ($12.36 in chips)
Seat 4: c3885f7a ($9.58 in chips)
Seat 5: eefe3313 ($4.79 in chips)
Seat 6: Hero ($10.05 in chips)
Hero: posts small blind $0.05
e5ef315a: posts big blind $0.1
*** HOLE CARDS ***
Dealt to e5ef315a 
Dealt to 54cffc7c 
Dealt to 2ef9625e 
Dealt to c3885f7a 
Dealt to eefe3313 
Dealt to Hero [4h 4d]
54cffc7c: folds
2ef9625e: folds
c3885f7a: raises $0.12 to $0.22
eefe3313: folds
Hero: folds
e5ef315a: folds
Uncalled bet ($0.12) returned to c3885f7a
*** SHOWDOWN ***
c3885f7a collected $0.25 from pot
*** SUMMARY ***
Total pot $0.25 | Rake $0 | Jackpot $0 | Bingo $0 | Fortune $0 | Tax $0
Seat 1: e5ef315a (big blind) folded before Flop
Seat 2: 54cffc7c folded before Flop (didn't bet)
Seat 3: 2ef9625e folded before Flop (didn't bet)
Seat 4: c3885f7a collected ($0.25)
Seat 5: eefe3313 (button) folded before Flop (didn't bet)
Seat 6: Hero (small blind) folded before Flop


Poker Hand #HD1780632054: Hold'em No Limit ($0.05/$0.1) - 2024/05/20 17:02:18
Table 'NLHRed27' 6-max Seat #4 is the button
Seat 1: e5ef315a ($7.5 in chips)
Seat 2: 54cffc7c ($10.65 in chips)
Seat 3: 2ef9625e ($12.36 in chips)
Seat 4: c3885f7a ($9.58 in chips)
Seat 5: eefe3313 ($4.84 in chips)
Seat 6: Hero ($10 in chips)
eefe3313: posts small blind $0.05
Hero: posts big blind $0.1
*** HOLE CARDS ***
Dealt to e5ef315a 
Dealt to 54cffc7c 
Dealt to 2ef9625e 
Dealt to c3885f7a 
Dealt to eefe3313 
Dealt to Hero [3h 7h]
e5ef315a: folds
54cffc7c: folds
2ef9625e: folds
c3885f7a: folds
eefe3313: folds
Uncalled bet ($0.05) returned to Hero
*** SHOWDOWN ***
Hero collected $0.1 from pot
*** SUMMARY ***
Total pot $0.1 | Rake $0 | Jackpot $0 | Bingo $0 | Fortune $0 | Tax $0
Seat 1: e5ef315a folded before Flop (didn't bet)
Seat 2: 54cffc7c folded before Flop (didn't bet)
Seat 3: 2ef9625e folded before Flop (didn't bet)
Seat 4: c3885f7a (button) folded before Flop (didn't bet)
Seat 5: eefe3313 (small blind) folded before Flop
Seat 6: Hero (big blind) collected ($0.1)


Poker Hand #HD1780631970: Hold'em No Limit ($0.05/$0.1) - 2024/05/20 17:01:36
Table 'NLHRed27' 6-max Seat #3 is the button
Seat 1: e5ef315a ($6.61 in chips)
Seat 2: 54cffc7c ($10.65 in chips)
Seat 3: 2ef9625e ($12.36 in chips)
Seat 4: c3885f7a ($10.48 in chips)
Seat 5: eefe3313 ($4.94 in chips)
Seat 6: Hero ($10 in chips)
c3885f7a: posts small blind $0.05
eefe3313: posts big blind $0.1
*** HOLE CARDS ***
Dealt to e5ef315a 
Dealt to 54cffc7c 
Dealt to 2ef9625e 
Dealt to c3885f7a 
Dealt to eefe3313 
Dealt to Hero [4h Jh]
Hero: folds
e5ef315a: raises $0.1 to $0.2
54cffc7c: folds
2ef9625e: folds
c3885f7a: raises $0.7 to $0.9
eefe3313: folds
e5ef315a: raises $1.9 to $2.8
c3885f7a: folds
Uncalled bet ($1.9) returned to e5ef315a
*** SHOWDOWN ***
e5ef315a collected $1.79 from pot
*** SUMMARY ***
Total pot $1.9 | Rake $0.11 | Jackpot $0 | Bingo $0 | Fortune $0 | Tax $0
Seat 1: e5ef315a collected ($1.79)
Seat 2: 54cffc7c folded before Flop (didn't bet)
Seat 3: 2ef9625e (button) folded before Flop (didn't bet)
Seat 4: c3885f7a (small blind) folded before Flop
Seat 5: eefe3313 (big blind) folded before Flop
Seat 6: Hero folded before Flop (didn't bet)


Poker Hand #HD1780631919: Hold'em No Limit ($0.05/$0.1) - 2024/05/20 17:01:12
Table 'NLHRed27' 6-max Seat #2 is the button
Seat 1: e5ef315a ($6.61 in chips)
Seat 2: 54cffc7c ($10.5 in chips)
Seat 3: 2ef9625e ($12.41 in chips)
Seat 4: c3885f7a ($10.58 in chips)
Seat 5: eefe3313 ($4.94 in chips)
Seat 6: Hero ($10 in chips)
2ef9625e: posts small blind $0.05
c3885f7a: posts big blind $0.1
*** HOLE CARDS ***
Dealt to e5ef315a 
Dealt to 54cffc7c 
Dealt to 2ef9625e 
Dealt to c3885f7a 
Dealt to eefe3313 
Dealt to Hero [4s Tc]
eefe3313: folds
Hero: folds
e5ef315a: folds
54cffc7c: raises $0.15 to $0.25
2ef9625e: folds
c3885f7a: folds
Uncalled bet ($0.15) returned to 54cffc7c
*** SHOWDOWN ***
54cffc7c collected $0.25 from pot
*** SUMMARY ***
Total pot $0.25 | Rake $0 | Jackpot $0 | Bingo $0 | Fortune $0 | Tax $0
Seat 1: e5ef315a folded before Flop (didn't bet)
Seat 2: 54cffc7c (button) collected ($0.25)
Seat 3: 2ef9625e (small blind) folded before Flop
Seat 4: c3885f7a (big blind) folded before Flop
Seat 5: eefe3313 folded before Flop (didn't bet)
Seat 6: Hero folded before Flop (didn't bet)


Poker Hand #HD1780631812: Hold'em No Limit ($0.05/$0.1) - 2024/05/20 17:00:25
Table 'NLHRed27' 6-max Seat #1 is the button
Seat 1: e5ef315a ($6.61 in chips)
Seat 2: 54cffc7c ($10.55 in chips)
Seat 3: 2ef9625e ($12.27 in chips)
Seat 4: c3885f7a ($10.58 in chips)
Seat 5: eefe3313 ($5.04 in chips)
Seat 6: Hero ($10 in chips)
54cffc7c: posts small blind $0.05
2ef9625e: posts big blind $0.1
*** HOLE CARDS ***
Dealt to e5ef315a 
Dealt to 54cffc7c 
Dealt to 2ef9625e 
Dealt to c3885f7a 
Dealt to eefe3313 
Dealt to Hero [8d Ah]
c3885f7a: folds
eefe3313: calls $0.1
Hero: folds
e5ef315a: folds
54cffc7c: folds
2ef9625e: checks
*** FLOP *** [Ad Kd 2s]
2ef9625e: checks
eefe3313: checks
*** TURN *** [Ad Kd 2s] [9c]
2ef9625e: checks
eefe3313: checks
*** RIVER *** [Ad Kd 2s 9c] [6c]
2ef9625e: bets $0.1
eefe3313: folds
Uncalled bet ($0.1) returned to 2ef9625e
*** SHOWDOWN ***
2ef9625e collected $0.24 from pot
*** SUMMARY ***
Total pot $0.25 | Rake $0.01 | Jackpot $0 | Bingo $0 | Fortune $0 | Tax $0
Board [Ad Kd 2s 9c 6c]
Seat 1: e5ef315a (button) folded before Flop (didn't bet)
Seat 2: 54cffc7c (small blind) folded before Flop
Seat 3: 2ef9625e (big blind) won ($0.24)
Seat 4: c3885f7a folded before Flop (didn't bet)
Seat 5: eefe3313 folded on the River
Seat 6: Hero folded before Flop (didn't bet)


Poker Hand #HD1780631748: Hold'em No Limit ($0.05/$0.1) - 2024/05/20 16:59:45
Table 'NLHRed27' 6-max Seat #6 is the button
Seat 1: e5ef315a ($6.3 in chips)
Seat 2: 54cffc7c ($10.65 in chips)
Seat 3: 2ef9625e ($12.27 in chips)
Seat 4: c3885f7a ($10.58 in chips)
Seat 5: eefe3313 ($5.04 in chips)
Seat 6: Hero ($10 in chips)
e5ef315a: posts small blind $0.05
54cffc7c: posts big blind $0.1
*** HOLE CARDS ***
Dealt to e5ef315a 
Dealt to 54cffc7c 
Dealt to 2ef9625e 
Dealt to c3885f7a 
Dealt to eefe3313 
Dealt to Hero [7c Tc]
2ef9625e: folds
c3885f7a: folds
eefe3313: folds
Hero: raises $0.14 to $0.24
e5ef315a: calls $0.19
54cffc7c: folds
*** FLOP *** [2s 2d Ks]
e5ef315a: bets $0.15
Hero: folds
Uncalled bet ($0.15) returned to e5ef315a
*** SHOWDOWN ***
e5ef315a collected $0.55 from pot
*** SUMMARY ***
Total pot $0.58 | Rake $0.03 | Jackpot $0 | Bingo $0 | Fortune $0 | Tax $0
Board [2s 2d Ks]
Seat 1: e5ef315a (small blind) won ($0.55)
Seat 2: 54cffc7c (big blind) folded before Flop
Seat 3: 2ef9625e folded before Flop (didn't bet)
Seat 4: c3885f7a folded before Flop (didn't bet)
Seat 5: eefe3313 folded before Flop (didn't bet)
Seat 6: Hero (button) folded on the Flop


Poker Hand #HD1780631700: Hold'em No Limit ($0.05/$0.1) - 2024/05/20 16:59:23
Table 'NLHRed27' 6-max Seat #5 is the button
Seat 1: e5ef315a ($6.4 in chips)
Seat 2: 54cffc7c ($10.5 in chips)
Seat 3: 2ef9625e ($12.27 in chips)
Seat 4: c3885f7a ($10.58 in chips)
Seat 5: eefe3313 ($5.04 in chips)
Seat 6: Hero ($10 in chips)
Hero: posts small blind $0.05
e5ef315a: posts big blind $0.1
*** HOLE CARDS ***
Dealt to e5ef315a 
Dealt to 54cffc7c 
Dealt to 2ef9625e 
Dealt to c3885f7a 
Dealt to eefe3313 
Dealt to Hero [7c Qs]
54cffc7c: raises $0.15 to $0.25
2ef9625e: folds
c3885f7a: folds
eefe3313: folds
Hero: folds
e5ef315a: folds
Uncalled bet ($0.15) returned to 54cffc7c
*** SHOWDOWN ***
54cffc7c collected $0.25 from pot
*** SUMMARY ***
Total pot $0.25 | Rake $0 | Jackpot $0 | Bingo $0 | Fortune $0 | Tax $0
Seat 1: e5ef315a (big blind) folded before Flop
Seat 2: 54cffc7c collected ($0.25)
Seat 3: 2ef9625e folded before Flop (didn't bet)
Seat 4: c3885f7a folded before Flop (didn't bet)
Seat 5: eefe3313 (button) folded before Flop (didn't bet)
Seat 6: Hero (small blind) folded before Flop


Poker Hand #HD1780631623: Hold'em No Limit ($0.05/$0.1) - 2024/05/20 16:58:51
Table 'NLHRed27' 6-max Seat #4 is the button
Seat 1: e5ef315a ($6.4 in chips)
Seat 2: 54cffc7c ($10.5 in chips)
Seat 3: 2ef9625e ($12.12 in chips)
Seat 4: c3885f7a ($10.58 in chips)
Seat 5: eefe3313 ($5.09 in chips)
Seat 6: Hero ($10 in chips)
eefe3313: posts small blind $0.05
Hero: posts big blind $0.1
*** HOLE CARDS ***
Dealt to e5ef315a 
Dealt to 54cffc7c 
Dealt to 2ef9625e 
Dealt to c3885f7a 
Dealt to eefe3313 
Dealt to Hero [5s 5d]
e5ef315a: folds
54cffc7c: folds
2ef9625e: raises $0.15 to $0.25
c3885f7a: folds
eefe3313: folds
Hero: folds
Uncalled bet ($0.15) returned to 2ef9625e
*** SHOWDOWN ***
2ef9625e collected $0.25 from pot
*** SUMMARY ***
Total pot $0.25 | Rake $0 | Jackpot $0 | Bingo $0 | Fortune $0 | Tax $0
Seat 1: e5ef315a folded before Flop (didn't bet)
Seat 2: 54cffc7c folded before Flop (didn't bet)
Seat 3: 2ef9625e collected ($0.25)
Seat 4: c3885f7a (button) folded before Flop (didn't bet)
Seat 5: eefe3313 (small blind) folded before Flop
Seat 6: Hero (big blind) folded before Flop


Poker Hand #HD1780631578: Hold'em No Limit ($0.05/$0.1) - 2024/05/20 16:58:32
Table 'NLHRed27' 6-max Seat #3 is the button
Seat 1: e5ef315a ($6.4 in chips)
Seat 2: 54cffc7c ($10.5 in chips)
Seat 3: 2ef9625e ($11.97 in chips)
Seat 4: c3885f7a ($10.63 in chips)
Seat 5: eefe3313 ($5.19 in chips)
Seat 6: Hero ($10 in chips)
c3885f7a: posts small blind $0.05
eefe3313: posts big blind $0.1
*** HOLE CARDS ***
Dealt to e5ef315a 
Dealt to 54cffc7c 
Dealt to 2ef9625e 
Dealt to c3885f7a 
Dealt to eefe3313 
Dealt to Hero [8c 2s]
Hero: folds
e5ef315a: folds
54cffc7c: folds
2ef9625e: raises $0.1 to $0.2
c3885f7a: folds
eefe3313: folds
Uncalled bet ($0.1) returned to 2ef9625e
*** SHOWDOWN ***
2ef9625e collected $0.25 from pot
*** SUMMARY ***
Total pot $0.25 | Rake $0 | Jackpot $0 | Bingo $0 | Fortune $0 | Tax $0
Seat 1: e5ef315a folded before Flop (didn't bet)
Seat 2: 54cffc7c folded before Flop (didn't bet)
Seat 3: 2ef9625e (button) collected ($0.25)
Seat 4: c3885f7a (small blind) folded before Flop
Seat 5: eefe3313 (big blind) folded before Flop
Seat 6: Hero folded before Flop (didn't bet)


Poker Hand #HD1780631464: Hold'em No Limit ($0.05/$0.1) - 2024/05/20 16:57:42
Table 'NLHRed27' 6-max Seat #2 is the button
Seat 1: e5ef315a ($6.4 in chips)
Seat 2: 54cffc7c ($10 in chips)
Seat 3: 2ef9625e ($12.42 in chips)
Seat 4: c3885f7a ($10.73 in chips)
Seat 5: eefe3313 ($5.19 in chips)
Seat 6: Hero ($10 in chips)
2ef9625e: posts small blind $0.05
c3885f7a: posts big blind $0.1
*** HOLE CARDS ***
Dealt to e5ef315a 
Dealt to 54cffc7c 
Dealt to 2ef9625e 
Dealt to c3885f7a 
Dealt to eefe3313 
Dealt to Hero [5h 9c]
eefe3313: folds
Hero: folds
e5ef315a: folds
54cffc7c: raises $0.15 to $0.25
2ef9625e: calls $0.2
c3885f7a: folds
*** FLOP *** [Ks Qd 3d]
2ef9625e: checks
54cffc7c: bets $0.2
2ef9625e: calls $0.2
*** TURN *** [Ks Qd 3d] [Qc]
2ef9625e: checks
54cffc7c: bets $0.75
2ef9625e: folds
Uncalled bet ($0.75) returned to 54cffc7c
*** SHOWDOWN ***
54cffc7c collected $0.95 from pot
*** SUMMARY ***
Total pot $1 | Rake $0.05 | Jackpot $0 | Bingo $0 | Fortune $0 | Tax $0
Board [Ks Qd 3d Qc]
Seat 1: e5ef315a folded before Flop (didn't bet)
Seat 2: 54cffc7c (button) won ($0.95)
Seat 3: 2ef9625e (small blind) folded on the Turn
Seat 4: c3885f7a (big blind) folded before Flop
Seat 5: eefe3313 folded before Flop (didn't bet)
Seat 6: Hero folded before Flop (didn't bet)


Poker Hand #HD1780631436: Hold'em No Limit ($0.05/$0.1) - 2024/05/20 16:57:28
Table 'NLHRed27' 6-max Seat #1 is the button
Seat 1: e5ef315a ($6.4 in chips)
Seat 2: 54cffc7c ($10 in chips)
Seat 3: 2ef9625e ($12.37 in chips)
Seat 4: c3885f7a ($10.73 in chips)
Seat 5: eefe3313 ($5.19 in chips)
Seat 6: Hero ($10 in chips)
54cffc7c: posts small blind $0.05
2ef9625e: posts big blind $0.1
*** HOLE CARDS ***
Dealt to e5ef315a 
Dealt to 54cffc7c 
Dealt to 2ef9625e 
Dealt to c3885f7a 
Dealt to eefe3313 
Dealt to Hero [Ts 8d]
c3885f7a: folds
eefe3313: folds
Hero: folds
e5ef315a: folds
54cffc7c: folds
Uncalled bet ($0.05) returned to 2ef9625e
*** SHOWDOWN ***
2ef9625e collected $0.1 from pot
*** SUMMARY ***
Total pot $0.1 | Rake $0 | Jackpot $0 | Bingo $0 | Fortune $0 | Tax $0
Seat 1: e5ef315a (button) folded before Flop (didn't bet)
Seat 2: 54cffc7c (small blind) folded before Flop
Seat 3: 2ef9625e (big blind) collected ($0.1)
Seat 4: c3885f7a folded before Flop (didn't bet)
Seat 5: eefe3313 folded before Flop (didn't bet)
Seat 6: Hero folded before Flop (didn't bet)


Poker Hand #HD1780631346: Hold'em No Limit ($0.05/$0.1) - 2024/05/20 16:56:47
Table 'NLHRed27' 6-max Seat #6 is the button
Seat 1: e5ef315a ($6.45 in chips)
Seat 2: 54cffc7c ($10 in chips)
Seat 3: 2ef9625e ($12.37 in chips)
Seat 4: c3885f7a ($11.47 in chips)
Seat 5: eefe3313 ($4.39 in chips)
Seat 6: Hero ($10 in chips)
e5ef315a: posts small blind $0.05
54cffc7c: posts big blind $0.1
*** HOLE CARDS ***
Dealt to e5ef315a 
Dealt to 54cffc7c 
Dealt to 2ef9625e 
Dealt to c3885f7a 
Dealt to eefe3313 
Dealt to Hero [7c Qd]
2ef9625e: folds
c3885f7a: raises $0.12 to $0.22
eefe3313: raises $0.12 to $0.34
Hero: folds
e5ef315a: folds
54cffc7c: folds
c3885f7a: calls $0.12
*** FLOP *** [Tc 7s 9s]
c3885f7a: checks
eefe3313: checks
*** TURN *** [Tc 7s 9s] [9h]
c3885f7a: bets $0.4
eefe3313: calls $0.4
*** RIVER *** [Tc 7s 9s 9h] [Jd]
c3885f7a: checks
eefe3313: checks
c3885f7a: shows [Td Ac] (Pair of Tens and Pair of Nines)
eefe3313: shows [Jc Qc] (Pair of Jacks and Pair of Nines)
*** SHOWDOWN ***
eefe3313 collected $1.54 from pot
*** SUMMARY ***
Total pot $1.63 | Rake $0.09 | Jackpot $0 | Bingo $0 | Fortune $0 | Tax $0
Board [Tc 7s 9s 9h Jd]
Seat 1: e5ef315a (small blind) folded before Flop
Seat 2: 54cffc7c (big blind) folded before Flop
Seat 3: 2ef9625e folded before Flop (didn't bet)
Seat 4: c3885f7a showed [Td Ac] and lost with Pair of Tens and Pair of Nines
Seat 5: eefe3313 showed [Jc Qc] and won ($1.54) with Pair of Jacks and Pair of Nines
Seat 6: Hero (button) folded before Flop (didn't bet)


Poker Hand #HD1780631294: Hold'em No Limit ($0.05/$0.1) - 2024/05/20 16:56:22
Table 'NLHRed27' 6-max Seat #5 is the button
Seat 1: e5ef315a ($6.4 in chips)
Seat 2: 54cffc7c ($10 in chips)
Seat 3: 2ef9625e ($12.37 in chips)
Seat 4: c3885f7a ($11.47 in chips)
Seat 5: eefe3313 ($4.39 in chips)
Seat 6: Hero ($10.05 in chips)
Hero: posts small blind $0.05
e5ef315a: posts big blind $0.1
*** HOLE CARDS ***
Dealt to e5ef315a 
Dealt to 54cffc7c 
Dealt to 2ef9625e 
Dealt to c3885f7a 
Dealt to eefe3313 
Dealt to Hero [7c Td]
54cffc7c: folds
2ef9625e: folds
c3885f7a: folds
eefe3313: folds
Hero: folds
Uncalled bet ($0.05) returned to e5ef315a
*** SHOWDOWN ***
e5ef315a collected $0.1 from pot
*** SUMMARY ***
Total pot $0.1 | Rake $0 | Jackpot $0 | Bingo $0 | Fortune $0 | Tax $0
Seat 1: e5ef315a (big blind) collected ($0.1)
Seat 2: 54cffc7c folded before Flop (didn't bet)
Seat 3: 2ef9625e folded before Flop (didn't bet)
Seat 4: c3885f7a folded before Flop (didn't bet)
Seat 5: eefe3313 (button) folded before Flop (didn't bet)
Seat 6: Hero (small blind) folded before Flop


Poker Hand #HD1780631118: Hold'em No Limit ($0.05/$0.1) - 2024/05/20 16:55:03
Table 'NLHRed27' 6-max Seat #4 is the button
Seat 1: e5ef315a ($6.4 in chips)
Seat 2: 54cffc7c ($10.13 in chips)
Seat 3: 2ef9625e ($12.37 in chips)
Seat 4: c3885f7a ($11.47 in chips)
Seat 5: eefe3313 ($3.61 in chips)
Seat 6: Hero ($10.15 in chips)
eefe3313: posts small blind $0.05
Hero: posts big blind $0.1
*** HOLE CARDS ***
Dealt to e5ef315a 
Dealt to 54cffc7c 
Dealt to 2ef9625e 
Dealt to c3885f7a 
Dealt to eefe3313 
Dealt to Hero [5s 9d]
e5ef315a: folds
54cffc7c: raises $0.15 to $0.25
2ef9625e: folds
c3885f7a: folds
eefe3313: calls $0.2
Hero: folds
*** FLOP *** [9c 9s 5h]
eefe3313: checks
54cffc7c: bets $0.2
eefe3313: calls $0.2
*** TURN *** [9c 9s 5h] [4h]
eefe3313: checks
54cffc7c: bets $0.33
eefe3313: calls $0.33
*** RIVER *** [9c 9s 5h 4h] [Jd]
eefe3313: bets $0.83
54cffc7c: folds
Uncalled bet ($0.83) returned to eefe3313
*** SHOWDOWN ***
eefe3313 collected $1.56 from pot
*** SUMMARY ***
Total pot $1.66 | Rake $0.1 | Jackpot $0 | Bingo $0 | Fortune $0 | Tax $0
Board [9c 9s 5h 4h Jd]
Seat 1: e5ef315a folded before Flop (didn't bet)
Seat 2: 54cffc7c folded on the River
Seat 3: 2ef9625e folded before Flop (didn't bet)
Seat 4: c3885f7a (button) folded before Flop (didn't bet)
Seat 5: eefe3313 (small blind) won ($1.56)
Seat 6: Hero (big blind) folded before Flop


Poker Hand #HD1780631079: Hold'em No Limit ($0.05/$0.1) - 2024/05/20 16:54:46
Table 'NLHRed27' 6-max Seat #3 is the button
Seat 1: e5ef315a ($6.4 in chips)
Seat 2: 54cffc7c ($10.13 in chips)
Seat 3: 2ef9625e ($12.37 in chips)
Seat 4: c3885f7a ($11.52 in chips)
Seat 5: eefe3313 ($3.56 in chips)
Seat 6: Hero ($10.15 in chips)
c3885f7a: posts small blind $0.05
eefe3313: posts big blind $0.1
*** HOLE CARDS ***
Dealt to e5ef315a 
Dealt to 54cffc7c 
Dealt to 2ef9625e 
Dealt to c3885f7a 
Dealt to eefe3313 
Dealt to Hero [Td 9h]
Hero: folds
e5ef315a: folds
54cffc7c: folds
2ef9625e: folds
c3885f7a: folds
Uncalled bet ($0.05) returned to eefe3313
*** SHOWDOWN ***
eefe3313 collected $0.1 from pot
*** SUMMARY ***
Total pot $0.1 | Rake $0 | Jackpot $0 | Bingo $0 | Fortune $0 | Tax $0
Seat 1: e5ef315a folded before Flop (didn't bet)
Seat 2: 54cffc7c folded before Flop (didn't bet)
Seat 3: 2ef9625e (button) folded before Flop (didn't bet)
Seat 4: c3885f7a (small blind) folded before Flop
Seat 5: eefe3313 (big blind) collected ($0.1)
Seat 6: Hero folded before Flop (didn't bet)


Poker Hand #HD1780630993: Hold'em No Limit ($0.05/$0.1) - 2024/05/20 16:54:02
Table 'NLHRed27' 6-max Seat #2 is the button
Seat 1: e5ef315a ($6.4 in chips)
Seat 2: 54cffc7c ($10.13 in chips)
Seat 3: 2ef9625e ($12.42 in chips)
Seat 4: c3885f7a ($11.06 in chips)
Seat 5: eefe3313 ($4.01 in chips)
Seat 6: Hero ($10.15 in chips)
2ef9625e: posts small blind $0.05
c3885f7a: posts big blind $0.1
*** HOLE CARDS ***
Dealt to e5ef315a 
Dealt to 54cffc7c 
Dealt to 2ef9625e 
Dealt to c3885f7a 
Dealt to eefe3313 
Dealt to Hero [4c Ts]
eefe3313: calls $0.1
Hero: folds
e5ef315a: folds
54cffc7c: folds
2ef9625e: folds
c3885f7a: raises $0.35 to $0.45
eefe3313: calls $0.35
*** FLOP *** [Jc Jd 9h]
c3885f7a: bets $0.75
eefe3313: folds
Uncalled bet ($0.75) returned to c3885f7a
*** SHOWDOWN ***
c3885f7a collected $0.91 from pot
*** SUMMARY ***
Total pot $0.95 | Rake $0.04 | Jackpot $0 | Bingo $0 | Fortune $0 | Tax $0
Board [Jc Jd 9h]
Seat 1: e5ef315a folded before Flop (didn't bet)
Seat 2: 54cffc7c (button) folded before Flop (didn't bet)
Seat 3: 2ef9625e (small blind) folded before Flop
Seat 4: c3885f7a (big blind) won ($0.91)
Seat 5: eefe3313 folded on the Flop
Seat 6: Hero folded before Flop (didn't bet)


Poker Hand #HD1780630934: Hold'em No Limit ($0.05/$0.1) - 2024/05/20 16:53:39
Table 'NLHRed27' 6-max Seat #1 is the button
Seat 1: e5ef315a ($6.4 in chips)
Seat 2: 54cffc7c ($10.18 in chips)
Seat 3: 2ef9625e ($12.52 in chips)
Seat 4: c3885f7a ($11.06 in chips)
Seat 5: eefe3313 ($4.01 in chips)
Seat 6: Hero ($10 in chips)
54cffc7c: posts small blind $0.05
2ef9625e: posts big blind $0.1
*** HOLE CARDS ***
Dealt to e5ef315a 
Dealt to 54cffc7c 
Dealt to 2ef9625e 
Dealt to c3885f7a 
Dealt to eefe3313 
Dealt to Hero [Ah Qh]
c3885f7a: folds
eefe3313: folds
Hero: raises $0.14 to $0.24
e5ef315a: folds
54cffc7c: folds
2ef9625e: folds
Uncalled bet ($0.14) returned to Hero
*** SHOWDOWN ***
Hero collected $0.25 from pot
*** SUMMARY ***
Total pot $0.25 | Rake $0 | Jackpot $0 | Bingo $0 | Fortune $0 | Tax $0
Seat 1: e5ef315a (button) folded before Flop (didn't bet)
Seat 2: 54cffc7c (small blind) folded before Flop
Seat 3: 2ef9625e (big blind) folded before Flop
Seat 4: c3885f7a folded before Flop (didn't bet)
Seat 5: eefe3313 folded before Flop (didn't bet)
Seat 6: Hero collected ($0.25)


Poker Hand #HD1780630898: Hold'em No Limit ($0.05/$0.1) - 2024/05/20 16:53:23
Table 'NLHRed27' 6-max Seat #6 is the button
Seat 1: e5ef315a ($6.45 in chips)
Seat 2: 54cffc7c ($10.28 in chips)
Seat 4: c3885f7a ($11.06 in chips)
Seat 5: eefe3313 ($3.86 in chips)
Seat 6: Hero ($10 in chips)
e5ef315a: posts small blind $0.05
54cffc7c: posts big blind $0.1
*** HOLE CARDS ***
Dealt to e5ef315a 
Dealt to 54cffc7c 
Dealt to c3885f7a 
Dealt to eefe3313 
Dealt to Hero [6d Jh]
c3885f7a: folds
eefe3313: raises $0.2 to $0.3
Hero: folds
e5ef315a: folds
54cffc7c: folds
Uncalled bet ($0.2) returned to eefe3313
*** SHOWDOWN ***
eefe3313 collected $0.25 from pot
*** SUMMARY ***
Total pot $0.25 | Rake $0 | Jackpot $0 | Bingo $0 | Fortune $0 | Tax $0
Seat 1: e5ef315a (small blind) folded before Flop
Seat 2: 54cffc7c (big blind) folded before Flop
Seat 4: c3885f7a folded before Flop (didn't bet)
Seat 5: eefe3313 collected ($0.25)
Seat 6: Hero (button) folded before Flop (didn't bet)


Poker Hand #HD1780630820: Hold'em No Limit ($0.05/$0.1) - 2024/05/20 16:52:47
Table 'NLHRed27' 6-max Seat #5 is the button
Seat 1: e5ef315a ($6.18 in chips)
Seat 2: 54cffc7c ($10.28 in chips)
Seat 4: c3885f7a ($11.06 in chips)
Seat 5: eefe3313 ($4.11 in chips)
Seat 6: Hero ($10 in chips)
Hero: posts small blind $0.05
e5ef315a: posts big blind $0.1
*** HOLE CARDS ***
Dealt to e5ef315a 
Dealt to 54cffc7c 
Dealt to c3885f7a 
Dealt to eefe3313 
Dealt to Hero [7h Tc]
54cffc7c: folds
c3885f7a: folds
eefe3313: calls $0.1
Hero: folds
e5ef315a: checks
*** FLOP *** [Th Qc 7s]
e5ef315a: bets $0.15
eefe3313: calls $0.15
*** TURN *** [Th Qc 7s] [2c]
e5ef315a: bets $0.2
eefe3313: folds
Uncalled bet ($0.2) returned to e5ef315a
*** SHOWDOWN ***
e5ef315a collected $0.52 from pot
*** SUMMARY ***
Total pot $0.55 | Rake $0.03 | Jackpot $0 | Bingo $0 | Fortune $0 | Tax $0
Board [Th Qc 7s 2c]
Seat 1: e5ef315a (big blind) won ($0.52)
Seat 2: 54cffc7c folded before Flop (didn't bet)
Seat 4: c3885f7a folded before Flop (didn't bet)
Seat 5: eefe3313 (button) folded on the Turn
Seat 6: Hero (small blind) folded before Flop


Poker Hand #HD1780630795: Hold'em No Limit ($0.05/$0.1) - 2024/05/20 16:52:33
Table 'NLHRed27' 6-max Seat #4 is the button
Seat 1: e5ef315a ($6.18 in chips)
Seat 2: 54cffc7c ($10.28 in chips)
Seat 4: c3885f7a ($10.91 in chips)
Seat 5: eefe3313 ($4.16 in chips)
Seat 6: Hero ($10 in chips)
eefe3313: posts small blind $0.05
Hero: posts big blind $0.1
*** HOLE CARDS ***
Dealt to e5ef315a 
Dealt to 54cffc7c 
Dealt to c3885f7a 
Dealt to eefe3313 
Dealt to Hero [5d 4s]
e5ef315a: folds
54cffc7c: folds
c3885f7a: raises $0.2 to $0.3
eefe3313: folds
Hero: folds
Uncalled bet ($0.2) returned to c3885f7a
*** SHOWDOWN ***
c3885f7a collected $0.25 from pot
*** SUMMARY ***
Total pot $0.25 | Rake $0 | Jackpot $0 | Bingo $0 | Fortune $0 | Tax $0
Seat 1: e5ef315a folded before Flop (didn't bet)
Seat 2: 54cffc7c folded before Flop (didn't bet)
Seat 4: c3885f7a (button) collected ($0.25)
Seat 5: eefe3313 (small blind) folded before Flop
Seat 6: Hero (big blind) folded before Flop


Poker Hand #HD1780630721: Hold'em No Limit ($0.05/$0.1) - 2024/05/20 16:51:59
Table 'NLHRed27' 6-max Seat #2 is the button
Seat 1: e5ef315a ($6.18 in chips)
Seat 2: 54cffc7c ($10 in chips)
Seat 4: c3885f7a ($10.96 in chips)
Seat 5: eefe3313 ($4.41 in chips)
Seat 6: Hero ($10 in chips)
c3885f7a: posts small blind $0.05
eefe3313: posts big blind $0.1
*** HOLE CARDS ***
Dealt to e5ef315a 
Dealt to 54cffc7c 
Dealt to c3885f7a 
Dealt to eefe3313 
Dealt to Hero [Jd 8d]
Hero: folds
e5ef315a: folds
54cffc7c: raises $0.15 to $0.25
c3885f7a: folds
eefe3313: calls $0.15
*** FLOP *** [3d 7d 4d]
eefe3313: checks
54cffc7c: bets $0.19
eefe3313: folds
Uncalled bet ($0.19) returned to 54cffc7c
*** SHOWDOWN ***
54cffc7c collected $0.53 from pot
*** SUMMARY ***
Total pot $0.55 | Rake $0.02 | Jackpot $0 | Bingo $0 | Fortune $0 | Tax $0
Board [3d 7d 4d]
Seat 1: e5ef315a folded before Flop (didn't bet)
Seat 2: 54cffc7c (button) won ($0.53)
Seat 4: c3885f7a (small blind) folded before Flop
Seat 5: eefe3313 (big blind) folded on the Flop
Seat 6: Hero folded before Flop (didn't bet)


Poker Hand #HD1780630639: Hold'em No Limit ($0.05/$0.1) - 2024/05/20 16:51:22
Table 'NLHRed27' 6-max Seat #1 is the button
Seat 1: e5ef315a ($5.73 in chips)
Seat 2: 54cffc7c ($10 in chips)
Seat 3: 2ef9625e ($12.62 in chips)
Seat 4: c3885f7a ($10.96 in chips)
Seat 5: eefe3313 ($4.41 in chips)
Seat 6: Hero ($10 in chips)
54cffc7c: posts small blind $0.05
2ef9625e: posts big blind $0.1
*** HOLE CARDS ***
Dealt to e5ef315a 
Dealt to 54cffc7c 
Dealt to 2ef9625e 
Dealt to c3885f7a 
Dealt to eefe3313 
Dealt to Hero [8s 6s]
c3885f7a: folds
eefe3313: folds
Hero: folds
e5ef315a: calls $0.1
54cffc7c: raises $0.3 to $0.4
2ef9625e: folds
e5ef315a: raises $0.6 to $1
54cffc7c: folds
Uncalled bet ($0.6) returned to e5ef315a
*** SHOWDOWN ***
e5ef315a collected $0.85 from pot
*** SUMMARY ***
Total pot $0.9 | Rake $0.05 | Jackpot $0 | Bingo $0 | Fortune $0 | Tax $0
Seat 1: e5ef315a (button) collected ($0.85)
Seat 2: 54cffc7c (small blind) folded before Flop
Seat 3: 2ef9625e (big blind) folded before Flop
Seat 4: c3885f7a folded before Flop (didn't bet)
Seat 5: eefe3313 folded before Flop (didn't bet)
Seat 6: Hero folded before Flop (didn't bet)


Poker Hand #HD1780630563: Hold'em No Limit ($0.05/$0.1) - 2024/05/20 16:50:47
Table 'NLHRed27' 6-max Seat #6 is the button
Seat 1: e5ef315a ($5.78 in chips)
Seat 2: 54cffc7c ($10 in chips)
Seat 3: 2ef9625e ($12.62 in chips)
Seat 4: c3885f7a ($10.96 in chips)
Seat 5: eefe3313 ($4.27 in chips)
Seat 6: Hero ($10 in chips)
e5ef315a: posts small blind $0.05
54cffc7c: posts big blind $0.1
*** HOLE CARDS ***
Dealt to e5ef315a 
Dealt to 54cffc7c 
Dealt to 2ef9625e 
Dealt to c3885f7a 
Dealt to eefe3313 
Dealt to Hero [5s 6d]
2ef9625e: folds
c3885f7a: folds
eefe3313: calls $0.1
Hero: folds
e5ef315a: folds
54cffc7c: checks
*** FLOP *** [8s Jd 8h]
54cffc7c: checks
eefe3313: bets $0.1
54cffc7c: folds
Uncalled bet ($0.1) returned to eefe3313
*** SHOWDOWN ***
eefe3313 collected $0.24 from pot
*** SUMMARY ***
Total pot $0.25 | Rake $0.01 | Jackpot $0 | Bingo $0 | Fortune $0 | Tax $0
Board [8s Jd 8h]
Seat 1: e5ef315a (small blind) folded before Flop
Seat 2: 54cffc7c (big blind) folded on the Flop
Seat 3: 2ef9625e folded before Flop (didn't bet)
Seat 4: c3885f7a folded before Flop (didn't bet)
Seat 5: eefe3313 won ($0.24)
Seat 6: Hero (button) folded before Flop (didn't bet)


Poker Hand #HD1780630503: Hold'em No Limit ($0.05/$0.1) - 2024/05/20 16:50:23
Table 'NLHRed27' 6-max Seat #5 is the button
Seat 1: e5ef315a ($5.88 in chips)
Seat 3: 2ef9625e ($12.25 in chips)
Seat 4: c3885f7a ($10.96 in chips)
Seat 5: eefe3313 ($4.52 in chips)
Seat 6: Hero ($10 in chips)
Hero: posts small blind $0.05
e5ef315a: posts big blind $0.1
*** HOLE CARDS ***
Dealt to e5ef315a 
Dealt to 2ef9625e 
Dealt to c3885f7a 
Dealt to eefe3313 
Dealt to Hero [5c 8h]
2ef9625e: raises $0.15 to $0.25
c3885f7a: folds
eefe3313: calls $0.25
Hero: folds
e5ef315a: folds
*** FLOP *** [7d 7s 4d]
2ef9625e: checks
eefe3313: checks
*** TURN *** [7d 7s 4d] [Kc]
2ef9625e: bets $0.33
eefe3313: folds
Uncalled bet ($0.33) returned to 2ef9625e
*** SHOWDOWN ***
2ef9625e collected $0.62 from pot
*** SUMMARY ***
Total pot $0.65 | Rake $0.03 | Jackpot $0 | Bingo $0 | Fortune $0 | Tax $0
Board [7d 7s 4d Kc]
Seat 1: e5ef315a (big blind) folded before Flop
Seat 3: 2ef9625e won ($0.62)
Seat 4: c3885f7a folded before Flop (didn't bet)
Seat 5: eefe3313 (button) folded on the Turn
Seat 6: Hero (small blind) folded before Flop


Poker Hand #HD1780630443: Hold'em No Limit ($0.05/$0.1) - 2024/05/20 16:49:56
Table 'NLHRed27' 6-max Seat #4 is the button
Seat 1: e5ef315a ($5.98 in chips)
Seat 3: 2ef9625e ($12.25 in chips)
Seat 4: c3885f7a ($10.96 in chips)
Seat 5: eefe3313 ($4.33 in chips)
Seat 6: Hero ($10 in chips)
eefe3313: posts small blind $0.05
Hero: posts big blind $0.1
*** HOLE CARDS ***
Dealt to e5ef315a 
Dealt to 2ef9625e 
Dealt to c3885f7a 
Dealt to eefe3313 
Dealt to Hero [8d Qs]
e5ef315a: calls $0.1
2ef9625e: folds
c3885f7a: folds
eefe3313: raises $0.2 to $0.3
Hero: folds
e5ef315a: folds
Uncalled bet ($0.2) returned to eefe3313
*** SHOWDOWN ***
eefe3313 collected $0.29 from pot
*** SUMMARY ***
Total pot $0.3 | Rake $0.01 | Jackpot $0 | Bingo $0 | Fortune $0 | Tax $0
Seat 1: e5ef315a folded before Flop
Seat 3: 2ef9625e folded before Flop (didn't bet)
Seat 4: c3885f7a (button) folded before Flop (didn't bet)
Seat 5: eefe3313 (small blind) collected ($0.29)
Seat 6: Hero (big blind) folded before Flop


