Poker Hand #HD1718593829: Hold'em No Limit ($0.02/$0.05) - 2024/04/06 19:30:46
Table 'NLHBlue4' 6-max Seat #2 is the button
Seat 1: 818804f5 ($6.13 in chips)
Seat 2: c7cf5b1d ($1.37 in chips)
Seat 3: 3e018342 ($6.46 in chips)
Seat 4: 5f37317c ($3.42 in chips)
Seat 5: Hero ($6.82 in chips)
Seat 6: 1c4e756b ($5 in chips)
3e018342: posts small blind $0.02
5f37317c: posts big blind $0.05
*** HOLE CARDS ***
Dealt to 818804f5 
Dealt to c7cf5b1d 
Dealt to 3e018342 
Dealt to 5f37317c 
Dealt to Hero [4c Ks]
Dealt to 1c4e756b 
Hero: folds
1c4e756b: folds
818804f5: folds
c7cf5b1d: calls $0.05
3e018342: folds
5f37317c: checks
*** FLOP *** [Jc 9d Ad]
5f37317c: bets $0.06
c7cf5b1d: calls $0.06
*** TURN *** [Jc 9d Ad] [2d]
5f37317c: checks
c7cf5b1d: checks
*** RIVER *** [Jc 9d Ad 2d] [4h]
5f37317c: bets $0.18
c7cf5b1d: folds
Uncalled bet ($0.18) returned to 5f37317c
*** SHOWDOWN ***
5f37317c collected $0.23 from pot
*** SUMMARY ***
Total pot $0.24 | Rake $0.01 | Jackpot $0 | Bingo $0 | Fortune $0 | Tax $0
Board [Jc 9d Ad 2d 4h]
Seat 1: 818804f5 folded before Flop (didn't bet)
Seat 2: c7cf5b1d (button) folded on the River
Seat 3: 3e018342 (small blind) folded before Flop
Seat 4: 5f37317c (big blind) won ($0.23)
Seat 5: Hero folded before Flop (didn't bet)
Seat 6: 1c4e756b folded before Flop (didn't bet)


Poker Hand #HD1718593700: Hold'em No Limit ($0.02/$0.05) - 2024/04/06 19:29:33
Table 'NLHBlue4' 6-max Seat #1 is the button
Seat 1: 818804f5 ($6.13 in chips)
Seat 2: c7cf5b1d ($1.52 in chips)
Seat 3: 3e018342 ($5.27 in chips)
Seat 4: 5f37317c ($4.66 in chips)
Seat 5: Hero ($6.82 in chips)
Seat 6: 1c4e756b ($5 in chips)
c7cf5b1d: posts small blind $0.02
3e018342: posts big blind $0.05
*** HOLE CARDS ***
Dealt to 818804f5 
Dealt to c7cf5b1d 
Dealt to 3e018342 
Dealt to 5f37317c 
Dealt to Hero [4d 7s]
Dealt to 1c4e756b 
5f37317c: raises $0.1 to $0.15
Hero: folds
1c4e756b: folds
818804f5: folds
c7cf5b1d: calls $0.13
3e018342: calls $0.1
*** FLOP *** [9d 4s 2h]
c7cf5b1d: checks
3e018342: bets $0.3
5f37317c: calls $0.3
c7cf5b1d: folds
*** TURN *** [9d 4s 2h] [4c]
3e018342: bets $0.79
5f37317c: calls $0.79
*** RIVER *** [9d 4s 2h 4c] [6c]
3e018342: bets $1.74
5f37317c: folds
Uncalled bet ($1.74) returned to 3e018342
*** SHOWDOWN ***
3e018342 collected $2.43 from pot
*** SUMMARY ***
Total pot $2.63 | Rake $0.15 | Jackpot $0.05 | Bingo $0 | Fortune $0 | Tax $0
Board [9d 4s 2h 4c 6c]
Seat 1: 818804f5 (button) folded before Flop (didn't bet)
Seat 2: c7cf5b1d (small blind) folded on the Flop
Seat 3: 3e018342 (big blind) won ($2.43)
Seat 4: 5f37317c folded on the River
Seat 5: Hero folded before Flop (didn't bet)
Seat 6: 1c4e756b folded before Flop (didn't bet)


Poker Hand #HD1718593641: Hold'em No Limit ($0.02/$0.05) - 2024/04/06 19:29:04
Table 'NLHBlue4' 6-max Seat #6 is the button
Seat 1: 818804f5 ($6.15 in chips)
Seat 2: c7cf5b1d ($1.57 in chips)
Seat 3: 3e018342 ($5.2 in chips)
Seat 4: 5f37317c ($4.66 in chips)
Seat 5: Hero ($6.82 in chips)
Seat 6: 1c4e756b ($5 in chips)
818804f5: posts small blind $0.02
c7cf5b1d: posts big blind $0.05
*** HOLE CARDS ***
Dealt to 818804f5 
Dealt to c7cf5b1d 
Dealt to 3e018342 
Dealt to 5f37317c 
Dealt to Hero [2d 9c]
Dealt to 1c4e756b 
3e018342: raises $0.08 to $0.13
5f37317c: folds
Hero: folds
1c4e756b: folds
818804f5: folds
c7cf5b1d: folds
Uncalled bet ($0.08) returned to 3e018342
*** SHOWDOWN ***
3e018342 collected $0.12 from pot
*** SUMMARY ***
Total pot $0.12 | Rake $0 | Jackpot $0 | Bingo $0 | Fortune $0 | Tax $0
Seat 1: 818804f5 (small blind) folded before Flop
Seat 2: c7cf5b1d (big blind) folded before Flop
Seat 3: 3e018342 collected ($0.12)
Seat 4: 5f37317c folded before Flop (didn't bet)
Seat 5: Hero folded before Flop (didn't bet)
Seat 6: 1c4e756b (button) folded before Flop (didn't bet)


Poker Hand #HD1718593487: Hold'em No Limit ($0.02/$0.05) - 2024/04/06 19:27:46
Table 'NLHBlue4' 6-max Seat #5 is the button
Seat 1: 818804f5 ($6.2 in chips)
Seat 2: c7cf5b1d ($1.5 in chips)
Seat 3: 3e018342 ($5.2 in chips)
Seat 4: 5f37317c ($4.66 in chips)
Seat 5: Hero ($6.82 in chips)
Seat 6: 1c4e756b ($5 in chips)
1c4e756b: posts small blind $0.02
818804f5: posts big blind $0.05
*** HOLE CARDS ***
Dealt to 818804f5 
Dealt to c7cf5b1d 
Dealt to 3e018342 
Dealt to 5f37317c 
Dealt to Hero [6h 2c]
Dealt to 1c4e756b 
c7cf5b1d: calls $0.05
3e018342: folds
5f37317c: folds
Hero: folds
1c4e756b: folds
818804f5: checks
*** FLOP *** [6c 2h 9s]
818804f5: checks
c7cf5b1d: checks
*** TURN *** [6c 2h 9s] [7h]
818804f5: checks
c7cf5b1d: checks
*** RIVER *** [6c 2h 9s 7h] [Ad]
818804f5: checks
c7cf5b1d: checks
818804f5: shows [Qh 8s] (Ace-High)
c7cf5b1d: shows [4d Kh] (Ace-High)
*** SHOWDOWN ***
c7cf5b1d collected $0.12 from pot
*** SUMMARY ***
Total pot $0.12 | Rake $0 | Jackpot $0 | Bingo $0 | Fortune $0 | Tax $0
Board [6c 2h 9s 7h Ad]
Seat 1: 818804f5 (big blind) showed [Qh 8s] and lost with Ace-High
Seat 2: c7cf5b1d showed [4d Kh] and won ($0.12) with Ace-High
Seat 3: 3e018342 folded before Flop (didn't bet)
Seat 4: 5f37317c folded before Flop (didn't bet)
Seat 5: Hero (button) folded before Flop (didn't bet)
Seat 6: 1c4e756b (small blind) folded before Flop


Poker Hand #HD1718593354: Hold'em No Limit ($0.02/$0.05) - 2024/04/06 19:26:40
Table 'NLHBlue4' 6-max Seat #4 is the button
Seat 1: 818804f5 ($5.81 in chips)
Seat 2: c7cf5b1d ($1.5 in chips)
Seat 3: 3e018342 ($5.2 in chips)
Seat 4: 5f37317c ($5.01 in chips)
Seat 5: Hero ($6.84 in chips)
Seat 6: 1c4e756b ($5 in chips)
Hero: posts small blind $0.02
1c4e756b: posts big blind $0.05
*** HOLE CARDS ***
Dealt to 818804f5 
Dealt to c7cf5b1d 
Dealt to 3e018342 
Dealt to 5f37317c 
Dealt to Hero [4c Jc]
Dealt to 1c4e756b 
818804f5: raises $0.05 to $0.1
c7cf5b1d: folds
3e018342: folds
5f37317c: calls $0.1
Hero: folds
1c4e756b: folds
*** FLOP *** [2d Ts 5c]
818804f5: bets $0.15
5f37317c: calls $0.15
*** TURN *** [2d Ts 5c] [5d]
818804f5: checks
5f37317c: checks
*** RIVER *** [2d Ts 5c 5d] [5h]
818804f5: bets $0.1
5f37317c: calls $0.1
818804f5: shows [Ah Js] (Three Fives)
5f37317c: shows [Ks Jd] (Three Fives)
*** SHOWDOWN ***
818804f5 collected $0.74 from pot
*** SUMMARY ***
Total pot $0.77 | Rake $0.03 | Jackpot $0 | Bingo $0 | Fortune $0 | Tax $0
Board [2d Ts 5c 5d 5h]
Seat 1: 818804f5 showed [Ah Js] and won ($0.74) with Three Fives
Seat 2: c7cf5b1d folded before Flop (didn't bet)
Seat 3: 3e018342 folded before Flop (didn't bet)
Seat 4: 5f37317c (button) showed [Ks Jd] and lost with Three Fives
Seat 5: Hero (small blind) folded before Flop
Seat 6: 1c4e756b (big blind) folded before Flop


Poker Hand #HD1718593268: Hold'em No Limit ($0.02/$0.05) - 2024/04/06 19:25:51
Table 'NLHBlue4' 6-max Seat #3 is the button
Seat 1: 818804f5 ($5.81 in chips)
Seat 2: c7cf5b1d ($1.55 in chips)
Seat 3: 3e018342 ($5.2 in chips)
Seat 4: 5f37317c ($4.91 in chips)
Seat 5: Hero ($6.89 in chips)
Seat 6: 1c4e756b ($5 in chips)
5f37317c: posts small blind $0.02
Hero: posts big blind $0.05
*** HOLE CARDS ***
Dealt to 818804f5 
Dealt to c7cf5b1d 
Dealt to 3e018342 
Dealt to 5f37317c 
Dealt to Hero [8s Qs]
Dealt to 1c4e756b 
1c4e756b: folds
818804f5: folds
c7cf5b1d: calls $0.05
3e018342: folds
5f37317c: raises $0.1 to $0.15
Hero: folds
c7cf5b1d: folds
Uncalled bet ($0.1) returned to 5f37317c
*** SHOWDOWN ***
5f37317c collected $0.15 from pot
*** SUMMARY ***
Total pot $0.15 | Rake $0 | Jackpot $0 | Bingo $0 | Fortune $0 | Tax $0
Seat 1: 818804f5 folded before Flop (didn't bet)
Seat 2: c7cf5b1d folded before Flop
Seat 3: 3e018342 (button) folded before Flop (didn't bet)
Seat 4: 5f37317c (small blind) collected ($0.15)
Seat 5: Hero (big blind) folded before Flop
Seat 6: 1c4e756b folded before Flop (didn't bet)


Poker Hand #HD1718593133: Hold'em No Limit ($0.02/$0.05) - 2024/04/06 19:24:44
Table 'NLHBlue4' 6-max Seat #2 is the button
Seat 1: 818804f5 ($5.81 in chips)
Seat 2: c7cf5b1d ($1.43 in chips)
Seat 3: 3e018342 ($5.22 in chips)
Seat 4: 5f37317c ($5.02 in chips)
Seat 5: Hero ($6.89 in chips)
Seat 6: 1c4e756b ($5 in chips)
3e018342: posts small blind $0.02
5f37317c: posts big blind $0.05
*** HOLE CARDS ***
Dealt to 818804f5 
Dealt to c7cf5b1d 
Dealt to 3e018342 
Dealt to 5f37317c 
Dealt to Hero [Kc 9s]
Dealt to 1c4e756b 
Hero: folds
1c4e756b: folds
818804f5: folds
c7cf5b1d: calls $0.05
3e018342: folds
5f37317c: checks
*** FLOP *** [Tc 8c Qh]
5f37317c: bets $0.06
c7cf5b1d: calls $0.06
*** TURN *** [Tc 8c Qh] [7h]
5f37317c: checks
c7cf5b1d: checks
*** RIVER *** [Tc 8c Qh 7h] [5s]
5f37317c: checks
c7cf5b1d: checks
5f37317c: shows [Ac 9d] (Ace-High)
c7cf5b1d: shows [6c 6s] (Pair of Sixes)
*** SHOWDOWN ***
c7cf5b1d collected $0.23 from pot
*** SUMMARY ***
Total pot $0.24 | Rake $0.01 | Jackpot $0 | Bingo $0 | Fortune $0 | Tax $0
Board [Tc 8c Qh 7h 5s]
Seat 1: 818804f5 folded before Flop (didn't bet)
Seat 2: c7cf5b1d (button) showed [6c 6s] and won ($0.23) with Pair of Sixes
Seat 3: 3e018342 (small blind) folded before Flop
Seat 4: 5f37317c (big blind) showed [Ac 9d] and lost with Ace-High
Seat 5: Hero folded before Flop (didn't bet)
Seat 6: 1c4e756b folded before Flop (didn't bet)


Poker Hand #HD1718593031: Hold'em No Limit ($0.02/$0.05) - 2024/04/06 19:23:53
Table 'NLHBlue4' 6-max Seat #1 is the button
Seat 1: 818804f5 ($5 in chips)
Seat 2: c7cf5b1d ($1.45 in chips)
Seat 3: 3e018342 ($5.27 in chips)
Seat 4: 5f37317c ($5.17 in chips)
Seat 5: Hero ($6.89 in chips)
Seat 6: 1c4e756b ($5.05 in chips)
c7cf5b1d: posts small blind $0.02
3e018342: posts big blind $0.05
*** HOLE CARDS ***
Dealt to 818804f5 
Dealt to c7cf5b1d 
Dealt to 3e018342 
Dealt to 5f37317c 
Dealt to Hero [5s 7c]
Dealt to 1c4e756b 
5f37317c: raises $0.1 to $0.15
Hero: folds
1c4e756b: raises $0.29 to $0.44
818804f5: calls $0.44
c7cf5b1d: folds
3e018342: folds
5f37317c: folds
*** FLOP *** [3d Ac 2h]
1c4e756b: bets $0.28
818804f5: raises $0.28 to $0.56
1c4e756b: folds
Uncalled bet ($0.28) returned to 818804f5
*** SHOWDOWN ***
818804f5 collected $1.53 from pot
*** SUMMARY ***
Total pot $1.66 | Rake $0.08 | Jackpot $0.05 | Bingo $0 | Fortune $0 | Tax $0
Board [3d Ac 2h]
Seat 1: 818804f5 (button) won ($1.53)
Seat 2: c7cf5b1d (small blind) folded before Flop
Seat 3: 3e018342 (big blind) folded before Flop
Seat 4: 5f37317c folded before Flop
Seat 5: Hero folded before Flop (didn't bet)
Seat 6: 1c4e756b folded on the Flop


Poker Hand #HD1718592992: Hold'em No Limit ($0.02/$0.05) - 2024/04/06 19:23:35
Table 'NLHBlue4' 6-max Seat #6 is the button
Seat 1: 818804f5 ($4.95 in chips)
Seat 2: c7cf5b1d ($1.5 in chips)
Seat 3: 3e018342 ($5.27 in chips)
Seat 4: 5f37317c ($5.17 in chips)
Seat 5: Hero ($6.89 in chips)
Seat 6: 1c4e756b ($5.05 in chips)
818804f5: posts small blind $0.02
c7cf5b1d: posts big blind $0.05
*** HOLE CARDS ***
Dealt to 818804f5 
Dealt to c7cf5b1d 
Dealt to 3e018342 
Dealt to 5f37317c 
Dealt to Hero [3d Ah]
Dealt to 1c4e756b 
3e018342: folds
5f37317c: folds
Hero: folds
1c4e756b: folds
818804f5: calls $0.03
c7cf5b1d: checks
*** FLOP *** [6h Qc 8s]
818804f5: bets $0.1
c7cf5b1d: folds
Uncalled bet ($0.1) returned to 818804f5
*** SHOWDOWN ***
818804f5 collected $0.1 from pot
*** SUMMARY ***
Total pot $0.1 | Rake $0 | Jackpot $0 | Bingo $0 | Fortune $0 | Tax $0
Board [6h Qc 8s]
Seat 1: 818804f5 (small blind) won ($0.1)
Seat 2: c7cf5b1d (big blind) folded on the Flop
Seat 3: 3e018342 folded before Flop (didn't bet)
Seat 4: 5f37317c folded before Flop (didn't bet)
Seat 5: Hero folded before Flop (didn't bet)
Seat 6: 1c4e756b (button) folded before Flop (didn't bet)


Poker Hand #HD1718592918: Hold'em No Limit ($0.02/$0.05) - 2024/04/06 19:22:50
Table 'NLHBlue4' 6-max Seat #5 is the button
Seat 1: 818804f5 ($5 in chips)
Seat 2: c7cf5b1d ($1.28 in chips)
Seat 3: 3e018342 ($5.27 in chips)
Seat 4: 5f37317c ($5.17 in chips)
Seat 5: Hero ($7.06 in chips)
Seat 6: 1c4e756b ($5.07 in chips)
1c4e756b: posts small blind $0.02
818804f5: posts big blind $0.05
*** HOLE CARDS ***
Dealt to 818804f5 
Dealt to c7cf5b1d 
Dealt to 3e018342 
Dealt to 5f37317c 
Dealt to Hero [5s 5c]
Dealt to 1c4e756b 
c7cf5b1d: calls $0.05
3e018342: folds
5f37317c: folds
Hero: raises $0.12 to $0.17
1c4e756b: folds
818804f5: folds
c7cf5b1d: calls $0.12
*** FLOP *** [Qc Ad 4c]
c7cf5b1d: checks
Hero: checks
*** TURN *** [Qc Ad 4c] [8s]
c7cf5b1d: bets $0.14
Hero: folds
Uncalled bet ($0.14) returned to c7cf5b1d
*** SHOWDOWN ***
c7cf5b1d collected $0.39 from pot
*** SUMMARY ***
Total pot $0.41 | Rake $0.02 | Jackpot $0 | Bingo $0 | Fortune $0 | Tax $0
Board [Qc Ad 4c 8s]
Seat 1: 818804f5 (big blind) folded before Flop
Seat 2: c7cf5b1d won ($0.39)
Seat 3: 3e018342 folded before Flop (didn't bet)
Seat 4: 5f37317c folded before Flop (didn't bet)
Seat 5: Hero (button) folded on the Turn
Seat 6: 1c4e756b (small blind) folded before Flop


Poker Hand #HD1718592827: Hold'em No Limit ($0.02/$0.05) - 2024/04/06 19:22:04
Table 'NLHBlue4' 6-max Seat #4 is the button
Seat 2: c7cf5b1d ($1.33 in chips)
Seat 3: 3e018342 ($5.27 in chips)
Seat 4: 5f37317c ($5.17 in chips)
Seat 5: Hero ($7.08 in chips)
Seat 6: 1c4e756b ($5 in chips)
Hero: posts small blind $0.02
1c4e756b: posts big blind $0.05
*** HOLE CARDS ***
Dealt to c7cf5b1d 
Dealt to 3e018342 
Dealt to 5f37317c 
Dealt to Hero [2d 6s]
Dealt to 1c4e756b 
c7cf5b1d: calls $0.05
3e018342: folds
5f37317c: folds
Hero: folds
1c4e756b: checks
*** FLOP *** [4s 3s 8s]
1c4e756b: checks
c7cf5b1d: checks
*** TURN *** [4s 3s 8s] [Ah]
1c4e756b: checks
c7cf5b1d: checks
*** RIVER *** [4s 3s 8s Ah] [7c]
1c4e756b: checks
c7cf5b1d: checks
1c4e756b: shows [7d Kd] (Pair of Sevens)
c7cf5b1d: shows [Jh Ks] (Ace-High)
*** SHOWDOWN ***
1c4e756b collected $0.12 from pot
*** SUMMARY ***
Total pot $0.12 | Rake $0 | Jackpot $0 | Bingo $0 | Fortune $0 | Tax $0
Board [4s 3s 8s Ah 7c]
Seat 2: c7cf5b1d showed [Jh Ks] and lost with Ace-High
Seat 3: 3e018342 folded before Flop (didn't bet)
Seat 4: 5f37317c (button) folded before Flop (didn't bet)
Seat 5: Hero (small blind) folded before Flop
Seat 6: 1c4e756b (big blind) showed [7d Kd] and won ($0.12) with Pair of Sevens


Poker Hand #HD1718592630: Hold'em No Limit ($0.02/$0.05) - 2024/04/06 19:20:23
Table 'NLHBlue4' 6-max Seat #3 is the button
Seat 2: c7cf5b1d ($0.61 in chips)
Seat 3: 3e018342 ($5.27 in chips)
Seat 4: 5f37317c ($5.3 in chips)
Seat 5: Hero ($7.13 in chips)
Seat 6: 1c4e756b ($5 in chips)
5f37317c: posts small blind $0.02
Hero: posts big blind $0.05
*** HOLE CARDS ***
Dealt to c7cf5b1d 
Dealt to 3e018342 
Dealt to 5f37317c 
Dealt to Hero [8d Tc]
Dealt to 1c4e756b 
1c4e756b: raises $0.08 to $0.13
c7cf5b1d: calls $0.13
3e018342: folds
5f37317c: calls $0.11
Hero: folds
*** FLOP *** [2h Th 9c]
5f37317c: checks
1c4e756b: bets $0.56
c7cf5b1d: calls $0.48 and is all-in
5f37317c: folds
Uncalled bet ($0.08) returned to 1c4e756b
1c4e756b: shows [Ks Kc] (Pair of Kings)
c7cf5b1d: shows [9s Ts] (Pair of Tens and Pair of Nines)
*** TURN *** [2h Th 9c] [3d]
*** RIVER *** [2h Th 9c 3d] [As]
*** SHOWDOWN ***
c7cf5b1d collected $1.33 from pot
*** SUMMARY ***
Total pot $1.4 | Rake $0.07 | Jackpot $0 | Bingo $0 | Fortune $0 | Tax $0
Board [2h Th 9c 3d As]
Seat 2: c7cf5b1d showed [9s Ts] and won ($1.33) with Pair of Tens and Pair of Nines
Seat 3: 3e018342 (button) folded before Flop (didn't bet)
Seat 4: 5f37317c (small blind) folded on the Flop
Seat 5: Hero (big blind) folded before Flop
Seat 6: 1c4e756b showed [Ks Kc] and lost with Pair of Kings


Poker Hand #HD1718592558: Hold'em No Limit ($0.02/$0.05) - 2024/04/06 19:19:47
Table 'NLHBlue4' 6-max Seat #2 is the button
Seat 2: c7cf5b1d ($0.42 in chips)
Seat 3: 3e018342 ($5.29 in chips)
Seat 4: 5f37317c ($5.35 in chips)
Seat 5: Hero ($7.13 in chips)
Seat 6: 1c4e756b ($5 in chips)
3e018342: posts small blind $0.02
5f37317c: posts big blind $0.05
*** HOLE CARDS ***
Dealt to c7cf5b1d 
Dealt to 3e018342 
Dealt to 5f37317c 
Dealt to Hero [Kh 3s]
Dealt to 1c4e756b 
Hero: folds
1c4e756b: raises $0.08 to $0.13
c7cf5b1d: calls $0.13
3e018342: folds
5f37317c: folds
*** FLOP *** [4c Th 2s]
1c4e756b: checks
c7cf5b1d: checks
*** TURN *** [4c Th 2s] [6h]
1c4e756b: checks
c7cf5b1d: checks
*** RIVER *** [4c Th 2s 6h] [Jh]
1c4e756b: checks
c7cf5b1d: checks
1c4e756b: shows [9s Qs] (Queen-High)
c7cf5b1d: shows [Qd Kc] (King-High)
*** SHOWDOWN ***
c7cf5b1d collected $0.32 from pot
*** SUMMARY ***
Total pot $0.33 | Rake $0.01 | Jackpot $0 | Bingo $0 | Fortune $0 | Tax $0
Board [4c Th 2s 6h Jh]
Seat 2: c7cf5b1d (button) showed [Qd Kc] and won ($0.32) with King-High
Seat 3: 3e018342 (small blind) folded before Flop
Seat 4: 5f37317c (big blind) folded before Flop
Seat 5: Hero folded before Flop (didn't bet)
Seat 6: 1c4e756b showed [9s Qs] and lost with Queen-High


Poker Hand #HD1718592485: Hold'em No Limit ($0.02/$0.05) - 2024/04/06 19:19:08
Table 'NLHBlue4' 6-max Seat #6 is the button
Seat 2: c7cf5b1d ($0.44 in chips)
Seat 3: 3e018342 ($5.14 in chips)
Seat 4: 5f37317c ($5.5 in chips)
Seat 5: Hero ($7.13 in chips)
Seat 6: 1c4e756b ($5 in chips)
c7cf5b1d: posts small blind $0.02
3e018342: posts big blind $0.05
*** HOLE CARDS ***
Dealt to c7cf5b1d 
Dealt to 3e018342 
Dealt to 5f37317c 
Dealt to Hero [2c Ac]
Dealt to 1c4e756b 
5f37317c: raises $0.1 to $0.15
Hero: folds
1c4e756b: folds
c7cf5b1d: folds
3e018342: calls $0.1
*** FLOP *** [8h 4s Qc]
3e018342: checks
5f37317c: checks
*** TURN *** [8h 4s Qc] [6c]
3e018342: bets $0.24
5f37317c: folds
Uncalled bet ($0.24) returned to 3e018342
*** SHOWDOWN ***
3e018342 collected $0.3 from pot
*** SUMMARY ***
Total pot $0.32 | Rake $0.02 | Jackpot $0 | Bingo $0 | Fortune $0 | Tax $0
Board [8h 4s Qc 6c]
Seat 2: c7cf5b1d (small blind) folded before Flop
Seat 3: 3e018342 (big blind) won ($0.3)
Seat 4: 5f37317c folded on the Turn
Seat 5: Hero folded before Flop (didn't bet)
Seat 6: 1c4e756b (button) folded before Flop (didn't bet)


Poker Hand #HD1718592461: Hold'em No Limit ($0.02/$0.05) - 2024/04/06 19:18:53
Table 'NLHBlue4' 6-max Seat #5 is the button
Seat 2: c7cf5b1d ($0.42 in chips)
Seat 3: 3e018342 ($5.14 in chips)
Seat 4: 5f37317c ($5.5 in chips)
Seat 5: Hero ($7.13 in chips)
Seat 6: 1c4e756b ($5 in chips)
1c4e756b: posts small blind $0.02
c7cf5b1d: posts big blind $0.05
*** HOLE CARDS ***
Dealt to c7cf5b1d 
Dealt to 3e018342 
Dealt to 5f37317c 
Dealt to Hero [8d 2h]
Dealt to 1c4e756b 
3e018342: folds
5f37317c: folds
Hero: folds
1c4e756b: folds
Uncalled bet ($0.03) returned to c7cf5b1d
*** SHOWDOWN ***
c7cf5b1d collected $0.04 from pot
*** SUMMARY ***
Total pot $0.04 | Rake $0 | Jackpot $0 | Bingo $0 | Fortune $0 | Tax $0
Seat 2: c7cf5b1d (big blind) collected ($0.04)
Seat 3: 3e018342 folded before Flop (didn't bet)
Seat 4: 5f37317c folded before Flop (didn't bet)
Seat 5: Hero (button) folded before Flop (didn't bet)
Seat 6: 1c4e756b (small blind) folded before Flop


Poker Hand #HD1718592406: Hold'em No Limit ($0.02/$0.05) - 2024/04/06 19:18:29
Table 'NLHBlue4' 6-max Seat #4 is the button
Seat 2: c7cf5b1d ($0.42 in chips)
Seat 3: 3e018342 ($5.14 in chips)
Seat 4: 5f37317c ($5.43 in chips)
Seat 5: Hero ($7.15 in chips)
Seat 6: 1c4e756b ($5 in chips)
Hero: posts small blind $0.02
1c4e756b: posts big blind $0.05
*** HOLE CARDS ***
Dealt to c7cf5b1d 
Dealt to 3e018342 
Dealt to 5f37317c 
Dealt to Hero [8h Ac]
Dealt to 1c4e756b 
c7cf5b1d: folds
3e018342: folds
5f37317c: raises $0.1 to $0.15
Hero: folds
1c4e756b: folds
Uncalled bet ($0.1) returned to 5f37317c
*** SHOWDOWN ***
5f37317c collected $0.12 from pot
*** SUMMARY ***
Total pot $0.12 | Rake $0 | Jackpot $0 | Bingo $0 | Fortune $0 | Tax $0
Seat 2: c7cf5b1d folded before Flop (didn't bet)
Seat 3: 3e018342 folded before Flop (didn't bet)
Seat 4: 5f37317c (button) collected ($0.12)
Seat 5: Hero (small blind) folded before Flop
Seat 6: 1c4e756b (big blind) folded before Flop


Poker Hand #HD1718592336: Hold'em No Limit ($0.02/$0.05) - 2024/04/06 19:17:53
Table 'NLHBlue4' 6-max Seat #3 is the button
Seat 2: c7cf5b1d ($0.42 in chips)
Seat 3: 3e018342 ($5 in chips)
Seat 4: 5f37317c ($5.45 in chips)
Seat 5: Hero ($7.28 in chips)
Seat 6: 1c4e756b ($5 in chips)
5f37317c: posts small blind $0.02
Hero: posts big blind $0.05
*** HOLE CARDS ***
Dealt to c7cf5b1d 
Dealt to 3e018342 
Dealt to 5f37317c 
Dealt to Hero [5c 6c]
Dealt to 1c4e756b 
1c4e756b: folds
c7cf5b1d: folds
3e018342: raises $0.08 to $0.13
5f37317c: folds
Hero: calls $0.08
*** FLOP *** [Qc 5h Ah]
Hero: checks
3e018342: bets $0.21
Hero: folds
Uncalled bet ($0.21) returned to 3e018342
*** SHOWDOWN ***
3e018342 collected $0.27 from pot
*** SUMMARY ***
Total pot $0.28 | Rake $0.01 | Jackpot $0 | Bingo $0 | Fortune $0 | Tax $0
Board [Qc 5h Ah]
Seat 2: c7cf5b1d folded before Flop (didn't bet)
Seat 3: 3e018342 (button) won ($0.27)
Seat 4: 5f37317c (small blind) folded before Flop
Seat 5: Hero (big blind) folded on the Flop
Seat 6: 1c4e756b folded before Flop (didn't bet)


Poker Hand #HD1718592290: Hold'em No Limit ($0.02/$0.05) - 2024/04/06 19:17:32
Table 'NLHBlue4' 6-max Seat #2 is the button
Seat 1: eecee880 ($6.47 in chips)
Seat 2: c7cf5b1d ($0.42 in chips)
Seat 3: 3e018342 ($5.02 in chips)
Seat 4: 5f37317c ($5.5 in chips)
Seat 5: Hero ($7.28 in chips)
Seat 6: 1c4e756b ($5 in chips)
3e018342: posts small blind $0.02
5f37317c: posts big blind $0.05
*** HOLE CARDS ***
Dealt to eecee880 
Dealt to c7cf5b1d 
Dealt to 3e018342 
Dealt to 5f37317c 
Dealt to Hero [Th 3h]
Dealt to 1c4e756b 
Hero: folds
1c4e756b: folds
eecee880: raises $0.06 to $0.11
c7cf5b1d: folds
3e018342: folds
5f37317c: folds
Uncalled bet ($0.06) returned to eecee880
*** SHOWDOWN ***
eecee880 collected $0.12 from pot
*** SUMMARY ***
Total pot $0.12 | Rake $0 | Jackpot $0 | Bingo $0 | Fortune $0 | Tax $0
Seat 1: eecee880 collected ($0.12)
Seat 2: c7cf5b1d (button) folded before Flop (didn't bet)
Seat 3: 3e018342 (small blind) folded before Flop
Seat 4: 5f37317c (big blind) folded before Flop
Seat 5: Hero folded before Flop (didn't bet)
Seat 6: 1c4e756b folded before Flop (didn't bet)


Poker Hand #HD1718592110: Hold'em No Limit ($0.02/$0.05) - 2024/04/06 19:16:01
Table 'NLHBlue4' 6-max Seat #1 is the button
Seat 1: eecee880 ($6.75 in chips)
Seat 2: c7cf5b1d ($0.44 in chips)
Seat 3: 3e018342 ($5.07 in chips)
Seat 4: 5f37317c ($5.18 in chips)
Seat 5: Hero ($7.28 in chips)
Seat 6: 1c4e756b ($5 in chips)
c7cf5b1d: posts small blind $0.02
3e018342: posts big blind $0.05
*** HOLE CARDS ***
Dealt to eecee880 
Dealt to c7cf5b1d 
Dealt to 3e018342 
Dealt to 5f37317c 
Dealt to Hero [Th 8d]
Dealt to 1c4e756b 
5f37317c: raises $0.1 to $0.15
Hero: folds
1c4e756b: folds
eecee880: calls $0.15
c7cf5b1d: folds
3e018342: folds
*** FLOP *** [2c Kc 6d]
5f37317c: checks
eecee880: bets $0.13
5f37317c: calls $0.13
*** TURN *** [2c Kc 6d] [Kh]
5f37317c: checks
eecee880: checks
*** RIVER *** [2c Kc 6d Kh] [Jd]
5f37317c: bets $0.63
eecee880: folds
Uncalled bet ($0.63) returned to 5f37317c
*** SHOWDOWN ***
5f37317c collected $0.6 from pot
*** SUMMARY ***
Total pot $0.63 | Rake $0.03 | Jackpot $0 | Bingo $0 | Fortune $0 | Tax $0
Board [2c Kc 6d Kh Jd]
Seat 1: eecee880 (button) folded on the River
Seat 2: c7cf5b1d (small blind) folded before Flop
Seat 3: 3e018342 (big blind) folded before Flop
Seat 4: 5f37317c won ($0.6)
Seat 5: Hero folded before Flop (didn't bet)
Seat 6: 1c4e756b folded before Flop (didn't bet)


Poker Hand #HD1718592073: Hold'em No Limit ($0.02/$0.05) - 2024/04/06 19:15:44
Table 'NLHBlue4' 6-max Seat #6 is the button
Seat 1: eecee880 ($6.77 in chips)
Seat 2: c7cf5b1d ($0.49 in chips)
Seat 3: 3e018342 ($5.07 in chips)
Seat 4: 5f37317c ($5.11 in chips)
Seat 5: Hero ($7.28 in chips)
Seat 6: 1c4e756b ($5 in chips)
eecee880: posts small blind $0.02
c7cf5b1d: posts big blind $0.05
*** HOLE CARDS ***
Dealt to eecee880 
Dealt to c7cf5b1d 
Dealt to 3e018342 
Dealt to 5f37317c 
Dealt to Hero [2d Td]
Dealt to 1c4e756b 
3e018342: folds
5f37317c: raises $0.1 to $0.15
Hero: folds
1c4e756b: folds
eecee880: folds
c7cf5b1d: folds
Uncalled bet ($0.1) returned to 5f37317c
*** SHOWDOWN ***
5f37317c collected $0.12 from pot
*** SUMMARY ***
Total pot $0.12 | Rake $0 | Jackpot $0 | Bingo $0 | Fortune $0 | Tax $0
Seat 1: eecee880 (small blind) folded before Flop
Seat 2: c7cf5b1d (big blind) folded before Flop
Seat 3: 3e018342 folded before Flop (didn't bet)
Seat 4: 5f37317c collected ($0.12)
Seat 5: Hero folded before Flop (didn't bet)
Seat 6: 1c4e756b (button) folded before Flop (didn't bet)


Poker Hand #HD1718592019: Hold'em No Limit ($0.02/$0.05) - 2024/04/06 19:15:18
Table 'NLHBlue4' 6-max Seat #5 is the button
Seat 1: eecee880 ($6.82 in chips)
Seat 2: c7cf5b1d ($0.49 in chips)
Seat 3: 3e018342 ($5.07 in chips)
Seat 4: 5f37317c ($5.04 in chips)
Seat 5: Hero ($7.28 in chips)
Seat 6: 1c4e756b ($5.02 in chips)
1c4e756b: posts small blind $0.02
eecee880: posts big blind $0.05
*** HOLE CARDS ***
Dealt to eecee880 
Dealt to c7cf5b1d 
Dealt to 3e018342 
Dealt to 5f37317c 
Dealt to Hero [4c 8c]
Dealt to 1c4e756b 
c7cf5b1d: folds
3e018342: folds
5f37317c: raises $0.1 to $0.15
Hero: folds
1c4e756b: folds
eecee880: folds
Uncalled bet ($0.1) returned to 5f37317c
*** SHOWDOWN ***
5f37317c collected $0.12 from pot
*** SUMMARY ***
Total pot $0.12 | Rake $0 | Jackpot $0 | Bingo $0 | Fortune $0 | Tax $0
Seat 1: eecee880 (big blind) folded before Flop
Seat 2: c7cf5b1d folded before Flop (didn't bet)
Seat 3: 3e018342 folded before Flop (didn't bet)
Seat 4: 5f37317c collected ($0.12)
Seat 5: Hero (button) folded before Flop (didn't bet)
Seat 6: 1c4e756b (small blind) folded before Flop


Poker Hand #HD1718591965: Hold'em No Limit ($0.02/$0.05) - 2024/04/06 19:14:44
Table 'NLHBlue4' 6-max Seat #4 is the button
Seat 1: eecee880 ($6.82 in chips)
Seat 2: c7cf5b1d ($0.49 in chips)
Seat 3: 3e018342 ($5 in chips)
Seat 4: 5f37317c ($5.04 in chips)
Seat 5: Hero ($7.3 in chips)
Seat 6: 1c4e756b ($5.07 in chips)
Hero: posts small blind $0.02
1c4e756b: posts big blind $0.05
*** HOLE CARDS ***
Dealt to eecee880 
Dealt to c7cf5b1d 
Dealt to 3e018342 
Dealt to 5f37317c 
Dealt to Hero [Kc 8d]
Dealt to 1c4e756b 
eecee880: folds
c7cf5b1d: folds
3e018342: raises $0.08 to $0.13
5f37317c: folds
Hero: folds
1c4e756b: folds
Uncalled bet ($0.08) returned to 3e018342
*** SHOWDOWN ***
3e018342 collected $0.12 from pot
*** SUMMARY ***
Total pot $0.12 | Rake $0 | Jackpot $0 | Bingo $0 | Fortune $0 | Tax $0
Seat 1: eecee880 folded before Flop (didn't bet)
Seat 2: c7cf5b1d folded before Flop (didn't bet)
Seat 3: 3e018342 collected ($0.12)
Seat 4: 5f37317c (button) folded before Flop (didn't bet)
Seat 5: Hero (small blind) folded before Flop
Seat 6: 1c4e756b (big blind) folded before Flop


Poker Hand #HD1718591921: Hold'em No Limit ($0.02/$0.05) - 2024/04/06 19:14:21
Table 'NLHBlue4' 6-max Seat #3 is the button
Seat 1: eecee880 ($6.82 in chips)
Seat 2: c7cf5b1d ($0.49 in chips)
Seat 3: 3e018342 ($5 in chips)
Seat 4: 5f37317c ($5.06 in chips)
Seat 5: Hero ($7.35 in chips)
Seat 6: 1c4e756b ($5 in chips)
5f37317c: posts small blind $0.02
Hero: posts big blind $0.05
*** HOLE CARDS ***
Dealt to eecee880 
Dealt to c7cf5b1d 
Dealt to 3e018342 
Dealt to 5f37317c 
Dealt to Hero [As 5c]
Dealt to 1c4e756b 
1c4e756b: raises $0.08 to $0.13
eecee880: folds
c7cf5b1d: folds
3e018342: folds
5f37317c: folds
Hero: folds
Uncalled bet ($0.08) returned to 1c4e756b
*** SHOWDOWN ***
1c4e756b collected $0.12 from pot
*** SUMMARY ***
Total pot $0.12 | Rake $0 | Jackpot $0 | Bingo $0 | Fortune $0 | Tax $0
Seat 1: eecee880 folded before Flop (didn't bet)
Seat 2: c7cf5b1d folded before Flop (didn't bet)
Seat 3: 3e018342 (button) folded before Flop (didn't bet)
Seat 4: 5f37317c (small blind) folded before Flop
Seat 5: Hero (big blind) folded before Flop
Seat 6: 1c4e756b collected ($0.12)


Poker Hand #HD1718591890: Hold'em No Limit ($0.02/$0.05) - 2024/04/06 19:14:02
Table 'NLHBlue4' 6-max Seat #2 is the button
Seat 1: eecee880 ($6.82 in chips)
Seat 2: c7cf5b1d ($0.49 in chips)
Seat 3: 3e018342 ($5.02 in chips)
Seat 4: 5f37317c ($5.11 in chips)
Seat 5: Hero ($7.28 in chips)
Seat 6: 1c4e756b ($5 in chips)
3e018342: posts small blind $0.02
5f37317c: posts big blind $0.05
*** HOLE CARDS ***
Dealt to eecee880 
Dealt to c7cf5b1d 
Dealt to 3e018342 
Dealt to 5f37317c 
Dealt to Hero [Th Jh]
Dealt to 1c4e756b 
Hero: raises $0.05 to $0.1
1c4e756b: folds
eecee880: folds
c7cf5b1d: folds
3e018342: folds
5f37317c: folds
Uncalled bet ($0.05) returned to Hero
*** SHOWDOWN ***
Hero collected $0.12 from pot
*** SUMMARY ***
Total pot $0.12 | Rake $0 | Jackpot $0 | Bingo $0 | Fortune $0 | Tax $0
Seat 1: eecee880 folded before Flop (didn't bet)
Seat 2: c7cf5b1d (button) folded before Flop (didn't bet)
Seat 3: 3e018342 (small blind) folded before Flop
Seat 4: 5f37317c (big blind) folded before Flop
Seat 5: Hero collected ($0.12)
Seat 6: 1c4e756b folded before Flop (didn't bet)


Poker Hand #HD1718591788: Hold'em No Limit ($0.02/$0.05) - 2024/04/06 19:13:08
Table 'NLHBlue4' 6-max Seat #1 is the button
Seat 1: eecee880 ($6.82 in chips)
Seat 2: c7cf5b1d ($0.51 in chips)
Seat 3: 3e018342 ($4.78 in chips)
Seat 4: 5f37317c ($5.11 in chips)
Seat 5: Hero ($7.53 in chips)
Seat 6: 1c4e756b ($5 in chips)
c7cf5b1d: posts small blind $0.02
3e018342: posts big blind $0.05
*** HOLE CARDS ***
Dealt to eecee880 
Dealt to c7cf5b1d 
Dealt to 3e018342 
Dealt to 5f37317c 
Dealt to Hero [Jd Ac]
Dealt to 1c4e756b 
5f37317c: folds
Hero: raises $0.05 to $0.1
1c4e756b: folds
eecee880: folds
c7cf5b1d: folds
3e018342: raises $0.15 to $0.25
Hero: calls $0.15
*** FLOP *** [6h 4d 5h]
3e018342: checks
Hero: checks
*** TURN *** [6h 4d 5h] [3h]
3e018342: bets $0.18
Hero: folds
Uncalled bet ($0.18) returned to 3e018342
*** SHOWDOWN ***
3e018342 collected $0.49 from pot
*** SUMMARY ***
Total pot $0.52 | Rake $0.03 | Jackpot $0 | Bingo $0 | Fortune $0 | Tax $0
Board [6h 4d 5h 3h]
Seat 1: eecee880 (button) folded before Flop (didn't bet)
Seat 2: c7cf5b1d (small blind) folded before Flop
Seat 3: 3e018342 (big blind) won ($0.49)
Seat 4: 5f37317c folded before Flop (didn't bet)
Seat 5: Hero folded on the Turn
Seat 6: 1c4e756b folded before Flop (didn't bet)


Poker Hand #HD1718591753: Hold'em No Limit ($0.02/$0.05) - 2024/04/06 19:12:46
Table 'NLHBlue4' 6-max Seat #6 is the button
Seat 1: eecee880 ($6.84 in chips)
Seat 2: c7cf5b1d ($0.49 in chips)
Seat 3: 3e018342 ($4.78 in chips)
Seat 4: 5f37317c ($5.11 in chips)
Seat 5: Hero ($7.53 in chips)
Seat 6: 1c4e756b ($5 in chips)
eecee880: posts small blind $0.02
c7cf5b1d: posts big blind $0.05
*** HOLE CARDS ***
Dealt to eecee880 
Dealt to c7cf5b1d 
Dealt to 3e018342 
Dealt to 5f37317c 
Dealt to Hero [Kh 7s]
Dealt to 1c4e756b 
3e018342: folds
5f37317c: folds
Hero: folds
1c4e756b: folds
eecee880: folds
Uncalled bet ($0.03) returned to c7cf5b1d
*** SHOWDOWN ***
c7cf5b1d collected $0.04 from pot
*** SUMMARY ***
Total pot $0.04 | Rake $0 | Jackpot $0 | Bingo $0 | Fortune $0 | Tax $0
Seat 1: eecee880 (small blind) folded before Flop
Seat 2: c7cf5b1d (big blind) collected ($0.04)
Seat 3: 3e018342 folded before Flop (didn't bet)
Seat 4: 5f37317c folded before Flop (didn't bet)
Seat 5: Hero folded before Flop (didn't bet)
Seat 6: 1c4e756b (button) folded before Flop (didn't bet)


Poker Hand #HD1718591689: Hold'em No Limit ($0.02/$0.05) - 2024/04/06 19:12:17
Table 'NLHBlue4' 6-max Seat #5 is the button
Seat 1: eecee880 ($6.89 in chips)
Seat 2: c7cf5b1d ($0.49 in chips)
Seat 3: 3e018342 ($4.78 in chips)
Seat 4: 5f37317c ($5.04 in chips)
Seat 5: Hero ($7.53 in chips)
Seat 6: 1c4e756b ($5 in chips)
1c4e756b: posts small blind $0.02
eecee880: posts big blind $0.05
*** HOLE CARDS ***
Dealt to eecee880 
Dealt to c7cf5b1d 
Dealt to 3e018342 
Dealt to 5f37317c 
Dealt to Hero [2c 6h]
Dealt to 1c4e756b 
c7cf5b1d: folds
3e018342: folds
5f37317c: raises $0.1 to $0.15
Hero: folds
1c4e756b: folds
eecee880: folds
Uncalled bet ($0.1) returned to 5f37317c
*** SHOWDOWN ***
5f37317c collected $0.12 from pot
*** SUMMARY ***
Total pot $0.12 | Rake $0 | Jackpot $0 | Bingo $0 | Fortune $0 | Tax $0
Seat 1: eecee880 (big blind) folded before Flop
Seat 2: c7cf5b1d folded before Flop (didn't bet)
Seat 3: 3e018342 folded before Flop (didn't bet)
Seat 4: 5f37317c collected ($0.12)
Seat 5: Hero (button) folded before Flop (didn't bet)
Seat 6: 1c4e756b (small blind) folded before Flop


Poker Hand #HD1718591648: Hold'em No Limit ($0.02/$0.05) - 2024/04/06 19:11:57
Table 'NLHBlue4' 6-max Seat #4 is the button
Seat 1: eecee880 ($6.89 in chips)
Seat 2: c7cf5b1d ($0.54 in chips)
Seat 3: 3e018342 ($4.78 in chips)
Seat 4: 5f37317c ($4.92 in chips)
Seat 5: Hero ($7.55 in chips)
Seat 6: 1c4e756b ($5 in chips)
Hero: posts small blind $0.02
1c4e756b: posts big blind $0.05
*** HOLE CARDS ***
Dealt to eecee880 
Dealt to c7cf5b1d 
Dealt to 3e018342 
Dealt to 5f37317c 
Dealt to Hero [9d Qs]
Dealt to 1c4e756b 
eecee880: folds
c7cf5b1d: calls $0.05
3e018342: folds
5f37317c: raises $0.1 to $0.15
Hero: folds
1c4e756b: folds
c7cf5b1d: folds
Uncalled bet ($0.1) returned to 5f37317c
*** SHOWDOWN ***
5f37317c collected $0.17 from pot
*** SUMMARY ***
Total pot $0.17 | Rake $0 | Jackpot $0 | Bingo $0 | Fortune $0 | Tax $0
Seat 1: eecee880 folded before Flop (didn't bet)
Seat 2: c7cf5b1d folded before Flop
Seat 3: 3e018342 folded before Flop (didn't bet)
Seat 4: 5f37317c (button) collected ($0.17)
Seat 5: Hero (small blind) folded before Flop
Seat 6: 1c4e756b (big blind) folded before Flop


Poker Hand #HD1718591582: Hold'em No Limit ($0.02/$0.05) - 2024/04/06 19:11:21
Table 'NLHBlue4' 6-max Seat #3 is the button
Seat 1: eecee880 ($6.48 in chips)
Seat 2: c7cf5b1d ($0.54 in chips)
Seat 3: 3e018342 ($4.78 in chips)
Seat 4: 5f37317c ($4.94 in chips)
Seat 5: Hero ($7.6 in chips)
Seat 6: 1c4e756b ($5 in chips)
5f37317c: posts small blind $0.02
Hero: posts big blind $0.05
*** HOLE CARDS ***
Dealt to eecee880 
Dealt to c7cf5b1d 
Dealt to 3e018342 
Dealt to 5f37317c 
Dealt to Hero [3d 6s]
Dealt to 1c4e756b 
1c4e756b: raises $0.08 to $0.13
eecee880: raises $0.25 to $0.38
c7cf5b1d: folds
3e018342: folds
5f37317c: folds
Hero: folds
1c4e756b: calls $0.25
*** FLOP *** [Js 9c Qd]
1c4e756b: checks
eecee880: bets $0.42
1c4e756b: folds
Uncalled bet ($0.42) returned to eecee880
*** SHOWDOWN ***
eecee880 collected $0.79 from pot
*** SUMMARY ***
Total pot $0.83 | Rake $0.04 | Jackpot $0 | Bingo $0 | Fortune $0 | Tax $0
Board [Js 9c Qd]
Seat 1: eecee880 won ($0.79)
Seat 2: c7cf5b1d folded before Flop (didn't bet)
Seat 3: 3e018342 (button) folded before Flop (didn't bet)
Seat 4: 5f37317c (small blind) folded before Flop
Seat 5: Hero (big blind) folded before Flop
Seat 6: 1c4e756b folded on the Flop


Poker Hand #HD1718591460: Hold'em No Limit ($0.02/$0.05) - 2024/04/06 19:10:21
Table 'NLHBlue4' 6-max Seat #2 is the button
Seat 1: eecee880 ($6.48 in chips)
Seat 2: c7cf5b1d ($0.74 in chips)
Seat 3: 3e018342 ($4.55 in chips)
Seat 4: 5f37317c ($4.99 in chips)
Seat 5: Hero ($7.6 in chips)
Seat 6: 1c4e756b ($5 in chips)
3e018342: posts small blind $0.02
5f37317c: posts big blind $0.05
*** HOLE CARDS ***
Dealt to eecee880 
Dealt to c7cf5b1d 
Dealt to 3e018342 
Dealt to 5f37317c 
Dealt to Hero [4d Ah]
Dealt to 1c4e756b 
Hero: folds
1c4e756b: folds
eecee880: folds
c7cf5b1d: calls $0.05
3e018342: calls $0.03
5f37317c: checks
*** FLOP *** [Th 2c 4c]
3e018342: checks
5f37317c: checks
c7cf5b1d: checks
*** TURN *** [Th 2c 4c] [8c]
3e018342: checks
5f37317c: checks
c7cf5b1d: checks
*** RIVER *** [Th 2c 4c 8c] [Qs]
3e018342: bets $0.15
5f37317c: folds
c7cf5b1d: calls $0.15
3e018342: shows [Kc Qh] (Pair of Queens)
c7cf5b1d: shows [Td Ks] (Pair of Tens)
*** SHOWDOWN ***
3e018342 collected $0.43 from pot
*** SUMMARY ***
Total pot $0.45 | Rake $0.02 | Jackpot $0 | Bingo $0 | Fortune $0 | Tax $0
Board [Th 2c 4c 8c Qs]
Seat 1: eecee880 folded before Flop (didn't bet)
Seat 2: c7cf5b1d (button) showed [Td Ks] and lost with Pair of Tens
Seat 3: 3e018342 (small blind) showed [Kc Qh] and won ($0.43) with Pair of Queens
Seat 4: 5f37317c (big blind) folded on the River
Seat 5: Hero folded before Flop (didn't bet)
Seat 6: 1c4e756b folded before Flop (didn't bet)


Poker Hand #HD1718591400: Hold'em No Limit ($0.02/$0.05) - 2024/04/06 19:09:54
Table 'NLHBlue4' 6-max Seat #1 is the button
Seat 1: eecee880 ($6.41 in chips)
Seat 2: c7cf5b1d ($0.76 in chips)
Seat 3: 3e018342 ($4.6 in chips)
Seat 4: 5f37317c ($4.99 in chips)
Seat 5: Hero ($7.6 in chips)
Seat 6: 1c4e756b ($5 in chips)
c7cf5b1d: posts small blind $0.02
3e018342: posts big blind $0.05
*** HOLE CARDS ***
Dealt to eecee880 
Dealt to c7cf5b1d 
Dealt to 3e018342 
Dealt to 5f37317c 
Dealt to Hero [8c Ts]
Dealt to 1c4e756b 
5f37317c: folds
Hero: folds
1c4e756b: folds
eecee880: raises $0.08 to $0.13
c7cf5b1d: folds
3e018342: folds
Uncalled bet ($0.08) returned to eecee880
*** SHOWDOWN ***
eecee880 collected $0.12 from pot
*** SUMMARY ***
Total pot $0.12 | Rake $0 | Jackpot $0 | Bingo $0 | Fortune $0 | Tax $0
Seat 1: eecee880 (button) collected ($0.12)
Seat 2: c7cf5b1d (small blind) folded before Flop
Seat 3: 3e018342 (big blind) folded before Flop
Seat 4: 5f37317c folded before Flop (didn't bet)
Seat 5: Hero folded before Flop (didn't bet)
Seat 6: 1c4e756b folded before Flop (didn't bet)


Poker Hand #HD1718591292: Hold'em No Limit ($0.02/$0.05) - 2024/04/06 19:08:57
Table 'NLHBlue4' 6-max Seat #6 is the button
Seat 1: eecee880 ($5.86 in chips)
Seat 2: c7cf5b1d ($0.81 in chips)
Seat 3: 3e018342 ($4.6 in chips)
Seat 4: 5f37317c ($4.99 in chips)
Seat 5: Hero ($7.6 in chips)
Seat 6: 1c4e756b ($5 in chips)
eecee880: posts small blind $0.02
c7cf5b1d: posts big blind $0.05
*** HOLE CARDS ***
Dealt to eecee880 
Dealt to c7cf5b1d 
Dealt to 3e018342 
Dealt to 5f37317c 
Dealt to Hero [8h 4c]
Dealt to 1c4e756b 
3e018342: folds
5f37317c: folds
Hero: folds
1c4e756b: raises $0.08 to $0.13
eecee880: raises $0.42 to $0.55
c7cf5b1d: folds
1c4e756b: calls $0.42
*** FLOP *** [Jh Jc Qc]
eecee880: bets $0.58
1c4e756b: folds
Uncalled bet ($0.58) returned to eecee880
*** SHOWDOWN ***
eecee880 collected $1.1 from pot
*** SUMMARY ***
Total pot $1.15 | Rake $0.05 | Jackpot $0 | Bingo $0 | Fortune $0 | Tax $0
Board [Jh Jc Qc]
Seat 1: eecee880 (small blind) won ($1.1)
Seat 2: c7cf5b1d (big blind) folded before Flop
Seat 3: 3e018342 folded before Flop (didn't bet)
Seat 4: 5f37317c folded before Flop (didn't bet)
Seat 5: Hero folded before Flop (didn't bet)
Seat 6: 1c4e756b (button) folded on the Flop


Poker Hand #HD1718591262: Hold'em No Limit ($0.02/$0.05) - 2024/04/06 19:08:39
Table 'NLHBlue4' 6-max Seat #5 is the button
Seat 1: eecee880 ($5.84 in chips)
Seat 2: c7cf5b1d ($0.81 in chips)
Seat 3: 3e018342 ($4.6 in chips)
Seat 4: 5f37317c ($4.99 in chips)
Seat 5: Hero ($7.6 in chips)
Seat 6: 1c4e756b ($5 in chips)
1c4e756b: posts small blind $0.02
eecee880: posts big blind $0.05
*** HOLE CARDS ***
Dealt to eecee880 
Dealt to c7cf5b1d 
Dealt to 3e018342 
Dealt to 5f37317c 
Dealt to Hero [4s 3s]
Dealt to 1c4e756b 
c7cf5b1d: folds
3e018342: folds
5f37317c: folds
Hero: folds
1c4e756b: folds
Uncalled bet ($0.03) returned to eecee880
*** SHOWDOWN ***
eecee880 collected $0.04 from pot
*** SUMMARY ***
Total pot $0.04 | Rake $0 | Jackpot $0 | Bingo $0 | Fortune $0 | Tax $0
Seat 1: eecee880 (big blind) collected ($0.04)
Seat 2: c7cf5b1d folded before Flop (didn't bet)
Seat 3: 3e018342 folded before Flop (didn't bet)
Seat 4: 5f37317c folded before Flop (didn't bet)
Seat 5: Hero (button) folded before Flop (didn't bet)
Seat 6: 1c4e756b (small blind) folded before Flop


Poker Hand #HD1718591227: Hold'em No Limit ($0.02/$0.05) - 2024/04/06 19:08:18
Table 'NLHBlue4' 6-max Seat #4 is the button
Seat 1: eecee880 ($5.84 in chips)
Seat 2: c7cf5b1d ($0.81 in chips)
Seat 3: 3e018342 ($4.73 in chips)
Seat 4: 5f37317c ($4.99 in chips)
Seat 5: Hero ($7.43 in chips)
Seat 6: 1c4e756b ($5 in chips)
Hero: posts small blind $0.02
1c4e756b: posts big blind $0.05
*** HOLE CARDS ***
Dealt to eecee880 
Dealt to c7cf5b1d 
Dealt to 3e018342 
Dealt to 5f37317c 
Dealt to Hero [Qh Ks]
Dealt to 1c4e756b 
eecee880: folds
c7cf5b1d: folds
3e018342: raises $0.08 to $0.13
5f37317c: folds
Hero: raises $0.37 to $0.5
1c4e756b: folds
3e018342: folds
Uncalled bet ($0.37) returned to Hero
*** SHOWDOWN ***
Hero collected $0.3 from pot
*** SUMMARY ***
Total pot $0.31 | Rake $0.01 | Jackpot $0 | Bingo $0 | Fortune $0 | Tax $0
Seat 1: eecee880 folded before Flop (didn't bet)
Seat 2: c7cf5b1d folded before Flop (didn't bet)
Seat 3: 3e018342 folded before Flop
Seat 4: 5f37317c (button) folded before Flop (didn't bet)
Seat 5: Hero (small blind) collected ($0.3)
Seat 6: 1c4e756b (big blind) folded before Flop


Poker Hand #HD1718591088: Hold'em No Limit ($0.02/$0.05) - 2024/04/06 19:07:05
Table 'NLHBlue4' 6-max Seat #3 is the button
Seat 1: eecee880 ($5.84 in chips)
Seat 2: c7cf5b1d ($0.81 in chips)
Seat 3: 3e018342 ($4.73 in chips)
Seat 4: 5f37317c ($5.09 in chips)
Seat 5: Hero ($7.34 in chips)
5f37317c: posts small blind $0.02
Hero: posts big blind $0.05
*** HOLE CARDS ***
Dealt to eecee880 
Dealt to c7cf5b1d 
Dealt to 3e018342 
Dealt to 5f37317c 
Dealt to Hero [8d Qs]
eecee880: folds
c7cf5b1d: folds
3e018342: folds
5f37317c: calls $0.03
Hero: checks
*** FLOP *** [Qh 2h 3d]
5f37317c: checks
Hero: bets $0.05
5f37317c: calls $0.05
*** TURN *** [Qh 2h 3d] [Js]
5f37317c: checks
Hero: checks
*** RIVER *** [Qh 2h 3d Js] [6h]
5f37317c: checks
Hero: checks
5f37317c: shows [6d 5h] (Pair of Sixes)
Hero: shows [8d Qs] (Pair of Queens)
*** SHOWDOWN ***
Hero collected $0.19 from pot
*** SUMMARY ***
Total pot $0.2 | Rake $0.01 | Jackpot $0 | Bingo $0 | Fortune $0 | Tax $0
Board [Qh 2h 3d Js 6h]
Seat 1: eecee880 folded before Flop (didn't bet)
Seat 2: c7cf5b1d folded before Flop (didn't bet)
Seat 3: 3e018342 (button) folded before Flop (didn't bet)
Seat 4: 5f37317c (small blind) showed [6d 5h] and lost with Pair of Sixes
Seat 5: Hero (big blind) showed [8d Qs] and won ($0.19) with Pair of Queens


Poker Hand #HD1718591071: Hold'em No Limit ($0.02/$0.05) - 2024/04/06 19:06:55
Table 'NLHBlue4' 6-max Seat #2 is the button
Seat 1: eecee880 ($5.84 in chips)
Seat 2: c7cf5b1d ($0.81 in chips)
Seat 3: 3e018342 ($4.75 in chips)
Seat 4: 5f37317c ($5.07 in chips)
Seat 5: Hero ($7.34 in chips)
3e018342: posts small blind $0.02
5f37317c: posts big blind $0.05
*** HOLE CARDS ***
Dealt to eecee880 
Dealt to c7cf5b1d 
Dealt to 3e018342 
Dealt to 5f37317c 
Dealt to Hero [6h 8d]
Hero: folds
eecee880: folds
c7cf5b1d: folds
3e018342: folds
Uncalled bet ($0.03) returned to 5f37317c
*** SHOWDOWN ***
5f37317c collected $0.04 from pot
*** SUMMARY ***
Total pot $0.04 | Rake $0 | Jackpot $0 | Bingo $0 | Fortune $0 | Tax $0
Seat 1: eecee880 folded before Flop (didn't bet)
Seat 2: c7cf5b1d (button) folded before Flop (didn't bet)
Seat 3: 3e018342 (small blind) folded before Flop
Seat 4: 5f37317c (big blind) collected ($0.04)
Seat 5: Hero folded before Flop (didn't bet)


Poker Hand #HD1718590995: Hold'em No Limit ($0.02/$0.05) - 2024/04/06 19:06:19
Table 'NLHBlue4' 6-max Seat #1 is the button
Seat 1: eecee880 ($5.84 in chips)
Seat 2: c7cf5b1d ($0.94 in chips)
Seat 3: 3e018342 ($4.8 in chips)
Seat 4: 5f37317c ($5.07 in chips)
Seat 5: Hero ($7.17 in chips)
c7cf5b1d: posts small blind $0.02
3e018342: posts big blind $0.05
*** HOLE CARDS ***
Dealt to eecee880 
Dealt to c7cf5b1d 
Dealt to 3e018342 
Dealt to 5f37317c 
Dealt to Hero [Ah 7h]
5f37317c: folds
Hero: raises $0.08 to $0.13
eecee880: folds
c7cf5b1d: calls $0.11
3e018342: folds
*** FLOP *** [9h 5d Qh]
c7cf5b1d: checks
Hero: bets $0.15
c7cf5b1d: folds
Uncalled bet ($0.15) returned to Hero
*** SHOWDOWN ***
Hero collected $0.3 from pot
*** SUMMARY ***
Total pot $0.31 | Rake $0.01 | Jackpot $0 | Bingo $0 | Fortune $0 | Tax $0
Board [9h 5d Qh]
Seat 1: eecee880 (button) folded before Flop (didn't bet)
Seat 2: c7cf5b1d (small blind) folded on the Flop
Seat 3: 3e018342 (big blind) folded before Flop
Seat 4: 5f37317c folded before Flop (didn't bet)
Seat 5: Hero won ($0.3)


Poker Hand #HD1718590949: Hold'em No Limit ($0.02/$0.05) - 2024/04/06 19:05:56
Table 'NLHBlue4' 6-max Seat #5 is the button
Seat 1: eecee880 ($5.86 in chips)
Seat 2: c7cf5b1d ($0.99 in chips)
Seat 3: 3e018342 ($4.8 in chips)
Seat 4: 5f37317c ($5 in chips)
Seat 5: Hero ($7.17 in chips)
eecee880: posts small blind $0.02
c7cf5b1d: posts big blind $0.05
*** HOLE CARDS ***
Dealt to eecee880 
Dealt to c7cf5b1d 
Dealt to 3e018342 
Dealt to 5f37317c 
Dealt to Hero [2c 4d]
3e018342: folds
5f37317c: raises $0.1 to $0.15
Hero: folds
eecee880: folds
c7cf5b1d: folds
Uncalled bet ($0.1) returned to 5f37317c
*** SHOWDOWN ***
5f37317c collected $0.12 from pot
*** SUMMARY ***
Total pot $0.12 | Rake $0 | Jackpot $0 | Bingo $0 | Fortune $0 | Tax $0
Seat 1: eecee880 (small blind) folded before Flop
Seat 2: c7cf5b1d (big blind) folded before Flop
Seat 3: 3e018342 folded before Flop (didn't bet)
Seat 4: 5f37317c collected ($0.12)
Seat 5: Hero (button) folded before Flop (didn't bet)


Poker Hand #HD1718590917: Hold'em No Limit ($0.02/$0.05) - 2024/04/06 19:05:39
Table 'NLHBlue4' 6-max Seat #4 is the button
Seat 1: eecee880 ($5.91 in chips)
Seat 2: c7cf5b1d ($0.99 in chips)
Seat 3: 3e018342 ($4.8 in chips)
Seat 4: 5f37317c ($4.93 in chips)
Seat 5: Hero ($7.19 in chips)
Hero: posts small blind $0.02
eecee880: posts big blind $0.05
*** HOLE CARDS ***
Dealt to eecee880 
Dealt to c7cf5b1d 
Dealt to 3e018342 
Dealt to 5f37317c 
Dealt to Hero [5c 2c]
c7cf5b1d: folds
3e018342: folds
5f37317c: raises $0.1 to $0.15
Hero: folds
eecee880: folds
Uncalled bet ($0.1) returned to 5f37317c
*** SHOWDOWN ***
5f37317c collected $0.12 from pot
*** SUMMARY ***
Total pot $0.12 | Rake $0 | Jackpot $0 | Bingo $0 | Fortune $0 | Tax $0
Seat 1: eecee880 (big blind) folded before Flop
Seat 2: c7cf5b1d folded before Flop (didn't bet)
Seat 3: 3e018342 folded before Flop (didn't bet)
Seat 4: 5f37317c (button) collected ($0.12)
Seat 5: Hero (small blind) folded before Flop


Poker Hand #HD1718590892: Hold'em No Limit ($0.02/$0.05) - 2024/04/06 19:05:26
Table 'NLHBlue4' 6-max Seat #3 is the button
Seat 1: eecee880 ($5.84 in chips)
Seat 2: c7cf5b1d ($0.99 in chips)
Seat 3: 3e018342 ($4.8 in chips)
Seat 4: 5f37317c ($4.95 in chips)
Seat 5: Hero ($7.24 in chips)
Seat 6: 33960694 ($5.15 in chips)
5f37317c: posts small blind $0.02
Hero: posts big blind $0.05
*** HOLE CARDS ***
Dealt to eecee880 
Dealt to c7cf5b1d 
Dealt to 3e018342 
Dealt to 5f37317c 
Dealt to Hero [3c 8s]
Dealt to 33960694 
33960694: folds
eecee880: raises $0.06 to $0.11
c7cf5b1d: folds
3e018342: folds
5f37317c: folds
Hero: folds
Uncalled bet ($0.06) returned to eecee880
*** SHOWDOWN ***
eecee880 collected $0.12 from pot
*** SUMMARY ***
Total pot $0.12 | Rake $0 | Jackpot $0 | Bingo $0 | Fortune $0 | Tax $0
Seat 1: eecee880 collected ($0.12)
Seat 2: c7cf5b1d folded before Flop (didn't bet)
Seat 3: 3e018342 (button) folded before Flop (didn't bet)
Seat 4: 5f37317c (small blind) folded before Flop
Seat 5: Hero (big blind) folded before Flop
Seat 6: 33960694 folded before Flop (didn't bet)


Poker Hand #HD1718590785: Hold'em No Limit ($0.02/$0.05) - 2024/04/06 19:04:39
Table 'NLHBlue4' 6-max Seat #2 is the button
Seat 1: eecee880 ($5.4 in chips)
Seat 2: c7cf5b1d ($1.3 in chips)
Seat 3: 3e018342 ($4.82 in chips)
Seat 4: 5f37317c ($5 in chips)
Seat 5: Hero ($7.34 in chips)
Seat 6: 33960694 ($5.15 in chips)
3e018342: posts small blind $0.02
5f37317c: posts big blind $0.05
*** HOLE CARDS ***
Dealt to eecee880 
Dealt to c7cf5b1d 
Dealt to 3e018342 
Dealt to 5f37317c 
Dealt to Hero [Qc Js]
Dealt to 33960694 
Hero: raises $0.05 to $0.1
33960694: folds
eecee880: raises $0.21 to $0.31
c7cf5b1d: calls $0.31
3e018342: folds
5f37317c: folds
Hero: folds
*** FLOP *** [Ts 4h Qh]
eecee880: bets $0.4
c7cf5b1d: folds
Uncalled bet ($0.4) returned to eecee880
*** SHOWDOWN ***
eecee880 collected $0.75 from pot
*** SUMMARY ***
Total pot $0.79 | Rake $0.04 | Jackpot $0 | Bingo $0 | Fortune $0 | Tax $0
Board [Ts 4h Qh]
Seat 1: eecee880 won ($0.75)
Seat 2: c7cf5b1d (button) folded on the Flop
Seat 3: 3e018342 (small blind) folded before Flop
Seat 4: 5f37317c (big blind) folded before Flop
Seat 5: Hero folded before Flop
Seat 6: 33960694 folded before Flop (didn't bet)


Poker Hand #HD1718590715: Hold'em No Limit ($0.02/$0.05) - 2024/04/06 19:04:03
Table 'NLHBlue4' 6-max Seat #1 is the button
Seat 1: eecee880 ($5.07 in chips)
Seat 2: c7cf5b1d ($1.32 in chips)
Seat 3: 3e018342 ($4.87 in chips)
Seat 5: Hero ($7.44 in chips)
Seat 6: 33960694 ($5.33 in chips)
c7cf5b1d: posts small blind $0.02
3e018342: posts big blind $0.05
*** HOLE CARDS ***
Dealt to eecee880 
Dealt to c7cf5b1d 
Dealt to 3e018342 
Dealt to Hero [Kh Tc]
Dealt to 33960694 
Hero: raises $0.05 to $0.1
33960694: raises $0.08 to $0.18
eecee880: raises $0.4 to $0.58
c7cf5b1d: folds
3e018342: folds
Hero: folds
33960694: folds
Uncalled bet ($0.4) returned to eecee880
*** SHOWDOWN ***
eecee880 collected $0.51 from pot
*** SUMMARY ***
Total pot $0.53 | Rake $0.02 | Jackpot $0 | Bingo $0 | Fortune $0 | Tax $0
Seat 1: eecee880 (button) collected ($0.51)
Seat 2: c7cf5b1d (small blind) folded before Flop
Seat 3: 3e018342 (big blind) folded before Flop
Seat 5: Hero folded before Flop
Seat 6: 33960694 folded before Flop


Poker Hand #HD1718590648: Hold'em No Limit ($0.02/$0.05) - 2024/04/06 19:03:32
Table 'NLHBlue4' 6-max Seat #6 is the button
Seat 1: eecee880 ($5.09 in chips)
Seat 2: c7cf5b1d ($1.37 in chips)
Seat 3: 3e018342 ($4.87 in chips)
Seat 5: Hero ($7.37 in chips)
Seat 6: 33960694 ($5.33 in chips)
eecee880: posts small blind $0.02
c7cf5b1d: posts big blind $0.05
*** HOLE CARDS ***
Dealt to eecee880 
Dealt to c7cf5b1d 
Dealt to 3e018342 
Dealt to Hero [Ac 7h]
Dealt to 33960694 
3e018342: folds
Hero: raises $0.08 to $0.13
33960694: folds
eecee880: folds
c7cf5b1d: folds
Uncalled bet ($0.08) returned to Hero
*** SHOWDOWN ***
Hero collected $0.12 from pot
*** SUMMARY ***
Total pot $0.12 | Rake $0 | Jackpot $0 | Bingo $0 | Fortune $0 | Tax $0
Seat 1: eecee880 (small blind) folded before Flop
Seat 2: c7cf5b1d (big blind) folded before Flop
Seat 3: 3e018342 folded before Flop (didn't bet)
Seat 5: Hero collected ($0.12)
Seat 6: 33960694 (button) folded before Flop (didn't bet)


Poker Hand #HD1718590429: Hold'em No Limit ($0.02/$0.05) - 2024/04/06 19:01:42
Table 'NLHBlue4' 6-max Seat #5 is the button
Seat 1: eecee880 ($5.19 in chips)
Seat 2: c7cf5b1d ($1.09 in chips)
Seat 3: 3e018342 ($4.87 in chips)
Seat 4: dde7d4cd ($8.54 in chips)
Seat 5: Hero ($7.37 in chips)
Seat 6: 33960694 ($5.43 in chips)
33960694: posts small blind $0.02
eecee880: posts big blind $0.05
*** HOLE CARDS ***
Dealt to eecee880 
Dealt to c7cf5b1d 
Dealt to 3e018342 
Dealt to dde7d4cd 
Dealt to Hero [Kc 6s]
Dealt to 33960694 
c7cf5b1d: calls $0.05
3e018342: folds
dde7d4cd: raises $0.05 to $0.1
Hero: folds
33960694: calls $0.08
eecee880: calls $0.05
c7cf5b1d: calls $0.05
*** FLOP *** [Kh 9c 5d]
33960694: checks
eecee880: checks
c7cf5b1d: checks
dde7d4cd: checks
*** TURN *** [Kh 9c 5d] [5s]
33960694: checks
eecee880: checks
c7cf5b1d: checks
dde7d4cd: checks
*** RIVER *** [Kh 9c 5d 5s] [Jd]
33960694: checks
eecee880: checks
c7cf5b1d: checks
dde7d4cd: checks
33960694: shows [7s 7h] (Pair of Sevens and Pair of Fives)
eecee880: shows [Qd 3d] (Pair of Fives)
c7cf5b1d: shows [Jh 6h] (Pair of Jacks and Pair of Fives)
dde7d4cd: shows [2c 2d] (Pair of Fives and Pair of Twos)
*** SHOWDOWN ***
c7cf5b1d collected $0.38 from pot
*** SUMMARY ***
Total pot $0.4 | Rake $0.02 | Jackpot $0 | Bingo $0 | Fortune $0 | Tax $0
Board [Kh 9c 5d 5s Jd]
Seat 1: eecee880 (big blind) showed [Qd 3d] and lost with Pair of Fives
Seat 2: c7cf5b1d showed [Jh 6h] and won ($0.38) with Pair of Jacks and Pair of Fives
Seat 3: 3e018342 folded before Flop (didn't bet)
Seat 4: dde7d4cd showed [2c 2d] and lost with Pair of Fives and Pair of Twos
Seat 5: Hero (button) folded before Flop (didn't bet)
Seat 6: 33960694 (small blind) showed [7s 7h] and lost with Pair of Sevens and Pair of Fives


Poker Hand #HD1718590385: Hold'em No Limit ($0.02/$0.05) - 2024/04/06 19:01:22
Table 'NLHBlue4' 6-max Seat #4 is the button
Seat 1: eecee880 ($5.19 in chips)
Seat 2: c7cf5b1d ($1.09 in chips)
Seat 3: 3e018342 ($4.8 in chips)
Seat 4: dde7d4cd ($8.54 in chips)
Seat 5: Hero ($7.39 in chips)
Seat 6: 33960694 ($5.48 in chips)
Hero: posts small blind $0.02
33960694: posts big blind $0.05
*** HOLE CARDS ***
Dealt to eecee880 
Dealt to c7cf5b1d 
Dealt to 3e018342 
Dealt to dde7d4cd 
Dealt to Hero [3s Jh]
Dealt to 33960694 
eecee880: folds
c7cf5b1d: folds
3e018342: raises $0.08 to $0.13
dde7d4cd: folds
Hero: folds
33960694: folds
Uncalled bet ($0.08) returned to 3e018342
*** SHOWDOWN ***
3e018342 collected $0.12 from pot
*** SUMMARY ***
Total pot $0.12 | Rake $0 | Jackpot $0 | Bingo $0 | Fortune $0 | Tax $0
Seat 1: eecee880 folded before Flop (didn't bet)
Seat 2: c7cf5b1d folded before Flop (didn't bet)
Seat 3: 3e018342 collected ($0.12)
Seat 4: dde7d4cd (button) folded before Flop (didn't bet)
Seat 5: Hero (small blind) folded before Flop
Seat 6: 33960694 (big blind) folded before Flop


Poker Hand #HD1718590249: Hold'em No Limit ($0.02/$0.05) - 2024/04/06 19:00:18
Table 'NLHBlue4' 6-max Seat #3 is the button
Seat 1: eecee880 ($5.19 in chips)
Seat 2: c7cf5b1d ($0.9 in chips)
Seat 3: 3e018342 ($4.93 in chips)
Seat 4: dde7d4cd ($8.56 in chips)
Seat 5: Hero ($7.44 in chips)
Seat 6: 33960694 ($5.48 in chips)
dde7d4cd: posts small blind $0.02
Hero: posts big blind $0.05
*** HOLE CARDS ***
Dealt to eecee880 
Dealt to c7cf5b1d 
Dealt to 3e018342 
Dealt to dde7d4cd 
Dealt to Hero [Jc 9c]
Dealt to 33960694 
33960694: folds
eecee880: folds
c7cf5b1d: calls $0.05
3e018342: raises $0.08 to $0.13
dde7d4cd: folds
Hero: folds
c7cf5b1d: calls $0.08
*** FLOP *** [6h 4s 2d]
c7cf5b1d: checks
3e018342: checks
*** TURN *** [6h 4s 2d] [Ah]
c7cf5b1d: checks
3e018342: checks
*** RIVER *** [6h 4s 2d Ah] [7c]
c7cf5b1d: checks
3e018342: checks
c7cf5b1d: shows [Tc Td] (Pair of Tens)
3e018342: shows [9h Qh] (Ace-High)
*** SHOWDOWN ***
c7cf5b1d collected $0.32 from pot
*** SUMMARY ***
Total pot $0.33 | Rake $0.01 | Jackpot $0 | Bingo $0 | Fortune $0 | Tax $0
Board [6h 4s 2d Ah 7c]
Seat 1: eecee880 folded before Flop (didn't bet)
Seat 2: c7cf5b1d showed [Tc Td] and won ($0.32) with Pair of Tens
Seat 3: 3e018342 (button) showed [9h Qh] and lost with Ace-High
Seat 4: dde7d4cd (small blind) folded before Flop
Seat 5: Hero (big blind) folded before Flop
Seat 6: 33960694 folded before Flop (didn't bet)


Poker Hand #HD1718590173: Hold'em No Limit ($0.02/$0.05) - 2024/04/06 18:59:38
Table 'NLHBlue4' 6-max Seat #2 is the button
Seat 1: eecee880 ($5.19 in chips)
Seat 2: c7cf5b1d ($0.66 in chips)
Seat 3: 3e018342 ($4.95 in chips)
Seat 4: dde7d4cd ($8.61 in chips)
Seat 5: Hero ($7.44 in chips)
Seat 6: 33960694 ($5.67 in chips)
3e018342: posts small blind $0.02
dde7d4cd: posts big blind $0.05
*** HOLE CARDS ***
Dealt to eecee880 
Dealt to c7cf5b1d 
Dealt to 3e018342 
Dealt to dde7d4cd 
Dealt to Hero [Qd 4c]
Dealt to 33960694 
Hero: folds
33960694: raises $0.05 to $0.1
eecee880: folds
c7cf5b1d: calls $0.1
3e018342: folds
dde7d4cd: folds
*** FLOP *** [7d Ac 2s]
33960694: checks
c7cf5b1d: bets $0.09
33960694: calls $0.09
*** TURN *** [7d Ac 2s] [4h]
33960694: checks
c7cf5b1d: bets $0.45
33960694: folds
Uncalled bet ($0.45) returned to c7cf5b1d
*** SHOWDOWN ***
c7cf5b1d collected $0.43 from pot
*** SUMMARY ***
Total pot $0.45 | Rake $0.02 | Jackpot $0 | Bingo $0 | Fortune $0 | Tax $0
Board [7d Ac 2s 4h]
Seat 1: eecee880 folded before Flop (didn't bet)
Seat 2: c7cf5b1d (button) won ($0.43)
Seat 3: 3e018342 (small blind) folded before Flop
Seat 4: dde7d4cd (big blind) folded before Flop
Seat 5: Hero folded before Flop (didn't bet)
Seat 6: 33960694 folded on the Turn


Poker Hand #HD1718590126: Hold'em No Limit ($0.02/$0.05) - 2024/04/06 18:59:17
Table 'NLHBlue4' 6-max Seat #1 is the button
Seat 1: eecee880 ($5.19 in chips)
Seat 2: c7cf5b1d ($0.68 in chips)
Seat 3: 3e018342 ($5 in chips)
Seat 4: dde7d4cd ($8.61 in chips)
Seat 5: Hero ($7.44 in chips)
Seat 6: 33960694 ($5.6 in chips)
c7cf5b1d: posts small blind $0.02
3e018342: posts big blind $0.05
*** HOLE CARDS ***
Dealt to eecee880 
Dealt to c7cf5b1d 
Dealt to 3e018342 
Dealt to dde7d4cd 
Dealt to Hero [8d 4s]
Dealt to 33960694 
dde7d4cd: folds
Hero: folds
33960694: raises $0.05 to $0.1
eecee880: folds
c7cf5b1d: folds
3e018342: folds
Uncalled bet ($0.05) returned to 33960694
*** SHOWDOWN ***
33960694 collected $0.12 from pot
*** SUMMARY ***
Total pot $0.12 | Rake $0 | Jackpot $0 | Bingo $0 | Fortune $0 | Tax $0
Seat 1: eecee880 (button) folded before Flop (didn't bet)
Seat 2: c7cf5b1d (small blind) folded before Flop
Seat 3: 3e018342 (big blind) folded before Flop
Seat 4: dde7d4cd folded before Flop (didn't bet)
Seat 5: Hero folded before Flop (didn't bet)
Seat 6: 33960694 collected ($0.12)


Poker Hand #HD1718590022: Hold'em No Limit ($0.02/$0.05) - 2024/04/06 18:58:25
Table 'NLHBlue4' 6-max Seat #6 is the button
Seat 1: eecee880 ($5.05 in chips)
Seat 2: c7cf5b1d ($0.83 in chips)
Seat 3: 3e018342 ($5 in chips)
Seat 4: dde7d4cd ($8.61 in chips)
Seat 5: Hero ($7.44 in chips)
Seat 6: 33960694 ($5.6 in chips)
eecee880: posts small blind $0.02
c7cf5b1d: posts big blind $0.05
*** HOLE CARDS ***
Dealt to eecee880 
Dealt to c7cf5b1d 
Dealt to 3e018342 
Dealt to dde7d4cd 
Dealt to Hero [2d 7c]
Dealt to 33960694 
3e018342: folds
dde7d4cd: folds
Hero: folds
33960694: folds
eecee880: raises $0.1 to $0.15
c7cf5b1d: calls $0.1
*** FLOP *** [4h Kc Qh]
eecee880: bets $0.1
c7cf5b1d: folds
Uncalled bet ($0.1) returned to eecee880
*** SHOWDOWN ***
eecee880 collected $0.29 from pot
*** SUMMARY ***
Total pot $0.3 | Rake $0.01 | Jackpot $0 | Bingo $0 | Fortune $0 | Tax $0
Board [4h Kc Qh]
Seat 1: eecee880 (small blind) won ($0.29)
Seat 2: c7cf5b1d (big blind) folded on the Flop
Seat 3: 3e018342 folded before Flop (didn't bet)
Seat 4: dde7d4cd folded before Flop (didn't bet)
Seat 5: Hero folded before Flop (didn't bet)
Seat 6: 33960694 (button) folded before Flop (didn't bet)


Poker Hand #HD1718589969: Hold'em No Limit ($0.02/$0.05) - 2024/04/06 18:57:59
Table 'NLHBlue4' 6-max Seat #5 is the button
Seat 1: eecee880 ($5.1 in chips)
Seat 2: c7cf5b1d ($0.83 in chips)
Seat 3: 3e018342 ($4.93 in chips)
Seat 4: dde7d4cd ($8.61 in chips)
Seat 5: Hero ($7.44 in chips)
Seat 6: 33960694 ($5.62 in chips)
33960694: posts small blind $0.02
eecee880: posts big blind $0.05
*** HOLE CARDS ***
Dealt to eecee880 
Dealt to c7cf5b1d 
Dealt to 3e018342 
Dealt to dde7d4cd 
Dealt to Hero [6c 4s]
Dealt to 33960694 
c7cf5b1d: folds
3e018342: raises $0.08 to $0.13
dde7d4cd: folds
Hero: folds
33960694: folds
eecee880: folds
Uncalled bet ($0.08) returned to 3e018342
*** SHOWDOWN ***
3e018342 collected $0.12 from pot
*** SUMMARY ***
Total pot $0.12 | Rake $0 | Jackpot $0 | Bingo $0 | Fortune $0 | Tax $0
Seat 1: eecee880 (big blind) folded before Flop
Seat 2: c7cf5b1d folded before Flop (didn't bet)
Seat 3: 3e018342 collected ($0.12)
Seat 4: dde7d4cd folded before Flop (didn't bet)
Seat 5: Hero (button) folded before Flop (didn't bet)
Seat 6: 33960694 (small blind) folded before Flop


Poker Hand #HD1718589900: Hold'em No Limit ($0.02/$0.05) - 2024/04/06 18:57:26
Table 'NLHBlue4' 6-max Seat #4 is the button
Seat 1: eecee880 ($5.1 in chips)
Seat 2: c7cf5b1d ($0.88 in chips)
Seat 3: 3e018342 ($4.93 in chips)
Seat 4: dde7d4cd ($8.61 in chips)
Seat 5: Hero ($7.46 in chips)
Seat 6: 33960694 ($5.55 in chips)
Hero: posts small blind $0.02
33960694: posts big blind $0.05
*** HOLE CARDS ***
Dealt to eecee880 
Dealt to c7cf5b1d 
Dealt to 3e018342 
Dealt to dde7d4cd 
Dealt to Hero [7d Th]
Dealt to 33960694 
eecee880: folds
c7cf5b1d: calls $0.05
3e018342: folds
dde7d4cd: folds
Hero: folds
33960694: checks
*** FLOP *** [Ks Kd 2h]
33960694: checks
c7cf5b1d: checks
*** TURN *** [Ks Kd 2h] [9h]
33960694: checks
c7cf5b1d: checks
*** RIVER *** [Ks Kd 2h 9h] [4c]
33960694: checks
c7cf5b1d: checks
33960694: shows [9s Ac] (Pair of Kings and Pair of Nines)
c7cf5b1d: shows [Ah Td] (Pair of Kings)
*** SHOWDOWN ***
33960694 collected $0.12 from pot
*** SUMMARY ***
Total pot $0.12 | Rake $0 | Jackpot $0 | Bingo $0 | Fortune $0 | Tax $0
Board [Ks Kd 2h 9h 4c]
Seat 1: eecee880 folded before Flop (didn't bet)
Seat 2: c7cf5b1d showed [Ah Td] and lost with Pair of Kings
Seat 3: 3e018342 folded before Flop (didn't bet)
Seat 4: dde7d4cd (button) folded before Flop (didn't bet)
Seat 5: Hero (small blind) folded before Flop
Seat 6: 33960694 (big blind) showed [9s Ac] and won ($0.12) with Pair of Kings and Pair of Nines


Poker Hand #HD1718589818: Hold'em No Limit ($0.02/$0.05) - 2024/04/06 18:56:48
Table 'NLHBlue4' 6-max Seat #3 is the button
Seat 1: eecee880 ($5.1 in chips)
Seat 2: c7cf5b1d ($0.93 in chips)
Seat 3: 3e018342 ($4.93 in chips)
Seat 4: dde7d4cd ($8.51 in chips)
Seat 5: Hero ($7.51 in chips)
Seat 6: 33960694 ($5.55 in chips)
dde7d4cd: posts small blind $0.02
Hero: posts big blind $0.05
*** HOLE CARDS ***
Dealt to eecee880 
Dealt to c7cf5b1d 
Dealt to 3e018342 
Dealt to dde7d4cd 
Dealt to Hero [2c Ah]
Dealt to 33960694 
33960694: folds
eecee880: folds
c7cf5b1d: calls $0.05
3e018342: folds
dde7d4cd: raises $0.3 to $0.35
Hero: folds
c7cf5b1d: folds
Uncalled bet ($0.3) returned to dde7d4cd
*** SHOWDOWN ***
dde7d4cd collected $0.15 from pot
*** SUMMARY ***
Total pot $0.15 | Rake $0 | Jackpot $0 | Bingo $0 | Fortune $0 | Tax $0
Seat 1: eecee880 folded before Flop (didn't bet)
Seat 2: c7cf5b1d folded before Flop
Seat 3: 3e018342 (button) folded before Flop (didn't bet)
Seat 4: dde7d4cd (small blind) collected ($0.15)
Seat 5: Hero (big blind) folded before Flop
Seat 6: 33960694 folded before Flop (didn't bet)


Poker Hand #HD1718589712: Hold'em No Limit ($0.02/$0.05) - 2024/04/06 18:56:02
Table 'NLHBlue4' 6-max Seat #2 is the button
Seat 1: eecee880 ($5.21 in chips)
Seat 2: c7cf5b1d ($0.93 in chips)
Seat 3: 3e018342 ($4.95 in chips)
Seat 4: dde7d4cd ($8.39 in chips)
Seat 5: Hero ($7.51 in chips)
Seat 6: 33960694 ($5.55 in chips)
3e018342: posts small blind $0.02
dde7d4cd: posts big blind $0.05
*** HOLE CARDS ***
Dealt to eecee880 
Dealt to c7cf5b1d 
Dealt to 3e018342 
Dealt to dde7d4cd 
Dealt to Hero [6s 5c]
Dealt to 33960694 
Hero: folds
33960694: folds
eecee880: raises $0.06 to $0.11
c7cf5b1d: folds
3e018342: folds
dde7d4cd: raises $0.44 to $0.55
eecee880: folds
Uncalled bet ($0.44) returned to dde7d4cd
*** SHOWDOWN ***
dde7d4cd collected $0.23 from pot
*** SUMMARY ***
Total pot $0.24 | Rake $0.01 | Jackpot $0 | Bingo $0 | Fortune $0 | Tax $0
Seat 1: eecee880 folded before Flop
Seat 2: c7cf5b1d (button) folded before Flop (didn't bet)
Seat 3: 3e018342 (small blind) folded before Flop
Seat 4: dde7d4cd (big blind) collected ($0.23)
Seat 5: Hero folded before Flop (didn't bet)
Seat 6: 33960694 folded before Flop (didn't bet)


Poker Hand #HD1718589659: Hold'em No Limit ($0.02/$0.05) - 2024/04/06 18:55:39
Table 'NLHBlue4' 6-max Seat #1 is the button
Seat 1: eecee880 ($5.05 in chips)
Seat 2: c7cf5b1d ($0.95 in chips)
Seat 3: 3e018342 ($5 in chips)
Seat 4: dde7d4cd ($8.49 in chips)
Seat 5: Hero ($7.51 in chips)
Seat 6: 33960694 ($5.55 in chips)
c7cf5b1d: posts small blind $0.02
3e018342: posts big blind $0.05
*** HOLE CARDS ***
Dealt to eecee880 
Dealt to c7cf5b1d 
Dealt to 3e018342 
Dealt to dde7d4cd 
Dealt to Hero [2c 3d]
Dealt to 33960694 
dde7d4cd: raises $0.05 to $0.1
Hero: folds
33960694: folds
eecee880: raises $0.21 to $0.31
c7cf5b1d: folds
3e018342: folds
dde7d4cd: folds
Uncalled bet ($0.21) returned to eecee880
*** SHOWDOWN ***
eecee880 collected $0.26 from pot
*** SUMMARY ***
Total pot $0.27 | Rake $0.01 | Jackpot $0 | Bingo $0 | Fortune $0 | Tax $0
Seat 1: eecee880 (button) collected ($0.26)
Seat 2: c7cf5b1d (small blind) folded before Flop
Seat 3: 3e018342 (big blind) folded before Flop
Seat 4: dde7d4cd folded before Flop
Seat 5: Hero folded before Flop (didn't bet)
Seat 6: 33960694 folded before Flop (didn't bet)


Poker Hand #HD1718589633: Hold'em No Limit ($0.02/$0.05) - 2024/04/06 18:55:26
Table 'NLHBlue4' 6-max Seat #6 is the button
Seat 1: eecee880 ($5 in chips)
Seat 2: c7cf5b1d ($1 in chips)
Seat 4: dde7d4cd ($8.49 in chips)
Seat 5: Hero ($7.51 in chips)
Seat 6: 33960694 ($5.55 in chips)
eecee880: posts small blind $0.02
c7cf5b1d: posts big blind $0.05
*** HOLE CARDS ***
Dealt to eecee880 
Dealt to c7cf5b1d 
Dealt to dde7d4cd 
Dealt to Hero [2d 7d]
Dealt to 33960694 
dde7d4cd: folds
Hero: folds
33960694: folds
eecee880: raises $0.1 to $0.15
c7cf5b1d: folds
Uncalled bet ($0.1) returned to eecee880
*** SHOWDOWN ***
eecee880 collected $0.1 from pot
*** SUMMARY ***
Total pot $0.1 | Rake $0 | Jackpot $0 | Bingo $0 | Fortune $0 | Tax $0
Seat 1: eecee880 (small blind) collected ($0.1)
Seat 2: c7cf5b1d (big blind) folded before Flop
Seat 4: dde7d4cd folded before Flop (didn't bet)
Seat 5: Hero folded before Flop (didn't bet)
Seat 6: 33960694 (button) folded before Flop (didn't bet)


Poker Hand #HD1718589594: Hold'em No Limit ($0.02/$0.05) - 2024/04/06 18:55:10
Table 'NLHBlue4' 6-max Seat #5 is the button
Seat 1: eecee880 ($5 in chips)
Seat 4: dde7d4cd ($8.49 in chips)
Seat 5: Hero ($7.51 in chips)
Seat 6: 33960694 ($5.5 in chips)
33960694: posts small blind $0.02
eecee880: posts big blind $0.05
*** HOLE CARDS ***
Dealt to eecee880 
Dealt to dde7d4cd 
Dealt to Hero [2s 5d]
Dealt to 33960694 
dde7d4cd: folds
Hero: folds
33960694: raises $0.09 to $0.14
eecee880: folds
Uncalled bet ($0.09) returned to 33960694
*** SHOWDOWN ***
33960694 collected $0.1 from pot
*** SUMMARY ***
Total pot $0.1 | Rake $0 | Jackpot $0 | Bingo $0 | Fortune $0 | Tax $0
Seat 1: eecee880 (big blind) folded before Flop
Seat 4: dde7d4cd folded before Flop (didn't bet)
Seat 5: Hero (button) folded before Flop (didn't bet)
Seat 6: 33960694 (small blind) collected ($0.1)


Poker Hand #HD1718589567: Hold'em No Limit ($0.02/$0.05) - 2024/04/06 18:55:00
Table 'NLHBlue4' 6-max Seat #4 is the button
Seat 1: eecee880 ($5 in chips)
Seat 4: dde7d4cd ($8.49 in chips)
Seat 5: Hero ($7.53 in chips)
Seat 6: 33960694 ($5.48 in chips)
Hero: posts small blind $0.02
33960694: posts big blind $0.05
*** HOLE CARDS ***
Dealt to eecee880 
Dealt to dde7d4cd 
Dealt to Hero [4d 6c]
Dealt to 33960694 
eecee880: folds
dde7d4cd: folds
Hero: folds
Uncalled bet ($0.03) returned to 33960694
*** SHOWDOWN ***
33960694 collected $0.04 from pot
*** SUMMARY ***
Total pot $0.04 | Rake $0 | Jackpot $0 | Bingo $0 | Fortune $0 | Tax $0
Seat 1: eecee880 folded before Flop (didn't bet)
Seat 4: dde7d4cd (button) folded before Flop (didn't bet)
Seat 5: Hero (small blind) folded before Flop
Seat 6: 33960694 (big blind) collected ($0.04)


Poker Hand #HD1718589468: Hold'em No Limit ($0.02/$0.05) - 2024/04/06 18:54:07
Table 'NLHBlue4' 6-max Seat #3 is the button
Seat 1: eecee880 ($5 in chips)
Seat 2: dfd9bad7 ($6.22 in chips)
Seat 3: 5356ec47 ($1.31 in chips)
Seat 4: dde7d4cd ($8.44 in chips)
Seat 5: Hero ($7.58 in chips)
Seat 6: 33960694 ($5.48 in chips)
dde7d4cd: posts small blind $0.02
Hero: posts big blind $0.05
*** HOLE CARDS ***
Dealt to eecee880 
Dealt to dfd9bad7 
Dealt to 5356ec47 
Dealt to dde7d4cd 
Dealt to Hero [5c 9h]
Dealt to 33960694 
33960694: folds
eecee880: folds
dfd9bad7: folds
5356ec47: folds
dde7d4cd: calls $0.03
Hero: checks
*** FLOP *** [3h Kh Tc]
dde7d4cd: checks
Hero: checks
*** TURN *** [3h Kh Tc] [Kd]
dde7d4cd: checks
Hero: checks
*** RIVER *** [3h Kh Tc Kd] [2c]
dde7d4cd: checks
Hero: checks
dde7d4cd: shows [Qd 8d] (Pair of Kings)
Hero: shows [5c 9h] (Pair of Kings)
*** SHOWDOWN ***
dde7d4cd collected $0.1 from pot
*** SUMMARY ***
Total pot $0.1 | Rake $0 | Jackpot $0 | Bingo $0 | Fortune $0 | Tax $0
Board [3h Kh Tc Kd 2c]
Seat 1: eecee880 folded before Flop (didn't bet)
Seat 2: dfd9bad7 folded before Flop (didn't bet)
Seat 3: 5356ec47 (button) folded before Flop (didn't bet)
Seat 4: dde7d4cd (small blind) showed [Qd 8d] and won ($0.1) with Pair of Kings
Seat 5: Hero (big blind) showed [5c 9h] and lost with Pair of Kings
Seat 6: 33960694 folded before Flop (didn't bet)


Poker Hand #HD1718589430: Hold'em No Limit ($0.02/$0.05) - 2024/04/06 18:53:49
Table 'NLHBlue4' 6-max Seat #2 is the button
Seat 1: eecee880 ($5 in chips)
Seat 2: dfd9bad7 ($6.22 in chips)
Seat 3: 5356ec47 ($1.36 in chips)
Seat 4: dde7d4cd ($8.39 in chips)
Seat 5: Hero ($7.58 in chips)
Seat 6: 33960694 ($5.48 in chips)
5356ec47: posts small blind $0.02
dde7d4cd: posts big blind $0.05
*** HOLE CARDS ***
Dealt to eecee880 
Dealt to dfd9bad7 
Dealt to 5356ec47 
Dealt to dde7d4cd 
Dealt to Hero [3s 8h]
Dealt to 33960694 
Hero: folds
33960694: folds
eecee880: folds
dfd9bad7: folds
5356ec47: calls $0.03
dde7d4cd: raises $1.7 to $1.75
5356ec47: folds
Uncalled bet ($1.7) returned to dde7d4cd
*** SHOWDOWN ***
dde7d4cd collected $0.1 from pot
*** SUMMARY ***
Total pot $0.1 | Rake $0 | Jackpot $0 | Bingo $0 | Fortune $0 | Tax $0
Seat 1: eecee880 folded before Flop (didn't bet)
Seat 2: dfd9bad7 (button) folded before Flop (didn't bet)
Seat 3: 5356ec47 (small blind) folded before Flop
Seat 4: dde7d4cd (big blind) collected ($0.1)
Seat 5: Hero folded before Flop (didn't bet)
Seat 6: 33960694 folded before Flop (didn't bet)


Poker Hand #HD1718589364: Hold'em No Limit ($0.02/$0.05) - 2024/04/06 18:53:20
Table 'NLHBlue4' 6-max Seat #1 is the button
Seat 1: eecee880 ($5 in chips)
Seat 2: dfd9bad7 ($6.24 in chips)
Seat 3: 5356ec47 ($1.46 in chips)
Seat 4: dde7d4cd ($8.18 in chips)
Seat 5: Hero ($7.58 in chips)
Seat 6: 33960694 ($5.48 in chips)
dfd9bad7: posts small blind $0.02
5356ec47: posts big blind $0.05
*** HOLE CARDS ***
Dealt to eecee880 
Dealt to dfd9bad7 
Dealt to 5356ec47 
Dealt to dde7d4cd 
Dealt to Hero [6h 3h]
Dealt to 33960694 
dde7d4cd: raises $0.05 to $0.1
Hero: folds
33960694: folds
eecee880: calls $0.1
dfd9bad7: folds
5356ec47: calls $0.05
*** FLOP *** [5s 5h 5c]
5356ec47: checks
dde7d4cd: bets $0.6
eecee880: folds
5356ec47: folds
Uncalled bet ($0.6) returned to dde7d4cd
*** SHOWDOWN ***
dde7d4cd collected $0.31 from pot
*** SUMMARY ***
Total pot $0.32 | Rake $0.01 | Jackpot $0 | Bingo $0 | Fortune $0 | Tax $0
Board [5s 5h 5c]
Seat 1: eecee880 (button) folded on the Flop
Seat 2: dfd9bad7 (small blind) folded before Flop
Seat 3: 5356ec47 (big blind) folded on the Flop
Seat 4: dde7d4cd won ($0.31)
Seat 5: Hero folded before Flop (didn't bet)
Seat 6: 33960694 folded before Flop (didn't bet)


Poker Hand #HD1718589298: Hold'em No Limit ($0.02/$0.05) - 2024/04/06 18:52:46
Table 'NLHBlue4' 6-max Seat #6 is the button
Seat 1: eecee880 ($5 in chips)
Seat 2: dfd9bad7 ($5.74 in chips)
Seat 3: 5356ec47 ($1.46 in chips)
Seat 4: dde7d4cd ($8.71 in chips)
Seat 5: Hero ($7.58 in chips)
Seat 6: 33960694 ($5.48 in chips)
eecee880: posts small blind $0.02
dfd9bad7: posts big blind $0.05
*** HOLE CARDS ***
Dealt to eecee880 
Dealt to dfd9bad7 
Dealt to 5356ec47 
Dealt to dde7d4cd 
Dealt to Hero [Qc 9s]
Dealt to 33960694 
5356ec47: folds
dde7d4cd: raises $0.05 to $0.1
Hero: folds
33960694: folds
eecee880: folds
dfd9bad7: calls $0.05
*** FLOP *** [7s 9d Js]
dfd9bad7: bets $0.08
dde7d4cd: calls $0.08
*** TURN *** [7s 9d Js] [5s]
dfd9bad7: bets $0.13
dde7d4cd: calls $0.13
*** RIVER *** [7s 9d Js 5s] [4d]
dfd9bad7: bets $0.22
dde7d4cd: calls $0.22
dfd9bad7: shows [Jd Qs] (Pair of Jacks)
dde7d4cd: shows [Jh Tc] (Pair of Jacks)
*** SHOWDOWN ***
dfd9bad7 collected $1.03 from pot
*** SUMMARY ***
Total pot $1.08 | Rake $0.05 | Jackpot $0 | Bingo $0 | Fortune $0 | Tax $0
Board [7s 9d Js 5s 4d]
Seat 1: eecee880 (small blind) folded before Flop
Seat 2: dfd9bad7 (big blind) showed [Jd Qs] and won ($1.03) with Pair of Jacks
Seat 3: 5356ec47 folded before Flop (didn't bet)
Seat 4: dde7d4cd showed [Jh Tc] and lost with Pair of Jacks
Seat 5: Hero folded before Flop (didn't bet)
Seat 6: 33960694 (button) folded before Flop (didn't bet)


Poker Hand #HD1718589171: Hold'em No Limit ($0.02/$0.05) - 2024/04/06 18:51:42
Table 'NLHBlue4' 6-max Seat #5 is the button
Seat 1: eecee880 ($5 in chips)
Seat 2: dfd9bad7 ($5.74 in chips)
Seat 3: 5356ec47 ($1.46 in chips)
Seat 4: dde7d4cd ($8.71 in chips)
Seat 5: Hero ($7.58 in chips)
Seat 6: 33960694 ($5.35 in chips)
33960694: posts small blind $0.02
eecee880: posts big blind $0.05
*** HOLE CARDS ***
Dealt to eecee880 
Dealt to dfd9bad7 
Dealt to 5356ec47 
Dealt to dde7d4cd 
Dealt to Hero [4h 7h]
Dealt to 33960694 
dfd9bad7: folds
5356ec47: folds
dde7d4cd: folds
Hero: folds
33960694: raises $0.09 to $0.14
eecee880: calls $0.09
*** FLOP *** [5d 4s As]
33960694: bets $0.16
eecee880: folds
Uncalled bet ($0.16) returned to 33960694
*** SHOWDOWN ***
33960694 collected $0.27 from pot
*** SUMMARY ***
Total pot $0.28 | Rake $0.01 | Jackpot $0 | Bingo $0 | Fortune $0 | Tax $0
Board [5d 4s As]
Seat 1: eecee880 (big blind) folded on the Flop
Seat 2: dfd9bad7 folded before Flop (didn't bet)
Seat 3: 5356ec47 folded before Flop (didn't bet)
Seat 4: dde7d4cd folded before Flop (didn't bet)
Seat 5: Hero (button) folded before Flop (didn't bet)
Seat 6: 33960694 (small blind) won ($0.27)


Poker Hand #HD1718589044: Hold'em No Limit ($0.02/$0.05) - 2024/04/06 18:50:41
Table 'NLHBlue4' 6-max Seat #4 is the button
Seat 1: eecee880 ($5 in chips)
Seat 2: dfd9bad7 ($5.74 in chips)
Seat 3: 5356ec47 ($1.72 in chips)
Seat 4: dde7d4cd ($8.81 in chips)
Seat 5: Hero ($7.6 in chips)
Seat 6: 33960694 ($5 in chips)
Hero: posts small blind $0.02
33960694: posts big blind $0.05
*** HOLE CARDS ***
Dealt to eecee880 
Dealt to dfd9bad7 
Dealt to 5356ec47 
Dealt to dde7d4cd 
Dealt to Hero [5c Ad]
Dealt to 33960694 
eecee880: folds
dfd9bad7: folds
5356ec47: raises $0.05 to $0.1
dde7d4cd: calls $0.1
Hero: folds
33960694: calls $0.05
*** FLOP *** [Qh 5h As]
33960694: checks
5356ec47: bets $0.16
dde7d4cd: folds
33960694: calls $0.16
*** TURN *** [Qh 5h As] [2s]
33960694: checks
5356ec47: checks
*** RIVER *** [Qh 5h As 2s] [Ts]
33960694: bets $0.56
5356ec47: folds
Uncalled bet ($0.56) returned to 33960694
*** SHOWDOWN ***
33960694 collected $0.61 from pot
*** SUMMARY ***
Total pot $0.64 | Rake $0.03 | Jackpot $0 | Bingo $0 | Fortune $0 | Tax $0
Board [Qh 5h As 2s Ts]
Seat 1: eecee880 folded before Flop (didn't bet)
Seat 2: dfd9bad7 folded before Flop (didn't bet)
Seat 3: 5356ec47 folded on the River
Seat 4: dde7d4cd (button) folded on the Flop
Seat 5: Hero (small blind) folded before Flop
Seat 6: 33960694 (big blind) won ($0.61)


Poker Hand #HD1718588966: Hold'em No Limit ($0.02/$0.05) - 2024/04/06 18:50:06
Table 'NLHBlue4' 6-max Seat #3 is the button
Seat 1: eecee880 ($5 in chips)
Seat 2: dfd9bad7 ($5.45 in chips)
Seat 3: 5356ec47 ($1.96 in chips)
Seat 4: dde7d4cd ($8.83 in chips)
Seat 5: Hero ($7.65 in chips)
Seat 6: 33960694 ($5 in chips)
dde7d4cd: posts small blind $0.02
Hero: posts big blind $0.05
*** HOLE CARDS ***
Dealt to eecee880 
Dealt to dfd9bad7 
Dealt to 5356ec47 
Dealt to dde7d4cd 
Dealt to Hero [9s Tc]
Dealt to 33960694 
33960694: folds
eecee880: folds
dfd9bad7: raises $0.05 to $0.1
5356ec47: raises $0.14 to $0.24
dde7d4cd: folds
Hero: folds
dfd9bad7: calls $0.14
*** FLOP *** [6d Jd 9d]
dfd9bad7: checks
5356ec47: checks
*** TURN *** [6d Jd 9d] [2s]
dfd9bad7: bets $0.19
5356ec47: folds
Uncalled bet ($0.19) returned to dfd9bad7
*** SHOWDOWN ***
dfd9bad7 collected $0.53 from pot
*** SUMMARY ***
Total pot $0.55 | Rake $0.02 | Jackpot $0 | Bingo $0 | Fortune $0 | Tax $0
Board [6d Jd 9d 2s]
Seat 1: eecee880 folded before Flop (didn't bet)
Seat 2: dfd9bad7 won ($0.53)
Seat 3: 5356ec47 (button) folded on the Turn
Seat 4: dde7d4cd (small blind) folded before Flop
Seat 5: Hero (big blind) folded before Flop
Seat 6: 33960694 folded before Flop (didn't bet)


Poker Hand #HD1718588909: Hold'em No Limit ($0.02/$0.05) - 2024/04/06 18:49:38
Table 'NLHBlue4' 6-max Seat #2 is the button
Seat 1: eecee880 ($5 in chips)
Seat 2: dfd9bad7 ($5.38 in chips)
Seat 3: 5356ec47 ($1.98 in chips)
Seat 4: dde7d4cd ($8.88 in chips)
Seat 5: Hero ($7.65 in chips)
Seat 6: 33960694 ($5 in chips)
5356ec47: posts small blind $0.02
dde7d4cd: posts big blind $0.05
*** HOLE CARDS ***
Dealt to eecee880 
Dealt to dfd9bad7 
Dealt to 5356ec47 
Dealt to dde7d4cd 
Dealt to Hero [8c 5d]
Dealt to 33960694 
Hero: folds
33960694: folds
eecee880: folds
dfd9bad7: raises $0.05 to $0.1
5356ec47: folds
dde7d4cd: folds
Uncalled bet ($0.05) returned to dfd9bad7
*** SHOWDOWN ***
dfd9bad7 collected $0.12 from pot
*** SUMMARY ***
Total pot $0.12 | Rake $0 | Jackpot $0 | Bingo $0 | Fortune $0 | Tax $0
Seat 1: eecee880 folded before Flop (didn't bet)
Seat 2: dfd9bad7 (button) collected ($0.12)
Seat 3: 5356ec47 (small blind) folded before Flop
Seat 4: dde7d4cd (big blind) folded before Flop
Seat 5: Hero folded before Flop (didn't bet)
Seat 6: 33960694 folded before Flop (didn't bet)


Poker Hand #HD1718588806: Hold'em No Limit ($0.02/$0.05) - 2024/04/06 18:48:39
Table 'NLHBlue4' 6-max Seat #1 is the button
Seat 1: eecee880 ($5 in chips)
Seat 2: dfd9bad7 ($5.4 in chips)
Seat 3: 5356ec47 ($1.75 in chips)
Seat 4: dde7d4cd ($8.88 in chips)
Seat 5: Hero ($7.65 in chips)
Seat 6: 33960694 ($5 in chips)
dfd9bad7: posts small blind $0.02
5356ec47: posts big blind $0.05
*** HOLE CARDS ***
Dealt to eecee880 
Dealt to dfd9bad7 
Dealt to 5356ec47 
Dealt to dde7d4cd 
Dealt to Hero [8c 4c]
Dealt to 33960694 
dde7d4cd: folds
Hero: folds
33960694: folds
eecee880: raises $0.08 to $0.13
dfd9bad7: folds
5356ec47: calls $0.08
*** FLOP *** [Kc Kd 7c]
5356ec47: checks
eecee880: bets $0.1
5356ec47: raises $0.24 to $0.34
eecee880: folds
Uncalled bet ($0.24) returned to 5356ec47
*** SHOWDOWN ***
5356ec47 collected $0.46 from pot
*** SUMMARY ***
Total pot $0.48 | Rake $0.02 | Jackpot $0 | Bingo $0 | Fortune $0 | Tax $0
Board [Kc Kd 7c]
Seat 1: eecee880 (button) folded on the Flop
Seat 2: dfd9bad7 (small blind) folded before Flop
Seat 3: 5356ec47 (big blind) won ($0.46)
Seat 4: dde7d4cd folded before Flop (didn't bet)
Seat 5: Hero folded before Flop (didn't bet)
Seat 6: 33960694 folded before Flop (didn't bet)


Poker Hand #HD1718588751: Hold'em No Limit ($0.02/$0.05) - 2024/04/06 18:48:17
Table 'NLHBlue4' 6-max Seat #6 is the button
Seat 1: eecee880 ($5.02 in chips)
Seat 2: dfd9bad7 ($5.45 in chips)
Seat 3: 5356ec47 ($1.75 in chips)
Seat 4: dde7d4cd ($8.81 in chips)
Seat 5: Hero ($7.65 in chips)
Seat 6: 33960694 ($5 in chips)
eecee880: posts small blind $0.02
dfd9bad7: posts big blind $0.05
*** HOLE CARDS ***
Dealt to eecee880 
Dealt to dfd9bad7 
Dealt to 5356ec47 
Dealt to dde7d4cd 
Dealt to Hero [5s 3c]
Dealt to 33960694 
5356ec47: folds
dde7d4cd: raises $0.05 to $0.1
Hero: folds
33960694: folds
eecee880: folds
dfd9bad7: folds
Uncalled bet ($0.05) returned to dde7d4cd
*** SHOWDOWN ***
dde7d4cd collected $0.12 from pot
*** SUMMARY ***
Total pot $0.12 | Rake $0 | Jackpot $0 | Bingo $0 | Fortune $0 | Tax $0
Seat 1: eecee880 (small blind) folded before Flop
Seat 2: dfd9bad7 (big blind) folded before Flop
Seat 3: 5356ec47 folded before Flop (didn't bet)
Seat 4: dde7d4cd collected ($0.12)
Seat 5: Hero folded before Flop (didn't bet)
Seat 6: 33960694 (button) folded before Flop (didn't bet)


Poker Hand #HD1718588708: Hold'em No Limit ($0.02/$0.05) - 2024/04/06 18:47:56
Table 'NLHBlue4' 6-max Seat #5 is the button
Seat 1: eecee880 ($5.07 in chips)
Seat 2: dfd9bad7 ($5.45 in chips)
Seat 3: 5356ec47 ($1.75 in chips)
Seat 4: dde7d4cd ($8.81 in chips)
Seat 5: Hero ($7.58 in chips)
Seat 6: 33960694 ($5 in chips)
33960694: posts small blind $0.02
eecee880: posts big blind $0.05
*** HOLE CARDS ***
Dealt to eecee880 
Dealt to dfd9bad7 
Dealt to 5356ec47 
Dealt to dde7d4cd 
Dealt to Hero [6s 4s]
Dealt to 33960694 
dfd9bad7: folds
5356ec47: folds
dde7d4cd: folds
Hero: raises $0.08 to $0.13
33960694: folds
eecee880: folds
Uncalled bet ($0.08) returned to Hero
*** SHOWDOWN ***
Hero collected $0.12 from pot
*** SUMMARY ***
Total pot $0.12 | Rake $0 | Jackpot $0 | Bingo $0 | Fortune $0 | Tax $0
Seat 1: eecee880 (big blind) folded before Flop
Seat 2: dfd9bad7 folded before Flop (didn't bet)
Seat 3: 5356ec47 folded before Flop (didn't bet)
Seat 4: dde7d4cd folded before Flop (didn't bet)
Seat 5: Hero (button) collected ($0.12)
Seat 6: 33960694 (small blind) folded before Flop


Poker Hand #HD1718588648: Hold'em No Limit ($0.02/$0.05) - 2024/04/06 18:47:23
Table 'NLHBlue4' 6-max Seat #4 is the button
Seat 1: eecee880 ($5.07 in chips)
Seat 2: dfd9bad7 ($5.45 in chips)
Seat 3: 5356ec47 ($1.68 in chips)
Seat 4: dde7d4cd ($8.81 in chips)
Seat 5: Hero ($7.6 in chips)
Seat 6: 33960694 ($5 in chips)
Hero: posts small blind $0.02
33960694: posts big blind $0.05
*** HOLE CARDS ***
Dealt to eecee880 
Dealt to dfd9bad7 
Dealt to 5356ec47 
Dealt to dde7d4cd 
Dealt to Hero [7s Kd]
Dealt to 33960694 
eecee880: folds
dfd9bad7: folds
5356ec47: raises $0.05 to $0.1
dde7d4cd: folds
Hero: folds
33960694: folds
Uncalled bet ($0.05) returned to 5356ec47
*** SHOWDOWN ***
5356ec47 collected $0.12 from pot
*** SUMMARY ***
Total pot $0.12 | Rake $0 | Jackpot $0 | Bingo $0 | Fortune $0 | Tax $0
Seat 1: eecee880 folded before Flop (didn't bet)
Seat 2: dfd9bad7 folded before Flop (didn't bet)
Seat 3: 5356ec47 collected ($0.12)
Seat 4: dde7d4cd (button) folded before Flop (didn't bet)
Seat 5: Hero (small blind) folded before Flop
Seat 6: 33960694 (big blind) folded before Flop


Poker Hand #HD1718588626: Hold'em No Limit ($0.02/$0.05) - 2024/04/06 18:47:10
Table 'NLHBlue4' 6-max Seat #3 is the button
Seat 1: eecee880 ($5 in chips)
Seat 2: dfd9bad7 ($5.45 in chips)
Seat 3: 5356ec47 ($1.68 in chips)
Seat 4: dde7d4cd ($8.83 in chips)
Seat 5: Hero ($7.65 in chips)
Seat 6: 33960694 ($5 in chips)
dde7d4cd: posts small blind $0.02
Hero: posts big blind $0.05
*** HOLE CARDS ***
Dealt to eecee880 
Dealt to dfd9bad7 
Dealt to 5356ec47 
Dealt to dde7d4cd 
Dealt to Hero [3d 7s]
Dealt to 33960694 
33960694: folds
eecee880: raises $0.06 to $0.11
dfd9bad7: folds
5356ec47: folds
dde7d4cd: folds
Hero: folds
Uncalled bet ($0.06) returned to eecee880
*** SHOWDOWN ***
eecee880 collected $0.12 from pot
*** SUMMARY ***
Total pot $0.12 | Rake $0 | Jackpot $0 | Bingo $0 | Fortune $0 | Tax $0
Seat 1: eecee880 collected ($0.12)
Seat 2: dfd9bad7 folded before Flop (didn't bet)
Seat 3: 5356ec47 (button) folded before Flop (didn't bet)
Seat 4: dde7d4cd (small blind) folded before Flop
Seat 5: Hero (big blind) folded before Flop
Seat 6: 33960694 folded before Flop (didn't bet)


Poker Hand #HD1718588347: Hold'em No Limit ($0.02/$0.05) - 2024/04/06 18:44:57
Table 'NLHBlue4' 6-max Seat #2 is the button
Seat 1: eecee880 ($5 in chips)
Seat 2: dfd9bad7 ($5.45 in chips)
Seat 3: 5356ec47 ($1.78 in chips)
Seat 4: dde7d4cd ($9.38 in chips)
Seat 5: Hero ($5 in chips)
Seat 6: 33960694 ($5.96 in chips)
5356ec47: posts small blind $0.02
dde7d4cd: posts big blind $0.05
*** HOLE CARDS ***
Dealt to eecee880 
Dealt to dfd9bad7 
Dealt to 5356ec47 
Dealt to dde7d4cd 
Dealt to Hero [8d Kd]
Dealt to 33960694 
Hero: raises $0.05 to $0.1
33960694: calls $0.1
eecee880: folds
dfd9bad7: folds
5356ec47: calls $0.08
dde7d4cd: calls $0.05
*** FLOP *** [2d Qh Qd]
5356ec47: checks
dde7d4cd: checks
Hero: bets $0.15
33960694: calls $0.15
5356ec47: folds
dde7d4cd: calls $0.15
*** TURN *** [2d Qh Qd] [9d]
dde7d4cd: checks
Hero: bets $0.3
33960694: calls $0.3
dde7d4cd: calls $0.3
*** RIVER *** [2d Qh Qd 9d] [Js]
dde7d4cd: checks
Hero: bets $0.85
33960694: raises $0.91 to $1.76
dde7d4cd: folds
Hero: calls $0.91
33960694: shows [Qc Kc] (Three Queens)
Hero: shows [8d Kd] (King High Flush)
*** SHOWDOWN ***
Hero collected $4.96 from pot
*** SUMMARY ***
Total pot $5.27 | Rake $0.26 | Jackpot $0.05 | Bingo $0 | Fortune $0 | Tax $0
Board [2d Qh Qd 9d Js]
Seat 1: eecee880 folded before Flop (didn't bet)
Seat 2: dfd9bad7 (button) folded before Flop (didn't bet)
Seat 3: 5356ec47 (small blind) folded on the Flop
Seat 4: dde7d4cd (big blind) folded on the River
Seat 5: Hero showed [8d Kd] and won ($4.96) with King High Flush
Seat 6: 33960694 showed [Qc Kc] and lost with Three Queens


Poker Hand #HD1718588246: Hold'em No Limit ($0.02/$0.05) - 2024/04/06 18:44:11
Table 'NLHBlue4' 6-max Seat #1 is the button
Seat 1: eecee880 ($5 in chips)
Seat 2: dfd9bad7 ($5.55 in chips)
Seat 3: 5356ec47 ($1.59 in chips)
Seat 4: dde7d4cd ($9.48 in chips)
Seat 5: Hero ($5 in chips)
Seat 6: 33960694 ($5.96 in chips)
dfd9bad7: posts small blind $0.02
5356ec47: posts big blind $0.05
*** HOLE CARDS ***
Dealt to eecee880 
Dealt to dfd9bad7 
Dealt to 5356ec47 
Dealt to dde7d4cd 
Dealt to Hero [3s Jd]
Dealt to 33960694 
dde7d4cd: raises $0.05 to $0.1
Hero: folds
33960694: folds
eecee880: folds
dfd9bad7: calls $0.08
5356ec47: calls $0.05
*** FLOP *** [Qd Jc Kd]
dfd9bad7: checks
5356ec47: checks
dde7d4cd: checks
*** TURN *** [Qd Jc Kd] [Qc]
dfd9bad7: checks
5356ec47: bets $0.3
dde7d4cd: folds
dfd9bad7: folds
Uncalled bet ($0.3) returned to 5356ec47
*** SHOWDOWN ***
5356ec47 collected $0.29 from pot
*** SUMMARY ***
Total pot $0.3 | Rake $0.01 | Jackpot $0 | Bingo $0 | Fortune $0 | Tax $0
Board [Qd Jc Kd Qc]
Seat 1: eecee880 (button) folded before Flop (didn't bet)
Seat 2: dfd9bad7 (small blind) folded on the Turn
Seat 3: 5356ec47 (big blind) won ($0.29)
Seat 4: dde7d4cd folded on the Turn
Seat 5: Hero folded before Flop (didn't bet)
Seat 6: 33960694 folded before Flop (didn't bet)


Poker Hand #HD1718588170: Hold'em No Limit ($0.02/$0.05) - 2024/04/06 18:43:36
Table 'NLHBlue4' 6-max Seat #6 is the button
Seat 1: eecee880 ($5 in chips)
Seat 2: dfd9bad7 ($5.7 in chips)
Seat 3: 5356ec47 ($1.74 in chips)
Seat 4: dde7d4cd ($9.48 in chips)
Seat 5: Hero ($5 in chips)
Seat 6: 33960694 ($5.66 in chips)
eecee880: posts small blind $0.02
dfd9bad7: posts big blind $0.05
*** HOLE CARDS ***
Dealt to eecee880 
Dealt to dfd9bad7 
Dealt to 5356ec47 
Dealt to dde7d4cd 
Dealt to Hero [Qh 8d]
Dealt to 33960694 
5356ec47: raises $0.05 to $0.1
dde7d4cd: folds
Hero: folds
33960694: raises $0.05 to $0.15
eecee880: folds
dfd9bad7: calls $0.1
5356ec47: calls $0.05
*** FLOP *** [7s Tc 6c]
dfd9bad7: checks
5356ec47: checks
33960694: bets $0.24
dfd9bad7: folds
5356ec47: folds
Uncalled bet ($0.24) returned to 33960694
*** SHOWDOWN ***
33960694 collected $0.45 from pot
*** SUMMARY ***
Total pot $0.47 | Rake $0.02 | Jackpot $0 | Bingo $0 | Fortune $0 | Tax $0
Board [7s Tc 6c]
Seat 1: eecee880 (small blind) folded before Flop
Seat 2: dfd9bad7 (big blind) folded on the Flop
Seat 3: 5356ec47 folded on the Flop
Seat 4: dde7d4cd folded before Flop (didn't bet)
Seat 5: Hero folded before Flop (didn't bet)
Seat 6: 33960694 (button) won ($0.45)


Poker Hand #HD1718588052: Hold'em No Limit ($0.02/$0.05) - 2024/04/06 18:42:42
Table 'NLHBlue4' 6-max Seat #5 is the button
Seat 1: eecee880 ($5 in chips)
Seat 2: dfd9bad7 ($5.56 in chips)
Seat 3: 5356ec47 ($1.74 in chips)
Seat 4: dde7d4cd ($9.48 in chips)
Seat 5: Hero ($5 in chips)
Seat 6: 33960694 ($5.76 in chips)
33960694: posts small blind $0.02
eecee880: posts big blind $0.05
*** HOLE CARDS ***
Dealt to eecee880 
Dealt to dfd9bad7 
Dealt to 5356ec47 
Dealt to dde7d4cd 
Dealt to Hero [6c 4d]
Dealt to 33960694 
dfd9bad7: raises $0.05 to $0.1
5356ec47: folds
dde7d4cd: folds
Hero: folds
33960694: calls $0.08
eecee880: folds
*** FLOP *** [3c Ts Ks]
33960694: checks
dfd9bad7: bets $0.19
33960694: folds
Uncalled bet ($0.19) returned to dfd9bad7
*** SHOWDOWN ***
dfd9bad7 collected $0.24 from pot
*** SUMMARY ***
Total pot $0.25 | Rake $0.01 | Jackpot $0 | Bingo $0 | Fortune $0 | Tax $0
Board [3c Ts Ks]
Seat 1: eecee880 (big blind) folded before Flop
Seat 2: dfd9bad7 won ($0.24)
Seat 3: 5356ec47 folded before Flop (didn't bet)
Seat 4: dde7d4cd folded before Flop (didn't bet)
Seat 5: Hero (button) folded before Flop (didn't bet)
Seat 6: 33960694 (small blind) folded on the Flop


Poker Hand #HD1718587898: Hold'em No Limit ($0.02/$0.05) - 2024/04/06 18:41:28
Table 'NLHBlue4' 6-max Seat #4 is the button
Seat 1: eecee880 ($5 in chips)
Seat 2: dfd9bad7 ($5.56 in chips)
Seat 3: 5356ec47 ($1.74 in chips)
Seat 4: dde7d4cd ($9.48 in chips)
Seat 5: Hero ($5 in chips)
Seat 6: 33960694 ($5.57 in chips)
Hero: posts small blind $0.02
33960694: posts big blind $0.05
*** HOLE CARDS ***
Dealt to eecee880 
Dealt to dfd9bad7 
Dealt to 5356ec47 
Dealt to dde7d4cd 
Dealt to Hero [Ts 5d]
Dealt to 33960694 
eecee880: raises $0.05 to $0.1
dfd9bad7: folds
5356ec47: folds
dde7d4cd: folds
Hero: folds
33960694: calls $0.05
*** FLOP *** [Ks 2d Jh]
33960694: checks
eecee880: bets $0.08
33960694: calls $0.08
*** TURN *** [Ks 2d Jh] [9c]
33960694: checks
eecee880: checks
*** RIVER *** [Ks 2d Jh 9c] [4c]
33960694: bets $0.13
eecee880: folds
Uncalled bet ($0.13) returned to 33960694
*** SHOWDOWN ***
33960694 collected $0.37 from pot
*** SUMMARY ***
Total pot $0.38 | Rake $0.01 | Jackpot $0 | Bingo $0 | Fortune $0 | Tax $0
Board [Ks 2d Jh 9c 4c]
Seat 1: eecee880 folded on the River
Seat 2: dfd9bad7 folded before Flop (didn't bet)
Seat 3: 5356ec47 folded before Flop (didn't bet)
Seat 4: dde7d4cd (button) folded before Flop (didn't bet)
Seat 5: Hero (small blind) folded before Flop
Seat 6: 33960694 (big blind) won ($0.37)


Poker Hand #HD1718587865: Hold'em No Limit ($0.02/$0.05) - 2024/04/06 18:41:11
Table 'NLHBlue4' 6-max Seat #3 is the button
Seat 1: eecee880 ($5 in chips)
Seat 2: dfd9bad7 ($5.56 in chips)
Seat 3: 5356ec47 ($1.74 in chips)
Seat 4: dde7d4cd ($9.5 in chips)
Seat 5: Hero ($5 in chips)
Seat 6: 33960694 ($5.5 in chips)
dde7d4cd: posts small blind $0.02
Hero: posts big blind $0.05
*** HOLE CARDS ***
Dealt to eecee880 
Dealt to dfd9bad7 
Dealt to 5356ec47 
Dealt to dde7d4cd 
Dealt to Hero [3h Qs]
Dealt to 33960694 
33960694: raises $0.05 to $0.1
eecee880: folds
dfd9bad7: folds
5356ec47: folds
dde7d4cd: folds
Hero: folds
Uncalled bet ($0.05) returned to 33960694
*** SHOWDOWN ***
33960694 collected $0.12 from pot
*** SUMMARY ***
Total pot $0.12 | Rake $0 | Jackpot $0 | Bingo $0 | Fortune $0 | Tax $0
Seat 1: eecee880 folded before Flop (didn't bet)
Seat 2: dfd9bad7 folded before Flop (didn't bet)
Seat 3: 5356ec47 (button) folded before Flop (didn't bet)
Seat 4: dde7d4cd (small blind) folded before Flop
Seat 5: Hero (big blind) folded before Flop
Seat 6: 33960694 collected ($0.12)


Poker Hand #HD1718587771: Hold'em No Limit ($0.02/$0.05) - 2024/04/06 18:40:28
Table 'NLHBlue4' 6-max Seat #2 is the button
Seat 1: eecee880 ($5 in chips)
Seat 2: dfd9bad7 ($5.56 in chips)
Seat 3: 5356ec47 ($1.84 in chips)
Seat 4: dde7d4cd ($9.41 in chips)
Seat 5: Hero ($5 in chips)
Seat 6: 33960694 ($5.5 in chips)
5356ec47: posts small blind $0.02
dde7d4cd: posts big blind $0.05
*** HOLE CARDS ***
Dealt to eecee880 
Dealt to dfd9bad7 
Dealt to 5356ec47 
Dealt to dde7d4cd 
Dealt to Hero [2d Qh]
Dealt to 33960694 
Hero: folds
33960694: folds
eecee880: folds
dfd9bad7: folds
5356ec47: calls $0.03
dde7d4cd: checks
*** FLOP *** [5h Ac 9h]
5356ec47: checks
dde7d4cd: checks
*** TURN *** [5h Ac 9h] [5d]
5356ec47: bets $0.05
dde7d4cd: calls $0.05
*** RIVER *** [5h Ac 9h 5d] [8d]
5356ec47: checks
dde7d4cd: checks
5356ec47: shows [Jd 6s] (Pair of Fives)
dde7d4cd: shows [9d Th] (Pair of Nines and Pair of Fives)
*** SHOWDOWN ***
dde7d4cd collected $0.19 from pot
*** SUMMARY ***
Total pot $0.2 | Rake $0.01 | Jackpot $0 | Bingo $0 | Fortune $0 | Tax $0
Board [5h Ac 9h 5d 8d]
Seat 1: eecee880 folded before Flop (didn't bet)
Seat 2: dfd9bad7 (button) folded before Flop (didn't bet)
Seat 3: 5356ec47 (small blind) showed [Jd 6s] and lost with Pair of Fives
Seat 4: dde7d4cd (big blind) showed [9d Th] and won ($0.19) with Pair of Nines and Pair of Fives
Seat 5: Hero folded before Flop (didn't bet)
Seat 6: 33960694 folded before Flop (didn't bet)


Poker Hand #HD1718587571: Hold'em No Limit ($0.02/$0.05) - 2024/04/06 18:38:57
Table 'NLHBlue4' 6-max Seat #1 is the button
Seat 1: eecee880 ($5.02 in chips)
Seat 2: dfd9bad7 ($5.58 in chips)
Seat 3: 5356ec47 ($1.94 in chips)
Seat 4: dde7d4cd ($9.41 in chips)
Seat 5: Hero ($5.09 in chips)
Seat 6: 33960694 ($5 in chips)
dfd9bad7: posts small blind $0.02
5356ec47: posts big blind $0.05
*** HOLE CARDS ***
Dealt to eecee880 
Dealt to dfd9bad7 
Dealt to 5356ec47 
Dealt to dde7d4cd 
Dealt to Hero [Qh Js]
Dealt to 33960694 
dde7d4cd: folds
Hero: raises $0.05 to $0.1
33960694: calls $0.1
eecee880: calls $0.1
dfd9bad7: folds
5356ec47: calls $0.05
*** FLOP *** [Ks Jd 4d]
5356ec47: checks
Hero: checks
33960694: checks
eecee880: checks
*** TURN *** [Ks Jd 4d] [3s]
5356ec47: checks
Hero: bets $0.1
33960694: raises $0.12 to $0.22
eecee880: folds
5356ec47: folds
Hero: calls $0.12
*** RIVER *** [Ks Jd 4d 3s] [Ah]
Hero: checks
33960694: checks
Hero: shows [Qh Js] (Pair of Jacks)
33960694: shows [Kd Qd] (Pair of Kings)
*** SHOWDOWN ***
33960694 collected $0.82 from pot
*** SUMMARY ***
Total pot $0.86 | Rake $0.04 | Jackpot $0 | Bingo $0 | Fortune $0 | Tax $0
Board [Ks Jd 4d 3s Ah]
Seat 1: eecee880 (button) folded on the Turn
Seat 2: dfd9bad7 (small blind) folded before Flop
Seat 3: 5356ec47 (big blind) folded on the Turn
Seat 4: dde7d4cd folded before Flop (didn't bet)
Seat 5: Hero showed [Qh Js] and lost with Pair of Jacks
Seat 6: 33960694 showed [Kd Qd] and won ($0.82) with Pair of Kings


Poker Hand #HD1718587530: Hold'em No Limit ($0.02/$0.05) - 2024/04/06 18:38:39
Table 'NLHBlue4' 6-max Seat #6 is the button
Seat 1: eecee880 ($5.04 in chips)
Seat 2: dfd9bad7 ($5.63 in chips)
Seat 3: 5356ec47 ($1.94 in chips)
Seat 4: dde7d4cd ($9.41 in chips)
Seat 5: Hero ($5.02 in chips)
Seat 6: 33960694 ($5 in chips)
eecee880: posts small blind $0.02
dfd9bad7: posts big blind $0.05
*** HOLE CARDS ***
Dealt to eecee880 
Dealt to dfd9bad7 
Dealt to 5356ec47 
Dealt to dde7d4cd 
Dealt to Hero [Ah 7h]
Dealt to 33960694 
5356ec47: folds
dde7d4cd: folds
Hero: raises $0.08 to $0.13
33960694: folds
eecee880: folds
dfd9bad7: folds
Uncalled bet ($0.08) returned to Hero
*** SHOWDOWN ***
Hero collected $0.12 from pot
*** SUMMARY ***
Total pot $0.12 | Rake $0 | Jackpot $0 | Bingo $0 | Fortune $0 | Tax $0
Seat 1: eecee880 (small blind) folded before Flop
Seat 2: dfd9bad7 (big blind) folded before Flop
Seat 3: 5356ec47 folded before Flop (didn't bet)
Seat 4: dde7d4cd folded before Flop (didn't bet)
Seat 5: Hero collected ($0.12)
Seat 6: 33960694 (button) folded before Flop (didn't bet)


Poker Hand #HD1718587475: Hold'em No Limit ($0.02/$0.05) - 2024/04/06 18:38:12
Table 'NLHBlue4' 6-max Seat #5 is the button
Seat 1: eecee880 ($5.14 in chips)
Seat 2: dfd9bad7 ($5.63 in chips)
Seat 3: 5356ec47 ($1.83 in chips)
Seat 4: dde7d4cd ($9.41 in chips)
Seat 5: Hero ($5.02 in chips)
Seat 6: 33960694 ($5 in chips)
33960694: posts small blind $0.02
eecee880: posts big blind $0.05
*** HOLE CARDS ***
Dealt to eecee880 
Dealt to dfd9bad7 
Dealt to 5356ec47 
Dealt to dde7d4cd 
Dealt to Hero [2c Jd]
Dealt to 33960694 
dfd9bad7: folds
5356ec47: raises $0.05 to $0.1
dde7d4cd: folds
Hero: folds
33960694: folds
eecee880: calls $0.05
*** FLOP *** [As 2d 2s]
eecee880: checks
5356ec47: bets $0.11
eecee880: folds
Uncalled bet ($0.11) returned to 5356ec47
*** SHOWDOWN ***
5356ec47 collected $0.21 from pot
*** SUMMARY ***
Total pot $0.22 | Rake $0.01 | Jackpot $0 | Bingo $0 | Fortune $0 | Tax $0
Board [As 2d 2s]
Seat 1: eecee880 (big blind) folded on the Flop
Seat 2: dfd9bad7 folded before Flop (didn't bet)
Seat 3: 5356ec47 won ($0.21)
Seat 4: dde7d4cd folded before Flop (didn't bet)
Seat 5: Hero (button) folded before Flop (didn't bet)
Seat 6: 33960694 (small blind) folded before Flop


Poker Hand #HD1718587406: Hold'em No Limit ($0.02/$0.05) - 2024/04/06 18:37:38
Table 'NLHBlue4' 6-max Seat #4 is the button
Seat 1: eecee880 ($5.14 in chips)
Seat 2: dfd9bad7 ($5.42 in chips)
Seat 3: 5356ec47 ($1.98 in chips)
Seat 4: dde7d4cd ($9.41 in chips)
Seat 5: Hero ($5.04 in chips)
Seat 6: 33960694 ($5 in chips)
Hero: posts small blind $0.02
33960694: posts big blind $0.05
*** HOLE CARDS ***
Dealt to eecee880 
Dealt to dfd9bad7 
Dealt to 5356ec47 
Dealt to dde7d4cd 
Dealt to Hero [2s Qh]
Dealt to 33960694 
eecee880: folds
dfd9bad7: raises $0.1 to $0.15
5356ec47: calls $0.15
dde7d4cd: folds
Hero: folds
33960694: folds
*** FLOP *** [9h Ks Ad]
dfd9bad7: bets $0.13
5356ec47: folds
Uncalled bet ($0.13) returned to dfd9bad7
dfd9bad7: shows [Ac]
*** SHOWDOWN ***
dfd9bad7 collected $0.36 from pot
*** SUMMARY ***
Total pot $0.37 | Rake $0.01 | Jackpot $0 | Bingo $0 | Fortune $0 | Tax $0
Board [9h Ks Ad]
Seat 1: eecee880 folded before Flop (didn't bet)
Seat 2: dfd9bad7 showed [Ac] and won ($0.36)
Seat 3: 5356ec47 folded on the Flop
Seat 4: dde7d4cd (button) folded before Flop (didn't bet)
Seat 5: Hero (small blind) folded before Flop
Seat 6: 33960694 (big blind) folded before Flop


Poker Hand #HD1718587314: Hold'em No Limit ($0.02/$0.05) - 2024/04/06 18:36:51
Table 'NLHBlue4' 6-max Seat #3 is the button
Seat 1: eecee880 ($5.14 in chips)
Seat 2: dfd9bad7 ($5.12 in chips)
Seat 3: 5356ec47 ($2.08 in chips)
Seat 4: dde7d4cd ($9.43 in chips)
Seat 5: Hero ($5.24 in chips)
Seat 6: 33960694 ($5 in chips)
dde7d4cd: posts small blind $0.02
Hero: posts big blind $0.05
*** HOLE CARDS ***
Dealt to eecee880 
Dealt to dfd9bad7 
Dealt to 5356ec47 
Dealt to dde7d4cd 
Dealt to Hero [Jd 9s]
Dealt to 33960694 
33960694: folds
eecee880: folds
dfd9bad7: raises $0.05 to $0.1
5356ec47: calls $0.1
dde7d4cd: folds
Hero: calls $0.05
*** FLOP *** [3s As Jc]
Hero: checks
dfd9bad7: bets $0.05
5356ec47: folds
Hero: calls $0.05
*** TURN *** [3s As Jc] [8h]
Hero: checks
dfd9bad7: bets $0.05
Hero: calls $0.05
*** RIVER *** [3s As Jc 8h] [7s]
Hero: checks
dfd9bad7: bets $0.18
Hero: folds
Uncalled bet ($0.18) returned to dfd9bad7
*** SHOWDOWN ***
dfd9bad7 collected $0.5 from pot
*** SUMMARY ***
Total pot $0.52 | Rake $0.02 | Jackpot $0 | Bingo $0 | Fortune $0 | Tax $0
Board [3s As Jc 8h 7s]
Seat 1: eecee880 folded before Flop (didn't bet)
Seat 2: dfd9bad7 won ($0.5)
Seat 3: 5356ec47 (button) folded on the Flop
Seat 4: dde7d4cd (small blind) folded before Flop
Seat 5: Hero (big blind) folded on the River
Seat 6: 33960694 folded before Flop (didn't bet)


Poker Hand #HD1718587231: Hold'em No Limit ($0.02/$0.05) - 2024/04/06 18:36:11
Table 'NLHBlue4' 6-max Seat #2 is the button
Seat 1: eecee880 ($5.14 in chips)
Seat 2: dfd9bad7 ($5.12 in chips)
Seat 3: 5356ec47 ($2.18 in chips)
Seat 4: dde7d4cd ($9.48 in chips)
Seat 5: Hero ($5 in chips)
Seat 6: 33960694 ($5 in chips)
5356ec47: posts small blind $0.02
dde7d4cd: posts big blind $0.05
*** HOLE CARDS ***
Dealt to eecee880 
Dealt to dfd9bad7 
Dealt to 5356ec47 
Dealt to dde7d4cd 
Dealt to Hero [Kc Ad]
Dealt to 33960694 
Hero: raises $0.05 to $0.1
33960694: calls $0.1
eecee880: folds
dfd9bad7: folds
5356ec47: calls $0.08
dde7d4cd: folds
*** FLOP *** [9s 5c 5d]
5356ec47: checks
Hero: bets $0.12
33960694: folds
5356ec47: folds
Uncalled bet ($0.12) returned to Hero
*** SHOWDOWN ***
Hero collected $0.34 from pot
*** SUMMARY ***
Total pot $0.35 | Rake $0.01 | Jackpot $0 | Bingo $0 | Fortune $0 | Tax $0
Board [9s 5c 5d]
Seat 1: eecee880 folded before Flop (didn't bet)
Seat 2: dfd9bad7 (button) folded before Flop (didn't bet)
Seat 3: 5356ec47 (small blind) folded on the Flop
Seat 4: dde7d4cd (big blind) folded before Flop
Seat 5: Hero won ($0.34)
Seat 6: 33960694 folded on the Flop


Poker Hand #HD1718587121: Hold'em No Limit ($0.02/$0.05) - 2024/04/06 18:35:18
Table 'NLHBlue4' 6-max Seat #1 is the button
Seat 1: eecee880 ($5.14 in chips)
Seat 2: dfd9bad7 ($5.14 in chips)
Seat 3: 5356ec47 ($1.97 in chips)
Seat 4: dde7d4cd ($9.48 in chips)
Seat 5: Hero ($5 in chips)
Seat 6: 33960694 ($5.09 in chips)
dfd9bad7: posts small blind $0.02
5356ec47: posts big blind $0.05
*** HOLE CARDS ***
Dealt to eecee880 
Dealt to dfd9bad7 
Dealt to 5356ec47 
Dealt to dde7d4cd 
Dealt to Hero [Jh Jc]
Dealt to 33960694 
dde7d4cd: folds
Hero: raises $0.05 to $0.1
33960694: calls $0.1
eecee880: folds
dfd9bad7: folds
5356ec47: calls $0.05
*** FLOP *** [8h Qs 3c]
5356ec47: checks
Hero: checks
33960694: checks
*** TURN *** [8h Qs 3c] [As]
5356ec47: bets $0.16
Hero: folds
33960694: folds
Uncalled bet ($0.16) returned to 5356ec47
*** SHOWDOWN ***
5356ec47 collected $0.31 from pot
*** SUMMARY ***
Total pot $0.32 | Rake $0.01 | Jackpot $0 | Bingo $0 | Fortune $0 | Tax $0
Board [8h Qs 3c As]
Seat 1: eecee880 (button) folded before Flop (didn't bet)
Seat 2: dfd9bad7 (small blind) folded before Flop
Seat 3: 5356ec47 (big blind) won ($0.31)
Seat 4: dde7d4cd folded before Flop (didn't bet)
Seat 5: Hero folded on the Turn
Seat 6: 33960694 folded on the Turn


Poker Hand #HD1718587044: Hold'em No Limit ($0.02/$0.05) - 2024/04/06 18:34:38
Table 'NLHBlue4' 6-max Seat #6 is the button
Seat 1: eecee880 ($5.16 in chips)
Seat 2: dfd9bad7 ($5.19 in chips)
Seat 3: 5356ec47 ($1.97 in chips)
Seat 4: dde7d4cd ($9.41 in chips)
Seat 5: Hero ($5 in chips)
Seat 6: 33960694 ($5.09 in chips)
eecee880: posts small blind $0.02
dfd9bad7: posts big blind $0.05
*** HOLE CARDS ***
Dealt to eecee880 
Dealt to dfd9bad7 
Dealt to 5356ec47 
Dealt to dde7d4cd 
Dealt to Hero [4s 7s]
Dealt to 33960694 
5356ec47: folds
dde7d4cd: raises $0.05 to $0.1
Hero: folds
33960694: folds
eecee880: folds
dfd9bad7: folds
Uncalled bet ($0.05) returned to dde7d4cd
*** SHOWDOWN ***
dde7d4cd collected $0.12 from pot
*** SUMMARY ***
Total pot $0.12 | Rake $0 | Jackpot $0 | Bingo $0 | Fortune $0 | Tax $0
Seat 1: eecee880 (small blind) folded before Flop
Seat 2: dfd9bad7 (big blind) folded before Flop
Seat 3: 5356ec47 folded before Flop (didn't bet)
Seat 4: dde7d4cd collected ($0.12)
Seat 5: Hero folded before Flop (didn't bet)
Seat 6: 33960694 (button) folded before Flop (didn't bet)


Poker Hand #HD1718586998: Hold'em No Limit ($0.02/$0.05) - 2024/04/06 18:34:19
Table 'NLHBlue4' 6-max Seat #5 is the button
Seat 1: eecee880 ($5.21 in chips)
Seat 2: dfd9bad7 ($5.12 in chips)
Seat 3: 5356ec47 ($1.97 in chips)
Seat 4: dde7d4cd ($9.41 in chips)
Seat 5: Hero ($5 in chips)
Seat 6: 33960694 ($5.11 in chips)
33960694: posts small blind $0.02
eecee880: posts big blind $0.05
*** HOLE CARDS ***
Dealt to eecee880 
Dealt to dfd9bad7 
Dealt to 5356ec47 
Dealt to dde7d4cd 
Dealt to Hero [2s Qc]
Dealt to 33960694 
dfd9bad7: raises $0.05 to $0.1
5356ec47: folds
dde7d4cd: folds
Hero: folds
33960694: folds
eecee880: folds
Uncalled bet ($0.05) returned to dfd9bad7
*** SHOWDOWN ***
dfd9bad7 collected $0.12 from pot
*** SUMMARY ***
Total pot $0.12 | Rake $0 | Jackpot $0 | Bingo $0 | Fortune $0 | Tax $0
Seat 1: eecee880 (big blind) folded before Flop
Seat 2: dfd9bad7 collected ($0.12)
Seat 3: 5356ec47 folded before Flop (didn't bet)
Seat 4: dde7d4cd folded before Flop (didn't bet)
Seat 5: Hero (button) folded before Flop (didn't bet)
Seat 6: 33960694 (small blind) folded before Flop


Poker Hand #HD1718586901: Hold'em No Limit ($0.02/$0.05) - 2024/04/06 18:33:35
Table 'NLHBlue4' 6-max Seat #4 is the button
Seat 1: eecee880 ($5.21 in chips)
Seat 2: dfd9bad7 ($5.12 in chips)
Seat 3: 5356ec47 ($1.97 in chips)
Seat 4: dde7d4cd ($9.51 in chips)
Seat 5: Hero ($5 in chips)
Seat 6: 33960694 ($5 in chips)
Hero: posts small blind $0.02
33960694: posts big blind $0.05
*** HOLE CARDS ***
Dealt to eecee880 
Dealt to dfd9bad7 
Dealt to 5356ec47 
Dealt to dde7d4cd 
Dealt to Hero [6d Th]
Dealt to 33960694 
eecee880: folds
dfd9bad7: folds
5356ec47: folds
dde7d4cd: raises $0.05 to $0.1
Hero: folds
33960694: calls $0.05
*** FLOP *** [9h 5s 2d]
33960694: checks
dde7d4cd: checks
*** TURN *** [9h 5s 2d] [Jd]
33960694: checks
dde7d4cd: checks
*** RIVER *** [9h 5s 2d Jd] [9s]
33960694: bets $0.17
dde7d4cd: folds
Uncalled bet ($0.17) returned to 33960694
*** SHOWDOWN ***
33960694 collected $0.21 from pot
*** SUMMARY ***
Total pot $0.22 | Rake $0.01 | Jackpot $0 | Bingo $0 | Fortune $0 | Tax $0
Board [9h 5s 2d Jd 9s]
Seat 1: eecee880 folded before Flop (didn't bet)
Seat 2: dfd9bad7 folded before Flop (didn't bet)
Seat 3: 5356ec47 folded before Flop (didn't bet)
Seat 4: dde7d4cd (button) folded on the River
Seat 5: Hero (small blind) folded before Flop
Seat 6: 33960694 (big blind) won ($0.21)


Poker Hand #HD1718586849: Hold'em No Limit ($0.02/$0.05) - 2024/04/06 18:33:11
Table 'NLHBlue4' 6-max Seat #3 is the button
Seat 1: eecee880 ($5.21 in chips)
Seat 2: dfd9bad7 ($5.31 in chips)
Seat 3: 5356ec47 ($1.73 in chips)
Seat 4: dde7d4cd ($9.53 in chips)
Seat 5: Hero ($5 in chips)
dde7d4cd: posts small blind $0.02
Hero: posts big blind $0.05
*** HOLE CARDS ***
Dealt to eecee880 
Dealt to dfd9bad7 
Dealt to 5356ec47 
Dealt to dde7d4cd 
Dealt to Hero [4h 6s]
eecee880: folds
dfd9bad7: raises $0.05 to $0.1
5356ec47: calls $0.1
dde7d4cd: folds
Hero: folds
*** FLOP *** [6h Td 5s]
dfd9bad7: bets $0.09
5356ec47: calls $0.09
*** TURN *** [6h Td 5s] [Kd]
dfd9bad7: checks
5356ec47: bets $0.23
dfd9bad7: folds
Uncalled bet ($0.23) returned to 5356ec47
*** SHOWDOWN ***
5356ec47 collected $0.43 from pot
*** SUMMARY ***
Total pot $0.45 | Rake $0.02 | Jackpot $0 | Bingo $0 | Fortune $0 | Tax $0
Board [6h Td 5s Kd]
Seat 1: eecee880 folded before Flop (didn't bet)
Seat 2: dfd9bad7 folded on the Turn
Seat 3: 5356ec47 (button) won ($0.43)
Seat 4: dde7d4cd (small blind) folded before Flop
Seat 5: Hero (big blind) folded before Flop


Poker Hand #HD1718586813: Hold'em No Limit ($0.02/$0.05) - 2024/04/06 18:32:52
Table 'NLHBlue4' 6-max Seat #2 is the button
Seat 1: eecee880 ($5.05 in chips)
Seat 2: dfd9bad7 ($5.31 in chips)
Seat 3: 5356ec47 ($1.75 in chips)
Seat 4: dde7d4cd ($9.58 in chips)
Seat 5: Hero ($5.03 in chips)
5356ec47: posts small blind $0.02
dde7d4cd: posts big blind $0.05
*** HOLE CARDS ***
Dealt to eecee880 
Dealt to dfd9bad7 
Dealt to 5356ec47 
Dealt to dde7d4cd 
Dealt to Hero [As 5s]
Hero: raises $0.05 to $0.1
eecee880: raises $0.21 to $0.31
dfd9bad7: folds
5356ec47: folds
dde7d4cd: folds
Hero: folds
Uncalled bet ($0.21) returned to eecee880
*** SHOWDOWN ***
eecee880 collected $0.26 from pot
*** SUMMARY ***
Total pot $0.27 | Rake $0.01 | Jackpot $0 | Bingo $0 | Fortune $0 | Tax $0
Seat 1: eecee880 collected ($0.26)
Seat 2: dfd9bad7 (button) folded before Flop (didn't bet)
Seat 3: 5356ec47 (small blind) folded before Flop
Seat 4: dde7d4cd (big blind) folded before Flop
Seat 5: Hero folded before Flop


Poker Hand #HD1718586778: Hold'em No Limit ($0.02/$0.05) - 2024/04/06 18:32:35
Table 'NLHBlue4' 6-max Seat #1 is the button
Seat 1: eecee880 ($5.05 in chips)
Seat 2: dfd9bad7 ($5.22 in chips)
Seat 3: 5356ec47 ($1.85 in chips)
Seat 4: dde7d4cd ($9.58 in chips)
Seat 5: Hero ($5.03 in chips)
dfd9bad7: posts small blind $0.02
5356ec47: posts big blind $0.05
*** HOLE CARDS ***
Dealt to eecee880 
Dealt to dfd9bad7 
Dealt to 5356ec47 
Dealt to dde7d4cd 
Dealt to Hero [5d Ks]
dde7d4cd: folds
Hero: folds
eecee880: folds
dfd9bad7: raises $0.05 to $0.1
5356ec47: calls $0.05
*** FLOP *** [4h Th 7c]
dfd9bad7: bets $0.05
5356ec47: folds
Uncalled bet ($0.05) returned to dfd9bad7
*** SHOWDOWN ***
dfd9bad7 collected $0.19 from pot
*** SUMMARY ***
Total pot $0.2 | Rake $0.01 | Jackpot $0 | Bingo $0 | Fortune $0 | Tax $0
Board [4h Th 7c]
Seat 1: eecee880 (button) folded before Flop (didn't bet)
Seat 2: dfd9bad7 (small blind) won ($0.19)
Seat 3: 5356ec47 (big blind) folded on the Flop
Seat 4: dde7d4cd folded before Flop (didn't bet)
Seat 5: Hero folded before Flop (didn't bet)


Poker Hand #HD1718586737: Hold'em No Limit ($0.02/$0.05) - 2024/04/06 18:32:13
Table 'NLHBlue4' 6-max Seat #5 is the button
Seat 1: eecee880 ($5.07 in chips)
Seat 2: dfd9bad7 ($5.11 in chips)
Seat 3: 5356ec47 ($1.95 in chips)
Seat 4: dde7d4cd ($9.58 in chips)
Seat 5: Hero ($5.03 in chips)
eecee880: posts small blind $0.02
dfd9bad7: posts big blind $0.05
*** HOLE CARDS ***
Dealt to eecee880 
Dealt to dfd9bad7 
Dealt to 5356ec47 
Dealt to dde7d4cd 
Dealt to Hero [Jd Ts]
5356ec47: raises $0.05 to $0.1
dde7d4cd: folds
Hero: folds
eecee880: folds
dfd9bad7: calls $0.05
*** FLOP *** [Ks As Kd]
dfd9bad7: bets $0.08
5356ec47: folds
Uncalled bet ($0.08) returned to dfd9bad7
*** SHOWDOWN ***
dfd9bad7 collected $0.21 from pot
*** SUMMARY ***
Total pot $0.22 | Rake $0.01 | Jackpot $0 | Bingo $0 | Fortune $0 | Tax $0
Board [Ks As Kd]
Seat 1: eecee880 (small blind) folded before Flop
Seat 2: dfd9bad7 (big blind) won ($0.21)
Seat 3: 5356ec47 folded on the Flop
Seat 4: dde7d4cd folded before Flop (didn't bet)
Seat 5: Hero (button) folded before Flop (didn't bet)


Poker Hand #HD1718586705: Hold'em No Limit ($0.02/$0.05) - 2024/04/06 18:31:56
Table 'NLHBlue4' 6-max Seat #4 is the button
Seat 1: eecee880 ($5 in chips)
Seat 2: dfd9bad7 ($5.11 in chips)
Seat 3: 5356ec47 ($2 in chips)
Seat 4: dde7d4cd ($9.58 in chips)
Seat 5: Hero ($5.05 in chips)
Hero: posts small blind $0.02
eecee880: posts big blind $0.05
5356ec47: posts big blind $0.05
*** HOLE CARDS ***
Dealt to eecee880 
Dealt to dfd9bad7 
Dealt to 5356ec47 
Dealt to dde7d4cd 
Dealt to Hero [6c Qh]
dfd9bad7: folds
5356ec47: checks
dde7d4cd: folds
Hero: folds
eecee880: raises $0.15 to $0.2
5356ec47: folds
Uncalled bet ($0.15) returned to eecee880
*** SHOWDOWN ***
eecee880 collected $0.12 from pot
*** SUMMARY ***
Total pot $0.12 | Rake $0 | Jackpot $0 | Bingo $0 | Fortune $0 | Tax $0
Seat 1: eecee880 (big blind) collected ($0.12)
Seat 2: dfd9bad7 folded before Flop (didn't bet)
Seat 3: 5356ec47 folded before Flop
Seat 4: dde7d4cd (button) folded before Flop (didn't bet)
Seat 5: Hero (small blind) folded before Flop


Poker Hand #HD1718586655: Hold'em No Limit ($0.02/$0.05) - 2024/04/06 18:31:31
Table 'NLHBlue4' 6-max Seat #2 is the button
Seat 2: dfd9bad7 ($5.11 in chips)
Seat 4: dde7d4cd ($9.63 in chips)
Seat 5: Hero ($5 in chips)
Seat 6: e3cad303 ($6.74 in chips)
dde7d4cd: posts small blind $0.02
Hero: posts big blind $0.05
*** HOLE CARDS ***
Dealt to dfd9bad7 
Dealt to dde7d4cd 
Dealt to Hero [5h 3d]
Dealt to e3cad303 
e3cad303: folds
dfd9bad7: folds
dde7d4cd: calls $0.03
Hero: checks
*** FLOP *** [6c As Kh]
dde7d4cd: checks
Hero: checks
*** TURN *** [6c As Kh] [3c]
dde7d4cd: checks
Hero: bets $0.05
dde7d4cd: folds
Uncalled bet ($0.05) returned to Hero
*** SHOWDOWN ***
Hero collected $0.1 from pot
*** SUMMARY ***
Total pot $0.1 | Rake $0 | Jackpot $0 | Bingo $0 | Fortune $0 | Tax $0
Board [6c As Kh 3c]
Seat 2: dfd9bad7 (button) folded before Flop (didn't bet)
Seat 4: dde7d4cd (small blind) folded on the Turn
Seat 5: Hero (big blind) won ($0.1)
Seat 6: e3cad303 folded before Flop (didn't bet)


Poker Hand #HD1718586598: Hold'em No Limit ($0.02/$0.05) - 2024/04/06 18:31:04
Table 'NLHBlue4' 6-max Seat #6 is the button
Seat 2: dfd9bad7 ($5.02 in chips)
Seat 4: dde7d4cd ($9.73 in chips)
Seat 5: Hero ($5 in chips)
Seat 6: e3cad303 ($6.74 in chips)
dfd9bad7: posts small blind $0.02
dde7d4cd: posts big blind $0.05
*** HOLE CARDS ***
Dealt to dfd9bad7 
Dealt to dde7d4cd 
Dealt to Hero [Qd 6d]
Dealt to e3cad303 
Hero: folds
e3cad303: folds
dfd9bad7: raises $0.05 to $0.1
dde7d4cd: calls $0.05
*** FLOP *** [9s 3c 4h]
dfd9bad7: bets $0.07
dde7d4cd: folds
Uncalled bet ($0.07) returned to dfd9bad7
*** SHOWDOWN ***
dfd9bad7 collected $0.19 from pot
*** SUMMARY ***
Total pot $0.2 | Rake $0.01 | Jackpot $0 | Bingo $0 | Fortune $0 | Tax $0
Board [9s 3c 4h]
Seat 2: dfd9bad7 (small blind) won ($0.19)
Seat 4: dde7d4cd (big blind) folded on the Flop
Seat 5: Hero folded before Flop (didn't bet)
Seat 6: e3cad303 (button) folded before Flop (didn't bet)


Poker Hand #HD1718586509: Hold'em No Limit ($0.02/$0.05) - 2024/04/06 18:30:17
Table 'NLHBlue4' 6-max Seat #5 is the button
Seat 2: dfd9bad7 ($5.07 in chips)
Seat 3: 793518b9 ($5 in chips)
Seat 4: dde7d4cd ($9.03 in chips)
Seat 5: Hero ($5.12 in chips)
Seat 6: e3cad303 ($6.76 in chips)
e3cad303: posts small blind $0.02
dfd9bad7: posts big blind $0.05
*** HOLE CARDS ***
Dealt to dfd9bad7 
Dealt to 793518b9 
Dealt to dde7d4cd 
Dealt to Hero [Ad Ac]
Dealt to e3cad303 
793518b9: folds
dde7d4cd: raises $0.06 to $0.11
Hero: raises $0.24 to $0.35
e3cad303: folds
dfd9bad7: folds
dde7d4cd: calls $0.24
*** FLOP *** [Th 2h 6h]
dde7d4cd: checks
Hero: bets $0.35
dde7d4cd: raises $1.11 to $1.46
Hero: folds
Uncalled bet ($1.11) returned to dde7d4cd
*** SHOWDOWN ***
dde7d4cd collected $1.4 from pot
*** SUMMARY ***
Total pot $1.47 | Rake $0.07 | Jackpot $0 | Bingo $0 | Fortune $0 | Tax $0
Board [Th 2h 6h]
Seat 2: dfd9bad7 (big blind) folded before Flop
Seat 3: 793518b9 folded before Flop (didn't bet)
Seat 4: dde7d4cd won ($1.4)
Seat 5: Hero (button) folded on the Flop
Seat 6: e3cad303 (small blind) folded before Flop


Poker Hand #HD1718586483: Hold'em No Limit ($0.02/$0.05) - 2024/04/06 18:30:06
Table 'NLHBlue4' 6-max Seat #4 is the button
Seat 1: 621c91d9 ($8.75 in chips)
Seat 2: dfd9bad7 ($5.07 in chips)
Seat 3: 793518b9 ($5 in chips)
Seat 4: dde7d4cd ($9.03 in chips)
Seat 5: Hero ($5.14 in chips)
Seat 6: e3cad303 ($6.81 in chips)
Hero: posts small blind $0.02
e3cad303: posts big blind $0.05
*** HOLE CARDS ***
Dealt to 621c91d9 
Dealt to dfd9bad7 
Dealt to 793518b9 
Dealt to dde7d4cd 
Dealt to Hero [Kc 2c]
Dealt to e3cad303 
621c91d9: raises $0.05 to $0.1
dfd9bad7: folds
793518b9: folds
dde7d4cd: folds
Hero: folds
e3cad303: folds
Uncalled bet ($0.05) returned to 621c91d9
*** SHOWDOWN ***
621c91d9 collected $0.12 from pot
*** SUMMARY ***
Total pot $0.12 | Rake $0 | Jackpot $0 | Bingo $0 | Fortune $0 | Tax $0
Seat 1: 621c91d9 collected ($0.12)
Seat 2: dfd9bad7 folded before Flop (didn't bet)
Seat 3: 793518b9 folded before Flop (didn't bet)
Seat 4: dde7d4cd (button) folded before Flop (didn't bet)
Seat 5: Hero (small blind) folded before Flop
Seat 6: e3cad303 (big blind) folded before Flop


Poker Hand #HD1718586464: Hold'em No Limit ($0.02/$0.05) - 2024/04/06 18:29:56
Table 'NLHBlue4' 6-max Seat #3 is the button
Seat 1: 621c91d9 ($8.75 in chips)
Seat 2: dfd9bad7 ($5 in chips)
Seat 3: 793518b9 ($5 in chips)
Seat 4: dde7d4cd ($9.05 in chips)
Seat 5: Hero ($5.19 in chips)
Seat 6: e3cad303 ($6.81 in chips)
dde7d4cd: posts small blind $0.02
Hero: posts big blind $0.05
*** HOLE CARDS ***
Dealt to 621c91d9 
Dealt to dfd9bad7 
Dealt to 793518b9 
Dealt to dde7d4cd 
Dealt to Hero [8s 9c]
Dealt to e3cad303 
e3cad303: folds
621c91d9: folds
dfd9bad7: raises $0.05 to $0.1
793518b9: folds
dde7d4cd: folds
Hero: folds
Uncalled bet ($0.05) returned to dfd9bad7
*** SHOWDOWN ***
dfd9bad7 collected $0.12 from pot
*** SUMMARY ***
Total pot $0.12 | Rake $0 | Jackpot $0 | Bingo $0 | Fortune $0 | Tax $0
Seat 1: 621c91d9 folded before Flop (didn't bet)
Seat 2: dfd9bad7 collected ($0.12)
Seat 3: 793518b9 (button) folded before Flop (didn't bet)
Seat 4: dde7d4cd (small blind) folded before Flop
Seat 5: Hero (big blind) folded before Flop
Seat 6: e3cad303 folded before Flop (didn't bet)


Poker Hand #HD1718586399: Hold'em No Limit ($0.02/$0.05) - 2024/04/06 18:29:22
Table 'NLHBlue4' 6-max Seat #2 is the button
Seat 1: 621c91d9 ($8.75 in chips)
Seat 2: dfd9bad7 ($5 in chips)
Seat 3: 793518b9 ($5.08 in chips)
Seat 4: dde7d4cd ($9.1 in chips)
Seat 5: Hero ($5.19 in chips)
Seat 6: e3cad303 ($6.31 in chips)
793518b9: posts small blind $0.02
dde7d4cd: posts big blind $0.05
*** HOLE CARDS ***
Dealt to 621c91d9 
Dealt to dfd9bad7 
Dealt to 793518b9 
Dealt to dde7d4cd 
Dealt to Hero [8s 4d]
Dealt to e3cad303 
Hero: folds
e3cad303: raises $0.05 to $0.1
621c91d9: folds
dfd9bad7: folds
793518b9: raises $0.4 to $0.5
dde7d4cd: folds
e3cad303: raises $0.7 to $1.2
793518b9: folds
Uncalled bet ($0.7) returned to e3cad303
*** SHOWDOWN ***
e3cad303 collected $1 from pot
*** SUMMARY ***
Total pot $1.05 | Rake $0.05 | Jackpot $0 | Bingo $0 | Fortune $0 | Tax $0
Seat 1: 621c91d9 folded before Flop (didn't bet)
Seat 2: dfd9bad7 (button) folded before Flop (didn't bet)
Seat 3: 793518b9 (small blind) folded before Flop
Seat 4: dde7d4cd (big blind) folded before Flop
Seat 5: Hero folded before Flop (didn't bet)
Seat 6: e3cad303 collected ($1)


Poker Hand #HD1718586297: Hold'em No Limit ($0.02/$0.05) - 2024/04/06 18:28:30
Table 'NLHBlue4' 6-max Seat #1 is the button
Seat 1: 621c91d9 ($8.75 in chips)
Seat 2: dfd9bad7 ($5.02 in chips)
Seat 3: 793518b9 ($5.18 in chips)
Seat 4: dde7d4cd ($8.99 in chips)
Seat 5: Hero ($5.19 in chips)
Seat 6: e3cad303 ($6.31 in chips)
dfd9bad7: posts small blind $0.02
793518b9: posts big blind $0.05
*** HOLE CARDS ***
Dealt to 621c91d9 
Dealt to dfd9bad7 
Dealt to 793518b9 
Dealt to dde7d4cd 
Dealt to Hero [Qh 3d]
Dealt to e3cad303 
dde7d4cd: raises $0.05 to $0.1
Hero: folds
e3cad303: folds
621c91d9: folds
dfd9bad7: folds
793518b9: calls $0.05
*** FLOP *** [4d 5h 4h]
793518b9: checks
dde7d4cd: checks
*** TURN *** [4d 5h 4h] [8h]
793518b9: checks
dde7d4cd: checks
*** RIVER *** [4d 5h 4h 8h] [Kc]
793518b9: checks
dde7d4cd: checks
793518b9: shows [Qs 9d] (Pair of Fours)
dde7d4cd: shows [Ah Qc] (Pair of Fours)
*** SHOWDOWN ***
dde7d4cd collected $0.21 from pot
*** SUMMARY ***
Total pot $0.22 | Rake $0.01 | Jackpot $0 | Bingo $0 | Fortune $0 | Tax $0
Board [4d 5h 4h 8h Kc]
Seat 1: 621c91d9 (button) folded before Flop (didn't bet)
Seat 2: dfd9bad7 (small blind) folded before Flop
Seat 3: 793518b9 (big blind) showed [Qs 9d] and lost with Pair of Fours
Seat 4: dde7d4cd showed [Ah Qc] and won ($0.21) with Pair of Fours
Seat 5: Hero folded before Flop (didn't bet)
Seat 6: e3cad303 folded before Flop (didn't bet)


Poker Hand #HD1718586266: Hold'em No Limit ($0.02/$0.05) - 2024/04/06 18:28:18
Table 'NLHBlue4' 6-max Seat #6 is the button
Seat 1: 621c91d9 ($8.77 in chips)
Seat 2: dfd9bad7 ($5 in chips)
Seat 3: 793518b9 ($5.18 in chips)
Seat 4: dde7d4cd ($8.99 in chips)
Seat 5: Hero ($5.19 in chips)
Seat 6: e3cad303 ($6.31 in chips)
621c91d9: posts small blind $0.02
dfd9bad7: posts big blind $0.05
*** HOLE CARDS ***
Dealt to 621c91d9 
Dealt to dfd9bad7 
Dealt to 793518b9 
Dealt to dde7d4cd 
Dealt to Hero [7h Th]
Dealt to e3cad303 
793518b9: folds
dde7d4cd: folds
Hero: folds
e3cad303: folds
621c91d9: folds
Uncalled bet ($0.03) returned to dfd9bad7
*** SHOWDOWN ***
dfd9bad7 collected $0.04 from pot
*** SUMMARY ***
Total pot $0.04 | Rake $0 | Jackpot $0 | Bingo $0 | Fortune $0 | Tax $0
Seat 1: 621c91d9 (small blind) folded before Flop
Seat 2: dfd9bad7 (big blind) collected ($0.04)
Seat 3: 793518b9 folded before Flop (didn't bet)
Seat 4: dde7d4cd folded before Flop (didn't bet)
Seat 5: Hero folded before Flop (didn't bet)
Seat 6: e3cad303 (button) folded before Flop (didn't bet)


Poker Hand #HD1718586230: Hold'em No Limit ($0.02/$0.05) - 2024/04/06 18:28:03
Table 'NLHBlue4' 6-max Seat #5 is the button
Seat 1: 621c91d9 ($8.82 in chips)
Seat 3: 793518b9 ($5.18 in chips)
Seat 4: dde7d4cd ($8.92 in chips)
Seat 5: Hero ($5.19 in chips)
Seat 6: e3cad303 ($6.33 in chips)
e3cad303: posts small blind $0.02
621c91d9: posts big blind $0.05
*** HOLE CARDS ***
Dealt to 621c91d9 
Dealt to 793518b9 
Dealt to dde7d4cd 
Dealt to Hero [7h 3s]
Dealt to e3cad303 
793518b9: folds
dde7d4cd: raises $0.06 to $0.11
Hero: folds
e3cad303: folds
621c91d9: folds
Uncalled bet ($0.06) returned to dde7d4cd
*** SHOWDOWN ***
dde7d4cd collected $0.12 from pot
*** SUMMARY ***
Total pot $0.12 | Rake $0 | Jackpot $0 | Bingo $0 | Fortune $0 | Tax $0
Seat 1: 621c91d9 (big blind) folded before Flop
Seat 3: 793518b9 folded before Flop (didn't bet)
Seat 4: dde7d4cd collected ($0.12)
Seat 5: Hero (button) folded before Flop (didn't bet)
Seat 6: e3cad303 (small blind) folded before Flop


Poker Hand #HD1718586194: Hold'em No Limit ($0.02/$0.05) - 2024/04/06 18:27:45
Table 'NLHBlue4' 6-max Seat #4 is the button
Seat 1: 621c91d9 ($8.75 in chips)
Seat 2: 802373d1 ($6.33 in chips)
Seat 3: 793518b9 ($5.18 in chips)
Seat 4: dde7d4cd ($8.92 in chips)
Seat 5: Hero ($5.21 in chips)
Seat 6: e3cad303 ($6.38 in chips)
Hero: posts small blind $0.02
e3cad303: posts big blind $0.05
*** HOLE CARDS ***
Dealt to 621c91d9 
Dealt to 802373d1 
Dealt to 793518b9 
Dealt to dde7d4cd 
Dealt to Hero [Tc 3c]
Dealt to e3cad303 
621c91d9: raises $0.05 to $0.1
802373d1: folds
793518b9: folds
dde7d4cd: folds
Hero: folds
e3cad303: folds
Uncalled bet ($0.05) returned to 621c91d9
*** SHOWDOWN ***
621c91d9 collected $0.12 from pot
*** SUMMARY ***
Total pot $0.12 | Rake $0 | Jackpot $0 | Bingo $0 | Fortune $0 | Tax $0
Seat 1: 621c91d9 collected ($0.12)
Seat 2: 802373d1 folded before Flop (didn't bet)
Seat 3: 793518b9 folded before Flop (didn't bet)
Seat 4: dde7d4cd (button) folded before Flop (didn't bet)
Seat 5: Hero (small blind) folded before Flop
Seat 6: e3cad303 (big blind) folded before Flop


Poker Hand #HD1718586079: Hold'em No Limit ($0.02/$0.05) - 2024/04/06 18:26:54
Table 'NLHBlue4' 6-max Seat #3 is the button
Seat 1: 621c91d9 ($8.75 in chips)
Seat 2: 802373d1 ($6.54 in chips)
Seat 3: 793518b9 ($5.18 in chips)
Seat 4: dde7d4cd ($8.94 in chips)
Seat 5: Hero ($5 in chips)
Seat 6: e3cad303 ($6.38 in chips)
dde7d4cd: posts small blind $0.02
Hero: posts big blind $0.05
*** HOLE CARDS ***
Dealt to 621c91d9 
Dealt to 802373d1 
Dealt to 793518b9 
Dealt to dde7d4cd 
Dealt to Hero [8h As]
Dealt to e3cad303 
e3cad303: folds
621c91d9: folds
802373d1: raises $0.05 to $0.1
793518b9: folds
dde7d4cd: folds
Hero: calls $0.05
*** FLOP *** [Jc Ts 9h]
Hero: checks
802373d1: bets $0.11
Hero: calls $0.11
*** TURN *** [Jc Ts 9h] [6s]
Hero: checks
802373d1: checks
*** RIVER *** [Jc Ts 9h 6s] [Kc]
Hero: bets $0.3
802373d1: folds
Uncalled bet ($0.3) returned to Hero
*** SHOWDOWN ***
Hero collected $0.42 from pot
*** SUMMARY ***
Total pot $0.44 | Rake $0.02 | Jackpot $0 | Bingo $0 | Fortune $0 | Tax $0
Board [Jc Ts 9h 6s Kc]
Seat 1: 621c91d9 folded before Flop (didn't bet)
Seat 2: 802373d1 folded on the River
Seat 3: 793518b9 (button) folded before Flop (didn't bet)
Seat 4: dde7d4cd (small blind) folded before Flop
Seat 5: Hero (big blind) won ($0.42)
Seat 6: e3cad303 folded before Flop (didn't bet)


Poker Hand #HD1718586047: Hold'em No Limit ($0.02/$0.05) - 2024/04/06 18:26:39
Table 'NLHBlue4' 6-max Seat #2 is the button
Seat 1: 621c91d9 ($8.68 in chips)
Seat 2: 802373d1 ($6.54 in chips)
Seat 3: 793518b9 ($5.2 in chips)
Seat 4: dde7d4cd ($8.99 in chips)
Seat 5: Hero ($5 in chips)
Seat 6: e3cad303 ($6.38 in chips)
793518b9: posts small blind $0.02
dde7d4cd: posts big blind $0.05
*** HOLE CARDS ***
Dealt to 621c91d9 
Dealt to 802373d1 
Dealt to 793518b9 
Dealt to dde7d4cd 
Dealt to Hero [2c 5s]
Dealt to e3cad303 
Hero: folds
e3cad303: folds
621c91d9: raises $0.05 to $0.1
802373d1: folds
793518b9: folds
dde7d4cd: folds
Uncalled bet ($0.05) returned to 621c91d9
*** SHOWDOWN ***
621c91d9 collected $0.12 from pot
*** SUMMARY ***
Total pot $0.12 | Rake $0 | Jackpot $0 | Bingo $0 | Fortune $0 | Tax $0
Seat 1: 621c91d9 collected ($0.12)
Seat 2: 802373d1 (button) folded before Flop (didn't bet)
Seat 3: 793518b9 (small blind) folded before Flop
Seat 4: dde7d4cd (big blind) folded before Flop
Seat 5: Hero folded before Flop (didn't bet)
Seat 6: e3cad303 folded before Flop (didn't bet)


Poker Hand #HD1718585906: Hold'em No Limit ($0.02/$0.05) - 2024/04/06 18:25:33
Table 'NLHBlue4' 6-max Seat #1 is the button
Seat 1: 621c91d9 ($5.84 in chips)
Seat 2: 802373d1 ($6.64 in chips)
Seat 3: 793518b9 ($5.3 in chips)
Seat 4: dde7d4cd ($8.99 in chips)
Seat 5: Hero ($5 in chips)
Seat 6: e3cad303 ($9.37 in chips)
802373d1: posts small blind $0.02
793518b9: posts big blind $0.05
*** HOLE CARDS ***
Dealt to 621c91d9 
Dealt to 802373d1 
Dealt to 793518b9 
Dealt to dde7d4cd 
Dealt to Hero [2s 7s]
Dealt to e3cad303 
dde7d4cd: folds
Hero: folds
e3cad303: raises $0.05 to $0.1
621c91d9: calls $0.1
802373d1: calls $0.08
793518b9: calls $0.05
*** FLOP *** [5d 3c 5c]
802373d1: checks
793518b9: checks
e3cad303: bets $0.21
621c91d9: calls $0.21
802373d1: folds
793518b9: folds
*** TURN *** [5d 3c 5c] [Jd]
e3cad303: checks
621c91d9: bets $0.62
e3cad303: calls $0.62
*** RIVER *** [5d 3c 5c Jd] [8d]
e3cad303: checks
621c91d9: bets $2.06
e3cad303: calls $2.06
621c91d9: shows [Qs 5s] (Three Fives)
e3cad303: shows [Td Ts] (Pair of Tens and Pair of Fives)
*** SHOWDOWN ***
621c91d9 collected $5.83 from pot
*** SUMMARY ***
Total pot $6.18 | Rake $0.3 | Jackpot $0.05 | Bingo $0 | Fortune $0 | Tax $0
Board [5d 3c 5c Jd 8d]
Seat 1: 621c91d9 (button) showed [Qs 5s] and won ($5.83) with Three Fives
Seat 2: 802373d1 (small blind) folded on the Flop
Seat 3: 793518b9 (big blind) folded on the Flop
Seat 4: dde7d4cd folded before Flop (didn't bet)
Seat 5: Hero folded before Flop (didn't bet)
Seat 6: e3cad303 showed [Td Ts] and lost with Pair of Tens and Pair of Fives


Poker Hand #HD1718585787: Hold'em No Limit ($0.02/$0.05) - 2024/04/06 18:24:40
Table 'NLHBlue4' 6-max Seat #6 is the button
Seat 1: 621c91d9 ($5.97 in chips)
Seat 2: 802373d1 ($5.48 in chips)
Seat 3: 793518b9 ($5.3 in chips)
Seat 4: dde7d4cd ($8.99 in chips)
Seat 5: Hero ($5.28 in chips)
Seat 6: e3cad303 ($9.37 in chips)
621c91d9: posts small blind $0.02
802373d1: posts big blind $0.05
*** HOLE CARDS ***
Dealt to 621c91d9 
Dealt to 802373d1 
Dealt to 793518b9 
Dealt to dde7d4cd 
Dealt to Hero [Js Jc]
Dealt to e3cad303 
793518b9: folds
dde7d4cd: folds
Hero: raises $0.08 to $0.13
e3cad303: folds
621c91d9: calls $0.11
802373d1: raises $0.39 to $0.52
Hero: raises $0.68 to $1.2
621c91d9: folds
802373d1: calls $0.68
*** FLOP *** [3h Tc Ad]
802373d1: checks
Hero: checks
*** TURN *** [3h Tc Ad] [Ac]
802373d1: bets $1.27
Hero: folds
Uncalled bet ($1.27) returned to 802373d1
*** SHOWDOWN ***
802373d1 collected $2.36 from pot
*** SUMMARY ***
Total pot $2.53 | Rake $0.12 | Jackpot $0.05 | Bingo $0 | Fortune $0 | Tax $0
Board [3h Tc Ad Ac]
Seat 1: 621c91d9 (small blind) folded before Flop
Seat 2: 802373d1 (big blind) won ($2.36)
Seat 3: 793518b9 folded before Flop (didn't bet)
Seat 4: dde7d4cd folded before Flop (didn't bet)
Seat 5: Hero folded on the Turn
Seat 6: e3cad303 (button) folded before Flop (didn't bet)


Poker Hand #HD1718585766: Hold'em No Limit ($0.02/$0.05) - 2024/04/06 18:24:27
Table 'NLHBlue4' 6-max Seat #5 is the button
Seat 1: 621c91d9 ($6.02 in chips)
Seat 2: 802373d1 ($5.41 in chips)
Seat 3: 793518b9 ($5.3 in chips)
Seat 4: dde7d4cd ($8.99 in chips)
Seat 5: Hero ($5.28 in chips)
Seat 6: e3cad303 ($9.39 in chips)
e3cad303: posts small blind $0.02
621c91d9: posts big blind $0.05
*** HOLE CARDS ***
Dealt to 621c91d9 
Dealt to 802373d1 
Dealt to 793518b9 
Dealt to dde7d4cd 
Dealt to Hero [8h Qd]
Dealt to e3cad303 
802373d1: raises $0.1 to $0.15
793518b9: folds
dde7d4cd: folds
Hero: folds
e3cad303: folds
621c91d9: folds
Uncalled bet ($0.1) returned to 802373d1
*** SHOWDOWN ***
802373d1 collected $0.12 from pot
*** SUMMARY ***
Total pot $0.12 | Rake $0 | Jackpot $0 | Bingo $0 | Fortune $0 | Tax $0
Seat 1: 621c91d9 (big blind) folded before Flop
Seat 2: 802373d1 collected ($0.12)
Seat 3: 793518b9 folded before Flop (didn't bet)
Seat 4: dde7d4cd folded before Flop (didn't bet)
Seat 5: Hero (button) folded before Flop (didn't bet)
Seat 6: e3cad303 (small blind) folded before Flop


Poker Hand #HD1718585705: Hold'em No Limit ($0.02/$0.05) - 2024/04/06 18:23:59
Table 'NLHBlue4' 6-max Seat #4 is the button
Seat 1: 621c91d9 ($6.02 in chips)
Seat 2: 802373d1 ($5.41 in chips)
Seat 3: 793518b9 ($5.43 in chips)
Seat 4: dde7d4cd ($8.99 in chips)
Seat 5: Hero ($5.11 in chips)
Seat 6: e3cad303 ($9.44 in chips)
Hero: posts small blind $0.02
e3cad303: posts big blind $0.05
*** HOLE CARDS ***
Dealt to 621c91d9 
Dealt to 802373d1 
Dealt to 793518b9 
Dealt to dde7d4cd 
Dealt to Hero [Ah Js]
Dealt to e3cad303 
621c91d9: folds
802373d1: folds
793518b9: raises $0.08 to $0.13
dde7d4cd: folds
Hero: raises $0.37 to $0.5
e3cad303: folds
793518b9: folds
Uncalled bet ($0.37) returned to Hero
*** SHOWDOWN ***
Hero collected $0.3 from pot
*** SUMMARY ***
Total pot $0.31 | Rake $0.01 | Jackpot $0 | Bingo $0 | Fortune $0 | Tax $0
Seat 1: 621c91d9 folded before Flop (didn't bet)
Seat 2: 802373d1 folded before Flop (didn't bet)
Seat 3: 793518b9 folded before Flop
Seat 4: dde7d4cd (button) folded before Flop (didn't bet)
Seat 5: Hero (small blind) collected ($0.3)
Seat 6: e3cad303 (big blind) folded before Flop


Poker Hand #HD1718585679: Hold'em No Limit ($0.02/$0.05) - 2024/04/06 18:23:47
Table 'NLHBlue4' 6-max Seat #3 is the button
Seat 1: 621c91d9 ($5.95 in chips)
Seat 2: 802373d1 ($5.41 in chips)
Seat 3: 793518b9 ($5.43 in chips)
Seat 4: dde7d4cd ($9.01 in chips)
Seat 5: Hero ($5.16 in chips)
Seat 6: e3cad303 ($9.44 in chips)
dde7d4cd: posts small blind $0.02
Hero: posts big blind $0.05
*** HOLE CARDS ***
Dealt to 621c91d9 
Dealt to 802373d1 
Dealt to 793518b9 
Dealt to dde7d4cd 
Dealt to Hero [5s Jh]
Dealt to e3cad303 
e3cad303: folds
621c91d9: raises $0.1 to $0.15
802373d1: folds
793518b9: folds
dde7d4cd: folds
Hero: folds
Uncalled bet ($0.1) returned to 621c91d9
*** SHOWDOWN ***
621c91d9 collected $0.12 from pot
*** SUMMARY ***
Total pot $0.12 | Rake $0 | Jackpot $0 | Bingo $0 | Fortune $0 | Tax $0
Seat 1: 621c91d9 collected ($0.12)
Seat 2: 802373d1 folded before Flop (didn't bet)
Seat 3: 793518b9 (button) folded before Flop (didn't bet)
Seat 4: dde7d4cd (small blind) folded before Flop
Seat 5: Hero (big blind) folded before Flop
Seat 6: e3cad303 folded before Flop (didn't bet)


Poker Hand #HD1718465619: Hold'em No Limit ($0.02/$0.05) - 2024/04/06 18:23:21
Table 'NLHBlue4' 6-max Seat #2 is the button
Seat 1: 621c91d9 ($5.95 in chips)
Seat 2: 802373d1 ($5.34 in chips)
Seat 3: 793518b9 ($5.45 in chips)
Seat 4: dde7d4cd ($9.06 in chips)
Seat 5: Hero ($5.16 in chips)
Seat 6: e3cad303 ($9.44 in chips)
793518b9: posts small blind $0.02
dde7d4cd: posts big blind $0.05
*** HOLE CARDS ***
Dealt to 621c91d9 
Dealt to 802373d1 
Dealt to 793518b9 
Dealt to dde7d4cd 
Dealt to Hero [Qd 3s]
Dealt to e3cad303 
Hero: folds
e3cad303: folds
621c91d9: folds
802373d1: raises $0.05 to $0.1
793518b9: folds
dde7d4cd: folds
Uncalled bet ($0.05) returned to 802373d1
*** SHOWDOWN ***
802373d1 collected $0.12 from pot
*** SUMMARY ***
Total pot $0.12 | Rake $0 | Jackpot $0 | Bingo $0 | Fortune $0 | Tax $0
Seat 1: 621c91d9 folded before Flop (didn't bet)
Seat 2: 802373d1 (button) collected ($0.12)
Seat 3: 793518b9 (small blind) folded before Flop
Seat 4: dde7d4cd (big blind) folded before Flop
Seat 5: Hero folded before Flop (didn't bet)
Seat 6: e3cad303 folded before Flop (didn't bet)


Poker Hand #HD1718465576: Hold'em No Limit ($0.02/$0.05) - 2024/04/06 18:23:00
Table 'NLHBlue4' 6-max Seat #1 is the button
Seat 1: 621c91d9 ($6.05 in chips)
Seat 2: 802373d1 ($5.2 in chips)
Seat 3: 793518b9 ($5.5 in chips)
Seat 4: dde7d4cd ($9.06 in chips)
Seat 5: Hero ($5.16 in chips)
Seat 6: e3cad303 ($9.44 in chips)
802373d1: posts small blind $0.02
793518b9: posts big blind $0.05
*** HOLE CARDS ***
Dealt to 621c91d9 
Dealt to 802373d1 
Dealt to 793518b9 
Dealt to dde7d4cd 
Dealt to Hero [Ks 9d]
Dealt to e3cad303 
dde7d4cd: folds
Hero: folds
e3cad303: folds
621c91d9: raises $0.05 to $0.1
802373d1: raises $0.25 to $0.35
793518b9: folds
621c91d9: folds
Uncalled bet ($0.25) returned to 802373d1
*** SHOWDOWN ***
802373d1 collected $0.24 from pot
*** SUMMARY ***
Total pot $0.25 | Rake $0.01 | Jackpot $0 | Bingo $0 | Fortune $0 | Tax $0
Seat 1: 621c91d9 (button) folded before Flop
Seat 2: 802373d1 (small blind) collected ($0.24)
Seat 3: 793518b9 (big blind) folded before Flop
Seat 4: dde7d4cd folded before Flop (didn't bet)
Seat 5: Hero folded before Flop (didn't bet)
Seat 6: e3cad303 folded before Flop (didn't bet)


Poker Hand #HD1718465398: Hold'em No Limit ($0.02/$0.05) - 2024/04/06 18:21:37
Table 'NLHBlue4' 6-max Seat #6 is the button
Seat 1: 621c91d9 ($6.31 in chips)
Seat 2: 802373d1 ($5.33 in chips)
Seat 3: 793518b9 ($5.14 in chips)
Seat 4: dde7d4cd ($9.06 in chips)
Seat 5: Hero ($5.16 in chips)
Seat 6: e3cad303 ($9.44 in chips)
621c91d9: posts small blind $0.02
802373d1: posts big blind $0.05
*** HOLE CARDS ***
Dealt to 621c91d9 
Dealt to 802373d1 
Dealt to 793518b9 
Dealt to dde7d4cd 
Dealt to Hero [Td 8h]
Dealt to e3cad303 
793518b9: raises $0.08 to $0.13
dde7d4cd: folds
Hero: folds
e3cad303: folds
621c91d9: calls $0.11
802373d1: calls $0.08
*** FLOP *** [Qh 8d 4s]
621c91d9: checks
802373d1: checks
793518b9: bets $0.13
621c91d9: calls $0.13
802373d1: folds
*** TURN *** [Qh 8d 4s] [8c]
621c91d9: checks
793518b9: checks
*** RIVER *** [Qh 8d 4s 8c] [6h]
621c91d9: checks
793518b9: checks
621c91d9: shows [9s Js] (Pair of Eights)
793518b9: shows [As 2s] (Pair of Eights)
*** SHOWDOWN ***
793518b9 collected $0.62 from pot
*** SUMMARY ***
Total pot $0.65 | Rake $0.03 | Jackpot $0 | Bingo $0 | Fortune $0 | Tax $0
Board [Qh 8d 4s 8c 6h]
Seat 1: 621c91d9 (small blind) showed [9s Js] and lost with Pair of Eights
Seat 2: 802373d1 (big blind) folded on the Flop
Seat 3: 793518b9 showed [As 2s] and won ($0.62) with Pair of Eights
Seat 4: dde7d4cd folded before Flop (didn't bet)
Seat 5: Hero folded before Flop (didn't bet)
Seat 6: e3cad303 (button) folded before Flop (didn't bet)


Poker Hand #HD1718465355: Hold'em No Limit ($0.02/$0.05) - 2024/04/06 18:21:21
Table 'NLHBlue4' 6-max Seat #5 is the button
Seat 1: 621c91d9 ($6.36 in chips)
Seat 2: 802373d1 ($5.33 in chips)
Seat 3: 793518b9 ($5.14 in chips)
Seat 4: dde7d4cd ($8.99 in chips)
Seat 5: Hero ($5.16 in chips)
Seat 6: e3cad303 ($9.46 in chips)
e3cad303: posts small blind $0.02
621c91d9: posts big blind $0.05
*** HOLE CARDS ***
Dealt to 621c91d9 
Dealt to 802373d1 
Dealt to 793518b9 
Dealt to dde7d4cd 
Dealt to Hero [3s Ks]
Dealt to e3cad303 
802373d1: folds
793518b9: folds
dde7d4cd: raises $0.05 to $0.1
Hero: folds
e3cad303: folds
621c91d9: folds
Uncalled bet ($0.05) returned to dde7d4cd
*** SHOWDOWN ***
dde7d4cd collected $0.12 from pot
*** SUMMARY ***
Total pot $0.12 | Rake $0 | Jackpot $0 | Bingo $0 | Fortune $0 | Tax $0
Seat 1: 621c91d9 (big blind) folded before Flop
Seat 2: 802373d1 folded before Flop (didn't bet)
Seat 3: 793518b9 folded before Flop (didn't bet)
Seat 4: dde7d4cd collected ($0.12)
Seat 5: Hero (button) folded before Flop (didn't bet)
Seat 6: e3cad303 (small blind) folded before Flop


Poker Hand #HD1718465233: Hold'em No Limit ($0.02/$0.05) - 2024/04/06 18:20:23
Table 'NLHBlue4' 6-max Seat #4 is the button
Seat 1: 621c91d9 ($5.82 in chips)
Seat 2: 802373d1 ($5.85 in chips)
Seat 3: 793518b9 ($5.14 in chips)
Seat 4: dde7d4cd ($8.99 in chips)
Seat 5: Hero ($5.18 in chips)
Seat 6: e3cad303 ($9.51 in chips)
Hero: posts small blind $0.02
e3cad303: posts big blind $0.05
*** HOLE CARDS ***
Dealt to 621c91d9 
Dealt to 802373d1 
Dealt to 793518b9 
Dealt to dde7d4cd 
Dealt to Hero [6d 3c]
Dealt to e3cad303 
621c91d9: raises $0.05 to $0.1
802373d1: calls $0.1
793518b9: folds
dde7d4cd: folds
Hero: folds
e3cad303: folds
*** FLOP *** [3h 9s 2d]
621c91d9: bets $0.14
802373d1: calls $0.14
*** TURN *** [3h 9s 2d] [9c]
621c91d9: checks
802373d1: bets $0.28
621c91d9: raises $0.84 to $1.12
802373d1: folds
Uncalled bet ($0.84) returned to 621c91d9
*** SHOWDOWN ***
621c91d9 collected $1.06 from pot
*** SUMMARY ***
Total pot $1.11 | Rake $0.05 | Jackpot $0 | Bingo $0 | Fortune $0 | Tax $0
Board [3h 9s 2d 9c]
Seat 1: 621c91d9 won ($1.06)
Seat 2: 802373d1 folded on the Turn
Seat 3: 793518b9 folded before Flop (didn't bet)
Seat 4: dde7d4cd (button) folded before Flop (didn't bet)
Seat 5: Hero (small blind) folded before Flop
Seat 6: e3cad303 (big blind) folded before Flop


Poker Hand #HD1718465206: Hold'em No Limit ($0.02/$0.05) - 2024/04/06 18:20:08
Table 'NLHBlue4' 6-max Seat #3 is the button
Seat 1: 621c91d9 ($5.82 in chips)
Seat 2: 802373d1 ($5.78 in chips)
Seat 3: 793518b9 ($5.14 in chips)
Seat 4: dde7d4cd ($9.01 in chips)
Seat 5: Hero ($5.23 in chips)
Seat 6: e3cad303 ($9.51 in chips)
dde7d4cd: posts small blind $0.02
Hero: posts big blind $0.05
*** HOLE CARDS ***
Dealt to 621c91d9 
Dealt to 802373d1 
Dealt to 793518b9 
Dealt to dde7d4cd 
Dealt to Hero [8c 7d]
Dealt to e3cad303 
e3cad303: folds
621c91d9: folds
802373d1: raises $0.05 to $0.1
793518b9: folds
dde7d4cd: folds
Hero: folds
Uncalled bet ($0.05) returned to 802373d1
*** SHOWDOWN ***
802373d1 collected $0.12 from pot
*** SUMMARY ***
Total pot $0.12 | Rake $0 | Jackpot $0 | Bingo $0 | Fortune $0 | Tax $0
Seat 1: 621c91d9 folded before Flop (didn't bet)
Seat 2: 802373d1 collected ($0.12)
Seat 3: 793518b9 (button) folded before Flop (didn't bet)
Seat 4: dde7d4cd (small blind) folded before Flop
Seat 5: Hero (big blind) folded before Flop
Seat 6: e3cad303 folded before Flop (didn't bet)


Poker Hand #HD1718465145: Hold'em No Limit ($0.02/$0.05) - 2024/04/06 18:19:41
Table 'NLHBlue4' 6-max Seat #2 is the button
Seat 1: 621c91d9 ($5.82 in chips)
Seat 2: 802373d1 ($5.88 in chips)
Seat 3: 793518b9 ($5 in chips)
Seat 4: dde7d4cd ($9.06 in chips)
Seat 5: Hero ($5.23 in chips)
Seat 6: e3cad303 ($9.51 in chips)
793518b9: posts small blind $0.02
dde7d4cd: posts big blind $0.05
*** HOLE CARDS ***
Dealt to 621c91d9 
Dealt to 802373d1 
Dealt to 793518b9 
Dealt to dde7d4cd 
Dealt to Hero [7d 8s]
Dealt to e3cad303 
Hero: folds
e3cad303: folds
621c91d9: folds
802373d1: raises $0.05 to $0.1
793518b9: raises $0.4 to $0.5
dde7d4cd: folds
802373d1: folds
Uncalled bet ($0.4) returned to 793518b9
*** SHOWDOWN ***
793518b9 collected $0.24 from pot
*** SUMMARY ***
Total pot $0.25 | Rake $0.01 | Jackpot $0 | Bingo $0 | Fortune $0 | Tax $0
Seat 1: 621c91d9 folded before Flop (didn't bet)
Seat 2: 802373d1 (button) folded before Flop
Seat 3: 793518b9 (small blind) collected ($0.24)
Seat 4: dde7d4cd (big blind) folded before Flop
Seat 5: Hero folded before Flop (didn't bet)
Seat 6: e3cad303 folded before Flop (didn't bet)


Poker Hand #HD1718465017: Hold'em No Limit ($0.02/$0.05) - 2024/04/06 18:18:28
Table 'NLHBlue4' 6-max Seat #1 is the button
Seat 1: 621c91d9 ($5.82 in chips)
Seat 2: 802373d1 ($5.72 in chips)
Seat 3: 793518b9 ($5 in chips)
Seat 4: dde7d4cd ($9.06 in chips)
Seat 5: Hero ($5.23 in chips)
Seat 6: e3cad303 ($9.51 in chips)
802373d1: posts small blind $0.02
793518b9: posts big blind $0.05
*** HOLE CARDS ***
Dealt to 621c91d9 
Dealt to 802373d1 
Dealt to 793518b9 
Dealt to dde7d4cd 
Dealt to Hero [3s 4s]
Dealt to e3cad303 
dde7d4cd: folds
Hero: folds
e3cad303: folds
621c91d9: folds
802373d1: raises $0.05 to $0.1
793518b9: calls $0.05
*** FLOP *** [Jh Kd 9d]
802373d1: bets $0.07
793518b9: calls $0.07
*** TURN *** [Jh Kd 9d] [Kh]
802373d1: checks
793518b9: checks
*** RIVER *** [Jh Kd 9d Kh] [Tc]
802373d1: bets $0.26
793518b9: folds
Uncalled bet ($0.26) returned to 802373d1
*** SHOWDOWN ***
802373d1 collected $0.33 from pot
*** SUMMARY ***
Total pot $0.34 | Rake $0.01 | Jackpot $0 | Bingo $0 | Fortune $0 | Tax $0
Board [Jh Kd 9d Kh Tc]
Seat 1: 621c91d9 (button) folded before Flop (didn't bet)
Seat 2: 802373d1 (small blind) won ($0.33)
Seat 3: 793518b9 (big blind) folded on the River
Seat 4: dde7d4cd folded before Flop (didn't bet)
Seat 5: Hero folded before Flop (didn't bet)
Seat 6: e3cad303 folded before Flop (didn't bet)


Poker Hand #HD1718464867: Hold'em No Limit ($0.02/$0.05) - 2024/04/06 18:17:20
Table 'NLHBlue4' 6-max Seat #6 is the button
Seat 1: 621c91d9 ($5.95 in chips)
Seat 2: 802373d1 ($5.36 in chips)
Seat 3: 793518b9 ($5 in chips)
Seat 4: dde7d4cd ($9.06 in chips)
Seat 5: Hero ($5.23 in chips)
Seat 6: e3cad303 ($9.51 in chips)
621c91d9: posts small blind $0.02
802373d1: posts big blind $0.05
*** HOLE CARDS ***
Dealt to 621c91d9 
Dealt to 802373d1 
Dealt to 793518b9 
Dealt to dde7d4cd 
Dealt to Hero [Ac 7h]
Dealt to e3cad303 
793518b9: raises $0.08 to $0.13
dde7d4cd: folds
Hero: folds
e3cad303: folds
621c91d9: calls $0.11
802373d1: calls $0.08
*** FLOP *** [Kh 5d 5s]
621c91d9: checks
802373d1: checks
793518b9: bets $0.13
621c91d9: folds
802373d1: calls $0.13
*** TURN *** [Kh 5d 5s] [Ks]
802373d1: checks
793518b9: checks
*** RIVER *** [Kh 5d 5s Ks] [8h]
802373d1: bets $0.78
793518b9: folds
Uncalled bet ($0.78) returned to 802373d1
*** SHOWDOWN ***
802373d1 collected $0.62 from pot
*** SUMMARY ***
Total pot $0.65 | Rake $0.03 | Jackpot $0 | Bingo $0 | Fortune $0 | Tax $0
Board [Kh 5d 5s Ks 8h]
Seat 1: 621c91d9 (small blind) folded on the Flop
Seat 2: 802373d1 (big blind) won ($0.62)
Seat 3: 793518b9 folded on the River
Seat 4: dde7d4cd folded before Flop (didn't bet)
Seat 5: Hero folded before Flop (didn't bet)
Seat 6: e3cad303 (button) folded before Flop (didn't bet)


Poker Hand #HD1718464801: Hold'em No Limit ($0.02/$0.05) - 2024/04/06 18:16:48
Table 'NLHBlue4' 6-max Seat #5 is the button
Seat 1: 621c91d9 ($6 in chips)
Seat 2: 802373d1 ($5.36 in chips)
Seat 3: 793518b9 ($5 in chips)
Seat 4: dde7d4cd ($9.17 in chips)
Seat 5: Hero ($5.23 in chips)
Seat 6: e3cad303 ($9.36 in chips)
e3cad303: posts small blind $0.02
621c91d9: posts big blind $0.05
*** HOLE CARDS ***
Dealt to 621c91d9 
Dealt to 802373d1 
Dealt to 793518b9 
Dealt to dde7d4cd 
Dealt to Hero [5s Qh]
Dealt to e3cad303 
802373d1: folds
793518b9: folds
dde7d4cd: raises $0.06 to $0.11
Hero: folds
e3cad303: raises $0.39 to $0.5
621c91d9: folds
dde7d4cd: folds
Uncalled bet ($0.39) returned to e3cad303
*** SHOWDOWN ***
e3cad303 collected $0.26 from pot
*** SUMMARY ***
Total pot $0.27 | Rake $0.01 | Jackpot $0 | Bingo $0 | Fortune $0 | Tax $0
Seat 1: 621c91d9 (big blind) folded before Flop
Seat 2: 802373d1 folded before Flop (didn't bet)
Seat 3: 793518b9 folded before Flop (didn't bet)
Seat 4: dde7d4cd folded before Flop
Seat 5: Hero (button) folded before Flop (didn't bet)
Seat 6: e3cad303 (small blind) collected ($0.26)


Poker Hand #HD1718464729: Hold'em No Limit ($0.02/$0.05) - 2024/04/06 18:16:12
Table 'NLHBlue4' 6-max Seat #4 is the button
Seat 1: 621c91d9 ($6.24 in chips)
Seat 2: 802373d1 ($5.07 in chips)
Seat 3: 793518b9 ($5 in chips)
Seat 4: dde7d4cd ($9.17 in chips)
Seat 5: Hero ($5.25 in chips)
Seat 6: e3cad303 ($9.41 in chips)
Hero: posts small blind $0.02
e3cad303: posts big blind $0.05
*** HOLE CARDS ***
Dealt to 621c91d9 
Dealt to 802373d1 
Dealt to 793518b9 
Dealt to dde7d4cd 
Dealt to Hero [3s 8c]
Dealt to e3cad303 
621c91d9: raises $0.05 to $0.1
802373d1: calls $0.1
793518b9: folds
dde7d4cd: folds
Hero: folds
e3cad303: folds
*** FLOP *** [4d Qc 6c]
621c91d9: checks
802373d1: bets $0.14
621c91d9: calls $0.14
*** TURN *** [4d Qc 6c] [Ah]
621c91d9: checks
802373d1: bets $0.28
621c91d9: folds
Uncalled bet ($0.28) returned to 802373d1
*** SHOWDOWN ***
802373d1 collected $0.53 from pot
*** SUMMARY ***
Total pot $0.55 | Rake $0.02 | Jackpot $0 | Bingo $0 | Fortune $0 | Tax $0
Board [4d Qc 6c Ah]
Seat 1: 621c91d9 folded on the Turn
Seat 2: 802373d1 won ($0.53)
Seat 3: 793518b9 folded before Flop (didn't bet)
Seat 4: dde7d4cd (button) folded before Flop (didn't bet)
Seat 5: Hero (small blind) folded before Flop
Seat 6: e3cad303 (big blind) folded before Flop


Poker Hand #HD1718464641: Hold'em No Limit ($0.02/$0.05) - 2024/04/06 18:15:25
Table 'NLHBlue4' 6-max Seat #3 is the button
Seat 1: 621c91d9 ($6.24 in chips)
Seat 2: 802373d1 ($5.32 in chips)
Seat 3: 793518b9 ($5 in chips)
Seat 4: dde7d4cd ($9.19 in chips)
Seat 5: Hero ($5 in chips)
Seat 6: e3cad303 ($9.41 in chips)
dde7d4cd: posts small blind $0.02
Hero: posts big blind $0.05
*** HOLE CARDS ***
Dealt to 621c91d9 
Dealt to 802373d1 
Dealt to 793518b9 
Dealt to dde7d4cd 
Dealt to Hero [9s Ts]
Dealt to e3cad303 
e3cad303: folds
621c91d9: folds
802373d1: raises $0.05 to $0.1
793518b9: folds
dde7d4cd: folds
Hero: calls $0.05
*** FLOP *** [5c 3s 8d]
Hero: checks
802373d1: checks
*** TURN *** [5c 3s 8d] [6h]
Hero: bets $0.15
802373d1: calls $0.15
*** RIVER *** [5c 3s 8d 6h] [Jh]
Hero: bets $0.45
802373d1: folds
Uncalled bet ($0.45) returned to Hero
*** SHOWDOWN ***
Hero collected $0.5 from pot
*** SUMMARY ***
Total pot $0.52 | Rake $0.02 | Jackpot $0 | Bingo $0 | Fortune $0 | Tax $0
Board [5c 3s 8d 6h Jh]
Seat 1: 621c91d9 folded before Flop (didn't bet)
Seat 2: 802373d1 folded on the River
Seat 3: 793518b9 (button) folded before Flop (didn't bet)
Seat 4: dde7d4cd (small blind) folded before Flop
Seat 5: Hero (big blind) won ($0.5)
Seat 6: e3cad303 folded before Flop (didn't bet)


Poker Hand #HD1718464605: Hold'em No Limit ($0.02/$0.05) - 2024/04/06 18:15:07
Table 'NLHBlue4' 6-max Seat #2 is the button
Seat 1: 621c91d9 ($6.24 in chips)
Seat 2: 802373d1 ($5.32 in chips)
Seat 3: 793518b9 ($5 in chips)
Seat 4: dde7d4cd ($9.24 in chips)
Seat 5: Hero ($5 in chips)
Seat 6: e3cad303 ($9.34 in chips)
793518b9: posts small blind $0.02
dde7d4cd: posts big blind $0.05
*** HOLE CARDS ***
Dealt to 621c91d9 
Dealt to 802373d1 
Dealt to 793518b9 
Dealt to dde7d4cd 
Dealt to Hero [3s 6h]
Dealt to e3cad303 
Hero: folds
e3cad303: raises $0.05 to $0.1
621c91d9: folds
802373d1: folds
793518b9: folds
dde7d4cd: folds
Uncalled bet ($0.05) returned to e3cad303
*** SHOWDOWN ***
e3cad303 collected $0.12 from pot
*** SUMMARY ***
Total pot $0.12 | Rake $0 | Jackpot $0 | Bingo $0 | Fortune $0 | Tax $0
Seat 1: 621c91d9 folded before Flop (didn't bet)
Seat 2: 802373d1 (button) folded before Flop (didn't bet)
Seat 3: 793518b9 (small blind) folded before Flop
Seat 4: dde7d4cd (big blind) folded before Flop
Seat 5: Hero folded before Flop (didn't bet)
Seat 6: e3cad303 collected ($0.12)


Poker Hand #HD1718464491: Hold'em No Limit ($0.02/$0.05) - 2024/04/06 18:14:08
Table 'NLHBlue4' 6-max Seat #1 is the button
Seat 1: 621c91d9 ($7.03 in chips)
Seat 2: 802373d1 ($5.34 in chips)
Seat 3: 793518b9 ($5 in chips)
Seat 4: dde7d4cd ($8.51 in chips)
Seat 5: Hero ($5 in chips)
Seat 6: e3cad303 ($9.34 in chips)
802373d1: posts small blind $0.02
793518b9: posts big blind $0.05
*** HOLE CARDS ***
Dealt to 621c91d9 
Dealt to 802373d1 
Dealt to 793518b9 
Dealt to dde7d4cd 
Dealt to Hero [8h 4c]
Dealt to e3cad303 
dde7d4cd: raises $0.05 to $0.1
Hero: folds
e3cad303: folds
621c91d9: raises $0.36 to $0.46
802373d1: folds
793518b9: folds
dde7d4cd: calls $0.36
*** FLOP *** [3h 4s 4d]
dde7d4cd: checks
621c91d9: checks
*** TURN *** [3h 4s 4d] [2s]
dde7d4cd: bets $0.33
621c91d9: calls $0.33
*** RIVER *** [3h 4s 4d 2s] [Ad]
dde7d4cd: bets $3
621c91d9: folds
Uncalled bet ($3) returned to dde7d4cd
*** SHOWDOWN ***
dde7d4cd collected $1.52 from pot
*** SUMMARY ***
Total pot $1.65 | Rake $0.08 | Jackpot $0.05 | Bingo $0 | Fortune $0 | Tax $0
Board [3h 4s 4d 2s Ad]
Seat 1: 621c91d9 (button) folded on the River
Seat 2: 802373d1 (small blind) folded before Flop
Seat 3: 793518b9 (big blind) folded before Flop
Seat 4: dde7d4cd won ($1.52)
Seat 5: Hero folded before Flop (didn't bet)
Seat 6: e3cad303 folded before Flop (didn't bet)


Poker Hand #HD1718464442: Hold'em No Limit ($0.02/$0.05) - 2024/04/06 18:13:48
Table 'NLHBlue4' 6-max Seat #6 is the button
Seat 1: 621c91d9 ($6.84 in chips)
Seat 2: 802373d1 ($5.39 in chips)
Seat 4: dde7d4cd ($8.51 in chips)
Seat 5: Hero ($5 in chips)
Seat 6: e3cad303 ($9.49 in chips)
621c91d9: posts small blind $0.02
802373d1: posts big blind $0.05
*** HOLE CARDS ***
Dealt to 621c91d9 
Dealt to 802373d1 
Dealt to dde7d4cd 
Dealt to Hero [2h Ts]
Dealt to e3cad303 
dde7d4cd: folds
Hero: folds
e3cad303: raises $0.1 to $0.15
621c91d9: raises $0.31 to $0.46
802373d1: folds
e3cad303: folds
Uncalled bet ($0.31) returned to 621c91d9
*** SHOWDOWN ***
621c91d9 collected $0.34 from pot
*** SUMMARY ***
Total pot $0.35 | Rake $0.01 | Jackpot $0 | Bingo $0 | Fortune $0 | Tax $0
Seat 1: 621c91d9 (small blind) collected ($0.34)
Seat 2: 802373d1 (big blind) folded before Flop
Seat 4: dde7d4cd folded before Flop (didn't bet)
Seat 5: Hero folded before Flop (didn't bet)
Seat 6: e3cad303 (button) folded before Flop


Poker Hand #HD1718464407: Hold'em No Limit ($0.02/$0.05) - 2024/04/06 18:13:27
Table 'NLHBlue4' 6-max Seat #5 is the button
Seat 1: 621c91d9 ($6.89 in chips)
Seat 2: 802373d1 ($5.32 in chips)
Seat 4: dde7d4cd ($8.51 in chips)
Seat 5: Hero ($5 in chips)
Seat 6: e3cad303 ($9.51 in chips)
e3cad303: posts small blind $0.02
621c91d9: posts big blind $0.05
*** HOLE CARDS ***
Dealt to 621c91d9 
Dealt to 802373d1 
Dealt to dde7d4cd 
Dealt to Hero [2h 6s]
Dealt to e3cad303 
802373d1: raises $0.1 to $0.15
dde7d4cd: folds
Hero: folds
e3cad303: folds
621c91d9: folds
Uncalled bet ($0.1) returned to 802373d1
*** SHOWDOWN ***
802373d1 collected $0.12 from pot
*** SUMMARY ***
Total pot $0.12 | Rake $0 | Jackpot $0 | Bingo $0 | Fortune $0 | Tax $0
Seat 1: 621c91d9 (big blind) folded before Flop
Seat 2: 802373d1 collected ($0.12)
Seat 4: dde7d4cd folded before Flop (didn't bet)
Seat 5: Hero (button) folded before Flop (didn't bet)
Seat 6: e3cad303 (small blind) folded before Flop


Poker Hand #HD1718464383: Hold'em No Limit ($0.02/$0.05) - 2024/04/06 18:13:14
Table 'NLHBlue4' 6-max Seat #4 is the button
Seat 1: 621c91d9 ($6.89 in chips)
Seat 2: 802373d1 ($5.25 in chips)
Seat 4: dde7d4cd ($8.51 in chips)
Seat 5: Hero ($5 in chips)
Seat 6: e3cad303 ($9.56 in chips)
Hero: posts small blind $0.02
e3cad303: posts big blind $0.05
*** HOLE CARDS ***
Dealt to 621c91d9 
Dealt to 802373d1 
Dealt to dde7d4cd 
Dealt to Hero [5d As]
Dealt to e3cad303 
621c91d9: folds
802373d1: raises $0.05 to $0.1
dde7d4cd: folds
Hero: folds
e3cad303: folds
Uncalled bet ($0.05) returned to 802373d1
*** SHOWDOWN ***
802373d1 collected $0.12 from pot
*** SUMMARY ***
Total pot $0.12 | Rake $0 | Jackpot $0 | Bingo $0 | Fortune $0 | Tax $0
Seat 1: 621c91d9 folded before Flop (didn't bet)
Seat 2: 802373d1 collected ($0.12)
Seat 4: dde7d4cd (button) folded before Flop (didn't bet)
Seat 5: Hero (small blind) folded before Flop
Seat 6: e3cad303 (big blind) folded before Flop


Poker Hand #HD1718464295: Hold'em No Limit ($0.02/$0.05) - 2024/04/06 18:12:26
Table 'NLHBlue4' 6-max Seat #2 is the button
Seat 1: 621c91d9 ($6.89 in chips)
Seat 2: 802373d1 ($4.69 in chips)
Seat 4: dde7d4cd ($8.53 in chips)
Seat 5: Hero ($5 in chips)
Seat 6: e3cad303 ($10.1 in chips)
dde7d4cd: posts small blind $0.02
Hero: posts big blind $0.05
*** HOLE CARDS ***
Dealt to 621c91d9 
Dealt to 802373d1 
Dealt to dde7d4cd 
Dealt to Hero [5h 4c]
Dealt to e3cad303 
e3cad303: raises $0.05 to $0.1
621c91d9: folds
802373d1: calls $0.1
dde7d4cd: folds
Hero: folds
*** FLOP *** [3c 7c 9h]
e3cad303: bets $0.15
802373d1: calls $0.15
*** TURN *** [3c 7c 9h] [9d]
e3cad303: checks
802373d1: bets $0.29
e3cad303: calls $0.29
*** RIVER *** [3c 7c 9h 9d] [Kc]
e3cad303: checks
802373d1: checks
e3cad303: shows [Ad As] (Pair of Aces and Pair of Nines)
802373d1: shows [8c 9s] (Three Nines)
*** SHOWDOWN ***
802373d1 collected $1.1 from pot
*** SUMMARY ***
Total pot $1.15 | Rake $0.05 | Jackpot $0 | Bingo $0 | Fortune $0 | Tax $0
Board [3c 7c 9h 9d Kc]
Seat 1: 621c91d9 folded before Flop (didn't bet)
Seat 2: 802373d1 (button) showed [8c 9s] and won ($1.1) with Three Nines
Seat 4: dde7d4cd (small blind) folded before Flop
Seat 5: Hero (big blind) folded before Flop
Seat 6: e3cad303 showed [Ad As] and lost with Pair of Aces and Pair of Nines


