Poker Hand #HD1737726550: Hold'em No Limit ($0.02/$0.05) - 2024/04/19 19:37:33
Table 'NLHBlue35' 6-max Seat #1 is the button
Seat 1: a3882163 ($6.25 in chips)
Seat 2: a2277665 ($5.32 in chips)
Seat 3: a70955f9 ($5.43 in chips)
Seat 4: Hero ($5 in chips)
Seat 5: c1577a02 ($2.88 in chips)
Seat 6: 2bb00b59 ($6.05 in chips)
a2277665: posts small blind $0.02
a70955f9: posts big blind $0.05
*** HOLE CARDS ***
Dealt to a3882163 
Dealt to a2277665 
Dealt to a70955f9 
Dealt to Hero [Qs 4h]
Dealt to c1577a02 
Dealt to 2bb00b59 
Hero: folds
c1577a02: folds
2bb00b59: raises $0.1 to $0.15
a3882163: folds
a2277665: raises $0.27 to $0.42
a70955f9: folds
2bb00b59: calls $0.27
*** FLOP *** [5d 3d 6h]
a2277665: bets $0.45
2bb00b59: folds
Uncalled bet ($0.45) returned to a2277665
*** SHOWDOWN ***
a2277665 collected $0.85 from pot
*** SUMMARY ***
Total pot $0.89 | Rake $0.04 | Jackpot $0 | Bingo $0 | Fortune $0 | Tax $0
Board [5d 3d 6h]
Seat 1: a3882163 (button) folded before Flop (didn't bet)
Seat 2: a2277665 (small blind) won ($0.85)
Seat 3: a70955f9 (big blind) folded before Flop
Seat 4: Hero folded before Flop (didn't bet)
Seat 5: c1577a02 folded before Flop (didn't bet)
Seat 6: 2bb00b59 folded on the Flop


Poker Hand #HD1737726500: Hold'em No Limit ($0.02/$0.05) - 2024/04/19 19:37:07
Table 'NLHBlue35' 6-max Seat #6 is the button
Seat 1: a3882163 ($6.27 in chips)
Seat 2: a2277665 ($5.07 in chips)
Seat 3: a70955f9 ($5.63 in chips)
Seat 4: Hero ($5 in chips)
Seat 5: c1577a02 ($2.93 in chips)
Seat 6: 2bb00b59 ($6.05 in chips)
a3882163: posts small blind $0.02
a2277665: posts big blind $0.05
c1577a02: posts big blind $0.05
*** HOLE CARDS ***
Dealt to a3882163 
Dealt to a2277665 
Dealt to a70955f9 
Dealt to Hero [3c 9c]
Dealt to c1577a02 
Dealt to 2bb00b59 
a70955f9: raises $0.15 to $0.2
Hero: folds
c1577a02: folds
2bb00b59: folds
a3882163: folds
a2277665: raises $0.4 to $0.6
a70955f9: folds
Uncalled bet ($0.4) returned to a2277665
*** SHOWDOWN ***
a2277665 collected $0.45 from pot
*** SUMMARY ***
Total pot $0.47 | Rake $0.02 | Jackpot $0 | Bingo $0 | Fortune $0 | Tax $0
Seat 1: a3882163 (small blind) folded before Flop
Seat 2: a2277665 (big blind) collected ($0.45)
Seat 3: a70955f9 folded before Flop
Seat 4: Hero folded before Flop (didn't bet)
Seat 5: c1577a02 folded before Flop
Seat 6: 2bb00b59 (button) folded before Flop (didn't bet)


Poker Hand #HD1737726274: Hold'em No Limit ($0.02/$0.05) - 2024/04/19 19:35:27
Table 'NLHBlue35' 6-max Seat #4 is the button
Seat 1: a3882163 ($6.32 in chips)
Seat 2: a2277665 ($5.07 in chips)
Seat 3: a70955f9 ($5.63 in chips)
Seat 4: Hero ($5 in chips)
Seat 6: 2bb00b59 ($5.55 in chips)
2bb00b59: posts small blind $0.02
a3882163: posts big blind $0.05
*** HOLE CARDS ***
Dealt to a3882163 
Dealt to a2277665 
Dealt to a70955f9 
Dealt to Hero [Jd Kd]
Dealt to 2bb00b59 
a2277665: folds
a70955f9: folds
Hero: raises $0.1 to $0.15
2bb00b59: raises $0.35 to $0.5
a3882163: folds
Hero: calls $0.35
*** FLOP *** [6h 2c Qs]
2bb00b59: checks
Hero: checks
*** TURN *** [6h 2c Qs] [5h]
2bb00b59: checks
Hero: checks
*** RIVER *** [6h 2c Qs 5h] [4d]
2bb00b59: bets $1.05
Hero: folds
Uncalled bet ($1.05) returned to 2bb00b59
*** SHOWDOWN ***
2bb00b59 collected $1 from pot
*** SUMMARY ***
Total pot $1.05 | Rake $0.05 | Jackpot $0 | Bingo $0 | Fortune $0 | Tax $0
Board [6h 2c Qs 5h 4d]
Seat 1: a3882163 (big blind) folded before Flop
Seat 2: a2277665 folded before Flop (didn't bet)
Seat 3: a70955f9 folded before Flop (didn't bet)
Seat 4: Hero (button) folded on the River
Seat 6: 2bb00b59 (small blind) won ($1)


Poker Hand #HD1737726220: Hold'em No Limit ($0.02/$0.05) - 2024/04/19 19:35:11
Table 'NLHBlue35' 6-max Seat #3 is the button
Seat 1: a3882163 ($6.25 in chips)
Seat 2: a2277665 ($5.07 in chips)
Seat 3: a70955f9 ($5.63 in chips)
Seat 4: Hero ($5 in chips)
Seat 6: 2bb00b59 ($5.6 in chips)
Hero: posts small blind $0.02
2bb00b59: posts big blind $0.05
*** HOLE CARDS ***
Dealt to a3882163 
Dealt to a2277665 
Dealt to a70955f9 
Dealt to Hero [6d 7s]
Dealt to 2bb00b59 
a3882163: raises $0.05 to $0.1
a2277665: folds
a70955f9: folds
Hero: folds
2bb00b59: folds
Uncalled bet ($0.05) returned to a3882163
*** SHOWDOWN ***
a3882163 collected $0.12 from pot
*** SUMMARY ***
Total pot $0.12 | Rake $0 | Jackpot $0 | Bingo $0 | Fortune $0 | Tax $0
Seat 1: a3882163 collected ($0.12)
Seat 2: a2277665 folded before Flop (didn't bet)
Seat 3: a70955f9 (button) folded before Flop (didn't bet)
Seat 4: Hero (small blind) folded before Flop
Seat 6: 2bb00b59 (big blind) folded before Flop


Poker Hand #HD1737726186: Hold'em No Limit ($0.02/$0.05) - 2024/04/19 19:34:54
Table 'NLHBlue35' 6-max Seat #2 is the button
Seat 1: a3882163 ($6.25 in chips)
Seat 2: a2277665 ($5 in chips)
Seat 3: a70955f9 ($5.65 in chips)
Seat 4: Hero ($5.04 in chips)
Seat 5: 10b1e4e ($4.96 in chips)
Seat 6: 2bb00b59 ($5.6 in chips)
a70955f9: posts small blind $0.02
Hero: posts big blind $0.05
*** HOLE CARDS ***
Dealt to a3882163 
Dealt to a2277665 
Dealt to a70955f9 
Dealt to Hero [5c Kh]
Dealt to 10b1e4e 
Dealt to 2bb00b59 
10b1e4e: folds
2bb00b59: folds
a3882163: folds
a2277665: raises $0.1 to $0.15
a70955f9: folds
Hero: folds
Uncalled bet ($0.1) returned to a2277665
*** SHOWDOWN ***
a2277665 collected $0.12 from pot
*** SUMMARY ***
Total pot $0.12 | Rake $0 | Jackpot $0 | Bingo $0 | Fortune $0 | Tax $0
Seat 1: a3882163 folded before Flop (didn't bet)
Seat 2: a2277665 (button) collected ($0.12)
Seat 3: a70955f9 (small blind) folded before Flop
Seat 4: Hero (big blind) folded before Flop
Seat 5: 10b1e4e folded before Flop (didn't bet)
Seat 6: 2bb00b59 folded before Flop (didn't bet)


Poker Hand #HD1737726078: Hold'em No Limit ($0.02/$0.05) - 2024/04/19 19:34:09
Table 'NLHBlue35' 6-max Seat #1 is the button
Seat 1: a3882163 ($6.25 in chips)
Seat 2: a2277665 ($5.11 in chips)
Seat 3: a70955f9 ($5.7 in chips)
Seat 4: Hero ($5.04 in chips)
Seat 5: 10b1e4e ($4.65 in chips)
Seat 6: 2bb00b59 ($5.6 in chips)
a2277665: posts small blind $0.02
a70955f9: posts big blind $0.05
*** HOLE CARDS ***
Dealt to a3882163 
Dealt to a2277665 
Dealt to a70955f9 
Dealt to Hero [Js 3c]
Dealt to 10b1e4e 
Dealt to 2bb00b59 
Hero: folds
10b1e4e: raises $0.05 to $0.1
2bb00b59: folds
a3882163: folds
a2277665: raises $0.19 to $0.29
a70955f9: folds
10b1e4e: calls $0.19
*** FLOP *** [7s Qd Tc]
a2277665: checks
10b1e4e: bets $0.32
a2277665: folds
Uncalled bet ($0.32) returned to 10b1e4e
*** SHOWDOWN ***
10b1e4e collected $0.6 from pot
*** SUMMARY ***
Total pot $0.63 | Rake $0.03 | Jackpot $0 | Bingo $0 | Fortune $0 | Tax $0
Board [7s Qd Tc]
Seat 1: a3882163 (button) folded before Flop (didn't bet)
Seat 2: a2277665 (small blind) folded on the Flop
Seat 3: a70955f9 (big blind) folded before Flop
Seat 4: Hero folded before Flop (didn't bet)
Seat 5: 10b1e4e won ($0.6)
Seat 6: 2bb00b59 folded before Flop (didn't bet)


Poker Hand #HD1737725803: Hold'em No Limit ($0.02/$0.05) - 2024/04/19 19:32:29
Table 'NLHBlue35' 6-max Seat #6 is the button
Seat 1: a3882163 ($6.27 in chips)
Seat 2: a2277665 ($5.21 in chips)
Seat 4: Hero ($5.14 in chips)
Seat 5: 10b1e4e ($4.65 in chips)
Seat 6: 2bb00b59 ($5.39 in chips)
a3882163: posts small blind $0.02
a2277665: posts big blind $0.05
*** HOLE CARDS ***
Dealt to a3882163 
Dealt to a2277665 
Dealt to Hero [Ad Jd]
Dealt to 10b1e4e 
Dealt to 2bb00b59 
Hero: raises $0.05 to $0.1
10b1e4e: folds
2bb00b59: calls $0.1
a3882163: folds
a2277665: calls $0.05
*** FLOP *** [9s 9d 3h]
a2277665: checks
Hero: checks
2bb00b59: checks
*** TURN *** [9s 9d 3h] [8c]
a2277665: checks
Hero: checks
2bb00b59: bets $0.11
a2277665: folds
Hero: folds
Uncalled bet ($0.11) returned to 2bb00b59
*** SHOWDOWN ***
2bb00b59 collected $0.31 from pot
*** SUMMARY ***
Total pot $0.32 | Rake $0.01 | Jackpot $0 | Bingo $0 | Fortune $0 | Tax $0
Board [9s 9d 3h 8c]
Seat 1: a3882163 (small blind) folded before Flop
Seat 2: a2277665 (big blind) folded on the Turn
Seat 4: Hero folded on the Turn
Seat 5: 10b1e4e folded before Flop (didn't bet)
Seat 6: 2bb00b59 (button) won ($0.31)


Poker Hand #HD1737725722: Hold'em No Limit ($0.02/$0.05) - 2024/04/19 19:31:52
Table 'NLHBlue35' 6-max Seat #5 is the button
Seat 1: a3882163 ($6.32 in chips)
Seat 2: a2277665 ($5.21 in chips)
Seat 4: Hero ($5.14 in chips)
Seat 5: 10b1e4e ($4.58 in chips)
Seat 6: 2bb00b59 ($5.41 in chips)
2bb00b59: posts small blind $0.02
a3882163: posts big blind $0.05
*** HOLE CARDS ***
Dealt to a3882163 
Dealt to a2277665 
Dealt to Hero [9d 8c]
Dealt to 10b1e4e 
Dealt to 2bb00b59 
a2277665: folds
Hero: folds
10b1e4e: calls $0.05
2bb00b59: folds
a3882163: checks
*** FLOP *** [Td 9c Jh]
a3882163: checks
10b1e4e: checks
*** TURN *** [Td 9c Jh] [2d]
a3882163: checks
10b1e4e: bets $0.1
a3882163: folds
Uncalled bet ($0.1) returned to 10b1e4e
*** SHOWDOWN ***
10b1e4e collected $0.12 from pot
*** SUMMARY ***
Total pot $0.12 | Rake $0 | Jackpot $0 | Bingo $0 | Fortune $0 | Tax $0
Board [Td 9c Jh 2d]
Seat 1: a3882163 (big blind) folded on the Turn
Seat 2: a2277665 folded before Flop (didn't bet)
Seat 4: Hero folded before Flop (didn't bet)
Seat 5: 10b1e4e (button) won ($0.12)
Seat 6: 2bb00b59 (small blind) folded before Flop


Poker Hand #HD1737655628: Hold'em No Limit ($0.02/$0.05) - 2024/04/19 19:31:19
Table 'NLHBlue35' 6-max Seat #4 is the button
Seat 1: a3882163 ($6.32 in chips)
Seat 2: a2277665 ($5.21 in chips)
Seat 4: Hero ($5.14 in chips)
Seat 5: 10b1e4e ($4.44 in chips)
Seat 6: 2bb00b59 ($5.56 in chips)
10b1e4e: posts small blind $0.02
2bb00b59: posts big blind $0.05
*** HOLE CARDS ***
Dealt to a3882163 
Dealt to a2277665 
Dealt to Hero [2d 6h]
Dealt to 10b1e4e 
Dealt to 2bb00b59 
a3882163: folds
a2277665: folds
Hero: folds
10b1e4e: calls $0.03
2bb00b59: raises $0.1 to $0.15
10b1e4e: calls $0.1
*** FLOP *** [5c 3d 2h]
10b1e4e: checks
2bb00b59: checks
*** TURN *** [5c 3d 2h] [5h]
10b1e4e: bets $0.1
2bb00b59: folds
Uncalled bet ($0.1) returned to 10b1e4e
*** SHOWDOWN ***
10b1e4e collected $0.29 from pot
*** SUMMARY ***
Total pot $0.3 | Rake $0.01 | Jackpot $0 | Bingo $0 | Fortune $0 | Tax $0
Board [5c 3d 2h 5h]
Seat 1: a3882163 folded before Flop (didn't bet)
Seat 2: a2277665 folded before Flop (didn't bet)
Seat 4: Hero (button) folded before Flop (didn't bet)
Seat 5: 10b1e4e (small blind) won ($0.29)
Seat 6: 2bb00b59 (big blind) folded on the Turn


Poker Hand #HD1737655552: Hold'em No Limit ($0.02/$0.05) - 2024/04/19 19:30:48
Table 'NLHBlue35' 6-max Seat #2 is the button
Seat 1: a3882163 ($6.42 in chips)
Seat 2: a2277665 ($5.05 in chips)
Seat 4: Hero ($5.16 in chips)
Seat 5: 10b1e4e ($4.49 in chips)
Seat 6: 2bb00b59 ($5.56 in chips)
Hero: posts small blind $0.02
10b1e4e: posts big blind $0.05
*** HOLE CARDS ***
Dealt to a3882163 
Dealt to a2277665 
Dealt to Hero [Td 8h]
Dealt to 10b1e4e 
Dealt to 2bb00b59 
2bb00b59: folds
a3882163: raises $0.05 to $0.1
a2277665: raises $0.3 to $0.4
Hero: folds
10b1e4e: folds
a3882163: folds
Uncalled bet ($0.3) returned to a2277665
*** SHOWDOWN ***
a2277665 collected $0.26 from pot
*** SUMMARY ***
Total pot $0.27 | Rake $0.01 | Jackpot $0 | Bingo $0 | Fortune $0 | Tax $0
Seat 1: a3882163 folded before Flop
Seat 2: a2277665 (button) collected ($0.26)
Seat 4: Hero (small blind) folded before Flop
Seat 5: 10b1e4e (big blind) folded before Flop
Seat 6: 2bb00b59 folded before Flop (didn't bet)


Poker Hand #HD1737655501: Hold'em No Limit ($0.02/$0.05) - 2024/04/19 19:30:30
Table 'NLHBlue35' 6-max Seat #1 is the button
Seat 1: a3882163 ($6.42 in chips)
Seat 2: a2277665 ($5 in chips)
Seat 4: Hero ($5.21 in chips)
Seat 5: 10b1e4e ($4.49 in chips)
Seat 6: 2bb00b59 ($5.56 in chips)
a2277665: posts small blind $0.02
Hero: posts big blind $0.05
*** HOLE CARDS ***
Dealt to a3882163 
Dealt to a2277665 
Dealt to Hero [7d 8c]
Dealt to 10b1e4e 
Dealt to 2bb00b59 
10b1e4e: folds
2bb00b59: folds
a3882163: folds
a2277665: raises $0.1 to $0.15
Hero: folds
Uncalled bet ($0.1) returned to a2277665
*** SHOWDOWN ***
a2277665 collected $0.1 from pot
*** SUMMARY ***
Total pot $0.1 | Rake $0 | Jackpot $0 | Bingo $0 | Fortune $0 | Tax $0
Seat 1: a3882163 (button) folded before Flop (didn't bet)
Seat 2: a2277665 (small blind) collected ($0.1)
Seat 4: Hero (big blind) folded before Flop
Seat 5: 10b1e4e folded before Flop (didn't bet)
Seat 6: 2bb00b59 folded before Flop (didn't bet)


Poker Hand #HD1737655390: Hold'em No Limit ($0.02/$0.05) - 2024/04/19 19:29:43
Table 'NLHBlue35' 6-max Seat #6 is the button
Seat 1: a3882163 ($6.44 in chips)
Seat 2: a2277665 ($5 in chips)
Seat 4: Hero ($5.21 in chips)
Seat 5: 10b1e4e ($5.11 in chips)
Seat 6: 2bb00b59 ($4.93 in chips)
a3882163: posts small blind $0.02
a2277665: posts big blind $0.05
*** HOLE CARDS ***
Dealt to a3882163 
Dealt to a2277665 
Dealt to Hero [Ts 3c]
Dealt to 10b1e4e 
Dealt to 2bb00b59 
Hero: folds
10b1e4e: raises $0.1 to $0.15
2bb00b59: raises $0.37 to $0.52
a3882163: folds
a2277665: folds
10b1e4e: calls $0.37
*** FLOP *** [Jd 3h 6h]
10b1e4e: bets $0.1
2bb00b59: raises $0.44 to $0.54
10b1e4e: folds
Uncalled bet ($0.44) returned to 2bb00b59
*** SHOWDOWN ***
2bb00b59 collected $1.25 from pot
*** SUMMARY ***
Total pot $1.31 | Rake $0.06 | Jackpot $0 | Bingo $0 | Fortune $0 | Tax $0
Board [Jd 3h 6h]
Seat 1: a3882163 (small blind) folded before Flop
Seat 2: a2277665 (big blind) folded before Flop
Seat 4: Hero folded before Flop (didn't bet)
Seat 5: 10b1e4e folded on the Flop
Seat 6: 2bb00b59 (button) won ($1.25)


Poker Hand #HD1737655341: Hold'em No Limit ($0.02/$0.05) - 2024/04/19 19:29:25
Table 'NLHBlue35' 6-max Seat #5 is the button
Seat 1: a3882163 ($6.42 in chips)
Seat 2: a2277665 ($5 in chips)
Seat 4: Hero ($5.21 in chips)
Seat 5: 10b1e4e ($5.11 in chips)
Seat 6: 2bb00b59 ($4.95 in chips)
2bb00b59: posts small blind $0.02
a3882163: posts big blind $0.05
*** HOLE CARDS ***
Dealt to a3882163 
Dealt to a2277665 
Dealt to Hero [8c Kh]
Dealt to 10b1e4e 
Dealt to 2bb00b59 
a2277665: folds
Hero: folds
10b1e4e: folds
2bb00b59: folds
Uncalled bet ($0.03) returned to a3882163
*** SHOWDOWN ***
a3882163 collected $0.04 from pot
*** SUMMARY ***
Total pot $0.04 | Rake $0 | Jackpot $0 | Bingo $0 | Fortune $0 | Tax $0
Seat 1: a3882163 (big blind) collected ($0.04)
Seat 2: a2277665 folded before Flop (didn't bet)
Seat 4: Hero folded before Flop (didn't bet)
Seat 5: 10b1e4e (button) folded before Flop (didn't bet)
Seat 6: 2bb00b59 (small blind) folded before Flop


Poker Hand #HD1737655286: Hold'em No Limit ($0.02/$0.05) - 2024/04/19 19:29:04
Table 'NLHBlue35' 6-max Seat #4 is the button
Seat 1: a3882163 ($6.42 in chips)
Seat 2: a2277665 ($5 in chips)
Seat 3: a70955f9 ($5.7 in chips)
Seat 4: Hero ($5.21 in chips)
Seat 5: 10b1e4e ($5.06 in chips)
Seat 6: 2bb00b59 ($5 in chips)
10b1e4e: posts small blind $0.02
2bb00b59: posts big blind $0.05
*** HOLE CARDS ***
Dealt to a3882163 
Dealt to a2277665 
Dealt to a70955f9 
Dealt to Hero [2c 4h]
Dealt to 10b1e4e 
Dealt to 2bb00b59 
a3882163: folds
a2277665: folds
a70955f9: folds
Hero: folds
10b1e4e: raises $0.1 to $0.15
2bb00b59: folds
Uncalled bet ($0.1) returned to 10b1e4e
*** SHOWDOWN ***
10b1e4e collected $0.1 from pot
*** SUMMARY ***
Total pot $0.1 | Rake $0 | Jackpot $0 | Bingo $0 | Fortune $0 | Tax $0
Seat 1: a3882163 folded before Flop (didn't bet)
Seat 2: a2277665 folded before Flop (didn't bet)
Seat 3: a70955f9 folded before Flop (didn't bet)
Seat 4: Hero (button) folded before Flop (didn't bet)
Seat 5: 10b1e4e (small blind) collected ($0.1)
Seat 6: 2bb00b59 (big blind) folded before Flop


Poker Hand #HD1737655261: Hold'em No Limit ($0.02/$0.05) - 2024/04/19 19:28:54
Table 'NLHBlue35' 6-max Seat #3 is the button
Seat 1: a3882163 ($6.35 in chips)
Seat 2: a2277665 ($5 in chips)
Seat 3: a70955f9 ($5.7 in chips)
Seat 4: Hero ($5.23 in chips)
Seat 5: 10b1e4e ($5.11 in chips)
Hero: posts small blind $0.02
10b1e4e: posts big blind $0.05
*** HOLE CARDS ***
Dealt to a3882163 
Dealt to a2277665 
Dealt to a70955f9 
Dealt to Hero [4h Qc]
Dealt to 10b1e4e 
a3882163: raises $0.08 to $0.13
a2277665: folds
a70955f9: folds
Hero: folds
10b1e4e: folds
Uncalled bet ($0.08) returned to a3882163
*** SHOWDOWN ***
a3882163 collected $0.12 from pot
*** SUMMARY ***
Total pot $0.12 | Rake $0 | Jackpot $0 | Bingo $0 | Fortune $0 | Tax $0
Seat 1: a3882163 collected ($0.12)
Seat 2: a2277665 folded before Flop (didn't bet)
Seat 3: a70955f9 (button) folded before Flop (didn't bet)
Seat 4: Hero (small blind) folded before Flop
Seat 5: 10b1e4e (big blind) folded before Flop


Poker Hand #HD1737655157: Hold'em No Limit ($0.02/$0.05) - 2024/04/19 19:28:15
Table 'NLHBlue35' 6-max Seat #2 is the button
Seat 1: a3882163 ($6.35 in chips)
Seat 2: a2277665 ($5 in chips)
Seat 3: a70955f9 ($5.9 in chips)
Seat 4: Hero ($5 in chips)
Seat 5: 10b1e4e ($5.16 in chips)
Seat 6: 99e05d86 ($6.21 in chips)
a70955f9: posts small blind $0.02
Hero: posts big blind $0.05
*** HOLE CARDS ***
Dealt to a3882163 
Dealt to a2277665 
Dealt to a70955f9 
Dealt to Hero [Qd Qs]
Dealt to 10b1e4e 
Dealt to 99e05d86 
10b1e4e: calls $0.05
99e05d86: folds
a3882163: folds
a2277665: folds
a70955f9: raises $0.15 to $0.2
Hero: raises $0.5 to $0.7
10b1e4e: folds
a70955f9: folds
Uncalled bet ($0.5) returned to Hero
*** SHOWDOWN ***
Hero collected $0.43 from pot
*** SUMMARY ***
Total pot $0.45 | Rake $0.02 | Jackpot $0 | Bingo $0 | Fortune $0 | Tax $0
Seat 1: a3882163 folded before Flop (didn't bet)
Seat 2: a2277665 (button) folded before Flop (didn't bet)
Seat 3: a70955f9 (small blind) folded before Flop
Seat 4: Hero (big blind) collected ($0.43)
Seat 5: 10b1e4e folded before Flop
Seat 6: 99e05d86 folded before Flop (didn't bet)


Poker Hand #HD1737655092: Hold'em No Limit ($0.02/$0.05) - 2024/04/19 19:27:51
Table 'NLHBlue35' 6-max Seat #1 is the button
Seat 1: a3882163 ($6.35 in chips)
Seat 2: a2277665 ($5 in chips)
Seat 3: a70955f9 ($5.95 in chips)
Seat 4: Hero ($5 in chips)
Seat 5: 10b1e4e ($5.16 in chips)
Seat 6: 99e05d86 ($6.14 in chips)
a2277665: posts small blind $0.02
a70955f9: posts big blind $0.05
*** HOLE CARDS ***
Dealt to a3882163 
Dealt to a2277665 
Dealt to a70955f9 
Dealt to Hero [Kc 2h]
Dealt to 10b1e4e 
Dealt to 99e05d86 
Hero: folds
10b1e4e: folds
99e05d86: raises $0.1 to $0.15
a3882163: folds
a2277665: folds
a70955f9: folds
Uncalled bet ($0.1) returned to 99e05d86
*** SHOWDOWN ***
99e05d86 collected $0.12 from pot
*** SUMMARY ***
Total pot $0.12 | Rake $0 | Jackpot $0 | Bingo $0 | Fortune $0 | Tax $0
Seat 1: a3882163 (button) folded before Flop (didn't bet)
Seat 2: a2277665 (small blind) folded before Flop
Seat 3: a70955f9 (big blind) folded before Flop
Seat 4: Hero folded before Flop (didn't bet)
Seat 5: 10b1e4e folded before Flop (didn't bet)
Seat 6: 99e05d86 collected ($0.12)


Poker Hand #HD1737654905: Hold'em No Limit ($0.02/$0.05) - 2024/04/19 19:26:37
Table 'NLHBlue35' 6-max Seat #6 is the button
Seat 1: a3882163 ($6.02 in chips)
Seat 2: a2277665 ($5 in chips)
Seat 3: a70955f9 ($6.1 in chips)
Seat 4: Hero ($5 in chips)
Seat 5: 10b1e4e ($5.31 in chips)
Seat 6: 99e05d86 ($6.14 in chips)
a3882163: posts small blind $0.02
a2277665: posts big blind $0.05
*** HOLE CARDS ***
Dealt to a3882163 
Dealt to a2277665 
Dealt to a70955f9 
Dealt to Hero [5h 8c]
Dealt to 10b1e4e 
Dealt to 99e05d86 
a70955f9: raises $0.1 to $0.15
Hero: folds
10b1e4e: calls $0.15
99e05d86: folds
a3882163: calls $0.13
a2277665: folds
*** FLOP *** [6d 7d 3h]
a3882163: checks
a70955f9: checks
10b1e4e: checks
*** TURN *** [6d 7d 3h] [Qh]
a3882163: checks
a70955f9: checks
10b1e4e: checks
*** RIVER *** [6d 7d 3h Qh] [9s]
a3882163: checks
a70955f9: checks
10b1e4e: checks
a3882163: shows [As 6s] (Pair of Sixes)
a70955f9: shows [Kd Js] (King-High)
10b1e4e: shows [Jh Ts] (Queen-High)
*** SHOWDOWN ***
a3882163 collected $0.48 from pot
*** SUMMARY ***
Total pot $0.5 | Rake $0.02 | Jackpot $0 | Bingo $0 | Fortune $0 | Tax $0
Board [6d 7d 3h Qh 9s]
Seat 1: a3882163 (small blind) showed [As 6s] and won ($0.48) with Pair of Sixes
Seat 2: a2277665 (big blind) folded before Flop
Seat 3: a70955f9 showed [Kd Js] and lost with King-High
Seat 4: Hero folded before Flop (didn't bet)
Seat 5: 10b1e4e showed [Jh Ts] and lost with Queen-High
Seat 6: 99e05d86 (button) folded before Flop (didn't bet)


Poker Hand #HD1737654772: Hold'em No Limit ($0.02/$0.05) - 2024/04/19 19:25:40
Table 'NLHBlue35' 6-max Seat #5 is the button
Seat 1: a3882163 ($6.07 in chips)
Seat 2: a2277665 ($5 in chips)
Seat 3: a70955f9 ($6.1 in chips)
Seat 4: Hero ($5 in chips)
Seat 5: 10b1e4e ($5.36 in chips)
Seat 6: 99e05d86 ($6.19 in chips)
99e05d86: posts small blind $0.02
a3882163: posts big blind $0.05
*** HOLE CARDS ***
Dealt to a3882163 
Dealt to a2277665 
Dealt to a70955f9 
Dealt to Hero [6d 3s]
Dealt to 10b1e4e 
Dealt to 99e05d86 
a2277665: folds
a70955f9: folds
Hero: folds
10b1e4e: calls $0.05
99e05d86: raises $0.15 to $0.2
a3882163: raises $0.44 to $0.64
10b1e4e: folds
99e05d86: calls $0.44
*** FLOP *** [Ad 3h 8d]
99e05d86: checks
a3882163: bets $0.44
99e05d86: calls $0.44
*** TURN *** [Ad 3h 8d] [3d]
99e05d86: checks
a3882163: checks
*** RIVER *** [Ad 3h 8d 3d] [4h]
99e05d86: checks
a3882163: checks
99e05d86: shows [Qd Qc] (Pair of Queens and Pair of Treys)
a3882163: shows [Qh Qs] (Pair of Queens and Pair of Treys)
*** SHOWDOWN ***
99e05d86 collected $1.03 from pot
a3882163 collected $1.03 from pot
*** SUMMARY ***
Total pot $2.21 | Rake $0.1 | Jackpot $0.05 | Bingo $0 | Fortune $0 | Tax $0
Board [Ad 3h 8d 3d 4h]
Seat 1: a3882163 (big blind) showed [Qh Qs] and won ($1.03) with Pair of Queens and Pair of Treys
Seat 2: a2277665 folded before Flop (didn't bet)
Seat 3: a70955f9 folded before Flop (didn't bet)
Seat 4: Hero folded before Flop (didn't bet)
Seat 5: 10b1e4e (button) folded before Flop
Seat 6: 99e05d86 (small blind) showed [Qd Qc] and won ($1.03) with Pair of Queens and Pair of Treys


Poker Hand #HD1737654737: Hold'em No Limit ($0.02/$0.05) - 2024/04/19 19:25:28
Table 'NLHBlue35' 6-max Seat #4 is the button
Seat 1: a3882163 ($6.07 in chips)
Seat 2: a2277665 ($5 in chips)
Seat 3: a70955f9 ($6.1 in chips)
Seat 4: Hero ($5 in chips)
Seat 5: 10b1e4e ($5.38 in chips)
Seat 6: 99e05d86 ($6.17 in chips)
10b1e4e: posts small blind $0.02
99e05d86: posts big blind $0.05
*** HOLE CARDS ***
Dealt to a3882163 
Dealt to a2277665 
Dealt to a70955f9 
Dealt to Hero [2h Ad]
Dealt to 10b1e4e 
Dealt to 99e05d86 
a3882163: folds
a2277665: folds
a70955f9: folds
Hero: folds
10b1e4e: folds
Uncalled bet ($0.03) returned to 99e05d86
*** SHOWDOWN ***
99e05d86 collected $0.04 from pot
*** SUMMARY ***
Total pot $0.04 | Rake $0 | Jackpot $0 | Bingo $0 | Fortune $0 | Tax $0
Seat 1: a3882163 folded before Flop (didn't bet)
Seat 2: a2277665 folded before Flop (didn't bet)
Seat 3: a70955f9 folded before Flop (didn't bet)
Seat 4: Hero (button) folded before Flop (didn't bet)
Seat 5: 10b1e4e (small blind) folded before Flop
Seat 6: 99e05d86 (big blind) collected ($0.04)


Poker Hand #HD1737654706: Hold'em No Limit ($0.02/$0.05) - 2024/04/19 19:25:13
Table 'NLHBlue35' 6-max Seat #3 is the button
Seat 1: a3882163 ($6.07 in chips)
Seat 2: a2277665 ($5 in chips)
Seat 3: a70955f9 ($6.03 in chips)
Seat 4: Hero ($5.01 in chips)
Seat 5: 10b1e4e ($5.43 in chips)
Seat 6: 99e05d86 ($6.17 in chips)
Hero: posts small blind $0.02
10b1e4e: posts big blind $0.05
*** HOLE CARDS ***
Dealt to a3882163 
Dealt to a2277665 
Dealt to a70955f9 
Dealt to Hero [2c 6c]
Dealt to 10b1e4e 
Dealt to 99e05d86 
99e05d86: folds
a3882163: folds
a2277665: folds
a70955f9: raises $0.1 to $0.15
Hero: folds
10b1e4e: folds
Uncalled bet ($0.1) returned to a70955f9
*** SHOWDOWN ***
a70955f9 collected $0.12 from pot
*** SUMMARY ***
Total pot $0.12 | Rake $0 | Jackpot $0 | Bingo $0 | Fortune $0 | Tax $0
Seat 1: a3882163 folded before Flop (didn't bet)
Seat 2: a2277665 folded before Flop (didn't bet)
Seat 3: a70955f9 (button) collected ($0.12)
Seat 4: Hero (small blind) folded before Flop
Seat 5: 10b1e4e (big blind) folded before Flop
Seat 6: 99e05d86 folded before Flop (didn't bet)


Poker Hand #HD1737654663: Hold'em No Limit ($0.02/$0.05) - 2024/04/19 19:24:57
Table 'NLHBlue35' 6-max Seat #2 is the button
Seat 1: a3882163 ($6.07 in chips)
Seat 2: a2277665 ($5 in chips)
Seat 3: a70955f9 ($6.05 in chips)
Seat 4: Hero ($5.06 in chips)
Seat 5: 10b1e4e ($5.36 in chips)
Seat 6: 99e05d86 ($6.17 in chips)
a70955f9: posts small blind $0.02
Hero: posts big blind $0.05
*** HOLE CARDS ***
Dealt to a3882163 
Dealt to a2277665 
Dealt to a70955f9 
Dealt to Hero [2d Ac]
Dealt to 10b1e4e 
Dealt to 99e05d86 
10b1e4e: raises $0.13 to $0.18
99e05d86: folds
a3882163: folds
a2277665: folds
a70955f9: folds
Hero: folds
Uncalled bet ($0.13) returned to 10b1e4e
*** SHOWDOWN ***
10b1e4e collected $0.12 from pot
*** SUMMARY ***
Total pot $0.12 | Rake $0 | Jackpot $0 | Bingo $0 | Fortune $0 | Tax $0
Seat 1: a3882163 folded before Flop (didn't bet)
Seat 2: a2277665 (button) folded before Flop (didn't bet)
Seat 3: a70955f9 (small blind) folded before Flop
Seat 4: Hero (big blind) folded before Flop
Seat 5: 10b1e4e collected ($0.12)
Seat 6: 99e05d86 folded before Flop (didn't bet)


Poker Hand #HD1737654637: Hold'em No Limit ($0.02/$0.05) - 2024/04/19 19:24:48
Table 'NLHBlue35' 6-max Seat #1 is the button
Seat 1: a3882163 ($6.07 in chips)
Seat 2: a2277665 ($5 in chips)
Seat 3: a70955f9 ($6.03 in chips)
Seat 4: Hero ($5.06 in chips)
Seat 5: 10b1e4e ($5.36 in chips)
Seat 6: 99e05d86 ($6.17 in chips)
a2277665: posts small blind $0.02
a70955f9: posts big blind $0.05
*** HOLE CARDS ***
Dealt to a3882163 
Dealt to a2277665 
Dealt to a70955f9 
Dealt to Hero [Qs 7d]
Dealt to 10b1e4e 
Dealt to 99e05d86 
Hero: folds
10b1e4e: folds
99e05d86: folds
a3882163: folds
a2277665: folds
Uncalled bet ($0.03) returned to a70955f9
*** SHOWDOWN ***
a70955f9 collected $0.04 from pot
*** SUMMARY ***
Total pot $0.04 | Rake $0 | Jackpot $0 | Bingo $0 | Fortune $0 | Tax $0
Seat 1: a3882163 (button) folded before Flop (didn't bet)
Seat 2: a2277665 (small blind) folded before Flop
Seat 3: a70955f9 (big blind) collected ($0.04)
Seat 4: Hero folded before Flop (didn't bet)
Seat 5: 10b1e4e folded before Flop (didn't bet)
Seat 6: 99e05d86 folded before Flop (didn't bet)


Poker Hand #HD1737654589: Hold'em No Limit ($0.02/$0.05) - 2024/04/19 19:24:30
Table 'NLHBlue35' 6-max Seat #6 is the button
Seat 1: a3882163 ($6.09 in chips)
Seat 2: a2277665 ($5 in chips)
Seat 3: a70955f9 ($6.03 in chips)
Seat 4: Hero ($5.06 in chips)
Seat 5: 10b1e4e ($5.29 in chips)
Seat 6: 99e05d86 ($6.17 in chips)
a3882163: posts small blind $0.02
a2277665: posts big blind $0.05
*** HOLE CARDS ***
Dealt to a3882163 
Dealt to a2277665 
Dealt to a70955f9 
Dealt to Hero [Jc 5s]
Dealt to 10b1e4e 
Dealt to 99e05d86 
a70955f9: folds
Hero: folds
10b1e4e: raises $0.15 to $0.2
99e05d86: folds
a3882163: folds
a2277665: folds
Uncalled bet ($0.15) returned to 10b1e4e
*** SHOWDOWN ***
10b1e4e collected $0.12 from pot
*** SUMMARY ***
Total pot $0.12 | Rake $0 | Jackpot $0 | Bingo $0 | Fortune $0 | Tax $0
Seat 1: a3882163 (small blind) folded before Flop
Seat 2: a2277665 (big blind) folded before Flop
Seat 3: a70955f9 folded before Flop (didn't bet)
Seat 4: Hero folded before Flop (didn't bet)
Seat 5: 10b1e4e collected ($0.12)
Seat 6: 99e05d86 (button) folded before Flop (didn't bet)


Poker Hand #HD1737654480: Hold'em No Limit ($0.02/$0.05) - 2024/04/19 19:23:44
Table 'NLHBlue35' 6-max Seat #5 is the button
Seat 1: a3882163 ($6.14 in chips)
Seat 2: a2277665 ($5 in chips)
Seat 3: a70955f9 ($5.82 in chips)
Seat 4: Hero ($5.06 in chips)
Seat 5: 10b1e4e ($5.29 in chips)
Seat 6: 99e05d86 ($6.19 in chips)
99e05d86: posts small blind $0.02
a3882163: posts big blind $0.05
*** HOLE CARDS ***
Dealt to a3882163 
Dealt to a2277665 
Dealt to a70955f9 
Dealt to Hero [Ac 4s]
Dealt to 10b1e4e 
Dealt to 99e05d86 
a2277665: raises $0.1 to $0.15
a70955f9: raises $0.3 to $0.45
Hero: folds
10b1e4e: folds
99e05d86: folds
a3882163: folds
a2277665: folds
Uncalled bet ($0.3) returned to a70955f9
*** SHOWDOWN ***
a70955f9 collected $0.36 from pot
*** SUMMARY ***
Total pot $0.37 | Rake $0.01 | Jackpot $0 | Bingo $0 | Fortune $0 | Tax $0
Seat 1: a3882163 (big blind) folded before Flop
Seat 2: a2277665 folded before Flop
Seat 3: a70955f9 collected ($0.36)
Seat 4: Hero folded before Flop (didn't bet)
Seat 5: 10b1e4e (button) folded before Flop (didn't bet)
Seat 6: 99e05d86 (small blind) folded before Flop


Poker Hand #HD1737654447: Hold'em No Limit ($0.02/$0.05) - 2024/04/19 19:23:30
Table 'NLHBlue35' 6-max Seat #4 is the button
Seat 1: a3882163 ($6.14 in chips)
Seat 2: a2277665 ($5 in chips)
Seat 3: a70955f9 ($5.82 in chips)
Seat 4: Hero ($5.06 in chips)
Seat 5: 10b1e4e ($5.24 in chips)
Seat 6: 99e05d86 ($6.24 in chips)
10b1e4e: posts small blind $0.02
99e05d86: posts big blind $0.05
*** HOLE CARDS ***
Dealt to a3882163 
Dealt to a2277665 
Dealt to a70955f9 
Dealt to Hero [4h Ts]
Dealt to 10b1e4e 
Dealt to 99e05d86 
a3882163: folds
a2277665: folds
a70955f9: folds
Hero: folds
10b1e4e: raises $0.13 to $0.18
99e05d86: folds
Uncalled bet ($0.13) returned to 10b1e4e
*** SHOWDOWN ***
10b1e4e collected $0.1 from pot
*** SUMMARY ***
Total pot $0.1 | Rake $0 | Jackpot $0 | Bingo $0 | Fortune $0 | Tax $0
Seat 1: a3882163 folded before Flop (didn't bet)
Seat 2: a2277665 folded before Flop (didn't bet)
Seat 3: a70955f9 folded before Flop (didn't bet)
Seat 4: Hero (button) folded before Flop (didn't bet)
Seat 5: 10b1e4e (small blind) collected ($0.1)
Seat 6: 99e05d86 (big blind) folded before Flop


Poker Hand #HD1737654322: Hold'em No Limit ($0.02/$0.05) - 2024/04/19 19:22:45
Table 'NLHBlue35' 6-max Seat #3 is the button
Seat 1: a3882163 ($5.95 in chips)
Seat 2: a2277665 ($5 in chips)
Seat 3: a70955f9 ($5.82 in chips)
Seat 4: Hero ($5.08 in chips)
Seat 5: 10b1e4e ($5.42 in chips)
Seat 6: 99e05d86 ($6.24 in chips)
Hero: posts small blind $0.02
10b1e4e: posts big blind $0.05
*** HOLE CARDS ***
Dealt to a3882163 
Dealt to a2277665 
Dealt to a70955f9 
Dealt to Hero [7c 6h]
Dealt to 10b1e4e 
Dealt to 99e05d86 
99e05d86: folds
a3882163: raises $0.05 to $0.1
a2277665: folds
a70955f9: folds
Hero: folds
10b1e4e: calls $0.05
*** FLOP *** [2s Ad 8s]
10b1e4e: checks
a3882163: checks
*** TURN *** [2s Ad 8s] [Jc]
10b1e4e: bets $0.08
a3882163: calls $0.08
*** RIVER *** [2s Ad 8s Jc] [5c]
10b1e4e: checks
a3882163: bets $0.19
10b1e4e: folds
Uncalled bet ($0.19) returned to a3882163
*** SHOWDOWN ***
a3882163 collected $0.37 from pot
*** SUMMARY ***
Total pot $0.38 | Rake $0.01 | Jackpot $0 | Bingo $0 | Fortune $0 | Tax $0
Board [2s Ad 8s Jc 5c]
Seat 1: a3882163 won ($0.37)
Seat 2: a2277665 folded before Flop (didn't bet)
Seat 3: a70955f9 (button) folded before Flop (didn't bet)
Seat 4: Hero (small blind) folded before Flop
Seat 5: 10b1e4e (big blind) folded on the River
Seat 6: 99e05d86 folded before Flop (didn't bet)


Poker Hand #HD1737654211: Hold'em No Limit ($0.02/$0.05) - 2024/04/19 19:22:00
Table 'NLHBlue35' 6-max Seat #2 is the button
Seat 1: a3882163 ($6.1 in chips)
Seat 2: a2277665 ($5 in chips)
Seat 3: a70955f9 ($5.84 in chips)
Seat 4: Hero ($5.13 in chips)
Seat 5: 10b1e4e ($5.21 in chips)
Seat 6: 99e05d86 ($6.24 in chips)
a70955f9: posts small blind $0.02
Hero: posts big blind $0.05
*** HOLE CARDS ***
Dealt to a3882163 
Dealt to a2277665 
Dealt to a70955f9 
Dealt to Hero [5h Th]
Dealt to 10b1e4e 
Dealt to 99e05d86 
10b1e4e: raises $0.1 to $0.15
99e05d86: folds
a3882163: calls $0.15
a2277665: folds
a70955f9: folds
Hero: folds
*** FLOP *** [8c 8s Js]
10b1e4e: checks
a3882163: checks
*** TURN *** [8c 8s Js] [2h]
10b1e4e: checks
a3882163: checks
*** RIVER *** [8c 8s Js 2h] [3c]
10b1e4e: bets $0.13
a3882163: folds
Uncalled bet ($0.13) returned to 10b1e4e
*** SHOWDOWN ***
10b1e4e collected $0.36 from pot
*** SUMMARY ***
Total pot $0.37 | Rake $0.01 | Jackpot $0 | Bingo $0 | Fortune $0 | Tax $0
Board [8c 8s Js 2h 3c]
Seat 1: a3882163 folded on the River
Seat 2: a2277665 (button) folded before Flop (didn't bet)
Seat 3: a70955f9 (small blind) folded before Flop
Seat 4: Hero (big blind) folded before Flop
Seat 5: 10b1e4e won ($0.36)
Seat 6: 99e05d86 folded before Flop (didn't bet)


Poker Hand #HD1737654145: Hold'em No Limit ($0.02/$0.05) - 2024/04/19 19:21:37
Table 'NLHBlue35' 6-max Seat #1 is the button
Seat 1: a3882163 ($6.1 in chips)
Seat 2: a2277665 ($5 in chips)
Seat 3: a70955f9 ($5.82 in chips)
Seat 4: Hero ($5.13 in chips)
Seat 5: 10b1e4e ($5.21 in chips)
Seat 6: 99e05d86 ($6.24 in chips)
a2277665: posts small blind $0.02
a70955f9: posts big blind $0.05
*** HOLE CARDS ***
Dealt to a3882163 
Dealt to a2277665 
Dealt to a70955f9 
Dealt to Hero [2h 3h]
Dealt to 10b1e4e 
Dealt to 99e05d86 
Hero: folds
10b1e4e: folds
99e05d86: folds
a3882163: folds
a2277665: folds
Uncalled bet ($0.03) returned to a70955f9
*** SHOWDOWN ***
a70955f9 collected $0.04 from pot
*** SUMMARY ***
Total pot $0.04 | Rake $0 | Jackpot $0 | Bingo $0 | Fortune $0 | Tax $0
Seat 1: a3882163 (button) folded before Flop (didn't bet)
Seat 2: a2277665 (small blind) folded before Flop
Seat 3: a70955f9 (big blind) collected ($0.04)
Seat 4: Hero folded before Flop (didn't bet)
Seat 5: 10b1e4e folded before Flop (didn't bet)
Seat 6: 99e05d86 folded before Flop (didn't bet)


Poker Hand #HD1737654085: Hold'em No Limit ($0.02/$0.05) - 2024/04/19 19:21:10
Table 'NLHBlue35' 6-max Seat #6 is the button
Seat 1: a3882163 ($6.12 in chips)
Seat 2: a2277665 ($5 in chips)
Seat 3: a70955f9 ($5.82 in chips)
Seat 4: Hero ($5.13 in chips)
Seat 5: 10b1e4e ($5.21 in chips)
Seat 6: 99e05d86 ($6.17 in chips)
a3882163: posts small blind $0.02
a2277665: posts big blind $0.05
*** HOLE CARDS ***
Dealt to a3882163 
Dealt to a2277665 
Dealt to a70955f9 
Dealt to Hero [6h Ad]
Dealt to 10b1e4e 
Dealt to 99e05d86 
a70955f9: folds
Hero: folds
10b1e4e: folds
99e05d86: raises $0.1 to $0.15
a3882163: folds
a2277665: folds
Uncalled bet ($0.1) returned to 99e05d86
*** SHOWDOWN ***
99e05d86 collected $0.12 from pot
*** SUMMARY ***
Total pot $0.12 | Rake $0 | Jackpot $0 | Bingo $0 | Fortune $0 | Tax $0
Seat 1: a3882163 (small blind) folded before Flop
Seat 2: a2277665 (big blind) folded before Flop
Seat 3: a70955f9 folded before Flop (didn't bet)
Seat 4: Hero folded before Flop (didn't bet)
Seat 5: 10b1e4e folded before Flop (didn't bet)
Seat 6: 99e05d86 (button) collected ($0.12)


Poker Hand #HD1737654038: Hold'em No Limit ($0.02/$0.05) - 2024/04/19 19:20:45
Table 'NLHBlue35' 6-max Seat #5 is the button
Seat 1: a3882163 ($6.17 in chips)
Seat 3: a70955f9 ($5.82 in chips)
Seat 4: Hero ($5.13 in chips)
Seat 5: 10b1e4e ($5.14 in chips)
Seat 6: 99e05d86 ($6.19 in chips)
99e05d86: posts small blind $0.02
a3882163: posts big blind $0.05
*** HOLE CARDS ***
Dealt to a3882163 
Dealt to a70955f9 
Dealt to Hero [5d 8c]
Dealt to 10b1e4e 
Dealt to 99e05d86 
a70955f9: folds
Hero: folds
10b1e4e: raises $0.1 to $0.15
99e05d86: folds
a3882163: folds
Uncalled bet ($0.1) returned to 10b1e4e
*** SHOWDOWN ***
10b1e4e collected $0.12 from pot
*** SUMMARY ***
Total pot $0.12 | Rake $0 | Jackpot $0 | Bingo $0 | Fortune $0 | Tax $0
Seat 1: a3882163 (big blind) folded before Flop
Seat 3: a70955f9 folded before Flop (didn't bet)
Seat 4: Hero folded before Flop (didn't bet)
Seat 5: 10b1e4e (button) collected ($0.12)
Seat 6: 99e05d86 (small blind) folded before Flop


Poker Hand #HD1737653880: Hold'em No Limit ($0.02/$0.05) - 2024/04/19 19:19:40
Table 'NLHBlue35' 6-max Seat #4 is the button
Seat 1: a3882163 ($6.17 in chips)
Seat 3: a70955f9 ($5.24 in chips)
Seat 4: Hero ($5.13 in chips)
Seat 5: 10b1e4e ($5.16 in chips)
Seat 6: 99e05d86 ($6.81 in chips)
10b1e4e: posts small blind $0.02
99e05d86: posts big blind $0.05
*** HOLE CARDS ***
Dealt to a3882163 
Dealt to a70955f9 
Dealt to Hero [Tc 5d]
Dealt to 10b1e4e 
Dealt to 99e05d86 
a3882163: folds
a70955f9: raises $0.1 to $0.15
Hero: folds
10b1e4e: folds
99e05d86: calls $0.1
*** FLOP *** [Qs 3h Ad]
99e05d86: checks
a70955f9: checks
*** TURN *** [Qs 3h Ad] [4s]
99e05d86: checks
a70955f9: bets $0.17
99e05d86: calls $0.17
*** RIVER *** [Qs 3h Ad 4s] [9h]
99e05d86: checks
a70955f9: bets $0.3
99e05d86: calls $0.3
a70955f9: shows [As Ac] (Three Aces)
99e05d86: shows [Jd Js] (Pair of Jacks)
*** SHOWDOWN ***
a70955f9 collected $1.2 from pot
*** SUMMARY ***
Total pot $1.26 | Rake $0.06 | Jackpot $0 | Bingo $0 | Fortune $0 | Tax $0
Board [Qs 3h Ad 4s 9h]
Seat 1: a3882163 folded before Flop (didn't bet)
Seat 3: a70955f9 showed [As Ac] and won ($1.2) with Three Aces
Seat 4: Hero (button) folded before Flop (didn't bet)
Seat 5: 10b1e4e (small blind) folded before Flop
Seat 6: 99e05d86 (big blind) showed [Jd Js] and lost with Pair of Jacks


Poker Hand #HD1737653808: Hold'em No Limit ($0.02/$0.05) - 2024/04/19 19:19:12
Table 'NLHBlue35' 6-max Seat #3 is the button
Seat 1: a3882163 ($6.17 in chips)
Seat 3: a70955f9 ($5.24 in chips)
Seat 4: Hero ($5.15 in chips)
Seat 5: 10b1e4e ($5.21 in chips)
Seat 6: 99e05d86 ($6.74 in chips)
Hero: posts small blind $0.02
10b1e4e: posts big blind $0.05
*** HOLE CARDS ***
Dealt to a3882163 
Dealt to a70955f9 
Dealt to Hero [9d 8s]
Dealt to 10b1e4e 
Dealt to 99e05d86 
99e05d86: raises $0.1 to $0.15
a3882163: folds
a70955f9: folds
Hero: folds
10b1e4e: folds
Uncalled bet ($0.1) returned to 99e05d86
*** SHOWDOWN ***
99e05d86 collected $0.12 from pot
*** SUMMARY ***
Total pot $0.12 | Rake $0 | Jackpot $0 | Bingo $0 | Fortune $0 | Tax $0
Seat 1: a3882163 folded before Flop (didn't bet)
Seat 3: a70955f9 (button) folded before Flop (didn't bet)
Seat 4: Hero (small blind) folded before Flop
Seat 5: 10b1e4e (big blind) folded before Flop
Seat 6: 99e05d86 collected ($0.12)


Poker Hand #HD1737653702: Hold'em No Limit ($0.02/$0.05) - 2024/04/19 19:18:27
Table 'NLHBlue35' 6-max Seat #1 is the button
Seat 1: a3882163 ($5.93 in chips)
Seat 3: a70955f9 ($5.26 in chips)
Seat 4: Hero ($5.2 in chips)
Seat 5: 10b1e4e ($5.4 in chips)
Seat 6: 99e05d86 ($6.74 in chips)
a70955f9: posts small blind $0.02
Hero: posts big blind $0.05
*** HOLE CARDS ***
Dealt to a3882163 
Dealt to a70955f9 
Dealt to Hero [7s 2h]
Dealt to 10b1e4e 
Dealt to 99e05d86 
10b1e4e: raises $0.05 to $0.1
99e05d86: folds
a3882163: calls $0.1
a70955f9: folds
Hero: folds
*** FLOP *** [6h 6d Kh]
10b1e4e: checks
a3882163: checks
*** TURN *** [6h 6d Kh] [Ad]
10b1e4e: bets $0.09
a3882163: calls $0.09
*** RIVER *** [6h 6d Kh Ad] [3s]
10b1e4e: checks
a3882163: checks
10b1e4e: shows [Qd 8d] (Pair of Sixes)
a3882163: shows [8c Ac] (Pair of Aces and Pair of Sixes)
*** SHOWDOWN ***
a3882163 collected $0.43 from pot
*** SUMMARY ***
Total pot $0.45 | Rake $0.02 | Jackpot $0 | Bingo $0 | Fortune $0 | Tax $0
Board [6h 6d Kh Ad 3s]
Seat 1: a3882163 (button) showed [8c Ac] and won ($0.43) with Pair of Aces and Pair of Sixes
Seat 3: a70955f9 (small blind) folded before Flop
Seat 4: Hero (big blind) folded before Flop
Seat 5: 10b1e4e showed [Qd 8d] and lost with Pair of Sixes
Seat 6: 99e05d86 folded before Flop (didn't bet)


Poker Hand #HD1737653641: Hold'em No Limit ($0.02/$0.05) - 2024/04/19 19:18:00
Table 'NLHBlue35' 6-max Seat #6 is the button
Seat 1: a3882163 ($5.95 in chips)
Seat 3: a70955f9 ($5.31 in chips)
Seat 4: Hero ($5.13 in chips)
Seat 5: 10b1e4e ($5.4 in chips)
Seat 6: 99e05d86 ($6.74 in chips)
a3882163: posts small blind $0.02
a70955f9: posts big blind $0.05
*** HOLE CARDS ***
Dealt to a3882163 
Dealt to a70955f9 
Dealt to Hero [9c Kc]
Dealt to 10b1e4e 
Dealt to 99e05d86 
Hero: raises $0.05 to $0.1
10b1e4e: folds
99e05d86: folds
a3882163: folds
a70955f9: folds
Uncalled bet ($0.05) returned to Hero
*** SHOWDOWN ***
Hero collected $0.12 from pot
*** SUMMARY ***
Total pot $0.12 | Rake $0 | Jackpot $0 | Bingo $0 | Fortune $0 | Tax $0
Seat 1: a3882163 (small blind) folded before Flop
Seat 3: a70955f9 (big blind) folded before Flop
Seat 4: Hero collected ($0.12)
Seat 5: 10b1e4e folded before Flop (didn't bet)
Seat 6: 99e05d86 (button) folded before Flop (didn't bet)


Poker Hand #HD1737653502: Hold'em No Limit ($0.02/$0.05) - 2024/04/19 19:17:07
Table 'NLHBlue35' 6-max Seat #5 is the button
Seat 1: a3882163 ($6.07 in chips)
Seat 2: a716920 ($6.41 in chips)
Seat 3: a70955f9 ($5.31 in chips)
Seat 4: Hero ($5 in chips)
Seat 5: 10b1e4e ($5.4 in chips)
Seat 6: 99e05d86 ($6.76 in chips)
99e05d86: posts small blind $0.02
a3882163: posts big blind $0.05
*** HOLE CARDS ***
Dealt to a3882163 
Dealt to a716920 
Dealt to a70955f9 
Dealt to Hero [As Qh]
Dealt to 10b1e4e 
Dealt to 99e05d86 
a716920: folds
a70955f9: folds
Hero: raises $0.07 to $0.12
10b1e4e: folds
99e05d86: folds
a3882163: calls $0.07
*** FLOP *** [8c 4s 7c]
a3882163: checks
Hero: checks
*** TURN *** [8c 4s 7c] [Ah]
a3882163: checks
Hero: checks
*** RIVER *** [8c 4s 7c Ah] [9d]
a3882163: checks
Hero: bets $0.2
a3882163: folds
Uncalled bet ($0.2) returned to Hero
*** SHOWDOWN ***
Hero collected $0.25 from pot
*** SUMMARY ***
Total pot $0.26 | Rake $0.01 | Jackpot $0 | Bingo $0 | Fortune $0 | Tax $0
Board [8c 4s 7c Ah 9d]
Seat 1: a3882163 (big blind) folded on the River
Seat 2: a716920 folded before Flop (didn't bet)
Seat 3: a70955f9 folded before Flop (didn't bet)
Seat 4: Hero won ($0.25)
Seat 5: 10b1e4e (button) folded before Flop (didn't bet)
Seat 6: 99e05d86 (small blind) folded before Flop


Poker Hand #HD1737653392: Hold'em No Limit ($0.02/$0.05) - 2024/04/19 19:16:23
Table 'NLHBlue35' 6-max Seat #4 is the button
Seat 1: a3882163 ($6.07 in chips)
Seat 2: a716920 ($6.41 in chips)
Seat 3: a70955f9 ($5.31 in chips)
Seat 4: Hero ($5 in chips)
Seat 5: 10b1e4e ($5.35 in chips)
Seat 6: 99e05d86 ($6.81 in chips)
10b1e4e: posts small blind $0.02
99e05d86: posts big blind $0.05
*** HOLE CARDS ***
Dealt to a3882163 
Dealt to a716920 
Dealt to a70955f9 
Dealt to Hero [8s Td]
Dealt to 10b1e4e 
Dealt to 99e05d86 
a3882163: folds
a716920: folds
a70955f9: folds
Hero: folds
10b1e4e: calls $0.03
99e05d86: checks
*** FLOP *** [8c Jc 3h]
10b1e4e: checks
99e05d86: checks
*** TURN *** [8c Jc 3h] [2c]
10b1e4e: checks
99e05d86: checks
*** RIVER *** [8c Jc 3h 2c] [2s]
10b1e4e: bets $0.1
99e05d86: folds
Uncalled bet ($0.1) returned to 10b1e4e
*** SHOWDOWN ***
10b1e4e collected $0.1 from pot
*** SUMMARY ***
Total pot $0.1 | Rake $0 | Jackpot $0 | Bingo $0 | Fortune $0 | Tax $0
Board [8c Jc 3h 2c 2s]
Seat 1: a3882163 folded before Flop (didn't bet)
Seat 2: a716920 folded before Flop (didn't bet)
Seat 3: a70955f9 folded before Flop (didn't bet)
Seat 4: Hero (button) folded before Flop (didn't bet)
Seat 5: 10b1e4e (small blind) won ($0.1)
Seat 6: 99e05d86 (big blind) folded on the River


Poker Hand #HD1737653364: Hold'em No Limit ($0.02/$0.05) - 2024/04/19 19:16:12
Table 'NLHBlue35' 6-max Seat #3 is the button
Seat 1: a3882163 ($6.07 in chips)
Seat 2: a716920 ($6.41 in chips)
Seat 3: a70955f9 ($5.31 in chips)
Seat 4: Hero ($5 in chips)
Seat 5: 10b1e4e ($5.33 in chips)
Seat 6: 99e05d86 ($6.81 in chips)
Hero: posts small blind $0.02
10b1e4e: posts big blind $0.05
*** HOLE CARDS ***
Dealt to a3882163 
Dealt to a716920 
Dealt to a70955f9 
Dealt to Hero [9c 6h]
Dealt to 10b1e4e 
Dealt to 99e05d86 
99e05d86: folds
a3882163: folds
a716920: folds
a70955f9: folds
Hero: folds
Uncalled bet ($0.03) returned to 10b1e4e
*** SHOWDOWN ***
10b1e4e collected $0.04 from pot
*** SUMMARY ***
Total pot $0.04 | Rake $0 | Jackpot $0 | Bingo $0 | Fortune $0 | Tax $0
Seat 1: a3882163 folded before Flop (didn't bet)
Seat 2: a716920 folded before Flop (didn't bet)
Seat 3: a70955f9 (button) folded before Flop (didn't bet)
Seat 4: Hero (small blind) folded before Flop
Seat 5: 10b1e4e (big blind) collected ($0.04)
Seat 6: 99e05d86 folded before Flop (didn't bet)


Poker Hand #HD1737653265: Hold'em No Limit ($0.02/$0.05) - 2024/04/19 19:15:32
Table 'NLHBlue35' 6-max Seat #2 is the button
Seat 1: a3882163 ($6.07 in chips)
Seat 2: a716920 ($6.54 in chips)
Seat 3: a70955f9 ($5.14 in chips)
Seat 4: Hero ($5 in chips)
Seat 5: 10b1e4e ($5.33 in chips)
Seat 6: 99e05d86 ($6.81 in chips)
a70955f9: posts small blind $0.02
Hero: posts big blind $0.05
*** HOLE CARDS ***
Dealt to a3882163 
Dealt to a716920 
Dealt to a70955f9 
Dealt to Hero [8c 2c]
Dealt to 10b1e4e 
Dealt to 99e05d86 
10b1e4e: folds
99e05d86: folds
a3882163: folds
a716920: raises $0.08 to $0.13
a70955f9: raises $0.37 to $0.5
Hero: folds
a716920: folds
Uncalled bet ($0.37) returned to a70955f9
*** SHOWDOWN ***
a70955f9 collected $0.3 from pot
*** SUMMARY ***
Total pot $0.31 | Rake $0.01 | Jackpot $0 | Bingo $0 | Fortune $0 | Tax $0
Seat 1: a3882163 folded before Flop (didn't bet)
Seat 2: a716920 (button) folded before Flop
Seat 3: a70955f9 (small blind) collected ($0.3)
Seat 4: Hero (big blind) folded before Flop
Seat 5: 10b1e4e folded before Flop (didn't bet)
Seat 6: 99e05d86 folded before Flop (didn't bet)


