Poker Hand #HD1754067554: Hold'em No Limit ($0.05/$0.1) - 2024/05/01 13:01:45
Table 'NLHRed24' 6-max Seat #4 is the button
Seat 1: 13c0b148 ($10.6 in chips)
Seat 2: cebca84 ($11.87 in chips)
Seat 3: df9b5e10 ($10 in chips)
Seat 4: 4c057354 ($9.95 in chips)
Seat 6: Hero ($12.21 in chips)
Hero: posts small blind $0.05
13c0b148: posts big blind $0.1
*** HOLE CARDS ***
Dealt to 13c0b148 
Dealt to cebca84 
Dealt to df9b5e10 
Dealt to 4c057354 
Dealt to Hero [3s Qc]
cebca84: raises $0.15 to $0.25
df9b5e10: folds
4c057354: folds
Hero: folds
13c0b148: calls $0.15
*** FLOP *** [5h Kc 4s]
13c0b148: checks
cebca84: checks
*** TURN *** [5h Kc 4s] [Jh]
13c0b148: bets $0.37
cebca84: calls $0.37
*** RIVER *** [5h Kc 4s Jh] [9d]
13c0b148: bets $1.11
cebca84: folds
Uncalled bet ($1.11) returned to 13c0b148
*** SHOWDOWN ***
13c0b148 collected $1.23 from pot
*** SUMMARY ***
Total pot $1.29 | Rake $0.06 | Jackpot $0 | Bingo $0 | Fortune $0 | Tax $0
Board [5h Kc 4s Jh 9d]
Seat 1: 13c0b148 (big blind) won ($1.23)
Seat 2: cebca84 folded on the River
Seat 3: df9b5e10 folded before Flop (didn't bet)
Seat 4: 4c057354 (button) folded before Flop (didn't bet)
Seat 6: Hero (small blind) folded before Flop


Poker Hand #HD1754067454: Hold'em No Limit ($0.05/$0.1) - 2024/05/01 13:00:57
Table 'NLHRed24' 6-max Seat #3 is the button
Seat 1: 13c0b148 ($10.6 in chips)
Seat 2: cebca84 ($11.59 in chips)
Seat 3: df9b5e10 ($10 in chips)
Seat 4: 4c057354 ($10 in chips)
Seat 6: Hero ($12.46 in chips)
4c057354: posts small blind $0.05
Hero: posts big blind $0.1
*** HOLE CARDS ***
Dealt to 13c0b148 
Dealt to cebca84 
Dealt to df9b5e10 
Dealt to 4c057354 
Dealt to Hero [8d 6d]
13c0b148: folds
cebca84: raises $0.15 to $0.25
df9b5e10: folds
4c057354: folds
Hero: calls $0.15
*** FLOP *** [2c Ah 7d]
Hero: checks
cebca84: bets $0.2
Hero: folds
Uncalled bet ($0.2) returned to cebca84
*** SHOWDOWN ***
cebca84 collected $0.53 from pot
*** SUMMARY ***
Total pot $0.55 | Rake $0.02 | Jackpot $0 | Bingo $0 | Fortune $0 | Tax $0
Board [2c Ah 7d]
Seat 1: 13c0b148 folded before Flop (didn't bet)
Seat 2: cebca84 won ($0.53)
Seat 3: df9b5e10 (button) folded before Flop (didn't bet)
Seat 4: 4c057354 (small blind) folded before Flop
Seat 6: Hero (big blind) folded on the Flop


Poker Hand #HD1754067418: Hold'em No Limit ($0.05/$0.1) - 2024/05/01 13:00:43
Table 'NLHRed24' 6-max Seat #2 is the button
Seat 1: 13c0b148 ($10.45 in chips)
Seat 2: cebca84 ($11.59 in chips)
Seat 3: df9b5e10 ($10 in chips)
Seat 4: 4c057354 ($10 in chips)
Seat 6: Hero ($12.46 in chips)
df9b5e10: posts small blind $0.05
4c057354: posts big blind $0.1
*** HOLE CARDS ***
Dealt to 13c0b148 
Dealt to cebca84 
Dealt to df9b5e10 
Dealt to 4c057354 
Dealt to Hero [2h 4h]
Hero: folds
13c0b148: raises $0.15 to $0.25
cebca84: folds
df9b5e10: folds
4c057354: folds
Uncalled bet ($0.15) returned to 13c0b148
*** SHOWDOWN ***
13c0b148 collected $0.25 from pot
*** SUMMARY ***
Total pot $0.25 | Rake $0 | Jackpot $0 | Bingo $0 | Fortune $0 | Tax $0
Seat 1: 13c0b148 collected ($0.25)
Seat 2: cebca84 (button) folded before Flop (didn't bet)
Seat 3: df9b5e10 (small blind) folded before Flop
Seat 4: 4c057354 (big blind) folded before Flop
Seat 6: Hero folded before Flop (didn't bet)


Poker Hand #HD1754067362: Hold'em No Limit ($0.05/$0.1) - 2024/05/01 13:00:13
Table 'NLHRed24' 6-max Seat #1 is the button
Seat 1: 13c0b148 ($10.17 in chips)
Seat 2: cebca84 ($11.64 in chips)
Seat 3: df9b5e10 ($10.15 in chips)
Seat 6: Hero ($12.46 in chips)
cebca84: posts small blind $0.05
df9b5e10: posts big blind $0.1
*** HOLE CARDS ***
Dealt to 13c0b148 
Dealt to cebca84 
Dealt to df9b5e10 
Dealt to Hero [2s 6s]
Hero: folds
13c0b148: raises $0.15 to $0.25
cebca84: folds
df9b5e10: calls $0.15
*** FLOP *** [5c 7d Td]
df9b5e10: checks
13c0b148: bets $0.37
df9b5e10: folds
Uncalled bet ($0.37) returned to 13c0b148
*** SHOWDOWN ***
13c0b148 collected $0.53 from pot
*** SUMMARY ***
Total pot $0.55 | Rake $0.02 | Jackpot $0 | Bingo $0 | Fortune $0 | Tax $0
Board [5c 7d Td]
Seat 1: 13c0b148 (button) won ($0.53)
Seat 2: cebca84 (small blind) folded before Flop
Seat 3: df9b5e10 (big blind) folded on the Flop
Seat 6: Hero folded before Flop (didn't bet)


Poker Hand #HD1754067247: Hold'em No Limit ($0.05/$0.1) - 2024/05/01 12:59:18
Table 'NLHRed24' 6-max Seat #6 is the button
Seat 1: 13c0b148 ($10.22 in chips)
Seat 2: cebca84 ($12.06 in chips)
Seat 3: df9b5e10 ($10.15 in chips)
Seat 6: Hero ($12.03 in chips)
13c0b148: posts small blind $0.05
cebca84: posts big blind $0.1
*** HOLE CARDS ***
Dealt to 13c0b148 
Dealt to cebca84 
Dealt to df9b5e10 
Dealt to Hero [Kh Kc]
df9b5e10: folds
Hero: raises $0.14 to $0.24
13c0b148: folds
cebca84: calls $0.14
*** FLOP *** [8h Qh Kd]
cebca84: checks
Hero: bets $0.18
cebca84: calls $0.18
*** TURN *** [8h Qh Kd] [3d]
cebca84: checks
Hero: bets $0.69
cebca84: folds
Uncalled bet ($0.69) returned to Hero
*** SHOWDOWN ***
Hero collected $0.85 from pot
*** SUMMARY ***
Total pot $0.89 | Rake $0.04 | Jackpot $0 | Bingo $0 | Fortune $0 | Tax $0
Board [8h Qh Kd 3d]
Seat 1: 13c0b148 (small blind) folded before Flop
Seat 2: cebca84 (big blind) folded on the Turn
Seat 3: df9b5e10 folded before Flop (didn't bet)
Seat 6: Hero (button) won ($0.85)


Poker Hand #HD1754067225: Hold'em No Limit ($0.05/$0.1) - 2024/05/01 12:59:07
Table 'NLHRed24' 6-max Seat #3 is the button
Seat 1: 13c0b148 ($10.32 in chips)
Seat 2: cebca84 ($12.06 in chips)
Seat 3: df9b5e10 ($10 in chips)
Seat 6: Hero ($12.08 in chips)
Hero: posts small blind $0.05
13c0b148: posts big blind $0.1
*** HOLE CARDS ***
Dealt to 13c0b148 
Dealt to cebca84 
Dealt to df9b5e10 
Dealt to Hero [6s 8d]
cebca84: folds
df9b5e10: raises $0.15 to $0.25
Hero: folds
13c0b148: folds
Uncalled bet ($0.15) returned to df9b5e10
*** SHOWDOWN ***
df9b5e10 collected $0.25 from pot
*** SUMMARY ***
Total pot $0.25 | Rake $0 | Jackpot $0 | Bingo $0 | Fortune $0 | Tax $0
Seat 1: 13c0b148 (big blind) folded before Flop
Seat 2: cebca84 folded before Flop (didn't bet)
Seat 3: df9b5e10 (button) collected ($0.25)
Seat 6: Hero (small blind) folded before Flop


Poker Hand #HD1754067165: Hold'em No Limit ($0.05/$0.1) - 2024/05/01 12:58:37
Table 'NLHRed24' 6-max Seat #2 is the button
Seat 1: 13c0b148 ($10.32 in chips)
Seat 2: cebca84 ($12.31 in chips)
Seat 3: df9b5e10 ($10.05 in chips)
Seat 6: Hero ($11.8 in chips)
df9b5e10: posts small blind $0.05
Hero: posts big blind $0.1
*** HOLE CARDS ***
Dealt to 13c0b148 
Dealt to cebca84 
Dealt to df9b5e10 
Dealt to Hero [Kd Qc]
13c0b148: folds
cebca84: raises $0.15 to $0.25
df9b5e10: folds
Hero: calls $0.15
*** FLOP *** [9c Ks Qh]
Hero: bets $0.37
cebca84: folds
Uncalled bet ($0.37) returned to Hero
*** SHOWDOWN ***
Hero collected $0.53 from pot
*** SUMMARY ***
Total pot $0.55 | Rake $0.02 | Jackpot $0 | Bingo $0 | Fortune $0 | Tax $0
Board [9c Ks Qh]
Seat 1: 13c0b148 folded before Flop (didn't bet)
Seat 2: cebca84 (button) folded on the Flop
Seat 3: df9b5e10 (small blind) folded before Flop
Seat 6: Hero (big blind) won ($0.53)


Poker Hand #HD1754067148: Hold'em No Limit ($0.05/$0.1) - 2024/05/01 12:58:28
Table 'NLHRed24' 6-max Seat #1 is the button
Seat 1: 13c0b148 ($10.32 in chips)
Seat 2: cebca84 ($12.36 in chips)
Seat 3: df9b5e10 ($10 in chips)
Seat 6: Hero ($11.8 in chips)
cebca84: posts small blind $0.05
df9b5e10: posts big blind $0.1
*** HOLE CARDS ***
Dealt to 13c0b148 
Dealt to cebca84 
Dealt to df9b5e10 
Dealt to Hero [8c 7d]
Hero: folds
13c0b148: folds
cebca84: folds
Uncalled bet ($0.05) returned to df9b5e10
*** SHOWDOWN ***
df9b5e10 collected $0.1 from pot
*** SUMMARY ***
Total pot $0.1 | Rake $0 | Jackpot $0 | Bingo $0 | Fortune $0 | Tax $0
Seat 1: 13c0b148 (button) folded before Flop (didn't bet)
Seat 2: cebca84 (small blind) folded before Flop
Seat 3: df9b5e10 (big blind) collected ($0.1)
Seat 6: Hero folded before Flop (didn't bet)


Poker Hand #HD1754067084: Hold'em No Limit ($0.05/$0.1) - 2024/05/01 12:57:58
Table 'NLHRed24' 6-max Seat #6 is the button
Seat 1: 13c0b148 ($10 in chips)
Seat 2: cebca84 ($12.46 in chips)
Seat 4: 1610436e ($11 in chips)
Seat 6: Hero ($12.04 in chips)
13c0b148: posts small blind $0.05
cebca84: posts big blind $0.1
*** HOLE CARDS ***
Dealt to 13c0b148 
Dealt to cebca84 
Dealt to 1610436e 
Dealt to Hero [5d 4d]
1610436e: folds
Hero: raises $0.14 to $0.24
13c0b148: raises $0.73 to $0.97
cebca84: folds
Hero: folds
Uncalled bet ($0.73) returned to 13c0b148
*** SHOWDOWN ***
13c0b148 collected $0.56 from pot
*** SUMMARY ***
Total pot $0.58 | Rake $0.02 | Jackpot $0 | Bingo $0 | Fortune $0 | Tax $0
Seat 1: 13c0b148 (small blind) collected ($0.56)
Seat 2: cebca84 (big blind) folded before Flop
Seat 4: 1610436e folded before Flop (didn't bet)
Seat 6: Hero (button) folded before Flop


Poker Hand #HD1754067052: Hold'em No Limit ($0.05/$0.1) - 2024/05/01 12:57:45
Table 'NLHRed24' 6-max Seat #4 is the button
Seat 1: 13c0b148 ($10 in chips)
Seat 2: cebca84 ($12.31 in chips)
Seat 4: 1610436e ($11 in chips)
Seat 6: Hero ($12.09 in chips)
Hero: posts small blind $0.05
13c0b148: posts big blind $0.1
*** HOLE CARDS ***
Dealt to 13c0b148 
Dealt to cebca84 
Dealt to 1610436e 
Dealt to Hero [3d 7s]
cebca84: raises $0.15 to $0.25
1610436e: folds
Hero: folds
13c0b148: folds
Uncalled bet ($0.15) returned to cebca84
*** SHOWDOWN ***
cebca84 collected $0.25 from pot
*** SUMMARY ***
Total pot $0.25 | Rake $0 | Jackpot $0 | Bingo $0 | Fortune $0 | Tax $0
Seat 1: 13c0b148 (big blind) folded before Flop
Seat 2: cebca84 collected ($0.25)
Seat 4: 1610436e (button) folded before Flop (didn't bet)
Seat 6: Hero (small blind) folded before Flop


Poker Hand #HD1754066957: Hold'em No Limit ($0.05/$0.1) - 2024/05/01 12:56:59
Table 'NLHRed24' 6-max Seat #2 is the button
Seat 1: 13c0b148 ($10 in chips)
Seat 2: cebca84 ($10.1 in chips)
Seat 4: 1610436e ($11.05 in chips)
Seat 6: Hero ($12.19 in chips)
1610436e: posts small blind $0.05
Hero: posts big blind $0.1
*** HOLE CARDS ***
Dealt to 13c0b148 
Dealt to cebca84 
Dealt to 1610436e 
Dealt to Hero [8s 8c]
13c0b148: raises $0.15 to $0.25
cebca84: raises $0.5 to $0.75
1610436e: folds
Hero: folds
13c0b148: raises $1.65 to $2.4
cebca84: raises $7.7 to $10.1 and is all-in
13c0b148: folds
Uncalled bet ($7.7) returned to cebca84
*** SHOWDOWN ***
cebca84 collected $4.61 from pot
*** SUMMARY ***
Total pot $4.95 | Rake $0.24 | Jackpot $0.1 | Bingo $0 | Fortune $0 | Tax $0
Seat 1: 13c0b148 folded before Flop
Seat 2: cebca84 (button) collected ($4.61)
Seat 4: 1610436e (small blind) folded before Flop
Seat 6: Hero (big blind) folded before Flop


Poker Hand #HD1754066920: Hold'em No Limit ($0.05/$0.1) - 2024/05/01 12:56:44
Table 'NLHRed24' 6-max Seat #1 is the button
Seat 1: 13c0b148 ($10 in chips)
Seat 2: cebca84 ($10 in chips)
Seat 4: 1610436e ($11.15 in chips)
Seat 6: Hero ($12.19 in chips)
cebca84: posts small blind $0.05
1610436e: posts big blind $0.1
*** HOLE CARDS ***
Dealt to 13c0b148 
Dealt to cebca84 
Dealt to 1610436e 
Dealt to Hero [7h Qh]
Hero: folds
13c0b148: folds
cebca84: raises $0.2 to $0.3
1610436e: folds
Uncalled bet ($0.2) returned to cebca84
*** SHOWDOWN ***
cebca84 collected $0.2 from pot
*** SUMMARY ***
Total pot $0.2 | Rake $0 | Jackpot $0 | Bingo $0 | Fortune $0 | Tax $0
Seat 1: 13c0b148 (button) folded before Flop (didn't bet)
Seat 2: cebca84 (small blind) collected ($0.2)
Seat 4: 1610436e (big blind) folded before Flop
Seat 6: Hero folded before Flop (didn't bet)


Poker Hand #HD1754066879: Hold'em No Limit ($0.05/$0.1) - 2024/05/01 12:56:19
Table 'NLHRed24' 6-max Seat #6 is the button
Seat 1: 13c0b148 ($10.05 in chips)
Seat 2: cebca84 ($10 in chips)
Seat 3: 19bf77f ($13.04 in chips)
Seat 4: 1610436e ($11.15 in chips)
Seat 6: Hero ($12.04 in chips)
13c0b148: posts small blind $0.05
cebca84: posts big blind $0.1
*** HOLE CARDS ***
Dealt to 13c0b148 
Dealt to cebca84 
Dealt to 19bf77f 
Dealt to 1610436e 
Dealt to Hero [Jh Kh]
19bf77f: folds
1610436e: folds
Hero: raises $0.14 to $0.24
13c0b148: folds
cebca84: folds
Uncalled bet ($0.14) returned to Hero
*** SHOWDOWN ***
Hero collected $0.25 from pot
*** SUMMARY ***
Total pot $0.25 | Rake $0 | Jackpot $0 | Bingo $0 | Fortune $0 | Tax $0
Seat 1: 13c0b148 (small blind) folded before Flop
Seat 2: cebca84 (big blind) folded before Flop
Seat 3: 19bf77f folded before Flop (didn't bet)
Seat 4: 1610436e folded before Flop (didn't bet)
Seat 6: Hero (button) collected ($0.25)


Poker Hand #HD1754066857: Hold'em No Limit ($0.05/$0.1) - 2024/05/01 12:56:09
Table 'NLHRed24' 6-max Seat #4 is the button
Seat 1: 13c0b148 ($10 in chips)
Seat 2: cebca84 ($10 in chips)
Seat 3: 19bf77f ($13.04 in chips)
Seat 4: 1610436e ($11.15 in chips)
Seat 6: Hero ($12.09 in chips)
Hero: posts small blind $0.05
13c0b148: posts big blind $0.1
*** HOLE CARDS ***
Dealt to 13c0b148 
Dealt to cebca84 
Dealt to 19bf77f 
Dealt to 1610436e 
Dealt to Hero [3h 7d]
cebca84: folds
19bf77f: folds
1610436e: folds
Hero: folds
Uncalled bet ($0.05) returned to 13c0b148
*** SHOWDOWN ***
13c0b148 collected $0.1 from pot
*** SUMMARY ***
Total pot $0.1 | Rake $0 | Jackpot $0 | Bingo $0 | Fortune $0 | Tax $0
Seat 1: 13c0b148 (big blind) collected ($0.1)
Seat 2: cebca84 folded before Flop (didn't bet)
Seat 3: 19bf77f folded before Flop (didn't bet)
Seat 4: 1610436e (button) folded before Flop (didn't bet)
Seat 6: Hero (small blind) folded before Flop


Poker Hand #HD1754066799: Hold'em No Limit ($0.05/$0.1) - 2024/05/01 12:55:37
Table 'NLHRed24' 6-max Seat #3 is the button
Seat 1: 13c0b148 ($10 in chips)
Seat 2: cebca84 ($10 in chips)
Seat 3: 19bf77f ($12.89 in chips)
Seat 4: 1610436e ($11.2 in chips)
Seat 6: Hero ($12.19 in chips)
1610436e: posts small blind $0.05
Hero: posts big blind $0.1
*** HOLE CARDS ***
Dealt to 13c0b148 
Dealt to cebca84 
Dealt to 19bf77f 
Dealt to 1610436e 
Dealt to Hero [Tc Kh]
13c0b148: folds
cebca84: folds
19bf77f: raises $0.15 to $0.25
1610436e: folds
Hero: folds
Uncalled bet ($0.15) returned to 19bf77f
*** SHOWDOWN ***
19bf77f collected $0.25 from pot
*** SUMMARY ***
Total pot $0.25 | Rake $0 | Jackpot $0 | Bingo $0 | Fortune $0 | Tax $0
Seat 1: 13c0b148 folded before Flop (didn't bet)
Seat 2: cebca84 folded before Flop (didn't bet)
Seat 3: 19bf77f (button) collected ($0.25)
Seat 4: 1610436e (small blind) folded before Flop
Seat 6: Hero (big blind) folded before Flop


Poker Hand #HD1754066732: Hold'em No Limit ($0.05/$0.1) - 2024/05/01 12:55:04
Table 'NLHRed24' 6-max Seat #2 is the button
Seat 1: 13c0b148 ($10.18 in chips)
Seat 2: cebca84 ($10 in chips)
Seat 3: 19bf77f ($12.94 in chips)
Seat 4: 1610436e ($10.92 in chips)
Seat 6: Hero ($12.19 in chips)
19bf77f: posts small blind $0.05
1610436e: posts big blind $0.1
*** HOLE CARDS ***
Dealt to 13c0b148 
Dealt to cebca84 
Dealt to 19bf77f 
Dealt to 1610436e 
Dealt to Hero [5d Ks]
Hero: folds
13c0b148: raises $0.15 to $0.25
cebca84: folds
19bf77f: folds
1610436e: raises $0.93 to $1.18
13c0b148: folds
Uncalled bet ($0.93) returned to 1610436e
*** SHOWDOWN ***
1610436e collected $0.53 from pot
*** SUMMARY ***
Total pot $0.55 | Rake $0.02 | Jackpot $0 | Bingo $0 | Fortune $0 | Tax $0
Seat 1: 13c0b148 folded before Flop
Seat 2: cebca84 (button) folded before Flop (didn't bet)
Seat 3: 19bf77f (small blind) folded before Flop
Seat 4: 1610436e (big blind) collected ($0.53)
Seat 6: Hero folded before Flop (didn't bet)


Poker Hand #HD1754066705: Hold'em No Limit ($0.05/$0.1) - 2024/05/01 12:54:52
Table 'NLHRed24' 6-max Seat #1 is the button
Seat 1: 13c0b148 ($10.18 in chips)
Seat 2: cebca84 ($10.05 in chips)
Seat 3: 19bf77f ($12.89 in chips)
Seat 4: 1610436e ($10.92 in chips)
Seat 6: Hero ($12.19 in chips)
cebca84: posts small blind $0.05
19bf77f: posts big blind $0.1
*** HOLE CARDS ***
Dealt to 13c0b148 
Dealt to cebca84 
Dealt to 19bf77f 
Dealt to 1610436e 
Dealt to Hero [7s 9h]
1610436e: folds
Hero: folds
13c0b148: folds
cebca84: folds
Uncalled bet ($0.05) returned to 19bf77f
*** SHOWDOWN ***
19bf77f collected $0.1 from pot
*** SUMMARY ***
Total pot $0.1 | Rake $0 | Jackpot $0 | Bingo $0 | Fortune $0 | Tax $0
Seat 1: 13c0b148 (button) folded before Flop (didn't bet)
Seat 2: cebca84 (small blind) folded before Flop
Seat 3: 19bf77f (big blind) collected ($0.1)
Seat 4: 1610436e folded before Flop (didn't bet)
Seat 6: Hero folded before Flop (didn't bet)


Poker Hand #HD1754066661: Hold'em No Limit ($0.05/$0.1) - 2024/05/01 12:54:33
Table 'NLHRed24' 6-max Seat #6 is the button
Seat 1: 13c0b148 ($10.23 in chips)
Seat 2: cebca84 ($10 in chips)
Seat 3: 19bf77f ($12.89 in chips)
Seat 4: 1610436e ($10.92 in chips)
Seat 6: Hero ($12.19 in chips)
13c0b148: posts small blind $0.05
cebca84: posts big blind $0.1
*** HOLE CARDS ***
Dealt to 13c0b148 
Dealt to cebca84 
Dealt to 19bf77f 
Dealt to 1610436e 
Dealt to Hero [3h 8c]
19bf77f: folds
1610436e: folds
Hero: folds
13c0b148: folds
Uncalled bet ($0.05) returned to cebca84
*** SHOWDOWN ***
cebca84 collected $0.1 from pot
*** SUMMARY ***
Total pot $0.1 | Rake $0 | Jackpot $0 | Bingo $0 | Fortune $0 | Tax $0
Seat 1: 13c0b148 (small blind) folded before Flop
Seat 2: cebca84 (big blind) collected ($0.1)
Seat 3: 19bf77f folded before Flop (didn't bet)
Seat 4: 1610436e folded before Flop (didn't bet)
Seat 6: Hero (button) folded before Flop (didn't bet)


Poker Hand #HD1754066535: Hold'em No Limit ($0.05/$0.1) - 2024/05/01 12:53:31
Table 'NLHRed24' 6-max Seat #4 is the button
Seat 1: 13c0b148 ($11.86 in chips)
Seat 2: cebca84 ($10 in chips)
Seat 3: 19bf77f ($12.89 in chips)
Seat 4: 1610436e ($10.92 in chips)
Seat 6: Hero ($10.81 in chips)
Hero: posts small blind $0.05
13c0b148: posts big blind $0.1
*** HOLE CARDS ***
Dealt to 13c0b148 
Dealt to cebca84 
Dealt to 19bf77f 
Dealt to 1610436e 
Dealt to Hero [Ac 5d]
cebca84: folds
19bf77f: folds
1610436e: folds
Hero: raises $0.2 to $0.3
13c0b148: calls $0.2
*** FLOP *** [2c 9h 2s]
Hero: checks
13c0b148: checks
*** TURN *** [2c 9h 2s] [3s]
Hero: checks
13c0b148: bets $0.4
Hero: calls $0.4
*** RIVER *** [2c 9h 2s 3s] [3h]
Hero: checks
13c0b148: bets $0.93
Hero: calls $0.93
13c0b148: shows [6c 7c] (Pair of Treys and Pair of Twos)
Hero: shows [Ac 5d] (Pair of Treys and Pair of Twos)
*** SHOWDOWN ***
Hero collected $3.01 from pot
*** SUMMARY ***
Total pot $3.26 | Rake $0.15 | Jackpot $0.1 | Bingo $0 | Fortune $0 | Tax $0
Board [2c 9h 2s 3s 3h]
Seat 1: 13c0b148 (big blind) showed [6c 7c] and lost with Pair of Treys and Pair of Twos
Seat 2: cebca84 folded before Flop (didn't bet)
Seat 3: 19bf77f folded before Flop (didn't bet)
Seat 4: 1610436e (button) folded before Flop (didn't bet)
Seat 6: Hero (small blind) showed [Ac 5d] and won ($3.01) with Pair of Treys and Pair of Twos


Poker Hand #HD1754066507: Hold'em No Limit ($0.05/$0.1) - 2024/05/01 12:53:17
Table 'NLHRed24' 6-max Seat #3 is the button
Seat 1: 13c0b148 ($11.86 in chips)
Seat 2: cebca84 ($10 in chips)
Seat 3: 19bf77f ($12.74 in chips)
Seat 4: 1610436e ($10.97 in chips)
Seat 6: Hero ($10.91 in chips)
1610436e: posts small blind $0.05
Hero: posts big blind $0.1
*** HOLE CARDS ***
Dealt to 13c0b148 
Dealt to cebca84 
Dealt to 19bf77f 
Dealt to 1610436e 
Dealt to Hero [Qs 2c]
13c0b148: folds
cebca84: folds
19bf77f: raises $0.15 to $0.25
1610436e: folds
Hero: folds
Uncalled bet ($0.15) returned to 19bf77f
*** SHOWDOWN ***
19bf77f collected $0.25 from pot
*** SUMMARY ***
Total pot $0.25 | Rake $0 | Jackpot $0 | Bingo $0 | Fortune $0 | Tax $0
Seat 1: 13c0b148 folded before Flop (didn't bet)
Seat 2: cebca84 folded before Flop (didn't bet)
Seat 3: 19bf77f (button) collected ($0.25)
Seat 4: 1610436e (small blind) folded before Flop
Seat 6: Hero (big blind) folded before Flop


Poker Hand #HD1754066390: Hold'em No Limit ($0.05/$0.1) - 2024/05/01 12:52:22
Table 'NLHRed24' 6-max Seat #2 is the button
Seat 1: 13c0b148 ($11.04 in chips)
Seat 2: cebca84 ($10.29 in chips)
Seat 3: 19bf77f ($12.79 in chips)
Seat 4: 1610436e ($11.07 in chips)
Seat 5: 4b1ff221 ($11.42 in chips)
Seat 6: Hero ($10.91 in chips)
19bf77f: posts small blind $0.05
1610436e: posts big blind $0.1
*** HOLE CARDS ***
Dealt to 13c0b148 
Dealt to cebca84 
Dealt to 19bf77f 
Dealt to 1610436e 
Dealt to 4b1ff221 
Dealt to Hero [5s 2s]
4b1ff221: folds
Hero: folds
13c0b148: raises $0.15 to $0.25
cebca84: raises $0.5 to $0.75
19bf77f: folds
1610436e: folds
13c0b148: raises $1.65 to $2.4
cebca84: folds
Uncalled bet ($1.65) returned to 13c0b148
*** SHOWDOWN ***
13c0b148 collected $1.57 from pot
*** SUMMARY ***
Total pot $1.65 | Rake $0.08 | Jackpot $0 | Bingo $0 | Fortune $0 | Tax $0
Seat 1: 13c0b148 collected ($1.57)
Seat 2: cebca84 (button) folded before Flop
Seat 3: 19bf77f (small blind) folded before Flop
Seat 4: 1610436e (big blind) folded before Flop
Seat 5: 4b1ff221 folded before Flop (didn't bet)
Seat 6: Hero folded before Flop (didn't bet)


Poker Hand #HD1754066369: Hold'em No Limit ($0.05/$0.1) - 2024/05/01 12:52:09
Table 'NLHRed24' 6-max Seat #1 is the button
Seat 1: 13c0b148 ($11.04 in chips)
Seat 2: cebca84 ($10.34 in chips)
Seat 3: 19bf77f ($12.74 in chips)
Seat 4: 1610436e ($11.07 in chips)
Seat 5: 4b1ff221 ($11.42 in chips)
Seat 6: Hero ($10.91 in chips)
cebca84: posts small blind $0.05
19bf77f: posts big blind $0.1
*** HOLE CARDS ***
Dealt to 13c0b148 
Dealt to cebca84 
Dealt to 19bf77f 
Dealt to 1610436e 
Dealt to 4b1ff221 
Dealt to Hero [Th 2s]
1610436e: folds
4b1ff221: folds
Hero: folds
13c0b148: folds
cebca84: folds
Uncalled bet ($0.05) returned to 19bf77f
*** SHOWDOWN ***
19bf77f collected $0.1 from pot
*** SUMMARY ***
Total pot $0.1 | Rake $0 | Jackpot $0 | Bingo $0 | Fortune $0 | Tax $0
Seat 1: 13c0b148 (button) folded before Flop (didn't bet)
Seat 2: cebca84 (small blind) folded before Flop
Seat 3: 19bf77f (big blind) collected ($0.1)
Seat 4: 1610436e folded before Flop (didn't bet)
Seat 5: 4b1ff221 folded before Flop (didn't bet)
Seat 6: Hero folded before Flop (didn't bet)


Poker Hand #HD1754066274: Hold'em No Limit ($0.05/$0.1) - 2024/05/01 12:51:23
Table 'NLHRed24' 6-max Seat #6 is the button
Seat 1: 13c0b148 ($11.09 in chips)
Seat 2: cebca84 ($10.2 in chips)
Seat 3: 19bf77f ($12.74 in chips)
Seat 4: 1610436e ($11.07 in chips)
Seat 5: 4b1ff221 ($11.52 in chips)
Seat 6: Hero ($10.91 in chips)
13c0b148: posts small blind $0.05
cebca84: posts big blind $0.1
*** HOLE CARDS ***
Dealt to 13c0b148 
Dealt to cebca84 
Dealt to 19bf77f 
Dealt to 1610436e 
Dealt to 4b1ff221 
Dealt to Hero [3d 3c]
19bf77f: folds
1610436e: folds
4b1ff221: calls $0.1
Hero: folds
13c0b148: folds
cebca84: checks
*** FLOP *** [As 5h 3h]
cebca84: checks
4b1ff221: checks
*** TURN *** [As 5h 3h] [Jd]
cebca84: checks
4b1ff221: checks
*** RIVER *** [As 5h 3h Jd] [6d]
cebca84: checks
4b1ff221: checks
cebca84: shows [Tc 6c] (Pair of Sixes)
4b1ff221: shows [6s 8s] (Pair of Sixes)
*** SHOWDOWN ***
cebca84 collected $0.24 from pot
*** SUMMARY ***
Total pot $0.25 | Rake $0.01 | Jackpot $0 | Bingo $0 | Fortune $0 | Tax $0
Board [As 5h 3h Jd 6d]
Seat 1: 13c0b148 (small blind) folded before Flop
Seat 2: cebca84 (big blind) showed [Tc 6c] and won ($0.24) with Pair of Sixes
Seat 3: 19bf77f folded before Flop (didn't bet)
Seat 4: 1610436e folded before Flop (didn't bet)
Seat 5: 4b1ff221 showed [6s 8s] and lost with Pair of Sixes
Seat 6: Hero (button) folded before Flop (didn't bet)


Poker Hand #HD1754066236: Hold'em No Limit ($0.05/$0.1) - 2024/05/01 12:51:08
Table 'NLHRed24' 6-max Seat #5 is the button
Seat 1: 13c0b148 ($11.19 in chips)
Seat 2: cebca84 ($10.2 in chips)
Seat 3: 19bf77f ($12.74 in chips)
Seat 4: 1610436e ($10.92 in chips)
Seat 5: 4b1ff221 ($11.52 in chips)
Seat 6: Hero ($10.96 in chips)
Hero: posts small blind $0.05
13c0b148: posts big blind $0.1
*** HOLE CARDS ***
Dealt to 13c0b148 
Dealt to cebca84 
Dealt to 19bf77f 
Dealt to 1610436e 
Dealt to 4b1ff221 
Dealt to Hero [Qd 5c]
cebca84: folds
19bf77f: folds
1610436e: raises $0.15 to $0.25
4b1ff221: folds
Hero: folds
13c0b148: folds
Uncalled bet ($0.15) returned to 1610436e
*** SHOWDOWN ***
1610436e collected $0.25 from pot
*** SUMMARY ***
Total pot $0.25 | Rake $0 | Jackpot $0 | Bingo $0 | Fortune $0 | Tax $0
Seat 1: 13c0b148 (big blind) folded before Flop
Seat 2: cebca84 folded before Flop (didn't bet)
Seat 3: 19bf77f folded before Flop (didn't bet)
Seat 4: 1610436e collected ($0.25)
Seat 5: 4b1ff221 (button) folded before Flop (didn't bet)
Seat 6: Hero (small blind) folded before Flop


Poker Hand #HD1754066178: Hold'em No Limit ($0.05/$0.1) - 2024/05/01 12:50:39
Table 'NLHRed24' 6-max Seat #4 is the button
Seat 1: 13c0b148 ($11.42 in chips)
Seat 2: cebca84 ($10.2 in chips)
Seat 3: 19bf77f ($12.74 in chips)
Seat 4: 1610436e ($10.92 in chips)
Seat 5: 4b1ff221 ($11.21 in chips)
Seat 6: Hero ($11.06 in chips)
4b1ff221: posts small blind $0.05
Hero: posts big blind $0.1
*** HOLE CARDS ***
Dealt to 13c0b148 
Dealt to cebca84 
Dealt to 19bf77f 
Dealt to 1610436e 
Dealt to 4b1ff221 
Dealt to Hero [4d 5d]
13c0b148: raises $0.13 to $0.23
cebca84: folds
19bf77f: folds
1610436e: folds
4b1ff221: raises $0.56 to $0.79
Hero: folds
13c0b148: folds
Uncalled bet ($0.56) returned to 4b1ff221
*** SHOWDOWN ***
4b1ff221 collected $0.54 from pot
*** SUMMARY ***
Total pot $0.56 | Rake $0.02 | Jackpot $0 | Bingo $0 | Fortune $0 | Tax $0
Seat 1: 13c0b148 folded before Flop
Seat 2: cebca84 folded before Flop (didn't bet)
Seat 3: 19bf77f folded before Flop (didn't bet)
Seat 4: 1610436e (button) folded before Flop (didn't bet)
Seat 5: 4b1ff221 (small blind) collected ($0.54)
Seat 6: Hero (big blind) folded before Flop


Poker Hand #HD1754066159: Hold'em No Limit ($0.05/$0.1) - 2024/05/01 12:50:27
Table 'NLHRed24' 6-max Seat #3 is the button
Seat 1: 13c0b148 ($11.42 in chips)
Seat 2: cebca84 ($10.2 in chips)
Seat 3: 19bf77f ($12.74 in chips)
Seat 4: 1610436e ($10.97 in chips)
Seat 5: 4b1ff221 ($11.16 in chips)
Seat 6: Hero ($11.06 in chips)
1610436e: posts small blind $0.05
4b1ff221: posts big blind $0.1
*** HOLE CARDS ***
Dealt to 13c0b148 
Dealt to cebca84 
Dealt to 19bf77f 
Dealt to 1610436e 
Dealt to 4b1ff221 
Dealt to Hero [2d 6d]
Hero: folds
13c0b148: folds
cebca84: folds
19bf77f: folds
1610436e: folds
Uncalled bet ($0.05) returned to 4b1ff221
*** SHOWDOWN ***
4b1ff221 collected $0.1 from pot
*** SUMMARY ***
Total pot $0.1 | Rake $0 | Jackpot $0 | Bingo $0 | Fortune $0 | Tax $0
Seat 1: 13c0b148 folded before Flop (didn't bet)
Seat 2: cebca84 folded before Flop (didn't bet)
Seat 3: 19bf77f (button) folded before Flop (didn't bet)
Seat 4: 1610436e (small blind) folded before Flop
Seat 5: 4b1ff221 (big blind) collected ($0.1)
Seat 6: Hero folded before Flop (didn't bet)


Poker Hand #HD1754066139: Hold'em No Limit ($0.05/$0.1) - 2024/05/01 12:50:17
Table 'NLHRed24' 6-max Seat #2 is the button
Seat 1: 13c0b148 ($11.42 in chips)
Seat 2: cebca84 ($10.2 in chips)
Seat 3: 19bf77f ($12.79 in chips)
Seat 4: 1610436e ($10.92 in chips)
Seat 6: Hero ($11.06 in chips)
19bf77f: posts small blind $0.05
1610436e: posts big blind $0.1
*** HOLE CARDS ***
Dealt to 13c0b148 
Dealt to cebca84 
Dealt to 19bf77f 
Dealt to 1610436e 
Dealt to Hero [9h 2h]
Hero: folds
13c0b148: folds
cebca84: folds
19bf77f: folds
Uncalled bet ($0.05) returned to 1610436e
*** SHOWDOWN ***
1610436e collected $0.1 from pot
*** SUMMARY ***
Total pot $0.1 | Rake $0 | Jackpot $0 | Bingo $0 | Fortune $0 | Tax $0
Seat 1: 13c0b148 folded before Flop (didn't bet)
Seat 2: cebca84 (button) folded before Flop (didn't bet)
Seat 3: 19bf77f (small blind) folded before Flop
Seat 4: 1610436e (big blind) collected ($0.1)
Seat 6: Hero folded before Flop (didn't bet)


Poker Hand #HD1754066071: Hold'em No Limit ($0.05/$0.1) - 2024/05/01 12:49:44
Table 'NLHRed24' 6-max Seat #1 is the button
Seat 1: 13c0b148 ($11.42 in chips)
Seat 2: cebca84 ($10.25 in chips)
Seat 3: 19bf77f ($12.89 in chips)
Seat 4: 1610436e ($11.17 in chips)
Seat 6: Hero ($10.69 in chips)
cebca84: posts small blind $0.05
19bf77f: posts big blind $0.1
*** HOLE CARDS ***
Dealt to 13c0b148 
Dealt to cebca84 
Dealt to 19bf77f 
Dealt to 1610436e 
Dealt to Hero [Ac Jh]
1610436e: raises $0.15 to $0.25
Hero: raises $0.65 to $0.9
13c0b148: folds
cebca84: folds
19bf77f: folds
1610436e: folds
Uncalled bet ($0.65) returned to Hero
*** SHOWDOWN ***
Hero collected $0.62 from pot
*** SUMMARY ***
Total pot $0.65 | Rake $0.03 | Jackpot $0 | Bingo $0 | Fortune $0 | Tax $0
Seat 1: 13c0b148 (button) folded before Flop (didn't bet)
Seat 2: cebca84 (small blind) folded before Flop
Seat 3: 19bf77f (big blind) folded before Flop
Seat 4: 1610436e folded before Flop
Seat 6: Hero collected ($0.62)


Poker Hand #HD1754066030: Hold'em No Limit ($0.05/$0.1) - 2024/05/01 12:49:23
Table 'NLHRed24' 6-max Seat #6 is the button
Seat 1: 13c0b148 ($11.47 in chips)
Seat 2: cebca84 ($10.35 in chips)
Seat 3: 19bf77f ($12.74 in chips)
Seat 4: 1610436e ($11.17 in chips)
Seat 6: Hero ($10.69 in chips)
13c0b148: posts small blind $0.05
cebca84: posts big blind $0.1
*** HOLE CARDS ***
Dealt to 13c0b148 
Dealt to cebca84 
Dealt to 19bf77f 
Dealt to 1610436e 
Dealt to Hero [Qc Jh]
19bf77f: raises $0.15 to $0.25
1610436e: folds
Hero: folds
13c0b148: folds
cebca84: folds
Uncalled bet ($0.15) returned to 19bf77f
*** SHOWDOWN ***
19bf77f collected $0.25 from pot
*** SUMMARY ***
Total pot $0.25 | Rake $0 | Jackpot $0 | Bingo $0 | Fortune $0 | Tax $0
Seat 1: 13c0b148 (small blind) folded before Flop
Seat 2: cebca84 (big blind) folded before Flop
Seat 3: 19bf77f collected ($0.25)
Seat 4: 1610436e folded before Flop (didn't bet)
Seat 6: Hero (button) folded before Flop (didn't bet)


Poker Hand #HD1754065971: Hold'em No Limit ($0.05/$0.1) - 2024/05/01 12:48:55
Table 'NLHRed24' 6-max Seat #4 is the button
Seat 1: 13c0b148 ($11.42 in chips)
Seat 2: cebca84 ($10.35 in chips)
Seat 3: 19bf77f ($12.74 in chips)
Seat 4: 1610436e ($11.17 in chips)
Seat 6: Hero ($10.74 in chips)
Hero: posts small blind $0.05
13c0b148: posts big blind $0.1
*** HOLE CARDS ***
Dealt to 13c0b148 
Dealt to cebca84 
Dealt to 19bf77f 
Dealt to 1610436e 
Dealt to Hero [5c Qd]
cebca84: folds
19bf77f: folds
1610436e: folds
Hero: folds
Uncalled bet ($0.05) returned to 13c0b148
*** SHOWDOWN ***
13c0b148 collected $0.1 from pot
*** SUMMARY ***
Total pot $0.1 | Rake $0 | Jackpot $0 | Bingo $0 | Fortune $0 | Tax $0
Seat 1: 13c0b148 (big blind) collected ($0.1)
Seat 2: cebca84 folded before Flop (didn't bet)
Seat 3: 19bf77f folded before Flop (didn't bet)
Seat 4: 1610436e (button) folded before Flop (didn't bet)
Seat 6: Hero (small blind) folded before Flop


Poker Hand #HD1754065919: Hold'em No Limit ($0.05/$0.1) - 2024/05/01 12:48:29
Table 'NLHRed24' 6-max Seat #3 is the button
Seat 1: 13c0b148 ($11.65 in chips)
Seat 2: cebca84 ($10 in chips)
Seat 3: 19bf77f ($12.74 in chips)
Seat 4: 1610436e ($11.22 in chips)
Seat 6: Hero ($10.84 in chips)
1610436e: posts small blind $0.05
Hero: posts big blind $0.1
*** HOLE CARDS ***
Dealt to 13c0b148 
Dealt to cebca84 
Dealt to 19bf77f 
Dealt to 1610436e 
Dealt to Hero [Ac 3s]
13c0b148: raises $0.13 to $0.23
cebca84: raises $0.47 to $0.7
19bf77f: folds
1610436e: folds
Hero: folds
13c0b148: folds
Uncalled bet ($0.47) returned to cebca84
*** SHOWDOWN ***
cebca84 collected $0.58 from pot
*** SUMMARY ***
Total pot $0.61 | Rake $0.03 | Jackpot $0 | Bingo $0 | Fortune $0 | Tax $0
Seat 1: 13c0b148 folded before Flop
Seat 2: cebca84 collected ($0.58)
Seat 3: 19bf77f (button) folded before Flop (didn't bet)
Seat 4: 1610436e (small blind) folded before Flop
Seat 6: Hero (big blind) folded before Flop


Poker Hand #HD1754065854: Hold'em No Limit ($0.05/$0.1) - 2024/05/01 12:47:54
Table 'NLHRed24' 6-max Seat #2 is the button
Seat 1: 13c0b148 ($11.9 in chips)
Seat 2: cebca84 ($10 in chips)
Seat 3: 19bf77f ($12.42 in chips)
Seat 4: 1610436e ($11.32 in chips)
Seat 5: 4b1ff221 ($11.16 in chips)
Seat 6: Hero ($10.84 in chips)
19bf77f: posts small blind $0.05
1610436e: posts big blind $0.1
*** HOLE CARDS ***
Dealt to 13c0b148 
Dealt to cebca84 
Dealt to 19bf77f 
Dealt to 1610436e 
Dealt to 4b1ff221 
Dealt to Hero [9h 2h]
4b1ff221: folds
Hero: folds
13c0b148: raises $0.15 to $0.25
cebca84: folds
19bf77f: raises $0.85 to $1.1
1610436e: folds
13c0b148: folds
Uncalled bet ($0.85) returned to 19bf77f
*** SHOWDOWN ***
19bf77f collected $0.57 from pot
*** SUMMARY ***
Total pot $0.6 | Rake $0.03 | Jackpot $0 | Bingo $0 | Fortune $0 | Tax $0
Seat 1: 13c0b148 folded before Flop
Seat 2: cebca84 (button) folded before Flop (didn't bet)
Seat 3: 19bf77f (small blind) collected ($0.57)
Seat 4: 1610436e (big blind) folded before Flop
Seat 5: 4b1ff221 folded before Flop (didn't bet)
Seat 6: Hero folded before Flop (didn't bet)


Poker Hand #HD1754065782: Hold'em No Limit ($0.05/$0.1) - 2024/05/01 12:47:21
Table 'NLHRed24' 6-max Seat #1 is the button
Seat 1: 13c0b148 ($11.9 in chips)
Seat 2: cebca84 ($10 in chips)
Seat 3: 19bf77f ($11.96 in chips)
Seat 4: 1610436e ($11.32 in chips)
Seat 5: 4b1ff221 ($11.56 in chips)
Seat 6: Hero ($10.84 in chips)
cebca84: posts small blind $0.05
19bf77f: posts big blind $0.1
*** HOLE CARDS ***
Dealt to 13c0b148 
Dealt to cebca84 
Dealt to 19bf77f 
Dealt to 1610436e 
Dealt to 4b1ff221 
Dealt to Hero [Qc 8d]
1610436e: folds
4b1ff221: calls $0.1
Hero: folds
13c0b148: folds
cebca84: calls $0.05
19bf77f: raises $0.3 to $0.4
4b1ff221: calls $0.3
cebca84: folds
*** FLOP *** [4h Qd 9s]
19bf77f: bets $0.45
4b1ff221: folds
Uncalled bet ($0.45) returned to 19bf77f
*** SHOWDOWN ***
19bf77f collected $0.86 from pot
*** SUMMARY ***
Total pot $0.9 | Rake $0.04 | Jackpot $0 | Bingo $0 | Fortune $0 | Tax $0
Board [4h Qd 9s]
Seat 1: 13c0b148 (button) folded before Flop (didn't bet)
Seat 2: cebca84 (small blind) folded before Flop
Seat 3: 19bf77f (big blind) won ($0.86)
Seat 4: 1610436e folded before Flop (didn't bet)
Seat 5: 4b1ff221 folded on the Flop
Seat 6: Hero folded before Flop (didn't bet)


Poker Hand #HD1753985610: Hold'em No Limit ($0.05/$0.1) - 2024/05/01 12:45:55
Table 'NLHRed24' 6-max Seat #6 is the button
Seat 1: 13c0b148 ($10 in chips)
Seat 2: cebca84 ($11.06 in chips)
Seat 3: 19bf77f ($11.96 in chips)
Seat 4: 1610436e ($11.32 in chips)
Seat 5: 4b1ff221 ($11.66 in chips)
Seat 6: Hero ($10.84 in chips)
13c0b148: posts small blind $0.05
cebca84: posts big blind $0.1
*** HOLE CARDS ***
Dealt to 13c0b148 
Dealt to cebca84 
Dealt to 19bf77f 
Dealt to 1610436e 
Dealt to 4b1ff221 
Dealt to Hero [3d 5h]
19bf77f: folds
1610436e: folds
4b1ff221: calls $0.1
Hero: folds
13c0b148: raises $0.35 to $0.45
cebca84: calls $0.35
4b1ff221: folds
*** FLOP *** [8d 4d 7s]
13c0b148: bets $0.43
cebca84: calls $0.43
*** TURN *** [8d 4d 7s] [As]
13c0b148: bets $1.23
cebca84: calls $1.23
*** RIVER *** [8d 4d 7s As] [8c]
13c0b148: bets $1.63
cebca84: folds
Uncalled bet ($1.63) returned to 13c0b148
*** SHOWDOWN ***
13c0b148 collected $4.01 from pot
*** SUMMARY ***
Total pot $4.32 | Rake $0.21 | Jackpot $0.1 | Bingo $0 | Fortune $0 | Tax $0
Board [8d 4d 7s As 8c]
Seat 1: 13c0b148 (small blind) won ($4.01)
Seat 2: cebca84 (big blind) folded on the River
Seat 3: 19bf77f folded before Flop (didn't bet)
Seat 4: 1610436e folded before Flop (didn't bet)
Seat 5: 4b1ff221 folded before Flop
Seat 6: Hero (button) folded before Flop (didn't bet)


Poker Hand #HD1753985523: Hold'em No Limit ($0.05/$0.1) - 2024/05/01 12:45:11
Table 'NLHRed24' 6-max Seat #5 is the button
Seat 1: 13c0b148 ($10 in chips)
Seat 2: cebca84 ($10.69 in chips)
Seat 3: 19bf77f ($11.96 in chips)
Seat 4: 1610436e ($11.32 in chips)
Seat 5: 4b1ff221 ($11.91 in chips)
Seat 6: Hero ($10.89 in chips)
Hero: posts small blind $0.05
13c0b148: posts big blind $0.1
*** HOLE CARDS ***
Dealt to 13c0b148 
Dealt to cebca84 
Dealt to 19bf77f 
Dealt to 1610436e 
Dealt to 4b1ff221 
Dealt to Hero [9c 7h]
cebca84: raises $0.15 to $0.25
19bf77f: folds
1610436e: folds
4b1ff221: calls $0.25
Hero: folds
13c0b148: folds
*** FLOP *** [4s Td 4h]
cebca84: checks
4b1ff221: checks
*** TURN *** [4s Td 4h] [3c]
cebca84: checks
4b1ff221: checks
*** RIVER *** [4s Td 4h 3c] [8s]
cebca84: bets $0.1
4b1ff221: folds
Uncalled bet ($0.1) returned to cebca84
*** SHOWDOWN ***
cebca84 collected $0.62 from pot
*** SUMMARY ***
Total pot $0.65 | Rake $0.03 | Jackpot $0 | Bingo $0 | Fortune $0 | Tax $0
Board [4s Td 4h 3c 8s]
Seat 1: 13c0b148 (big blind) folded before Flop
Seat 2: cebca84 won ($0.62)
Seat 3: 19bf77f folded before Flop (didn't bet)
Seat 4: 1610436e folded before Flop (didn't bet)
Seat 5: 4b1ff221 (button) folded on the River
Seat 6: Hero (small blind) folded before Flop


Poker Hand #HD1753985495: Hold'em No Limit ($0.05/$0.1) - 2024/05/01 12:45:00
Table 'NLHRed24' 6-max Seat #4 is the button
Seat 2: cebca84 ($10.69 in chips)
Seat 3: 19bf77f ($11.96 in chips)
Seat 4: 1610436e ($11.32 in chips)
Seat 5: 4b1ff221 ($11.81 in chips)
Seat 6: Hero ($10.99 in chips)
4b1ff221: posts small blind $0.05
Hero: posts big blind $0.1
*** HOLE CARDS ***
Dealt to cebca84 
Dealt to 19bf77f 
Dealt to 1610436e 
Dealt to 4b1ff221 
Dealt to Hero [Kc 4d]
cebca84: folds
19bf77f: folds
1610436e: folds
4b1ff221: raises $0.1 to $0.2
Hero: folds
Uncalled bet ($0.1) returned to 4b1ff221
*** SHOWDOWN ***
4b1ff221 collected $0.2 from pot
*** SUMMARY ***
Total pot $0.2 | Rake $0 | Jackpot $0 | Bingo $0 | Fortune $0 | Tax $0
Seat 2: cebca84 folded before Flop (didn't bet)
Seat 3: 19bf77f folded before Flop (didn't bet)
Seat 4: 1610436e (button) folded before Flop (didn't bet)
Seat 5: 4b1ff221 (small blind) collected ($0.2)
Seat 6: Hero (big blind) folded before Flop


Poker Hand #HD1753985411: Hold'em No Limit ($0.05/$0.1) - 2024/05/01 12:44:19
Table 'NLHRed24' 6-max Seat #3 is the button
Seat 2: cebca84 ($10.69 in chips)
Seat 3: 19bf77f ($11.54 in chips)
Seat 4: 1610436e ($11.37 in chips)
Seat 5: 4b1ff221 ($12.01 in chips)
Seat 6: Hero ($11.19 in chips)
1610436e: posts small blind $0.05
4b1ff221: posts big blind $0.1
*** HOLE CARDS ***
Dealt to cebca84 
Dealt to 19bf77f 
Dealt to 1610436e 
Dealt to 4b1ff221 
Dealt to Hero [Js Kh]
Hero: raises $0.1 to $0.2
cebca84: folds
19bf77f: calls $0.2
1610436e: folds
4b1ff221: calls $0.1
*** FLOP *** [3d 2s 9s]
4b1ff221: checks
Hero: checks
19bf77f: bets $0.43
4b1ff221: folds
Hero: folds
Uncalled bet ($0.43) returned to 19bf77f
*** SHOWDOWN ***
19bf77f collected $0.62 from pot
*** SUMMARY ***
Total pot $0.65 | Rake $0.03 | Jackpot $0 | Bingo $0 | Fortune $0 | Tax $0
Board [3d 2s 9s]
Seat 2: cebca84 folded before Flop (didn't bet)
Seat 3: 19bf77f (button) won ($0.62)
Seat 4: 1610436e (small blind) folded before Flop
Seat 5: 4b1ff221 (big blind) folded on the Flop
Seat 6: Hero folded on the Flop


Poker Hand #HD1753985313: Hold'em No Limit ($0.05/$0.1) - 2024/05/01 12:43:26
Table 'NLHRed24' 6-max Seat #2 is the button
Seat 1: ec9bc721 ($14.14 in chips)
Seat 2: cebca84 ($10.09 in chips)
Seat 3: 19bf77f ($11.59 in chips)
Seat 4: 1610436e ($11.47 in chips)
Seat 5: 4b1ff221 ($12.51 in chips)
Seat 6: Hero ($11.19 in chips)
19bf77f: posts small blind $0.05
1610436e: posts big blind $0.1
*** HOLE CARDS ***
Dealt to ec9bc721 
Dealt to cebca84 
Dealt to 19bf77f 
Dealt to 1610436e 
Dealt to 4b1ff221 
Dealt to Hero [4d Qh]
4b1ff221: calls $0.1
Hero: folds
ec9bc721: folds
cebca84: raises $0.4 to $0.5
19bf77f: folds
1610436e: folds
4b1ff221: calls $0.4
*** FLOP *** [7h 7c 3c]
4b1ff221: checks
cebca84: bets $0.4
4b1ff221: folds
Uncalled bet ($0.4) returned to cebca84
*** SHOWDOWN ***
cebca84 collected $1.1 from pot
*** SUMMARY ***
Total pot $1.15 | Rake $0.05 | Jackpot $0 | Bingo $0 | Fortune $0 | Tax $0
Board [7h 7c 3c]
Seat 1: ec9bc721 folded before Flop (didn't bet)
Seat 2: cebca84 (button) won ($1.1)
Seat 3: 19bf77f (small blind) folded before Flop
Seat 4: 1610436e (big blind) folded before Flop
Seat 5: 4b1ff221 folded on the Flop
Seat 6: Hero folded before Flop (didn't bet)


Poker Hand #HD1753985223: Hold'em No Limit ($0.05/$0.1) - 2024/05/01 12:42:43
Table 'NLHRed24' 6-max Seat #1 is the button
Seat 1: ec9bc721 ($13.73 in chips)
Seat 2: cebca84 ($10.14 in chips)
Seat 3: 19bf77f ($11.69 in chips)
Seat 4: 1610436e ($11.47 in chips)
Seat 5: 4b1ff221 ($12.81 in chips)
Seat 6: Hero ($11.19 in chips)
cebca84: posts small blind $0.05
19bf77f: posts big blind $0.1
*** HOLE CARDS ***
Dealt to ec9bc721 
Dealt to cebca84 
Dealt to 19bf77f 
Dealt to 1610436e 
Dealt to 4b1ff221 
Dealt to Hero [Ac 9d]
1610436e: folds
4b1ff221: calls $0.1
Hero: folds
ec9bc721: raises $0.2 to $0.3
cebca84: folds
19bf77f: folds
4b1ff221: calls $0.2
*** FLOP *** [Jh 4d 9c]
4b1ff221: checks
ec9bc721: bets $0.25
4b1ff221: folds
Uncalled bet ($0.25) returned to ec9bc721
*** SHOWDOWN ***
ec9bc721 collected $0.71 from pot
*** SUMMARY ***
Total pot $0.75 | Rake $0.04 | Jackpot $0 | Bingo $0 | Fortune $0 | Tax $0
Board [Jh 4d 9c]
Seat 1: ec9bc721 (button) won ($0.71)
Seat 2: cebca84 (small blind) folded before Flop
Seat 3: 19bf77f (big blind) folded before Flop
Seat 4: 1610436e folded before Flop (didn't bet)
Seat 5: 4b1ff221 folded on the Flop
Seat 6: Hero folded before Flop (didn't bet)


Poker Hand #HD1753985102: Hold'em No Limit ($0.05/$0.1) - 2024/05/01 12:41:39
Table 'NLHRed24' 6-max Seat #6 is the button
Seat 1: ec9bc721 ($13.78 in chips)
Seat 2: cebca84 ($10 in chips)
Seat 3: 19bf77f ($11.69 in chips)
Seat 4: 1610436e ($11.47 in chips)
Seat 5: 4b1ff221 ($12.91 in chips)
Seat 6: Hero ($11.19 in chips)
ec9bc721: posts small blind $0.05
cebca84: posts big blind $0.1
*** HOLE CARDS ***
Dealt to ec9bc721 
Dealt to cebca84 
Dealt to 19bf77f 
Dealt to 1610436e 
Dealt to 4b1ff221 
Dealt to Hero [2d 4s]
19bf77f: folds
1610436e: folds
4b1ff221: calls $0.1
Hero: folds
ec9bc721: folds
cebca84: checks
*** FLOP *** [7s Jd Jc]
cebca84: checks
4b1ff221: checks
*** TURN *** [7s Jd Jc] [Qs]
cebca84: checks
4b1ff221: checks
*** RIVER *** [7s Jd Jc Qs] [5s]
cebca84: checks
4b1ff221: checks
cebca84: shows [5d Ts] (Pair of Jacks and Pair of Fives)
4b1ff221: shows [8s Ac] (Pair of Jacks)
*** SHOWDOWN ***
cebca84 collected $0.24 from pot
*** SUMMARY ***
Total pot $0.25 | Rake $0.01 | Jackpot $0 | Bingo $0 | Fortune $0 | Tax $0
Board [7s Jd Jc Qs 5s]
Seat 1: ec9bc721 (small blind) folded before Flop
Seat 2: cebca84 (big blind) showed [5d Ts] and won ($0.24) with Pair of Jacks and Pair of Fives
Seat 3: 19bf77f folded before Flop (didn't bet)
Seat 4: 1610436e folded before Flop (didn't bet)
Seat 5: 4b1ff221 showed [8s Ac] and lost with Pair of Jacks
Seat 6: Hero (button) folded before Flop (didn't bet)


Poker Hand #HD1753985066: Hold'em No Limit ($0.05/$0.1) - 2024/05/01 12:41:16
Table 'NLHRed24' 6-max Seat #5 is the button
Seat 1: ec9bc721 ($13.88 in chips)
Seat 2: cebca84 ($10 in chips)
Seat 3: 19bf77f ($11.69 in chips)
Seat 4: 1610436e ($11.47 in chips)
Seat 5: 4b1ff221 ($12.77 in chips)
Seat 6: Hero ($11.24 in chips)
Hero: posts small blind $0.05
ec9bc721: posts big blind $0.1
*** HOLE CARDS ***
Dealt to ec9bc721 
Dealt to cebca84 
Dealt to 19bf77f 
Dealt to 1610436e 
Dealt to 4b1ff221 
Dealt to Hero [4s 4d]
cebca84: folds
19bf77f: folds
1610436e: folds
4b1ff221: calls $0.1
Hero: folds
ec9bc721: checks
*** FLOP *** [Ah 3h Th]
ec9bc721: checks
4b1ff221: bets $0.25
ec9bc721: folds
Uncalled bet ($0.25) returned to 4b1ff221
*** SHOWDOWN ***
4b1ff221 collected $0.24 from pot
*** SUMMARY ***
Total pot $0.25 | Rake $0.01 | Jackpot $0 | Bingo $0 | Fortune $0 | Tax $0
Board [Ah 3h Th]
Seat 1: ec9bc721 (big blind) folded on the Flop
Seat 2: cebca84 folded before Flop (didn't bet)
Seat 3: 19bf77f folded before Flop (didn't bet)
Seat 4: 1610436e folded before Flop (didn't bet)
Seat 5: 4b1ff221 (button) won ($0.24)
Seat 6: Hero (small blind) folded before Flop


Poker Hand #HD1753984919: Hold'em No Limit ($0.05/$0.1) - 2024/05/01 12:40:06
Table 'NLHRed24' 6-max Seat #4 is the button
Seat 1: ec9bc721 ($13.88 in chips)
Seat 2: cebca84 ($10 in chips)
Seat 3: 19bf77f ($11.69 in chips)
Seat 4: 1610436e ($11.47 in chips)
Seat 5: 4b1ff221 ($12.87 in chips)
Seat 6: Hero ($11.15 in chips)
4b1ff221: posts small blind $0.05
Hero: posts big blind $0.1
*** HOLE CARDS ***
Dealt to ec9bc721 
Dealt to cebca84 
Dealt to 19bf77f 
Dealt to 1610436e 
Dealt to 4b1ff221 
Dealt to Hero [Td 4s]
ec9bc721: folds
cebca84: folds
19bf77f: folds
1610436e: folds
4b1ff221: calls $0.05
Hero: checks
*** FLOP *** [Qh 2d 2c]
4b1ff221: checks
Hero: checks
*** TURN *** [Qh 2d 2c] [9h]
4b1ff221: checks
Hero: checks
*** RIVER *** [Qh 2d 2c 9h] [Kc]
4b1ff221: checks
Hero: bets $0.14
4b1ff221: folds
Uncalled bet ($0.14) returned to Hero
*** SHOWDOWN ***
Hero collected $0.19 from pot
*** SUMMARY ***
Total pot $0.2 | Rake $0.01 | Jackpot $0 | Bingo $0 | Fortune $0 | Tax $0
Board [Qh 2d 2c 9h Kc]
Seat 1: ec9bc721 folded before Flop (didn't bet)
Seat 2: cebca84 folded before Flop (didn't bet)
Seat 3: 19bf77f folded before Flop (didn't bet)
Seat 4: 1610436e (button) folded before Flop (didn't bet)
Seat 5: 4b1ff221 (small blind) folded on the River
Seat 6: Hero (big blind) won ($0.19)


Poker Hand #HD1753984878: Hold'em No Limit ($0.05/$0.1) - 2024/05/01 12:39:49
Table 'NLHRed24' 6-max Seat #3 is the button
Seat 1: ec9bc721 ($13.88 in chips)
Seat 2: cebca84 ($10 in chips)
Seat 3: 19bf77f ($11.69 in chips)
Seat 4: 1610436e ($11.52 in chips)
Seat 5: 4b1ff221 ($12.82 in chips)
Seat 6: Hero ($11.15 in chips)
1610436e: posts small blind $0.05
4b1ff221: posts big blind $0.1
*** HOLE CARDS ***
Dealt to ec9bc721 
Dealt to cebca84 
Dealt to 19bf77f 
Dealt to 1610436e 
Dealt to 4b1ff221 
Dealt to Hero [3c 2d]
Hero: folds
ec9bc721: folds
cebca84: folds
19bf77f: folds
1610436e: folds
Uncalled bet ($0.05) returned to 4b1ff221
*** SHOWDOWN ***
4b1ff221 collected $0.1 from pot
*** SUMMARY ***
Total pot $0.1 | Rake $0 | Jackpot $0 | Bingo $0 | Fortune $0 | Tax $0
Seat 1: ec9bc721 folded before Flop (didn't bet)
Seat 2: cebca84 folded before Flop (didn't bet)
Seat 3: 19bf77f (button) folded before Flop (didn't bet)
Seat 4: 1610436e (small blind) folded before Flop
Seat 5: 4b1ff221 (big blind) collected ($0.1)
Seat 6: Hero folded before Flop (didn't bet)


Poker Hand #HD1753984783: Hold'em No Limit ($0.05/$0.1) - 2024/05/01 12:39:05
Table 'NLHRed24' 6-max Seat #2 is the button
Seat 1: ec9bc721 ($13.88 in chips)
Seat 2: cebca84 ($10 in chips)
Seat 3: 19bf77f ($11.74 in chips)
Seat 4: 1610436e ($11.29 in chips)
Seat 5: 4b1ff221 ($13.02 in chips)
Seat 6: Hero ($11.15 in chips)
19bf77f: posts small blind $0.05
1610436e: posts big blind $0.1
*** HOLE CARDS ***
Dealt to ec9bc721 
Dealt to cebca84 
Dealt to 19bf77f 
Dealt to 1610436e 
Dealt to 4b1ff221 
Dealt to Hero [Jc 8h]
4b1ff221: calls $0.1
Hero: folds
ec9bc721: folds
cebca84: folds
19bf77f: folds
1610436e: checks
*** FLOP *** [Qs 7s Kh]
1610436e: checks
4b1ff221: checks
*** TURN *** [Qs 7s Kh] [4c]
1610436e: bets $0.1
4b1ff221: calls $0.1
*** RIVER *** [Qs 7s Kh 4c] [9s]
1610436e: checks
4b1ff221: checks
1610436e: shows [7c Js] (Pair of Sevens)
4b1ff221: shows [6d 6h] (Pair of Sixes)
*** SHOWDOWN ***
1610436e collected $0.43 from pot
*** SUMMARY ***
Total pot $0.45 | Rake $0.02 | Jackpot $0 | Bingo $0 | Fortune $0 | Tax $0
Board [Qs 7s Kh 4c 9s]
Seat 1: ec9bc721 folded before Flop (didn't bet)
Seat 2: cebca84 (button) folded before Flop (didn't bet)
Seat 3: 19bf77f (small blind) folded before Flop
Seat 4: 1610436e (big blind) showed [7c Js] and won ($0.43) with Pair of Sevens
Seat 5: 4b1ff221 showed [6d 6h] and lost with Pair of Sixes
Seat 6: Hero folded before Flop (didn't bet)


Poker Hand #HD1753984657: Hold'em No Limit ($0.05/$0.1) - 2024/05/01 12:38:12
Table 'NLHRed24' 6-max Seat #1 is the button
Seat 1: ec9bc721 ($13.88 in chips)
Seat 2: cebca84 ($10 in chips)
Seat 3: 19bf77f ($12.14 in chips)
Seat 4: 1610436e ($11.29 in chips)
Seat 5: 4b1ff221 ($13.42 in chips)
Seat 6: Hero ($10.36 in chips)
cebca84: posts small blind $0.05
19bf77f: posts big blind $0.1
*** HOLE CARDS ***
Dealt to ec9bc721 
Dealt to cebca84 
Dealt to 19bf77f 
Dealt to 1610436e 
Dealt to 4b1ff221 
Dealt to Hero [Ts Kc]
1610436e: folds
4b1ff221: calls $0.1
Hero: raises $0.3 to $0.4
ec9bc721: folds
cebca84: folds
19bf77f: calls $0.3
4b1ff221: calls $0.3
*** FLOP *** [Jh 6d 8d]
19bf77f: checks
4b1ff221: checks
Hero: bets $0.42
19bf77f: folds
4b1ff221: folds
Uncalled bet ($0.42) returned to Hero
*** SHOWDOWN ***
Hero collected $1.19 from pot
*** SUMMARY ***
Total pot $1.25 | Rake $0.06 | Jackpot $0 | Bingo $0 | Fortune $0 | Tax $0
Board [Jh 6d 8d]
Seat 1: ec9bc721 (button) folded before Flop (didn't bet)
Seat 2: cebca84 (small blind) folded before Flop
Seat 3: 19bf77f (big blind) folded on the Flop
Seat 4: 1610436e folded before Flop (didn't bet)
Seat 5: 4b1ff221 folded on the Flop
Seat 6: Hero won ($1.19)


Poker Hand #HD1753984534: Hold'em No Limit ($0.05/$0.1) - 2024/05/01 12:37:16
Table 'NLHRed24' 6-max Seat #6 is the button
Seat 1: ec9bc721 ($13.93 in chips)
Seat 2: cebca84 ($10 in chips)
Seat 3: 19bf77f ($12.14 in chips)
Seat 4: 1610436e ($10.92 in chips)
Seat 5: 4b1ff221 ($13.67 in chips)
Seat 6: Hero ($10.36 in chips)
ec9bc721: posts small blind $0.05
cebca84: posts big blind $0.1
*** HOLE CARDS ***
Dealt to ec9bc721 
Dealt to cebca84 
Dealt to 19bf77f 
Dealt to 1610436e 
Dealt to 4b1ff221 
Dealt to Hero [7h Ts]
19bf77f: folds
1610436e: raises $0.15 to $0.25
4b1ff221: calls $0.25
Hero: folds
ec9bc721: folds
cebca84: folds
*** FLOP *** [5c 8c 5h]
1610436e: checks
4b1ff221: checks
*** TURN *** [5c 8c 5h] [7c]
1610436e: bets $0.2
4b1ff221: folds
Uncalled bet ($0.2) returned to 1610436e
*** SHOWDOWN ***
1610436e collected $0.62 from pot
*** SUMMARY ***
Total pot $0.65 | Rake $0.03 | Jackpot $0 | Bingo $0 | Fortune $0 | Tax $0
Board [5c 8c 5h 7c]
Seat 1: ec9bc721 (small blind) folded before Flop
Seat 2: cebca84 (big blind) folded before Flop
Seat 3: 19bf77f folded before Flop (didn't bet)
Seat 4: 1610436e won ($0.62)
Seat 5: 4b1ff221 folded on the Turn
Seat 6: Hero (button) folded before Flop (didn't bet)


Poker Hand #HD1753984429: Hold'em No Limit ($0.05/$0.1) - 2024/05/01 12:36:26
Table 'NLHRed24' 6-max Seat #5 is the button
Seat 1: ec9bc721 ($14.03 in chips)
Seat 2: cebca84 ($10 in chips)
Seat 3: 19bf77f ($12.14 in chips)
Seat 4: 1610436e ($10.92 in chips)
Seat 5: 4b1ff221 ($13.53 in chips)
Seat 6: Hero ($10.41 in chips)
Hero: posts small blind $0.05
ec9bc721: posts big blind $0.1
*** HOLE CARDS ***
Dealt to ec9bc721 
Dealt to cebca84 
Dealt to 19bf77f 
Dealt to 1610436e 
Dealt to 4b1ff221 
Dealt to Hero [Ks 7h]
cebca84: folds
19bf77f: folds
1610436e: folds
4b1ff221: calls $0.1
Hero: folds
ec9bc721: checks
*** FLOP *** [8s Jd 3c]
ec9bc721: checks
4b1ff221: checks
*** TURN *** [8s Jd 3c] [9d]
ec9bc721: checks
4b1ff221: checks
*** RIVER *** [8s Jd 3c 9d] [9c]
ec9bc721: checks
4b1ff221: checks
ec9bc721: shows [4c 5d] (Pair of Nines)
4b1ff221: shows [Kd 5c] (Pair of Nines)
*** SHOWDOWN ***
4b1ff221 collected $0.24 from pot
*** SUMMARY ***
Total pot $0.25 | Rake $0.01 | Jackpot $0 | Bingo $0 | Fortune $0 | Tax $0
Board [8s Jd 3c 9d 9c]
Seat 1: ec9bc721 (big blind) showed [4c 5d] and lost with Pair of Nines
Seat 2: cebca84 folded before Flop (didn't bet)
Seat 3: 19bf77f folded before Flop (didn't bet)
Seat 4: 1610436e folded before Flop (didn't bet)
Seat 5: 4b1ff221 (button) showed [Kd 5c] and won ($0.24) with Pair of Nines
Seat 6: Hero (small blind) folded before Flop


Poker Hand #HD1753984346: Hold'em No Limit ($0.05/$0.1) - 2024/05/01 12:35:44
Table 'NLHRed24' 6-max Seat #4 is the button
Seat 1: ec9bc721 ($14.03 in chips)
Seat 2: cebca84 ($10 in chips)
Seat 3: 19bf77f ($12.14 in chips)
Seat 4: 1610436e ($10.92 in chips)
Seat 5: 4b1ff221 ($13.63 in chips)
Seat 6: Hero ($10.32 in chips)
4b1ff221: posts small blind $0.05
Hero: posts big blind $0.1
*** HOLE CARDS ***
Dealt to ec9bc721 
Dealt to cebca84 
Dealt to 19bf77f 
Dealt to 1610436e 
Dealt to 4b1ff221 
Dealt to Hero [Ts 8c]
ec9bc721: folds
cebca84: folds
19bf77f: folds
1610436e: folds
4b1ff221: calls $0.05
Hero: checks
*** FLOP *** [3s 7c Ac]
4b1ff221: checks
Hero: checks
*** TURN *** [3s 7c Ac] [5h]
4b1ff221: checks
Hero: bets $0.1
4b1ff221: folds
Uncalled bet ($0.1) returned to Hero
*** SHOWDOWN ***
Hero collected $0.19 from pot
*** SUMMARY ***
Total pot $0.2 | Rake $0.01 | Jackpot $0 | Bingo $0 | Fortune $0 | Tax $0
Board [3s 7c Ac 5h]
Seat 1: ec9bc721 folded before Flop (didn't bet)
Seat 2: cebca84 folded before Flop (didn't bet)
Seat 3: 19bf77f folded before Flop (didn't bet)
Seat 4: 1610436e (button) folded before Flop (didn't bet)
Seat 5: 4b1ff221 (small blind) folded on the Turn
Seat 6: Hero (big blind) won ($0.19)


Poker Hand #HD1753984263: Hold'em No Limit ($0.05/$0.1) - 2024/05/01 12:35:03
Table 'NLHRed24' 6-max Seat #3 is the button
Seat 1: ec9bc721 ($14.03 in chips)
Seat 2: cebca84 ($10 in chips)
Seat 3: 19bf77f ($12.14 in chips)
Seat 4: 1610436e ($10.82 in chips)
Seat 5: 4b1ff221 ($13.73 in chips)
Seat 6: Hero ($10.32 in chips)
1610436e: posts small blind $0.05
4b1ff221: posts big blind $0.1
*** HOLE CARDS ***
Dealt to ec9bc721 
Dealt to cebca84 
Dealt to 19bf77f 
Dealt to 1610436e 
Dealt to 4b1ff221 
Dealt to Hero [Jc 4c]
Hero: folds
ec9bc721: folds
cebca84: folds
19bf77f: folds
1610436e: raises $0.2 to $0.3
4b1ff221: folds
Uncalled bet ($0.2) returned to 1610436e
*** SHOWDOWN ***
1610436e collected $0.2 from pot
*** SUMMARY ***
Total pot $0.2 | Rake $0 | Jackpot $0 | Bingo $0 | Fortune $0 | Tax $0
Seat 1: ec9bc721 folded before Flop (didn't bet)
Seat 2: cebca84 folded before Flop (didn't bet)
Seat 3: 19bf77f (button) folded before Flop (didn't bet)
Seat 4: 1610436e (small blind) collected ($0.2)
Seat 5: 4b1ff221 (big blind) folded before Flop
Seat 6: Hero folded before Flop (didn't bet)


Poker Hand #HD1753984018: Hold'em No Limit ($0.05/$0.1) - 2024/05/01 12:33:16
Table 'NLHRed24' 6-max Seat #2 is the button
Seat 1: ec9bc721 ($14.03 in chips)
Seat 2: cebca84 ($11.17 in chips)
Seat 3: 19bf77f ($10.11 in chips)
Seat 4: 1610436e ($10.92 in chips)
Seat 6: Hero ($10.32 in chips)
19bf77f: posts small blind $0.05
1610436e: posts big blind $0.1
*** HOLE CARDS ***
Dealt to ec9bc721 
Dealt to cebca84 
Dealt to 19bf77f 
Dealt to 1610436e 
Dealt to Hero [Tc Jd]
Hero: folds
ec9bc721: folds
cebca84: raises $0.15 to $0.25
19bf77f: raises $0.85 to $1.1
1610436e: folds
cebca84: calls $0.85
*** FLOP *** [Jc 8s Td]
19bf77f: bets $1.15
cebca84: calls $1.15
*** TURN *** [Jc 8s Td] [Jh]
19bf77f: bets $3.15
cebca84: folds
Uncalled bet ($3.15) returned to 19bf77f
*** SHOWDOWN ***
19bf77f collected $4.28 from pot
*** SUMMARY ***
Total pot $4.6 | Rake $0.22 | Jackpot $0.1 | Bingo $0 | Fortune $0 | Tax $0
Board [Jc 8s Td Jh]
Seat 1: ec9bc721 folded before Flop (didn't bet)
Seat 2: cebca84 (button) folded on the Turn
Seat 3: 19bf77f (small blind) won ($4.28)
Seat 4: 1610436e (big blind) folded before Flop
Seat 6: Hero folded before Flop (didn't bet)


Poker Hand #HD1753983976: Hold'em No Limit ($0.05/$0.1) - 2024/05/01 12:32:54
Table 'NLHRed24' 6-max Seat #1 is the button
Seat 1: ec9bc721 ($14.03 in chips)
Seat 2: cebca84 ($11.22 in chips)
Seat 3: 19bf77f ($10.06 in chips)
Seat 4: 1610436e ($10.92 in chips)
Seat 5: 4b1ff221 ($13.73 in chips)
Seat 6: Hero ($10.32 in chips)
cebca84: posts small blind $0.05
19bf77f: posts big blind $0.1
*** HOLE CARDS ***
Dealt to ec9bc721 
Dealt to cebca84 
Dealt to 19bf77f 
Dealt to 1610436e 
Dealt to 4b1ff221 
Dealt to Hero [7h 5h]
1610436e: folds
4b1ff221: folds
Hero: folds
ec9bc721: folds
cebca84: folds
Uncalled bet ($0.05) returned to 19bf77f
*** SHOWDOWN ***
19bf77f collected $0.1 from pot
*** SUMMARY ***
Total pot $0.1 | Rake $0 | Jackpot $0 | Bingo $0 | Fortune $0 | Tax $0
Seat 1: ec9bc721 (button) folded before Flop (didn't bet)
Seat 2: cebca84 (small blind) folded before Flop
Seat 3: 19bf77f (big blind) collected ($0.1)
Seat 4: 1610436e folded before Flop (didn't bet)
Seat 5: 4b1ff221 folded before Flop (didn't bet)
Seat 6: Hero folded before Flop (didn't bet)


Poker Hand #HD1753983814: Hold'em No Limit ($0.05/$0.1) - 2024/05/01 12:31:36
Table 'NLHRed24' 6-max Seat #6 is the button
Seat 1: ec9bc721 ($15.38 in chips)
Seat 2: cebca84 ($10 in chips)
Seat 3: 19bf77f ($10.06 in chips)
Seat 4: 1610436e ($10.92 in chips)
Seat 5: 4b1ff221 ($13.73 in chips)
Seat 6: Hero ($10.32 in chips)
ec9bc721: posts small blind $0.05
cebca84: posts big blind $0.1
*** HOLE CARDS ***
Dealt to ec9bc721 
Dealt to cebca84 
Dealt to 19bf77f 
Dealt to 1610436e 
Dealt to 4b1ff221 
Dealt to Hero [2s 5h]
19bf77f: folds
1610436e: folds
4b1ff221: folds
Hero: folds
ec9bc721: raises $0.15 to $0.25
cebca84: raises $0.55 to $0.8
ec9bc721: calls $0.55
*** FLOP *** [5c Js 6s]
ec9bc721: checks
cebca84: bets $0.55
ec9bc721: calls $0.55
*** TURN *** [5c Js 6s] [Kd]
ec9bc721: checks
cebca84: checks
*** RIVER *** [5c Js 6s Kd] [Ah]
ec9bc721: checks
cebca84: checks
ec9bc721: shows [4d 6d] (Pair of Sixes)
cebca84: shows [9d 9s] (Pair of Nines)
*** SHOWDOWN ***
cebca84 collected $2.57 from pot
*** SUMMARY ***
Total pot $2.7 | Rake $0.13 | Jackpot $0 | Bingo $0 | Fortune $0 | Tax $0
Board [5c Js 6s Kd Ah]
Seat 1: ec9bc721 (small blind) showed [4d 6d] and lost with Pair of Sixes
Seat 2: cebca84 (big blind) showed [9d 9s] and won ($2.57) with Pair of Nines
Seat 3: 19bf77f folded before Flop (didn't bet)
Seat 4: 1610436e folded before Flop (didn't bet)
Seat 5: 4b1ff221 folded before Flop (didn't bet)
Seat 6: Hero (button) folded before Flop (didn't bet)


Poker Hand #HD1753983644: Hold'em No Limit ($0.05/$0.1) - 2024/05/01 12:30:25
Table 'NLHRed24' 6-max Seat #5 is the button
Seat 1: ec9bc721 ($15.48 in chips)
Seat 2: cebca84 ($10 in chips)
Seat 3: 19bf77f ($10.06 in chips)
Seat 4: 1610436e ($10.55 in chips)
Seat 5: 4b1ff221 ($13.98 in chips)
Seat 6: Hero ($10.37 in chips)
Hero: posts small blind $0.05
ec9bc721: posts big blind $0.1
*** HOLE CARDS ***
Dealt to ec9bc721 
Dealt to cebca84 
Dealt to 19bf77f 
Dealt to 1610436e 
Dealt to 4b1ff221 
Dealt to Hero [8h Jd]
cebca84: folds
19bf77f: folds
1610436e: raises $0.15 to $0.25
4b1ff221: calls $0.25
Hero: folds
ec9bc721: folds
*** FLOP *** [2d 9d 6d]
1610436e: checks
4b1ff221: checks
*** TURN *** [2d 9d 6d] [8s]
1610436e: checks
4b1ff221: checks
*** RIVER *** [2d 9d 6d 8s] [9c]
1610436e: checks
4b1ff221: checks
1610436e: shows [As Kh] (Pair of Nines)
4b1ff221: shows [Qd Th] (Pair of Nines)
*** SHOWDOWN ***
1610436e collected $0.62 from pot
*** SUMMARY ***
Total pot $0.65 | Rake $0.03 | Jackpot $0 | Bingo $0 | Fortune $0 | Tax $0
Board [2d 9d 6d 8s 9c]
Seat 1: ec9bc721 (big blind) folded before Flop
Seat 2: cebca84 folded before Flop (didn't bet)
Seat 3: 19bf77f folded before Flop (didn't bet)
Seat 4: 1610436e showed [As Kh] and won ($0.62) with Pair of Nines
Seat 5: 4b1ff221 (button) showed [Qd Th] and lost with Pair of Nines
Seat 6: Hero (small blind) folded before Flop


Poker Hand #HD1753983587: Hold'em No Limit ($0.05/$0.1) - 2024/05/01 12:29:59
Table 'NLHRed24' 6-max Seat #4 is the button
Seat 1: ec9bc721 ($15.48 in chips)
Seat 2: cebca84 ($10 in chips)
Seat 3: 19bf77f ($10.06 in chips)
Seat 4: 1610436e ($10.55 in chips)
Seat 5: 4b1ff221 ($14.08 in chips)
Seat 6: Hero ($10.28 in chips)
4b1ff221: posts small blind $0.05
Hero: posts big blind $0.1
*** HOLE CARDS ***
Dealt to ec9bc721 
Dealt to cebca84 
Dealt to 19bf77f 
Dealt to 1610436e 
Dealt to 4b1ff221 
Dealt to Hero [5h Jh]
ec9bc721: folds
cebca84: folds
19bf77f: folds
1610436e: folds
4b1ff221: calls $0.05
Hero: checks
*** FLOP *** [5c Ad 7s]
4b1ff221: checks
Hero: checks
*** TURN *** [5c Ad 7s] [5s]
4b1ff221: checks
Hero: bets $0.1
4b1ff221: folds
Uncalled bet ($0.1) returned to Hero
*** SHOWDOWN ***
Hero collected $0.19 from pot
*** SUMMARY ***
Total pot $0.2 | Rake $0.01 | Jackpot $0 | Bingo $0 | Fortune $0 | Tax $0
Board [5c Ad 7s 5s]
Seat 1: ec9bc721 folded before Flop (didn't bet)
Seat 2: cebca84 folded before Flop (didn't bet)
Seat 3: 19bf77f folded before Flop (didn't bet)
Seat 4: 1610436e (button) folded before Flop (didn't bet)
Seat 5: 4b1ff221 (small blind) folded on the Turn
Seat 6: Hero (big blind) won ($0.19)


Poker Hand #HD1753983552: Hold'em No Limit ($0.05/$0.1) - 2024/05/01 12:29:41
Table 'NLHRed24' 6-max Seat #3 is the button
Seat 1: ec9bc721 ($15.48 in chips)
Seat 2: cebca84 ($10 in chips)
Seat 3: 19bf77f ($10.06 in chips)
Seat 4: 1610436e ($10.6 in chips)
Seat 5: 4b1ff221 ($14.03 in chips)
Seat 6: Hero ($10.28 in chips)
1610436e: posts small blind $0.05
4b1ff221: posts big blind $0.1
*** HOLE CARDS ***
Dealt to ec9bc721 
Dealt to cebca84 
Dealt to 19bf77f 
Dealt to 1610436e 
Dealt to 4b1ff221 
Dealt to Hero [3h 7c]
Hero: folds
ec9bc721: folds
cebca84: folds
19bf77f: folds
1610436e: folds
Uncalled bet ($0.05) returned to 4b1ff221
*** SHOWDOWN ***
4b1ff221 collected $0.1 from pot
*** SUMMARY ***
Total pot $0.1 | Rake $0 | Jackpot $0 | Bingo $0 | Fortune $0 | Tax $0
Seat 1: ec9bc721 folded before Flop (didn't bet)
Seat 2: cebca84 folded before Flop (didn't bet)
Seat 3: 19bf77f (button) folded before Flop (didn't bet)
Seat 4: 1610436e (small blind) folded before Flop
Seat 5: 4b1ff221 (big blind) collected ($0.1)
Seat 6: Hero folded before Flop (didn't bet)


Poker Hand #HD1753983501: Hold'em No Limit ($0.05/$0.1) - 2024/05/01 12:29:19
Table 'NLHRed24' 6-max Seat #2 is the button
Seat 1: ec9bc721 ($15.48 in chips)
Seat 2: cebca84 ($10 in chips)
Seat 3: 19bf77f ($10.11 in chips)
Seat 4: 1610436e ($10.7 in chips)
Seat 5: 4b1ff221 ($14.03 in chips)
Seat 6: Hero ($10.13 in chips)
19bf77f: posts small blind $0.05
1610436e: posts big blind $0.1
*** HOLE CARDS ***
Dealt to ec9bc721 
Dealt to cebca84 
Dealt to 19bf77f 
Dealt to 1610436e 
Dealt to 4b1ff221 
Dealt to Hero [Th Ac]
4b1ff221: folds
Hero: raises $0.1 to $0.2
ec9bc721: folds
cebca84: folds
19bf77f: folds
1610436e: folds
Uncalled bet ($0.1) returned to Hero
*** SHOWDOWN ***
Hero collected $0.25 from pot
*** SUMMARY ***
Total pot $0.25 | Rake $0 | Jackpot $0 | Bingo $0 | Fortune $0 | Tax $0
Seat 1: ec9bc721 folded before Flop (didn't bet)
Seat 2: cebca84 (button) folded before Flop (didn't bet)
Seat 3: 19bf77f (small blind) folded before Flop
Seat 4: 1610436e (big blind) folded before Flop
Seat 5: 4b1ff221 folded before Flop (didn't bet)
Seat 6: Hero collected ($0.25)


Poker Hand #HD1753983441: Hold'em No Limit ($0.05/$0.1) - 2024/05/01 12:28:46
Table 'NLHRed24' 6-max Seat #1 is the button
Seat 1: ec9bc721 ($15.11 in chips)
Seat 2: cebca84 ($10 in chips)
Seat 3: 19bf77f ($10.21 in chips)
Seat 4: 1610436e ($10.7 in chips)
Seat 5: 4b1ff221 ($14.28 in chips)
Seat 6: Hero ($10.13 in chips)
cebca84: posts small blind $0.05
19bf77f: posts big blind $0.1
*** HOLE CARDS ***
Dealt to ec9bc721 
Dealt to cebca84 
Dealt to 19bf77f 
Dealt to 1610436e 
Dealt to 4b1ff221 
Dealt to Hero [3d 8h]
1610436e: folds
4b1ff221: calls $0.1
Hero: folds
ec9bc721: raises $0.15 to $0.25
cebca84: folds
19bf77f: folds
4b1ff221: calls $0.15
*** FLOP *** [Kc 4c 4s]
4b1ff221: checks
ec9bc721: bets $0.21
4b1ff221: folds
Uncalled bet ($0.21) returned to ec9bc721
*** SHOWDOWN ***
ec9bc721 collected $0.62 from pot
*** SUMMARY ***
Total pot $0.65 | Rake $0.03 | Jackpot $0 | Bingo $0 | Fortune $0 | Tax $0
Board [Kc 4c 4s]
Seat 1: ec9bc721 (button) won ($0.62)
Seat 2: cebca84 (small blind) folded before Flop
Seat 3: 19bf77f (big blind) folded before Flop
Seat 4: 1610436e folded before Flop (didn't bet)
Seat 5: 4b1ff221 folded on the Flop
Seat 6: Hero folded before Flop (didn't bet)


Poker Hand #HD1753983208: Hold'em No Limit ($0.05/$0.1) - 2024/05/01 12:27:02
Table 'NLHRed24' 6-max Seat #6 is the button
Seat 1: ec9bc721 ($10.05 in chips)
Seat 2: cebca84 ($10.59 in chips)
Seat 3: 19bf77f ($10.21 in chips)
Seat 4: 1610436e ($10.7 in chips)
Seat 6: Hero ($10.13 in chips)
ec9bc721: posts small blind $0.05
cebca84: posts big blind $0.1
*** HOLE CARDS ***
Dealt to ec9bc721 
Dealt to cebca84 
Dealt to 19bf77f 
Dealt to 1610436e 
Dealt to Hero [Ks 2d]
19bf77f: folds
1610436e: folds
Hero: folds
ec9bc721: raises $0.15 to $0.25
cebca84: raises $0.55 to $0.8
ec9bc721: calls $0.55
*** FLOP *** [Ad 9d 7h]
ec9bc721: checks
cebca84: bets $0.55
ec9bc721: calls $0.55
*** TURN *** [Ad 9d 7h] [2c]
ec9bc721: checks
cebca84: checks
*** RIVER *** [Ad 9d 7h 2c] [Qc]
ec9bc721: bets $1.49
cebca84: raises $3.01 to $4.5
ec9bc721: calls $3.01
cebca84: shows [Jc 9c] (Pair of Nines)
ec9bc721: shows [As Qs] (Pair of Aces and Pair of Queens)
*** SHOWDOWN ***
ec9bc721 collected $10.91 from pot
*** SUMMARY ***
Total pot $11.7 | Rake $0.69 | Jackpot $0.1 | Bingo $0 | Fortune $0 | Tax $0
Board [Ad 9d 7h 2c Qc]
Seat 1: ec9bc721 (small blind) showed [As Qs] and won ($10.91) with Pair of Aces and Pair of Queens
Seat 2: cebca84 (big blind) showed [Jc 9c] and lost with Pair of Nines
Seat 3: 19bf77f folded before Flop (didn't bet)
Seat 4: 1610436e folded before Flop (didn't bet)
Seat 6: Hero (button) folded before Flop (didn't bet)


Poker Hand #HD1753983135: Hold'em No Limit ($0.05/$0.1) - 2024/05/01 12:26:26
Table 'NLHRed24' 6-max Seat #5 is the button
Seat 1: ec9bc721 ($10 in chips)
Seat 2: cebca84 ($10.59 in chips)
Seat 3: 19bf77f ($10.21 in chips)
Seat 4: 1610436e ($10.7 in chips)
Seat 5: 4b1ff221 ($14.28 in chips)
Seat 6: Hero ($10.18 in chips)
Hero: posts small blind $0.05
ec9bc721: posts big blind $0.1
*** HOLE CARDS ***
Dealt to ec9bc721 
Dealt to cebca84 
Dealt to 19bf77f 
Dealt to 1610436e 
Dealt to 4b1ff221 
Dealt to Hero [3h 4c]
cebca84: folds
19bf77f: folds
1610436e: folds
4b1ff221: folds
Hero: folds
Uncalled bet ($0.05) returned to ec9bc721
*** SHOWDOWN ***
ec9bc721 collected $0.1 from pot
*** SUMMARY ***
Total pot $0.1 | Rake $0 | Jackpot $0 | Bingo $0 | Fortune $0 | Tax $0
Seat 1: ec9bc721 (big blind) collected ($0.1)
Seat 2: cebca84 folded before Flop (didn't bet)
Seat 3: 19bf77f folded before Flop (didn't bet)
Seat 4: 1610436e folded before Flop (didn't bet)
Seat 5: 4b1ff221 (button) folded before Flop (didn't bet)
Seat 6: Hero (small blind) folded before Flop


Poker Hand #HD1753983075: Hold'em No Limit ($0.05/$0.1) - 2024/05/01 12:26:00
Table 'NLHRed24' 6-max Seat #4 is the button
Seat 1: ec9bc721 ($10 in chips)
Seat 2: cebca84 ($10.59 in chips)
Seat 3: 19bf77f ($10.21 in chips)
Seat 4: 1610436e ($10.7 in chips)
Seat 5: 4b1ff221 ($14.18 in chips)
Seat 6: Hero ($10.28 in chips)
4b1ff221: posts small blind $0.05
Hero: posts big blind $0.1
*** HOLE CARDS ***
Dealt to ec9bc721 
Dealt to cebca84 
Dealt to 19bf77f 
Dealt to 1610436e 
Dealt to 4b1ff221 
Dealt to Hero [Td 9c]
ec9bc721: folds
cebca84: folds
19bf77f: folds
1610436e: folds
4b1ff221: raises $0.2 to $0.3
Hero: folds
Uncalled bet ($0.2) returned to 4b1ff221
*** SHOWDOWN ***
4b1ff221 collected $0.2 from pot
*** SUMMARY ***
Total pot $0.2 | Rake $0 | Jackpot $0 | Bingo $0 | Fortune $0 | Tax $0
Seat 1: ec9bc721 folded before Flop (didn't bet)
Seat 2: cebca84 folded before Flop (didn't bet)
Seat 3: 19bf77f folded before Flop (didn't bet)
Seat 4: 1610436e (button) folded before Flop (didn't bet)
Seat 5: 4b1ff221 (small blind) collected ($0.2)
Seat 6: Hero (big blind) folded before Flop


Poker Hand #HD1753982981: Hold'em No Limit ($0.05/$0.1) - 2024/05/01 12:25:19
Table 'NLHRed24' 6-max Seat #3 is the button
Seat 1: ec9bc721 ($10 in chips)
Seat 2: cebca84 ($10.59 in chips)
Seat 3: 19bf77f ($10.46 in chips)
Seat 4: 1610436e ($10.75 in chips)
Seat 5: 4b1ff221 ($13.9 in chips)
Seat 6: Hero ($10.28 in chips)
1610436e: posts small blind $0.05
4b1ff221: posts big blind $0.1
*** HOLE CARDS ***
Dealt to ec9bc721 
Dealt to cebca84 
Dealt to 19bf77f 
Dealt to 1610436e 
Dealt to 4b1ff221 
Dealt to Hero [Jd 4d]
Hero: folds
ec9bc721: folds
cebca84: folds
19bf77f: raises $0.15 to $0.25
1610436e: folds
4b1ff221: calls $0.15
*** FLOP *** [5c 8h 4s]
4b1ff221: bets $0.55
19bf77f: folds
Uncalled bet ($0.55) returned to 4b1ff221
*** SHOWDOWN ***
4b1ff221 collected $0.53 from pot
*** SUMMARY ***
Total pot $0.55 | Rake $0.02 | Jackpot $0 | Bingo $0 | Fortune $0 | Tax $0
Board [5c 8h 4s]
Seat 1: ec9bc721 folded before Flop (didn't bet)
Seat 2: cebca84 folded before Flop (didn't bet)
Seat 3: 19bf77f (button) folded on the Flop
Seat 4: 1610436e (small blind) folded before Flop
Seat 5: 4b1ff221 (big blind) won ($0.53)
Seat 6: Hero folded before Flop (didn't bet)


Poker Hand #HD1753982830: Hold'em No Limit ($0.05/$0.1) - 2024/05/01 12:24:08
Table 'NLHRed24' 6-max Seat #2 is the button
Seat 1: ec9bc721 ($12.04 in chips)
Seat 2: cebca84 ($10.59 in chips)
Seat 3: 19bf77f ($10.51 in chips)
Seat 4: 1610436e ($10.85 in chips)
Seat 5: 4b1ff221 ($7.29 in chips)
Seat 6: Hero ($10.28 in chips)
19bf77f: posts small blind $0.05
1610436e: posts big blind $0.1
*** HOLE CARDS ***
Dealt to ec9bc721 
Dealt to cebca84 
Dealt to 19bf77f 
Dealt to 1610436e 
Dealt to 4b1ff221 
Dealt to Hero [4s 9s]
4b1ff221: raises $0.25 to $0.35
Hero: folds
ec9bc721: calls $0.35
cebca84: folds
19bf77f: folds
1610436e: folds
*** FLOP *** [Qd Kd 2d]
4b1ff221: bets $0.85
ec9bc721: raises $1.08 to $1.93
4b1ff221: raises $4.71 to $6.64
ec9bc721: raises $5.05 to $11.69 and is all-in
4b1ff221: calls $0.3 and is all-in
Uncalled bet ($4.75) returned to ec9bc721
ec9bc721: shows [2h 2c] (Three Twos)
4b1ff221: shows [Qh 8d] (Pair of Queens)
*** TURN *** [Qd Kd 2d] [8h]
*** RIVER *** [Qd Kd 2d 8h] [5d]
*** SHOWDOWN ***
4b1ff221 collected $13.9 from pot
*** SUMMARY ***
Total pot $14.73 | Rake $0.73 | Jackpot $0.1 | Bingo $0 | Fortune $0 | Tax $0
Board [Qd Kd 2d 8h 5d]
Seat 1: ec9bc721 showed [2h 2c] and lost with Three Twos
Seat 2: cebca84 (button) folded before Flop (didn't bet)
Seat 3: 19bf77f (small blind) folded before Flop
Seat 4: 1610436e (big blind) folded before Flop
Seat 5: 4b1ff221 showed [Qh 8d] and won ($13.9) with King High Flush
Seat 6: Hero folded before Flop (didn't bet)


Poker Hand #HD1753982736: Hold'em No Limit ($0.05/$0.1) - 2024/05/01 12:23:19
Table 'NLHRed24' 6-max Seat #1 is the button
Seat 1: ec9bc721 ($10.74 in chips)
Seat 2: cebca84 ($10.64 in chips)
Seat 3: 19bf77f ($10.61 in chips)
Seat 4: 1610436e ($11.1 in chips)
Seat 5: 4b1ff221 ($8.34 in chips)
Seat 6: Hero ($10.28 in chips)
cebca84: posts small blind $0.05
19bf77f: posts big blind $0.1
*** HOLE CARDS ***
Dealt to ec9bc721 
Dealt to cebca84 
Dealt to 19bf77f 
Dealt to 1610436e 
Dealt to 4b1ff221 
Dealt to Hero [Ac 7d]
1610436e: raises $0.15 to $0.25
4b1ff221: calls $0.25
Hero: folds
ec9bc721: calls $0.25
cebca84: folds
19bf77f: folds
*** FLOP *** [7c Jh Ts]
1610436e: checks
4b1ff221: bets $0.3
ec9bc721: calls $0.3
1610436e: folds
*** TURN *** [7c Jh Ts] [8h]
4b1ff221: checks
ec9bc721: checks
*** RIVER *** [7c Jh Ts 8h] [3c]
4b1ff221: bets $0.5
ec9bc721: calls $0.5
4b1ff221: shows [7h As] (Pair of Sevens)
ec9bc721: shows [Td Qh] (Pair of Tens)
*** SHOWDOWN ***
ec9bc721 collected $2.35 from pot
*** SUMMARY ***
Total pot $2.5 | Rake $0.15 | Jackpot $0 | Bingo $0 | Fortune $0 | Tax $0
Board [7c Jh Ts 8h 3c]
Seat 1: ec9bc721 (button) showed [Td Qh] and won ($2.35) with Pair of Tens
Seat 2: cebca84 (small blind) folded before Flop
Seat 3: 19bf77f (big blind) folded before Flop
Seat 4: 1610436e folded on the Flop
Seat 5: 4b1ff221 showed [7h As] and lost with Pair of Sevens
Seat 6: Hero folded before Flop (didn't bet)


Poker Hand #HD1753982681: Hold'em No Limit ($0.05/$0.1) - 2024/05/01 12:22:58
Table 'NLHRed24' 6-max Seat #6 is the button
Seat 1: ec9bc721 ($10.79 in chips)
Seat 2: cebca84 ($10.74 in chips)
Seat 3: 19bf77f ($10.61 in chips)
Seat 4: 1610436e ($11.1 in chips)
Seat 5: 4b1ff221 ($8.34 in chips)
Seat 6: Hero ($10.13 in chips)
ec9bc721: posts small blind $0.05
cebca84: posts big blind $0.1
*** HOLE CARDS ***
Dealt to ec9bc721 
Dealt to cebca84 
Dealt to 19bf77f 
Dealt to 1610436e 
Dealt to 4b1ff221 
Dealt to Hero [Ks Qs]
19bf77f: folds
1610436e: folds
4b1ff221: folds
Hero: raises $0.14 to $0.24
ec9bc721: folds
cebca84: folds
Uncalled bet ($0.14) returned to Hero
*** SHOWDOWN ***
Hero collected $0.25 from pot
*** SUMMARY ***
Total pot $0.25 | Rake $0 | Jackpot $0 | Bingo $0 | Fortune $0 | Tax $0
Seat 1: ec9bc721 (small blind) folded before Flop
Seat 2: cebca84 (big blind) folded before Flop
Seat 3: 19bf77f folded before Flop (didn't bet)
Seat 4: 1610436e folded before Flop (didn't bet)
Seat 5: 4b1ff221 folded before Flop (didn't bet)
Seat 6: Hero (button) collected ($0.25)


Poker Hand #HD1753982636: Hold'em No Limit ($0.05/$0.1) - 2024/05/01 12:22:39
Table 'NLHRed24' 6-max Seat #5 is the button
Seat 1: ec9bc721 ($10.89 in chips)
Seat 2: cebca84 ($10.74 in chips)
Seat 3: 19bf77f ($10.61 in chips)
Seat 4: 1610436e ($10.95 in chips)
Seat 5: 4b1ff221 ($8.34 in chips)
Seat 6: Hero ($10.18 in chips)
Hero: posts small blind $0.05
ec9bc721: posts big blind $0.1
*** HOLE CARDS ***
Dealt to ec9bc721 
Dealt to cebca84 
Dealt to 19bf77f 
Dealt to 1610436e 
Dealt to 4b1ff221 
Dealt to Hero [5d 2d]
cebca84: folds
19bf77f: folds
1610436e: raises $0.15 to $0.25
4b1ff221: folds
Hero: folds
ec9bc721: folds
Uncalled bet ($0.15) returned to 1610436e
*** SHOWDOWN ***
1610436e collected $0.25 from pot
*** SUMMARY ***
Total pot $0.25 | Rake $0 | Jackpot $0 | Bingo $0 | Fortune $0 | Tax $0
Seat 1: ec9bc721 (big blind) folded before Flop
Seat 2: cebca84 folded before Flop (didn't bet)
Seat 3: 19bf77f folded before Flop (didn't bet)
Seat 4: 1610436e collected ($0.25)
Seat 5: 4b1ff221 (button) folded before Flop (didn't bet)
Seat 6: Hero (small blind) folded before Flop


Poker Hand #HD1753982608: Hold'em No Limit ($0.05/$0.1) - 2024/05/01 12:22:21
Table 'NLHRed24' 6-max Seat #4 is the button
Seat 1: ec9bc721 ($10.89 in chips)
Seat 2: cebca84 ($10.74 in chips)
Seat 3: 19bf77f ($10.46 in chips)
Seat 4: 1610436e ($10.95 in chips)
Seat 5: 4b1ff221 ($8.39 in chips)
Seat 6: Hero ($10.28 in chips)
4b1ff221: posts small blind $0.05
Hero: posts big blind $0.1
*** HOLE CARDS ***
Dealt to ec9bc721 
Dealt to cebca84 
Dealt to 19bf77f 
Dealt to 1610436e 
Dealt to 4b1ff221 
Dealt to Hero [3c Kd]
ec9bc721: folds
cebca84: folds
19bf77f: raises $0.15 to $0.25
1610436e: folds
4b1ff221: folds
Hero: folds
Uncalled bet ($0.15) returned to 19bf77f
*** SHOWDOWN ***
19bf77f collected $0.25 from pot
*** SUMMARY ***
Total pot $0.25 | Rake $0 | Jackpot $0 | Bingo $0 | Fortune $0 | Tax $0
Seat 1: ec9bc721 folded before Flop (didn't bet)
Seat 2: cebca84 folded before Flop (didn't bet)
Seat 3: 19bf77f collected ($0.25)
Seat 4: 1610436e (button) folded before Flop (didn't bet)
Seat 5: 4b1ff221 (small blind) folded before Flop
Seat 6: Hero (big blind) folded before Flop


Poker Hand #HD1753982520: Hold'em No Limit ($0.05/$0.1) - 2024/05/01 12:21:41
Table 'NLHRed24' 6-max Seat #3 is the button
Seat 1: ec9bc721 ($10.89 in chips)
Seat 2: cebca84 ($10.74 in chips)
Seat 3: 19bf77f ($10.99 in chips)
Seat 4: 1610436e ($11 in chips)
Seat 5: 4b1ff221 ($7.86 in chips)
Seat 6: Hero ($10.28 in chips)
1610436e: posts small blind $0.05
4b1ff221: posts big blind $0.1
*** HOLE CARDS ***
Dealt to ec9bc721 
Dealt to cebca84 
Dealt to 19bf77f 
Dealt to 1610436e 
Dealt to 4b1ff221 
Dealt to Hero [5s Ad]
Hero: folds
ec9bc721: folds
cebca84: folds
19bf77f: raises $0.15 to $0.25
1610436e: folds
4b1ff221: calls $0.15
*** FLOP *** [9h Qd 7c]
4b1ff221: checks
19bf77f: bets $0.28
4b1ff221: calls $0.28
*** TURN *** [9h Qd 7c] [5h]
4b1ff221: checks
19bf77f: checks
*** RIVER *** [9h Qd 7c 5h] [Ac]
4b1ff221: bets $1.11
19bf77f: folds
Uncalled bet ($1.11) returned to 4b1ff221
*** SHOWDOWN ***
4b1ff221 collected $1.06 from pot
*** SUMMARY ***
Total pot $1.11 | Rake $0.05 | Jackpot $0 | Bingo $0 | Fortune $0 | Tax $0
Board [9h Qd 7c 5h Ac]
Seat 1: ec9bc721 folded before Flop (didn't bet)
Seat 2: cebca84 folded before Flop (didn't bet)
Seat 3: 19bf77f (button) folded on the River
Seat 4: 1610436e (small blind) folded before Flop
Seat 5: 4b1ff221 (big blind) won ($1.06)
Seat 6: Hero folded before Flop (didn't bet)


Poker Hand #HD1753982432: Hold'em No Limit ($0.05/$0.1) - 2024/05/01 12:21:03
Table 'NLHRed24' 6-max Seat #2 is the button
Seat 1: ec9bc721 ($10.89 in chips)
Seat 2: cebca84 ($10.74 in chips)
Seat 3: 19bf77f ($11.09 in chips)
Seat 4: 1610436e ($10.81 in chips)
Seat 5: 4b1ff221 ($7.96 in chips)
Seat 6: Hero ($10.28 in chips)
19bf77f: posts small blind $0.05
1610436e: posts big blind $0.1
*** HOLE CARDS ***
Dealt to ec9bc721 
Dealt to cebca84 
Dealt to 19bf77f 
Dealt to 1610436e 
Dealt to 4b1ff221 
Dealt to Hero [Ad 5h]
4b1ff221: calls $0.1
Hero: folds
ec9bc721: folds
cebca84: folds
19bf77f: calls $0.05
1610436e: checks
*** FLOP *** [5d 9s Jh]
19bf77f: checks
1610436e: bets $0.1
4b1ff221: folds
19bf77f: folds
Uncalled bet ($0.1) returned to 1610436e
*** SHOWDOWN ***
1610436e collected $0.29 from pot
*** SUMMARY ***
Total pot $0.3 | Rake $0.01 | Jackpot $0 | Bingo $0 | Fortune $0 | Tax $0
Board [5d 9s Jh]
Seat 1: ec9bc721 folded before Flop (didn't bet)
Seat 2: cebca84 (button) folded before Flop (didn't bet)
Seat 3: 19bf77f (small blind) folded on the Flop
Seat 4: 1610436e (big blind) won ($0.29)
Seat 5: 4b1ff221 folded on the Flop
Seat 6: Hero folded before Flop (didn't bet)


Poker Hand #HD1753982335: Hold'em No Limit ($0.05/$0.1) - 2024/05/01 12:20:19
Table 'NLHRed24' 6-max Seat #1 is the button
Seat 1: ec9bc721 ($11.23 in chips)
Seat 2: cebca84 ($11.08 in chips)
Seat 3: 19bf77f ($11.19 in chips)
Seat 5: 4b1ff221 ($6.91 in chips)
Seat 6: Hero ($10.62 in chips)
cebca84: posts small blind $0.05
19bf77f: posts big blind $0.1
*** HOLE CARDS ***
Dealt to ec9bc721 
Dealt to cebca84 
Dealt to 19bf77f 
Dealt to 4b1ff221 
Dealt to Hero [Jc Kc]
4b1ff221: calls $0.1
Hero: raises $0.24 to $0.34
ec9bc721: calls $0.34
cebca84: calls $0.29
19bf77f: folds
4b1ff221: calls $0.24
*** FLOP *** [7s 2c Qs]
cebca84: checks
4b1ff221: bets $0.73
Hero: folds
ec9bc721: folds
cebca84: folds
Uncalled bet ($0.73) returned to 4b1ff221
*** SHOWDOWN ***
4b1ff221 collected $1.39 from pot
*** SUMMARY ***
Total pot $1.46 | Rake $0.07 | Jackpot $0 | Bingo $0 | Fortune $0 | Tax $0
Board [7s 2c Qs]
Seat 1: ec9bc721 (button) folded on the Flop
Seat 2: cebca84 (small blind) folded on the Flop
Seat 3: 19bf77f (big blind) folded before Flop
Seat 5: 4b1ff221 won ($1.39)
Seat 6: Hero folded on the Flop


Poker Hand #HD1753982291: Hold'em No Limit ($0.05/$0.1) - 2024/05/01 12:20:00
Table 'NLHRed24' 6-max Seat #6 is the button
Seat 1: ec9bc721 ($11.28 in chips)
Seat 2: cebca84 ($11.18 in chips)
Seat 3: 19bf77f ($11.19 in chips)
Seat 6: Hero ($10.47 in chips)
ec9bc721: posts small blind $0.05
cebca84: posts big blind $0.1
*** HOLE CARDS ***
Dealt to ec9bc721 
Dealt to cebca84 
Dealt to 19bf77f 
Dealt to Hero [Qc 9d]
19bf77f: folds
Hero: raises $0.14 to $0.24
ec9bc721: folds
cebca84: folds
Uncalled bet ($0.14) returned to Hero
*** SHOWDOWN ***
Hero collected $0.25 from pot
*** SUMMARY ***
Total pot $0.25 | Rake $0 | Jackpot $0 | Bingo $0 | Fortune $0 | Tax $0
Seat 1: ec9bc721 (small blind) folded before Flop
Seat 2: cebca84 (big blind) folded before Flop
Seat 3: 19bf77f folded before Flop (didn't bet)
Seat 6: Hero (button) collected ($0.25)


Poker Hand #HD1753982246: Hold'em No Limit ($0.05/$0.1) - 2024/05/01 12:19:40
Table 'NLHRed24' 6-max Seat #3 is the button
Seat 1: ec9bc721 ($11.28 in chips)
Seat 2: cebca84 ($11.18 in chips)
Seat 3: 19bf77f ($11.19 in chips)
Seat 5: 4b1ff221 ($6.96 in chips)
Seat 6: Hero ($10.42 in chips)
4b1ff221: posts small blind $0.05
Hero: posts big blind $0.1
*** HOLE CARDS ***
Dealt to ec9bc721 
Dealt to cebca84 
Dealt to 19bf77f 
Dealt to 4b1ff221 
Dealt to Hero [7c Qc]
ec9bc721: folds
cebca84: folds
19bf77f: folds
4b1ff221: folds
Uncalled bet ($0.05) returned to Hero
*** SHOWDOWN ***
Hero collected $0.1 from pot
*** SUMMARY ***
Total pot $0.1 | Rake $0 | Jackpot $0 | Bingo $0 | Fortune $0 | Tax $0
Seat 1: ec9bc721 folded before Flop (didn't bet)
Seat 2: cebca84 folded before Flop (didn't bet)
Seat 3: 19bf77f (button) folded before Flop (didn't bet)
Seat 5: 4b1ff221 (small blind) folded before Flop
Seat 6: Hero (big blind) collected ($0.1)


Poker Hand #HD1753982192: Hold'em No Limit ($0.05/$0.1) - 2024/05/01 12:19:14
Table 'NLHRed24' 6-max Seat #2 is the button
Seat 1: ec9bc721 ($11.28 in chips)
Seat 2: cebca84 ($11.18 in chips)
Seat 3: 19bf77f ($10.91 in chips)
Seat 5: 4b1ff221 ($7.06 in chips)
Seat 6: Hero ($10.62 in chips)
19bf77f: posts small blind $0.05
4b1ff221: posts big blind $0.1
*** HOLE CARDS ***
Dealt to ec9bc721 
Dealt to cebca84 
Dealt to 19bf77f 
Dealt to 4b1ff221 
Dealt to Hero [Kh Qd]
Hero: raises $0.1 to $0.2
ec9bc721: folds
cebca84: folds
19bf77f: raises $0.8 to $1
4b1ff221: folds
Hero: folds
Uncalled bet ($0.8) returned to 19bf77f
*** SHOWDOWN ***
19bf77f collected $0.48 from pot
*** SUMMARY ***
Total pot $0.5 | Rake $0.02 | Jackpot $0 | Bingo $0 | Fortune $0 | Tax $0
Seat 1: ec9bc721 folded before Flop (didn't bet)
Seat 2: cebca84 (button) folded before Flop (didn't bet)
Seat 3: 19bf77f (small blind) collected ($0.48)
Seat 5: 4b1ff221 (big blind) folded before Flop
Seat 6: Hero folded before Flop


Poker Hand #HD1753982124: Hold'em No Limit ($0.05/$0.1) - 2024/05/01 12:18:47
Table 'NLHRed24' 6-max Seat #1 is the button
Seat 1: ec9bc721 ($11.28 in chips)
Seat 2: cebca84 ($11.23 in chips)
Seat 3: 19bf77f ($11.31 in chips)
Seat 5: 4b1ff221 ($6.65 in chips)
Seat 6: Hero ($10.62 in chips)
cebca84: posts small blind $0.05
19bf77f: posts big blind $0.1
*** HOLE CARDS ***
Dealt to ec9bc721 
Dealt to cebca84 
Dealt to 19bf77f 
Dealt to 4b1ff221 
Dealt to Hero [7d Ts]
4b1ff221: calls $0.1
Hero: folds
ec9bc721: folds
cebca84: folds
19bf77f: raises $0.3 to $0.4
4b1ff221: calls $0.3
*** FLOP *** [8d 6s 9h]
19bf77f: checks
4b1ff221: bets $0.43
19bf77f: folds
Uncalled bet ($0.43) returned to 4b1ff221
*** SHOWDOWN ***
4b1ff221 collected $0.81 from pot
*** SUMMARY ***
Total pot $0.85 | Rake $0.04 | Jackpot $0 | Bingo $0 | Fortune $0 | Tax $0
Board [8d 6s 9h]
Seat 1: ec9bc721 (button) folded before Flop (didn't bet)
Seat 2: cebca84 (small blind) folded before Flop
Seat 3: 19bf77f (big blind) folded on the Flop
Seat 5: 4b1ff221 won ($0.81)
Seat 6: Hero folded before Flop (didn't bet)


Poker Hand #HD1753981886: Hold'em No Limit ($0.05/$0.1) - 2024/05/01 12:17:00
Table 'NLHRed24' 6-max Seat #6 is the button
Seat 1: ec9bc721 ($11.38 in chips)
Seat 2: cebca84 ($10.59 in chips)
Seat 3: 17d22959 ($2.76 in chips)
Seat 5: 4b1ff221 ($7.25 in chips)
Seat 6: Hero ($10.62 in chips)
ec9bc721: posts small blind $0.05
cebca84: posts big blind $0.1
*** HOLE CARDS ***
Dealt to ec9bc721 
Dealt to cebca84 
Dealt to 17d22959 
Dealt to 4b1ff221 
Dealt to Hero [Kh 8s]
17d22959: folds
4b1ff221: calls $0.1
Hero: folds
ec9bc721: calls $0.05
cebca84: raises $0.5 to $0.6
4b1ff221: calls $0.5
ec9bc721: folds
*** FLOP *** [2h Ts Th]
cebca84: checks
4b1ff221: checks
*** TURN *** [2h Ts Th] [3c]
cebca84: checks
4b1ff221: checks
*** RIVER *** [2h Ts Th 3c] [9s]
cebca84: checks
4b1ff221: checks
cebca84: shows [Ad 3d] (Pair of Tens and Pair of Treys)
4b1ff221: shows [2d 8d] (Pair of Tens and Pair of Twos)
*** SHOWDOWN ***
cebca84 collected $1.24 from pot
*** SUMMARY ***
Total pot $1.3 | Rake $0.06 | Jackpot $0 | Bingo $0 | Fortune $0 | Tax $0
Board [2h Ts Th 3c 9s]
Seat 1: ec9bc721 (small blind) folded before Flop
Seat 2: cebca84 (big blind) showed [Ad 3d] and won ($1.24) with Pair of Tens and Pair of Treys
Seat 3: 17d22959 folded before Flop (didn't bet)
Seat 5: 4b1ff221 showed [2d 8d] and lost with Pair of Tens and Pair of Twos
Seat 6: Hero (button) folded before Flop (didn't bet)


Poker Hand #HD1753981800: Hold'em No Limit ($0.05/$0.1) - 2024/05/01 12:16:20
Table 'NLHRed24' 6-max Seat #5 is the button
Seat 1: ec9bc721 ($11.48 in chips)
Seat 2: cebca84 ($10.59 in chips)
Seat 3: 17d22959 ($1.74 in chips)
Seat 5: 4b1ff221 ($8.22 in chips)
Seat 6: Hero ($10.67 in chips)
Hero: posts small blind $0.05
ec9bc721: posts big blind $0.1
*** HOLE CARDS ***
Dealt to ec9bc721 
Dealt to cebca84 
Dealt to 17d22959 
Dealt to 4b1ff221 
Dealt to Hero [4d 2h]
cebca84: folds
17d22959: raises $0.2 to $0.3
4b1ff221: raises $0.25 to $0.55
Hero: folds
ec9bc721: folds
17d22959: calls $0.25
*** FLOP *** [Ad Jc 7s]
17d22959: checks
4b1ff221: bets $0.42
17d22959: raises $0.77 to $1.19 and is all-in
4b1ff221: folds
Uncalled bet ($0.77) returned to 17d22959
*** SHOWDOWN ***
17d22959 collected $1.99 from pot
*** SUMMARY ***
Total pot $2.09 | Rake $0.1 | Jackpot $0 | Bingo $0 | Fortune $0 | Tax $0
Board [Ad Jc 7s]
Seat 1: ec9bc721 (big blind) folded before Flop
Seat 2: cebca84 folded before Flop (didn't bet)
Seat 3: 17d22959 won ($1.99)
Seat 5: 4b1ff221 (button) folded on the Flop
Seat 6: Hero (small blind) folded before Flop


Poker Hand #HD1753981743: Hold'em No Limit ($0.05/$0.1) - 2024/05/01 12:15:50
Table 'NLHRed24' 6-max Seat #4 is the button
Seat 1: ec9bc721 ($11.48 in chips)
Seat 2: cebca84 ($10.59 in chips)
Seat 3: 17d22959 ($1.59 in chips)
Seat 4: 1610436e ($10.81 in chips)
Seat 5: 4b1ff221 ($8.27 in chips)
Seat 6: Hero ($10.77 in chips)
4b1ff221: posts small blind $0.05
Hero: posts big blind $0.1
*** HOLE CARDS ***
Dealt to ec9bc721 
Dealt to cebca84 
Dealt to 17d22959 
Dealt to 1610436e 
Dealt to 4b1ff221 
Dealt to Hero [Qs 7c]
ec9bc721: folds
cebca84: folds
17d22959: raises $0.2 to $0.3
1610436e: folds
4b1ff221: folds
Hero: folds
Uncalled bet ($0.2) returned to 17d22959
*** SHOWDOWN ***
17d22959 collected $0.25 from pot
*** SUMMARY ***
Total pot $0.25 | Rake $0 | Jackpot $0 | Bingo $0 | Fortune $0 | Tax $0
Seat 1: ec9bc721 folded before Flop (didn't bet)
Seat 2: cebca84 folded before Flop (didn't bet)
Seat 3: 17d22959 collected ($0.25)
Seat 4: 1610436e (button) folded before Flop (didn't bet)
Seat 5: 4b1ff221 (small blind) folded before Flop
Seat 6: Hero (big blind) folded before Flop


Poker Hand #HD1753981684: Hold'em No Limit ($0.05/$0.1) - 2024/05/01 12:15:21
Table 'NLHRed24' 6-max Seat #3 is the button
Seat 1: ec9bc721 ($11.21 in chips)
Seat 2: cebca84 ($10.59 in chips)
Seat 3: 17d22959 ($1.59 in chips)
Seat 4: 1610436e ($10.86 in chips)
Seat 5: 4b1ff221 ($8.52 in chips)
Seat 6: Hero ($10.77 in chips)
1610436e: posts small blind $0.05
4b1ff221: posts big blind $0.1
*** HOLE CARDS ***
Dealt to ec9bc721 
Dealt to cebca84 
Dealt to 17d22959 
Dealt to 1610436e 
Dealt to 4b1ff221 
Dealt to Hero [Th 5s]
Hero: folds
ec9bc721: raises $0.15 to $0.25
cebca84: folds
17d22959: folds
1610436e: folds
4b1ff221: calls $0.15
*** FLOP *** [6d Kd 8c]
4b1ff221: checks
ec9bc721: bets $0.18
4b1ff221: folds
Uncalled bet ($0.18) returned to ec9bc721
*** SHOWDOWN ***
ec9bc721 collected $0.52 from pot
*** SUMMARY ***
Total pot $0.55 | Rake $0.03 | Jackpot $0 | Bingo $0 | Fortune $0 | Tax $0
Board [6d Kd 8c]
Seat 1: ec9bc721 won ($0.52)
Seat 2: cebca84 folded before Flop (didn't bet)
Seat 3: 17d22959 (button) folded before Flop (didn't bet)
Seat 4: 1610436e (small blind) folded before Flop
Seat 5: 4b1ff221 (big blind) folded on the Flop
Seat 6: Hero folded before Flop (didn't bet)


Poker Hand #HD1753981649: Hold'em No Limit ($0.05/$0.1) - 2024/05/01 12:15:05
Table 'NLHRed24' 6-max Seat #2 is the button
Seat 1: ec9bc721 ($11.06 in chips)
Seat 2: cebca84 ($10.59 in chips)
Seat 3: 17d22959 ($1.64 in chips)
Seat 4: 1610436e ($10.96 in chips)
Seat 5: 4b1ff221 ($8.52 in chips)
Seat 6: Hero ($10.77 in chips)
17d22959: posts small blind $0.05
1610436e: posts big blind $0.1
*** HOLE CARDS ***
Dealt to ec9bc721 
Dealt to cebca84 
Dealt to 17d22959 
Dealt to 1610436e 
Dealt to 4b1ff221 
Dealt to Hero [7c 5h]
4b1ff221: folds
Hero: folds
ec9bc721: raises $0.15 to $0.25
cebca84: folds
17d22959: folds
1610436e: folds
Uncalled bet ($0.15) returned to ec9bc721
*** SHOWDOWN ***
ec9bc721 collected $0.25 from pot
*** SUMMARY ***
Total pot $0.25 | Rake $0 | Jackpot $0 | Bingo $0 | Fortune $0 | Tax $0
Seat 1: ec9bc721 collected ($0.25)
Seat 2: cebca84 (button) folded before Flop (didn't bet)
Seat 3: 17d22959 (small blind) folded before Flop
Seat 4: 1610436e (big blind) folded before Flop
Seat 5: 4b1ff221 folded before Flop (didn't bet)
Seat 6: Hero folded before Flop (didn't bet)


Poker Hand #HD1753981533: Hold'em No Limit ($0.05/$0.1) - 2024/05/01 12:14:10
Table 'NLHRed24' 6-max Seat #1 is the button
Seat 1: ec9bc721 ($11.06 in chips)
Seat 2: cebca84 ($10 in chips)
Seat 3: 17d22959 ($1.74 in chips)
Seat 4: 1610436e ($10.96 in chips)
Seat 5: 4b1ff221 ($9.07 in chips)
Seat 6: Hero ($10.77 in chips)
cebca84: posts small blind $0.05
17d22959: posts big blind $0.1
*** HOLE CARDS ***
Dealt to ec9bc721 
Dealt to cebca84 
Dealt to 17d22959 
Dealt to 1610436e 
Dealt to 4b1ff221 
Dealt to Hero [7h Ts]
1610436e: folds
4b1ff221: calls $0.1
Hero: folds
ec9bc721: folds
cebca84: raises $0.45 to $0.55
17d22959: folds
4b1ff221: calls $0.45
*** FLOP *** [8h 3d 8c]
cebca84: bets $0.4
4b1ff221: folds
Uncalled bet ($0.4) returned to cebca84
*** SHOWDOWN ***
cebca84 collected $1.14 from pot
*** SUMMARY ***
Total pot $1.2 | Rake $0.06 | Jackpot $0 | Bingo $0 | Fortune $0 | Tax $0
Board [8h 3d 8c]
Seat 1: ec9bc721 (button) folded before Flop (didn't bet)
Seat 2: cebca84 (small blind) won ($1.14)
Seat 3: 17d22959 (big blind) folded before Flop
Seat 4: 1610436e folded before Flop (didn't bet)
Seat 5: 4b1ff221 folded on the Flop
Seat 6: Hero folded before Flop (didn't bet)


Poker Hand #HD1753981429: Hold'em No Limit ($0.05/$0.1) - 2024/05/01 12:13:17
Table 'NLHRed24' 6-max Seat #6 is the button
Seat 1: ec9bc721 ($11.11 in chips)
Seat 2: cebca84 ($10 in chips)
Seat 3: 17d22959 ($1.8 in chips)
Seat 4: 1610436e ($11.03 in chips)
Seat 5: 4b1ff221 ($9.07 in chips)
Seat 6: Hero ($10.77 in chips)
ec9bc721: posts small blind $0.05
cebca84: posts big blind $0.1
*** HOLE CARDS ***
Dealt to ec9bc721 
Dealt to cebca84 
Dealt to 17d22959 
Dealt to 1610436e 
Dealt to 4b1ff221 
Dealt to Hero [4h Qs]
17d22959: raises $0.1 to $0.2
1610436e: raises $0.63 to $0.83
4b1ff221: folds
Hero: folds
ec9bc721: folds
cebca84: folds
17d22959: calls $0.63
*** FLOP *** [Js 4s 2d]
17d22959: checks
1610436e: bets $1.4
17d22959: calls $0.97 and is all-in
Uncalled bet ($0.43) returned to 1610436e
1610436e: shows [Ah Jc] (Pair of Jacks)
17d22959: shows [Jd Ad] (Pair of Jacks)
*** TURN *** [Js 4s 2d] [5c]
*** RIVER *** [Js 4s 2d 5c] [5d]
*** SHOWDOWN ***
17d22959 collected $1.74 from pot
1610436e collected $1.73 from pot
*** SUMMARY ***
Total pot $3.75 | Rake $0.18 | Jackpot $0.1 | Bingo $0 | Fortune $0 | Tax $0
Board [Js 4s 2d 5c 5d]
Seat 1: ec9bc721 (small blind) folded before Flop
Seat 2: cebca84 (big blind) folded before Flop
Seat 3: 17d22959 showed [Jd Ad] and won ($1.74) with Pair of Jacks and Pair of Fives
Seat 4: 1610436e showed [Ah Jc] and won ($1.73) with Pair of Jacks and Pair of Fives
Seat 5: 4b1ff221 folded before Flop (didn't bet)
Seat 6: Hero (button) folded before Flop (didn't bet)


Poker Hand #HD1753981345: Hold'em No Limit ($0.05/$0.1) - 2024/05/01 12:12:39
Table 'NLHRed24' 6-max Seat #5 is the button
Seat 1: ec9bc721 ($11.21 in chips)
Seat 2: cebca84 ($10 in chips)
Seat 3: 17d22959 ($1.9 in chips)
Seat 4: 1610436e ($11.03 in chips)
Seat 5: 4b1ff221 ($9.57 in chips)
Seat 6: Hero ($10.13 in chips)
Hero: posts small blind $0.05
ec9bc721: posts big blind $0.1
*** HOLE CARDS ***
Dealt to ec9bc721 
Dealt to cebca84 
Dealt to 17d22959 
Dealt to 1610436e 
Dealt to 4b1ff221 
Dealt to Hero [Jh Qd]
cebca84: folds
17d22959: calls $0.1
1610436e: folds
4b1ff221: calls $0.1
Hero: raises $0.4 to $0.5
ec9bc721: folds
17d22959: folds
4b1ff221: calls $0.4
*** FLOP *** [8s As Jc]
Hero: checks
4b1ff221: checks
*** TURN *** [8s As Jc] [Tc]
Hero: bets $0.4
4b1ff221: folds
Uncalled bet ($0.4) returned to Hero
*** SHOWDOWN ***
Hero collected $1.14 from pot
*** SUMMARY ***
Total pot $1.2 | Rake $0.06 | Jackpot $0 | Bingo $0 | Fortune $0 | Tax $0
Board [8s As Jc Tc]
Seat 1: ec9bc721 (big blind) folded before Flop
Seat 2: cebca84 folded before Flop (didn't bet)
Seat 3: 17d22959 folded before Flop
Seat 4: 1610436e folded before Flop (didn't bet)
Seat 5: 4b1ff221 (button) folded on the Turn
Seat 6: Hero (small blind) won ($1.14)


Poker Hand #HD1753981280: Hold'em No Limit ($0.05/$0.1) - 2024/05/01 12:12:05
Table 'NLHRed24' 6-max Seat #4 is the button
Seat 1: ec9bc721 ($11.21 in chips)
Seat 2: cebca84 ($10 in chips)
Seat 3: 17d22959 ($2 in chips)
Seat 4: 1610436e ($11.03 in chips)
Seat 5: 4b1ff221 ($9.38 in chips)
Seat 6: Hero ($10.23 in chips)
4b1ff221: posts small blind $0.05
Hero: posts big blind $0.1
*** HOLE CARDS ***
Dealt to ec9bc721 
Dealt to cebca84 
Dealt to 17d22959 
Dealt to 1610436e 
Dealt to 4b1ff221 
Dealt to Hero [2h 2d]
ec9bc721: folds
cebca84: folds
17d22959: calls $0.1
1610436e: folds
4b1ff221: calls $0.05
Hero: checks
*** FLOP *** [6s Ah Jd]
4b1ff221: bets $0.3
Hero: folds
17d22959: folds
Uncalled bet ($0.3) returned to 4b1ff221
*** SHOWDOWN ***
4b1ff221 collected $0.29 from pot
*** SUMMARY ***
Total pot $0.3 | Rake $0.01 | Jackpot $0 | Bingo $0 | Fortune $0 | Tax $0
Board [6s Ah Jd]
Seat 1: ec9bc721 folded before Flop (didn't bet)
Seat 2: cebca84 folded before Flop (didn't bet)
Seat 3: 17d22959 folded on the Flop
Seat 4: 1610436e (button) folded before Flop (didn't bet)
Seat 5: 4b1ff221 (small blind) won ($0.29)
Seat 6: Hero (big blind) folded on the Flop


Poker Hand #HD1753980694: Hold'em No Limit ($0.05/$0.1) - 2024/05/01 12:07:20
Table 'NLHRed24' 6-max Seat #5 is the button
Seat 1: ec9bc721 ($11.87 in chips)
Seat 2: cebca84 ($10 in chips)
Seat 4: 1610436e ($10.15 in chips)
Seat 5: 4b1ff221 ($9.2 in chips)
Seat 6: Hero ($10.28 in chips)
Hero: posts small blind $0.05
ec9bc721: posts big blind $0.1
*** HOLE CARDS ***
Dealt to ec9bc721 
Dealt to cebca84 
Dealt to 1610436e 
Dealt to 4b1ff221 
Dealt to Hero [5h 7s]
cebca84: folds
1610436e: raises $0.15 to $0.25
4b1ff221: calls $0.25
Hero: folds
ec9bc721: folds
*** FLOP *** [2c Qc Ts]
1610436e: checks
4b1ff221: bets $0.22
1610436e: folds
Uncalled bet ($0.22) returned to 4b1ff221
*** SHOWDOWN ***
4b1ff221 collected $0.62 from pot
*** SUMMARY ***
Total pot $0.65 | Rake $0.03 | Jackpot $0 | Bingo $0 | Fortune $0 | Tax $0
Board [2c Qc Ts]
Seat 1: ec9bc721 (big blind) folded before Flop
Seat 2: cebca84 folded before Flop (didn't bet)
Seat 4: 1610436e folded on the Flop
Seat 5: 4b1ff221 (button) won ($0.62)
Seat 6: Hero (small blind) folded before Flop


Poker Hand #HD1753980668: Hold'em No Limit ($0.05/$0.1) - 2024/05/01 12:07:08
Table 'NLHRed24' 6-max Seat #4 is the button
Seat 1: ec9bc721 ($11.72 in chips)
Seat 2: cebca84 ($10 in chips)
Seat 4: 1610436e ($10.15 in chips)
Seat 5: 4b1ff221 ($9.25 in chips)
Seat 6: Hero ($10.38 in chips)
4b1ff221: posts small blind $0.05
Hero: posts big blind $0.1
*** HOLE CARDS ***
Dealt to ec9bc721 
Dealt to cebca84 
Dealt to 1610436e 
Dealt to 4b1ff221 
Dealt to Hero [8h 3c]
ec9bc721: raises $0.15 to $0.25
cebca84: folds
1610436e: folds
4b1ff221: folds
Hero: folds
Uncalled bet ($0.15) returned to ec9bc721
*** SHOWDOWN ***
ec9bc721 collected $0.25 from pot
*** SUMMARY ***
Total pot $0.25 | Rake $0 | Jackpot $0 | Bingo $0 | Fortune $0 | Tax $0
Seat 1: ec9bc721 collected ($0.25)
Seat 2: cebca84 folded before Flop (didn't bet)
Seat 4: 1610436e (button) folded before Flop (didn't bet)
Seat 5: 4b1ff221 (small blind) folded before Flop
Seat 6: Hero (big blind) folded before Flop


Poker Hand #HD1753980575: Hold'em No Limit ($0.05/$0.1) - 2024/05/01 12:06:22
Table 'NLHRed24' 6-max Seat #3 is the button
Seat 1: ec9bc721 ($10.82 in chips)
Seat 2: cebca84 ($10 in chips)
Seat 3: 7f6186a0 ($10.05 in chips)
Seat 4: 1610436e ($10.2 in chips)
Seat 5: 4b1ff221 ($10 in chips)
Seat 6: Hero ($10.58 in chips)
1610436e: posts small blind $0.05
4b1ff221: posts big blind $0.1
*** HOLE CARDS ***
Dealt to ec9bc721 
Dealt to cebca84 
Dealt to 7f6186a0 
Dealt to 1610436e 
Dealt to 4b1ff221 
Dealt to Hero [Kh Jc]
Hero: raises $0.1 to $0.2
ec9bc721: raises $0.55 to $0.75
cebca84: folds
7f6186a0: folds
1610436e: folds
4b1ff221: calls $0.65
Hero: folds
*** FLOP *** [Jh 7s 8c]
4b1ff221: checks
ec9bc721: bets $0.65
4b1ff221: folds
Uncalled bet ($0.65) returned to ec9bc721
*** SHOWDOWN ***
ec9bc721 collected $1.65 from pot
*** SUMMARY ***
Total pot $1.75 | Rake $0.1 | Jackpot $0 | Bingo $0 | Fortune $0 | Tax $0
Board [Jh 7s 8c]
Seat 1: ec9bc721 won ($1.65)
Seat 2: cebca84 folded before Flop (didn't bet)
Seat 3: 7f6186a0 (button) folded before Flop (didn't bet)
Seat 4: 1610436e (small blind) folded before Flop
Seat 5: 4b1ff221 (big blind) folded on the Flop
Seat 6: Hero folded before Flop


Poker Hand #HD1753980549: Hold'em No Limit ($0.05/$0.1) - 2024/05/01 12:06:07
Table 'NLHRed24' 6-max Seat #2 is the button
Seat 1: ec9bc721 ($10.82 in chips)
Seat 2: cebca84 ($10 in chips)
Seat 3: 7f6186a0 ($10 in chips)
Seat 4: 1610436e ($10.15 in chips)
Seat 6: Hero ($10.58 in chips)
7f6186a0: posts small blind $0.05
1610436e: posts big blind $0.1
*** HOLE CARDS ***
Dealt to ec9bc721 
Dealt to cebca84 
Dealt to 7f6186a0 
Dealt to 1610436e 
Dealt to Hero [Th 6c]
Hero: folds
ec9bc721: folds
cebca84: folds
7f6186a0: folds
Uncalled bet ($0.05) returned to 1610436e
*** SHOWDOWN ***
1610436e collected $0.1 from pot
*** SUMMARY ***
Total pot $0.1 | Rake $0 | Jackpot $0 | Bingo $0 | Fortune $0 | Tax $0
Seat 1: ec9bc721 folded before Flop (didn't bet)
Seat 2: cebca84 (button) folded before Flop (didn't bet)
Seat 3: 7f6186a0 (small blind) folded before Flop
Seat 4: 1610436e (big blind) collected ($0.1)
Seat 6: Hero folded before Flop (didn't bet)


Poker Hand #HD1753980512: Hold'em No Limit ($0.05/$0.1) - 2024/05/01 12:05:49
Table 'NLHRed24' 6-max Seat #1 is the button
Seat 1: ec9bc721 ($10.82 in chips)
Seat 2: cebca84 ($10.05 in chips)
Seat 3: 7f6186a0 ($10 in chips)
Seat 4: 1610436e ($10.15 in chips)
Seat 6: Hero ($10.43 in chips)
cebca84: posts small blind $0.05
7f6186a0: posts big blind $0.1
*** HOLE CARDS ***
Dealt to ec9bc721 
Dealt to cebca84 
Dealt to 7f6186a0 
Dealt to 1610436e 
Dealt to Hero [9h 9d]
1610436e: folds
Hero: raises $0.14 to $0.24
ec9bc721: folds
cebca84: folds
7f6186a0: folds
Uncalled bet ($0.14) returned to Hero
*** SHOWDOWN ***
Hero collected $0.25 from pot
*** SUMMARY ***
Total pot $0.25 | Rake $0 | Jackpot $0 | Bingo $0 | Fortune $0 | Tax $0
Seat 1: ec9bc721 (button) folded before Flop (didn't bet)
Seat 2: cebca84 (small blind) folded before Flop
Seat 3: 7f6186a0 (big blind) folded before Flop
Seat 4: 1610436e folded before Flop (didn't bet)
Seat 6: Hero collected ($0.25)


Poker Hand #HD1753980441: Hold'em No Limit ($0.05/$0.1) - 2024/05/01 12:05:15
Table 'NLHRed24' 6-max Seat #6 is the button
Seat 1: ec9bc721 ($10.72 in chips)
Seat 2: cebca84 ($10.15 in chips)
Seat 3: 7f6186a0 ($10 in chips)
Seat 4: 1610436e ($10.15 in chips)
Seat 6: Hero ($10.43 in chips)
ec9bc721: posts small blind $0.05
cebca84: posts big blind $0.1
*** HOLE CARDS ***
Dealt to ec9bc721 
Dealt to cebca84 
Dealt to 7f6186a0 
Dealt to 1610436e 
Dealt to Hero [4c 5c]
7f6186a0: folds
1610436e: folds
Hero: folds
ec9bc721: raises $0.15 to $0.25
cebca84: folds
Uncalled bet ($0.15) returned to ec9bc721
*** SHOWDOWN ***
ec9bc721 collected $0.2 from pot
*** SUMMARY ***
Total pot $0.2 | Rake $0 | Jackpot $0 | Bingo $0 | Fortune $0 | Tax $0
Seat 1: ec9bc721 (small blind) collected ($0.2)
Seat 2: cebca84 (big blind) folded before Flop
Seat 3: 7f6186a0 folded before Flop (didn't bet)
Seat 4: 1610436e folded before Flop (didn't bet)
Seat 6: Hero (button) folded before Flop (didn't bet)


Poker Hand #HD1753980415: Hold'em No Limit ($0.05/$0.1) - 2024/05/01 12:05:03
Table 'NLHRed24' 6-max Seat #4 is the button
Seat 1: ec9bc721 ($10.82 in chips)
Seat 2: cebca84 ($10.15 in chips)
Seat 3: 7f6186a0 ($10 in chips)
Seat 4: 1610436e ($10 in chips)
Seat 6: Hero ($10.48 in chips)
Hero: posts small blind $0.05
ec9bc721: posts big blind $0.1
*** HOLE CARDS ***
Dealt to ec9bc721 
Dealt to cebca84 
Dealt to 7f6186a0 
Dealt to 1610436e 
Dealt to Hero [Qh 8h]
cebca84: folds
7f6186a0: folds
1610436e: raises $0.15 to $0.25
Hero: folds
ec9bc721: folds
Uncalled bet ($0.15) returned to 1610436e
*** SHOWDOWN ***
1610436e collected $0.25 from pot
*** SUMMARY ***
Total pot $0.25 | Rake $0 | Jackpot $0 | Bingo $0 | Fortune $0 | Tax $0
Seat 1: ec9bc721 (big blind) folded before Flop
Seat 2: cebca84 folded before Flop (didn't bet)
Seat 3: 7f6186a0 folded before Flop (didn't bet)
Seat 4: 1610436e (button) collected ($0.25)
Seat 6: Hero (small blind) folded before Flop


Poker Hand #HD1753980387: Hold'em No Limit ($0.05/$0.1) - 2024/05/01 12:04:47
Table 'NLHRed24' 6-max Seat #3 is the button
Seat 1: ec9bc721 ($10.82 in chips)
Seat 2: cebca84 ($10.15 in chips)
Seat 3: 7f6186a0 ($10 in chips)
Seat 4: 1610436e ($10 in chips)
Seat 6: Hero ($10.43 in chips)
1610436e: posts small blind $0.05
Hero: posts big blind $0.1
*** HOLE CARDS ***
Dealt to ec9bc721 
Dealt to cebca84 
Dealt to 7f6186a0 
Dealt to 1610436e 
Dealt to Hero [8d Kd]
ec9bc721: folds
cebca84: folds
7f6186a0: folds
1610436e: folds
Uncalled bet ($0.05) returned to Hero
*** SHOWDOWN ***
Hero collected $0.1 from pot
*** SUMMARY ***
Total pot $0.1 | Rake $0 | Jackpot $0 | Bingo $0 | Fortune $0 | Tax $0
Seat 1: ec9bc721 folded before Flop (didn't bet)
Seat 2: cebca84 folded before Flop (didn't bet)
Seat 3: 7f6186a0 (button) folded before Flop (didn't bet)
Seat 4: 1610436e (small blind) folded before Flop
Seat 6: Hero (big blind) collected ($0.1)


Poker Hand #HD1753980298: Hold'em No Limit ($0.05/$0.1) - 2024/05/01 12:04:12
Table 'NLHRed24' 6-max Seat #2 is the button
Seat 1: ec9bc721 ($10.82 in chips)
Seat 2: cebca84 ($10 in chips)
Seat 3: 7f6186a0 ($10 in chips)
Seat 4: 1610436e ($10 in chips)
Seat 5: d30b1117 ($33.49 in chips)
Seat 6: Hero ($10.43 in chips)
7f6186a0: posts small blind $0.05
1610436e: posts big blind $0.1
*** HOLE CARDS ***
Dealt to ec9bc721 
Dealt to cebca84 
Dealt to 7f6186a0 
Dealt to 1610436e 
Dealt to d30b1117 
Dealt to Hero [4s 6d]
d30b1117: folds
Hero: folds
ec9bc721: folds
cebca84: raises $0.15 to $0.25
7f6186a0: folds
1610436e: folds
Uncalled bet ($0.15) returned to cebca84
*** SHOWDOWN ***
cebca84 collected $0.25 from pot
*** SUMMARY ***
Total pot $0.25 | Rake $0 | Jackpot $0 | Bingo $0 | Fortune $0 | Tax $0
Seat 1: ec9bc721 folded before Flop (didn't bet)
Seat 2: cebca84 (button) collected ($0.25)
Seat 3: 7f6186a0 (small blind) folded before Flop
Seat 4: 1610436e (big blind) folded before Flop
Seat 5: d30b1117 folded before Flop (didn't bet)
Seat 6: Hero folded before Flop (didn't bet)


Poker Hand #HD1753980268: Hold'em No Limit ($0.05/$0.1) - 2024/05/01 12:03:59
Table 'NLHRed24' 6-max Seat #1 is the button
Seat 1: ec9bc721 ($10.82 in chips)
Seat 2: cebca84 ($10.05 in chips)
Seat 3: 7f6186a0 ($10 in chips)
Seat 5: d30b1117 ($33.49 in chips)
Seat 6: Hero ($10.28 in chips)
cebca84: posts small blind $0.05
7f6186a0: posts big blind $0.1
*** HOLE CARDS ***
Dealt to ec9bc721 
Dealt to cebca84 
Dealt to 7f6186a0 
Dealt to d30b1117 
Dealt to Hero [Ac Ah]
d30b1117: folds
Hero: raises $0.14 to $0.24
ec9bc721: folds
cebca84: folds
7f6186a0: folds
Uncalled bet ($0.14) returned to Hero
*** SHOWDOWN ***
Hero collected $0.25 from pot
*** SUMMARY ***
Total pot $0.25 | Rake $0 | Jackpot $0 | Bingo $0 | Fortune $0 | Tax $0
Seat 1: ec9bc721 (button) folded before Flop (didn't bet)
Seat 2: cebca84 (small blind) folded before Flop
Seat 3: 7f6186a0 (big blind) folded before Flop
Seat 5: d30b1117 folded before Flop (didn't bet)
Seat 6: Hero collected ($0.25)


Poker Hand #HD1753980249: Hold'em No Limit ($0.05/$0.1) - 2024/05/01 12:03:49
Table 'NLHRed24' 6-max Seat #6 is the button
Seat 1: ec9bc721 ($10.87 in chips)
Seat 2: cebca84 ($10 in chips)
Seat 5: d30b1117 ($33.49 in chips)
Seat 6: Hero ($10.28 in chips)
ec9bc721: posts small blind $0.05
cebca84: posts big blind $0.1
*** HOLE CARDS ***
Dealt to ec9bc721 
Dealt to cebca84 
Dealt to d30b1117 
Dealt to Hero [8d 4d]
d30b1117: folds
Hero: folds
ec9bc721: folds
Uncalled bet ($0.05) returned to cebca84
*** SHOWDOWN ***
cebca84 collected $0.1 from pot
*** SUMMARY ***
Total pot $0.1 | Rake $0 | Jackpot $0 | Bingo $0 | Fortune $0 | Tax $0
Seat 1: ec9bc721 (small blind) folded before Flop
Seat 2: cebca84 (big blind) collected ($0.1)
Seat 5: d30b1117 folded before Flop (didn't bet)
Seat 6: Hero (button) folded before Flop (didn't bet)


Poker Hand #HD1753980218: Hold'em No Limit ($0.05/$0.1) - 2024/05/01 12:03:37
Table 'NLHRed24' 6-max Seat #5 is the button
Seat 1: ec9bc721 ($10.97 in chips)
Seat 2: cebca84 ($10 in chips)
Seat 5: d30b1117 ($33.34 in chips)
Seat 6: Hero ($10.33 in chips)
Hero: posts small blind $0.05
ec9bc721: posts big blind $0.1
*** HOLE CARDS ***
Dealt to ec9bc721 
Dealt to cebca84 
Dealt to d30b1117 
Dealt to Hero [Tc Qh]
cebca84: folds
d30b1117: raises $0.15 to $0.25
Hero: folds
ec9bc721: folds
Uncalled bet ($0.15) returned to d30b1117
*** SHOWDOWN ***
d30b1117 collected $0.25 from pot
*** SUMMARY ***
Total pot $0.25 | Rake $0 | Jackpot $0 | Bingo $0 | Fortune $0 | Tax $0
Seat 1: ec9bc721 (big blind) folded before Flop
Seat 2: cebca84 folded before Flop (didn't bet)
Seat 5: d30b1117 (button) collected ($0.25)
Seat 6: Hero (small blind) folded before Flop


Poker Hand #HD1753980112: Hold'em No Limit ($0.05/$0.1) - 2024/05/01 12:02:36
Table 'NLHRed24' 6-max Seat #2 is the button
Seat 1: ec9bc721 ($11.22 in chips)
Seat 2: cebca84 ($10 in chips)
Seat 3: fcf82bd7 ($11.21 in chips)
Seat 4: 75f6fa5e ($10 in chips)
Seat 5: d30b1117 ($24.14 in chips)
Seat 6: Hero ($10.33 in chips)
fcf82bd7: posts small blind $0.05
75f6fa5e: posts big blind $0.1
*** HOLE CARDS ***
Dealt to ec9bc721 
Dealt to cebca84 
Dealt to fcf82bd7 
Dealt to 75f6fa5e 
Dealt to d30b1117 
Dealt to Hero [9h Ts]
d30b1117: raises $0.15 to $0.25
Hero: folds
ec9bc721: calls $0.25
cebca84: folds
fcf82bd7: folds
75f6fa5e: calls $0.15
*** FLOP *** [As 5c 6s]
75f6fa5e: checks
d30b1117: bets $0.2
ec9bc721: folds
75f6fa5e: calls $0.2
*** TURN *** [As 5c 6s] [7s]
75f6fa5e: checks
d30b1117: bets $0.6
75f6fa5e: raises $0.8 to $1.4
d30b1117: calls $0.8
*** RIVER *** [As 5c 6s 7s] [Ac]
75f6fa5e: bets $1.32
d30b1117: raises $2.2 to $3.52
75f6fa5e: raises $4.63 to $8.15 and is all-in
d30b1117: calls $4.63
75f6fa5e: shows [Js Qs] (Ace High Flush)
d30b1117: shows [7c 7d] (Sevens Full over Aces)
*** SHOWDOWN ***
d30b1117 collected $19.2 from pot
*** SUMMARY ***
Total pot $20.3 | Rake $1 | Jackpot $0.1 | Bingo $0 | Fortune $0 | Tax $0
Board [As 5c 6s 7s Ac]
Seat 1: ec9bc721 folded on the Flop
Seat 2: cebca84 (button) folded before Flop (didn't bet)
Seat 3: fcf82bd7 (small blind) folded before Flop
Seat 4: 75f6fa5e (big blind) showed [Js Qs] and lost with Ace High Flush
Seat 5: d30b1117 showed [7c 7d] and won ($19.2) with Sevens Full over Aces
Seat 6: Hero folded before Flop (didn't bet)


Poker Hand #HD1753980063: Hold'em No Limit ($0.05/$0.1) - 2024/05/01 12:02:17
Table 'NLHRed24' 6-max Seat #1 is the button
Seat 1: ec9bc721 ($11.22 in chips)
Seat 2: cebca84 ($10 in chips)
Seat 3: fcf82bd7 ($11.31 in chips)
Seat 5: d30b1117 ($24.14 in chips)
Seat 6: Hero ($10.18 in chips)
cebca84: posts small blind $0.05
fcf82bd7: posts big blind $0.1
*** HOLE CARDS ***
Dealt to ec9bc721 
Dealt to cebca84 
Dealt to fcf82bd7 
Dealt to d30b1117 
Dealt to Hero [Jc Ah]
d30b1117: folds
Hero: raises $0.14 to $0.24
ec9bc721: folds
cebca84: folds
fcf82bd7: folds
Uncalled bet ($0.14) returned to Hero
*** SHOWDOWN ***
Hero collected $0.25 from pot
*** SUMMARY ***
Total pot $0.25 | Rake $0 | Jackpot $0 | Bingo $0 | Fortune $0 | Tax $0
Seat 1: ec9bc721 (button) folded before Flop (didn't bet)
Seat 2: cebca84 (small blind) folded before Flop
Seat 3: fcf82bd7 (big blind) folded before Flop
Seat 5: d30b1117 folded before Flop (didn't bet)
Seat 6: Hero collected ($0.25)


Poker Hand #HD1753980028: Hold'em No Limit ($0.05/$0.1) - 2024/05/01 12:01:59
Table 'NLHRed24' 6-max Seat #6 is the button
Seat 1: ec9bc721 ($11.12 in chips)
Seat 2: cebca84 ($10 in chips)
Seat 3: fcf82bd7 ($11.31 in chips)
Seat 5: d30b1117 ($24.14 in chips)
Seat 6: Hero ($10.18 in chips)
ec9bc721: posts small blind $0.05
cebca84: posts big blind $0.1
*** HOLE CARDS ***
Dealt to ec9bc721 
Dealt to cebca84 
Dealt to fcf82bd7 
Dealt to d30b1117 
Dealt to Hero [Qs 2h]
fcf82bd7: folds
d30b1117: folds
Hero: folds
ec9bc721: raises $0.15 to $0.25
cebca84: folds
Uncalled bet ($0.15) returned to ec9bc721
*** SHOWDOWN ***
ec9bc721 collected $0.2 from pot
*** SUMMARY ***
Total pot $0.2 | Rake $0 | Jackpot $0 | Bingo $0 | Fortune $0 | Tax $0
Seat 1: ec9bc721 (small blind) collected ($0.2)
Seat 2: cebca84 (big blind) folded before Flop
Seat 3: fcf82bd7 folded before Flop (didn't bet)
Seat 5: d30b1117 folded before Flop (didn't bet)
Seat 6: Hero (button) folded before Flop (didn't bet)


Poker Hand #HD1753979904: Hold'em No Limit ($0.05/$0.1) - 2024/05/01 12:00:57
Table 'NLHRed24' 6-max Seat #5 is the button
Seat 1: ec9bc721 ($10.68 in chips)
Seat 2: cebca84 ($10 in chips)
Seat 3: fcf82bd7 ($11.31 in chips)
Seat 5: d30b1117 ($24.58 in chips)
Seat 6: Hero ($10.23 in chips)
Hero: posts small blind $0.05
ec9bc721: posts big blind $0.1
*** HOLE CARDS ***
Dealt to ec9bc721 
Dealt to cebca84 
Dealt to fcf82bd7 
Dealt to d30b1117 
Dealt to Hero [6d 7d]
cebca84: folds
fcf82bd7: folds
d30b1117: raises $0.15 to $0.25
Hero: folds
ec9bc721: calls $0.15
*** FLOP *** [Kc 8d 7h]
ec9bc721: checks
d30b1117: bets $0.19
ec9bc721: calls $0.19
*** TURN *** [Kc 8d 7h] [7c]
ec9bc721: checks
d30b1117: checks
*** RIVER *** [Kc 8d 7h 7c] [Jd]
ec9bc721: checks
d30b1117: checks
ec9bc721: shows [Kd 3d] (Pair of Kings and Pair of Sevens)
d30b1117: shows [Qs 6s] (Pair of Sevens)
*** SHOWDOWN ***
ec9bc721 collected $0.88 from pot
*** SUMMARY ***
Total pot $0.93 | Rake $0.05 | Jackpot $0 | Bingo $0 | Fortune $0 | Tax $0
Board [Kc 8d 7h 7c Jd]
Seat 1: ec9bc721 (big blind) showed [Kd 3d] and won ($0.88) with Pair of Kings and Pair of Sevens
Seat 2: cebca84 folded before Flop (didn't bet)
Seat 3: fcf82bd7 folded before Flop (didn't bet)
Seat 5: d30b1117 (button) showed [Qs 6s] and lost with Pair of Sevens
Seat 6: Hero (small blind) folded before Flop


Poker Hand #HD1753979786: Hold'em No Limit ($0.05/$0.1) - 2024/05/01 11:59:59
Table 'NLHRed24' 6-max Seat #3 is the button
Seat 1: ec9bc721 ($10.68 in chips)
Seat 2: cebca84 ($10 in chips)
Seat 3: fcf82bd7 ($11.31 in chips)
Seat 4: 661edb24 ($8.45 in chips)
Seat 5: d30b1117 ($17.07 in chips)
Seat 6: Hero ($10.23 in chips)
661edb24: posts small blind $0.05
d30b1117: posts big blind $0.1
*** HOLE CARDS ***
Dealt to ec9bc721 
Dealt to cebca84 
Dealt to fcf82bd7 
Dealt to 661edb24 
Dealt to d30b1117 
Dealt to Hero [Jc 9h]
Hero: folds
ec9bc721: folds
cebca84: folds
fcf82bd7: folds
661edb24: raises $0.1 to $0.2
d30b1117: raises $0.3 to $0.5
661edb24: calls $0.3
*** FLOP *** [5c 7s 2c]
661edb24: checks
d30b1117: bets $0.5
661edb24: calls $0.5
*** TURN *** [5c 7s 2c] [Jd]
661edb24: checks
d30b1117: bets $1
661edb24: calls $1
*** RIVER *** [5c 7s 2c Jd] [7c]
661edb24: bets $3
d30b1117: raises $11.3 to $14.3
661edb24: calls $3.45 and is all-in
Uncalled bet ($7.85) returned to d30b1117
d30b1117: shows [Tc Ac] (Ace High Flush)
661edb24: shows [3d As] (Pair of Sevens)
*** SHOWDOWN ***
d30b1117 collected $15.96 from pot
*** SUMMARY ***
Total pot $16.9 | Rake $0.84 | Jackpot $0.1 | Bingo $0 | Fortune $0 | Tax $0
Board [5c 7s 2c Jd 7c]
Seat 1: ec9bc721 folded before Flop (didn't bet)
Seat 2: cebca84 folded before Flop (didn't bet)
Seat 3: fcf82bd7 (button) folded before Flop (didn't bet)
Seat 4: 661edb24 (small blind) showed [3d As] and lost with Pair of Sevens
Seat 5: d30b1117 (big blind) showed [Tc Ac] and won ($15.96) with Ace High Flush
Seat 6: Hero folded before Flop (didn't bet)


Poker Hand #HD1753979685: Hold'em No Limit ($0.05/$0.1) - 2024/05/01 11:59:11
Table 'NLHRed24' 6-max Seat #2 is the button
Seat 1: ec9bc721 ($10.68 in chips)
Seat 2: cebca84 ($10 in chips)
Seat 3: fcf82bd7 ($11.36 in chips)
Seat 4: 661edb24 ($8.17 in chips)
Seat 5: d30b1117 ($17.07 in chips)
Seat 6: Hero ($10.23 in chips)
fcf82bd7: posts small blind $0.05
661edb24: posts big blind $0.1
*** HOLE CARDS ***
Dealt to ec9bc721 
Dealt to cebca84 
Dealt to fcf82bd7 
Dealt to 661edb24 
Dealt to d30b1117 
Dealt to Hero [3d 5c]
d30b1117: folds
Hero: folds
ec9bc721: folds
cebca84: raises $0.15 to $0.25
fcf82bd7: folds
661edb24: calls $0.15
*** FLOP *** [2c Tc Ah]
661edb24: checks
cebca84: checks
*** TURN *** [2c Tc Ah] [8c]
661edb24: checks
cebca84: checks
*** RIVER *** [2c Tc Ah 8c] [4d]
661edb24: bets $0.28
cebca84: folds
Uncalled bet ($0.28) returned to 661edb24
*** SHOWDOWN ***
661edb24 collected $0.53 from pot
*** SUMMARY ***
Total pot $0.55 | Rake $0.02 | Jackpot $0 | Bingo $0 | Fortune $0 | Tax $0
Board [2c Tc Ah 8c 4d]
Seat 1: ec9bc721 folded before Flop (didn't bet)
Seat 2: cebca84 (button) folded on the River
Seat 3: fcf82bd7 (small blind) folded before Flop
Seat 4: 661edb24 (big blind) won ($0.53)
Seat 5: d30b1117 folded before Flop (didn't bet)
Seat 6: Hero folded before Flop (didn't bet)


Poker Hand #HD1753979556: Hold'em No Limit ($0.05/$0.1) - 2024/05/01 11:58:11
Table 'NLHRed24' 6-max Seat #1 is the button
Seat 1: ec9bc721 ($10.68 in chips)
Seat 2: cebca84 ($10 in chips)
Seat 3: fcf82bd7 ($11.56 in chips)
Seat 4: 661edb24 ($8.17 in chips)
Seat 5: d30b1117 ($17.07 in chips)
Seat 6: Hero ($10 in chips)
cebca84: posts small blind $0.05
fcf82bd7: posts big blind $0.1
*** HOLE CARDS ***
Dealt to ec9bc721 
Dealt to cebca84 
Dealt to fcf82bd7 
Dealt to 661edb24 
Dealt to d30b1117 
Dealt to Hero [9c Ah]
661edb24: folds
d30b1117: folds
Hero: calls $0.1
ec9bc721: folds
cebca84: folds
fcf82bd7: checks
*** FLOP *** [9d 6c Jh]
fcf82bd7: checks
Hero: checks
*** TURN *** [9d 6c Jh] [4d]
fcf82bd7: checks
Hero: bets $0.1
fcf82bd7: calls $0.1
*** RIVER *** [9d 6c Jh 4d] [3c]
fcf82bd7: checks
Hero: checks
fcf82bd7: shows [5s 9h] (Pair of Nines)
Hero: shows [9c Ah] (Pair of Nines)
*** SHOWDOWN ***
Hero collected $0.43 from pot
*** SUMMARY ***
Total pot $0.45 | Rake $0.02 | Jackpot $0 | Bingo $0 | Fortune $0 | Tax $0
Board [9d 6c Jh 4d 3c]
Seat 1: ec9bc721 (button) folded before Flop (didn't bet)
Seat 2: cebca84 (small blind) folded before Flop
Seat 3: fcf82bd7 (big blind) showed [5s 9h] and lost with Pair of Nines
Seat 4: 661edb24 folded before Flop (didn't bet)
Seat 5: d30b1117 folded before Flop (didn't bet)
Seat 6: Hero showed [9c Ah] and won ($0.43) with Pair of Nines


Poker Hand #HD1753979494: Hold'em No Limit ($0.05/$0.1) - 2024/05/01 11:57:41
Table 'NLHRed24' 6-max Seat #6 is the button
Seat 1: ec9bc721 ($10.73 in chips)
Seat 2: cebca84 ($10 in chips)
Seat 3: fcf82bd7 ($11.41 in chips)
Seat 4: 661edb24 ($8.17 in chips)
Seat 5: d30b1117 ($17.07 in chips)
Seat 6: Hero ($10 in chips)
ec9bc721: posts small blind $0.05
cebca84: posts big blind $0.1
*** HOLE CARDS ***
Dealt to ec9bc721 
Dealt to cebca84 
Dealt to fcf82bd7 
Dealt to 661edb24 
Dealt to d30b1117 
Dealt to Hero [8h 7d]
fcf82bd7: raises $0.15 to $0.25
661edb24: folds
d30b1117: folds
Hero: folds
ec9bc721: folds
cebca84: folds
Uncalled bet ($0.15) returned to fcf82bd7
*** SHOWDOWN ***
fcf82bd7 collected $0.25 from pot
*** SUMMARY ***
Total pot $0.25 | Rake $0 | Jackpot $0 | Bingo $0 | Fortune $0 | Tax $0
Seat 1: ec9bc721 (small blind) folded before Flop
Seat 2: cebca84 (big blind) folded before Flop
Seat 3: fcf82bd7 collected ($0.25)
Seat 4: 661edb24 folded before Flop (didn't bet)
Seat 5: d30b1117 folded before Flop (didn't bet)
Seat 6: Hero (button) folded before Flop (didn't bet)


Poker Hand #HD1753979467: Hold'em No Limit ($0.05/$0.1) - 2024/05/01 11:57:30
Table 'NLHRed24' 6-max Seat #5 is the button
Seat 1: ec9bc721 ($10.83 in chips)
Seat 3: fcf82bd7 ($11.41 in chips)
Seat 4: 661edb24 ($8.17 in chips)
Seat 5: d30b1117 ($16.92 in chips)
Seat 6: Hero ($10 in chips)
Hero: posts small blind $0.05
ec9bc721: posts big blind $0.1
*** HOLE CARDS ***
Dealt to ec9bc721 
Dealt to fcf82bd7 
Dealt to 661edb24 
Dealt to d30b1117 
Dealt to Hero [Jc 3c]
fcf82bd7: folds
661edb24: folds
d30b1117: raises $0.15 to $0.25
Hero: folds
ec9bc721: folds
Uncalled bet ($0.15) returned to d30b1117
*** SHOWDOWN ***
d30b1117 collected $0.25 from pot
*** SUMMARY ***
Total pot $0.25 | Rake $0 | Jackpot $0 | Bingo $0 | Fortune $0 | Tax $0
Seat 1: ec9bc721 (big blind) folded before Flop
Seat 3: fcf82bd7 folded before Flop (didn't bet)
Seat 4: 661edb24 folded before Flop (didn't bet)
Seat 5: d30b1117 (button) collected ($0.25)
Seat 6: Hero (small blind) folded before Flop


Poker Hand #HD1753979408: Hold'em No Limit ($0.05/$0.1) - 2024/05/01 11:57:02
Table 'NLHRed24' 6-max Seat #4 is the button
Seat 1: ec9bc721 ($10.83 in chips)
Seat 2: ae9b5d7f ($23.28 in chips)
Seat 3: fcf82bd7 ($11.66 in chips)
Seat 4: 661edb24 ($8.42 in chips)
Seat 5: d30b1117 ($16.36 in chips)
Seat 6: Hero ($10 in chips)
d30b1117: posts small blind $0.05
Hero: posts big blind $0.1
*** HOLE CARDS ***
Dealt to ec9bc721 
Dealt to ae9b5d7f 
Dealt to fcf82bd7 
Dealt to 661edb24 
Dealt to d30b1117 
Dealt to Hero [Jc 9s]
ec9bc721: folds
ae9b5d7f: folds
fcf82bd7: raises $0.15 to $0.25
661edb24: calls $0.25
d30b1117: raises $0.9 to $1.15
Hero: folds
fcf82bd7: folds
661edb24: folds
Uncalled bet ($0.9) returned to d30b1117
*** SHOWDOWN ***
d30b1117 collected $0.81 from pot
*** SUMMARY ***
Total pot $0.85 | Rake $0.04 | Jackpot $0 | Bingo $0 | Fortune $0 | Tax $0
Seat 1: ec9bc721 folded before Flop (didn't bet)
Seat 2: ae9b5d7f folded before Flop (didn't bet)
Seat 3: fcf82bd7 folded before Flop
Seat 4: 661edb24 (button) folded before Flop
Seat 5: d30b1117 (small blind) collected ($0.81)
Seat 6: Hero (big blind) folded before Flop


Poker Hand #HD1753979367: Hold'em No Limit ($0.05/$0.1) - 2024/05/01 11:56:49
Table 'NLHRed24' 6-max Seat #3 is the button
Seat 1: ec9bc721 ($10.83 in chips)
Seat 2: ae9b5d7f ($23.28 in chips)
Seat 3: fcf82bd7 ($11.66 in chips)
Seat 4: 661edb24 ($8.47 in chips)
Seat 5: d30b1117 ($16.31 in chips)
Seat 6: Hero ($10 in chips)
661edb24: posts small blind $0.05
d30b1117: posts big blind $0.1
*** HOLE CARDS ***
Dealt to ec9bc721 
Dealt to ae9b5d7f 
Dealt to fcf82bd7 
Dealt to 661edb24 
Dealt to d30b1117 
Dealt to Hero [Qd 6s]
Hero: folds
ec9bc721: folds
ae9b5d7f: folds
fcf82bd7: folds
661edb24: folds
Uncalled bet ($0.05) returned to d30b1117
*** SHOWDOWN ***
d30b1117 collected $0.1 from pot
*** SUMMARY ***
Total pot $0.1 | Rake $0 | Jackpot $0 | Bingo $0 | Fortune $0 | Tax $0
Seat 1: ec9bc721 folded before Flop (didn't bet)
Seat 2: ae9b5d7f folded before Flop (didn't bet)
Seat 3: fcf82bd7 (button) folded before Flop (didn't bet)
Seat 4: 661edb24 (small blind) folded before Flop
Seat 5: d30b1117 (big blind) collected ($0.1)
Seat 6: Hero folded before Flop (didn't bet)


Poker Hand #HD1753979265: Hold'em No Limit ($0.05/$0.1) - 2024/05/01 11:55:58
Table 'NLHRed24' 6-max Seat #2 is the button
Seat 1: ec9bc721 ($10.83 in chips)
Seat 2: ae9b5d7f ($21.96 in chips)
Seat 3: fcf82bd7 ($11.71 in chips)
Seat 4: 661edb24 ($8.57 in chips)
Seat 5: d30b1117 ($16.31 in chips)
Seat 6: Hero ($10.78 in chips)
fcf82bd7: posts small blind $0.05
661edb24: posts big blind $0.1
*** HOLE CARDS ***
Dealt to ec9bc721 
Dealt to ae9b5d7f 
Dealt to fcf82bd7 
Dealt to 661edb24 
Dealt to d30b1117 
Dealt to Hero [Jc Qc]
d30b1117: folds
Hero: raises $0.1 to $0.2
ec9bc721: folds
ae9b5d7f: raises $0.55 to $0.75
fcf82bd7: folds
661edb24: folds
Hero: calls $0.55
*** FLOP *** [2h Js 7s]
Hero: checks
ae9b5d7f: bets $0.55
Hero: calls $0.55
*** TURN *** [2h Js 7s] [6s]
Hero: checks
ae9b5d7f: checks
*** RIVER *** [2h Js 7s 6s] [8s]
Hero: checks
ae9b5d7f: bets $1.82
Hero: folds
Uncalled bet ($1.82) returned to ae9b5d7f
*** SHOWDOWN ***
ae9b5d7f collected $2.62 from pot
*** SUMMARY ***
Total pot $2.75 | Rake $0.13 | Jackpot $0 | Bingo $0 | Fortune $0 | Tax $0
Board [2h Js 7s 6s 8s]
Seat 1: ec9bc721 folded before Flop (didn't bet)
Seat 2: ae9b5d7f (button) won ($2.62)
Seat 3: fcf82bd7 (small blind) folded before Flop
Seat 4: 661edb24 (big blind) folded before Flop
Seat 5: d30b1117 folded before Flop (didn't bet)
Seat 6: Hero folded on the River


Poker Hand #HD1753979231: Hold'em No Limit ($0.05/$0.1) - 2024/05/01 11:55:44
Table 'NLHRed24' 6-max Seat #1 is the button
Seat 1: ec9bc721 ($10.83 in chips)
Seat 2: ae9b5d7f ($22.01 in chips)
Seat 3: fcf82bd7 ($11.81 in chips)
Seat 4: 661edb24 ($8.57 in chips)
Seat 5: d30b1117 ($16.31 in chips)
Seat 6: Hero ($10.63 in chips)
ae9b5d7f: posts small blind $0.05
fcf82bd7: posts big blind $0.1
*** HOLE CARDS ***
Dealt to ec9bc721 
Dealt to ae9b5d7f 
Dealt to fcf82bd7 
Dealt to 661edb24 
Dealt to d30b1117 
Dealt to Hero [9d 9s]
661edb24: folds
d30b1117: folds
Hero: raises $0.14 to $0.24
ec9bc721: folds
ae9b5d7f: folds
fcf82bd7: folds
Uncalled bet ($0.14) returned to Hero
*** SHOWDOWN ***
Hero collected $0.25 from pot
*** SUMMARY ***
Total pot $0.25 | Rake $0 | Jackpot $0 | Bingo $0 | Fortune $0 | Tax $0
Seat 1: ec9bc721 (button) folded before Flop (didn't bet)
Seat 2: ae9b5d7f (small blind) folded before Flop
Seat 3: fcf82bd7 (big blind) folded before Flop
Seat 4: 661edb24 folded before Flop (didn't bet)
Seat 5: d30b1117 folded before Flop (didn't bet)
Seat 6: Hero collected ($0.25)


Poker Hand #HD1753979141: Hold'em No Limit ($0.05/$0.1) - 2024/05/01 11:55:02
Table 'NLHRed24' 6-max Seat #6 is the button
Seat 1: ec9bc721 ($10.05 in chips)
Seat 2: ae9b5d7f ($22.11 in chips)
Seat 3: fcf82bd7 ($11.81 in chips)
Seat 4: 661edb24 ($9.35 in chips)
Seat 5: d30b1117 ($16.31 in chips)
Seat 6: Hero ($10.63 in chips)
ec9bc721: posts small blind $0.05
ae9b5d7f: posts big blind $0.1
*** HOLE CARDS ***
Dealt to ec9bc721 
Dealt to ae9b5d7f 
Dealt to fcf82bd7 
Dealt to 661edb24 
Dealt to d30b1117 
Dealt to Hero [Jc 4h]
fcf82bd7: folds
661edb24: raises $0.1 to $0.2
d30b1117: folds
Hero: folds
ec9bc721: calls $0.15
ae9b5d7f: folds
*** FLOP *** [5h Ad 7c]
ec9bc721: checks
661edb24: bets $0.25
ec9bc721: calls $0.25
*** TURN *** [5h Ad 7c] [3c]
ec9bc721: checks
661edb24: bets $0.33
ec9bc721: calls $0.33
*** RIVER *** [5h Ad 7c 3c] [6c]
ec9bc721: checks
661edb24: checks
ec9bc721: shows [Qd Ac] (Pair of Aces)
661edb24: shows [9c As] (Pair of Aces)
*** SHOWDOWN ***
ec9bc721 collected $1.56 from pot
*** SUMMARY ***
Total pot $1.66 | Rake $0.1 | Jackpot $0 | Bingo $0 | Fortune $0 | Tax $0
Board [5h Ad 7c 3c 6c]
Seat 1: ec9bc721 (small blind) showed [Qd Ac] and won ($1.56) with Pair of Aces
Seat 2: ae9b5d7f (big blind) folded before Flop
Seat 3: fcf82bd7 folded before Flop (didn't bet)
Seat 4: 661edb24 showed [9c As] and lost with Pair of Aces
Seat 5: d30b1117 folded before Flop (didn't bet)
Seat 6: Hero (button) folded before Flop (didn't bet)


Poker Hand #HD1753979119: Hold'em No Limit ($0.05/$0.1) - 2024/05/01 11:54:51
Table 'NLHRed24' 6-max Seat #5 is the button
Seat 1: ec9bc721 ($10.15 in chips)
Seat 2: ae9b5d7f ($21.96 in chips)
Seat 3: fcf82bd7 ($11.81 in chips)
Seat 4: 661edb24 ($9.35 in chips)
Seat 5: d30b1117 ($16.31 in chips)
Seat 6: Hero ($10.68 in chips)
Hero: posts small blind $0.05
ec9bc721: posts big blind $0.1
*** HOLE CARDS ***
Dealt to ec9bc721 
Dealt to ae9b5d7f 
Dealt to fcf82bd7 
Dealt to 661edb24 
Dealt to d30b1117 
Dealt to Hero [7s 7c]
ae9b5d7f: raises $0.1 to $0.2
fcf82bd7: folds
661edb24: folds
d30b1117: folds
Hero: folds
ec9bc721: folds
Uncalled bet ($0.1) returned to ae9b5d7f
*** SHOWDOWN ***
ae9b5d7f collected $0.25 from pot
*** SUMMARY ***
Total pot $0.25 | Rake $0 | Jackpot $0 | Bingo $0 | Fortune $0 | Tax $0
Seat 1: ec9bc721 (big blind) folded before Flop
Seat 2: ae9b5d7f collected ($0.25)
Seat 3: fcf82bd7 folded before Flop (didn't bet)
Seat 4: 661edb24 folded before Flop (didn't bet)
Seat 5: d30b1117 (button) folded before Flop (didn't bet)
Seat 6: Hero (small blind) folded before Flop


Poker Hand #HD1753978998: Hold'em No Limit ($0.05/$0.1) - 2024/05/01 11:53:58
Table 'NLHRed24' 6-max Seat #4 is the button
Seat 1: ec9bc721 ($10.15 in chips)
Seat 2: ae9b5d7f ($21.96 in chips)
Seat 3: fcf82bd7 ($11.81 in chips)
Seat 4: 661edb24 ($9.35 in chips)
Seat 5: d30b1117 ($17.06 in chips)
Seat 6: Hero ($10 in chips)
d30b1117: posts small blind $0.05
Hero: posts big blind $0.1
*** HOLE CARDS ***
Dealt to ec9bc721 
Dealt to ae9b5d7f 
Dealt to fcf82bd7 
Dealt to 661edb24 
Dealt to d30b1117 
Dealt to Hero [Jc Kh]
ec9bc721: folds
ae9b5d7f: folds
fcf82bd7: folds
661edb24: folds
d30b1117: raises $0.15 to $0.25
Hero: raises $0.5 to $0.75
d30b1117: calls $0.5
*** FLOP *** [5s 3s Jh]
d30b1117: checks
Hero: bets $0.6
d30b1117: folds
Uncalled bet ($0.6) returned to Hero
*** SHOWDOWN ***
Hero collected $1.43 from pot
*** SUMMARY ***
Total pot $1.5 | Rake $0.07 | Jackpot $0 | Bingo $0 | Fortune $0 | Tax $0
Board [5s 3s Jh]
Seat 1: ec9bc721 folded before Flop (didn't bet)
Seat 2: ae9b5d7f folded before Flop (didn't bet)
Seat 3: fcf82bd7 folded before Flop (didn't bet)
Seat 4: 661edb24 (button) folded before Flop (didn't bet)
Seat 5: d30b1117 (small blind) folded on the Flop
Seat 6: Hero (big blind) won ($1.43)


Poker Hand #HD1753978969: Hold'em No Limit ($0.05/$0.1) - 2024/05/01 11:53:43
Table 'NLHRed24' 6-max Seat #3 is the button
Seat 1: ec9bc721 ($10.15 in chips)
Seat 2: ae9b5d7f ($21.96 in chips)
Seat 3: fcf82bd7 ($11.81 in chips)
Seat 4: 661edb24 ($9.4 in chips)
Seat 5: d30b1117 ($17.01 in chips)
Seat 6: Hero ($10 in chips)
661edb24: posts small blind $0.05
d30b1117: posts big blind $0.1
*** HOLE CARDS ***
Dealt to ec9bc721 
Dealt to ae9b5d7f 
Dealt to fcf82bd7 
Dealt to 661edb24 
Dealt to d30b1117 
Dealt to Hero [4s Ts]
Hero: folds
ec9bc721: folds
ae9b5d7f: folds
fcf82bd7: folds
661edb24: folds
Uncalled bet ($0.05) returned to d30b1117
*** SHOWDOWN ***
d30b1117 collected $0.1 from pot
*** SUMMARY ***
Total pot $0.1 | Rake $0 | Jackpot $0 | Bingo $0 | Fortune $0 | Tax $0
Seat 1: ec9bc721 folded before Flop (didn't bet)
Seat 2: ae9b5d7f folded before Flop (didn't bet)
Seat 3: fcf82bd7 (button) folded before Flop (didn't bet)
Seat 4: 661edb24 (small blind) folded before Flop
Seat 5: d30b1117 (big blind) collected ($0.1)
Seat 6: Hero folded before Flop (didn't bet)


Poker Hand #HD1753978886: Hold'em No Limit ($0.05/$0.1) - 2024/05/01 11:53:04
Table 'NLHRed24' 6-max Seat #2 is the button
Seat 1: ec9bc721 ($10.15 in chips)
Seat 2: ae9b5d7f ($21.37 in chips)
Seat 3: fcf82bd7 ($11.86 in chips)
Seat 4: 661edb24 ($10 in chips)
Seat 5: d30b1117 ($17.01 in chips)
Seat 6: Hero ($10 in chips)
fcf82bd7: posts small blind $0.05
661edb24: posts big blind $0.1
*** HOLE CARDS ***
Dealt to ec9bc721 
Dealt to ae9b5d7f 
Dealt to fcf82bd7 
Dealt to 661edb24 
Dealt to d30b1117 
Dealt to Hero [Kd 6c]
d30b1117: folds
Hero: folds
ec9bc721: folds
ae9b5d7f: raises $0.1 to $0.2
fcf82bd7: folds
661edb24: calls $0.1
*** FLOP *** [Ts 2c 8h]
661edb24: checks
ae9b5d7f: bets $0.15
661edb24: raises $0.25 to $0.4
ae9b5d7f: calls $0.25
*** TURN *** [Ts 2c 8h] [8c]
661edb24: checks
ae9b5d7f: bets $0.42
661edb24: folds
Uncalled bet ($0.42) returned to ae9b5d7f
*** SHOWDOWN ***
ae9b5d7f collected $1.19 from pot
*** SUMMARY ***
Total pot $1.25 | Rake $0.06 | Jackpot $0 | Bingo $0 | Fortune $0 | Tax $0
Board [Ts 2c 8h 8c]
Seat 1: ec9bc721 folded before Flop (didn't bet)
Seat 2: ae9b5d7f (button) won ($1.19)
Seat 3: fcf82bd7 (small blind) folded before Flop
Seat 4: 661edb24 (big blind) folded on the Turn
Seat 5: d30b1117 folded before Flop (didn't bet)
Seat 6: Hero folded before Flop (didn't bet)


Poker Hand #HD1753978854: Hold'em No Limit ($0.05/$0.1) - 2024/05/01 11:52:48
Table 'NLHRed24' 6-max Seat #1 is the button
Seat 1: ec9bc721 ($10 in chips)
Seat 2: ae9b5d7f ($21.42 in chips)
Seat 3: fcf82bd7 ($11.96 in chips)
Seat 5: d30b1117 ($17.01 in chips)
Seat 6: Hero ($10 in chips)
ae9b5d7f: posts small blind $0.05
fcf82bd7: posts big blind $0.1
*** HOLE CARDS ***
Dealt to ec9bc721 
Dealt to ae9b5d7f 
Dealt to fcf82bd7 
Dealt to d30b1117 
Dealt to Hero [Kd 8h]
d30b1117: folds
Hero: folds
ec9bc721: raises $0.15 to $0.25
ae9b5d7f: folds
fcf82bd7: folds
Uncalled bet ($0.15) returned to ec9bc721
*** SHOWDOWN ***
ec9bc721 collected $0.25 from pot
*** SUMMARY ***
Total pot $0.25 | Rake $0 | Jackpot $0 | Bingo $0 | Fortune $0 | Tax $0
Seat 1: ec9bc721 (button) collected ($0.25)
Seat 2: ae9b5d7f (small blind) folded before Flop
Seat 3: fcf82bd7 (big blind) folded before Flop
Seat 5: d30b1117 folded before Flop (didn't bet)
Seat 6: Hero folded before Flop (didn't bet)


Poker Hand #HD1753978792: Hold'em No Limit ($0.05/$0.1) - 2024/05/01 11:52:21
Table 'NLHRed24' 6-max Seat #6 is the button
Seat 1: ec9bc721 ($10 in chips)
Seat 2: ae9b5d7f ($21.15 in chips)
Seat 3: fcf82bd7 ($11.96 in chips)
Seat 5: d30b1117 ($17.01 in chips)
Seat 6: Hero ($10.11 in chips)
ec9bc721: posts small blind $0.05
ae9b5d7f: posts big blind $0.1
*** HOLE CARDS ***
Dealt to ec9bc721 
Dealt to ae9b5d7f 
Dealt to fcf82bd7 
Dealt to d30b1117 
Dealt to Hero [Jc Kd]
fcf82bd7: folds
d30b1117: folds
Hero: raises $0.14 to $0.24
ec9bc721: folds
ae9b5d7f: raises $0.8 to $1.04
Hero: folds
Uncalled bet ($0.8) returned to ae9b5d7f
*** SHOWDOWN ***
ae9b5d7f collected $0.51 from pot
*** SUMMARY ***
Total pot $0.53 | Rake $0.02 | Jackpot $0 | Bingo $0 | Fortune $0 | Tax $0
Seat 1: ec9bc721 (small blind) folded before Flop
Seat 2: ae9b5d7f (big blind) collected ($0.51)
Seat 3: fcf82bd7 folded before Flop (didn't bet)
Seat 5: d30b1117 folded before Flop (didn't bet)
Seat 6: Hero (button) folded before Flop


Poker Hand #HD1753978675: Hold'em No Limit ($0.05/$0.1) - 2024/05/01 11:51:22
Table 'NLHRed24' 6-max Seat #5 is the button
Seat 1: ec9bc721 ($10 in chips)
Seat 2: ae9b5d7f ($18.58 in chips)
Seat 3: fcf82bd7 ($11.96 in chips)
Seat 5: d30b1117 ($17.01 in chips)
Seat 6: Hero ($10.16 in chips)
Hero: posts small blind $0.05
ec9bc721: posts big blind $0.1
*** HOLE CARDS ***
Dealt to ec9bc721 
Dealt to ae9b5d7f 
Dealt to fcf82bd7 
Dealt to d30b1117 
Dealt to Hero [8d 9c]
ae9b5d7f: raises $0.1 to $0.2
fcf82bd7: folds
d30b1117: folds
Hero: folds
ec9bc721: calls $0.1
*** FLOP *** [7d 5h Ts]
ec9bc721: checks
ae9b5d7f: bets $0.15
ec9bc721: calls $0.15
*** TURN *** [7d 5h Ts] [8s]
ec9bc721: checks
ae9b5d7f: bets $0.6
ec9bc721: calls $0.6
*** RIVER *** [7d 5h Ts 8s] [4s]
ec9bc721: bets $1.95
ae9b5d7f: raises $15.68 to $17.63 and is all-in
ec9bc721: folds
Uncalled bet ($15.68) returned to ae9b5d7f
*** SHOWDOWN ***
ae9b5d7f collected $5.47 from pot
*** SUMMARY ***
Total pot $5.85 | Rake $0.28 | Jackpot $0.1 | Bingo $0 | Fortune $0 | Tax $0
Board [7d 5h Ts 8s 4s]
Seat 1: ec9bc721 (big blind) folded on the River
Seat 2: ae9b5d7f won ($5.47)
Seat 3: fcf82bd7 folded before Flop (didn't bet)
Seat 5: d30b1117 (button) folded before Flop (didn't bet)
Seat 6: Hero (small blind) folded before Flop


Poker Hand #HD1753978571: Hold'em No Limit ($0.05/$0.1) - 2024/05/01 11:50:30
Table 'NLHRed24' 6-max Seat #4 is the button
Seat 2: ae9b5d7f ($18.58 in chips)
Seat 3: fcf82bd7 ($11.96 in chips)
Seat 4: 7380c4dd ($0.33 in chips)
Seat 5: d30b1117 ($15.91 in chips)
Seat 6: Hero ($11.02 in chips)
d30b1117: posts small blind $0.05
Hero: posts big blind $0.1
*** HOLE CARDS ***
Dealt to ae9b5d7f 
Dealt to fcf82bd7 
Dealt to 7380c4dd 
Dealt to d30b1117 
Dealt to Hero [4c Ac]
ae9b5d7f: folds
fcf82bd7: folds
7380c4dd: raises $0.23 to $0.33 and is all-in
d30b1117: calls $0.28
Hero: calls $0.23
*** FLOP *** [5h 3d 9c]
d30b1117: checks
Hero: bets $0.53
d30b1117: calls $0.53
*** TURN *** [5h 3d 9c] [7s]
d30b1117: checks
Hero: checks
*** RIVER *** [5h 3d 9c 7s] [Qs]
d30b1117: bets $2.32
Hero: folds
Uncalled bet ($2.32) returned to d30b1117
d30b1117: shows [As Ad] (Pair of Aces)
7380c4dd: shows [6h 2h] (Queen-High)
*** SHOWDOWN ***
d30b1117 collected $0.95 from pot
d30b1117 collected $1.01 from pot
*** SUMMARY ***
Total pot $2.05 | Rake $0.09 | Jackpot $0 | Bingo $0 | Fortune $0 | Tax $0
Board [5h 3d 9c 7s Qs]
Seat 2: ae9b5d7f folded before Flop (didn't bet)
Seat 3: fcf82bd7 folded before Flop (didn't bet)
Seat 4: 7380c4dd (button) showed [6h 2h] and lost with Queen-High
Seat 5: d30b1117 (small blind) showed [As Ad] and won ($1.96) with Pair of Aces
Seat 6: Hero (big blind) folded on the River


Poker Hand #HD1753978397: Hold'em No Limit ($0.05/$0.1) - 2024/05/01 11:49:04
Table 'NLHRed24' 6-max Seat #3 is the button
Seat 1: 560572d8 ($11.31 in chips)
Seat 2: ae9b5d7f ($18.58 in chips)
Seat 3: fcf82bd7 ($7.36 in chips)
Seat 4: 7380c4dd ($7.69 in chips)
Seat 5: d30b1117 ($16.01 in chips)
Seat 6: Hero ($11.02 in chips)
7380c4dd: posts small blind $0.05
d30b1117: posts big blind $0.1
*** HOLE CARDS ***
Dealt to 560572d8 
Dealt to ae9b5d7f 
Dealt to fcf82bd7 
Dealt to 7380c4dd 
Dealt to d30b1117 
Dealt to Hero [Th 5c]
Hero: folds
560572d8: folds
ae9b5d7f: folds
fcf82bd7: raises $0.15 to $0.25
7380c4dd: raises $0.5 to $0.75
d30b1117: folds
fcf82bd7: calls $0.5
*** FLOP *** [4s 2c 2h]
7380c4dd: checks
fcf82bd7: bets $1.2
7380c4dd: calls $1.2
*** TURN *** [4s 2c 2h] [5d]
7380c4dd: checks
fcf82bd7: bets $5.41 and is all-in
7380c4dd: calls $5.41
fcf82bd7: shows [8s 5s] (Pair of Fives and Pair of Twos)
7380c4dd: shows [Qs Jd] (Pair of Twos)
fcf82bd7: Chooses to EV Cashout 
*** RIVER *** [4s 2c 2h 5d] [7d]
fcf82bd7: Pays Cashout Risk ($2.03)
*** SHOWDOWN ***
fcf82bd7 collected $13.99 from pot
*** SUMMARY ***
Total pot $14.82 | Rake $0.73 | Jackpot $0.1 | Bingo $0 | Fortune $0 | Tax $0
Board [4s 2c 2h 5d 7d]
Seat 1: 560572d8 folded before Flop (didn't bet)
Seat 2: ae9b5d7f folded before Flop (didn't bet)
Seat 3: fcf82bd7 (button) showed [8s 5s] and won ($13.99) with Pair of Fives and Pair of Twos, Cashout Risk ($2.03)
Seat 4: 7380c4dd (small blind) showed [Qs Jd] and lost with Pair of Twos
Seat 5: d30b1117 (big blind) folded before Flop
Seat 6: Hero folded before Flop (didn't bet)


Poker Hand #HD1753978298: Hold'em No Limit ($0.05/$0.1) - 2024/05/01 11:48:12
Table 'NLHRed24' 6-max Seat #2 is the button
Seat 1: 560572d8 ($10 in chips)
Seat 2: ae9b5d7f ($18.58 in chips)
Seat 3: fcf82bd7 ($7.41 in chips)
Seat 4: 7380c4dd ($7.79 in chips)
Seat 5: d30b1117 ($17.3 in chips)
Seat 6: Hero ($11.02 in chips)
fcf82bd7: posts small blind $0.05
7380c4dd: posts big blind $0.1
*** HOLE CARDS ***
Dealt to 560572d8 
Dealt to ae9b5d7f 
Dealt to fcf82bd7 
Dealt to 7380c4dd 
Dealt to d30b1117 
Dealt to Hero [Td 6s]
d30b1117: raises $0.15 to $0.25
Hero: folds
560572d8: calls $0.25
ae9b5d7f: folds
fcf82bd7: folds
7380c4dd: folds
*** FLOP *** [3c Jh 5d]
d30b1117: bets $0.22
560572d8: calls $0.22
*** TURN *** [3c Jh 5d] [Ac]
d30b1117: bets $0.82
560572d8: raises $1.42 to $2.24
d30b1117: folds
Uncalled bet ($1.42) returned to 560572d8
*** SHOWDOWN ***
560572d8 collected $2.6 from pot
*** SUMMARY ***
Total pot $2.73 | Rake $0.13 | Jackpot $0 | Bingo $0 | Fortune $0 | Tax $0
Board [3c Jh 5d Ac]
Seat 1: 560572d8 won ($2.6)
Seat 2: ae9b5d7f (button) folded before Flop (didn't bet)
Seat 3: fcf82bd7 (small blind) folded before Flop
Seat 4: 7380c4dd (big blind) folded before Flop
Seat 5: d30b1117 folded on the Turn
Seat 6: Hero folded before Flop (didn't bet)


Poker Hand #HD1753978188: Hold'em No Limit ($0.05/$0.1) - 2024/05/01 11:47:15
Table 'NLHRed24' 6-max Seat #1 is the button
Seat 1: 560572d8 ($10 in chips)
Seat 2: ae9b5d7f ($18.63 in chips)
Seat 3: fcf82bd7 ($7.65 in chips)
Seat 4: 7380c4dd ($7.79 in chips)
Seat 5: d30b1117 ($17.3 in chips)
Seat 6: Hero ($10.75 in chips)
ae9b5d7f: posts small blind $0.05
fcf82bd7: posts big blind $0.1
*** HOLE CARDS ***
Dealt to 560572d8 
Dealt to ae9b5d7f 
Dealt to fcf82bd7 
Dealt to 7380c4dd 
Dealt to d30b1117 
Dealt to Hero [Ad Th]
7380c4dd: folds
d30b1117: folds
Hero: raises $0.14 to $0.24
560572d8: folds
ae9b5d7f: folds
fcf82bd7: calls $0.14
*** FLOP *** [3d Ac 6c]
fcf82bd7: checks
Hero: bets $0.2
fcf82bd7: folds
Uncalled bet ($0.2) returned to Hero
*** SHOWDOWN ***
Hero collected $0.51 from pot
*** SUMMARY ***
Total pot $0.53 | Rake $0.02 | Jackpot $0 | Bingo $0 | Fortune $0 | Tax $0
Board [3d Ac 6c]
Seat 1: 560572d8 (button) folded before Flop (didn't bet)
Seat 2: ae9b5d7f (small blind) folded before Flop
Seat 3: fcf82bd7 (big blind) folded on the Flop
Seat 4: 7380c4dd folded before Flop (didn't bet)
Seat 5: d30b1117 folded before Flop (didn't bet)
Seat 6: Hero won ($0.51)


Poker Hand #HD1753978100: Hold'em No Limit ($0.05/$0.1) - 2024/05/01 11:46:29
Table 'NLHRed24' 6-max Seat #6 is the button
Seat 1: 560572d8 ($10 in chips)
Seat 2: ae9b5d7f ($18.73 in chips)
Seat 3: fcf82bd7 ($5.96 in chips)
Seat 4: 7380c4dd ($7.79 in chips)
Seat 5: d30b1117 ($19.12 in chips)
Seat 6: Hero ($10.75 in chips)
560572d8: posts small blind $0.05
ae9b5d7f: posts big blind $0.1
*** HOLE CARDS ***
Dealt to 560572d8 
Dealt to ae9b5d7f 
Dealt to fcf82bd7 
Dealt to 7380c4dd 
Dealt to d30b1117 
Dealt to Hero [Js Qs]
fcf82bd7: raises $0.15 to $0.25
7380c4dd: folds
d30b1117: raises $0.49 to $0.74
Hero: folds
560572d8: folds
ae9b5d7f: folds
fcf82bd7: calls $0.49
*** FLOP *** [9d 7s 2h]
fcf82bd7: bets $0.54
d30b1117: raises $0.54 to $1.08
fcf82bd7: raises $4.14 to $5.22 and is all-in
d30b1117: folds
Uncalled bet ($4.14) returned to fcf82bd7
*** SHOWDOWN ***
fcf82bd7 collected $3.51 from pot
*** SUMMARY ***
Total pot $3.79 | Rake $0.18 | Jackpot $0.1 | Bingo $0 | Fortune $0 | Tax $0
Board [9d 7s 2h]
Seat 1: 560572d8 (small blind) folded before Flop
Seat 2: ae9b5d7f (big blind) folded before Flop
Seat 3: fcf82bd7 won ($3.51)
Seat 4: 7380c4dd folded before Flop (didn't bet)
Seat 5: d30b1117 folded on the Flop
Seat 6: Hero (button) folded before Flop (didn't bet)


Poker Hand #HD1753977920: Hold'em No Limit ($0.05/$0.1) - 2024/05/01 11:44:58
Table 'NLHRed24' 6-max Seat #5 is the button
Seat 1: 560572d8 ($10 in chips)
Seat 2: ae9b5d7f ($18.73 in chips)
Seat 3: fcf82bd7 ($8.02 in chips)
Seat 4: 7380c4dd ($5.74 in chips)
Seat 5: d30b1117 ($19.12 in chips)
Seat 6: Hero ($10.8 in chips)
Hero: posts small blind $0.05
560572d8: posts big blind $0.1
*** HOLE CARDS ***
Dealt to 560572d8 
Dealt to ae9b5d7f 
Dealt to fcf82bd7 
Dealt to 7380c4dd 
Dealt to d30b1117 
Dealt to Hero [Ad 3d]
ae9b5d7f: folds
fcf82bd7: raises $0.15 to $0.25
7380c4dd: calls $0.25
d30b1117: folds
Hero: folds
560572d8: calls $0.15
*** FLOP *** [7s 9h 4h]
560572d8: checks
fcf82bd7: bets $0.43
7380c4dd: calls $0.43
560572d8: folds
*** TURN *** [7s 9h 4h] [6s]
fcf82bd7: bets $0.88
7380c4dd: calls $0.88
*** RIVER *** [7s 9h 4h 6s] [5c]
fcf82bd7: bets $0.5
7380c4dd: raises $0.5 to $1
fcf82bd7: folds
Uncalled bet ($0.5) returned to 7380c4dd
7380c4dd: shows [Th Jd] (Jack-High)
*** SHOWDOWN ***
7380c4dd collected $4.11 from pot
*** SUMMARY ***
Total pot $4.42 | Rake $0.21 | Jackpot $0.1 | Bingo $0 | Fortune $0 | Tax $0
Board [7s 9h 4h 6s 5c]
Seat 1: 560572d8 (big blind) folded on the Flop
Seat 2: ae9b5d7f folded before Flop (didn't bet)
Seat 3: fcf82bd7 folded on the River
Seat 4: 7380c4dd showed [Th Jd] and won ($4.11)
Seat 5: d30b1117 (button) folded before Flop (didn't bet)
Seat 6: Hero (small blind) folded before Flop


Poker Hand #HD1753977804: Hold'em No Limit ($0.05/$0.1) - 2024/05/01 11:43:56
Table 'NLHRed24' 6-max Seat #4 is the button
Seat 1: 560572d8 ($10 in chips)
Seat 2: ae9b5d7f ($18.73 in chips)
Seat 3: fcf82bd7 ($8.02 in chips)
Seat 4: 7380c4dd ($5.74 in chips)
Seat 5: d30b1117 ($20 in chips)
Seat 6: Hero ($10 in chips)
d30b1117: posts small blind $0.05
Hero: posts big blind $0.1
*** HOLE CARDS ***
Dealt to 560572d8 
Dealt to ae9b5d7f 
Dealt to fcf82bd7 
Dealt to 7380c4dd 
Dealt to d30b1117 
Dealt to Hero [Qh Qc]
560572d8: folds
ae9b5d7f: folds
fcf82bd7: folds
7380c4dd: folds
d30b1117: raises $0.15 to $0.25
Hero: raises $0.63 to $0.88
d30b1117: calls $0.63
*** FLOP *** [9d 9h 6d]
d30b1117: checks
Hero: bets $0.89
d30b1117: folds
Uncalled bet ($0.89) returned to Hero
*** SHOWDOWN ***
Hero collected $1.68 from pot
*** SUMMARY ***
Total pot $1.76 | Rake $0.08 | Jackpot $0 | Bingo $0 | Fortune $0 | Tax $0
Board [9d 9h 6d]
Seat 1: 560572d8 folded before Flop (didn't bet)
Seat 2: ae9b5d7f folded before Flop (didn't bet)
Seat 3: fcf82bd7 folded before Flop (didn't bet)
Seat 4: 7380c4dd (button) folded before Flop (didn't bet)
Seat 5: d30b1117 (small blind) folded on the Flop
Seat 6: Hero (big blind) won ($1.68)


